2522 3683
114 2859 198 2887 Psal.
222 2868 246 2887 ι.
265 2857 295 2888 6.

303 176 396 238 (398

303 273 388 309 dem
414 273 541 322 juste,·
563 281 653 306 nam
675 269 793 320 digna
805 268 934 320 saetis
964 268 1163 318 recipimus
1186 267 1275 303 :hic

1237 185 1409 216 SPURIA.

1347 265 1446 316 “Opa
1459 264 1527 317 γὰρ
1541 265 1581 303 τὸ
1596 264 1795 315 θαυμαστόν
1805 280 1813 288 ·
1826 266 1843 302 6
1858 264 1990 316 λῃστὴς
2003 264 2096 316 λέγει
2113 266 2162 316 τῷ
2180 265 2371 316 συλλῃστῇ·

303 337 397 361 vero
435 322 534 359 nihil
565 322 662 359 mali
693 323 819 373 gessit.
853 318 951 366 Quid
984 319 1065 356 ais?
1096 318 1158 370 qui
1191 318 1277 356 foris
1302 316 1324 346 F*
1349 317 1440 356 Οὐδὲ
1460 318 1549 369 φοέᾒ
1582 316 1622 356 σὺ
1654 317 1711 355 τὸν
1740 316 1855 366 Θεόν;
1877 317 1967 356 Θεὸν
1998 318 2098 355 αὐτὸν
2117 316 2280 370 κηρύττει
2314 317 2373 355 τὸν

304 374 499 423 furabaris,
518 373 579 412 hic
604 372 841 412 condemnas?
869 372 929 423 qui
956 371 1043 409 foris
1070 370 1278 416 occidebas,

303 429 364 466 hic
388 428 552 465 timorem
579 426 715 465 doces?
743 426 877 477 Neque
909 433 950 461 tu
977 427 1086 461 times
1122 426 1278 461 Deum?

304 481 482 531 Cognosce
507 480 641 517 Christi
660 491 821 524 crucem,
852 485 892 514 ut
918 490 990 514 vox
1011 477 1077 513 ista
1105 485 1137 514 te
1158 476 1282 514 doceat

302 533 479 585 pietatem.
504 531 600 572 Vide
623 544 773 581 namque
799 543 873 566 rem
899 529 1026 566 miram
1036 544 1046 577 ;
1071 529 1160 567 latro
1188 528 1282 566 socio

302 586 431 624 latroni
466 585 552 622 dicit
582 600 589 621 ε
615 586 748 635 Neque
773 591 814 619 tu
848 584 957 618 times
982 582 1136 619 Deum?
1165 583 1281 619 Deum

303 638 422 691 ipsum
448 637 639 690 praedicat,
669 635 732 686 qui
763 633 938 671 cumillis
966 633 1058 671 ultro
1086 633 1282 671 crucifixus

304 701 355 729 est
370 721 381 740 ,
402 705 442 728 ac
461 690 647 727 toleranter
666 702 731 739 pro
743 686 900 723 humano
921 699 1046 737 genere
1063 686 1207 738 patitur.
1229 687 1283 723 De

305 744 381 795 ipso
395 743 488 780 enim
503 742 686 780 Salvatore
697 739 814 777 dicere
826 739 929 776 illum
941 767 952 787 ,
970 740 1103 790 Neque
1120 747 1159 776 tu
1174 741 1283 776 times

304 798 428 833 Deum
440 799 511 832 Pex
528 794 571 832 iis
589 807 669 844 quae
684 800 878 843 sequuntur
898 791 1073 841 intellige:
1091 792 1225 843 Neque
1243 799 1282 828 tu

304 851 413 885 times
442 848 592 892 Deum,
615 847 717 898 quod
738 848 780 882 in
802 845 936 882 eadem
951 844 1204 881 damnatione
1219 847 1284 881 es?

303 902 359 937 Et
375 913 443 937 nos
460 900 614 952 quidem
625 901 730 951 juste
738 913 752 942 ;
768 911 858 934 nam
874 898 1128 949 digna-saetis
1149 898 1283 947 recipi-

304 966 387 990 mus
404 968 415 988 :
429 954 491 990 lzie
509 965 603 989 vero
620 951 719 988 nihil
738 951 833 987 mali
850 952 978 1002 gessit.
1001 949 1082 986 Haec
1098 948 1177 986 ideo
1190 948 1283 996 dico,

304 1014 342 1043 ut
355 1020 421 1057 pro
440 1005 568 1057 pietate
586 1004 747 1041 laborare
759 1001 921 1050 discatis,
944 1010 977 1038 et
995 1015 1077 1038 cum
1092 1001 1190 1038 domi
1207 1010 1284 1038 tum

302 1058 446 1110 publice
483 1056 744 1094 aemulationem
771 1069 843 1105 prae
874 1053 977 1091 vobis
1007 1054 1112 1101 ferre,
1143 1066 1184 1090 ae
1219 1066 1284 1103 pro

304 1111 444 1149 Christo
461 1109 658 1157 decertare,
685 1117 725 1144 ut
743 1116 776 1144 et
796 1106 842 1143 ab
859 1105 936 1157 ipso
945 1105 1092 1155 justitiae
1120 1118 1285 1142 coronam

302 1162 502 1214 accipiatis,
531 1161 621 1199 sicut
642 1169 675 1198 et
703 1159 768 1197 iste
795 1158 930 1210 probus
947 1158 1049 1194 latro.
1073 1156 1170 1193 Audi
1191 1157 1285 1194 enim

301 1215 432 1266 quibus
464 1214 583 1253 verbis
616 1212 751 1250 socium
783 1211 955 1247 latronem
980 1209 1286 1260 blasphemantem

301 1269 432 1306 affatur
453 1283 460 1303 :
482 1268 615 1319 Neque
640 1274 680 1302 tu
701 1267 809 1302 times
828 1264 977 1308 Deum,
1001 1265 1067 1314 qui
1091 1265 1132 1299 in
1151 1263 1285 1299 eadem

301 1322 553 1358 danmatione
580 1322 644 1356 es?
675 1319 728 1355 Et
761 1329 829 1354 nos
863 1315 1018 1367 quidem
1037 1316 1142 1366 juste
1151 1330 1166 1359 ,·
1194 1328 1285 1352 nam

301 1374 420 1425 digna
436 1374 560 1424 factis
590 1372 792 1422 recipimus
811 1384 820 1404 .·
842 1369 904 1406 hic
932 1381 1026 1404 vero
1061 1367 1161 1404 nihil
1190 1368 1286 1404 mali

297 1429 428 1478 gessit.
465 1426 517 1462 Et
546 1424 698 1460 dicebat
729 1422 783 1459 ad
811 1422 945 1459 Jesum
961 1435 971 1456 .·
987 1421 1168 1465 Domine,
1204 1434 1285 1457 me-

301 1487 428 1516 mento
447 1479 535 1523 mei,
560 1490 647 1514 cum
665 1476 818 1512 veneris
840 1476 881 1510 in
899 1487 1059 1524 regnum
1079 1481 1199 1510 tuum.
1225 1472 1286 1510 Vi-

301 1531 387 1569 disti
412 1544 537 1569 vorum
566 1527 827 1580 patrocinium?
859 1525 1004 1574 vidisti,
1033 1534 1073 1562 ut
1102 1525 1286 1563 Christum

301 1598 428 1622 verum
442 1585 558 1620 Deum
572 1581 616 1618 sit
633 1578 833 1618 confessus?
844 1580 1039 1615 Memento
1055 1580 1142 1623 mei,
1155 1579 1287 1614 Domi·

304 1650 364 1682 ne,
393 1650 481 1674 eum
506 1636 651 1673 veneris
677 1636 719 1669 in
744 1645 903 1683 regumn
929 1639 1049 1667 tuum.
1078 1630 1175 1668 Mala
1198 1644 1285 1681 pro-

301 1690 379 1741 pria
396 1689 597 1735 confitetur,
610 1695 643 1723 et
656 1684 810 1723 Domino
829 1683 1082 1735 patrocinatur.
1101 1683 1196 1720 Adeo
1214 1692 1285 1719 tor-

302 1750 359 1779 tus
373 1755 422 1789 es,
439 1741 541 1789 latro,
556 1752 675 1776 coram
684 1736 850 1789 praeside,
866 1745 905 1772 ut
924 1735 1109 1773 latrocinia
1129 1744 1201 1783 tua,
1215 1750 1286 1772 cae—

302 1794 380 1843 des,
408 1803 442 1831 et
460 1794 553 1830 furta
572 1806 592 1829 a
614 1800 648 1828 te
666 1789 853 1828 commissa
876 1788 1057 1834 fatereris,
1084 1802 1146 1826 nec
1171 1797 1287 1825 tamen

301 1847 415 1885 fassus
442 1860 477 1883 es
495 1861 502 1882 :
520 1854 552 1882 ct
574 1856 669 1881 nune
696 1851 797 1881 extra
825 1850 997 1878 tormenta
1027 1840 1288 1891 dicis:Digna

304 1901 421 1949 factis
450 1899 682 1949 recipimus?
710 1894 813 1932 Mille
838 1892 1022 1930 tormentis
1052 1892 1204 1930 admotis
1224 1892 1289 1930 vix

295 1946 399 2004 'apud
424 1950 613 2003 praesidem
640 1947 753 1985 fassus
781 1960 837 1991 es;
860 1954 893 1982 et
911 1944 985 1993 hic,
1007 1945 1146 1982 nemine
1166 1954 1200 1982 te
1227 1959 1287 1982 co-

304 2014 419 2055 gente,
446 2004 493 2041 ita
511 2002 614 2039 facile
633 1999 840 2037 confiteris?
857 1997 917 2035 Sic
932 2007 994 2046 est,
1008 1997 1144 2048 inquit3
1161 2011 1290 2036 verum

302 2057 379 2095 illic
399 2055 650 2094 confessionem
668 2051 801 2103 excipit
824 2064 933 2099 mors,
958 2050 1016 2087 hic
1036 2049 1289 2088 confessionem

302 2109 507 2162 poenitentia
528 2105 687 2157 sequitur
706 2113 738 2142 et
756 2103 843 2142 vita.
864 2104 944 2141 Nos
961 2105 1063 2140 enim·
1082 2104 1203 2154 digna
1215 2104 1289 2156 fa-

302 2165 374 2200 ctis
401 2163 630 2213 recipimus:
649 2159 711 2195 hie
731 2170 824 2193 vero
849 2155 950 2193 nihil
979 2156 1075 2192 mali
1097 2158 1227 2207 gessit.
1250 2155 1289 2193 Si

303 2229 388 2260 nos,
415 2213 546 2264 inquit,
568 2212 686 2263 juste,
711 2209 772 2246 hic
797 2208 937 2260 injuste.
966 2209 1038 2245 Nos
1066 2208 1161 2244 enim
1186 2208 1288 2246 vivos

303 2266 515 2316 occidimus,
531 2265 590 2302 hie
605 2271 762 2300 mortuos
781 2260 965 2299 suscitavit
979 2274 1058 2297 :nos
1071 2260 1185 2298 aliena
1199 2274 1289 2313 prae-

304 2320 380 2358 dati
398 2333 537 2364 sumus,
557 2317 617 2354 hic
642 2314 788 2352 divitias
812 2328 892 2351 suas
920 2312 998 2350 orbi
1020 2321 1195 2350 terrarum
1212 2314 1289 2351 lar-

306 2373 400 2424 gitus
419 2381 480 2410 est.
502 2373 642 2420 Pugnat
660 2368 751 2405 latro
771 2380 852 2404 cum
871 2365 964 2403 socio
982 2365 1136 2411 latrone,
1159 2375 1192 2403 et
1217 2366 1266 2403 ait
1283 2381 1291 2401 τ

306 2425 363 2463 Ad
381 2426 450 2462 hoe
467 2438 576 2474 usquc
592 2431 746 2472 tempus,
766 2433 836 2470 quo
852 2418 949 2456 cruci
968 2418 1072 2455 affixi
1087 2431 1221 2468 sumus,
1237 2419 1290 2456 in-

305 2487 358 2515 ter
376 2492 439 2515 nos
467 2475 709 2522 convenimus,
737 2481 770 2509 et
790 2472 856 2508 iter
876 2485 944 2508 una
962 2470 1108 2508 fecimus
1115 2486 1126 2520 ;
1146 2486 1292 2510 verum-

306 2540 422 2568 tamen
438 2530 484 2567 ab
505 2530 580 2582 ipsa
600 2540 703 2565 cruce
721 2524 871 2562 finditur
898 2523 988 2561 mihi
1007 2523 1088 2561 via:
1105 2524 1133 2561 si
1153 2538 1291 2562 mecum

309 2583 373 2620 iter
390 2584 503 2620 succi-e
521 2581 609 2620 velis
627 2579 673 2617 ad
691 2577 816 2626 vitam,
836 2577 917 2614 veni
932 2592 939 2612 ε
965 2576 1018 2614 sin
1041 2576 1159 2614 minus
1173 2608 1182 2623 ,
1201 2577 1293 2616 vade

309 2635 386 2673 vias
407 2644 495 2672 tuas.
519 2635 697 2671 Hactenus
721 2644 804 2667 cum
820 2638 854 2667 te
875 2629 1077 2678 comitarer,
1101 2630 1213 2680 prima
1234 2630 1291 2667 via

308 2697 424 2725 tecum
443 2688 537 2724 ibam
550 2702 557 2722 :
571 2687 647 2737 jam
665 2698 748 2722 vero
768 2696 857 2719 crux
877 2682 1068 2719 secundam
1086 2682 1177 2719 hanc
1195 2682 1292 2721 viam

310 2740 345 2777 in
360 2740 448 2777 duas
462 2739 595 2776 divisit.
612 2734 818 2776 Poenitentia
832 2734 1011 2773 dividitur
1024 2735 1202 2772 latronum
1220 2736 1290 2773 via.

311 2793 477 2843 Tumque
496 2791 656 2828 Psahnus
678 2798 710 2827 ct
735 2787 816 2825 finis
842 2787 975 2825 Psalmi
1004 2787 1290 2839 adimplebatur:

310 2847 427 2883 Novit
450 2845 639 2882 Dominus
659 2844 768 2878 viam
779 2842 986 2892 justorum,
1011 2849 1047 2877 et
1066 2843 1139 2879 iter
1157 2843 1291 2892 impio-

309 2912 394 2936 rum
408 2898 559 2948 peribit.
584 2897 773 2944 Postquam
792 2892 902 2943 igitur
925 2893 1066 2931 veritati
1087 2894 1290 2944 patrocina—

309 2960 366 2988 tus
382 2958 433 2988 est
450 2950 553 2997 latro,
575 2947 621 2984 ad
636 2946 829 2983 Dominum
846 2945 966 2996 gloriae
979 2959 1014 2983 se
1030 2946 1147 2993 vertit,
1168 2955 1201 2984 et
1220 2946 1290 2983 ait:

308 3005 503 3041 Memento
521 3002 607 3045 mei,
618 3000 797 3043 Domine,
809 3011 896 3035 cum
909 3000 1063 3036 veneris
1077 3001 1119 3036 in
1131 3013 1290 3050 regnum

308 3065 427 3094 tuum.

359 3110 397 3147 6.
422 3105 641 3145 Erubescant
660 3101 824 3152 deinceps
841 3100 976 3148 Ariani,
992 3110 1024 3138 et
1039 3102 1187 3140 audiant
1202 3103 1290 3153 quid

305 3161 396 3199 latro
415 3159 533 3197 dicat:
552 3158 731 3200 Domine,
756 3161 943 3190 memento
960 3157 1046 3199 mei,
1066 3169 1152 3192 eum
1172 3170 1288 3193 vene—

304 3217 357 3252 ris
377 3215 419 3250 ἰη
438 3224 596 3263 regnum
617 3217 735 3245 tuum.
765 3204 870 3244 Videt
892 3205 985 3241 cruci
1008 3207 1159 3243 affixum
1180 3208 1285 3254 latro,

304 3276 337 3304 et
356 3266 551 3304 Dominum
570 3260 779 3299 confitetur:
797 3257 979 3294 haereticus
997 3258 1153 3307 ejusdcm
1168 3260 1287 3298 throni

302 3319 511 3369 participem
532 3330 614 3352 cum
635 3316 738 3352 Patre
759 3310 957 3358 confitetur,
976 3318 1008 3347 ct
1030 3319 1068 3347 ut
1090 3320 1285 3350 creaturam

302 3371 535 3422 blasphemat.
558 3368 737 3410 Domine,
757 3370 945 3401 memento
962 3365 1049 3408 mei,
1067 3376 1152 3401 cum
1169 3378 1284 3402 vene-

1304 754 1336 778 70

1308 791 1333 820 Α

1350 370 1513 413 ἑκουσίως
1540 369 1863 420 συνεσταυρωμένον
1894 372 2031 417 αὐτοῖς,
2057 369 2115 408 καὶ
2144 369 2375 422 μακροθύμως

1350 422 1437 475 ὑπὲρ
1458 426 1519 469 τῆς
1540 421 1803 475 ἀνθρωπότητος
1822 421 2014 474 πάσχοντα.
2035 423 2105 461 Καὶ
2131 421 2186 460 ὅτι
2213 421 2293 473 περὶ
2314 423 2375 459 αὖ·

1351 480 1412 513 τοῦ
1432 480 1492 513 τοῦ
1511 477 1675 527 Σωτῆρος
1702 475 1815 525 λέγει,
1843 475 1932 513 Οὐδὲ
1979 475 2043 525 οῧῇ
2073 474 2113 513 σὺ
2134 475 2191 512 τὸν
2213 475 2318 521 Θεόν,
2337 477 2374 512 ἐκ

1351 531 1420 566 τῶν
1438 528 1515 575 ἑξῆς
1538 528 1690 582 μάνθανε
1702 542 1709 550 ·
1726 527 1817 566 Οὐδὲ
1833 527 1923 579 φοὸῇ
1945 544 1985 565 συ
2003 527 2059 565 τὸν
2082 527 2184 574 Θεὸν,
2198 527 2251 566 ὅτι
2271 529 2306 564 ἐν
2324 529 2374 579 τῷ

1353 582 1447 633 αὐτῷ
1461 581 1604 634 κρίματι
1621 584 1667 626 εἰ,
1690 580 1757 617 Καὶ
1772 583 1872 630 ἡμεῖς
1893 579 2114 633 μὲνωδικαίως
2125 596 2132 603 ·
2151 579 2230 624 ἄξια
2244 579 2311 630 γὰρ
2326 573 2374 616 ὧν

1353 633 1563 685 ἐπράξαμεν,
1595 631 1907 683 ἀπολαμέάνομεν·
1940 635 2037 676 οὗτος
2064 632 2099 670 δὲ
2122 632 2216 670 οὐδὲν
2244 633 2372 670 ἄτοπον

1353 684 1510 737 ἔπραξεν.
1527 688 1649 725 Ταῦτα
1664 686 1775 737 λέγω,
1793 685 1849 724 ἵνα
1868 683 2002 735 μάθητε
2020 684 2107 736 ὑπὲρ
2124 686 2296 728 εὐσεὸείας
2315 685 2376 723 κοί-

1354 754 1464 788 μνειν,
1478 738 1536 776 καὶ
1561 741 1596 776 ἐν
1616 738 1708 790 οἰκίᾳ
1729 738 1786 775 καὶ
1807 741 1840 776 ἐν
1865 739 1976 789 ἀγορᾷ
2001 737 2059 774 τὸν
2080 739 2182 782 ζῆλον
2202 737 2374 775 ἐνδείκνυ-

1354 794 1455 839 σθαι,
1477 791 1537 829 καὶ
1565 791 1652 845 ὑπὲρ
1672 793 1825 844 Χριστοῦ
1853 790 2102 842 ἀγωνίζεσθαι,
2123 790 2180 827 ἵνα
2211 789 2271 827 καὶ
2289 792 2373 842 παρ’

1354 844 1459 881 αὐτοῦ
1489 844 1547 882 τὸν
1577 848 1639 897 τῆς
1666 842 1884 890 δικαιοσύνης
1910 842 2044 888 λάὸητε
2078 842 2257 894 στέφανον,
2285 845 2331 886 ὡς
2359 846 2377 880 6

1354 895 1539 947 εὐγνώμων
1564 900 1660 939 οὗτος
1683 896 1826 948 λῃστής.
1850 895 1972 933 Ἄκουε
1996 894 2064 948 γὰρ
2085 897 2189 933 αὐτοῦ
2213 894 2299 948 πρὸς
2317 895 2376 933 τὸν

1355 948 1562 1000 βλάσφημον
1590 948 1806 1004 συλλῃστήχ·
1827 948 1918 986 Οὐδὲ
1938 949 2027 1000 φοὸᾔ
2055 947 2095 985 σὺ
2123 948 2181 985 τὸν
2201 948 2304 992 Θεὸν,
2324 947 2377 986 ὅτι

1354 1003 1388 1038 ἐν
1407 1003 1565 1054 τῷωαύτῷ
1585 1001 1731 1052 κρίματι
1750 1005 1799 1046 εἰ;
1819 1001 1888 1039 Καὶ
1909 1004 2011 1050 ἡμεῖς
2032 999 2093 1051 μὲν
2115 1000 2256 1042 δικαίως
2269 1015 2276 1023 ·
2298 999 2377 1045 ἄξια

1353 1052 1420 1103 γὰρ
1450 1056 1497 1090 ὡν
1524 1052 1735 1104 ἐπράξαμεν,
1767 1052 2084 1103 ἀπολαμῧάνομεν·
2105 1047 2201 1096 οὗτος
2218 1053 2253 1090 δὲ
2278 1053 2375 1091 οὐδὲν

1354 1104 1482 1142 ἄτοπον
1504 1104 1663 1156 ἔπραξεν.
1683 1106 1754 1143 Καὶ
1771 1104 1867 1157 ἔλεγε
1880 1107 1929 1156 τῷ
1945 1105 2060 1151 Ἰησοῦ
2072 1136 2081 1152 ,
2099 1105 2281 1152 Μνήσθητί
2299 1122 2379 1156 μου,

1354 1156 1461 1208 Κύριε
1473 1186 1482 1202 ,
1501 1156 1581 1194 ὅταν
1601 1157 1703 1212 ἔλθῃς
1726 1160 1759 1195 ἐν
1775 1160 1818 1209 τῇ
1844 1158 2005 1210 βασιλεία
2020 1174 2093 1196 σου.
2113 1152 2212 1200 Εἶδες
2229 1173 2378 1208 συνηγο-

1356 1208 1429 1260 ρίαν
1451 1211 1583 1256 ἀληθῆ,
1604 1211 1690 1253 εἶδες
1710 1212 1784 1254 πῶς
1811 1210 1913 1248 αὐτὸν
1940 1210 1998 1247 τὸν
2016 1210 2166 1260 Χριστὸν
2183 1210 2272 1248 Θεὸν
2294 1213 2379 1257 ἀλη-

1354 1261 1444 1299 θινὸν
1460 1262 1690 1313 ὡμολόγησε,
1712 1262 1896 1310 Μνήσθητί
1917 1276 2000 1312 μου,
2028 1262 2132 1316 Κύριε
2146 1293 2154 1309 ,
2174 1261 2255 1300 ὅταν
2277 1261 2378 1314 ἔλθῃς

1354 1315 1388 1352 ἐν
1404 1316 1448 1364 τῇ
1468 1315 1628 1367 βασιλείᾳ
1645 1331 1715 1354 σου.
1732 1315 1921 1366 Ὁμολογεῖ
1939 1316 1982 1353 τὰ
2004 1314 2074 1353 ἴδια
2089 1314 2202 1362 κακὰ,
2219 1315 2278 1352 καὶ
2297 1331 2378 1353 συν-

1354 1373 1473 1418 ηγορεῖ
1488 1369 1537 1419 τῷ
1556 1367 1733 1419 Δεσπότῃ.
1766 1370 1933 1406 Τοσαῦτα
1962 1368 2191 1414 ἐὸασανίσθης
2206 1397 2215 1414 ,
2240 1366 2353 1420 λῃστὰ
2367 1397 2376 1413 ,

1353 1420 1410 1457 ἐπὶ
1426 1423 1485 1457 τοῦ
1501 1420 1670 1471 ’ἡγεμόνος
1681 1450 1690 1468 ,
1706 1420 1763 1458 ἵνα
1781 1420 1999 1473 ὁμολογήσῃς
2018 1420 2080 1464 τὰς
2104 1420 2268 1473 λῃστείας
2280 1451 2290 1468 ,
2318 1420 2378 1458 καὶ

1353 1471 1432 1516 τοὺς
1451 1473 1589 1524 φόνους,
1605 1473 1665 1510 καὶ
1681 1472 1743 1527 τᾲς
1756 1473 1909 1522 κλοπὰς,
1930 1473 1969 1516 ἃς
1990 1473 2174 1521 ἐποίησας,
2195 1474 2297 1511 εἶκαὶ
2316 1476 2376 1525 οὐγ

1353 1526 1583 1576 ὡμολόγησας
1594 1541 1601 1548 ·
1622 1526 1681 1563 καὶ
1697 1528 1764 1563 ὧδε
1783 1525 1894 1577 λέγεις
1909 1527 2005 1569 ε’κτὸς
2027 1526 2199 1577 βασάνων,
2216 1525 2314 1570 Ἄξια
2330 1518 2381 1564 ὧν

1354 1577 1564 1629 ἐπράξαμεν,
1598 1579 1910 1629 ἀπολαμῧάνομεν,
1941 1579 2010 1616 Διὰ
2046 1579 2178 1631 μυρίων
2217 1579 2378 1630 βασάνων

1357 1629 1455 1679 μόλις
1474 1630 1704 1682 ὡμολόγησας
1723 1632 1780 1669 ἐπὶ
1797 1636 1857 1669 τοῦ
1875 1630 2044 1682 ἡγεμόνος
2058 1647 2065 1654 ·
2082 1632 2140 1669 καὶ
2160 1625 2227 1670 ὧδε
2245 1630 2379 1682 μηδένα

1355 1681 1443 1733 ἔχων
1475 1683 1533 1720 τὸν
1563 1683 1821 1733 ἀναγκάζοντα,
1857 1683 2005 1728 εὐκόλως
2037 1684 2144 1727 οὕτως
2178 1686 2378 1734 ὃμολογεῑς;

1357 1735 1427 1788 §od
1440 1765 1449 1782 ,
1467 1735 1570 1786 φησίν
1586 1751 1593 1759 ·
1612 1738 1687 1773 ἀλλ’
1704 1738 1773 1774 ἐκεῖ
1788 1740 1831 1788 τῇ
1846 1737 2012 1788 ὁμολογίᾳ
2029 1739 2208 1774 ἀκολουθεῖ
2224 1736 2379 1784 θάνατος,

1357 1789 1424 1825 ὧδε
1441 1787 1669 1842 τῇωὸμολογίᾳ
1689 1788 1812 1827 ἕπεται
1833 1789 2000 1839 μετάνοια
2023 1788 2083 1826 καὶ
2101 1789 2184 1835 ζωή.
2199 1788 2297 1832 Ἄξια
2316 1788 2384 1842 γὰρ

1356 1843 1458 1890 ἡμεῖς
1477 1844 1524 1878 ὡν
1540 1841 1750 1891 ἐπράξαμεν,
1772 1841 2066 1892 ἀπολαμὸάνομεν
2084 1857 2091 1865 ·
2113 1836 2209 1884 οὗτος
2230 1841 2265 1879 δὲ
2289 1841 2384 1879 οὐδὲν

1358 1892 1485 1930 ἄτοπον
1506 1892 1663 1944 ἔπραξεν.
1683 1895 1727 1931 Εἰ
1754 1898 1873 1944 ἡμεῖς,
1894 1894 1995 1946 φησὶ,
2014 1893 2174 1937 δικαίως·
2193 1888 2290 1937 οὗτος
2310 1893 2385 1931 ἀδί-

1359 1960 1439 1988 κως.
1454 1944 1579 1996 Ἡμεῖς
1597 1945 1664 1997 γὰρ
1683 1945 1760 1990 τοὺς
1779 1949 1908 1990 ζῶντας
1926 1946 2169 1999 ἐφονεύσαμεν,
2191 1941 2288 1990 οὗτος
2306 1945 2384 1989 τοὺς

1357 1996 1496 2049 νεκροὺς
1509 1997 1647 2052 ἤγειρεν
1663 2013 1670 2021 ·
1686 2002 1788 2049 ἡμεῖς
1803 1999 1847 2037 τὰ
1863 1999 2028 2051 ἀλλότρια
2043 2000 2275 2049 ἐσυλήσαμεν,
2287 1993 2384 2041 οἷτος

1358 2050 1417 2088 τὸν
1448 2050 1532 2088 ἴδιον
1562 2052 1710 2089 πλοῦτον
1731 2054 1773 2103 τῇ
1799 2051 1984 2103 οἰκουμένῃ
2014 2052 2155 2089 δέδωκε.
2185 2051 2350 2103 Μάχεται
2367 2054 2385 2089 6

1358 2103 1491 2152 λῃστὴς
1520 2105 1570 2155 τῷ
1601 2105 1779 2156 συλλῃστῇ
1792 2135 1802 2153 ,
1834 2104 1894 2142 καί
1923 2119 2029 2157 φησι·
2053 2104 2158 2156 μέχρι
2183 2104 2304 2143 τούτου
2324 2108 2384 2142 τοῦ

1358 2159 1480 2206 καιροῦ
1506 2159 1566 2193 τοῦ
1596 2156 1688 2193 κατὰ
1714 2157 1772 2195 τὸν
1803 2156 1950 2208 σταυρὸν
1976 2158 2140 2204 ἀλλήλοις
2173 2157 2386 2205 συνήλθομεν

1358 2208 1417 2245 καὶ
1438 2207 1685 2259 συνωδεύομεν,
1703 2209 1793 2247 ἀλλὰ
1806 2214 1865 2247 νῦν
1887 2210 1956 2248 ἀπὸ
1973 2214 2032 2248 τοῦ
2053 2213 2202 2261 σταυροῦ
2229 2208 2385 2261 σγίζεταί

1360 2276 1417 2309 μοι
1437 2263 1458 2306 ἡ
1473 2260 1564 2304 ὁδός·
1586 2261 1645 2298 ἐὰν
1665 2261 1764 2313 θέλῃς
1783 2262 1987 2299 συνοδεῦσαί
2010 2278 2069 2311 μοι
2098 2263 2183 2313 πρὸς
2201 2255 2385 2309 τὴν”ζωὴν,

1358 2312 1452 2350 ἐλθέ·
1473 2315 1502 2350 εἰ
1522 2312 1557 2349 δὲ
1579 2314 1626 2362 μὴ
1645 2342 1654 2359 ,
1671 2313 1734 2360 τὴν
1755 2314 1884 2352 οἰκείαν
1905 2314 2063 2365 πορεύου.
2084 2313 2221 2360 ’Ένθεν,
2247 2313 2304 2351 ὅτε
2323 2313 2384 2352 σὺν

1360 2365 1414 2403 σοὶ
1430 2364 1629 2413 συνώδευον,
1648 2365 1712 2412 τὴν
1731 2365 1875 2417 πρώτην
1896 2366 1985 2416 μετὰ
2005 2370 2064 2404 σοῦ
2082 2366 2176 2416 ἤμην
2194 2382 2201 2390 ·
2224 2366 2313 2404 ἀλλὰ
2327 2371 2384 2405 νῦν

1359 2421 1376 2455 ὁ
1392 2418 1538 2469 σταυρὸς
1552 2417 1688 2469 ἔσχισεν
1706 2418 1811 2465 αὐτὴν
1826 2419 1889 2465 τὴν
1904 2420 1980 2458 ὁδὸν
1995 2418 2057 2465 τὴν
2074 2419 2233 2469 δευτέραν
2250 2422 2298 2463 εἰς
2315 2418 2383 2457 δύο.

1360 2470 1538 2522 Μετανοία
1556 2471 1710 2522 σχίζεται
1731 2474 1752 2517 ἡ
1773 2472 1848 2515 ὁδὸς
1862 2475 1930 2510 τῶν
1945 2473 2096 2523 λῃστῶν.
2117 2472 2187 2509 Καὶ
2206 2466 2247 2518 ἦν
2263 2475 2280 2509 ὁ
2299 2472 2385 2522 ψαλ-

1363 2523 1424 2572 μὸς
1451 2523 1510 2560 καὶ
1529 2523 1568 2561 τὸ
1584 2524 1681 2567 τέλος
1703 2529 1763 2562 τοῦ
1782 2525 1922 2576 ψαλμοῦ
1937 2525 2015 2562 τότε
2040 2523 2280 2576 πληρούμενον
2292 2539 2299 2546 ·
2318 2525 2384 2561 Γι-

1361 2574 1488 2614 νώσκει
1505 2576 1631 2630 Κύρωιος
1651 2577 1726 2615 ὁδὸν
1750 2577 1904 2624 δικαίων,
1923 2576 1982 2615 καὶ
2001 2577 2075 2619 ὁδὸς
2095 2577 2230 2614 ἀσεὸῶν
2247 2578 2386 2614 ἀπολεῖ-

1361 2644 1433 2666 ται.
1450 2628 1540 2667 '‘O-ce
1552 2632 1609 2666 οὐν
1626 2629 1859 2681 συνηγόρησεν
1872 2633 1890 2668 6
1902 2629 2034 2680 λῃστὴς
2050 2632 2091 2680 τῇ
2113 2629 2274 2680 ἀληθείᾳ,
2291 2628 2386 2680 στρέ-

1363 2696 1464 2732 φεται
1479 2681 1563 2733 πρὸς
1576 2682 1634 2720 τὸν
1651 2682 1796 2733 βασιλέα
1810 2686 1870 2729 τῆς
1885 2681 1996 2729 δόξης,
2011 2681 2181 2733 καίφησι,
2199 2680 2386 2730 Μνήσθητί

1365 2748 1451 2783 μου,
1470 2734 1599 2787 Κύριε,
1618 2734 1699 2773 ὅταν
1719 2735 1820 2786 ἔλθῃς
1836 2737 1870 2773 ἐν
1892 2734 2052 2786 βασιλείᾳ
2073 2749 2145 2772 σου.

1417 3104 1706 3157 Αἷσχυνέσθωσαν
1721 3101 1841 3141 λοιπὸν
1863 3105 1894 3141 οἱ
1915 3102 2107 3155 Ἀρειανοὶ,
2123 3101 2182 3140 καὶ
2206 3101 2381 3140 ἀκουέτω-

1362 3173 1425 3195 σαν
1444 3158 1477 3196 τί
1493 3161 1512 3196 ὃ
1531 3156 1662 3208 λῃστὴς
1693 3154 1807 3206 λέγει·
1829 3155 1957 3206 Κύριε,
1991 3154 2163 3205 μνήσθητί
2190 3169 2254 3205 μου
2270 3186 2278 3201 ,
2300 3154 2382 3192 ὅταν

1361 3211 1462 3262 ἔλθῃς
1483 3213 1517 3248 ἐν
1541 3212 1584 3261 τῇ
1608 3208 1768 3260 βασιλείᾳ
1787 3223 1859 3246 σου.
1879 3207 1924 3245 ‘O
1942 3207 2075 3260 λῃστὴς
2104 3206 2224 3258 βλέπει
2257 3210 2382 3246 ἐσταυ-

1364 3263 1528 3315 ρωμένον,
1547 3261 1606 3300 καὶ
1627 3260 1752 3313 Κύριον
1783 3262 1962 3311 ὁμολογεῖ·
1990 3260 2192 3312 ὁαὶρετικὸς
2222 3262 2382 3310 ὁμολογεῖ

1360 3315 1542 3367 σύνθρονον
1573 3317 1632 3351 τοῦ
1661 3312 1817 3365 Πατρὸς,
1845 3313 1904 3351 καὶ
1930 3315 1977 3355 ὡς
2005 3311 2137 3363 κτίσμα
2170 3315 2380 3364 βλασφημεῖ.

1359 3367 1545 3414 Μνήσθητί
1564 3383 1649 3417 μου,
1666 3365 1791 3417 Κύριε,
1804 3364 1885 3404 ὅταν
1902 3365 2004 3416 ἔλθῃς
2022 3367 2055 3403 ἐν
2071 3367 2114 3416 τῇ
2131 3364 2291 3418 βασιλείᾳ
2307 3380 2379 3402 σου.
