2522 3683
84 822 161 849 Jln'd.
177 831 204 849 v.
218 826 263 860 14.

83 3101 172 3129 Psal.
195 3100 243 3129 35.

82 3141 132 3169 32.

79 3195 148 3223 Ast.
166 3195 195 3225 G
219 3196 251 3225 15

277 196 368 255 634

276 292 434 330 dibrium
449 289 629 328 existimat
649 288 768 327 locum
785 302 791 322 ε
812 284 982 336 templum
998 281 1070 321 vile
1088 292 1160 317 esse
1175 292 1255 331 pro-

277 345 414 383 nuntiat
435 373 442 380 .
466 344 585 394 Neque
606 350 725 380 contra
745 340 864 377 locum
890 345 1030 374 tantum
1064 332 1174 371 verba
1204 332 1257 369 fa-

278 411 365 446 cere,
385 396 444 434 sed
465 406 498 434 et
516 404 636 433 contra
658 395 771 445 legem
790 400 841 429 est
853 404 971 428 ausus.
992 386 1167 426 Umbram
1185 398 1259 422 esse

277 450 391 501 legem
408 449 536 501 fingit:
562 448 715 499 figuram
753 447 868 485 Vetus
893 443 1161 481 Testamentum
1186 450 1260 474 esse

278 503 445 540 audacter
472 500 642 554 praedieat
663 515 670 535 :
706 497 901 537 Galilaeum
931 494 1019 532 dicit
1044 494 1170 543 Moyse
1188 503 1261 527 esse

278 557 459 608 majorem,
481 553 604 593 Mariae
628 552 745 590 filium
774 549 974 601 legislatore
1005 544 1175 598 przedicat
1194 556 1260 594 po-

279 609 464 647 tentiorem
484 624 491 644 :
509 621 576 644 non
595 605 774 643 seniorum
787 611 838 640 est
855 599 1025 638 reveritus
1035 596 1258 647 dignitatem,

280 676 348 699 non
377 661 574 700 scribarum
593 658 714 696 turbas
741 652 1001 701 reformidavit,
1018 649 1080 689 sed
1097 647 1263 700 blasphe-

279 715 389 752 miam
403 716 438 752 in
454 714 572 751 locum
590 706 943 762 legemquejactavit.

334 771 370 806 5.
392 770 442 804 Ac
455 765 646 804 verborum
659 763 733 815 ejus
745 760 919 813 specimen
935 755 1031 795 istud
1047 752 1258 804 cognoscite.

282 821 517 859 Audivimus
532 820 634 856 enim
651 830 736 854 eum
756 815 960 857 dicentem,
991 809 1176 860 quoniam
1194 806 1224 843 J
1224 819 1264 842 e-

281 888 345 913 sus
356 875 584 911 Nazarenus
604 871 769 908 destruet
788 867 914 904 locum
929 866 1057 906 istum,
1082 868 1118 896 et
1139 866 1264 895 muta-

283 929 338 964 bit
362 927 602 970 traditiones,
645 934 740 974 quas
770 918 931 957 tradidit
960 916 1067 951 nobis
1088 913 1260 959 Moyses.

280 981 466 1017 Mortuum
486 977 587 1015 nobis
618 975 751 1012 Herum
783 968 1030 1013 comminatur,
1057 963 1264 1001 defunctum

280 1032 476 1070 Dominum
499 1029 599 1067 nobis
627 1024 821 1064 denuntiat.
860 1024 962 1060 Jesus
986 1019 1184 1056 Nazarenus
1209 1028 1263 1051 re—

279 1094 412 1136 surget,
420 1083 584 1120 aelocum
595 1081 703 1117 istum
713 1077 880 1114 destruct.
898 1070 1052 1123 Spectris
1060 1068 1204 1105 delusus
1212 1075 1263 1104 est

279 1137 338 1175 hic
353 1136 553 1174 adolescens
577 1149 584 1169 :
606 1129 752 1169 celebris
768 1126 891 1178 templi
906 1122 1141 1161 amoenitatem
1161 1119 1262 1170 igno—

277 1200 332 1228 rat
348 1205 355 1225 :
376 1189 485 1226 latent
498 1200 578 1225 eum
588 1185 725 1222 labores
736 1193 858 1219 eorum
873 1191 949 1228 quae
966 1175 1002 1212 in
1019 1174 1095 1226 ipso
1108 1172 1261 1225 perfecta

277 1251 367 1280 sunt.
388 1242 488 1278 Hanc
505 1239 652 1277 domuin
662 1234 832 1287 sapientia
849 1228 1047 1269 Salomonis
1058 1224 1260 1277 descripsit:

276 1296 446 1333 caelestem
484 1292 636 1344 gratiam
671 1284 931 1326 auxiliatricem
949 1279 1074 1319 habuit
1092 1278 1229 1331 sapiens
1251 1293 1259 1313 :

275 1348 404 1387 multas
419 1346 647 1384 difficultates
662 1342 697 1379 in
721 1340 830 1391 hujus
857 1335 972 1388 operis
1002 1331 1261 1371 constructione

274 1400 579 1449 toleravitxatque
607 1394 783 1446 octoginta
803 1389 947 1442 quidem
980 1385 1095 1424 millia
1123 1382 1260 1436 lapides

272 1455 310 1491 in
331 1462 449 1492 monte
463 1452 656 1496 caedebant,
679 1444 902 1499 septuaginta
921 1454 1005 1480 vero
1024 1437 1139 1476 millia
1163 1437 1259 1488 ligna

273 1507 493 1555 scindebant,
530 1503 677 1554 triginta
696 1499 809 1538 millia
837 1494 974 1548 lapides
1006 1489 1256 1536 adtmhebant,

273 1569 326 1598 ter
343 1560 441 1598 mille
467 1556 621 1596 sexcenti
648 1553 745 1606 operi
777 1548 1012 1604 praesidebant
1035 1560 1042 1582 :
1071 1543 1258 1581 liberalem

273 1622 306 1651 et
322 1612 548 1664 magnificam
577 1609 612 1646 in
633 1606 807 1657 templum
838 1613 985 1640 manum
1017 1595 1188 1644 extendit,
1217 1609 1259 1632 ae

273 1666 338 1704 vix
351 1664 586 1716 quadraginta
603 1670 635 1699 et
645 1674 708 1698 sex
719 1669 893 1695 annorum
911 1651 1026 1705 spatio
1038 1649 1156 1702 potuit
1169 1662 1258 1700 opus

272 1719 459 1771 perficere,
482 1725 515 1754 et
532 1715 590 1754 hie
607 1713 695 1751 dicit
714 1712 787 1748 fore
801 1718 841 1746 ut
857 1708 959 1747 Jesus
986 1705 1189 1742 Nazarenus
1207 1701 1258 1738 lo-

273 1786 355 1809 cum
374 1771 530 1809 destruat
550 1784 557 1805 :
581 1779 691 1818 neque
717 1764 784 1801 hoe.
803 1769 955 1805 tantum,
988 1755 1047 1794 sed
1079 1754 1184 1792 etiam
1219 1763 1258 1792 ut

273 1834 384 1862 mutet
399 1823 607 1862 traditiones
624 1832 710 1870 quas
726 1813 871 1854 tradidit
887 1810 989 1850 nobis
1011 1810 1140 1846 Moses.
1169 1807 1259 1844 Fore.

272 1878 323 1915 ait
338 1887 376 1914 ut
396 1875 655 1915 sanctissimum
678 1871 723 1909 ab
749 1869 811 1906 illo
835 1865 1022 1903 sabbatum
1033 1861 1256 1898 destruatur:

272 1930 577 1968 circumcisionem
597 1925 684 1975 legis
703 1934 866 1961 eversum
878 1918 921 1955 iri
938 1931 958 1954 a
976 1916 1156 1952 Nazareno
1175 1925 1258 1964 pro-

272 1983 451 2020 nuntiavit
468 1997 475 2018 ε
497 1978 694 2018 neomenias
710 1983 845 2013 nostras
873 1979 912 2007 ut
942 1968 1032 2007 viles
1049 1964 1257 2017 rejiciendas

271 2037 425 2074 affirmat
457 2051 464 2071 :
480 2032 739 2086 jucunditatem
758 2025 835 2064 festi
853 2019 1163 2062 tabernaculorum
1179 2019 1258 2055 Ma-

270 2089 331 2126 riae
349 2089 465 2126 filium
479 2101 545 2124 non
558 2085 744 2123 admittere
756 2077 940 2132 praedicat:
957 2073 1103 2111 minime
1116 2079 1257 2122 accepta

272 2144 346 2180 Deo
366 2141 539 2179 sacrificia
558 2147 676 2176 nostra
709 2147 781 2171 esse
808 2127 982 2179 confingit
1005 2142 1012 2162 :
1038 2122 1256 2176 aspersiones

272 2204 305 2233 et
325 2195 444 2233 solitas
465 2191 692 2245 purgationes
710 2194 891 2224 mortuum
907 2178 1072 2220 evertisse
1087 2176 1254 2214 declarat.

272 2248 361 2295 Quis
375 2261 479 2300 porro
493 2246 632 2284 exitum
649 2237 821 2281 Nazareni
838 2249 909 2273 non
928 2230 1057 2271 novit?
1074 2227 1256 2279 ecquando

272 2311 389 2339 autem
424 2308 585 2338 mortuus
618 2296 776 2335 viventes
807 2296 921 2341 potest
962 2283 1084 2321 ulcisci
1100 2283 1117 2319 Ρ
1148 2280 1256 2319 Isaias

274 2364 385 2392 sectus
404 2362 468 2400 est,
485 2366 546 2390 nec
564 2349 703 2401 uspiam
721 2344 780 2397 qui
796 2342 951 2392 exigeret
965 2349 1097 2390 poenaS,
1115 2347 1257 2385 compa—

273 2407 347 2444 ruit
378 2423 385 2443 :
419 2404 589 2445 Jercmias
617 2401 807 2440 suffocatus
827 2403 892 2443 est,
914 2401 947 2429 et
977 2404 1011 2427 se
1038 2402 1108 2426 non
1141 2386 1258 2438 potuit

275 2460 455 2497 vindicare
473 2475 480 2494 :
501 2455 681 2509 lapidibus
699 2466 718 2489 e
738 2448 854 2487 medio
874 2444 1036 2484 sublatus
1055 2449 1105 2478 cst
1130 2439 1257 2477 Nabu—

276 2513 367 2561 thes,
387 2526 449 2549 nec
472 2511 612 2562 uspiam
631 2507 724 2543 ultor
748 2501 849 2541 istius
868 2497 1050 2536 exoritur:
1068 2490 1258 2531 Zacharias

278 2575 450 2602 mactatus
464 2572 526 2610 est,
543 2571 575 2600 et
589 2560 636 2598 ad
650 2560 746 2596 hune
759 2567 870 2604 usque
885 2551 979 2588 diem
993 2544 1159 2599 impuniti
1178 2558 1258 2596 per-

279 2632 476 2659 manemus;
493 2625 525 2653 ct
545 2610 716 2653 Nazareni
745 2605 900 2645 defuncti
925 2601 1057 2642 vindex
1090 2598 1154 2636 iste
1173 2610 1256 2634 con-

279 2670 406 2719 surgit.
433 2672 612 2706 Mortuum
631 2663 733 2703 nobis
764 2670 945 2709 tamquam
976 2653 1134 2706 judicem
1162 2663 1257 2687 com-

281 2723 435 2760 minatur
452 2738 459 2757 :
476 2730 656 2770 tamquam
670 2717 941 2766 disceptatorem
957 2721 1049 2750 eum,
1065 2704 1125 2755 qui
1142 2702 1258 2754 sepul-

280 2790 338 2812 cro
355 2774 517 2812 conditus
535 2782 583 2810 est
599 2802 607 2819 ‚
627 2770 790 2808 seductor
816 2761 1012 2802 annuntiat.
1034 2759 1156 2795 Postea
1175 2768 1258 2794 vero

281 2842 361 2865 cum
381 2826 437 2864 isti
451 2827 499 2863 sic
519 2825 622 2861 salsas
641 2819 876 2860 accusationes
892 2813 1103 2867 proferrent,
1120 2809 1259 2846 intuen-

279 2890 330 2918 tes
357 2894 437 2917 eum
465 2891 595 2924 omncs,
619 2875 679 2925 qui
709 2871 873 2910 sedebant
893 2869 928 2905 in
949 2864 1110 2911 consilio,
1138 2871 1258 2899 trucu-

279 2933 391 2971 lentos
406 2933 440 2970 in
457 2945 537 2969 eum
553 2928 671 2965 oculos
686 2926 891 2975 deligentes,
912 2921 963 2958 ira
988 2917 1120 2969 repleta
1136 2927 1257 2965 super-

279 2986 360 3024 cilia
376 2986 409 3023 in
430 2998 510 3022 eum
522 2982 711 3021 vibrantes,
732 2977 806 3028 ipso
829 2982 969 3025 aspectu
989 2966 1257 3023 perterrefacere

279 3039 448 3076 athletam
466 3043 644 3077 conantes,
674 3031 708 3067 in
728 3027 953 3079 improbitate
980 3037 1040 3060 sua
1075 3018 1256 3072 propheti-

281 3106 362 3130 cum
380 3090 563 3129 oraculum
582 3083 814 3134 adimplentes
838 3094 845 3114 z
873 3076 1098 3115 considerat
1116 3084 1251 3123 pecea-

282 3154 342 3183 tor
351 3148 514 3198 justum,
530 3148 563 3178 et
575 3138 709 3190 quoerit
728 3131 960 3183 mortificare
973 3141 1058 3163 eum
1074 3141 1083 3160 :
1097 3128 1120 3161 I
1121 3133 1256 3161 ntuen-

282 3207 336 3236 les
356 3201 397 3234 in
415 3210 502 3234 eum
523 3204 665 3236 omnes,
691 3186 871 3224 viderunt
886 3182 1039 3233 faeiem
1054 3180 1134 3228 ejus
1158 3184 1256 3212 tam-

280 3265 397 3301 quam
409 3251 552 3301 faciem
575 3242 716 3294 angeli.
740 3235 923 3276 Gaudium
943 3231 1074 3282 quippe
1092 3226 1254 3279 martyrii

279 3302 454 3341 subeundi
481 3309 560 3338 ante
592 3310 638 3335 cx
671 3306 730 3331 ore
768 3287 964 3341 prosiliens,
1008 3280 1183 3320 efficiebat
1218 3288 1256 3315 ut

323 3429 335 3441 ³
359 3414 474 3448 Morcl.
496 3418 525 3448 ο)
549 3413 741 3453 δικῗιέκῑΊθΆ·
760 3405 798 3436 ῙΠ
816 3402 896 3443 Reg.
913 3406 947 3431 (Ὗ
963 3394 1063 3430 savii·
1083 3398 1114 3428 ο)
1131 3391 1232 3425 ‘hlefi'

1243 196 1418 227 spuma.

1326 277 1423 316 θέτου
1447 275 1630 329 κηρύττει·
1652 276 1715 313 οὐκ
1733 273 1921 327 ἠρυθρίασε
1936 275 2004 311 τῶν
2023 271 2268 325 πρεσὸυτέρων
2283 271 2347 316 τὴν

1327 330 1437 376 ἀξίαν,
1454 331 1516 368 οὐκ
1533 327 1709 374 ἕδειλοὶνθη
1726 330 1794 364 τῶν
1811 326 2046 379 γραμματέων
2063 325 2108 363 τὰ
2125 325 2255 371 πλήθη,
2272 323 2350 362 ἀλλ’

1328 382 1579 435 ἐὸλασφήμησε
1598 380 1689 419 κατὰ
1711 384 1770 418 τοῦ
1791 379 1897 417 τόπου
1919 378 1979 417 καὶ
1997 377 2191 430 τοῦΞνόμου.

1385 733 1455 772 Καὶ
1476 734 1602 785 μάθετε
1622 736 1723 772 αὐτοῦ
1737 735 1805 771 τῶν
1819 731 1931 784 λόγων
1951 731 2014 779 τὴν
2034 737 2169 783 πεῖραν.
2186 729 2352 775 Ἀκηκόα-

1334 802 1395 837 μεν
1407 785 1473 840 γὰρ
1494 789 1603 851 αὐτοῦ’
1619 787 1789 838 λέγοντος,
1810 786 1863 823 ὅτι
1879 787 2013 833 Ἰησοῦς
2031 789 2048 823 ὃ
2068 786 2270 836 Ναζωραῖος
2286 799 2352 820 κα-

1332 839 1475 876 ταλύσει
1491 840 1548 878 τὸν
1564 855 1668 878 τοπον
1689 843 1826 887 τοῦτον,
1846 839 1904 877 καὶ
1921 837 2062 882 ἀλλάξει
2080 837 2122 875 τὰ
2140 839 2216 884 ἔθη,
2240 835 2261 873 ἃ
2280 852 2350 873 πα-

1336 891 1481 956 ρέδωκεν
1512 896 1597 943 ἡμῖν
1623 895 1791 938 Μωϋσῆς.
1834 891 1967 943 Νεκρὸν
1999 894 2083 941 ἡμῖν
2112 890 2352 928 ἐπαπειλεῖται

1333 947 1528 992 Δεσποτην,
1546 948 1717 983 τεθνεῶτα
1736 948 1819 995 ἡμῖν
1841 943 2092 995 ἐπαγγέλλεται
2113 942 2250 993 Κύριον.
2282 943 2352 988 '171-

1284 1003 1308 1033 E
1334 1000 1412 1060 σοῦς
1447 999 1465 1034 ὁ
1489 999 1690 1049 Ναζωραῖος
1711 997 1963 1045 ἀναστήσεται,
1994 995 2054 1034 καὶ
2082 995 2269 1034 καταλύσει
2294 995 2351 1033 τὸν

1332 1063 1437 1115 ‘ronow
1461 1054 1592 1088 τοῦτον.
1630 1049 1874 1101 Ἐφαντοίσθη,
1905 1049 2021 1101 φησὶν,
2050 1044 2148 1092 οὗτος
2166 1052 2184 1086 ὃ
2205 1047 2352 1091 νεανίας·

1332 1116 1482 1164 ηγνρνησε
1506 1105 1565 1139 τοῦ
1596 1101 1806 1153 περιὸοήτου
1827 1106 1907 1140 ναοῦ
1935 1102 1996 1149 τὴν
2022 1101 2164 1166 τέρψιν·
2198 1100 2351 1139 διέλαθον

1333 1156 1433 1215 αὐΝτον
1460 1157 1529 1191 τῶν
1562 1156 1596 1192 ἐν
1621 1157 1715 1207 αὐτῷ
1733 1154 1959 1193 τελεσθέντων
1979 1157 2010 1192 οἳ
2029 1170 2140 1192 πονοι.
2178 1153 2221 1191 Ἡ
2242 1155 2353 1192 Σολο-

1333 1221 1466 1256 μωντος
1496 1206 1599 1272 σοφία
1621 1212 1740 1246 τοῦτον
1762 1207 1928 1260 διέγραψε
1952 1206 2010 1245 τὸν
2033 1200 2142 1244 οἷκον·
2163 1205 2352 1257 σύμμαχον

1331 1258 1431 1322 ἔσχεν
1456 1262 1473 1296 ὁ
1496 1275 1598 1313 σοφός
1617 1259 1679 1307 τὴν
1699 1260 1827 1298 ἀνωθεν
1853 1260 1971 1313 χάριν·
1992 1258 2141 1302 πολλοὺς
2161 1261 2296 1309 ἀγῶνας
2318 1262 2352 1297 ἐν

1328 1328 1371 1364 τῃ
1392 1312 1502 1351 κτίσει
1517 1312 1682 1364 ὑπέμεινε
1695 1316 1754 1351 τοῦ
1770 1312 1889 1364 ἔργου·
1910 1312 1969 1350 καὶ
1984 1312 2192 1364 ὀγδοήκοντα
2211 1310 2271 1350 μὲν
2292 1327 2353 1362 γι-

1329 1365 1445 1409 λιοίδες
1469 1366 1659 1417 ἐλατόμουν
1686 1367 1720 1403 ἐν
1741 1368 1791 1418 τῷ
1810 1366 1882 1417 ὄρει
1895 1381 1902 1388 ·
1923 1365 2164 1417 ἓὸδομήκοντα
2179 1346 2215 1403 δέ
2234 1354 2352 1416 γιλιὴά-

1330 1419 1384 1462 δες
1412 1417 1589 1470 ἐξέτεμνον
1621 1419 1660 1457 τὸ
1689 1418 1804 1463 ξύλον·
1837 1418 2024 1470 τριάκοντα
2051 1418 2207 1470 γιλιοίδες
2238 1410 2350 1468 παρε-

1329 1471 1471 1523 κόμιζον
1503 1471 1560 1510 τὸν
1601 1471 1714 1511 λίθον·
1758 1471 1947 1523 τρισχίλιοι
1989 1462 2160 1516 ἑξακόσιοι
2199 1470 2351 1508 ἐπεστά-

1277 1542 1306 1566 21
1329 1540 1407 1589 τουν
1451 1527 1501 1576 τῷ
1537 1525 1644 1577 ἔργῳ·
1687 1524 1867 1577 φιλότιμον
1898 1529 2002 1577 χεῖρα
2043 1526 2092 1576 τῷ
2131 1526 2213 1576 ἱερῶ
2249 1522 2350 1567 ἐπεξ-

1281 1579 1306 1609 Α
1329 1592 1446 1625 ετεινε,
1459 1577 1518 1615 καὶ
1535 1581 1569 1616 ἐν
1584 1577 1843 1629 τεσσαράκοντα
1857 1577 1914 1614 καὶ
1930 1576 1963 1621 ἓξ
1978 1576 2071 1614 ἔτεσι
2087 1575 2184 1627 μόλις
2195 1562 2350 1622 Ῑὴδυνήθη

1329 1630 1588 1669 κατασκευάσαι
1606 1632 1646 1670 τὸ
1661 1631 1680 1669 ἔ
1700 1646 1759 1682 γον
1771 1645 1778 1653 ·
1799 1629 1858 1668 καὶ
1875 1624 1970 1673 οὗτος
1989 1629 2093 1681 λέγει,
2109 1628 2164 1667 ὅτι
2179 1628 2314 1675 Ἰησοῦς
2334 1632 2352 1666 ὃ

1329 1684 1531 1737 Ναζωραῖος
1557 1686 1743 1722 καταλυσει
1761 1682 1818 1720 τὸν
1837 1681 1941 1721 τόπον
1967 1682 2134 1732 [τοῦτον]·
2156 1681 2216 1718 καὶ
2232 1683 2268 1719 οὐ
2286 1682 2351 1732 μό-

1328 1751 1383 1774 νον
1410 1741 1530 1782 τοῦτο,
1561 1736 1650 1776 ἀλλὰ
1681 1736 1739 1774 καὶ
1772 1735 1912 1779 ἀλλάξει
1940 1735 1984 1773 τὰ
2004 1734 2087 1782 ἔθη,
2108 1734 2130 1771 ἃ
2148 1734 2351 1786 παρέδωκεν

1327 1792 1411 1840 ἡμῖν
1445 1791 1612 1836 Μωϋσῆς.
1649 1789 1702 1828 Τὸ
1733 1787 1902 1839 πανάγιον
1925 1787 2101 1826 σάἔέατον
2132 1789 2189 1824 ὑπ’
2221 1787 2351 1826 ἐκείνου

1327 1842 1626 1888 καταλυθήσεσθαι
1659 1841 1770 1893 λέγει·
1798 1840 1861 1886 τὴν
1894 1841 2033 1891 ἔννομον
2066 1839 2259 1893 περιτομὴν
2287 1839 2352 1878 ὑπὸ

1327 1899 1386 1933 τοῦ
1404 1895 1609 1947 Ναζωραίου
1626 1893 1933 1945 ἀνατραπήσεσθαι
1955 1893 2155 1945 ἀπεφήνατο
2169 1908 2176 1915 ·
2198 1893 2261 1935 τὰς
2278 1909 2352 1931 νεο-

1329 1947 1454 1998 μηνίας
1479 1950 1579 1998 ἡμῶν
1602 1951 1648 1992 ὡς
1669 1949 1815 1990 εὐτελεῖς
1843 1946 2132 2000 παραγράφεσθαι
2150 1945 2259 1995 λέγει·
2280 1949 2350 1983 τῶν

1327 2003 1571 2052 σκηνοπηγιῶν
1601 2001 1664 2047 τὴν
1693 2000 1812 2052 τέρψιν
1838 2000 1895 2038 τὸν
1926 2002 1964 2038 ἐκ
1986 1998 2126 2051 Μαρίας
2144 2001 2205 2037 ἢοῦ
2235 1998 2349 2037 διαδέ-

1325 2058 1450 2107 χεσθαι
1486 2054 1648 2109 κηρύττει
1663 2069 1670 2077 ·
1706 2053 1769 2096 τὰς
1808 2052 1925 2096 θυσίας
1963 2055 2059 2103 ἡμῶν
2096 2051 2350 2104 ἀπροσδέκτους

1325 2107 1422 2161 παρὰ
1441 2110 1491 2159 τῷ
1512 2110 1594 2160 Θεῷ
1616 2111 1702 2145 εἰναι
1723 2106 1952 2158 φαντάζεται·
1972 2103 2049 2148 τοὺς
2067 2103 2272 2157 ῥαντισμοὺς
2291 2103 2350 2142 καὶ

1325 2160 1370 2198 τὰ
1395 2162 1524 2207 συνήθη
1549 2160 1723 2212 καθάρσια
1743 2159 1800 2196 τὸν
1822 2157 1967 2196 θανόντα
1987 2156 2180 2210 ἀνατρέψαι
2201 2156 2350 2209 ἀποφαί-

1325 2228 1433 2251 νεται.
1464 2213 1528 2256 Τίς
1547 2217 1727 2265 τοιγαροῦν
1753 2213 1814 2249 οὐκ
1832 2205 1902 2249 οἶδε
1923 2215 1982 2248 τοῦ
2003 2209 2209 2262 Ναζωραίου
2229 2210 2268 2248 τὸ
2287 2210 2348 2247 τέ-

1325 2267 1404 2329 λος;
1425 2266 1511 2304 πότε
1529 2266 1563 2304 δὲ
1585 2266 1706 2310 θνητὸς
1720 2263 1798 2306 τοὺς
1818 2266 1947 2307 ζῶντας
1967 2262 2166 2313 ἀμύνασθαι
2187 2262 2347 2308 δύναται,

1339 2318 1476 2363 Ησαΐας
1502 2318 1648 2372 ε’πρίσθη
1663 2348 1672 2365 ,
1692 2316 1751 2355 καὶ
1777 2318 1928 2366 οὐδαμοῦ
1944 2318 1961 2353 ὁ
1979 2314 2040 2358 τὰς
2064 2314 2160 2358 δίκας
2184 2314 2349 2366 εἰσπράτ-

1327 2387 1414 2409 των·
1437 2371 1607 2423 Ἱερεμίας
1627 2369 1768 2419 ἐπνίγη,
1799 2369 1857 2407 καὶ
1886 2368 2076 2412 ἐπεξελθεῖν
2095 2369 2156 2404 οὐκ
2173 2367 2326 2414 ἠδυνήθη
2341 2383 2348 2390 ·

1281 2433 1302 2462 Β
1328 2427 1346 2462 ὁ
1368 2424 1526 2463 Ναὲουθὲ
1558 2424 1665 2466 λίθοις
1695 2422 1867 2474 ἀνῃρέθη,
1895 2421 1954 2458 καὶ
1988 2421 2138 2471 οὐδαμοῦ
2171 2423 2188 2458 ὁ
2216 2419 2349 2463 ἔκδικος

1327 2477 1446 2517 τούτου
1460 2494 1467 2501 ·
1489 2476 1670 2530 Ζαχαρίας
1690 2476 1836 2527 ἐσφάγη,
1855 2474 1914 2511 καὶ
1933 2473 2079 2524 μένομεν
2097 2473 2159 2515 ἕως
2174 2475 2235 2518 τῆς
2251 2474 2350 2526 δεῦρο

1329 2530 1534 2584 ἀνέγκλητοι
1551 2546 1559 2554 ·
1582 2529 1641 2568 καὶ
1667 2532 1726 2567 τοῦ
1747 2526 1950 2579 Ναζωραίου
1971 2525 2130 2568 θανόντος
2149 2525 2350 2577 ὑπέρμαγος

1328 2582 1466 2622 ἵσταται
1493 2587 1599 2627 οὗτος.
1635 2585 1681 2626 ὡς
1707 2580 1829 2633 κριτὴν
1856 2584 1940 2630 ἡμῖν
1968 2579 2025 2617 τὸν
2053 2571 2350 2630 νεκρὸνζέπαπει-

1328 2638 1456 2676 λεῖται·
1491 2637 1556 2679 ‘sse
1590 2633 1756 2690 δικαστὴν
1781 2633 1838 2671 τὸν
1869 2634 1903 2670 ἐν
1925 2631 2046 2683 τύμὸῳ
2076 2630 2350 2683 καταγγέλλεται

1328 2689 1565 2741 πλανώμενος.
1595 2691 1685 2727 Εἶτα
1717 2685 1845 2724 τούτων
1877 2684 1966 2723 οὕτω
1985 2684 2092 2736 ψευδῆ
2116 2683 2349 2735 κατηγορούν-

1329 2759 1409 2790 των,
1442 2743 1659 2784 ἀτενίσαντες
1689 2742 1735 2783 εἷς
1763 2738 1863 2776 αὐτὸν
1885 2736 2011 2779 πάντες
2027 2737 2058 2774 οἱ
2073 2736 2295 2786 καθεζόμενοι
2315 2739 2347 2774 ἓν

1353 2800 1369 2807 a

1328 2800 1378 2834 τω
1392 2795 1571 2848 συνεδρίῳ,
1590 2792 1754 2846 βλοσυρὸν
1771 2791 1870 2841 ὄμμα
1884 2790 1961 2827 κατ’
1979 2790 2079 2826 αὐτοῦ
2095 2789 2348 2840 ἐκπέμψαντες,

1483 2851 1493 2862 7
1945 2841 1954 2853 ’
2205 2841 2212 2853 Ι

1360 2836 1366 2850 l

1329 2849 1456 2902 ὅφρυας
1478 2851 1562 2902 οργῇ
1584 2844 1855 2898 μεμεστωμένας
1875 2858 1941 2879 κατ
1973 2843 2074 2879 αὐτοῦ
2093 2844 2348 2889 ἀκόντισαν-τες,

1330 2904 1363 2946 ἐξ
1394 2905 1498 2947 αὐτῆς
1521 2904 1583 2946 τῆς
1609 2899 1686 2941 θέας
1715 2895 1916 2948 βουλόμενοι
1943 2893 2113 2939 ἐκπλῆξαι
2140 2894 2198 2931 τὸν
2223 2895 2348 2944 ἀγωνι-

1330 2954 1426 3002 στὴν,
1451 2955 1486 2992 ἐν
1504 2957 1546 3005 τῇ
1567 2953 1696 2990 ἑαυτῶν
1721 2948 1828 2999 κακίᾳ
1848 2947 1887 2985 τὸ
1905 2946 2117 2998 προφητικὸν
2138 2947 2350 2997 πληροῦντες

1328 3007 1442 3060 λόγιον
1459 3023 1466 3030 ·
1488 3008 1660 3045 Κατανοεῖ
1681 3005 1698 3040 ὃ
1717 2998 1922 3053 ἁμαρτωλὸς
1939 2999 1995 3036 τὸν
2015 2998 2158 3045 δίκαιον,
2178 2999 2238 3036 καὶ
2255 3001 2349 3045 ζητεῖ

1328 3065 1388 3115 τρῦ
1411 3062 1609 3099 θανατῶσαι
1631 3055 1745 3094 αὐτόν.
1766 3052 1996 3094 ’Λτενίσαντες
2024 3053 2070 3094 εἷς
2094 3052 2193 3089 αὐτὸν
2218 3051 2346 3094 πάντες

1330 3115 1417 3152 εἶδον
1446 3113 1486 3150 τὸ
1518 3109 1703 3163 πρόσωπον
1738 3108 1840 3144 αὐτοῦ
1870 3103 1953 3142 ὡσεὶ
1981 3103 2166 3156 πρόσωπον
2187 3103 2347 3154 ἀγγέλου.

1330 3166 1375 3203 Ἡ
1405 3165 1472 3218 γὰρ
1501 3163 1582 3215 περὶ
1607 3162 1647 3199 τὸ
1671 3158 1858 3212 μαρτύριον
1886 3156 1981 3209 χαρὰ
2001 3156 2259 3208 προεκπηδῶσα
2285 3157 2348 3200 τῆς

1330 3218 1460 3269 ὄψε(ι)ς,
1486 3214 1670 3267 ἀγγελικὰς
1691 3215 1740 3264 τῷ
1765 3210 1884 3261 νεανίᾳ
1909 3209 2057 3261 περιήστ
2082 3224 2169 3246 απτε
2187 3207 2346 3260 γάριτας.

1332 3270 1401 3309 Καὶ
1430 3270 1486 3308 διὰ
1509 3269 1542 3307 τί
1565 3267 1604 3305 τὸ
1626 3265 1809 3318 πρόσωπον
1837 3261 2004 3313 ἀγγέλου,
2035 3225 2114 3298 Ἵρνα
2137 3251 2306 3311 πληρωθῇ
2329 3262 2347 3297 ὁ
