2481 3678
49 609 219 646 oan.7.v.5.

25 2208 137 2237 Matth.
164 2208 209 2237 15.

27 2250 74 2278 26.

27 2390 101 2417 [smil.
119 2399 147 2417 Y.
161 2390 195 2427 23.
205 2411 209 2417 .

240 205 327 265 146

231 302 339 341 fuisse
359 301 496 352 multis,
516 315 628 353 neque
652 310 766 340 totum
784 300 1043 353 discipulorum
1067 299 1216 337 chorum

232 364 398 403 habuisse
412 380 423 415 ;
445 364 507 403 sed
525 365 681 403 Andreas
700 378 781 402 eum
796 362 1009 414 sequebatur
1027 375 1109 399 cum
1130 361 1216 398 Phi-

231 426 330 479 lippo
344 457 355 476 ‚
374 427 563 478 nullusque
579 426 693 464 alius:
713 425 784 463 imo
805 439 888 464 vcro
904 437 1015 475 neque
1035 423 1074 460 hi
1096 436 1216 461 omnes

233 488 352 540 ipsum
370 488 421 525 uti
436 503 499 540 par
515 497 587 526 erat
601 487 868 538 cognoscebant,
881 498 990 535 neque
1003 492 1114 521 mater
1124 483 1214 535 ipsa,

235 563 346 601 neque
363 550 498 587 fratres.
520 549 611 586 Nam
641 557 718 599 post
739 546 851 584 multa
870 545 963 583 edita
982 544 1152 583 miracula
1173 545 1217 583 de

235 610 405 649 fratribus
432 609 520 647 dicit
548 608 783 659 evangelista,
806 608 940 658 Neque
953 607 1106 659 fratres
1133 608 1214 658 ejus

233 673 439 709 credebant
467 673 509 707 in
538 682 637 706 eum.
661 667 732 706 Sed
763 681 874 718 neque
904 667 958 704 illi
990 666 1051 717 qui
1080 666 1216 718 nuptiis

229 733 375 771 aderant
389 763 398 780 ,
415 732 533 784 ipsum
547 739 716 770 noverant
733 745 741 766 :
764 729 920 780 alioquin
940 728 1033 767 enim
1052 727 1216 766 accessis-

228 802 302 831 sent
319 823 329 841 ,
351 802 384 831 et
410 793 446 830 in
466 792 667 830 necessitate
693 799 874 844 rogassent
893 790 1011 828 illum.
1036 789 1119 828 Ideo
1135 789 1212 840 ait,

227 855 410 892 Nondum
435 856 545 891 venit
571 855 668 892 hora
694 867 793 891 mea.
817 851 986 891 Nondum
1005 860 1108 890 notus
1134 864 1213 889 sum

225 914 479 966 praesentibus,
498 914 559 953 sed
578 928 688 966 neque
707 914 823 953 sciunt
839 913 892 952 illi
908 913 1031 952 vinum
1049 911 1210 951 deficere.

225 977 323 1026 Sine,
343 976 454 1015 donec
472 977 510 1014 id
529 977 689 1016 sentiant.
706 978 826 1027 Neque
847 976 939 1014 enim
961 975 1036 1013 haec
1054 988 1111 1013 me
1129 988 1149 1012 a
1178 983 1212 1012 te

222 1037 347 1076 audire
366 1038 534 1090 oportuit.
556 1039 671 1076 Mater
692 1037 826 1089 quippe
852 1051 902 1087 eS,
934 1046 967 1075 et
994 1035 1210 1074 miraculum

224 1098 343 1136 reddis
360 1108 574 1151 suspectum.
595 1098 792 1151 Oportebat
820 1097 900 1135 illos
929 1096 1126 1148 indigentes
1153 1110 1211 1134 ac-

224 1159 346 1198 cedere
365 1169 398 1198 et
420 1160 554 1211 precari
569 1176 581 1210 5
613 1174 680 1197 non
700 1158 795 1210 quod
810 1172 850 1196 ea
869 1172 905 1196 re
919 1172 1010 1210 opus
1027 1157 1179 1196 habeam
1195 1186 1208 1207 ,

225 1220 289 1258 sed
311 1229 350 1258 ut
380 1221 449 1273 ipsi
468 1235 549 1258 cum
570 1234 699 1271 magno
719 1233 887 1258 consensu
906 1218 1121 1257 miraculum
1149 1231 1210 1269 ge-

223 1290 317 1318 stum
342 1281 553 1333 acciperent.
575 1282 667 1318 Nam
688 1281 750 1331 qui
778 1295 814 1318 se
842 1280 877 1318 in
901 1279 1104 1318 necessitate
1126 1293 1209 1317 con-

222 1341 387 1380 stitutum
406 1342 530 1391 novit,
553 1356 634 1379 eum
653 1341 761 1394 petita
781 1341 1023 1391 consequitur,
1043 1354 1210 1392 magnam

221 1402 326 1440 habet
344 1403 492 1454 gratiam
503 1418 514 1453 5
532 1403 593 1454 qui
610 1417 694 1441 vcro
715 1402 958 1441 necessitatem
973 1401 1132 1440 nondum
1146 1402 1209 1440 ad-

220 1464 339 1515 vertit,
371 1478 481 1515 neque
513 1464 677 1502 beneficii
696 1464 789 1502 clare
810 1477 954 1502 sensum
983 1463 1139 1515 recipiet.
1161 1463 1208 1502 Et

221 1541 307 1575 cur,
327 1526 480 1577 inquies,
509 1535 695 1578 postquam
720 1525 874 1576 dixerat,
896 1526 1081 1563 Nondum
1100 1528 1208 1563 venit

221 1590 318 1625 hora
334 1602 433 1634 mea,
453 1596 485 1625 ct
502 1596 735 1636 recusaverat,
756 1586 794 1624 id
819 1586 916 1636 quod
936 1595 1048 1624 mater
1070 1585 1267 1632 dixerat127

221 1650 363 1688 effecit?
384 1650 433 1687 Ut
454 1648 790 1698 contradicentibus,
815 1657 848 1686 et
865 1648 1072 1700 putantibus
1090 1648 1208 1700 ipsum
1231 1646 1257 1674 Α

221 1712 317 1749 horae
338 1710 537 1762 subjectum
556 1723 630 1748 esse
643 1741 651 1754 ‚
673 1709 974 1747 demonstraretur
999 1710 1117 1762 ipsum
1139 1724 1207 1747 non

222 1787 293 1810 esse
319 1772 415 1809 1101·ae
437 1781 471 1809 et
493 1771 643 1824 tempori
667 1771 861 1809 subditum.
879 1772 970 1809 Nam
994 1771 1023 1810 si
1042 1771 1208 1810 subditus

221 1834 315 1871 hora:
335 1834 468 1881 suisset,
491 1833 670 1884 quomodo
691 1843 904 1884 congruente
925 1831 1084 1871 nondum
1101 1832 1208 1871 adve-

222 1895 338 1932 niente
355 1895 442 1932 hora
459 1895 495 1932 id
515 1909 604 1946 opus
618 1895 834 1947 peregisset?
853 1894 909 1932 Ad
923 1895 1000 1933 haec
1028 1895 1064 1933 in
1083 1894 1207 1933 matris

223 1957 393 1994 honorem
412 1956 447 1993 id
466 1957 547 1993 fecit
560 1986 569 2004 ,
586 1971 629 1994 ne
648 1956 790 1994 omnino
810 1957 876 2008 ipsi
895 1970 1093 2009 repugnare
1108 1956 1207 1995 vide-

224 2027 342 2067 retur,
362 2031 405 2055 nc
423 2032 468 2055 ex
485 2017 729 2056 imbecillitate
750 2017 788 2055 id
806 2018 919 2055 facere
939 2017 1119 2057 videretur
1132 2048 1145 2069 ,
1166 2032 1210 2056 ne

225 2087 322 2115 tanto
337 2077 495 2115 adstante
514 2087 604 2115 coetu
622 2087 769 2116 matrem
787 2077 921 2130 pudore
939 2078 1111 2116 afficeret:
1127 2093 1210 2117 nam

226 2139 404 2177 ministros
421 2139 488 2191 ipsi
507 2139 692 2177 obtulerat.
710 2138 894 2189 Siquidem
913 2149 1100 2191 postquam
1116 2139 1208 2178 Cha-

226 2214 355 2237 nanaeae
372 2199 533 2248 dixerat,
555 2201 645 2237 Non
667 2208 723 2237 est
742 2201 884 2237 bonum
902 2213 1050 2237 sumere
1067 2214 1210 2252 panem

216 2262 412 2314 filiorum,
439 2269 475 2298 et
495 2261 587 2297 dare
607 2262 782 2306 canibus,
805 2258 905 2297 dedit
924 2268 1039 2297 tamen
1065 2270 1185 2312 postca
1199 2292 1209 2311 ,

227 2323 301 2373 ejus
327 2320 532 2359 assiduitate
557 2330 748 2373 permotus.
777 2322 885 2371 Atqui
911 2322 1016 2360 etiam
1044 2321 1208 2371 dixerat,

227 2385 316 2421 Non
328 2397 411 2421 sum
429 2385 564 2420 missus
579 2385 653 2420 nisi
672 2383 726 2420 ad
739 2396 826 2420 oves
838 2397 922 2435 quoe
935 2386 1130 2435 perierunt
1144 2385 1211 2420 do-

226 2458 309 2482 mus
325 2444 450 2481 Israel
461 2458 472 2493 3
494 2452 684 2495 postquam
702 2452 818 2481 tamen
837 2443 912 2482 haee
927 2443 1078 2495 dixerat,
1100 2444 1212 2482 filiam

227 2507 300 2558 ejus
325 2504 498 2541 liberavit.

665 220 702 249 S.
741 218 926 249 JOANNIS

1238 790 1263 820 D

279 2699 314 2732 ⁶2.
346 2694 410 2731 His
428 2694 610 2741 disemum,
630 2708 691 2732 nos
714 2696 777 2733 etsi
808 2696 985 2748 indiguos,
1002 2698 1210 2737 assiduitate

226 2766 343 2793 tamen
366 2769 429 2792 nos
456 2770 548 2807 saepe
575 2754 702 2805 (lignos
725 2757 868 2795 reddere
895 2758 956 2809 qui
982 2759 1207 2812 accipiamus.

227 2817 365 2855 ideirco
399 2826 511 2854 mater
542 2825 573 2854 ct
595 2818 826 2868 exspectavit,
846 2828 878 2856 et
907 2819 1083 2871 sapienter
1107 2821 1212 2860 mini-

227 2888 314 2916 stros
327 2878 506 2927 admovit,
528 2887 566 2914 ut
580 2892 599 2915 a
619 2878 784 2929 pluribus
802 2890 995 2930 rogaretur.
1011 2882 1094 2920 Ideo
1108 2882 1210 2920 addi-

225 2941 276 2978 dit
297 2958 303 2978 :
325 2941 358 2978 5.
376 2941 648 2992 Quodcumque
660 2941 799 2977 dixerit
819 2943 1074 2993 vobissacile.
1095 2944 1210 2983 Nove-

226 3011 275 3039 rat
298 3002 391 3039 enim
413 3001 529 3053 ipsum
553 3014 620 3038 non
639 3015 682 3038 ex
700 3001 941 3038 imbecillitate
958 3003 1127 3053 renuisse,
1148 3004 1209 3042 sed

225 3062 319 3112 quod
347 3063 476 3099 fastum
498 3062 643 3112 sugeret,
669 3061 845 3112 nolletque
864 3077 900 3100 se
933 3063 978 3100 ad
997 3064 1208 3105 miraculum

224 3122 436 3173 patrandum
453 3122 571 3160 statim
588 3122 775 3174 projiccr03
793 3122 938 3173 ideoque
951 3124 1129 3164 ministros
1144 3127 1206 3164 ad-

264 3258 277 3281 s
298 3255 411 3288 Morcl.
430 3260 499 3299 μετἼ
518 3260 617 3290 αὑτοῦ.

218 3307 275 3337 Sat
285 3306 318 3338 il.
333 3308 343 3347 'l

627 3281 647 3289 ..
667 3259 697 3289 δὲ
716 3258 850 3298 ohaam&
875 3258 939 3290 οὐδὲ
965 3259 1013 3295 εἷς.
1040 3258 1121 3301 [μετ’
1140 3263 1227 3293 αὐτὸν

259 3368 271 3387 κ
289 3357 401 3389 Movet.
426 3366 635 3396 καταστάντες.
661 3360 740 3393 ὃοῦν
761 3363 836 3401 λέγει
860 3362 907 3394 διὰ
932 3368 982 3394 τοῦ
1013 3365 1101 3396 οὔπω.
1134 3364 1223 3405 [ῪΙΟΧ

212 3410 312 3443 Satil.
330 3418 362 3442 ct.
376 3409 483 3442 Codd.
503 3412 649 3452 70527013
670 3417 800 3446 vestrim
816 3414 955 3453 ostium]

963 215 1205 248 CHRYSOST.
1246 215 1450 247 ARCHIEP.
1490 217 1849 250 CONSTANTINOP-

1284 315 1344 347 νης
1365 301 1511 338 ἐνταῦθα
1532 299 1590 348 τὸ,
1621 299 1733 339 Οὔπω
1749 300 1828 347 ἥκει
1850 305 1871 348 ἡ
1891 300 1966 354 ὥρα
1994 318 2058 353 μου
2075 332 2084 350 ,
2104 303 2233 355 εἰσάγει
2249 304 2307 343 τὸν

1286 359 1434 412 Χριστὸν
1450 359 1611 413 λέγοντα,
1634 359 1765 404 δεικνὺς
1784 360 1837 400 ὅτι
1851 361 1947 401 οὔπω
1963 364 2065 409 δῆλος
2083 357 2125 410 ἦν
2140 368 2209 408 τοῖς
2224 366 2308 402 πολ-

1285 424 1376 469 λοῖς,
1401 421 1460 459 καὶ
1481 421 1534 460 ὅτι
1552 421 1628 461 οὐδὲ
1647 424 1714 460 τῶν
1736 426 1900 473 μαθητῶν
1921 423 1978 462 τὸν
1997 424 2100 476 χορὸν
2119 425 2235 463 πάντα
2255 419 2308 462 εἷ-

1285 494 1358 530 χεν,
1386 481 1462 517 ἀλλ’
1479 479 1639 531 Ἀνδρέας
1675 481 1768 532 αὐτῷ
1797 480 1976 526 ἠκολούθει
2000 481 2061 518 καὶ
2086 480 2184 532 Ῐμετ’
2208 483 2310 520 αὐτοῦ

1286 539 1482 587 Φίλιππος,
1503 540 1605 584 ἄλλος
1624 539 1658 579 δὲ
1673 539 1797 584 οὐδείς·
1819 542 1948 591 μᾶλλον
1970 541 2005 580 δὲ
2024 541 2100 580 οὐδὲ
2114 535 2207 580 οὗτοι
2224 543 2311 581 πάν-

1287 615 1341 643 τες
1359 602 1406 643 ὡς
1421 602 1527 653 ἐχρῆν
1551 601 1651 639 αὐτὸν
1673 599 1893 651 ἐγίγνωσκον,
1919 599 1994 638 οὐδὲ
2017 603 2039 647 ἡ
2074 600 2214 653 μήτηρ,
2233 599 2308 648 οὐδὲ

1288 664 1318 699 οἱ
1339 662 1490 714 ἀδελφοί.
1511 661 1612 700 Μετὰ
1631 661 1698 715 γὰρ
1722 661 1766 699 τὰ
1789 660 1902 700 πολλὰ
1930 661 2094 713 θαύματα
2113 667 2212 701 τοῦτο
2230 662 2310 715 περὶ

1287 726 1355 761 τῶν
1390 724 1546 775 ἀδελφῶν
1580 724 1704 776 ἔφησεν
1732 727 1749 761 ὁ
1790 722 2054 775 εὖαγγελιστὴς,
2086 722 2137 761 ὅτι
2168 723 2260 762 Οὐδὲ
2279 727 2310 762 οἱ

1288 783 1428 836 ἀδελφοὶ
1452 786 1554 824 αὐτοῦ
1569 784 1745 824 ἐπίστευον
1766 786 1812 828 εἷς
1829 784 1942 823 αὐτόν.
1960 784 2051 822 Ἀλλ’
2070 784 2144 823 οὐδὲ
2161 787 2192 823 οἵ
2208 786 2241 823 ἐν
2260 787 2310 837 τῷ

1287 844 1390 898 γάμῳ
1407 845 1506 884 αὐτὸν
1522 846 1682 897 ᾔδεισαν·
1703 840 1726 893 ἦ
1758 845 1826 898 γὰρ
1858 845 1897 884 ἂν
1915 845 2010 884 αὐτοὶ
2028 847 2223 898 προσῆλθον
2250 845 2310 883 καὶ

1287 904 1573 957 παρεκάλεσαν,’
1558 922 1592 944 εν
1614 906 1715 959 χρείᾳ
1735 911 1752 934 g
1767 906 2014 950 καταστάντες.
2034 906 2103 945 Διὰ
2127 906 2228 945 τουτό
2246 923 2310 959 φη-

1287 979 1358 1003 σιν·
1382 965 1536 1004 Οὔπω’
1514 983 1592 1012 ηκει
1615 970 1636 1013 ἡ
1666 983 1742 1019 ωρα
1765 983 1842 1018 μου.
1871 967 2020 1006 Οὐδέπω
2045 965 2219 1019 γνώριμός
2223 969 2310 1029 Νεῖμι

1285 1031 1355 1069 τοῖς
1376 1043 1556 1078 παρουσιν,
1576 1029 1651 1065 ἀλλ’
1672 1027 1749 1066 οὐδὲ
1765 1028 1879 1067 ἴσασιν
1898 1027 1951 1067 ὅτι
1969 1028 2154 1081 ὑστέρησεν
2175 1030 2192 1065 ὁ
2211 1031 2308 1072 οἰνος.

1283 1085 1330 1124 Γ
1334 1103 1414 1125 ασον
1436 1087 1555 1132 αὐτους
1570 1088 2016 1143 αἰσθέσθαιτουτοπρωτον.
2030 1089 2120 1129 Οὐδὲ
2126 1088 2310 1153 γὰρπαρὰ

1286 1164 1344 1186 σου
1363 1148 1472 1187 ταῦτά
1493 1164 1536 1198 με
1556 1149 1691 1187 ἀκούειν
1711 1152 1830 1203 ἐχρῆν.
1864 1151 1994 1203 Μήτηρ
2012 1150 2080 1204 γὰρ
2116 1154 2165 1199 εἰ,
2193 1167 2253 1189 και
2271 1166 2311 1188 το

1285 1208 1435 1259 θαυμα“
1417 1225 1570 1248 υποπτον
1585 1215 1706 1253 ποιεῖς.
1719 1209 1854 1263 Εχρῆν
1868 1211 1904 1250 δὲ
1918 1211 1995 1254 τους
2015 1211 2192 1262 δεομένους
2203 1227 2311 1264 προσ-

1285 1272 1392 1307 ελθεῖν
1402 1300 1412 1318 ,
1431 1270 1490 1308 καὶ
1520 1271 1685 1318 δεηθῆναι
1696 1301 1706 1319 ,
1730 1273 1791 1309 οὐκ
1806 1271 1924 1319 ἐπειδὴ
1940 1270 2059 1310 τούτου
2075 1271 2215 1325 χρῄζω,
2231 1274 2308 1310 ἀλλ’

1282 1329 1339 1368 ἵνα
1361 1331 1455 1369 αὐτοὶ
1482 1332 1522 1370 τὸ
1551 1331 1728 1383 γινόμενον
1763 1330 1850 1383 μετὰ
1881 1334 2012 1378 πολλῆς
2046 1331 2210 1376 δέξωνται
2248 1335 2311 1379 τῆς

1284 1391 1575 1442 συγκαταθέσεως.
1597 1392 1641 1431 Ὁ
1665 1391 1726 1444 μὲν
1745 1393 1814 1446 γὰρ
1835 1393 1932 1437 εἰδὼς
1960 1392 2012 1431 ὅτι
2031 1396 2066 1432 ἐν
2086 1393 2189 1447 χρείᾳ
2209 1393 2310 1431 καθέ-

1284 1467 1422 1500 στηκεν,
1444 1453 1583 1492 ἐπειδὰν
1600 1452 1616 1473 ¹²
1629 1453 1716 1506 τύχῃ
1733 1448 1850 1507 ὧνπερ
1872 1456 1961 1493 αἰτεῖ
1968 1485 1978 1503 ,
2001 1454 2133 1501 πολλὴν
2156 1454 2229 1506 ἔχει
2246 1454 2309 1501 τὴν

1283 1513 1402 1566 χάριν·
1431 1518 1449 1552 ὁ
1469 1513 1505 1552 δὲ
1527 1518 1590 1561 τῆς
1610 1514 1730 1568 χρείας
1749 1514 1797 1566 μὴ
1820 1514 1938 1554 λαὸὼν
1956 1515 2129 1563 αἴσθησιν,
2150 1514 2225 1554 οὐδὲ
2247 1518 2310 1562 τῆς

1283 1574 1477 1627 εὐεργεσίας
1502 1578 1595 1627 σαφῆ
1622 1575 1682 1614 καὶ
1713 1575 1842 1629 τρανὴν
1864 1575 2024 1624 αἴσθησιν
2052 1576 2212 1628 λήψεται.
2237 1576 2309 1615 Καὶ

1282 1633 1387 1683 τίνος,
1406 1635 1522 1687 φησὶν,
1549 1635 1661 1675 ἕνεκεν
1684 1636 1804 1686 εἰπὼν,
1835 1636 1948 1676 Οὔπω
1977 1636 2057 1683 ἥκει
2085 1640 2107 1683 ἡ
2127 1636 2202 1689 ὥρα
2223 1637 2308 1688 μουξ,

1282 1695 1339 1733 καὶ
1359 1696 1665 1748 παραιτησάμενος
1679 1728 1689 1747 ,
1710 1696 1856 1750 ἔπραξεν
1893 1697 1978 1748 ὅπερ
2011 1691 2104 1735 ε’ῖπεν
2123 1700 2144 1743 ἡ
2167 1696 2307 1749 μήτηρ,

1280 1757 1447 1796 Μάλιστα
1472 1758 1549 1809 μὲν,
1576 1757 1667 1796 ὥστε
1693 1758 1753 1796 καὶ
1782 1763 1852 1801 τοῖς
1882 1757 2120 1809 ἀντιλέγουσι,
2155 1757 2214 1796 καὶ
2233 1758 2309 1812 ὥρᾳ

1282 1820 1383 1858 αὐτὸν
1402 1823 1603 1858 ὑποκεῖσθαι
1619 1819 1830 1870 νομίζουσιν,
1846 1817 1968 1866 ἱκανὴν
1985 1818 2145 1869 γενέσθαι
2165 1819 2308 1858 ἀπόδει-

1282 1880 1329 1925 ξιν
1350 1885 1412 1919 τοῦ
1438 1881 1487 1932 μὴ
1511 1884 1713 1921 ὑποκεῖσθαι
1734 1880 1837 1919 αὐτὸν
1859 1879 1945 1934 ὥρᾳ.
1972 1881 2016 1918 Εἰ
2035 1879 2102 1932 γὰρ
2122 1879 2282 1919 ὑπέκειτο
2296 1911 2306 1930 ,

1281 1945 1355 1987 πῶς
1387 1943 1425 1980 ἂν
1454 1945 1517 1989 τῆς
1546 1941 1790 1996 προσηκούσης
1819 1940 1911 1994 ὥρας
1941 1941 1990 1992 μὴ
2023 1941 2307 1993 παραγενομένης

1282 2004 1427 2056 ἔπραξεν
1445 2005 1484 2043 ἂν
1505 2005 1589 2058 ὅπερ
1611 2004 1775 2057 ἔπραξεν;
1792 2003 1946 2043 ”Eiram
1965 2003 2000 2041 δὲ
2033 2003 2092 2042 καὶ
2111 2006 2224 2055 τιμῶν
2243 2003 2307 2052 τὴν

1285 2066 1437 2118 μητέρα,
1463 2065 1519 2104 ῗνα
1536 2066 1584 2116 μὴ
1605 2066 1791 2109 διαπαντὸς
1808 2064 1998 2117 ἀντιλέγειν
2017 2067 2104 2117 αὐτῇ
2128 2065 2228 2117 δόξῃ,
2249 2066 2307 2105 ἵνα

1286 2126 1334 2177 μὴ
1345 2126 1521 2170 ἀσθενείας
1534 2126 1624 2178 λάὸῃ
1636 2126 1749 2172 δόξαν,
1760 2125 1816 2164 ἵνα
1831 2126 1879 2177 μὴ
1894 2126 2040 2179 αἰσχύνῃ
2049 2126 2113 2174 τὴν
2126 2131 2307 2175 τεκοῦσαν,

1285 2186 1464 2238 παρόντων
1485 2186 1655 2225 τοσούτων
1671 2203 1678 2210 ·
1699 2187 1758 2225 καὶ
1788 2187 1856 2239 γὰρ
1877 2187 2100 2240 προσήγαγεν
2116 2188 2210 2238 αὐτῷ
2229 2186 2309 2230 τοὺς

1287 2248 1475 2292 διακόνους.
1493 2247 1595 2286 Ἐπεὶ
1624 2247 1683 2284 καὶ
1713 2252 1755 2300 τῇ
1776 2248 1959 2301 Χαναναία
1978 2248 2100 2299 λέγων,
2134 2249 2212 2286 Οὔκ
2234 2247 2307 2285 ἔστι

1286 2309 1390 2348 καλὸν
1407 2310 1527 2348 λαὸεἷν
1543 2325 1600 2348 τον
1622 2309 1725 2361 ἄρτον
1747 2325 1815 2347 των
1841 2309 1985 2357 τέκνων,
2007 2324 2065 2346 και
2092 2309 2209 2346 δουναι
2236 2314 2307 2351 τοῖς

1286 2372 1504 2424 κυναρίοις,
1497 2370 1627 2410 ἔδωκε
1659 2369 1746 2421 μετὰ
1776 2371 1816 2409 τὸ
1846 2371 1965 2416 εἰπεῖν,
1994 2369 2056 2417 τὴν
2081 2385 2186 2423 προσε
2191 2370 2307 2421 ὀρείαν

1287 2436 1391 2480 αὐτης
1411 2431 1589 2476 αἰδεσθείς.
1610 2431 1735 2470 Καίτοι
1755 2447 1793 2482 γε
1815 2431 1891 2482 μετ’
1905 2430 2034 2469 ἐκείνου
2056 2431 2114 2469 καὶ
2133 2435 2235 2469 τουτο
2255 2435 2304 2468 εἰ-

1285 2511 1362 2542 πεν,
1386 2511 1438 2533 οτι
1453 2497 1530 2532 Oua
1554 2494 1752 2540 ἀπεστάλην
1782 2495 1811 2530 εἰ
1843 2493 1891 2543 μὴ
1918 2495 1965 2536 εἷς
1996 2492 2040 2530 τὰ
2073 2493 2233 2546 πρόὸατα
2262 2509 2305 2530 τα

1287 2555 1493 2595 ἀπολωλότα
1511 2555 1604 2593 οἴκου
1637 2553 1798 2607 Ἰσραήλ·
1821 2556 1896 2592 ἀλλ’
1920 2554 2014 2605 ὅμως
2043 2554 2102 2592 καὶ
2134 2557 2243 2592 ταῦτα
2260 2556 2306 2592 εἰ·

1286 2619 1374 2664 πὼν,
1391 2617 1596 2669 ἐθεράπευσε
1614 2631 1653 2653 το
1678 2615 1858 2689 θυγάτριον
1875 2632 1936 2662 της
1954 2615 2126 2666 γυναικός.

1336 2680 1515 2719 Εντεῧθεν
1535 2677 1764 2729 μανθάνουεν,
1786 2676 1837 2714 ὅτι
1858 2693 1920 2715 καν
1943 2676 2074 2720 ἀνάξιοι
2093 2691 2200 2728 ωμεν,
2220 2679 2304 2715 πολ-

1284 2742 1383 2785 λάκις
1417 2743 1460 2792 τῇ
1486 2737 1690 2792 προσεδρείᾳ
1724 2753 1888 2788 ποιουμεν
1922 2737 2034 2782 ἀξίους
2068 2736 2207 2780 ἑαυτους
2242 2741 2302 2775 τού

1285 2802 1416 2841 λαὲεῖν.
1462 2800 1531 2838 Διὰ
1552 2803 1652 2837 τοῦτο
1679 2798 1738 2836 καὶ
1754 2802 1775 2844 ἦ
1801 2798 1917 2849 μήτηρ
1941 2797 2000 2836 καὶ
2023 2798 2215 2850 παρέμενε,
2244 2798 2303 2836 καὶ

1286 2868 1415 2920 ιὌαρῶς
1428 2866 1506 2910 τοὺς
1521 2864 1696 2907 διακόνους
1715 2866 1900 2915 προσῆγεν,
1918 2863 2007 2902 ὥστε
2022 2863 2119 2916 παρὰ
2135 2864 2302 2903 πλειόνων

1286 2934 1441 2987 γενέσθαι
1467 2932 1529 2979 τὴν
1559 2931 1706 2977 αἴτησιν.
1728 2929 1795 2966 Διὰ
1817 2934 1916 2967 τοῦτο
1938 2931 1997 2967 καὶ
2033 2929 2226 2982 προσέθηκε
2251 2931 2303 2978 τὸ,

1286 3002 1333 3041 οὈ
1347 3018 1379 3040 τι
1392 3001 1430 3039 ἂν
1447 3000 1530 3052 λέγῃ
1551 3001 1644 3050 ὑμῖν,
1654 2996 1833 3043 ποιήσατε.
1849 2995 1950 3051 ”twa
1967 2995 2033 3050 γὰρ
2050 2995 2102 3035 ὅτι
2119 2999 2179 3035 οὐκ
2200 3000 2306 3036 ἀσθε-

1284 3068 1373 3112 νείας
1400 3071 1422 3114 ἡ
1454 3065 1662 3118 παραίτησις
1681 3059 1744 3111 ἦν,
1777 3062 1866 3101 ἀλλὰ
1889 3067 1947 3101 τοῦ
1969 3063 2214 3113 ἀκομπάστου,
2243 3064 2302 3102 καὶ

1282 3140 1340 3174 τοῦ
1368 3134 1415 3186 μὴ
1445 3132 1539 3178 δόξαι
1576 3133 1694 3175 ἁπλῶς
1734 3129 1946 3182 ἐπιῤῥίπτειν
1980 3130 2099 3168 ἑαυτὸν
2135 3131 2184 3181 τῷ
2213 3130 2299 3168 θαύ-

1338 3260 1355 3285 h
1372 3257 1474 3292 Savil·
1494 3261 1568 3302 τύχῃ
1584 3265 1635 3295 τῆς
1650 3260 1801 3300 βοηθείας.

1335 3322 1347 3335 -Ὶ
1373 3311 1426 3343 Ita
1441 3309 1557 3342 Morel.
1571 3316 1604 3341 et
1624 3318 1700 3340 mox
1716 3310 1784 3349 μετ’
1811 3311 1928 3339 ἐκεῖνον.
1950 3304 2050 3341 Savil.
2066 3308 2155 3340 ἔδωκε
2171 3309 2219 3340 τὸν
2236 3311 2295 3351 ἀέρ-

1292 3378 1381 3396 τον...
1401 3367 1468 3405 μετ’
1486 3368 1602 3396 ἐκεῖνον,

1336 3416 1352 3438 ¹*
1378 3425 1468 3458 σοφῶς
1483 3412 1597 3446 Morcl.
1616 3421 1710 3458 §7355
1727 3410 1828 3443 Siull.
