2507 3673
689 234 732 262 IN
771 233 1125 264 EXALTA'HONEM
1165 235 1455 264 Vl-:NERANDE
1491 237 1660 265 CRL'Cffi

137 317 207 365 φῶς
226 330 287 361 της
308 313 377 364 ἡμέ
363 328 441 365 ρας
463 313 533 351 ἀπὸ
554 313 695 357 σκότους
713 314 1029 377 μεταὸαλλόμενον.
1047 316 1159 353 Ιοῦτο

136 366 172 405 δὲ
198 367 256 404 καὶ
276 366 489 418 προφητικόν
520 381 586 404 που
607 366 721 417 λόγιον
743 370 808 419 βοᾷ
828 367 867 405 λε’
868 382 946 416 γον·
967 366 1079 404 Kal*
1060 382 1159 404 εσται

133 420 168 456 ἐν
189 419 302 471 ἐκείνῃ
317 422 360 470 τῇ
381 422 449 469 ἡμε
436 419 513 472 ἔρα,
534 418 574 456 λέ
558 434 627 469 γει
647 420 787 471 Κύριος,
805 419 969 457 δύσεταιὸ
987 418 1083 464 ἥλιος
1099 435 1158 469 με

135 472 330 522 σημὸρίας,
350 471 410 509 καὶ
430 471 638 510 συσκοτάσει
653 474 687 509 ἐν
704 473 819 524 ἡμέρᾳ
836 472 876 510 τὸ
891 475 983 537 φῶς,
1016 471 1074 508 καὶ
1091 486 1156 521 με·

132 523 316 589 ταστρέψω
335 524 397 567 τὰς
411 524 530 591 ἑορτὰς
547 526 643 574 {num
661 527 708 568 εἰς
727 525 848 566 πένθος
861 554 870 571 ,
890 524 950 589 κριὶ
964 523 1078 566 πάσας
1097 522 1159 565 τὰς

131 577 222 640 ᾠδὰς
239 578 334 626 ὑμῶν
355 579 402 620 εἷς
432 577 586 628 θρήνους.
607 576 734 629 Ορᾶς,
763 575 941 640 ἀγαπητὲ,
963 575 1083 621 ἡλίκον
1099 591 1159 613 πε-

133 643 182 679 ριε
185 644 240 680 χει
256 644 445 696 μυστηριον
464 646 503 667 το
520 630 732 681 προφητικὸν
747 630 799 668 λό
790 645 881 694 μον·
873 659 882 675 ,
899 628 1074 666 Ἐνταυθα
1089 626 1158 679 γὰρ

131 681 339 749 ἀμφοτέρων
353 683 541 720 αἰνίττεται
553 682 596 719 τὰ
609 682 681 733 πρά
683 698 819 732 γματα,
830 679 1005 719 Ἰουδαίων
1018 696 1056 717 τε
1065 680 1158 730 λέγω

2122 223 2210 283 877

1231 314 1380 372 privati,
1401 315 1437 352 in
1467 316 1675 354 scivitutem
1700 317 1863 353 omnibus
1892 318 2056 367 gentibus
2089 317 2212 355 traditi

1231 366 1313 414 sint,
1345 366 1427 416 quia
1457 381 1527 404 non
1555 366 1782 405 mediderunt
1809 368 1942 407 divinae
1978 378 2011 407 et
2032 369 2214 422 stupendae

1231 417 1344 455 crucis
1373 418 1629 470 praedicationi.
1651 420 1841 478 Lugebunt
1873 421 1979 458 etiam
2017 431 2134 479 gentes
2168 422 2213 460 ob

1229 479 1371 528 peccata
1390 485 1468 519 sua,
1493 470 1591 508 luctu
1610 486 1671 521 qui
1687 471 1943 509 beatitudinem
1975 474 2112 524 paliat:
2131 488 2212 511 nam

1229 521 1299 559 ait:
1324 524 1439 560 Beati
1461 526 1527 575 qui
1559 524 1702 575 lugent,
1726 527 1911 576 quoniam
1937 527 2009 575 ipsi
2029 527 2211 564 consola-

1231 577 1384 613 buntur.
1416 576 1605 627 lugebunt
1626 576 1744 627 itaque
1772 577 1818 614 ob
1836 590 1945 614 vanas
1975 590 2054 614 suas
2080 578 2212 615 festivi-

1232 636 1332 675 tateS‚
1353 637 1387 665 et
1405 628 1538 666 nefaria
1557 629 1704 677 cantica,
1722 643 1799 679 quae
1825 628 1976 681 impuris
1994 628 2213 668 daemonibus

1229 680 1490 731 persolvebant.
1524 680 1706 740 Peipende
1743 691 1861 719 autem
1891 681 1998 719 hodic
2033 682 2213 732 quomodo

131 737 200 771 τῶν
217 734 283 771 ὑπο
301 733 421 784 νόμον,
443 736 536 773 καὶ
523 734 664 773 ἐθνῶν”
646 734 711 778 εξω
726 738 786 772 τοῦ
804 733 910 783 νόμου
929 732 992 778 τὴν
1011 733 1156 783 ἀνομίαν
1168 754 1250 784 207D
1231 732 1373 770 ‹ventilis
1385 733 1630 785 poenitentiam
1657 747 1775 785 agens,
1792 734 1854 785 qui
1871 734 1973 786 plius
1991 734 2098 772 idolis
2126 735 2213 772 festa

131 786 392 825 ἐπιτελούντων.
427 790 474 826 Οἱ
506 787 547 838 μὲ
550 804 566 825 ν
593 786 659 838 γὰρ
690 786 781 825 κατὰ
807 786 912 836 νόμον
934 785 1138 851 {opt-&Covwrs
1143 803 1158 829 ς
1181 792 1207 820 Λ
1229 785 1445 835 celebrabat,
1470 786 1624 824 festum
1614 801 1651 824 111
1671 787 1809 824 luctum
1827 796 2022 834 convertat,
2042 787 2133 824 male
2160 787 2214 824 fa-

131 840 339 886 πενθήσουσι
357 839 418 883 τὰς
440 840 560 892 ἑορτὰς
576 839 867 885 ἀποτελέσαντες,
887 837 946 875 καὶ
964 838 1040 875 ἀντὶ
1058 838 1157 907 ᾠδῶν

130 893 274 930 κοπετὸν
291 893 371 945 περὶ
392 895 454 938 τῆς
465 890 696 960 Ιερουσαλὴμ
709 891 924 937 ποιήσονται.
937 890 1042 928 Οὐκ
1024 907 1073 928 ετι
1089 890 1157 944 γὰρ

130 943 228 982 ἔσται
248 944 518 1013 Ἰερουσαλὴμ
500 959 626 997 εχουσα
652 944 714 986 τὰς
731 944 913 1008 λατρείας,
936 942 1015 980 οὔτε
1040 945 1159 982 ἐπιτε-

129 997 370 1043 λεσθήσεται
357 997 457 1048 εορτὴ
478 999 512 1036 ἐν
529 999 637 1048 αὐτη,
658 996 755 1038 τέλος
775 995 963 1062 εἰληφότων
994 995 1156 1034 ἁπάντων

131 1048 221 1099 μετὰ
242 1050 305 1096 τὴν
324 1051 507 1117 Χριστου
493 1049 681 1105 επιδημίαν
705 1049 764 1087 καὶ
784 1049 825 1087 τὸ
850 1048 959 1092 πάθος
977 1050 1082 1087 αὐτου
1097 1049 1157 1087 καὶ

128 1101 190 1148 τὴν
211 1105 421 1171 οἰκονομίαν.
437 1103 506 1141 Διὰ
520 1118 622 1141 τουτο
642 1107 698 1140 οὐν
718 1117 821 1153 φησι,
838 1104 1023 1170 Μεταστρε
1015 1100 1081 1153 ’ψω
1097 1102 1159 1145 τὰς

129 1154 251 1220 ἑορτὰς
266 1159 362 1206 ὑμῶν
383 1159 429 1199 εἰς
444 1155 566 1198 πένθος
576 1185 585 1202 ,
603 1155 662 1193 καὶ
678 1157 793 1198 πάσας
807 1154 869 1199 τὰς
882 1153 974 1207 ὠδὰς
995 1157 1090 1204 ὑμῶν
1112 1157 1159 1198 εἰς

129 1207 291 1258 θρήνους·
328 1212 395 1248 τῶν
425 1211 576 1259 νομικῶν
607 1207 897 1262 ἀποστερούμενοι
927 1207 986 1245 καὶ
1014 1208 1062 1250 εἷς
1083 1208 1159 1246 δου-

128 1260 223 1297 λείαν
244 1263 448 1300 παντὶέθνει
461 1261 792 1313 παραδιδόμενοι,α
771 1263 843 1298 ἀνθ’
863 1265 910 1298 ὡν
925 1262 986 1298 οὐκ
998 1259 1158 1298 ἐπίστευ-

130 1329 194 1350 σαν
215 1316 264 1351 τῶ
284 1315 364 1354 θείω
384 1315 443 1353 καὶ
461 1314 635 1381 παραοόξ
619 1331 646 1351 ιι)
674 1330 732 1352 του
765 1329 914 1363 σταυρου
947 1312 1158 1364 κηρύγματι.

131 1367 339 1413 Πενθήσει
321 1369 357 1406 οὲ
391 1367 450 1406 καὶ
475 1368 532 1406 ἐπὶ
556 1372 632 1410 ταῖς
656 1366 844 1431 ἁμαρτίαις
863 1365 1005 1415 ἐξομολο
1008 1366 1113 1416 γούμε
1100 1381 1159 1404 να

130 1419 210 1465 ἔθνη
228 1419 350 1463 πένθος
367 1436 592 1487 μακαρισιιου
612 1420 785 1485 πρόξεᾞον
801 1419 981 1470 Μακάριοι
995 1418 1080 1469 γὰρ,
1095 1434 1157 1469 φη-

130 1487 197 1518 σιν,
217 1475 249 1509 οι
264 1477 481 1519 πενθουντες,
502 1472 554 1510 ο’τι
580 1472 677 1510 αὐτοὶ
696 1471 1040 1523 παρακληθήσονται.
1065 1472 1157 1508 Πεν-

132 1524 293 1570 θήσουσιν
320 1530 378 1564 οὖν
406 1526 463 1563 ἐπὶ
495 1532 571 1567 ταῖς
602 1524 766 1575 υαταίαις
787 1526 899 1561 αὐτῶν
916 1525 1071 1574 ἑορταῖς,
1100 1523 1160 1560 καὶ

131 1577 284 1628 ᾀσμασιν
305 1579 524 1630 αθεμίστοις,
551 1582 600 1621 οἱς
633 1578 813 1616 ἐπετέλουν
841 1582 911 1619 τοῖς
949 1575 1163 1626 ἀκαθάρτοις

130 1613 303 1680 δαίμοσιν.
328 1631 425 1684 εὈρᾱι
455 1631 522 1683 γάρ
552 1646 627 1698 μοι
645 1630 811 1681 σημερον,
837 1630 912 1672 πῶς
946 1628 1162 1678 μετανοήσας

130 1684 311 1731 ἓθνικὸς,“
298 1701 315 1723 ο
329 1685 495 1752 πρρτερον
512 1689 582 1727 τοῖς
599 1683 786 1724 εἰδυλοις*
772 1681 957 1733 εορτάζων,
976 1680 1162 1735 μεταστρέ-

130 1751 185 1786 φει
206 1736 269 1783 τὴν
293 1737 413 1805 ἑορτὴν
443 1738 490 1780 εἷς
518 1735 659 1781 πένθος,
681 1738 857 1786 μετανοῶν
888 1735 939 1786 ἐφ’
967 1737 1016 1776 οἱς
1044 1736 1160 1776 κακῶς

130 1788 298 1854 ἔπραττε,
321 1806 380 1828 και
404 1790 498 1840 λέγει
526 1792 658 1840 θρηνῶν
676 1788 716 1826 τὸ
733 1787 948 1840 προφητικὸν
969 1788 1080 1824 ἐκεῖνο
1098 1785 1160 1823 λό-

130 1857 223 1892 γιον·
245 1841 551 1892 Επλανήθημεν’
537 1858 571 1879 εν
591 1844 634 1893 τῇ
664 1841 812 1892 αἰσχύνη
840 1842 962 1907 ἡμῶν,
995 1838 1054 1876 καὶ
1080 1855 1160 1876 επε

130 1895 314 1946 κάλυ·ρεν“’
297 1912 396 1963 ημας
412 1895 457 1933 τὰ
466 1894 716 1959 ἁμαρτήματα
736 1895 877 1943 ἡμῶν,ἰ
864 1891 919 1930 ότι
934 1890 1158 1940 ἐπλήσθημεν

130 1949 192 1985 ἀσε
181 1948 292 1990 -ὅείας
318 1951 437 1998 ἡμῶν·
466 1946 650 1998 ''Esvum3v
689 1946 825 1988 ἅοικίας
860 1944 1020 1997 πατέρων
1043 1945 1158 1993 ἡμῶν.

130 1999 255 2043 Οὕτως
270 2005 326 2039 οὖν
343 2017 402 2039 και
416 2005 518 2051 ἡμεῖς
534 2001 648 2042 καλῶς
663 2002 865 2052 θρηνουντες
880 1997 940 2035 καὶ
958 2000 1160 2038 πενθουντες

129 2053 164 2090 ἐν
187 2060 257 2096 τοῖς
276 2053 695 2120 προγεγραμμένοιςὴμῖν
712 2056 875 2120 κακοῖς,
859 2053 908 2088 τῶ
922 2051 1065 2114 σταυρῷ
1081 2064 1159 2086 εαυ-

129 2121 208 2149 τους
226 2106 401 2158 προσπλέ”
387 2122 518 2156 ςυμεν,
537 2106 674 2157 σταυριΝ)
694 2105 780 2148 τὰς
767 2106 805 2142 ελ
806 2103 908 2146 πίδας
924 2100 1158 2148 ἀνατιθέντες,

128 2157 185 2195 ἵνα
207 2159 263 2197 διὰ
279 2175 427 2211 σταυρου
447 2160 556 2197 παιδα
558 2157 789 2209 γωγηθέντες,
805 2171 864 2194 και
879 2157 927 2198 εἷς
941 2153 1082 2208 οὐρανὸν
1093 2153 1158 2199 τὴν

129 2211 281 2251 διάνοιαν
302 2212 496 2259 τείναντες,
525 2213 669 2263 ΧριστιΝ)
696 2212 745 2262 τῷ
775 2211 918 2259 Σωτηρι
937 2211 1036 2258 ἡμῶν
1059 2207 1207 2252 πλη-(3

130 2263 329 2313 σιάσαντες,
347 2265 448 2317 ἐγγυς
462 2265 584 2303 Θεοῦ’
570 2280 604 2301 εν
619 2267 661 2315 τῇ
678 2250 839 2316 βασιλεία
849 2264 918 2299 τῶν
930 2263 1083 2312 οὐρανῶν
1101 2275 1158 2310 γε-

129 2316 247 2355 νέσθαι
265 2318 566 2372 καταξιωθωμεν,
602 2318 636 2354 ἐν
664 2317 758 2367 αὐτῳ
788 2316 933 2383 Χριστῳ
962 2316 1012 2364 τῷ
1039 2311 1157 2363 Κυρίῳ

128 2372 280 2419 ἡμῶν,
261 2387 289 2424 ῳ
307 2373 366 2418 ἢ
348 2371 402 2417 οόξ
406 2388 427 2410 α
445 2385 504 2409 και
525 2370 565 2408 τὸ
586 2368 710 2421 κράτος
740 2370 788 2412 εἷς
820 2366 898 2411 τους
932 2368 1058 2409 αἰῶνας
1087 2366 1156 2402 τῶν

128 2423 275 2464 αἰώνων.
302 2424 423 2476 Ἀμήν.

1229 847 1367 876 ctorum
1383 839 1573 891 poenitens,
1594 848 1627 877 et
1645 853 1727 877 cum
1740 839 1837 877 luctu
1856 854 1898 891 pl
1901 817 2104 900 opheticum
2120 839 2214 877 illud

1229 890 1368 929 dictum
1395 892 1576 943 proferens
1604 907 1612 929 ε

1231 953 1377 990 nostra,
1398 953 1433 982 et
1453 953 1683 997 operuerunt
1700 959 1767 983 nos
1776 953 1937 997 peccata
1955 954 2103 992 nostra,
2120 948 2213 996 quia

2230 536 2327 563 Mutth
2346 535 2409 574 54

1646 894 1877 930 Εννιινίιηιις
1908 906 1950 929 ιη.
1976 893 2214 944 turpitudine
2226 898 2394 929 Jer.3.25.

1228 997 1364 1050 repleti
1380 1011 1511 1035 sumus
1527 1000 1723 1049 impletate
1744 1006 1904 1035 nostra:
1922 999 2107 1035 Novimus
2137 1000 2214 1034 ini-
2228 1006 2309 1035 Jbid
2325 1006 2370 1046 ιζ..

1230 1053 1397 1101 quitates
1426 1059 1584 1102 patrum
1617 1059 1847 1089 nostrorum.
1866 1050 1926 1089 Sic
1950 1059 1983 1087 et
2012 1064 2076 1087 nos
2103 1050 2213 1101 probe
2227 1057 2277 1077 20

1229 1102 1389 1154 lugentes
1414 1112 1447 1140 et
1476 1103 1653 1154 plorantes
1673 1103 1717 1141 de
1747 1103 1851 1141 malis
1882 1117 1990 1154 supia
2011 1102 2123 1140 desei
2116 1112 2212 1154 lpus,

1231 1169 1269 1192 οι
1273 1169 1372 1192 ucem
1388 1156 1678 1207 complectamur
1699 1156 1735 1194 in
1748 1171 1785 1194 c1
1788 1170 1851 1194 uce
1863 1170 1963 1215 spem
1976 1156 2155 1203 habentes,
2176 1164 2215 1192 ut

1230 1222 1294 1259 per
1312 1221 1449 1245 crucem
1479 1208 1625 1257 cruditi,
1657 1209 1693 1246 in
1713 1209 1839 1246 caelum
1867 1222 1986 1246 ammo
2016 1208 2214 1256 tendentes,

1230 1270 1264 1298 et
1294 1260 1340 1298 ad
1372 1261 1555 1299 Clnistum
1593 1262 1761 1299 Ser=vat01
1763 1276 1820 1299 em
1849 1261 2054 1299 aecedentes
2072 1290 2084 1310 ,
2111 1261 2217 1318 juxta

1231 1313 1376 1350 Deum
1368 1328 1403 1351 in
1423 1328 1530 1365 regno
1549 1315 1651 1352 c⁶eloi
1654 1329 1714 1352 um
1727 1314 1835 1353 locari
1851 1328 2063 1363 mer·eamui‚
2083 1313 2119 1350 in
2139 1326 2216 1371 lpso

1231 1366 1375 1405 Chiisto
1390 1367 1545 1404 Domino
1562 1376 1692 1416 nostro,
1710 1367 1769 1405 cui
1789 1366 1902 1420 gloria
1916 1375 1951 1405 et
1970 1366 2159 1419 imperium
2179 1378 2215 1402 in

1230 1419 1358 1457 saecula
1371 1420 1595 1458 saeculorum.
1618 1423 1744 1458 Amen.

1183 1485 1207 1514 B

885 2748 1428 2835 MONITUM

603 2939 666 2986 IN
703 2935 1051 2985 SERMONEM
1085 2933 1168 2980 DE
1202 2928 1452 2978 SANCTO
1488 2926 1733 2976 THOMA.

187 3090 254 3127 Hic
275 3086 394 3125 nimiae
417 3081 641 3135 loquacitatis
657 3080 846 3120 Graeculus
864 3077 984 3116 statim
1000 3089 1035 3114 se
1055 3073 1177 3127 prodit
1195 3086 1214 3110 a
1235 3069 1482 3124 Chrysostomi
1509 3068 1696 3139 elegantia,
1711 3068 1926 3118 inventione,
1955 3068 2089 3107 salibus
2106 3070 2210 3120 longe

134 3154 303 3192 alienum.
324 3149 495 3198 Illiusque
514 3158 711 3184 sexmonem
727 3141 824 3195 typis
842 3141 929 3178 dare
943 3153 986 3177 ne
1005 3138 1258 3190 cogitassemus
1276 3133 1435 3186 quidem,
1455 3132 1525 3171 nisi
1537 3134 1614 3185 jam
1632 3131 1723 3169 inter
1742 3131 1863 3183 spu1ia
1883 3131 2098 3183 publicasset
2116 3131 2211 3169 Hen—

134 3219 230 3256 ricus
249 3213 418 3253 Savilius
431 3211 515 3249 Haec
535 3222 642 3261 pono
661 3207 774 3246 oratio
789 3203 941 3243 subinde
956 3218 976 3241 a
996 3200 1170 3242 Graeculis
1201 3197 1400 3250 nugacibus
1428 3205 1531 3235 aucta
1547 3205 1581 3234 et
1599 3204 1785 3234 retiactata
1800 3195 1879 3232 fuit
1906 3194 2061 3244 Indeque
2082 3194 2213 3233 accidit

136 3288 176 3316 ut
190 3272 425 3326 manuscripti
447 3270 595 3310 Codjces
614 3269 705 3307 inter
731 3281 766 3306 se
790 3266 970 3313 differant,
990 3263 1070 3302 aliis
1087 3259 1302 3308 brevimem,
1319 3257 1400 3295 aliis
1417 3256 1616 3308 longiorem
1631 3255 1817 3293 homiliam
1837 3253 2083 3293 icferentibus.
2106 3254 2213 3294 Illam

139 3350 175 3378 ut
196 3338 353 3379 savilius
368 3334 467 3374 dedit
487 3332 640 3381 edimus,
661 3329 822 3380 aliquot
813 3342 849 3366 m
865 3327 953 3366 locis
971 3325 1018 3365 ad
1032 3324 1141 3366 fidem
1164 3320 1403 3373 Manuscripti
1422 3319 1526 3371 Regii
1545 3318 1761 3368 castigatam.
