2481 3678
718 197 756 227 ιΝ
796 196 1006 227 sommum
1042 193 1200 224 1101111..
1240 192 1365 221 ΧιΝι.
1405 176 1467 220 al.

120 281 164 318 δι’
181 283 282 320 αὐτοῦ
299 285 310 300 '¹
322 283 380 319 τοῦ
401 281 493 320 Θεοῦ
511 285 672 331 προεῖπεν
687 279 739 318 ὅτι
761 279 926 331 μέλλουσι
943 276 1140 328 μανθάνειν,

118 343 186 381 Διὰ
215 343 256 390 δὴ
284 346 384 381 τοῦτο
410 340 547 380 καὶτὸν
576 341 677 392 λόγον
702 344 809 380 ποιῶν
837 340 1053 386 ἀξιόπιστον,
1081 335 1139 376 ἐπὶ

118 403 193 446 τοὺς
221 404 398 455 προφήτας
430 401 547 446 αὐτοὺς
568 403 812 454 παρέπεμψεν.
838 401 908 440 Καὶ
933 402 962 438 εἰ
990 399 1139 451 εἴρηται,

118 465 240 516 φησὶν,
270 464 323 503 ὅτι
357 463 526 502 Ἔσονται
561 465 688 507 πάντες
732 463 886 502 διδακτοὶ
917 463 1032 507 Θεοῦ,
1062 461 1137 501 πῶς

116 540 205 568 τινες
225 527 262 562 οὐ
289 524 528 574 πιστεύουσιν,
554 526 638 565 ΕΌτι
673 526 713 563 τὸ
737 523 918 577 εἰρημένον
956 521 1037 573 περὶ
1068 521 1138 556 τῶν

117 584 133 604 ¹³
141 585 309 624 πλειόνων
344 586 525 638 εἰρημένον
561 586 668 625 ἐστίν,
697 585 830 628 Ἄλλως
866 582 902 620 δὲ
937 582 997 620 καὶ
1030 581 1140 633 χωρὶς

116 645 252 694 τούτου,
277 648 342 699 οὐχ
366 648 485 692 ἁπλῶς
501 648 635 692 πάντας
655 647 694 685 τὸ
714 643 941 700 προφητικὸν,
953 643 1044 682 ἀλλὰ
1054 642 1140 681 πάν-

115 723 175 750 τας
191 708 289 754 δηλοῖ
299 709 378 753 τοὺς
394 710 633 761 βουλομένους.
649 707 865 749 Διδάσκαλος
881 706 948 759 γὰρ
963 705 1142 758 προκάθη-

116 785 174 807 ται
194 776 301 808 πᾶσιν
325 770 462 822 ἕτοιμος
478 770 526 808 ὢν
541 770 586 808 τὰ
600 772 704 808 αὐτοῦ
720 774 929 822 παρασχεῖν,
946 770 992 810 εἷς
1008 767 1142 810 πάντας

115 830 246 882 ἐκχέων
259 830 322 877 τὴν
338 831 564 870 διδασκαλίαν
578 830 641 877 τὴν
658 832 792 868 ἑαυτοῦ.
825 829 895 868 Καὶ
908 828 977 880 ἐγὼ
994 828 1142 874 ἀναστή-

116 906 166 928 σω
195 891 293 929 αὐτὸν
325 894 359 929 ἐν
390 896 432 944 τῇ
460 891 592 944 ἐσήάτῃ
616 890 745 944 ἡμέρᾳ.
774 892 827 929 Ov',
848 890 971 943 μικρὸν
992 891 1139 928 ἐνταῦθα

114 956 173 990 τοῦ
203 953 286 991 Υἱοῦ
312 953 351 991 τὸ
388 953 545 1005 ἀξίωμα,
563 953 652 1005 εἴγε
677 956 694 991 ὁ
719 951 844 1005 Πατὴρ
868 951 1061 1004 προσάγει,
1080 952 1140 990 καὶ

114 1008 211 1058 οὗτος
237 1013 429 1060 ἀνίστησιν·
457 1014 533 1067 οὐχὶ
557 1013 792 1066 διαιρούμενος
811 1014 896 1066 πρὸς
912 1014 969 1052 τὸν
994 1012 1140 1067 Πατέρα

114 1074 159 1113 τὰ
195 1075 292 1128 ἔργα·
321 1079 396 1120 πῶς
422 1076 512 1128 γάρ,
543 1076 633 1115 ἀλλὰ
655 1076 786 1120 δεικνὺς
813 1076 872 1114 cto
896 1075 1052 1126 ἰσότιμον
1076 1079 1139 1122 τ’ῆς

114 1137 304 1189 δυνάμεως.
332 1135 475 1191 Ἵὶσπερ
499 1132 556 1176 οῦν
580 1139 651 1176 ἐκεῖ
669 1137 795 1188 λέγων,
812 1136 883 1175 Καὶ
898 1139 915 1174 ὃ
930 1136 1073 1188 πέμψας
1096 1153 1139 1188 με

115 1199 242 1251 Πατὴρ
267 1204 434 1252 μαρτυρεῖ
454 1199 536 1251 περὶ
560 1201 658 1250 ἐμοῦ·
684 1193 759 1236 εἶτα
777 1198 836 1238 ἵνα
851 1198 940 1242 τινὲς
956 1198 1004 1250 μὴ
1022 1198 1138 1250 φωνὴν

114 1260 430 1314 περιεργάζωνται,
457 1260 687 1314 παρέπεμψεν
712 1260 834 1304 αὐτοὺς
864 1266 939 1303 ταῖς
970 1262 1139 1314 Γραφαῖς·

112 1322 202 1359 οὕτω
222 1322 282 1359 καὶ
300 1323 460 1370 ἐνταῦθα,
487 1321 535 1373 μὴ
560 1322 600 1360 τὸ
620 1321 701 1359 αὐτὸ
723 1322 990 1368 ὑποτιτεύσωσι,
1016 1337 1134 1373 παρα-

112 1383 246 1435 πέμπει
269 1382 390 1427 αὖτοὺς
409 1390 479 1426 τοῖς
500 1383 710 1435 προφήταις,
728 1382 868 1426 τούτους
895 1386 1048 1434 συνεχῶς
1065 1384 1139 1422 ἄνω

113 1445 172 1483 καὶ
186 1444 283 1483 κάτω
292 1443 460 1496 στρέφων,
474 1443 606 1488 δεικνὺς
621 1444 741 1481 ἑαυτὸν
751 1446 812 1482 οὐκ
821 1443 976 1481 ἐναντίον
991 1444 1074 1481 ὄντα
1090 1448 1141 1498 τῷ

113 1504 243 1556 Πατρί.
260 1506 293 1542 Τ
298 1504 308 1542 ί
323 1505 358 1543 δὲ
370 1506 401 1542 οἱ
416 1505 484 1558 πρὸ
497 1504 634 1550 τούτου,
652 1504 756 1557 φησίν
766 1522 776 1553 3
789 1504 866 1556 οὐχὶ
880 1504 1034 1542 διδακτοὶ
1050 1499 1140 1551 ἦσαν

113 1567 182 1618 ἄρα
192 1568 305 1612 Θεοῦ;
322 1565 356 1603 τί
370 1560 427 1604 οῦν
441 1569 587 1605 ἐνταῦθα
599 1565 638 1603 τὸ
651 1565 841 1619 ε’ἶαίρετον,
863 1564 949 1603 “Ori
974 1568 1054 1604 τότε
1077 1566 1139 1618 μὲν

114 1630 157 1666 δι’
181 1627 372 1680 ἀνθρώπων
400 1627 591 1680 ἐμάνθανον
611 1627 655 1666 τὰ
669 1631 729 1666 τοῦ
743 1630 847 1667 Θεοῦ·
865 1632 922 1666 νῦν
944 1627 979 1666 δὲ
1000 1627 1058 1666 διὰ
1080 1633 1140 1668 τοῦ

115 1693 317 1743 μονογενοῦς
332 1691 417 1729 Υἱοῦ
438 1695 497 1729 τοῦ
513 1691 619 1738 Θεοῦ,
637 1688 696 1728 καὶ
714 1688 770 1728 διὰ
787 1693 847 1727 τοῦ
861 1688 1069 1741 Πνεύματος
1078 1694 1138 1728 τοῦ

114 1752 228 1803 ἁγίου.
246 1745 337 1790 Εἶτα
358 1753 507 1804 ἐπάγει·
534 1754 613 1804 Οὐχ
635 1751 689 1791 δ’τι
709 1751 766 1790 τὸν
786 1750 932 1803 Πατέρα
952 1767 1003 1794 τις
1024 1750 1139 1803 ἑώρα-

113 1830 183 1860 κεν,
205 1816 234 1852 εἷ
255 1813 303 1865 μὴ
326 1817 343 1852 ὃ
361 1814 408 1852 ὢν
429 1817 468 1853 ἐκ
487 1816 546 1852 τοῦ
571 1817 676 1852 Θεοῦ·
695 1814 732 1851 οὗ
755 1811 846 1850 κατὰ
864 1811 922 1850 τὸν
945 1814 1007 1859 τ’ἧς
1027 1813 1140 1857 αἰτίας

112 1873 212 1924 λόγον
235 1875 384 1911 ἐνταῦθα
410 1877 513 1912 τοῦτο
532 1872 642 1924 λέγων
658 1901 668 1920 ,
697 1871 790 1910 ἀλλὰ
811 1871 904 1910 κατὰ
927 1871 986 1910 τὸν
1010 1872 1139 1925 τρόπον

110 1938 173 1982 τῆς
202 1934 331 1979 οὐσίας.
361 1932 464 1973 Ἐπεὶ
489 1935 520 1972 εἷ
546 1938 647 1973 τοῦτο
671 1933 787 1982 ἔλεγε,
817 1933 945 1978 πάντες
963 1933 1061 1986 παρὰ
1080 1940 1140 1974 τοῦ

112 1998 204 2035 Θεοῦ
228 1996 346 2047 ἐσμέν·
367 2000 433 2034 ποῦ
463 1989 521 2033 οὖν
552 1994 592 2033 τὸ
622 1993 794 2047 ἐξαίρετον
814 1997 874 2032 τοῦ
893 1995 979 2032 Υἱοῦ
1000 1994 1060 2033 καὶ
1079 2011 1137 2034 κε-

111 2057 353 2110 χωρισμένον;
382 2056 487 2100 Τίνος
507 2055 541 2095 δὲ
562 2056 675 2095 ἕνεκεν
694 2054 898 2108 τρανότερον
923 2056 1006 2094 αὐτὸ
1022 2057 1060 2095 οὗ
1077 2057 1139 2095 τέ-

112 2123 219 2167 Οεικε,
241 2119 350 2172 φησί,
372 2118 440 2158 Διὰ
462 2117 526 2165 τὴν
548 2117 686 2157 ἐκείνων
707 2116 898 2155 ἀσθένειαν.
940 2118 984 2156 Εἰ
1003 2116 1071 2170 γὰρ
1091 2120 1138 2156 εἷ-

111 2180 255 2230 πόντος,
285 2181 352 2219 Ἐκ
377 2186 437 2220 τοῦ
460 2182 606 2234 οὐρανοῦ
629 2178 873 2226 καταὲέὸηκα,
893 2178 1000 2224 οὕτως
1018 2183 1141 2219 ἐσκαν-

112 2243 336 2289 δαλίσθησαν·
355 2241 391 2280 τί
409 2244 471 2281 οὐκ
492 2241 531 2280 ἂν
552 2241 698 2288 ἔπαθον,
719 2242 747 2279 εἰ
766 2239 826 2278 καὶ
844 2245 945 2279 τοῦτο
966 2241 1138 2293 προσέθη·

110 2319 169 2342 κεν
184 2320 193 2352 ;
217 2303 337 2355 Ἄρτον
359 2303 394 2342 δὲ
409 2305 498 2350 ζωῆς
514 2303 634 2342 ἑαυτὸν
653 2304 765 2350 καλεῖ,
780 2300 834 2340 ὅτι
851 2302 914 2349 τὴν
933 2302 1022 2349 ζωὴν
1038 2306 1139 2353 ἡμῶν

107 2364 309 2416 (’συγκροτεῖ
333 2363 393 2403 καὶ
421 2363 551 2411 ταύτην
579 2363 639 2402 καὶ
662 2363 725 2410 τὴν
751 2362 969 2414 μέλλουσανῖ·
1004 2363 1054 2402 διὸ
1081 2364 1140 2402 καὶ

111 2425 285 2476 ἐπήγαγεν
300 2440 307 2448 ·
322 2425 390 2468 *Oq
413 2424 451 2462 ἂν
469 2424 562 2477 φάγῃ
582 2427 621 2463 ἐκ
638 2428 697 2462 τοῦ
719 2424 822 2476 ἄρτου
840 2423 974 2471 τούτου,
998 2423 1139 2470 ζήσεται

111 2488 157 2528 εἷς
184 2485 242 2523 τὸν
267 2488 389 2524 αἰῶνα.
430 2485 552 2538 Ἄρτον
580 2484 616 2522 δὲ
635 2485 713 2530 ἤτοι
735 2483 779 2521 τὰ
799 2482 958 2535 δόγματα
977 2484 1070 2536 λέγει
1087 2486 1138 2522 ἒν-

110 2550 218 2585 ταῦΟα
238 2545 283 2585 τὰ
303 2546 477 2598 σωτήρια,
504 2545 562 2583 καὶ
587 2544 649 2592 τὴν
669 2544 787 2582 πίστιν
810 2544 872 2590 τὴν
899 2546 944 2587 εἰς
965 2545 1087 2592 αὐτὸν,
1115 2544 1137 2591 ἢ

110 2609 148 2646 τὸ
168 2610 272 2658 σῶμα
288 2607 326 2645 τὸ
340 2610 478 2645 ἑαυτοῦ.
510 2605 706 2658 Ἀμφότερα
725 2604 793 2657 γὰρ
808 2611 920 2658 νευροῑ
933 2604 995 2652 τὴν
1009 2605 1138 2657 ψυχήν.

111 2669 235 2707 Καίτοι
259 2685 298 2720 γε
324 2670 479 2720 ἀλλαχοῦ
498 2667 669 2710 εἰπόντος·
700 2665 787 2704 Ἐάν
811 2665 862 2709 τίς
883 2681 948 2716 μου
965 2666 1023 2704 τὸν
1038 2666 1138 2718 λόγον

110 2729 255 2782 ἀκούσῃ,
280 2732 317 2769 οὐ
340 2729 388 2780 μὴ
406 2729 569 2781 γεύσεται
591 2728 738 2767 θανάτου
751 2757 762 2773 ‚
780 2727 839 2765 καὶ
860 2726 1139 2774 ἐσκανδαλίσθη-

111 2807 186 2830 σαν·
209 2791 356 2829 ἐνταῦθα
370 2791 405 2829 δὲ
424 2790 521 2829 οΰδέν
543 2806 576 2828 τι
603 2794 754 2828 τοιοῦτον
781 2788 932 2836 ἔπαθον,
960 2788 1055 2840 τάχα
1081 2788 1138 2827 διὰ

109 2852 148 2890 το
183 2851 233 2890 ἔτι
274 2852 510 2890 δυσωπεῖσθαι
551 2850 654 2889 αὐτὸν
692 2849 761 2888 ἀπὸ
799 2853 868 2888 τῶν
899 2849 1137 2900 γεγενημένων

111 2905 237 2956 ἄρτων.

162 2964 260 3017 υΟρα
286 2964 322 3002 δὲ
349 2965 409 3003 καὶ
439 2965 543 3003 πόθεν
573 2972 726 3004 ποιεῖται
756 2964 820 3011 τὴν
847 2964 933 3016 πρὸς
957 2964 995 3002 τὸ
1025 2964 1139 3015 μάννα

110 3025 288 3080 διαφοράν.
328 3027 413 3065 Ἀπὸ
436 3032 495 3066 τοῦ
521 3022 590 3066 οἷον
617 3028 657 3066 τὸ
679 3027 777 3070 τέλος
802 3028 947 3065 οἰκοῦσαι
975 3025 1140 3077 ἑκατέρας

110 3091 170 3134 τῆς
201 3092 343 3141 τροφῆς.
384 3088 528 3133 Δεικνὺς
552 3088 636 3140 γὰρ,
666 3089 719 3127 ὅτι
746 3091 783 3126 οὐ
811 3087 908 3135 ξένην
928 3086 1005 3125 τινὰ
1026 3087 1138 3133 ἐκείνη

154 3238 166 3250 ‘³
193 3227 296 3262 Savii.
315 3233 367 3263 τοῦ
382 3234 447 3264 θεοῦ
460 3233 614 3272 μέλλουσι.

155 3280 170 3302 h
194 3279 297 3312 Savil.
315 3285 454 3316 πλειόνων
483 3288 617 3328 εἴρηται,
643 3285 691 3315 καὶ
716 3285 805 3325 χωρὶς
828 3282 950 3320 Μ’)ΤΟῊ
972 3289 1043 3322 ‘1⁸¹¹oe
1068 3278 1123 3311 alii

110 3329 250 3362 Codices
267 3331 313 3363 sic
331 3333 541 3377 continuant,
563 3337 698 3369 :segni-12
721 3337 802 3371 δῆλοὶ
823 3338 856 3367 τὸ
878 3337 1060 3377 προφητικὸν
1078 3335 1122 3366 ὅτι

112 3389 222 3419 reum>-
239 3388 304 3427 fimi
319 3388 394 3422 τοὺς.

2109 177 2190 220 311

1213 271 1396 309 docibiles
1412 272 1500 308 Dei.
1524 269 1697 309 Vidistin’
1720 268 1804 307 fidei
1819 268 2050 319 dignitatem,
2067 278 2100 306 et
2115 284 2199 319 quo-

1213 331 1319 369 modo
1338 344 1409 368 non
1427 330 1472 367 ab
1495 330 1721 379 hominibus,
1754 342 1817 366 nec
1835 342 1897 380 per
1916 328 2117 378 hominem,
2139 330 2200 366 sed

1213 407 1276 444 per
1290 393 1407 429 Deum
1424 391 1542 444 ipsum
1572 390 1667 429 illud
1689 389 1861 428 edocendi
1878 389 1978 427 sint?
1994 388 2146 440 Ideoque
2163 400 2201 427 ut

1212 454 1364 492 sermoni
1397 468 1462 491 suo
1492 454 1618 491 faceret
1648 453 1779 502 fidem,
1814 451 1861 489 ad
1889 451 2079 504 prophetas
2108 450 2201 503 ipsos

1164 530 1186 559 Β
1211 516 1361 554 remisit.
1384 515 1431 554 Et
1446 516 1476 554 si
1495 515 1633 553 dictum
1651 525 1724 565 est,
1741 514 1875 565 inquit,
1895 514 1989 566 ipsos
2007 514 2081 552 fore
2105 513 2201 551 doei-

1213 577 1303 616 biles
1325 577 1412 627 Dei,
1435 591 1498 615 cur
1525 577 1635 629 aliqui
1655 590 1724 614 non
1741 575 1913 613 credunt?
1935 575 2028 621 Quia
2049 573 2140 611 illud
2158 574 2203 611 de

1215 639 1380 692 pluribus
1398 639 1535 677 dictum
1556 648 1620 677 est.
1651 637 1818 689 Alioquin
1840 646 1960 675 autem
1985 650 2054 674 non
2083 650 2204 674 omnes

1215 716 1381 756 prorsus,
1399 701 1463 740 sed
1481 716 1600 740 omnes
1616 700 1677 753 qui
1693 700 1871 739 voluerint
1882 730 1893 750 ,
1916 714 1980 752 per
1992 699 2204 751 prophetam

1215 764 1475 816 significantur.
1494 764 1667 815 Magister
1683 762 1777 800 enim
1793 761 1959 800 omnibus
1975 759 2206 812 proponitur,

1215 836 1359 878 paratus
1384 826 1430 864 ad
1467 841 1531 864 sua
1554 823 1744 873 tradenda,
1782 823 1843 875 qui
1872 821 2072 860 doctrinam
2104 835 2206 859 suam

1216 887 1381 926 omnibus
1397 887 1559 925 effundit.
1575 888 1629 925 Et
1646 900 1713 938 ego
1727 886 1962 923 resuscitabo
1980 897 2065 920 eum
2082 885 2123 920 in
2141 896 2207 919 no-

1219 952 1372 988 vissimo
1389 950 1461 987 die.
1482 949 1562 986 Non
1586 962 1697 1000 parva
1722 947 1791 984 1100
1813 946 1890 984 loco
1903 944 1989 983 Filii
2016 943 2172 995 dignitas
2197 959 2203 979 :

1215 1009 1394 1061 siquidem
1412 1010 1516 1048 Pater
1535 1009 1665 1059 trahit,
1692 1017 1725 1046 et
1743 1007 1803 1045 hic
1831 1006 2038 1055 resuscitat,
2064 1018 2134 1042 non
2153 1004 2208 1042 di-

1216 1072 1341 1110 videns
1357 1071 1472 1109 Patris
1498 1080 1532 1109 et
1554 1070 1640 1109 Filii
1659 1083 1765 1122 opera
1788 1085 1794 1105 z
1818 1066 1997 1118 quomodo
2013 1066 2108 1103 enim
2126 1079 2209 1118 pos-

1214 1143 1266 1171 set
1278 1133 1295 1171 ?
1308 1132 1370 1171 sed
1385 1133 1570 1171 ostendens
1595 1130 1777 1184 potestatis
1793 1128 2041 1181 aequalitatem.
2054 1128 2145 1165 Nam
2168 1135 2207 1164 ut

1214 1195 1277 1233 sslo
1295 1195 1374 1233 loco
1394 1225 1406 1245 ,
1428 1196 1482 1232 Et
1501 1197 1569 1247 qui
1584 1196 1687 1231 misit
1710 1207 1769 1230 me
1785 1193 1925 1237 Pater,
1947 1191 2206 1227 testimonium

1212 1257 1384 1307 perhibet
1403 1256 1451 1293 de
1477 1269 1556 1305 me,
1577 1253 1708 1292 deinde
1729 1266 1772 1290 ne
1793 1251 1942 1303 quidam
1967 1249 2012 1287 de
2035 1262 2122 1287 voce
2143 1262 2204 1286 cu-

1214 1316 1344 1355 riosius
1371 1316 1612 1367 inquirerent,
1646 1313 1784 1352 remisit
1807 1312 1888 1350 illos
1917 1310 1963 1349 ad
1981 1309 2202 1362 Scripturas:

1214 1377 1264 1414 ita
1283 1386 1315 1414 ct
1336 1377 1396 1414 hic
1414 1376 1564 1415 remittit
1587 1389 1645 1413 eos
1660 1375 1706 1413 ad
1724 1373 1915 1426 prophetas
1928 1402 1939 1422 ,
1957 1371 2023 1409 hos
2052 1369 2205 1408 subinde

1213 1437 1415 1488 adducens,
1437 1444 1476 1473 ut
1499 1435 1659 1474 ostendat
1678 1448 1714 1473 se
1739 1447 1809 1471 non
1839 1446 1912 1470 esse
1942 1431 2040 1470 Patri
2066 1439 2205 1468 contra-

1214 1500 1322 1538 rium.
1347 1502 1412 1549 At,
1433 1499 1593 1550 inquies,
1615 1498 1705 1549 quid
1728 1496 1876 1534 antehac
1895 1494 2069 1533 fuerunt?
2088 1507 2205 1531 annon

1219 1559 1393 1599 docibiles
1425 1560 1492 1598 Dei
1521 1559 1644 1597 erant?
1675 1557 1762 1609 quid
1780 1557 1849 1594 hoc
1878 1556 1915 1593 in
1930 1555 2008 1592 loco
2031 1554 2206 1592 eximium

1215 1631 1265 1660 est
1275 1623 1293 1660 Ξ)
1308 1621 1415 1669 Quod
1429 1631 1512 1660 tunc
1528 1635 1592 1674 per
1610 1620 1771 1659 homines
1783 1633 1836 1657 res
1852 1617 1995 1656 divinas
2009 1615 2205 1664 discerent;

1214 1700 1309 1724 nunc
1336 1696 1454 1725 autem
1483 1701 1547 1739 per
1574 1683 1799 1736 unigenitum
1826 1681 1964 1720 Filium
1994 1679 2061 1717 Dei
2092 1687 2125 1716 et
2144 1692 2208 1730 per

1215 1749 1392 1802 Spiritum
1423 1759 1597 1788 sanctum.
1634 1747 1774 1786 Deinde
1808 1747 1914 1784 infert
1943 1760 1950 1781 :
1981 1746 2073 1782 Non
2103 1743 2208 1795 quod

1213 1814 1374 1851 Patrem
1406 1814 1551 1852 viderit
1577 1813 1783 1866 quisquam
1798 1840 1810 1857 ,
1843 1810 1919 1846 nisi
1940 1810 1973 1845 is
1996 1809 2063 1860 qui
2081 1820 2106 1843 a
2122 1807 2207 1844 Deo

1214 1884 1283 1913 est.
1304 1877 1384 1914 Non
1407 1874 1603 1913 secundum
1623 1887 1736 1911 causae
1752 1872 1925 1910 rationem
1940 1868 1999 1906 hic
2016 1867 2178 1918 loquitur
2195 1896 2204 1914 ‚

1214 1934 1276 1976 sed
1297 1937 1492 1976 secundum
1521 1936 1671 1974 modum
1693 1933 1911 1973 substantiae.
1929 1933 2022 1970 Nam
2037 1930 2067 1967 si
2084 1943 2208 1967 secun-

1213 1997 1302 2036 dum
1316 2013 1427 2037 causae
1444 1998 1618 2037 rationem
1636 1996 1787 2043 diceret,
1803 2008 1923 2032 omnes
1934 2008 1954 2030 a
1968 1994 2044 2030 Deo
2065 2004 2207 2038 sumus;

1215 2059 1250 2097 in
1271 2073 1341 2111 quo
1360 2069 1438 2097 tum
1453 2059 1656 2112 praestantia
1673 2066 1706 2095 et
1723 2055 1923 2094 differentia
1943 2053 2052 2091 Filii?
2066 2051 2113 2089 Et
2132 2064 2207 2100 cur,

1215 2119 1354 2171 inquies
1366 2150 1377 2170 ,
1402 2134 1472 2158 non
1493 2119 1587 2157 illud
1609 2117 1740 2157 clarius
1756 2115 1929 2169 expressit
1945 2116 1962 2153 Ξ)
1984 2115 2042 2153 Ob
2061 2115 2209 2153 illorum

1215 2182 1476 2220 infirmitatem.
1504 2183 1599 2220 Nam
1629 2180 1761 2218 sicum
1787 2178 1904 2226 dixit,
1931 2179 1992 2215 De
2020 2177 2115 2215 coelo
2144 2178 2209 2214 de-

1215 2245 1365 2290 scendi,
1385 2243 1435 2281 ita
1451 2241 1683 2280 scandalizati
1702 2249 1800 2288 sunt3
1821 2238 1911 2290 quid
1930 2238 2091 2276 futurum
2111 2245 2207 2284 erat,

1215 2305 1244 2343 si
1264 2305 1359 2343 illud
1384 2303 1608 2342 addidisset?
1638 2303 1769 2339 Panem
1788 2310 1907 2338 autem
1938 2299 2021 2337 vitae
2050 2298 2208 2349 seipsum

1214 2375 1337 2415 vocat,
1359 2365 1443 2415 quia
1459 2364 1573 2403 vitam
1591 2363 1693 2401 nobis
1707 2361 1802 2414 parit
1821 2370 1853 2398 et
1866 2360 1958 2397 hanc
1973 2368 2005 2396 et
2022 2359 2178 2396 futuram
2196 2374 2204 2394 ε

1214 2426 1296 2464 ideo
1316 2425 1440 2478 adjicit
1454 2426 1511 2463 :Si
1529 2427 1614 2477 quis
1627 2423 1922 2461 manducaverit
1941 2435 1987 2457 ex
2001 2422 2071 2457 hoc
2082 2434 2205 2472 pane,

1213 2490 1320 2526 vivet
1337 2490 1379 2524 in
1396 2495 1591 2524 aeternum.
1611 2486 1742 2522 Panem
1770 2497 1854 2521 vero
1880 2482 1939 2519 hic
1963 2481 2053 2519 dicit
2075 2481 2208 2519 doetri-

1213 2564 1295 2587 nam
1315 2550 1529 2597 salutarem,
1549 2547 1658 2585 fidem
1680 2546 1715 2584 in
1748 2561 1800 2593 se,
1828 2546 1904 2584 sive
1933 2559 2061 2598 corpus
2088 2559 2206 2582 suum.

1214 2613 1420 2661 Utrumque
1438 2609 1532 2648 enim
1556 2608 1712 2646 animam
1733 2608 1887 2646 roborat.
1910 2606 2024 2657 Atqui
2043 2606 2134 2643 alibi
2153 2605 2208 2643 di-

1508 191 1596 220 XLV
1605 210 1612 218 .

1213 2735 1331 2772 stabit
1361 2740 1540 2779 mortem,
1574 2741 1607 2769 et
1629 2729 1860 2768 scandalizati
1889 2739 1974 2767 sunt
2002 2745 2009 2765 :
2041 2729 2103 2767 hic
2122 2743 2209 2767 vcro

1214 2809 1283 2833 non
1302 2794 1386 2832 item
1393 2809 1403 2842 ;
1423 2794 1514 2831 forte
1536 2792 1623 2844 quia
1643 2792 1763 2830 adhuc
1784 2792 2040 2831 reverebantur
2062 2805 2144 2829 eum
2163 2791 2209 2828 ob

1214 2856 1500 2896 subministratos
1515 2870 1635 2909 panes.

1266 2963 1304 2999 ἓ.
1331 2959 1586 3000 Animadverte
1603 2968 1721 2998 autem
1745 2973 1852 3010 quam
1873 2967 1982 3011 ponat
1996 2958 2087 2995 inter
2109 2957 2206 2995 hunc
2255 2971 2406 2999 Disseren-

2329 3015 2407 3040 iuter

1214 3037 1343 3076 panem
1361 3031 1394 3060 et
1411 3036 1540 3060 manna
1559 3021 1818 3071 differentiam,
1843 3035 1887 3058 ex
1906 3019 2091 3070 utriusque
2110 3032 2205 3055 nem-

1234 3234 1246 3249 e
1271 3223 1387 3256 Morel.
1407 3231 1440 3256 et
1462 3222 1598 3266 quidam
1615 3222 1691 3254 Μεδ-
1710 3226 1742 3255 τὸ
1766 3226 1908 3263 ἰσότιμον.
1930 3216 2031 3251 Saxil.
2051 3224 2082 3247 et
2100 3214 2154 3247 alii
2173 3221 2205 3250 τὸ

1190 3282 1367 3312 ἰσοστάσιον.

1233 3330 1250 3353 ‘¹
1275 3328 1459 3374 [συγκρατεῖ
1486 3326 1566 3359 Snv.
1594 3333 1626 3357 et
1650 3323 1734 3357 Cod.
1763 3324 1838 3356 700.
1865 3322 1965 3353 Recte
1987 3318 2110 3351 Montf.
2136 3318 2204 3351 Csr.

1190 3382 1230 3414 T.
1247 3383 1277 3420 5,
1290 3393 1322 3423 p.
1338 3381 1413 3422 442,
1426 3380 1464 3413 C.
1483 3377 1607 3410 Eadem
1627 3378 1765 3410 varietas
1782 3383 1813 3407 et
1832 3373 1910 3406 alibi
1926 3370 2119 3414 inxeniturJl

1215 2671 1268 2709 xit
1280 2702 1291 2721 ,
1306 2672 1346 2710 Si
1365 2674 1451 2724 quis
1468 2683 1681 2708 sermonem
1698 2683 1822 2707 meum
1843 2669 2032 2714 audierit,
2050 2682 2128 2705 non
2142 2682 2209 2719 gu-
2220 2683 2404 2714 Jfflm'gjz

1217 3100 1258 3137 pe
1278 3085 1361 3123 fine.
1386 3084 1495 3131 Quod
1513 3084 1608 3122 enim
1629 3084 1689 3121 illc
1713 3083 1813 3121 cibus
1832 3082 1922 3121 nihil
1943 3095 2077 3120 novum
2110 3080 2185 3117 intu
2216 3064 2319 3132 322⁰ss
2355 3106 2406 3120 Η»-

2218 3147 2281 3163 111111
2307 3141 2333 3163 01
2360 3138 2405 3165 vi-

2217 3186 2301 3206 VUm.
