2507 3673
574 173 615 203 ΙΝ
653 172 861 202 Joxxxml
899 171 1048 200 nomt..

26 251 112 295 Εἶτα
134 257 218 295 ''ob-1<
235 257 307 295 ἔστι
327 259 365 294 ἐκ
386 260 442 294 τοῦ
462 254 593 306 κόσμου
614 254 733 292 τούτου
754 258 773 301 ἡ
797 253 958 305 βασιλεία
981 253 1045 290 αὖ-

22 322 104 366 τοῦ,
126 319 225 357 Πάνυ
247 318 311 370 μὲν
327 312 397 356 οῧν.
428 318 512 359 Πῶς
534 310 590 354 οὖν
608 331 724 368 φησιν,
743 318 820 354 Οὐκ
835 315 948 362 ἔστιν,
969 316 1048 364 Οὐχ

21 378 73 417 ὅτι
98 381 136 417 οὐ
159 387 278 431 κρατεῖ
299 379 359 417 καὶ
386 380 535 417 ἐνταῦθα
548 407 556 423 ,
577 377 654 415 ἀλλ’
674 376 727 415 ὅτι
745 377 804 415 καὶ
821 376 950 414 ἄνωθεν
973 374 1047 425 ἔχει

1090 168 1278 198 Lxxxin.
1320 151 1378 195 al.
1415 165 1584 194 ixxxn.
2016 148 2106 193 505

1117 262 1242 300 nempe
1265 245 1468 298 tyrannidis
1485 243 1736 295 suspicionem,
1759 244 1807 279 ita
1832 244 1952 280 solvit.
1981 247 2105 281 Annon

1116 322 1266 360 regnum
1284 305 1418 344 Christi
1443 305 1488 342 de
1510 304 1577 341 hoc
1598 301 1732 340 mundo
1755 303 1830 339 est?
1850 303 1940 339 Sane
1960 303 2106 353 quidem

1117 380 1178 408 est.
1202 367 1408 416 Quomodo,
1426 380 1509 418 crgo
1523 365 1586 415 ait,
1609 367 1699 403 ll'on
1722 369 1803 402 est?
1831 365 1908 402 Non
1937 365 2032 415 quod
2047 366 2105 402 ln'c

22 440 83 487 τὴν
99 440 224 494 ἀρχὴν,
244 440 302 478 καὶ
319 441 380 478 οὔκ
394 439 485 477 ἔστιν
503 437 713 491 ἀνθρωπίνη,
733 437 822 476 ἀλλὰ
836 438 954 486 πολλῷ
973 434 1047 485 μεί-
1057 461 1104 487 496
1117 445 1186 468 non
1206 431 1369 483 imperet,
1395 428 1457 466 scd
1483 427 1581 478 quod
1611 427 1717 464 ctiam
1749 426 1784 463 in
1809 426 1893 463 caelo
1917 425 2107 476 imperium

23 503 88 544 ζων
116 501 245 547 ταύτης
277 501 336 539 καὶ
365 500 605 553 λαμπροτέρα.
638 501 683 537 Εἰ
703 493 758 537 οἶν
784 497 935 549 μείζων,
973 496 1047 537 πῶς

22 562 89 600 ὑπὸ
103 563 231 609 ταύτης
245 562 357 609 ἑάλω,
379 561 495 601 Ἑκὼν
510 561 568 598 καὶ
584 561 704 599 ἑαυτὸν
721 558 908 612 παραδούς.
924 562 937 577 ³
955 555 1047 593 Ἀλλ’

24 626 86 662 οὐκ
113 623 354 661 ἀποκαλύπτει
377 622 464 666 τέως
487 628 598 670 τοῦτο,
619 621 709 661 ἀλλὰ
728 620 761 658 τί
778 634 906 671 φησιν,
941 618 984 654 Εἷ
1009 618 1048 654 ἐκ

23 688 82 722 τοῦ
101 684 232 736 κόσμου
256 685 376 723 τούτου
395 684 503 735 ἥμην,
530 686 560 721 οἳ
581 681 752 733 ὑπηρέται
771 683 801 718 οἱ
822 678 897 729 ἐμοὶ
915 677 1046 729 ἠγωνί-

27 762 130 784 σαντο
157 745 215 791 ἂν,
241 746 296 784 ἵνα
322 746 370 798 μὴ
394 746 594 797 παραδοθῶ.
624 743 805 781 Δείκνυσιν
827 744 972 779 ἐνταῦθα
988 743 1050 786 τῆς

28 807 207 859 βασιλείας
225 811 286 854 ’.ἧς
304 810 386 861 παρ’
405 811 490 857 ἡμῖν
511 807 551 844 τὸ
569 804 721 850 ἀσθενὲς,
739 802 792 841 ὅτι
812 804 846 840 ἐν
869 807 939 845 τοῖς
957 805 1047 847 ὑπη-

28 869 141 920 ρέταις
157 869 230 920 ἔχει
252 868 314 915 τὴν
335 867 453 920 ἰσχύν·
475 871 496 913 ἦ
515 866 550 904 δὲ
567 866 638 903 ἅνω
666 863 843 915 αὐτάρκης
858 863 950 900 ἐστὶν
971 865 1048 900 ἑαυ-

22 933 78 981 τῇ,
99 931 244 981 μηδενὸς
266 929 428 979 δεομένη.
472 929 650 965 Ἐντεῦθεν
671 928 702 963 οἱ
721 924 889 976 αἱρετικοὶ
915 923 1047 962 λαέόν-

24 1008 79 1035 τες
95 990 266 1043 ἀφορμὰς,
283 989 462 1040 ἀλλότριον
484 987 585 1025 αὐτὸν
601 981 687 1025 εἶναί
705 1001 789 1038 φασι
805 990 865 1024 τοῦ
885 986 1049 1038 δημιουρ-

24 1057 96 1103 γοῦ.
123 1051 170 1089 Τί
193 1045 265 1098 οὖν,
309 1050 392 1089 ὅταν
419 1049 517 1101 λέγῃ,
551 1050 613 1091 Εἷς
636 1047 680 1085 τὰ
708 1047 778 1085 ἴδια
805 1041 913 1094 ἦλθε,
942 1046 975 1084 τί
1000 1046 1048 1094 δὲ,

22 1112 105 1151 ὅταν
127 1111 230 1163 λέγῃ,
273 1113 350 1149 Οὐκ
379 1110 464 1149 εἰσὶν
495 1113 534 1148 ἐκ
560 1112 618 1147 τοῦ
652 1108 798 1158 κόσμου,
831 1106 946 1150 καθὼς
981 1106 1049 1158 ἐγὼ

25 1176 87 1211 οὐκ
125 1172 197 1222 εἰμὶ
237 1173 276 1209 ἐκ
318 1176 378 1210 τοῦ
411 1169 543 1220 κόσμου
578 1169 717 1216 τούτου,
757 1168 862 1207 Οὕτω
899 1168 956 1206 καὶ
987 1168 1050 1215 τὴν

27 1233 205 1284 βασιλείαν
235 1234 272 1270 οὗ
308 1232 411 1284 φησὶν
443 1235 595 1270 ἐντεῦθεν
620 1224 728 1278 εἶναι,
758 1231 796 1268 οὐ
827 1230 884 1268 τὸν
919 1229 1048 1279 κόσμον

27 1296 227 1346 ἀποστερῶν
266 1296 369 1332 αὐτοῦ
405 1296 467 1339 τῆς
501 1292 663 1344 προνοίας
697 1291 757 1330 καὶ
794 1295 854 1337 rig
903 1293 1049 1329 ἐπιστα-

26 1356 120 1403 σίας,
151 1354 241 1393 ἀλλὰ
269 1353 418 1401 δεικνὺς,
449 1353 533 1404 ὅπερ
560 1352 665 1404 ἔφην,
695 1354 758 1390 οὐκ
784 1347 887 1390 οὖσαν
919 1355 1050 1404 ἀνθρω-

25 1417 128 1463 πίνην
150 1414 226 1453 οὐδὲ
250 1415 428 1467 ἐπίκηρον.
457 1412 504 1451 Τί
519 1406 576 1451 οὖν
595 1415 612 1450 ὃ
629 1414 806 1458 Πιλᾶτος,
829 1413 964 1450 Οὐκοῦν
987 1414 1049 1462 βα-

27 1477 140 1521 σιλεὺς
162 1471 191 1515 εἷ
213 1476 273 1525 σύ,
301 1475 488 1528 Ἀπεκρίθη
513 1478 530 1513 ὁ
551 1476 685 1520 Ἰησοῦς
699 1490 708 1498 ·
729 1474 771 1511 σὺ
791 1473 902 1524 λέγεις
921 1474 974 1511 ὅτι
990 1474 1050 1511 καὶ

27 1540 189 1591 βασιλεύς
211 1541 296 1589 εἰμι.
321 1537 417 1589 Ἐγὼ
437 1539 484 1581 εἷς
502 1540 603 1574 τοῦτο
621 1535 844 1588 γεγέννημαι.
876 1537 916 1573 [ii
935 1535 1048 1573 τοίνυν

29 1600 188 1652 βασιλεὺς
203 1599 428 1652 γεγέννηται,
453 1598 513 1637 καὶ
533 1597 578 1635 τὰ
597 1598 689 1636 ἄλλα
702 1597 819 1636 πάντα
834 1597 1050 1648 γεγέννηται,

26 1662 86 1700 καὶ
110 1661 205 1700 οὐδὲν
228 1659 437 1712 προσλαὸὼν
460 1655 545 1711 ἔχει.
574 1657 687 1697 ‘'stc-cs
707 1657 788 1696 ὅταν
805 1657 974 1710 ἀκούσῃς,
998 1658 1051 1696 ὅτι

27 1721 153 1766 Καθὼς
171 1725 188 1760 ὁ
204 1721 332 1773 Πατὴρ
353 1719 425 1773 ἔχει
445 1720 534 1767 ζωὴν
551 1723 585 1759 ἐν
601 1723 727 1772 ἑαυτῷ,
743 1718 849 1762 οὕτως
869 1721 977 1758 ἔδωκε
991 1720 1051 1758 καὶ

27 1787 76 1836 τῷ
94 1785 169 1835 Υἱῷ
183 1783 273 1829 ζωὴν
289 1782 393 1834 ἔχειν,
411 1783 518 1832 μηδὲν
532 1780 650 1827 ἄλλοῆ
665 1781 728 1828 τὴν
742 1782 901 1834 γέννησιν
918 1781 1050 1832 νόμιζε·

26 1845 86 1883 καὶ
105 1845 163 1882 ἐπὶ
182 1846 251 1881 τῶν
269 1843 383 1881 ἄλλων
408 1842 546 1894 ὁμοίως.
574 1843 644 1880 Καὶ
664 1842 720 1881 διὰ
738 1846 838 1880 τοῦτο
853 1837 976 1892 ἦλθον,
995 1843 1052 1881 ἵνα

30 1907 242 1960 μαρτυρήσει)
266 1922 309 1958 τῃ
348 1907 515 1958 ἀληθεία·
540 1906 737 1954 τουτέστιν,
770 1905 826 1944 ἵνα
848 1909 950 1943 τοῦτο
970 1906 1054 1944 αὐτὸ

30 1970 128 2017 εἴπω,
148 1970 208 2008 καὶ
225 1970 364 2018 διδάξω,
382 1969 442 2008 καὶ
459 1968 570 2008 πείσω
585 1969 730 2012 πάντας.

81 2030 132 2069 Σὺ
160 2031 195 2070 δὲ
213 2037 323 2070 ταῦτα
344 2031 491 2079 ἀκούων,
510 2031 688 2082 ἄνθρωπε,
710 2029 769 2068 καὶ
796 2032 883 2083 ὁρῶν
904 2030 961 2068 τὸν
990 2033 1054 2068 Δε-

29 2093 160 2140 σπότην
181 2109 240 2131 σου
261 2093 439 2144 δεδεμένον
462 2092 521 2130 καὶ
545 2091 809 2145 περιαγόμενον,
833 2090 939 2142 μηδὲν
966 2085 1053 2129 εἶναι

29 2155 73 2191 τὰ
91 2154 248 2206 παρόντα
267 2155 459 2207 πράγματα
485 2153 615 2204 νόμιζε.
636 2155 719 2197 Πῶς
737 2153 805 2206 γὰρ
832 2155 894 2191 οὐκ
912 2153 1053 2200 ἄτοπον,

29 2217 59 2253 εἷ
75 2218 92 2252 ὁ
107 2214 168 2266 μὲν
188 2216 337 2267 Χριστὸς
351 2220 503 2254 τοσαῦτα
522 2215 685 2265 ὑπέμεινε
707 2214 764 2252 διὰ
781 2214 835 2253 σέ·
863 2214 902 2252 σὺ
922 2214 956 2252 δὲ
977 2214 1053 2252 οὐδὲ

32 2277 174 2328 ῥήματα
193 2277 362 2320 πολλάκις
389 2276 518 2329 φέρεις,
553 2276 643 2313 Ἀλλ’
678 2275 777 2318 αὐτὸς
808 2275 868 2325 μὲν
907 2274 1053 2325 ἐμπτύε-

27 2354 107 2386 ται,
127 2337 167 2377 σὺ
191 2338 226 2376 δὲ
248 2338 451 2390 καλλωπίζῃ
487 2337 638 2388 ἱματίοις
665 2337 724 2374 καὶ
755 2335 967 2381 δακτυλίοις,
989 2335 1052 2373 κᾶν

27 2399 74 2449 μὴ
96 2403 159 2446 τῆς
178 2399 275 2450 παρὰ
294 2399 433 2437 πάντων
450 2399 621 2451 εὐφημίας
637 2399 744 2451 τύχῃς
757 2429 766 2446 ,
794 2398 942 2436 ἀὸίωτον
966 2391 1054 2435 εἶναι

25 2461 176 2511 νομίζεις
195 2461 252 2499 τὸν
275 2460 361 2511 βίον.
390 2461 460 2499 Καὶ
480 2456 575 2504 οὗτος
597 2461 658 2512 μὲν
679 2459 902 2506 ὀνειδίζεται,
926 2458 1052 2509 σκώμ-

31 2538 125 2575 ματα
141 2523 257 2576 φέρει,
278 2523 415 2575 πληγὰς
436 2523 715 2575 καταγελάστους
741 2521 832 2559 κατὰ
850 2524 912 2566 τῆς
937 2520 1056 2571 σιαγοἍ

29 2601 103 2630 νος·
125 2585 166 2624 σὺ
192 2586 227 2624 δὲ
246 2590 426 2637 πανταχοῦ
445 2588 615 2636 τιμᾶσθαι
646 2583 780 2635 βούλει,
806 2582 865 2620 καὶ
885 2585 923 2620 οὐ
943 2583 1056 2636 φέρεις

30 2648 87 2686 τὸν
109 2648 304 2698 ὀνειδισμὸν
325 2652 384 2685 τοῦ
403 2648 567 2699 Χριστοῦ.
588 2647 665 2684 Οὐκ
682 2643 817 2687 ἀκούεις
838 2643 980 2682 Παύλου
1000 2643 1056 2682 λε’-

30 2726 164 2760 γοντος·
189 2709 354 2761 Μιμηταί
383 2725 447 2759 μου
468 2707 622 2760 γίνεσθε,
639 2706 753 2750 καθὼς
768 2705 866 2758 κάγὼ
886 2708 1056 2759 Χριστοῦ,

29 2772 144 2811 (Όταν
172 2766 230 2811 οῧν
257 2772 296 2810 σε’
315 2788 366 2815 τις
392 2771 613 2823 κωμῳδήσῃ,
636 2768 808 2821 μνήσθητί
831 2785 890 2806 σου
909 2773 968 2807 τοῦ
991 2771 1056 2806 Δε-

31 2834 177 2883 σπότου,
206 2833 258 2871 ὅτι
281 2833 369 2885 μετὰ
392 2833 520 2885 χλεύης
539 2836 631 2884 αὐτῷ
651 2830 894 2885 προσεκύνουν,
921 2831 980 2869 καὶ
999 2830 1057 2869 διὰ

32 2896 211 2948 ῥημάτων,
226 2895 286 2933 καὶ
302 2895 359 2933 διὰ
375 2895 593 2948 πραγμάτων
614 2893 780 2946 διέσυρον,
800 2892 859 2931 καὶ
880 2892 1055 2946 εἰρωνείαν

30 2956 162 3004 πολλὴν
177 2955 415 2994 ἐπεδείκνυντο
430 2971 437 2979 ·
456 2957 557 2999 αὐτὸς
576 2954 610 2994 δὲ
630 2957 667 2994 οὐ
685 2955 788 3006 μόνον
806 2956 867 2993 οὐκ
885 2954 1054 3005 ἠμύνατο,

32 3017 122 3056 ἀλλὰ
137 3017 197 3056 καὶ
215 3023 285 3061 τοῖς
304 3016 469 3060 ἐναντίοις
487 3017 682 3069 ἠμείψατο,
705 3016 878 3070 πραότητι
900 3016 960 3054 καὶ
980 3019 1056 3054 ἐπι-

33 3079 154 3133 εικείᾳ.
183 3081 315 3118 Τοῦτον
344 3079 385 3125 δὴ
412 3079 471 3117 καὶ
489 3082 590 3128 ἡμεῖς
613 3079 823 3130 ζηλώσωμεν
841 3094 848 3101 ·
869 3077 958 3116 οὕτω
988 3078 1055 3130 γὰρ

32 3141 248 3191 δυνησόμεθα
271 3141 330 3179 καὶ
351 3139 483 3194 ῧὲρεως
502 3143 750 3193 ἀπαλλαγῆναι
768 3140 895 3186 πάσης.
915 3141 968 3177 Οὐ
988 3139 1055 3191 γὰρ

32 3205 49 3238 ὁ
65 3202 225 3254 ι’)ἔρίζων,
254 3203 332 3240 ἀλλ’
352 3206 369 3241 ὃ
389 3205 615 3256 μικροψυχῶν
642 3203 701 3241 καὶ
720 3205 834 3254 ἀλγῶν
855 3209 929 3245 ταῖς
956 3202 1055 3255 {5393-

80 3330 95 3351 1»
119 3328 220 3362 Savil.
241 3329 288 3373 [ct
304 3330 387 3362 Cod.
408 3331 485 3371 7⁰9]
504 3335 553 3364 οὖν.
568 3335 627 3364 ἔστι
646 3335 692 3364 ναὶ
711 3337 772 3364 τοῦ.

1069 499 1092 526 Λ
1116 493 1292 540 obtineat,
1314 491 1375 529 sed
1394 489 1486 528 illud
1506 503 1575 527 non
1592 497 1643 526 est
1664 487 1876 536 humanum,
1889 500 2016 524 verum
2030 486 2108 524 lon-

1116 570 1157 607 ge
1177 556 1293 607 majus
1312 568 1352 591 ac
1373 551 1609 605 splendidius.
1626 550 1665 589 Si
1694 550 1823 602 majus,
1850 549 2027 600 quomodo
2045 564 2107 586 ca-

1115 626 1197 668 ptus
1221 625 1272 653 est
1291 614 1439 652 abillo?
1462 614 1596 665 Sponte
1617 621 1651 649 et
1674 611 1836 663 seipsum
1861 610 2015 647 tradens.
2037 612 2110 648 Ye-

1115 693 1195 715 rum
1220 678 1289 715 hoc
1309 685 1387 714 tum
1420 689 1489 712 non
1513 675 1658 721 revelat,
1685 672 1746 710 sed
1782 671 1871 722 quid
1897 672 1974 709 ait‘.3
2004 671 2045 709 Si
2062 686 2110 708 ex

1116 738 1188 774 lzoc
1210 736 1353 773 mundo
1374 748 1507 779 essem,
1532 733 1701 770 ministri
1728 733 1801 767 mei
1821 732 1952 781 utique
1984 730 2111 767 decer-

1116 806 1260 843 tarent,
1285 805 1327 834 ut
1351 809 1429 833 non
1446 795 1633 833 traderer.
1654 792 1722 830 Hic
1741 791 1894 829 ostendit
1914 791 2012 842 regni
2043 800 2111 828 ter-

1114 859 1189 896 reni
1210 856 1506 905 imbecillitatem,
1529 854 1628 905 quod
1649 854 1685 891 in
1715 852 1887 890 ministris
1903 860 2112 904 potestatem

1114 918 1243 957 habeat
1264 935 1271 954 :
1294 931 1491 970 supernum
1529 925 1651 953 autem
1676 927 1828 966 regnum
1866 912 1936 950 sibi
1966 913 2110 962 suflicit,

1115 981 1285 1032 nulloque
1304 994 1393 1032 opus
1418 979 1537 1016 habet.
1560 976 1654 1014 Hinc
1672 990 1795 1013 ansam
1814 974 2023 1027 arripientes
2039 974 2111 1011 hae-

2139 990 2295 1017 Mamchzm
2308 1008 2314 1012 .

1116 1043 1232 1089 retici,
1246 1041 1404 1079 alienum
1418 1040 1536 1092 ipsum
1546 1038 1671 1076 dicunt
1681 1053 1701 1075 a
1719 1038 1896 1075 Creatore.
1914 1036 2015 1084 Quid
2028 1050 2111 1088 ergo
2127 1042 2191 1058 “¹¹¹¹
2219 1043 2242 1058 ‘³¹
2254 1043 2311 1058 ¹⁰¹*-

1074 1105 1093 1133 Β
1117 1117 1198 1141 cum
1216 1103 1317 1151 dicit,
1347 1105 1396 1140 In
1422 1105 1581 1154 propria
1611 1103 1746 1138 venit?
1775 1099 1862 1151 quid
1891 1114 1974 1137 cum
1997 1102 2112 1137 :XVon

2128 1118 2219 1143 domi.
2232 1125 2239 1142 1
2252 1124 2274 1142 ,1
2290 1125 2314 1142 1,

1117 1173 1207 1202 sunt
1215 1165 1262 1201 (Ie
1271 1165 1430 1213 mundo,
1443 1165 1542 1201 sicut
1553 1176 1620 1214 ego
1630 1162 1854 1199 nonsumde
1868 1162 2012 1198 mundo
2025 1166 2041 1198 ,0
2053 1161 2112 1199 Sic
2128 1159 2202 1209 ''¹¹¹“-
2237 1167 2242 1184 ¹
2254 1166 2280 1193 7·

1117 1234 1149 1262 ct
1166 1238 1315 1276 regnum
1327 1239 1431 1262 suum
1444 1223 1533 1262 dicit
1549 1237 1618 1261 non
1635 1223 1720 1260 hinc
1739 1236 1826 1272 esse,
1846 1236 1916 1260 non
1937 1222 2112 1260 mundum

1116 1286 1263 1338 privans
1273 1286 1500 1338 providentia
1516 1299 1580 1322 sua
1597 1293 1629 1322 et
1648 1284 1798 1336 imperio
1816 1298 1893 1331 suo,
1915 1284 1977 1322 sed
1997 1293 2113 1322 osten-

1116 1347 1215 1397 dens,
1248 1357 1287 1386 ut
1315 1347 1406 1397 dixi,
1438 1361 1508 1385 non
1543 1347 1743 1384 humanum
1775 1346 1833 1384 vel
1856 1346 1997 1384 fluxum
2026 1361 2110 1384 esse.

1120 1408 1219 1454 Quid
1232 1422 1316 1459 ergo
1330 1408 1492 1445 Pilatus?
1507 1409 1571 1445 57.
1592 1409 1697 1459 Ergo
1712 1408 1794 1444 Rex
1809 1421 1847 1444 es
1863 1416 1903 1444 tu
1913 1412 1929 1443 Ρ
1945 1409 2114 1458 Respon-

1117 1470 1174 1506 dit
1193 1470 1320 1517 Jesus,
1339 1470 1396 1506 Τιι
1415 1470 1525 1515 dicis,
1545 1471 1638 1520 quia
1659 1469 1742 1505 Rex
1758 1481 1858 1505 sum.
1883 1469 1969 1519 Ego
1986 1471 2027 1504 in
2043 1470 2114 1505 hoc

1121 1540 1236 1569 natus
1252 1545 1348 1569 sum.
1372 1530 1409 1569 Si
1425 1545 1508 1582 ergo
1522 1532 1602 1567 Rex
1620 1538 1724 1567 natus
1746 1539 1810 1578 est,
1833 1529 2030 1567 secundum
2045 1530 2116 1568 alia

1117 1592 1236 1629 omnia
1264 1601 1368 1629 natus
1397 1601 1473 1629 est:
1496 1591 1659 1641 nihilque
1682 1590 1789 1628 habet
1806 1590 1903 1641 quod
1925 1590 2113 1642 acceperit.

1117 1655 1242 1704 Itaque
1261 1667 1343 1691 cum
1359 1652 1475 1700 audis,
1494 1653 1601 1690 Sicut
1620 1653 1744 1689 Pater
1768 1652 1888 1688 habet
1914 1654 2042 1688 vitam
2074 1654 2117 1688 in

1119 1717 1340 1767 semetipso:
1360 1717 1416 1752 ita
1434 1714 1538 1751 dedit
1556 1722 1592 1751 et
1612 1713 1718 1750 Filio
1739 1715 1866 1749 vitam
1885 1713 2042 1759 habere,
2061 1711 2115 1749 ni-

1120 1776 1174 1813 hil
1187 1775 1290 1814 aliud
1307 1789 1416 1826 quam
1442 1774 1707 1826 generationem
1732 1773 1927 1824 intelligas.
1961 1773 2002 1810 In
2035 1772 2117 1810 aliis

1075 1843 1098 1873 C
1121 1850 1262 1888 quoque
1283 1836 1459 1874 similiter.
1496 1837 1550 1872 Et
1563 1835 1617 1872 ad
1635 1836 1707 1872 Ιιοο
1734 1837 1843 1881 veni,
1874 1842 1915 1871 ut
1945 1836 2117 1871 testimo-

1123 1901 1229 1936 nium
1242 1899 1466 1950 perhibeam
1480 1899 1640 1934 veritati
1649 1915 1662 1943 ,-
1680 1896 1748 1933 hoc
1759 1905 1821 1945 est,
1842 1896 1891 1933 Ut
1905 1895 1974 1933 hoc
1993 1896 2116 1947 ipsum

1120 1960 1269 1998 doceam
1288 1973 1420 2008 omnes,
1434 1967 1467 2002 et
1488 1958 1574 2010 ipsis
1595 1956 1774 1995 suadeam.

1175 2033 1212 2069 5.
1233 2031 1291 2067 Tu
1314 2044 1399 2068 vero
1417 2029 1492 2065 haee
1505 2027 1667 2072 audiens,
1693 2041 1734 2063 ac
1764 2025 1961 2063 Dominum
1986 2026 2117 2064 videns

1122 2093 1286 2132 vinctum
1305 2102 1339 2130 et
1355 2091 1624 2138 circumactum,
1639 2088 1823 2141 praesentia
1843 2087 1934 2124 nihil
1948 2102 2021 2125 esse
2041 2088 2116 2125 exi-

1122 2156 1255 2193 stimes.
1271 2153 1463 2202 Quomodo
1477 2152 1574 2191 enim
1588 2165 1656 2189 non
1672 2149 1871 2188 absurdum
1888 2150 2007 2199 fuerit,
2034 2163 2117 2187 cnm

1123 2219 1285 2256 Christus
1312 2226 1363 2255 tot
1391 2225 1558 2266 tantaque
1581 2223 1726 2267 propter
1759 2223 1792 2251 te
1823 2213 1868 2250 sit
1902 2227 2040 2264 passus,
2073 2227 2117 2250 ne

1122 2281 1229 2319 verba
1245 2279 1390 2332 quidem
1409 2293 1500 2330 saepe
1520 2278 1611 2315 ferre
1626 2276 1750 2329 posse?
1770 2274 1841 2314 Sed
1861 2275 1922 2312 ille
1942 2275 2107 2327 conspui-

1122 2354 1191 2393 tur,
1214 2353 1254 2381 tu
1274 2353 1307 2381 te
1327 2340 1598 2380 ornasvestibus
1610 2337 1806 2386 etannulis,
1829 2346 1861 2374 et
1883 2337 1911 2373 si
1941 2350 2008 2373 non
2023 2337 2114 2374 bona

2132 1209 2179 1238 14.

2137 1662 2252 1689 lt·11l..'›.
2268 1660 2314 1688 25.

2141 2355 2318 2391 Exemplum

1122 2408 1215 2445 fama
1233 2406 1329 2458 apud
1351 2418 1472 2442 omnes
1493 2402 1635 2449 fruaris,
1657 2414 1726 2437 non
1754 2399 1901 2437 vitalem
1921 2397 2033 2435 vitam
2050 2413 2114 2449 pu-
2130 2396 2238 2423 Clu-{sii
2273 2407 2318 2422 ⁵⁰<

2195 2448 2319 2464 (ΙΙΙΣΙΙΙΙΗΥ

1124 2479 1188 2507 tas.
1225 2468 1291 2506 Ille
1322 2464 1525 2518 opprobriis
1560 2462 1758 2514 impetitur,
1787 2459 1934 2497 dicteria
1972 2458 2112 2505 tolerat,
2131 2469 2258 2516 oporiet,

1123 2539 1245 2582 turpes
1263 2529 1299 2566 in
1315 2527 1463 2565 maxilla
1482 2525 1604 2577 plagas
1613 2540 1627 2568 ,-
1647 2532 1685 2560 tu
1702 2536 1839 2573 semper
1852 2521 1888 2558 in
1907 2520 2042 2558 honore
2060 2520 2116 2559 vis

1078 2590 1103 2618 D
1125 2605 1210 2641 esse,
1232 2603 1293 2629 nec
1308 2590 1378 2627 fers
1396 2586 1617 2639 vituperium
1631 2583 1779 2622 Christi.
1801 2583 1880 2621 Non
1899 2581 2002 2619 audis
2023 2581 2116 2619 Pau-

1125 2653 1202 2690 lum
1222 2652 1397 2689 dicentem
1417 2664 1424 2685 :
1445 2650 1667 2685 Imitatores
1686 2647 1760 2681 mei
1782 2652 1915 2690 estote,
1949 2645 2049 2681 sicut
2081 2650 2116 2679 et

1125 2728 1194 2765 ego
1212 2714 1383 2751 Christi?
1400 2711 1491 2747 Cum
1523 2721 1607 2759 ergo
1638 2716 1672 2744 te
1694 2705 1873 2757 quispiam
1901 2704 2118 2753 traduxerit,

1126 2773 1310 2812 recordare
1343 2769 1488 2809 Domini
1505 2768 1570 2816 tui,
1590 2781 1693 2818 quem
1723 2765 1878 2803 ridentes
1903 2764 2117 2813 adorabant,

1127 2836 1246 2873 verbis
1261 2843 1293 2872 et
1305 2833 1409 2870 rebus
1417 2829 1707 2877 dehonestabant,
1718 2840 1955 2879 magnamque
1969 2825 2118 2863 exhibe-

1127 2897 1213 2933 bant
1229 2894 1398 2943 ironiam,
1418 2892 1480 2929 ille
1493 2904 1580 2930 vero
1600 2903 1671 2927 non
1690 2888 1796 2926 modo
1815 2888 1932 2927 vicem
1953 2900 2022 2924 non
2039 2885 2118 2923 red-

1127 2958 1248 3006 debat,
1263 2955 1325 2993 sed
1343 2952 1527 3002 contraria,
1557 2949 1879 2998 mansuetudinem,
1898 2946 2121 2986 elementiam

1128 3019 1332 3059 exhibebat.
1351 3017 1456 3054 Hunc
1469 3024 1503 3052 et
1523 3028 1587 3052 nos
1602 3013 1785 3051 imitemur
1806 3027 1813 3047 :
1839 3011 1890 3048 sic
1909 3009 2003 3048 enim
2019 3017 2119 3060 pote-

1129 3082 1240 3120 rimus
1252 3078 1346 3117 omni
1362 3075 1555 3129 ignominia
1572 3073 1732 3112 liberari.
1748 3074 1827 3111 Non
1843 3071 1938 3109 enim
1957 3069 2019 3121 qui
2039 3082 2122 3107 con-

1129 3143 1294 3187 viciatur,
1317 3139 1378 3178 sed
1397 3138 1459 3190 qui
1481 3138 1617 3190 dejecto
1637 3145 1688 3174 est
1707 3134 1826 3172 animo
1846 3142 1879 3171 et
1896 3132 2005 3179 dolet,
2028 3130 2122 3181 inju-

1080 3216 1104 3245 Ε
1131 3204 1194 3242 riis
1214 3203 1275 3240 dat
1289 3201 1407 3239 locum
1428 3208 1480 3247 ut,
1511 3199 1581 3235 illae
1609 3195 1793 3235 mordeant
1823 3204 1855 3232 et
1883 3200 2056 3246 pungant.
2083 3190 2121 3227 Si

1155 3341 1168 3355 a
1193 3327 1307 3360 Morel.
1329 3330 1396 3360 ἀλλ’
1415 3329 1445 3359 o)
1464 3325 1618 3358 καλύπτει,

2137 2658 2162 2677 ῐ.
2183 2647 2245 2675 Cor
2272 2656 2300 2674 rx
