<?xml version="1.0" encoding="UTF-8"?>
<!DOCTYPE html PUBLIC "-//W3C//DTD XHTML 1.0 Transitional//EN"
    "http://www.w3.org/TR/xhtml1/DTD/xhtml1-transitional.dtd">
<html xmlns="http://www.w3.org/1999/xhtml" xml:lang="en" lang="en">
 <head>
  <title>
</title>
<meta http-equiv="Content-Type" content="text/html;charset=utf-8" />
  <meta name='ocr-system' content='tesseract 3.04.00' />
  <meta name='ocr-capabilities' content='ocr_page ocr_carea ocr_par ocr_line ocrx_word'/>
</head>
<body>
  <div class='ocr_page' id='page_1' title='image "./operaomniaquaeex08johnuoft/operaomniaquaeex08johnuoft_0267.png"; bbox 0 0 2481 3678; ppageno 0'>
   <div class='ocr_carea' id='block_1_1' title="bbox 671 211 1149 241">
    <p class='ocr_par' dir='ltr' id='par_1_1' title="bbox 671 211 1149 241">
     <span class='ocr_line' id='line_1_1' title="bbox 671 211 1149 241; baseline 0.002 -3"><span class='ocrx_word' id='word_1_1' title='bbox 671 211 710 239; x_wconf 71' lang='grc' dir='ltr'><strong>ΙΝ</strong></span> <span class='ocrx_word' id='word_1_2' title='bbox 749 211 952 241; x_wconf 61' lang='grc' dir='ltr'><strong>,ΙΟΑΝἉΕΜ</strong></span> <span class='ocrx_word' id='word_1_3' title='bbox 991 211 1149 240; x_wconf 70' lang='lat' dir='ltr'><strong>notuit„</strong></span> 
     </span>
    </p>
   </div>
   <div class='ocr_carea' id='block_1_2' title="bbox 114 292 1137 707">
    <p class='ocr_par' dir='ltr' id='par_1_2' title="bbox 114 292 1137 707">
     <span class='ocr_line' id='line_1_2' title="bbox 115 292 1136 346; baseline 0 -18"><span class='ocrx_word' id='word_1_4' title='bbox 115 292 271 328; x_wconf 68' lang='grc' dir='ltr'>Ἔδωκεν</span> <span class='ocrx_word' id='word_1_5' title='bbox 294 294 376 342; x_wconf 73' lang='grc' dir='ltr'>ἡμῖν</span> <span class='ocrx_word' id='word_1_6' title='bbox 401 292 436 335; x_wconf 76' lang='grc' dir='ltr'><strong>ἐξ</strong></span> <span class='ocrx_word' id='word_1_7' title='bbox 458 294 568 343; x_wconf 63' lang='grc' dir='ltr'>ἀρχῆς</span> <span class='ocrx_word' id='word_1_8' title='bbox 587 295 604 329; x_wconf 77' lang='grc' dir='ltr'><em>ὃ</em></span> <span class='ocrx_word' id='word_1_9' title='bbox 625 294 713 335; x_wconf 80' lang='grc' dir='ltr'>Θεὸς</span> <span class='ocrx_word' id='word_1_10' title='bbox 744 293 920 346; x_wconf 74' lang='grc' dir='ltr'>ἐλεύθερον</span> <span class='ocrx_word' id='word_1_11' title='bbox 948 292 1136 345; x_wconf 66' lang='grc' dir='ltr'>φροντίδων</span> 
     </span>
     <span class='ocr_line' id='line_1_3' title="bbox 117 349 1136 406; baseline 0.002 -19"><span class='ocrx_word' id='word_1_12' title='bbox 117 349 189 400; x_wconf 73' lang='grc' dir='ltr'>βίον</span> <span class='ocrx_word' id='word_1_13' title='bbox 217 352 275 389; x_wconf 82' lang='grc' dir='ltr'><strong>καὶ</strong></span> <span class='ocrx_word' id='word_1_14' title='bbox 309 351 422 389; x_wconf 83' lang='grc' dir='ltr'>πόνων</span> <span class='ocrx_word' id='word_1_15' title='bbox 442 352 730 404; x_wconf 86' lang='grc' dir='ltr'>ἀπηλλαγμένον’</span> <span class='ocrx_word' id='word_1_16' title='bbox 761 355 822 391; x_wconf 84' lang='grc' dir='ltr'><strong>οὐκ</strong></span> <span class='ocrx_word' id='word_1_17' title='bbox 844 353 1069 406; x_wconf 77' lang='grc' dir='ltr'>ἐχρησάμεθα</span> <span class='ocrx_word' id='word_1_18' title='bbox 1091 354 1136 394; x_wconf 85' lang='grc' dir='ltr'><strong>εἷς</strong></span> 
     </span>
     <span class='ocr_line' id='line_1_4' title="bbox 116 411 1134 466; baseline 0.002 -18"><span class='ocrx_word' id='word_1_19' title='bbox 116 411 189 449; x_wconf 83' lang='grc' dir='ltr'>δέον</span> <span class='ocrx_word' id='word_1_20' title='bbox 209 415 259 464; x_wconf 80' lang='grc' dir='ltr'>τῷ</span> <span class='ocrx_word' id='word_1_21' title='bbox 283 412 400 464; x_wconf 81' lang='grc' dir='ltr'>δώρῳ,</span> <span class='ocrx_word' id='word_1_22' title='bbox 424 413 514 451; x_wconf 75' lang='grc' dir='ltr'>ἀλλὰ</span> <span class='ocrx_word' id='word_1_23' title='bbox 539 414 794 466; x_wconf 60' lang='grc' dir='ltr'>διεστράφημεν</span> <span class='ocrx_word' id='word_1_24' title='bbox 815 415 883 452; x_wconf 80' lang='grc' dir='ltr'>ὑπὸ</span> <span class='ocrx_word' id='word_1_25' title='bbox 905 416 967 460; x_wconf 82' lang='grc' dir='ltr'><strong>τῆς</strong></span> <span class='ocrx_word' id='word_1_26' title='bbox 988 412 1110 465; x_wconf 78' lang='grc' dir='ltr'>ἀργίας</span> <span class='ocrx_word' id='word_1_27' title='bbox 1125 442 1134 459; x_wconf 96' lang='grc'><strong>,</strong></span> 
     </span>
     <span class='ocr_line' id='line_1_5' title="bbox 115 473 1136 526; baseline 0.001 -17"><span class='ocrx_word' id='word_1_28' title='bbox 115 473 173 510; x_wconf 79' lang='grc' dir='ltr'><strong>καὶ</strong></span> <span class='ocrx_word' id='word_1_29' title='bbox 196 473 402 524; x_wconf 84' lang='grc' dir='ltr'>ἐξεπέσομεν</span> <span class='ocrx_word' id='word_1_30' title='bbox 422 479 481 512; x_wconf 85' lang='grc' dir='ltr'><strong>τοῦ</strong></span> <span class='ocrx_word' id='word_1_31' title='bbox 511 474 734 526; x_wconf 75' lang='grc' dir='ltr'>παραδείσου.</span> <span class='ocrx_word' id='word_1_32' title='bbox 765 475 833 513; x_wconf 80' lang='grc' dir='ltr'><strong>Διὰ</strong></span> <span class='ocrx_word' id='word_1_33' title='bbox 852 478 954 512; x_wconf 88' lang='grc' dir='ltr'>τοῦτο</span> <span class='ocrx_word' id='word_1_34' title='bbox 974 474 1136 511; x_wconf 84' lang='grc' dir='ltr'>ἐπίπονον</span> 
     </span>
     <span class='ocr_line' id='line_1_6' title="bbox 115 532 1137 586; baseline 0 -17"><span class='ocrx_word' id='word_1_35' title='bbox 115 534 277 580; x_wconf 82' lang='grc' dir='ltr'>ἐποίησεν</span> <span class='ocrx_word' id='word_1_36' title='bbox 309 537 410 584; x_wconf 78' lang='grc' dir='ltr'>ἡμῶν</span> <span class='ocrx_word' id='word_1_37' title='bbox 442 534 504 581; x_wconf 82' lang='grc' dir='ltr'><strong>τὴν</strong></span> <span class='ocrx_word' id='word_1_38' title='bbox 528 534 618 581; x_wconf 71' lang='grc' dir='ltr'>ζωὴν</span> <span class='ocrx_word' id='word_1_39' title='bbox 637 535 771 582; x_wconf 84' lang='grc' dir='ltr'>λοιπὸν,</span> <span class='ocrx_word' id='word_1_40' title='bbox 794 534 912 586; x_wconf 81' lang='grc' dir='ltr'>ὥσπερ</span> <span class='ocrx_word' id='word_1_41' title='bbox 941 532 1137 584; x_wconf 86' lang='grc' dir='ltr'>ἀπολογού-</span> 
     </span>
     <span class='ocr_line' id='line_1_7' title="bbox 114 594 1137 647; baseline 0.001 -18"><span class='ocrx_word' id='word_1_42' title='bbox 114 609 215 643; x_wconf 80' lang='grc' dir='ltr'>μενος</span> <span class='ocrx_word' id='word_1_43' title='bbox 231 597 280 645; x_wconf 82' lang='grc' dir='ltr'>τῷ</span> <span class='ocrx_word' id='word_1_44' title='bbox 296 594 387 644; x_wconf 85' lang='grc' dir='ltr'>γένει</span> <span class='ocrx_word' id='word_1_45' title='bbox 405 597 472 632; x_wconf 82' lang='grc' dir='ltr'><strong>τῶν</strong></span> <span class='ocrx_word' id='word_1_46' title='bbox 490 595 693 647; x_wconf 82' lang='grc' dir='ltr'>ἀνθρώπων,</span> <span class='ocrx_word' id='word_1_47' title='bbox 711 596 768 632; x_wconf 85' lang='grc' dir='ltr'><strong>καὶ</strong></span> <span class='ocrx_word' id='word_1_48' title='bbox 783 594 893 645; x_wconf 84' lang='grc' dir='ltr'>λέγων</span> <span class='ocrx_word' id='word_1_49' title='bbox 905 609 912 617; x_wconf 87' lang='grc'><em>·</em></span> <span class='ocrx_word' id='word_1_50' title='bbox 925 594 1039 631; x_wconf 84' lang='grc' dir='ltr'>ἔδωκα</span> <span class='ocrx_word' id='word_1_51' title='bbox 1052 609 1137 643; x_wconf 84' lang='grc' dir='ltr'>τρυ-</span> 
     </span>
     <span class='ocr_line' id='line_1_8' title="bbox 116 653 1135 707; baseline 0 -16"><span class='ocrx_word' id='word_1_52' title='bbox 116 660 182 705; x_wconf 70' lang='grc' dir='ltr'>φᾷν</span> <span class='ocrx_word' id='word_1_53' title='bbox 199 658 278 704; x_wconf 81' lang='grc' dir='ltr'>ὑμῖν</span> <span class='ocrx_word' id='word_1_54' title='bbox 296 654 329 699; x_wconf 82' lang='grc' dir='ltr'><strong>ἐξ</strong></span> <span class='ocrx_word' id='word_1_55' title='bbox 346 657 455 707; x_wconf 64' lang='grc' dir='ltr'>ἀρχῆς</span> <span class='ocrx_word' id='word_1_56' title='bbox 469 687 478 703; x_wconf 93' lang='grc'><strong>,</strong></span> <span class='ocrx_word' id='word_1_57' title='bbox 496 657 572 693; x_wconf 85' lang='grc' dir='ltr'>ἀλλ’</span> <span class='ocrx_word' id='word_1_58' title='bbox 591 656 746 706; x_wconf 80' lang='grc' dir='ltr'>ἐγένεσθε</span> <span class='ocrx_word' id='word_1_59' title='bbox 762 655 898 706; x_wconf 81' lang='grc' dir='ltr'>χείρους</span> <span class='ocrx_word' id='word_1_60' title='bbox 916 653 982 706; x_wconf 77' lang='grc' dir='ltr'><strong>1’τῇ</strong></span> <span class='ocrx_word' id='word_1_61' title='bbox 1001 654 1135 692; x_wconf 87' lang='grc' dir='ltr'>ἀνέσει·</span> 
     </span>
    </p>
   </div>
   <div class='ocr_carea' id='block_1_3' title="bbox 1190 196 2188 261">
    <p class='ocr_par' dir='ltr' id='par_1_3' title="bbox 1190 196 2188 261">
     <span class='ocr_line' id='line_1_9' title="bbox 1190 196 2188 261; baseline 0.008 -22"><span class='ocrx_word' id='word_1_62' title='bbox 1190 211 1347 240; x_wconf 62' lang='lat' dir='ltr'><strong>xxxvn</strong></span> <span class='ocrx_word' id='word_1_63' title='bbox 1388 196 1447 241; x_wconf 66' lang='lat' dir='ltr'><strong>aL</strong></span> <span class='ocrx_word' id='word_1_64' title='bbox 1486 213 1625 242; x_wconf 72' lang='lat' dir='ltr'><strong>xxxv.</strong></span> <span class='ocrx_word' id='word_1_65' title='bbox 2109 205 2188 261; x_wconf 62' lang='lat' dir='ltr'><strong>2i¹</strong></span> 
     </span>
    </p>
   </div>
   <div class='ocr_carea' id='block_1_4' title="bbox 1205 290 2195 710">
    <p class='ocr_par' dir='ltr' id='par_1_4' title="bbox 1205 290 2195 710">
     <span class='ocr_line' id='line_1_10' title="bbox 1212 290 2194 346; baseline 0.009 -19"><span class='ocrx_word' id='word_1_66' title='bbox 1212 290 1329 342; x_wconf 86' lang='lat' dir='ltr'><strong>ipsum</strong></span> <span class='ocrx_word' id='word_1_67' title='bbox 1348 305 1514 342; x_wconf 83' lang='lat' dir='ltr'><strong>quaerere.</strong></span> <span class='ocrx_word' id='word_1_68' title='bbox 1537 294 1710 339; x_wconf 62' lang='lat' dir='ltr'><strong>Quaenam</strong></span> <span class='ocrx_word' id='word_1_69' title='bbox 1742 295 1850 344; x_wconf 73' lang='lat' dir='ltr'><strong>igitur</strong></span> <span class='ocrx_word' id='word_1_70' title='bbox 1883 295 1988 346; x_wconf 72' lang='lat' dir='ltr'><strong>liujus</strong></span> <span class='ocrx_word' id='word_1_71' title='bbox 2020 299 2066 333; x_wconf 82' lang='lat' dir='ltr'><strong>rei</strong></span> <span class='ocrx_word' id='word_1_72' title='bbox 2092 314 2194 336; x_wconf 68' lang='lat' dir='ltr'><strong>rausa</strong></span> 
     </span>
     <span class='ocr_line' id='line_1_11' title="bbox 1209 351 2195 395; baseline 0.008 -8"><span class='ocrx_word' id='word_1_73' title='bbox 1209 351 1289 388; x_wconf 78' lang='lat' dir='ltr'><strong>esti‘</strong></span> <span class='ocrx_word' id='word_1_74' title='bbox 1315 351 1421 389; x_wconf 88' lang='lat' dir='ltr'><strong>Initio</strong></span> <span class='ocrx_word' id='word_1_75' title='bbox 1443 351 1542 390; x_wconf 83' lang='lat' dir='ltr'><strong>dedit</strong></span> <span class='ocrx_word' id='word_1_76' title='bbox 1567 353 1668 390; x_wconf 85' lang='lat' dir='ltr'><strong>nobis</strong></span> <span class='ocrx_word' id='word_1_77' title='bbox 1694 355 1791 391; x_wconf 85' lang='lat' dir='ltr'><strong>Deus</strong></span> <span class='ocrx_word' id='word_1_78' title='bbox 1818 355 1928 392; x_wconf 75' lang='lat' dir='ltr'><strong>vitam</strong></span> <span class='ocrx_word' id='word_1_79' title='bbox 1957 356 2195 395; x_wconf 83' lang='lat' dir='ltr'><strong>sollicitudine</strong></span> 
     </span>
     <span class='ocr_line' id='line_1_12' title="bbox 1208 409 2195 467; baseline 0.009 -20"><span class='ocrx_word' id='word_1_80' title='bbox 1208 409 1460 462; x_wconf 84' lang='lat' dir='ltr'>laboribusque</span> <span class='ocrx_word' id='word_1_81' title='bbox 1474 426 1642 449; x_wconf 80' lang='lat' dir='ltr'><strong>vacuam:</strong></span> <span class='ocrx_word' id='word_1_82' title='bbox 1658 412 1751 450; x_wconf 91' lang='lat' dir='ltr'><strong>dono</strong></span> <span class='ocrx_word' id='word_1_83' title='bbox 1762 414 1860 451; x_wconf 78' lang='lat' dir='ltr'><strong>abusi</strong></span> <span class='ocrx_word' id='word_1_84' title='bbox 1879 429 2016 465; x_wconf 72' lang='lat' dir='ltr'><strong>snmus,</strong></span> <span class='ocrx_word' id='word_1_85' title='bbox 2034 426 2137 467; x_wconf 83' lang='lat' dir='ltr'><strong>atque</strong></span> <span class='ocrx_word' id='word_1_86' title='bbox 2151 433 2195 456; x_wconf 78' lang='lat' dir='ltr'><strong>ex</strong></span> 
     </span>
     <span class='ocr_line' id='line_1_13' title="bbox 1208 472 2192 527; baseline 0.007 -18"><span class='ocrx_word' id='word_1_87' title='bbox 1208 472 1334 511; x_wconf 85' lang='lat' dir='ltr'><strong>inertia</strong></span> <span class='ocrx_word' id='word_1_88' title='bbox 1367 483 1462 511; x_wconf 86' lang='lat' dir='ltr'><strong>tanto</strong></span> <span class='ocrx_word' id='word_1_89' title='bbox 1489 475 1598 512; x_wconf 80' lang='lat' dir='ltr'>eversi</span> <span class='ocrx_word' id='word_1_90' title='bbox 1627 474 1739 518; x_wconf 80' lang='lat' dir='ltr'><strong>hono,</strong></span> <span class='ocrx_word' id='word_1_91' title='bbox 1760 476 1967 527; x_wconf 78' lang='lat' dir='ltr'>paradisum</span> <span class='ocrx_word' id='word_1_92' title='bbox 1997 478 2192 516; x_wconf 77' lang='lat' dir='ltr'><strong>amisimus.</strong></span> 
     </span>
     <span class='ocr_line' id='line_1_14' title="bbox 1206 532 2194 587; baseline 0.007 -17"><span class='ocrx_word' id='word_1_93' title='bbox 1206 532 1290 571; x_wconf 85' lang='lat' dir='ltr'><strong>Ideo</strong></span> <span class='ocrx_word' id='word_1_94' title='bbox 1325 534 1540 573; x_wconf 80' lang='lat' dir='ltr'>laboriosam</span> <span class='ocrx_word' id='word_1_95' title='bbox 1575 535 1782 574; x_wconf 89' lang='lat' dir='ltr'><strong>hominibus</strong></span> <span class='ocrx_word' id='word_1_96' title='bbox 1813 537 1923 574; x_wconf 81' lang='lat' dir='ltr'><strong>vitam</strong></span> <span class='ocrx_word' id='word_1_97' title='bbox 1961 538 2133 587; x_wconf 82' lang='lat' dir='ltr'><strong>reddidit,</strong></span> <span class='ocrx_word' id='word_1_98' title='bbox 2162 550 2194 578; x_wconf 85' lang='lat' dir='ltr'><strong>et</strong></span> 
     </span>
     <span class='ocr_line' id='line_1_15' title="bbox 1205 594 2192 651; baseline 0.007 -19"><span class='ocrx_word' id='word_1_99' title='bbox 1205 594 1303 646; x_wconf 86' lang='lat' dir='ltr'><strong>apud</strong></span> <span class='ocrx_word' id='word_1_100' title='bbox 1315 595 1515 633; x_wconf 87' lang='lat' dir='ltr'><strong>humanum</strong></span> <span class='ocrx_word' id='word_1_101' title='bbox 1540 609 1648 647; x_wconf 84' lang='lat' dir='ltr'><strong>genus</strong></span> <span class='ocrx_word' id='word_1_102' title='bbox 1661 597 1728 635; x_wconf 88' lang='lat' dir='ltr'><strong>hoc</strong></span> <span class='ocrx_word' id='word_1_103' title='bbox 1743 598 1813 634; x_wconf 85' lang='lat' dir='ltr'><strong>fere</strong></span> <span class='ocrx_word' id='word_1_104' title='bbox 1827 598 1933 636; x_wconf 88' lang='lat' dir='ltr'><strong>modo</strong></span> <span class='ocrx_word' id='word_1_105' title='bbox 1949 613 2022 637; x_wconf 83' lang='lat' dir='ltr'><strong>sese</strong></span> <span class='ocrx_word' id='word_1_106' title='bbox 2041 610 2168 651; x_wconf 77' lang='lat' dir='ltr'><strong>purgat</strong></span> <span class='ocrx_word' id='word_1_107' title='bbox 2185 618 2192 638; x_wconf 76' lang='lat' dir='ltr'><strong>t</strong></span> 
     </span>
     <span class='ocr_line' id='line_1_16' title="bbox 1205 656 2194 710; baseline 0.005 -17"><span class='ocrx_word' id='word_1_108' title='bbox 1205 656 1360 695; x_wconf 83' lang='lat' dir='ltr'><strong>Delicias</strong></span> <span class='ocrx_word' id='word_1_109' title='bbox 1383 672 1401 694; x_wconf 90' lang='lat' dir='ltr'><strong>a</strong></span> <span class='ocrx_word' id='word_1_110' title='bbox 1430 657 1606 710; x_wconf 86' lang='lat' dir='ltr'><strong>principio</strong></span> <span class='ocrx_word' id='word_1_111' title='bbox 1632 658 1716 696; x_wconf 88' lang='lat' dir='ltr'><strong>dedi</strong></span> <span class='ocrx_word' id='word_1_112' title='bbox 1744 659 1862 707; x_wconf 82' lang='lat' dir='ltr'><strong>vobis3</strong></span> <span class='ocrx_word' id='word_1_113' title='bbox 1889 659 1950 697; x_wconf 89' lang='lat' dir='ltr'><strong>sed</strong></span> <span class='ocrx_word' id='word_1_114' title='bbox 1979 674 2021 697; x_wconf 80' lang='lat' dir='ltr'><strong>ex</strong></span> <span class='ocrx_word' id='word_1_115' title='bbox 2054 661 2194 698; x_wconf 80' lang='lat' dir='ltr'><strong>lenitate</strong></span> 
     </span>
    </p>
   </div>
   <div class='ocr_carea' id='block_1_5' title="bbox 116 714 2192 765">
    <p class='ocr_par' dir='ltr' id='par_1_5' title="bbox 116 714 2192 765">
     <span class='ocr_line' id='line_1_17' title="bbox 116 714 2192 765; baseline 0.004 -13"><span class='ocrx_word' id='word_1_116' title='bbox 116 714 172 753; x_wconf 78' lang='grc' dir='ltr'><strong>διὰ</strong></span> <span class='ocrx_word' id='word_1_117' title='bbox 187 718 286 753; x_wconf 86' lang='grc' dir='ltr'>τοῦτο</span> <span class='ocrx_word' id='word_1_118' title='bbox 302 716 467 754; x_wconf 80' lang='grc' dir='ltr'>ἐκέλευσα</span> <span class='ocrx_word' id='word_1_119' title='bbox 486 717 606 754; x_wconf 81' lang='grc' dir='ltr'>λοιπὸν</span> <span class='ocrx_word' id='word_1_120' title='bbox 621 717 745 758; x_wconf 83' lang='grc' dir='ltr'>πόνους</span> <span class='ocrx_word' id='word_1_121' title='bbox 762 718 843 765; x_wconf 82' lang='grc' dir='ltr'>ὑμῖν</span> <span class='ocrx_word' id='word_1_122' title='bbox 860 717 1060 761; x_wconf 75' lang='grc' dir='ltr'>ἐπιτεθῆναι</span> <span class='ocrx_word' id='word_1_123' title='bbox 1077 715 1136 753; x_wconf 85' lang='grc' dir='ltr'><strong>καὶ</strong></span> <span class='ocrx_word' id='word_1_124' title='bbox 1157 723 1182 754; x_wconf 90' lang='grc' dir='ltr'>Β</span> <span class='ocrx_word' id='word_1_125' title='bbox 1206 730 1280 754; x_wconf 89' lang='lat' dir='ltr'><strong>mea</strong></span> <span class='ocrx_word' id='word_1_126' title='bbox 1301 717 1492 756; x_wconf 87' lang='lat' dir='ltr'><strong>deteriores</strong></span> <span class='ocrx_word' id='word_1_127' title='bbox 1511 718 1670 757; x_wconf 75' lang='lat' dir='ltr'><strong>evasistis</strong></span> <span class='ocrx_word' id='word_1_128' title='bbox 1689 735 1696 755; x_wconf 73' lang='grc' dir='ltr'><em>τ</em></span> <span class='ocrx_word' id='word_1_129' title='bbox 1715 719 1793 758; x_wconf 91' lang='lat' dir='ltr'><strong>ideo</strong></span> <span class='ocrx_word' id='word_1_130' title='bbox 1807 721 1990 759; x_wconf 81' lang='lat' dir='ltr'><strong>laboribus</strong></span> <span class='ocrx_word' id='word_1_131' title='bbox 2005 736 2067 759; x_wconf 79' lang='lat' dir='ltr'><strong>vos</strong></span> <span class='ocrx_word' id='word_1_132' title='bbox 2087 722 2192 760; x_wconf 86' lang='lat' dir='ltr'><strong>sudo-</strong></span> 
     </span>
    </p>
   </div>
   <div class='ocr_carea' id='block_1_6' title="bbox 114 775 1138 1499">
    <p class='ocr_par' dir='ltr' id='par_1_6' title="bbox 114 775 1138 1499">
     <span class='ocr_line' id='line_1_18' title="bbox 114 775 1136 828; baseline 0.001 -16"><span class='ocrx_word' id='word_1_133' title='bbox 114 777 274 827; x_wconf 74' lang='grc' dir='ltr'>ἱδρῶτας.</span> <span class='ocrx_word' id='word_1_134' title='bbox 292 777 437 823; x_wconf 75' lang='grc' dir='ltr'>Ἐπειδὴ</span> <span class='ocrx_word' id='word_1_135' title='bbox 469 777 504 814; x_wconf 84' lang='grc' dir='ltr'><strong>δὲ</strong></span> <span class='ocrx_word' id='word_1_136' title='bbox 535 776 611 814; x_wconf 81' lang='grc' dir='ltr'>οὐδὲ</span> <span class='ocrx_word' id='word_1_137' title='bbox 642 778 768 818; x_wconf 82' lang='grc' dir='ltr'>ἐκεῖνος</span> <span class='ocrx_word' id='word_1_138' title='bbox 791 783 951 828; x_wconf 70' lang='grc' dir='ltr'>κατεῖχεν</span> <span class='ocrx_word' id='word_1_139' title='bbox 973 778 990 813; x_wconf 88' lang='grc' dir='ltr'>ὁ</span> <span class='ocrx_word' id='word_1_140' title='bbox 1010 775 1111 819; x_wconf 83' lang='grc' dir='ltr'>πόνος</span> <span class='ocrx_word' id='word_1_141' title='bbox 1127 807 1136 823; x_wconf 85' lang='grc'><strong>,</strong></span> 
     </span>
     <span class='ocr_line' id='line_1_19' title="bbox 115 836 1136 889; baseline 0.002 -15"><span class='ocrx_word' id='word_1_142' title='bbox 115 838 221 875; x_wconf 78' lang='grc' dir='ltr'>ἔδωκε</span> <span class='ocrx_word' id='word_1_143' title='bbox 241 839 346 876; x_wconf 74' lang='grc' dir='ltr'>πάλιν</span> <span class='ocrx_word' id='word_1_144' title='bbox 363 838 465 888; x_wconf 84' lang='grc' dir='ltr'>νόμον</span> <span class='ocrx_word' id='word_1_145' title='bbox 490 837 620 880; x_wconf 85' lang='grc' dir='ltr'>πολλὰς</span> <span class='ocrx_word' id='word_1_146' title='bbox 644 836 768 889; x_wconf 75' lang='grc' dir='ltr'>ἔχοντα</span> <span class='ocrx_word' id='word_1_147' title='bbox 796 837 956 885; x_wconf 80' lang='grc' dir='ltr'>ἐντολὰς,</span> <span class='ocrx_word' id='word_1_148' title='bbox 978 838 1136 889; x_wconf 79' lang='grc' dir='ltr'>καθάπερ</span> 
     </span>
     <span class='ocr_line' id='line_1_20' title="bbox 114 898 1136 951; baseline 0.002 -16"><span class='ocrx_word' id='word_1_149' title='bbox 114 898 180 935; x_wconf 77' lang='grc' dir='ltr'>τινὶ</span> <span class='ocrx_word' id='word_1_150' title='bbox 199 898 295 951; x_wconf 76' lang='grc' dir='ltr'>ἵππῳ</span> <span class='ocrx_word' id='word_1_151' title='bbox 320 899 469 950; x_wconf 82' lang='grc' dir='ltr'>δυσηνίῳ</span> <span class='ocrx_word' id='word_1_152' title='bbox 488 899 614 950; x_wconf 75' lang='grc' dir='ltr'>ψέλλια</span> <span class='ocrx_word' id='word_1_153' title='bbox 637 898 695 936; x_wconf 83' lang='grc' dir='ltr'><strong>καὶ</strong></span> <span class='ocrx_word' id='word_1_154' title='bbox 719 898 825 941; x_wconf 85' lang='grc' dir='ltr'>πέδας</span> <span class='ocrx_word' id='word_1_155' title='bbox 845 899 1026 946; x_wconf 82' lang='grc' dir='ltr'>ἐπιτιθεὶς,</span> <span class='ocrx_word' id='word_1_156' title='bbox 1046 898 1136 937; x_wconf 83' lang='grc' dir='ltr'>ὥστε</span> 
     </span>
     <span class='ocr_line' id='line_1_21' title="bbox 115 958 1138 1011; baseline 0.001 -15"><span class='ocrx_word' id='word_1_157' title='bbox 115 961 216 998; x_wconf 77' lang='grc' dir='ltr'>αὐτοῦ</span> <span class='ocrx_word' id='word_1_158' title='bbox 232 959 275 997; x_wconf 78' lang='grc' dir='ltr'>τὰ</span> <span class='ocrx_word' id='word_1_159' title='bbox 295 959 517 1011; x_wconf 75' lang='grc' dir='ltr'>σκιρτήματα</span> <span class='ocrx_word' id='word_1_160' title='bbox 537 961 713 1011; x_wconf 78' lang='grc' dir='ltr'>ἐπισχεῖν·</span> <span class='ocrx_word' id='word_1_161' title='bbox 730 958 818 996; x_wconf 81' lang='grc' dir='ltr'>οὕτω</span> <span class='ocrx_word' id='word_1_162' title='bbox 837 959 895 996; x_wconf 81' lang='grc' dir='ltr'><strong>καὶ</strong></span> <span class='ocrx_word' id='word_1_163' title='bbox 918 960 949 996; x_wconf 77' lang='grc' dir='ltr'><strong>οἱ</strong></span> <span class='ocrx_word' id='word_1_164' title='bbox 976 959 1138 997; x_wconf 64' lang='grc' dir='ltr'>πιιιλοδοὶ-</span> 
     </span>
     <span class='ocr_line' id='line_1_22' title="bbox 115 1018 1137 1069; baseline 0.002 -14"><span class='ocrx_word' id='word_1_165' title='bbox 115 1034 198 1069; x_wconf 86' lang='grc' dir='ltr'>μναι</span> <span class='ocrx_word' id='word_1_166' title='bbox 222 1022 373 1067; x_wconf 69' lang='grc' dir='ltr'>ποιοῦσι.</span> <span class='ocrx_word' id='word_1_167' title='bbox 407 1018 474 1056; x_wconf 77' lang='grc' dir='ltr'><strong>Διὰ</strong></span> <span class='ocrx_word' id='word_1_168' title='bbox 503 1022 605 1056; x_wconf 85' lang='grc' dir='ltr'>τοῦτο</span> <span class='ocrx_word' id='word_1_169' title='bbox 623 1018 787 1062; x_wconf 81' lang='grc' dir='ltr'>ἐπίπονος</span> <span class='ocrx_word' id='word_1_170' title='bbox 806 1023 824 1057; x_wconf 81' lang='grc' dir='ltr'>ὁ</span> <span class='ocrx_word' id='word_1_171' title='bbox 848 1019 940 1067; x_wconf 80' lang='grc' dir='ltr'>βίος,</span> <span class='ocrx_word' id='word_1_172' title='bbox 963 1019 1081 1065; x_wconf 82' lang='grc' dir='ltr'>ἐπειδὴ</span> <span class='ocrx_word' id='word_1_173' title='bbox 1099 1019 1137 1057; x_wconf 78' lang='grc' dir='ltr'>τὸ</span> 
     </span>
     <span class='ocr_line' id='line_1_23' title="bbox 115 1079 1137 1132; baseline 0 -15"><span class='ocrx_word' id='word_1_174' title='bbox 115 1079 163 1130; x_wconf 77' lang='grc' dir='ltr'><strong>μὴ</strong></span> <span class='ocrx_word' id='word_1_175' title='bbox 179 1086 293 1117; x_wconf 88' lang='grc' dir='ltr'>πονεῖν</span> <span class='ocrx_word' id='word_1_176' title='bbox 309 1079 515 1132; x_wconf 65' lang='grc' dir='ltr'>διαφθείρειν</span> <span class='ocrx_word' id='word_1_177' title='bbox 533 1083 626 1130; x_wconf 71' lang='grc' dir='ltr'>ἡμᾶς</span> <span class='ocrx_word' id='word_1_178' title='bbox 641 1080 769 1118; x_wconf 80' lang='grc' dir='ltr'>εἴωθεν.</span> <span class='ocrx_word' id='word_1_179' title='bbox 780 1080 824 1119; x_wconf 82' lang='grc' dir='ltr'><strong>ἹΙ</strong></span> <span class='ocrx_word' id='word_1_180' title='bbox 843 1081 909 1132; x_wconf 82' lang='grc' dir='ltr'>γὰρ</span> <span class='ocrx_word' id='word_1_181' title='bbox 927 1080 1026 1132; x_wconf 80' lang='grc' dir='ltr'>φύσις</span> <span class='ocrx_word' id='word_1_182' title='bbox 1036 1084 1137 1131; x_wconf 77' lang='grc' dir='ltr'>ἡμῶν</span> 
     </span>
     <span class='ocr_line' id='line_1_24' title="bbox 115 1141 1137 1194; baseline -0.001 -16"><span class='ocrx_word' id='word_1_183' title='bbox 115 1143 230 1193; x_wconf 86' lang='grc' dir='ltr'>ἀργεῖν</span> <span class='ocrx_word' id='word_1_184' title='bbox 249 1142 311 1178; x_wconf 80' lang='grc' dir='ltr'><strong>οὐκ</strong></span> <span class='ocrx_word' id='word_1_185' title='bbox 327 1141 509 1193; x_wconf 75' lang='grc' dir='ltr'>ἀνέχεται,</span> <span class='ocrx_word' id='word_1_186' title='bbox 529 1141 619 1179; x_wconf 76' lang='grc' dir='ltr'>ἀλλὰ</span> <span class='ocrx_word' id='word_1_187' title='bbox 637 1142 722 1192; x_wconf 80' lang='grc' dir='ltr'>πρὸς</span> <span class='ocrx_word' id='word_1_188' title='bbox 741 1141 866 1179; x_wconf 85' lang='grc' dir='ltr'>κακίαν</span> <span class='ocrx_word' id='word_1_189' title='bbox 885 1141 1064 1179; x_wconf 71' lang='grc' dir='ltr'>ἀποκλίνει</span> <span class='ocrx_word' id='word_1_190' title='bbox 1080 1145 1137 1194; x_wconf 68' lang='grc' dir='ltr'><strong>ῥα·</strong></span> 
     </span>
     <span class='ocr_line' id='line_1_25' title="bbox 115 1202 1134 1254; baseline 0 -14"><span class='ocrx_word' id='word_1_191' title='bbox 115 1202 204 1246; x_wconf 82' lang='grc' dir='ltr'>δίως.</span> <span class='ocrx_word' id='word_1_192' title='bbox 224 1205 354 1254; x_wconf 78' lang='grc' dir='ltr'>Θῶμεν</span> <span class='ocrx_word' id='word_1_193' title='bbox 370 1203 438 1254; x_wconf 76' lang='grc' dir='ltr'>γὰρ</span> <span class='ocrx_word' id='word_1_194' title='bbox 458 1203 506 1253; x_wconf 75' lang='grc' dir='ltr'><strong>μὴ</strong></span> <span class='ocrx_word' id='word_1_195' title='bbox 526 1204 657 1240; x_wconf 83' lang='grc' dir='ltr'>δεῖσθαι</span> <span class='ocrx_word' id='word_1_196' title='bbox 677 1203 790 1240; x_wconf 82' lang='grc' dir='ltr'>πόνων</span> <span class='ocrx_word' id='word_1_197' title='bbox 806 1204 862 1241; x_wconf 78' lang='grc' dir='ltr'><strong>τὸν</strong></span> <span class='ocrx_word' id='word_1_198' title='bbox 879 1207 1134 1254; x_wconf 70' lang='grc' dir='ltr'>σωφρονοῦντα,</span> 
     </span>
     <span class='ocr_line' id='line_1_26' title="bbox 116 1263 1137 1315; baseline 0 -15"><span class='ocrx_word' id='word_1_199' title='bbox 116 1263 204 1313; x_wconf 75' lang='grc' dir='ltr'>μηδὲ</span> <span class='ocrx_word' id='word_1_200' title='bbox 222 1263 280 1301; x_wconf 86' lang='grc' dir='ltr'><strong>τὸν</strong></span> <span class='ocrx_word' id='word_1_201' title='bbox 304 1264 366 1311; x_wconf 80' lang='grc' dir='ltr'><strong>τὴν</strong></span> <span class='ocrx_word' id='word_1_202' title='bbox 387 1264 495 1311; x_wconf 82' lang='grc' dir='ltr'>ἄλλην</span> <span class='ocrx_word' id='word_1_203' title='bbox 517 1264 643 1315; x_wconf 79' lang='grc' dir='ltr'>ἀρετὴν</span> <span class='ocrx_word' id='word_1_204' title='bbox 664 1267 896 1315; x_wconf 85' lang='grc' dir='ltr'>κατορθοῦντα</span> <span class='ocrx_word' id='word_1_205' title='bbox 912 1293 921 1310; x_wconf 85' lang='grc'><strong>,</strong></span> <span class='ocrx_word' id='word_1_206' title='bbox 951 1263 1041 1302; x_wconf 78' lang='grc' dir='ltr'>ἀλλὰ</span> <span class='ocrx_word' id='word_1_207' title='bbox 1070 1279 1137 1301; x_wconf 85' lang='grc' dir='ltr'><strong>κα-</strong></span> 
     </span>
     <span class='ocr_line' id='line_1_27' title="bbox 115 1323 1134 1376; baseline 0.001 -15"><span class='ocrx_word' id='word_1_208' title='bbox 115 1323 294 1368; x_wconf 83' lang='grc' dir='ltr'>θεύδοντας</span> <span class='ocrx_word' id='word_1_209' title='bbox 313 1326 429 1363; x_wconf 70' lang='grc' dir='ltr'>πάντα</span> <span class='ocrx_word' id='word_1_210' title='bbox 454 1325 564 1363; x_wconf 79' lang='grc' dir='ltr'>ἀνύειν</span> <span class='ocrx_word' id='word_1_211' title='bbox 581 1341 588 1348; x_wconf 89' lang='grc'>·</span> <span class='ocrx_word' id='word_1_212' title='bbox 605 1330 671 1364; x_wconf 86' lang='grc' dir='ltr'><strong>ποῦ</strong></span> <span class='ocrx_word' id='word_1_213' title='bbox 691 1325 729 1361; x_wconf 78' lang='grc' dir='ltr'><strong>ἂν</strong></span> <span class='ocrx_word' id='word_1_214' title='bbox 746 1324 974 1376; x_wconf 72' lang='grc' dir='ltr'>ἐχρησάμεθα</span> <span class='ocrx_word' id='word_1_215' title='bbox 992 1328 1034 1376; x_wconf 76' lang='grc' dir='ltr'>τῇ</span> <span class='ocrx_word' id='word_1_216' title='bbox 1057 1324 1134 1363; x_wconf 88' lang='grc' dir='ltr'>ἀνέ-</span> 
     </span>
     <span class='ocr_line' id='line_1_28' title="bbox 115 1380 1137 1438; baseline 0.001 -15"><span class='ocrx_word' id='word_1_217' title='bbox 115 1402 168 1423; x_wconf 88' lang='grc' dir='ltr'><strong>σει</strong></span> <span class='ocrx_word' id='word_1_218' title='bbox 184 1403 192 1433; x_wconf 82' lang='lat'>3</span> <span class='ocrx_word' id='word_1_219' title='bbox 212 1380 278 1438; x_wconf 70' lang='grc' dir='ltr'><strong>ἀρα</strong></span> <span class='ocrx_word' id='word_1_220' title='bbox 297 1389 357 1424; x_wconf 79' lang='grc' dir='ltr'><strong>οὐκ</strong></span> <span class='ocrx_word' id='word_1_221' title='bbox 378 1387 416 1423; x_wconf 75' lang='grc' dir='ltr'><strong>ἂν</strong></span> <span class='ocrx_word' id='word_1_222' title='bbox 433 1387 517 1437; x_wconf 76' lang='grc' dir='ltr'>πρὸς</span> <span class='ocrx_word' id='word_1_223' title='bbox 536 1386 700 1424; x_wconf 78' lang='grc' dir='ltr'>ἀπόνοιαν</span> <span class='ocrx_word' id='word_1_224' title='bbox 716 1386 775 1423; x_wconf 82' lang='grc' dir='ltr'><strong>καὶ</strong></span> <span class='ocrx_word' id='word_1_225' title='bbox 792 1386 1011 1433; x_wconf 72' lang='grc' dir='ltr'>ἀλαζονείαν,</span> <span class='ocrx_word' id='word_1_226' title='bbox 1032 1385 1137 1424; x_wconf 79' lang='grc' dir='ltr'>Ἀλλὰ</span> 
     </span>
     <span class='ocr_line' id='line_1_29' title="bbox 115 1445 1136 1499; baseline -0.001 -15"><span class='ocrx_word' id='word_1_227' title='bbox 115 1447 229 1492; x_wconf 81' lang='grc' dir='ltr'>διατί,</span> <span class='ocrx_word' id='word_1_228' title='bbox 249 1447 345 1499; x_wconf 72' lang='grc' dir='ltr'>φησὶ,</span> <span class='ocrx_word' id='word_1_229' title='bbox 371 1448 482 1493; x_wconf 84' lang='grc' dir='ltr'>πολλὴ</span> <span class='ocrx_word' id='word_1_230' title='bbox 516 1447 577 1497; x_wconf 80' lang='grc' dir='ltr'><strong>μὲν</strong></span> <span class='ocrx_word' id='word_1_231' title='bbox 594 1450 616 1492; x_wconf 78' lang='grc' dir='ltr'>ἡ</span> <span class='ocrx_word' id='word_1_232' title='bbox 637 1447 745 1493; x_wconf 80' lang='grc' dir='ltr'>ἡδονὴ</span> <span class='ocrx_word' id='word_1_233' title='bbox 772 1449 815 1497; x_wconf 77' lang='grc' dir='ltr'>τῇ</span> <span class='ocrx_word' id='word_1_234' title='bbox 836 1446 953 1496; x_wconf 82' lang='grc' dir='ltr'>κακίᾳ,</span> <span class='ocrx_word' id='word_1_235' title='bbox 978 1446 1085 1490; x_wconf 81' lang='grc' dir='ltr'>πολὺς</span> <span class='ocrx_word' id='word_1_236' title='bbox 1101 1445 1136 1483; x_wconf 80' lang='grc' dir='ltr'><strong>δὲ</strong></span> 
     </span>
    </p>
   </div>
   <div class='ocr_carea' id='block_1_7' title="bbox 1202 779 2194 1513">
    <p class='ocr_par' dir='ltr' id='par_1_7' title="bbox 1202 779 2194 1513">
     <span class='ocr_line' id='line_1_30' title="bbox 1205 779 2192 834; baseline 0.007 -19"><span class='ocrx_word' id='word_1_237' title='bbox 1205 779 1374 830; x_wconf 85' lang='lat' dir='ltr'><strong>ribusque</strong></span> <span class='ocrx_word' id='word_1_238' title='bbox 1389 779 1526 818; x_wconf 81' lang='lat' dir='ltr'><strong>addixi.</strong></span> <span class='ocrx_word' id='word_1_239' title='bbox 1544 781 1634 819; x_wconf 88' lang='lat' dir='ltr'><strong>Cum</strong></span> <span class='ocrx_word' id='word_1_240' title='bbox 1654 791 1772 820; x_wconf 88' lang='lat' dir='ltr'><strong>autem</strong></span> <span class='ocrx_word' id='word_1_241' title='bbox 1792 796 1836 820; x_wconf 91' lang='lat' dir='ltr'><strong>ne</strong></span> <span class='ocrx_word' id='word_1_242' title='bbox 1853 783 1914 820; x_wconf 89' lang='lat' dir='ltr'><strong>illc</strong></span> <span class='ocrx_word' id='word_1_243' title='bbox 1934 783 2077 834; x_wconf 86' lang='lat' dir='ltr'><strong>quidem</strong></span> <span class='ocrx_word' id='word_1_244' title='bbox 2094 784 2192 822; x_wconf 88' lang='lat' dir='ltr'><strong>labor</strong></span> 
     </span>
     <span class='ocr_line' id='line_1_31' title="bbox 1205 841 2191 897; baseline 0.007 -20"><span class='ocrx_word' id='word_1_245' title='bbox 1205 854 1266 878; x_wconf 85' lang='lat' dir='ltr'><strong>vos</strong></span> <span class='ocrx_word' id='word_1_246' title='bbox 1281 841 1478 886; x_wconf 73' lang='lat' dir='ltr'><strong>cohiberet,</strong></span> <span class='ocrx_word' id='word_1_247' title='bbox 1500 842 1613 894; x_wconf 82' lang='lat' dir='ltr'><strong>legem</strong></span> <span class='ocrx_word' id='word_1_248' title='bbox 1638 858 1760 882; x_wconf 85' lang='lat' dir='ltr'><strong>rursus</strong></span> <span class='ocrx_word' id='word_1_249' title='bbox 1776 843 1874 881; x_wconf 85' lang='lat' dir='ltr'><strong>dedit</strong></span> <span class='ocrx_word' id='word_1_250' title='bbox 1891 855 2062 897; x_wconf 60' lang='lat' dir='ltr'><strong>praecepta</strong></span> <span class='ocrx_word' id='word_1_251' title='bbox 2079 847 2191 884; x_wconf 83' lang='lat' dir='ltr'><strong>multa</strong></span> 
     </span>
     <span class='ocr_line' id='line_1_32' title="bbox 1204 903 2191 958; baseline 0.008 -19"><span class='ocrx_word' id='word_1_252' title='bbox 1204 903 1506 955; x_wconf 71' lang='lat' dir='ltr'><strong>complectentem,</strong></span> <span class='ocrx_word' id='word_1_253' title='bbox 1521 919 1583 943; x_wconf 85' lang='lat' dir='ltr'><strong>ceu</strong></span> <span class='ocrx_word' id='word_1_254' title='bbox 1596 906 1738 943; x_wconf 86' lang='lat' dir='ltr'><strong>cuidam</strong></span> <span class='ocrx_word' id='word_1_255' title='bbox 1754 906 1926 944; x_wconf 86' lang='lat' dir='ltr'><strong>indomito</strong></span> <span class='ocrx_word' id='word_1_256' title='bbox 1944 922 2034 958; x_wconf 87' lang='lat' dir='ltr'><strong>equo</strong></span> <span class='ocrx_word' id='word_1_257' title='bbox 2053 909 2191 947; x_wconf 85' lang='lat' dir='ltr'><strong>frenum</strong></span> 
     </span>
     <span class='ocr_line' id='line_1_33' title="bbox 1203 965 2193 1019; baseline 0.007 -18"><span class='ocrx_word' id='word_1_258' title='bbox 1203 973 1235 1002; x_wconf 91' lang='lat' dir='ltr'><strong>et</strong></span> <span class='ocrx_word' id='word_1_259' title='bbox 1252 965 1451 1017; x_wconf 74' lang='lat' dir='ltr'><strong>compedes,</strong></span> <span class='ocrx_word' id='word_1_260' title='bbox 1467 975 1505 1003; x_wconf 89' lang='lat' dir='ltr'><strong>ut</strong></span> <span class='ocrx_word' id='word_1_261' title='bbox 1520 967 1595 1018; x_wconf 85' lang='lat' dir='ltr'><strong>ejus</strong></span> <span class='ocrx_word' id='word_1_262' title='bbox 1608 967 1781 1019; x_wconf 86' lang='lat' dir='ltr'><strong>impetum</strong></span> <span class='ocrx_word' id='word_1_263' title='bbox 1803 977 1975 1017; x_wconf 81' lang='lat' dir='ltr'><strong>coerceat3</strong></span> <span class='ocrx_word' id='word_1_264' title='bbox 1993 969 2043 1006; x_wconf 88' lang='lat' dir='ltr'><strong>sic</strong></span> <span class='ocrx_word' id='word_1_265' title='bbox 2060 970 2193 1008; x_wconf 80' lang='lat' dir='ltr'><strong>faciunt</strong></span> 
     </span>
     <span class='ocr_line' id='line_1_34' title="bbox 1202 1026 2191 1077; baseline 0.005 -13"><span class='ocrx_word' id='word_1_266' title='bbox 1202 1040 1373 1077; x_wconf 85' lang='lat' dir='ltr'><strong>equorum</strong></span> <span class='ocrx_word' id='word_1_267' title='bbox 1406 1026 1609 1066; x_wconf 83' lang='lat' dir='ltr'><strong>domitores.</strong></span> <span class='ocrx_word' id='word_1_268' title='bbox 1633 1028 1716 1066; x_wconf 88' lang='lat' dir='ltr'><strong>ldeo</strong></span> <span class='ocrx_word' id='word_1_269' title='bbox 1738 1029 1811 1067; x_wconf 74' lang='lat' dir='ltr'><strong>vita</strong></span> <span class='ocrx_word' id='word_1_270' title='bbox 1831 1029 2006 1067; x_wconf 87' lang='lat' dir='ltr'><strong>laboriosa</strong></span> <span class='ocrx_word' id='word_1_271' title='bbox 2031 1031 2191 1069; x_wconf 87' lang='lat' dir='ltr'><strong>instituta</strong></span> 
     </span>
     <span class='ocr_line' id='line_1_35' title="bbox 1203 1088 2194 1142; baseline 0.006 -18"><span class='ocrx_word' id='word_1_272' title='bbox 1203 1096 1253 1125; x_wconf 89' lang='lat' dir='ltr'><strong>est</strong></span> <span class='ocrx_word' id='word_1_273' title='bbox 1264 1118 1274 1137; x_wconf 87' lang='lat'><strong>,</strong></span> <span class='ocrx_word' id='word_1_274' title='bbox 1309 1088 1391 1139; x_wconf 86' lang='lat' dir='ltr'><strong>quia</strong></span> <span class='ocrx_word' id='word_1_275' title='bbox 1430 1090 1543 1126; x_wconf 88' lang='lat' dir='ltr'><strong>otium</strong></span> <span class='ocrx_word' id='word_1_276' title='bbox 1583 1103 1644 1127; x_wconf 89' lang='lat' dir='ltr'><strong>nos</strong></span> <span class='ocrx_word' id='word_1_277' title='bbox 1671 1104 1896 1142; x_wconf 86' lang='lat' dir='ltr'><strong>corrumpere</strong></span> <span class='ocrx_word' id='word_1_278' title='bbox 1928 1091 2025 1129; x_wconf 84' lang='lat' dir='ltr'><strong>solet.</strong></span> <span class='ocrx_word' id='word_1_279' title='bbox 2061 1094 2194 1130; x_wconf 80' lang='lat' dir='ltr'><strong>Natura</strong></span> 
     </span>
     <span class='ocr_line' id='line_1_36' title="bbox 1203 1148 2193 1201; baseline 0.006 -16"><span class='ocrx_word' id='word_1_280' title='bbox 1203 1148 1336 1201; x_wconf 87' lang='lat' dir='ltr'><strong>quippe</strong></span> <span class='ocrx_word' id='word_1_281' title='bbox 1356 1158 1473 1187; x_wconf 87' lang='lat' dir='ltr'><strong>nostra</strong></span> <span class='ocrx_word' id='word_1_282' title='bbox 1491 1149 1665 1187; x_wconf 84' lang='lat' dir='ltr'><strong>desidiam</strong></span> <span class='ocrx_word' id='word_1_283' title='bbox 1687 1165 1755 1188; x_wconf 90' lang='lat' dir='ltr'><strong>non</strong></span> <span class='ocrx_word' id='word_1_284' title='bbox 1773 1152 1856 1199; x_wconf 88' lang='lat' dir='ltr'><strong>fert,</strong></span> <span class='ocrx_word' id='word_1_285' title='bbox 1874 1151 1934 1189; x_wconf 81' lang='lat' dir='ltr'><strong>sed</strong></span> <span class='ocrx_word' id='word_1_286' title='bbox 1953 1153 2055 1190; x_wconf 82' lang='lat' dir='ltr'><strong>facile</strong></span> <span class='ocrx_word' id='word_1_287' title='bbox 2074 1153 2119 1191; x_wconf 87' lang='lat' dir='ltr'><strong>ad</strong></span> <span class='ocrx_word' id='word_1_288' title='bbox 2141 1155 2193 1191; x_wconf 84' lang='lat' dir='ltr'><strong>vi-</strong></span> 
     </span>
     <span class='ocr_line' id='line_1_37' title="bbox 1203 1209 2192 1264; baseline 0.007 -18"><span class='ocrx_word' id='word_1_289' title='bbox 1203 1209 1250 1246; x_wconf 87' lang='lat' dir='ltr'><strong>tia</strong></span> <span class='ocrx_word' id='word_1_290' title='bbox 1281 1209 1448 1249; x_wconf 86' lang='lat' dir='ltr'><strong>deflectit.</strong></span> <span class='ocrx_word' id='word_1_291' title='bbox 1473 1211 1652 1248; x_wconf 88' lang='lat' dir='ltr'><strong>Ponamus</strong></span> <span class='ocrx_word' id='word_1_292' title='bbox 1683 1211 1776 1249; x_wconf 88' lang='lat' dir='ltr'><strong>enim</strong></span> <span class='ocrx_word' id='word_1_293' title='bbox 1807 1214 2038 1264; x_wconf 84' lang='lat' dir='ltr'><strong>temperanti,</strong></span> <span class='ocrx_word' id='word_1_294' title='bbox 2071 1225 2108 1252; x_wconf 87' lang='lat' dir='ltr'><strong>nt</strong></span> <span class='ocrx_word' id='word_1_295' title='bbox 2130 1230 2192 1254; x_wconf 87' lang='lat' dir='ltr'><strong>nee</strong></span> 
     </span>
     <span class='ocr_line' id='line_1_38' title="bbox 1203 1270 2192 1321; baseline 0.008 -15"><span class='ocrx_word' id='word_1_296' title='bbox 1203 1270 1290 1307; x_wconf 84' lang='lat' dir='ltr'><strong>alias</strong></span> <span class='ocrx_word' id='word_1_297' title='bbox 1308 1270 1456 1309; x_wconf 84' lang='lat' dir='ltr'><strong>virtutes</strong></span> <span class='ocrx_word' id='word_1_298' title='bbox 1474 1272 1670 1319; x_wconf 75' lang='lat' dir='ltr'><strong>exercenti,</strong></span> <span class='ocrx_word' id='word_1_299' title='bbox 1692 1273 1834 1310; x_wconf 86' lang='lat' dir='ltr'><strong>nullum</strong></span> <span class='ocrx_word' id='word_1_300' title='bbox 1848 1288 1920 1311; x_wconf 84' lang='lat' dir='ltr'><strong>esse</strong></span> <span class='ocrx_word' id='word_1_301' title='bbox 1935 1275 2089 1313; x_wconf 85' lang='lat' dir='ltr'><strong>laborem</strong></span> <span class='ocrx_word' id='word_1_302' title='bbox 2105 1292 2113 1321; x_wconf 89' lang='grc'>;</span> <span class='ocrx_word' id='word_1_303' title='bbox 2131 1276 2192 1314; x_wconf 89' lang='lat' dir='ltr'><strong>sed</strong></span> 
     </span>
     <span class='ocr_line' id='line_1_39' title="bbox 1202 1330 2193 1388; baseline 0.008 -20"><span class='ocrx_word' id='word_1_304' title='bbox 1202 1330 1460 1370; x_wconf 83' lang='lat' dir='ltr'><strong>dormientibus</strong></span> <span class='ocrx_word' id='word_1_305' title='bbox 1476 1333 1593 1370; x_wconf 89' lang='lat' dir='ltr'><strong>omnia</strong></span> <span class='ocrx_word' id='word_1_306' title='bbox 1608 1334 1740 1385; x_wconf 89' lang='lat' dir='ltr'><strong>optime</strong></span> <span class='ocrx_word' id='word_1_307' title='bbox 1761 1333 1882 1371; x_wconf 82' lang='lat' dir='ltr'><strong>cedere</strong></span> <span class='ocrx_word' id='word_1_308' title='bbox 1898 1350 1904 1371; x_wconf 91' lang='lat'>:</span> <span class='ocrx_word' id='word_1_309' title='bbox 1918 1350 1989 1386; x_wconf 86' lang='lat' dir='ltr'><strong>qno</strong></span> <span class='ocrx_word' id='word_1_310' title='bbox 2005 1346 2107 1388; x_wconf 87' lang='lat' dir='ltr'><strong>pacto</strong></span> <span class='ocrx_word' id='word_1_311' title='bbox 2127 1338 2193 1376; x_wconf 83' lang='lat' dir='ltr'><strong>hac</strong></span> 
     </span>
     <span class='ocr_line' id='line_1_40' title="bbox 1204 1394 2191 1448; baseline 0.007 -18"><span class='ocrx_word' id='word_1_312' title='bbox 1204 1402 1341 1431; x_wconf 88' lang='lat' dir='ltr'><strong>utemur</strong></span> <span class='ocrx_word' id='word_1_313' title='bbox 1364 1394 1608 1446; x_wconf 72' lang='lat' dir='ltr'><strong>indulgentia?</strong></span> <span class='ocrx_word' id='word_1_314' title='bbox 1628 1409 1743 1433; x_wconf 90' lang='lat' dir='ltr'><strong>nonne</strong></span> <span class='ocrx_word' id='word_1_315' title='bbox 1757 1395 1802 1433; x_wconf 89' lang='lat' dir='ltr'><strong>ad</strong></span> <span class='ocrx_word' id='word_1_316' title='bbox 1825 1398 2063 1448; x_wconf 82' lang='lat' dir='ltr'><strong>arrogantiam</strong></span> <span class='ocrx_word' id='word_1_317' title='bbox 2080 1409 2112 1437; x_wconf 89' lang='lat' dir='ltr'><strong>et</strong></span> <span class='ocrx_word' id='word_1_318' title='bbox 2128 1414 2191 1437; x_wconf 88' lang='lat' dir='ltr'><strong>su-</strong></span> 
     </span>
     <span class='ocr_line' id='line_1_41' title="bbox 1204 1455 2193 1513; baseline 0.01 -22"><span class='ocrx_word' id='word_1_319' title='bbox 1204 1455 1388 1506; x_wconf 70' lang='lat' dir='ltr'><strong>perbiam?</strong></span> <span class='ocrx_word' id='word_1_320' title='bbox 1415 1455 1487 1494; x_wconf 89' lang='lat' dir='ltr'><strong>Sed</strong></span> <span class='ocrx_word' id='word_1_321' title='bbox 1516 1470 1600 1506; x_wconf 89' lang='lat' dir='ltr'><strong>eur,</strong></span> <span class='ocrx_word' id='word_1_322' title='bbox 1631 1457 1786 1508; x_wconf 87' lang='lat' dir='ltr'><strong>inquies,</strong></span> <span class='ocrx_word' id='word_1_323' title='bbox 1816 1467 1912 1496; x_wconf 89' lang='lat' dir='ltr'><strong>tanta</strong></span> <span class='ocrx_word' id='word_1_324' title='bbox 1943 1461 2107 1513; x_wconf 76' lang='lat' dir='ltr'><strong>voluptas</strong></span> <span class='ocrx_word' id='word_1_325' title='bbox 2134 1477 2193 1501; x_wconf 89' lang='lat' dir='ltr'><strong>nc-</strong></span> 
     </span>
    </p>
   </div>
   <div class='ocr_carea' id='block_1_8' title="bbox 114 1507 2192 1566">
    <p class='ocr_par' dir='ltr' id='par_1_8' title="bbox 114 1507 2192 1566">
     <span class='ocr_line' id='line_1_42' title="bbox 114 1507 2192 1566; baseline 0.005 -16"><span class='ocrx_word' id='word_1_326' title='bbox 114 1511 156 1559; x_wconf 75' lang='grc' dir='ltr'>τῇ</span> <span class='ocrx_word' id='word_1_327' title='bbox 178 1510 284 1559; x_wconf 72' lang='grc' dir='ltr'>ἀρετῇ</span> <span class='ocrx_word' id='word_1_328' title='bbox 310 1507 529 1552; x_wconf 64' lang='grc' dir='ltr'>συνέζευκται</span> <span class='ocrx_word' id='word_1_329' title='bbox 549 1511 566 1545; x_wconf 74' lang='grc' dir='ltr'><em>ὃ</em></span> <span class='ocrx_word' id='word_1_330' title='bbox 585 1507 686 1550; x_wconf 72' lang='grc' dir='ltr'>πόνος</span> <span class='ocrx_word' id='word_1_331' title='bbox 706 1508 763 1544; x_wconf 74' lang='grc' dir='ltr'>καὶ</span> <span class='ocrx_word' id='word_1_332' title='bbox 781 1511 798 1545; x_wconf 78' lang='grc' dir='ltr'><em>ὅ</em></span> <span class='ocrx_word' id='word_1_333' title='bbox 813 1507 938 1558; x_wconf 64' lang='grc' dir='ltr'><strong>ἷδρώςὶ</strong></span> <span class='ocrx_word' id='word_1_334' title='bbox 955 1507 1024 1545; x_wconf 61' lang='grc' dir='ltr'><strong>Καὶ</strong></span> <span class='ocrx_word' id='word_1_335' title='bbox 1053 1507 1137 1544; x_wconf 66' lang='grc' dir='ltr'>ποία</span> <span class='ocrx_word' id='word_1_336' title='bbox 1159 1518 1182 1549; x_wconf 91' lang='lat' dir='ltr'>C</span> <span class='ocrx_word' id='word_1_337' title='bbox 1205 1515 1373 1566; x_wconf 81' lang='lat' dir='ltr'><strong>quitiam,</strong></span> <span class='ocrx_word' id='word_1_338' title='bbox 1389 1525 1508 1553; x_wconf 84' lang='lat' dir='ltr'><strong>tantus</strong></span> <span class='ocrx_word' id='word_1_339' title='bbox 1539 1517 1640 1554; x_wconf 87' lang='lat' dir='ltr'><strong>labor</strong></span> <span class='ocrx_word' id='word_1_340' title='bbox 1661 1526 1694 1555; x_wconf 89' lang='lat' dir='ltr'><strong>et</strong></span> <span class='ocrx_word' id='word_1_341' title='bbox 1714 1518 1822 1556; x_wconf 88' lang='lat' dir='ltr'><strong>sudor</strong></span> <span class='ocrx_word' id='word_1_342' title='bbox 1851 1519 2019 1558; x_wconf 75' lang='lat' dir='ltr'><strong>virtutem</strong></span> <span class='ocrx_word' id='word_1_343' title='bbox 2049 1524 2192 1561; x_wconf 84' lang='lat' dir='ltr'><strong>eomita-</strong></span> 
     </span>
    </p>
   </div>
   <div class='ocr_carea' id='block_1_9' title="bbox 111 1565 1143 3223">
    <p class='ocr_par' dir='ltr' id='par_1_9' title="bbox 111 1565 1143 3223">
     <span class='ocr_line' id='line_1_43' title="bbox 114 1565 1136 1621; baseline 0 -15"><span class='ocrx_word' id='word_1_344' title='bbox 114 1585 168 1606; x_wconf 89' lang='grc' dir='ltr'><strong>σοι</strong></span> <span class='ocrx_word' id='word_1_345' title='bbox 187 1569 290 1621; x_wconf 72' lang='grc' dir='ltr'>χάρις</span> <span class='ocrx_word' id='word_1_346' title='bbox 319 1568 358 1606; x_wconf 82' lang='grc' dir='ltr'><strong>ἂν</strong></span> <span class='ocrx_word' id='word_1_347' title='bbox 375 1565 417 1615; x_wconf 65' lang='grc' dir='ltr'><strong>ἦν</strong></span> <span class='ocrx_word' id='word_1_348' title='bbox 432 1600 442 1617; x_wconf 86' lang='grc'><strong>,</strong></span> <span class='ocrx_word' id='word_1_349' title='bbox 464 1569 486 1614; x_wconf 86' lang='grc' dir='ltr'>ἢ</span> <span class='ocrx_word' id='word_1_350' title='bbox 502 1569 592 1612; x_wconf 85' lang='grc' dir='ltr'>τίνος</span> <span class='ocrx_word' id='word_1_351' title='bbox 620 1570 648 1606; x_wconf 81' lang='grc' dir='ltr'><strong>δ’</strong></span> <span class='ocrx_word' id='word_1_352' title='bbox 677 1569 716 1606; x_wconf 80' lang='grc' dir='ltr'><strong>ἂν</strong></span> <span class='ocrx_word' id='word_1_353' title='bbox 741 1568 863 1611; x_wconf 62' lang='grc' dir='ltr'>ἔλαὲες</span> <span class='ocrx_word' id='word_1_354' title='bbox 885 1568 1019 1619; x_wconf 83' lang='grc' dir='ltr'>μισθὸν,</span> <span class='ocrx_word' id='word_1_355' title='bbox 1037 1571 1066 1606; x_wconf 81' lang='grc' dir='ltr'><strong>εἰ</strong></span> <span class='ocrx_word' id='word_1_356' title='bbox 1087 1570 1136 1619; x_wconf 86' lang='grc' dir='ltr'><strong>μὴ</strong></span> 
     </span>
     <span class='ocr_line' id='line_1_44' title="bbox 113 1625 1137 1682; baseline 0.001 -14"><span class='ocrx_word' id='word_1_357' title='bbox 113 1630 274 1669; x_wconf 79' lang='grc' dir='ltr'>ἐπίπονον</span> <span class='ocrx_word' id='word_1_358' title='bbox 302 1631 340 1668; x_wconf 76' lang='grc' dir='ltr'>τὸ</span> <span class='ocrx_word' id='word_1_359' title='bbox 359 1637 507 1682; x_wconf 71' lang='grc' dir='ltr'>πρᾶγμα</span> <span class='ocrx_word' id='word_1_360' title='bbox 526 1625 590 1677; x_wconf 66' lang='grc' dir='ltr'><strong>ἦν,</strong></span> <span class='ocrx_word' id='word_1_361' title='bbox 611 1630 678 1668; x_wconf 80' lang='grc' dir='ltr'><strong>Καὶ</strong></span> <span class='ocrx_word' id='word_1_362' title='bbox 706 1630 773 1682; x_wconf 85' lang='grc' dir='ltr'>γὰρ</span> <span class='ocrx_word' id='word_1_363' title='bbox 802 1635 859 1668; x_wconf 80' lang='grc' dir='ltr'><strong>νῦν</strong></span> <span class='ocrx_word' id='word_1_364' title='bbox 889 1630 1037 1673; x_wconf 78' lang='grc' dir='ltr'>πολλοὺς</span> <span class='ocrx_word' id='word_1_365' title='bbox 1067 1630 1137 1682; x_wconf 63' lang='grc' dir='ltr'><strong>ἔχω</strong></span> 
     </span>
     <span class='ocr_line' id='line_1_45' title="bbox 114 1691 1140 1744; baseline 0.001 -15"><span class='ocrx_word' id='word_1_366' title='bbox 114 1691 220 1736; x_wconf 80' lang='grc' dir='ltr'>δεῖξαι</span> <span class='ocrx_word' id='word_1_367' title='bbox 237 1693 338 1744; x_wconf 81' lang='grc' dir='ltr'>φύσει</span> <span class='ocrx_word' id='word_1_368' title='bbox 351 1692 389 1730; x_wconf 76' lang='grc' dir='ltr'>τὸ</span> <span class='ocrx_word' id='word_1_369' title='bbox 407 1691 590 1743; x_wconf 77' lang='grc' dir='ltr'>μίγνυσθαι</span> <span class='ocrx_word' id='word_1_370' title='bbox 609 1691 744 1742; x_wconf 81' lang='grc' dir='ltr'>γυναιξὶ</span> <span class='ocrx_word' id='word_1_371' title='bbox 760 1697 962 1742; x_wconf 79' lang='grc' dir='ltr'>μισοῦντας,</span> <span class='ocrx_word' id='word_1_372' title='bbox 983 1692 1041 1730; x_wconf 80' lang='grc' dir='ltr'><strong>καὶ</strong></span> <span class='ocrx_word' id='word_1_373' title='bbox 1058 1692 1140 1744; x_wconf 78' lang='grc' dir='ltr'>φεύ-</span> 
     </span>
     <span class='ocr_line' id='line_1_46' title="bbox 113 1753 1137 1805; baseline 0.002 -15"><span class='ocrx_word' id='word_1_374' title='bbox 113 1768 235 1803; x_wconf 74' lang='grc' dir='ltr'>γοντας</span> <span class='ocrx_word' id='word_1_375' title='bbox 249 1756 294 1797; x_wconf 80' lang='grc' dir='ltr'><strong>ὡς</strong></span> <span class='ocrx_word' id='word_1_376' title='bbox 316 1753 483 1805; x_wconf 75' lang='grc' dir='ltr'>βδελυρὰν</span> <span class='ocrx_word' id='word_1_377' title='bbox 498 1753 561 1800; x_wconf 75' lang='grc' dir='ltr'><strong>τὴν</strong></span> <span class='ocrx_word' id='word_1_378' title='bbox 576 1753 660 1805; x_wconf 71' lang='grc' dir='ltr'>πρὸς</span> <span class='ocrx_word' id='word_1_379' title='bbox 675 1753 806 1796; x_wconf 85' lang='grc' dir='ltr'>ἐκείνας</span> <span class='ocrx_word' id='word_1_380' title='bbox 821 1753 961 1803; x_wconf 78' lang='grc' dir='ltr'>ὁμιλίαν</span> <span class='ocrx_word' id='word_1_381' title='bbox 974 1769 981 1776; x_wconf 95' lang='grc'><em>·</em></span> <span class='ocrx_word' id='word_1_382' title='bbox 997 1753 1137 1798; x_wconf 79' lang='grc' dir='ltr'>τούτους</span> 
     </span>
     <span class='ocr_line' id='line_1_47' title="bbox 114 1808 1136 1867; baseline 0.001 -14"><span class='ocrx_word' id='word_1_383' title='bbox 114 1808 172 1853; x_wconf 69' lang='grc' dir='ltr'><strong>οῦν</strong></span> <span class='ocrx_word' id='word_1_384' title='bbox 190 1815 367 1867; x_wconf 66' lang='grc' dir='ltr'>σώφρονας</span> <span class='ocrx_word' id='word_1_385' title='bbox 386 1815 591 1866; x_wconf 81' lang='grc' dir='ltr'>καλέσομεν,</span> <span class='ocrx_word' id='word_1_386' title='bbox 609 1814 631 1860; x_wconf 86' lang='grc' dir='ltr'>ἢ</span> <span class='ocrx_word' id='word_1_387' title='bbox 655 1814 934 1867; x_wconf 75' lang='grc' dir='ltr'>στεφανώσομεν,</span> <span class='ocrx_word' id='word_1_388' title='bbox 956 1815 1033 1854; x_wconf 83' lang='grc' dir='ltr'>εἰπέ</span> <span class='ocrx_word' id='word_1_389' title='bbox 1055 1832 1136 1866; x_wconf 90' lang='grc' dir='ltr'>μοι,</span> 
     </span>
     <span class='ocr_line' id='line_1_48' title="bbox 115 1876 1136 1929; baseline 0.002 -14"><span class='ocrx_word' id='word_1_390' title='bbox 115 1877 174 1915; x_wconf 82' lang='grc' dir='ltr'><strong>καὶ</strong></span> <span class='ocrx_word' id='word_1_391' title='bbox 195 1876 474 1929; x_wconf 57' lang='grc' dir='ltr'>ἀνακηρύξομεη</span> <span class='ocrx_word' id='word_1_392' title='bbox 501 1877 687 1926; x_wconf 77' lang='grc' dir='ltr'>Οὐδαμῶς.</span> <span class='ocrx_word' id='word_1_393' title='bbox 710 1876 924 1928; x_wconf 69' lang='grc' dir='ltr'>Σωφροσύνη</span> <span class='ocrx_word' id='word_1_394' title='bbox 950 1877 1017 1929; x_wconf 79' lang='grc' dir='ltr'>γάρ</span> <span class='ocrx_word' id='word_1_395' title='bbox 1045 1880 1136 1916; x_wconf 83' lang='grc' dir='ltr'>ἐστιν</span> 
     </span>
     <span class='ocr_line' id='line_1_49' title="bbox 115 1937 1135 1990; baseline 0.001 -14"><span class='ocrx_word' id='word_1_396' title='bbox 115 1938 300 1990; x_wconf 80' lang='grc' dir='ltr'>ἐγκράτεια</span> <span class='ocrx_word' id='word_1_397' title='bbox 316 1967 324 1983; x_wconf 89' lang='grc'><strong>,</strong></span> <span class='ocrx_word' id='word_1_398' title='bbox 340 1938 399 1975; x_wconf 81' lang='grc' dir='ltr'><strong>καὶ</strong></span> <span class='ocrx_word' id='word_1_399' title='bbox 419 1937 458 1976; x_wconf 83' lang='grc' dir='ltr'>τὸ</span> <span class='ocrx_word' id='word_1_400' title='bbox 481 1937 688 1990; x_wconf 74' lang='grc' dir='ltr'>μαχομένων</span> <span class='ocrx_word' id='word_1_401' title='bbox 705 1937 947 1989; x_wconf 79' lang='grc' dir='ltr'>περιγενέσθαι</span> <span class='ocrx_word' id='word_1_402' title='bbox 965 1942 1034 1976; x_wconf 78' lang='grc' dir='ltr'><strong>τῶν</strong></span> <span class='ocrx_word' id='word_1_403' title='bbox 1053 1941 1135 1986; x_wconf 76' lang='grc' dir='ltr'>ἡδο-</span> 
     </span>
     <span class='ocr_line' id='line_1_50' title="bbox 116 1993 1137 2052; baseline 0.003 -16"><span class='ocrx_word' id='word_1_404' title='bbox 116 2003 194 2037; x_wconf 76' lang='grc' dir='ltr'>νῶν.</span> <span class='ocrx_word' id='word_1_405' title='bbox 208 1999 277 2038; x_wconf 70' lang='grc' dir='ltr'><strong>Καὶ</strong></span> <span class='ocrx_word' id='word_1_406' title='bbox 292 2001 328 2037; x_wconf 80' lang='grc' dir='ltr'><strong>ἐν</strong></span> <span class='ocrx_word' id='word_1_407' title='bbox 344 2006 414 2042; x_wconf 87' lang='grc' dir='ltr'>τοῖς</span> <span class='ocrx_word' id='word_1_408' title='bbox 421 1999 586 2049; x_wconf 82' lang='grc' dir='ltr'>πολέμοις</span> <span class='ocrx_word' id='word_1_409' title='bbox 597 1998 644 2046; x_wconf 78' lang='grc' dir='ltr'><strong>δὲ,</strong></span> <span class='ocrx_word' id='word_1_410' title='bbox 659 1999 739 2036; x_wconf 79' lang='grc' dir='ltr'>ὅταν</span> <span class='ocrx_word' id='word_1_411' title='bbox 758 2000 899 2051; x_wconf 73' lang='grc' dir='ltr'>σφοδροὶ</span> <span class='ocrx_word' id='word_1_412' title='bbox 908 1993 991 2038; x_wconf 61' lang='grc' dir='ltr'>ὦσιν</span> <span class='ocrx_word' id='word_1_413' title='bbox 1003 2004 1034 2039; x_wconf 83' lang='grc' dir='ltr'><strong>οἱ</strong></span> <span class='ocrx_word' id='word_1_414' title='bbox 1048 2002 1137 2052; x_wconf 81' lang='grc' dir='ltr'>ἀγῶ-</span> 
     </span>
     <span class='ocr_line' id='line_1_51' title="bbox 115 2060 1137 2113; baseline 0.002 -14"><span class='ocrx_word' id='word_1_415' title='bbox 115 2077 188 2109; x_wconf 88' lang='grc' dir='ltr'>νες,</span> <span class='ocrx_word' id='word_1_416' title='bbox 208 2061 285 2099; x_wconf 85' lang='grc' dir='ltr'>τότε</span> <span class='ocrx_word' id='word_1_417' title='bbox 307 2060 350 2098; x_wconf 78' lang='grc' dir='ltr'>τὰ</span> <span class='ocrx_word' id='word_1_418' title='bbox 368 2060 519 2111; x_wconf 81' lang='grc' dir='ltr'>τρόπαια</span> <span class='ocrx_word' id='word_1_419' title='bbox 537 2062 767 2112; x_wconf 78' lang='grc' dir='ltr'>λαμπρότερα</span> <span class='ocrx_word' id='word_1_420' title='bbox 793 2060 943 2112; x_wconf 79' lang='grc' dir='ltr'>γίνεται,</span> <span class='ocrx_word' id='word_1_421' title='bbox 964 2064 1029 2113; x_wconf 74' lang='grc' dir='ltr'><strong>οὐχ</strong></span> <span class='ocrx_word' id='word_1_422' title='bbox 1056 2062 1137 2101; x_wconf 77' lang='grc' dir='ltr'>ὅταν</span> 
     </span>
     <span class='ocr_line' id='line_1_52' title="bbox 117 2121 1138 2175; baseline 0.001 -15"><span class='ocrx_word' id='word_1_423' title='bbox 117 2122 237 2173; x_wconf 79' lang='grc' dir='ltr'>μηδεὶς</span> <span class='ocrx_word' id='word_1_424' title='bbox 265 2122 410 2175; x_wconf 77' lang='grc' dir='ltr'>ἀνταίρῃ</span> <span class='ocrx_word' id='word_1_425' title='bbox 434 2122 496 2165; x_wconf 79' lang='grc' dir='ltr'><strong>τὰς</strong></span> <span class='ocrx_word' id='word_1_426' title='bbox 523 2128 656 2174; x_wconf 76' lang='grc' dir='ltr'>χεῖρας.</span> <span class='ocrx_word' id='word_1_427' title='bbox 682 2121 764 2160; x_wconf 81' lang='grc' dir='ltr'>Εἰσὶ</span> <span class='ocrx_word' id='word_1_428' title='bbox 787 2122 910 2160; x_wconf 75' lang='grc' dir='ltr'>πολλοὶ</span> <span class='ocrx_word' id='word_1_429' title='bbox 942 2123 1000 2161; x_wconf 84' lang='grc' dir='ltr'><strong>καὶ</strong></span> <span class='ocrx_word' id='word_1_430' title='bbox 1019 2128 1138 2168; x_wconf 85' lang='grc' dir='ltr'>νωθεῖς</span> 
     </span>
     <span class='ocr_line' id='line_1_53' title="bbox 115 2178 1137 2236; baseline 0.001 -14"><span class='ocrx_word' id='word_1_431' title='bbox 115 2185 185 2223; x_wconf 86' lang='grc' dir='ltr'><strong>ἀπὸ</strong></span> <span class='ocrx_word' id='word_1_432' title='bbox 201 2183 333 2236; x_wconf 67' lang='grc' dir='ltr'>φύσεως</span> <span class='ocrx_word' id='word_1_433' title='bbox 349 2200 355 2207; x_wconf 95' lang='grc'><em>·</em></span> <span class='ocrx_word' id='word_1_434' title='bbox 374 2183 515 2227; x_wconf 85' lang='grc' dir='ltr'>τούτους</span> <span class='ocrx_word' id='word_1_435' title='bbox 529 2178 586 2222; x_wconf 64' lang='grc' dir='ltr'><strong>οὖν</strong></span> <span class='ocrx_word' id='word_1_436' title='bbox 603 2184 767 2226; x_wconf 83' lang='grc' dir='ltr'>ἐπιεικεῖς</span> <span class='ocrx_word' id='word_1_437' title='bbox 792 2188 1028 2236; x_wconf 78' lang='grc' dir='ltr'>προσεροῦμεν</span> <span class='ocrx_word' id='word_1_438' title='bbox 1044 2202 1054 2232; x_wconf 83' lang='lat'>;</span> <span class='ocrx_word' id='word_1_439' title='bbox 1069 2187 1137 2225; x_wconf 81' lang='grc' dir='ltr'><strong>Οὐ-</strong></span> 
     </span>
     <span class='ocr_line' id='line_1_54' title="bbox 112 2244 1136 2297; baseline 0.002 -15"><span class='ocrx_word' id='word_1_440' title='bbox 112 2246 242 2295; x_wconf 78' lang='grc' dir='ltr'>δαμῶς.</span> <span class='ocrx_word' id='word_1_441' title='bbox 261 2245 327 2283; x_wconf 81' lang='grc' dir='ltr'><strong>Διὰ</strong></span> <span class='ocrx_word' id='word_1_442' title='bbox 344 2249 445 2284; x_wconf 84' lang='grc' dir='ltr'>τοῦτο</span> <span class='ocrx_word' id='word_1_443' title='bbox 464 2245 523 2283; x_wconf 79' lang='grc' dir='ltr'><strong>καὶ</strong></span> <span class='ocrx_word' id='word_1_444' title='bbox 540 2248 558 2284; x_wconf 85' lang='grc' dir='ltr'>ὁ</span> <span class='ocrx_word' id='word_1_445' title='bbox 576 2244 726 2296; x_wconf 85' lang='grc' dir='ltr'>Χριστὸς</span> <span class='ocrx_word' id='word_1_446' title='bbox 745 2251 836 2297; x_wconf 89' lang='grc' dir='ltr'>τρεῖς</span> <span class='ocrx_word' id='word_1_447' title='bbox 851 2245 997 2297; x_wconf 84' lang='grc' dir='ltr'>τρόπους</span> <span class='ocrx_word' id='word_1_448' title='bbox 1017 2248 1136 2284; x_wconf 83' lang='grc' dir='ltr'>εὐνου-</span> 
     </span>
     <span class='ocr_line' id='line_1_55' title="bbox 111 2306 1134 2359; baseline 0 -14"><span class='ocrx_word' id='word_1_449' title='bbox 111 2311 240 2359; x_wconf 77' lang='grc' dir='ltr'>χισμοῦ</span> <span class='ocrx_word' id='word_1_450' title='bbox 264 2306 388 2358; x_wconf 85' lang='grc' dir='ltr'>λέγων,</span> <span class='ocrx_word' id='word_1_451' title='bbox 412 2306 491 2351; x_wconf 80' lang='grc' dir='ltr'>τοὺς</span> <span class='ocrx_word' id='word_1_452' title='bbox 511 2306 573 2357; x_wconf 77' lang='grc' dir='ltr'><strong>μὲν</strong></span> <span class='ocrx_word' id='word_1_453' title='bbox 600 2306 660 2344; x_wconf 81' lang='grc' dir='ltr'><strong>δύο</strong></span> <span class='ocrx_word' id='word_1_454' title='bbox 687 2306 828 2358; x_wconf 76' lang='grc' dir='ltr'>ἀφίησιν</span> <span class='ocrx_word' id='word_1_455' title='bbox 848 2307 1134 2359; x_wconf 65' lang='grc' dir='ltr'>ἀστεφανώτους,</span> 
     </span>
     <span class='ocr_line' id='line_1_56' title="bbox 111 2368 1134 2420; baseline 0 -14"><span class='ocrx_word' id='word_1_456' title='bbox 111 2369 168 2407; x_wconf 78' lang='grc' dir='ltr'><strong>τὸν</strong></span> <span class='ocrx_word' id='word_1_457' title='bbox 190 2368 225 2407; x_wconf 76' lang='grc' dir='ltr'><strong>δὲ</strong></span> <span class='ocrx_word' id='word_1_458' title='bbox 241 2368 301 2406; x_wconf 80' lang='grc' dir='ltr'><strong>ἕνα</strong></span> <span class='ocrx_word' id='word_1_459' title='bbox 320 2371 367 2412; x_wconf 87' lang='grc' dir='ltr'><strong>εἷς</strong></span> <span class='ocrx_word' id='word_1_460' title='bbox 381 2368 445 2415; x_wconf 87' lang='grc' dir='ltr'><strong>τὴν</strong></span> <span class='ocrx_word' id='word_1_461' title='bbox 467 2368 645 2420; x_wconf 76' lang='grc' dir='ltr'>βασιλείαν</span> <span class='ocrx_word' id='word_1_462' title='bbox 665 2368 832 2419; x_wconf 58' lang='grc' dir='ltr'>εεῖσάγει.</span> <span class='ocrx_word' id='word_1_463' title='bbox 855 2368 924 2406; x_wconf 79' lang='grc' dir='ltr'><strong>Καὶ</strong></span> <span class='ocrx_word' id='word_1_464' title='bbox 938 2368 971 2406; x_wconf 87' lang='grc' dir='ltr'>τί</span> <span class='ocrx_word' id='word_1_465' title='bbox 988 2368 1056 2406; x_wconf 84' lang='grc' dir='ltr'>ἔδει</span> <span class='ocrx_word' id='word_1_466' title='bbox 1070 2385 1134 2407; x_wconf 86' lang='grc' dir='ltr'><strong>κα-</strong></span> 
     </span>
     <span class='ocr_line' id='line_1_57' title="bbox 111 2423 1137 2481; baseline 0 -14"><span class='ocrx_word' id='word_1_467' title='bbox 111 2429 210 2476; x_wconf 84' lang='grc' dir='ltr'>κίας,</span> <span class='ocrx_word' id='word_1_468' title='bbox 236 2429 321 2481; x_wconf 82' lang='grc' dir='ltr'>φησί</span> <span class='ocrx_word' id='word_1_469' title='bbox 336 2446 346 2477; x_wconf 89' lang='lat'>;</span> <span class='ocrx_word' id='word_1_470' title='bbox 365 2430 436 2468; x_wconf 75' lang='grc' dir='ltr'><strong>Καὶ</strong></span> <span class='ocrx_word' id='word_1_471' title='bbox 459 2428 526 2481; x_wconf 81' lang='grc' dir='ltr'><strong>ἐγὼ</strong></span> <span class='ocrx_word' id='word_1_472' title='bbox 546 2433 646 2467; x_wconf 85' lang='grc' dir='ltr'>τοῦτο</span> <span class='ocrx_word' id='word_1_473' title='bbox 665 2428 768 2481; x_wconf 86' lang='grc' dir='ltr'>λέγω.</span> <span class='ocrx_word' id='word_1_474' title='bbox 784 2429 848 2473; x_wconf 85' lang='grc' dir='ltr'><strong>Τίς</strong></span> <span class='ocrx_word' id='word_1_475' title='bbox 872 2423 929 2467; x_wconf 69' lang='grc' dir='ltr'><strong>οῧν</strong></span> <span class='ocrx_word' id='word_1_476' title='bbox 946 2432 964 2467; x_wconf 83' lang='grc' dir='ltr'>ὁ</span> <span class='ocrx_word' id='word_1_477' title='bbox 982 2433 1044 2476; x_wconf 81' lang='grc' dir='ltr'>τ’ῆς</span> <span class='ocrx_word' id='word_1_478' title='bbox 1074 2445 1137 2468; x_wconf 87' lang='grc' dir='ltr'><strong>κα-</strong></span> 
     </span>
     <span class='ocr_line' id='line_1_58' title="bbox 112 2489 1135 2542; baseline 0 -14"><span class='ocrx_word' id='word_1_479' title='bbox 112 2491 189 2534; x_wconf 85' lang='grc' dir='ltr'>κίας</span> <span class='ocrx_word' id='word_1_480' title='bbox 216 2491 442 2542; x_wconf 66' lang='grc' dir='ltr'>δημιουργός,</span> <span class='ocrx_word' id='word_1_481' title='bbox 465 2490 530 2533; x_wconf 84' lang='grc' dir='ltr'><strong>Τίς</strong></span> <span class='ocrx_word' id='word_1_482' title='bbox 563 2489 598 2528; x_wconf 75' lang='grc' dir='ltr'><strong>δὲ</strong></span> <span class='ocrx_word' id='word_1_483' title='bbox 619 2491 739 2537; x_wconf 85' lang='grc' dir='ltr'>ἄλλος,</span> <span class='ocrx_word' id='word_1_484' title='bbox 761 2490 876 2536; x_wconf 82' lang='grc' dir='ltr'>ἀλλ’ἢ</span> <span class='ocrx_word' id='word_1_485' title='bbox 899 2495 920 2537; x_wconf 85' lang='grc' dir='ltr'>ἡ</span> <span class='ocrx_word' id='word_1_486' title='bbox 944 2490 1094 2542; x_wconf 76' lang='grc' dir='ltr'>ῥᾳθυμία</span> <span class='ocrx_word' id='word_1_487' title='bbox 1113 2495 1135 2537; x_wconf 80' lang='grc' dir='ltr'>ἡ</span> 
     </span>
     <span class='ocr_line' id='line_1_59' title="bbox 114 2547 1138 2604; baseline -0.001 -14"><span class='ocrx_word' id='word_1_488' title='bbox 114 2555 153 2591; x_wconf 83' lang='grc' dir='ltr'>ἐκ</span> <span class='ocrx_word' id='word_1_489' title='bbox 180 2555 242 2598; x_wconf 72' lang='grc' dir='ltr'><strong>τῆς</strong></span> <span class='ocrx_word' id='word_1_490' title='bbox 263 2552 512 2604; x_wconf 72' lang='grc' dir='ltr'>προαιρέσεως,</span> <span class='ocrx_word' id='word_1_491' title='bbox 529 2551 619 2589; x_wconf 77' lang='grc' dir='ltr'>Ἀλλ’</span> <span class='ocrx_word' id='word_1_492' title='bbox 640 2552 707 2589; x_wconf 82' lang='grc' dir='ltr'>ἔδει</span> <span class='ocrx_word' id='word_1_493' title='bbox 724 2582 734 2598; x_wconf 90' lang='grc'><strong>,</strong></span> <span class='ocrx_word' id='word_1_494' title='bbox 752 2552 868 2603; x_wconf 73' lang='grc' dir='ltr'>φησὶν,</span> <span class='ocrx_word' id='word_1_495' title='bbox 885 2551 1032 2603; x_wconf 77' lang='grc' dir='ltr'>ἀγαθοὺς</span> <span class='ocrx_word' id='word_1_496' title='bbox 1051 2547 1138 2590; x_wconf 69' lang='grc' dir='ltr'>εἶναι</span> 
     </span>
     <span class='ocr_line' id='line_1_60' title="bbox 116 2610 1138 2664; baseline -0.002 -12"><span class='ocrx_word' id='word_1_497' title='bbox 116 2613 248 2664; x_wconf 85' lang='grc' dir='ltr'>μόνους.</span> <span class='ocrx_word' id='word_1_498' title='bbox 265 2612 335 2652; x_wconf 76' lang='grc' dir='ltr'><strong>Καὶ</strong></span> <span class='ocrx_word' id='word_1_499' title='bbox 357 2613 391 2650; x_wconf 88' lang='grc' dir='ltr'>τί</span> <span class='ocrx_word' id='word_1_500' title='bbox 410 2612 496 2651; x_wconf 86' lang='grc' dir='ltr'>ἴδιον</span> <span class='ocrx_word' id='word_1_501' title='bbox 517 2615 665 2664; x_wconf 72' lang='grc' dir='ltr'>ἀγαθοῦ,</span> <span class='ocrx_word' id='word_1_502' title='bbox 681 2610 798 2663; x_wconf 68' lang='grc' dir='ltr'>νήφειν</span> <span class='ocrx_word' id='word_1_503' title='bbox 818 2612 877 2649; x_wconf 84' lang='grc' dir='ltr'><strong>καὶ</strong></span> <span class='ocrx_word' id='word_1_504' title='bbox 893 2612 1116 2664; x_wconf 80' lang='grc' dir='ltr'>ἐγρηγορέναι</span> <span class='ocrx_word' id='word_1_505' title='bbox 1129 2643 1138 2660; x_wconf 95' lang='grc'><strong>,</strong></span> 
     </span>
     <span class='ocr_line' id='line_1_61' title="bbox 114 2671 1140 2725; baseline -0.002 -12"><span class='ocrx_word' id='word_1_506' title='bbox 114 2675 137 2720; x_wconf 83' lang='grc' dir='ltr'>ἢ</span> <span class='ocrx_word' id='word_1_507' title='bbox 159 2675 335 2713; x_wconf 72' lang='grc' dir='ltr'>καθεύδειν</span> <span class='ocrx_word' id='word_1_508' title='bbox 359 2673 418 2712; x_wconf 75' lang='grc' dir='ltr'><strong>καὶ</strong></span> <span class='ocrx_word' id='word_1_509' title='bbox 442 2673 601 2725; x_wconf 45' lang='grc' dir='ltr'>ῥέγᾈειν,</span> <span class='ocrx_word' id='word_1_510' title='bbox 620 2672 690 2710; x_wconf 86' lang='grc' dir='ltr'><strong>Καὶ</strong></span> <span class='ocrx_word' id='word_1_511' title='bbox 709 2671 818 2719; x_wconf 77' lang='grc' dir='ltr'>διατί,</span> <span class='ocrx_word' id='word_1_512' title='bbox 840 2672 947 2724; x_wconf 72' lang='grc' dir='ltr'>φησὶ,</span> <span class='ocrx_word' id='word_1_513' title='bbox 971 2673 1020 2722; x_wconf 83' lang='grc' dir='ltr'><strong>μὴ</strong></span> <span class='ocrx_word' id='word_1_514' title='bbox 1039 2677 1140 2711; x_wconf 87' lang='grc' dir='ltr'>τοῦτο</span> 
     </span>
     <span class='ocr_line' id='line_1_62' title="bbox 115 2729 1139 2786; baseline -0.002 -12"><span class='ocrx_word' id='word_1_515' title='bbox 115 2735 225 2774; x_wconf 79' lang='grc' dir='ltr'>ἐδόκει</span> <span class='ocrx_word' id='word_1_516' title='bbox 247 2729 333 2773; x_wconf 63' lang='grc' dir='ltr'>εἶναι</span> <span class='ocrx_word' id='word_1_517' title='bbox 357 2735 498 2786; x_wconf 78' lang='grc' dir='ltr'>ἀγαθὸν,</span> <span class='ocrx_word' id='word_1_518' title='bbox 515 2735 554 2773; x_wconf 74' lang='grc' dir='ltr'>τὸ</span> <span class='ocrx_word' id='word_1_519' title='bbox 577 2733 625 2784; x_wconf 85' lang='grc' dir='ltr'><strong>μὴ</strong></span> <span class='ocrx_word' id='word_1_520' title='bbox 646 2737 814 2772; x_wconf 77' lang='grc' dir='ltr'>πονοῦντα</span> <span class='ocrx_word' id='word_1_521' title='bbox 832 2737 1040 2786; x_wconf 80' lang='grc' dir='ltr'>κατορθοῦν;</span> <span class='ocrx_word' id='word_1_522' title='bbox 1071 2736 1139 2772; x_wconf 81' lang='lat' dir='ltr'><strong>Bo-</strong></span> 
     </span>
     <span class='ocr_line' id='line_1_63' title="bbox 115 2794 1139 2848; baseline -0.003 -13"><span class='ocrx_word' id='word_1_523' title='bbox 115 2797 305 2848; x_wconf 79' lang='grc' dir='ltr'>σκημάτων</span> <span class='ocrx_word' id='word_1_524' title='bbox 326 2811 385 2847; x_wconf 89' lang='grc' dir='ltr'><strong>μοι</strong></span> <span class='ocrx_word' id='word_1_525' title='bbox 404 2795 547 2848; x_wconf 78' lang='grc' dir='ltr'>ῥήματα</span> <span class='ocrx_word' id='word_1_526' title='bbox 562 2794 674 2846; x_wconf 86' lang='grc' dir='ltr'>λέγεις</span> <span class='ocrx_word' id='word_1_527' title='bbox 691 2794 751 2832; x_wconf 82' lang='grc' dir='ltr'><strong>καὶ</strong></span> <span class='ocrx_word' id='word_1_528' title='bbox 765 2794 1056 2846; x_wconf 85' lang='grc' dir='ltr'>γαστριζομένων,</span> <span class='ocrx_word' id='word_1_529' title='bbox 1080 2794 1139 2832; x_wconf 82' lang='grc' dir='ltr'><strong>καὶ</strong></span> 
     </span>
     <span class='ocr_line' id='line_1_64' title="bbox 115 2853 1140 2908; baseline -0.004 -12"><span class='ocrx_word' id='word_1_530' title='bbox 115 2858 188 2896; x_wconf 85' lang='grc' dir='ltr'>θεὸν</span> <span class='ocrx_word' id='word_1_531' title='bbox 207 2858 269 2904; x_wconf 84' lang='grc' dir='ltr'><strong>τὴν</strong></span> <span class='ocrx_word' id='word_1_532' title='bbox 287 2857 420 2896; x_wconf 85' lang='grc' dir='ltr'>κοιλίαν</span> <span class='ocrx_word' id='word_1_533' title='bbox 435 2856 650 2908; x_wconf 78' lang='grc' dir='ltr'>ἡγουμένων.</span> <span class='ocrx_word' id='word_1_534' title='bbox 672 2853 758 2894; x_wconf 63' lang='lat' dir='ltr'><strong>“On</strong></span> <span class='ocrx_word' id='word_1_535' title='bbox 779 2854 846 2907; x_wconf 82' lang='grc' dir='ltr'>γὰρ</span> <span class='ocrx_word' id='word_1_536' title='bbox 869 2855 1010 2898; x_wconf 86' lang='grc' dir='ltr'>νωθείας</span> <span class='ocrx_word' id='word_1_537' title='bbox 1031 2860 1140 2894; x_wconf 81' lang='grc' dir='ltr'>ταῦτα</span> 
     </span>
     <span class='ocr_line' id='line_1_65' title="bbox 116 2916 1140 2971; baseline -0.002 -14"><span class='ocrx_word' id='word_1_538' title='bbox 116 2920 159 2957; x_wconf 82' lang='grc' dir='ltr'>τὰ</span> <span class='ocrx_word' id='word_1_539' title='bbox 194 2919 355 2971; x_wconf 78' lang='grc' dir='ltr'>ῥήματα,</span> <span class='ocrx_word' id='word_1_540' title='bbox 387 2918 573 2970; x_wconf 86' lang='grc' dir='ltr'>ἀπόκριναί</span> <span class='ocrx_word' id='word_1_541' title='bbox 599 2932 678 2969; x_wconf 91' lang='grc' dir='ltr'>μοι·</span> <span class='ocrx_word' id='word_1_542' title='bbox 712 2919 741 2954; x_wconf 88' lang='grc' dir='ltr'><strong>εἷ</strong></span> <span class='ocrx_word' id='word_1_543' title='bbox 769 2916 938 2967; x_wconf 83' lang='grc' dir='ltr'>βασιλέως</span> <span class='ocrx_word' id='word_1_544' title='bbox 964 2917 1059 2961; x_wconf 80' lang='grc' dir='ltr'>ὄντος</span> <span class='ocrx_word' id='word_1_545' title='bbox 1082 2919 1140 2955; x_wconf 87' lang='grc' dir='ltr'><strong>καὶ</strong></span> 
     </span>
     <span class='ocr_line' id='line_1_66' title="bbox 117 2973 1142 3032; baseline -0.003 -14"><span class='ocrx_word' id='word_1_546' title='bbox 117 2984 335 3032; x_wconf 83' lang='grc' dir='ltr'>στρατηγοῦ,</span> <span class='ocrx_word' id='word_1_547' title='bbox 363 2973 436 3018; x_wconf 62' lang='grc' dir='ltr'>εἶτα</span> <span class='ocrx_word' id='word_1_548' title='bbox 466 2985 526 3018; x_wconf 87' lang='grc' dir='ltr'><strong>τοῦ</strong></span> <span class='ocrx_word' id='word_1_549' title='bbox 561 2979 732 3030; x_wconf 80' lang='grc' dir='ltr'>βασιλέως</span> <span class='ocrx_word' id='word_1_550' title='bbox 759 2978 818 3016; x_wconf 77' lang='grc' dir='ltr'><strong>καὶ</strong></span> <span class='ocrx_word' id='word_1_551' title='bbox 843 2978 1064 3022; x_wconf 84' lang='grc' dir='ltr'>καθεύδοντος</span> <span class='ocrx_word' id='word_1_552' title='bbox 1083 2979 1142 3016; x_wconf 76' lang='grc' dir='ltr'><strong>καὶ</strong></span> 
     </span>
     <span class='ocr_line' id='line_1_67' title="bbox 118 3039 1141 3094; baseline -0.001 -16"><span class='ocrx_word' id='word_1_553' title='bbox 118 3041 310 3091; x_wconf 78' lang='grc' dir='ltr'>μεθύοντος,</span> <span class='ocrx_word' id='word_1_554' title='bbox 335 3040 661 3094; x_wconf 79' lang='grc' dir='ltr'>ταλαιπωρούμενος</span> <span class='ocrx_word' id='word_1_555' title='bbox 680 3043 698 3078; x_wconf 81' lang='grc' dir='ltr'>ὁ</span> <span class='ocrx_word' id='word_1_556' title='bbox 719 3040 910 3092; x_wconf 76' lang='grc' dir='ltr'>στρατηγὸς</span> <span class='ocrx_word' id='word_1_557' title='bbox 928 3040 972 3077; x_wconf 82' lang='grc' dir='ltr'>τὰ</span> <span class='ocrx_word' id='word_1_558' title='bbox 991 3039 1141 3092; x_wconf 83' lang='grc' dir='ltr'>τρόπαια</span> 
     </span>
     <span class='ocr_line' id='line_1_68' title="bbox 117 3100 1138 3154; baseline -0.001 -14"><span class='ocrx_word' id='word_1_559' title='bbox 117 3102 262 3152; x_wconf 82' lang='grc' dir='ltr'>ἔστησε,</span> <span class='ocrx_word' id='word_1_560' title='bbox 292 3102 359 3140; x_wconf 85' lang='grc' dir='ltr'>τίνι</span> <span class='ocrx_word' id='word_1_561' title='bbox 379 3102 420 3140; x_wconf 79' lang='grc' dir='ltr'><strong>ἂν</strong></span> <span class='ocrx_word' id='word_1_562' title='bbox 450 3102 594 3154; x_wconf 79' lang='grc' dir='ltr'>ἐλογίσω</span> <span class='ocrx_word' id='word_1_563' title='bbox 613 3101 675 3148; x_wconf 72' lang='grc' dir='ltr'><strong>τὴν</strong></span> <span class='ocrx_word' id='word_1_564' title='bbox 700 3101 823 3149; x_wconf 70' lang='grc' dir='ltr'>νίκην,</span> <span class='ocrx_word' id='word_1_565' title='bbox 850 3100 902 3144; x_wconf 90' lang='grc' dir='ltr'><strong>τίς</strong></span> <span class='ocrx_word' id='word_1_566' title='bbox 922 3100 958 3139; x_wconf 79' lang='grc' dir='ltr'><strong>δὲ</strong></span> <span class='ocrx_word' id='word_1_567' title='bbox 979 3100 1138 3154; x_wconf 81' lang='grc' dir='ltr'>ἐκαρπώ-</span> 
     </span>
     <span class='ocr_line' id='line_1_69' title="bbox 118 3168 1143 3223; baseline -0.003 -13"><span class='ocrx_word' id='word_1_568' title='bbox 118 3188 203 3211; x_wconf 88' lang='grc' dir='ltr'>σατο</span> <span class='ocrx_word' id='word_1_569' title='bbox 216 3175 286 3210; x_wconf 86' lang='grc' dir='ltr'><strong>τῶν</strong></span> <span class='ocrx_word' id='word_1_570' title='bbox 298 3170 508 3223; x_wconf 83' lang='grc' dir='ltr'>γιγνομένων</span> <span class='ocrx_word' id='word_1_571' title='bbox 526 3170 588 3217; x_wconf 85' lang='grc' dir='ltr'><strong>τὴν</strong></span> <span class='ocrx_word' id='word_1_572' title='bbox 604 3169 748 3217; x_wconf 69' lang='grc' dir='ltr'>ἡδον·τ’,ν;</span> <span class='ocrx_word' id='word_1_573' title='bbox 765 3168 872 3221; x_wconf 73' lang='grc' dir='ltr'>Ὁρᾷς</span> <span class='ocrx_word' id='word_1_574' title='bbox 887 3168 939 3206; x_wconf 81' lang='grc' dir='ltr'><strong>ὅτι</strong></span> <span class='ocrx_word' id='word_1_575' title='bbox 956 3169 1035 3219; x_wconf 80' lang='grc' dir='ltr'>περὶ</span> <span class='ocrx_word' id='word_1_576' title='bbox 1053 3172 1143 3208; x_wconf 79' lang='grc' dir='ltr'>ἐκεῖ·</span> 
     </span>
    </p>
   </div>
   <div class='ocr_carea' id='block_1_10' title="bbox 118 3229 1142 3290">
    <p class='ocr_par' dir='ltr' id='par_1_10' title="bbox 118 3229 1142 3290">
     <span class='ocr_line' id='line_1_70' title="bbox 118 3229 1142 3290; baseline 0 -15"><span class='ocrx_word' id='word_1_577' title='bbox 118 3255 160 3277; x_wconf 92' lang='grc' dir='ltr'><strong>να</strong></span> <span class='ocrx_word' id='word_1_578' title='bbox 184 3241 313 3289; x_wconf 81' lang='grc' dir='ltr'>μᾶλλον</span> <span class='ocrx_word' id='word_1_579' title='bbox 340 3241 361 3284; x_wconf 83' lang='grc' dir='ltr'>ἢ</span> <span class='ocrx_word' id='word_1_580' title='bbox 388 3236 483 3290; x_wconf 75' lang='grc' dir='ltr'>ψυχὴ</span> <span class='ocrx_word' id='word_1_581' title='bbox 516 3237 706 3283; x_wconf 85' lang='grc' dir='ltr'>διάκειται,</span> <span class='ocrx_word' id='word_1_582' title='bbox 734 3234 821 3287; x_wconf 76' lang='grc' dir='ltr'>ὑπὲρ</span> <span class='ocrx_word' id='word_1_583' title='bbox 851 3229 898 3272; x_wconf 66' lang='grc' dir='ltr'><strong>ὧν</strong></span> <span class='ocrx_word' id='word_1_584' title='bbox 920 3234 1050 3286; x_wconf 84' lang='grc' dir='ltr'>ἔκαμε;</span> <span class='ocrx_word' id='word_1_585' title='bbox 1074 3236 1142 3275; x_wconf 81' lang='grc' dir='ltr'>Διδι</span> 
     </span>
    </p>
   </div>
   <div class='ocr_carea' id='block_1_11' title="bbox 166 3349 1136 3393">
    <p class='ocr_par' dir='ltr' id='par_1_11' title="bbox 166 3349 1136 3393">
     <span class='ocr_line' id='line_1_71' title="bbox 166 3349 1136 3393; baseline 0.003 -12"><span class='ocrx_word' id='word_1_586' title='bbox 166 3351 181 3374; x_wconf 70' lang='lat'><strong>¹&gt;</strong></span> <span class='ocrx_word' id='word_1_587' title='bbox 200 3352 249 3382; x_wconf 86' lang='lat' dir='ltr'><strong>lta</strong></span> <span class='ocrx_word' id='word_1_588' title='bbox 268 3349 368 3383; x_wconf 72' lang='lat' dir='ltr'><strong>sax-il.</strong></span> <span class='ocrx_word' id='word_1_589' title='bbox 384 3349 498 3382; x_wconf 80' lang='lat' dir='ltr'><strong>Morel.</strong></span> <span class='ocrx_word' id='word_1_590' title='bbox 519 3358 556 3393; x_wconf 79' lang='grc' dir='ltr'>τῇ</span> <span class='ocrx_word' id='word_1_591' title='bbox 580 3353 682 3382; x_wconf 64' lang='grc' dir='ltr'>ἀνέσει.</span> <span class='ocrx_word' id='word_1_592' title='bbox 704 3352 830 3382; x_wconf 60' lang='grc' dir='ltr'>ὠνοῦ-ιδ</span> <span class='ocrx_word' id='word_1_593' title='bbox 850 3352 982 3383; x_wconf 65' lang='grc' dir='ltr'>ἐλείπετο</span> <span class='ocrx_word' id='word_1_594' title='bbox 999 3353 1136 3392; x_wconf 63' lang='grc' dir='ltr'>ἐποίησα,</span> 
     </span>
    </p>
   </div>
   <div class='ocr_carea' id='block_1_12' title="bbox 121 3404 713 3447">
    <p class='ocr_par' dir='ltr' id='par_1_12' title="bbox 121 3404 713 3447">
     <span class='ocr_line' id='line_1_72' title="bbox 121 3404 713 3447; baseline -0.008 -11"><span class='ocrx_word' id='word_1_595' title='bbox 121 3417 216 3440; x_wconf 51' lang='grc' dir='ltr'>τιμαῖς</span> <span class='ocrx_word' id='word_1_596' title='bbox 234 3405 310 3445; x_wconf 66' lang='grc' dir='ltr'>ὑμᾶς</span> <span class='ocrx_word' id='word_1_597' title='bbox 330 3406 505 3447; x_wconf 65' lang='grc' dir='ltr'>περιέὸαλον</span> <span class='ocrx_word' id='word_1_598' title='bbox 521 3407 568 3434; x_wconf 69' lang='grc' dir='ltr'><strong>καὶ</strong></span> <span class='ocrx_word' id='word_1_599' title='bbox 588 3404 713 3443; x_wconf 70' lang='grc' dir='ltr'>ἱδρῶσιν.</span> 
     </span>
    </p>
   </div>
   <div class='ocr_carea' id='block_1_13' title="bbox 1204 1576 2201 3108">
    <p class='ocr_par' dir='ltr' id='par_1_13' title="bbox 1204 1576 2201 3108">
     <span class='ocr_line' id='line_1_73' title="bbox 1204 1576 2193 1635; baseline 0.009 -22"><span class='ocrx_word' id='word_1_600' title='bbox 1204 1576 1291 1614; x_wconf 73' lang='lat' dir='ltr'><strong>tur?</strong></span> <span class='ocrx_word' id='word_1_601' title='bbox 1308 1576 1431 1627; x_wconf 86' lang='lat' dir='ltr'><strong>Ecqua</strong></span> <span class='ocrx_word' id='word_1_602' title='bbox 1452 1577 1517 1614; x_wconf 88' lang='lat' dir='ltr'><strong>tibi</strong></span> <span class='ocrx_word' id='word_1_603' title='bbox 1538 1577 1651 1628; x_wconf 87' lang='lat' dir='ltr'><strong>gratia</strong></span> <span class='ocrx_word' id='word_1_604' title='bbox 1669 1578 1832 1616; x_wconf 85' lang='lat' dir='ltr'><strong>habenda</strong></span> <span class='ocrx_word' id='word_1_605' title='bbox 1849 1589 1956 1630; x_wconf 83' lang='lat' dir='ltr'><strong>esset,</strong></span> <span class='ocrx_word' id='word_1_606' title='bbox 1975 1591 2007 1619; x_wconf 85' lang='lat' dir='ltr'><strong>et</strong></span> <span class='ocrx_word' id='word_1_607' title='bbox 2025 1584 2126 1635; x_wconf 80' lang='lat' dir='ltr'><strong>cujus</strong></span> <span class='ocrx_word' id='word_1_608' title='bbox 2145 1585 2193 1622; x_wconf 88' lang='lat' dir='ltr'><strong>rei</strong></span> 
     </span>
     <span class='ocr_line' id='line_1_74' title="bbox 1205 1639 2192 1692; baseline 0.008 -17"><span class='ocrx_word' id='word_1_609' title='bbox 1205 1639 1403 1677; x_wconf 86' lang='lat' dir='ltr'><strong>mercedem</strong></span> <span class='ocrx_word' id='word_1_610' title='bbox 1429 1639 1627 1692; x_wconf 84' lang='lat' dir='ltr'><strong>acciperes,</strong></span> <span class='ocrx_word' id='word_1_611' title='bbox 1658 1640 1723 1677; x_wconf 90' lang='lat' dir='ltr'><strong>nisi</strong></span> <span class='ocrx_word' id='word_1_612' title='bbox 1753 1640 1928 1679; x_wconf 85' lang='lat' dir='ltr'><strong>laboriosa</strong></span> <span class='ocrx_word' id='word_1_613' title='bbox 1947 1643 2062 1681; x_wconf 79' lang='lat' dir='ltr'><strong>virtus</strong></span> <span class='ocrx_word' id='word_1_614' title='bbox 2080 1647 2192 1683; x_wconf 72' lang='lat' dir='ltr'><strong>esset?</strong></span> 
     </span>
     <span class='ocr_line' id='line_1_75' title="bbox 1206 1700 2193 1754; baseline 0.006 -16"><span class='ocrx_word' id='word_1_615' title='bbox 1206 1700 1341 1738; x_wconf 84' lang='lat' dir='ltr'><strong>Multos</strong></span> <span class='ocrx_word' id='word_1_616' title='bbox 1360 1700 1454 1738; x_wconf 90' lang='lat' dir='ltr'><strong>enim</strong></span> <span class='ocrx_word' id='word_1_617' title='bbox 1471 1700 1628 1739; x_wconf 88' lang='lat' dir='ltr'><strong>indicare</strong></span> <span class='ocrx_word' id='word_1_618' title='bbox 1646 1702 1797 1754; x_wconf 89' lang='lat' dir='ltr'><strong>possim,</strong></span> <span class='ocrx_word' id='word_1_619' title='bbox 1814 1703 1874 1754; x_wconf 90' lang='lat' dir='ltr'><strong>qui</strong></span> <span class='ocrx_word' id='word_1_620' title='bbox 1890 1713 2013 1742; x_wconf 81' lang='lat' dir='ltr'><strong>natura</strong></span> <span class='ocrx_word' id='word_1_621' title='bbox 2035 1720 2095 1743; x_wconf 86' lang='lat' dir='ltr'><strong>sua</strong></span> <span class='ocrx_word' id='word_1_622' title='bbox 2117 1721 2193 1744; x_wconf 79' lang='lat' dir='ltr'><strong>mu-</strong></span> 
     </span>
     <span class='ocr_line' id='line_1_76' title="bbox 1206 1761 2194 1817; baseline 0.008 -19"><span class='ocrx_word' id='word_1_623' title='bbox 1206 1761 1333 1799; x_wconf 87' lang='lat' dir='ltr'><strong>lierum</strong></span> <span class='ocrx_word' id='word_1_624' title='bbox 1353 1762 1497 1801; x_wconf 82' lang='lat' dir='ltr'><strong>horrent</strong></span> <span class='ocrx_word' id='word_1_625' title='bbox 1516 1763 1827 1813; x_wconf 78' lang='lat' dir='ltr'><strong>consuetudinem,</strong></span> <span class='ocrx_word' id='word_1_626' title='bbox 1846 1765 2073 1817; x_wconf 87' lang='lat' dir='ltr'><strong>ipsarumque</strong></span> <span class='ocrx_word' id='word_1_627' title='bbox 2088 1769 2194 1807; x_wconf 87' lang='lat' dir='ltr'><strong>collo-</strong></span> 
     </span>
     <span class='ocr_line' id='line_1_77' title="bbox 1206 1824 2195 1880; baseline 0.007 -20"><span class='ocrx_word' id='word_1_628' title='bbox 1206 1824 1289 1875; x_wconf 91' lang='lat' dir='ltr'><strong>quia</strong></span> <span class='ocrx_word' id='word_1_629' title='bbox 1309 1838 1371 1861; x_wconf 87' lang='lat' dir='ltr'><strong>ceu</strong></span> <span class='ocrx_word' id='word_1_630' title='bbox 1389 1839 1463 1863; x_wconf 91' lang='lat' dir='ltr'><strong>rem</strong></span> <span class='ocrx_word' id='word_1_631' title='bbox 1488 1824 1740 1863; x_wconf 76' lang='lat' dir='ltr'><strong>exsecrandam</strong></span> <span class='ocrx_word' id='word_1_632' title='bbox 1758 1825 1916 1864; x_wconf 75' lang='lat' dir='ltr'><strong>devitant</strong></span> <span class='ocrx_word' id='word_1_633' title='bbox 1938 1843 1946 1863; x_wconf 76' lang='grc' dir='ltr'><strong>ε</strong></span> <span class='ocrx_word' id='word_1_634' title='bbox 1963 1827 2084 1877; x_wconf 86' lang='lat' dir='ltr'><strong>hosne,</strong></span> <span class='ocrx_word' id='word_1_635' title='bbox 2101 1845 2195 1880; x_wconf 78' lang='lat' dir='ltr'><strong>qnae-</strong></span> 
     </span>
     <span class='ocr_line' id='line_1_78' title="bbox 1207 1886 2197 1938; baseline 0.007 -15"><span class='ocrx_word' id='word_1_636' title='bbox 1207 1900 1262 1935; x_wconf 90' lang='lat' dir='ltr'><strong>so,</strong></span> <span class='ocrx_word' id='word_1_637' title='bbox 1283 1895 1396 1924; x_wconf 84' lang='lat' dir='ltr'><strong>castos</strong></span> <span class='ocrx_word' id='word_1_638' title='bbox 1424 1886 1706 1938; x_wconf 84' lang='lat' dir='ltr'><strong>appellabimus,</strong></span> <span class='ocrx_word' id='word_1_639' title='bbox 1736 1897 1796 1925; x_wconf 89' lang='lat' dir='ltr'><strong>aut</strong></span> <span class='ocrx_word' id='word_1_640' title='bbox 1830 1890 2078 1930; x_wconf 85' lang='lat' dir='ltr'><strong>coronabimus</strong></span> <span class='ocrx_word' id='word_1_641' title='bbox 2108 1893 2197 1930; x_wconf 91' lang='lat' dir='ltr'><strong>cele-</strong></span> 
     </span>
     <span class='ocr_line' id='line_1_79' title="bbox 1206 1947 2196 2005; baseline 0.007 -21"><span class='ocrx_word' id='word_1_642' title='bbox 1206 1947 1484 1998; x_wconf 70' lang='lat' dir='ltr'><strong>brabimusque.o</strong></span> <span class='ocrx_word' id='word_1_643' title='bbox 1505 1948 1667 1986; x_wconf 85' lang='lat' dir='ltr'><strong>Minime.</strong></span> <span class='ocrx_word' id='word_1_644' title='bbox 1691 1949 1841 1987; x_wconf 87' lang='lat' dir='ltr'><strong>Castitas</strong></span> <span class='ocrx_word' id='word_1_645' title='bbox 1874 1951 1968 1988; x_wconf 91' lang='lat' dir='ltr'><strong>enim</strong></span> <span class='ocrx_word' id='word_1_646' title='bbox 1988 1961 2038 1989; x_wconf 89' lang='lat' dir='ltr'><strong>est</strong></span> <span class='ocrx_word' id='word_1_647' title='bbox 2067 1961 2196 2005; x_wconf 76' lang='lat' dir='ltr'><strong>tempe-</strong></span> 
     </span>
     <span class='ocr_line' id='line_1_80' title="bbox 1208 2009 2197 2063; baseline 0.006 -17"><span class='ocrx_word' id='word_1_648' title='bbox 1208 2009 1320 2046; x_wconf 90' lang='lat' dir='ltr'><strong>rantia</strong></span> <span class='ocrx_word' id='word_1_649' title='bbox 1343 2019 1376 2047; x_wconf 85' lang='lat' dir='ltr'><strong>et</strong></span> <span class='ocrx_word' id='word_1_650' title='bbox 1395 2023 1514 2061; x_wconf 82' lang='lat' dir='ltr'><strong>pugna</strong></span> <span class='ocrx_word' id='word_1_651' title='bbox 1535 2009 1580 2046; x_wconf 89' lang='lat' dir='ltr'><strong>ad</strong></span> <span class='ocrx_word' id='word_1_652' title='bbox 1600 2009 1800 2062; x_wconf 87' lang='lat' dir='ltr'><strong>voluptates</strong></span> <span class='ocrx_word' id='word_1_653' title='bbox 1817 2012 2046 2063; x_wconf 87' lang='lat' dir='ltr'><strong>superandas.</strong></span> <span class='ocrx_word' id='word_1_654' title='bbox 2066 2014 2106 2051; x_wconf 79' lang='lat' dir='ltr'><strong>In</strong></span> <span class='ocrx_word' id='word_1_655' title='bbox 2122 2015 2197 2052; x_wconf 89' lang='lat' dir='ltr'><strong>bel-</strong></span> 
     </span>
     <span class='ocr_line' id='line_1_81' title="bbox 1208 2070 2196 2123; baseline 0.007 -16"><span class='ocrx_word' id='word_1_656' title='bbox 1208 2070 1251 2108; x_wconf 85' lang='lat' dir='ltr'><strong>lis</strong></span> <span class='ocrx_word' id='word_1_657' title='bbox 1278 2084 1405 2123; x_wconf 84' lang='lat' dir='ltr'><strong>porro,</strong></span> <span class='ocrx_word' id='word_1_658' title='bbox 1425 2070 1488 2108; x_wconf 88' lang='lat' dir='ltr'><strong>ubi</strong></span> <span class='ocrx_word' id='word_1_659' title='bbox 1522 2071 1780 2109; x_wconf 77' lang='lat' dir='ltr'><strong>vehementiora</strong></span> <span class='ocrx_word' id='word_1_660' title='bbox 1810 2082 1892 2110; x_wconf 91' lang='lat' dir='ltr'><strong>sunt</strong></span> <span class='ocrx_word' id='word_1_661' title='bbox 1920 2075 2123 2123; x_wconf 85' lang='lat' dir='ltr'><strong>certamina,</strong></span> <span class='ocrx_word' id='word_1_662' title='bbox 2146 2076 2196 2114; x_wconf 87' lang='lat' dir='ltr'><strong>ibi</strong></span> 
     </span>
     <span class='ocr_line' id='line_1_82' title="bbox 1208 2131 2197 2186; baseline 0.008 -18"><span class='ocrx_word' id='word_1_663' title='bbox 1208 2140 1337 2184; x_wconf 83' lang='lat' dir='ltr'><strong>tropaea</strong></span> <span class='ocrx_word' id='word_1_664' title='bbox 1369 2131 1639 2183; x_wconf 85' lang='lat' dir='ltr'><strong>splendidiora:</strong></span> <span class='ocrx_word' id='word_1_665' title='bbox 1665 2146 1764 2171; x_wconf 88' lang='lat' dir='ltr'><strong>secus</strong></span> <span class='ocrx_word' id='word_1_666' title='bbox 1799 2148 1897 2182; x_wconf 76' lang='lat' dir='ltr'><strong>vero,</strong></span> <span class='ocrx_word' id='word_1_667' title='bbox 1931 2135 2072 2186; x_wconf 81' lang='lat' dir='ltr'><strong>quando</strong></span> <span class='ocrx_word' id='word_1_668' title='bbox 2094 2150 2197 2176; x_wconf 87' lang='lat' dir='ltr'><strong>nemo</strong></span> 
     </span>
     <span class='ocr_line' id='line_1_83' title="bbox 1206 2193 2196 2237; baseline 0.006 -6"><span class='ocrx_word' id='word_1_669' title='bbox 1206 2193 1347 2231; x_wconf 87' lang='lat' dir='ltr'><strong>resistit.</strong></span> <span class='ocrx_word' id='word_1_670' title='bbox 1369 2195 1461 2233; x_wconf 89' lang='lat' dir='ltr'><strong>Sunt</strong></span> <span class='ocrx_word' id='word_1_671' title='bbox 1480 2194 1586 2232; x_wconf 87' lang='lat' dir='ltr'><strong>multi</strong></span> <span class='ocrx_word' id='word_1_672' title='bbox 1605 2203 1732 2232; x_wconf 85' lang='lat' dir='ltr'><strong>natura</strong></span> <span class='ocrx_word' id='word_1_673' title='bbox 1753 2195 1914 2234; x_wconf 85' lang='lat' dir='ltr'><strong>socordes</strong></span> <span class='ocrx_word' id='word_1_674' title='bbox 1933 2213 1940 2233; x_wconf 75' lang='grc' dir='ltr'><em>τ</em></span> <span class='ocrx_word' id='word_1_675' title='bbox 1961 2197 2069 2235; x_wconf 86' lang='lat' dir='ltr'><strong>hosne</strong></span> <span class='ocrx_word' id='word_1_676' title='bbox 2095 2213 2196 2237; x_wconf 88' lang='lat' dir='ltr'><strong>man-</strong></span> 
     </span>
     <span class='ocr_line' id='line_1_84' title="bbox 1207 2254 2197 2300; baseline 0.007 -8"><span class='ocrx_word' id='word_1_677' title='bbox 1207 2264 1322 2293; x_wconf 88' lang='lat' dir='ltr'><strong>suetos</strong></span> <span class='ocrx_word' id='word_1_678' title='bbox 1343 2254 1528 2293; x_wconf 78' lang='lat' dir='ltr'><strong>dicemus?</strong></span> <span class='ocrx_word' id='word_1_679' title='bbox 1551 2255 1712 2293; x_wconf 86' lang='lat' dir='ltr'><strong>Minime.</strong></span> <span class='ocrx_word' id='word_1_680' title='bbox 1732 2255 1872 2295; x_wconf 84' lang='lat' dir='ltr'><strong>Idcirco</strong></span> <span class='ocrx_word' id='word_1_681' title='bbox 1892 2258 2054 2297; x_wconf 83' lang='lat' dir='ltr'><strong>Christus</strong></span> <span class='ocrx_word' id='word_1_682' title='bbox 2084 2261 2197 2300; x_wconf 84' lang='lat' dir='ltr'><strong>tribus</strong></span> 
     </span>
     <span class='ocr_line' id='line_1_85' title="bbox 1204 2317 2197 2370; baseline 0.007 -16"><span class='ocrx_word' id='word_1_683' title='bbox 1204 2317 1394 2370; x_wconf 87' lang='lat' dir='ltr'><strong>propositis</strong></span> <span class='ocrx_word' id='word_1_684' title='bbox 1406 2317 1649 2355; x_wconf 81' lang='lat' dir='ltr'><strong>eunuchomm</strong></span> <span class='ocrx_word' id='word_1_685' title='bbox 1662 2318 1861 2368; x_wconf 81' lang='lat' dir='ltr'><strong>generibus,</strong></span> <span class='ocrx_word' id='word_1_686' title='bbox 1873 2319 1963 2357; x_wconf 91' lang='lat' dir='ltr'><strong>duos</strong></span> <span class='ocrx_word' id='word_1_687' title='bbox 1977 2320 2197 2361; x_wconf 77' lang='lat' dir='ltr'><strong>incoronatos</strong></span> 
     </span>
     <span class='ocr_line' id='line_1_86' title="bbox 1205 2378 2196 2432; baseline 0.006 -17"><span class='ocrx_word' id='word_1_688' title='bbox 1205 2378 1386 2428; x_wconf 83' lang='lat' dir='ltr'><strong>relinquit,</strong></span> <span class='ocrx_word' id='word_1_689' title='bbox 1411 2379 1581 2415; x_wconf 87' lang='lat' dir='ltr'><strong>unum-in</strong></span> <span class='ocrx_word' id='word_1_690' title='bbox 1600 2391 1748 2428; x_wconf 82' lang='lat' dir='ltr'><strong>regnum</strong></span> <span class='ocrx_word' id='word_1_691' title='bbox 1772 2378 1919 2416; x_wconf 87' lang='lat' dir='ltr'><strong>inducit.</strong></span> <span class='ocrx_word' id='word_1_692' title='bbox 1941 2381 2023 2429; x_wconf 79' lang='lat' dir='ltr'><strong>Sed,</strong></span> <span class='ocrx_word' id='word_1_693' title='bbox 2045 2382 2196 2432; x_wconf 77' lang='lat' dir='ltr'><strong>inquies,</strong></span> 
     </span>
     <span class='ocr_line' id='line_1_87' title="bbox 1205 2438 2198 2495; baseline 0.008 -20"><span class='ocrx_word' id='word_1_694' title='bbox 1205 2439 1294 2489; x_wconf 88' lang='lat' dir='ltr'><strong>quid</strong></span> <span class='ocrx_word' id='word_1_695' title='bbox 1320 2453 1409 2490; x_wconf 91' lang='lat' dir='ltr'><strong>opus</strong></span> <span class='ocrx_word' id='word_1_696' title='bbox 1436 2448 1488 2476; x_wconf 85' lang='lat' dir='ltr'><strong>est</strong></span> <span class='ocrx_word' id='word_1_697' title='bbox 1513 2438 1673 2476; x_wconf 69' lang='lat' dir='ltr'><strong>malitia?</strong></span> <span class='ocrx_word' id='word_1_698' title='bbox 1699 2439 1774 2475; x_wconf 86' lang='lat' dir='ltr'><strong>Hoc</strong></span> <span class='ocrx_word' id='word_1_699' title='bbox 1796 2448 1828 2476; x_wconf 86' lang='lat' dir='ltr'><strong>et</strong></span> <span class='ocrx_word' id='word_1_700' title='bbox 1848 2453 1911 2490; x_wconf 80' lang='lat' dir='ltr'><strong>ego</strong></span> <span class='ocrx_word' id='word_1_701' title='bbox 1943 2441 2034 2480; x_wconf 87' lang='lat' dir='ltr'><strong>dico.</strong></span> <span class='ocrx_word' id='word_1_702' title='bbox 2063 2443 2198 2495; x_wconf 82' lang='lat' dir='ltr'><strong>Ecquis</strong></span> 
     </span>
     <span class='ocr_line' id='line_1_88' title="bbox 1206 2499 2198 2557; baseline 0.007 -19"><span class='ocrx_word' id='word_1_703' title='bbox 1206 2514 1288 2551; x_wconf 83' lang='lat' dir='ltr'><strong>ergo</strong></span> <span class='ocrx_word' id='word_1_704' title='bbox 1307 2500 1472 2550; x_wconf 86' lang='lat' dir='ltr'><strong>nequitiae</strong></span> <span class='ocrx_word' id='word_1_705' title='bbox 1501 2500 1649 2551; x_wconf 72' lang='lat' dir='ltr'><strong>opifex?</strong></span> <span class='ocrx_word' id='word_1_706' title='bbox 1673 2499 1771 2547; x_wconf 87' lang='lat' dir='ltr'><strong>Quid</strong></span> <span class='ocrx_word' id='word_1_707' title='bbox 1799 2501 1897 2539; x_wconf 86' lang='lat' dir='ltr'><strong>aliud</strong></span> <span class='ocrx_word' id='word_1_708' title='bbox 1924 2518 2032 2554; x_wconf 90' lang='lat' dir='ltr'><strong>quam</strong></span> <span class='ocrx_word' id='word_1_709' title='bbox 2055 2506 2198 2557; x_wconf 76' lang='lat' dir='ltr'><strong>ignavia</strong></span> 
     </span>
     <span class='ocr_line' id='line_1_89' title="bbox 1206 2561 2200 2618; baseline 0.008 -18"><span class='ocrx_word' id='word_1_710' title='bbox 1206 2577 1284 2613; x_wconf 81' lang='lat' dir='ltr'><strong>quae</strong></span> <span class='ocrx_word' id='word_1_711' title='bbox 1303 2577 1348 2600; x_wconf 77' lang='lat' dir='ltr'><strong>ex</strong></span> <span class='ocrx_word' id='word_1_712' title='bbox 1366 2562 1547 2600; x_wconf 75' lang='lat' dir='ltr'><strong>voluntate</strong></span> <span class='ocrx_word' id='word_1_713' title='bbox 1571 2561 1838 2613; x_wconf 75' lang='lat' dir='ltr'><strong>proficiscitur?</strong></span> <span class='ocrx_word' id='word_1_714' title='bbox 1865 2565 1928 2614; x_wconf 87' lang='lat' dir='ltr'><strong>At,</strong></span> <span class='ocrx_word' id='word_1_715' title='bbox 1954 2566 2111 2618; x_wconf 87' lang='lat' dir='ltr'><strong>inquies,</strong></span> <span class='ocrx_word' id='word_1_716' title='bbox 2137 2569 2200 2608; x_wconf 88' lang='lat' dir='ltr'><strong>bo-</strong></span> 
     </span>
     <span class='ocr_line' id='line_1_90' title="bbox 1207 2625 2196 2684; baseline 0.008 -21"><span class='ocrx_word' id='word_1_717' title='bbox 1207 2640 1269 2663; x_wconf 90' lang='lat' dir='ltr'><strong>nos</strong></span> <span class='ocrx_word' id='word_1_718' title='bbox 1290 2634 1428 2663; x_wconf 84' lang='lat' dir='ltr'><strong>tantum</strong></span> <span class='ocrx_word' id='word_1_719' title='bbox 1441 2638 1515 2662; x_wconf 88' lang='lat' dir='ltr'><strong>esse</strong></span> <span class='ocrx_word' id='word_1_720' title='bbox 1528 2633 1714 2676; x_wconf 88' lang='lat' dir='ltr'><strong>oporteret.</strong></span> <span class='ocrx_word' id='word_1_721' title='bbox 1733 2625 1872 2677; x_wconf 90' lang='lat' dir='ltr'><strong>Ecquid</strong></span> <span class='ocrx_word' id='word_1_722' title='bbox 1887 2628 1980 2667; x_wconf 88' lang='lat' dir='ltr'><strong>bono</strong></span> <span class='ocrx_word' id='word_1_723' title='bbox 1995 2633 2196 2684; x_wconf 86' lang='lat' dir='ltr'><strong>proprium,</strong></span> 
     </span>
     <span class='ocr_line' id='line_1_91' title="bbox 1207 2686 2200 2738; baseline 0.008 -14"><span class='ocrx_word' id='word_1_724' title='bbox 1207 2701 1249 2724; x_wconf 88' lang='lat' dir='ltr'><strong>an</strong></span> <span class='ocrx_word' id='word_1_725' title='bbox 1277 2686 1512 2724; x_wconf 85' lang='lat' dir='ltr'><strong>continentem</strong></span> <span class='ocrx_word' id='word_1_726' title='bbox 1547 2699 1621 2723; x_wconf 85' lang='lat' dir='ltr'><strong>esse</strong></span> <span class='ocrx_word' id='word_1_727' title='bbox 1651 2695 1684 2723; x_wconf 88' lang='lat' dir='ltr'><strong>et</strong></span> <span class='ocrx_word' id='word_1_728' title='bbox 1722 2686 1894 2738; x_wconf 75' lang='lat' dir='ltr'><strong>vigilare,</strong></span> <span class='ocrx_word' id='word_1_729' title='bbox 1918 2704 1963 2728; x_wconf 84' lang='lat' dir='ltr'><strong>an</strong></span> <span class='ocrx_word' id='word_1_730' title='bbox 1990 2691 2146 2732; x_wconf 86' lang='lat' dir='ltr'><strong>dormire</strong></span> <span class='ocrx_word' id='word_1_731' title='bbox 2166 2704 2200 2732; x_wconf 91' lang='lat' dir='ltr'><strong>et</strong></span> 
     </span>
     <span class='ocr_line' id='line_1_92' title="bbox 1209 2746 2198 2801; baseline 0.009 -17"><span class='ocrx_word' id='word_1_732' title='bbox 1209 2746 1377 2784; x_wconf 75' lang='lat' dir='ltr'><strong>stertere?</strong></span> <span class='ocrx_word' id='word_1_733' title='bbox 1398 2746 1445 2783; x_wconf 90' lang='lat' dir='ltr'><strong>Et</strong></span> <span class='ocrx_word' id='word_1_734' title='bbox 1465 2760 1549 2795; x_wconf 89' lang='lat' dir='ltr'><strong>cur,</strong></span> <span class='ocrx_word' id='word_1_735' title='bbox 1580 2746 1738 2797; x_wconf 82' lang='lat' dir='ltr'><strong>inquies,</strong></span> <span class='ocrx_word' id='word_1_736' title='bbox 1767 2761 1836 2786; x_wconf 93' lang='lat' dir='ltr'><strong>non</strong></span> <span class='ocrx_word' id='word_1_737' title='bbox 1859 2749 1907 2787; x_wconf 87' lang='lat' dir='ltr'><strong>ita</strong></span> <span class='ocrx_word' id='word_1_738' title='bbox 1929 2761 2101 2791; x_wconf 85' lang='lat' dir='ltr'><strong>statutum</strong></span> <span class='ocrx_word' id='word_1_739' title='bbox 2129 2765 2198 2801; x_wconf 88' lang='lat' dir='ltr'><strong>est,</strong></span> 
     </span>
     <span class='ocr_line' id='line_1_93' title="bbox 1208 2807 2201 2865; baseline 0.011 -21"><span class='ocrx_word' id='word_1_740' title='bbox 1208 2817 1247 2845; x_wconf 91' lang='lat' dir='ltr'><strong>ut</strong></span> <span class='ocrx_word' id='word_1_741' title='bbox 1282 2807 1357 2846; x_wconf 90' lang='lat' dir='ltr'><strong>sine</strong></span> <span class='ocrx_word' id='word_1_742' title='bbox 1391 2807 1512 2844; x_wconf 86' lang='lat' dir='ltr'><strong>labore</strong></span> <span class='ocrx_word' id='word_1_743' title='bbox 1545 2816 1637 2845; x_wconf 88' lang='lat' dir='ltr'><strong>recte</strong></span> <span class='ocrx_word' id='word_1_744' title='bbox 1668 2812 1920 2860; x_wconf 76' lang='lat' dir='ltr'><strong>operaremur?</strong></span> <span class='ocrx_word' id='word_1_745' title='bbox 1950 2814 2067 2865; x_wconf 84' lang='lat' dir='ltr'><strong>Digna</strong></span> <span class='ocrx_word' id='word_1_746' title='bbox 2090 2817 2201 2854; x_wconf 69' lang='lat' dir='ltr'><strong>verba</strong></span> 
     </span>
     <span class='ocr_line' id='line_1_94' title="bbox 1208 2868 2197 2922; baseline 0.009 -15"><span class='ocrx_word' id='word_1_747' title='bbox 1208 2869 1395 2922; x_wconf 83' lang='lat' dir='ltr'><strong>pecoribus</strong></span> <span class='ocrx_word' id='word_1_748' title='bbox 1409 2878 1515 2920; x_wconf 88' lang='lat' dir='ltr'><strong>atque</strong></span> <span class='ocrx_word' id='word_1_749' title='bbox 1529 2868 1572 2906; x_wconf 88' lang='lat' dir='ltr'><strong>iis</strong></span> <span class='ocrx_word' id='word_1_750' title='bbox 1587 2869 1649 2920; x_wconf 92' lang='lat' dir='ltr'><strong>qui</strong></span> <span class='ocrx_word' id='word_1_751' title='bbox 1665 2879 1823 2909; x_wconf 80' lang='lat' dir='ltr'><strong>ventrem</strong></span> <span class='ocrx_word' id='word_1_752' title='bbox 1839 2873 1948 2912; x_wconf 88' lang='lat' dir='ltr'><strong>deum</strong></span> <span class='ocrx_word' id='word_1_753' title='bbox 1965 2876 2197 2916; x_wconf 85' lang='lat' dir='ltr'><strong>arbitrantur.</strong></span> 
     </span>
     <span class='ocr_line' id='line_1_95' title="bbox 1212 2930 2198 2992; baseline 0.009 -23"><span class='ocrx_word' id='word_1_754' title='bbox 1212 2933 1260 2970; x_wconf 87' lang='lat' dir='ltr'><strong>Ut</strong></span> <span class='ocrx_word' id='word_1_755' title='bbox 1273 2931 1390 2969; x_wconf 85' lang='lat' dir='ltr'><strong>discas</strong></span> <span class='ocrx_word' id='word_1_756' title='bbox 1406 2930 1498 2968; x_wconf 91' lang='lat' dir='ltr'><strong>enim</strong></span> <span class='ocrx_word' id='word_1_757' title='bbox 1520 2931 1594 2968; x_wconf 86' lang='lat' dir='ltr'><strong>haec</strong></span> <span class='ocrx_word' id='word_1_758' title='bbox 1613 2931 1723 2969; x_wconf 85' lang='lat' dir='ltr'><strong>verba</strong></span> <span class='ocrx_word' id='word_1_759' title='bbox 1740 2932 1908 2973; x_wconf 85' lang='lat' dir='ltr'><strong>inertium</strong></span> <span class='ocrx_word' id='word_1_760' title='bbox 1921 2950 2008 2987; x_wconf 84' lang='lat' dir='ltr'><strong>esse,</strong></span> <span class='ocrx_word' id='word_1_761' title='bbox 2025 2941 2198 2992; x_wconf 87' lang='lat' dir='ltr'><strong>responde</strong></span> 
     </span>
     <span class='ocr_line' id='line_1_96' title="bbox 1212 2992 2199 3051; baseline 0.011 -21"><span class='ocrx_word' id='word_1_762' title='bbox 1212 2992 1312 3030; x_wconf 88' lang='lat' dir='ltr'><strong>mihi.</strong></span> <span class='ocrx_word' id='word_1_763' title='bbox 1334 2993 1512 3030; x_wconf 88' lang='lat' dir='ltr'><strong>Ponamus</strong></span> <span class='ocrx_word' id='word_1_764' title='bbox 1543 3006 1617 3030; x_wconf 85' lang='lat' dir='ltr'><strong>esse</strong></span> <span class='ocrx_word' id='word_1_765' title='bbox 1646 3007 1764 3045; x_wconf 85' lang='lat' dir='ltr'><strong>regem</strong></span> <span class='ocrx_word' id='word_1_766' title='bbox 1785 3004 1818 3033; x_wconf 88' lang='lat' dir='ltr'><strong>et</strong></span> <span class='ocrx_word' id='word_1_767' title='bbox 1838 2995 1986 3048; x_wconf 89' lang='lat' dir='ltr'><strong>ducem,</strong></span> <span class='ocrx_word' id='word_1_768' title='bbox 2007 3014 2087 3051; x_wconf 81' lang='lat' dir='ltr'><strong>rege</strong></span> <span class='ocrx_word' id='word_1_769' title='bbox 2116 3016 2199 3041; x_wconf 77' lang='lat' dir='ltr'><strong>vero</strong></span> 
     </span>
     <span class='ocr_line' id='line_1_97' title="bbox 1212 3053 2198 3108; baseline 0.011 -17"><span class='ocrx_word' id='word_1_770' title='bbox 1212 3054 1408 3092; x_wconf 84' lang='lat' dir='ltr'><strong>dormiente</strong></span> <span class='ocrx_word' id='word_1_771' title='bbox 1429 3063 1462 3092; x_wconf 89' lang='lat' dir='ltr'><strong>et</strong></span> <span class='ocrx_word' id='word_1_772' title='bbox 1477 3053 1637 3092; x_wconf 85' lang='lat' dir='ltr'><strong>ebrietati</strong></span> <span class='ocrx_word' id='word_1_773' title='bbox 1662 3069 1803 3108; x_wconf 78' lang='lat' dir='ltr'><strong>operam</strong></span> <span class='ocrx_word' id='word_1_774' title='bbox 1831 3057 1950 3107; x_wconf 83' lang='lat' dir='ltr'><strong>dante,</strong></span> <span class='ocrx_word' id='word_1_775' title='bbox 1972 3061 2097 3101; x_wconf 81' lang='lat' dir='ltr'><strong>ducein</strong></span> <span class='ocrx_word' id='word_1_776' title='bbox 2119 3078 2198 3101; x_wconf 88' lang='lat' dir='ltr'><strong>ma-</strong></span> 
     </span>
    </p>
   </div>
   <div class='ocr_carea' id='block_1_14' title="bbox 1163 2860 1186 2890">
    <p class='ocr_par' dir='ltr' id='par_1_14' title="bbox 1163 2860 1186 2890">
     <span class='ocr_line' id='line_1_98' title="bbox 1163 2860 1186 2890; baseline 0 0"><span class='ocrx_word' id='word_1_777' title='bbox 1163 2860 1186 2890; x_wconf 85' lang='lat' dir='ltr'><strong>E</strong></span> 
     </span>
    </p>
   </div>
   <div class='ocr_carea' id='block_1_15' title="bbox 1156 3115 2201 3175">
    <p class='ocr_par' dir='ltr' id='par_1_15' title="bbox 1156 3115 2201 3175">
     <span class='ocr_line' id='line_1_99' title="bbox 1156 3115 2201 3175; baseline 0.01 -23"><span class='ocrx_word' id='word_1_778' title='bbox 1156 3140 1202 3164; x_wconf 74' lang='lat'><strong>210</strong></span> <span class='ocrx_word' id='word_1_779' title='bbox 1213 3129 1281 3168; x_wconf 80' lang='lat' dir='ltr'><strong>gno</strong></span> <span class='ocrx_word' id='word_1_780' title='bbox 1297 3115 1420 3154; x_wconf 88' lang='lat' dir='ltr'><strong>labore</strong></span> <span class='ocrx_word' id='word_1_781' title='bbox 1436 3125 1567 3168; x_wconf 84' lang='lat' dir='ltr'><strong>tropaea</strong></span> <span class='ocrx_word' id='word_1_782' title='bbox 1588 3117 1741 3155; x_wconf 74' lang='lat' dir='ltr'><strong>erexisse</strong></span> <span class='ocrx_word' id='word_1_783' title='bbox 1759 3133 1767 3153; x_wconf 73' lang='grc' dir='ltr'><strong>ε</strong></span> <span class='ocrx_word' id='word_1_784' title='bbox 1786 3120 1842 3156; x_wconf 93' lang='lat' dir='ltr'><strong>cui</strong></span> <span class='ocrx_word' id='word_1_785' title='bbox 1870 3121 2056 3160; x_wconf 77' lang='lat' dir='ltr'><strong>victoriam</strong></span> <span class='ocrx_word' id='word_1_786' title='bbox 2084 3123 2201 3175; x_wconf 89' lang='lat' dir='ltr'><strong>impu-</strong></span> 
     </span>
    </p>
   </div>
   <div class='ocr_carea' id='block_1_16' title="bbox 1166 3176 2202 3293">
    <p class='ocr_par' dir='ltr' id='par_1_16' title="bbox 1166 3176 2202 3293">
     <span class='ocr_line' id='line_1_100' title="bbox 1166 3176 2202 3232; baseline 0.008 -18"><span class='ocrx_word' id='word_1_787' title='bbox 1166 3178 1190 3206; x_wconf 86' lang='lat' dir='ltr'>A</span> <span class='ocrx_word' id='word_1_788' title='bbox 1214 3176 1329 3215; x_wconf 73' lang='lat' dir='ltr'><strong>tares?</strong></span> <span class='ocrx_word' id='word_1_789' title='bbox 1355 3185 1433 3214; x_wconf 90' lang='lat' dir='ltr'><strong>uter</strong></span> <span class='ocrx_word' id='word_1_790' title='bbox 1458 3190 1522 3229; x_wconf 89' lang='lat' dir='ltr'><strong>pro</strong></span> <span class='ocrx_word' id='word_1_791' title='bbox 1552 3191 1588 3214; x_wconf 86' lang='lat' dir='ltr'><strong>re</strong></span> <span class='ocrx_word' id='word_1_792' title='bbox 1617 3186 1713 3228; x_wconf 85' lang='lat' dir='ltr'><strong>gesta</strong></span> <span class='ocrx_word' id='word_1_793' title='bbox 1738 3179 1932 3232; x_wconf 84' lang='lat' dir='ltr'><strong>voluptatis</strong></span> <span class='ocrx_word' id='word_1_794' title='bbox 1960 3183 2116 3221; x_wconf 85' lang='lat' dir='ltr'><strong>fructum</strong></span> <span class='ocrx_word' id='word_1_795' title='bbox 2142 3184 2202 3222; x_wconf 89' lang='lat' dir='ltr'><strong>de-</strong></span> 
     </span>
     <span class='ocr_line' id='line_1_101' title="bbox 1216 3237 2201 3293; baseline 0.009 -18"><span class='ocrx_word' id='word_1_796' title='bbox 1216 3237 1359 3290; x_wconf 74' lang='lat' dir='ltr'><strong>cerpat?</strong></span> <span class='ocrx_word' id='word_1_797' title='bbox 1376 3237 1508 3277; x_wconf 87' lang='lat' dir='ltr'><strong>Viden&#39;</strong></span> <span class='ocrx_word' id='word_1_798' title='bbox 1529 3237 1689 3275; x_wconf 88' lang='lat' dir='ltr'><strong>animum</strong></span> <span class='ocrx_word' id='word_1_799' title='bbox 1711 3239 1804 3278; x_wconf 85' lang='lat' dir='ltr'><strong>circa</strong></span> <span class='ocrx_word' id='word_1_800' title='bbox 1826 3241 1887 3278; x_wconf 89' lang='lat' dir='ltr'><strong>illa</strong></span> <span class='ocrx_word' id='word_1_801' title='bbox 1908 3243 2021 3293; x_wconf 80' lang='lat' dir='ltr'><strong>inagis</strong></span> <span class='ocrx_word' id='word_1_802' title='bbox 2036 3245 2201 3284; x_wconf 83' lang='lat' dir='ltr'><strong>affectum</strong></span> 
     </span>
    </p>
   </div>
   <div class='ocr_carea' id='block_1_17' title="bbox 1246 3349 1760 3392">
    <p class='ocr_par' dir='ltr' id='par_1_17' title="bbox 1246 3349 1760 3392">
     <span class='ocr_line' id='line_1_102' title="bbox 1246 3349 1760 3392; baseline -0.002 -10"><span class='ocrx_word' id='word_1_803' title='bbox 1246 3360 1258 3375; x_wconf 61' lang='grc' dir='ltr'>θ</span> <span class='ocrx_word' id='word_1_804' title='bbox 1278 3349 1390 3382; x_wconf 63' lang='lat' dir='ltr'><strong>Morvl.</strong></span> <span class='ocrx_word' id='word_1_805' title='bbox 1412 3356 1533 3392; x_wconf 70' lang='grc' dir='ltr'>εἰσάγειν</span> <span class='ocrx_word' id='word_1_806' title='bbox 1551 3354 1638 3391; x_wconf 66' lang='grc' dir='ltr'>λέγει.</span> <span class='ocrx_word' id='word_1_807' title='bbox 1659 3355 1706 3382; x_wconf 65' lang='grc' dir='ltr'><strong>ναι</strong></span> <span class='ocrx_word' id='word_1_808' title='bbox 1723 3355 1760 3384; x_wconf 75' lang='grc' dir='ltr'><strong>τί.</strong></span> 
     </span>
    </p>
   </div>
   <div class='ocr_carea' id='block_1_18' title="bbox 2213 2336 2396 2410">
    <p class='ocr_par' dir='ltr' id='par_1_18' title="bbox 2213 2336 2396 2410">
     <span class='ocr_line' id='line_1_103' title="bbox 2213 2336 2396 2374; baseline 0.005 -11"><span class='ocrx_word' id='word_1_809' title='bbox 2213 2336 2326 2364; x_wconf 65' lang='lat' dir='ltr'><strong>fllalilz.</strong></span> <span class='ocrx_word' id='word_1_810' title='bbox 2350 2345 2396 2374; x_wconf 73' lang='grc'><strong>19.</strong></span> 
     </span>
     <span class='ocr_line' id='line_1_104' title="bbox 2219 2389 2264 2410; baseline 0.067 -3"><span class='ocrx_word' id='word_1_811' title='bbox 2219 2389 2264 2410; x_wconf 83' lang='lat'><strong>12.</strong></span> 
     </span>
    </p>
   </div>
  </div>
 </body>
</html>
