2481 3678
708 229 747 258 ΙΝ
786 229 995 258 ,ΙΟΧᾸΝΕΜ
1032 229 1186 258 ΙΙΟΜΗ,.

109 308 252 363 ἀφίησι,
281 310 335 348 διὰ
365 309 424 352 τὰς
455 307 614 351 τοιαύτας
639 310 700 354 τῆς
718 309 940 352 ἀποστάσεως
967 309 1131 359 ὑποψίας·

105 372 198 409 ἀλλὰ
232 371 370 414 τούτους
410 369 472 420 μὲν
507 372 553 413 εἷς
588 370 781 408 Βαῧυλῶνα
815 370 926 421 ἤγαγε
955 369 1014 407 καὶ
1047 368 1131 414 Μή·

106 432 201 478 δους,
222 435 348 470 ἐκεῖθεν
371 431 404 468 δὲ
439 431 517 478 ἔθνη
546 432 585 468 ἐκ
621 430 791 483 διαφόρων
826 431 940 468 τόπων
974 429 1128 479 ἀγαγὼν,

104 491 299 530 κατώκισεν
316 494 350 529 ἐν
371 494 413 542 τῇ·
432 491 634 543 Σαμαρείᾳ,
658 491 747 530 ὥστε
769 491 888 529 λοιπὸν
907 491 1047 541 ἀσφαλῆ
1067 490 1130 526 αὖ·

103 568 152 589 τι)
169 553 231 600 τὴν
252 552 364 603 ἀρχὴν
383 556 491 599 εἰναι,
508 568 577 589 των
598 552 732 590 οἰκείων
764 551 913 602 ἐχόντων
934 549 991 586 τὸν
1011 548 1128 586 τόπον.

105 612 249 650 Τούτων
268 612 302 650 δὲ
321 613 529 664 γενομένων,
554 614 760 664 βουλόμενος
775 614 792 648 ὁ
812 611 900 654 Θεὸς
928 610 1034 654 δεῖξαι
1066 609 1128 655 τὴν

104 675 208 711 αὐτοῦ
227 673 385 724 δύναμιν,
403 674 461 711 καὶ
480 676 527 717 ὡς
545 676 583 712 οὐ
604 676 646 711 δι’
666 671 844 710 ἀσθένειαν
861 671 1024 715 ἐξέδωκεν
1043 670 1129 708 Ἰου-

106 734 242 780 δαίους,
265 734 354 771 ἀλλὰ
370 735 411 771 δι’
429 734 604 786 ἁμαρτίας
623 735 693 771 τῶν
714 731 936 778 ἐκδοθέντων,
957 730 1128 782 ἐπαφίησι

103 794 244 838 λέοντας
266 801 337 838 τοῖς
357 796 545 847 βαρδάροις
558 811 565 818 ·
602 794 724 836 οἵτινες
738 792 963 842 ἐλυμαίνοντο
980 792 1019 830 τὸ
1037 792 1130 835 ἔθνος

104 856 209 893 ἅπαν.
237 856 434 908 Ἀπηγγέλη
452 860 561 893 ταῦτα
585 857 635 906 τῷ
658 855 814 905 βασιλεῖ,
845 853 903 891 καὶ
925 853 1058 904 πέμπει
1078 856 1130 890 ἱε-

104 917 165 968 ρέα
186 918 263 955 τινὰ
279 918 336 956 τὸν
360 916 614 970 παραδώσοντα
644 918 759 958 αὐτοῖς
777 914 855 957 τοὺς
874 918 933 952 τοῦ
960 916 1054 952 Θεοῦ
1080 914 1130 951 νό-

102 993 201 1027 μους.
236 980 327 1017 Ἀλλ’
346 979 440 1029 ὅμως
470 978 546 1016 οὐδὲ
568 976 675 1021 οὕτως
693 977 727 1020 ἐξ
746 975 938 1028 ὁλοκλήρου
959 979 1020 1022 τῆς
1045 977 1127 1013 ἀσε-

102 1038 197 1082 ὅείας
216 1039 432 1086 ἀπέστησαν,
452 1041 528 1077 ἀλλ’
545 1039 578 1084 ἐξ
594 1037 792 1089 ιΊἡμισείας.
822 1036 956 1090 Χρόνου
978 1036 1013 1074 δὲ
1031 1043 1131 1088 προϊ-

100 1099 216 1148 ὄντος,
249 1101 356 1139 πάλιν
376 1103 445 1138 τῶν
467 1100 529 1151 μὲν
550 1100 699 1138 εἰδώλων
728 1098 978 1144 ἀπεπήδησαν,
1013 1097 1130 1136 ἔσεὸον

102 1160 137 1199 δὲ
157 1163 214 1200 τὸν
247 1162 350 1200 Θεόν.
369 1163 450 1199 Τῶν
465 1156 521 1199 οὖν
543 1159 758 1213 πραγμάτιον
789 1161 824 1196 ἐν
853 1159 986 1202 τούτοις
1005 1159 1127 1207 ὅντων,

101 1222 345 1265 ἐπανελθόντες
367 1224 528 1260 Ἰουδαῖοι
559 1221 693 1267 λοιπὸν,
715 1219 919 1266 ζηλοτύπως
956 1219 1041 1271 πρὸς
1068 1222 1128 1258 αὖ·

101 1283 180 1327 τοὺς
199 1278 291 1335 εἶχον
312 1284 371 1321 ἅτε
389 1283 474 1335 πρὸς
490 1281 705 1334 ἀλλοφύλους
725 1280 784 1318 καὶ
795 1280 983 1331 πολεμίους
997 1311 1006 1328 ,
1019 1280 1052 1319 οἳ
1070 1280 1129 1319 καὶ

103 1344 172 1381 ἀπὸ
191 1347 250 1383 τοῦ
264 1344 361 1395 ὄρους
377 1343 600 1396 Σαμαρείτας
615 1340 738 1384 αὐτοὺς
749 1338 765 1360 ¹'
776 1341 931 1379 ἐκάλουν.
950 1340 1130 1384 Ἰουδαίοις

102 1405 138 1443 δὲ
156 1408 194 1443 οὐ
213 1404 322 1457 μικρὰ
341 1405 400 1442 καὶ
421 1406 574 1442 ἐντεῦθεν
588 1398 629 1450 ἦν
644 1403 728 1454 πρὸς
743 1401 866 1445 αὐτοὺς
882 1405 903 1448 ἡ
922 1402 1130 1453 φιλονεικία.

103 1466 195 1504 Οὐδὲ
215 1466 282 1518 γὰρ
306 1471 381 1507 ταῖς
403 1467 560 1516 Γραφαῖς
596 1463 726 1505 πάσαις
745 1462 955 1514 ἐκέχρηντο,
976 1462 1066 1499 ἀλλὰ
1085 1462 1129 1499 τὰ

102 1526 280 1570 Μωῦσέως
307 1525 397 1576 μόνα
419 1524 619 1576 δεχόμενοι,
647 1526 716 1561 τῶν
736 1525 925 1574 προφητῶν
954 1523 991 1559 οὐ
1023 1522 1132 1560 πολὺν

100 1589 280 1625 ἐποιοῦντο
311 1586 427 1638 λόγον.
451 1584 710 1637 Ἐφιλονείκουν
732 1583 849 1634 μέντοι
875 1585 923 1626 εἷς
952 1581 1014 1629 τὴν
1034 1583 1132 1634 εὐγέ-

101 1664 193 1686 νειαν
219 1650 372 1687 εἷσωθεῖν
402 1646 543 1689 ἑαυτοὺς
575 1645 637 1692 τὴν
659 1643 867 1691 Ἰουδαϊκὴν,
889 1644 947 1681 καὶ
980 1645 1134 1696 ἐφιλοτι-

1395 214 1454 258 aL

1206 308 1403 345 habitatum
1437 308 1553 358 misit,

1229 229 1356 258 xxxh
1496 231 1602 259 xxx.
2096 214 2183 260 205

1587 318 1625 346 ut
1658 310 1801 347 {irinum
1832 324 1937 347 suum
1965 311 2019 347 liis
2039 312 2072 347 in
2101 311 2186 348 locis

1203 370 1393 421 imperium
1422 379 1540 421 postea
1563 380 1667 419 esset,
1690 371 1832 422 regione
1859 370 1942 407 fidis
1969 371 2092 408 incolis
2116 381 2185 409 tra-

1201 430 1286 468 dita.
1302 431 1367 468 His
1382 431 1429 469 ita
1444 431 1568 482 gestis,
1583 433 1681 470 Deus
1696 441 1734 469 ut
1750 432 1943 484 potentiam
1959 446 2060 469 suam
2075 442 2187 470 osten-

1200 490 1318 539 deret,
1354 492 1522 543 quodque
1557 507 1625 530 non
1667 493 1713 531 ob
1745 492 2026 530 imbecillitatem
2045 493 2187 531 ,Iudaeos

1200 552 1424 603 tradidisset,
1458 553 1518 591 sed
1540 564 1684 607 propter
1702 554 1899 592 incolarum
1918 563 2080 606 peccata,
2108 554 2185 591 leo—

1201 627 1261 650 nes
1280 613 1316 650 in
1331 614 1502 651 barbaros
1524 613 1690 663 immisit,
1708 615 1767 665 qui
1788 624 1897 652 totam
1919 623 2059 665 gentem
2079 614 2186 653 deva-

1151 688 1175 718 Ε
1202 674 1354 712 stabant.
1376 675 1458 712 Haec
1479 676 1554 726 regi
1574 675 1801 723 nuntiantur;
1821 675 1881 713 ille
1897 675 2006 712 mittit
2026 675 2186 713 sacerdo—

1201 744 1271 772 tem
1311 735 1522 786 qucmdam,
1560 736 1622 787 qui
1660 737 1725 773 Dei
1771 736 1864 787 leges
1902 736 1987 788 ipsis
2020 736 2184 774 traderet.

1201 798 1365 834 Attamen
1391 811 1434 834 ne
1452 797 1503 835 sic
1521 796 1667 847 quidem
1698 799 1841 835 omnino
1863 798 1908 835 ab
1928 798 2110 850 impietate
2127 798 2187 836 de-

1201 857 1387 908 stiterunt,
1418 857 1480 896 sed
1510 858 1641 910 partim
1671 867 1820 896 tantum.
1842 859 2043 909 insequenti
2068 869 2186 897 autem

1200 926 1381 970 tempore,
1403 918 1582 957 idolorum
1608 919 1745 971 abjecto
1778 920 1899 969 cultu,
1932 921 2048 958 Deum
2068 921 2185 958 colue-

1140 1010 1187 1035 ,73
1203 989 1298 1017 runt.
1317 980 1409 1018 Cum
1427 980 1495 1018 boe
1513 981 1549 1018 in
1567 988 1728 1019 statu-res
1748 990 1880 1029 essent,
1898 982 2029 1019 reversi
2049 983 2069 1020 J
2074 981 2185 1029 uda-i,

1153 1048 1179 1077 A
1202 1040 1266 1078 hos
1288 1050 1324 1078 ut
1341 1041 1556 1093 alienigenas
1575 1050 1608 1079 et
1622 1042 1738 1080 hostes
1759 1042 2014 1080 aversabantur
2027 1072 2039 1092 ,
2055 1056 2143 1093 quos
2166 1057 2186 1079 a

1201 1113 1318 1141 monte
1348 1104 1589 1143 Samaritanus
1618 1104 1802 1143 vocabant.
1833 1104 1968 1144 Judaeis
2003 1119 2086 1142 vero
2117 1119 2186 1142 non

1201 1163 1284 1201 hinc
1313 1178 1424 1215 parva
1444 1179 1525 1202 cum
1552 1165 1639 1216 ipsis
1669 1165 1847 1202 oriebatur
1876 1166 2071 1212 contentio,
2090 1165 2186 1216 quod

1201 1238 1270 1262 non
1290 1234 1380 1262 totas
1399 1225 1601 1277 Scripturas
1623 1225 1834 1277 reciperent,
1858 1225 1918 1263 sed
1940 1227 2077 1278 Moysis
2106 1236 2183 1264 tan-

1201 1294 1277 1323 tum
1307 1286 1436 1335 libros;
1458 1300 1521 1323 nec
1541 1286 1731 1338 prophetas
1746 1286 1902 1324 multum
1930 1297 2102 1325 curarent.
2123 1290 2187 1327 Sa-

1200 1346 1336 1384 maritae
1368 1361 1450 1386 vero
1479 1347 1671 1386 Juda'i'cam
1704 1347 1927 1385 nobilitatem
1959 1349 2185 1396 ambiebant,

1201 1421 1382 1458 genusque
1402 1422 1507 1445 suum
1529 1408 1576 1445 ad
1595 1408 1777 1446 Abraham
1806 1409 1906 1459 quasi
1928 1411 2188 1462 progenitorem

1201 1469 1415 1517 referebant,
1451 1478 1573 1520 utpote
1607 1469 1669 1519 qui
1705 1483 1751 1506 ex
1782 1469 1951 1507 Chaldaea
1988 1481 2123 1522 essent,
2156 1481 2190 1510 et

1203 1529 1314 1568 Jacob
1343 1538 1480 1581 patrem
1507 1544 1614 1567 suum
1646 1530 1844 1579 vocabant,
1881 1540 2002 1583 utpote
2037 1533 2188 1570 Abrahae

1203 1600 1365 1643 nepotem
1385 1607 1393 1627 :
1410 1593 1431 1630 J
1435 1590 1526 1629 udaei
1541 1605 1625 1630 vero
1640 1605 1721 1629 cum
1735 1592 1870 1630 caeteris
1904 1593 2070 1631 omnibus
2095 1596 2190 1645 ipsos

1203 1663 1344 1700 quoque
1369 1649 1679 1687 abominabantur.
1701 1650 1806 1687 Unde
1831 1659 1865 1687 et
1893 1650 2035 1689 Christo
2064 1666 2190 1703 expro-

2241 1109 2386 1135 Samaritu

2235 1148 2387 1177 judaicam

2205 1191 2388 1218 nobilitatem!

2200 1232 2377 1260 ambit-baut.

101 1713 228 1759 μοῧντο
252 1708 309 1748 ἐπὶ
334 1710 383 1760 τῷ
403 1706 579 1760 Ἀδραὰμ,
594 1706 654 1745 καὶ
673 1705 841 1757 πρόγονον
859 1706 961 1744 αὐτὸν
981 1706 1135 1758 ἐπεγρά-
1155 1722 1179 1752 Β
1203 1707 1356 1746 brabant
1374 1708 1431 1746 his
1452 1708 1567 1748 verbis
1587 1724 1594 1745 :
1615 1709 1887 1747 Samaritanus
1914 1723 1953 1747 es
1974 1719 2035 1755 tu,
2059 1719 2095 1748 et
2115 1712 2190 1748 dce-
2205 1715 2390 1754 Jonn.8.l,8.

100 1785 221 1820 φοντο,
244 1769 303 1807 ἅτε
330 1769 397 1807 ἀπὸ
423 1771 484 1814 τῆς
518 1766 700 1810 Χαλδαίας
728 1766 830 1804 ὅντα·
851 1766 910 1805 καὶ
931 1767 987 1805 τὸν
1004 1766 1135 1805 ’Iunc-ff

102 1831 137 1868 δὲ
166 1830 303 1882 πατέρα
325 1830 483 1874 ἐκάλουν,
501 1829 561 1867 ἅτε
582 1827 713 1866 ἐκείνου
734 1827 818 1865 ὄντα
835 1827 1025 1879 ἀπόγονον·
1048 1831 1079 1866 οἱ
1097 1828 1133 1867 δὲ

102 1891 264 1929 Ἰουδαῖοι
298 1890 384 1942 μετὰ
420 1890 560 1927 πάντων
594 1888 653 1927 καὶ
687 1887 829 1932 τούτους
866 1889 1131 1928 ἐδδελύσσοντο.

100 1951 208 1991 Ἵ)θεν
225 1953 283 1990 καὶ
299 1955 348 2004 τῷ
370 1953 512 2004 Χριστῷ
532 1955 643 1988 ταῦτα
662 1950 840 1994 ὠνείδιζον
858 1950 1034 2001 λέγοντες·
1057 1952 1134 1989 Σα-

102 2013 268 2065 μαρείτης
285 2008 316 2051 εἶ
341 2012 382 2050 σὺ
395 2044 403 2060 ,
419 2012 478 2050 καὶ
495 2011 669 2062 δαιμόνιον
691 2011 798 2063 ἔχεις“
822 2012 880 2049 καὶ
900 2011 958 2049 ἐπὶ
977 2015 1037 2049 τοῦ
1068 2029 1133 2050 κα-

102 2075 270 2117 ταὸάντος
303 2075 372 2113 ἀπὸ
389 2073 620 2125 Ἰερουσαλὴμ
651 2074 699 2116 εἷς
718 2071 878 2124 Ἱεριχὼ,
899 2072 1029 2119 ταύτης
1059 2073 1133 2111 ἔνε-

101 2151 159 2172 κεν
180 2137 242 2181 τῆς
261 2134 454 2177 ὑποθέσεως
486 2137 503 2172 ὃ
536 2133 685 2184 Χριστὸς
718 2133 945 2185 Σαμαρείτην
981 2133 1130 2185 εἰσάγει,

101 2196 159 2233 τὸν
177 2196 271 2234 ἔλεον
297 2199 344 2239 εἰς
365 2196 466 2233 αὐτὸν
485 2195 702 2241 πεποιηκότα
717 2224 726 2242 ,
745 2195 802 2233 τὸν
825 2196 971 2243 εὐτελῆ,
992 2195 1048 2233 τὸν
1078 2198 1132 2234 εὐ-

99 2257 376 2309 καταφρόνητον,
395 2256 453 2294 τὸν
485 2255 670 2306 βδελυκτὸν
691 2257 775 2308 παρ’
811 2259 943 2299 αὐτοῖς·
979 2256 1037 2294 καὶ
1074 2257 1131 2294 ἐπὶ

100 2322 168 2357 τῶν
194 2318 276 2356 δέκα
304 2320 454 2369 λεπρῶν,
476 2318 646 2368 ἀλλογενῆ
666 2317 723 2354 τὸν
747 2315 807 2354 ἕνα
842 2317 927 2369 φησὶ
950 2317 1005 2354 διὰ
1031 2321 1131 2357 τοῦτο

97 2379 347 2432 (Σαμαρείτης
372 2379 439 2431 γὰρ
459 2373 542 2428 ἧν)·
564 2377 623 2416 καὶ
654 2377 753 2421 αὐτὸς
789 2378 824 2416 δὲ
855 2384 926 2422 τοῖς
958 2383 1131 2429 μαθηταῖς

99 2441 188 2479 οὕτω
210 2441 319 2492 λέγων
339 2442 394 2478 ἐκε
388 2440 434 2477 λε
423 2455 538 2478 -υσεν·
561 2441 603 2477 E
596 2456 623 2482 ις
645 2439 721 2477 ὁοὸν
741 2440 846 2476 ἐθνῶν
863 2439 911 2490 μὴ
931 2439 1128 2487 ἀπέλθητε,

99 2519 159 2540 και
179 2505 224 2545 εἷς
250 2502 399 2540 πόλινΣ
368 2516 515 2552 ..αααρε
501 2504 601 2538 ..ιτῶν
623 2500 674 2550 μὴ
694 2500 886 2548 εἰσέλθητε.

154 2564 207 2600 Οὐ
227 2564 289 2607 τῆς
308 2561 462 2614 ιστορίας
482 2560 548 2598 δὲ
537 2576 650 2598 ενεκεν
668 2560 777 2610 μόνης
795 2577 854 2599 του
886 2561 992 2600 τόπου
1023 2563 1128 2613 μόνον

106 2623 298 2675 ἀνέμνησεν
329 2625 424 2672 ημᾶς
451 2637 509 2658 του
538 2619 670 2658 Ιακώο
698 2623 715 2658 ὃ
743 2621 1012 2672 ευαγγελιστὴς,
1038 2624 1128 2662 ἀλλὰ

99 2684 159 2723 καὶ
188 2699 274 2735 υπερ
306 2699 344 2721 τ
343 2686 365 2720 ’ὖ
396 2680 503 2725 δεῖξαι
529 2697 592 2727 την
620 2680 796 2728 ἀποέολην
831 2697 894 2728 την
933 2683 1125 2731 Ἰουδαϊκὴν

98 2745 208 2784 πάλαι
221 2743 467 2796 γεγενημένην.
483 2742 558 2781 Καὶ
572 2742 638 2794 γὰρ
654 2742 711 2779 ἐπὶ
728 2745 796 2780 τῶν
816 2743 994 2795 προγόνων
1009 2746 1121 2783 αὐτῶν

98 2805 176 2850 τοὺς
194 2806 319 2848 τόπους
340 2805 413 2842 ἀντ’
440 2806 551 2842 αὐτῶν
579 2803 750 2855 κατέσχον
780 2805 915 2842 ἐκεῖνοι.
936 2804 977 2843 Ἃ
999 2804 1063 2857 γὰρ
1090 2807 1121 2844 οἱ

98 2866 260 2919 πρόγονοι
280 2882 392 2903 αυτων
409 2858 514 2916 ε’ῗγον
535 2866 596 2902 οὐκ
611 2864 692 2902 ὄντα
709 2867 834 2911 αὐτῶν,
856 2881 966 2903 ταυτα
982 2866 1038 2904 δια
1056 2866 1119 2914 τὴν

98 2927 269 2979 ῥᾳθυμίαν
291 2928 401 2963 αυτῶν
415 2941 474 2963 και
489 2924 725 2978 παρανομίαν,
742 2925 824 2963 ὄντα
834 2942 969 2999 αυτων,
986 2927 1121 2966 ἀπώλε-

99 3004 163 3025 σαν
180 3003 283 3025 ουτοι.
304 2991 317 3006 ⁰
330 2985 451 3029 Ούτως
469 2985 543 3024 οὐδὲ
549 3001 565 3022 ν
581 2986 717 3038 κέρδος,
722 2986 910 3063 προγόνων
928 2991 1015 3025 εἰναι
1033 3003 1120 3039 χρη-

100 3050 203 3095 στῶν,
214 3046 296 3086 ὅταν
311 3045 358 3097 μὴ
374 3050 521 3085 τοιοῦτοι
536 3046 688 3099 τύχωσιν
703 3049 734 3085 οἱ
750 3047 784 3091 ἐξ
801 3047 940 3086 ἐκείνων
953 3048 1057 3092 ὄντες.
1072 3052 1119 3087 Οἱ

140 3202 153 3217 ³
170 3191 285 3225 Morel.
307 3197 356 3227 καὶ
378 3196 436 3238 γὰρ
460 3196 509 3226 καὶ
531 3200 638 3238 χρόνου
663 3200 827 3238 προϊόντος.
847 3194 938 3236 [Mox
954 3195 1054 3229 Saxil.
1073 3202 1107 3228 eh

99 3243 185 3277 Cod.
202 3245 265 3276 706
282 3249 330 3277 καὶ
346 3253 403 3278 τῶν
419 3244 554 3288 repunt]

148 3298 164 3321 b
181 3294 282 3328 Saxil.
308 3301 430 3329 ἐκάλουν
445 3307 450 3313 ’
470 3301 519 3329 καὶ
537 3300 569 3329 οὐ
582 3303 689 3342 μικρά.
707 3299 822 3340 [Paulo
840 3308 916 3334 autc
939 3306 1107 3345 πολεμίους,

100 3352 150 3382 καὶ
162 3375 169 3387 ,
188 3348 255 3380 sine
271 3351 314 3388 οἵ,
333 3346 434 3380 Saxil.
453 3354 485 3379 et
499 3346 608 3380 codd.
625 3351 759 3395 1105t1·i.]

289 3433 382 3458 TOM.
414 3434 508 3458 vlu.

1204 1772 1375 1807 monium
1392 1771 1524 1808 habes.
1546 1769 1591 1807 Et
1611 1770 1646 1807 in
1673 1769 1822 1807 historia
1839 1770 1914 1822 ejus
1928 1770 1990 1821 qui
2005 1770 2192 1809 descende-

1204 1839 1258 1868 rat
1276 1831 1322 1867 ab
1341 1831 1538 1870 Jerusalem
1568 1831 1605 1868 in
1633 1831 1797 1880 Jerieho,
1825 1831 1888 1868 illa
1916 1831 1993 1884 ipsa
2019 1832 2063 1870 de
2087 1842 2190 1870 causa

1205 1890 1371 1929 Christus
1392 1891 1658 1930 samaritanum
1688 1890 1847 1940 inducit,
1876 1893 1950 1943 Qui
1957 1894 2061 1945 fecit
2080 1896 2190 1932 mise-

1204 1954 1413 1990 ricordiam
1439 1955 1479 1989 in
1499 1953 1568 1990 illo
1581 1983 1592 1998 ,
1613 1952 1720 1992 vilem
1752 1967 1877 2005 nempe
1894 1967 2101 2005 personam,
2130 1954 2191 1991 de-

1204 2023 1359 2067 spectam
1373 2023 1406 2052 et
1421 2013 1519 2066 apud
1543 2014 1623 2052 illos
1639 2014 1927 2052 abominabilem.
1946 2014 1993 2051 Et
2008 2029 2052 2052 ex
2070 2014 2192 2052 decem

1202 2076 1352 2128 leprosis
1368 2089 1480 2113 unum
1499 2075 1733 2127 alienigenam
1752 2085 1875 2124 vocat,
1892 2076 1975 2126 quia
1999 2077 2191 2115 Samarita-

1204 2151 1269 2175 nus
1298 2146 1372 2175 erat
1390 2153 1397 2173 :
1417 2146 1522 2188 atque
1554 2137 1629 2188 ipse
1657 2136 1845 2188 discipulis
1864 2137 2009 2187 loquens
2027 2137 2187 2175 dicebat:

1202 2202 1250 2236 In
1272 2203 1380 2236 viam
1398 2202 1569 2251 gentium
1592 2213 1638 2235 ne
1657 2200 1853 2244 abieritis,
1876 2207 1912 2236 et
1933 2201 1973 2235 1⁶11.
1994 2201 2188 2238 civitatem

1201 2260 1532 2298 Samaritanorum
1552 2274 1597 2296 ηε
1616 2262 1866 2297 intraveritis.

1150 2572 1173 2600 s:
1253 2562 1288 2599 5.
1307 2563 1385 2599 Non
1401 2570 1438 2598 ut
1459 2561 1643 2598 historiam
1665 2568 1956 2608 texerettantum,
1968 2560 2185 2611 evangelista

1198 2622 1371 2661 Jacobum
1399 2620 1624 2669 memoravit,
1652 2619 1713 2658 sed
1731 2629 1770 2657 ut
1794 2620 1938 2659 ,Iudaeos
1951 2620 2091 2672 jamdiu
2124 2635 2185 2658 ex-

1197 2683 1318 2735 pulsos
1334 2681 1541 2720 ostenderet.
1557 2679 1742 2731 Siquidem
1762 2681 2026 2733 progenitorum
2045 2692 2185 2734 tempo-

1195 2743 1296 2781 ribus
1312 2743 1387 2794 jam
1404 2741 1479 2779 haec
1496 2741 1582 2778 olim
1603 2755 1667 2779 sua
1686 2741 1762 2778 loca
1777 2742 1997 2794 occupabant
2013 2742 2079 2780 illi.
2095 2744 2183 2789 Qua:

1196 2803 1290 2842 enim
1305 2803 1382 2840 loca
1395 2802 1634 2855 progenitores
1649 2802 1715 2850 sui,
1738 2816 1808 2840 non
1828 2803 1915 2840 olim
1934 2818 2010 2853 sua,
2030 2818 2181 2855 occupa-

1194 2865 1293 2914 bant,
1307 2864 1382 2901 haec.
1397 2863 1442 2901 ob
1461 2863 1640 2914 ignaviam
1660 2872 1692 2901 et
1711 2863 1907 2914 nequitiam
1922 2865 1960 2902 hi
1975 2879 2075 2902 suam
2093 2865 2181 2902 ami-

1196 2934 1322 2964 serant.
1342 2924 1402 2962 Sic
1430 2923 1521 2961 nihil
1545 2923 1686 2976 prodest
1710 2938 1730 2961 a
1763 2923 1865 2961 bonis
1895 2925 2181 2976 progenitoribus

1196 2986 1279 3025 oriri
1284 3016 1296 3036 ,
1314 2985 1343 3024 si
1359 2994 1500 3037 nepotes
1517 2984 1737 3036 degenerent.
1754 2985 1904 3022 Barbari
1922 2986 2027 3035 enim,
2050 2994 2087 3022 ut
2107 2999 2181 3022 ma-

1193 3049 1253 3100 jus
1271 3046 1552 3098 experimentum
1567 3045 1778 3097 acciperent,
1793 3044 1839 3082 ad
1857 3044 2048 3084 Juda'i'cum
2064 3045 2182 3083 statim

1219 3206 1231 3221 υ
1247 3194 1393 3237 Quidam
1409 3192 1535 3226 habent
1557 3196 1646 3230 ὅντως
1662 3194 1752 3225 οὐδὲν.
1771 3190 1872 3223 Paulo
1910 3197 1986 3232 post
2017 3201 2099 3220 unus
2118 3191 2184 3221 Co-

1175 3246 1250 3289 dex,
1269 3247 1360 3289 isque
1376 3246 1511 3288 optimae
1538 3251 1636 3282 notae,
1666 3241 1764 3274 babet
1781 3247 1826 3276 ἵνα
1858 3246 1945 3276 πλέον
1974 3250 2093 3286 πεῖραν,
2113 3253 2184 3283 quae

1177 3311 1252 3332 vera
1270 3299 1400 3332 videtur
1416 3308 1484 3329 esse
1502 3296 1610 3329 lectio.
1642 3294 1749 3327 Altera
1775 3295 1861 3326 enim
1878 3298 1922 3326 ἵνα
1941 3297 2064 3326 λεόντων
2081 3300 2185 3337 πεῖρα»

1180 3357 1287 3386 Meam
1308 3351 1384 3384 ferri
1399 3349 1524 3392 nequit.

2206 1902 2390 1944 Lutum-37.

2205 2209 2313 2235 illeillla.
2339 2217 2383 2238 !O.

2205 2248 2217 2260 Γ
