2481 3678
298 182 389 240 1572
752 195 789 224 s.
829 196 1007 225 somnis
1045 194 1282 225 euursos‘r.

299 275 361 326 ris,
392 290 436 314 an
463 291 590 331 corpus
610 287 709 316 tuum
744 287 906 330 vegetum
935 278 1194 329 formosumque
1213 292 1286 318 esse

296 350 338 374 ac
362 337 496 377 vilibus
516 339 682 377 indutum
699 341 859 379 vestibus
871 356 882 391 3
902 354 946 378 an
973 341 1162 390 mutilum,
1178 355 1277 378 mor-

1331 197 1530 228 ARClllEP.
1569 199 1916 232 CONSTANTINOP-

1356 280 1481 328 πητοὶ,
1514 279 1577 318 κᾶν
1602 280 1664 328 τὴν
1692 281 1770 328 ἰ’σην
1796 285 1882 332 αὐτῇ
1909 286 2074 338 παρέχειν
2106 286 2172 325 ἔδει
2202 288 2375 340 πρόνοιαν.

1357 340 1446 379 Εἰπὲ
1463 342 1528 394 γάρ
1548 357 1623 392 μοι·
1645 342 1677 380 εἴ
1705 342 1758 387 τίς
1782 360 1822 382 σε
1847 345 1971 398 ἤρετο,
1991 347 2026 385 τί
2051 347 2187 399 βούλει,
2205 349 2245 388 τὸ
2275 351 2377 400 σῶμά

296 396 424 436 hosum
442 408 475 437 et
492 414 580 438 auro
609 410 794 438 ornatum:
816 414 932 439 annon
954 410 1092 452 optares
1113 402 1231 454 potius
1247 402 1284 441 in
1306 410 1330 439 E
1355 418 1414 441 σου
1434 397 1521 441 εἶναι
1539 404 1699 457 λαμπρὸν
1727 406 1786 445 καὶ
1816 410 1986 459 εὐεκτοῦν,
2003 411 2062 449 καὶ
2080 409 2156 466 ὥρᾳ
2174 419 2287 464 νικᾷν,
2318 413 2377 451 καὶ

297 467 422 497 natura
444 461 600 512 corporis
627 462 779 513 pulchra
806 461 958 513 gaudere
978 463 1102 513 forma,
1121 478 1228 513 quam
1248 464 1284 502 in

299 520 450 559 vestium
472 522 638 560 ambitu?
671 537 715 560 an
740 523 776 560 in
805 537 950 575 corpore
978 524 1030 562 sic
1060 533 1223 576 optares,
1247 525 1284 564 in

302 582 420 621 anima
439 584 563 621 secus?
585 598 626 621 ac
644 583 731 621 dum
756 585 855 622 illam
876 594 1016 637 turpem
1029 615 1039 634 ,
1063 585 1257 625 deformem
1271 618 1282 638 ,

296 643 433 695 nigram
452 645 588 696 {habes,
617 660 662 684 ex
681 646 797 685 aurcis
827 648 1042 685 ornamentis
1075 657 1108 686 te
1127 650 1283 688 fructum

295 705 476 756 percipere
487 706 616 756 putas?
637 707 809 753 Quaenam
824 707 900 746 haec
915 708 1095 747 amentia?
1113 711 1282 749 Ornatum

294 764 331 802 in
351 765 518 804 interiora
536 776 648 818 verte,
667 777 699 807 et
725 769 911 820 torquibus
938 769 1011 809 illis
1029 771 1185 810 animam
1207 772 1276 811 cir-

295 827 436 865 cumda.
459 830 551 867 Nam
567 844 644 880 quae
660 830 795 868 circum
810 845 938 883 eorpus
955 843 1149 884 ponuntur,
1169 849 1281 887 neque

294 887 339 925 ad
365 889 625 940 valetudinem,
648 905 761 942 neque
788 892 833 930 ad
855 894 1005 931 sormam
1027 895 1156 946 juvant
1181 911 1188 932 ε
1210 910 1278 934 non

1356 463 1479 514 ἱμάτια
1495 471 1608 516 φορεῖν
1630 467 1769 514 εὐτελῆ·
1801 468 1823 515 ἢ
1853 472 1954 508 τοῦτο
1991 471 2052 523 μὲν
2078 473 2254 526 ἀνάπηρον
2286 474 2376 526 ἔχειν

1355 525 1414 563 καὶ
1432 526 1540 564 νόσων
1561 529 1863 579 ἐμπεπλησμένον,
1892 531 1951 570 καὶ
1969 540 2192 586 χρυσοφορεῖν
2214 534 2273 573 καὶ
2292 538 2377 574 καλ·

1354 587 1586 637 λωπίζεσΟαι;
1613 593 1650 628 οὐ
1668 591 1787 643 πολλῷ
1808 592 1939 641 μᾶλλον
1963 592 2054 632 εἵλου
2072 596 2105 632 ἐν
2129 598 2171 647 τῇ
2198 595 2296 647 φύσει
2317 601 2376 634 τοῦ

1355 647 1515 698 σώματος
1561 651 1654 702 ἔχειν
1688 651 1750 699 τὴν
1780 653 1979 706 εὐμορφίαν,
2003 654 2087 707 ἢτῇ
2112 656 2280 708 περιὸολῇ
2308 660 2377 695 τῶν

1355 709 1523 760 ἱματίων,
1543 706 1618 750 εἶτα
1653 713 1710 752 ἐπὶ
1729 713 1791 765 μὲν
1825 719 1885 754 τοῦ
1913 714 2075 767 σώματος
2094 721 2193 756 τοῦτο
2226 718 2376 771 αἱρήσῃ,

1353 771 1410 809 ἐπὶ
1423 771 1458 809 δὲ
1468 775 1530 819 τῆς
1543 776 1656 828 ψυχῆς
1669 776 1862 815 τούναντίον
1873 808 1882 827 ,
1894 778 1953 817 καὶ
1964 778 2112 832 αἰσχρὰν
2125 779 2233 826 αὐτὴν
2249 780 2376 832 ἔχουσα

1353 832 1411 870 καὶ
1430 834 1568 882 δυσειδῆ
1585 837 1642 875 καὶ
1658 838 1838 889 μέλαιναν·
1858 839 1921 879 οἴει
1935 856 1968 878 τι
1984 844 2203 893 καρποῦσθαι
2223 841 2291 880 ἀπὸ
2306 844 2375 880 τῶν

1351 895 1520 947 χρυσίων,
1552 899 1621 937 Καὶ
1643 899 1752 947 πόσης
1773 906 1883 939 ταῦτα
1906 902 2039 950 ἀνοίας,
2058 903 2214 955 Στρέψον
2232 903 2291 942 τὸν
2313 903 2375 942 κό-

293 948 435 1000 nigrum
455 951 577 990 album
596 952 760 1003 reddunt,
778 968 889 1005 neque
905 955 997 1006 quod
1019 966 1123 1009 turpe
1139 967 1189 995 est
1209 959 1278 995 sor-
1290 984 1338 1011 412
1351 970 1437 1006 σμον
1458 961 1577 996 τοῦτον
1600 959 1705 1010 ἔνδον,
1727 962 1785 1000 καὶ
1804 961 1848 999 τὰ
1868 962 2073 1016 περιδέραια
2091 968 2200 1002 ταῦτα
2218 965 2261 1015 τῇ
2279 965 2374 1017 ψυχῇ

295 1025 434 1049 mosum
455 1013 624 1052 efficiunt.
645 1015 729 1052 IIaec
745 1024 861 1053 autem
890 1016 918 1053 si
938 1017 1063 1054 animae
1081 1018 1281 1070 circumpo-
1301 1021 1326 1050 A
1351 1016 1498 1069 περίθες.
1531 1019 1588 1059 Τὰ
1618 1021 1680 1071 μὲν
1716 1023 1782 1075 γὰρ
1816 1022 1955 1074 σώματι
1975 1025 2201 1076 περικείμενα
2221 1025 2298 1063 οὔτε
2327 1028 2375 1069 εἷς

294 1085 367 1121 naS,
383 1073 451 1111 cito
476 1074 575 1112 illam
592 1090 657 1126 pro
678 1074 780 1125 nigra
798 1076 916 1113 albam
932 1076 1071 1126 reddes,
1090 1093 1154 1129 pro
1182 1079 1279 1132 turpi

293 1143 327 1171 et
342 1133 505 1183 deformi,
526 1137 712 1187 pulchram
738 1147 770 1175 et
789 1138 991 1175 formosam.
1006 1140 1084 1176 Non
1104 1154 1203 1178 meus
1221 1141 1281 1178 hic

93 1201 170 1229 lsai.
190 1208 214 1229 1.
234 1198 277 1230 18.
294 1208 407 1232 sermo
423 1204 484 1245 cst,
504 1195 564 1235 sed
578 1198 722 1236 Domini
741 1197 911 1236 dicentis:
930 1199 1133 1252 Sisuerint
1143 1215 1280 1253 pecca-

293 1263 334 1292 ta
352 1265 489 1294 vestra
508 1266 548 1295 zet
567 1262 777 1308 coccinum,
797 1267 837 1300 ut
856 1263 982 1298 nivem
998 1262 1186 1300 dealbabo
1200 1279 1215 1308 ‚·
1231 1272 1276 1310 et,

92 1317 395 1363 L11c.11.41.Date
421 1318 727 1367 eleemosynam,
761 1330 798 1359 et
827 1324 958 1360 omnia
991 1324 1103 1360 vohis
1133 1325 1279 1362 munda

290 1386 414 1416 erunt.
435 1378 474 1416 Si
492 1379 540 1417 ita
560 1379 608 1418 sis
628 1381 752 1419 affecta
766 1413 775 1431 ,
789 1396 858 1421 non
884 1392 919 1421 te
938 1383 1061 1433 solam,
1080 1384 1141 1422 sed
1159 1385 1278 1426 virum

289 1454 428 1491 quoque
447 1449 547 1478 tuum
567 1442 761 1481 formosum
780 1444 916 1486 reddes.
934 1447 1025 1483 Nam
1044 1445 1073 1483 si
1094 1454 1125 1483 te
1150 1446 1278 1484 luxum

287 1500 520 1554 deponentem
535 1503 677 1553 viderit,
705 1519 773 1543 non
793 1507 930 1558 magnis
950 1521 1039 1559 opus
1061 1507 1127 1545 erit
1154 1509 1278 1546 sumti-

289 1561 379 1599 bus:
409 1563 493 1601 hinc
522 1574 642 1604 autem
666 1566 820 1604 habendi
841 1567 1072 1621 cupiditatem
1102 1569 1277 1621 deponet,

289 1632 322 1660 et
337 1624 482 1675 pronior
500 1626 566 1663 erit
584 1626 630 1664 ad
648 1627 922 1681 eleemosynam,
939 1639 972 1668 ct
990 1638 1028 1667 tu
1050 1630 1200 1669 fidenter
1215 1645 1277 1684 po-

291 1685 372 1722 teris
393 1686 446 1724 illi
475 1701 514 1725 ea
536 1702 613 1738 quae
634 1687 758 1727 decent
787 1691 943 1729 suadere.
966 1692 1071 1730 Nunc
1095 1702 1212 1732 autem
1230 1723 1239 1742 ,
1256 1708 1276 1732 ο

108 1753 276 1793 Eleemosy-
291 1761 354 1785 vos
378 1749 554 1800 mulieres,
575 1764 644 1788 non
663 1766 786 1803 parem
806 1752 942 1791 habetis
963 1763 1180 1806 potestatem.
1196 1756 1277 1802 Quo

89 1805 278 1865 :fendaffiff'
292 1823 365 1860 ore,
383 1825 453 1861 qua
468 1812 582 1849 fronte
597 1813 764 1864 conjuges
780 1813 825 1851 ad
842 1814 1101 1868 eleemosynam
1121 1816 1278 1855 hortabi-

291 1871 402 1920 mini,
431 1886 512 1910 cum
540 1873 735 1912 maximam
762 1888 871 1926 opum
892 1886 1029 1928 partem
1054 1877 1100 1915 ad
1122 1879 1276 1930 corporis

291 1942 453 1971 ornatum
473 1934 683 1972 insumatis?
705 1936 800 1974 Tum
818 1936 951 1989 poteris
970 1951 1051 1976 cum
1071 1938 1203 1976 fiducia
1221 1939 1277 1978 vi-

292 2010 371 2033 rum
389 1996 433 2034 de
451 1997 671 2050 eleemosyna
696 1998 844 2049 alloqui,
868 2014 949 2037 eum
968 2015 1116 2040 aureum
1139 2002 1275 2041 cultum

289 2057 502 2110 deposueris.
514 2059 664 2098 Etiamsi
678 2075 762 2100 vero
775 2061 864 2099 nihil
877 2063 1057 2115 proficias,
1068 2065 1163 2116 quod
1174 2074 1274 2110 tuum

289 2130 362 2158 erat
390 2131 503 2160 totum
528 2122 683 2175 implesti
713 2139 720 2160 :
748 2123 820 2162 imo
848 2124 926 2162 fieri
950 2125 1072 2176 nequit
1101 2135 1141 2165 ut
1170 2127 1275 2166 illum

289 2195 358 2219 non
389 2183 523 2234 flectas,
556 2198 637 2222 cum
668 2199 731 2236 per
761 2199 816 2223 res
845 2185 939 2238 ipsas
973 2186 1138 2237 loqueris.
1174 2190 1278 2239 Quid

89 2257 122 2296 ¹·.
139 2248 207 2277 Cor.
221 2258 250 2286 7·
288 2249 390 2283 enim
409 2250 496 2294 scis,
523 2248 674 2295 mulier,
695 2262 748 2286 an
765 2252 895 2286 virum
916 2258 1024 2288 tuum
1042 2251 1274 2305 saluum-fa-

90 2291 134 2319 ω’
286 2317 397 2346 ecura
417 2311 468 2346 sis
481 2313 497 2345 Ρ
517 2310 566 2347 Ut
584 2323 678 2347 nuuc
697 2318 729 2348 et
748 2325 813 2362 pro
832 2319 865 2349 te
881 2320 913 2348 et
928 2325 994 2363 pro
1013 2311 1075 2348 illo
1101 2312 1272 2352 rationem

286 2369 466 2408 redditura
498 2384 557 2408 es:
584 2371 634 2409 sic
661 2371 691 2409 si
712 2371 841 2409 luxum
866 2372 1071 2425 hujusmodi
1090 2373 1270 2427 deponas,

284 2430 465 2483 duplicem
484 2445 649 2470 coronam
670 2433 902 2484 consequeris,
912 2448 992 2473 eum
1008 2435 1087 2474 viro
1107 2446 1269 2475 coronata

1350 1079 1500 1130 ὑγίειαν,
1522 1080 1600 1121 οὔτε
1633 1085 1678 1126 εἷς
1711 1083 1899 1136 εὐμορφίαν
1931 1087 2035 1123 αὐτοῦ
2072 1089 2173 1124 τοῦτο
2204 1086 2373 1134 ὀνίνησιν·

1350 1140 1428 1180 οὔτε
1446 1142 1512 1193 γὰρ
1532 1141 1571 1179 τὸ
1592 1143 1699 1192 μέλαν
1715 1146 1835 1184 λευκὸν
1858 1146 2058 1199 ἐργάσεται,
2077 1147 2154 1184 οὔτε
2172 1147 2211 1185 τὸ
2230 1148 2373 1199 αἰσχρὸν

1351 1201 1491 1250 καλὸνῆ
1513 1203 1654 1247 εὐειδές·
1675 1208 1718 1257 τῇ
1740 1205 1774 1243 δὲ
1794 1207 1888 1258 ψυχῇ
1910 1206 1950 1244 ἂν
1968 1210 2131 1259 περιθῇς,
2153 1208 2288 1260 ταχέως
2307 1210 2371 1246 αὖ-

1349 1263 1413 1311 τὴν
1435 1264 1509 1302 ἀντὶ
1538 1266 1702 1316 μελαίνης
1729 1267 1853 1315 λευκὴν
1871 1268 2020 1322 ἐργάσῃ,
2046 1268 2122 1306 ἀντὶ
2148 1270 2295 1321 αἰσχρᾶς
2313 1270 2372 1308 καὶ

1351 1325 1522 1369 δυσειδοῦς
1549 1326 1658 1374 καλὴν
1681 1328 1740 1366 καὶ
1773 1329 1896 1376 εὐειδῆ.
1927 1328 1997 1367 Καὶ
2022 1330 2084 1367 οὐκ
2111 1328 2193 1380 ἐμὸς
2214 1333 2232 1368 ὃ
2252 1330 2372 1383 λόγος,

1350 1385 1428 1426 ἀλλ’
1452 1388 1554 1424 αὐτοῦ
1570 1392 1629 1426 τοῦ
1657 1388 1787 1441 Κυρίου
1817 1388 1906 1428 οὕτω
1925 1388 2101 1442 λέγοντος·
2121 1389 2206 1428 Ἐὰν
2226 1383 2310 1428 ὦσιν
2338 1395 2373 1429 αἱ

1349 1448 1518 1500 ἁμαρτίαι
1533 1451 1629 1501 ὑμῶν
1649 1453 1695 1495 ὡς
1714 1454 1899 1504 φοινικοῦν,
1920 1454 1966 1495 ὡς
1984 1451 2085 1504 χιόνα
2099 1452 2272 1490 λευκανῶ·
2292 1452 2351 1490 καὶ
2365 1483 2374 1500 ,

1348 1509 1435 1549 Δότε
1453 1511 1700 1562 ἐλεημοσύνην,
1717 1512 1775 1551 καὶ
1789 1512 1904 1551 πάντα
1927 1516 2007 1564 ὑμῖν
2026 1512 2123 1551 ἔσται
2151 1513 2298 1567 καθαρά.
2318 1515 2371 1551 Οὐ

1348 1571 1478 1619 σαυτὴν
1498 1572 1534 1611 δὲ
1554 1573 1674 1623 μόνην,
1696 1573 1785 1612 ἀλλὰ
1815 1573 1874 1612 καὶ
1899 1573 1957 1612 τὸν
1990 1574 2097 1626 ἄνδρα
2130 1574 2217 1612 οὕτω
2246 1575 2374 1612 διακει-

1350 1633 1438 1684 μένη
1458 1634 1562 1672 καλὸν
1588 1635 1757 1682 ποιήσεις.
1773 1633 1834 1674 Ἂν
1850 1635 1916 1688 γὰρ
1937 1635 2035 1675 ἴδωσι
2053 1636 2110 1675 τὸν
2129 1636 2258 1687 κόσμον
2287 1638 2370 1673 τοῦ-

1301 1698 1322 1728 Β
1347 1711 1405 1734 τον
1426 1696 1640 1748 ἀποθεμένας
1652 1725 1662 1743 ,
1680 1698 1717 1734 οὐ
1736 1696 1869 1743 πολλὴν
1887 1697 2001 1742 ἕξουσι
2021 1697 2175 1744 δαπάνης
2195 1696 2370 1749 ἀνάγκην·

1347 1757 1407 1795 οὐκ
1423 1755 1560 1808 ἔχοντες
1580 1757 1634 1803 δὲ,
1653 1758 1848 1803 πλεονεξίας
1873 1757 2128 1804 ἀποστήσονται
2153 1757 2288 1804 πάσης,
2309 1756 2369 1796 καὶ

1347 1819 1394 1862 εἷς
1415 1818 1649 1868 ἐλεημοσύνην
1681 1818 1817 1857 ἔσονται
1853 1817 2099 1870 εὐκολώτεροι,
2125 1819 2184 1857 καὶ
2204 1820 2301 1869 ὑμεῖς
2332 1818 2367 1856 δὲ

1348 1880 1460 1924 αὐτοῖς
1491 1880 1680 1927 δυνήσεσθε
1713 1879 1800 1931 μετὰ
1831 1879 2030 1934 παρρησίας
2061 1879 2307 1930 συμὸουλεύειν
2327 1880 2369 1918 τὰ

1347 1940 1478 1982 δέοντα.
1500 1942 1572 1979 Νῦν
1594 1941 1655 1992 μὲν
1675 1942 1740 1993 γὰρ
1761 1948 1877 1979 πᾶσαν
1902 1940 2109 1995 παρῃρησΟε
2123 1940 2187 1987 τὴν
2205 1941 2368 1988 τοιαύτην

1347 2002 1513 2046 ἐξουσίαν.
1532 2001 1630 2055 Ποίῳ
1649 2001 1717 2055 γὰρ
1735 2001 1884 2052 στόματι
1897 2006 2007 2040 ταῦτα
2027 2000 2239 2050 διαλέξεσθε,
2259 2001 2369 2045 ποίοις

1347 2062 1382 2100 δὲ
1411 2064 1600 2116 ὀφθαλμοῖς
1631 2062 1855 2114 ἀντιὸλέψετε
1886 2061 2119 2114 ἐλεημοσύνην
2155 2065 2365 2100 ἀπαιτοῦσαι

1344 2122 1421 2167 τοὺς
1441 2124 1588 2175 ἄνδρας,
1612 2123 1693 2162 ὅταν
1719 2123 1764 2162 τὰ
1786 2123 1928 2162 πλείονα
1959 2126 2005 2167 εἷς
2031 2122 2094 2170 τὴν
2121 2126 2178 2161 τοῦ
2207 2122 2369 2174 σώματος

1343 2185 1532 2237 περιὸολὴν
1556 2185 1785 2233 ἀναλίσκητε;
1813 2186 1904 2224 Τότε
1922 2184 2051 2237 δυνήσῃ
2067 2185 2156 2235 μετὰ
2172 2184 2370 2237 παρρησίας

1344 2247 1561 2298 διαλέγεσθαι
1586 2249 1635 2298 τῷ
1666 2245 1763 2300 ἀνδρὶ
1797 2245 1875 2297 περὶ
1908 2245 2164 2296 ἐλεημοσύνης,
2198 2245 2280 2284 ὅταν
2308 2245 2366 2283 τὸν

1343 2307 1470 2358 κόσμον
1494 2311 1562 2346 τῶν
1587 2307 1740 2360 χρυσίων
1764 2309 1888 2357 ἀποΘῇ.
1920 2306 1995 2344 Κᾶν
2028 2306 2134 2355 μηδὲν
2163 2305 2306 2359 ἀνύσῃς,
2327 2306 2367 2343 τὸ

1342 2370 1473 2414 σαυτῆς
1504 2369 1711 2421 ἐπλήρωσας
1742 2367 1852 2405 ἅπαν·
1884 2368 2013 2418 μᾶλλον
2042 2366 2076 2405 δὲ
2112 2366 2292 2419 ἀμήχανον
2316 2368 2364 2418 μὴ

1340 2430 1400 2467 καὶ
1431 2431 1558 2468 ἐκεῖνον
1587 2431 1768 2482 κερδᾶναι,
1801 2427 1858 2467 διὰ
1888 2431 1956 2466 τῶν
1987 2428 2205 2480 πραγμάτων
2226 2428 2362 2468 ᾱαύτῶν

285 2501 317 2529 et
347 2493 498 2543 gloriosa
530 2508 592 2546 per
622 2494 760 2531 infinita
791 2495 852 2533 illa
881 2496 1007 2534 saecula
1024 2527 1035 2546 7
1069 2506 1101 2535 et
1132 2501 1270 2538 aeternjs
1290 2496 1313 2527 C
1340 2491 1583 2542 διαλεγομένη.
1610 2490 1658 2553 'ft
1676 2490 1744 2544 γὰρ
1765 2491 1875 2537 οἶδας,
1902 2490 2013 2541 γύναι,
2037 2492 2066 2528 εἰ
2085 2490 2142 2528 τὸν
2164 2490 2273 2544 α’νδρα
2300 2490 2364 2530 σώ·

284 2554 402 2591 sruens
426 2555 528 2593 bonis
548 2571 555 2592 :
578 2570 655 2606 quae
679 2570 741 2594 nos
765 2571 884 2595 omnes
902 2558 1040 2609 assequi
1067 2560 1267 2612 contingat,

284 2614 394 2663 gratia
415 2625 447 2653 et
465 2616 681 2667 benignitate
702 2618 846 2655 Domini
873 2619 983 2658 nostri
1007 2622 1091 2659 Jesu
1117 2622 1266 2673 Christi,

284 2674 339 2713 cui
360 2675 469 2728 gloria
489 2677 524 2715 iu
544 2678 670 2716 saecula
686 2679 906 2718 saeculorum.
930 2683 1052 2720 Amen.

325 3174 336 3187 Ν
355 3164 414 3197 Alll
434 3169 523 3208 αᾶτῷ.

1339 2568 1428 2599 σεις;
1447 2551 1587 2605 εὨ-σπερ
1603 2555 1659 2590 οὐν
1680 2556 1736 2590 νῦν
1758 2551 1817 2590 καὶ
1837 2550 1923 2603 ὑπὲρ
1940 2553 2064 2597 ἑαυτῆς
2089 2551 2148 2589 καὶ
2168 2551 2254 2604 ὑπὲρ
2275 2552 2362 2590 ἐκεί-

1338 2629 1395 2652 νου
1419 2612 1538 2658 δώσεις
1553 2612 1610 2651 τὸν
1632 2612 1746 2663 λόγον,
1767 2611 1893 2661 οὕτως,
1915 2612 1972 2651 ἐὰν
1988 2611 2051 2658 τὴν
2067 2612 2260 2665 φαντασίαν
2275 2613 2362 2650 ταύ-

1337 2691 1400 2722 την
1423 2674 1579 2727 ἀποδύσῃ
1601 2681 1729 2723 πᾶσαν,
1744 2675 1884 2711 διπλοῦν
1898 2673 1954 2711 τὸν
1968 2673 2132 2725 στέφανον
2149 2673 2234 2718 ἕξεις
2246 2703 2256 2722 ,
2272 2674 2361 2724 μετὰ

1335 2741 1395 2775 τοῦ
1425 2736 1545 2789 ἀνδρὸς
1581 2738 1886 2787 στεφανηφοροῦσα
1918 2734 1976 2771 καὶ
2009 2733 2237 2784 πομπεύουσα
2269 2735 2359 2774 κατὰ

1335 2797 1414 2841 τοὺς
1429 2797 1621 2851 ἀκηράτους
1638 2798 1763 2838 αἰῶνας
1778 2794 1926 2838 ἐκείνους
1939 2794 2096 2840 ,καὶτῶν
2113 2795 2258 2832 αἰωνίων
2274 2798 2358 2834 ἀπο-

1337 2858 1489 2898 λαύουσα
1507 2859 1662 2911 ἀγαθῶν·
1680 2851 1726 2895 ὧν
1745 2857 1876 2908 γένοιτο
1897 2856 2029 2900 πάντας
2050 2859 2145 2906 ἡμᾶς
2169 2857 2357 2909 ἐπιτυχεῖν,

1337 2919 1456 2973 χάριτι
1489 2920 1548 2958 καὶ
1579 2917 1819 2971 φιλανθρωπίᾳ
1851 2921 1909 2955 τοῦ
1945 2916 2074 2969 Κυρίου
2107 2920 2207 2968 ἡμῶν
2243 2917 2358 2964 Ἰησοῦ

1337 2982 1489 3033 Χριστοῦ
1505 3012 1513 3028 ,
1541 2974 1569 3032 ᾧ
1603 2983 1623 3027 ἡ
1656 2979 1733 3023 δόξα
1769 2981 1814 3021 εἷς
1850 2977 1927 3021 τοὺς
1957 2980 2083 3021 αἰῶνας
2109 2981 2176 3016 τῶν
2209 2978 2354 3016 αἰώνων.

1336 3043 1454 3093 Ἀμήν.
