2481 3678
95 755 208 784 Matele.

299 224 358 268 86
724 238 761 268 s.

294 319 398 357 bente
417 319 585 371 majorem
607 332 694 367 esse,
713 332 752 357 eo
770 319 832 370 qui
844 319 920 371 jam
950 327 1093 357 venerat
1115 331 1196 357 eum
1215 317 1277 370 qui

295 390 465 419 venturus
488 390 575 430 erat,
596 381 784 433 conspicuo
806 389 839 418 et
857 380 988 418 illustri
1011 393 1091 417 eum
1109 379 1171 430 qui
1190 393 1277 417 non-

295 442 383 480 dum
407 452 619 495 apparuerat
647 456 720 480 esse
738 441 1030 494 praestantiorem.
1052 440 1147 480 Vide
1171 454 1278 491 quam

294 505 487 556 prudenter
514 504 756 542 testimonium
786 503 950 555 proferat.
970 503 1048 540 Non
1071 510 1278 553 praesentem

294 566 400 604 inodo
420 566 585 613 ostendit,
605 565 667 603 sed
688 575 875 615 antequam
896 572 1064 616 appareat
1087 563 1272 616 praedicat.

293 627 391 665 illud
419 627 526 671 enim,
561 629 636 665 Hic
669 636 721 664 es!
748 640 857 678 quem
896 627 993 675 dinei,
1017 624 1056 662 id
1084 624 1277 676 significat,

294 689 596 740 quemadmodum
629 697 662 725 et
688 687 880 725 Matthaeus
907 686 957 724 ait
981 703 988 723 :
1009 687 1186 724 Omnibus
1215 686 1280 737 qui

252 775 259 783 ·
294 752 341 789 ad
365 766 402 789 se
424 750 610 789 veniebant
644 749 785 788 dicebat
806 765 814 785 τ
837 750 922 801 Ego
951 751 1103 800 quidem
1126 751 1279 800 baptizo

294 828 364 852 ‘vos
381 816 422 850 in
442 827 547 865 aqua
565 829 576 850 .·
592 815 660 864 qui
678 822 805 850 autem
820 819 906 863 post
924 826 983 849 me
1002 812 1281 865 venit,s0rcior

295 890 350 913 mc.
370 884 439 923 est,
464 877 572 927 cujus
588 887 655 925 ego
676 887 752 910 non
773 887 855 910 sum
875 874 1012 925 dignus
1031 872 1178 910 solvere
1197 886 1278 910 cor-

292 939 430 989 rigiam
455 935 796 975 calceamentiCur
819 949 901 986 ergo
925 944 1111 986 antequam
1131 949 1279 987 appare-

295 1008 359 1043 ret,
378 999 425 1036 ita
442 999 609 1049 loquutus
629 998 702 1036 est?
723 998 772 1036 Ut
795 1006 979 1049 acceptum
1001 1005 1089 1034 esset
1106 1010 1279 1049 apparen-

294 1061 339 1098 tis
369 1060 624 1108 testimouium,
653 1061 728 1111 jam
758 1059 963 1096 auditorum
992 1058 1118 1096 animis
1141 1058 1188 1095 ad
1211 1057 1279 1096 hoc

294 1122 474 1174 apparatis
508 1136 572 1174 per
607 1121 752 1160 Joannis
786 1133 1000 1168 sermonen13
1029 1133 1118 1157 neve
1145 1118 1279 1156 Christi

293 1185 365 1222 vile
384 1184 633 1221 indumentum
655 1183 811 1220 officeret
832 1181 912 1233 ipsi.
934 1182 1027 1218 Nam
1049 1180 1118 1217 uisi
1138 1179 1279 1230 aliquid

292 1244 336 1282 de
362 1244 504 1281 Christo
533 1243 714 1280 audissent
744 1251 934 1291 antequam
965 1240 1069 1277 illum
1100 1239 1278 1284 viderent,
1305 1241 1326 1269 Ε

293 1305 360 1342 nisi
387 1304 627 1342 testimouium
662 1302 755 1339 illud
784 1315 954 1353 magnum
983 1310 1017 1338 et
1044 1300 1209 1338 mirabile
1235 1300 1280 1338 de

291 1367 354 1404 illo
373 1365 599 1418 accepissent,
622 1364 767 1402 habitus
794 1362 980 1400 humilitas
1017 1362 1138 1400 statim
1165 1361 1278 1399 dicto-

292 1444 372 1466 rum
402 1426 642 1480 magnitudini
667 1425 869 1464 obstitisset.
900 1424 1064 1462 Christus
1088 1423 1182 1461 enim
1205 1432 1279 1461 tam

292 1491 400 1529 trivio
420 1500 453 1529 et
471 1489 614 1541 vulgari
638 1488 764 1526 habitu
796 1486 994 1535 incedebat,
1013 1495 1053 1524 ut
1071 1495 1104 1524 et
1122 1485 1278 1524 Samari-

293 1562 381 1590 tanae
412 1552 592 1601 mulieres,
626 1559 660 1588 et
684 1549 896 1595 meretrices,
928 1557 961 1586 et
988 1547 1173 1600 publicani
1199 1562 1280 1584 cum

294 1629 420 1665 magna
447 1614 609 1651 libertate
639 1626 680 1649 ac
707 1611 839 1649 fiducia
869 1609 916 1647 ad
944 1610 1047 1647 illum
1076 1609 1280 1648 accederent

295 1676 482 1728 ipsumque
501 1674 777 1724 alloquerentur.

800 238 908 268 JOAN
918 238 940 267 ii
950 238 985 267 15
1022 237 1254 267 CHRYSOST
1264 257 1272 266 .

350 1854 387 1890 5.
410 1853 461 1890 Ut
483 1865 565 1901 ergo
584 1850 678 1900 dixi,
700 1849 730 1888 si
747 1849 825 1887 haec
846 1849 955 1887 verba
975 1849 1082 1886 simul
1101 1848 1284 1887 audissent

296 1923 329 1951 et
351 1914 467 1965 ipsum
490 1912 678 1960 vidisse-nt,
700 1910 846 1950 Joannis
873 1909 1114 1948 testimonium
1151 1909 1282 1947 irrisis-

296 1986 382 2014 sent.
408 1977 499 2013 Cum
519 1989 603 2013 vero
635 1983 715 2011 ante
735 1972 870 2011 Christi
900 1971 1096 2010 adventum
1125 1971 1165 2009 id
1190 1986 1283 2024 saepe

296 2038 491 2087 audissent,
517 2046 551 2074 et
569 2051 613 2074 ex
632 2035 737 2073 dictis
755 2033 906 2071 videndi
926 2033 1095 2086 cupidine
1117 2033 1283 2071 concitati

894 2108 1006 2145 neque
1039 2094 1117 2132 viso
1148 2094 1212 2132 illo
1239 2094 1284 2132 de

297 2175 367 2211 quo
396 2158 637 2197 testimonium
655 2157 877 2210 perhibitum
894 2156 1007 2194 fuerat
1020 2187 1030 2206 ,
1057 2156 1130 2208 ejus
1151 2156 1284 2194 doctri-

297 2236 380 2259 nam
399 2221 616 2273 abjeeerunt,
638 2219 700 2257 sed
729 2232 774 2256 ex
792 2217 863 2255 fide
887 2231 994 2268 quam
1012 2231 1057 2255 ex
1075 2217 1180 2255 dictis
1203 2231 1285 2255 con-

298 2291 477 2335 ceperant,
494 2282 612 2334 ipsum
627 2280 813 2318 clariorem
831 2287 1013 2330 putarunt.
1034 2278 1131 2316 Illud
1150 2287 1281 2328 autem,

305 2346 380 2396 Qui
389 2352 474 2395 post
489 2357 547 2380 me
559 2353 743 2380 venturus
762 2349 818 2379 est
830 2369 841 2388 ,
852 2340 919 2377 hoc
931 2349 995 2390 est,
1013 2339 1284 2392 praedicaturus,

300 2420 384 2455 non,
407 2405 559 2442 futurus.
583 2404 660 2441 Hoc
679 2403 773 2441 enim
798 2402 990 2439 Matthaeus
1010 2415 1149 2451 quoque
1176 2400 1286 2452 sigui-

301 2467 383 2504 fleat
397 2481 477 2504 cum
492 2466 555 2514 ait,
575 2466 670 2502 Post
688 2479 746 2501 me
762 2466 874 2501 venit
894 2465 983 2507 vir,·
1003 2476 1072 2500 non
1091 2462 1136 2499 de
1155 2462 1229 2513 ejus
1242 2476 1287 2500 ex

301 2528 418 2565 Maria
447 2526 667 2577 generatione
697 2525 868 2575 loquens,
890 2523 953 2561 sed
984 2523 1028 2560 de
1056 2522 1212 2561 adventu
1240 2522 1288 2560 ad

302 2585 585 2642 praedicandum.
608 2588 701 2625 Nam
733 2586 763 2624 si
792 2585 836 2624 de
865 2584 1088 2637 generatione
1119 2585 1287 2635 loquutus

303 2659 404 2699 esset,
421 2663 491 2686 non
511 2647 660 2685 dixisset
674 2647 718 2685 de
736 2645 915 2698 praesenti,
937 2645 999 2683 sed
1017 2645 1062 2683 de
1080 2645 1258 2698 praeterim
1276 2661 1282 2681 :

300 2711 375 2761 jain
394 2710 488 2747 enim
509 2718 609 2746 natus
629 2717 702 2745 erat
721 2708 883 2745 Christus
898 2738 909 2757 ,
931 2721 1012 2745 cum
1042 2707 1119 2745 haec
1138 2709 1289 2747 Joannes

304 2772 451 2809 (liceret.
473 2770 571 2816 Quid
608 2778 724 2806 autem
754 2768 931 2819 significat
958 2768 1075 2819 illud,
1099 2769 1207 2806 Ante
1232 2782 1290 2806 me

294 2835 435 2887 factus
455 2836 539 2870 esc?
564 2830 702 2869 Clarior
733 2844 857 2881 nempe
875 2844 915 2867 ae
934 2830 1170 2882 splendidior.
1198 2832 1290 2869 Nam

306 2895 403 2946 quod
424 2894 522 2946 prior
551 2892 747 2944 praedicans
769 2891 924 2928 xenerim
952 2905 1029 2942 ego,
1052 2906 1094 2929 ne
1126 2906 1181 2930 me
1209 2892 1290 2930 ideo

297 2108 423 2148 essent,
449 2097 666 2135 contrarium
702 2095 859 2133 accidit:

306 2958 475 3009 majorem
506 2970 578 2992 esse
606 2953 736 3007 putetis
758 2968 765 2988 :
784 2953 886 3001 louge
915 2953 1030 2989 minor
1057 2967 1121 3004 ego
1142 2968 1235 3004 sum,
1257 2963 1291 2992 et

306 3033 416 3069 usque
438 3018 526 3055 adeo
548 3017 688 3060 minor,
718 3024 756 3051 ut
786 3028 828 3051 ne
856 3013 1002 3063 quidem
1035 3014 1132 3051 illius
1167 3029 1290 3054 servus

305 3081 435 3118 censeri
457 3079 588 3128 dignus
603 3077 684 3115 silu.
704 3075 745 3113 Id
765 3074 858 3112 enim
878 3074 1056 3123 significat
1074 3075 1179 3125 illud,
1200 3077 1288 3114 An-
1312 3082 1335 3112 C

307 3152 342 3179 {e
361 3144 565 3193 mesaclus
582 3149 636 3177 est
658 3155 668 3175 .·
689 3137 786 3189 quod
805 3137 874 3174 alio
894 3136 1052 3174 declarat
1070 3137 1175 3174 niodo
1194 3139 1289 3176 Mat-

308 3204 418 3241 thwus
437 3203 494 3240 his
513 3200 646 3251 verbis,
669 3200 756 3238 Non
777 3212 861 3237 sum
886 3197 1026 3250 dignus
1043 3197 1190 3235 solvere
1207 3212 1286 3236 cor·-

351 3340 356 3360 ⁶
380 3335 480 3368 Saxil.
501 3343 530 3366 et
546 3336 623 3368 Mss.
641 3333 799 3376 plurimos
813 3330 990 3373 sequimur.
1007 3327 1170 3371 [Quidam
1188 3329 1318 3361 addunt

308 3392 386 3420 αλλὰ
402 3394 481 3427 μετὰ
508 3390 602 3424 ἀδείας
627 3389 786 3427 δυναμένης
803 3389 856 3421 τὰς
878 3391 935 3416 τῶν
960 3385 1077 3417 πολλῶν
1104 3386 1197 3424 ψυχὰς
1225 3397 1318 3415 κατα.-

308 3449 393 3482 elstan
412 3440 421 3479 ]

1315 237 1524 266 Altcliiiil‘.

1565 237 1839 267 CONSTAnTffi
1848 239 1902 267 ΟΡ
1912 259 1920 267 .

1349 317 1528 372 κρείττονα
1539 311 1638 357 εἶναι.
1653 319 1752 363 Τέως
1762 313 1818 358 οῦν
1829 324 1927 359 τοῦτο
1937 322 2155 372 κατορθῶσαι
2167 319 2370 364 ἐσπούδαζεν

1351 382 1384 417 ἐν
1400 385 1475 422 ταῖς
1494 381 1560 416 τῶν
1576 381 1753 432 ἀκροατῶν
1771 380 1936 424 διανοίαις
1948 411 1957 429 ‚
1973 379 2026 418 ὅτι
2043 385 2102 418 τοῦ
2119 383 2372 433 μαρτυροῦντος

1351 444 1368 479 5
1398 440 1674 494 μαρτυρούμενος
1694 441 1830 492 μείζων,
1845 447 1905 481 τοῦ
1930 441 2210 496 παραγενομένου
2236 439 2374 493 πρώτου

1352 508 1370 542 5
1393 503 1481 555 μετὰ
1498 508 1607 542 ταῦτα
1622 504 1742 553 ἐλθὼν,
1760 511 1820 544 τοῦ
1842 505 1945 552 δήλου
1967 505 2026 542 καὶ
2045 507 2250 557 περιφανοῦς
2268 505 2286 540 ὃ
2307 518 2374 552 μη-

1352 564 1445 604 δέπω
1464 564 1590 617 φανείς.
1613 566 1684 604 Καὶ
1701 566 1765 643 ὅρα
1786 570 1860 610 πῶς
1879 568 2027 609 συνετῶς
2039 565 2168 616 εἰσάγει
2190 563 2251 611 τὴν
2281 578 2374 616 μαρ-

1350 627 1482 704 τυρίαν.
1499 629 1553 666 Οὐ
1568 627 1635 680 γὰρ
1649 644 1798 680 φανεντα
1824 628 1924 679 μόνον
1948 627 2188 674 ἐπιδείκνυσιν,
2205 624 2295 663 ἀλλὰ
2313 623 2373 661 καὶ

1351 689 1430 753 πρὶν
1449 688 1471 735 ἢ
1495 705 1643 742 φανηναι
1659 690 1901 743 ἀνακηρύττει.

1353 754 1462 797 εἶπον,
1486 754 1587 789 τοῦτο
1612 751 1791 797 δηλοῦντος
1821 753 1931 790 ἐστιν·
1962 749 2080 803 ὥσπερ
2106 764 2163 786 ουν
2186 747 2245 786 καὶ
2267 749 2374 785 Ματ-

1932 690 1984 728 To
2000 688 2079 742 γὰρ,
2096 682 2240 731 Οὓτός’
2226 703 2317 725 εστιν
2337 685 2373 724 ὃν

1354 816 1447 856 Οαῖος
1467 813 1584 865 λέγει,
1611 829 1665 851 οτι
1684 812 1821 851 πάντων
1843 828 1880 865 ερ
1882 827 2040 864 Αο1ιενων
2059 811 2144 863 πρὸς
2175 808 2277 847 αὐτὸν
2303 807 2376 846 ἕλε’

1352 890 1429 926 γεν·
1447 873 1542 925 Ἐγω
1567 873 1657 925 μὲν
1645 881 1736 926 υμᾶς
1763 874 1919 925 βαπτίζω
1952 876 1984 912 ἐν
2006 872 2124 910 ὕδατι·
2152 874 2170 910 5
2195 871 2230 910 δὲ
2264 868 2376 909 ὀπίσω

1354 952 1418 986 μου
1456 935 1661 989 ἐργόμενος,
1693 935 1910 990 ἰσχυρότερός
1937 951 2001 986 μου
2027 934 2132 981 ἐστιν,
2158 936 2194 972 οὗ
2224 935 2286 971 οὐκ
2302 930 2377 982 εἰμι

1350 997 1467 1041 ικανὸς
1483 999 1586 1036 λύσαι
1614 997 1671 1036 τὸν
1693 998 1823 1049 ιμάντα
1843 1002 1902 1035 τοῦ
1935 996 2168 1047 ὑποδήματος.
2188 994 2292 1038 Τίνος
2320 997 2376 1032 οὖν

1352 1059 1463 1097 ἕνεκεν
1492 1075 1552 1097 και
1571 1076 1638 1112 προ
1652 1063 1711 1097 τοῦ
1734 1063 1883 1112 φανῆναι
1909 1063 2009 1096 τοῦτο
2028 1057 2207 1106 ἐποίησεν,
2227 1055 2305 1094 Ἰνα
2326 1057 2377 1093 εὖ·

1351 1120 1568 1171 παράδεκτος
1591 1124 1613 1166 ἡ
1650 1120 1823 1173 μαρτυρία
1854 1120 1995 1172 γένηται
2018 1119 2200 1171 φανέντος,
2218 1120 2282 1163 τῆς
2301 1118 2378 1155 δια-

1352 1179 1445 1224 νοίας
1479 1180 1546 1226 ἤδη
1584 1184 1652 1218 τῶν
1688 1181 1906 1219 ἀκουσάντων
1934 1179 2277 1232 προκατασχεθείσης
2309 1184 2380 1221 τοῖς

1351 1240 1431 1293 περὶ
1456 1243 1559 1279 αὐτοῦ
1574 1242 1748 1292 λεχθεῖσι,
1769 1241 1828 1278 καὶ
1851 1240 1958 1291 μηδὲν
1979 1244 2042 1287 τῆς
2063 1242 2217 1283 εὐτελοῦς
2231 1239 2379 1292 περιέο-

1373 1305 1413 1348 ἧς
1432 1301 1688 1352 λυμαινομένης
1706 1300 1829 1352 sata-34.
1846 1303 1891 1339 Εἰ
1912 1300 1973 1352 μὲν
1989 1301 2056 1353 γὰρ
2071 1300 2177 1351 μηδὲν
2195 1301 2274 1351 μηδ’
2292 1300 2380 1344 ὅλως

1353 1363 1562 1406 ἀκούσαντες
1583 1356 1670 1401 εἶδον
1690 1363 1747 1401 τὸν
1782 1364 1932 1417 Χριστὸν
1952 1363 2068 1409 αὐτὸν,
2097 1362 2156 1400 καὶ
2186 1365 2271 1413 ὁμοῦ
2293 1361 2380 1413 μετὰ

1350 1428 1413 1471 τῆς
1436 1424 1513 1468 θέας
1537 1424 1595 1462 καὶ
1622 1423 1684 1471 τὴν
1705 1427 1773 1462 τῶν
1795 1424 1907 1476 λόγων
1934 1423 2125 1477 μαρτυρίαν
2146 1423 2302 1468 ἐδέξαντο
2317 1422 2380 1470 τὴν

1351 1484 1441 1523 οὕτω
1458 1484 1661 1535 θαυμαστὴν
1681 1485 1741 1524 καὶ
1757 1485 1924 1537 μεγάλην,
1946 1484 2069 1528 εὐθέως
2086 1484 2125 1522 ἂν
2146 1485 2186 1523 τὸ
2205 1489 2262 1522 τοῦ
2292 1484 2380 1536 σχή-

1353 1563 1461 1598 ματος
1490 1545 1621 1590 εὐτελὲς
1650 1546 1824 1599 προσέστη
1851 1548 1901 1598 τῷ
1919 1545 2056 1598 μεγέθει
2084 1548 2152 1584 τῶν
2171 1545 2380 1597 λεγομένων.

1351 1607 1457 1646 Οὕτω
1473 1607 1541 1659 γὰρ
1557 1606 1690 1651 εὐτελὲς
1700 1607 1894 1660 περιέκειτο
1906 1611 2028 1660 σχῆμα
2044 1603 2104 1645 καὶ
2119 1607 2231 1645 κοινὸν
2251 1607 2380 1645 ἅπασιν

1351 1672 1369 1707 5
1389 1668 1555 1720 Χριστὸς,
1577 1671 1623 1712 ὡς
1642 1668 1701 1706 καὶ
1722 1668 1982 1721 Σαμαρείτιδας
2005 1674 2190 1720 γυναῖκας,
2210 1667 2268 1706 καὶ
2289 1668 2379 1720 πόρ-

1352 1745 1413 1773 νας
1430 1760 1439 1777 ,
1471 1729 1530 1767 καὶ
1557 1728 1709 1772 τελώνας
1739 1728 1827 1780 μετὰ
1853 1730 1985 1777 πολλῆς
2003 1731 2066 1774 τ’ἦς
2099 1729 2216 1773 ἀδείας
2245 1731 2381 1782 θαῤῥεῖν

1354 1791 1448 1843 αὐτῷ
1462 1790 1644 1843 προσίεναι
1670 1790 1731 1828 καὶ
1752 1789 1983 1842 διαλέγεσθαι.

1406 1851 1525 1906 εΌπερ
1546 1845 1602 1889 οῦν
1623 1851 1721 1904 ἔφην,
1741 1854 1770 1890 εἰ
1788 1855 1873 1902 ὁμοῦ
1894 1851 1954 1890 καὶ
1973 1854 2041 1889 τῶν
2068 1852 2233 1903 ῥημάτιον
2252 1851 2382 1890 τούτων

1353 1913 1518 1961 ἤκουσαν,
1539 1911 1597 1950 καὶ
1623 1912 1724 1951 αὐτὸν
1745 1912 1950 1960 ἐθεάσαντο,
1971 1911 2034 1950 κᾶν
2065 1911 2301 1964 κατεγέλασαν
2320 1916 2383 1960 τ’ῆς

1356 1972 1548 2027 μαρτυρίας
1566 1977 1626 2011 τοῦ
1646 1973 1818 2012 Ἰωάννου.
1841 1975 1912 2011 ἸΝῦν
1938 1972 1974 2010 δὲ
2002 1971 2121 2025 πρὶνῆ
2153 1976 2302 2025 φανῆναι
2324 1973 2381 2011 τὸν

1354 2035 1505 2089 Χριστὸν
1541 2034 1710 2078 πολλάκις
1736 2034 1934 2083 ἀκούοντες,
1961 2035 2021 2072 καὶ
2055 2033 2285 2087 ἐρεθιζόμενοι
2312 2039 2383 2077 τοῖς

1353 2094 1552 2147 λεγομένοις
1583 2095 1662 2149 περὶ
1695 2097 1819 2144 αὐτοῦ,
1839 2095 2034 2134 τούναντίον
2066 2095 2233 2147 ἔπασχον,
2257 2097 2294 2133 οὔ
2320 2093 2383 2142 τὴν

1355 2160 1423 2195 τῶν
1442 2157 1608 2209 ρημάτων
1631 2157 1894 2196 διδασκαλίαν’
1876 2157 1945 2196 απὸ
1963 2173 2026 2204 της
2044 2157 2155 2209 ὅψεως
2169 2161 2228 2196 τοῦ
2251 2173 2385 2209 μαρτυ-

1360 2217 1518 2271 ρηθέντος
1539 2216 1775 2265 ἐκὸάλλοντες,
1793 2217 1916 2257 ἀλλὰ
1897 2218 1966 2256 απὸ
1985 2234 2047 2263 της
2062 2217 2213 2262 πίστεως
2232 2221 2301 2256 τῶν
2317 2217 2384 2264 ἤδη

1357 2279 1548 2331 λεχθέντων
1563 2295 1622 2316 και
1638 2279 1737 2316 αυτὸν
1749 2279 1991 2332 λαμπρότερον
2008 2283 2095 2316 εἶναι
2109 2277 2319 2330 νομίζοντες.
2332 2278 2386 2317 Τὸ

1359 2341 1415 2388 δὲ,
1433 2339 1572 2379 Ὀπίσω
1591 2356 1656 2390 μου
1675 2339 1879 2391 ἐρχόμενος,
1900 2343 1917 2378 5
1938 2342 2011 2390 μετ’
2030 2339 2090 2390 ἐμὲ
2110 2338 2307 2394 κηρύσσων,
2322 2341 2386 2392 οὐχ

1359 2406 1376 2441 5
1400 2404 1474 2454 μετ’
1499 2400 1559 2452 ἐμὲ
1573 2400 1753 2452 γενόμενός
1765 2403 1849 2438 ἐστι.
1865 2402 1978 2438 Τοῦτο
1995 2405 2076 2451 γοῦν
2096 2401 2154 2439 καὶ
2173 2404 2190 2438 5
2206 2403 2386 2444 ΜατΟαῖος

1361 2462 1550 2501 αἰνίττεται
1576 2461 1700 2514 λέγων,
1720 2460 1857 2499 Ὀπίσω
1877 2477 1941 2511 μου
1963 2460 2103 2513 ἔρχεται
2121 2461 2228 2514 ἀνήρ·
2247 2463 2284 2499 οὐ
2305 2459 2386 2514 περὶ

1360 2529 1421 2572 τῆς
1444 2526 1483 2562 ἐκ
1498 2522 1641 2599 Μαρίας
1654 2522 1844 2574 γεννήσεως
1864 2524 1965 2560 αυτοῦ
1980 2522 2103 2573 λέγων,
2124 2522 2213 2560 ἀλλὰ
2228 2522 2307 2575 περὶ
2323 2524 2387 2567 τῆς

1359 2585 1549 2639 παρουσίας
1565 2588 1626 2631 της
1645 2583 1736 2622 κατὰ
1751 2599 1791 2622 το
1810 2583 1897 2636 >wipo
1899 2600 1983 2635 γαα.
1999 2585 2044 2622 Εἰ
2063 2582 2130 2637 γὰρ
2141 2599 2220 2637 περι
2232 2599 2294 2630 της
2308 2599 2388 2635 γεν-

1361 2648 1490 2695 νήσεως
1521 2661 1648 2697 εΛεγεν,
1675 2661 1735 2683 ουκ
1757 2643 1797 2682 ἂν
1817 2648 1924 2689 εἶπεν,
1943 2643 2138 2697 Ἔρχεται,
2163 2646 2252 2692 ἀλλ’,
2279 2638 2385 2690 ἦλθε·

1361 2709 1605 2762 γεγεννημένος
1634 2707 1701 2761 γὰρ
1727 2711 1768 2753 ἠν
1786 2707 1841 2745 ο’τε
1868 2711 1977 2744 ταῦτα
2007 2708 2153 2758 ἐλέγετο
2175 2705 2222 2744 Τί
2240 2709 2297 2744 οὖν
2314 2709 2387 2744 ἐστι

1361 2771 1400 2809 τὸ
1414 2802 1422 2818 ,
1442 2768 1687 2822 ἼΓμπροσθέν
1682 2784 1745 2806 μου
1765 2785 1802 2819 γε
1806 2782 1904 2817 γονε·
1895 2797 1906 2816 ,
1933 2766 2236 2819 Λα1].πρότερος,“
2252 2766 2387 2816 ἐντιυό-

1362 2848 1468 2886 τερος.
1494 2830 1554 2878 Μὴ
1572 2829 1660 2882 γὰρ,
1677 2828 1795 2875 ἐπειδὴ
1814 2831 1950 2880 πρῶτος
1978 2830 2081 2874 ἦλθον
2102 2827 2279 2880 κηρύττων
2297 2826 2387 2878 ἕγιῖ,1

1363 2893 1432 2932 ἀπὸ
1457 2907 1578 2930 τουτου
1599 2891 1736 2942 μείζονα
1767 2888 1894 2928 ἐκείνου
1916 2905 1959 2940 με
1980 2893 2066 2926 εἶναι
2094 2888 2279 2939 νοαίσητε·
2299 2886 2386 2927 πολυ

1362 2954 1429 3006 γὰρ
1445 2953 1630 2992 ἐλάττωνέ
1617 2968 1704 3003 εγω,
1721 2966 1780 2988 και
1797 2953 1957 2988 τοσοῦτον
1976 2949 2180 2996 {iarn-‘m
2163 2966 2209 2992 ως
2233 2948 2320 3000 μηδὲ
2342 2950 2388 2992 εἷς

1363 3014 1481 3053 δούλου
1500 3013 1594 3057 τάξιν
1613 3011 1703 3056 ἄξιος
1719 3003 1806 3048 εἶναι
1822 3009 2086 3061 καταλέγεσθαι.
2104 3011 2217 3048 Τοῦτο
2230 3010 2297 3061 γάρ
2316 3012 2389 3048 ἐστι

1361 3073 1655 3127 τὸ,”Εμπροσθέν
1674 3088 1738 3123 μου
1756 3071 1891 3123 γέγονεν
1905 3086 1912 3094 ·
1934 3071 2020 3123 ὅπερ
2038 3070 2162 3124 ἑτέρως
2176 3072 2388 3124 παραδηλῶν

1360 3140 1378 3174 5
1398 3139 1433 3174 Μ
1440 3139 1577 3178 ατθαῖος
1595 3134 1707 3185 ἔλεγεν
1725 3148 1732 3155 ·
1751 3135 1827 3170 Οὐκ
1848 3132 1919 3183 εἰμὶ
1938 3132 2053 3175 ἱκανὸς
2067 3133 2170 3170 λῦσαι
2184 3131 2241 3170 τὸν
2262 3131 2390 3182 ἱμάντα

1362 3203 1420 3237 τοῦ
1445 3195 1667 3247 ὑποδήματος
1694 3196 1808 3233 αὐτοῦ.
1827 3192 1912 3232 εὈτι
1933 3193 1968 3231 δὲ
1992 3192 2068 3232 οὐδὲ
2088 3194 2144 3242 τὸ,
2163 3192 2387 3245 ’Έμπροσθέν

1427 3328 1533 3360 aMss.
1561 3334 1593 3358 et
1619 3325 1719 3358 Savil.
1748 3331 1947 3372 ἐντιμότερος.
1978 3331 2020 3369 μὴ
2044 3332 2101 3370 γὰρ
2134 3327 2242 3363 ἐπειδή.
2271 3322 2385 3356 Morel.

1385 3380 1534 3423 qusedam
1557 3377 1663 3411 addit.
