2481 3678
762 217 801 245 IN
840 216 1048 245 JOANNEM
1086 214 1234 244 HOMH..

110 296 196 334 αὐτὰ
215 297 385 348 δαπανᾷν,
414 297 501 350 ὑπὲρ
520 300 579 335 τοῦ
597 297 763 349 λαμπρὰς
780 301 863 348 ἡμῖν
888 297 998 340 οἷκίας
1020 298 1054 335 ἐν
1076 297 1129 334 οὖ-

110 364 221 410 ρανοῖς
236 359 524 408 οἰκοδομηθῆναι,
544 358 624 396 ἔνθα
639 359 678 397 τὸ
692 361 763 410 φῶς
782 361 890 397 ἐκεῖνο
909 359 948 396 τὸ
970 357 1131 408 ἀπόῤῥη-

105 434 174 456 τον.
191 419 363 457 Ἐνταῦθα
383 418 445 470 μὲν
464 418 531 472 γὰρ
547 419 606 457 καὶ
625 419 737 471 μα’,χαι
752 419 811 457 καὶ
828 417 1032 471 φιλονεικίαι
1051 416 1132 469 περὶ

103 478 192 531 ὅρων
230 480 289 517 καὶ
319 479 444 532 τοίχων
462 496 469 502 ·
502 481 574 518 ἐκεῖ
606 479 641 518 ’δὲ
662 480 755 518 οὐδὲν
778 479 928 518 τοιοῦτόν
956 481 1047 517 ἐστιν
1063 493 1070 501 ·
1093 480 1130 516 οὐ

104 541 241 592 φθόνος,
265 543 302 579 οὐ
327 540 499 591 βασκανία
517 557 523 564 ·
540 541 616 579 οὐδὲ
636 540 868 593 φιλονεικήσει
883 556 933 583 τις
949 543 1034 590 ἡμῖν
1049 538 1130 591 περὶ

102 601 297 653 ὃροθεσίων.
317 602 384 640 Καὶ
397 602 524 649 ταύτην
542 602 602 653 μὲν
619 603 801 640 ἀπολιπεῖν
819 601 952 650 ἀνάγκη
969 600 1129 647 πάντως,

103 660 216 708 ἐκείνη
253 661 288 700 δὲ
320 663 587 714 συμπαραμένει
615 664 802 709 διηνεκῶς·
831 661 891 699 καὶ
912 659 1041 706 ταύτην
1065 659 1128 710 μὲν

103 722 237 773 ἀνάγκη
258 727 466 776 σαθροῧσθαι
479 726 528 775 τῷ
542 722 676 777 χρόνῳ,
696 722 755 760 καὶ
773 720 910 774 μυρίαις
924 723 1129 759 ὑποκεῖσθαι

104 784 251 832 βλάῧαις
264 815 273 832 ,
290 785 422 830 ἐκείνην
443 784 478 822 δὲ
501 784 613 835 μένειν
637 784 756 837 ἀγήρω
770 783 935 829 διηνεκῶς
947 797 954 804 ·
971 781 1031 819 καὶ
1046 781 1128 820 ταύ-

101 859 162 890 την
180 844 242 894 μὲν
263 848 280 882 ὁ
297 845 403 892 πένης
418 847 455 883 οὐ
477 845 618 883 δύναται
635 846 840 894 οἰκοδομεῖν,
857 842 991 897 ἐκείνην
1004 842 1039 880 δὲ
1055 842 1129 881 ἔστι

101 904 160 942 καὶ
193 905 249 944 διὰ
277 905 336 943 δύο
363 906 493 943 ὂὸολῶν
523 906 769 956 οἰκοδομῆσαι,
790 904 949 957 καθάπερ
969 907 990 949 ἡ
1018 903 1126 956 χήρα.

99 966 166 1004 Διὰ
180 971 288 1004 ταῦτα
306 967 566 1019 ἀποπνίγομαι,
587 966 640 1006 ὅτι
652 997 661 1014 ,
685 966 856 1005 τοσούτων
876 970 962 1017 ἡμῖν
980 982 1126 1017 προκει-

101 1026 211 1077 μένων
241 1030 393 1079 ἀγαθῶν,
415 1032 648 1082 ῥαθυμοῧμεν,
675 1029 922 1081 ὀλιγωροῧμεν,
951 1028 1010 1065 καὶ
1031 1027 1126 1071 ὅπως

101 1088 162 1138 μὲν
183 1091 327 1127 ἐνταῦθα
339 1089 504 1143 λαμπρὰς
523 1089 692 1142 σήοίημεν
708 1089 819 1132 οἰκίας
831 1119 840 1136 ,
861 1089 998 1126 ἅπαντα
1013 1088 1124 1141 πράτ-

97 1163 200 1198 τομεν
212 1165 220 1172 ·
231 1148 324 1193 ὅπως
339 1149 374 1188 δὲ
389 1153 422 1188 ἐν
439 1157 508 1194 τοῖς
528 1153 681 1203 οὐρανοῖς
701 1149 764 1187 κᾶν
779 1149 900 1202 μικρὸν
913 1148 1124 1198 κτησώμεθα

97 1209 327 1261 καταγώγιον,
356 1213 392 1249 οὐ
430 1215 665 1263 μεριμνῶμεν,
700 1213 737 1249 οὐ
770 1210 1006 1262 φροντίζομεν.
1034 1208 1124 1247 Εἰπὲ

97 1270 166 1323 γάρ
186 1287 268 1322 μοι·
289 1277 355 1310 ποῦ
374 1272 514 1311 ἐδούλου
536 1271 647 1310 οἰκίαν
668 1272 760 1324 ἔχειν
781 1274 947 1316 ἓνταῦθα;
965 1264 1068 1323 ἀραῆ
1090 1273 1123 1308 ἐν

97 1333 227 1386 ἐρημία
239 1364 248 1380 ,
263 1333 285 1379 ἢ
302 1336 335 1372 ἓν
354 1340 418 1385 μιᾷ
433 1337 500 1372 τῶν
518 1333 652 1372 πόλεων
667 1337 735 1371 τῶν
754 1335 886 1386 μικρῶν
899 1349 909 1379 ;
925 1334 1001 1369 Οὐκ
1016 1332 1125 1383 ἔγωγε

97 1388 216 1444 οἶμαι·
249 1397 324 1432 ἀλλ’
352 1398 385 1433 ἓν
413 1401 489 1439 ταῖς
519 1394 813 1446 βασιλικωτάταις
846 1410 905 1431 και
933 1393 1124 1444 μεγαλαις,

96 1454 176 1492 ἔνθα
205 1455 368 1493 πλείων<
352 1473 410 1502 η..
395 1456 546 1508 ἐμπορία
562 1486 571 1503 ,
605 1455 685 1494 ενθα
717 1454 841 1505 μείζων
862 1458 883 1500 ἡ
904 1453 1072 1504 περιφάνε
1058 1469 1124 1491 ια.

1277 214 1368 243 nvi.
1409 200 1467 244 nl.
1505 215 1578 244 ιν.

2110 208 2200 269 379

1207 294 1382 332 subeundi
1411 295 1569 347 corporei
1602 294 1761 344 labores,
1797 305 1835 333 ut
1867 298 2069 348 splendidas
2103 301 2194 340 aedes

1158 360 1183 389 D
1207 356 1309 394 nobis
1324 356 1360 393 in
1380 356 1475 393 caelis
1493 366 1731 405 exstruamus,
1749 357 1812 394 ubi
1830 358 1895 396 lux
1910 358 1970 395 illa
1986 360 2190 400 ineffabilis.

1207 417 1275 455 Hic
1297 417 1391 456 enim
1407 427 1439 456 et
1464 432 1592 470 pugnae
1612 428 1646 456 et
1666 419 1904 457 contentiones
1923 419 1967 458 de
1985 422 2144 460 terminis
2161 433 2194 462 et

1204 478 1402 530 parietibus
1425 494 1432 515 :
1463 479 1513 517 ibi
1541 494 1626 518 vero
1649 480 1741 517 nibil
1765 480 1896 530 simile,
1933 482 2030 519 nulla
2057 481 2193 521 invidia

1203 541 1261 578 vel
1280 541 1397 590 livor;
1418 555 1520 578 nemo
1542 540 1587 579 de
1606 542 1766 579 terminis
1785 542 1973 580 nobiscum
1990 544 2189 583 contendet.

1204 602 1289 639 Haec
1308 617 1415 654 porro
1433 602 1629 641 necessario
1648 603 1880 653 relinquenda
1897 603 2025 642 domus
2044 615 2111 654 est;
2131 606 2191 643 illa

1202 673 1374 716 perpetuo
1390 674 1507 701 manet
1525 680 1532 700 z
1555 664 1631 701 haec
1653 673 1811 716 tempore
1824 665 1963 715 teritur,
1981 665 2192 704 innumeris-

1203 739 1270 775 que
1300 725 1456 763 obnoxia
1485 735 1536 763 est
1563 725 1805 774 detrimentis,
1835 726 1896 763 illa
1925 741 2064 779 semper
2092 737 2188 765 stat:

1202 786 1294 825 hanc
1308 802 1444 840 pauper
1459 788 1613 826 excitare
1628 788 1731 839 nequi
1738 797 1767 837 t,
1788 788 1850 825 illa
1869 789 1926 826 vel
1945 789 2086 827 duobus
2105 790 2191 828 obo-

1199 846 1244 885 lis
1278 849 1513 900 construitur,
1555 858 1594 886 ut
1626 849 1737 887 vidua
1766 849 1828 886 illa
1860 849 2074 889 construxit.
2108 852 2192 889 Ideo

1199 909 1371 961 praesocor
1383 940 1392 958 ‚
1412 910 1508 961 quod
1526 919 1578 948 tot
1597 910 1698 948 nobis
1717 910 1908 962 propositis
1930 910 2050 960 bonis,
2072 911 2121 949 ita
2141 926 2192 950 se-

1199 983 1284 1021 gnes
1301 970 1512 1022 desidesque
1535 971 1662 1020 simus,
1690 971 1851 1022 nihilque
1873 985 1942 1009 non
1970 985 2133 1023 agamus,
2155 983 2193 1011 ut

1152 1030 1174 1059 E
1198 1031 1257 1069 hic
1275 1032 1476 1084 conspicuis
1499 1033 1661 1070 fruamur
1683 1033 1843 1081 metibus,
1865 1032 1954 1070 dum
1981 1033 2072 1071 nihil
2093 1048 2192 1071 cura-

1197 1106 1277 1130 mus
1292 1102 1332 1130 ut
1350 1094 1385 1130 in
1409 1094 1502 1132 caelis
1520 1095 1579 1132 vel
1599 1094 1789 1132 minimum
1812 1108 1978 1146 paremus
2005 1094 2107 1132 nohis
2135 1095 2192 1132 di-

1194 1154 1404 1191 versorium.
1436 1154 1525 1203 Dic,
1553 1169 1691 1206 quaeso,
1717 1155 1780 1192 ubi
1808 1154 1867 1192 bic
1892 1155 2042 1192 domum
2060 1155 2192 1194 habere

1194 1215 1329 1253 velles?
1350 1216 1386 1253 in
1401 1214 1539 1254 deserto
1553 1247 1563 1266 ,
1583 1226 1644 1254 aut
1661 1216 1697 1253 in
1712 1215 1833 1266 aliquo
1860 1230 1971 1268 parvo
1991 1216 2189 1268 oppidulo?

1194 1276 1275 1313 Non
1295 1286 1381 1328 puto
1404 1293 1412 1314 t
1430 1277 1492 1316 sed
1520 1278 1554 1315 in
1575 1277 1714 1329 magnis
1738 1277 1917 1329 regiisque
1938 1278 2103 1327 urbibus,
2124 1279 2189 1317 ubi

1196 1338 1312 1389 majus
1331 1339 1598 1389 commercium,
1622 1339 1685 1376 ubi
1701 1338 1866 1390 splendor
1894 1339 2007 1390 major
2026 1348 2088 1376 est.
2107 1339 2187 1391 Ego

1195 1398 1233 1435 in
1252 1399 1357 1437 talem
1373 1409 1406 1437 te
1419 1400 1511 1438 duco
1531 1399 1730 1449 civitatem,
1749 1401 1850 1452 cujus
1869 1401 1990 1451 opifex
2009 1409 2042 1438 et
2064 1410 2189 1439 auctor

1195 1468 1245 1496 est
1262 1461 1369 1497 Deus.
1388 1461 1472 1509 Hie,
1494 1475 1632 1511 quaeso,
1659 1470 1924 1507 construamus
1944 1461 2004 1498 hic
2028 1462 2188 1499 exaedifi-

95 1514 230 1567 Εγω
212 1516 248 1554 σε’
275 1532 314 1553 σε
345 1519 391 1560 εἷς
410 1516 510 1555 πόλιν
532 1516 606 1567 α’γω
625 1532 679 1554 το·
683 1531 802 1562 αυτην,
820 1517 862 1560 ἧς
882 1513 1042 1564 ’Ξγνίτης
1063 1529 1180 1563 ½012331
1196 1534 1314 1558 cemus
1339 1521 1476 1559 minore
1504 1532 1622 1559 sumtu
1649 1532 1683 1560 et
1708 1522 1840 1559 labole.
1874 1523 1947 1559 Has
1977 1523 2068 1560 aedes
2103 1538 2189 1562 con-

95 1576 277 1629 δημιουρ
244 1593 302 1628 (Oc
318 1580 335 1614 ὅ
351 1577 451 1621 Θεος·
472 1577 569 1616 Exi?
586 1577 780 1628 παρακαλΝ
755 1592 783 1613 ω
800 1574 926 1618 κ’ίζῑῑν
944 1590 981 1612 τε
996 1589 1055 1612 καί
1075 1576 1123 1612 0}-
1147 1576 1173 1604 A
1194 1592 1337 1621 struunt
1358 1598 1483 1622 manus
1512 1598 1725 1637 pauperum,
1746 1584 1814 1621 hoc
1835 1583 2011 1636 optimum
2031 1594 2080 1621 est
2101 1586 2188 1623 aedi-

95 1638 265 1687 κοδομεῖν,
302 1639 345 1675 δι’
379 1637 569 1676 ἐλαττόνων
604 1636 811 1690 χρημάτων,
843 1640 857 1656 ³
869 1636 912 1673 δι’
943 1634 1124 1678 ἐλάττονος

93 1697 209 1736 πόνου.
227 1698 386 1746 Ἐκείνην
405 1698 467 1746 τὴν
484 1698 593 1737 οἰκίαν
610 1701 678 1736 τῶν
700 1697 859 1744 πενήτων
882 1696 1120 1746 οἰκοδομοῦσιν

94 1761 130 1796 αἱ
148 1766 260 1812 χεῖρες
275 1790 284 1806 ,
307 1761 366 1799 καὶ
386 1766 486 1799 τοῦτο
506 1759 661 1811 μάλιστά
685 1762 776 1798 ἐστιν
797 1757 961 1809 οἰκοδομή
980 1772 987 1780 ·
1007 1759 1053 1800 ὡς
1078 1757 1123 1795 τά

92 1836 130 1872 γε
143 1837 200 1858 νυν
216 1822 398 1873 γινόμενα,
414 1821 565 1873 εογ-άτης
580 1820 708 1863 ἀνοίας.
728 1819 799 1858 Και
812 1819 879 1871 γὰρ
900 1817 932 1855 εἴ
950 1834 1002 1861 τις
1021 1833 1059 1854 σε
1074 1819 1122 1861 εἰς

91 1882 313 1933 Περσικὴν”
291 1899 403 1934 ηγαγε
431 1886 509 1933 γ’ἧν,
538 1880 706 1933 ὀψομενον
728 1897 773 1917 τα
790 1882 880 1927 ἐκεῖ,
901 1895 961 1917 και
982 1894 1119 1925 επανη-

93 1942 213 1986 ξοντα·
241 1960 314 1981 ειτα
339 1944 516 1982 ἐκέλευσεν
539 1943 649 1986 οἰκίας
671 1941 879 1992 οείμασθαι·
909 1945 977 1993 ἀρα
997 1942 1057 1978 οὐκ
1078 1939 1117 1978 ἂν

92 2005 193 2043 αὐτοῦ
214 2020 389 2056 κατεγνως
411 2004 529 2042 ἄνοιαν
548 2003 611 2050 τὴν
628 2004 794 2055 ἐσΛάτην,
811 2005 857 2046 ὡς
877 2001 1030 2054 ἀκαίρως
1048 2003 1115 2039 δα-

90 2071 202 2117 πανᾷν
221 2065 414 2106 κελεύοντος
427 2082 436 2113 3
451 2067 534 2109 Πῶς
550 2058 606 2102 οῧν
625 2065 682 2103 ἐπὶ
701 2068 762 2110 τῆς
779 2067 842 2115 γῆς
861 2063 900 2101 τὸ
916 2062 999 2100 αὐτὸ
1017 2068 1116 2101 τοῦτο

90 2132 215 2174 ποιεῖς,
236 2127 277 2173 ἣν
296 2127 417 2180 μικρὸν
438 2126 578 2178 ὕστερον
600 2125 793 2176 ἀπολείψῃ,
809 2123 915 2162 Ἀλλὰ
936 2130 1006 2168 τοῖς
1029 2140 1114 2162 παι-

89 2186 173 2231 δίοις
209 2188 422 2240 καταλείψω,
457 2187 572 2239 φησίν.
605 2186 710 2225 Ἀλλὰ
743 2186 803 2223 καὶ
833 2188 957 2224 ἐκεῖνοι
990 2185 1112 2238 μικρὸν

88 2247 228 2300 ὕστερον
248 2249 497 2301 καταλείψουσι
521 2246 609 2299 μετὰ
631 2247 670 2286 σέ
686 2263 694 2270 ·
714 2246 882 2290 πολλάκις
902 2245 937 2284 δὲ
959 2247 1019 2284 καὶ
1046 2246 1115 2297 πρὸ

87 2314 166 2348 σοῦ·
191 2311 252 2349 καὶ
272 2314 303 2349 οἱ
333 2314 407 2362 μετ’
427 2310 574 2354 ἐκείνους
598 2309 716 2347 πάλιν.
735 2308 806 2347 Καὶ
827 2308 959 2361 γίνεταί
982 2324 1035 2347 σοι
1053 2307 1113 2345 καὶ

86 2374 231 2411 ἐνταῦθα
249 2373 289 2411 τὸ
305 2379 453 2426 πρᾶγμα
472 2371 619 2422 ἀθυμίας
635 2371 814 2418 ὑπόθεσις,
829 2370 910 2408 ὅταν
932 2372 1010 2414 τοὺς
1025 2373 1114 2417 κλη-

88 2433 249 2484 ρονόμους
271 2434 482 2485 κατέχοντας
499 2432 547 2483 μὴ
569 2432 656 2482 ἴδῃς.
677 2431 776 2469 Ἐκεῖ
791 2431 826 2469 δὲ
848 2430 942 2469 οὐδὲν
961 2431 1112 2470 τοιοῦτόν

85 2496 177 2532 ἐστιν
198 2496 412 2532 ὑποπτεῦσαι
427 2509 434 2516 ·
457 2496 531 2531 ἀλλ’
558 2492 719 2539 ἀκίνητος
737 2496 758 2538 ἡ
777 2495 899 2538 κτῆσις
923 2492 1035 2543 μένει,
1052 2492 1110 2530 καὶ

86 2554 153 2604 σοὶ,
170 2558 230 2595 καὶ
245 2563 314 2599 τοῖς
332 2555 482 2599 παιδίοις
502 2555 561 2592 καὶ
580 2560 650 2598 τοῖς
668 2554 818 2605 ἐγγόνοις
831 2584 840 2601 ,
868 2554 907 2591 ἂν
924 2554 986 2601 τὴν
1005 2553 1112 2600 αὐτὴν

86 2615 212 2667 ἀρετὴν
231 2614 466 2666 μιμήσωνται.
478 2612 639 2658 Ἐκείνης
654 2615 716 2658 τῆς
732 2613 915 2663 οἰκοδομῆς
930 2615 947 2650 ὃ
963 2613 1113 2665 Χριστὸς

86 2676 299 2728 ἐφάπτεται·
321 2674 453 2721 ἐκείνην
468 2675 733 2724 οἰκοδομοῦντα,
753 2675 815 2711 οὒκ
836 2673 970 2724 ἀνάγκη
991 2675 1112 2724 ἐπιμε-

83 2737 192 2784 λητὰς
210 2740 364 2789 ἐφιστᾷν,
376 2734 479 2774 *οὐδὲ
495 2734 696 2788 φροντίζειν,
709 2733 785 2772 οὖΡὲ
800 2741 983 2786 μεριμνᾷν.
996 2734 1108 2772 εΌταν

83 2798 151 2852 γὰρ
166 2802 183 2836 ὃ
198 2799 287 2843 Θεὸς
305 2799 344 2836 τὸ
358 2798 455 2851 ἔργον
476 2796 704 2843 ἀναδέξηται,
721 2795 773 2839 τίς
790 2794 892 2848 χρεία
911 2796 1107 2849 φροντίδος;

83 2860 238 2901 Ἐκεῖνος
253 2860 368 2898 πάντα
384 2875 469 2898 συνα
471 2874 544 2910 γει,
563 2858 622 2896 καὶ
639 2857 799 2904 ἀνίστησι
815 2857 878 2903 τὴν
894 2857 1018 2896 οἰκίαν.
1040 2858 1109 2896 Και

83 2921 120 2957 οὐ
141 2935 241 2958 τουτο
261 2919 362 2971 μόνον
379 2920 451 2958 ἐστι
471 2920 511 2958 τὸ
529 2919 700 2970 θαυμαστ
692 2935 740 2967 ον,
759 2921 834 2957 ἀλλ’
851 2918 904 2957 ο’τι
921 2918 1029 2963 ου’τως
1049 2920 1110 2956 αὖ-

83 2979 143 3026 τὴν
166 2981 361 3031 οἰκοδομεῖ,
386 2980 432 3024 ὥς
461 2997 513 3019 σοι
534 2980 676 3033 ἀρεστόν
697 2983 810 3019 ἐστιν·
841 2981 1011 3030 μαλλον
994 2980 1028 3019 οε
1048 2980 1108 3018 καὶ

82 3040 168 3092 ὑπὲρ
195 3041 235 3079 τὸ
262 3041 419 3093 ἀρεστὸν,
442 3041 501 3079 καὶ
532 3040 618 3093 ὑπὲρ
638 3041 655 3079 ὃ
677 3040 802 3092 βούλει.
833 3040 1007 3093 Τεχνίτης
1037 3041 1107 3092 γάρ

82 3102 173 3139 ἐστιν
201 3101 358 3153 ἄριστος,
385 3101 445 3139 καὶ
470 3100 602 3154 σφόδρα
634 3118 693 3140 σου
722 3102 866 3149 κήδεται
885 3105 953 3139 τῶν
975 3117 1110 3153 συμφε-

84 3167 223 3220 ρόντων.
242 3168 314 3207 Κᾶν
334 3169 440 3217 πένης
463 3163 516 3221 ἧς,
532 3169 591 3206 καὶ
613 3172 782 3220 βουληθῇς
802 3170 1028 3219 οἰκοδομῆσαι
1049 3168 1111 3215 τὴν

82 3235 193 3273 οἰκίαν
211 3236 351 3285 ταύτην,
372 3239 410 3276 οὗ
441 3236 536 3290 φέρει
565 3252 618 3275 σοι
645 3236 779 3289 φθόνον,
799 3234 876 3274 οὐδὲ
910 3234 1025 3273 τίκτει
1056 3251 1112 3274 σοι

128 3372 141 3386 ⁸
167 3365 203 3396 δι’
218 3367 372 3402 ἐλάττονος
386 3372 487 3404 πόνου,
502 3363 570 3397 haec
583 3363 701 3397 desunt
715 3363 748 3396 in
761 3361 960 3406 quibusdam
973 3363 1049 3396 Mss.

1194 1643 1318 1681 ficium
1327 1660 1336 1692 ;
1352 1659 1428 1695 quae
1443 1654 1563 1682 autem
1577 1645 1638 1683 hic
1656 1645 1909 1694 construimus,
1927 1654 2093 1682 extremae
2106 1656 2189 1684 sunt

1193 1704 1378 1742 dementire
1395 1715 1656 1757 argumentum.
1670 1706 1763 1743 Nam
1777 1706 1805 1744 si
1822 1705 1902 1756 quis
1914 1706 1989 1743 tein
2004 1706 2187 1745 Persidem

1192 1778 1325 1820 ageret,
1348 1769 1512 1807 visurum
1537 1770 1637 1807 illam
1664 1769 1845 1821 regionem
1869 1779 1902 1807 et
1920 1784 2004 1807 mox
2027 1785 2187 1809 reversu-

1192 1845 1294 1879 rum3
1313 1840 1418 1881 atque
1436 1840 1470 1868 te
1487 1831 1561 1869 illie
1573 1831 1714 1883 juberet
1734 1831 1825 1868 aedes
1845 1840 2027 1869 exstruere
2044 1848 2051 1868 ε
2069 1846 2187 1870 annon

1191 1892 1443 1930 stultissimum
1461 1892 1567 1930 illum
1588 1892 1737 1943 diceres,
1760 1893 1821 1943 qui
1841 1893 1907 1930 tibi
1928 1893 2070 1930 inanem
2090 1908 2186 1931 sum-

1190 1961 1268 1990 tum
1296 1953 1484 1991 suaderet?
1504 1969 1566 1993 cur
1588 1969 1671 2006 ergo
1696 1954 1733 1992 in
1757 1964 1850 1992 terra
1881 1954 2039 2007 idipsum
2073 1955 2183 2003 sacis,

1190 2013 1287 2051 unde
1305 2014 1406 2052 brevi
1429 2014 1648 2066 migraturus
1667 2015 1731 2052 es?
1752 2017 1817 2064 At,
1840 2015 1993 2065 inquies,
2026 2015 2111 2052 filiis
2130 2031 2184 2054 re-

1188 2074 1362 2126 linquam.
1386 2077 1525 2115 Verum
1543 2076 1595 2114 illi
1615 2090 1755 2127 quoque
1773 2086 1806 2114 te
1826 2076 1931 2128 paulo
1951 2085 2030 2128 post
2050 2091 2183 2127 sequu-

1187 2138 1260 2175 turi
1292 2146 1397 2187 sunt3
1432 2137 1504 2176 imo
1530 2152 1623 2190 saepe
1651 2147 1684 2175 te
1713 2138 1938 2190 praecedent,
1965 2137 2184 2189 illorumque

1186 2200 1350 2238 similiter
1364 2201 1493 2254 posteri
1507 2217 1519 2252 3
1540 2201 1695 2252 hincque
1707 2202 1773 2239 tibi
1786 2201 1947 2239 moeroris
1959 2215 2064 2239 causa
2073 2232 2083 2251 ,
2100 2216 2178 2240 cum

1186 2263 1333 2302 heredes
1351 2279 1420 2302 non
1440 2264 1507 2302 tibi
1533 2279 1713 2317 superesse
1741 2265 1875 2304 videas.
1901 2265 1956 2303 Ibi
1978 2280 2062 2303 vero
2085 2266 2180 2302 nihil

1186 2324 1392 2377 hujusmodi
1412 2326 1627 2373 timendum,
1649 2325 1709 2363 sed
1728 2326 1875 2363 immota
1895 2335 2014 2362 manet
2032 2325 2179 2363 heredi-

1186 2395 1239 2422 tas
1257 2386 1336 2434 tibi,
1352 2386 1449 2432 filiis,
1464 2386 1663 2438 nepotibus,
1686 2386 1714 2423 si
1732 2385 1890 2422 eamdem
1909 2386 2080 2423 virtutem
2099 2386 2183 2423 imi-

1185 2446 1369 2482 tabuntur.
1406 2446 1511 2483 Illam
1545 2445 1708 2483 Christus
1735 2445 1888 2482 aedificat
1915 2461 1922 2481 :
1951 2459 2021 2496 quo
2050 2445 2181 2497 opifice

1185 2505 1295 2543 nullis
1319 2506 1562 2554 curatoribus,
1591 2505 1690 2542 nulla
1721 2504 1961 2542 sollicitudine
1997 2515 2048 2543 est
2077 2520 2178 2558 opus.

1186 2568 1258 2606 Ubi
1285 2568 1379 2605 enim
1401 2568 1498 2604 Deus
1529 2567 1564 2604 in
1588 2582 1624 2605 se
1649 2566 1798 2619 suscipit
1824 2581 1932 2619 opus,
1963 2567 2053 2617 quid
2086 2568 2179 2606 ultra

1186 2627 1410 2665 curandum?
1428 2627 1494 2665 Ille
1508 2627 1626 2665 omnia
1643 2627 1800 2678 colligit,
1821 2636 1854 2664 et
1869 2627 2017 2664 domum
2029 2628 2176 2666 excitat.

1184 2690 1307 2738 Neque
1326 2688 1364 2726 id
1384 2687 1500 2725 solum
1524 2688 1689 2725 mirabile
1719 2697 1770 2725 est
1778 2703 1789 2737 3
1812 2687 1875 2725 sed
1894 2687 1990 2739 quod
2009 2689 2059 2726 ita
2075 2689 2176 2727 illam

1184 2759 1342 2787 exstruat
1360 2758 1399 2786 ut
1418 2758 1558 2801 optare,
1579 2749 1650 2786 imo
1675 2749 1803 2787 melius
1823 2764 1931 2800 quam
1950 2759 2073 2802 optare
2094 2765 2176 2803 pos·

1184 2812 1242 2849 sis.
1263 2812 1329 2849 Est
1344 2813 1438 2848 enim
1469 2811 1597 2849 artifex
1621 2811 1797 2863 optimus,
1818 2811 1879 2861 qui
1895 2811 1962 2848 :ihi
1983 2811 2175 2850 utilissima

1183 2883 1293 2911 curat.
1314 2873 1351 2911 Si
1373 2888 1508 2926 pauper
1531 2874 1602 2923 sis,
1624 2883 1657 2911 et
1684 2874 1776 2911 hanc
1796 2883 1997 2911 construere
2026 2874 2174 2912 domum

1182 2935 1290 2983 velis,
1310 2935 1447 2973 nullam
1475 2934 1669 2985 invidiam,
1691 2935 1834 2973 nullum
1853 2935 1918 2972 tibi
1944 2935 2058 2987 pariet
2081 2935 2175 2974 livo-

1183 3010 1268 3033 rem.
1289 2997 1399 3034 Nemo
1421 2996 1516 3034 enim
1541 2996 1688 3035 invidus
1707 2996 1807 3034 illam
1828 2995 1945 3045 videt,
1968 2995 2027 3034 sed
2056 2997 2173 3047 angeli

1135 3051 1158 3080 C
1183 3064 1334 3106 tantum,
1358 3057 1419 3108 qui
1443 3056 1488 3095 de
1513 3057 1615 3095 bonis
1642 3057 1715 3095 tuis
1739 3057 1894 3109 gaudent
1915 3074 1922 3094 :
1942 3071 2043 3096 nemo
2074 3059 2174 3096 illius

1182 3116 1269 3155 fines
1285 3117 1451 3157 invadere
1464 3119 1604 3171 poterit,
1616 3118 1777 3170 quiahoc
1788 3119 1912 3156 morbo
1929 3119 2170 3157 laborantium

1182 3177 1303 3215 nullus
1316 3179 1456 3218 vicinus
1483 3179 1561 3217 erit.
1586 3180 1733 3219 Vicinos
1752 3179 1826 3217 illie
1845 3180 1993 3218 habebis
2011 3188 2149 3217 sanctos
2161 3210 2172 3227 ,

1182 3238 1356 3290 Paulum,
1388 3240 1553 3290 Petrum,
1585 3240 1777 3293 prophetas
1811 3253 1948 3289 omnes,
1977 3249 2149 3291 martyres
2161 3269 2171 3287 ‚

1163 3370 1178 3384 ⁸
1204 3370 1288 3411 [οὐδὲ
1306 3374 1469 3415 φροντίζειν
1484 3367 1676 3401 addidimus
1693 3378 1708 3399 e
1733 3365 1832 3400 Savil.
1853 3373 1885 3398 et
1903 3363 2012 3398 Codd.
2026 3364 2179 3406 nostris}
