2507 3673
985 216 1040 244 Dii
1077 215 1100 242 C
1112 214 1198 242 fico
1236 215 1260 241 N
1270 214 1356 242 A'x'o
1366 234 1374 240 .

139 302 206 343 Zet·
229 300 287 337 καὶ
315 301 352 336 οὐ
372 297 472 347 μόνον
495 295 637 348 φωτίζει
658 299 724 333 τῶν
754 299 885 334 πιστῶν
904 296 965 342 τὴν
988 295 1152 340 διάνοιαν,

138 352 226 389 ἀλλὰ
241 352 299 389 καὶ
313 352 421 399 ὄνομα
437 348 548 400 φωτὸς
564 349 754 401 χαρίζεται.
776 349 821 386 ‘ll
846 349 914 400 γὰρ
929 347 1003 386 Θεία
1028 345 1152 399 Γραφὴ

137 404 213 447 τοὺς
228 407 270 455 τῇ
288 402 409 455 ἀγνοίᾳ
429 401 637 454 συντρόφους
654 402 752 445 ὄντας
764 431 773 448 ,
792 401 850 439 καὶ
869 404 912 451 τῇ
931 399 1076 450 ἀπιστίᾳ
1095 414 1154 436 συ-

138 459 278 502 ζῶντας,
299 454 440 497 δικαίως
462 456 622 504 ὀνομάζει
639 455 773 508 σκότος,
797 454 845 504 μὴ
871 451 1074 505 δεχομένους
1089 449 1152 495 τὴν

136 509 306 559 λαμπάδα
319 511 381 553 τῆς
395 507 573 554 ἀληθείας,
594 507 649 545 ἵνα
667 510 750 545 ὠσιν
771 507 838 545 υἱοὶ
852 505 975 558 φωτός.
989 503 1058 541 Διὰ
1075 505 1153 540 τοῦ·

135 561 174 598 τό
202 577 288 612 φησι
319 561 378 597 καὶ
398 564 416 597 6
431 564 518 603 θεῖος
542 560 730 603 ἀπόστολος
752 561 912 601 Παῦλος·
942 558 1018 595 Οὐκ
1048 553 1151 605 ἐσμὲν

134 613 200 651 υἱοὶ
217 613 353 660 νυκτὸς,
369 613 444 651 οὐδὲ
461 613 621 657 σκότους,
639 615 715 650 ἀλλ’
728 612 793 650 υἱοὶ
808 611 919 663 φωτὸς
934 608 993 646 καὶ
1006 607 1152 660 ἡμέρας.

135 666 205 703 Καὶ
228 668 274 708 ὡς
294 668 430 711 ἀληθῶς
450 667 515 704 υἱοὶ
534 666 646 718 φωτός
672 667 776 714 ε’σμεν
803 667 834 702 οἱ
853 667 913 700 τοῦ
930 662 1154 712 εὐαγγελικοῦ

133 718 235 770 λόγου
258 724 318 757 τοῦ
334 718 543 764 λαληθέντος
572 718 628 756 διὰ
655 716 826 766 στόματος
844 716 955 753 Θεοῦ·
974 713 1070 765 Ἐγὼ
1086 713 1154 764 γάρ

135 774 206 822 εἰμι
221 801 229 817 ,
251 771 353 824 φησὶν
371 776 388 810 6
408 772 558 824 Χριστὸς
573 801 582 817 ,
614 771 654 808 τὸ
679 773 750 820 φῶς
772 773 833 806 τοῦ
856 767 988 817 κόσμου
1002 781 1010 788 ·
1031 770 1048 804 6
1066 769 1153 804 ἀκο-

133 825 265 862 λουθῶν
285 825 384 873 ἐμοὶ,
406 826 443 861 οὗ
473 824 520 873 μὴ
543 821 777 874 περιπατήσει
802 822 834 858 ἐν
851 823 893 872 τῇ
912 818 1055 870 σκοτία,
1077 820 1153 856 ἀλλ’

135 875 202 920 ἕξει
220 878 258 915 τὸ
277 881 348 929 φῶς
364 879 426 921 τῆς
445 878 546 921 ζωῆς.
567 875 721 917 Ἐκεῖνος
735 873 802 926 γὰρ
821 873 921 924 λόγος
937 872 1011 910 ἐστὶ
1033 872 1155 924 φωτὸς,

135 929 170 972 ὃς
185 929 243 967 ἐὰν
256 931 422 978 πιστευθῇ
444 930 528 979 παρ’
547 932 568 974 ἡ
575 930 662 978 μῶν,
679 927 751 970 υἱὸς
766 927 879 979 φωτὸς
899 925 1157 978 παρασκευάζει

135 981 304 1032 γενέσθαι.
336 981 441 1018 ζὈθεν
476 980 561 1031 φησὶ
592 979 651 1018 καὶ
671 983 688 1017 6
710 980 838 1032 Σωτήρ
851 995 858 1002 ·
891 978 988 1022 Ἵέως
1018 979 1057 1017 τὸ
1086 980 1158 1030 φῶς

135 1034 252 1085 ἔχετε,
272 1033 454 1071 πιστεύετε
478 1036 526 1076 εἷς
541 1033 580 1071 τὸ
595 1036 687 1086 φῶς,
708 1033 765 1071 ἵνα
785 1033 851 1071 υἱοὶ
871 1032 983 1085 φωτὸς
1000 1031 1157 1083 γένησθε.

135 1085 197 1129 εΩς
212 1086 280 1140 γὰρ
309 1087 366 1124 ἐπὶ
390 1089 458 1124 τῶν
490 1086 662 1137 σωμάτων
683 1086 722 1124 τὸ
756 1087 918 1132 αἰσθητὸν
938 1090 1039 1124 τοῦτο
1065 1087 1157 1136 φῶς,

135 1137 243 1182 οὕτως
269 1140 327 1177 ἐπὶ
351 1143 420 1177 τῶν
443 1142 564 1191 ψυχῶν
582 1144 599 1178 6
617 1140 733 1191 νοερὸς
755 1144 815 1177 τοῦ
841 1141 932 1177 Θεοῦ
958 1138 1076 1189 λόγος·
1099 1137 1158 1174 καὶ

134 1191 220 1242 ὅπερ
244 1192 337 1231 ἐστὶν
363 1195 395 1231 ἐν
416 1196 459 1244 τῇ
483 1192 579 1230 νυκτὶ
600 1192 639 1230 τὸ
659 1192 798 1239 σκότος,
822 1196 924 1229 τοῦτο
945 1192 978 1228 ἐν
995 1196 1071 1233 ταῖς
1099 1206 1159 1228 πε-

135 1246 374 1295 πλανημέναις
391 1247 555 1297 ψυχαῖς-ἡ
577 1245 710 1297 ἄγνοια.
730 1244 798 1282 Διὰ
814 1249 916 1282 τοῦτο
930 1244 989 1282 καὶ
1009 1247 1026 1282 6
1047 1243 1159 1294 μακά-

136 1313 207 1348 ριος
228 1298 339 1335 Δαυὶδ
367 1298 447 1351 περὶ
469 1301 538 1335 τῶν
563 1299 724 1336 τοιούτων
748 1298 891 1350 γράφει,
919 1297 1029 1348 λέγων
1045 1311 1052 1319 ·
1082 1298 1160 1335 Οὐκ

134 1350 320 1405 ἔγνωσανζ,
337 1350 414 1389 οὐδὲ
454 1354 608 1396 συν-ἧκαν
623 1366 631 1374 ·
663 1353 696 1388 ἐν
730 1350 846 1389 σκότει
883 1349 1159 1402 διαπορεύονται.

137 1403 262 1446 Οὕτως
282 1407 338 1441 οὐν
354 1403 413 1441 καὶ
432 1402 495 1449 τὴν
511 1403 714 1455 συναγωγὴν
734 1406 751 1441 6
766 1403 856 1446 Θεὸς
873 1402 937 1448 τὴν
959 1401 1081 1455 ἀγνοίᾳ
1105 1404 1161 1452 βε-

137 1455 392 1506 ὅαπτισμένην,
411 1456 471 1493 καὶ
488 1454 536 1505 μὴ
557 1456 770 1506 βουλομένην
790 1458 977 1493 ἀνανεῦσαι
995 1454 1080 1505 πρὸς
1096 1454 1160 1500 τὴν

138 1511 264 1559 γνῶσιν
289 1514 302 1529 ⁰
313 1511 376 1553 τῆς
392 1512 631 1559 πνευματικῆς
648 1507 874 1551 διδασκαλίας
889 1538 898 1554 ,
913 1506 1022 1545 νύκτα
1044 1509 1160 1555 καλεῖ,

138 1560 194 1599 διὰ
214 1561 276 1608 τὴν
304 1563 460 1606 συζῶσαν
485 1564 572 1613 αὐτῇ
597 1561 751 1612 ἄγνοιαν.
779 1561 867 1599 “Ore
887 1559 956 1613 γὰρ
979 1565 1050 1603 τοῖς
1068 1559 1161 1597 Ἰου-

138 1613 245 1658 δαίοις
259 1618 277 1653 6
296 1614 384 1657 Θεὸς
405 1613 503 1665 ἔλεγε
525 1613 582 1652 διὰ
596 1619 656 1653 τοῦ
672 1614 850 1668 προφήτου
863 1629 870 1637 ·
890 1613 1002 1651 Νυκτὶ
1018 1612 1160 1663 ὡμοίω-

138 1683 183 1706 σα
209 1667 272 1714 τὴν
304 1667 438 1719 μητέρα
465 1670 582 1717 ὑμῶν·
611 1667 670 1705 καὶ
691 1666 890 1720 ἑρμηνεύων
919 1665 1041 1704 ὁποίαν
1069 1666 1162 1718 λέγει

138 1720 245 1757 νύκτα
274 1720 396 1771 ὁμοίαν
428 1719 590 1767 σκότους,
620 1720 814 1771 ἐπήγαγεν·
843 1718 1023 1770 Ὡμοιώθη
1045 1722 1062 1756 6
1081 1719 1163 1763 λαός

140 1789 206 1823 μου
233 1776 308 1825 λαῷ
331 1773 378 1823 μὴ
396 1773 512 1825 ἔχοντι
530 1776 669 1822 γνῶσιν.
690 1773 759 1811 Διὰ
783 1776 884 1811 τοῦτο
899 1774 975 1811 Οὐκ
996 1772 1162 1823 ἔγνωσαν,

139 1825 215 1864 οὐδὲ
235 1829 385 1871 συνῆκαν
401 1842 408 1849 ·
438 1827 472 1863 ἐν
494 1825 594 1864 νυκτὶ
620 1825 899 1879 διαπορεύονται.
926 1825 1017 1863 Ἀλλ’
1039 1827 1163 1863 ἐκεῖνοι

141 1877 203 1928 μὲν
224 1878 352 1922 οὕτως·
372 1882 403 1917 οἱ
426 1878 461 1917 δὲ
486 1882 549 1924 τῆς
571 1884 630 1918 τοῦ
652 1881 804 1931 Χριστοῦ
821 1877 1048 1920 διδασκαλίας
1069 1877 1163 1922 δεξά-

141 1947 237 1981 μενοι
267 1932 306 1969 τὸ
334 1935 406 1983 φῶς
421 1962 430 1974 ,
455 1934 487 1970 οἱ
507 1936 657 1970 τοιοῦτοι
676 1934 746 1983 φῶς
770 1933 1032 1970 ἀποτελοῦνται.
1058 1930 1164 1968 Ἔστι

139 1983 207 2035 γὰρ
221 1987 238 2021 6
252 1985 342 2027 Θεὸς
360 1987 460 2034 ἡμῶν
480 1988 551 2036 φῶς
564 2001 572 2008 ·
602 1985 661 2023 καὶ
677 1988 695 2022 6
712 1985 823 2035 Λόγος
840 1986 944 2022 αὐτοῦ
963 1986 980 2020 6
1002 1982 1037 2026 ἐξ
1060 1985 1164 2022 αὐτοῦ

139 2038 207 2090 πρὸ
234 2036 368 2075 αἰώνων
397 2040 540 2081 ἀπαθῶς
563 2038 755 2089 γεννηθεὶς,
775 2040 846 2089 φῶς
862 2036 1020 2087 λέγεται·
1041 2035 1101 2074 καὶ
1125 2036 1165 2074 τὸ

140 2090 236 2141 ἅγιον
271 2090 329 2127 καὶ
357 2090 538 2140 ὃμοούσιον
570 2091 630 2129 καὶ
659 2090 854 2143 ζωαρχικὸν
888 2090 1056 2139 Πνεῦμα,
1081 2091 1163 2140 φῶς.

140 2143 243 2190 Φῶς,
260 2143 320 2180 καὶ
341 2145 432 2194 φῶς,
448 2142 507 2181 καὶ
530 2145 600 2195 φῶς
613 2160 620 2166 ·
645 2145 721 2182 ἀλλ’
741 2144 775 2181 ἓν
797 2146 887 2194 φῶς·
909 2142 968 2180 καὶ
985 2146 1006 2188 ἧ
1027 2141 1121 2193 ψυχὴ
1142 2144 1163 2187 ἡ

139 2195 309 2246 δεξαμένη
328 2196 386 2233 τὸν
402 2195 517 2247 λόγον,
534 2200 606 2248 φῶς
621 2196 840 2246 ὀνομάζεται.
860 2194 952 2233 Ἀλλ’
966 2199 984 2233 ὃ
1001 2194 1062 2245 μὲν
1077 2194 1166 2238 Θεὸς
1193 2214 1202 2221 ⁴

139 2248 239 2299 φύσει
257 2247 532 2300 τρισυπόστατον
560 2252 649 2300 φῶς,
670 2252 773 2299 ἡμεῖς
801 2248 837 2286 δὲ
861 2247 953 2286 κατὰ
979 2247 1164 2297 μετουσίαν

139 2301 288 2339 ἐκείνου·
309 2301 368 2339 καὶ
386 2301 505 2357 πάλινὐ
513 2303 613 2345 αὐτὸς
630 2306 647 2341 6
663 2302 791 2354 Κύριος
809 2304 910 2351 ἡμῶν
927 2301 1060 2347 Ἰησοῦς
1078 2301 1164 2351 Χρι-

139 2354 218 2407 στὸς
248 2356 338 2405 φῶς,
367 2354 448 2405 περὶ
467 2358 504 2392 οὗ
526 2357 542 2391 6
570 2354 814 2407 εὖαγγελιστὴς
840 2353 1007 2399 Ἰωάννης
1037 2353 1162 2404 φησίν·

144 2409 209 2444 Ἠν
230 2407 269 2445 τὸ
288 2409 359 2459 φῶς
383 2406 423 2444 τὸ
442 2408 616 2455 ἀληθινὸν,
638 2408 655 2446 ὃ
675 2407 817 2460 φωτίζει
838 2406 954 2444 πάντα
982 2405 1161 2458 ἄνθρωπον

140 2458 326 2511 ἐρχόμενον
354 2461 401 2502 εἷς
430 2460 488 2497 τὸν
516 2459 658 2510 κόσμον.
697 2460 803 2498 Ἀλλὰ
829 2462 900 2511 φῶς
927 2458 1095 2511 ὑπάρχων
1122 2461 1161 2497 ἐκ

141 2512 250 2563 φωτὸς
277 2511 446 2563 ἀρρήτου,
475 2512 535 2550 καὶ
559 2513 617 2551 τὸν
650 2512 754 2563 νόμον
787 2511 1024 2562 διαπέμπεται
1049 2511 1159 2562 φωτὸς

140 2565 309 2615 γέμοντα,
336 2563 427 2601 κατὰ
448 2565 506 2602 τὸν
533 2564 714 2617 προφήτην
742 2565 801 2603 τὸν
826 2564 994 2615 λέγοντα·
1023 2563 1160 2615 Λύχνος

137 2623 206 2660 τοῖς
225 2616 307 2655 ποσί
329 2632 392 2666 μου
412 2619 429 2655 6
448 2617 552 2668 νόμος
569 2634 628 2656 σου
641 2648 651 2665 ,
670 2618 730 2655 καὶ
751 2621 822 2669 φῶς
837 2623 913 2659 ταῖς
931 2616 1062 2668 τρίέοις
1079 2633 1157 2666 μου.

136 2669 314 2719 Δεξαμένη
336 2669 450 2707 τοίνυν
477 2674 499 2717 ἡ
526 2671 623 2722 ψυχὴ
651 2674 713 2717 τῆς
739 2670 902 2717 ἀληθείας
919 2669 977 2707 τὸν
994 2670 1158 2734 ’,οωτεινὸν

136 2723 249 2773 λόγον,
278 2722 336 2760 καὶ
366 2723 452 2777 αὐτὴ
484 2726 555 2775 φῶς
577 2726 818 2768 ἀποτελεῖται,
838 2722 898 2761 καὶ
922 2725 1041 2760 ἀκούει
1059 2721 1157 2773 παρὰ

138 2779 196 2813 τοῦ
229 2775 370 2813 Παύλου
384 2791 391 2797 ·
421 2778 507 2814 Ἠτε
534 2776 602 2830 γὰρ
618 2776 702 2815 ποτὲ
722 2775 862 2823 σκότος,
881 2775 956 2813 νυνὶ
976 2774 1010 2812 δὲ
1030 2777 1101 2827 φῶς
1121 2776 1156 2811 ἐν

138 2827 269 2881 Κυρίῳ.
291 2827 404 2866 ΕΌτοιν
422 2828 457 2867 δὲ
474 2828 612 2875 δέξηται
629 2833 651 2876 ἡ
668 2829 802 2868 διάνοια
817 2829 855 2867 τὸ
870 2831 940 2879 φῶς
954 2829 993 2867 τὸ
1013 2830 1154 2877 εὐαγγε-

136 2883 246 2925 λικον,
262 2880 322 2918 καὶ
337 2881 428 2919 κατὰ
443 2881 506 2928 τὴν
528 2883 644 2921 πίστιν
662 2886 732 2935 φῶς
753 2882 976 2932 ὀνομάζεται·
991 2880 1157 2924 ὡσαύτως

138 2933 173 2972 δὲ
193 2933 252 2971 καὶ
272 2933 364 2971 κατὰ
382 2933 426 2972 τὰ
449 2934 553 2987 ἔργα.
585 2935 772 2987 Λαμψάτω
791 2936 859 2987 γὰρ
873 2964 882 2981 ,
905 2934 1010 2987 φησὶ,
1029 2934 1067 2971 το
1087 2936 1158 2985 φῶς

137 2988 233 3037 ὑμῶν
257 2986 450 3038 ἔμπροσθεν
472 2991 540 3025 τῶν
569 2988 773 3042 ἀνθρώπων,
797 2989 891 3032 ὅπως
913 2987 1031 3026 ἴδωσιν
1061 2988 1156 3036 ὑμῶν

137 3039 182 3078 τὰ
199 3038 291 3078 καλὰ
310 3039 412 3091 ἔργα,
424 3038 484 3077 καὶ
501 3039 669 3084 δοξάσωσι
689 3041 747 3079 τὸν
768 3041 914 3093 Πατέρα
928 3042 1026 3090 ὑμῶν
1043 3039 1100 3077 τὸν
1124 3039 1158 3076 ἓν

138 3094 305 3145 οὐρανοῖς.
330 3092 479 3144 Ἀνάγκη
516 3092 583 3145 γὰρ
607 3094 664 3132 τὸν
698 3093 882 3145 δεξάμενον
914 3096 986 3144 φῶς
1011 3091 1160 3134 πίστεως

1188 2154 1217 2222 effi

140 3153 250 3189 ἐλθεῖν
269 3150 328 3188 καὶ
349 3153 395 3194 εἷς
412 3151 496 3204 ἔργα
511 3152 634 3204 φωτός.
657 3155 710 3191 Οὐ
733 3152 834 3203 μόνον
857 3151 893 3190 ’δὲ
916 3145 1004 3188 εἶναι
1027 3153 1078 3188 δεῖ
1103 3153 1162 3188 τοῦ
1188 3161 1210 3190 Β

141 3214 265 3248 πιστοῦ
295 3208 359 3254 τὴν
397 3208 512 3261 ψυχὴν
546 3212 636 3261 φῶς,
671 3210 761 3248 ἀλλὰ
791 3209 850 3248 καὶ
881 3208 973 3247 κατὰ
1005 3208 1050 3247 τὰ
1080 3207 1165 3260 ἔργα

142 3262 296 3311 λάμπειν
317 3261 512 3315 ἔμπροσθεν
536 3266 605 3300 τῶν
629 3262 836 3314 ἀνθρώπων·
862 3262 919 3300 διὰ
938 3266 1038 3300 τοῦτο
1066 3261 1125 3298 καὶ
1147 3263 1165 3298 6

146 3314 272 3365 Σωτήρ
299 3330 407 3366 φησι·
440 3315 627 3367 Λαμψάτω
656 3319 727 3367 φῶς
759 3318 855 3365 ὑμῶν
883 3315 1075 3366 ἔμπροσθεν
1096 3316 1164 3351 τῶν

147 3366 352 3417 ἀνθρώπων,
374 3367 467 3411 ὅπως
495 3367 613 3406 ἴδωσιν
648 3371 744 3418 ὑμῶν
775 3368 820 3406 τὰ
851 3367 942 3406 καλὰ
974 3367 1079 3419 ἔργα,
1108 3366 1168 3404 καὶ

194 3479 206 3494 ³
232 3470 287 3503 Sic
307 3482 390 3507 unus
407 3477 440 3503 et.
456 3470 556 3505 Savit.
574 3471 622 3503 ΑΙ.
637 3478 830 3518 προρητιιῆς.

2117 194 2207 254 637

1231 302 1299 340 tur,
1313 293 1490 337 illustrat3
1512 305 1574 328 nec
1591 292 1705 328 solum
1724 290 1886 327 fidelium
1908 300 2056 328 utentem
2078 291 2211 328 illumi-

1230 354 1304 393 nat,
1326 344 1388 382 sed
1417 353 1449 382 et
1478 343 1567 381 lucis
1599 355 1724 381 nomen
1755 343 1927 393 impertit.
1951 345 2041 380 Nam
2072 358 2129 381 eos
2150 344 2210 393 qui

1228 397 1437 448 ignorantiae
1457 405 1538 434 sunt
1568 394 1754 442 innutriti,
1773 403 1806 432 et
1828 394 2027 431 infidelitati
2053 394 2210 442 addicti,

1229 449 1353 487 merito
1386 449 1570 502 Scriptura
1599 447 1759 485 tenebras
1791 446 1960 499 appellat,
1995 456 2114 498 utpote
2150 449 2210 498 qui

1228 502 1387 540 veritatis
1403 503 1582 540 lucernam
1598 515 1666 538 non
1680 500 1866 552 recipiant,
1883 508 1922 536 ut
1939 499 2007 536 sint
2022 499 2087 536 filii
2106 500 2208 537 lucis.

1229 556 1417 608 Propterea
1437 555 1526 593 dicit
1542 564 1575 593 et
1593 554 1740 592 divinus
1759 552 1940 605 apostolus
1955 551 2086 589 Paulus
2101 567 2108 587 z
2125 554 2214 589 ‚Non
2231 570 2253 588 ι.
2274 560 2411 588 Ήιεηιῇ.

1229 609 1451 662 sumussilii
1475 610 1612 647 noctis:
1634 620 1756 659 neque
1775 608 2033 650 tenebrarum,
2056 605 2215 657 sedfilii
2229 601 2256 628 5-

1231 661 1328 699 lucis
1353 671 1390 699 et
1410 663 1500 699 diei.
1525 665 1573 699 Ac
1592 674 1630 698 re
1660 674 1743 697 vera
1766 659 1857 696 lucis
1885 657 1953 695 filii
1984 671 2108 694 sumus
2125 687 2134 705 ,
2154 657 2214 707 qui

1230 715 1425 765 evangelici
1447 714 1563 764 verbi,
1587 713 1684 764 quod
1703 712 1770 750 Dei
1789 725 1848 749 ore
1863 711 2043 763 prolatum
2061 719 2125 756 est,
2148 710 2217 747 tilii

1231 781 1353 805 sumus
1378 784 1386 804 :
1407 769 1493 819 Ego
1527 767 1620 805 enim
1638 796 1647 814 ‚
1668 765 1785 816 inquit
1817 764 1995 812 Christus,
2035 776 2119 800 sum
2149 764 2309 800 laesam
2326 771 2413 803 8.i2.

1232 821 1367 858 mundi
1384 837 1394 857 ,-
1417 824 1484 873 qui
1517 822 1689 872 sequitur
1719 832 1798 864 me,
1832 832 1909 855 non
1937 816 2154 853 ambulabit
2178 818 2219 852 in

1232 875 1410 920 tenebris,
1431 875 1499 911 sed
1528 875 1683 911 habebit
1715 872 1846 909 lumen
1863 873 1971 908 vitoe.
1993 868 2091 906 Illud
2121 882 2218 906 nam-

1231 941 1301 978 que
1316 927 1468 965 verbum
1485 936 1536 964 est
1553 925 1665 973 lucis;
1681 924 1739 962 cui
1755 924 1785 961 si
1806 937 1868 961 nos
1887 921 1997 960 fidem
2011 921 2218 959 adhibueri-

1232 994 1326 1029 mus,
1357 980 1468 1018 efficit
1495 989 1536 1017 ut
1566 979 1601 1016 in
1634 978 1729 1016 filios
1757 976 1847 1014 lucis
1875 975 2079 1014 evadamus.
2115 973 2219 1012 Unde

1231 1033 1338 1071 etiam
1355 1034 1520 1072 Salvator
1534 1032 1605 1070 ait:
1625 1033 1732 1069 Dum
1750 1031 1872 1068 lucem
1893 1030 2056 1072 habetis,
2077 1028 2220 1065 credite
2233 1038 2323 1063 sawt.
2341 1044 2385 1063 12.

1233 1089 1274 1123 in
1295 1087 1432 1133 lucem,
1451 1096 1492 1124 ut
1514 1087 1595 1138 filii
1625 1085 1723 1122 lucis
1751 1085 1848 1121 sitis.
1866 1084 1918 1120 [t
1935 1081 2030 1119 enim
2061 1094 2097 1118 se
2115 1080 2220 1118 hahet
2233 1076 2283 1107 3⁶·

1231 1153 1314 1191 erga
1334 1153 1480 1192 corpora
1500 1139 1565 1176 lux
1584 1139 1672 1185 ista,
1695 1150 1773 1188 quae
1793 1149 1896 1173 sensu
1922 1133 2117 1187 percipitur
2140 1149 2148 1171 :
2171 1133 2221 1170 sic

1233 1206 1317 1243 erga
1340 1193 1477 1230 animas
1492 1190 1678 1244 spirituale
1694 1189 1847 1228 verbum
1868 1189 1934 1225 Dei
1955 1203 1964 1225 ε
1989 1186 2156 1238 quodque
2173 1195 2220 1223 te-

1234 1246 1351 1283 nebrae
1371 1255 1451 1283 sunt
1479 1245 1515 1282 in
1540 1253 1661 1292 nocte,
1693 1243 1761 1280 hoc
1792 1242 1827 1278 in
1855 1240 2042 1278 animabus
2068 1238 2223 1277 seductis

1236 1307 1286 1336 est
1316 1298 1526 1349 ignorantia.
1552 1297 1691 1335 Idcirco
1725 1295 1831 1333 etiam
1863 1294 1907 1331 de
1936 1293 2068 1330 talibus
2100 1292 2223 1329 scribit

1236 1351 1361 1388 beatus
1391 1351 1528 1400 David,
1550 1350 1672 1388 dicens
1701 1364 1709 1384 ε
1740 1349 1998 1392 Νεςσίενιιηῖ,’
2017 1358 2139 1397 neque
2166 1347 2223 1382 in-

1238 1405 1470 1441 tellexerunt
1488 1419 1499 1440 .·
1527 1407 1569 1441 in
1597 1404 1761 1441 tenebris
1789 1400 2005 1437 ambulant.
2026 1398 2086 1436 Sic
2117 1397 2226 1449 igitur

1237 1470 1458 1508 synagogam
1474 1456 1673 1508 ignorantia
1686 1454 1865 1501 obrutam,
1879 1466 1943 1489 nec
1955 1451 2132 1490 volentem
2143 1464 2225 1487 ocu-

1238 1508 1289 1546 los
1322 1508 1368 1546 ad
1396 1509 1592 1561 spiritualis
1619 1507 1788 1545 doctrinae
1810 1505 2047 1555 cognitionem
2065 1503 2225 1540 reflecte-

1238 1576 1286 1609 re,
1308 1571 1445 1599 noctem
1462 1562 1616 1614 appellat
1630 1562 1726 1599 Deus
1745 1559 1790 1596 ob
1808 1557 2058 1609 ignorantiam,
2079 1555 2136 1593 cui
2159 1555 2227 1593 ad—

1238 1613 1331 1652 dicta
1361 1623 1448 1652 erat.
1472 1616 1563 1652 Cum
1593 1613 1687 1651 enim
1719 1611 1851 1648 diceret
1882 1612 1980 1647 Deus
2006 1608 2139 1648 Judaeis
2164 1622 2227 1660 per

1238 1668 1446 1720 prophetam
1462 1684 1468 1703 :
1487 1670 1603 1706 Nocti
1618 1665 1839 1704 assimilavi
1855 1672 2015 1700 matrem
2032 1670 2225 1705 vestram;
2240 1668 2325 1694 0500.
2341 1665 2369 1704 4.
2396 1664 2427 1693 5.

1241 1735 1346 1771 quam
1369 1721 1523 1759 similem
1547 1719 1702 1758 tenebris
1729 1726 1868 1755 noctem
1888 1715 2097 1768 appellaret,
2118 1728 2224 1766 expo-

1241 1788 1326 1811 nens
1342 1774 1484 1812 addidit
1500 1773 1776 1811 :Assimilatus
1791 1779 1846 1808 est
1859 1770 2026 1821 populus
2043 1781 2148 1805 meus
2159 1781 2225 1819 po·
2243 1778 2318 1805 limi.
2332 1778 2345 1814 4
2357 1800 2362 1807 ,
2373 1776 2392 1804 6

1237 1828 1331 1878 pulo
1362 1842 1439 1864 non
1456 1829 1616 1865 habenti
1630 1827 1844 1863 scientiam.
1865 1824 2056 1873 Propterea
2072 1822 2224 1858 Nescie-

1240 1889 1346 1927 runt,
1364 1894 1485 1932 neque
1514 1879 1790 1917 intellexerunt
1807 1892 1817 1911 .-
1840 1875 1875 1912 in
1898 1884 1999 1912 nocte
2025 1873 2222 1911 ambulant.

1241 1934 1380 1970 Verum
1399 1933 1451 1970 illi
1483 1932 1628 1983 quidem
1646 1931 1715 1968 hoc
1747 1938 1850 1981 pacto
1870 1943 1877 1963 ι
1913 1936 1949 1965 at
1968 1926 2029 1977 qui
2059 1926 2227 1964 doctrinae

1242 1985 1375 2023 Christi
1393 1986 1509 2023 lucem
1527 1991 1748 2035 receperunt,
1769 1979 1945 2032 ejusmodi
1970 1979 2133 2017 homines
2164 1979 2227 2016 lux

1240 2038 1449 2076 redduntur.
1477 2039 1559 2075 Lux
1591 2036 1686 2073 enim
1717 2043 1768 2071 est
1787 2036 1883 2071 Deus
1911 2041 2052 2081 noster3
2075 2033 2229 2082 itemque

1241 2092 1404 2129 Verbum
1433 2092 1525 2143 ejus,
1550 2088 1646 2140 quod
1665 2102 1710 2125 ex
1730 2087 1807 2138 ipso
1834 2094 1915 2122 ante
1940 2085 2068 2122 saecula
2095 2085 2229 2134 absque

1240 2144 1313 2182 ulla
1333 2145 1496 2197 passione
1523 2150 1726 2193 generatum
1746 2148 1810 2187 est,
1829 2138 1896 2175 lux
1914 2137 2065 2186 dicitur;
2089 2146 2121 2174 ct
2146 2151 2226 2174 san-

1241 2207 1331 2247 ctus,
1349 2207 1457 2248 atque
1479 2192 1802 2241 consubstantialis,
1813 2192 1967 2241 vitaeque
1984 2190 2133 2242 largitor
2146 2190 2227 2242 Spi-

1240 2252 1348 2299 ritus,
1369 2251 1436 2288 lux
1453 2257 1612 2289 vocatur.
1629 2249 1711 2285 Lux
1724 2276 1733 2294 ‚
1753 2254 1787 2283 et
1805 2245 1867 2282 lux
1884 2274 1894 2293 ,
1917 2252 1950 2280 et
1966 2243 2055 2292 lux3
2076 2242 2138 2281 sed
2156 2257 2226 2280 una

1240 2305 1306 2343 lux
1325 2313 1376 2342 est
1396 2320 1403 2340 :
1425 2313 1457 2341 et
1475 2302 1593 2340 anima
1612 2314 1690 2351 quoe
1707 2298 1858 2336 verbum
1887 2296 2061 2348 suscepit,
2081 2296 2146 2333 lux
2164 2309 2226 2347 ap-

1239 2357 1404 2410 pellatur.
1435 2355 1506 2395 Sed
1534 2356 1632 2392 Deus
1662 2352 1807 2403 quidem
1836 2350 1900 2387 lux
1934 2358 1985 2386 est
2017 2348 2226 2386 naturaliter

1239 2412 1274 2449 in
1297 2411 1412 2449 tribus
1431 2407 1591 2462 personis
1609 2405 1802 2443 subsistens
1819 2419 1828 2452 3
1851 2416 1913 2440 nos
1933 2416 2017 2440 xero
2037 2416 2101 2454 per
2126 2401 2223 2438 illius

1237 2464 1568 2516 participationem:
1593 2468 1626 2496 et
1654 2472 1777 2495 rursus
1808 2456 1882 2507 ipse
1901 2455 2076 2493 Dominus
2107 2463 2224 2492 noster

1235 2520 1338 2556 Jesus
1358 2515 1521 2554 Christus
1542 2513 1607 2549 lux
1627 2520 1692 2559 est,
1712 2509 1756 2547 de
1776 2523 1845 2560 quo
1873 2510 2025 2547 Joannes
2043 2507 2221 2558 evangeli-

1234 2579 1286 2608 sta
1302 2569 1390 2608 dicit
1407 2584 1414 2604 ε
1433 2569 1532 2605 Erat
1548 2567 1615 2603 lux
1628 2577 1737 2609 vera,
1758 2576 1843 2615 (luce
1857 2562 2056 2599 illuminat
2070 2575 2220 2598 omnem
2236 2569 2326 2595 dmm.
2348 2576 2370 2594 ι.
2391 2577 2422 2606 9.

1236 2625 1430 2661 hominem
1446 2622 1665 2657 ‘venientem
1685 2619 1726 2654 in
1745 2615 1944 2653 mundum.
1965 2615 2057 2652 Cum
2070 2628 2156 2652 vero
2174 2613 2219 2651 sit

1234 2677 1299 2713 lux
1329 2675 1373 2713 de
1398 2675 1478 2711 luce
1505 2670 1692 2713 ineffabili,
1712 2669 1825 2720 legem
1853 2667 1932 2705 luce
1958 2667 2218 2705 redundantem

1233 2727 1462 2775 transmittit,
1477 2726 1581 2776 juxta
1596 2722 1807 2776 prophetam
1823 2720 2024 2759 dicentem:
2040 2722 2216 2758 Lucerna
2235 2735 2320 2762 psus,
2352 2744 2359 2761 1
2388 2733 2418 2764 8,

1230 2783 1391 2833 pedihus
1411 2781 1504 2817 meis
1523 2779 1685 2815 verbum
1706 2784 1827 2821 tuum,
1848 2783 1884 2812 et
1913 2774 2043 2811 lumen
2072 2775 2217 2810 semitis
2237 2776 2304 2803 ¹⁹5-

1234 2837 1340 2872 meis.
1373 2834 1567 2882 Postquam
1595 2829 1705 2881 igitur
1728 2828 1845 2866 lucem
1874 2826 2037 2865 veritatis
2064 2826 2216 2864 verbum

1233 2885 1425 2939 susceperit
1454 2883 1587 2933 anima,
1611 2884 1677 2920 lux
1709 2881 1785 2933 ipsa
1813 2894 1955 2931 quoque
1982 2879 2158 2927 redditur,
2184 2888 2218 2916 et

1233 2941 1335 2979 audit
1349 2954 1369 2977 a
1384 2937 1497 2977 Paulo
1511 2953 1518 2973 ε
1532 2938 1668 2974 Eratis
1681 2936 1783 2972 enim
1798 2934 2014 2985 aliquando
2033 2935 2215 2980 tenebroe;
2232 2950 2338 2987 Ephe&
2366 2948 2394 2976 5,

1236 3007 1338 3032 nunc
1360 3001 1489 3030 autem
1508 2990 1575 3027 lux
1592 2991 1634 3026 in
1653 2989 1838 3026 Domino.
1857 2988 1948 3024 Cum
1966 2996 2085 3024 autem
2099 2986 2215 3023 lucem
2229 2992 2259 3021 8.

1233 3046 1473 3098 evangelicam
1483 3057 1581 3081 mens
1595 3041 1762 3093 receperit
1767 3040 1922 3090 ‚ratione
1933 3039 2017 3077 fidei
2031 3040 2095 3077 lux
2111 3038 2215 3076 etiam

1235 3100 1438 3138 nominatur
1457 3127 1466 3146 ,
1503 3095 1695 3146 eodemque
1737 3093 1842 3131 modo
1884 3092 2019 3130 ratione
2056 3105 2214 3144 operum.

1236 3155 1380 3191 Luce-at
1398 3150 1506 3199 enim,
1531 3148 1661 3200 inquit,
1685 3148 1752 3184 lus
1771 3155 1906 3184 vestra
1936 3160 2067 3183 coram
2095 3146 2215 3181 komi-
2241 3162 2344 3189 ,lamb
2361 3160 2392 3189 5·

1237 3208 1362 3252 nibus,
1382 3213 1423 3242 ut
1442 3204 1604 3241 videant
1621 3214 1735 3253 opera
1751 3207 1885 3237 vestra
1906 3201 2018 3243 bona,
2042 3205 2077 3233 et
2095 3197 2212 3246 glori·
2237 3204 2281 3231 ιδ.

1233 3260 1353 3310 ficent
1365 3259 1524 3296 Patrem
1536 3263 1722 3299 vestrum,
1737 3255 1804 3304 qui
1821 3255 1862 3289 in
1875 3252 1979 3288 ecelis
1992 3258 2059 3287 est.
2072 3250 2219 3286 Necesse

1236 3325 1390 3362 namque
1423 3319 1473 3348 est
1500 3323 1595 3356 eum,
1625 3306 1687 3357 qni
1720 3305 1803 3342 fidei
1828 3305 1943 3341 lucem
1972 3301 2155 3353 receperit,
2175 3301 2219 3338 ad

1237 3379 1341 3417 opera
1371 3376 1512 3414 quoque
1541 3360 1631 3398 lucis
1656 3356 1835 3411 progredi.
1862 3357 1983 3405 Neque
2007 3368 2089 3393 vero
2108 3354 2222 3391 lucem

2244 1351 2314 1378 [35th
2333 1348 2422 1379 81,.’-).
