2522 3683
340 190 434 237 (326

338 287 387 326 cis
403 287 535 338 integer
556 294 684 324 manet.
704 285 744 323 In
763 297 903 323 omnem
930 293 1058 322 terram
1082 284 1192 324 exivit
1209 285 1320 336 gloria

337 341 427 391 ejus,
447 349 480 377 ct
500 339 537 376 in
558 338 644 376 flues
659 338 755 376 orbis
773 347 873 375 terrae
894 346 1024 389 tropina
1043 337 1130 375 e'us.
1154 338 1235 384 Quo
1254 338 1321 388 igi-

337 402 395 430 tur
408 406 489 429 eum
504 392 644 430 nomine
660 390 871 443 appellabo?
886 390 1039 428 solemne
1052 352 1196 428 dicam?
1212 390 1320 441 Atqui
1344 391 1367 422 C

337 459 356 482 a
381 455 481 482 nocte
502 459 570 483 non
599 444 763 483 vincitur.
794 445 845 480 An
874 441 1036 480 stellam?
1057 444 1102 480 At
1129 443 1224 480 hunc
1246 442 1321 480 dies

337 496 484 535 minime
511 496 698 535 abscondit
718 511 725 532 :
744 496 839 533 omni
865 504 1021 546 tempore
1042 504 1217 533 creaturas
1238 495 1321 533 illu-

336 550 462 599 minat,
489 563 629 587 omnem
648 548 835 599 caliginem
853 547 899 584 ab
913 547 997 584 orbe
1015 556 1192 585 terrarum
1207 557 1322 586 exter-

336 602 458 640 minat.
482 604 560 640 Non
578 616 660 639 cum
681 601 758 652 ipso
772 614 842 637 nox
861 608 1054 651 permanet,
1075 614 1144 637 non
1164 615 1245 638 eum
1272 610 1323 638 te-

335 655 452 692 nebrae
467 655 670 703 obscurant,
692 666 760 690 non
775 652 905 690 flumen
920 652 928 688 i
934 652 1087 704 mpedit3
1103 667 1199 690 mare
1214 654 1324 690 conti-

336 722 418 744 nere
443 721 512 744 non
543 715 668 758 potest,
705 719 856 742 oceanus
889 705 1008 743 virum
1037 705 1150 754 novit,
1178 705 1324 743 barbari

335 762 368 797 T
371 759 513 796 1101113111
535 759 668 796 honore
691 757 852 795 afficiunt
876 773 884 793 :
908 770 1028 795 omnes
1054 766 1172 808 gentes
1196 758 1324 796 festum

336 812 442 849 hodie
456 811 646 858 celebrant,
663 811 807 863 ejusque
823 810 958 848 dictum
974 811 1128 848 Domino
1142 820 1325 861 tamquam

134 880 225 907 Jmm,
252 885 300 907 20,
336 864 471 902 donum
490 864 659 913 offerunt,
680 865 869 902 Dominus
890 877 996 901 meus
1022 872 1058 900 et
1077 864 1183 900 Dens
1203 877 1323 902 meus.-

135 919 185 949 28.

336 917 626 968 Consanguineus
653 931 752 954 meus
775 925 808 953 61
828 917 973 954 Creator
1000 930 1112 963 meus,
1134 915 1326 953 Redemtor

335 984 435 1007 meus
466 979 499 1008 et
528 970 606 1007 Rex
631 983 740 1006 meus.
770 968 855 1006 Haec
880 969 974 1006 enim
1000 967 1124 1006 docuit
1151 969 1323 1017 Thomas,

334 1022 425 1060 hanc
447 1022 549 1060 nobis
572 1031 753 1072 tamquam
780 1020 867 1058 filiis
889 1019 1121 1058 hereditatem
1147 1020 1293 1071 reliquit
1313 1037 1320 1057 :

333 1084 516 1126 tamquam
532 1075 739 1111 thesaurum
758 1073 854 1110 hunc
873 1086 1070 1110 sermonem
1090 1081 1214 1109 natura
1235 1072 1323 1109 reti-

333 1137 415 1175 net3
440 1127 647 1164 universum
680 1139 788 1177 genus
819 1125 887 1162 hoc
914 1124 1011 1162 dicto
1037 1124 1203 1161 firmatur
1226 1140 1234 1160 :
1257 1124 1324 1162 1106
1348 1138 1373 1166 D

336 1181 483 1218 verbum
517 1179 564 1216 ad
598 1179 740 1230 angelos
775 1191 885 1227 usque
925 1176 1146 1229 protenditur
1174 1192 1182 1212 ε
1206 1177 1323 1227 angeli

333 1242 512 1283 tamquam
543 1232 736 1269 anchoram
763 1230 1016 1267 confessionem
1052 1229 1143 1266 113116
1181 1238 1322 1267 tenent:

333 1286 448 1323 omnis
469 1293 630 1322 ereatura
645 1283 843 1321 doctrinam
860 1283 951 1319 hanc
966 1282 1064 1320 velut
1077 1280 1242 1319 diadema
1259 1282 1325 1319 cir-

334 1338 497 1375 cumfert.
519 1337 623 1374 Solus
641 1336 744 1373 Arius
767 1335 833 1373 1136
855 1334 1013 1372 oratione
1033 1334 1211 1386 privatur,
1230 1335 1325 1373 solus

334 1391 394 1428 1116
420 1391 465 1428 ab
491 1389 687 1427 hereditate
719 1387 863 1437 excidit,
900 1387 995 1425 solus
1027 1387 1210 1425 Christum
1244 1401 1326 1424 611111

335 1444 475 1481 Thoma
496 1442 692 1480 Dominum
717 1456 786 1479 non
819 1440 1005 1478 confitetur
1022 1455 1029 1476 :
1047 1454 1115 1477 non
1137 1453 1217 1477 eum
1244 1454 1325 1478 cum

335 1497 412 1548 ipso
428 1497 545 1533 Deum
570 1494 728 1547 agnoscit
750 1510 756 1530 :
773 1508 914 1532 servum
933 1492 1088 1545 appellat
1112 1491 1323 1542 dominum5

336 1559 546 1598 creaturam,
568 1547 808 1600 splendorem3
833 1546 1011 1594 sutrium,
1036 1544 1238 1596 legitimum
1247 1560 1257 1593 ;
1280 1545 1326 1582 fi*

335 1611 530 1652 gmentum,
551 1601 735 1653 opificem,
753 1613 821 1637 non
840 1561 928 1636 dicit
950 1598 1145 1635 Dominum
1161 1606 1193 1634 et
1209 1599 1326 1635 Deum

336 1655 463 1692 herum
485 1668 601 1702 suum,
621 1667 690 1690 non
705 1653 800 1690 favet
820 1651 976 1700 veritati,
1001 1664 1070 1688 non
1088 1650 1269 1701 conjungit
1289 1664 1326 1688 se

337 1721 418 1744 cum
435 1707 587 1755 Thoma,
602 1719 671 1742 non
686 1704 843 1755 sequitur
857 1705 996 1756 justum
1008 1719 1019 1753 3
1037 1703 1143 1754 idque
1157 1717 1237 1740 611111
1251 1703 1326 1754 ejus

336 1759 432 1797 diem
454 1759 559 1809 colat,
583 1772 663 1796 cum
692 1758 857 1796 universo
885 1765 1057 1794 terrarum
1086 1755 1170 1792 orbe
1197 1756 1326 1792 festum

337 1812 507 1861 celebret,
528 1821 561 1849 61
577 1810 699 1848 31111615
720 1810 868 1848 Thomae
888 1809 1042 1861 seipsum
1058 1817 1234 1859 aggreget.
1255 1810 1326 1848 Ve-
1349 1832 1373 1863 E

337 1880 417 1902 rum
442 1864 650 1916 improbitas
680 1863 851 1902 virtutem
885 1876 952 1899 non
979 1861 1085 1910 fallit,
1109 1875 1220 1911 neque
1244 1874 1326 1898 cum

335 1917 425 1955 duce
440 1917 599 1955 veritatis
621 1915 783 1953 seductor
810 1924 890 1967 apte
917 1914 1104 1966 copulatur
1126 1928 1133 1949 ε
1155 1913 1254 1951 novit
1273 1913 1323 1950 fe-

337 1985 414 2008 ram
432 1979 568 2022 pastor,
593 1968 691 2006 novit
719 1969 847 2020 lupum
867 1976 1031 2014 venator,
1055 1965 1154 2004 novit
1176 1966 1325 2003 fluctum

336 2024 568 2074 gubernator,
589 2021 688 2060 novit
709 2029 953 2072 tempestatem
975 2027 1116 2071 portus,
1137 2019 1237 2057 novit
1260 2018 1325 2056 ho-

336 2086 424 2113 stem
453 2075 657 2127 imperator,
690 2074 789 2112 novit
814 2072 973 2110 Thomas
1001 2071 1146 2119 Arium,
1167 2070 1267 2109 novit
1292 2080 1326 2108 et
1351 2094 1377 2122 A

337 2129 454 2181 ipsum
484 2127 634 2180 repellit.
665 2125 868 2178 Blasphemi
899 2125 1035 2162 cultum
1060 2138 1129 2161 non
1157 2123 1326 2173 admittit,

338 2182 372 2218 in
396 2180 657 2218 homicidarum
681 2180 887 2231 speluncam
908 2191 978 2215 non
1004 2177 1131 2224 intrat,
1152 2190 1221 2214 non
1245 2190 1325 2214 611111

336 2234 408 2271 11115
436 2233 657 2283 diversatur;
679 2232 873 2284 impiorum
902 2230 1099 2267 confessum
1121 2237 1326 2278 aversatur,

337 2301 459 2325 vocem
482 2300 564 2324 cum
595 2286 670 2337 ipso
695 2292 913 2336 pugnantem
936 2282 1129 2320 detestatur
1142 2297 1153 2331 5
1176 2296 1213 2318 os
1231 2281 1328 2331 quod

139 2355 226 2383 psal.
240 2353 323 2391 745.
339 2349 457 2378 contra
479 2341 594 2377 Deum
608 2337 767 2389 loquitur
782 2336 1026 2386 iniquitatem,
1047 2334 1144 2384 odit,
1167 2333 1328 2385 linguam

337 2408 416 2443 quae
436 2392 633 2430 Dominum
651 2405 692 2428 ae
712 2391 828 2427 Deum
849 2403 917 2426 non
937 2387 1106 2440 appellat,
1128 2395 1324 2436 aversatur,

339 2455 372 2483 61
401 2445 447 2483 ad
475 2459 556 2483 eum
583 2458 627 2482 ex
655 2453 728 2481 toto
756 2452 929 2480 terrarum
955 2441 1041 2478 orbe
1071 2440 1224 2478 clamat:
1249 2440 1326 2488 Ari,

339 2498 424 2549 quid
445 2498 532 2535 mihi
552 2496 755 2535 blandiris?
777 2495 865 2546 quid
885 2495 961 2532 oleo
982 2502 1089 2545 caput
1110 2505 1230 2529 meum
1255 2491 1327 2530 im—

340 2552 518 2602 pinguas?
539 2564 604 2587 6111·
624 2548 719 2586 diem
742 2562 862 2586 meum
888 2548 1015 2584 festum
1034 2545 1205 2591 celebras,
1229 2558 1249 2582 ο
1270 2558 1330 2582 ne-

339 2604 449 2641 farie?
467 2602 718 2655 Blasphemum
742 2610 844 2638 tuum
863 2600 1040 2652 hymnum
1060 2612 1128 2635 non
1152 2597 1300 2634 admitto
1320 2613 1327 2633 ι

340 2670 439 2693 vanae
462 2656 542 2693 fidei
562 2665 632 2692 tuae
656 2669 725 2692 non
745 2642 915 2691 a³ssentior
930 2668 937 2688 :
953 2651 1113 2702 iniquam
1130 2649 1329 2688 doctrinam

341 2718 437 2745 tuam
460 2723 526 2745 non
552 2721 712 2759 agnosco.
729 2708 781 2744 Ne
804 2720 861 2743 me
882 2705 1042 2753 honores,
1064 2703 1126 2755 qui
1153 2701 1327 2740 Condito-

340 2775 415 2798 rem
436 2762 563 2812 probro
579 2760 692 2798 afficis
703 2790 714 2810 ,
734 2773 803 2797 non
822 2757 976 2810 suscipio
992 2757 1162 2794 honorem
1178 2755 1329 2805 ignomi-

343 2814 439 2850 niam
466 2814 670 2864 parientem.
709 2812 747 2851 Si
787 2810 971 2849 dominum
1006 2809 1147 2861 probris
1179 2822 1326 2855 oneras,

341 2865 518 2916 quomodo
535 2879 675 2902 servum
689 2866 807 2902 coles?
826 2863 855 2902 si
869 2877 984 2900 meam
1005 2861 1113 2899 fidem
1129 2875 1197 2898 non
1214 2870 1324 2909 tenes,

341 2918 519 2969 quomodo
553 2918 759 2954 memoriam
785 2918 871 2954 festo
893 2914 1116 2953 celebrabis?
1137 2914 1166 2951 si
1188 2927 1328 2950 mecum

342 2986 411 3008 11011
430 2971 556 3014 sentis,
576 2970 752 3020 quomodo
772 2969 932 3021 sepulcro
957 2982 1034 3005 meo
1057 2966 1326 3004 communicas?
1351 2976 1375 3005 B

344 3023 421 3074 Ego
444 3023 626 3061 Christum
653 3022 847 3059 Dominum
866 3030 899 3058 et
920 3023 1036 3058 Deum
1057 3033 1130 3057 esse
1148 3033 1228 3056 sum
1246 3018 1329 3056 edo-

343 3086 420 3114 ctus
435 3092 443 3112 :
458 3074 604 3128 palpavi
620 3088 740 3119 manu,
757 3083 790 3111 et
808 3073 993 3111 veritatem
1011 3072 1129 3109 inveni
1150 3087 1157 3107 ε
1174 3070 1328 3123 propriis

341 3129 466 3180 digitis
484 3141 561 3166 sum
581 3127 709 3165 certior
727 3127 861 3163 factus:
884 3139 952 3162 non
969 3125 1061 3162 alius
1080 3124 1168 3161 mihi
1196 3123 1328 3161 doctri-

386 3256 402 3279 b
425 3254 503 3295 Reg.
525 3256 556 3286 οὐ
573 3254 810 3293 καταλαμόάνεε,
827 3259 893 3281 non
910 3247 1005 3280 male.
1018 3246 1118 3279 savit.
1131 3247 1163 3278 in
1181 3257 1284 3289 marg.
1299 3249 1350 3279 aa*

344 3317 383 3348 τῷ
402 3311 432 3340 οὔ
450 3308 660 3348 καταμο>.ὑνει.

386 3370 399 3382 ⁰
424 3358 524 3391 savit.
541 3359 574 3390 111
593 3367 696 3399 marg.
711 3357 826 3388 σύνοδον
842 3356 1034 3387 daege-burm.
1052 3352 1159 3391 Quam
1176 3348 1350 3380 lectionem

344 3411 440 3443 malle
464 3409 593 3443 videtur
619 3411 651 3442 iu
675 3405 763 3440 uotis
781 3406 907 3438 Fronto
928 3405 1084 3443 Dacium,
1110 3400 1188 3434 licct
1204 3408 1352 3433 nostram

1305 202 1479 235 SPURIA.

1397 285 1497 323 αὐτὸν
1520 285 1701 336 ὀνομάσω,
1719 285 1834 333 ἥλιον,
1858 286 1947 324 Ἀλλ’
1967 286 2034 325 ὑπὸ
2058 286 2176 330 νυκτὸς
2195 288 2256 326 οὐκ
2276 286 2353 340 ἐλέγ
2381 302 2412 327 ε-

1394 355 1467 376 ται.
1496 337 1657 389 Ἀστέρα;
1687 336 1778 376 Ἀλλ’
1812 338 1927 392 ἡμέρα
1955 345 2071 378 τοῦτον
2103 342 2140 377 οὐ
2174 339 2331 391 κρύπτει.
2364 335 2413 379 Εν

1393 390 1497 429 παντὶ
1515 392 1626 442 καιρῷ
1642 390 1852 442 καταυγάζει
1869 391 1932 438 τὴν
1950 392 2075 439 κτίσιν,
2089 391 2204 430 πάντα
2215 392 2314 444 ζόφον
2331 395 2413 431 ἀπε-

1393 443 1510 481 λαύνει
1547 446 1609 489 τῆς
1637 442 1849 493 οἰκουμένης.
1888 446 1965 482 Οὐκ
2002 445 2052 483 ἔτι
2086 443 2145 488 νὺξ
2180 447 2255 495 μετ’
2294 446 2414 493 αὐτοῦ,

1394 495 1514 538 σκότος
1544 495 1643 533 αὐτὸν
1690 494 1775 534 ¹'ot’m
1807 496 1995 546 ἀμέλύνει,
2030 497 2186 547 ποταμὸς
2207 499 2244 535 οὐ
2270 498 2412 544 κωλύει,

1395 549 1553 587 Θάλασσα
1575 548 1733 599 κατέχειν
1753 551 1790 587 οὐ
1820 548 1982 596 δύναται,
2018 550 2167 593 ὠκεανὸς
2195 549 2414 601 ἐπιγινώσκει

1394 602 1451 640 τὸν
1473 601 1602 667 ἄνδρα,
1624 601 1794 654 βάρὸαροι
1812 604 1942 652 τιμῶσι
1972 603 2028 640 τὸν
2049 604 2200 653 Θωμᾶν·
2230 602 2345 640 πάντα
2370 601 2415 640 τὰ

1395 653 1473 701 ἔθνη
1506 669 1658 707 σημερον
1678 653 1850 707 ἑορτάζει,
1873 654 1932 691 καὶ
1962 654 2025 700 τὴν
2055 654 2176 692 τούτου
2197 654 2326 706 φωνὴν,
2346 670 2414 694 κα-

1396 707 1506 759 θάπερ
1528 723 1562 744 τι
1582 709 1709 759 δῶρον,
1740 710 1790 759 τῷ
1810 705 1970 758 Δεσπότῃ
2001 707 2207 759 προσφέρει·
2228 707 2271 746 ‘O
2292 707 2416 760 Κύριος

1397 775 1461 810 μου
1483 759 1542 797 καὶ
1562 762 1578 797 6
1594 759 1682 803 Θεός
1706 775 1789 810 μου·
1807 763 1824 797 ὃ
1840 758 2005 811 συγγενής
2022 774 2086 810 μου
2104 759 2162 797 καὶ
2174 759 2320 806 ποιητής
2334 776 2416 810 μου,

1395 816 1413 850 6
1432 812 1611 864 λυτρωτής
1633 828 1697 863 μου
1720 812 1778 849 καὶ
1800 812 1992 862 ὁβασιλεύς
2012 828 2089 863 μου.
2111 813 2233 849 Ταῦτα
2264 811 2331 864 γὰρ
2350 811 2418 850 ἐδί-

1397 864 1494 908 δαξεν
1518 868 1535 902 ὁ
1563 867 1717 915 Θωμᾶς,
1738 869 1855 902 τοῦτον
1881 867 1965 915 ἡμῖν
1986 868 2032 909 ὡς
2057 864 2189 907 τέκνοις
2216 867 2329 916 ἀφῆκε
2359 865 2417 903 τὸν

1395 919 1542 969 κλῆρον·
1572 921 1618 961 ὡς
1655 917 1823 969 θησαυρὸν
1854 921 1875 964 ἡ
1907 917 2006 969 φύσις
2043 917 2184 968 κατέχει
2221 917 2278 955 τὸν
2299 916 2416 966 λόγον·

1395 969 1473 1008 ὅλον
1491 970 1531 1008 τὸ
1551 970 1646 1021 γένος
1663 969 1721 1007 διὰ
1739 969 1866 1016 ταύτης
1879 974 1941 1017 τῆς
1956 973 2071 1022 φωνῆς
2092 973 2277 1021 ὀχυροῦται
2289 985 2296 992 ·
2314 969 2419 1021 μέχρι

1395 1025 1463 1059 τῶν
1492 1022 1647 1073 ἀγγέλων
1677 1021 1817 1068 ἐξετάθη
1846 1023 1886 1060 τὸ
1917 1026 2032 1075 ῥῆμα·
2054 1023 2192 1074 ἄγγελοι
2219 1021 2348 1069 ταύτην
2374 1025 2420 1066 ὡς

1397 1074 1551 1125 ἄγκυραν
1577 1073 1639 1120 τὴν
1659 1074 1843 1125 ὁμολογίαν
1864 1079 2046 1127 κρατοῦσι·
2070 1083 2167 1113 πᾶσα
2194 1078 2216 1121 ἡ
2243 1074 2352 1117 κτίσις
2374 1077 2419 1118 ὡς

1397 1125 1551 1176 διάδημα
1569 1126 1745 1177 περιφέρει
1762 1126 1801 1163 τὸ
1819 1126 1943 1177 δόγμα.
1957 1127 2069 1170 Μόνος
2085 1131 2102 1164 6
2117 1125 2248 1179 Ἄρειος
2271 1129 2421 1165 ἀποστε-

1399 1184 1509 1229 ρεῖται
1530 1182 1589 1216 τοῦ
1604 1178 1726 1228 λόγου,
1743 1178 1843 1228 μόνος
1864 1182 1989 1222 ἐκεῖνος
2010 1179 2170 1217 ἐκπίπτει
2184 1183 2242 1216 τοῦ
2263 1178 2395 1230 κλήρου
2409 1211 2418 1227 ,

1397 1231 1498 1282 μόνος
1517 1233 1580 1296 οὐχ
1603 1232 1762 1281 ὁμολογεῖ
1786 1230 1911 1283 Κύριον
1927 1231 1985 1269 τὸν
2004 1231 2154 1282 Χριστὸν
2177 1230 2264 1281 μετὰ
2283 1233 2400 1282 Θωμᾶ
2413 1248 2420 1255 ·

1397 1286 1434 1322 οὐ
1453 1285 1612 1337 γνωριζει
1631 1283 1730 1321 αὐτὸν
1747 1284 1835 1321 Θεὸν
1861 1285 1936 1334 μετ’
1957 1285 2079 1322 αὐτοῦ·
2108 1285 2225 1322 δοῦλον
2254 1286 2422 1322 ἀποκαλεῖ

1396 1336 1453 1374 τὸν
1485 1335 1669 1383 δεσπότην,
1688 1335 1820 1386 κτίσμα
1839 1336 1878 1374 τὸ
1898 1335 2114 1387 ἀπαύγασμα
2127 1367 2136 1384 ,
2153 1338 2249 1375 νόθον
2264 1337 2322 1375 τὸν
2341 1337 2423 1387 γνή-

1397 1404 1483 1435 σιον,
1498 1388 1646 1439 πλάσμα
1664 1388 1722 1426 τὸν
1748 1388 1906 1436 πλάστην
1923 1404 1931 1412 ·
1950 1391 1986 1426 οὐ
2002 1388 2094 1440 λέγει
2115 1389 2242 1442 Κύριον
2255 1389 2314 1427 καὶ
2334 1390 2423 1427 Θεὸν

1396 1441 1453 1479 τὸν
1478 1441 1672 1488 Δεσπότην,
1693 1441 1754 1479 οὐκ
1776 1439 1939 1492 ἀνέχεται
1958 1443 2020 1487 τῆς
2041 1441 2202 1488 ἀληθείας
2215 1471 2223 1487 ,
2246 1444 2283 1480 οὐ
2301 1441 2422 1479 συντί«

1397 1497 1493 1531 θεται
1511 1496 1560 1545 τῷ
1578 1495 1712 1544 Θωμᾷ,
1729 1495 1789 1531 οὐκ
1806 1495 1984 1532 ἀκολουθεῖ
2000 1496 2049 1546 τῷ
2065 1493 2209 1547 δικαίῳ·
2229 1494 2287 1532 καὶ
2314 1499 2424 1533 ταῦτα

1400 1550 1511 1597 τιμῶν
1529 1548 1632 1584 αὐτοῦ
1650 1545 1713 1591 τὴν
1736 1545 1892 1597 ἡμέραν,
1911 1545 1972 1584 καὶ
1986 1546 2229 1599 πανηγυρίζων
2252 1547 2340 1597 μετὰ
2359 1547 2425 1585 πά-

1397 1615 1460 1646 σης
1475 1603 1537 1645 τῆς
1556 1598 1779 1649 οἰκουμένης,
1796 1599 1856 1636 καὶ
1873 1598 2070 1636 συντάττων
2092 1599 2210 1637 ἑαυτὸν
2226 1605 2297 1643 τοῖς
2313 1600 2425 1651 φίλοις

1399 1656 1460 1689 τοῦ
1477 1654 1607 1702 Θωμᾶ.
1630 1651 1721 1689 Ἀλλ’
1742 1653 1780 1688 οὐ
1799 1651 1941 1689 κλέπτει
1969 1651 2032 1697 τὴν
2051 1651 2177 1704 ἀρετὴν
2195 1655 2216 1698 ἡ
2238 1652 2345 1689 κακία
2358 1667 2365 1675 ·
2384 1653 2422 1689 οὐ

1398 1704 1603 1757 συναρμόζει
1621 1706 1670 1755 τῷ
1685 1704 1799 1752 ὁδηγῷ
1829 1706 1890 1750 τῆς
1918 1703 2080 1750 ἀληθείας
2097 1707 2114 1741 ὁ
2127 1703 2267 1747 πλάνος.
2287 1697 2391 1742 Οἶδεν
2407 1709 2425 1743 6

1397 1757 1528 1808 ποιμὴν
1548 1756 1587 1794 τὸ
1616 1755 1746 1807 θηρίον,
1766 1751 1853 1794 οἶδεν
1873 1759 1890 1794 ὁ
1919 1756 2137 1808 σφενδονίτης
2158 1756 2214 1794 τὸν
2234 1755 2349 1805 λύκον,
2369 1750 2423 1795 οἰ-

1398 1810 1452 1847 δεν
1481 1813 1498 1848 ὃ
1526 1808 1739 1864 κυβερνήτης
1761 1810 1801 1848 τὸ
1836 1812 1952 1859 κῦμα,
1983 1802 2070 1846 οἶδεν
2100 1811 2117 1846 ὁ
2139 1807 2246 1860 λιμὴν
2275 1809 2332 1847 τὸν
2347 1824 2425 1861 χει-

1400 1865 1519 1913 μῶνα,
1551 1862 1639 1900 οἶδεν
1656 1865 1673 1900 6
1692 1861 1884 1916 otpgrnybe
1915 1861 1973 1899 τὸν
1994 1861 2174 1912 πολέμιον,
2196 1855 2283 1900 οἶδεν
2306 1865 2324 1899 6
2343 1864 2424 1900 Θω-

1400 1921 1467 1965 μᾶς
1492 1913 1549 1952 τὸν
1576 1913 1722 1966 Ἄρειον,
1739 1915 1808 1952 οἶδε
1833 1914 1893 1952 καὶ
1923 1913 2040 1952 διώκει
2068 1912 2182 1952 αὐτόν.
2212 1915 2264 1952 Οὐ
2286 1913 2425 1966 δέχεται

1398 1966 1461 2013 τὴν
1478 1966 1583 2017 τιμὴν
1602 1972 1661 2004 τοῦ
1696 1966 1924 2019 βλασφήμου,
1957 1969 2018 2005 οὐκ
2044 1966 2238 2020 εἰσέρχεται
2260 1967 2357 2020 παρὰ
2385 1967 2425 2005 τὸ

1401 2020 1571 2067 σπήλαιον
1597 2022 1665 2057 τῶν
1682 2019 1824 2072 φονέων,
1841 2021 1878 2058 οὔ
1900 2018 2139 2064 συναυλίζεται
2167 2020 2241 2070 μετ’
2269 2019 2425 2057 ἐκείνων·

1401 2072 1655 2124 ἀποστρέφεται
1674 2077 1688 2092 ⁰
1700 2072 1836 2111 σύνοδον
1857 2071 2067 2110 ἀθετούντων
2082 2102 2091 2118 ,
2117 2071 2340 2123 βδελύσσεται
2356 2087 2426 2123 φω-

1399 2125 1460 2172 νὴν
1478 2128 1571 2177 αὐτῷ
1592 2124 1815 2176 μαχομένην,
1837 2129 1931 2175 μισεῖ
1947 2124 2060 2175 στόμα
2075 2123 2165 2163 κατὰ
2183 2128 2242 2162 τοῦ
2261 2126 2352 2163 Θεοῦ
2365 2126 2426 2162 λα-

1399 2180 1478 2216 λοῦν
1496 2176 1645 2225 ἀδικίαν,
1663 2177 1866 2230 ἐκτρέπεται
1902 2179 2038 2215 λῶτταν
2054 2176 2181 2228 Κύριον
2196 2176 2255 2214 καὶ
2269 2177 2358 2215 Θεὸν
2369 2177 2426 2214 τὸν

1399 2230 1550 2283 Χριστὸν
1571 2229 1618 2279 μὴ
1634 2231 1805 2267 καλοῦσαν
1818 2246 1825 2253 ·
1845 2245 1890 2267 κα
1926 2231 1990 2280 βοᾷ
2015 2229 2101 2281 πρὸς
2120 2232 2248 2267 ἐκεῖνον
2266 2230 2334 2267 ἀπὸ
2352 2228 2422 2266 πά-

1401 2298 1465 2328 σης
1488 2285 1550 2327 τῆς
1568 2281 1790 2333 οἰκουμένης,
1813 2281 1945 2334 Ἄρειε,
1970 2280 2004 2318 τί
2028 2297 2071 2332 με
2102 2280 2300 2328 καθέλκεις,
2318 2281 2352 2318 τί
2370 2283 2426 2319 λι-

1400 2335 1533 2378 παίνεις
1552 2334 1657 2386 ἐλαίῳ
1677 2333 1740 2381 τὴν
1765 2333 1918 2386 κεφαλήν
1941 2348 2027 2384 μου,
2050 2332 2084 2371 τί
2114 2348 2178 2384 μου
2204 2333 2267 2379 τὴν
2291 2333 2426 2386 ἡμέραν

1402 2387 1591 2441 ἑορτάζεις,
1606 2387 1806 2438 παράνομε,
1825 2388 1878 2424 Οὐ
1899 2385 2045 2438 δέχομαί
2066 2401 2126 2424 σου
2144 2386 2200 2424 τὸν
2220 2386 2425 2437 βλάσφημον

1401 2439 1507 2490 ὕμνον
1520 2456 1527 2463 ·
1545 2440 1583 2477 οὐ
1606 2442 1782 2491 συμφωνῶ
1802 2443 1844 2490 τῇ
1869 2438 2003 2491 ματαίᾳ
2032 2455 2091 2477 σου
2122 2438 2257 2477 πίστει·
2275 2441 2313 2477 οὐ
2333 2455 2426 2487 γνω-

1403 2493 1484 2545 ρίζω
1515 2508 1574 2531 σου
1589 2492 1628 2530 τὸ
1644 2491 1845 2543 παράνομον
1876 2490 2001 2542 δόγμα.
2023 2491 2085 2538 Μή
2110 2507 2152 2542 με
2178 2491 2329 2543 τιμήσῃς
2356 2493 2429 2529 ἀτι-

1402 2545 1520 2595 μάζων
1539 2550 1553 2565 “’“
1567 2543 1625 2582 τὸν
1648 2544 1827 2591 πλάστην·
1844 2546 1882 2582 οὐ
1901 2543 2048 2595 δέχομαι
2069 2543 2175 2594 τιμὴν
2192 2543 2334 2594 ἀτιμίας
2354 2560 2426 2594 μη-

1400 2598 1495 2651 τέρα.
1519 2599 1564 2636 Εἰ
1584 2597 1641 2635 τὸν
1659 2596 1839 2644 Δεσπότην
1860 2596 2025 2649 ὗὸρίζεις,
2052 2596 2114 2647 ἐμὲ
2132 2597 2190 2635 τὸν
2210 2598 2326 2635 δοῦλον
2355 2600 2430 2640 πῶς

1402 2650 1643 2703 θεραπεύσεις,
1666 2652 1695 2687 εἰ
1718 2649 1766 2699 μὴ
1786 2655 1926 2701 κρατεῖς
1943 2664 2008 2699 μου
2025 2647 2088 2694 τὴν
2109 2647 2240 2696 πίστιν,
2259 2651 2332 2692 πῶς
2354 2651 2428 2701 ἑορ-

1401 2703 1517 2745 τάσεις
1532 2702 1594 2749 τὴν
1626 2701 1790 2753 μνήμην,
1819 2705 1847 2739 εἰ
1867 2700 1915 2751 μὴ
1938 2707 2133 2752 συμφωνεῖς
2162 2718 2240 2751 μοι,
2255 2704 2328 2746 πῶς
2352 2716 2428 2739 κοι-

1401 2762 1518 2799 νωνεῖς
1536 2770 1600 2806 μου
1621 2757 1671 2806 τῷ
1691 2754 1808 2806 τάφῳ;
1828 2753 1924 2804 Ἐγὼ
1943 2754 2094 2805 Χριστὸν
2115 2754 2241 2805 Κύριον
2257 2754 2316 2791 καὶ
2337 2754 2427 2793 Θεὸν

1403 2807 1607 2861 ἐδιδάχθην·
1634 2806 1844 2858 ἐψηλάφησα
1873 2809 1915 2857 τῇ
1947 2805 2062 2871 χειρὶ,
2082 2805 2142 2843 καὶ
2171 2806 2232 2853 τὴν
2265 2807 2427 2853 ἀλήθειαν

1402 2864 1500 2913 εὗρον
1515 2876 1522 2883 ·
1542 2859 1680 2902 οἰκείοις
1699 2857 1893 2904 ἐπιστώθην
1909 2860 2088 2901 δακτύλοις
2100 2874 2107 2881 ·
2124 2861 2184 2896 οὐκ
2195 2859 2297 2902 ἄλλος
2318 2858 2428 2897 ι’ὑπέ-

1402 2913 1477 2951 θετό
1494 2928 1552 2962 μοι
1566 2912 1605 2950 τὸ
1623 2911 1735 2963 δόγμα
1748 2941 1757 2958 ,
1781 2913 1842 2949 οὐκ
1863 2910 1897 2954 ἐξ
1921 2913 2027 2957 ἀκοῆς
2047 2910 2117 2962 ἔχω
2141 2911 2181 2949 τὸ
2207 2915 2323 2961 θαῦμα
2338 2942 2348 2958 ,
2368 2914 2431 2949 οὐκ

1401 2964 1588 3003 ἐπίστευσα
1612 2970 1683 3006 τοῖς
1698 2963 1833 3001 εἰποῧσί
1855 2978 1932 3012 μοι,
1956 2962 2188 3016 (Εωράκαμεν
2202 2964 2259 3001 τὸν
2282 2963 2427 3015 Κύριον·

1400 3017 1630 3069 ἐμαχεσάμην
1643 3021 1713 3059 τοῖς
1726 3015 1931 3069 ἀποστόλοις
1943 3046 1952 3063 ,
1966 3016 2178 3069 ἀντέκρουσα
2192 3015 2318 3068 Πέτρῳ
2336 3016 2429 3053 διδά-

1400 3086 1493 3108 σκειν
1510 3085 1553 3119 με
1565 3067 1771 3121 πειρωμένῳ
1785 3083 1792 3090 ·
1814 3071 1909 3105 εἷπον
1921 3068 2006 3120 πρὸς
2022 3069 2136 3113 αὐτὸν,
2149 3068 2308 3121 ἄνθρωπε
2322 3067 2375 3115 ,τί
2386 3084 2429 3118 με

1398 3121 1641 3174 ταράττειςςτί
1654 3137 1712 3171 μοι
1730 3119 1849 3170 λόγους
1859 3120 1935 3158 ἀντὶ
1946 3121 2162 3173 πραγμάτων
2173 3119 2354 3174 χαρίζῃςτί
2370 3136 2428 3170 μοι

1419 3256 1485 3277 11011
1505 3250 1655 3286 respuat,
1673 3250 1705 3274 et
1722 3241 1886 3285 quadrare
1911 3252 2005 3284 posse
2030 3241 2184 3274 fateatur.
2203 3240 2264 3273 1113
2292 3250 2380 3275 certe
2396 3245 2428 3275 in

1419 3294 1574 3329 omnibus
1597 3293 1838 3337 exemplaribus
1856 3293 2008 3326 habetur.

1463 3359 1474 3372 a
1501 3347 1595 3379 Idem
1613 3353 1662 3381 τὸν
1675 3354 1806 3384 κτιστήν.

1463 3401 1477 3424 ¹¹
1503 3400 1555 3434 Ita
1573 3400 1652 3443 neg.
1668 3398 1804 3441 optime.
1827 3398 1917 3432 Editi
1934 3401 2055 3434 ὑπέθετό
2067 3414 2138 3442 μου.
