2481 3678
785 213 828 244 nv
865 213 1076 244 mmm-2³1
1111 213 1268 242 nomn„
1291 213 1364 242 Lu.
1403 198 1465 242 al.
1495 213 1550 241 11¹.

118 293 177 333 καὶ
205 293 305 335 αὐτὸν
334 296 522 345 ἀγνοοῦντα
540 293 668 333 εἰδέναι
685 294 744 332 τὸν
768 294 932 349 Πατέρα·
959 295 1019 333 καὶ
1036 294 1143 333 πάλιν

118 357 181 393 οὐκ
210 349 252 402 ἦν
274 355 375 393 αὐτὸν
407 354 522 393 εἰδότα
548 354 711 402 πάντως,
747 357 873 395 εἰδέναι
898 356 956 394 τὸν
986 355 1142 408 Πατέρα.

118 415 211 454 Οὐδὲ
225 415 293 470 γὰρ
306 419 324 454 ὃ
338 416 519 469 ἄνθρωπον
535 415 650 464 εἰδὼς,
665 409 752 454 οἶδεν
771 417 928 468 ἄγγελον.
950 416 1032 463 Ναὶ,
1046 414 1143 467 φησί·

118 477 177 515 καὶ
194 477 262 528 γὰρ
277 481 294 515 ὁ
311 477 372 524 τὴν
392 477 505 515 κτίσιν
529 478 644 525 εἰδὼς,
668 471 737 516 οἶδε
756 478 813 515 τὸν
830 478 934 516 Θεόν.
957 478 1143 527 Οὐδαμῶς.

122 538 251 576 Πολλοὶ
277 538 345 591 γάρ
371 540 455 576 εἰσιν
483 541 513 576 οἱ
540 538 602 585 τὴν
634 538 745 577 κτίσιν
777 539 922 582 εἰδότες·
951 539 1080 588 μᾶλλον
1107 535 1143 573 δὲ

121 599 248 643 πάντες
276 599 450 651 ἅνθρωποι
480 602 610 652 (ὁρῶσι
637 600 705 653 γὰρ
729 599 864 648 αὐτὴν),
890 599 950 637 καί
977 598 1035 636 τὸν
1054 597 1144 636 Θεὸν

122 663 182 698 οὐκ
212 660 318 698 ἴσασι.
339 660 544 712 Δοξάζωμεν
563 661 675 700 τοίνυν
694 662 751 700 τὸν
771 661 853 699 Υἱὸν
879 663 938 698 τοῦ
965 662 1076 706 Θεοῦ,
1097 657 1146 708 μὴ

122 724 166 773 τῇ
184 721 264 773 δόξῃ
284 722 395 774 ταύτῃ
426 722 543 773 μόνον,
567 722 657 760 ἀλλὰ
685 721 744 760 καὶ
773 724 815 773 τῇ
846 720 902 758 διὰ
932 723 1000 758 τῶν
1026 719 1147 772 ἔργων.

123 781 221 829 Αὕτη
249 783 318 836 γὰρ
345 783 478 830 ἐκείνης
496 784 591 827 ἐκτὸς
610 782 703 821 οὐδέν
734 785 839 820 ἐστιν.
855 781 927 820 Ἴδε
947 781 987 820 σὺ
1001 812 1010 829 ,
1032 780 1148 833 φησὶν,

123 843 290 887 Ἰουδαῖος
315 844 524 896 ἐπονομάζῃ,
552 843 611 882 καὶ
643 842 851 894 ἐπαναπαύῃ
872 846 922 896 τῷ
948 842 1064 895 νόμῳ,
1090 841 1149 879 καὶ

125 911 303 956 καυχᾶσαι
318 907 351 943 ἐν
367 907 463 957 Θεῷ.
491 903 536 942 εΟ
557 898 613 942 οὖν
635 904 806 943 διδάσκων
826 905 882 943 τὸν
901 904 1028 957 ἕτερον,
1048 920 1152 942 σεαυ-

227 965 373 984 33κκκ
515 969 525 981 g

124 964 181 1002 τὸν
205 980 242 1002 ου
296 980 490 1014 οιοασκεις,
511 983 529 1004 ο
549 967 583 1003 ἐν
609 965 704 1018 νόμῳ
733 964 982 1018 καυχώμενος,
1010 965 1066 1003 διὰ
1091 967 1152 1011 τῆς

125 1026 359 1079 παραὸάσεως
377 1030 436 1065 τοῦ
459 1027 564 1077 νόμου
579 1026 637 1065 τὸν
661 1026 752 1065 Θεὸν
774 1027 966 1078 ἀτιμάζεις,
985 1026 1083 1080 ςΌρα
1104 1026 1152 1077 μή

125 1104 208 1126 ποτε
232 1088 292 1125 καὶ
309 1092 412 1139 ἡμεῖς
431 1088 489 1127 ἐπὶ
505 1092 548 1140 τῇ
569 1087 730 1141 ὀρθότητι
749 1091 811 1134 τῆς
831 1088 983 1132 πίστεως
1006 1088 1153 1140 καυχώ-

128 1165 249 1200 μενοι,
280 1148 337 1187 διὰ
361 1154 420 1188 τοῦ
448 1148 497 1200 μὴ
526 1149 765 1200 συμῧαίνοντα
788 1152 831 1199 τῇ
863 1149 979 1188 πίστει
1000 1150 1057 1188 τὸν
1081 1149 1154 1200 βίον

127 1209 384 1248 ἐπιδείκνυσθαι
398 1241 407 1258 ,
423 1211 480 1249 τὸν
497 1210 587 1248 Θεὸν
605 1210 844 1261 ἀτιμάζωμεν,
863 1216 1039 1254 ποιοῦντες
1054 1211 1154 1249 αὐτὸν

130 1273 423 1324 βλασφημεῖσθαι.
448 1272 518 1310 Καὶ
536 1271 605 1325 γὰρ
626 1271 833 1310 διδάσκαλον
860 1275 921 1318 τῆς
941 1272 1155 1323 οἰκουμένης,

128 1333 188 1371 καὶ
216 1333 340 1384 ζύμην,
373 1333 432 1371 καὶ
458 1338 545 1385 φῶς,
577 1333 636 1371 καὶ
671 1333 756 1377 ἅλας
787 1328 875 1372 εἶναι
905 1334 1066 1385 βούλεται
1098 1334 1155 1372 τὸν

129 1394 352 1447 Χριστιανόν.
377 1394 425 1432 Τι’
439 1395 476 1432 δέ
501 1397 575 1433 ἐστι
592 1395 630 1433 τὸ
654 1397 745 1446 φῶς,
768 1397 848 1438 Βίος
867 1395 1030 1446 λάμπων,
1049 1395 1155 1446 μηδὲν

129 1455 219 1507 ἔχων
236 1454 490 1505 ἐσκοτισμένον.
507 1456 559 1493 Τὸ
576 1458 647 1507 φῶς
666 1457 730 1506 οὐχ
746 1457 858 1507 ἑαυτῷ
877 1455 1064 1508 χρήσιμον,
1082 1456 1157 1494 οὐδὲ

129 1517 168 1555 τὸ
189 1515 294 1563 ἅλας,
315 1515 391 1554 οὐδὲ
407 1520 428 1562 ἡ
452 1515 541 1567 ζύμη
558 1546 567 1564 ,
590 1518 666 1554 ἀλλ’
695 1518 741 1560 εἰς
763 1516 898 1570 ἑτέρους
926 1517 1159 1555 ἐπιδείκνυται

129 1577 192 1624 τὴν
212 1577 393 1630 ὠφέλειαν.
410 1576 532 1621 Οὕτως
559 1579 596 1616 οὐ
616 1576 678 1623 τὴν
697 1579 828 1616 ἑαυτῶν
856 1577 1025 1631 ὠφέλειαν
1053 1581 1158 1617 ἀπαι-

129 1639 279 1690 τούμεθα
302 1638 416 1689 μόνον,
447 1638 536 1677 ἀλλὰ
565 1638 625 1677 καὶ
654 1638 716 1686 τὴν
745 1638 883 1693 ἑτέρων.
907 1640 959 1678 Τὸ
984 1639 1052 1693 γὰρ
1074 1640 1160 1684 ἅλας

130 1699 188 1739 ἐὰν
209 1699 257 1751 μὴ
279 1699 378 1752 ἇλίζῃ
393 1730 402 1747 ,
423 1700 485 1737 οὐκ
505 1700 596 1738 ἐστὶν
621 1700 722 1744 ἅλας.
748 1700 819 1738 Καὶ
843 1699 959 1754 ἕτερον
983 1701 1019 1739 δέ
1038 1718 1071 1739 τι
1100 1704 1158 1740 ἐν-

131 1762 325 1809 δείκνυται,
360 1760 415 1799 ὅτι
455 1760 513 1799 ἐὰν
553 1762 650 1800 αὐτοὶ
692 1761 984 1815 κατορθώσωμεν,
1024 1763 1160 1802 ἔσονται

130 1823 270 1865 πάντως
285 1822 346 1861 καί
363 1821 494 1875 ἕτεροι·
511 1822 576 1866 ἕως
593 1823 620 1860 δ’
636 1823 676 1861 ἂν
692 1824 789 1862 αὐτοὶ
805 1823 852 1875 μὴ
869 1824 1161 1877 κατορθώσωμεν,

131 1883 207 1923 οὐδὲ
230 1883 367 1937 ἑτέρους
381 1886 504 1930 ὀνῆσαι
521 1884 750 1936 δυνησόμεθα.
770 1884 891 1932 Μηδὲν
910 1887 1039 1939 μωρὸν,
1055 1886 1161 1937 μηδὲν

131 1950 257 1998 χαῦνον
283 1948 366 1997 παρ’
389 1949 487 1996 ἡμῖν.
510 1948 667 1984 Τοιαῦτα
679 1946 747 2000 γὰρ
766 1946 809 1985 τὰ
822 1947 977 1998 κοσμικὰ
997 1948 1163 2000 πράγμα-

131 2023 196 2044 τα·
223 2011 382 2045 τοιαῦται
415 2008 450 2043 αἱ
482 2006 644 2057 βιωτικαὶ
670 2008 859 2061 φροντίδες.
894 2008 963 2046 Διὰ
992 2014 1092 2047 τοῦτο
1128 2013 1162 2048 αἱ

130 2068 297 2121 παρθένοι
321 2067 438 2121 μωραὶ
464 2067 676 2115 ἐκλήθησαν,
706 2068 758 2106 ὅτι
788 2069 935 2122 περὶτὰ
967 2070 1088 2123 μωρὰ,
1119 2071 1162 2110 τὰ

132 2128 286 2179 κοσμικὰ
314 2128 528 2180 πράγματα,
561 2129 780 2181 ἠσχόληντο·
809 2132 956 2170 ἐνταῦθα
990 2131 1052 2182 μὲν
1085 2149 1164 2171 συν-

132 2191 300 2243 άγουσαι,
316 2190 396 2229 ἔνθα
410 2189 445 2229 δὲ
466 2193 573 2244 ἐχρῆν
590 2191 638 2242 μὴ
657 2192 918 2244 ἀποτιθέμεναι.
934 2193 1019 2238 Δέος
1039 2188 1095 2232 οἶν
1114 2194 1162 2245 μὴ

133 2253 192 2291 καὶ
220 2256 322 2303 ἡμεῖς
347 2253 386 2290 τὸ
417 2253 500 2291 αὐτὸ
519 2253 705 2304 πάθωμεν·
728 2254 802 2298 δέος
823 2254 871 2306 μὴ
895 2255 955 2293 καὶ
975 2259 1079 2307 ἡμεῖς
1105 2260 1163 2308 ῥυ-

132 2313 230 2367 παρὰ
265 2313 472 2365 ἀπέλθωμεν
502 2314 718 2366 ἐνδεδυμένοι
746 2315 892 2366 ἱμάτια,
925 2316 1006 2354 ἔνθα
1037 2317 1163 2361 πάντες

132 2376 249 2428 ἔχουσι
278 2375 427 2428 λαμπρὰ
455 2375 514 2413 καὶ
541 2380 726 2429 περιφανῆ.
758 2377 868 2416 Οὐδὲν
894 2378 961 2429 γὰρ
990 2378 1164 2432 ἁμαρτίας

136 2435 393 2490 ῥυπαρώτερον,
430 2436 526 2475 οὐδὲν
556 2438 843 2492 ἀκαθαρτότερον.
866 2439 929 2477 Διὸ
965 2439 1029 2486 τὴν
1063 2440 1163 2491 φύσιν

135 2500 242 2542 αὐτῆς
260 2500 277 2534 ὃ
293 2497 473 2550 προφῆτης
497 2497 695 2550 ἑρμηνεύων
717 2498 800 2537 {Edon
819 2515 825 2522 ·
851 2499 1085 2552 Προσώζεσαν
1105 2501 1165 2538 καὶ

133 2559 314 2605 ἐσάπησαν
334 2562 363 2597 οἳ
388 2558 560 2609 μώλωπές
583 2575 659 2610 μου.
679 2560 750 2598 Καὶ
771 2563 800 2598 εἷ
826 2561 941 2612 βούλει
963 2565 1083 2612 μαθεῖν
1103 2565 1165 2608 τῆς

137 2619 312 2672 ἁμαρτίας
331 2621 371 2659 το
393 2622 565 2668 δυσῶδες,
586 2620 744 2668 ἐννόησον
770 2621 874 2669 αὐτὴν
903 2621 992 2672 μετὰ
1014 2623 1053 2660 το
1071 2627 1165 2674 γενέ-

138 2685 242 2728 σθαι,
273 2680 355 2719 ὅταν
378 2684 439 2728 τ-ἧς
463 2680 648 2732 ἐπιθυμίας
677 2684 905 2734 ἀπαλλαγῇς,
931 2683 1012 2721 ὅταν
1041 2684 1089 2735 μὴ
1117 2685 1166 2723 ἔτι

139 2744 264 2794 ἐνοχλῇ
287 2742 325 2780 τὸ
343 2747 430 2796 πῦρ·
462 2742 521 2780 καὶ
551 2742 630 2781 τότε
657 2743 733 2795 ὄψει
762 2743 814 2788 τίς
841 2746 932 2783 ἐστιν
953 2748 974 2790 ἡ
998 2746 1165 2796 ἁμαρτία.

138 2802 326 2850 Ἐννόησον
347 2803 404 2841 τὸν
432 2803 550 2853 θυμὸν,
572 2803 654 2842 ὅταν
687 2806 720 2842 ἐν
752 2804 888 2857 γαλήνῃ
922 2799 980 2856 ἧς·
1007 2806 1165 2853 ἐννόησον

140 2863 203 2909 τὴν
239 2863 450 2911 πλεονεξίαν,
478 2862 561 2901 ὅταν
593 2863 657 2908 ἔξω
688 2864 769 2916 γένῃ
798 2870 858 2903 τοῦ
885 2866 1025 2910 πάθους.
1056 2866 1166 2905 Οὐδὲν

143 2922 378 2976 αἰσχρότερον,
405 2923 501 2962 οὐδὲν
524 2924 737 2978 μιαρώτερον
762 2927 922 2979 ἁρπαγῆς
951 2927 1010 2965 καί
1029 2929 1167 2966 πλεονε-

144 2984 230 3028 ξίας.
247 2987 370 3022 Ταῦτα
386 2989 538 3037 συνεχῶς
558 2985 716 3038 λέγομεν,
734 2989 795 3025 οὐκ
814 2990 964 3039 ἐνοχλεῖν
986 2991 1065 3039 ὑμῖν
1084 2991 1166 3040 βου-

141 3044 282 3095 λόμενοι
297 3075 306 3093 ,
330 3045 420 3083 ἀλλὰ
449 3047 614 3098 κερδᾶναί
639 3064 673 3085 τι
696 3048 787 3100 μέγα
810 3049 869 3086 καὶ
888 3050 1099 3100 θαυμαστόν.
1124 3049 1168 3087 Ὁ

143 3106 211 3159 γὰρ
225 3109 264 3144 ἐκ
277 3110 336 3144 τοῦ
353 3105 445 3150 ἅπαξ
463 3106 510 3157 μὴ
529 3108 770 3160 κατορθώσας,
790 3110 872 3153 ἴσως
887 3112 925 3148 ἐκ
938 3115 998 3148 τοῦ
1015 3110 1168 3164 δεύτερον

146 3170 292 3206 ἀκοῦσαι
318 3167 457 3214 ποιήσει
474 3173 592 3207 τοῦτο·
621 3170 681 3208 καὶ
701 3173 718 3208 ὁ
741 3170 895 3224 δεύτερον
916 3170 1170 3223 παραδραμὼν,

2114 199 2201 225 G'l'ss'

2116 218 2202 245 )J)

1215 292 1443 342 substantiae‚
1478 301 1596 344 posset
1616 292 1794 344 quispiam
1813 307 2022 344 cognoscere
2052 296 2202 344 Patrem,

1216 362 1249 390 et
1270 352 1390 405 ipsum
1404 353 1586 405 ignorare:
1608 367 1820 405 rursumque
1833 354 1896 405 qui
1912 356 2054 392 Patrem
2077 366 2203 404 nosset,

1217 428 1286 451 non
1322 414 1402 452 ideo
1430 414 1564 451 Filium
1598 424 1834 466 cognosceret.
1868 416 1988 465 Neque
2021 416 2114 454 enim
2143 418 2203 467 qui

1222 474 1321 513 novit
1351 475 1547 526 hominem,
1582 476 1682 514 novit
1699 476 1803 514 etiam
1834 477 2012 528 angelum.
2042 479 2134 524 Imo,
2154 479 2205 515 in—

1221 535 1342 585 quies,
1361 550 1443 574 nam
1461 536 1524 587 qui
1542 537 1642 575 novit
1667 547 1878 585 creaturam,
1898 538 1998 577 novit
2023 547 2057 575 et
2079 540 2206 576 Deum.

1223 595 1385 634 Minime.
1403 598 1514 635 Multi
1525 597 1620 635 enim
1632 607 1761 636 norunt
1778 607 1989 648 creaturam,
2007 598 2078 636 imo
2089 613 2208 638 omnes

1224 656 1397 707 homines,
1414 658 1614 709 quivident
1632 659 1746 707 illam,
1766 668 1796 696 et
1827 660 1944 696 Deum
1978 674 2047 697 non
2066 670 2208 699 norunt.

1227 720 1480 760 Glorificemus
1510 736 1593 774 ergo
1627 723 1763 761 Filium
1793 723 1875 773 Dei,
1896 737 1965 761 non
2001 724 2068 762 hac
2097 725 2210 776 gloria

1226 791 1378 833 tantum,
1395 783 1457 821 sed
1475 785 1582 821 etiam
1602 797 1664 835 per
1679 798 1796 836 opera.
1819 784 1903 822 Sine
1932 784 2000 822 hac
2024 785 2119 823 enim
2136 786 2212 837 glo-

1226 843 1292 893 ria,
1311 844 1374 881 illa
1387 845 1477 882 nihil
1488 854 1550 883 est.
1571 846 1667 884 Vide
1682 855 1736 892 tu,
1758 846 1888 897 inquit,
1903 848 2063 885 Judoeus
2075 862 2213 900 cogno·
2228 852 2352 882 Ronm.
2364 863 2407 894 ¹7-

1228 906 1404 953 minaris,
1423 916 1460 944 et
1473 909 1515 944 in
1528 907 1611 960 lege
1624 910 1799 959 quiescis,
1817 917 1853 946 et
1863 909 2045 960 gloriaris
2057 912 2098 946 in
2112 912 2211 948 Deo.

1234 967 1308 1018 Qui
1323 968 1446 1006 alium
1467 970 1593 1016 doces,
1625 972 1785 1021 teipsum
1816 984 1895 1007 non
1917 971 2029 1010 doces
2045 974 2062 1007 P
2077 974 2144 1024 qui
2173 974 2216 1009 in
2231 977 2347 1004 Ibat-v.
2363 985 2411 1004 21-

1231 1029 1313 1081 lege
1324 1031 1519 1082 gloriaris,
1534 1046 1603 1083 per
1617 1032 1709 1084 legis
1724 1036 2067 1085 transgressionem
2089 1036 2215 1073 Deum

1230 1094 1468 1132 inhonoras?
1487 1094 1582 1134 Vide
1602 1109 1644 1133 ne
1673 1109 1735 1133 nos
1768 1096 1835 1147 ipsi
1865 1096 1902 1134 in
1922 1106 2015 1134 recta
2042 1097 2111 1135 fide
2142 1098 2217 1148 glo·

1228 1154 1373 1204 riantes,
1397 1155 1491 1206 quod
1510 1156 1622 1195 vitam
1642 1157 1726 1195 fidei
1747 1168 2013 1197 consentaneam
2027 1174 2095 1198 non
2115 1161 2217 1198 exhi-

1229 1215 1391 1262 beamus,
1413 1217 1529 1254 Deum
1543 1217 1806 1267 inhonoremus,
1818 1219 1904 1257 dum
1923 1220 1959 1258 in
1975 1235 2078 1259 causa
2095 1236 2218 1260 sumus

1230 1275 1326 1327 quod
1349 1276 1628 1329 blasphemetur.
1650 1279 1742 1318 Vult
1763 1280 1859 1317 enim
1895 1280 1955 1318 ille
1974 1281 2219 1320 Christianum

1231 1351 1306 1375 esse
1337 1337 1518 1375 doctorem
1549 1339 1659 1389 orbis,
1690 1340 1917 1391 fermentum,
1935 1341 2066 1393 lucem,
2097 1344 2218 1381 salem.

1233 1398 1333 1444 Quid
1360 1407 1412 1435 est
1438 1398 1503 1436 lux
1518 1399 1535 1435 ?
1552 1399 1637 1438 Vita
1657 1400 1861 1451 splendens,
1890 1402 1982 1440 nihil
2000 1403 2141 1441 obscuri
2158 1405 2222 1442 ha-

1232 1458 1330 1496 bens.
1354 1459 1437 1496 Lux
1456 1473 1525 1496 non
1552 1460 1622 1497 sibi
1638 1461 1738 1498 utilis
1757 1470 1822 1511 est,
1840 1470 1880 1499 ut
1898 1476 2010 1513 neque
2029 1465 2092 1513 sal,
2109 1480 2222 1516 neque

1234 1520 1460 1569 fermentum,
1480 1520 1541 1558 sed
1559 1521 1640 1559 aliis
1661 1521 1851 1559 utilitatem
1872 1524 2037 1561 afferunt.
2056 1526 2107 1562 Ita
2125 1540 2143 1563 a
2160 1541 2222 1564 no-

1234 1581 1290 1619 bis
1306 1595 1375 1619 non
1397 1582 1532 1620 utilitas
1546 1592 1683 1621 tantum
1700 1593 1830 1633 nostra,
1849 1584 1912 1622 sed
1927 1594 1960 1623 et
1976 1586 2129 1624 aliorum
2151 1589 2224 1625 exi-

1236 1643 1344 1694 gitur.
1377 1643 1437 1681 Sal
1456 1644 1551 1681 enim
1576 1644 1643 1682 nisi
1671 1644 1803 1682 salsum
1827 1645 1970 1696 reddat,
1995 1661 2065 1684 non
2084 1657 2135 1685 est
2162 1650 2224 1686 sal.

1237 1704 1307 1742 Sed
1337 1704 1435 1743 aliud
1464 1705 1651 1757 quidpiam
1680 1704 1968 1758 deprehenditur.
1989 1709 2080 1746 Nam
2113 1709 2142 1746 si
2164 1724 2226 1748 nos

1238 1776 1328 1804 recte
1341 1766 1522 1817 vivamus,
1548 1766 1609 1804 alii
1627 1781 1765 1817 quoque
1784 1767 1870 1805 bene
1894 1783 1930 1806 se
1949 1779 2070 1820 gerent
2086 1786 2093 1806 :
2116 1770 2227 1809 donec

1237 1837 1356 1865 autem
1369 1837 1462 1866 recte
1472 1828 1651 1876 vivamus,
1665 1841 1732 1865 non
1748 1829 1943 1880 poterimus
1958 1830 2040 1868 aliis
2050 1830 2225 1883 prodesse.

1239 1889 1341 1927 Nihil
1370 1890 1535 1940 fatuum,
1570 1889 1662 1927 nihil
1692 1890 1800 1928 molle
1818 1891 1914 1942 apud
1945 1906 2008 1930 nos
2037 1892 2096 1930 sit.
2120 1894 2229 1931 Tales

1238 1960 1321 1989 sunt
1340 1965 1394 1989 res
1420 1951 1620 2000 saeculares,
1640 1951 1726 1988 tales
1744 1950 1852 2003 hujus
1867 1952 1993 1990 mundi
2019 1954 2228 1992 sollicitudi-

1240 2026 1311 2050 neS.
1329 2011 1414 2050 Ideo
1444 2012 1603 2063 virgines
1631 2012 1736 2049 fatuae
1753 2022 1835 2050 sunt
1851 2014 2047 2065 appellatae,
2065 2015 2147 2066 quia
2177 2017 2229 2053 fia-

1238 2072 1310 2111 tuis
1343 2073 1451 2111 rebus
1475 2072 1705 2110 saecularilms
1734 2088 1877 2126 operam
1892 2074 2024 2113 dabant
2043 2092 2050 2111 :
2068 2076 2128 2114 hic
2146 2091 2227 2114 con-

1240 2143 1437 2186 gregantes,
1455 2148 1518 2172 nec
1545 2133 1758 2186 deponentes
1788 2135 1850 2172 11111
1867 2135 2042 2188 deponere
2056 2152 2122 2190 par
2136 2148 2224 2176 erat.

1241 2196 1461 2234 Timendum
1476 2209 1559 2247 ergo
1578 2210 1620 2233 ne
1638 2195 1795 2248 idipsum
1810 2197 1913 2235 nobis
1930 2198 2123 2250 contingat,
2141 2214 2229 2238 neve

1240 2258 1395 2296 sordidis
1422 2257 1540 2295 induti
1556 2257 1713 2296 vestibus
1729 2258 1897 2296 abeamus
1925 2259 2005 2308 1110,
2023 2261 2084 2298 11111
2109 2275 2229 2298 omnes

1241 2319 1438 2372 splendidis
1466 2328 1548 2357 sunt
1578 2317 1706 2356 induti.
1724 2319 1827 2356 Nihil
1844 2320 1938 2357 enim
1955 2320 2132 2358 sordidius
2148 2335 2230 2373 pec-

1242 2391 1333 2427 cato,
1355 2379 1448 2418 1111111
1481 2379 1669 2431 impurius.
1702 2379 1927 2431 Quapropter
1956 2381 2032 2432 ejus
2065 2390 2230 2419 naturam

1240 2442 1443 2480 describens
1476 2439 1648 2492 propheta
1687 2439 1884 2476 clamabat:
1912 2442 2153 2479 Putruerunt
2193 2451 2230 2480 et
2244 2451 2429 2492 Psal.37.6.

1243 2512 1429 2555 corruptoe
1441 2510 1531 2539 sunt
1547 2503 1746 2538 cicatrices
1760 2515 1866 2538 mete.
1885 2501 1923 2538 Si
1941 2501 1994 2540 vis
2010 2503 2145 2554 peccati
2161 2504 2226 2542 fce—

1242 2574 1353 2602 torem
1369 2562 1537 2609 ediscere,
1569 2569 1752 2612 postquam
1786 2561 2012 2599 commissum
2044 2573 2095 2601 est
2124 2564 2229 2614 illud,

1245 2624 1425 2663 considera
1444 2637 1524 2660 cum
1539 2623 1615 2673 jam
1633 2635 1654 2658 a
1673 2622 1955 2674 concupiscentia
1971 2624 2064 2662 liber
2079 2640 2129 2673 es,
2148 2640 2230 2663 cuin

1244 2688 1324 2738 igne
1341 2699 1410 2723 non
1431 2682 1668 2733 succenderis,
1687 2692 1772 2720 tunc
1788 2684 1959 2736 percipies
1977 2686 2063 2736 quid
2088 2687 2134 2724 sit
2150 2702 2230 2739 pec-

1244 2758 1372 2788 catum.
1391 2747 1486 2783 Iram
1502 2744 1616 2795 cogita
1629 2759 1711 2782 cum
1729 2745 1940 2796 tranquillus
1957 2761 2013 2796 es,
2030 2749 2230 2795 avaritiam,

1245 2824 1325 2848 cum
1342 2821 1470 2860 expers
1488 2820 1524 2844 es
1543 2806 1641 2844 illius
1658 2806 1815 2844 affectus.
1842 2807 1946 2845 Nihil
1965 2809 2121 2861 turpius,
2139 2810 2229 2847 nihil

2277 2830 2386 2865 Rapina
2405 2835 2431 2854 ιῑ

1244 2870 1372 2910 foedius
1383 2868 1509 2921 rapina
1522 2877 1555 2905 et
1570 2867 1732 2906 avaritia.
1751 2868 1835 2906 Haee
1845 2869 2044 2919 frequenter
2059 2870 2227 2921 dicimus,
2243 2872 2361 2900 ararim
2390 2870 2435 2896 '²5‘

1245 2946 1314 2971 non
1333 2940 1372 2968 ut
1400 2929 1502 2969 vobis
1531 2928 1729 2967 molestiam
1759 2929 1939 2981 pariamus
1956 2961 1965 2977 ,
1992 2930 2054 2969 sed
2089 2940 2128 2969 ut
2157 2946 2231 2969 ma-

1247 3006 1357 3044 gnum
1386 3005 1427 3029 ac
1454 2990 1620 3029 mirabile
1637 2989 1822 3042 quidpiam
1840 2991 2032 3028 lucremur.
2050 2992 2142 3029 Nam
2158 2993 2233 3043 qui,

1248 3068 1286 3092 re
1302 3053 1408 3092 semel
1431 3052 1565 3101 audita,
1591 3066 1660 3089 non
1693 3052 1897 3103 corrigitur,
1914 3053 2003 3090 forte
2020 3052 2048 3090 si
2079 3053 2233 3091 secundo

1250 3114 1384 3163 audiat,
1401 3113 1650 3152 emendabitur
1665 3129 1675 3162 3
1694 3113 1751 3152 vel
1767 3112 1910 3150 tandem
1926 3114 1955 3151 si
1978 3114 2079 3152 tertio
2095 3127 2236 3151 monca-

1251 3186 1320 3214 tur.
1338 3176 1485 3215 Utinam
1502 3185 1620 3214 autem
1654 3189 1773 3213 omnes
1799 3189 1819 3212 a
1840 3174 1944 3213 malis
1962 3176 2127 3213 omnibus
2148 3175 2236 3213 libe-

2246 2913 2285 2940 1ι11
2307 2912 2430 2948 turpius.

149 3236 186 3272 ἐκ
206 3238 266 3271 τοῦ
297 3233 414 3287 τρίτου
442 3234 677 3287 διορθώσεται.
698 3236 838 3276 Γένοιτο
858 3237 893 3275 δὲ
918 3237 1052 3281 πάντας
1079 3240 1173 3288 ἡμᾶς
1199 3247 1223 3278 Ε
1253 3237 1319 3276 rati
1337 3237 1471 3276 honum
1488 3236 1621 3276 Christi
1655 3235 1800 3274 odorem
1829 3235 2037 3279 habeamus,
2054 3235 2110 3273 cui
2127 3235 2241 3286 gloria

197 3374 209 3388 ἱ·
235 3366 359 3405 δικάζεις
373 3362 485 3407 Εάὶῑί,
512 3366 569 3397 sed
595 3366 736 3399 Savilius
762 3366 937 3410 legendum
964 3375 1059 3409 putat
1085 3371 1165 3402 3135.-

249 3427 252 3431 ’
274 3423 305 3446 ct
332 3416 407 3458 quia
432 3424 497 3448 tres
520 3417 595 3450 Mss.
625 3419 670 3450 sic
699 3417 833 3459 habeut,
853 3418 939 3452 lianc
967 3421 1168 3453 restituimus

1234 3368 1422 3401 lec-tionem,

154 3433 227 3456 715'3
