2507 3673
752 221 791 249 ΙΝ
835 218 1099 249 PARABOLAM
1140 217 1195 245 01³.
1233 214 1350 244 FtLlo

135 305 294 356 γνύντος,
313 305 372 342 καί
392 304 575 345 τύπτοντος
592 304 630 341 τὸ
655 303 739 340 ἴδιον
763 304 902 347 στῆθος,
920 304 966 344 ὡς
992 303 1060 336 τῶν
1094 313 1156 334 πο-

135 361 247 409 νηρῶν
264 358 440 409 λογισμῶν
458 356 616 407 ὑπάρχον
635 355 873 421 ἐργαστήριον,
897 353 955 390 καὶ
981 352 1020 388 τὸ
1048 350 1159 401 πρόσ-

137 426 230 448 ωπον
264 411 518 460 προσηλοῧντος
559 410 602 459 τῇ
643 410 708 459 γῇ,
748 423 807 445 και
843 405 923 448 τοὺς
961 402 1159 456 ὀφθαλμοὺς

137 465 364 505 ἀπαιτοῦντος
383 462 500 499 δοῦναι
520 459 806 513 συμπρεσὸευτὰς
831 459 893 501 τὰς
911 460 979 495 τῶν
1000 455 1158 506 δακρύων

136 514 304 565 σταγόνας
316 544 325 560 ,
347 514 406 551 καὶ
422 515 706 566 προμελετῶντος
725 512 786 559 τὴν
805 510 1008 560 ἀπολογίαν,
1027 507 1160 560 φθάσας

137 566 305 612 ἀνεὲόησε
323 570 418 619 φωνῇ
449 567 583 618 μεγάλΤΙ
597 597 606 613 ,
628 565 717 616 μετὰ
746 562 901 616 δακρύων
929 561 1040 611 λέγων
1055 575 1062 582 ·
1084 558 1159 596 Πά-

135 636 194 670 τερ
208 650 216 667 ,
228 619 383 671 ’ἥμαρτον
403 622 449 661 εἷς
466 619 523 656 τὸν
540 618 693 670 οὐρανὸν,
705 617 764 655 καὶ
778 613 920 653 ἐνώπιόν
933 628 1004 650 σου.
1016 611 1160 662 ‘'Hyap-

136 688 207 719 τον,
225 666 319 717 οἶδα,
337 671 467 721 Χριστὲ
485 672 648 710 Δέσποτα
662 700 671 717 ,
693 669 752 708 καὶ
771 667 863 706 Θεέ·
881 665 966 716 ἐμὰς
985 664 1160 716 ἁμαρτίας

137 723 178 763 σὺ
207 725 308 774 μόνος
330 725 535 763 ἐπίστασαι·
555 723 724 774 ἥμαρτον,
754 720 895 766 ἐλέησον
918 721 965 760 ὡς
994 718 1082 760 Θεὸς
1101 717 1161 754 καὶ

137 778 332 824 Δεσπότης.
355 779 431 815 Οὐκ
452 777 523 827 εἰμὶ
554 776 643 820 ἄξιος
671 777 718 816 εἰς
749 773 807 810 τὸν
836 770 976 824 οὐρανὸν
1009 770 1161 820 βλέπειν,

138 831 196 868 καὶ
212 833 428 882 παρακαλεῖν
449 846 487 867 σε
510 828 567 865 τὸν
588 826 714 878 ἀγαθόν
737 840 802 875 μου
834 824 1029 871 Δεσπότην,
1044 823 1161 874 γέμων

138 883 312 933 μεγίστων
335 882 395 920 καὶ
414 883 580 932 χαλεπῶν
611 878 843 930 ἐγκλημάτων
859 893 866 900 ·
887 878 950 914 οὐκ
974 877 1064 914 ἔστιν
1084 878 1161 928 ἀρι-

139 936 224 984 θμὸς
259 939 327 972 τῶν
360 936 453 984 ἐμῶν
485 931 763 986 ἁμαρτημάτων.
785 930 954 977 Ἐλέησον
975 932 1021 971 ὡς
1038 929 1163 980 ἀγαθὸς

137 989 227 1030 Θεὸς
250 987 297 1024 ὢν
318 986 392 1033 ἀεὶ,
412 985 498 1024 εὈτι
517 988 579 1024 οὐκ
601 984 672 1036 εἰμὶ
692 984 783 1028 ἄξιος
803 986 976 1030 κληθῆναι
993 983 1063 1024 υἱός
1084 997 1163 1029 σου,

136 1040 280 1087 ποίησόν
295 1055 338 1090 με
354 1041 399 1081 ὡς
414 1038 475 1076 ἕνα
488 1042 556 1077 τῶν
575 1036 721 1090 μισθίων
742 1053 815 1075 σου.
828 1036 951 1079 Οὕτως
966 1034 1164 1074 ἱκετεύοντα

139 1094 179 1130 ἐκ
203 1093 327 1144 βάθους
343 1094 405 1138 τ’ῆς
416 1092 560 1144 καρδίας
580 1086 667 1130 εἶδεν
685 1090 787 1128 αὐτὸν
804 1093 821 1128 ὃ
843 1088 979 1140 βλέπων
1001 1090 1166 1138 πλημμε-

136 1147 305 1193 λοῦντας,
324 1145 384 1183 καὶ
410 1144 648 1196 παραὲλέπων
674 1143 958 1198 ἇμαρξάνοντας,
985 1142 1044 1179 καὶ
1069 1157 1165 1191 περι-

140 1198 252 1249 μένων
284 1200 401 1235 αὐτῶν
423 1197 486 1244 τὴν
522 1197 724 1249 μετάνοιαν·
752 1197 840 1234 εἶδεν
868 1195 968 1250 αῧὲὸν
999 1199 1017 1233 ὁ
1049 1193 1165 1245 πατὴρ

139 1254 242 1290 αὐτοῦ
254 1282 263 1297 ,
284 1252 344 1289 καὶ
363 1250 625 1302 ἐσπλαγχνίσθη
637 1267 644 1273 ·
665 1249 793 1303 Πατὴρ
813 1248 881 1301 γὰρ
900 1252 942 1294 ἦν
955 1250 998 1298 τῇ
1019 1246 1167 1299 χρηστό-

138 1321 242 1352 τητι,
265 1307 294 1342 εἰ
324 1304 383 1341 καὶ
415 1304 506 1347 Θεὸς
535 1307 671 1355 ὑπῆρχε
700 1305 744 1353 τῇ
777 1302 888 1354 φύσει.
923 1301 992 1339 Καὶ
1024 1299 1166 1351 δραμὼν

138 1357 260 1395 ἔπεσεν
281 1357 338 1395 ἐπὶ
358 1355 416 1393 τὸν
431 1356 607 1408 τράχηλον
628 1359 750 1402 αὐτοῦ,
775 1355 834 1392 καὶ
856 1354 1085 1404 κατεφίλησεν
1106 1355 1166 1390 αὖ·

138 1411 209 1447 τόν.
228 1412 305 1448 Οὐκ
325 1408 484 1460 ἀνέμεινε
500 1409 558 1446 τὸν
572 1407 862 1460 προσκρούσαντα
879 1406 1026 1453 πλησίον
1044 1408 1166 1453 ἐλθεῖν,

139 1463 215 1501 ἀλλ’
250 1463 351 1505 αὐτὸς
384 1464 478 1514 αὐτῷ
507 1461 757 1513 προαπήντησε
779 1458 978 1512 προθύμως.
1006 1458 1078 1496 Καὶ
1107 1461 1167 1496 οὐκ

139 1514 346 1559 ἐδδελύξατο
364 1514 421 1551 τὸν
447 1514 623 1566 τράχηλον
648 1516 774 1561 αὐτοῦ,
803 1515 850 1555 ὡς
870 1518 944 1554 ταῖς
971 1513 1089 1557 κηλῖσι
1105 1514 1166 1557 τῆς

141 1568 293 1611 ἀσωτίας
326 1567 557 1605 κατάστικτον
587 1567 647 1604 καὶ
678 1564 921 1617 μεμιαμμένον
939 1580 947 1587 ·
979 1563 1069 1601 ἀλλὰ
1092 1568 1167 1606 ταῖς

141 1621 325 1673 ἀχράντοις
346 1622 448 1658 αὐτοῦ
469 1619 570 1673 χερσὶ
585 1618 786 1672 περιλαὸὼν
801 1617 1030 1670 κατεφίλησεν
1055 1616 1168 1662 ἀπλή-

141 1690 231 1717 στως
249 1673 308 1711 τὸν
327 1673 437 1711 πάλαι
458 1672 542 1711 ποτὲ
563 1672 790 1723 ποθούμενον.
816 1670 868 1708 ἌΩ.
888 1673 950 1717 τῆς
971 1669 1103 1722 ἀράτου
1131 1685 1168 1707 τε

141 1727 200 1765 καὶ
223 1727 370 1779 ροῧερᾶς
393 1725 668 1777 εὐσπλαγχνίας·
690 1725 718 1762 ὣ
744 1723 940 1777 παραδόξου
970 1725 1167 1776 φιλανθρω-

141 1780 223 1823 πίας
236 1796 243 1803 ·
259 1780 287 1816 ὢ
305 1778 406 1823 ξένων
424 1780 595 1826 σπονδῶν,
618 1778 646 1815 ὢ
667 1778 768 1823 ξένων
789 1778 1032 1828 καταλλαγῶν.
1046 1775 1169 1814 Ἔπει-

142 1848 198 1870 σεν
220 1831 315 1875 εὐθὺς
334 1831 391 1869 τὸν
415 1832 505 1870 Θεὸν
533 1833 578 1874 εἷς
606 1831 715 1883 ῥοπὴν
734 1830 817 1880 μίαν
840 1830 948 1880 μόνην
968 1830 1028 1867 καὶ
1045 1845 1170 1880 συγκα-

142 1901 185 1922 τα
195 1889 293 1932 ,ἧναι
329 1890 401 1927 τοῖς
442 1884 612 1938 δάκρυσι,
653 1884 712 1922 καὶ
753 1885 998 1934 παραδραμεῖν
1039 1883 1170 1928 πλῆθος

142 1943 316 1977 τοσοῦτον.
328 1937 556 1987 Ἐθαύμασας
569 1938 695 1988 ἐνορῶν
706 1936 796 1975 Θεὸν
810 1935 1042 1974 κολακεύοντα
1056 1935 1170 1985 ἁμαρ-

142 1992 270 2038 τωλόν,
289 1988 338 2028 Ὢ
371 1993 433 2036 τ’ἧς
453 1993 600 2042 στοργῆς
628 1993 697 2028 τῶν
718 1989 927 2040 σπλάγχνων
948 1991 1016 2026 τῶν
1040 2003 1166 2040 πατρι-

144 2048 213 2082 κῶν
229 2060 236 2067 ·
269 2044 476 2095 ἁμαρτωλὸς
508 2045 565 2081 ἐπὶ
598 2045 662 2094 γῆς
697 2041 883 2094 ἐδάκρυσε,
918 2041 977 2078 καὶ
1015 2044 1032 2079 ὁ
1069 2041 1170 2090 μόνος

149 2097 391 2148 ἀναμάρτητος
419 2096 600 2151 οὐρανόθεν
627 2094 746 2134 ἑαυτὸν
771 2094 857 2147 πρὸς
884 2094 947 2140 τὴν
978 2096 1169 2146 φιλανθρω-

144 2150 227 2187 πίαν
254 2149 427 2187 ἐπέκλινε.
447 2150 480 2186 Τ
485 2149 512 2192 ίς
535 2148 604 2204 Ξίδέ
633 2164 718 2187 ποτε
740 2147 949 2200 ἁμαρτωλὸν
981 2147 1048 2185 ὑπὸ
1076 2148 1168 2184 Θεοῦ

144 2202 438 2253 κολακευόμενον,
458 2202 509 2245 τίς
528 2202 597 2239 εἰὸέ
610 2217 694 2240 ποτε
724 2201 782 2238 τὸν
801 2200 967 2246 δικαστὴν
982 2199 1168 2237 κατάδικον

145 2254 398 2306 θεραπεύοντα,
414 2254 465 2298 τίς
477 2249 544 2292 εἶδέ
556 2270 641 2293 ποτε
650 2254 858 2320 κατάκριτον
877 2253 1146 2303 κολακευόμενον
1160 2269 1169 2300 3

143 2308 236 2345 Ἀλλ’
256 2306 350 2357 ὅμως
365 2311 382 2345 ὃ
401 2308 491 2351 Θεὸς
519 2309 733 2359 παρακαλεῖ,
754 2308 800 2349 ως
828 2321 911 2344 ποτε
933 2305 990 2343 τὸν
1012 2306 1169 2359 Ἰσραήλ.

146 2360 238 2403 Λαός
258 2375 322 2410 μου
336 2392 346 2408 ,
373 2360 479 2412 φησὶ,
505 2359 539 2397 τί
563 2359 718 2407 ἠδίκησά
737 2375 793 2406 σε,
813 2358 835 2405 ἢ
861 2358 895 2396 τί
915 2358 1171 2410 παρηνόχλησά

149 2429 227 2459 σοις
248 2412 317 2450 Καὶ
348 2416 407 2451 ν’ῦν
431 2413 476 2451 τὰ
504 2413 591 2450 αὐτὰ
613 2413 762 2463 γίνεται,
782 2412 842 2450 καὶ
871 2411 1021 2462 ἐγένετο,
1050 2411 1169 2458 ἐπειδὴ

146 2465 254 2507 οὕτως
272 2468 289 2502 ὃ
318 2465 596 2508 εὐκατάλλακτος
612 2466 773 2516 βούλεται
788 2464 878 2506 Θεὸς
891 2495 900 2511 ,
922 2464 1030 2508 οὕτως
1055 2463 1170 2502 εἴωθεν

147 2521 202 2569 ὑφ’
234 2521 356 2555 ἑαυτοῦ
388 2521 549 2555 νικᾶσθαι
575 2521 592 2554 ὁ
618 2517 746 2569 Πατὴρ
783 2520 851 2554 τῶν
888 2518 1076 2568 οἰκτιρμῶν
1112 2517 1172 2554 καὶ

148 2571 237 2613 Θεὸς
258 2569 373 2623 migne
391 2570 658 2620 παρακλήσεως.
678 2572 731 2607 Οὐ
753 2568 815 2618 μὲν
835 2568 988 2619 ἠρκέσθη
1007 2570 1140 2611 τούτοις
1155 2573 1173 2608 ὃ

150 2623 281 2665 ἄσωτος
303 2625 400 2665 οὗτος
417 2622 504 2664 υἱός·
523 2622 614 2661 ἀλλὰ
643 2622 703 2660 καὶ
731 2623 765 2659 ἐν
798 2628 867 2664 τοῖς
898 2624 959 2667 της
991 2621 1174 2671 μετανοίας

150 2678 290 2725 ἀγαθοῖς
310 2675 443 2719 ἄσωτος
458 2674 519 2721 ὢν,
539 2674 615 2713 οὐδὲ
630 2674 787 2725 ἐνόμισεν
806 2676 898 2725 αὐτῷ
913 2673 999 2726 πρὸς
1019 2674 1059 2711 τὸ
1080 2675 1175 2720 πλῆ-

151 2733 207 2771 θος
225 2731 294 2766 τῶν
314 2728 585 2779 ἁμαρτηθέντων
613 2727 677 2774 τὴν
703 2726 876 2772 τοσαύτην
913 2726 1173 2779 φιλανθρωπίαν

151 2782 236 2833 πρὸς
251 2780 314 2826 τὴν
337 2780 470 2818 τελείαν
491 2780 664 2832 σωτηρίαν
689 2781 823 2832 ἀρκεῖν·
847 2780 923 2817 ἀλλ’
951 2779 1039 2830 ἅπερ
1056 2779 1176 2829 ἐμελέ-

151 2849 254 2880 τησεν
275 2836 382 2871 εἰπεῖν
405 2836 455 2884 τῷ
483 2833 612 2886 πατρὶ,
634 2837 743 2872 ταῦτα
763 2833 822 2870 καὶ
854 2831 974 2884 παρὼν
1006 2832 1177 2883 διελέγετο

157 2886 247 2936 μετὰ
281 2891 340 2925 τοῦ
375 2887 566 2937 πρέποντος
596 2886 796 2938 σχήματος·
816 2885 950 2936 πάτερ,
975 2884 1006 2922 εἴ
1030 2901 1069 2936 γε
1089 2886 1176 2928 ὅλως

153 2939 265 2983 ἔξεστί
296 2955 356 2989 μοι
375 2938 512 2991 πατέρα
530 2954 567 2976 σε
598 2942 723 2977 εἰπεῖν·
755 2941 785 2976 εἰ
813 2938 860 2988 μὴ
889 2938 1069 2976 καὶτοῦτο
1089 2937 1177 2988 μετὰ

152 2996 220 3030 τῶν
242 2992 357 3030 ἄλλων
379 3007 445 3042 μου
464 2991 709 3042 πταισμάτων,
733 2992 848 3029 καλῶν
868 3006 906 3028 σε
920 2990 1076 3043 πατέρα,
1097 2990 1175 3034 ἐξα-

155 3044 342 3096 μαρτάνω·
381 3046 410 3081 εἰ
445 3044 493 3094 μὴ
527 3044 656 3096 ὓὸρίζω
689 3047 731 3096 τῇ
758 3043 883 3089 κλήσει
901 3043 941 3080 τὸ
974 3043 1178 3095 ἀνύὸριστον

152 3099 278 3149 ὄνομα·
304 3096 399 3147 εἰμὴ
419 3096 526 3134 κλείει
559 3112 623 3146 μου
644 3095 688 3134 τὰ
717 3096 819 3148 χείλη
846 3096 914 3134 ι’τὸ
948 3095 1117 3138 συνειδός·
1152 3098 1180 3133 εἷ

155 3152 203 3201 μὴ
223 3151 344 3201 δεσμεῖ
367 3165 431 3200 μου
451 3149 515 3196 τὴν
537 3153 695 3200 γλῶτταν
717 3153 734 3187 ὁ
760 3148 885 3200 τρόπος
914 3151 975 3194 τ’ἧς
1004 3148 1179 3202 πράξεως·

155 3206 185 3241 εἰ
213 3203 261 3253 μὴ
285 3202 414 3241 κωλύει
443 3218 507 3253 μου
534 3203 592 3241 τὸν
619 3203 721 3253 λόγον
748 3205 765 3240 ὁ
805 3201 896 3252 βίος·
923 3201 1039 3247 δέξαι,
1070 3201 1181 3253 πάτερ

157 3256 255 3307 ἅγιε,
279 3256 395 3302 δέησιν
425 3254 583 3308 ῥυπαρὰν
605 3256 644 3292 ἐκ
676 3254 848 3305 στόματος
872 3257 1036 3306 ῥυπαροῦ.
1063 3254 1183 3306 Πάτερ

2115 193 2206 239 033

1232 296 1298 332 hus
1317 293 1482 331 continuo
1492 300 1614 344 pectus
1627 305 1731 328 suum
1751 300 1926 342 rumperet
1944 305 1983 327 ac
1999 300 2207 342 percuteret,

1232 354 1352 398 utpote
1369 344 1464 395 quod
1478 358 1669 396 pravarum
1685 343 1938 393 cogitationum
1951 353 2036 381 esset
2057 345 2210 390 officina,

1231 408 1263 436 et
1279 398 1417 435 vultum
1441 406 1542 434 terrae
1564 396 1736 446 affigeret,
1755 404 1859 444 atque
1874 396 1919 431 ab
1935 396 2046 432 oculis
2069 397 2143 433 suis
2162 397 2212 433 la—

1232 464 1436 502 crymarum
1453 458 1608 501 posceret
1626 448 1739 485 stillas
1756 447 1899 485 comites
1922 447 1966 484 ad
1991 448 2211 486 interceden—

1232 503 1330 549 dum,
1349 512 1381 540 et
1406 502 1669 539 excusationem
1701 499 1953 538 meditaretur:
1975 500 2073 551 prius
2097 502 2213 538 excla-

1232 556 1343 594 mavit
1363 569 1448 593 voce
1473 568 1613 605 magna,
1628 569 1707 592 cum
1723 553 1893 605 lacrymis
1918 552 2050 598 dicens,
2076 554 2209 597 Pater,

1231 612 1390 660 peccavi
1402 611 1443 645 in
1459 609 1597 646 coelurn
1615 616 1651 644 et
1665 621 1795 645 coram
1811 615 1860 643 te.
1884 605 2045 653 Peccavi,
2062 614 2113 642 snt
2130 606 2212 651 scio,

1234 662 1374 699 Christe
1389 661 1542 699 Domine
1556 670 1590 698 et
1605 662 1723 709 Deus3
1739 668 1880 712 peccata
1897 672 1973 695 mea
1988 668 2023 695 tu
2041 658 2136 695 solus
2153 672 2214 695 no-

1235 715 1299 763 sti;
1316 714 1473 767 peccavi,
1500 713 1675 759 miserere,
1696 722 1735 750 ut
1755 714 1850 750 Deus
1869 720 1902 749 et
1921 711 2110 748 Dominus.
2136 712 2214 749 Non

1235 782 1313 805 sum
1329 767 1460 819 dignus
1489 776 1529 804 ut
1549 767 1584 804 in
1612 766 1737 803 caelum
1757 766 1906 812 intuear,
1930 774 1962 802 et
1989 773 2021 801 te
2051 764 2217 816 deprecer

1386 212 1604 242 PRODiGo.

1202 832 1208 841 '
1236 820 1413 872 optimum
1430 820 1627 857 Dominum
1651 833 1784 864 meum,
1811 826 1933 870 utpote
1951 818 2013 868 qui
2051 817 2218 855 maximis

1236 883 1269 912 et
1304 872 1526 925 gravissimis
1562 872 1715 924 pcccatis
1744 880 1919 908 scateam:
1942 870 2120 907 numerari
2148 884 2215 907 non

1237 935 1384 979 possunt
1398 934 1539 978 peccata
1550 939 1639 962 mea.
1658 924 1838 972 Miserere,
1851 938 1933 961 cum
1944 923 2058 960 bonus
2068 922 2115 960 sis
2129 937 2218 960 sem-

1237 993 1299 1032 per
1322 980 1436 1028 Deus,
1462 980 1655 1029 Quoniam
1686 979 1828 1029 dignus
1863 991 1940 1013 non
1961 990 2045 1014 sum
2083 980 2219 1014 ‘vocari

1234 1033 1344 1085 filius
1365 1032 1553 1084 tuus;sac
1573 1045 1633 1068 me
1647 1033 1745 1068 sicut
1765 1044 1886 1067 unum
1905 1030 1952 1066 de
1974 1032 2219 1067 mercenariis

1240 1088 1328 1123 tuis.
1355 1085 1414 1123 Sic
1447 1099 1492 1123 ex
1515 1083 1640 1121 intimo
1669 1092 1810 1135 pectore
1839 1082 2085 1134 deprecantem
2118 1081 2220 1125 vidit,

1239 1138 1301 1189 qui
1319 1137 1562 1188 delinquentes
1589 1136 1700 1183 videt,
1718 1145 1751 1174 et
1772 1137 1808 1173 in
1833 1144 2058 1188 peccatorum
2082 1134 2221 1173 sceleri-

1239 1191 1307 1228 bus
1326 1191 1502 1237 connivet,
1524 1203 1716 1240 eorumque
1739 1188 1982 1241 poenitentiam
2013 1197 2191 1240 exspectat
2213 1205 2219 1224 :

1240 1244 1334 1281 vidit
1354 1258 1434 1281 eum
1451 1253 1550 1296 pater
1578 1243 1664 1294 ejus,
1685 1252 1717 1280 et
1737 1242 1961 1279 miseratione
1986 1241 2114 1278 ductus
2142 1251 2191 1278 est
2211 1257 2218 1277 ε

1241 1298 1345 1334 Pater
1365 1297 1497 1349 quippe
1515 1305 1588 1334 erat
1602 1296 1773 1343 bonitate,
1794 1295 1876 1333 licet
1896 1296 1991 1332 Deus
2011 1304 2098 1331 esset
2119 1303 2221 1331 natu-

1240 1364 1292 1387 ra.
1315 1352 1352 1388 E
1357 1359 1370 1387 t
1401 1363 1606 1387 accurrens
1625 1350 1763 1386 cecidit
1797 1362 1909 1399 super
1945 1348 2090 1384 collum
2124 1350 2218 1399 ejus.

1241 1412 1278 1440 et
1297 1403 1494 1441 osculatus
1523 1411 1579 1439 est
1607 1416 1703 1439 eum.
1729 1402 1807 1438 Non
1825 1400 2054 1453 exspectavit,
2082 1409 2136 1449 ut,
2161 1401 2222 1450 qui

1241 1455 1448 1503 offenderat,
1471 1468 1581 1507 prope
1594 1454 1788 1503 accederet,
1807 1453 1868 1490 sed
1888 1454 1963 1506 ipse
1990 1453 2045 1490 illi
2076 1467 2224 1505 propere

1241 1508 1412 1546 occurrit:
1431 1522 1543 1557 neque
1558 1507 1588 1558 ej
1595 1521 1634 1544 us
1651 1507 1782 1544 collum
1801 1505 1992 1544 detestatus
2008 1515 2070 1553 est,
2086 1515 2124 1543 ut
2144 1521 2224 1544 sor—

1240 1560 1348 1598 dibus
1364 1560 1627 1598 incontinentiae
1644 1568 1908 1611 compunctum,
1925 1568 2030 1609 atque
2041 1558 2224 1607 foedatum3

1242 1613 1302 1651 sed
1332 1613 1531 1666 impollutis
1560 1612 1724 1650 manibus
1760 1611 1832 1649 suis
1863 1625 1945 1649 eum
1991 1611 2198 1663 complexus
2214 1642 2223 1660 7

1241 1666 1466 1705 deosculatus
1498 1675 1563 1716 est,
1584 1679 1689 1716 quem
1713 1664 1799 1702 olim
1819 1664 2092 1712 desideraverat,
2113 1664 2160 1702 ita
2188 1674 2227 1702 ut

1242 1720 1409 1758 exsatiari
1429 1733 1498 1757 non
1514 1728 1644 1771 posset.
1669 1719 1700 1757 Ο
1723 1717 1940 1755 ineffabilem
1971 1717 2078 1755 simul
2098 1726 2130 1755 et
2158 1727 2226 1755 trc-

1244 1773 1412 1811 mendam
1430 1771 1710 1810 misericordiam
1725 1770 1733 1810 I
1762 1785 1782 1808 ο
1798 1770 2044 1809 incredibilem
2063 1771 2229 1808 humani-

1242 1826 1374 1865 tatem!
1393 1841 1412 1863 o
1430 1825 1603 1878 stupenda
1617 1823 1740 1877 pacta!
1760 1838 1780 1861 o
1796 1824 1999 1862 mirabilem
2023 1824 2228 1861 reconcilia—

1243 1879 1374 1917 tionem
1387 1877 1396 1916 Ῐ
1412 1879 1554 1916 Insscxit
1567 1878 1734 1916 continuo
1748 1878 1944 1925 Deum‚vel
1957 1891 2026 1914 uno
2036 1887 2226 1925 momento,

1243 1931 1289 1969 ad
1307 1931 1357 1980 id,
1373 1940 1412 1969 ut
1440 1940 1517 1969 tum
1548 1931 1717 1983 lacrymis
1738 1930 1891 1979 cederet,
1918 1940 1995 1968 tum
2014 1939 2148 1968 tantam
2167 1930 2226 1967 de-

1244 1985 1409 2023 lictorum
1419 1983 1687 2021 multitudinem
1696 1984 1902 2035 praeteriret.
1917 1985 2012 2021 Num
2023 1984 2171 2021 miratus
2179 1998 2227 2031 es,

1244 2052 1326 2075 cum
1345 2037 1486 2075 videres
1501 2039 1618 2075 Deum
1648 2036 1825 2087 peccatori
1852 2035 2037 2073 blandiri?
2053 2038 2084 2074 O
2104 2036 2227 2087 ingen-

1243 2099 1314 2128 tem
1347 2104 1502 2127 amorem
1528 2089 1707 2129 viscerum
1736 2087 1981 2140 paternorum!
1998 2089 2164 2126 Peccator
2190 2090 2227 2126 in

1244 2142 1346 2181 terris
1360 2143 1537 2195 lacrymas
1564 2141 1671 2189 fudit,
1693 2142 1800 2191 etqui
1816 2141 1912 2179 solus
1932 2150 1984 2178 est
2009 2142 2143 2193 peccati
2165 2156 2226 2179 ex-

1243 2211 1335 2249 pers7
1358 2196 1403 2233 de
1415 2196 1509 2233 caelis
1524 2195 1680 2247 seipsum
1695 2193 1741 2231 ad
1756 2194 2014 2231 humanitatem
2029 2194 2226 2232 inclinavit.

1243 2249 1333 2297 Quis
1365 2263 1537 2299 umquam
1557 2247 1654 2285 vidit
1672 2256 1903 2298 peccatorem,
1930 2247 1987 2284 cui
2022 2247 2230 2285 adularetur

1244 2301 1443 2352 Deus?quis
1454 2315 1624 2351 umquam
1631 2300 1742 2352 viditj
1749 2300 1887 2338 udicem
1894 2300 2050 2338 officiose
2057 2301 2228 2338 colentem

1244 2356 1364 2394 rcum?
1379 2354 1459 2405 quis
1472 2369 1643 2404 umquam
1656 2354 1773 2391 ullum
1786 2353 1881 2391 vidit
1895 2352 2034 2391 adulari
2042 2353 2228 2391 damnato?

1244 2411 1501 2448 Verumtamen
1519 2408 1715 2444 obtestatur
1734 2408 1841 2452 Deus,
1862 2415 1902 2443 ut
1927 2406 2012 2443 olim
2046 2407 2223 2444 Israelem.

1245 2461 1395 2514 Popule
1411 2474 1530 2506 meus,
1554 2459 1682 2510 inquit,
1704 2473 1810 2509 quam
1829 2459 1998 2510 injuriam
2020 2459 2088 2496 tibi
2107 2459 2226 2507 intuli,

1247 2523 1315 2552 aut
1341 2514 1436 2565 quid
1465 2513 1727 2565 molestusfui
1740 2514 1836 2549 tihi?
1859 2512 1962 2549 Nunc
1976 2512 2084 2550 etiam
2103 2513 2227 2550 eadem

1246 2568 1352 2609 fiunt,
1373 2575 1405 2603 et
1424 2566 1516 2603 facta
1535 2574 1617 2602 sunt
1633 2595 1642 2607 ,
1663 2563 1954 2614 quandoquidem
1980 2565 2030 2603 ita
2051 2566 2131 2603 vult
2148 2566 2225 2618 pla-

1246 2628 1326 2657 catu
1345 2618 1460 2655 facilis
1492 2619 1600 2665 Deus,
1620 2617 1670 2654 ita
1691 2617 1778 2655 solet
1805 2631 1825 2654 a
1857 2617 1972 2669 seipso
2003 2618 2101 2656 vinci
2126 2628 2226 2670 pater

1247 2670 1574 2710 misericordiarum
1614 2679 1648 2707 et
1683 2671 1780 2708 Deus
1811 2670 1920 2708 totius
1961 2672 2222 2709 consolationis.

1246 2728 1369 2775 Neque
1383 2738 1467 2762 vero
1485 2723 1542 2760 his
1555 2731 1738 2760 contentus
1755 2723 1825 2760 fuit
1841 2723 2016 2776 prodigus
2034 2724 2095 2762 ille
2113 2725 2224 2774 silius,

1247 2778 1309 2816 sed
1328 2779 1365 2815 in
1391 2776 1435 2814 iis
1456 2776 1560 2814 bonis
1581 2790 1661 2826 quae
1687 2775 1735 2813 ad
1759 2777 2003 2828 poenitentiam
2035 2778 2226 2830 pertinent,

1247 2831 1422 2883 prodigus
1435 2830 1516 2867 fuit.
1534 2831 1614 2867 Non
1635 2828 1731 2866 enim
1748 2829 1911 2868 sufficere
1925 2830 1994 2868 sibi
2008 2840 2142 2868 tantam
2160 2831 2228 2868 hu-

1249 2883 1454 2921 manitatem
1473 2882 1510 2920 in
1529 2891 1624 2920 tanta
1644 2881 1874 2921 multitudine
1891 2893 2117 2935 peccatorum
2133 2884 2229 2922 arbi-

1250 2945 1363 2974 tratus
1376 2945 1440 2981 est,
1455 2935 1500 2973 ad
1515 2935 1707 2987 perfectam
1724 2935 1875 2974 salutem
1892 2929 2138 2985 obtinendam3
2156 2937 2228 2981 sed,

1251 3004 1328 3040 quae
1351 2988 1446 3041 patri
1459 2988 1578 3026 dicere
1595 2988 1786 3026 meditatus
1803 2998 1880 3026 erat
1897 2999 2011 3033 antea,
2032 3004 2071 3027 ca
2087 2998 2120 3026 et
2140 3004 2230 3041 prze-

1251 3056 1329 3080 sens
1346 3041 1569 3080 convenienti
1586 3042 1713 3079 habitu
1734 3042 1950 3094 compositus
1969 3042 2064 3080 dixit
2082 3056 2089 3078 :
2111 3044 2228 3089 Pater,

1252 3095 1281 3133 si
1300 3094 1447 3145 quidem
1465 3094 1609 3132 omnino
1626 3095 1710 3133 licet
1742 3104 1880 3147 patrem
1901 3104 1935 3132 te
1953 3096 2144 3147 appellare,
2163 3094 2231 3131 nisi

1253 3148 1343 3186 forte
1358 3157 1390 3185 et
1406 3147 1443 3185 in
1461 3147 1529 3185 hoc
1545 3157 1674 3199 praeter
1692 3147 1761 3185 alia
1781 3162 1855 3185 mea
1870 3147 1998 3185 delicta
2012 3162 2128 3199 pecco,
2146 3147 2232 3184 dum

1255 3211 1289 3239 te
1325 3209 1462 3253 patrem
1493 3215 1606 3249 voco3
1626 3201 1694 3238 nisi
1726 3214 1852 3238 nomen
1890 3200 1981 3237 illud
2024 3199 2234 3237 contumelia

1256 3254 1389 3304 afficio,
1410 3253 1507 3304 quod
1526 3262 1625 3291 extra
1640 3267 1780 3291 omnem
1799 3253 2017 3290 contumeliae
2041 3252 2153 3289 aleam
2174 3267 2236 3303 po-

157 3309 248 3346 κατὰ
266 3308 386 3360 χάριν,
416 3308 476 3345 καὶ
509 3307 699 3360 δημιουργὲ
731 3307 821 3345 κατὰ
853 3306 965 3358 φύσιν,
1002 3306 1183 3359 Ἥμαρτον
1209 3317 1231 3345 F.
1257 3307 1364 3345 situm
1382 3316 1449 3357 est;
1470 3307 1536 3344 nisi
1559 3305 1651 3344 labia
1673 3320 1747 3343 mea
1765 3305 1973 3343 conscientia
1991 3304 2125 3342 claudit
2143 3320 2151 3351 ;
2171 3304 2240 3341 nisi

211 3417 224 3439 ὓ
250 3414 311 3446 Alii
328 3420 361 3449 τὸ
379 3417 494 3453 ὄνειδος.

2310 570 2318 583 x
2362 562 2393 580 21

2314 1002 2322 1015 ῑ
2371 998 2416 1028 19.

2317 1368 2330 1382 v
2371 1364 2419 1384 20.

2245 2468 2296 2495 Δ111(
2307 2468 2335 2496 lt.
2351 2467 2380 2497 6.
2395 2467 2423 2495 5.
