2507 3673
733 232 771 259 ΙΝ
815 230 1191 260 ΙΝΕΛΚΝΛΊῚΟΝΕΜ
1229 228 1367 257 Domum
1380 228 1406 266 Ι,

97 316 113 350 ὁ
130 314 238 363 Ἀδὰμ
253 308 423 356 ἐπλάσθη.
439 310 548 347 Πόθεν
565 313 682 357 τοῦτο,
697 310 817 349 Ἄκουε
839 309 980 348 Παύλου
1000 308 1119 360 λέγον-

97 382 172 410 τος.
193 366 245 404 Τὸ
263 363 452 415 μυστήριον
472 362 511 399 τὸ
535 363 842 413 ἀποκεκρυμμένον
858 362 927 400 ἀπὸ
943 365 1011 399 τῶν
1033 360 1120 398 αἷώ-
1133 386 1180 409 221
1194 357 1298 396 Unde
1332 357 1417 394 loc?
1436 355 1531 393 Audi
1554 354 1706 392 Paulum
1723 354 1918 392 dicentem:
1939 358 1987 393 M
1980 359 2174 404 ysterium
2191 365 2255 392 Cot.
2280 374 2302 391 ι.
2323 362 2372 391 26.

1448 228 1472 254 Ε
1485 227 1550 254 l'C.

2081 207 2172 270 89³]

1193 306 1300 345 Stolos
1319 304 1569 393 pertinebant,
1597 311 1631 340 et
1662 311 1745 339 tunc
1773 303 1945 340 formatus
1966 312 2016 341 est
2047 303 2171 340 Adam.

97 434 163 455 νων
183 418 242 456 καὶ
261 420 329 454 τῶν
349 416 474 466 γενεῶν
489 430 496 437 ·
518 414 595 460 καὶ,
618 415 814 466 Εὐλογητὸς
833 418 850 452 ὁ
874 413 962 456 Θεὸς
990 416 1007 450 ὁ
1027 415 1122 450 εὐλο-
1146 423 1171 450 Λ
1193 410 1462 447 absconditum
1483 422 1508 444 α
1529 406 1679 444 saeculis
1698 415 1732 443 et
1756 411 2066 457 generationibus
2084 425 2096 452 ,·
2118 417 2170 454 et,

96 470 208 520 γήσας
241 472 334 519 ἡμᾶς
363 469 397 505 ἐν
430 466 526 516 πάσῃ
556 467 696 520 εὐλογίᾳ
725 469 944 517 πνευματικῇ
981 467 1014 502 ἐν
1051 470 1122 506 τοῖς

98 522 332 575 ἐπουρανίοις,
349 518 462 561 καθὼς
489 519 665 563 ἐξελέξατο
693 523 786 570 ἡμᾶς
817 521 851 556 ἐν
880 520 1023 569 Χριστῷ
1055 517 1123 568 πρὸ

97 574 296 618 καταδολῆς
313 572 444 622 κόσμου
457 600 466 616 ,
482 571 668 624 προορίσας
685 574 778 621 ἡμᾶς
790 573 839 614 εἰς
851 570 1036 608 υἱοθεσίαν.
1051 568 1122 606 Καὶ

98 628 256 678 ἀλλαχοῦ
274 625 354 676 περὶ
371 627 513 669 ἑαυτοῦ,
537 624 596 661 καὶ
610 626 678 661 τῶν
699 627 775 661 κατ’
797 623 899 660 αὐτὸν
919 621 1034 673 λέγει,
1049 620 1122 663 Οὒς

97 679 255 732 προέγνω
278 676 505 728 συμμόρφους
524 679 586 721 τῆς
603 676 732 718 εἰκόνος
752 679 812 713 τοῦ
829 676 913 712 Υἰοῦ
940 676 1056 711 αὐτοῦ.
1072 675 1126 710 Οὐ

98 731 200 781 μόνον
218 730 254 769 δὲ
273 730 473 782 προωρίσθη
498 729 557 767 καὶ
583 728 744 780 ἐξελέχθη
756 758 766 776 ,
787 726 877 765 ἀλλὰ
903 725 962 763 καὶ
980 725 1043 771 τὴν
1062 725 1126 776 χά-

101 800 164 836 ριν,
181 784 223 829 ἣν
240 784 342 821 ἔλαὸε
363 783 503 824 Παῦλος
522 780 610 830 μετὰ
625 780 757 822 πολλὰς
773 778 908 829 γενεὰς,
919 777 1027 820 οὕτως
1041 779 1126 815 ἐπα-

101 840 296 887 ριθμεῖται,
318 838 364 877 ὡς
383 833 502 871 λαὸὼν
522 833 629 879 αὐτὴν
653 833 721 883 πρὸ
744 834 812 868 τῶν
837 830 982 868 αἰώνων.
1013 830 1124 867 Πόθεν

98 892 220 935 τοῦτο,
248 887 354 938 Λέγει
379 885 561 935 Τιμοθέῳ,
586 884 705 922 τέκνον
740 883 912 934 Τιμόθεε,
947 885 1126 933 Συγκακο-

98 942 254 988 πάθησον
283 943 332 990 τῷ
361 937 551 987 εὐαγγελίῳ
570 936 661 974 κατὰ
683 936 828 986 δύναμιν
851 938 943 974 Θεοῦ
971 939 1030 973 τοῦ
1057 934 1127 973 σώ-

100 1009 223 1037 σαντος
241 995 354 1042 ἡμᾶς,
380 991 438 1028 καὶ
461 988 671 1032 καλέσαντος
690 989 812 1035 κλήσει
840 989 941 1040 ἁγίᾳ,
968 991 1007 1026 οὐ
1035 988 1126 1025 κατὰ

99 1045 142 1083 τὰ
163 1045 247 1097 ἔργα
277 1047 391 1094 ἡμῶν,
422 1041 511 1080 ἀλλὰ
542 1043 619 1080 κατ’
639 1041 727 1079 ἰδίαν
755 1041 917 1094 πρόθεσιν
939 1041 997 1079 καὶ
1021 1041 1125 1092 χάριν

101 1098 164 1144 τὴν
199 1100 356 1135 δοθεῖσαν
388 1099 473 1146 ἡμῖν
502 1096 536 1131 ἐν
576 1096 720 1147 Χριστῷ
745 1093 861 1139 Ἰησοῦ
893 1094 961 1145 πρὸ
992 1093 1126 1146 χρόνων

101 1151 261 1189 αἰωνίων.
279 1148 480 1193 Ἐξελέξατο
509 1148 577 1199 πρὸ
604 1147 803 1193 καταδολῆς
823 1146 954 1196 κόσμου
968 1177 976 1193 ,
1006 1144 1127 1197 προώ-

103 1219 175 1255 ρισε
196 1202 263 1255 πρὸ
281 1204 350 1240 τῶν
373 1200 520 1246 αἰώνων,
540 1200 730 1251 ἐχαρίσατο
753 1203 838 1249 ἡμῖν
869 1199 936 1250 πρὸ
956 1201 1023 1236 τῶν
1046 1198 1129 1235 αἰώ-

102 1273 169 1293 νων
182 1272 189 1279 ·
212 1255 272 1293 καὶ
291 1258 402 1292 ταῦτα
425 1253 541 1291 πάντα
568 1253 722 1304 συνᾴδει,
740 1251 793 1289 ὅτι
821 1253 889 1305 πρὸ
908 1254 971 1297 τ’ἧς
995 1255 1054 1289 τοῦ
1072 1253 1130 1288 ἀν·

104 1308 241 1359 Ορώπου
263 1309 480 1351 κατασκευῆς
509 1304 676 1360 προώρρη
703 1304 762 1342 καὶ
791 1304 992 1356 προωρίσθη
1023 1307 1042 1349 ἡ
1070 1307 1129 1341 τοῦ

842 1358 847 1368 x

103 1363 269 1413 Σωτῆρος
287 1359 478 1409 οἰκονομία.
499 1357 590 1395 Ἀλλ’
610 1359 708 1405 οἰδα,
724 1356 777 1394 ὅτι
796 1373 854 1395 και
875 1360 909 1395 ἐν
930 1357 1040 1409 φίλοις
1058 1357 1140 1393 Stoi-⁸

103 1413 252 1465 λέγομαι
284 1416 346 1458 τ’ῆς
373 1409 568 1453 εὐσεὲείας·
597 1410 705 1448 ἐνίοτε
729 1409 764 1447 δὲ
795 1410 854 1447 καὶ
885 1412 920 1447 ἐν
952 1408 1134 1447 κατασκό-

103 1481 201 1513 ποις,
223 1465 256 1503 οἳ
283 1467 320 1503 οὗ
346 1464 430 1515 πρὸς
455 1463 494 1501 τὸ
522 1462 694 1514 συμφέρον
715 1461 899 1513 βλέποντες
920 1466 988 1500 τῶν
1007 1476 1134 1512 κηρυτ-

105 1517 272 1568 τομένων,
305 1518 380 1554 ἀλλ’
408 1515 442 1553 ἓν
476 1515 574 1566 ἔργον
609 1514 800 1565 τιθέμενοι,
825 1517 899 1558 πῶς
936 1514 1136 1553 ε’πιλοίὸων-

106 1586 165 1608 ται
186 1574 246 1609 τοῦ
272 1569 453 1619 λέγοντος,
481 1563 530 1605 &v
560 1568 698 1613 ἀληθῶς
717 1568 755 1604 οὔ
791 1571 884 1617 μισῶ
903 1567 961 1605 τὸν
992 1566 1135 1618 τρόπον,

107 1622 198 1661 ἀλλὰ
219 1623 350 1673 μᾶλλον
372 1623 458 1658 ἐλεῶ
473 1636 480 1643 ·
504 1620 598 1671 ὅμως
619 1619 712 1658 κατὰ
739 1620 798 1658 τὸν
837 1619 1043 1667 ἀπόστολον,
1067 1618 1136 1656 Διὰ

106 1675 184 1719 τοὺς
204 1674 458 1726 παρεισάκτους
481 1672 755 1725 ψευδαδέλφους,
769 1672 890 1715 οἵτινες
920 1671 1137 1724 εἰσέρχονται

108 1730 378 1773 κατασκοπῆσαι
402 1726 464 1772 τὴν
487 1725 681 1778 ἐλευθερίαν
701 1728 823 1775 ἡμῶν,
843 1726 1078 1777 γυμνάσωμεν
1098 1724 1138 1762 τὸ

109 1779 235 1831 νόημα.
252 1779 405 1817 Δύναται
425 1778 494 1831 γαρ
513 1781 530 1816 ὅ
552 1779 674 1829 ἐχθρὸς
689 1777 833 1821 ἐξελθὼν
855 1781 975 1825 εἰπεῖν,
1002 1777 1138 1830 μεγάλη

111 1832 290 1884 θεολογία·
319 1832 485 1887 εἰσῄγαγε
513 1831 571 1868 τὸν
605 1830 695 1869 Θεὸν
728 1830 962 1880 σκεπτόμενον
992 1830 1052 1867 καί
1082 1829 1137 1868 λέ-

108 1902 232 1937 γοντα,
253 1886 328 1923 ἐπεὶ
353 1888 410 1922 οὖν
432 1883 555 1922 πολλοὶ
574 1882 727 1934 γίνονται
752 1883 888 1929 πλάνης
915 1883 1136 1928 διδάσκαλοι,

108 1938 142 1976 τί
161 1938 258 1976 ἔσται
273 1955 282 1985 ;
297 1937 356 1975 καὶ
372 1937 428 1974 τὸν
443 1936 588 1987 Πατέρα
609 1935 754 1987 λέγοντα
769 1938 818 1987 τῷ
834 1937 927 1988 Υἱῷ,
942 1937 988 1978 ὡς
1009 1935 1138 1973 ἐκείνου

110 1990 173 2041 μὲν
204 1992 431 2042 ἀποροῦντος,
467 1988 590 2026 τούτου
623 1988 658 2028 δὲ
690 1987 911 2031 διδάσκοντος
945 1993 1070 2026 ταῦτα.
1094 1989 1140 2025 Αἱ

108 2043 269 2095 Γραφαὶ,
290 2042 370 2080 ὅταν
396 2041 607 2079 παιδεύωσιν
629 2044 723 2091 ἡμᾶς
742 2041 823 2092 περὶ
845 2043 959 2087 Θεοῦ,
977 2040 1138 2078 οὐδέποτε

108 2097 305 2147 ἁρμόζοντα
324 2098 367 2146 τῇ
384 2094 460 2146 Θεία
478 2094 623 2144 δυνάμει
645 2092 850 2145 φθέγγονται
866 2094 1025 2145 ῥήματα,
1049 2093 1139 2131 ἀλλὰ

109 2148 289 2200 πρέποντα
308 2151 351 2198 τῇ
374 2147 529 2198 ἡμετέρα
547 2141 817 2197 ἀσθενεία.ῗΑρα
835 2146 921 2198 γὰρ,
935 2146 991 2184 ὅτε
1013 2149 1030 2184 ὅ
1050 2144 1140 2189 Θεὸς

109 2201 242 2245 καθίζει
262 2199 486 2251 δικαστήριον
515 2199 742 2250 ἀνθρώπινον,
759 2199 819 2236 καὶ
851 2199 967 2250 λέγει,
985 2197 1054 2236 Καὶ
1081 2203 1144 2236 νῦν

110 2253 150 2292 σὺ
173 2254 353 2306 ἅνθρωπος
374 2257 433 2290 τοῦ
448 2250 585 2299 Ἰούδα,
602 2251 661 2288 καὶ
680 2253 710 2288 οἳ
730 2257 972 2294 κατοικοῦντες
995 2250 1057 2297 τὴν
1074 2250 1138 2288 Ἱε-

113 2305 320 2358 ρουσαλὴμ,
340 2304 482 2356 κρίνατε
503 2303 570 2341 ἀνὰ
601 2303 705 2353 μέσον
735 2307 836 2354 ἐμοῦ,
856 2304 917 2342 καὶ
944 2304 1009 2341 ἀνὰ
1036 2302 1139 2354 μέσον

110 2357 315 2409 ἀμπελῶνός
332 2373 397 2408 μου
411 2386 419 2402 ,
441 2356 474 2394 τί
496 2355 563 2394 ἔδει
580 2373 623 2407 με
637 2359 783 2402 ποι-ἧσαι
795 2387 804 2404 ,
822 2357 881 2401 καὶ
896 2358 956 2394 οὐκ
971 2357 1136 2403 ἐποίησα,

109 2413 296 2454 λαλοῦντος
317 2414 338 2456 ἡ
363 2409 479 2462 φωνὴ,
500 2408 522 2454 ἢ
557 2409 815 2460 σκεπτομένου,
848 2409 939 2448 Ἀλλ’
973 2403 1062 2460 ἆρα,
1084 2408 1140 2447 ὅτε

110 2463 203 2514 λέγει
224 2463 311 2514 πρὸς
340 2462 397 2500 τὸν
419 2461 583 2510 Ἡσαΐαν,
605 2461 697 2500 Τίνα
727 2464 932 2510 ἀποστελῶ,
958 2462 979 2508 ἢ
1001 2461 1051 2504 τίς
1077 2477 1140 2500 πο·

113 2515 271 2567 ρεύσεται
299 2514 383 2567 πρὸς
407 2514 464 2551 τὸν
482 2514 566 2552 λαὸν
583 2518 721 2559 τοῦτον,
739 2514 969 2565 &mageima->v
988 2514 1138 2565 λέγει,ἢ

112 2570 244 2618 ἀγνοῶν
260 2567 317 2605 τὸν
333 2565 532 2619 ὑπηρέτην,
550 2565 648 2604 “Oen
666 2566 809 2617 λέγεται
827 2567 908 2618 περὶ
926 2569 1035 2612 Θεοῦ,
1049 2566 1140 2604 κατὰ

111 2621 173 2666 τὴν
206 2618 501 2666 ἐκκλησιαστικὴν
533 2619 761 2657 διδασκαλίαν
782 2621 832 2656 δεῖ
859 2625 1011 2672 μετρεῖν,
1035 2621 1072 2656 οὐ
1095 2621 1138 2669 τῇ

114 2672 258 2722 δυνάμει
289 2675 349 2709 τοῦ
385 2671 616 2723 κηρύττοντος
629 2701 638 2716 ,
675 2671 766 2709 ἀλλὰ
802 2674 844 2722 τῇ
882 2670 1042 2722 ἀσθενείᾳ
1070 2673 1140 2708 τῶν

114 2726 321 2762 ἀκουόντων.
343 2723 450 2774 εΗμῖν
473 2723 508 2762 δὲ
531 2724 659 2767 σκοπὸς
689 2724 797 2768 δεῖξαι
827 2723 871 2762 τὰ
901 2725 959 2762 ἐπὶ
987 2726 1140 2775 Χριστοῦ

113 2777 181 2830 πρὸ
202 2782 261 2815 τοῦ
278 2776 391 2826 Ἀδὰμ
409 2776 728 2828 προτετυπωμένα,
748 2777 807 2814 καὶ
833 2776 910 2819 τοὺς
929 2776 1141 2819 ἀποστόλους

113 2829 469 2881 προεκλελεγμένους,
489 2829 548 2866 καὶ
566 2828 628 2875 τὴν
642 2829 747 2880 χάριν
774 2834 833 2867 τοῦ
853 2828 1056 2880 εὐαγγελίου
1074 2828 1141 2881 πρὸ

113 2882 249 2934 χρόνων
272 2881 421 2919 αἰωνίων
445 2882 776 2932 προτετυπωμένην.
799 2882 958 2934 Πρόσεχε
975 2881 1140 2933 ἀκριὸῶς.

114 2935 270 2972 Δύναται
299 2934 362 2984 μία
385 2933 475 2977 λέξις
492 2937 730 2988 παρορηαθεῖσα
750 2934 982 2985 συκοφαντίας
998 2933 1142 2984 γεμίσαι

114 2987 153 3024 τὸ
171 2986 369 3038 λεγόμενον.
387 2988 439 3024 Οὐ
464 2985 565 3036 μόνον
587 2989 674 3024 εἶδεν
689 2990 706 3024 ὁ
723 2987 811 3030 Θεὸς
822 2989 855 3024 ἐν
875 2990 924 3038 τῷ
940 2986 1142 3040 παραδείσῳ

115 3040 172 3077 τὸν
195 3039 306 3088 Ἀδὰμ
325 3038 605 3092 παραὸαίνοντα,
621 3038 712 3076 ἀλλὰ
740 3039 800 3077 καὶ
830 3040 886 3077 τὸν
907 3040 1065 3090 ,Σωτῆρα
1085 3039 1142 3076 τὸν

115 3094 149 3130 ἐν
167 3091 270 3143 σαρκὶ
287 3091 436 3143 φανέντα
458 3091 639 3136 Δεσπότην
663 3092 958 3143 προοδοποιοῦντα
977 3092 1040 3138 τὴν
1057 3093 1141 3143 ἀρε-

116 3143 192 3190 τὴν,
225 3143 284 3181 καί
308 3143 441 3186 πάντας
461 3146 509 3186 εἷς
549 3143 706 3190 ὑπακοὴν
741 3144 900 3182 ἕλκοντα.
925 3143 937 3155 ''
956 3143 1100 3182 ῖζἆλεπεν
1128 3147 1145 3182 ὁ

116 3197 205 3240 Θεὸς
222 3196 284 3243 τὴν
311 3195 463 3247 πλευρὰν
484 3197 547 3241 τὴν
569 3198 607 3234 ἐκ
624 3202 684 3235 τοῦ
704 3196 815 3246 Ἀδὰμ
833 3196 1055 3246 τικτομένην,
1085 3197 1145 3234 καὶ

118 3251 164 3292 εἷς
186 3254 332 3301 γυναῖκα
362 3248 686 3299 μεταὸαλλομένην,
705 3250 764 3287 καὶ
796 3250 935 3302 προεῖδε
953 3250 1060 3287 πάλιν
1081 3249 1143 3295 τὴν

118 3301 268 3354 πλευρὰν
288 3306 347 3340 τοῦ
368 3302 519 3354 Χριστρῦ
546 3302 786 3359 προφέρουσαν
814 3305 898 3350 ἡμῖν
927 3301 971 3339 τὰ
992 3301 1144 3352 μυστικὰ

120 3355 213 3405 δῶρα
228 3385 237 3398 ,
259 3354 350 3405 ὕδωρ
370 3354 429 3391 καὶ
456 3357 558 3404 αἱμα,
577 3358 624 3392 ὧν
645 3354 684 3392 τὸ
719 3354 780 3403 μέν
813 3356 885 3392 ἐστι
911 3359 970 3393 τοῦ
1000 3357 1144 3406 λουτροῦ

346 3399 411 3420 -τῆ
459 3410 480 3417 ω

122 3406 305 3456 σύμῧολον,
323 3415 361 3444 το
381 3421 415 3444 οε
435 3423 502 3444 των
526 3406 726 3458 μυστηρίων
750 3407 920 3459 ἐνέχυρον.
942 3408 1011 3446 Καὶ
1031 3409 1069 3445 οὐ
1089 3423 1143 3445 το-

1193 462 1426 498 Benedictus
1448 461 1569 504 Deus,
1597 460 1664 510 qui
1685 459 1878 495 benedixit
1900 474 1967 497 nos
1998 463 2040 496 in
2070 463 2175 497 omni
2191 461 2297 498 ''51¹'‘st
2315 470 2338 487 ¹-

1194 514 1456 551 benedictione
1474 511 1670 563 spirituali
1688 513 1730 546 in
1749 511 1975 548 coelestihus:
1992 513 2175 562 quemad-
2187 504 2216 531 3.
2236 501 2265 539 4·

1194 566 1348 602 modum
1367 565 1479 615 elegit
1502 577 1569 601 nos
1587 566 1628 600 in
1649 564 1804 600 Christo
1820 571 1912 600 ante
1929 566 2176 600 constitutio—

1195 632 1281 655 nem
1301 618 1450 663 mundi,
1469 619 1537 669 qui
1548 616 1838 667 praedestinavit
1857 629 1923 652 nos
1944 618 1984 652 in
1999 616 2176 667 adoptio-

1196 685 1283 708 nem
1291 671 1486 723 filiorum.
1501 668 1549 706 Et
1561 668 1647 705 alibi
1661 667 1705 705 de
1716 667 1830 719 seipso
1843 667 1928 705 etde
1936 668 1990 705 sui
2002 668 2179 705 similibus

1195 723 1284 760 dicit
1305 739 1312 759 :

1197 777 1296 813 Filii
1331 778 1402 813 sui.
1432 776 1511 812 Bon
1542 774 1660 811 solum
1693 782 1810 810 autem
1845 772 2115 824 przcclestinatus
2147 782 2180 810 et

1196 829 1326 867 electus
1344 837 1414 877 cst;
1435 827 1498 864 sed
1517 835 1550 863 et
1567 825 1729 877 gratiam,
1751 839 1857 876 quam
1877 825 2011 877 accepit
2031 826 2178 871 Paulus,

1196 890 1275 934 post
1294 880 1425 918 multas
1454 880 1693 932 generationes
1714 877 1764 915 sic
1786 887 1979 926 enumerat,
2001 892 2041 915 ac
2063 878 2092 915 si
2121 891 2181 915 ac-

1197 934 1344 986 cepisset
1362 933 1461 970 illam
1483 941 1563 970 ante
1582 931 1720 968 saecula.
1743 930 1849 968 Unde
1870 930 1964 968 hoc?
1991 930 2181 968 Timotheo

1196 987 1285 1025 dicit
1306 1003 1313 1023 :
1340 986 1410 1024 Fili
1431 984 1632 1031 Timotheo,
1652 984 1864 1022 collabora
1894 984 2095 1035 evangelio
2123 997 2223 1020 se-2.
2248 988 2325 1015 Tim.
2356 980 2401 1013 1.‘

1197 1041 1367 1078 cundum
1397 1041 1583 1076 virtatem
1614 1038 1703 1083 Dei,
1733 1038 1800 1088 qui
1834 1050 1903 1074 nos
1931 1036 2110 1073 liberavit
2147 1044 2181 1073 et
2195 1029 2224 1059 3·
2249 1038 2280 1067 9·

1198 1095 1355 1130 ‘vocavit
1370 1093 1577 1129 vocatione
1595 1097 1733 1127 sancta
1749 1103 1759 1125 .·
1777 1102 1855 1125 non
1868 1089 2078 1126 seeundum
2099 1102 2183 1139 ope-

1168 1174 1175 1185 ,
1199 1159 1244 1182 ra
1265 1154 1412 1191 nostra,
1434 1144 1503 1181 sed
1522 1142 1731 1180 seeundum
1744 1144 1983 1192 propositum
1999 1155 2125 1186 stium,
2149 1150 2185 1178 et

1198 1200 1380 1249 gratiam,
1405 1210 1491 1248 quoe
1512 1197 1607 1232 data
1627 1203 1681 1232 est
1701 1195 1810 1231 nohis
1838 1196 1879 1230 in
1910 1195 2064 1231 Christo
2091 1194 2186 1231 Jesu

1201 1259 1293 1288 ante
1309 1259 1481 1300 tempora
1495 1248 1714 1286 saecularia.
1732 1246 1853 1296 Elegit
1871 1255 1951 1283 ante
1967 1246 2188 1284 constitutio-

1201 1317 1280 1340 nem
1302 1301 1443 1351 mnndi,
1477 1299 1739 1353 praedestinavit
1763 1307 1844 1336 ante
1875 1299 2016 1347 saecula,
2036 1298 2189 1350 gratiam

1201 1354 1302 1393 dedit
1316 1355 1417 1392 nobis
1435 1362 1516 1391 ante
1534 1352 1677 1390 saecula.
1698 1351 1746 1388 Et
1766 1351 1842 1389 haec
1861 1352 1979 1389 omnia
1998 1360 2189 1389 consonant

1201 1417 1234 1445 et
1250 1408 1414 1460 probant,
1436 1415 1516 1444 ante
1543 1404 1697 1443 hominis
1722 1403 1980 1450 formationem,
2003 1404 2191 1455 praevisam

1203 1470 1235 1498 et
1249 1459 1591 1512 praedeterminatam
1609 1457 1717 1495 fuisse
1728 1456 1926 1495 Salvatoris
1941 1456 2186 1494 oeconomiam.

1204 1513 1274 1551 Sed
1294 1512 1365 1550 scio
1392 1526 1448 1549 me
1468 1520 1499 1549 et
1523 1510 1664 1562 pietatis
1682 1509 1814 1546 amicos
1845 1509 1991 1559 alloqui,
2012 1509 2191 1546 interdum

1204 1565 1309 1603 etiam
1327 1565 1581 1617 exploratores,
1600 1562 1662 1613 qui
1679 1576 1748 1599 non
1772 1561 1818 1599 ad
1834 1561 2096 1614 praedicationis
2118 1561 2190 1598 uti-

1203 1618 1340 1655 litatem
1365 1616 1572 1669 respiciunt,
1592 1615 1656 1653 sed
1678 1614 1716 1652 id
1742 1614 1858 1652 solum
1877 1614 1947 1651 sibi
1974 1623 2191 1666 proponunt,

1205 1670 1382 1721 quomodo
1409 1668 1659 1721 praedicantem
1688 1666 1920 1718 redarguant3
1940 1681 2093 1722 quorum
2118 1681 2192 1704 mo-

1205 1737 1260 1761 res
1280 1737 1349 1761 non
1378 1722 1453 1771 odi,
1475 1721 1535 1759 sed
1566 1720 1684 1773 potius
1712 1719 1881 1757 misereor
1898 1719 2069 1770 ipsorum.
2092 1722 2196 1757 Atta-

1206 1791 1286 1814 men
1321 1775 1516 1814 sccundum
1533 1773 1747 1826 apostolum,
1768 1774 1933 1824 Propter
1950 1773 2194 1810 subintrodu-
2211 1782 2279 1810 Gal.
2297 1789 2327 1809 2.
2342 1782 2371 1817 4,

1207 1838 1288 1867 ctos
1289 1830 1425 1881 falsos
1434 1829 1603 1881 fratres,
1624 1828 1691 1878 qai
1711 1827 1861 1862 intrant
1882 1825 2127 1877 explorantes
2145 1825 2193 1861 li-

1209 1884 1395 1920 bertatem
1410 1889 1598 1925 nostram,
1619 1877 1828 1916 sententiam
1846 1877 2101 1915 examinemus.
2121 1878 2194 1914 Po-

1207 1943 1274 1972 test
1294 1934 1389 1971 enim
1411 1932 1578 1970 inimicus
1601 1931 1686 1969 hinc
1713 1944 1873 1981 egressus
1898 1930 2016 1968 dicere
2036 1946 2042 1966 :
2064 1932 2198 1981 Magna

1207 1984 1406 2035 theologia!
1421 1984 1566 2023 induxit
1591 1985 1711 2021 Deum
1734 1983 1989 2020 deliberantem
2013 1992 2045 2020 et
2069 1982 2196 2020 dicen-

1208 2048 1291 2085 tem,
1311 2040 1403 2076 Cum
1423 2038 1534 2089 igitur
1559 2036 1663 2073 multi
1681 2035 1752 2073 sint
1771 2035 1899 2072 erroris
1917 2035 2090 2084 doctores,
2110 2036 2198 2086 qnid

1207 2092 1299 2129 erit?
1319 2100 1352 2128 et
1371 2093 1511 2129 Patrem
1530 2089 1668 2126 inducit
1683 2087 1886 2137 loquentem
1902 2088 2006 2134 Filio,
2028 2102 2069 2124 ac
2088 2088 2117 2125 si
2138 2088 2197 2125 hic

1207 2143 1359 2192 dubitet,
1379 2144 1439 2180 ille
1457 2143 1534 2180 haee
1554 2141 1689 2178 doceat.
1705 2140 1902 2192 Scriptura}
1921 2140 2063 2191 qnando
2083 2154 2145 2178 nos
2162 2140 2199 2178 in

1208 2197 1267 2245 iis,
1284 2211 1362 2247 quae
1381 2195 1448 2233 Dei
1470 2194 1564 2243 sunt,
1581 2194 1783 2241 instituunt,
1802 2206 1998 2243 numquam
2014 2193 2132 2230 verbis
2146 2193 2200 2229 di-

1208 2249 1301 2287 vinae
1325 2247 1453 2287 virtuti
1477 2245 1755 2297 congruentibus
1784 2253 1946 2287 utuntur,
1967 2244 2027 2283 sed
2044 2245 2200 2282 infirmi-

1207 2302 1272 2340 tati
1300 2310 1427 2339 nostrae
1449 2301 1589 2352 aptatis.
1613 2300 1707 2336 Num
1725 2297 1868 2348 quando
1888 2298 1985 2335 Deus
2003 2298 2200 2335 humanum

1209 2354 1368 2392 tribunal
1393 2352 1591 2401 constitnit,
1614 2360 1647 2389 et
1666 2350 1754 2388 dicit
1772 2366 1779 2386 :
1801 2352 1852 2387 Et
1883 2364 1985 2388 nunc
2015 2359 2055 2387 tu
2086 2352 2199 2388 homo
2213 2362 2291 2391 lsai.
2308 2363 2337 2391 5,
2351 2361 2380 2390 3,

1210 2409 1330 2453 Juda,
1350 2415 1387 2444 et
1411 2408 1479 2459 qui
1506 2406 1693 2443 habitatis
1719 2406 1760 2440 in
1779 2403 2012 2448 Jerusalem,
2022 2404 2200 2455 judicate
2213 2403 2244 2444 4-

1210 2463 1310 2497 inter
1323 2473 1395 2505 me,
1415 2468 1452 2496 et
1465 2461 1567 2495 inter·
1588 2459 1746 2494 vineam
1769 2469 1908 2501 meam,
1933 2457 2028 2507 quid
2054 2465 2201 2507 oporte-

1211 2515 1278 2550 bat
1299 2513 1515 2564 mefacere‚
1533 2518 1569 2547 et
1594 2510 1770 2560 rzotzjeei
1784 2512 1800 2545 Ρ
1816 2508 1899 2545 Haec
1917 2507 2128 2559 simpliciter
2146 2508 2202 2546 lo-

1211 2564 1364 2615 quentis,
1383 2577 1427 2600 an
1449 2561 1681 2600 consultantis
1703 2560 1811 2598 sunt?
1831 2561 1926 2598 Num
1953 2560 2095 2610 quando
2114 2561 2202 2598 dicit

1210 2618 1309 2654 lsaiae
1328 2632 1335 2652 τ
1359 2618 1480 2666 Quem
1506 2617 1671 2659 mittam,
1691 2622 1728 2651 et
1747 2615 1839 2671 quis
1856 2615 1925 2671 ibit
1948 2614 2002 2650 ad
2015 2615 2202 2665 populum
2219 2625 2289 2652 lsai.
2305 2623 2334 2651 Γ).
2352 2621 2380 2650 8.

1212 2671 1313 2706 hune
1327 2672 1343 2704 Ρ
1354 2668 1522 2706 dubitans
1535 2667 1704 2717 loquitur,
1717 2675 1778 2703 aut
1792 2674 1996 2703 mmistrum
2010 2667 2203 2717 ignorans?

1212 2724 1456 2772 Quaecumque
1493 2720 1662 2758 dicuntur
1692 2718 1737 2756 de
1765 2719 1866 2768 Deo,
1900 2732 1945 2755 ex
1969 2719 2204 2757 ecclesiastica

1211 2774 1372 2812 doctrina
1395 2773 1591 2811 commetiri
1607 2779 1756 2823 oportet,
1775 2784 1844 2808 non
1859 2784 1941 2808 cum
1960 2770 2094 2809 virtute
2115 2786 2204 2823 prae-

1212 2827 1380 2875 dicantis,
1403 2826 1465 2863 sed
1495 2839 1578 2863 eum
1606 2823 1813 2862 infirmitate
1839 2822 2072 2864 audientium.
2091 2824 2205 2862 Nobis

1212 2889 1331 2917 autem
1356 2879 1392 2916 in
1421 2892 1526 2930 scopo
1542 2886 1608 2926 est,
1629 2890 1670 2914 ea
1693 2875 1874 2914 ostendere
1892 2890 1970 2927 quae
2001 2876 2046 2914 de
2063 2877 2204 2914 Christo

1212 2941 1292 2970 ante
1311 2931 1491 2969 Adamum
1509 2931 1648 2968 decreta
1671 2929 1781 2977 fuere,
1798 2929 1998 2981 praeelectos
2014 2929 2202 2981 apostolos,

1213 2994 1246 3022 et
1273 2985 1424 3035 gratiam
1450 2982 1626 3034 evangelii
1654 2991 1734 3019 ante
1758 2981 1888 3019 saecula
1908 2991 2036 3019 aeterna
2065 2982 2201 3031 praesti—

1216 3047 1342 3074 tutam.
1363 3037 1561 3087 Diligenter
1591 3037 1743 3073 attende.
1762 3035 1880 3072 Potest
1906 3035 2000 3071 enim
2018 3034 2075 3073 vel
2092 3048 2201 3070 unum

1215 3091 1366 3128 verbum
1384 3090 1581 3140 neglectum
1596 3086 1868 3140 sycophantiam
1888 3086 1994 3124 dictis
2012 3086 2199 3123 attrahere.

1217 3143 1295 3180 Non
1321 3142 1427 3180 modo
1457 3141 1550 3180 vidit
1568 3142 1666 3178 Deus
1694 3142 1731 3178 in
1754 3139 1919 3191 paradiso
1943 3137 2203 3188 transgredien-

1215 3205 1286 3233 tem
1312 3195 1509 3243 Adamum5
1538 3193 1600 3232 sed
1629 3193 1737 3231 etiam
1759 3192 1980 3229 Salvatorem
2009 3189 2204 3227 Dominum

1216 3248 1252 3285 in
1277 3262 1381 3286 carne
1405 3255 1648 3300 apparentem,
1667 3260 1708 3283 ac
1732 3244 1858 3283 virtuti
1884 3246 1979 3281 viam
2004 3251 2200 3293 parantem,

1217 3310 1250 3338 et
1263 3314 1383 3339 omnes
1399 3301 1446 3339 ad
1461 3298 1702 3338 obedientiam
1719 3296 1926 3334 trahentem.
1936 3293 2092 3334 Videbat
2107 3296 2203 3331 Deus

1217 3363 1349 3392 costam
1368 3353 1495 3391 Adami
1508 3353 1543 3389 in
1560 3350 1746 3389 mulierem
1763 3348 2102 3390 transformatannet
2116 3361 2204 3398 prze-

1218 3406 1364 3445 videhat
1387 3405 1520 3444 Chi-isti
1548 3404 1640 3441 latus
1671 3401 1763 3439 dona
1783 3400 1934 3451 mystica
1963 3398 2064 3437 nohis
2083 3399 2201 3451 prola-

1341 725 1444 773 Quos
1463 723 1657 773 praescivit
1676 724 1894 772 conjormes
1907 721 1998 772 fieri
2017 723 2179 771 imagini
2193 728 2367 768 Itom.8.29
