2481 3678
68 1211 158 1238 Joem.
192 1213 237 1249 14.

72 1249 121 1289 24.

67 1886 149 1913 Dan.
166 1885 251 1914 3.20.

67 1953 175 1990 EpheS.
192 1952 221 1982 5.

70 2003 114 2021 12.

123 2372 259 2400 Peccator
270 2363 406 2400 bellum
431 2363 523 2415 gerii
551 2379 558 2399 :

70 2414 142 2440 nihil
158 2413 259 2441 differt

70 2455 104 2481 ab
128 2455 228 2483 ebriis.

279 187 341 246 46

279 285 314 321 in
329 284 443 336 ipsam
455 292 603 322 mortem
617 284 761 322 veniens
784 285 873 336 ipse,
890 284 939 322 sic
952 285 1051 322 illam
1064 284 1259 337 superavit,

278 354 318 382 ut
339 359 396 383 eos
410 345 471 396 qui
494 355 606 383 morte
623 347 699 398 jam
712 346 974 394 detinebantur,
1001 354 1147 382 erueret.
1165 344 1262 390 Quo-

280 406 378 444 niam
409 407 519 457 igitur
542 421 653 457 neque
676 421 784 450 mors,
813 420 924 455 neque
951 419 1048 442 error
1074 406 1190 442 lucem
1219 405 1263 442 il-

276 468 350 506 lam
382 479 620 521 superarunt3
654 468 716 506 sed
749 476 799 504 est
828 467 960 516 ubique
985 466 1198 518 splendida,
1230 476 1264 505 et

277 530 421 582 propria
440 530 473 568 vi
497 530 610 580 fulget
626 545 632 564 :
655 529 734 566 ideo
752 528 815 575 ait,
834 529 884 564 Et
906 530 1068 565 tenebrae
1084 542 1168 565 eam
1187 543 1263 566 non

277 592 656 642 comprehenderunt.
684 590 747 627 Est
762 588 856 626 enim
875 588 1179 641 inexpugnabilis,
1201 605 1264 628 nee

274 652 472 690 liborum-in
493 651 620 689 animis
637 650 788 700 habitat,
810 650 871 700 qui
893 651 1018 689 nolunt
1048 651 1260 690 illuminari.

701 203 738 233 S.

326 776 364 811 4.
385 774 492 820 Quod
509 774 538 811 si
558 787 627 811 non
646 788 765 812 omnes
783 773 929 826 ceperit,
949 789 991 812 ne
1012 774 1049 812 id
1069 784 1101 812 te
1117 785 1260 813 contur-

274 833 332 871 bet
352 850 359 870 :
381 849 451 872 non
474 835 569 872 enim
591 849 636 872 ex
653 835 860 873 necessitate
891 844 952 872 ant
974 835 1027 885 vi,
1055 836 1118 873 sed
1136 851 1180 874 ex
1197 851 1262 875 vo—

271 894 407 933 luntate
433 905 466 933 et
484 895 633 934 arbitrio
653 896 700 933 ad
726 911 788 934 nos
814 896 950 934 accedit
975 898 1083 935 Deus.
1105 898 1157 936 Ne
1187 898 1260 936 luei

272 956 358 994 huic
385 957 515 994 ostium
532 958 677 995 claudas
692 988 702 1007 ‚
723 968 755 995 et
777 959 887 996 multa
913 959 1097 1011 voluptate
1115 960 1256 999 frueris.

272 1017 356 1055 Haec
375 1032 481 1070 porro
517 1020 581 1056 lux
603 1034 667 1071 per
703 1019 812 1057 fidem
830 1020 965 1057 accedit
979 1052 987 1068 ‚
1008 1030 1041 1058 et
1056 1035 1137 1058 cum
1155 1021 1260 1060 semel

273 1079 434 1130 advenit,
456 1081 691 1132 excipientem
720 1095 756 1119 se
783 1081 980 1119 admodum
1002 1082 1205 1121 illuminat:
1227 1093 1260 1122 et

273 1139 303 1176 si
322 1155 449 1191 puram
466 1142 633 1179 exhibeas
650 1141 761 1179 vitam
780 1151 950 1193 perpetuo
970 1141 1065 1179 intus
1086 1143 1258 1180 manebit:

274 1214 356 1237 nam
379 1202 454 1250 Qui
473 1202 599 1253 diligit
633 1216 709 1247 me,
740 1203 928 1238 mandata
951 1216 1036 1238 mea
1063 1205 1256 1250 servabit,

274 1269 309 1296 ec
335 1262 532 1298 veniemus
559 1262 612 1298 ad
628 1274 714 1298 eum
743 1275 812 1310 ego
842 1270 875 1298 el
902 1262 1022 1298 pater
1055 1276 1161 1299 meus
1178 1293 1186 1309 ,
1223 1272 1258 1301 et

273 1326 513 1358 mansionem
545 1323 650 1372 apzul
679 1335 764 1359 eum
794 1322 995 1371 faciemus.
1016 1322 1258 1368 Quemadmo-

268 1382 357 1420 dum
373 1382 467 1420 enim
482 1397 551 1420 non
568 1392 684 1435 potest
703 1382 781 1433 quis
801 1383 902 1421 radio
915 1383 1022 1421 solari
1039 1385 1153 1436 probe·
1168 1385 1254 1434 frui⁷

267 1443 335 1480 nisi
365 1445 485 1481 oeulos
515 1444 677 1496 aperiat:
700 1443 749 1481 ita
779 1458 891 1494 neque
918 1444 1027 1496 hujus
1056 1445 1257 1497 splendoris

266 1506 408 1544 abunde
436 1520 577 1544 consors
603 1520 689 1553 esse,
710 1506 777 1544 nisi
810 1506 937 1543 animae
965 1506 1084 1544 oeulos
1104 1507 1253 1559 aperiat,

267 1582 460 1618 eorumque
479 1567 590 1605 aciem
609 1567 769 1619 undique
785 1577 900 1620 paret.
925 1568 1115 1614 Quomodo
1137 1579 1256 1607 autem

267 1628 306 1665 id
329 1628 407 1666 fieri
422 1628 557 1680 possit?
576 1628 614 1666 Si
637 1628 798 1665 animum
817 1628 914 1666 omni
931 1629 1021 1667 vitio
1043 1643 1250 1682 purgemus.

267 1689 455 1730 Peccatum
494 1689 588 1726 enim
622 1690 843 1727 tenebrosum
870 1699 920 1727 est
937 1719 948 1739 ,
979 1689 1158 1741 densaque
1197 1706 1254 1729 ca-

268 1750 377 1801 ligine
399 1751 582 1800 offusum5
608 1749 717 1801 idque
735 1749 818 1787 inde
835 1750 955 1802 palam
981 1760 1046 1801 est,
1078 1752 1176 1802 quod
1199 1753 1254 1791 in—

267 1812 486 1850 considerate
519 1822 552 1850 et
592 1811 666 1849 sine
710 1812 854 1850 arbitris
901 1812 1124 1851 admittatur.
1162 1815 1255 1853 Nam

271 1874 408 1911 Omnis
428 1877 494 1925 qui
514 1874 616 1911 male
630 1875 723 1924 agit,
741 1874 823 1911 odit
841 1874 978 1921 lucem,
999 1883 1034 1912 ec
1055 1889 1133 1913 non
1147 1880 1255 1915 venit

269 1935 322 1970 ad
347 1934 473 1972 lucem
491 1950 507 1980 ,-
536 1943 592 1983 οἱ,
631 1935 724 1985 Qaoe
755 1937 796 1971 in
818 1935 968 1972 occulto
989 1936 1117 1987 fiunt,
1149 1946 1257 1989 turpe

269 2003 325 2032 est
348 2003 386 2032 et
406 1997 541 2032 dicere.
558 1994 658 2032 Sicut
676 1994 771 2032 enim
795 1995 831 2032 in
851 1996 1004 2033 tenebris
1023 2011 1086 2035 nee
1101 1998 1257 2036 amicum

269 2069 331 2092 nec
352 2055 538 2093 inimicum
557 2055 781 2107 agnoscimus
806 2070 995 2107 rerumque
1017 2058 1178 2096 omnium
1194 2073 1256 2098 na-

269 2124 385 2154 turam
402 2117 621 2168 ignoramus,
647 2117 697 2154 sie
725 2126 758 2154 et
781 2117 817 2154 in
837 2127 980 2169 peccato
1002 2119 1146 2157 accidit.
1165 2121 1257 2158 Nam

270 2178 331 2228 qui
362 2179 521 2217 avaritiae
551 2178 692 2228 studet7
718 2192 787 2215 non
816 2178 1006 2229 distinguit
1035 2181 1189 2219 amicum
1211 2183 1256 2219 ab

271 2240 436 2278 inimico:
457 2240 672 2291 invidusque
690 2241 947 2279 necessitudine
959 2242 1027 2280 sihi
1036 2244 1202 2295 junctum
1218 2255 1256 2283 ut

271 2301 456 2339 inimicum
480 2302 609 2352 habe-13
628 2316 668 2339 ac
691 2301 751 2352 qui
775 2301 978 2353 insidiatur,
999 2313 1118 2342 contra
1136 2320 1255 2343 omnes

584 2378 654 2401 uno
677 2365 786 2402 verbo
801 2394 811 2412 ,
833 2365 994 2415 quisquis
1022 2377 1165 2418 peceato
1193 2369 1255 2406 oh-

273 2425 401 2462 noxius
424 2434 488 2475 est,
514 2424 605 2462 nihil
628 2425 749 2462 dissert
767 2425 812 2462 ab
840 2426 948 2463 ebriis
974 2436 1007 2465 et
1031 2429 1252 2479 furentibus,

273 2499 385 2535 neque
408 2500 527 2523 rerum
552 2495 715 2524 naturam
743 2486 856 2524 novit.
880 2489 929 2525 Ae
954 2490 1255 2538 quemadmodum

273 2555 377 2583 noctu
394 2546 547 2597 lignum,
576 2548 779 2598 plumbum,
801 2548 948 2598 ferrum,
970 2561 1170 2603 argentum,
1192 2567 1255 2590 au-

273 2621 377 2656 rum,
404 2607 561 2659 lapidem
592 2608 802 2659 pretiosum,
837 2609 1025 2661 omniaque
1046 2613 1125 2664 pari
1149 2614 1256 2652 modo

272 2668 464 2717 cernimus,
484 2682 566 2705 cum
587 2668 651 2704 lux
669 2668 715 2706 ad
740 2669 814 2706 hrec
836 2669 1065 2711 discernenda
1096 2688 1165 2712 non
1192 2676 1256 2714 ad-

274 2730 340 2766 sit:
357 2729 409 2766 sic
436 2728 497 2779 qui
514 2728 588 2766 vita
615 2729 777 2780 impurus
798 2740 862 2779 est,
882 2735 1121 2785 temperantiae
1140 2735 1254 2775 virtu-

276 2801 344 2829 tem
354 2805 423 2829 non
436 2791 549 2839 novit,
564 2805 675 2840 neque
686 2790 918 2843 philosophiae
932 2796 1251 2846 pulchritudinem.

275 2851 314 2889 In
334 2852 488 2890 tenebris
510 2852 618 2901 enim,
642 2861 680 2888 ut
694 2852 769 2903 jam
786 2852 879 2902 dixi,
897 2869 938 2893 ne
954 2857 1090 2908 lapides
1110 2861 1255 2911 quidem

274 2913 417 2965 pretiosi
436 2912 743 2966 pulchritudinem
764 2927 863 2951 suam
889 2917 1071 2969 exhibent,
1099 2936 1167 2959 non
1188 2937 1252 2960 na-

274 2983 362 3012 tura:
389 2989 460 3013 suae
482 2974 587 3024 vitio,
612 2973 674 3012 sed
693 2975 927 3026 spectantium
956 2977 1165 3029 ignorantia.
1183 2986 1253 3022 Ne-

272 3112 416 3143 ctionem
430 3118 523 3153 puto.
540 3110 630 3142 Editi
647 3117 680 3142 et
700 3109 755 3141 alii
772 3111 847 3142 Mss.
864 3116 932 3145 ἀλλ’
950 3118 1056 3148 ἐκείνου
1074 3122 1176 3160 χωρίς.
1191 3119 1279 3150 Neu-

272 3171 323 3194 tra
339 3174 418 3195 vero
436 3161 534 3194 lectio
560 3161 669 3203 placet
691 3161 828 3202 Savssio,
861 3164 917 3205 qui
942 3163 1009 3196 hece
1035 3174 1151 3199 notat:
1168 3168 1277 3200 Inter-

266 3226 353 3257 pres,
372 3213 429 3246 sed
447 3214 538 3246 omni
561 3212 632 3245 luce
649 3211 778 3254 penitus
797 3214 937 3247 tenebrae
960 3225 1074 3249 carent
1087 3244 1094 3257 ‚
1113 3222 1212 3261 quasi
1228 3221 1272 3251 le-

269 3274 368 3310 geret,
384 3270 451 3299 ἀλλ’
465 3271 570 3300 ἐκείνου
595 3265 682 3308 (scil.
700 3267 806 3311 φωτός)
823 3273 913 3311 χωρὶς
928 3274 944 3306 ἡ
959 3275 1072 3303 σκοτία.
1089 3270 1196 3303 Locus
1211 3280 1269 3312 est,

268 3330 318 3349 me
330 3317 465 3361 judice,
483 3330 548 3349 non
574 3330 675 3349 sanus
691 3331 700 3349 .·
718 3330 824 3362 neque
851 3321 953 3361 enim,
973 3329 1006 3352 ιιι
1028 3322 1140 3354 demus
1165 3329 1271 3358 ἐκείνου

265 3381 325 3412 pro
346 3373 452 3408 ἐκείνης
469 3373 680 3408 σολοικοφανῶς
695 3369 817 3401 (lictum
835 3370 882 3402 ad
898 3377 1015 3406 σκοτίαν
1036 3374 1166 3417 referri,
1189 3383 1271 3406 sales

1289 911 1311 940 I}

1283 2321 1308 2349 Ι)

778 203 966 233 ,ΙΟΑΝΝΙΒ
1005 203 1253 234 CHRYSOST.
1292 203 1498 234 ARCHIEP.
1534 204 1895 237 CONSTANT1NOP.

1339 284 1472 332 πλάνης
1491 285 1685 338 κρατούσης
1697 286 1850 339 ἔλαμψε,
1871 286 2033 334 κάκείνην
2049 288 2207 339 ἠφάνισε.
2234 288 2304 326 Καὶ
2326 291 2359 327 ἐν

1338 348 1387 397 τῷ
1407 347 1544 400 θανάτῳ
1561 347 1741 399 γενόμενος
1757 349 1855 392 αὐτὸς
1868 380 1876 396 ,
1893 349 1998 392 οὕτως
2012 351 2113 387 αὐτοῦ
2127 350 2360 402 περιεγένετο,

1338 409 1385 450 ὡς
1398 407 1456 444 καὶ
1468 407 1546 452 τοὺς
1555 408 1620 456 ἤδη
1637 411 1957 463 προκατεχομένους
1971 413 2169 462 ἀναγαγεῖν.
2188 411 2290 449 Ἐπεὶ
2304 405 2362 449 οῧν

1339 467 1414 506 οὔτε
1430 471 1447 506 ὃ
1469 470 1612 514 Θάνατος
1642 473 1743 510 αὐτοῦ
1759 472 1990 524 περιεγένετο,
2007 471 2084 510 οὔτε
2098 476 2119 519 ἡ
2133 472 2267 519 πλάνη,
2285 474 2361 510 ἀλλ’

1337 529 1410 568 ἔστι
1434 532 1575 584 φαιδρὸν
1594 539 1774 585 πανταχοῦ
1788 563 1797 580 ,
1823 533 1883 572 καὶ
1903 534 2036 584 λάμπει
2052 533 2140 585 μετὰ
2155 537 2216 580 τῆς
2233 533 2361 577 οἰκείας

1339 590 1474 642 ἰσχύος,
1495 592 1551 630 διὰ
1575 593 1675 632 τοῦτό
1690 609 1796 646 φησι,
1827 593 1897 632 Καὶ
1924 597 1945 641 ἡ
1973 594 2094 632 σκοτία
2123 595 2204 633 αὐτὸ
2228 597 2265 632 οὐ
2298 611 2360 632 κα-

1338 651 1475 691 τέλαῧε.
1498 653 1567 691 Καὶ
1591 654 1658 707 γάρ
1686 658 1777 693 ἐστιν
1799 653 2097 706 ἀκαταγωνίστον,
2124 657 2185 693 οὐκ
2212 658 2360 707 ἐμφιλο-

1338 717 1473 766 χωροῦν
1491 720 1567 758 ταῖς
1595 714 1643 765 μὴ
1667 718 1880 766 φωτισθῆναι
1909 714 2131 766 βουλομέναις
2151 718 2289 767 ψυχαῖς.

1394 776 1434 812 Εἰ
1456 775 1491 814 δὲ
1506 775 1554 825 μὴ
1567 776 1700 819 πάντας
1720 770 1805 822 εἷλε,
1830 775 1878 827 μή
1892 792 1930 813 σε
1943 781 2043 814 τοῦτο
2059 776 2246 828 θορυὸείτω
2257 792 2264 799 ·
2285 775 2360 815 οὐδὲ

1335 835 1402 889 γὰρ
1426 837 1560 888 ἀνάγκη
1578 836 1637 875 καὶ
1654 836 1713 889 βίᾳ
1725 867 1734 884 ,
1750 837 1838 876 ἀλλὰ
1856 837 2017 888 βουλήσει
2033 837 2091 876 καὶ
2109 837 2232 890 γνώμῃ
2253 854 2360 891 προσ-

1336 896 1455 948 άγεται
1491 901 1583 948 ἡμᾶς
1605 901 1622 936 ὃ
1650 897 1748 942 Θεός.
1771 897 1832 944 Μὴ
1860 897 1899 945 δὴ
1929 897 1991 941 τὰς
2021 897 2123 951 θύρας
2152 898 2361 949 ἀποκλείσῃς

1333 961 1382 1010 τῷ
1401 959 1489 1010 φωτὶ
1517 958 1645 1012 τούτῳ,
1673 960 1733 997 καὶ
1761 961 1891 1005 πολλῆς
1925 959 2104 1011 ἀπολαύσῃ
2130 963 2192 1006 τῆς
2219 962 2359 1013 τρυφῆς.

1332 1020 1570 1073 Παραγίνεται
1586 1020 1620 1058 δὲ
1638 1025 1738 1059 τοῦτο
1758 1021 1798 1059 τὸ
1813 1024 1883 1073 φῶς
1903 1021 1959 1059 διὰ
1977 1020 2146 1066 πίστεως,
2163 1021 2223 1059 καὶ
2241 1037 2359 1074 παρα-

1331 1082 1510 1134 γενόμενον
1534 1083 1759 1134 καταλάμπει
1781 1084 1900 1121 λοιπὸν
1920 1081 2008 1133 μετὰ
2035 1085 2165 1130 πολλῆς
2180 1086 2242 1130 τῆς
2259 1085 2359 1136 δαψι-

1331 1142 1425 1185 λείας
1443 1142 1499 1180 τὸν
1525 1142 1794 1193 ὑποδεξάμενον·
1818 1142 1881 1180 κᾶν
1904 1142 1975 1193 βίον
2004 1145 2096 1194 αὐτῷ
2117 1142 2274 1195 παρέχῃς
2294 1159 2358 1181 κα-

1333 1202 1448 1254 θαρὸν,
1469 1201 1563 1251 μένει
1585 1203 1750 1247 διηνεκῶς
1775 1203 1914 1239 ἐνοικῶν
1935 1201 2028 1239 ἔνδον
2043 1217 2050 1224 ·
2067 1201 2111 1240 ‘O
2125 1201 2192 1254 γὰρ
2209 1204 2355 1254 ἀγαπῶν

1334 1277 1395 1312 με,
1411 1261 1472 1304 τὰς
1496 1262 1634 1304 ἐντολάς
1652 1277 1715 1312 μου
1730 1261 1892 1314 τηρήσει,
1916 1261 1976 1299 καὶ
1992 1261 2199 1312 ἐλευσόμεθα
2214 1262 2282 1315 ἐγὼ
2297 1263 2356 1301 καὶ

1330 1326 1348 1360 ὁ
1362 1323 1490 1375 Πατὴρ
1501 1322 1585 1375 πρὸς
1603 1322 1716 1368 αὐτὸν,
1733 1322 1835 1374 φησὶ,
1850 1322 1910 1360 καὶ
1924 1321 2031 1373 μονὴν
2044 1324 2126 1374 παρ’
2144 1326 2236 1375 αὐτῷ
2253 1340 2357 1371 ποιη-

1330 1384 1472 1436 σόμεθα.
1491 1382 1631 1438 <Ὠσπερ
1661 1377 1716 1422 οἶν
1744 1385 1893 1431 ἡλιακῆς
1925 1386 2061 1428 ἀκτῖνος
2094 1384 2277 1423 ἀπολαύειν
2310 1389 2358 1430 ὡς

1328 1445 1396 1498 χρὴ
1412 1447 1474 1483 οὐκ
1501 1445 1568 1493 ἔνι,
1597 1444 1645 1496 μὴ
1667 1444 1882 1496 ὃιανοίγοντα
1914 1444 1992 1489 τοὺς
2011 1445 2228 1497 ὀφθαλμούς·
2249 1445 2358 1490 οὕτως

1328 1507 1402 1547 οὐδὲ
1429 1508 1556 1555 ταύτης
1573 1512 1757 1559 μετασχεῖν
1776 1509 1837 1552 τῆς
1851 1506 2097 1560 λαμπρότητος
2117 1507 2288 1559 δαψιλῶς,
2306 1507 2355 1558 μὴ

1328 1569 1460 1622 σφόδρα
1481 1568 1747 1607 ἀναπετάσαντα
1766 1568 1804 1606 τὸ
1827 1571 1889 1615 τ’ῆς
1911 1570 2023 1620 ψυχῆς
2045 1567 2163 1619 ὄμμα,
2194 1569 2253 1606 καὶ
2275 1570 2355 1614 ὀξυ-

1328 1629 1444 1684 δερκὲς
1465 1630 1547 1668 αὐτὸ
1572 1630 1739 1668 πάντοθεν
1768 1629 2095 1668 κατασκευάσαντα.
2122 1632 2206 1674 Πῶς
2234 1631 2269 1670 δὲ
2296 1631 2355 1683 γί-

1327 1708 1422 1730 νεται
1445 1695 1564 1738 τοῦτο,
1581 1689 1696 1729 αΟταν
1719 1689 1858 1728 πάντων
1879 1690 2126 1743 ἐκκαθάρωμεν
2146 1694 2214 1729 τῶν
2234 1696 2355 1730 παθῶν

1327 1753 1389 1800 τὴν
1412 1752 1538 1805 ψυχήν.
1559 1751 1604 1790 ἹΙ
1623 1752 1690 1805 γὰρ
1710 1751 1866 1806 ἁμαρτία
1897 1751 2018 1796 σκότος
2041 1752 2130 1800 ἐστὶ,
2157 1753 2216 1791 καὶ
2237 1754 2357 1798 σκότος

1331 1813 1434 1866 βαθύ·
1464 1814 1523 1854 καὶ
1543 1815 1644 1860 δῆλον
1661 1816 1699 1852 ἐκ
1718 1818 1777 1851 τοῦ
1798 1812 2022 1856 ἅσυνειὸότως
2043 1813 2102 1851 καὶ
2117 1815 2356 1860 λανθανόντως

1328 1877 1496 1931 πράσσειν
1518 1875 1635 1921 αὐτήν.
1656 1876 1734 1918 Πᾶς
1759 1873 1827 1927 γὰρ
1845 1877 1862 1911 ὁ
1878 1873 1922 1912 τὰ
1950 1876 2063 1926 φαῦλα
2085 1875 2264 1928 πράσσων,
2298 1893 2356 1928 μι-

1329 1944 1382 1976 σεῖ
1403 1938 1442 1976 τὸ
1465 1939 1554 1990 φῶς,
1572 1935 1632 1974 καὶ
1662 1937 1724 1974 οὐκ
1755 1935 1896 1988 ἔρχεται
1918 1936 2003 1987 πρὸς
2025 1935 2065 1973 τὸ
2084 1939 2171 1988 φῶς
2192 1937 2273 1984 καὶ,
2297 1938 2354 1977 Τὰ

1328 2002 1441 2052 κρυφῇ
1464 1997 1649 2051 γινόμενα,
1680 1996 1822 2049 αἰσχρόν
1856 1999 1928 2035 ε’στι
1956 1996 2015 2034 καὶ
2040 1996 2164 2048 λέγειν.
2186 1998 2353 2051 Καθάπερ

1329 2056 1386 2100 οῧν
1409 2062 1443 2099 ἐν
1462 2059 1594 2111 σκότῳ,
1624 2061 1661 2097 οὐ
1680 2057 1800 2110 φίλον,
1830 2060 1890 2096 οὐκ
1917 2057 2037 2110 ἐχθρόν
2064 2075 2115 2102 τις
2139 2052 2238 2107 οἶδεν,
2263 2059 2353 2098 ἀλλὰ

1328 2122 1443 2166 πάσας
1458 2125 1572 2174 ἀγνοεῖ
1588 2123 1656 2158 τῶν
1672 2119 1889 2172 πραγμάτων
1908 2119 1971 2163 τὰς
1990 2118 2123 2171 φύσεις·
2138 2119 2227 2158 οὕτω
2244 2121 2304 2158 καὶ
2318 2124 2352 2160 ἐν

1327 2188 1369 2235 τῇ
1391 2182 1558 2236 ἁμαρτίᾳ.
1586 2180 1657 2220 Καὶ
1678 2180 1745 2234 γὰρ
1762 2185 1779 2219 ὃ
1793 2182 2045 2226 πλεονεκτῆσαι
2074 2181 2295 2233 βουλόμενος,
2315 2185 2351 2220 οὐ

1329 2246 1454 2298 διαιρεῖ
1467 2249 1479 2265 ³
1491 2244 1548 2282 τὸν
1566 2244 1661 2296 φίλον
1678 2242 1817 2281 ἀπὸτοῦ
1828 2241 2010 2292 πολεμίου·
2029 2242 2087 2280 καὶ
2104 2246 2121 2280 ὃ
2141 2243 2351 2294 βασκαίνων,

1328 2306 1387 2344 καὶ
1400 2305 1456 2343 τὸν
1485 2304 1617 2357 σφόδρα
1633 2303 1849 2356 ᾠκειιο)μένον
1866 2306 1912 2347 ὡς
1927 2304 2046 2355 ἐχθρὸν
2066 2307 2146 2357 ὁρᾷ·
2167 2305 2225 2342 καὶ
2244 2307 2261 2342 ὃ
2277 2307 2352 2344 ἐπι-

1328 2366 1496 2405 δουλεύων
1531 2364 1658 2416 ὁμοίως
1684 2365 1769 2417 πρὸς
1799 2364 1931 2407 πάντας
1951 2365 2238 2415 ἕκπεπολέμωται
2253 2396 2262 2413 ,
2293 2366 2352 2404 καὶ

1328 2429 1445 2472 ἁπλῶς
1467 2427 1558 2471 ἅπας
1576 2429 1594 2464 ὃ
1616 2425 1678 2473 τὴν
1699 2425 1873 2478 ἁμαρτίαν
1905 2428 2032 2472 ποιῶν,
2057 2429 2125 2463 τῶν
2157 2427 2350 2477 μεθυόντων

1326 2488 1419 2528 οὐδὲν
1446 2488 1621 2540 διενήνοχε
1641 2487 1700 2526 καὶ
1719 2487 1934 2538 μαινομένων
1951 2487 2035 2539 πρὸς
2053 2487 2092 2525 τὸ
2104 2490 2172 2525 τῶν
2187 2489 2351 2540 πραγμά-

1326 2567 1393 2588 των
1411 2550 1459 2601 μὴ
1480 2553 1667 2601 ἐπιγνῶναι
1689 2549 1751 2595 τὴν
1769 2549 1879 2601 φύσιν.
1908 2548 1978 2586 Καὶ
2005 2548 2163 2600 καθάπερ
2183 2551 2215 2587 ἓν
2236 2550 2349 2598 νυκτὶ,

1327 2610 1386 2649 καὶ
1405 2609 1512 2658 ξύλον,
1533 2610 1592 2648 καὶ
1612 2609 1628 2629 ¹‘
1641 2609 1823 2661 μόλυὸδον,
1854 2609 1913 2647 καὶ
1936 2609 2088 2662 σίδηρον,
2108 2609 2168 2647 καὶ
2188 2609 2348 2664 ἄργυρον,

1327 2672 1386 2711 καὶ
1405 2672 1545 2725 χρυσὸν,
1565 2671 1624 2709 καὶ
1642 2671 1734 2709 λίθον
1761 2670 1888 2722 τίμιον,
1916 2670 2030 2708 πάντα
2052 2670 2177 2721 ὁμοίως
2196 2674 2348 2723 ὁρῶμεν,

1326 2739 1385 2772 τοῦ
1401 2733 1632 2785 διακρίνοντος
1652 2732 1738 2771 αὐτὰ
1757 2733 1868 2784 φωτὸς
1887 2734 1924 2770 οὗ
1942 2730 2129 2784 παρόντος·
2150 2731 2239 2770 οὕτω
2255 2733 2314 2770 καὶ
2331 2735 2348 2770 ὁ

1329 2796 1400 2847 βίον
1425 2794 1618 2848 ἀκάθαρτον
1644 2794 1746 2845 {lt-w,
1766 2795 1826 2831 οὐκ
1853 2786 1920 2831 οἶδε
1951 2796 2014 2839 τ’ῆς
2041 2793 2262 2845 σωφροσύνης
2283 2792 2346 2840 τὴν

1328 2855 1465 2910 ἀρετὴν,
1488 2857 1524 2893 οὐ
1543 2858 1605 2900 τῆς
1621 2852 1822 2906 φιλοσοφίας
1835 2853 1875 2890 τὸ
1893 2853 2029 2896 κάλλος.
2050 2852 2112 2890 Ἰίν
2134 2852 2201 2906 γὰρ
2222 2853 2347 2906 σκότῳ,

1326 2917 1484 2966 καθάπερ
1508 2915 1611 2967 ἔφθην
1632 2913 1750 2960 εἰπὼν,
1770 2913 1832 2951 κᾶν
1861 2913 1949 2951 λίθοι
1979 2913 2126 2951 κέωνται
2150 2913 2276 2965 τίμιοι,
2308 2915 2348 2952 τὸ

1326 2985 1451 3028 κάλλος
1478 2984 1539 3021 οὐκ
1572 2981 1806 3033 ἐμφαίνουσιν,
1822 2983 1859 3019 οὐ
1880 2979 1977 3032 παρὰ
1996 2980 2057 3027 τὴν
2078 2980 2206 3019 οἰκείαν
2227 2981 2346 3033 φύσιν,

1344 3126 1474 3151 constat
1487 3129 1613 3149 sensus.
1641 3117 1763 3147 Verum
1783 3124 1817 3147 ut
1846 3126 1944 3148 nemo
1961 3127 2027 3148 non
2043 3115 2145 3159 videt,
2164 3122 2270 3156 ἐκείνης
2282 3129 2344 3160 pro

1341 3177 1450 3206 ἐκείνου
1465 3169 1587 3212 posito,
1603 3167 1685 3200 nihil
1696 3167 1902 3200 difficultatis
1918 3180 1985 3201 esse
2001 3176 2122 3211 potest.

1382 3234 1395 3248 ει
1413 3222 1474 3254 Alii
1488 3227 1538 3256 τὸν
1554 3225 1636 3267 φίλον
1653 3225 1704 3254 τοῦ
1717 3223 1870 3263 πολεμίου.

1378 3275 1396 3302 l»
1413 3272 1526 3305 Morel.
1543 3280 1575 3304 et
1586 3270 1721 3315 quidam
1740 3272 1816 3303 Mss.
1847 3275 2003 3314 μόλυέδον.
2022 3271 2123 3306 Savil.
2143 3278 2175 3304 ct
2190 3271 2243 3303 alii
2255 3277 2343 3315 μόλι-

1339 3325 1425 3367 Εόον,
1443 3333 1618 3368 utrumque
1643 3322 1777 3355 dicitur.
