2522 3683
322 151 417 215 90ss

1275 165 1445 195 SPURlA.

1085 416 1636 499 MONITUM

927 604 999 651 IN
1043 605 1403 653 HOMILIAM
1449 606 1727 667 SEQUEN
1745 609 1905 655 TEM.

369 739 519 778 Puerilis
542 738 749 789 eloquentiae
779 738 955 790 specimen
975 739 1122 778 exhibet
1144 740 1204 779 hic
1226 741 1385 792 quisquis
1409 743 1455 781 sit
1474 752 1613 791 orator,
1636 752 1741 794 atque
1766 743 1802 781 in
1830 744 2042 785 brevissimo
2069 747 2240 798 opusculo
2261 747 2392 785 mirum

315 811 485 853 quantum
507 801 617 840 verba
636 800 808 839 inutiliter
835 801 1064 855 multiplicat.

391 1052 440 1086 In
469 1051 633 1088 mediam
661 1051 943 1088 hebdomadam
962 1053 1215 1103 jejuniorum.

367 1170 578 1208 Benedictus
598 1173 714 1220 Deus,
734 1172 797 1223 qui
818 1173 920 1211 nobis
938 1173 1181 1226 pugnantibus
1205 1174 1298 1212 hanc

313 1225 464 1271 gratiam
488 1222 605 1272 dedit,
628 1233 666 1262 ut
687 1225 889 1263 videremus
907 1225 1099 1263 dimidium
1114 1227 1242 1279 jejunii
1265 1236 1299 1265 et

313 1275 514 1313 certaminis
533 1275 579 1313 ad
606 1278 875 1330 temperantiam
895 1278 1059 1316 instituti.
1081 1279 1173 1317 Ecce
1203 1279 1297 1317 enim

312 1327 358 1365 ad
375 1328 503 1379 januas
524 1338 658 1367 stamus
679 1329 787 1368 medii
810 1331 1030 1383 jejunorium
1049 1334 1173 1383 agonis
1191 1348 1201 1369 :
1219 1346 1298 1371 ecce

312 1379 410 1418 adest
424 1380 615 1419 dimidium
633 1383 861 1435 jejuniorum.
876 1387 951 1435 Age
963 1398 1060 1436 ergo,
1074 1385 1296 1436 agonothetae

313 1432 455 1471 Christo
472 1433 618 1472 fidentes
633 1465 642 1483 ,
659 1435 810 1473 secunda
824 1437 951 1488 jejunii
968 1438 1158 1476 certamina
1174 1452 1297 1489 aggre-

310 1484 463 1523 diamur.
489 1488 571 1526 Jam
596 1502 660 1539 per
681 1489 827 1526 Domini
855 1490 1007 1541 gratiam
1031 1491 1078 1528 ad
1103 1490 1296 1529 dimidium

311 1538 413 1576 scalae
432 1538 476 1577 ad
494 1540 597 1578 caelos
612 1540 774 1579 ducentis
791 1543 1018 1594 pervenimus
1040 1558 1047 1579 :
1069 1543 1297 1581 absumamus

311 1590 417 1628 etiam
440 1602 608 1643 peccata,
636 1607 706 1632 non
733 1593 883 1632 dimidia
909 1595 1047 1646 solum,
1074 1596 1136 1634 sed
1162 1596 1294 1634 omnia.

311 1645 391 1683 Jam
411 1644 558 1697 propius
583 1647 795 1684 accessimus
828 1647 873 1685 ad
892 1648 1037 1700 praemia
1065 1664 1072 1683 τ
1093 1662 1297 1686 maneamus

311 1710 394 1747 ergo
414 1698 449 1734 in
469 1697 596 1735 stadio.
619 1700 700 1738 Jam
715 1699 853 1750 fulgent
872 1700 1073 1738 certaminis
1092 1700 1137 1738 ad
1156 1710 1295 1753 tempe-

310 1749 463 1786 rantiam
492 1751 644 1802 suscepti
671 1752 876 1801 mercedes,
905 1753 1087 1804 splendent
1107 1754 1295 1803 athletico—

311 1815 393 1838 rum
417 1802 589 1840 sudorum
620 1818 776 1851 coronae,
801 1805 935 1843 caelitus
957 1814 1116 1857 prostant
1143 1820 1298 1858 agonum

311 1854 470 1905 praemia,
487 1869 565 1905 quac
583 1857 793 1906 agonotheta
810 1857 972 1895 Christus
991 1858 1141 1895 daturus
1158 1868 1208 1896 est
1224 1873 1297 1896 cer-

312 1907 491 1956 tantibus,
516 1908 545 1945 si
563 1908 713 1947 victores
741 1910 821 1946 sint.
850 1910 916 1947 llle
939 1924 1002 1948 nos
1028 1911 1072 1948 de
1091 1911 1173 1948 caelo
1193 1912 1297 1949 robo-

314 1968 367 1996 rat
387 1959 431 1997 ad
456 1961 755 2011 perseverandum
772 1962 806 1999 in
824 1963 980 2014 jejunio,
1001 1972 1034 2000 et
1057 1963 1101 2001 de
1118 1964 1201 2002 caelo
1217 1978 1299 2016 pro-

313 2012 422 2050 mittit
442 2026 478 2049 se
493 2013 619 2064 jejunii
638 2014 781 2051 athletis
806 2015 1018 2053 charismata
1043 2015 1223 2055 daturum.
1246 2019 1299 2055 Ne

312 2064 431 2114 itaque
457 2079 576 2115 segnes
597 2065 707 2104 simus
732 2067 778 2104 ad
801 2068 1013 2118 certamina,
1039 2077 1077 2106 ut
1106 2069 1295 2121 pervenia-

314 2131 392 2154 mus
410 2116 457 2154 ad
477 2117 575 2155 illam
595 2133 659 2170 pro
675 2119 812 2171 jejunio
834 2130 1079 2159 coronatorum
1100 2122 1293 2161 civitatem.

314 2169 449 2207 Caelum
468 2184 619 2220 namque
635 2172 856 2211 circumeunt
867 2174 995 2226 jejunii
1013 2175 1170 2224 alumni3
1195 2189 1298 2226 ange-

313 2222 429 2259 lorum
462 2222 653 2262 imitatores
695 2226 820 2263 caelum
852 2226 1000 2278 suscipit
1020 2242 1030 2275 ;
1059 2227 1297 2279 jejunantium

314 2275 408 2311 enim
422 2274 497 2312 vita
505 2276 652 2314 caelestis
666 2287 727 2315 est.
737 2279 918 2330 jejunium
934 2293 1085 2330 namque
1100 2280 1260 2318 homines
1277 2295 1296 2318 a

314 2336 405 2364 terra
431 2327 465 2365 in
495 2329 620 2366 caelum
642 2331 829 2378 transfert,
850 2331 885 2369 in
904 2332 1180 2383 angelorumque
1199 2333 1297 2371 ordi-

315 2393 395 2417 nem
412 2379 576 2430 adducit,
596 2382 735 2420 facilem
754 2398 773 2420 a
792 2393 884 2421 terra
901 2384 936 2421 in
964 2385 1091 2423 caelum
1110 2385 1297 2423 transitum

315 2432 449 2478 reddit,
474 2443 506 2470 et
526 2443 606 2471 ante
628 2435 799 2473 caelestem
828 2439 960 2487 Regem
981 2437 1095 2488 sistit,
1118 2438 1299 2476 immorta-

315 2484 474 2534 liumquc
491 2486 665 2524 bonorum
690 2490 951 2527 usumfructum
971 2490 1186 2542 suppeditat.
1216 2493 1299 2529 Stu-

317 2537 472 2588 peudum
490 2539 584 2576 enim
610 2549 660 2577 est
675 2571 686 2591 ,
709 2542 853 2591 fratres,
876 2543 1076 2581 certaminis
1096 2544 1205 2582 nostri
1226 2545 1298 2582 mi-

318 2591 490 2627 raculum.
516 2592 623 2631 Pueri
644 2593 738 2631 enim
757 2608 838 2631 cum
857 2595 945 2633 viris
967 2605 1148 2647 unguntur
1166 2597 1214 2634 ad
1233 2612 1300 2649 pu-

317 2655 437 2691 gnam,
457 2644 621 2682 mulieres
644 2660 724 2683 cum
745 2647 831 2685 viris
847 2657 1065 2697 concertant,
1086 2649 1227 2687 infirma
1251 2651 1300 2688 fe-

317 2694 431 2731 minea
454 2705 576 2733 natura
597 2698 631 2735 in
652 2712 771 2749 pugna
791 2699 944 2738 viriliter
962 2701 1046 2751 agit.
1064 2702 1234 2739 Liberum
1250 2713 1300 2741 est

316 2747 516 2785 volentibus
533 2750 661 2800 jejunii
687 2751 855 2789 stadium.
880 2753 1043 2790 Christus
1070 2754 1165 2791 enim
1181 2756 1299 2806 eopio-

317 2812 376 2835 sus
412 2802 639 2849 praemiorum
672 2803 821 2854 largitor
852 2805 960 2842 sedet.
998 2806 1217 2845 Festinemus
1252 2808 1297 2846 ad

317 2850 474 2887 medium
493 2853 618 2902 jejunii
644 2864 818 2893 certamen
849 2873 856 2893 :
891 2871 993 2895 nemo
1023 2858 1090 2895 hoc
1116 2859 1298 2911 spirituale

317 2912 490 2940 certamen
509 2904 690 2957 deturpet,
710 2922 811 2946 nemo
836 2909 996 2947 ordinem
1014 2910 1150 2948 deserat
1169 2912 1204 2949 in
1224 2913 1297 2964 spi-

316 2955 506 2992 ritualibus
538 2956 633 2994 hiscc
679 2961 941 2999 certaminibus.
988 2963 1158 3001 Inimicus
1202 2965 1296 3003 enim

316 3007 482 3045 ferociam
502 3007 663 3057 demisit,
689 3025 813 3061 magna
840 3028 920 3064 pars
939 3016 1140 3053 certaminis
1157 3017 1295 3055 sublata

315 3069 364 3096 est
378 3089 387 3104 ‚
408 3074 451 3097 ex
475 3060 537 3097 Dei
554 3061 692 3112 judicio
713 3063 872 3102 devictus
892 3076 941 3103 est
963 3067 1147 3115 inimicus,
1169 3069 1205 3107 in
1225 3083 1295 3107 ser-

313 3111 461 3150 vitutem
479 3112 641 3150 redactus
664 3124 733 3162 est,
755 3115 923 3167 depulsus
942 3129 992 3156 est
1012 3134 1073 3170 per
1092 3121 1269 3172 jejunium
1285 3153 1294 3171 ,

1320 1053 1342 1083 B

1321 2552 1345 2580 D

1493 1053 1555 1096 Εἷς
1583 1052 1647 1099 τὴν
1668 1053 1777 1102 μέσην
1799 1052 1976 1103 ἑὸδομάδα
1995 1055 2063 1091 τῶν
2082 1056 2264 1100 νηστειῶν.

1421 1175 1619 1228 Εὐλογητὸς
1637 1178 1654 1213 ὁ
1680 1175 1768 1219 Θεὸς
1799 1178 1816 1213 ὃ
1837 1174 2071 1228 χαρισάμενος
2094 1181 2165 1217 τοῖς
2186 1176 2392 1226 ἀγωνισταῖς

1369 1231 1430 1274 τ’ῆς
1450 1228 1611 1276 νηστείας
1628 1228 1687 1266 καὶ
1711 1229 1750 1266 τὸ
1770 1227 1874 1279 μέσον
1895 1224 1997 1267 ἆθλον
2016 1230 2079 1273 τ’ῆς
2098 1227 2299 1280 ἐγκρατείας
2319 1227 2393 1265 θεά-

1370 1284 1508 1320 σασθαι.
1526 1281 1615 1319 Ἰδοὺ
1632 1281 1699 1348 γὰρ
1715 1281 1773 1319 ἐπὶ
1793 1287 1868 1325 ταῖς
1888 1282 2005 1331 θύραις
2029 1280 2226 1330 ἑστήκαμεν
2244 1283 2313 1318 τῶν
2332 1280 2392 1331 μζ·
2408 1309 2410 1312 -

1370 1349 1439 1371 σων
1470 1338 1532 1381 τῆς
1567 1350 1726 1381 νηστειας
1757 1336 1997 1385 σκαμμάτων·
2029 1332 2101 1371 ἰδοὺ
2130 1333 2170 1371 τὸ
2203 1332 2307 1383 μέσον
2331 1337 2392 1371 τοῦ

1370 1389 1500 1437 ἀγῶνος
1531 1390 1615 1438 ἡμῖν
1647 1387 1841 1439 πρόκειται.
1870 1390 1979 1438 Δεῦρο
2003 1390 2084 1437 γοῦν
2113 1388 2317 1438 θαρροῦντες
2342 1388 2393 1437 τῷ

1370 1440 1566 1491 ἀγωνοθέτῃ
1589 1441 1750 1492 Χριστῷ,
1770 1439 2093 1491 κατατολμήσωμεν
2114 1439 2173 1476 καὶ
2191 1441 2260 1476 τῶν
2281 1438 2393 1477 δευτέ-

1371 1507 1437 1543 ρων
1456 1496 1517 1539 τῆς
1536 1493 1697 1540 νηστείας
1711 1493 1980 1545 παλαισμάτων.
2002 1491 2251 1542 Ἐμεσάσαμεν
2272 1491 2393 1543 χάριτι

1370 1545 1498 1597 Κυρίου
1531 1546 1597 1593 ἤδη
1628 1545 1691 1592 τὴν
1725 1547 1772 1588 εἷς
1801 1545 1962 1598 οὐρανοὺς
1992 1546 2184 1596 ἀνάγουσαν
2212 1544 2391 1594 κλίμακα·

1370 1597 1604 1649 ἀναλώσωμεν
1636 1598 1694 1636 καὶ
1728 1601 1796 1636 τῶν
1832 1598 2095 1650 ἁμαρτημάτων
2130 1595 2177 1647 μὴ
2209 1597 2248 1634 τὸ
2283 1596 2393 1647 ἥμισυ

1370 1651 1487 1700 μόνον,
1515 1651 1605 1690 ἀλλὰ
1626 1652 1665 1690 τὸ
1683 1651 1773 1688 ὅλον.
1794 1651 1952 1697 Πλησίον
1971 1649 2161 1702 γεγόναμεν
2182 1649 2302 1687 λοιπὸν
2322 1653 2391 1688 τῶν

1368 1703 1546 1741 ἐπάθλων·
1572 1703 1805 1754 ἐπιμείνωμεν
1832 1704 1945 1742 τοίνυν
1966 1710 2036 1747 τοῖς
2067 1702 2264 1753 σκάμμασι.
2290 1702 2393 1753 Λάμ-

1368 1772 1470 1794 πουσι
1497 1756 1563 1810 γὰρ
1585 1756 1651 1803 ἤδη
1680 1759 1748 1793 τῶν
1782 1759 1843 1802 τῆς
1877 1754 2079 1809 ἐγκρατείας
2105 1755 2322 1805 σκαμμάτων
2349 1755 2393 1793 τὰ

1366 1808 1596 1874 χαρίσματα,
1630 1808 1809 1847 στίλὸουσι
1843 1813 1910 1847 τῶν
1941 1810 2137 1854 ἀθλητικῶν
2173 1806 2327 1860 ἱδρώτων
2362 1811 2393 1847 οἱ

1366 1876 1548 1913 στεφανοι,
1572 1861 1751 1912 οὐρανόθεν
1771 1860 1972 1914 πρόκεινται
1991 1863 2060 1898 τῶν
2083 1859 2225 1912 ἀγώνων
2247 1859 2291 1897 τὰ
2309 1862 2392 1914 βρα-

1367 1913 1466 1961 δεῖα,
1488 1914 1509 1951 ἃ
1530 1914 1693 1966 βραὸεύει
1715 1917 1732 1952 ὃ
1749 1915 1966 1965 ἀγωνοθέτης
1986 1913 2134 1965 Χριστὸς
2157 1916 2201 1963 τῇ
2223 1912 2302 1964 νίκῃ
2322 1917 2390 1951 τῶν

1367 1966 1691 2017 σκαμματιζόντιιΝ.
1707 1966 1904 2019 Οὐρανόθεν
1921 1971 2013 2017 ἡμᾶς
2029 1972 2139 2018 νευροῖ
2153 1966 2237 2018 πρὸς
2252 1965 2314 2012 τὴν
2331 1970 2393 2013 τῆς

1367 2018 1525 2066 νηστείας
1541 2020 1708 2065 εὐτονίαν,
1725 2020 1784 2057 καὶ
1799 2020 1979 2072 οὐρανόθεν
1995 2017 2247 2070 ἐπαγγέλλεται
2261 2018 2392 2057 διδόναι

1366 2072 1573 2123 χαρίσματα
1604 2078 1675 2115 τοῖς
1706 2074 1872 2120 ἀθληταῖς
1900 2077 1962 2119 τ’ῆς
1997 2070 2170 2119 νηστείας.
2196 2071 2258 2118 Μὴ
2280 2070 2392 2110 τοίνυν

1367 2125 1638 2177 ὀλιγωρήσωμεν
1659 2125 1745 2177 πρὸς
1769 2125 1847 2169 τοὺς
1875 2127 2032 2177 ἀγῶνας,
2058 2123 2114 2162 ἵνα
2134 2124 2390 2174 καταλάέωμεν

1366 2180 1432 2215 τῶν
1465 2181 1527 2222 τῆς
1557 2177 1718 2225 νηστείας
1749 2182 1963 2231 στεφανιτῶν
1998 2177 2061 2223 τὴν
2094 2176 2207 2216 πόλιν.
2234 2177 2392 2228 Οὐρανὸν

1366 2229 1432 2282 γὰρ
1449 2233 1695 2282 περιπολοῦσιν
1724 2232 1754 2269 οἳ
1777 2234 1838 2277 τῆς
1863 2230 2024 2277 νηστείας
2046 2229 2225 2283 τρόφιμοι,
2253 2228 2394 2280 οὐρανὸς

1367 2283 1590 2335 ἀγκαλίζεται
1608 2284 1686 2326 τοὺς
1701 2285 1855 2334 μιμητὰς
1873 2287 1938 2322 τῶν
1960 2282 2129 2335 ἀγγέλων,
2151 2283 2269 2330 ἐπειδὴ
2289 2281 2393 2335 οὐρά-

1365 2350 1436 2373 νιον
1467 2339 1536 2373 τῶν
1565 2336 1800 2383 νηστευόντων
1830 2337 1869 2374 τὸ
1901 2336 2106 2385 πολίτευμα.
2140 2336 2297 2382 Νηστεία
2325 2334 2391 2387 γὰρ

1366 2388 1444 2431 τοὺς
1461 2388 1661 2442 ἀνθρώπους
1679 2389 1747 2427 ἀπὸ
1766 2393 1829 2440 γῆς
1852 2390 1899 2432 εἷς
1923 2388 2084 2440 οὐρανοὺς
2110 2388 2323 2438 μεθίστησιν,
2345 2390 2390 2430 εἰς

1365 2440 1428 2487 τὴν
1454 2445 1521 2479 τῶν
1544 2442 1700 2493 ἀγγέλων
1729 2441 1849 2493 ἀνάγει
1870 2441 1979 2486 τάξιν,
2001 2440 2141 2479 εὔκολον
2160 2440 2223 2486 τὴν
2244 2441 2313 2479 ἀπὸ
2328 2442 2391 2491 γ’ῆς

1367 2495 1413 2537 εἷς
1435 2493 1596 2546 οὐρανοὺς
1623 2494 1763 2545 πορείαν
1784 2493 1992 2542 καθίστησι,
2012 2493 2071 2531 καὶ
2096 2492 2180 2544 παρ’
2205 2493 2306 2531 αὐτὸν
2334 2492 2391 2531 τὸν

1366 2546 1568 2598 ἐπουράνιον
1590 2547 1735 2598 βασιλέα
1749 2547 1958 2598 παρίστησι,
1972 2550 2039 2584 τῶν
2055 2545 2233 2583 ἀθανάτων
2255 2547 2393 2597 ἀγαθῶν

1366 2598 1428 2645 τὴν
1450 2599 1641 2637 ἀπόλαυσιν
1661 2605 1871 2651 χορηγοῦσα.
1893 2599 2000 2637 Ξένον
2035 2598 2122 2651 γὰρ,
2145 2598 2303 2650 ἀδελφοὶ,
2331 2602 2391 2635 τοῦ

1366 2654 1449 2704 παρ’
1474 2654 1573 2702 ἡμῶν
1604 2655 1734 2703 ἀγῶνος
1761 2652 1799 2689 τὸ
1821 2656 1949 2703 θαῦμα.
1970 2652 2100 2693 Παῖδες
2118 2649 2184 2702 γὰρ
2204 2651 2293 2700 μετὰ
2327 2652 2391 2688 ἀν-

1368 2705 1455 2756 δρῶν
1476 2704 1698 2756 ἀλείφονται,
1725 2711 1884 2755 γυναῖκες
1918 2703 2080 2755 ἀνδράσιν
2110 2705 2346 2754 ἁμιλλῶνται,
2368 2707 2389 2751 ἡ

1369 2756 1513 2803 ἀσθενὴς
1533 2761 1600 2795 τῶν
1618 2759 1761 2804 θηλειῶν
1784 2757 1868 2809 πρὸς
1886 2757 1942 2795 τὸν
1973 2759 2091 2807 ἀγῶνα
2111 2755 2304 2807 ἀνδρίζεται
2326 2754 2390 2808 φύ-

1370 2824 1434 2851 σις.
1458 2809 1658 2862 Ἐλεύθερον
1673 2815 1743 2852 τοῖς
1759 2810 1911 2847 ἐθέλουσι
1926 2809 1965 2846 τὸ
1978 2808 2127 2858 σκάμμα
2143 2812 2204 2855 τῆς
2217 2808 2389 2855 νηστείας.

1370 2863 1519 2914 Χριστὸς
1532 2862 1599 2913 γὰρ
1612 2863 1753 2913 ἄφθονος
1770 2860 1984 2913 ἀγωνοθέτης
1995 2860 2156 2908 κάθηται.
2175 2859 2389 2911 Σπεύσωμεν

1369 2915 1427 2951 καὶ
1447 2913 1531 2965 πρὸς
1551 2915 1608 2952 τὸν
1628 2914 1732 2965 μέσον
1760 2918 1877 2966 ἀγῶνα
1897 2916 1958 2959 τῆς
1976 2912 2151 2959 νηστείας·
2175 2913 2296 2964 μηδεὶς
2321 2928 2389 2950 κα-

1368 2966 1535 3018 ταισχύνη
1554 2967 1612 3004 τὸν
1633 2967 1864 3017 πνευματικὸν
1884 2970 2002 3003 τοῦτον
2023 2968 2157 3017 ἀγῶνα·
2178 2965 2298 3015 μηδεὶς
2318 2966 2387 3002 λει-

1368 3009 1571 3069 ποτακτῆσῃ
1589 3022 1658 3057 τῶν
1675 3020 1919 3070 πνευματικῶν
1939 3017 2081 3068 ἀγώνων
2097 3017 2240 3056 τούτων.
2263 3016 2390 3054 Λέλει-

1366 3086 1452 3108 πται
1469 3071 1536 3124 γὰρ
1559 3074 1576 3108 ὃ
1598 3072 1717 3124 ἐχθρὸς
1741 3076 1800 3110 τοῦ
1818 3070 1980 3122 θράσους,
2005 3070 2182 3122 ἀφῄρηται
2211 3071 2251 3108 τὸ
2277 3068 2387 3128 ᾑπλέον

1366 3125 1428 3168 τῆς
1444 3124 1559 3175 μάχης
1573 3154 1582 3171 ,
1596 3124 1772 3170 νενίκηται
1788 3128 1830 3175 τῇ
1845 3127 1904 3160 τοῦ
1920 3126 2010 3161 Θεοῦ
2027 3124 2139 3174 κρίσει
2151 3152 2159 3168 ,
2177 3121 2388 3159 δεδούλωται

310 3178 329 3199 a
356 3164 557 3202 ridentibus
582 3167 740 3216 puerulis
776 3168 874 3205 humi
904 3170 1056 3221 dejectus
1075 3182 1150 3219 est,
1177 3174 1289 3225 epita·
1308 3177 1540 3225 23«ἡττηθεὶς,
1572 3176 1741 3221 ἐλήλαται
1769 3177 1824 3214 διὰ
1854 3174 2034 3222 νηστείας,
2067 3176 2121 3212 ἐπ’
2150 3174 2291 3225 ἐδάφους
2322 3174 2387 3211 ὑπὸ

310 3216 464 3266 phioquc
492 3218 588 3268 turpi
614 3217 647 3255 in
679 3220 910 3270 opprobrium
943 3223 988 3259 ab
1021 3223 1105 3272 ipsis
1129 3226 1290 3263 donatus.
1319 3239 1341 3266 Λ
1364 3228 1495 3274 νηπίων
1522 3228 1716 3279 γελώμενος
1739 3229 1898 3281 ἔῤῥιπται
1914 3255 1923 3272 ,
1943 3227 2122 3278 ἐπιτάφιον
2146 3226 2310 3278 αἰσχύνης
2328 3225 2386 3262 ὑπ’

1499 3281 1513 3292 Ν

308 3270 418 3305 Nemo
440 3269 548 3320 igitur
568 3269 713 3318 titubet,
735 3271 877 3314 dilecti,
900 3273 934 3309 in
960 3274 1117 3312 medium
1133 3278 1289 3328 jejunio-

306 3334 387 3358 rum
421 3335 644 3373 progressus,
675 3337 775 3361 nemo
807 3325 958 3376 segniter
989 3336 1068 3377 agat
1102 3328 1136 3364 iu
1167 3330 1293 3367 mediis

1365 3282 1476 3318 αὐτῶν
1495 3280 1678 3331 δεχόμενος
1697 3281 1834 3323 ὄνειδος.
1850 3279 1983 3326 Μηδεὶς
2000 3279 2110 3317 τοίνυν
2131 3279 2261 3329 ὀκλάσῃ
2275 3308 2284 3326 ,
2302 3280 2386 3339 ἀγα-

1364 3333 1488 3380 πητοὶ,
1509 3326 1587 3384 περὶ
1606 3333 1644 3370 τὸ
1668 3332 1771 3371 μέσον
1793 3335 1854 3378 τῆς
1875 3331 2034 3378 νηστείας
2048 3331 2243 3382 γενόμενος·
2267 3330 2385 3375 αηδεις
