2481 3678
100 705 159 733 Cur
174 704 262 733 Joan-

290 174 344 229 14
747 187 785 217 S.

281 276 481 318 temporum
502 267 746 317 consequentia
779 269 939 320 superior
958 277 1019 306 est.
1040 267 1193 318 Ideoque
1210 266 1267 304 his

282 327 497 380 repudiatis,
513 328 651 365 Patrem
677 328 886 367 confitemur
903 343 948 367 ex
966 329 1065 367 nullo
1089 341 1179 379 esse,
1201 326 1266 365 Fi-

281 386 440 440 liu'mque
457 403 499 427 ex
522 390 623 427 Patre
640 399 773 427 natum.

333 695 369 731 4.
400 693 506 731 Recte
519 692 708 743 ‚inquies·
731 705 855 732 verum
873 707 936 731 eut
951 692 1073 731 relicto
1093 695 1210 740 Patre,
1225 693 1270 731 de

77 756 128 774 ¹¹⁰⁵
164 748 265 775 ¹⁶¹¹⁶¹⁰
280 751 372 789 Filio
390 751 558 789 disserit?
578 752 673 798 Quia
694 751 754 789 ille
771 752 933 803 cognitus
949 751 1114 790 omnibus
1135 760 1223 802 erat,
1240 751 1270 789 si

74 788 184 820 Patre
229 789 265 816 de

74 826 152 855 Filio
171 830 264 856 disse-

76 875 130 897 rat.

74 2717 168 2745 Joan.
194 2715 240 2745 15.

81 2757 127 2786 15.

279 828 348 851 non
376 823 414 851 ut
433 814 554 860 Pater,
575 814 698 851 saltem
728 823 767 851 ut
797 815 924 852 De¹.:15
940 813 1156 865 Unigenitus
1186 827 1270 853 vero
1291 830 1313 860 B

277 874 520 926 iguo1··.abatu1
541 844 723 926 Ideoque
710 889 791 927 jule
806 874 1015 927 aprincipio
1042 875 1162 913 statim
1193 875 1269 927 ejus

276 935 440 973 notitiam
461 936 582 975 indere
606 937 747 975 festinat
769 937 812 975 iis
833 938 896 988 qui
923 938 1042 990 ipsum
1068 951 1137 975 non
1161 951 1269 976 nove-

276 1006 368 1034 rant.
390 997 559 1048 Alioquin
587 1011 671 1035 vero
697 998 837 1035 Patrem
857 998 893 1035 in
915 998 984 1036 hoc
1011 1011 1172 1036 sermone
1197 1011 1268 1035 non

275 1054 398 1092 tacuit.
416 1057 467 1092 Ac
485 1055 569 1095 vide
591 1055 679 1093 mihi
699 1055 923 1108 spiritualem
940 1055 1178 1108 prudentiam.
1196 1057 1267 1093 No-

274 1115 327 1154 vit
346 1116 507 1153 homines
533 1116 610 1167 jam
638 1117 723 1154 olim
743 1126 776 1154 et
795 1126 875 1155 ante
899 1117 1016 1154 omnia
1049 1119 1166 1155 Deum
1195 1131 1267 1169 prae

272 1177 440 1214 omnibus
471 1177 583 1214 colere
602 1187 634 1214 et
649 1192 815 1216 asserere.
835 1178 919 1216 ldeo
944 1178 1026 1215 inde
1047 1177 1267 1229 principium

271 1237 371 1285 feeit,
399 1247 433 1274 et
458 1251 665 1289 progressus
693 1240 808 1275 Deum
835 1252 909 1275 esse
939 1238 1039 1275 dicit.
1067 1239 1146 1275 Non
1175 1237 1266 1275 sicut

271 1298 372 1334 Plato
388 1297 542 1334 alterum
556 1307 718 1346 mentem,
731 1297 883 1335 alterum
896 1298 1054 1336 animam
1068 1312 1141 1336 esse
1154 1297 1262 1336 dicit:

272 1357 348 1395 haec
365 1357 460 1394 enim
491 1357 616 1409 procul
647 1367 729 1395 sunt
749 1372 768 1395 a
788 1358 910 1396 divina
938 1358 1000 1397 illa
1019 1368 1053 1397 et
1069 1359 1265 1397 immortali

273 1428 412 1456 natura.
429 1419 551 1469 Neque
567 1418 662 1456 enim
680 1433 866 1458 commune
879 1420 1064 1471 quidpiam
1076 1420 1264 1458 nobiscum

273 1479 401 1529 habet,
421 1479 483 1517 sed
500 1479 604 1530 longe
622 1488 674 1516 est
691 1493 711 1516 a
727 1479 1045 1517 communicatione
1066 1494 1148 1518 cum
1168 1495 1264 1518 crea-

272 1540 380 1589 ttu·is;
403 1539 598 1578 secundum
611 1540 847 1577 substantiam
862 1539 942 1577 dico
951 1570 962 1590 ,
981 1554 1050 1578 non
1066 1541 1263 1579 secundum

271 1599 447 1638 habitum.
482 1599 566 1638 Ideo
599 1599 762 1640 Verbum
798 1600 902 1637 illum
934 1601 1140 1653 appellavit.
1171 1603 1263 1640 Cum
1284 1615 1307 1645 (2

272 1661 366 1699 enim
383 1660 553 1699 docturus
577 1670 664 1698 esset
681 1661 750 1698 hoe
763 1661 926 1700 Verbum
948 1675 1019 1699 esse
1038 1661 1263 1713 unigenitum

272 1721 407 1759 Filium
425 1722 510 1772 Dei,
534 1736 577 1760 ne
597 1722 676 1773 quis
696 1722 955 1773 generationem
980 1723 1186 1774 passibilem
1204 1737 1264 1761 su-

273 1783 489 1834 spicaretur,
515 1783 698 1835 praemissa
727 1783 839 1822 Verbi
868 1784 1102 1836 appellatione
1122 1799 1263 1823 omnem

273 1844 366 1882 tollit
387 1845 518 1883 malam
538 1844 797 1896 suspicionem,
817 1844 905 1882 dum
925 1854 957 1882 et
975 1846 1110 1883 Filium
1126 1860 1171 1884 ex
1186 1846 1263 1898 ipso

273 1920 361 1956 esse,
379 1915 412 1944 et
428 1906 695 1958 impassibiliter
709 1906 844 1944 Filium
859 1921 932 1944 esse
944 1906 1112 1945 declarat.
1130 1908 1261 1947 Viden'

273 1967 474 2018 quomodo,
495 1977 534 2005 ut
548 1968 625 2019 jam
643 1967 743 2017 dixi,
764 1981 845 2005 cum
866 1968 911 2006 de
931 1968 1023 2006 Filio
1043 1968 1262 2020 loqueretur,

276 2029 415 2067 Patrem
432 2043 502 2067 non
517 2029 626 2066 tacuit
641 2030 658 2067 ‘t'
679 2029 785 2076 Quod
805 2030 834 2068 si
852 2029 928 2068 haec
947 2044 1018 2069 non
1034 2030 1118 2068 satis
1132 2030 1201 2069 sint
1219 2030 1265 2068 ad.

273 2099 384 2128 totam
420 2105 495 2128 rem
528 2090 778 2128 declarandam
792 2121 802 2140 ,
836 2105 880 2129 ne
913 2092 1063 2130 mireris.
1101 2093 1154 2130 De
1190 2094 1265 2131 Deo

274 2165 426 2203 namque
441 2152 543 2190 nobis
559 2161 609 2190 est
625 2166 753 2201 sermo,
769 2167 874 2203 quem
888 2167 952 2205 pro
966 2153 1140 2204 dignitate
1154 2169 1266 2205 neque

274 2211 391 2249 dicere
407 2242 416 2260 ,
440 2226 551 2263 neque
578 2212 731 2263 cogitare
757 2227 954 2265 possumus.
988 2213 1072 2251 Ideo
1096 2214 1156 2252 hic
1186 2215 1267 2252 sub·
1287 2220 1311 2250 D

275 2273 410 2311 stantiae
430 2287 556 2311 nomen
581 2287 756 2324 nusquam
777 2274 877 2326 ponit
898 2290 906 2310 t
926 2275 1010 2325 quia
1030 2289 1132 2313 nemo
1153 2285 1266 2328 potest

274 2333 391 2371 dicere
412 2334 499 2385 quid
521 2336 618 2372 Deus
637 2334 681 2372 sit
700 2334 895 2372 secundum
912 2335 1146 2373 substantiam
1164 2352 1171 2373 ε
1187 2337 1266 2374 ubi-

275 2408 343 2445 que
370 2404 487 2432 autem
516 2395 621 2432 illum
652 2395 754 2433 nobis
774 2409 820 2433 ex
838 2396 1005 2448 operibus
1036 2396 1264 2436 demonstrat.

277 2457 463 2507 Siquidem
481 2457 550 2494 hoc
564 2457 727 2496 Verbum
740 2456 860 2496 videre
874 2467 926 2495 est
941 2468 1060 2510 postea
1075 2459 1191 2496 lucem
1211 2459 1265 2497 di-

276 2526 391 2566 ctum,
414 2526 447 2553 et
461 2517 576 2554 lucem
592 2531 713 2555 rursus
727 2518 899 2570 appellari
915 2519 1039 2558 vitam.
1058 2521 1179 2571 Neque
1197 2520 1264 2559 hac

276 2578 393 2616 solum
411 2577 455 2615 de
474 2592 578 2615 causa
600 2578 651 2615 sic
672 2579 774 2616 illum
793 2580 935 2619 vocavit
955 2596 963 2617 ε
980 2580 1039 2619 scd
1056 2581 1132 2619 haec
1146 2581 1262 2634 prima

277 2652 379 2676 causa
410 2647 460 2675 est
485 2638 656 2686 secunda,
676 2639 759 2689 quia
790 2655 867 2690 quae
897 2641 1012 2680 Patris
1036 2652 1133 2680 erant
1160 2643 1263 2681 nobis

276 2709 348 2738 erat
369 2700 614 2749 nuntiam-1153
634 2714 716 2737 nam
730 2701 778 2738 ait
801 2717 808 2737 ε
834 2704 974 2741 Omnia
989 2719 1075 2756 quse
1088 2707 1222 2743 audivi
1237 2720 1262 2744 a

276 2762 409 2808 Patre,
435 2763 668 2799 annuntiavi
685 2764 805 2799 vobis.
826 2764 941 2802 Vocat
965 2775 1082 2804 alitem
1106 2767 1209 2805 illum
1229 2777 1262 2806 et

274 2821 388 2860 vitam
417 2831 450 2859 et
476 2822 592 2859 lucem
623 2837 630 2857 τ
658 2835 740 2858 nam
773 2822 982 2873 cognitionis
1011 2826 1125 2865 lucem
1161 2829 1262 2867 nobis

274 2882 390 2931 dedit,
425 2892 458 2920 et
484 2897 529 2920 ex
556 2882 635 2920 luce
663 2882 784 2921 vitam.
818 2883 859 2920 In
888 2898 1023 2922 summa
1052 2901 1119 2924 non
1149 2903 1261 2927 unum

273 2958 420 2992 nomen,
444 2957 511 2981 non
531 2942 623 2990 duo,
646 2958 714 2981 non
735 2943 822 2991 tria,
849 2958 916 2981 non
945 2945 1047 2997 plura
1076 2949 1159 2985 satis
1180 2960 1260 2988 sunt

273 3005 318 3043 ad
333 3020 372 3043 ea
386 3019 463 3056 quac
478 3006 592 3041 Deum
608 3013 764 3058 spectant
778 3003 974 3043 edocenda:
988 3005 1048 3043 sed
1064 3008 1259 3058 optandum

273 3076 340 3113 est,
361 3075 400 3103 ut
417 3066 522 3103 etiam
553 3079 613 3116 per
639 3065 750 3102 multa
769 3065 825 3102 vel
846 3066 995 3103 obscure
1022 3068 1199 3119 possimus
1222 3084 1260 3108 ca

271 3140 350 3177 quae
369 3126 414 3164 ad
431 3128 545 3164 Deum
561 3135 715 3177 spectant
731 3126 927 3178 complecti.
945 3128 976 3165 N
980 3141 1024 3165 on
1041 3137 1159 3166 autem
1175 3130 1259 3167 sim-

314 3242 327 3256 -Ἱ
352 3233 415 3263 Hic
433 3231 546 3263 Morel.
565 3239 640 3273 post
655 3237 905 3275 παραιτησόμεθα
928 3236 1020 3275 λέγειν
1036 3231 1150 3275 adjicit
1168 3237 1201 3266 οὐ
1218 3240 1275 3278 γὰρ

267 3288 402 3327 ἡμέτερα
418 3288 526 3316 ταῦτα.
549 3281 650 3316 Savil.
670 3283 738 3314 haec
761 3283 794 3314 iu
812 3282 959 3326 margine
978 3284 1096 3325 posuit.

310 3335 326 3351 ἰ
351 3335 473 3376 [ἔλεγεν
489 3333 589 3366 savll.
608 3341 642 3366 et
656 3333 741 3367 COd.
761 3335 853 3376 706.]

308 3387 325 3411 b
350 3385 450 3418 Savil.
470 3393 503 3418 et
518 3385 653 3428 quidam
671 3384 725 3418 alii
741 3391 942 3433 προσηγορίᾳ,
962 3395 1144 3433 πρακνκιρεὶ.

823 187 1007 232 ,ΙΟΛῌΝῐὸ
1041 185 1284 217 CHRYSOST.
1324 185 1527 216 Ancnlffl‘.
1564 185 1917 218 CONSTANTINOP.

1341 265 1389 310 ξιν
1405 266 1542 319 ἐπέχειν
1565 266 1604 305 ἂν
1621 267 1673 315 εἴη
1694 268 1835 312 δίκαιος.
1855 270 1900 307 Εἰ
1921 268 1956 308 δὲ
1974 268 2068 321 λέγοι
2087 285 2156 317 τις,
2170 270 2229 307 καὶ
2244 270 2278 308 τί
2300 271 2360 318 δή·

1339 343 1423 366 ποτε
1441 329 1633 381 τὸπρῶτον
1655 328 1762 368 αἴτιον
1793 330 1888 382 ἀφεὶς
1901 361 1911 379 ,
1935 330 2056 374 εὐθέως
2083 334 2167 381 ἡμῖν
2199 331 2280 384 περὶ
2301 337 2361 370 τοῦ

1342 389 1496 442 δευτέρου
1517 389 1719 438 διείλεκται,
1744 391 1784 428 τὸ
1811 389 1872 441 μὲν
1895 394 2030 444 πρῶτον
2058 392 2118 429 καὶ
2139 391 2177 430 τὸ
2206 391 2361 445 δεύτερον

1337 450 1628 504 παραιτησόμεθα
1651 451 1762 503 λέγειν
1776 467 1784 475 ’

1336 527 1432 564 τερον
1464 512 1524 550 καὶ
1558 512 1692 564 χρόνων
1726 512 1939 555 ἀκολουθίας.
1976 513 2038 550 Διο
2072 528 2132 550 και
2158 519 2269 552 ταῦτα
2295 512 2358 564 μὲν

1336 573 1632 624 παρῃτησάμεθα·
1655 573 1799 625 Πατέρα
1833 571 1867 610 δὲ
1896 574 2137 645 ὁμολογοῦμεν
2160 574 2192 618 ἐξ
2228 575 2360 618 οὐδενὸς

1336 648 1431 681 οντα,
1442 649 1501 672 και
1518 634 1632 673 Υἱὸν
1617 651 1655 673 εκ
1672 634 1809 686 Πατρος
1830 632 2089 684 γεγεννημένον.

1391 694 1483 743 Ναὶ,
1509 695 1614 747 φησί·
1643 694 1677 733 τί
1707 695 1827 742 δήποτ’
1845 698 1901 731 οὖν
1921 709 1977 731 τον
1999 692 2144 745 Πατέρα
2166 693 2261 745 ἀφεις
2281 694 2362 748 περὶ

1762 754 1848 793 εὈτι
1873 757 2000 797 ἐκεῖνος
2022 753 2084 805 μὲν
2107 755 2210 801 δῆλος
2232 755 2362 793 ἅπασιν

1805 457 1820 472 a
1851 454 1860 466 τ
1968 455 1989 464 ω
2032 451 2041 468 x
2123 452 2131 466 x
2201 459 2213 464 m
2283 454 2293 466 τ
2330 452 2340 467 l

1842 456 1988 505 αρῑΟμΟυ
2004 469 2072 505 γαρ
2099 469 2139 490 To
2164 456 2250 491 θΞῑΟν
2275 469 2362 491 ανω-

1335 759 1395 794 τοῦ
1415 757 1501 795 Υἱοῦ
1517 756 1711 808 διαλέγεται
1725 772 1734 803 ;

1335 819 1389 864 ἠν,
1410 819 1439 855 εἰ
1458 817 1517 855 καὶ
1535 817 1583 868 μὴ
1603 820 1650 860 ὡς
1669 815 1816 868 Πατὴρ,
1832 816 1908 853 ἀλλ’
1927 817 1973 858 ὡς
1993 813 2098 858 Θεός·
2120 818 2137 852 ὁ
2155 814 2190 852 δὲ
2206 817 2363 867 Μονογε-

1335 876 1396 923 νὴς
1413 879 1579 929 ἠγνοεῖτο.
1596 877 1659 916 Διὸ
1686 877 1827 920 εἰκότως
1841 875 1904 923 τὴν
1927 875 2007 928 περὶ
2023 875 2144 913 τούτου
2163 878 2288 927 γνῶσιν
2308 878 2362 914 εὐ-

1336 937 1419 982 θέως
1439 941 1477 976 ἐκ
1491 938 1683 990 προοιμίων
1704 938 1867 976 ἔσπευσεν
1889 939 2033 974 ἐνθεῖναι
2052 941 2122 979 τοῖς
2142 938 2202 974 οὐκ
2234 935 2359 974 εἰδόσιν

1335 998 1435 1036 αὐτόν
1453 1014 1460 1022 ·
1484 999 1598 1043 ἄλλως
1613 1015 1651 1037 τε
1670 998 1745 1038 οὐδὲ
1764 999 1822 1037 τὸν
1842 996 1987 1049 Πατέρα
2003 998 2037 1034 ἐν
2053 1002 2123 1038 τοῖς
2137 995 2217 1049 περὶ
2232 995 2362 1035 τούτων

1333 1059 1446 1111 λόγοις
1474 1059 1713 1107 ἀπεσιώπησε.
1745 1059 1816 1098 Καὶ
1849 1058 1909 1096 θέα
1940 1073 1998 1108 μοι
2031 1056 2093 1103 τὴν
2132 1056 2266 1094 σύνεσιν
2299 1056 2362 1104 τὴν

1333 1121 1582 1171 πνευματικήν.
1610 1115 1696 1159 ΟΝἶδε
1724 1119 1802 1163 τοὺς
1834 1117 2036 1170 ἀνθρώπους
2061 1118 2101 1156 τὸ
2129 1117 2361 1171 πρεσέότερον

1332 1196 1392 1218 και
1411 1181 1450 1218 τὸ
1466 1180 1533 1232 πρὸ
1553 1180 1693 1218 πάντων
1715 1180 1868 1231 μάλιστα
1887 1194 2062 1229 τιμωντας
2081 1194 2139 1216 και
2167 1178 2364 1229 τιθεμένους

1332 1240 1436 1278 Θεόν.
1458 1239 1528 1278 Διὰ
1543 1245 1644 1279 τοῦτο
1661 1242 1812 1278 ἐντεῦθεν
1829 1242 1967 1292 πρῶτον
1987 1245 2138 1276 ποιεῖται
2156 1238 2219 1285 τὴν
2236 1239 2361 1291 ἀρχὴν,

1331 1316 1390 1339 και
1410 1300 1539 1354 προϊὼν
1566 1318 1626 1340 και
1646 1301 1735 1340 Θεόν
1755 1316 1859 1353 φησιν
1883 1304 1994 1338 εἶναι·
2014 1298 2074 1336 καὶ
2093 1301 2159 1351 οὐχ
2185 1301 2232 1343 ὡς
2260 1300 2363 1338 Πλά-

1329 1378 1411 1410 των,
1427 1362 1484 1400 τὸν
1506 1362 1567 1414 μὲν
1581 1368 1670 1411 νοῦν,
1686 1363 1744 1401 τὸν
1768 1362 1802 1401 δὲ
1821 1360 1935 1414 ψυχὴν
1967 1360 1986 1379 *
2001 1359 2111 1434 λέγων
2132 1364 2236 1397 εἶναι·
2252 1365 2362 1399 ταῦτα

1330 1422 1398 1475 γὰρ
1411 1423 1531 1476 πόρρω
1551 1440 1614 1470 της
1634 1423 1727 1466 θείας
1742 1423 1801 1461 καὶ
1819 1421 1996 1474 ἀκηράτου
2014 1420 2158 1473 φύσεως.
2188 1421 2278 1460 Οὐδὲ
2294 1422 2363 1475 γὰρ

1330 1482 1403 1535 ἔχει
1428 1500 1462 1521 τι
1491 1485 1603 1523 κοινὸν
1631 1485 1716 1536 πρὸς
1741 1488 1858 1535 ἡμᾶς,
1893 1480 1983 1520 ἀλλὰ
2015 1480 2265 1533 ἀνακεχώρηκε
2299 1486 2362 1530 τῆς

1331 1545 1415 1596 πρὸς
1430 1544 1492 1591 τὴν
1512 1544 1624 1584 κτίσιν
1644 1543 1845 1590 κοινωνίας,
1865 1546 1927 1588 τ’ῆς
1945 1542 2020 1579 κατ’
2049 1541 2167 1579 οὐσίαν
2195 1541 2306 1594 λέγω,
2323 1545 2362 1581 οὐ

1332 1605 1400 1655 μὴν
1415 1609 1476 1652 τῆς
1503 1605 1594 1644 κατὰ
1621 1604 1684 1652 τὴν
1714 1604 1845 1656 σχέσιν.
1865 1602 1933 1641 Διά
1963 1618 2017 1640 τοι
2043 1607 2143 1640 τοῦτο
2169 1603 2227 1641 καὶ
2248 1604 2360 1656 Λόγον

1331 1666 1431 1704 αὐτὸν
1464 1666 1639 1705 ἐκάλεσεν.
1661 1664 1808 1711 Ἐπειδὴ
1837 1663 1906 1716 γὰρ
1940 1662 2059 1714 μέλλει
2092 1664 2279 1713 διδάσκειν,
2309 1664 2361 1703 ὅτι

1331 1721 1427 1771 οὗτος
1447 1731 1465 1765 ὃ
1486 1727 1595 1778 Λόγος
1613 1725 1798 1779 μονογενής
1818 1727 1909 1764 ἐστιν
1926 1725 2010 1768 Υἱὸς
2033 1728 2091 1762 τοῦ
2108 1726 2218 1773 Θεοῦ,
2237 1725 2293 1763 ἵνα
2310 1725 2359 1776 μὴ

1330 1788 1489 1836 παθητὴν
1506 1788 1675 1827 υπολάὸοι
1691 1804 1743 1831 τις
1763 1785 1825 1833 τὴν
1840 1785 2012 1838 γέννησιν,
2032 1785 2219 1838 προλαὸων
2244 1803 2287 1838 τῃ
2302 1791 2361 1825 τοῦ

1331 1848 1478 1901 Λόγουι)
1486 1848 1724 1902 προσηγορίᾳ,
1740 1863 1856 1886 πασαν
1874 1849 2007 1899 ἀναιρεῖ
2021 1845 2084 1893 τὴν
2104 1845 2258 1899 πονηρὰν
2276 1849 2360 1885 ὑπο-

1330 1910 1427 1963 ψίαν,
1451 1911 1490 1948 τό
1509 1927 1547 1948 τε
1568 1909 1603 1954 ἐξ
1623 1912 1724 1948 αὐτοῦ
1754 1925 1811 1947 τον
1841 1908 1924 1946 Υἱὸν
1955 1911 2042 1945 εἶναι
2075 1908 2201 1954 δηλων,
2234 1908 2293 1945 καὶ
2320 1908 2360 1946 τὸ

1333 1975 1487 2015 ἀπαθῦς.
1511 1971 1619 2025 Ορᾶς
1645 1972 1718 2018 ὅτι,
1742 1969 1828 2024 ὅπερ
1857 1973 1965 2016 εἷπον,
1993 1966 2070 2006 οὐδὲ
2084 1968 2141 2006 τὸν
2157 1967 2339 2021 Πατέρα
2324 1985 2358 2006 εν

1331 2039 1402 2076 τοῖς
1431 2048 1512 2086 περι
1543 2037 1602 2071 τοῦ
1631 2033 1717 2069 Υἱοῦ
1742 2029 1857 2081 λόγοις
1877 2027 2146 2076 ἀπεσιωπησεν,
2168 2030 2213 2066 Εἰ
2233 2028 2269 2066 δὲ
2297 2032 2359 2067 οὐκ

1332 2096 1430 2147 ἀρκεῖ
1448 2099 1558 2132 ταῦτα
1573 2092 1617 2131 τὰ
1633 2090 1872 2142 υποδείγματα
1895 2105 2121 2142 παραστησαι
2140 2090 2180 2127 τὸ
2205 2096 2287 2137 πᾶν,
2309 2089 2357 2140 μὴ

1333 2155 1526 2206 θαυμάσῃς.
1542 2153 1632 2207 Περι
1647 2155 1737 2191 Θεοῦ
1751 2152 1819 2204 γὰρ
1835 2155 1946 2202 ἡμῖν’
1934 2168 1951 2189 0
1964 2150 2084 2202 λόγος,
2099 2151 2134 2189 ὃν
2151 2166 2227 2188 ουτε
2238 2153 2358 2198 εἰπεῖν,

1333 2215 1411 2254 οὔτε
1429 2218 1552 2261 νοῆσαι
1571 2214 1647 2252 κατ’
1666 2212 1763 2257 ἀξίαν
1781 2211 1935 2250 δυνατόν.
1957 2211 2020 2248 Διὸ
2034 2211 2093 2248 καὶ
2121 2214 2217 2254 οὗτος
2241 2211 2359 2255 οὐσίας

1334 2276 1396 2328 μὲν
1418 2278 1571 2327 οὐδαμοῦ
1589 2275 1723 2321 τίθησιν
1746 2273 1876 2324 &voua-
1899 2271 1974 2310 ουδὲ
1994 2272 2062 2325 γὰρ
2080 2271 2220 2309 δυνατον
2251 2274 2357 2310 εἰπεῖν

1334 2338 1416 2375 αὐτὸ
1437 2336 1502 2374 ὅτι
1529 2335 1613 2374 ποτέ
1632 2337 1705 2373 ἐστι
1723 2333 1785 2380 τὴν
1808 2332 1924 2371 οὐσίαν
1945 2335 1962 2370 ὅ
1984 2332 2091 2375 Θεός·
2119 2336 2299 2383 πανταχοῦ
2321 2332 2358 2371 δὲ

1333 2401 1417 2448 ἡμῖν
1445 2397 1546 2435 αὐτὸν
1579 2395 1648 2434 ἀπὸ
1675 2396 1744 2432 τῶν
1765 2395 1943 2446 ἐνεργειῶν
1964 2394 2074 2439 δηλοῖ.
2091 2393 2161 2430 Τὸν
2189 2392 2224 2430 δὲ
2246 2392 2357 2444 Λόγον

1333 2464 1449 2498 τοῦτον
1465 2458 1531 2496 ἴδοι
1550 2474 1601 2500 τις
1619 2456 1657 2494 ἂν
1677 2456 1797 2508 μικρὸν
1821 2454 1961 2507 ὕστερον
1990 2453 2050 2491 καὶ
2073 2456 2144 2505 φῶς
2160 2453 2358 2504 λεγόμενον,

1332 2519 1391 2558 καὶ
1408 2519 1447 2557 τὸ
1461 2521 1532 2571 φῶς
1548 2516 1653 2556 πάλιν
1674 2515 1923 2567 ὀνομαζόμενον
1945 2514 2047 2561 ζωήν.
2078 2519 2092 2534 ⁰
2108 2516 2161 2552 Οὐ
2174 2515 2302 2562 ταύτης
2322 2513 2357 2553 δὲ

1333 2580 1435 2633 μόνον
1455 2579 1567 2618 ἕνεκεν
1590 2582 1652 2625 τῆς
1669 2576 1782 2620 αἰτίας
1809 2575 1916 2619 οὕτως
1944 2574 2105 2626 ὠνόμασε
2128 2575 2245 2614 αὐτόν·
2267 2575 2357 2614 ἀλλὰ

1331 2643 1472 2698 πρώτης
1496 2642 1557 2695 μὲν
1573 2641 1699 2688 ταύτης
1716 2657 1723 2664 ·
1743 2639 1902 2693 δευτέρας
1922 2638 1957 2677 δὲ
1970 2669 1979 2686 ,
2000 2638 2118 2685 ἐπειδὴ
2139 2638 2182 2676 τὰ
2203 2643 2261 2677 τοῦ
2281 2641 2358 2677 Πα-

1330 2706 1408 2759 τρὸς
1422 2709 1506 2755 ἡμῖν
1533 2703 1673 2755 ἔμελλεν
1692 2699 1923 2752 ἀπαγγέλλειν
1937 2714 1944 2722 ·
1966 2698 2090 2736 Πάντα
2116 2698 2206 2751 γὰρ,
2237 2699 2355 2750 φησὶν,

1330 2769 1395 2808 ὅσα
1414 2768 1546 2814 ἤκουσα
1559 2765 1655 2818 παρὰ
1672 2770 1728 2802 τοῦ
1748 2763 1887 2813 Πατρὸς
1902 2792 1911 2808 ,
1933 2761 2121 2812 ἀνήγγειλα
2136 2763 2228 2811 ὑμῖν.
2247 2764 2357 2800 Καλεῖ

1330 2830 1366 2869 δὲ
1381 2829 1480 2868 αὐτὸν
1500 2828 1559 2866 καὶ
1585 2825 1674 2872 ζωὴν
1703 2823 1761 2862 καὶ
1782 2826 1869 2874 φῶς·
1885 2822 2005 2874 τὸγὰρ
2028 2822 2097 2859 ἀπὸ
2118 2824 2178 2867 τῆς
2197 2820 2356 2873 γνώσεως

1329 2893 1399 2942 φῶς
1429 2892 1513 2940 ἡμῖν
1543 2884 1747 2938 ἐχαρίσατο,
1778 2883 1837 2920 καὶ
1866 2881 1927 2928 τὴν
1960 2884 2111 2920 ἐντεῦθεν
2150 2881 2253 2927 ζωήν.
2285 2882 2355 2920 Καὶ

1329 2951 1416 2994 ὅλως
1440 2952 1501 2987 οὐκ
1526 2947 1616 2985 ἔστιν
1644 2946 1752 2996 ὄνομα
1773 2944 1806 2981 ἓν
1829 2945 1966 2996 ἀρκοῦν,
1986 2941 2060 2980 οὐδὲ
2090 2942 2147 2980 δύο
2174 2943 2234 2980 καὶ
2253 2943 2353 2994 τρία,

1329 3011 1343 3031 ‘¹
1357 3009 1431 3049 οὐδὲ
1448 3008 1557 3047 πλείω
1573 3005 1707 3049 διδάξαι
1721 3004 1764 3042 τὰ
1779 3003 1858 3056 περὶ
1872 3005 1981 3040 Θεοῦ·
1999 3004 2075 3040 ἀλλ’
2091 3003 2271 3054 ἀγαπητὸν
2296 3002 2353 3040 διὰ

1329 3073 1464 3110 πολλῶν
1474 3074 1551 3122 γοῦν
1565 3069 1748 3114 δυνηθῆναι
1760 3064 1821 3102 κᾶν
1833 3065 1994 3116 ἀμυδρῶς
2005 3063 2350 3116 περιδράξασθαιτῶν

1328 3132 1524 3184 προσόντων
1547 3131 1650 3180 αὐτῷ.
1667 3130 1747 3179 Οὐχ
1760 3127 1878 3168 ἁπλῶς
1899 3124 1934 3162 δὲ
1950 3125 2050 3162 αὐτὸν
2070 3124 2180 3176 Λόγον
2202 3124 2350 3175 εἴρηκεν,

1386 3244 1398 3258 ⁰
1423 3235 1500 3266 Post
1523 3238 1691 3275 ὀνομαζόμ-
1682 3245 1741 3263 ξνον
1767 3235 1844 3269 ζωήν
1869 3226 1982 3259 Morel.
2002 3226 2097 3259 addit
2121 3232 2171 3261 καὶ
2196 3233 2250 3266 τὴν
2273 3233 2304 3267 ζο
2292 3233 2352 3266 ωὴν

1342 3290 1432 3324 ἀλήο;
1423 3302 1496 3326 ww,
1510 3296 1581 3327 quae
1598 3281 1630 3314 in
1648 3280 1793 3324 margine
1810 3286 1976 3321 ponuntur
1990 3289 2007 3308 a
2025 3278 2080 3310 Sui
2092 3277 2124 3310 il.

1384 3338 1399 3361 ⁴¹
1425 3341 1488 3371 οὶιῖὲ
1505 3341 1595 3372 πλείω
1609 3333 1721 3368 deest
1716 3344 1747 3365 tn
1765 3331 1963 3375 quibusdum
1980 3331 2054 3362 Mss.
