2481 3678
603 217 642 246 ΙΝ
682 217 891 247 ,ΙΟΛΝΝΕΜ
932 216 1091 246 HOMIL.
1135 215 1288 245 Lxxxt.
1327 201 1390 245 al.
1431 218 1570 247 Lxxx.

193 300 214 309 Ν

58 296 135 335 οὐδὲ
155 312 214 335 του
247 296 477 347 ι’μολυῧδίνου
497 296 729 347 νομίσματος,
751 298 789 335 ἂν
814 298 861 347 μὴ
891 304 1006 349 χρυσᾶ
1027 311 1082 333 νο·

58 359 218 408 μίσματα
237 358 446 408 κεκτημένος
465 352 499 409 ᾗ.
523 358 591 395 Καὶ
620 359 659 396 σὺ
686 359 797 397 τοίνυν
826 359 907 396 ὅταν
928 357 1002 407 ἴδῃς
1026 357 1083 393 ἄν-

56 422 193 471 θρωπον
212 419 325 456 πάντα
340 418 397 456 τὸν
414 418 543 468 κόσμον
564 419 849 471 παρατρέχοντα,
882 416 1080 467 μηδαμόθεν

58 479 198 517 ἄλλοθεν
219 479 335 529 νόμιζε
354 484 453 517 τοῦτο
474 485 595 527 ποιεῖν,
614 479 635 526 ἢ
661 481 730 518 ἀπὸ
759 483 817 517 τοῦ
837 479 922 531 πρὸς
943 476 1082 527 μείζονα

60 539 198 590 βλέπειν
219 540 361 589 κόσμον.
382 539 487 577 Οὕτω
522 540 581 577 καὶ
604 541 754 591 γεωργὸς
777 543 845 576 τῶν
864 538 989 588 ὀλίγων
1011 552 1082 574 πυ-

61 602 126 652 ρῶν
148 606 375 650 καταφρονεῖ,
400 599 480 637 ὅταν
511 600 649 649 μείζονα
668 598 889 652 προσδοκήση
912 597 968 634 τὸν
991 599 1083 646 ἀμη-

58 659 128 697 τόν.
163 661 203 698 Εἰ
232 660 267 697 δὲ
307 661 434 705 ἀδήλου
468 664 528 706 τῆς
552 661 688 703 ἐλπίδος
724 660 848 705 οὔσης,
875 660 943 694 τῶν
976 656 1082 693 ὄντων

58 725 339 772 καταφρονοῦμεν
355 737 361 744 ·
376 722 495 772 πολλῷ
511 722 639 770 μᾶλλον
656 719 712 757 ἐπὶ
725 722 786 764 τῆς
807 717 950 768 βεὲαίας
973 731 1082 769 προσ-

59 780 175 824 δοκίας
193 786 292 819 τοῦτο
313 783 360 819 δεῖ
380 787 501 819 ποιεῖν.
518 781 580 818 Διὸ
595 780 635 825 δὴ
654 780 775 830 δέομαι
790 778 848 815 καὶ
867 779 1083 829 παρακαλῶ,

61 840 109 891 μὴ
138 843 279 892 ζημιοῦν
301 843 458 888 ἑαυτοὺς,
478 839 565 890 μηδὲ
588 840 752 892 βόρῧορον
774 838 985 891 κατέχοντας
1000 840 1083 876 ἀπο-

60 909 192 953 στερεῖν
205 902 345 945 ἑαυτοὺς
363 906 431 940 τῶν
449 902 576 939 ἄνωθεν
598 902 790 951 θησαυρῶν,
813 935 818 950 κ
841 899 902 937 ετὰ
921 899 1084 949 καλάμης

59 961 118 998 καὶ
152 962 281 1014 ἀχύρου
302 962 339 1000 τὸ
359 964 478 1000 πλοῖον
506 964 553 1004 εἰς
585 961 662 1004 τοὺς
687 960 830 1010 λιμένας
856 960 1013 1012 ἄγοντας.
1033 959 1082 998 OO

60 1021 219 1072 βούλεταί
243 1039 293 1065 τις
323 1022 452 1073 λεγέτω
479 1022 558 1075 περὶ
585 1024 701 1071 ημῶν,
725 1021 979 1073 δυσχεραινέτω
998 1021 1083 1074 πρὸς

57 1082 97 1120 τὸ
114 1082 252 1134 συνεχὲς
269 1083 593 1135 τῆςπαραινέσεως,
608 1083 776 1135 φλυάρους
796 1082 958 1130 καλείτω,
976 1098 1083 1136 προσ-

59 1146 192 1192 κορεῖς,
231 1144 411 1194 ἐπαχθεῖς·
444 1144 504 1180 οὐκ
531 1141 800 1191 ἀποστησόμεθα
826 1144 978 1193 συνεχῶς
997 1141 1082 1192 ὑπὲρ

61 1201 173 1236 αὐτῶν
192 1207 457 1254 παραινοῦντες,
487 1203 546 1241 καὶ
571 1204 720 1253 συνεχῶς
737 1204 847 1239 ἐκεῖνο
863 1201 902 1239 τὸ
919 1207 979 1240 τοῦ
997 1217 1080 1253 προ-

60 1261 167 1312 φήτου
187 1269 291 1300 πᾶσιν
312 1268 567 1316 ὓποερωνοῦντες
586 1267 677 1314 ὑμῖν·
690 1263 765 1306 Τὰς
784 1264 955 1316 ἁμαρτίας
970 1280 1029 1301 σου
1046 1266 1079 1302 ἐν

59 1323 305 1373 ἐλεημοσύναις
334 1326 524 1377 λύτρωσαι,
553 1324 691 1367 καὶτὰς
718 1324 862 1374 ἀνομίας
882 1340 941 1362 σου
970 1325 1004 1361 ἐν
1026 1325 1080 1361 οἷ-

59 1390 216 1435 κτιρμοῖς
245 1387 415 1433 πενήτων,
436 1388 494 1424 καὶ
522 1387 657 1438 ἅφαψαι
682 1385 787 1427 αὐτὰς
820 1386 876 1422 ἐπὶ
911 1388 961 1437 σῷ
990 1402 1081 1436 τρα-

58 1446 169 1496 χήλῳ.
193 1448 252 1493 Μὴ
271 1448 421 1499 σήμερον
445 1448 505 1497 μὲν
526 1448 692 1499 ποιήσῃς,
718 1446 834 1497 αὔριον
857 1445 891 1482 δὲ
914 1447 1079 1496 ἀποστῇς.

58 1507 128 1543 Καὶ
146 1507 213 1560 γὰρ
233 1509 271 1546 τὸ
301 1511 404 1558 σῶμα
424 1512 525 1546 τοῦτο
544 1511 780 1558 καθημερινῆς
808 1508 917 1544 δεῖται
940 1509 1080 1559 τροφῆς.

58 1567 162 1607 Οὕτω
179 1570 237 1607 καὶ
251 1573 271 1615 ἡ
284 1569 399 1621 ψυχὴ,
420 1570 478 1608 καὶ
493 1572 611 1621 πολλῷ
629 1570 760 1619 μᾶλλον
779 1567 892 1614 ἐκείνη
907 1583 913 1589 ·
929 1567 1014 1605 ὓκᾶν
1032 1567 1079 1617 μὴ

56 1630 252 1682 καταθάλῃ,
271 1630 499 1684 ἀσθενεστέρα
508 1630 639 1683 γίνεται
654 1631 712 1668 καὶ
726 1628 947 1682 αἰσχροτέρα.
967 1627 1026 1674 Μὴ
1040 1627 1080 1674 δὴ

58 1693 266 1745 περιίδωμεν
280 1693 535 1742 ἀπολλυμένην,
551 1691 762 1744 ἀγχομένην.
773 1691 896 1729 Πολλὰ
908 1690 1081 1741 λαμὸάνει

58 1757 134 1792 καθ’
164 1754 312 1800 ἑκάστην
338 1755 472 1807 ἡμέραν
500 1753 705 1807 τραύματα,
726 1755 960 1803 ἐπιθυμοῦσα,
988 1757 1081 1806 ὀργι-

59 1816 184 1867 ζομένη
199 1847 207 1863 ,
236 1821 456 1869 ῥᾳθυμοῦσα,
474 1815 739 1868 λοιδορουμένη,
765 1815 965 1866 ἀμυνομένη
980 1846 990 1865 ,
1015 1819 1078 1867 βα-

59 1879 258 1916 σκαίνουσα.
282 1881 344 1916 Δεῖ
359 1878 470 1916 τοίνυν
495 1881 580 1928 αὐτῇ
596 1878 654 1916 καὶ
674 1877 843 1929 φάρμακα
857 1877 1081 1916 κατασκευά-

58 1943 139 1986 ζειν.
172 1943 224 1978 Οὐ
246 1941 368 1991 μικρὸν
389 1939 424 1978 δὲ
450 1939 489 1977 τὸ
523 1942 586 1985 τῆς
623 1939 856 1990 ἐλεημοσύνης
881 1939 1081 1992 φάρμακον,

58 2008 144 2040 πᾶσι
163 2007 232 2044 τοῖς
250 2001 445 2053 τραύμασιν
466 2003 664 2046 ἐπιτεθῆναι
682 2000 881 2051 δυνάμενον.
907 2001 995 2038 Δότε
1014 2001 1082 2056 γὰρ

58 2063 307 2113 ἐλεημοσύνην,
328 2063 430 2114 φησὶ,
458 2063 517 2100 καὶ
550 2063 662 2100 πάντα
691 2066 771 2113 ὑμῖν
804 2062 901 2101 ἔσται
926 2063 1080 2115 καθαροί·

58 2124 305 2174 ἐλεημοσύνην,
324 2125 371 2174 μὴ
392 2124 608 2168 πλεονεξίαν·
627 2123 669 2162 τὰ
688 2124 755 2177 γὰρ
772 2125 810 2161 ἐκ
832 2125 1029 2169 πλεονεξίας
1043 2129 1080 2164 οὐ

58 2183 171 2234 μένει,
202 2184 265 2222 κᾶν
286 2190 355 2227 τοῖς
378 2185 550 2235 δεομένοις
578 2186 655 2236 δῷς.
672 2183 914 2234 Έλεημοσύνη
947 2185 1014 2237 γὰρ
1029 2216 1038 2233 ,
1058 2189 1080 2233 ἡ

57 2245 172 2292 πάσης
192 2245 444 2296 ἀπηλλαγμένη
467 2244 600 2288 ἀδικίας
619 2246 710 2283 ἔστιν
725 2259 732 2266 ·
755 2245 841 2291 αὕτη
862 2244 975 2283 πάντα
991 2252 1083 2284 ποιεῖ

57 2306 204 2358 καθαροί.
227 2309 340 2344 Τοῦτο
369 2306 428 2343 καὶ
448 2305 607 2352 νηστείας
634 2306 768 2356 βέλτιον
793 2307 852 2343 καὶ
878 2307 1082 2358 χαμευνίας.

57 2367 183 2405 Καίτοι
199 2383 237 2419 γε
256 2370 371 2405 ἐκεῖνα
399 2370 512 2419 μοχθη
520 2366 641 2419 ρότερα
658 2366 717 2403 καὶ
732 2366 989 2420 ἐπιπονώτερα,
1005 2369 1081 2405 ἀλλ’

58 2427 143 2474 αὕτη
163 2427 439 2479 κερδαλεωτέρα·
470 2426 610 2478 φωτίζει
632 2426 759 2478 ψυχὴν,
780 2427 951 2475 λιπαίνει,
972 2429 1082 2474 καλὴν

57 2487 115 2524 καὶ
131 2488 262 2540 ὡραίαν
276 2494 380 2525 ποιεῖ.
395 2490 474 2538 Οὐχ
493 2487 582 2525 οὕτω
602 2486 679 2528 τοὺς
691 2486 844 2531 ἀθλητὰς
860 2490 876 2524 ὁ
890 2491 952 2533 τῆς
968 2487 1084 2531 ἐλαίας

58 2549 189 2600 καρπὸς
204 2548 321 2599 ἀνέχει
332 2577 340 2593 ,
362 2551 408 2591 ὡς
418 2547 494 2590 τοὺς
515 2547 707 2599 ἀγωνιστὰς
723 2550 785 2593 τῆς
798 2547 972 2590 εὖσεὸείας
989 2550 1083 2586 τουτὶ

58 2609 97 2647 τὸ
118 2609 230 2647 ἔλαιον
267 2611 472 2646 ἀνακτᾶται.
493 2607 704 2659 Ἀλείφωμεν
724 2607 836 2645 τοίνυν
853 2607 914 2651 τὰς
946 2614 1084 2660 χεῖρας,

57 2669 113 2707 ἵνα
131 2671 216 2722 πρὸς
238 2670 295 2708 τὸν
316 2670 504 2708 ἀντίπαλον
530 2668 732 2722 ἀντάρωμεν
757 2671 883 2712 καλῶς.
911 2669 955 2706 ‘O
980 2671 1085 2719 μελε-

57 2734 125 2768 τῶν
147 2733 253 2769 ἐλεεῖν
272 2731 329 2768 τὸν
350 2730 523 2781 δεόμενον,
546 2730 680 2781 ταχέως
704 2730 764 2767 καὶ
790 2734 849 2767 τοῦ
864 2731 1082 2768 πλεονεκτεῖν

58 2793 306 2839 ἀποστήσεται.
324 2791 368 2830 ‘O
389 2793 556 2829 διατελῶν
576 2793 609 2829 ἐν
629 2795 678 2843 τῷ
710 2790 840 2828 διδόναι
856 2791 999 2838 πένησι,
1021 2807 1083 2828 τα-

56 2852 145 2903 χέως
164 2853 223 2890 καὶ
243 2855 348 2904 ὀργῆς
365 2851 624 2898 ἀποστήσεται,
641 2852 700 2889 καὶ
716 2850 792 2889 οὐδὲ
814 2851 903 2902 μέγα
919 2851 1084 2903 φρονήσει

56 2913 151 2952 ποτέ.
173 2914 340 2966 Καθάπερ
360 2913 427 2965 γὰρ
449 2912 528 2955 τοὺς
550 2911 912 2966 τετραυματισμένους
932 2914 1085 2963 συνεχῶς

57 2975 252 3026 θεραπεύων
279 2973 416 3027 ἰατρὸς,
448 2975 673 3012 συστέλλεται
695 2972 837 3027 ῥᾳδίως,
858 2974 892 3010 ἐν
914 2978 989 3015 ταῖς
1008 2972 1085 3010 ἑτέ-

58 3051 125 3087 ρων
146 3041 338 3088 συμφοραῖς
357 3033 420 3081 τὴν
442 3034 660 3086 ἀνθρωπίνην
683 3037 838 3086 καθορῶν
855 3033 954 3085 φύσιν
967 3048 974 3056 ·
992 3033 1082 3071 οὕτω

100 3177 117 3201 ¹³
142 3175 255 3208 Morel.
265 3174 578 3219 faoihssiouflumbei
589 3183 736 3208 veterum
747 3175 873 3206 nummi
885 3175 1066 3206 etiamnum

55 3230 88 3261 in
106 3229 224 3260 museis
241 3235 414 3259 servantur

103 3291 117 3304 ἢ
142 3280 198 3312 Sic
214 3279 305 3311 Editi
321 3287 354 3311 et
371 3280 447 3312 Mss¹
466 3291 533 3311 uno
548 3278 647 3323 [Cod.
664 3279 742 3321 705]
759 3285 898 3319 excepto
911 3303 919 3318 ‚
936 3279 991 3321 qui
1005 3277 1067 3310 ha-

56 3332 114 3365 bet
140 3336 309 3376 καταλάέῃ.
338 3332 488 3375 Utraque
517 3343 595 3364 vero
621 3331 723 3364 lectio
749 3330 913 3374 quadrare
939 3338 1067 3373 potest,

58 3390 110 3418 κάν
132 3390 175 3425 μὴ
199 3387 375 3428 amem-57,
393 3385 460 3414 nisi
478 3383 639 3425 deponat,
667 3384 732 3414 nisi
751 3390 861 3425 eroget
886 3382 1068 3424 eleemosy-

2046 207 2129 252 551

1155 294 1344 332 mundum.
1368 296 1428 333 Sic
1443 305 1475 333 et
1494 296 1650 347 agricola
1669 298 1819 348 paulum
1839 299 2004 337 frumenti
2022 300 2141 353 despi-

1155 355 1215 401 cit,
1235 369 1315 392 cum
1335 357 1505 407 majorem
1536 366 1652 408 sperat
1689 372 1850 395 messem.
1873 359 1909 395 Si
1945 375 2026 397 vero
2059 376 2142 398 cum

1155 415 1274 452 adhuc
1303 416 1434 454 incerta
1469 432 1547 469 spes
1567 427 1631 463 est,
1651 433 1728 468 quae
1756 418 1928 455 habemus
1949 422 2143 458 contemni-

1156 490 1234 512 mus
1254 492 1263 512 ι
1283 477 1395 513 multo
1416 478 1528 528 magis
1563 477 1602 515 id
1625 479 1814 529 agendum,
1846 494 1927 516 eum
1951 494 2071 516 secura
2093 491 2144 518 est

1156 537 1384 588 exspectatio.
1405 538 1662 587 Quamobrem,
1695 555 1812 590 qua-so
1845 550 1878 578 et
1913 541 2056 578 obsecro
2072 571 2083 591 ,
2104 556 2144 578 ne

1158 610 1219 633 nos
1251 597 1345 648 ipsos
1380 600 1606 647 mulctemus,
1628 614 1713 637 neve
1736 615 1875 638 coenum
1895 601 2115 653 possidentes
2130 633 2141 653 ,

1158 659 1321 709 supernis
1339 674 1401 696 nos
1420 661 1594 698 thesauris·
1614 663 1812 713 privemus,
1846 662 1932 700 dum
1967 664 2093 701 culmis
2112 673 2146 701 et

1157 719 1270 770 paleis
1287 730 1450 758 onustam
1469 722 1591 759 navim
1611 722 1645 759 in
1671 732 1814 774 portum
1837 724 1989 775 agimus.
2016 726 2145 777 Carpat

1158 779 1187 815 si
1224 780 1303 829 quis
1322 782 1408 819 velit
1442 783 1678 820 monitionum
1712 785 1957 834 frequentiam,
1994 800 2145 837 nugaces

1158 853 1219 876 nos
1238 841 1403 893 appellet,
1416 843 1632 893 fastidiosos,
1651 858 1830 881 onerosos:
1845 860 1913 883 non
1930 847 2144 884 cessabimus

1158 899 1232 938 haee
1250 902 1454 952 frequenter
1478 918 1636 954 monere,
1665 914 1697 942 et
1730 906 1912 957 prophetae
1947 906 2083 944 dictum
2100 908 2144 945 il-

1157 962 1222 1001 lud
1240 965 1343 1002 vobis
1359 965 1523 1003 omnibus
1552 976 1708 1018 repetere
1728 983 1736 1004 :
1761 969 1932 1006 Peccata
1955 978 2022 1007 tua
2048 970 2144 1007 elee-

1158 1040 1238 1063 mos
1235 1030 1331 1074 ynz's
1353 1029 1510 1074 redime,
1529 1037 1565 1065 et
1581 1031 1806 1081 iniquitates
1824 1039 1912 1067 tuas
1929 1033 2143 1069 miseratio-

1158 1090 1270 1125 nibus
1287 1102 1514 1140 pauperum,
1533 1099 1569 1127 et
1585 1091 1773 1141 suspende
1783 1091 1875 1128 illas
1889 1094 1930 1128 in
1946 1093 2046 1129 collo
2062 1101 2139 1130 tuo.

1156 1149 1208 1185 Ne
1224 1148 1332 1186 hodie
1348 1150 1470 1199 facias,
1493 1158 1525 1187 et
1541 1164 1616 1187 cras
1632 1150 1791 1187 desistas.
1811 1152 1903 1188 Nam
1924 1161 1962 1188 ut
1978 1152 2044 1189 hoc
2062 1167 2140 1189 cor-

1094 1227 1141 1253 482
1156 1224 1222 1262 pus
1244 1211 1452 1261 quotidiano
1488 1222 1568 1263 eget
1602 1213 1706 1262 cibo,
1735 1213 1783 1250 ita
1817 1228 1958 1264 quoque
1995 1215 2142 1262 anima;

1106 1265 1131 1293 A

1155 1270 1226 1308 imo
1255 1272 1359 1323 longe
1379 1272 1492 1323 magis
1517 1273 1659 1322 anima3
1683 1283 1716 1311 et
1735 1274 1801 1311 nisi
1832 1285 1964 1326 eroget,
1989 1285 2023 1312 et
2041 1276 2143 1313 infir-

1154 1333 1247 1370 mior
1265 1334 1385 1372 evadit
1414 1344 1446 1371 et
1465 1335 1616 1386 turpior.
1643 1336 1696 1372 Ne
1729 1335 1968 1387 despiciamus
1987 1351 2143 1389 pereun-

1154 1403 1239 1443 tem,
1258 1396 1498 1446 praefocatum.
1521 1396 1636 1432 Multa
1657 1397 1816 1446 quotidie
1834 1398 1966 1449 excipit
1995 1399 2144 1436 vulnera

1155 1469 1200 1492 ex
1217 1455 1425 1507 eupiditate,
1445 1457 1511 1505 ira,
1532 1456 1683 1502 desidia,
1705 1472 1750 1495 ex
1764 1459 1946 1509 convitiis,
1965 1460 2139 1510 vindicta,

1155 1515 1308 1553 invidia.
1324 1517 1395 1568 Ipsi
1421 1530 1503 1567 ergo
1518 1517 1709 1568 pharmaca
1727 1528 1808 1555 sunt
1827 1521 2051 1571 apponenda.
2073 1523 2142 1559 Ne—

1154 1590 1221 1626 que
1246 1592 1400 1629 parvum
1422 1587 1472 1616 est
1502 1578 1733 1631 eleemosynae
1767 1580 2017 1631 pharmacum,
2047 1583 2143 1632 quod

1155 1638 1321 1676 omnibus
1341 1639 1472 1691 apponi
1488 1649 1603 1691 potest
1624 1640 1844 1678 vulneribus.
1867 1643 1972 1679 Date
1984 1644 2143 1681 eleemo-

1155 1714 1311 1748 synam,
1339 1700 1470 1750 inquit,
1500 1710 1535 1738 et
1566 1705 1697 1739 omnia
1717 1705 1827 1741 vobis
1843 1705 1990 1742 munda
2015 1715 2144 1743 erunt:

1155 1762 1430 1815 eleemosynam,
1450 1778 1521 1801 non
1544 1764 1708 1816 rapinam
1730 1781 1736 1801 ε
1756 1780 1835 1816 quae
1855 1780 1900 1803 ex
1916 1766 2041 1819 rapina
2057 1767 2144 1806 dan-

1156 1832 1228 1871 tur,
1255 1838 1325 1862 non
1345 1833 1488 1862 manent
1506 1855 1516 1874 ,
1541 1825 1605 1862 etsi
1630 1825 1691 1862 illa
1712 1826 1831 1876 egenis
1850 1827 2028 1878 largiaris.
2046 1829 2147 1867 Elee-

1156 1898 1304 1936 mosyna
1338 1885 1433 1922 enim
1465 1894 1529 1934 est,
1555 1900 1633 1936 quae
1666 1887 1763 1924 omni
1794 1897 1889 1925 caret
1925 1888 2114 1939 iniquitate
2134 1907 2143 1927 ε

1155 1946 1232 1983 haec
1263 1946 1380 1983 omnia
1402 1961 1491 1998 pura
1527 1948 1636 1985 efficit
1657 1964 1665 1984 ε
1688 1948 1765 1986 haec
1795 1949 1921 1987 melior
1943 1960 1993 1988 est
2009 1952 2145 2003 jejunio

1156 2015 1190 2044 et
1208 2006 1309 2044 humi
1327 2007 1526 2045 cubatione.
1550 2008 1629 2046 Etsi
1647 2009 1708 2046 illa
1726 2010 1929 2048 molestiora
1949 2013 2019 2050 sint
2041 2022 2074 2050 et
2092 2013 2144 2051 la-

1155 2066 1350 2104 boriosiora
1365 2084 1374 2115 ;
1397 2068 1472 2106 haec
1485 2077 1602 2106 tamen
1619 2069 1710 2106 lucri
1729 2071 1875 2119 majoris
1891 2081 1942 2109 est
1960 2088 1967 2107 :
1988 2073 2145 2111 animam

1155 2128 1349 2177 illuminat,
1367 2130 1477 2179 fovet,
1498 2130 1690 2168 formosam
1707 2130 1840 2168 reddit.
1865 2132 1944 2169 Non
1960 2133 2010 2171 sic
2026 2134 2142 2172 athle-

1153 2198 1207 2227 tas
1226 2190 1342 2227 oleum
1361 2191 1513 2240 roborat,
1533 2200 1572 2228 ut
1584 2191 1725 2243 pietatis
1741 2201 1924 2230 certatores
1943 2193 2011 2231 hoe
2026 2195 2142 2233 oleum

1155 2260 1303 2288 recreat.
1337 2253 1525 2303 Ungamus
1546 2266 1628 2303 ergo
1661 2267 1800 2298 manus,
1825 2263 1864 2291 ut
1897 2264 2037 2292 strenue
2064 2256 2144 2294 illas

1156 2322 1277 2350 contra
1296 2312 1483 2350 inimicum
1502 2313 1719 2351 attollamus.
1743 2314 1815 2360 Qui
1834 2329 2023 2366 egenorum
2041 2317 2144 2354 mise-

1155 2374 1226 2411 reri
1241 2374 1384 2425 cogitat,
1408 2374 1478 2412 cito
1500 2375 1545 2411 ab
1559 2375 1709 2412 avaritia
1738 2376 1897 2414 absistet.
1921 2377 1992 2422 Qui
2011 2392 2145 2430 paupe-

1155 2437 1255 2474 ribus
1276 2451 1419 2488 erogare
1439 2448 1650 2489 perseverat,
1675 2440 1794 2477 statim
1821 2440 1911 2478 iram
1927 2440 2091 2492 deponet,
2111 2451 2145 2479 et

1156 2518 1353 2554 numquam
1377 2505 1490 2542 altum
1527 2505 1653 2557 sapiet.
1690 2507 2004 2551 Quemadmodum
2050 2509 2146 2546 enim

1156 2572 1361 2610 vulneratos
1381 2586 1474 2624 saepe
1493 2586 1618 2610 curans
1634 2573 1807 2621 medicus,
1823 2574 1962 2612 facilius
1981 2576 2146 2627 reprimi-

1157 2641 1226 2680 tur,
1246 2631 1334 2669 dum
1358 2631 1392 2668 in
1413 2631 1538 2669 alienis
1568 2633 1830 2673 calamitatibus
1848 2635 2043 2673 humanam
2059 2651 2143 2674 con-

1155 2699 1261 2750 spicit
1277 2708 1437 2736 naturam
1457 2715 1464 2735 ε
1485 2699 1535 2736 sic
1549 2709 1582 2737 et
1595 2714 1658 2737 nos
1672 2700 1701 2738 si
1719 2700 1764 2738 ad
1783 2716 1956 2754 pauperes
1966 2703 2145 2754 juvandos

1157 2781 1220 2804 nos
1238 2766 1510 2815 contulerimus,
1534 2767 1674 2806 facilius
1693 2768 2028 2821 philosophabimur
2046 2801 2054 2817 ‚
2084 2787 2146 2810 ne-

1157 2847 1224 2885 que
1243 2833 1392 2871 divitias
1417 2833 1690 2883 admirabimur,
1709 2849 1822 2885 neque
1842 2850 2014 2887 magnum
2033 2838 2142 2888 quid-

1155 2899 1252 2952 piam
1268 2899 1455 2951 praesentia
1474 2899 1568 2937 bona
1591 2900 1778 2951 ducemus,
1798 2903 1861 2940 sed
1890 2904 2010 2942 omnia
2029 2904 2145 2958 despi-

1158 2966 1305 3015 ciemus,
1329 2975 1363 3004 et
1379 2966 1550 3004 sublimes
1568 2967 1614 3005 ad
1633 2969 1758 3006 caelum
1780 2971 1905 3019 evecti,
1922 2971 2025 3009 facile
2050 2973 2144 3010 bona

1154 3047 1409 3084 consequemur
1426 3042 1566 3084 aeterna,
1586 3035 1699 3086 gratia
1715 3045 1748 3074 et
1765 3037 1983 3089 benignitate
1997 3035 2143 3076 Domini

1133 3185 1233 3215 nam7·
1251 3179 1304 3208 κᾶν
1329 3179 1373 3217 μὴ
1399 3177 1573 3220 ›catulae-¹12,
1593 3177 1660 3206 nisi
1683 3176 1790 3207 cibum
1816 3179 1983 3220 accipiat,
2000 3189 2077 3209 nam
2101 3177 2142 3209 de

1134 3224 1210 3257 cibo
1224 3237 1319 3268 supra
1333 3227 1454 3269 agitur,
1467 3225 1559 3258 cibus
1569 3235 1680 3259 autem
1692 3227 1819 3268 animae,
1833 3228 1874 3260 de
1885 3240 1949 3270 quo
1961 3230 2082 3270 agitur,
2093 3239 2142 3262 est

1134 3277 1353 3322 eleemosyna.
1380 3278 1506 3310 Boisius
1533 3278 1707 3320 legendum
1735 3279 1919 3322 suspicatus
1947 3288 1995 3312 est
2020 3287 2073 3314 κάν
2097 3289 2141 3324 μὴ

1133 3334 1304 3376 μεταλάὲῃ.
1321 3331 1391 3362 Nos
1414 3329 1495 3363 nihil
1516 3330 1713 3362 mutandum
1741 3332 1936 3365 censuimus.
1952 3332 2016 3372 [At
2035 3331 2140 3374 ipsum

1134 3386 1294 3427 μεταλάὸῃ
1317 3380 1443 3424 praebet
1467 3380 1550 3415 Cod.
1568 3383 1660 3423 709]

2159 986 2330 1028 Dan-424

2208 1534 2346 1563 Eleemo-

2157 1584 2224 1612 syna
2284 1587 2345 1603 ma-

2158 1626 2244 1652 gnum
2259 1618 2348 1653 phar-

2160 1668 2283 1685 macum.

2160 1699 2232 1726 Luc.
2243 1696 2344 1738 1141.
