2481 3678
755 214 797 242 IN
835 213 1044 243 ³0fole
1082 214 1241 244 llOMlL.
1282 217 1358 245 ΧΠ.
1399 202 1458 246 al.
1499 218 1560 248 xl.
2131 209 2188 270 755

108 292 358 342 περιεὸάλετο,
383 294 448 345 οὐχ
472 296 518 336 ὡς
542 292 648 330 πάλιν
669 292 775 339 αὐτὴν
797 293 956 345 ἀφήσων,
983 295 1061 332 ἀλλ’
1084 297 1130 337 ὡς

108 353 293 396 διαπαντὸς
310 352 394 397 ἕξων
415 355 492 404 μεθ’
517 356 652 391 ἑαυτοῦ.
679 354 732 391 Οὐ
748 353 815 406 γὰρ
834 354 888 402 ἂν,
915 358 943 394 εἰ
964 355 1012 406 μὴ
1030 358 1132 393 τοῦτο

106 407 161 458 ἦν,
183 414 242 451 καὶ
259 417 319 451 τοῦ
338 413 455 465 θρόνου
485 413 700 461 κατηξίωσεν
718 414 826 462 αὐτὴν
845 420 905 454 τοῦ
931 417 1131 468 βασιλικοῦ,

106 475 165 512 καὶ
187 478 301 526 φορῶν
333 475 442 521 αὐτὴν
469 481 716 527 προσεκυνεῖτο
743 476 810 514 ὐπὸ
833 477 949 524 πάσης
978 480 1041 524 τῆς
1059 479 1132 516 ἄνω

106 542 288 587 στρατιᾶς,
314 535 484 586 ἀγγέλων,
515 537 756 588 ἀρχαγγέλων,

105 611 187 640 των,
210 597 340 647 ἀρχῶν,
361 597 538 641 ἐξουσιῶν.

799 537 941 589 θρόνων,
971 538 1132 590 κυριοτή-

578 598 685 641 Ποῖος
716 598 839 649 λόγος,
872 598 957 636 ποία
988 599 1126 637 διάνοια

103 656 167 702 τὴν
183 656 356 703 τοσαύτην
373 657 478 708 τιμὴν
510 657 574 705 τὴν
602 661 650 702 εἰς
669 659 708 697 τὸ
726 659 821 710 γένος
837 658 1072 710 γεγενημένην
1091 660 1131 698 τὸ

103 717 286 769 ἡμέτερον,
306 718 369 765 τὴν
388 719 495 762 ὅντως
520 721 678 771 ὑπερφυῆ
700 719 759 757 καὶ
779 719 927 772 φρικτὴν
946 723 1131 771 παραστῆ-

1202 308 1347 333 manum
1376 298 1607 349 porrexisset,
1628 308 1662 336 et
1680 290 1948 351 supei·nc¹illam
1969 304 2187 344 reformasset

1200 368 1264 406 per
1281 370 1382 407 aquae
1401 359 1698 410 regenerationem
1709 369 1742 397 et
1756 360 1923 412 Spiritus.
1938 361 1984 399 Et
1996 363 2080 400 vide
2098 366 2186 403 mihi

1199 415 1419 456 horrendum
1437 428 1472 457 et
1489 433 1658 458 areanum
1676 421 1900 473 mysterium.
1920 423 2067 475 Semper
2085 424 2186 462 habi-

1200 484 1251 514 tat
1276 477 1313 515 in
1336 478 1404 517 hoc
1428 480 1656 519 tabernaculo
1679 496 1686 517 :
1710 495 1852 519 carnem
1876 483 2011 534 quippe
2029 492 2186 522 nostram

1199 536 1334 587 induit,
1355 553 1425 577 non
1445 549 1484 578 ut
1502 550 1623 592 postea
1642 542 1871 593 relinqueret,
1893 543 1957 581 sed
1974 543 2074 581 illam
2092 558 2186 582 sem-

1198 610 1262 648 per
1286 609 1418 637 ‘secum
1442 600 1641 640 habiturus.
1662 602 1739 641 Nisi
1764 603 1860 641 enim
1891 604 1958 641 hoc
1996 613 2095 652 esset,
2115 618 2185 642 non

1197 656 1298 696 illam
1316 659 1414 711 regio
1441 661 1530 699 solio
1557 662 1726 714 dignatus
1745 672 1846 712 esset,
1868 677 1981 714 neque
2004 664 2118 716 ipsam
2136 665 2185 702 fe-

1197 731 1276 756 rens
1295 719 1506 759 adoraretur
1524 723 1570 760 ab
1589 724 1685 761 omni
1705 724 1834 762 caelesti
1853 724 2026 775 exercitu,
2048 725 2094 762 ab
2121 739 2184 762 an—

103 794 163 816 σαι
177 779 382 826 δυνήσεται,
400 780 451 824 τίς
466 780 632 832 ἅγγελος;
668 780 718 823 τίς
748 781 987 833 ἀρχάγγελος,
1005 781 1130 825 Οὐδεὶς
1151 793 1174 824 C
1197 778 1296 828 geliS,
1311 781 1546 835 archangelis,
1568 784 1720 833 thronis,
1745 784 2062 835 dominationibus,
2086 785 2185 837 prin-

682 842 981 856 mmmmmm

102 900 169 953 γὰρ
187 904 247 938 τοῦ
271 863 389 940 7,Θεοῦ
405 901 449 939 τὰ
477 871 757 954 κατορθώματα,
777 903 836 940 καὶ
861 902 952 940 οὕτω
977 902 1129 954 μεγάλαι

97 961 156 999 καὶ
175 964 359 1015 ὑπερφυεῖς
385 965 421 1001 αἱ
440 963 635 1015 εὐεργεσίαι
652 966 782 1011 αὐτοῦ,
803 966 849 1007 ὡς
869 963 917 1013 μὴ
938 963 1041 1014 μόνον
1061 967 1126 1001 ἀν-

97 1023 227 1074 θρωπίν
231 1039 273 1071 ην
286 1025 459 1074 γλῶτταν,
474 1024 565 1062 ἀλλὰ
584 1024 643 1062 καὶ
660 1024 884 1076 ἀγγελικὴν
865 1023 1009 1075 ούναμιν
1022 1026 1125 1076 ὑπερ-

97 1084 227 1123 ὅαίνειν
261 1087 374 1123 αὐτῶν
405 1102 468 1133 τνν
497 1086 626 1138 ἀκριὸἧ
654 1085 826 1137 διήγησιν.
851 1085 914 1123 Διὸ
944 1085 1004 1123 καὶ
1022 1089 1124 1137 ἡμεῖς

97 1149 146 1190 εἷς
179 1147 279 1198 σιγὴν
313 1163 350 1185 τε
342 1146 399 1191 ’ως
430 1147 488 1185 τὸν
519 1147 621 1199 λόγον
641 1147 935 1198 κατακλείσομεν,
961 1162 1124 1185 τοσουτον

97 1210 178 1258 ὑμῖν
209 1208 516 1260 παρεγγυήσαντες
530 1238 540 1255 ,
573 1209 790 1261 ἀμείψασθαι
825 1208 883 1246 τὸν
918 1210 1124 1255 τηλικοῦτον

97 1272 198 1319 ἡμῶν
218 1270 403 1322 εὐεργέτην
424 1272 608 1320 ἀμοιὸαῖς,
630 1270 665 1307 αἳ
680 1270 785 1308 πάλιν
807 1272 854 1313 εἷς
872 1273 965 1320 ἡμᾶς
983 1270 1023 1308 τὸ
1039 1269 1123 1321 κέρ-

99 1331 154 1374 δος
172 1331 464 1382 επεριστήσουσιν
484 1332 590 1369 ἅπαν.
610 1326 723 1369 Agrea
743 1331 779 1368 δέ
799 1333 866 1369 εἶσι
880 1361 888 1377 ,
910 1331 950 1368 τὸ
967 1332 1031 1376 τῆς
1056 1332 1123 1383 ψυ-

97 1394 164 1443 χῆς
181 1395 275 1442 ἡμᾶς
295 1392 384 1442 μετὰ
401 1392 580 1444 ἀκριὸείας
597 1394 838 1443 ἐπιμελεῖσθαι
857 1395 919 1438 τῆς
939 1391 1124 1443 ἡμετέρας.

98 1452 169 1489 Καὶ
187 1451 253 1504 γὰρ
271 1453 330 1490 καὶ
350 1457 452 1491 τοῦτο
470 1455 532 1498 τῆς
551 1455 655 1490 αὐτοῦ
675 1452 934 1505 φιλανθρωπίας
954 1452 1065 1504 ἔργον,
1084 1452 1124 1489 τὸ

99 1514 244 1563 μηδενὸς
276 1515 311 1551 ἐν
332 1514 436 1566 χρείᾳ
454 1516 521 1552 τῶν
541 1513 722 1565 ἡμετέρων
750 1514 995 1561 καθεστηκότα
1022 1511 1123 1551 αὐτὸν

92 1573 206 1624 λέγειν
240 1575 443 1625 κομίζεσθαι
486 1575 548 1618 τὰς
591 1574 741 1625 ἀμοιὸὰς
754 1605 766 1621 ,
801 1574 883 1612 ὅταν
924 1577 1026 1623 ἡμεῖς
1061 1576 1124 1619 τῆς

94 1636 209 1687 ψυχῆς
237 1636 486 1687 ἐπιμελώμεθα
519 1639 582 1684 τῆς
609 1638 753 1674 ἑαυτῶν.
785 1634 849 1673 Διὸ
885 1634 944 1672 καὶ
970 1633 1125 1686 ἐσιάτης

95 1695 213 1740 ἀνοίας
229 1697 287 1735 καὶ
306 1696 437 1749 μυρίων
455 1696 631 1736 κολάσεων
652 1696 761 1744 ἄξιον,
779 1696 818 1735 τὸ
842 1695 1015 1743 τοσαύτης
1031 1698 1123 1733 ἀπο-

94 1758 308 1802 λελαυκότας
320 1761 425 1809 τιμῆς
435 1789 445 1806 ,
464 1758 551 1809 μηδὲ
564 1758 608 1796 τὰ
622 1759 713 1796 κατὰ
732 1758 877 1807 δύναμιν
894 1759 1101 1808 εἰσενεγκεῖν
1114 1771 1121 1779 ·

96 1818 155 1855 καὶ
171 1821 281 1856 ταῦτα
295 1847 304 1865 ,
324 1822 386 1865 τῆς
405 1821 445 1857 ἐκ
462 1818 593 1856 τούτων
614 1819 783 1872 ὠφελείας
802 1821 851 1862 εἷς
868 1822 962 1870 ἡμᾶς
979 1833 1122 1870 περιερ-

95 1879 247 1931 χομένης
262 1880 380 1926 πάλιν,
400 1880 459 1918 καὶ
479 1880 610 1932 μυρίων
629 1881 686 1918 ἐπὶ
701 1880 835 1923 τούτοις
850 1879 1018 1930 κειμένων
1035 1883 1120 1930 ἡμῖν

95 1943 246 1992 ἀγαθῶν.
262 1941 374 1994 Ὑπὲρ
395 1941 436 1989 δὴ
456 1942 586 1979 τούτων
607 1942 770 1980 ἁπάντων
791 1941 890 1986 δόξαν
911 1941 1123 1993 ἀναπέμψω-

97 2018 160 2052 μεν
178 2005 228 2054 τῷ
249 2001 481 2055 φιλανθρώπῳ
497 2004 601 2055 Θειι),
624 2002 673 2053 μὴ
694 2003 750 2041 διὰ
775 2004 843 2040 τῶν
864 2003 1030 2054 ῥημάτων
1053 2002 1120 2053 μό-

95 2079 163 2111 νον,
181 2042 271 2101 ἀλλα
290 2064 409 2115 πολλῳ
428 2065 559 2114 μαλλον
574 2064 629 2102 διὰ
643 2066 712 2101 τῶν
731 2063 966 2115 πραγμάτων,
988 2081 1042 2102 ινα
1061 2080 1119 2102 και

94 2140 164 2162 των
184 2124 273 2174 μετὰ
293 2140 403 2162 ταυτα
418 2140 581 2176 τυγωμὲν
598 2127 757 2176 ἀγαθῶν·
776 2128 823 2162 ὧν
840 2140 972 2176 γίνοιτο
987 2140 1121 2169 παντας
1143 2128 1166 2157 Ε

93 2187 222 2236 ἡμᾶς’
207 2201 286 2224 επιτ
274 2191 399 2238 υχεῖν,
427 2186 547 2238 χάριτι
566 2202 625 2225 και
642 2186 884 2238 φιλανθρωπία
902 2202 962 2225 του
989 2187 1119 2239 Κυρίου

93 2251 195 2297 ἡμων
212 2247 328 2293 Ἰησοῦ
349 2249 462 2300 Χριστ
465 2263 524 2297 ου,
544 2247 589 2286 δι’
605 2251 643 2285 οὑ
662 2264 721 2286 και
741 2250 816 2299 μεθ’
837 2252 875 2286 οὓ
894 2251 944 2286 τῶ
961 2249 1096 2320 ΠατρὶΝ
1097 2253 1118 2296 ἦ

95 2308 194 2353 δόξα,
215 2308 289 2358 ἅμα
309 2325 358 2360 τῳ
384 2307 473 2361 ἁγίῳ
492 2308 585 2347 Πνε’
551 2324 698 2359 ευματι,
721 2312 768 2353 εἷς
786 2325 865 2353 τους
894 2311 1022 2353 αἰῶνας
1050 2326 1118 2348 των

96 2366 241 2407 αἰώνων.
259 2369 380 2420 Ἀμήν.

138 2622 150 2635 ‹-
168 2610 312 2651 Quidam
324 2621 518 2654 περιιστώσιν.

470 2874 647 2913 ΟΜῘΑΙΑ
678 2873 735 2913 ιδ’.

91 2995 161 3034 Καὶ
173 2996 390 3046 ἐθεασάμεθα
405 2995 466 3043 τὴν
484 2996 582 3041 δόξαν
599 3001 714 3047 αὐτοῦ,
731 2998 830 3043 δόξαν
842 3001 888 3042 ὡς
903 3000 1116 3050 Μονογενοῧς

169 3056 267 3108 παρὰ
285 3057 443 3109 Πατρὸς,
461 3057 599 3111 πλήρης
622 3059 765 3112 χάριτος
785 3059 844 3097 καὶ
861 3059 1035 3106 ἀληθείας.

143 3177 250 3230 Τάχα
281 3178 372 3233 πέρα
408 3183 468 3218 τοῦ
496 3180 628 3225 δέοντος
660 3181 834 3234 ἐφάνημεν
853 3183 934 3232 ὑμῖν
956 3183 1119 3233 ἐπαχθεῖς

90 3238 150 3276 καὶ
178 3239 334 3292 φορτικοὶ
356 3239 496 3292 πρῴην,
516 3242 792 3296 πληκτικωτέρῳ
819 3241 1038 3294 χρησάμενοι
1068 3243 1119 3294 τῷ

89 3298 202 3350 λόγῳ,
222 3299 281 3337 καὶ
312 3300 449 3353 μακρὰν
480 3301 570 3340 κατὰ
597 3305 659 3349 τῆς
681 3306 748 3340 τῶν
784 3304 922 3341 πολλῶν
949 3302 1121 3354 ῥᾳθυμίας

91 3359 329 3404 ἀποτείναντες
376 3361 439 3408 τὴν
488 3362 711 3416 κατηγορίαν.
745 3363 835 3401 Ἀλλ’
875 3365 903 3401 εἰ
943 3362 1004 3413 μὲν
1039 3364 1121 3403 αὐτὸ

1196 838 1394 893 cipatibus,
1416 845 1661 895 potestatibus.
1687 844 1778 891 Quis
1807 859 1941 895 sermo,
1971 860 2050 897 quae
2064 860 2181 896 mens,

1195 906 1334 938 tantum
1361 903 1466 942 illum
1494 905 1665 944 honorem
1703 906 1820 957 generi
1850 916 1969 944 nostro
1998 907 2182 957 collatum,

1192 966 1500 1012 supernaturalem
1517 967 1623 1004 illum
1634 976 1668 1005 et
1684 967 1906 1005 horrendum
1923 968 2103 1020 explicare
2121 983 2183 1020 po-

1191 1024 1300 1062 terit?
1331 1025 1423 1072 Quis
1451 1029 1622 1080 angelus?
1647 1028 1728 1079 quis
1768 1028 2026 1079 archangelus?
2055 1028 2185 1067 Nullus

1192 1100 1343 1138 usquam
1370 1089 1429 1127 vel
1458 1089 1495 1127 in
1524 1091 1609 1128 caelo
1642 1091 1699 1129 vel
1726 1090 1763 1128 in
1794 1100 1896 1128 terra.
1919 1090 2024 1128 Talia
2051 1090 2186 1143 quippe

1191 1156 1274 1185 sunt
1292 1148 1359 1186 Dei
1377 1163 1499 1201 opera,
1521 1160 1618 1189 tanta
1638 1160 1782 1202 tamque
1808 1151 2090 1203 supernaturalia
2111 1152 2185 1203 ejus

1191 1207 1377 1260 beneficia,
1400 1220 1440 1248 ut
1468 1226 1537 1249 non
1567 1212 1674 1250 modo
1700 1213 1893 1250 humanam
1916 1212 2092 1264 linguam,
2122 1213 2185 1251 sed

1191 1276 1225 1305 et
1252 1270 1448 1321 angelicam
1482 1272 1656 1310 virtutem
1691 1282 1833 1324 superet
1869 1286 1992 1310 eorum
2020 1283 2183 1311 accurata

1191 1331 1361 1369 narratio.
1385 1332 1628 1378 Quamobrem
1656 1347 1719 1371 nos
1737 1333 1942 1371 concionem
1960 1334 2051 1371 hanc
2069 1334 2181 1372 silen-

1191 1394 1241 1432 tio
1261 1393 1483 1443 claudemus,
1505 1408 1588 1431 cum
1606 1408 1670 1433 vos
1694 1393 1951 1444 monuerimus,
1973 1403 2013 1431 ut
2036 1395 2183 1432 benefa—

1192 1454 1281 1492 ctori
1311 1463 1409 1492 tanto
1437 1453 1556 1492 vicem
1584 1454 1802 1506 rependatis,
1832 1455 1933 1505 cujus
1962 1455 2013 1492 rei
2040 1455 2183 1493 lucrum

1192 1523 1308 1552 totum
1334 1515 1436 1552 nobis
1460 1524 1580 1567 postea
1598 1514 1824 1567 rependetur.
1844 1514 1973 1553 Vicem
1990 1525 2109 1553 autem
2127 1530 2183 1553 re-

1192 1574 1396 1626 pendimus,
1419 1574 1449 1612 si
1478 1589 1645 1626 magnam
1673 1575 1800 1612 animae
1825 1583 1954 1612 nostrae
1979 1589 2103 1613 curam
2120 1576 2184 1613 ha-

1190 1635 1352 1675 beamus.
1374 1637 1467 1674 Nam
1490 1645 1524 1674 et
1542 1637 1610 1674 hoc
1628 1635 1859 1688 benignitatis
1878 1636 1977 1674 illius
2002 1651 2091 1689 opus
2120 1645 2183 1686 est,

1191 1706 1231 1734 ut
1250 1711 1332 1735 cum
1356 1697 1455 1735 nullo
1488 1707 1650 1736 nostrum
1668 1707 1780 1750 egeat,
1801 1697 1872 1735 sibi
1892 1697 2009 1736 vicem
2034 1697 2183 1750 rependi

1190 1758 1301 1810 dicat,
1325 1774 1408 1797 cum
1426 1773 1490 1798 nos
1508 1759 1666 1798 animam
1684 1768 1843 1798 nostram
1860 1773 1931 1797 non
1949 1759 2179 1811 negligimus.

1191 1821 1435 1867 Quamobrem
1458 1830 1626 1859 extremae
1651 1821 1812 1859 amentiae
1837 1830 1939 1871 esset,
1961 1830 1996 1859 et
2020 1821 2183 1859 innume—

1190 1882 1239 1921 ris
1258 1882 1410 1935 dignum
1438 1883 1639 1936 suppliciis,
1660 1892 1800 1921 tantum
1819 1892 2052 1933 consequutos
2070 1882 2182 1920 hono-

1190 1958 1279 1995 rem,
1308 1959 1379 1983 non
1407 1959 1447 1983 ea
1476 1960 1555 1996 quae
1584 1959 1690 1997 penes
1719 1959 1782 1983 nos
1810 1954 1895 1983 sunt
1923 1945 2073 1994 referre,
2101 1958 2183 1982 cum

1190 2005 1345 2044 maxime
1363 2015 1437 2044 tota
1454 2006 1506 2045 rei
1536 2006 1673 2044 utilitas
1691 2006 1729 2044 in
1748 2020 1810 2044 nos
1829 2005 2006 2044 redundet
2025 2014 2059 2043 et
2077 2004 2182 2042 innu—

1190 2081 1287 2105 mera
1313 2068 1415 2106 nobis
1434 2068 1471 2106 in
1489 2069 1598 2121 hujus
1617 2068 1669 2106 rei
1688 2067 1889 2106 mercedem
1918 2067 2071 2119 reposita
2088 2066 2182 2104 bona

1189 2128 1270 2167 sint.
1291 2129 1361 2167 Pro
1379 2129 1436 2167 his
1454 2143 1540 2168 vero
1559 2129 1724 2167 omnibus
1742 2129 1894 2181 gloriam
1911 2129 2104 2167 referamus
2122 2127 2182 2165 be-

1189 2191 1399 2244 nignissimo
1427 2193 1518 2242 Deo,
1541 2206 1611 2229 non
1639 2191 1760 2230 verbis
1795 2200 1952 2239 tantum,
1977 2190 2041 2229 sed
2070 2189 2182 2228 multo

1189 2251 1302 2304 magis
1331 2252 1515 2304 operibus,
1547 2261 1586 2290 ut
1614 2253 1733 2290 futura
1763 2265 2020 2302 consequamur
2055 2253 2148 2291 bona
2171 2269 2177 2289 :

1190 2327 1268 2363 quae
1293 2313 1432 2351 utinam
1456 2327 1577 2351 omnes
1602 2314 1858 2366 adipiscamur,
1881 2314 1995 2365 gratia
2020 2323 2053 2351 et
2081 2314 2181 2351 beni-

1189 2373 1322 2425 gnitate
1340 2373 1487 2411 Domini
1512 2374 1623 2412 nostri
1647 2376 1731 2413 Jesu
1758 2374 1912 2422 Christi,
1931 2388 1994 2425 per
2019 2388 2124 2423 quem
2143 2382 2176 2410 et

1189 2448 1271 2471 cum
1299 2448 1370 2484 quo
1390 2434 1489 2473 Patri
1519 2436 1647 2486 gloria,
1668 2435 1846 2484 simulque
1864 2433 2017 2486 Spiritui
2043 2443 2176 2484 sanctu,

1190 2495 1226 2531 in
1246 2495 1372 2531 saecula
1393 2495 1615 2532 saeculorum.
1632 2497 1754 2531 Amen.

1516 2877 1738 2917 HOMILIA.
1771 2877 1853 2916 XII.

1183 3000 1238 3036 Et
1265 2999 1438 3037 vidimus
1465 3000 1630 3052 gloriam
1657 3004 1751 3053 ejus,
1772 3001 1935 3052 gloriam
1950 3005 2061 3054 quasi
2083 3004 2175 3041 Um·-

1235 3061 1394 3111 genitia
1407 3061 1540 3111 Patre,
1553 3062 1712 3112 plenum
1730 3064 1866 3113 gralioe
1878 3071 1914 3100 et
1927 3065 2120 3101 veritatis.

1240 3180 1275 3215 1.
1306 3179 1411 3216 Forte
1429 3179 1511 3231 plus
1531 3193 1638 3230 quam
1657 3194 1723 3231 par
1741 3189 1815 3217 erat
1834 3179 1936 3218 vobis
1955 3194 2068 3232 nuper
2086 3195 2174 3220 one-

1186 3240 1258 3279 rosi
1287 3249 1321 3278 et
1348 3240 1487 3278 molesti
1515 3241 1663 3291 fuimus,
1693 3241 1823 3278 acriori
1859 3241 1913 3279 usi
1948 3255 2122 3292 sermone,
2144 3252 2177 3280 et

1187 3302 1291 3353 longa
1310 3309 1432 3340 contra
1457 3301 1653 3339 multorum
1672 3301 1848 3339 desidiam
1867 3301 2024 3340 oratione
2042 3302 2175 3340 habita.

1188 3364 1326 3403 Verum
1351 3362 1381 3400 si
1408 3362 1447 3400 id
1472 3361 1660 3401 mordendi
1686 3362 1803 3401 solum
1826 3377 1930 3401 causa
1960 3363 2176 3414 fecissemus,
