2481 3678
185 1049 294 1077 Christi

106 1100 172 1119 caro
220 1100 294 1127 quo-

106 1133 192 1160 modo
217 1137 293 1160 nata.

106 1226 270 1265 &1144

316 227 397 271 172
738 225 775 254 S.
814 223 999 255 JOANNIS
1034 221 1274 253 CHRYSOST.

307 320 376 344 nou
405 307 468 344 sic.
506 305 578 346 Sed
609 305 722 357 quid?
747 309 775 343 A
802 305 981 358 principio
1010 305 1164 357 perfecta
1196 310 1288 341 sunt.

306 369 443 406 Verum
463 367 545 418 quia
572 367 787 406 Nicodenlus
815 367 890 404 haee
919 368 1117 417 frequenter
1145 364 1291 403 audiens

305 429 532 477 turbabatur,
557 429 642 467 vide
662 429 840 479 quomodo
862 428 928 479 ipsi
945 427 1105 480 mysterii
1123 439 1293 465 arcanum

305 491 463 542 aperiat,
483 499 516 527 et
535 491 671 527 clarum
699 489 826 527 reddat
845 488 884 526 id
903 489 1001 539 quod
1019 489 1211 526 obscurum
1230 502 1291 525 an-

306 560 361 589 tea
389 560 476 597 erat,
508 565 589 588 eum
619 551 693 588 ait:
716 551 827 601 Quod
856 558 990 587 nalum
1018 559 1074 588 est
1093 565 1140 587 ex
1160 564 1290 595 earne,

306 625 397 649 caro
425 620 501 656 ατε,-
524 621 560 649 et
581 612 685 663 quod
704 619 839 648 natum
859 618 915 647 est
934 624 981 646 ex
999 610 1155 661 Spiritu,
1180 612 1290 661 spiri-

308 680 367 710 tus
388 681 455 710 est.
475 674 597 724 Ipsum
616 671 763 709 abducit
781 685 801 707 a
823 670 928 708 rebus
950 669 1116 708 omnibus
1135 670 1201 707 sub
1216 684 1293 707 sen-

307 746 386 770 sum
406 733 612 771 cadentibus
625 763 636 783 ,
659 746 771 782 neque
789 731 874 769 sinit
887 731 1065 784 corporeis
1085 730 1196 769 oculis
1215 746 1295 784 my-

307 793 412 830 steria
436 794 600 832 serutari.
623 794 703 832 Non
724 793 769 831 de
789 806 903 842 carne,
924 792 1054 843 inquit,
1076 792 1295 842 disserimus,

1317 221 1519 251 ARCHIEP.
1559 223 1916 254 CONSTANTINOP-

1365 304 1483 354 μάτων
1515 307 1537 350 ἡ
1566 305 1664 356 φύσις
1681 320 1688 328 ·
1715 306 1829 358 χρόνῳ
1859 305 2122 360 προσλαμῧάνει
2149 306 2188 344 τὸ
2208 305 2336 344 τέλειον
2354 330 2364 357 ,ι

1365 365 1421 402 ἐπὶ
1443 363 1478 402 δὲ
1499 367 1566 402 τῶν
1586 370 1830 416 πνευματικῶν
1852 369 1916 419 οὐχ
1938 366 2039 405 οὕτω.
2058 367 2106 405 Τί
2136 365 2263 413 δήποτε
2276 382 2285 413 3
2299 365 2385 404 εΌτι

1363 425 1479 463 τέλεια
1505 424 1537 469 ἐξ
1571 428 1681 478 ἀρχῆς
1703 428 2001 471 κατασκευάζεται
2027 427 2071 465 τὰ
2099 426 2275 478 γινόμενα.
2293 426 2383 464 Ἀλλ’

1363 486 1481 533 ἐπειδὴ
1512 490 1529 525 ὁ
1559 487 1760 538 Νικόδημος
1790 487 1922 527 ἀκούων
1945 492 2054 526 ταῦτα
2074 489 2225 539 συνεχῶς
2242 486 2387 538 ἐταράτ-

1361 563 1461 596 τετο,
1492 546 1555 600 ὅρα
1586 551 1660 591 πῶς
1695 550 1788 601 αὐτῷ
1816 548 2020 602 παρανοίγει
2049 549 2088 587 τὸ
2109 547 2304 600 ἀπόῤῥητον
2325 549 2385 584 τοῦ

1364 608 1552 661 μυστηρίου
1581 608 1724 657 τούτου,
1753 609 1813 647 καὶ
1847 609 1951 661 σαφὲς
1982 609 2163 661 ἐργάζεται
2193 609 2232 647 τὸ
2258 606 2387 658 ἀσαφὲς

1362 669 1481 722 ἐκείνῳ
1497 669 1582 714 τέως
1594 701 1603 718 ,
1619 671 1671 709 Τὸ
1690 670 1950 723 γεγεννημένον,
1973 670 2097 723 λέγων,
2116 673 2154 708 ἐκ
2167 673 2229 716 τῆς
2245 669 2386 720 σαρκὸς,

1363 730 1449 784 σάρξ
1475 734 1569 770 ἐστι·
1603 733 1642 770 τὸ
1676 732 1711 771 δὲ
1743 732 1989 785 γεγεννημένον
2019 734 2057 769 ἐκ
2084 735 2143 770 τοῦ
2163 730 2388 780 Πνεύματος,

1363 792 1501 843 πνεῦμά
1520 794 1625 832 ἐστιν.
1646 794 1790 846 Ἀπάγει
1810 797 1877 832 τῶν
1899 795 2071 840 αἰσθητῶν
2090 791 2190 830 αὐτὸν
2211 791 2388 838 ἁπάντων,

307 854 369 892 sed
388 854 433 892 de
461 855 608 907 spiritu,
638 870 657 893 O
676 855 881 893 Nieodeme.
907 854 1054 892 Interim
1072 869 1153 892 eum
1171 855 1219 893 ad
1237 870 1295 894 su-
1317 857 1341 888 C
1364 854 1424 892 καὶ
1453 856 1513 892 οὐκ
1542 854 1664 906 ἀφίησι
1691 862 1760 900 τοῖς
1787 857 1976 908 ὀφθαλμοῖς
1996 854 2129 897 τούτοις
2156 851 2389 906 περιεργάσα-

307 929 415 967 perna
434 916 656 954 transmittit.
677 916 779 954 Nihil
799 930 882 967 ergo
901 915 1026 954 sensile
1046 930 1181 967 quaeras
1196 929 1297 954 :nam

308 976 464 1028 Spiritus
486 977 542 1015 his
573 978 684 1015 oeulis
714 992 783 1015 non
813 977 1035 1030 percipitur:
1054 992 1166 1027 neque
1194 987 1297 1030 putes

309 1038 406 1088 quod
425 1053 565 1076 carnem
585 1039 744 1091 Spiritus
761 1039 890 1091 pariat.
914 1038 1102 1085 Quomodo
1121 1053 1222 1090 ergo,
1240 1039 1296 1076 di-

309 1099 401 1137 Xerit
423 1100 511 1137 forte
536 1099 733 1152 quispiam,
753 1099 899 1137 Domini
919 1113 999 1136 earo
1019 1108 1099 1136 nata
1118 1099 1194 1136 est?
1215 1101 1295 1137 Non

309 1174 327 1196 a
347 1160 484 1211 Spiritu
505 1169 662 1205 tantum,
682 1160 745 1198 sed
767 1159 872 1197 ctiam
892 1174 912 1196 a
931 1173 1053 1209 carne,
1076 1159 1173 1209 quod
1202 1160 1297 1196 Pau-

308 1220 363 1258 lus
394 1221 449 1258 his
482 1221 601 1259 verbis
634 1221 814 1271 significat
831 1236 838 1256 τ
854 1223 1021 1258 Factum
1051 1235 1098 1258 ex
1121 1222 1293 1269 muliere,

295 1282 455 1334 factum
478 1285 545 1320 snb
573 1283 666 1334 lege.
691 1281 846 1334 Spiritus
866 1281 961 1319 enim
979 1282 1079 1319 illam
1097 1282 1147 1320 sie
1164 1282 1295 1320 forma-

306 1342 371 1391 vit,
391 1357 460 1380 non
480 1357 525 1380 ex
544 1343 660 1380 nihilo
676 1358 682 1378 :
701 1357 783 1380 nam
803 1342 892 1393 quid
913 1357 1001 1395 opus
1017 1342 1141 1381 fuisset
1159 1343 1294 1383 vulva?

307 1403 370 1441 sed
387 1419 433 1442 ex
450 1404 612 1455 virginea
631 1418 734 1441 earne
752 1421 759 1440 :
780 1404 959 1454 quemodo
979 1413 1109 1454 autem,
1129 1419 1198 1442 non
1214 1420 1296 1457 pos-

306 1479 387 1504 sum
415 1466 606 1518 explicare.
633 1467 730 1504 Illud
758 1481 864 1519 porro
893 1467 1028 1505 factum
1055 1476 1123 1516 est,
1143 1482 1187 1505 ne
1216 1468 1296 1518 quis

288 1569 289 1572 Ἴ
307 1525 464 1563 alienum
487 1542 507 1564 a
526 1537 651 1565 natura
670 1537 790 1565 nostra
817 1537 960 1580 partum
992 1529 1095 1566 illum
1113 1529 1296 1568 existima—

308 1595 373 1623 ret.
406 1588 499 1624 Nam
517 1587 546 1624 si
566 1602 602 1625 re
622 1588 672 1625 sie
699 1598 811 1639 gesta,
832 1598 914 1626 sunt
931 1598 1048 1627 tamen
1068 1589 1216 1640 quidam
1235 1591 1297 1641 qui

308 1648 414 1685 talem
435 1662 502 1685 non
522 1648 671 1686 eredunt
705 1649 964 1700 generationem
976 1666 988 1699 ;
1019 1650 1086 1688 nisi
1108 1650 1296 1702 virginalis

309 1709 424 1746 earnis
456 1710 633 1762 particeps
677 1711 813 1759 fuisset,
847 1726 916 1761 quo
948 1726 1017 1749 non
1053 1713 1298 1765 prorupissent

310 1770 531 1822 impietatis?
560 1772 672 1822 Quod
699 1781 833 1809 natum
865 1781 921 1810 est
942 1786 989 1810 ex
1008 1774 1163 1825 Spiritu,
1186 1778 1297 1826 spiri-

311 1840 370 1869 tus
399 1841 468 1869 est.
505 1832 636 1871 Viden'
668 1832 823 1884 Spiritus
852 1833 1091 1883 dignitatem?
1117 1835 1207 1872 Nam
1230 1835 1297 1872 Dei

309 1908 399 1945 opus
433 1893 492 1931 ille
523 1894 645 1931 efficit.
682 1894 797 1945 Supra
829 1894 987 1940 dicebat,
1007 1897 1071 1932 Ex
1099 1897 1183 1933 Deo
1214 1900 1298 1934 nati

310 1963 399 1991 sunt
408 1971 423 1999 ;
440 1954 499 1991 hie
521 1969 604 1994 vero
627 1954 715 1992 dicit
733 1954 827 2006 ipsos
845 1969 865 1992 a
885 1955 1021 2007 Spiritu
1042 1956 1141 2007 gigni
1159 1972 1166 1993 ε
1188 1958 1299 2008 Quod

313 2025 446 2053 natum
466 2025 524 2054 est
544 2032 590 2054 ex
609 2017 765 2069 Spiritu,
798 2019 953 2068 spiritus
974 2026 1053 2065 est;
1074 2017 1112 2055 id
1135 2027 1203 2066 est,
1224 2018 1297 2065 Qui

311 2086 414 2114 natus
433 2086 482 2114 est
498 2092 543 2115 ex
556 2077 707 2129 Spiritu,
721 2077 917 2129 spiritualis
937 2085 1000 2115 est.
1025 2079 1296 2117 Generationem

1365 917 1444 953 σθαι
1476 914 1538 962 τὴν
1572 916 1832 968 μυσταγωγίαν.
1861 918 1914 955 Οὐ
1949 916 2016 967 γὰρ
2046 914 2125 968 περὶ
2160 914 2286 966 σαρκὸς
2316 914 2390 951 δια-

1364 975 1536 1026 λεγόμεθα
1547 1006 1556 1023 ,
1576 976 1692 1027 φησὶν,
1712 977 1801 1016 ἀλλὰ
1815 977 1895 1030 περὶ
1913 977 2116 1028 Πνεύματος
2129 1006 2138 1023 ,
2153 968 2181 1012 ἶ)
2198 974 2390 1025 Νικόδημε.

1365 1036 1463 1079 Τέως
1484 1037 1583 1074 αὐτὸν
1606 1040 1655 1089 τῷ
1675 1038 1768 1090 λόγῳ
1789 1039 1898 1091 τούτῳ
1918 1039 2002 1092 πρὸς
2024 1039 2064 1083 τὸ
2081 1037 2152 1075 ἅνω
2169 1035 2390 1088 παρέπεμψε.

1362 1095 1484 1142 ’Μηδὲν
1502 1096 1613 1134 τοίνυν
1633 1100 1702 1135 τῶν
1720 1101 1892 1145 αἰσθητῶν
1909 1098 2082 1145 ἐπιζήτει·
2103 1098 2142 1136 τὸ
2163 1097 2230 1150 γὰρ
2244 1098 2391 1146 Πνεῦμα

1365 1157 1427 1193 οὐκ
1459 1156 1498 1192 ἂν
1529 1157 1650 1208 φανείη
1683 1164 1754 1202 τοῖς
1771 1161 1960 1210 ὀφθαλμοῖς
1985 1160 2138 1202 τούτοις·
2167 1157 2254 1209 μηδὲ
2274 1157 2392 1207 νόμιζε

1364 1216 1416 1255 ὅτι
1437 1217 1551 1269 σάρκα
1566 1216 1677 1256 τίκτει
1692 1217 1731 1256 τὸ
1757 1221 1917 1270 Πνεῦμα.
1950 1222 2034 1264 Πῶς
2050 1214 2120 1266 οῧν,
2140 1220 2223 1262 ἴσως
2239 1218 2327 1257 εἴποι
2350 1218 2389 1255 ἄν

1364 1291 1436 1323 τις,
1456 1280 1477 1323 ἡ
1498 1282 1557 1315 τοῦ
1579 1277 1707 1331 Κυρίου
1732 1278 1816 1331 σὰρξ
1839 1279 1982 1332 ἐτέχθη,
2002 1282 2078 1317 Οὐκ
2098 1279 2167 1317 ἀπὸ
2186 1279 2390 1328 Πνεύματος

1366 1336 1480 1386 μόνον,
1502 1337 1592 1376 ἀλλὰ
1611 1338 1670 1376 καὶ
1693 1339 1762 1377 ἀπὸ
1784 1340 1922 1392 σαρκός.
1945 1340 2008 1378 Διὸ
2028 1339 2087 1378 καὶ
2115 1344 2215 1378 τοῦτο
2237 1340 2350 1386 δηλῶν
2373 1341 2390 1376 ὃ

1365 1398 1504 1442 Παῦλος
1518 1398 1614 1451 ἔλεγε
1627 1415 1634 1423 ·
1655 1405 1668 1420 ⁰
1679 1400 1868 1452 Γενόμενος
1885 1404 1924 1439 ἐκ
1938 1401 2114 1454 γυναικὸς,
2129 1400 2309 1452 γενόμενος
2324 1399 2390 1438 ὑπὸ

1364 1457 1480 1509 νόμον.
1505 1460 1558 1498 Τὸ
1591 1459 1652 1511 μὲν
1673 1460 1740 1515 γὰρ
1758 1463 1906 1513 Πνεῦμα
1927 1462 2027 1500 αὐτὸν
2055 1462 2237 1501 διέπλασεν
2262 1460 2389 1508 οὕτως,

1365 1521 1402 1556 οὐ
1426 1519 1495 1570 μὴν
1520 1521 1554 1565 ἐξ
1578 1524 1638 1560 οὐκ
1662 1522 1769 1560 ὄντων
1786 1539 1793 1546 ·
1815 1523 1889 1561 ἐπεὶ
1909 1523 1944 1561 τί
1963 1523 2030 1561 ἔδει
2051 1525 2114 1569 τῆς
2135 1523 2289 1576 μήτρας,
2311 1524 2387 1560 ἀλλ’

1364 1580 1403 1617 ἐκ
1433 1584 1495 1627 τῆς
1517 1582 1642 1634 σαρκὸς
1664 1586 1726 1629 τῆς
1753 1586 1982 1637 παρθενικῆς·
2015 1584 2055 1622 τὸ
2075 1583 2132 1631 δὲ,
2152 1585 2246 1631 πῶς,
2267 1585 2304 1621 οὐ
2326 1582 2387 1620 δύ-

1362 1657 1472 1692 ναμαι
1492 1643 1703 1694 ἑρμηνεύειν.
1723 1646 1837 1683 Τοῦτο
1857 1645 1892 1682 δὲ
1908 1644 2057 1697 γέγονεν,
2078 1644 2135 1683 ἵνα
2152 1645 2199 1695 μή
2216 1660 2267 1688 τις
2287 1643 2389 1682 ἀλλό-

1363 1718 1455 1755 τριον
1480 1707 1542 1750 τῆς
1562 1705 1734 1758 ἡμετέρας
1754 1699 1839 1743 εἶναι
1858 1705 1983 1757 νομίσῃ
2007 1706 2138 1758 φύσεως
2164 1705 2204 1743 τὸ
2224 1703 2389 1755 τικτόμε-

1363 1780 1431 1802 νον.
1449 1766 1493 1803 Εἰ
1512 1764 1579 1817 γὰρ
1598 1765 1716 1804 τούτου
1731 1766 1914 1819 γενομένου
1931 1767 1996 1805 εἰσί
2015 1783 2104 1810 τινες
2123 1766 2155 1804 οἳ
2168 1767 2388 1804 διαπιστοῧσι

1362 1829 1405 1877 τῇ
1438 1826 1579 1878 τοιαύτῃ
1613 1827 1790 1878 γεννήσει,
1819 1831 1849 1866 εἰ
1874 1827 1921 1879 μὴ
1953 1832 2015 1875 τῆς
2036 1828 2162 1880 σαρκὸς
2181 1825 2387 1872 ἐκοινώνησε

1361 1890 1424 1933 τῆς
1439 1891 1669 1940 παρθενικῆς,
1686 1893 1751 1927 ποῦ
1770 1889 1832 1927 οὐκ
1850 1889 1889 1926 ἂν
1911 1889 2074 1933 ἐξέπεσαν
2094 1888 2252 1931 ἀσεὸείας
2273 1881 2385 1933 offa-013

1361 1946 1415 1985 Τὸ
1442 1949 1687 2000 γεγεννημένον
1715 1952 1753 1987 ἐκ
1779 1955 1839 1988 τοῦ
1865 1950 2087 2001 Πνεύματος,
2111 1949 2250 2001 πνεῦμά
2281 1951 2385 1986 ἐστιν.

1363 2006 1470 2060 ςΟρξίς
1491 2009 1695 2060 Πνεύματος
1714 2009 1810 2054 ἀξίαν
1823 2027 1832 2058 3
1846 2011 1899 2049 Τὸ
1917 2010 1984 2062 γὰρ
1999 2015 2058 2049 τοῦ
2077 2013 2167 2049 Θεοῦ
2184 2010 2280 2064 ἔργον
2303 2008 2385 2062 φαί-

1360 2084 1455 2106 νεται
1488 2075 1617 2108 ποιοῦν.
1643 2069 1819 2124 Ἀνωτέρω
1835 2069 1921 2121 Ειμὲν
1950 2065 2007 2109 οῧν
2026 2071 2155 2123 ἔλεγεν,
2173 2070 2226 2109 ὅτι
2242 2071 2309 2109 Ἐκ
2327 2074 2386 2108 τοῦ

312 2138 444 2190 quippe
474 2139 533 2176 hic
556 2153 623 2177 non
644 2139 838 2177 seeundum
857 2139 1091 2178 substantiam
1111 2141 1216 2190 dicit,
1234 2142 1298 2180 sed
1315 2133 1340 2163 E
1361 2131 1453 2168 Θεοῦ
1486 2131 1716 2182 ἐγεννήθησαν
1733 2147 1739 2154 “
1762 2134 1908 2170 ἐνταῦθα
1930 2131 1984 2180 δὲ,
2005 2132 2058 2171 ὃτῑ
2084 2132 2124 2170 τὸ
2155 2133 2303 2183 Πνεῦμα
2323 2132 2386 2169 αὗ“

311 2199 506 2236 seeundum
525 2200 696 2237 honorem
714 2209 747 2237 et
767 2200 930 2251 gratiam.
955 2201 992 2238 Si
1012 2215 1094 2252 ergo
1113 2201 1227 2239 Filius
1247 2203 1297 2241 sie

311 2271 413 2299 natus
432 2271 499 2311 est,
521 2262 609 2312 quid
627 2262 782 2314 amplius
805 2263 950 2300 habebit
970 2278 1078 2314 quam
1097 2265 1212 2302 caeteri
1231 2266 1296 2303 ho—

312 2322 438 2371 mines,
454 2323 515 2372 qui
532 2323 579 2359 ita
596 2323 668 2360 nati
681 2323 787 2360 sunt?
802 2323 979 2373 quomodo
992 2325 1206 2376 Unigenitus
1220 2327 1295 2364 est?

310 2383 402 2420 Nam
421 2393 455 2420 et
472 2397 536 2434 ego
555 2398 601 2420 ex
619 2385 694 2422 Deo
714 2393 815 2421 natus
837 2398 916 2421 sum
923 2414 933 2433 7
967 2384 1027 2422 sed
1055 2399 1123 2423 non
1146 2401 1190 2424 ex
1221 2388 1296 2439 ejus

310 2443 518 2481 substantia.
543 2444 581 2481 Si
601 2458 684 2495 ergo
714 2458 826 2494 neque
851 2444 925 2496 ipse
954 2459 1000 2482 ex
1030 2446 1105 2497 ejus
1134 2447 1295 2485 substan-

310 2505 380 2553 tia,
401 2506 435 2542 in
458 2521 528 2555 quo
557 2506 679 2543 differt
699 2520 717 2543 a
739 2505 873 2543 nobis?
906 2506 965 2544 Sic
996 2521 1136 2558 quoque
1158 2509 1296 2561 Spiritu

310 2565 425 2603 minor
456 2566 666 2604 invenietur.
694 2568 785 2604 Nam
815 2567 1023 2619 hujusmodi
1050 2571 1227 2620 generatio
1255 2572 1296 2609 fit

309 2640 353 2664 ex
373 2627 528 2679 Spiritus
560 2628 685 2677 gratia.
713 2630 809 2666 Num
832 2644 914 2680 ergo
934 2639 974 2667 ut
998 2630 1111 2669 Filius
1139 2642 1294 2681 maneat,

1360 2190 1437 2234 τοὺς
1456 2199 1572 2244 γεννᾷ.
1593 2193 1645 2230 Τὸ
1661 2193 1921 2244 γεγεννημένον,
1940 2193 2056 2246 φησὶν,
2081 2196 2121 2232 ἐκ
2135 2198 2195 2231 τοῦ
2221 2191 2386 2243 Πνεύμα-

1359 2267 1426 2300 τος,
1441 2253 1578 2304 πνεῦμά
1592 2255 1696 2291 ἐστιν.
1709 2253 1758 2292 ιῸ
1775 2253 1810 2292 δὲ
1824 2254 1931 2306 λέγει,
1943 2253 2094 2293 τοιοῦτόν
2111 2258 2203 2293 ἐστιν
2214 2269 2222 2277 ·
2236 2258 2253 2292 ὃ
2267 2269 2384 2305 γεγεν-

1360 2313 1506 2363 νημένος
1526 2315 1565 2351 ἐκ
1576 2318 1635 2352 τοῦ
1645 2313 1850 2364 Πνεύματος
1867 2315 2099 2365 πνευματικός
2113 2317 2197 2352 ἐστι.
2218 2314 2384 2361 Γέννησιν

1361 2373 1428 2425 γὰρ
1442 2375 1586 2411 ἐνταῦθα
1603 2376 1639 2412 οὐ
1660 2373 1722 2420 τὴν
1743 2376 1818 2412 κατ’
1833 2374 1948 2412 οὐσίαν
1969 2375 2080 2426 λέγει,
2102 2374 2191 2413 ἀλλὰ
2213 2374 2274 2421 τὴν
2293 2372 2383 2411 κατὰ

1360 2434 1465 2485 τιμὴν
1486 2435 1544 2473 καὶ
1563 2435 1677 2487 χάριν.
1703 2436 1747 2473 Εἰ
1767 2435 1878 2473 τοίνυν
1906 2435 1966 2474 καὶ
1986 2439 2003 2473 ὃ
2018 2436 2101 2478 Υἱὸς
2116 2435 2205 2474 οὕτω
2223 2434 2386 2486 γεγέννη-

1361 2511 1444 2543 ται,
1465 2495 1499 2533 τί
1515 2495 1617 2534 πλέον
1637 2495 1702 2540 ἕξει
1725 2497 1792 2533 τῶν
1815 2495 2005 2548 ἀνθρώπων
2026 2498 2093 2534 τῶν
2114 2496 2203 2535 οὕτω
2219 2512 2383 2548 γεγεννη-

1364 2556 1496 2608 μένων;
1517 2559 1591 2601 πῶς
1615 2556 1650 2595 δὲ
1671 2557 1855 2608 μονογενής
1874 2559 1971 2606 ἐστι,
2000 2558 2069 2596 Καὶ
2089 2557 2156 2610 γὰρ
2178 2558 2236 2595 καὶ
2257 2556 2324 2609 ἐγὼ
2346 2559 2385 2595 ἐκ

1362 2620 1452 2656 Θεοῦ
1475 2618 1705 2670 γεγέννημαι,
1730 2619 1803 2656 ἀλλ’
1830 2620 1892 2657 οὐκ
1913 2622 1951 2657 ἐκ
1969 2622 2032 2665 τῆς
2063 2618 2178 2661 οὐσίας
2206 2621 2319 2656 αὐτοῦ.
2340 2620 2383 2656 Εἰ

311 2688 466 2739 Spiritus
479 2688 615 2725 auxilio
634 2704 722 2740 opus
735 2690 865 2727 habet?
882 2690 1025 2741 Ecquid
1041 2692 1116 2730 haec
1131 2707 1151 2730 a
1165 2693 1295 2732 Juda'i-
1305 2677 1472 2726 15οτοίνυν
1495 2676 1582 2728 μηδὲ
1613 2677 1709 2719 αὐτὸς
1736 2679 1774 2715 ἐκ
1792 2680 1853 2723 τῆς
1876 2677 2014 2725 οὓσίας’
2032 2678 2066 2715 τί
2085 2677 2176 2716 κατὰ
2195 2683 2295 2716 τοῦτο
2314 2679 2384 2715 διε““

311 2763 351 2786 ea
373 2749 534 2787 doctrina
563 2749 763 2787 disti-runt?
787 2752 877 2788 Cum
900 2751 1050 2791 dixisset
1074 2768 1156 2805 ergo
1190 2755 1295 2793 Chri-
1318 2739 1342 2767 A

312 2820 396 2857 stus,
417 2811 488 2856 Qui
509 2820 610 2848 natus
632 2820 681 2849 est
702 2826 746 2848 ex
769 2812 919 2864 Spiritu,
939 2814 1086 2866 spiritus
1105 2825 1175 2867 est,
1199 2817 1295 2867 quod

314 2872 498 2909 turbatum
537 2872 638 2909 illum
672 2872 790 2910 adhue
834 2885 1012 2923 cerneret,
1046 2876 1093 2914 ad
1131 2878 1296 2917 sensibile

313 2932 517 2984 exemplum
550 2932 772 2984 progeditur.
808 2935 845 2970 7.
876 2937 935 2972 Ne
967 2940 1127 2984 mireris,
1158 2938 1295 2990 inquit,

315 2998 407 3046 quia
420 2995 504 3031 dixi
522 2996 604 3040 tibi,
627 2996 779 3045 Oportet
799 3008 864 3032 nos
881 3000 988 3034 nasci
1001 2999 1139 3037 denuo.
1159 2999 1197 3037 8.
1215 3001 1296 3052 Spi-

314 3059 409 3093 ritus
428 3057 494 3092 ubi
522 3055 609 3092 vult
628 3058 762 3106 spirat.
793 3055 882 3093 Cum
913 3057 1018 3106 dicit,
1047 3062 1106 3097 Ne
1135 3063 1294 3110 mireris,

314 3117 389 3166 ejus
404 3115 511 3153 animi
532 3116 833 3167 perturbationem
851 3116 1045 3168 signifieat,
1065 3129 1099 3158 et
1116 3121 1163 3159 ad
1182 3122 1296 3159 subti-

315 3179 440 3216 liorem
467 3193 655 3230 corporum
689 3178 859 3216 rationem
887 3179 1045 3218 deducit.
1069 3184 1160 3220 Nam
1180 3198 1198 3221 a
1218 3198 1294 3222 car-

316 3240 458 3277 nalibus
475 3240 591 3292 ipsum
621 3239 819 3277 abduxerat
846 3240 901 3278 his
928 3242 1063 3292 verbiS,
1088 3244 1199 3294 Quod
1226 3260 1293 3284 na-

364 3389 365 3393 =
394 3371 451 3402 Alii
469 3380 652 3414 γεννώμενοι.

1362 2735 1503 2787 νήνοχεν
1522 2738 1647 2786 ἡμῶν,
1669 2735 1905 2786 Εὑρεθήσεται
1924 2734 1959 2773 δὲ
1976 2736 2044 2789 ἄρα
2063 2736 2122 2774 καὶ
2142 2740 2202 2774 τοῦ
2223 2736 2385 2786 Πνεύμαυ

1363 2813 1419 2841 τος
1437 2796 1544 2840 οὕτως
1575 2795 1739 2834 ἐλάττων.
1763 2795 1808 2833 ‘H
1838 2795 1905 2848 γὰρ
1926 2797 2066 2844 τοιαύτη
2087 2796 2243 2849 γέννησις
2266 2800 2304 2835 ἐκ
2323 2801 2384 2843 τῆς

1362 2862 1421 2897 τοῦ
1452 2856 1656 2907 Πνεύματος
1677 2855 1808 2908 γίνεται
1832 2857 1984 2909 χάριτος.
2011 2849 2086 2909 Ἆρ’
2120 2850 2177 2895 οὖν
2206 2856 2263 2895 ἵνα
2298 2857 2383 2908 μένῃ

1362 2926 1464 2972 Υἱὸς,
1479 2927 1541 2970 τῆς
1556 2922 1653 2976 παρὰ
1680 2927 1739 2961 τοῦ
1760 2922 1964 2973 Πνεύματος
1983 2925 2091 2961 δεῖται
2109 2923 2291 2975 βοηθείας,
2315 2924 2386 2962 Καὶ

1364 2987 1398 3025 τί
1415 2991 1525 3024 ταῦτα
1543 2985 1741 3023 Ἰουδαϊκῶν
1764 2984 1924 3030 διέστηκε
1946 2984 2148 3036 δογμάτων;
2167 2985 2288 3024 Εἰπὼν
2308 2986 2384 3024 τοί-

1365 3063 1422 3085 νυν
1439 3049 1457 3084 ὁ
1475 3045 1641 3098 Χριστὸς,
1657 3044 1709 3082 ὅτι
1728 3047 1746 3082 ὁ
1762 3045 2007 3096 γεγεννημένος
2026 3049 2064 3084 ἐκ
2081 3050 2140 3084 τοῦ
2161 3046 2364 3097 Πνεύματος
2377 3076 2386 3093 ,

1365 3109 1501 3161 πνεῦμά
1527 3113 1637 3148 ἐστιν·
1661 3109 1779 3155 ἐπειδὴ
1801 3108 2049 3162 θορυὸούμενον
2069 3110 2174 3149 πάλιν
2196 3105 2299 3157 εἶδεν,
2328 3111 2384 3148 ἐπὶ

1367 3177 1527 3225 αἰσθητὸν
1548 3176 1772 3230 παράδειγμα
1795 3177 1872 3227 ἄγει
1897 3177 1954 3215 τὸν
1982 3177 2094 3229 λόγον.
2114 3176 2175 3224 Μὴ
2202 3177 2385 3229 θαυμάσῃς

1365 3245 1451 3298 γὰρ,
1471 3244 1586 3296 φησὶν,
1609 3243 1662 3282 ὅτι
1692 3236 1785 3280 εἶπόν
1816 3258 1891 3291 σοι,
1921 3243 1973 3283 ὅτι
1993 3244 2042 3282 δεῖ
2068 3245 2159 3294 ὑμᾶς
2179 3247 2383 3295 γεννηθῆναι

1431 3379 1442 3397 '³
1462 3378 1560 3411 Sata-il.
1578 3382 1632 3420 μὲν
1649 3384 1706 3422 γάρ
1724 3392 1816 3422 φησιν.
