2522 3683
127 611 205 638 Ibid.
222 607 309 648 v.!27.

285 1231 315 1253 53

327 200 420 263 076

326 296 470 349 quidem
480 310 519 334 ea
532 309 609 347 quae
621 294 732 333 debeo
742 295 821 345 tihi,
832 294 926 334 unde
942 294 1101 342 reddam,
1118 307 1229 346 neque
1239 295 1303 333 ha-

325 351 390 387 heo
410 363 519 400 neque
538 363 680 401 possum
701 348 860 394 reddere,
879 347 967 385 meis
989 347 1165 398 siquidem
1182 348 1304 386 multis

325 402 515 440 sceleribus
529 412 625 440 tuam
646 410 775 439 sortem
801 415 882 438 cum
910 400 1041 436 foenore
1061 399 1241 437 absumsi:
1263 415 1306 438 ne

324 469 467 505 quaesoa
478 469 533 493 me
542 463 772 507 repetas‚quae
785 453 875 490 mihi
888 451 1030 499 dedisti,
1040 452 1165 490 animae
1177 463 1306 491 sortem

325 509 522 561 etcorporis
538 509 670 545 foenus:
693 506 778 555 quin
796 506 913 557 potius
927 518 994 556 pro
1014 513 1072 541 tua
1086 504 1306 543 humanitate

325 560 404 598 leva
435 576 490 599 me
530 559 683 612 pondere
712 558 915 595 debitorum
945 571 1118 606 meorum,
1147 558 1306 608 mihique

326 613 397 661 dic,
414 624 451 650 ut
465 612 640 651 meretrici
655 626 662 646 :
680 609 916 648 Dimittentur
934 609 999 646 tihi
1016 619 1158 661 peccata
1175 611 1301 648 multa.

328 667 385 703 'l'u
401 666 493 702 euim
509 665 603 703 solus
620 678 654 701 es
670 663 743 700 sine
757 672 912 714 peceato,
929 662 1056 710 bonus,
1073 663 1302 713 &benig-nus,

326 727 358 755 et
379 728 521 769 peccata
553 717 770 763 condonans5
792 724 892 766 teque
922 715 1021 752 decet
1042 715 1155 752 omnis
1176 715 1304 766 gloria,

324 770 449 817 honor,
471 780 503 807 et
528 769 699 815 adoratio,
716 782 797 805 cum
812 770 913 805 Patre
937 777 1011 817 tuo,
1035 768 1097 818 qui
1131 767 1306 819 principio

326 832 434 872 caret,
451 833 484 860 et
519 822 662 861 omnino
683 830 816 869 sancto,
836 821 943 868 bono,
971 830 1004 858 et
1042 820 1188 859 vivifico
1221 820 1306 872 Spi-

326 876 409 924 ritu,
438 890 532 914 nunc
557 885 590 914 et
621 888 757 927 semper
785 883 818 912 et
854 873 890 911 in
924 873 1051 911 saecula
1086 874 1305 911 saeeuloriun.

326 931 448 967 Amen.

1273 214 1449 245 Spuma.

1375 301 1510 349 Ορωπος
1521 324 1530 342 ,
1546 295 1606 332 καὶ
1619 296 1807 347 συγχωρῶν
1820 295 1992 349 ἁμαρτίας
2001 311 2008 319 ·
2019 296 2078 334 καὶ
2091 295 2144 334 σοὶ
2158 295 2285 347 πρέπει
2298 302 2396 334 πᾶσα

1376 348 1476 395 δόξα,
1506 347 1592 398 τιμὴ
1623 347 1683 385 καὶ
1709 347 1961 401 προσκύνησις,
1995 347 2054 386 σὺν
2084 351 2133 399 τῷ
2163 348 2306 401 ἀνάρχῳ
2335 363 2395 385 σου

1376 400 1512 452 Πατρὶ,
1547 400 1605 438 καὶ
1636 402 1685 452 τῷ
1710 400 1871 453 παναγίῳ
1902 400 1962 438 καὶ
1997 403 2116 453 ἀγαθῷ
2148 401 2207 439 καὶ
2239 401 2397 451 ζωοποιῷ

1378 453 1580 518 Πνεύματιι,
1597 457 1656 491 νῦν
1669 452 1728 490 καὶ
1748 452 1801 491 ἀεὶ
1813 483 1826 500 ,
1847 453 1906 491 καὶ
1922 455 1968 497 εἷς
1989 452 2066 497 τοὺς
2081 455 2207 498 αἰῶνας
2226 455 2293 490 τῶν
2317 451 2398 490 αἰώ-

1378 521 1456 544 νων.
1484 508 1596 556 Αμην.

1092 1184 1630 1268 MONITUM

788 1372 877 1418 AD
918 1368 1277 1417 HOMILIAM
1327 1370 1410 1416 DE
1454 1368 1944 1416 SAMARITANA.

384 1541 438 1576 De
453 1538 521 1575 hae
537 1535 689 1574 homilia
707 1535 782 1573 haee.
795 1534 901 1572 habet
920 1533 1078 1572 Savilius
1091 1534 1195 1570 Tom.
1211 1533 1319 1578 VIII,
1334 1532 1369 1570 in
1389 1533 1495 1581 notis,
1510 1545 1593 1584 pag.
1614 1532 1691 1569 867
1710 1548 1717 1568 :
1735 1534 1783 1568 In
1800 1533 1874 1569 hac
1891 1532 2055 1569 homilia
2080 1532 2180 1568 nihil
2203 1539 2258 1569 est
2277 1532 2405 1579 Chry-

331 1612 496 1640 sostomo
510 1601 668 1651 dignum
693 1607 833 1650 proeter
855 1598 1058 1649 epilogum,
1081 1598 1148 1648 qui
1168 1597 1366 1648 totzcssere
1384 1603 1532 1632 sumtus
1552 1603 1607 1632 est
1630 1609 1676 1631 ez·
1692 1597 1887 1646 trigesima
1899 1597 2027 1646 prima
2045 1595 2316 1642 Clzrp'sostoml
2337 1595 2405 1631 Ιιο-

333 1665 444 1700 milia
458 1666 498 1699 in
514 1663 720 1699 Jonnnem.
738 1661 868 1698 Codex
881 1661 1121 1705 Oxoniensis,
1136 1659 1346 1705 Caesareus,
1362 1666 1397 1695 et
1414 1659 1551 1695 thcoei
1566 1659 1763 1695 Romanus
1780 1659 1928 1694 inter-se
1939 1659 2194 1694 consentiunt.
2210 1657 2407 1694 Mediceus

331 1727 495 1777 plenior,
515 1726 583 1762 sed
594 1725 750 1761 illorum
768 1725 932 1760 brevitas
948 1724 1069 1773 magis
1082 1721 1225 1773 placet.
1245 1723 1328 1759 Haec
1343 1720 1428 1758 scite
1444 1721 1629 1758 observata
1649 1728 1742 1757 sunt.
1758 1719 1912 1757 Medicei
1932 1719 2099 1756 lectiones
2121 1718 2249 1756 nimias
2264 1732 2334 1755 non
2355 1727 2408 1756 at-

335 1789 418 1826 tulit
441 1787 614 1835 Savilius;
629 1796 662 1824 et
677 1787 767 1824 hene
781 1784 924 1835 quidem
942 1783 1099 1834 neglexit
1116 1799 1122 1819 :
1143 1797 1255 1834 neque
1274 1783 1368 1821 enim
1388 1792 1521 1820 tantam
1536 1782 1797 1820 accurationem
1816 1791 1971 1819 meretur
1984 1781 2167 1819 inficetum
2183 1781 2407 1833 opusculum.

337 1852 465 1902 Sieque
497 1865 558 1888 nos
582 1849 684 1900 Regii
714 1847 901 1900 cujusdam
923 1846 1064 1884 Codicis
1087 1846 1254 1884 lectiones
1279 1846 1454 1895 misimus,
1475 1846 1578 1897 cujus
1594 1845 1763 1882 librarius
1792 1845 1947 1882 multum
1973 1844 2196 1891 excurrebat,
2217 1853 2250 1882 et
2268 1843 2410 1881 inutilia

337 1915 449 1952 multa
474 1913 674 1966 adjiciebat.
696 1911 892 1964 Epilogum
918 1924 963 1947 ex
983 1909 1229 1962 Chrysostomi
1256 1909 1413 1947 Homilia
1435 1909 1616 1960 trigesima
1640 1909 1756 1961 prima
1775 1908 1812 1946 in
1835 1910 2006 1948 Joannem
2030 1907 2233 1945 desumtum
2250 1921 2313 1944 suo
2333 1906 2410 1944 loco

338 1986 558 2014 annotamus.

393 2044 638 2097 Interpretatio
660 2042 787 2082 Latina
807 2051 858 2080 est
878 2039 1068 2079 Frontonis
1087 2039 1222 2078 Ducaei.

145 2316 235 2342 Joan.
251 2311 280 2352 l..
297 2311 325 2340 5.
343 2311 392 2345 In
411 2307 701 2346 Samaritanam
731 2312 767 2342 et
787 2306 828 2341 in
849 2303 961 2349 illud,
976 2301 1085 2341 Venit
1103 2302 1205 2339 Jesus
1221 2299 1258 2338 in
1278 2299 1325 2337 ci-
1348 2305 1374 2334 A
1396 2299 1489 2343 *Εἷς
1505 2299 1567 2346 τὴν
1588 2301 1694 2350 Σαμα
1719 2306 1815 2347 εῖτιν,
1840 2298 1899 2337 καὶ
1918 2300 1965 2341 εἷς
1990 2298 2049 2345 τὸ,
2063 2297 2110 2336 ”E
2135 2313 2236 2348 γεται
2251 2299 2269 2334 ὁ
2284 2296 2416 2343 Ἰησοῦς

704 2341 714 2355 ι
1699 2314 1715 2351 Ρ
2116 2314 2132 2349 ρ
2150 2343 2160 2349 .

146 3194 236 3220 .Ιοιιη.
258 3191 288 3231 4.
306 3191 334 3220 5.

149 3234 220 3264 -3,

449 2369 594 2408 vitatem
615 2366 797 2414 Samariae,
814 2379 893 2416 quae
908 2364 1041 2401 dicitur
1059 2362 1213 2415 Sychar.

398 2495 432 2530 1.
462 2492 690 2531 Samaritanae
716 2489 906 2529 certamina
932 2487 1096 2526 Christus
1126 2486 1229 2525 nobis
1259 2486 1324 2524 ho-

344 2546 402 2582 die
427 2545 668 2594 promulgavit
690 2559 697 2580 :
721 2552 753 2581 et
779 2543 919 2594 inopem
951 2541 1146 2578 orationem
1168 2548 1325 2577 nostram

346 2607 480 2649 oportet
501 2599 575 2648 ejus
598 2606 688 2634 recte
707 2597 880 2633 factorum
907 2594 1054 2646 pelagus
1073 2593 1244 2643 trajicere.
1264 2592 1324 2629 Fi-

346 2650 426 2686 dem
447 2650 539 2686 euim
559 2651 633 2700 ejus
652 2649 800 2695 intueor,
819 2657 851 2685 et
869 2647 974 2685 statui
995 2645 1234 2683 laudationem
1250 2645 1325 2695 ejus

346 2702 380 2738 in
396 2702 550 2738 medium
567 2702 703 2747 afferre,
717 2716 757 2738 ac
768 2701 956 2739 vobiscum
968 2698 1136 2736 encomiis
1151 2698 1326 2735 celebrare

347 2754 545 2791 mendicam
567 2754 665 2790 illam
688 2763 720 2790 et
739 2753 966 2805 opulentam3
986 2751 1206 2788 meretricem
1226 2750 1325 2786 illam

346 2816 378 2843 et
397 2806 607 2857 apostola1113
624 2806 842 2843 luxuriosam
872 2814 904 2842 et
930 2804 1071 2841 fidelem
1089 2819 1097 2849 ;
1118 2802 1240 2840 multis
1259 2816 1326 2839 nu-

346 2859 430 2909 ptiis
452 2860 626 2908 junctam,
647 2868 679 2895 et
706 2858 828 2894 multis
855 2857 993 2894 viribus
1018 2856 1223 2907 praeditam3
1250 2868 1326 2891 eam

347 2925 425 2960 quat
440 2910 569 2947 multos
582 2910 749 2961 corrupit,
769 2919 803 2946 et
821 2923 897 2959 quse
915 2908 1135 2959 unigenitum
1150 2907 1214 2944 Dei
1235 2908 1327 2945 Ver-

346 2964 433 3000 bum
461 2962 636 3012 obsequiis
664 2962 853 3007 d‹·mcruit;
875 2976 951 3010 qum
986 2961 1167 3010 inquinata
1197 2961 1275 3005 fuit,
1295 2968 1328 2996 et

348 3024 517 3067 purgata3
545 3029 620 3063 qua-
643 3014 801 3059 sitiebat,
824 3027 999 3062 aquasque
1025 3013 1127 3050 vivas
1151 3012 1328 3049 desidera-

348 3068 420 3113 bat,
439 3076 469 3104 et
490 3066 683 3103 caelestium
708 3066 920 3102 fluentorum
946 3065 1094 3113 gratiam
1116 3072 1328 3114 consequuta

349 3129 413 3157 est.
427 3119 524 3165 Quid
539 3119 630 3155 enim
646 3118 693 3154 ait
713 3119 862 3155 Joannes
880 3117 1109 3164 evangelista,
1125 3117 1183 3166 qui
1200 3125 1329 3167 myste-

351 3173 399 3210 ria
419 3171 610 3209 ineffabilia
628 3169 804 3207 intonuit?
826 3170 934 3204 Venit
952 3170 1065 3205 ,lesus
1079 3171 1119 3204 in
1134 3172 1329 3205 civitalem

350 3226 549 3269 Samariae,
567 3237 651 3275 quoe
671 3223 812 3259 dicitur
826 3221 991 3268 Sychar,
1008 3222 1125 3270 juxta
1142 3221 1330 3270 praedium

352 3278 456 3330 quod
474 3277 578 3314 dedit
604 3276 727 3313 Jacob
754 3273 897 3324 Joseph
918 3272 1004 3324 filio
1030 3286 1111 3310 suo.
1133 3273 1232 3309 Erat
1260 3285 1330 3308 au-

1495 2364 1505 2377 a
1581 2361 1589 2375 Ι
1688 2365 1709 2383 1⁹
1769 2363 1779 2371 π
1903 2360 1911 2373 ι
2109 2359 2118 2373 ι
2253 2374 2261 2379 ᾳ
2292 2358 2301 2370 ι

1476 2377 1524 2405 εις
1544 2363 1643 2400 πολιν
1667 2378 1728 2408 της
1750 2363 1974 2412 λαμαρειας,
1989 2362 2179 2411 λεγομενην
2200 2360 2334 2410 Συχαρ.

1450 2486 1480 2522 Σ
1494 2483 1504 2498 Ι
1693 2489 1706 2496 ν
1894 2482 1903 2496 Χ
1993 2481 2003 2498 Χ
2065 2482 2080 2497 a!
2227 2484 2248 2494 Ν

1482 2499 1611 2535 ημερον
1639 2487 1723 2534 ἧμιν
1742 2485 1759 2521 ὅ
1780 2483 1928 2536 Χριστος
1953 2498 2029 2525 τους
2058 2483 2180 2526 αΟλους
2205 2498 2267 2528 της
2294 2483 2417 2532 Σαμα-

1399 2537 1539 2590 ρείτιδος
1560 2536 1663 2582 <iven-l]
1671 2535 1762 2588 ρυξεν
1775 2551 1783 2559 ·
1803 2536 1862 2573 καὶ
1879 2535 1947 2589 χρὴ
1964 2535 2021 2573 τὸν
2041 2535 2181 2586 πτωχὸν
2196 2534 2295 2586 λόγον
2312 2537 2358 2578 εἰς
2379 2535 2418 2573 τὸ

1395 2590 1546 2641 πέλαγος
1565 2592 1632 2627 τῶν
1656 2591 1760 2634 αὐτῆς
1779 2587 2058 2639 κατορθωμάτων
2083 2588 2301 2625 διαπλεῦσαι.
2321 2587 2419 2638 (Ορῶ

1395 2642 1463 2696 γὰρ
1487 2645 1593 2688 αὐτῆς
1614 2641 1676 2688 τὴν
1699 2641 1828 2685 πίστιν,
1855 2641 1915 2678 καὶ
1933 2641 1990 2679 τὸν
2014 2640 2289 2691 ἐγκωμιαστικὸν
2311 2641 2418 2686 αὐτῆς

1395 2695 1494 2746 λόγον
1511 2695 1652 2738 ἐξειπεῖν
1673 2693 1861 2745 βούλομαι,
1879 2692 1937 2731 καὶ
1957 2694 2031 2743 μεθ’
2047 2695 2143 2740 ὑμῶν
2159 2691 2339 2729 ἐπαινέσαι
2354 2691 2418 2738 τὴν

1396 2747 1540 2799 πτωχὴν
1562 2747 1620 2785 καὶ
1636 2746 1817 2792 πλουσίαν,
1832 2746 1893 2792 τὴν
1910 2744 2038 2796 πόρνην
2054 2745 2113 2781 καὶ
2135 2743 2338 2791 ἀπόστολον,
2354 2744 2417 2790 τὴν

1398 2800 1530 2838 ἄσωτον
1552 2799 1610 2836 καὶ
1625 2798 1766 2845 πιστὴν,
1790 2797 1853 2843 τὴν
1873 2797 2073 2848 πολύγαμον
2088 2796 2146 2834 καὶ
2166 2795 2418 2846 πολυδύναμον,

1397 2853 1459 2900 τὴν
1483 2851 1630 2894 πολλοὺς
1660 2851 1845 2901 μιάνασαν,
1869 2850 1926 2888 καὶ
1954 2851 2010 2888 τὸν
2043 2853 2207 2900 μονογενῆ
2231 2847 2340 2900 Λόγον
2360 2852 2418 2886 τοῦ

1399 2909 1490 2943 (θεοῦ
1511 2903 1785 2955 θεραπεύσασαν,
1804 2902 1866 2948 τὴν
1889 2906 2101 2953 μιανθεῖσαν,
2122 2901 2182 2939 καὶ
2202 2904 2421 2953 καθαρισθεῖ-

1400 2974 1475 3005 σαν,
1498 2957 1560 3003 τὴν
1587 2956 1796 3008 διψήσασαν,
1816 2955 1874 2992 καὶ
1895 2954 2027 2992 ὑδάτων
2049 2953 2185 2998 ζώντων
2205 2954 2421 3005 ἐπιθυμήσα-

1400 3027 1476 3056 σαν,
1492 3010 1549 3048 καὶ
1570 3012 1638 3046 τῶν
1665 3006 1875 3058 ἐπουρανίων
1897 3007 2060 3057 ναμάτων
2084 3006 2145 3052 τὴν
2167 3006 2268 3057 χάριν
2291 3008 2422 3057 κληρο-

1399 3061 1615 3112 νομήσασαν.
1640 3060 1687 3098 Τί
1712 3060 1777 3110 γάρ
1810 3075 1912 3111 φησιν
1934 3062 1950 3096 ὃ
1972 3059 2215 3111 εὐαγγελιστὴς
2238 3058 2418 3103 Ἰωάννης,

1399 3119 1417 3153 ὁ
1444 3115 1488 3152 τὰ
1514 3115 1650 3166 ἄρρητα
1679 3111 1870 3164 βροντήσας
1891 3111 2085 3165 μυστήρια,
2112 3110 2282 3161 ’Ἔρχεται
2310 3114 2327 3148 ὃ
2349 3110 2421 3156 Ἰη-

1401 3172 1477 3210 σοῦς
1500 3168 1549 3209 εἷς
1571 3165 1670 3203 πόλιν
1712 3166 1771 3209 τῆς
1803 3163 2025 3214 Σαμαρείας,
2055 3162 2244 3213 λεγομένην
2276 3161 2422 3214 Συχὰρ,

1400 3218 1621 3271 πλησίονξοῦ
1637 3216 1783 3268 χωρίου,
1803 3216 1820 3253 ὃ
1839 3215 1964 3253 ἔδωκεν
1985 3215 2115 3253 ’lamba‘
2132 3214 2260 3266 Ἰωσὴφ
2278 3217 2327 3266 τῷ
2358 3216 2421 3265 υἱῷ

1401 3272 1515 3309 αὐτοῦ.
1557 3272 1622 3308 Ἠν
1660 3268 1726 3321 γὰρ
1769 3270 1840 3306 ἐκεῖ
1877 3268 1974 3318 πηγὴ
2011 3272 2069 3305 τοῦ
2108 3266 2248 3304 'lamba
2281 3266 2325 3304 ‘0
2364 3261 2422 3304 οὖν

396 3406 410 3421 *
436 3403 563 3438 Collata
590 3415 664 3436 eum
688 3411 828 3446 quatuor
853 3402 960 3445 Regiis
986 3399 1176 3434 codicibus.
1205 3398 1350 3440 [Titulus
1367 3397 1399 3432 iu
1413 3397 1513 3432 Saxil.
1530 3404 1567 3437 εἰς
1581 3403 1632 3438 τὴν
1649 3399 1860 3442 Σαμαρειτὶδα·
1880 3401 1929 3431 καὶ
1948 3398 2140 3442 ἑρμηνεύεται
2157 3393 2314 3435 Μεσσίας]
