2481 3678
342 199 427 244 270
788 198 826 229 S.
865 198 1046 230 JOANMS
1082 198 1331 229 eleSOST.

335 278 382 316 ita
409 278 655 316 desiderabilis
687 288 753 327 est,
779 278 866 330 quid
889 279 1012 318 (1011111
1032 279 1190 327 dixeris,
1221 278 1312 316 unde

334 339 473 391 aufugit
499 340 612 378 omnis
639 339 761 387 dolor,
787 353 934 389 moeror,
959 339 1127 391 gemitus,
1162 339 1223 377 ubi
1250 353 1313 376 nec

334 401 457 439 mortis
468 401 590 451 timor,
608 415 669 439 nec
682 401 777 438 ullus
795 401 970 439 bonorum
986 400 1067 438 sinis
1080 399 1312 438 metuendus?

334 463 446 512 Beati,
464 473 514 501 ter
529 463 726 515 saepiusque
743 462 853 512 beati,
869 463 929 512 qui
945 462 1005 498 illa
1018 462 1187 500 fruuntur
1205 471 1310 512 sorte,

332 533 370 561 ut
399 524 516 561 miseri
550 533 669 574 terque
689 532 723 560 et
745 522 874 574 saepius
899 521 1035 570 miseri,
1065 523 1125 573 qui
1154 522 1215 560 illa
1241 536 1314 560 sese

330 584 473 635 privant
489 583 719 622 beatitudine.
737 581 895 633 Ecquid,
919 582 1073 632 inquies,
1092 583 1189 619 illum
1211 582 1314 620 nobis

330 645 442 682 vitam
467 645 643 695 acquirit?
667 643 760 681 Audi
779 644 896 696 ipsum
911 642 1069 695 judicem
1100 643 1313 681 adolescenti

330 705 483 757 cuipiam
513 705 580 743 hac
598 705 699 743 dere
726 706 938 756 loquentem.
972 704 1053 756 Ipso
1081 717 1234 754 namque
1257 717 1313 742 ro-

130 774 241 819 11101111.
268 781 314 812 ¹9·
330 776 447 818 gante,
471 768 574 818 Quid
579 767 771 820 faciendo
793 769 920 803 vitam
941 773 1125 803 (eternam
1136 765 1311 816 posside-

132 816 178 841 ω’
331 830 402 865 bo?
421 828 554 866 caetcris
569 827 760 879 praemissis
775 826 936 864 Christus
954 825 1152 878 praeceptis,
1170 825 1203 862 111
1218 839 1312 862 amo-

328 903 403 927 rem
424 889 579 941 proximi
607 882 723 928 desiit.
744 890 787 925 At
817 888 961 925 fortasse
988 886 1190 924 auditorum
1214 885 1312 936 quis-

326 950 438 1002 piam,
456 960 495 988 ut
513 951 613 989 dives
628 950 707 1000 ille,
721 948 873 997 dixerit,
890 948 974 985 Haee
987 962 1049 986 nos
1069 947 1310 994 servavhnus5

327 1025 395 1049 non
426 1012 532 1050 furati
556 1026 700 1061 sumus,
725 1024 795 1048 non
819 1009 1033 1058 occidimus,
1056 1022 1125 1046 non
1146 1006 1309 1045 moechati

326 1088 458 1111 sumus.
481 1076 619 1113 Verum
644 1073 710 1110 hoc
729 1072 845 1109 dicere
873 1084 942 1108 non
967 1070 1112 1121 poteris,
1134 1079 1167 1106 te
1188 1068 1308 1120 proxi-

325 1150 424 1173 mum
445 1145 482 1173 ut
496 1135 679 1187 oportebat
697 1133 878 1170 dilexisse.
895 1133 987 1168 Nam
1003 1131 1059 1169 vel
1074 1129 1217 1168 invidus
1239 1130 1308 1165 fui-

323 1197 382 1243 sti,
403 1197 461 1235 vel
480 1195 667 1233 maledicta
694 1193 892 1246 protulisti,
920 1191 976 1229 vel
999 1191 1081 1228 laeso
1111 1204 1213 1241 opem
1240 1203 1309 1226 non

323 1257 435 1295 tulisti
448 1287 458 1306 ,
477 1257 534 1295 vel
549 1256 593 1294 de
607 1255 710 1293 honis
736 1267 805 1292 non
820 1252 970 1304 largitus
989 1266 1042 1301 es,
1059 1265 1120 1289 nec
1136 1250 1307 1302 dilexisti.

323 1322 459 1360 Verum
491 1333 561 1357 non
588 1319 656 1357 hoc
687 1317 804 1356 solum
838 1315 945 1368 jussit
972 1314 1153 1364 Christus,
1183 1313 1244 1351 sed
1277 1323 1309 1351 et

123 1383 233 1413 Malllt·
261 1392 306 1423 ¹9·
321 1381 431 1419 atiud.
453 1380 551 1428 Quid
571 1379 690 1418 illud?
713 1379 843 1418 Vende
863 1379 995 1414 omnia
1015 1389 1100 1428 quoe
1120 1376 1252 1421 habes,
1273 1383 1308 1412 et

123 1436 138 1455 ²
149 1436 171 1455 ¹¹
321 1444 373 1481 da
386 1444 631 1495 pauperibus,
648 1449 683 1478 et
697 1443 802 1487 veni,
821 1451 975 1490 Sequere
995 1450 1066 1474 me.
1084 1435 1188 1486 Sequi
1205 1435 1307 1473 Chri-

320 1513 436 1554 stum,
457 1504 590 1542 imitari
611 1502 793 1541 Christum
815 1501 875 1538 hic
902 1498 1091 1550 significat.
1112 1496 1210 1543 Quid
1225 1497 1308 1534 hinc

1373 199 1577 230 AncnllzP.
1615 200 1979 232 CONSTANTINOP.

1388 287 1541 318 σικακεῖν
1571 280 1680 332 λέγω,
1697 282 1811 320 πάντα
1844 282 1973 327 ἔξεστιν
1992 284 2157 335 ἀφανίσαι
2184 285 2226 322 τὰ
2245 288 2408 338 πλημμε-

1388 340 1546 386 ληθέντα.
1572 341 1619 379 Τί
1637 341 1748 380 τοίνυν
1779 343 1870 381 κατὰ
1899 349 2024 382 σαυτοῦ
2043 345 2082 382 τὸ
2102 344 2195 396 ξίφος
2223 346 2339 395 ὠθεῖς,
2364 351 2410 391 ὡς

1388 403 1419 438 οἱ
1451 401 1652 453 μαινόμενοι
1672 403 1731 441 καὶ
1759 404 2014 455 παραπαίοντες
2027 436 2037 451 ,
2057 405 2116 443 καὶ
2137 409 2198 453 τῆς
2220 407 2411 457 μελλούσης

1388 463 1529 500 σεαυτὸν
1547 463 1726 507 ἐκὸάλλεις
1751 467 1859 513 ζωῆς,
1886 465 1960 504 δέον
1978 466 2094 505 πάντα
2123 467 2302 519 πράττειν,
2320 467 2410 506 ὥστε

1389 524 1494 568 αὐτῆς
1515 526 1707 576 ἐπιτυχεῖν,
1732 527 1777 563 Εἰ
1794 526 1859 577 γὰρ
1879 529 1900 572 ἡ
1916 531 2074 579 παροῦσα
2091 527 2180 566 οὕτω
2196 528 2357 576 ποθεινὴ,
2376 528 2410 566 τί

1389 583 1428 620 ἂν
1445 584 1535 622 εἴποι
1551 601 1603 629 τις
1621 586 1701 638 περὶ
1717 586 1848 634 ἐκείνης
1859 617 1868 634 ,
1884 587 1964 625 ἔνθα
1980 588 2113 640 ἀπέδρα
2123 587 2226 635 ὀδύνη
2243 588 2302 625 καὶ
2315 588 2409 636 λύπη

1387 644 1446 681 καὶ
1467 646 1674 697 στεναγμός,
1702 646 1800 684 Ἐκεῖ
1827 648 1939 685 δεῖσαι
1958 648 2102 686 θάνατον
2122 651 2184 686 οὐκ
2209 648 2314 696 ἔστιν,
2334 649 2411 687 οὐδὲ

1386 704 1493 757 πέρας
1516 707 1654 744 ἐκείνων
1668 709 1882 746 ὑποπτεῦσαι
1900 711 1968 746 τῶν
1989 711 2138 760 ἀγαθῶν.
2158 709 2337 762 Μακάριοι
2353 709 2412 747 καὶ

1386 767 1633 821 τρισμακάριοι
1647 768 1706 806 καὶ
1720 768 1886 812 πολλάκις
1894 772 2014 817 τοῦτο,
2027 772 2058 807 οἱ
2066 771 2127 813 τῆς
2138 769 2311 820 μακαρίας
2327 768 2413 807 ἐκεί-

1386 842 1446 872 νης
1467 828 1695 873 ἀπολαύοντες
1712 829 1842 876 λήξεως
1853 845 1860 853 ·
1875 829 1993 882 ὥσπερ
2015 823 2072 868 οῧν
2093 830 2206 868 ἄθλιοι
2221 829 2279 867 καὶ
2294 830 2413 882 τρισά-

1387 889 1474 926 θλιοι
1490 889 1549 926 καὶ
1570 890 1731 943 μυριάκις
1749 894 1867 939 τοῦτο,
1882 894 1913 929 οἱ
1927 894 1989 937 τῆς
2007 890 2263 943 μακαριότητος
2281 890 2412 936 ἐκείνης

1387 950 1526 994 ἑαυτοὺς
1542 952 1780 996 ἐκὸάλλοντες.
1795 952 1864 990 Καὶ
1881 952 1914 990 τί
1925 952 2010 990 ποτέ
2029 954 2114 999 ἐστι,
2132 952 2228 1004 φησὶ,
2241 951 2280 990 τὸ
2293 956 2410 990 ποιοῦν

1386 1012 1478 1060 ἡμᾶς
1493 1014 1690 1063 ἀπολαῦσαι
1704 1015 1767 1059 τῆς
1783 1016 1873 1059 ζωῆς
1887 1013 2036 1060 ἐκείνης,
2050 1012 2214 1051 Ἄκουσον
2233 1013 2336 1051 αὐτοῦ
2351 1015 2411 1050 τοῦ

1385 1071 1590 1120 δικάζοντος,
1607 1074 1776 1126 νεανίσκῳ
1797 1074 1864 1111 τινὶ
1888 1073 2133 1125 διαλεγομένου
2164 1073 2245 1124 περὶ
2268 1072 2410 1110 τούτων.

1385 1130 1530 1178 Ἐπειδὴ
1541 1131 1607 1183 γὰρ
1617 1133 1796 1185 ἠρώτησεν
1807 1135 1946 1181 ἐκεῖνος,
1956 1133 2003 1172 Τί
2011 1133 2158 1180 ποιήσας
2171 1133 2261 1180 ζωὴν
2273 1132 2409 1171 αἰώνιον

1383 1192 1636 1242 κληρονομήσω
1644 1209 1653 1240 ;
1662 1193 1766 1231 εἰπὼν
1778 1197 1795 1231 ὃ
1805 1194 1954 1246 Χριστὸς
1966 1196 2059 1245 αὐτῷ
2069 1193 2131 1237 τὰς
2141 1193 2248 1236 ἄλλας
2258 1192 2410 1241 ἐντολὰς,

1383 1252 1568 1299 κατέληξεν
1587 1256 1633 1297 εἷς
1647 1253 1709 1301 τὴν
1728 1257 1787 1292 τοῦ
1801 1253 1950 1301 πλησίον
1970 1254 2123 1305 ἀγάπην.
2143 1253 2213 1291 Καὶ
2232 1253 2325 1304 τάχα
2341 1256 2409 1306 ἐρεῖ

1382 1328 1434 1356 τις
1452 1316 1520 1350 τῶν
1549 1315 1757 1362 ἀκουόντων,
1785 1313 1876 1352 κατὰ
1907 1314 1967 1352 τὸν
1989 1312 2152 1352 πλούσιον
2185 1315 2328 1362 ἐκεῖνον,
2357 1313 2409 1351 ὅτι

1384 1374 1442 1412 καὶ
1459 1378 1559 1425 ἡμεῖς
1591 1380 1701 1414 ταῦτα
1728 1375 1970 1428 ἐφυλαξάμεθα
1984 1391 1991 1399 ·
2011 1375 2088 1414 οὐδὲ
2115 1374 2182 1427 γὰρ
2202 1375 2410 1427 ἐκλέψαμεν,

1385 1434 1446 1470 οὐκ
1465 1433 1709 1485 ἐφονεύσαμεν,
1736 1436 1797 1472 οὐκ
1829 1434 2096 1486 ἐμοιχεύσαμεν.
2127 1434 2214 1472 Ἀλλ’
2237 1436 2274 1473 οὐ
2299 1434 2408 1481 δήπου

1384 1494 1442 1531 καὶ
1463 1498 1562 1532 τοῦτο
1593 1497 1700 1533 εἰπεῖν
1721 1495 1850 1547 δυνήσῃ
1865 1525 1874 1543 ,
1897 1494 1950 1533 ὅτι
1967 1496 2152 1546 ἠγάπησας
2172 1495 2229 1533 τὸν
2248 1495 2410 1543 πλησίον,

319 1565 517 1603 discimus?
538 1565 672 1612 Primo,
689 1577 770 1601 eum
795 1561 856 1613 qui
872 1561 949 1598 haec
967 1558 1085 1597 omnia
1104 1571 1173 1595 non
1187 1557 1308 1606 habet,
1323 1593 1369 1617 235
1383 1557 1429 1597 ὡς
1448 1557 1630 1606 ἀγαπῆσαι
1649 1556 1729 1594 ἔδει.
1749 1553 1799 1593 *H
1812 1556 1878 1607 γὰρ
1893 1555 2065 1602 ἐδάσκηνέ
2081 1572 2150 1604 τις,
2167 1556 2188 1602 ἢ
2204 1555 2219 1576 ¹³
2235 1557 2408 1608 ἐκακηγό-

321 1636 450 1665 sortem
469 1627 568 1664 illam
584 1640 653 1664 non
670 1639 772 1679 posse
786 1622 1005 1674 cumprimis
1021 1619 1196 1671 consequi.
1216 1620 1308 1657 Cum
1334 1629 1358 1659 Λ

320 1688 470 1727 dixisset
501 1689 595 1727 enim
624 1689 707 1736 ille,
734 1686 862 1724 Omnia
895 1684 976 1733 feci,
1005 1697 1045 1720 ac
1076 1682 1104 1720 si
1134 1694 1307 1733 maguum

174 1757 306 1784 Eleemo-
322 1751 509 1803 quidpiam
533 1750 667 1789 deesset
699 1749 744 1787 ad
777 1746 1038 1800 perfectionem,
1060 1744 1108 1782 ait
1139 1760 1146 1780 ε
1179 1744 1217 1781 Si
1244 1746 1306 1780 vis

119 1807 308 1868 {ssffidnfffi'f'
319 1814 512 1866 perfectus
539 1826 632 1859 esse,
662 1811 788 1849 vende
803 1810 934 1846 omnia
950 1821 1034 1859 (choe
1051 1807 1183 1851 habes,
1203 1813 1238 1841 et
1254 1805 1305 1841 da

317 1877 561 1926 pauperibus,
593 1882 629 1911 et
659 1875 765 1917 veni,
800 1883 956 1921 sequere
983 1882 1055 1905 me.
1085 1866 1162 1904 Hoc
1189 1866 1306 1916 itaque

318 1936 434 1988 primo
449 1934 658 1973 discendum
674 1942 744 1980 est;
760 1930 912 1969 secundo
925 1959 934 1978 ,
950 1927 1047 1979 quod
1059 1927 1162 1964 illum
1175 1926 1305 1963 frustra

318 1997 557 2037 venditantem
577 2011 612 2034 se
631 1993 840 2045 coarguerit.
862 1991 935 2039 Qui
961 1990 1054 2028 enim
1075 1989 1110 2026 in
1131 1997 1226 2026 tanta
1247 2001 1304 2025 co-

318 2060 377 2112 pia
407 2074 526 2097 rerum
555 2067 642 2106 erat,
673 2066 706 2094 et
737 2067 908 2107 pauperes
938 2050 1201 2098 contemnebat,
1233 2062 1304 2099 quo

320 2130 420 2173 pacto
448 2119 653 2172 proximum
683 2115 875 2154 dilexerit?
894 2114 973 2151 Non
994 2126 1077 2151 vera
1097 2124 1180 2161 ergo
1200 2110 1302 2147 dicc—

318 2184 390 2220 bat.
416 2184 459 2219 At
485 2195 547 2218 nos
573 2189 606 2217 et
631 2179 699 2217 hoe
724 2187 757 2214 ct
782 2175 873 2213 illud
891 2174 1063 2212 faciamus
1079 2202 1088 2220 ,
1117 2171 1304 2221 omniaque

320 2252 438 2281 nostra
466 2242 655 2292 diligenter
681 2234 1100 2276 011111111011111511103010111
1123 2245 1303 2284 compare—

321 2317 411 2341 mus.
429 2304 520 2340 Nam
536 2302 564 2339 si
579 2299 724 2351 quidam
737 2311 802 2349 pro
822 2294 979 2334 saeculari
995 2293 1168 2344 dignitate
1187 2292 1303 2330 omnia

321 2379 381 2402 sua
405 2363 551 2412 effudit5
569 2361 759 2412 dignitate,
779 2358 943 2407 inquam,
960 2368 1068 2405 quam
1089 2353 1126 2390 in
1147 2352 1213 2390 liae
1233 2352 1305 2391 vita

322 2426 451 2473 solum,
482 2436 592 2473 neque
628 2421 799 2459 diuturno
828 2427 982 2468 tempore
1011 2414 1160 2451 retinere
1192 2422 1306 2465 potest

323 2487 449 2533 (multi
481 2498 633 2535 namque
647 2482 709 2520 diu
725 2490 913 2530 antequam
938 2484 1157 2515 morerentur
1183 2475 1305 2527 praefe-

323 2559 460 2587 cturam
500 2548 669 2595 amisere,
703 2545 764 2582 alii
793 2557 876 2582 vcro
906 2555 970 2594 pro
1001 2540 1063 2578 illa
1095 2538 1169 2578 vita
1199 2537 1305 2576 etiam

323 2608 483 2647 mulctati
499 2616 599 2656 sunt;
615 2616 767 2644 attamen
781 2605 861 2642 licet
878 2603 946 2641 hoc
965 2601 1095 2649 sciant,
1111 2598 1228 2638 omnia
1241 2612 1305 2650 pro

326 2672 385 2709 illa
413 2670 651 2722 profundunt)
674 2685 680 2705 :
702 2670 730 2707 si
755 2669 864 2720 igitur
882 2680 946 2718 pro
962 2663 1169 2717 hujusmodi
1188 2662 1304 2713 digni-

326 2742 395 2770 tate
414 2741 463 2770 tot
479 2740 641 2781 tantaque
660 2730 794 2767 faciunt
815 2745 822 2766 :
841 2727 930 2779 quid
950 2724 1186 2764 miserabilius
1203 2722 1305 2760 nohis

326 2793 451 2841 suerit,
479 2792 539 2843 qui
566 2806 630 2844 pro
665 2792 727 2828 illa
756 2804 891 2842 semper
919 2795 1095 2837 manente,
1124 2799 1200 2836 quae
1228 2784 1305 2822 tolli

326 2870 519 2907 numquam
532 2864 658 2907 potest,
681 2866 723 2890 ne
740 2865 852 2902 pauca
871 2848 1014 2901 quidem
1042 2845 1303 2899 profundimus,

326 2931 438 2968 neque
458 2931 496 2954 ea
517 2928 701 2966 erogamus
730 2926 807 2962 quae
833 2911 940 2963 paulo
965 2918 1042 2961 post
1064 2907 1122 2945 hic
1141 2906 1305 2944 amissuri

327 2978 478 3017 sumus?
496 2976 587 3025 Quis
601 2976 698 3013 furor
712 2974 772 3011 ille
783 3003 793 3021 ,
809 2986 886 3023 quae
902 2970 1023 3009 invitis
1037 2968 1249 3021 eripientur,
1265 2982 1304 3006 ea

328 3041 421 3079 nolle
433 3047 555 3092 sponte
570 3037 654 3074 dare
671 3044 703 3072 et
719 3034 901 3072 nobiseum
918 3031 1075 3069 auferre?
1093 3031 1131 3069 Si
1145 3030 1224 3081 quis
1240 3044 1303 3068 nos

327 3102 374 3141 ad
387 3110 534 3139 mortem
546 3099 705 3144 duceret,
718 3095 845 3133 deinde
858 3103 1080 3146 proponeret,
1094 3107 1180 3131 num
1193 3092 1304 3131 vitam

278 3173 281 3175 ’
328 3164 430 3202 lionis
455 3161 619 3201 omnibus
648 3157 822 3196 redimere
850 3155 1034 3201 vellemus,
1062 3155 1193 3206 gratias
1217 3162 1309 3191 certe

369 3291 385 3314 b
410 3288 470 3320 Alii
484 3292 709 3331 ἐκακηγὸρησεν.
729 3287 752 3315 εἰ
772 3288 816 3324 μὴ
834 3287 940 3322 ἤμυνεν
957 3282 1147 3322 ἀδικουμένῳ,
1166 3286 1189 3313 εἰ
1204 3286 1247 3322 μὴ
1264 3294 1314 3321 με·

322 3345 428 3375 τέῦωκε
445 3349 502 3375 τῶν
516 3342 624 3376 ὄντων,
641 3339 689 3370 οὐκ
706 3339 850 3376 ἠγάπησε,

366 3405 377 3417 ⁷·
401 3392 500 3425 Suvil.
515 3392 560 3433 {et
577 3387 684 3422 Codd.
702 3384 819 3429 nostri]
832 3390 882 3419 τοῦ
898 3387 1058 3427 μέλλοντος
1073 3387 1198 3417 ἐνταῦθα
1216 3388 1323 3423 μένειν,

1385 1616 1534 1667 ρησεν,ἢ
1551 1619 1611 1654 οὐκ
1639 1616 1767 1667 ἤμυνεν
1792 1616 2008 1670 ἀδικουμένῳ
2020 1648 2029 1665 ,
2045 1616 2067 1663 ἢ
2086 1618 2123 1654 οὐ
2143 1617 2316 1668 μετέδωκε
2337 1622 2404 1656 τῶν

1382 1677 1500 1725 ὄντων,
1519 1679 1589 1715 οὐδ’
1601 1678 1777 1729 ἠγάπησε.
1794 1679 1866 1716 Νῦν
1887 1678 1922 1717 δὲ
1945 1680 1982 1715 οὐ
2001 1683 2101 1716 τοῦτο
2122 1677 2223 1728 μόνον
2242 1678 2405 1722 ἐπέταξεν

1381 1742 1398 1776 ὃ
1419 1739 1584 1790 Χριστὸς,
1605 1738 1695 1777 ἀλλὰ
1715 1739 1773 1777 καὶ
1793 1739 1919 1791 ἕτερον.
1939 1741 2045 1777 Ποῖον
2062 1737 2103 1785 δὴ
2131 1744 2249 1787 τοῦτο,
2268 1738 2404 1786 Πώλη-

1382 1799 1439 1837 σόν
1457 1815 1515 1838 σου
1537 1799 1580 1838 τὰ
1599 1800 1821 1853 ὑπάρχοντα,
1839 1799 1944 1851 φησὶ,
1977 1799 2037 1837 καὶ
2064 1800 2119 1842 δὸς
2146 1807 2316 1852 πτωχοῖς,
2346 1799 2405 1838 καὶ

1382 1861 1479 1912 δεῦρο
1495 1861 1675 1900 ἀκολούθει
1694 1877 1770 1912 μοι·
1787 1861 1848 1908 τὴν
1868 1860 1925 1899 διὰ
1949 1864 2018 1899 τῶν
2035 1860 2143 1914 ἔργων
2172 1861 2318 1912 μίμησιν
2350 1861 2407 1900 λέ-

1380 1936 1450 1972 γων
1478 1923 1719 1969 ἀκολούθησιν.
1753 1922 1800 1961 Τί
1829 1922 1941 1961 τοίνυν
1973 1924 2123 1960 ἐντεῦθεν
2159 1923 2405 1973 μανθάνομεν;

1381 1986 1527 2036 Πρῶτον
1553 1984 1628 2034 μὲν,
1649 1983 1701 2022 ὅτι
1715 1984 1772 2022 τὸν
1794 1984 1842 2035 μὴ
1867 1984 1983 2022 πάντα
2002 1984 2127 2036 ἔχοντα
2145 1989 2256 2023 ταῦτα
2275 1987 2337 2023 οὐκ
2356 1985 2406 2022 ἔνι

1380 2047 1447 2082 τῶν
1465 2045 1644 2097 πρωτείων
1664 2048 1841 2097 ἐπιτυχεῖν
1857 2048 1925 2083 τῶν
1946 2047 1979 2082 ἐν
1998 2049 2040 2097 τῇ
2056 2045 2152 2092 λήξει
2165 2045 2292 2096 ἐκείνῃ.
2304 2045 2406 2083 Μετὰ

1378 2106 1446 2158 γὰρ
1467 2107 1506 2144 τὸ
1526 2109 1633 2145 εἰπεῖν
1655 2106 1777 2154 αὐτὸν,
1804 2106 1856 2144 ὅτι
1888 2106 2003 2144 πάντα
2036 2106 2205 2154 ἐποίησα,
2226 2108 2272 2148 ὡς
2293 2121 2405 2144 κατα-

1378 2167 1605 2217 λελειμμένου
1631 2167 1782 2218 μεγάλου
1802 2167 1892 2210 τινὸς
1924 2169 1972 2210 εἷς
2003 2166 2137 2205 τελείαν
2167 2165 2404 2216 εὐδοκίμησιν,

1379 2226 1490 2278 λέγει·
1521 2229 1565 2265 Εἰ
1585 2226 1691 2269 θέλεις
1709 2225 1837 2269 τέλειος
1853 2220 1952 2274 εἶναι,
1967 2226 2131 2273 πώλησόν
2148 2243 2206 2266 σου
2226 2226 2270 2265 τὰ
2294 2226 2404 2279 ὑπάρ-

1379 2304 1508 2341 χοντα,
1541 2288 1598 2326 καὶ
1620 2288 1674 2330 δὸς
1703 2293 1874 2339 πτωχοῖς,
1903 2287 1963 2325 καὶ
1996 2288 2094 2340 δεῦρο
2122 2287 2302 2326 ἀκολούθει
2331 2304 2401 2339 μοι.

1382 2351 1526 2402 Πρῶτον
1547 2348 1607 2399 μὲν
1626 2343 1682 2386 οῧν
1711 2348 1810 2386 τοῦτό
1835 2350 1909 2386 ἐστι
1929 2351 2068 2398 μαθεῖν·
2098 2349 2254 2400 δεύτερον
2276 2349 2329 2396 δὲ,
2349 2349 2401 2386 ὅτι

1381 2411 1440 2448 καὶ
1456 2411 1555 2448 αὐτὸν
1571 2413 1698 2448 ἐκεῖνον
1721 2408 1897 2460 διήλεγξεν
1918 2411 1993 2460 εἰκῇ
2011 2410 2247 2459 κομπάζοντα.
2270 2408 2315 2447 ‘O
2333 2410 2401 2461 γὰρ

1381 2474 1416 2510 ἐν
1434 2471 1613 2524 περιουσίᾳ
1628 2471 1778 2521 τοσαύτῃ
1804 2473 1882 2519 ζῶν,
1899 2470 1959 2508 καὶ
1977 2469 2053 2513 τοὺς
2082 2470 2206 2513 ἄλλους
2230 2474 2400 2523 περιορῶν

1380 2536 1412 2572 ἐν
1435 2532 1556 2585 πενίᾳ,
1575 2534 1649 2575 πῶς
1668 2532 1708 2570 ἂν
1736 2532 1793 2570 τὸν
1812 2530 1960 2578 πλησίον
1980 2530 2182 2581 ἠγάπησεν,
2208 2534 2261 2570 Οὐ
2288 2532 2400 2570 τοίνυν

1379 2594 1454 2633 οὐδὲ
1475 2596 1584 2632 ἐκεῖνο
1621 2594 1758 2640 ἀληθῶς
1794 2586 1899 2631 εἶπεν.
1929 2592 2020 2630 Ἀλλ’
2040 2596 2141 2643 ἡμεῖς
2171 2594 2310 2632 κάκεῖνο
2341 2593 2400 2631 καὶ

1378 2659 1488 2693 ταῦτα
1506 2657 1673 2705 ποιῶμεν,
1692 2654 1750 2691 καὶ
1786 2653 2031 2704 σπουδάζωμεν
2055 2653 2099 2692 τὰ
2127 2654 2210 2692 ὄντα
2228 2657 2400 2701 κενῶσαι,

1379 2716 1508 2755 καὶτὸν
1523 2716 1664 2770 οὐρανὸν
1681 2716 1859 2768 πρίασθαι.
1880 2717 1925 2753 Εἰ
1943 2714 2010 2766 γὰρ
2025 2714 2113 2766 ὑπὲρ
2133 2714 2328 2765 ἀξιώματός
2349 2730 2401 2757 τις

1382 2782 1543 2833 βιωτικοῧ
1572 2777 1655 2824 ὅλην
1677 2777 1845 2819 πολλάκις
1869 2776 1931 2822 τὴν
1959 2776 2077 2814 οὐσίαν
2096 2776 2279 2822 ἐπέδωκεν,
2297 2776 2399 2820 ἀξιώ-

1381 2858 1486 2894 ματος
1500 2846 1583 2880 ειτοῦ
1604 2839 1785 2890 μέλλοντος
1806 2840 1951 2876 ἐνταῦθα
1971 2835 2097 2886 με’νειν,
2119 2835 2193 2874 οὐδὲ
2210 2835 2317 2874 πολὺν
2333 2852 2398 2874 πα-

1381 2904 1584 2956 ραμένοντος
1603 2901 1725 2954 χρόνον
1748 2898 1889 2949 (πολλοὶ
1911 2897 1978 2949 γὰρ
2005 2897 2064 2934 καὶ
2085 2897 2152 2949 πρὸ
2177 2898 2307 2935 πολλοῦ
2336 2901 2397 2945 τῆς

1378 2966 1538 3010 τελευτῆς
1553 2964 1682 3010 ταύτην
1695 2960 1909 2999 ἀπεδύσαντο
1923 2957 1986 3004 τὴν
2002 2957 2129 3010 ἀρχὴν,
2148 2958 2258 3012 ἕτεροι
2281 2958 2315 2997 δὲ
2339 2957 2397 2996 διὰ

1377 3027 1506 3074 ταύτην
1529 3023 1769 3075 ἐζημιώθησαν
1790 3021 1847 3058 καὶ
1874 3019 1937 3066 τὴν
1967 3019 2055 3066 ζωὴν
2074 3018 2181 3066 αὐτὴν
2208 3019 2395 3062 πολλάκις·

1377 3091 1452 3128 ἀλλ’
1469 3086 1562 3138 ὅμως
1591 3085 1648 3123 καὶ
1675 3087 1782 3120 ταῦτα
1812 3081 1955 3127 εἰδότες,
1983 3079 2096 3118 πάντα
2125 3083 2279 3117 κενοῧσιν
2309 3079 2395 3130 ὑπὲρ

1379 3148 1527 3198 αὐτῆς)·
1565 3149 1593 3184 εἰ
1625 3145 1738 3183 τοίνυν
1761 3141 1847 3193 ὑπὲρ
1874 3140 2000 3186 ταύτης
2033 3144 2183 3179 τοσαῦτα
2219 3143 2394 3186 ποιοῦσιν,

1390 3282 1438 3311 καὶ
1457 3279 1521 3310 οὐδὲ
1539 3278 1665 3309 ἐνταῦθα
1687 3273 1787 3307 πολὺν.
1806 3268 1920 3301 Morel.
1944 3273 1995 3303 τοῦ
2018 3275 2062 3312 μὴ
2087 3272 2247 3312 μέλλοντος
2267 3273 2393 3302 ἐνταῦθα

1388 3335 1496 3371 μέν-τιν,
1514 3329 1577 3361 οὐδὲ
1594 3334 1634 3369 τῷ
1656 3326 1824 3366 κεκτημένῳ
1842 3323 1943 3356 πολύν.
