<?xml version="1.0" encoding="UTF-8"?>
<!DOCTYPE html PUBLIC "-//W3C//DTD XHTML 1.0 Transitional//EN"
    "http://www.w3.org/TR/xhtml1/DTD/xhtml1-transitional.dtd">
<html xmlns="http://www.w3.org/1999/xhtml" xml:lang="en" lang="en">
 <head>
  <title>
</title>
<meta http-equiv="Content-Type" content="text/html;charset=utf-8" />
  <meta name='ocr-system' content='tesseract 3.04.00' />
  <meta name='ocr-capabilities' content='ocr_page ocr_carea ocr_par ocr_line ocrx_word'/>
</head>
<body>
  <div class='ocr_page' id='page_1' title='image "./operaomniaquaeex08johnuoft/operaomniaquaeex08johnuoft_0075.png"; bbox 0 0 2481 3678; ppageno 0'>
   <div class='ocr_carea' id='block_1_1' title="bbox 775 218 2201 289">
    <p class='ocr_par' dir='ltr' id='par_1_1' title="bbox 775 218 2201 289">
     <span class='ocr_line' id='line_1_1' title="bbox 775 218 2201 289; baseline 0.004 -26"><span class='ocrx_word' id='word_1_1' title='bbox 775 234 821 263; x_wconf 85' lang='lat' dir='ltr'>IN</span> <span class='ocrx_word' id='word_1_2' title='bbox 855 233 1067 263; x_wconf 74' lang='lat' dir='ltr'><strong>JOANNEM</strong></span> <span class='ocrx_word' id='word_1_3' title='bbox 1103 233 1263 263; x_wconf 61' lang='grc'>11011111.</span> <span class='ocrx_word' id='word_1_4' title='bbox 1304 234 1363 263; x_wconf 72' lang='lat' dir='ltr'>vr.</span> <span class='ocrx_word' id='word_1_5' title='bbox 1402 218 1462 264; x_wconf 86' lang='lat' dir='ltr'>al.</span> <span class='ocrx_word' id='word_1_6' title='bbox 1507 235 1549 264; x_wconf 92' lang='lat' dir='ltr'>v.</span> <span class='ocrx_word' id='word_1_7' title='bbox 2140 230 2201 289; x_wconf 57' lang='lat'>45)</span> 
     </span>
    </p>
   </div>
   <div class='ocr_carea' id='block_1_2' title="bbox 116 311 1148 3127">
    <p class='ocr_par' dir='ltr' id='par_1_2' title="bbox 116 311 1148 3127">
     <span class='ocr_line' id='line_1_2' title="bbox 126 311 1146 369; baseline -0.001 -16"><span class='ocrx_word' id='word_1_8' title='bbox 126 315 303 354; x_wconf 80' lang='grc' dir='ltr'>Ἰουδαίων</span> <span class='ocrx_word' id='word_1_9' title='bbox 337 314 587 368; x_wconf 84' lang='grc' dir='ltr'>βαπτιζόμενον</span> <span class='ocrx_word' id='word_1_10' title='bbox 621 316 678 353; x_wconf 82' lang='grc' dir='ltr'>ὑπ’</span> <span class='ocrx_word' id='word_1_11' title='bbox 705 317 828 356; x_wconf 79' lang='grc' dir='ltr'>αὐτοῦ·</span> <span class='ocrx_word' id='word_1_12' title='bbox 860 311 914 369; x_wconf 62' lang='grc' dir='ltr'>ἆρ’</span> <span class='ocrx_word' id='word_1_13' title='bbox 949 316 987 354; x_wconf 79' lang='grc' dir='ltr'>οὗ</span> <span class='ocrx_word' id='word_1_14' title='bbox 1016 317 1146 365; x_wconf 85' lang='grc' dir='ltr'>μᾶλλον</span> 
     </span>
     <span class='ocr_line' id='line_1_3' title="bbox 126 375 1148 430; baseline -0.001 -16"><span class='ocrx_word' id='word_1_15' title='bbox 126 376 279 428; x_wconf 83' lang='grc' dir='ltr'>ἐκστήσῃ</span> <span class='ocrx_word' id='word_1_16' title='bbox 299 376 358 414; x_wconf 86' lang='grc' dir='ltr'>καὶ</span> <span class='ocrx_word' id='word_1_17' title='bbox 386 375 627 427; x_wconf 76' lang='grc' dir='ltr'>διαπορήσεις;</span> <span class='ocrx_word' id='word_1_18' title='bbox 645 376 734 414; x_wconf 82' lang='grc' dir='ltr'>Ἀλλ’</span> <span class='ocrx_word' id='word_1_19' title='bbox 756 379 793 415; x_wconf 83' lang='grc' dir='ltr'>οὐ</span> <span class='ocrx_word' id='word_1_20' title='bbox 817 376 886 430; x_wconf 76' lang='grc' dir='ltr'>χρὴ</span> <span class='ocrx_word' id='word_1_21' title='bbox 916 377 1148 429; x_wconf 76' lang='grc' dir='ltr'>ταράττεσθαι</span> 
     </span>
     <span class='ocr_line' id='line_1_4' title="bbox 127 436 1146 489; baseline 0 -15"><span class='ocrx_word' id='word_1_22' title='bbox 127 436 202 475; x_wconf 76' lang='grc' dir='ltr'>οὐδὲ</span> <span class='ocrx_word' id='word_1_23' title='bbox 240 436 478 489; x_wconf 67' lang='grc' dir='ltr'>θορυὲεῖσθαι,</span> <span class='ocrx_word' id='word_1_24' title='bbox 512 437 588 473; x_wconf 84' lang='grc' dir='ltr'>ἀλλ’</span> <span class='ocrx_word' id='word_1_25' title='bbox 608 437 881 487; x_wconf 53' lang='lat' dir='ltr'>[en-ttkfftrecffiat</span> <span class='ocrx_word' id='word_1_26' title='bbox 909 437 972 484; x_wconf 87' lang='grc' dir='ltr'>τὴν</span> <span class='ocrx_word' id='word_1_27' title='bbox 1016 437 1146 489; x_wconf 70' lang='grc' dir='ltr'>ἄφατον</span> 
     </span>
     <span class='ocr_line' id='line_1_5' title="bbox 127 496 1147 573; baseline 0.001 -38"><span class='ocrx_word' id='word_1_28' title='bbox 127 497 338 549; x_wconf 83' lang='grc' dir='ltr'>ἀγαθότητα.</span> <span class='ocrx_word' id='word_1_29' title='bbox 376 497 435 535; x_wconf 83' lang='grc' dir='ltr'>Αν</span> <span class='ocrx_word' id='word_1_30' title='bbox 479 496 514 536; x_wconf 77' lang='grc' dir='ltr'>δὲ</span> <span class='ocrx_word' id='word_1_31' title='bbox 548 498 694 573; x_wconf 82' lang='grc' dir='ltr'>ἐπιμένῃ</span> <span class='ocrx_word' id='word_1_32' title='bbox 727 514 779 542; x_wconf 87' lang='grc' dir='ltr'>τις</span> <span class='ocrx_word' id='word_1_33' title='bbox 813 498 864 536; x_wconf 84' lang='grc' dir='ltr'>ἔτι</span> <span class='ocrx_word' id='word_1_34' title='bbox 900 501 1056 549; x_wconf 85' lang='grc' dir='ltr'>ἰλιγγιῶν</span> <span class='ocrx_word' id='word_1_35' title='bbox 1088 499 1147 536; x_wconf 82' lang='grc' dir='ltr'>καὶ</span> 
     </span>
     <span class='ocr_line' id='line_1_6' title="bbox 125 557 1147 611; baseline 0.002 -16"><span class='ocrx_word' id='word_1_36' title='bbox 125 557 387 610; x_wconf 69' lang='grc' dir='ltr'>θορυὸούμενος,</span> <span class='ocrx_word' id='word_1_37' title='bbox 423 560 494 610; x_wconf 85' lang='grc' dir='ltr'>ἐρεῖ</span> <span class='ocrx_word' id='word_1_38' title='bbox 532 575 592 597; x_wconf 87' lang='grc' dir='ltr'>και</span> <span class='ocrx_word' id='word_1_39' title='bbox 623 576 708 611; x_wconf 90' lang='grc' dir='ltr'>προς</span> <span class='ocrx_word' id='word_1_40' title='bbox 740 560 840 598; x_wconf 78' lang='grc' dir='ltr'>αὐτὸν</span> <span class='ocrx_word' id='word_1_41' title='bbox 877 564 996 607; x_wconf 77' lang='grc' dir='ltr'>τοῦτο,</span> <span class='ocrx_word' id='word_1_42' title='bbox 1031 560 1048 598; x_wconf 82' lang='grc' dir='ltr'>ὃ</span> <span class='ocrx_word' id='word_1_43' title='bbox 1087 559 1147 598; x_wconf 85' lang='grc' dir='ltr'>καὶ</span> 
     </span>
     <span class='ocr_line' id='line_1_7' title="bbox 124 617 1147 673; baseline 0.004 -18"><span class='ocrx_word' id='word_1_44' title='bbox 124 618 210 671; x_wconf 83' lang='grc' dir='ltr'>πρὸς</span> <span class='ocrx_word' id='word_1_45' title='bbox 236 617 399 665; x_wconf 82' lang='grc' dir='ltr'>Ἰωάννην</span> <span class='ocrx_word' id='word_1_46' title='bbox 429 623 544 658; x_wconf 78' lang='grc' dir='ltr'>εἶπεν·</span> <span class='ocrx_word' id='word_1_47' title='bbox 577 618 678 672; x_wconf 75' lang='grc' dir='ltr'>Ἄφες</span> <span class='ocrx_word' id='word_1_48' title='bbox 707 621 813 673; x_wconf 84' lang='grc' dir='ltr'>ἄρτι·</span> <span class='ocrx_word' id='word_1_49' title='bbox 847 620 937 659; x_wconf 80' lang='grc' dir='ltr'>οὕτω</span> <span class='ocrx_word' id='word_1_50' title='bbox 967 620 1035 673; x_wconf 85' lang='grc' dir='ltr'>γὰρ</span> <span class='ocrx_word' id='word_1_51' title='bbox 1063 620 1147 673; x_wconf 80' lang='grc' dir='ltr'>πρέ-</span> 
     </span>
     <span class='ocr_line' id='line_1_8' title="bbox 123 680 1146 735; baseline 0.004 -19"><span class='ocrx_word' id='word_1_52' title='bbox 123 695 187 717; x_wconf 87' lang='grc' dir='ltr'>πον</span> <span class='ocrx_word' id='word_1_53' title='bbox 224 680 315 718; x_wconf 84' lang='grc' dir='ltr'>ἐστιν</span> <span class='ocrx_word' id='word_1_54' title='bbox 350 684 434 732; x_wconf 89' lang='grc' dir='ltr'>ημῖν</span> <span class='ocrx_word' id='word_1_55' title='bbox 471 683 657 735; x_wconf 85' lang='grc' dir='ltr'>πληρῶσαι</span> <span class='ocrx_word' id='word_1_56' title='bbox 687 688 802 720; x_wconf 81' lang='grc' dir='ltr'>πᾶσαν</span> <span class='ocrx_word' id='word_1_57' title='bbox 834 681 1067 729; x_wconf 80' lang='grc' dir='ltr'>δικαιοσύνην.</span> <span class='ocrx_word' id='word_1_58' title='bbox 1100 683 1146 720; x_wconf 84' lang='grc' dir='ltr'>Εἰ</span> 
     </span>
     <span class='ocr_line' id='line_1_9' title="bbox 124 739 1146 797; baseline 0.003 -19"><span class='ocrx_word' id='word_1_59' title='bbox 124 739 160 779; x_wconf 76' lang='grc' dir='ltr'>δὲ</span> <span class='ocrx_word' id='word_1_60' title='bbox 197 741 256 779; x_wconf 77' lang='grc' dir='ltr'>καὶ</span> <span class='ocrx_word' id='word_1_61' title='bbox 293 741 350 780; x_wconf 83' lang='grc' dir='ltr'>ἐπὶ</span> <span class='ocrx_word' id='word_1_62' title='bbox 379 744 497 781; x_wconf 89' lang='grc' dir='ltr'>πλεῖον</span> <span class='ocrx_word' id='word_1_63' title='bbox 516 743 757 796; x_wconf 67' lang='grc' dir='ltr'>εταραχθείη,</span> <span class='ocrx_word' id='word_1_64' title='bbox 783 743 888 781; x_wconf 89' lang='grc' dir='ltr'>πάλιν</span> <span class='ocrx_word' id='word_1_65' title='bbox 919 745 988 796; x_wconf 78' lang='grc' dir='ltr'>ἐρεῖ</span> <span class='ocrx_word' id='word_1_66' title='bbox 1020 743 1042 780; x_wconf 86' lang='grc' dir='ltr'>ἃ</span> <span class='ocrx_word' id='word_1_67' title='bbox 1060 744 1146 797; x_wconf 81' lang='grc' dir='ltr'>πρὸς</span> 
     </span>
     <span class='ocr_line' id='line_1_10' title="bbox 123 801 1145 858; baseline 0.003 -19"><span class='ocrx_word' id='word_1_68' title='bbox 123 801 201 845; x_wconf 78' lang='grc' dir='ltr'>τοὺς</span> <span class='ocrx_word' id='word_1_69' title='bbox 214 802 399 847; x_wconf 80' lang='grc' dir='ltr'>Ἰουδαίους</span> <span class='ocrx_word' id='word_1_70' title='bbox 427 803 533 855; x_wconf 78' lang='grc' dir='ltr'>ἔφησε</span> <span class='ocrx_word' id='word_1_71' title='bbox 565 804 625 842; x_wconf 82' lang='grc' dir='ltr'>καὶ</span> <span class='ocrx_word' id='word_1_72' title='bbox 651 804 736 858; x_wconf 76' lang='grc' dir='ltr'>πρὸς</span> <span class='ocrx_word' id='word_1_73' title='bbox 754 804 867 852; x_wconf 79' lang='grc' dir='ltr'>αὐτὸν,</span> <span class='ocrx_word' id='word_1_74' title='bbox 883 804 936 843; x_wconf 74' lang='grc' dir='ltr'>ὅτι</span> <span class='ocrx_word' id='word_1_75' title='bbox 957 804 1062 858; x_wconf 79' lang='grc' dir='ltr'>Παρὰ</span> <span class='ocrx_word' id='word_1_76' title='bbox 1084 807 1145 842; x_wconf 83' lang='grc' dir='ltr'>ἀν-</span> 
     </span>
     <span class='ocr_line' id='line_1_11' title="bbox 124 862 1143 918; baseline 0.004 -18"><span class='ocrx_word' id='word_1_77' title='bbox 124 862 261 916; x_wconf 81' lang='grc' dir='ltr'>θρώπου</span> <span class='ocrx_word' id='word_1_78' title='bbox 293 864 356 910; x_wconf 76' lang='grc' dir='ltr'>τὴν</span> <span class='ocrx_word' id='word_1_79' title='bbox 384 865 578 918; x_wconf 85' lang='grc' dir='ltr'>μαρτυρίαν</span> <span class='ocrx_word' id='word_1_80' title='bbox 616 867 654 904; x_wconf 83' lang='grc' dir='ltr'>οὗ</span> <span class='ocrx_word' id='word_1_81' title='bbox 690 865 874 917; x_wconf 65' lang='grc' dir='ltr'>λαμὸάνω.</span> <span class='ocrx_word' id='word_1_82' title='bbox 892 868 937 904; x_wconf 86' lang='grc' dir='ltr'>Εἰ</span> <span class='ocrx_word' id='word_1_83' title='bbox 960 866 1072 904; x_wconf 90' lang='grc' dir='ltr'>τοίνυν</span> <span class='ocrx_word' id='word_1_84' title='bbox 1096 866 1143 917; x_wconf 82' lang='grc' dir='ltr'>μὴ</span> 
     </span>
     <span class='ocr_line' id='line_1_12' title="bbox 124 924 1143 980; baseline 0.004 -19"><span class='ocrx_word' id='word_1_85' title='bbox 124 924 232 962; x_wconf 82' lang='grc' dir='ltr'>δεῖται</span> <span class='ocrx_word' id='word_1_86' title='bbox 247 928 308 971; x_wconf 75' lang='grc' dir='ltr'>τῆς</span> <span class='ocrx_word' id='word_1_87' title='bbox 330 925 521 980; x_wconf 85' lang='grc' dir='ltr'>μαρτυρίας</span> <span class='ocrx_word' id='word_1_88' title='bbox 544 926 691 974; x_wconf 83' lang='grc' dir='ltr'>ταύτης,</span> <span class='ocrx_word' id='word_1_89' title='bbox 712 926 802 970; x_wconf 89' lang='grc' dir='ltr'>τίνος</span> <span class='ocrx_word' id='word_1_90' title='bbox 829 926 941 965; x_wconf 77' lang='grc' dir='ltr'>ἕνεκεν</span> <span class='ocrx_word' id='word_1_91' title='bbox 963 927 1143 974; x_wconf 81' lang='grc' dir='ltr'>ἀπεστάλη</span> 
     </span>
     <span class='ocr_line' id='line_1_13' title="bbox 120 985 1145 1041; baseline 0.003 -18"><span class='ocrx_word' id='word_1_92' title='bbox 120 985 217 1038; x_wconf 82' lang='grc' dir='ltr'>παρὰ</span> <span class='ocrx_word' id='word_1_93' title='bbox 237 988 328 1025; x_wconf 81' lang='grc' dir='ltr'>Θεοῦ</span> <span class='ocrx_word' id='word_1_94' title='bbox 344 990 361 1025; x_wconf 87' lang='grc' dir='ltr'>ὁ</span> <span class='ocrx_word' id='word_1_95' title='bbox 380 987 566 1036; x_wconf 74' lang='grc' dir='ltr'>Ἰωάννης,</span> <span class='ocrx_word' id='word_1_96' title='bbox 586 990 666 1041; x_wconf 76' lang='grc' dir='ltr'>Οὐχ</span> <span class='ocrx_word' id='word_1_97' title='bbox 685 991 731 1033; x_wconf 85' lang='grc' dir='ltr'>ὡς</span> <span class='ocrx_word' id='word_1_98' title='bbox 750 990 852 1026; x_wconf 73' lang='grc' dir='ltr'>αὐτοῦ</span> <span class='ocrx_word' id='word_1_99' title='bbox 872 987 1032 1038; x_wconf 80' lang='grc' dir='ltr'>δεομένου</span> <span class='ocrx_word' id='word_1_100' title='bbox 1050 1004 1145 1041; x_wconf 84' lang='grc' dir='ltr'>μαρ-</span> 
     </span>
     <span class='ocr_line' id='line_1_14' title="bbox 119 1046 1142 1102; baseline 0.004 -19"><span class='ocrx_word' id='word_1_101' title='bbox 119 1046 238 1099; x_wconf 87' lang='grc' dir='ltr'>τυρίας</span> <span class='ocrx_word' id='word_1_102' title='bbox 260 1048 378 1099; x_wconf 76' lang='grc' dir='ltr'>(τοῦτο</span> <span class='ocrx_word' id='word_1_103' title='bbox 392 1048 460 1102; x_wconf 83' lang='grc' dir='ltr'>γὰρ</span> <span class='ocrx_word' id='word_1_104' title='bbox 486 1051 548 1095; x_wconf 71' lang='grc' dir='ltr'>τῆς</span> <span class='ocrx_word' id='word_1_105' title='bbox 571 1050 722 1102; x_wconf 81' lang='grc' dir='ltr'>ἐσχάτης</span> <span class='ocrx_word' id='word_1_106' title='bbox 753 1048 978 1101; x_wconf 73' lang='grc' dir='ltr'>βλασφημίας</span> <span class='ocrx_word' id='word_1_107' title='bbox 1007 1049 1142 1098; x_wconf 81' lang='grc' dir='ltr'>ἐστίν),</span> 
     </span>
     <span class='ocr_line' id='line_1_15' title="bbox 119 1106 1144 1159; baseline 0.002 -13"><span class='ocrx_word' id='word_1_108' title='bbox 119 1106 135 1127; x_wconf 80' lang='lat'>‘¹</span> <span class='ocrx_word' id='word_1_109' title='bbox 149 1108 238 1146; x_wconf 78' lang='grc' dir='ltr'>ἀλλὰ</span> <span class='ocrx_word' id='word_1_110' title='bbox 260 1109 375 1156; x_wconf 73' lang='grc' dir='ltr'>διατί,</span> <span class='ocrx_word' id='word_1_111' title='bbox 397 1111 506 1153; x_wconf 81' lang='grc' dir='ltr'>Αὐτὸς</span> <span class='ocrx_word' id='word_1_112' title='bbox 525 1113 543 1148; x_wconf 84' lang='grc' dir='ltr'><strong><em>ὃ</em></strong></span> <span class='ocrx_word' id='word_1_113' title='bbox 565 1109 729 1157; x_wconf 83' lang='grc' dir='ltr'>Ἰωάννης</span> <span class='ocrx_word' id='word_1_114' title='bbox 755 1110 910 1148; x_wconf 79' lang='grc' dir='ltr'>διδάσκει</span> <span class='ocrx_word' id='word_1_115' title='bbox 923 1109 1047 1159; x_wconf 82' lang='grc' dir='ltr'>λέγων,</span> <span class='ocrx_word' id='word_1_116' title='bbox 1065 1109 1144 1148; x_wconf 83' lang='grc' dir='ltr'>Ἵνα</span> 
     </span>
     <span class='ocr_line' id='line_1_16' title="bbox 119 1169 1143 1222; baseline 0.002 -15"><span class='ocrx_word' id='word_1_117' title='bbox 119 1169 246 1213; x_wconf 89' lang='grc' dir='ltr'>πάντες</span> <span class='ocrx_word' id='word_1_118' title='bbox 264 1170 476 1209; x_wconf 85' lang='grc' dir='ltr'>πιστεύσωσι</span> <span class='ocrx_word' id='word_1_119' title='bbox 491 1172 534 1209; x_wconf 84' lang='grc' dir='ltr'>δι’</span> <span class='ocrx_word' id='word_1_120' title='bbox 559 1174 674 1210; x_wconf 76' lang='grc' dir='ltr'>αὐτοῦ.</span> <span class='ocrx_word' id='word_1_121' title='bbox 691 1171 760 1210; x_wconf 85' lang='grc' dir='ltr'>Καὶ</span> <span class='ocrx_word' id='word_1_122' title='bbox 780 1171 880 1214; x_wconf 78' lang='grc' dir='ltr'>αὐτὸς</span> <span class='ocrx_word' id='word_1_123' title='bbox 902 1170 937 1209; x_wconf 83' lang='grc' dir='ltr'>δὲ</span> <span class='ocrx_word' id='word_1_124' title='bbox 957 1174 974 1208; x_wconf 85' lang='grc' dir='ltr'>ὅ</span> <span class='ocrx_word' id='word_1_125' title='bbox 993 1172 1143 1222; x_wconf 86' lang='grc' dir='ltr'>Χριστὸς</span> 
     </span>
     <span class='ocr_line' id='line_1_17' title="bbox 119 1231 1143 1287; baseline 0.002 -19"><span class='ocrx_word' id='word_1_126' title='bbox 119 1231 237 1280; x_wconf 81' lang='grc' dir='ltr'>εἰπὼν,</span> <span class='ocrx_word' id='word_1_127' title='bbox 254 1231 307 1270; x_wconf 75' lang='grc' dir='ltr'>ὅτι</span> <span class='ocrx_word' id='word_1_128' title='bbox 336 1232 443 1286; x_wconf 80' lang='grc' dir='ltr'>Παρὰ</span> <span class='ocrx_word' id='word_1_129' title='bbox 476 1233 657 1286; x_wconf 84' lang='grc' dir='ltr'>ἀνθρώπου</span> <span class='ocrx_word' id='word_1_130' title='bbox 679 1233 740 1280; x_wconf 85' lang='grc' dir='ltr'>τὴν</span> <span class='ocrx_word' id='word_1_131' title='bbox 769 1232 1022 1287; x_wconf 69' lang='grc' dir='ltr'>μαρτυρίανοῦ</span> <span class='ocrx_word' id='word_1_132' title='bbox 1047 1235 1143 1283; x_wconf 89' lang='grc' dir='ltr'>λαμ-</span> 
     </span>
     <span class='ocr_line' id='line_1_18' title="bbox 119 1293 1142 1347; baseline 0.002 -17"><span class='ocrx_word' id='word_1_133' title='bbox 119 1293 239 1341; x_wconf 62' lang='lat' dir='ltr'>Calvo),</span> <span class='ocrx_word' id='word_1_134' title='bbox 257 1293 314 1331; x_wconf 82' lang='grc' dir='ltr'>ἵνα</span> <span class='ocrx_word' id='word_1_135' title='bbox 337 1293 386 1344; x_wconf 75' lang='grc' dir='ltr'>μὴ</span> <span class='ocrx_word' id='word_1_136' title='bbox 405 1294 482 1346; x_wconf 80' lang='grc' dir='ltr'>δόξῃ</span> <span class='ocrx_word' id='word_1_137' title='bbox 506 1294 604 1347; x_wconf 74' lang='grc' dir='ltr'>παρὰ</span> <span class='ocrx_word' id='word_1_138' title='bbox 621 1300 692 1338; x_wconf 86' lang='grc' dir='ltr'>τοῖς</span> <span class='ocrx_word' id='word_1_139' title='bbox 713 1294 870 1341; x_wconf 81' lang='grc' dir='ltr'>ἀνοήτοις</span> <span class='ocrx_word' id='word_1_140' title='bbox 898 1296 1011 1346; x_wconf 80' lang='grc' dir='ltr'>ἑαυτῷ</span> <span class='ocrx_word' id='word_1_141' title='bbox 1037 1310 1142 1346; x_wconf 87' lang='grc' dir='ltr'>περι-</span> 
     </span>
     <span class='ocr_line' id='line_1_19' title="bbox 117 1353 1142 1408; baseline 0.003 -18"><span class='ocrx_word' id='word_1_142' title='bbox 117 1353 256 1392; x_wconf 77' lang='grc' dir='ltr'>πίπτειν</span> <span class='ocrx_word' id='word_1_143' title='bbox 270 1370 277 1377; x_wconf 94' lang='grc'>·</span> <span class='ocrx_word' id='word_1_144' title='bbox 292 1359 349 1393; x_wconf 79' lang='grc' dir='ltr'>ν’ῦν</span> <span class='ocrx_word' id='word_1_145' title='bbox 367 1355 428 1404; x_wconf 81' lang='grc' dir='ltr'>μὲν</span> <span class='ocrx_word' id='word_1_146' title='bbox 443 1355 570 1407; x_wconf 83' lang='grc' dir='ltr'>λέγων,</span> <span class='ocrx_word' id='word_1_147' title='bbox 590 1355 710 1399; x_wconf 79' lang='grc' dir='ltr'>Ἄλλος</span> <span class='ocrx_word' id='word_1_148' title='bbox 726 1356 800 1393; x_wconf 78' lang='grc' dir='ltr'>ἐστὶ</span> <span class='ocrx_word' id='word_1_149' title='bbox 819 1358 835 1393; x_wconf 85' lang='grc' dir='ltr'>ὁ</span> <span class='ocrx_word' id='word_1_150' title='bbox 856 1358 1040 1408; x_wconf 80' lang='grc' dir='ltr'>μαρτυρῶν</span> <span class='ocrx_word' id='word_1_151' title='bbox 1062 1355 1142 1408; x_wconf 79' lang='grc' dir='ltr'>περὶ</span> 
     </span>
     <span class='ocr_line' id='line_1_20' title="bbox 118 1410 1142 1469; baseline 0.001 -17"><span class='ocrx_word' id='word_1_152' title='bbox 118 1416 222 1466; x_wconf 75' lang='grc' dir='ltr'>ἐμοῦ·</span> <span class='ocrx_word' id='word_1_153' title='bbox 245 1415 304 1453; x_wconf 78' lang='grc' dir='ltr'>καὶ</span> <span class='ocrx_word' id='word_1_154' title='bbox 324 1410 400 1454; x_wconf 62' lang='grc' dir='ltr'>οἶδα</span> <span class='ocrx_word' id='word_1_155' title='bbox 418 1416 470 1454; x_wconf 75' lang='grc' dir='ltr'>ὅτι</span> <span class='ocrx_word' id='word_1_156' title='bbox 498 1417 628 1464; x_wconf 78' lang='grc' dir='ltr'>ἀληθής</span> <span class='ocrx_word' id='word_1_157' title='bbox 648 1420 739 1455; x_wconf 84' lang='grc' dir='ltr'>ἐστιν</span> <span class='ocrx_word' id='word_1_158' title='bbox 770 1419 792 1463; x_wconf 86' lang='grc' dir='ltr'>ἡ</span> <span class='ocrx_word' id='word_1_159' title='bbox 815 1416 988 1469; x_wconf 89' lang='grc' dir='ltr'>μαρτυρία</span> <span class='ocrx_word' id='word_1_160' title='bbox 1016 1418 1118 1455; x_wconf 74' lang='grc' dir='ltr'>αὐτοῦ</span> <span class='ocrx_word' id='word_1_161' title='bbox 1133 1432 1142 1440; x_wconf 89' lang='grc'>·</span> 
     </span>
     <span class='ocr_line' id='line_1_21' title="bbox 118 1475 1142 1530; baseline 0.002 -17"><span class='ocrx_word' id='word_1_162' title='bbox 118 1477 175 1514; x_wconf 83' lang='grc' dir='ltr'>τὸν</span> <span class='ocrx_word' id='word_1_163' title='bbox 211 1475 278 1528; x_wconf 85' lang='grc' dir='ltr'>γὰρ</span> <span class='ocrx_word' id='word_1_164' title='bbox 300 1476 467 1524; x_wconf 72' lang='grc' dir='ltr'>Ἰωάννην</span> <span class='ocrx_word' id='word_1_165' title='bbox 495 1479 633 1525; x_wconf 76' lang='grc' dir='ltr'>ἐδήλου·</span> <span class='ocrx_word' id='word_1_166' title='bbox 650 1483 708 1516; x_wconf 80' lang='grc' dir='ltr'>νῦν</span> <span class='ocrx_word' id='word_1_167' title='bbox 738 1477 773 1515; x_wconf 79' lang='grc' dir='ltr'>δὲ</span> <span class='ocrx_word' id='word_1_168' title='bbox 799 1478 921 1529; x_wconf 84' lang='grc' dir='ltr'>λέγων,</span> <span class='ocrx_word' id='word_1_169' title='bbox 947 1477 1054 1530; x_wconf 83' lang='grc' dir='ltr'>Παρὰ</span> <span class='ocrx_word' id='word_1_170' title='bbox 1078 1480 1142 1515; x_wconf 86' lang='grc' dir='ltr'>ἀν-</span> 
     </span>
     <span class='ocr_line' id='line_1_22' title="bbox 118 1536 1141 1591; baseline 0.001 -17"><span class='ocrx_word' id='word_1_171' title='bbox 118 1536 255 1588; x_wconf 85' lang='grc' dir='ltr'>θρώπου</span> <span class='ocrx_word' id='word_1_172' title='bbox 282 1537 345 1583; x_wconf 79' lang='grc' dir='ltr'>τὴν</span> <span class='ocrx_word' id='word_1_173' title='bbox 377 1539 568 1591; x_wconf 86' lang='grc' dir='ltr'>μαρτυρίαν</span> <span class='ocrx_word' id='word_1_174' title='bbox 604 1540 642 1577; x_wconf 82' lang='grc' dir='ltr'>οὐ</span> <span class='ocrx_word' id='word_1_175' title='bbox 676 1538 870 1589; x_wconf 63' lang='grc' dir='ltr'>λαμὸάνω,</span> <span class='ocrx_word' id='word_1_176' title='bbox 891 1537 1046 1589; x_wconf 80' lang='grc' dir='ltr'>ἐπήγαγε</span> <span class='ocrx_word' id='word_1_177' title='bbox 1078 1538 1141 1585; x_wconf 73' lang='grc' dir='ltr'>τὴν</span> 
     </span>
     <span class='ocr_line' id='line_1_23' title="bbox 116 1597 1142 1651; baseline 0 -15"><span class='ocrx_word' id='word_1_178' title='bbox 116 1597 212 1636; x_wconf 90' lang='grc' dir='ltr'>λύσιν</span> <span class='ocrx_word' id='word_1_179' title='bbox 232 1599 385 1651; x_wconf 77' lang='grc' dir='ltr'>ταχέως,</span> <span class='ocrx_word' id='word_1_180' title='bbox 406 1598 509 1637; x_wconf 84' lang='grc' dir='ltr'>εἰπών</span> <span class='ocrx_word' id='word_1_181' title='bbox 524 1615 532 1622; x_wconf 88' lang='grc'>·</span> <span class='ocrx_word' id='word_1_182' title='bbox 548 1599 654 1638; x_wconf 79' lang='grc' dir='ltr'>Ἀλλὰ</span> <span class='ocrx_word' id='word_1_183' title='bbox 667 1605 777 1638; x_wconf 74' lang='grc' dir='ltr'>ταῦτα</span> <span class='ocrx_word' id='word_1_184' title='bbox 790 1599 881 1650; x_wconf 85' lang='grc' dir='ltr'>λέγω</span> <span class='ocrx_word' id='word_1_185' title='bbox 898 1600 940 1636; x_wconf 83' lang='grc' dir='ltr'>δι’</span> <span class='ocrx_word' id='word_1_186' title='bbox 958 1601 1048 1650; x_wconf 76' lang='grc' dir='ltr'>ὑμᾶς</span> <span class='ocrx_word' id='word_1_187' title='bbox 1059 1630 1069 1646; x_wconf 90' lang='grc'>,</span> <span class='ocrx_word' id='word_1_188' title='bbox 1084 1599 1142 1637; x_wconf 78' lang='grc' dir='ltr'>ἵνα</span> 
     </span>
     <span class='ocr_line' id='line_1_24' title="bbox 118 1659 1141 1713; baseline 0.001 -16"><span class='ocrx_word' id='word_1_189' title='bbox 118 1663 269 1706; x_wconf 71' lang='grc' dir='ltr'>σωθῆτε·</span> <span class='ocrx_word' id='word_1_190' title='bbox 285 1661 412 1699; x_wconf 83' lang='grc' dir='ltr'>ὡσανεὶ</span> <span class='ocrx_word' id='word_1_191' title='bbox 437 1660 568 1713; x_wconf 78' lang='grc' dir='ltr'>ἔλεγεν·</span> <span class='ocrx_word' id='word_1_192' title='bbox 597 1660 649 1698; x_wconf 81' lang='grc' dir='ltr'>ὅτι</span> <span class='ocrx_word' id='word_1_193' title='bbox 665 1660 726 1712; x_wconf 80' lang='grc' dir='ltr'>μὲν</span> <span class='ocrx_word' id='word_1_194' title='bbox 749 1659 838 1704; x_wconf 85' lang='grc' dir='ltr'>Θεός</span> <span class='ocrx_word' id='word_1_195' title='bbox 853 1662 925 1711; x_wconf 87' lang='grc' dir='ltr'>εἰμι</span> <span class='ocrx_word' id='word_1_196' title='bbox 937 1690 947 1708; x_wconf 86' lang='grc'>,</span> <span class='ocrx_word' id='word_1_197' title='bbox 973 1660 1033 1698; x_wconf 83' lang='grc' dir='ltr'>καὶ</span> <span class='ocrx_word' id='word_1_198' title='bbox 1049 1662 1141 1698; x_wconf 77' lang='grc' dir='ltr'>Θεοῦ</span> 
     </span>
     <span class='ocr_line' id='line_1_25' title="bbox 116 1721 1140 1775; baseline -0.001 -14"><span class='ocrx_word' id='word_1_199' title='bbox 116 1723 253 1775; x_wconf 75' lang='grc' dir='ltr'>γνήσιος</span> <span class='ocrx_word' id='word_1_200' title='bbox 286 1724 382 1771; x_wconf 79' lang='grc' dir='ltr'>Υἱὸς,</span> <span class='ocrx_word' id='word_1_201' title='bbox 403 1722 462 1761; x_wconf 77' lang='grc' dir='ltr'>καὶ</span> <span class='ocrx_word' id='word_1_202' title='bbox 481 1727 545 1770; x_wconf 69' lang='grc' dir='ltr'>τῆς</span> <span class='ocrx_word' id='word_1_203' title='bbox 573 1722 692 1766; x_wconf 74' lang='grc' dir='ltr'>οὐσίας</span> <span class='ocrx_word' id='word_1_204' title='bbox 723 1722 855 1769; x_wconf 78' lang='grc' dir='ltr'>ἐκείνης</span> <span class='ocrx_word' id='word_1_205' title='bbox 882 1725 944 1768; x_wconf 79' lang='grc' dir='ltr'>τῆς</span> <span class='ocrx_word' id='word_1_206' title='bbox 964 1721 1140 1775; x_wconf 85' lang='grc' dir='ltr'>ἀκηράτου</span> 
     </span>
     <span class='ocr_line' id='line_1_26' title="bbox 117 1783 1141 1838; baseline -0.002 -16"><span class='ocrx_word' id='word_1_207' title='bbox 117 1784 177 1823; x_wconf 78' lang='grc' dir='ltr'>καὶ</span> <span class='ocrx_word' id='word_1_208' title='bbox 210 1784 402 1838; x_wconf 82' lang='grc' dir='ltr'>μακαρίας,</span> <span class='ocrx_word' id='word_1_209' title='bbox 422 1786 440 1805; x_wconf 86' lang='lat'><strong>*</strong></span> <span class='ocrx_word' id='word_1_210' title='bbox 459 1784 519 1823; x_wconf 78' lang='grc' dir='ltr'>καὶ</span> <span class='ocrx_word' id='word_1_211' title='bbox 546 1785 680 1828; x_wconf 82' lang='grc' dir='ltr'>οὐδενὸς</span> <span class='ocrx_word' id='word_1_212' title='bbox 715 1784 837 1834; x_wconf 83' lang='grc' dir='ltr'>δέομαι</span> <span class='ocrx_word' id='word_1_213' title='bbox 869 1787 929 1822; x_wconf 77' lang='grc' dir='ltr'>τοῦ</span> <span class='ocrx_word' id='word_1_214' title='bbox 962 1783 1141 1836; x_wconf 82' lang='grc' dir='ltr'>μαρτυρή-</span> 
     </span>
     <span class='ocr_line' id='line_1_27' title="bbox 117 1843 1140 1899; baseline -0.002 -15"><span class='ocrx_word' id='word_1_215' title='bbox 117 1862 245 1890; x_wconf 87' lang='grc' dir='ltr'>σοντος.</span> <span class='ocrx_word' id='word_1_216' title='bbox 265 1846 339 1884; x_wconf 78' lang='grc' dir='ltr'>Κᾶν</span> <span class='ocrx_word' id='word_1_217' title='bbox 362 1846 429 1899; x_wconf 85' lang='grc' dir='ltr'>γὰρ</span> <span class='ocrx_word' id='word_1_218' title='bbox 450 1845 570 1896; x_wconf 79' lang='grc' dir='ltr'>μηδεὶς</span> <span class='ocrx_word' id='word_1_219' title='bbox 585 1845 684 1897; x_wconf 83' lang='grc' dir='ltr'>ἐθέλῃ</span> <span class='ocrx_word' id='word_1_220' title='bbox 701 1849 800 1884; x_wconf 74' lang='grc' dir='ltr'>τοῦτο</span> <span class='ocrx_word' id='word_1_221' title='bbox 821 1851 944 1892; x_wconf 83' lang='grc' dir='ltr'>ποιεῖν,</span> <span class='ocrx_word' id='word_1_222' title='bbox 961 1843 1056 1883; x_wconf 73' lang='grc' dir='ltr'>οὐδὲν</span> <span class='ocrx_word' id='word_1_223' title='bbox 1073 1843 1140 1896; x_wconf 82' lang='grc' dir='ltr'>ἐγὼ</span> 
     </span>
     <span class='ocr_line' id='line_1_28' title="bbox 116 1906 1142 1961; baseline -0.003 -14"><span class='ocrx_word' id='word_1_224' title='bbox 116 1908 214 1961; x_wconf 75' lang='grc' dir='ltr'>παρὰ</span> <span class='ocrx_word' id='word_1_225' title='bbox 226 1912 327 1947; x_wconf 75' lang='grc' dir='ltr'>τοῦτο</span> <span class='ocrx_word' id='word_1_226' title='bbox 342 1911 388 1952; x_wconf 85' lang='grc' dir='ltr'>εἷς</span> <span class='ocrx_word' id='word_1_227' title='bbox 401 1908 464 1954; x_wconf 81' lang='grc' dir='ltr'>τὴν</span> <span class='ocrx_word' id='word_1_228' title='bbox 482 1907 580 1960; x_wconf 71' lang='grc' dir='ltr'>φύσιν</span> <span class='ocrx_word' id='word_1_229' title='bbox 600 1906 809 1958; x_wconf 80' lang='grc' dir='ltr'>ἠλάττωμαι</span> <span class='ocrx_word' id='word_1_230' title='bbox 827 1906 890 1954; x_wconf 82' lang='grc' dir='ltr'>τὴν</span> <span class='ocrx_word' id='word_1_231' title='bbox 910 1906 1009 1957; x_wconf 78' lang='grc' dir='ltr'>ἐμήν.</span> <span class='ocrx_word' id='word_1_232' title='bbox 1024 1907 1142 1944; x_wconf 84' lang='grc' dir='ltr'>Ἐπει-</span> 
     </span>
     <span class='ocr_line' id='line_1_29' title="bbox 117 1967 1140 2021; baseline -0.001 -15"><span class='ocrx_word' id='word_1_233' title='bbox 117 1968 157 2016; x_wconf 77' lang='grc' dir='ltr'>δὴ</span> <span class='ocrx_word' id='word_1_234' title='bbox 175 1968 208 2008; x_wconf 75' lang='grc' dir='ltr'>δὲ</span> <span class='ocrx_word' id='word_1_235' title='bbox 229 1973 291 2017; x_wconf 73' lang='grc' dir='ltr'>τῆς</span> <span class='ocrx_word' id='word_1_236' title='bbox 306 1969 479 2021; x_wconf 88' lang='grc' dir='ltr'>σωτηρίας</span> <span class='ocrx_word' id='word_1_237' title='bbox 493 1985 551 2021; x_wconf 86' lang='grc' dir='ltr'>μοι</span> <span class='ocrx_word' id='word_1_238' title='bbox 573 1969 669 2020; x_wconf 88' lang='grc' dir='ltr'>μέλει</span> <span class='ocrx_word' id='word_1_239' title='bbox 687 1972 749 2015; x_wconf 74' lang='grc' dir='ltr'>τῆς</span> <span class='ocrx_word' id='word_1_240' title='bbox 765 1971 833 2006; x_wconf 81' lang='grc' dir='ltr'>τῶν</span> <span class='ocrx_word' id='word_1_241' title='bbox 849 1969 1001 2016; x_wconf 81' lang='grc' dir='ltr'>πολλῶν,</span> <span class='ocrx_word' id='word_1_242' title='bbox 1020 1967 1140 2006; x_wconf 87' lang='grc' dir='ltr'>τούτου</span> 
     </span>
     <span class='ocr_line' id='line_1_30' title="bbox 117 2029 1142 2084; baseline 0 -16"><span class='ocrx_word' id='word_1_243' title='bbox 117 2031 220 2084; x_wconf 75' lang='grc' dir='ltr'>χάριν</span> <span class='ocrx_word' id='word_1_244' title='bbox 251 2033 298 2074; x_wconf 82' lang='grc' dir='ltr'>εἰς</span> <span class='ocrx_word' id='word_1_245' title='bbox 323 2036 423 2069; x_wconf 77' lang='grc' dir='ltr'>τοῦτο</span> <span class='ocrx_word' id='word_1_246' title='bbox 449 2030 600 2078; x_wconf 64' lang='grc' dir='ltr'>κατέδην</span> <span class='ocrx_word' id='word_1_247' title='bbox 627 2029 891 2077; x_wconf 84' lang='grc' dir='ltr'>ταπεινότητος,</span> <span class='ocrx_word' id='word_1_248' title='bbox 922 2031 969 2073; x_wconf 85' lang='grc' dir='ltr'>ὡς</span> <span class='ocrx_word' id='word_1_249' title='bbox 996 2029 1056 2068; x_wconf 78' lang='grc' dir='ltr'>καὶ</span> <span class='ocrx_word' id='word_1_250' title='bbox 1080 2031 1142 2068; x_wconf 84' lang='grc' dir='ltr'>ἀν-</span> 
     </span>
     <span class='ocr_line' id='line_1_31' title="bbox 118 2090 1142 2145; baseline -0.001 -15"><span class='ocrx_word' id='word_1_251' title='bbox 118 2091 246 2145; x_wconf 80' lang='grc' dir='ltr'>θρώπῳ</span> <span class='ocrx_word' id='word_1_252' title='bbox 282 2091 345 2139; x_wconf 78' lang='grc' dir='ltr'>τὴν</span> <span class='ocrx_word' id='word_1_253' title='bbox 387 2092 579 2145; x_wconf 86' lang='grc' dir='ltr'>μαρτυρίαν</span> <span class='ocrx_word' id='word_1_254' title='bbox 613 2091 797 2145; x_wconf 79' lang='grc' dir='ltr'>ἐπιτρέψαι</span> <span class='ocrx_word' id='word_1_255' title='bbox 835 2090 899 2137; x_wconf 84' lang='grc' dir='ltr'>τὴν</span> <span class='ocrx_word' id='word_1_256' title='bbox 933 2091 1032 2142; x_wconf 79' lang='grc' dir='ltr'>ἐμήν.</span> <span class='ocrx_word' id='word_1_257' title='bbox 1073 2090 1142 2129; x_wconf 83' lang='grc' dir='ltr'>Διὰ</span> 
     </span>
     <span class='ocr_line' id='line_1_32' title="bbox 116 2151 1142 2208; baseline -0.001 -17"><span class='ocrx_word' id='word_1_258' title='bbox 116 2153 185 2208; x_wconf 83' lang='grc' dir='ltr'>γὰρ</span> <span class='ocrx_word' id='word_1_259' title='bbox 210 2154 250 2192; x_wconf 83' lang='grc' dir='ltr'>τὸ</span> <span class='ocrx_word' id='word_1_260' title='bbox 281 2154 500 2206; x_wconf 75' lang='grc' dir='ltr'>χαμαίζηλον</span> <span class='ocrx_word' id='word_1_261' title='bbox 521 2170 581 2192; x_wconf 90' lang='grc' dir='ltr'>και</span> <span class='ocrx_word' id='word_1_262' title='bbox 609 2152 747 2197; x_wconf 75' lang='grc' dir='ltr'>ἀσθενὲς</span> <span class='ocrx_word' id='word_1_263' title='bbox 777 2169 845 2191; x_wconf 87' lang='grc' dir='ltr'>των</span> <span class='ocrx_word' id='word_1_264' title='bbox 868 2151 1058 2200; x_wconf 86' lang='grc' dir='ltr'>Ιουοαίων,</span> <span class='ocrx_word' id='word_1_265' title='bbox 1085 2169 1142 2191; x_wconf 91' lang='grc' dir='ltr'>ου-</span> 
     </span>
     <span class='ocr_line' id='line_1_33' title="bbox 116 2213 1139 2267; baseline -0.002 -14"><span class='ocrx_word' id='word_1_266' title='bbox 116 2231 184 2259; x_wconf 86' lang='grc' dir='ltr'>τως</span> <span class='ocrx_word' id='word_1_267' title='bbox 210 2215 446 2267; x_wconf 80' lang='grc' dir='ltr'>εὖληπτοτέρα</span> <span class='ocrx_word' id='word_1_268' title='bbox 478 2217 592 2259; x_wconf 87' lang='grc' dir='ltr'>αυτοῖς</span> <span class='ocrx_word' id='word_1_269' title='bbox 624 2231 684 2253; x_wconf 89' lang='grc' dir='ltr'>και</span> <span class='ocrx_word' id='word_1_270' title='bbox 719 2214 933 2267; x_wconf 82' lang='grc' dir='ltr'>εὐκολωτέρα</span> <span class='ocrx_word' id='word_1_271' title='bbox 955 2213 1095 2265; x_wconf 84' lang='grc' dir='ltr'>ἔμελλεν</span> <span class='ocrx_word' id='word_1_272' title='bbox 1117 2218 1139 2262; x_wconf 81' lang='grc' dir='ltr'>ἡ</span> 
     </span>
     <span class='ocr_line' id='line_1_34' title="bbox 117 2274 1140 2328; baseline 0 -15"><span class='ocrx_word' id='word_1_273' title='bbox 117 2279 164 2320; x_wconf 83' lang='grc' dir='ltr'>εἰς</span> <span class='ocrx_word' id='word_1_274' title='bbox 193 2276 294 2314; x_wconf 73' lang='grc' dir='ltr'>αὐτὸν</span> <span class='ocrx_word' id='word_1_275' title='bbox 328 2275 484 2326; x_wconf 83' lang='grc' dir='ltr'>γίνεσθαι</span> <span class='ocrx_word' id='word_1_276' title='bbox 509 2275 638 2319; x_wconf 87' lang='grc' dir='ltr'>πίστις.</span> <span class='ocrx_word' id='word_1_277' title='bbox 653 2274 797 2328; x_wconf 78' lang='grc' dir='ltr'>εὨσπερ</span> <span class='ocrx_word' id='word_1_278' title='bbox 823 2277 880 2313; x_wconf 82' lang='grc' dir='ltr'>οὖν</span> <span class='ocrx_word' id='word_1_279' title='bbox 904 2274 1018 2325; x_wconf 86' lang='grc' dir='ltr'>σάρκα</span> <span class='ocrx_word' id='word_1_280' title='bbox 1039 2290 1140 2328; x_wconf 86' lang='grc' dir='ltr'>περι-</span> 
     </span>
     <span class='ocr_line' id='line_1_35' title="bbox 117 2336 1141 2390; baseline -0.004 -12"><span class='ocrx_word' id='word_1_281' title='bbox 117 2339 280 2387; x_wconf 65' lang='grc' dir='ltr'>εὸάλετο,</span> <span class='ocrx_word' id='word_1_282' title='bbox 301 2340 356 2378; x_wconf 87' lang='grc' dir='ltr'>ἵνα</span> <span class='ocrx_word' id='word_1_283' title='bbox 378 2338 425 2390; x_wconf 79' lang='grc' dir='ltr'>μὴ</span> <span class='ocrx_word' id='word_1_284' title='bbox 448 2342 560 2390; x_wconf 59' lang='grc' dir='ltr'>γυμνῇ·</span> <span class='ocrx_word' id='word_1_285' title='bbox 575 2355 617 2390; x_wconf 88' lang='grc' dir='ltr'>τῃ</span> <span class='ocrx_word' id='word_1_286' title='bbox 637 2337 772 2385; x_wconf 85' lang='grc' dir='ltr'>θεότητι</span> <span class='ocrx_word' id='word_1_287' title='bbox 791 2336 1014 2390; x_wconf 65' lang='grc' dir='ltr'>προσέαλὼν,</span> <span class='ocrx_word' id='word_1_288' title='bbox 1031 2337 1141 2375; x_wconf 85' lang='grc' dir='ltr'>ἅπαν-</span> 
     </span>
     <span class='ocr_line' id='line_1_36' title="bbox 116 2398 1139 2453; baseline -0.002 -14"><span class='ocrx_word' id='word_1_289' title='bbox 116 2418 178 2445; x_wconf 91' lang='grc' dir='ltr'>τας</span> <span class='ocrx_word' id='word_1_290' title='bbox 193 2402 365 2453; x_wconf 83' lang='grc' dir='ltr'>ἀπολέσῃ·</span> <span class='ocrx_word' id='word_1_291' title='bbox 385 2401 474 2440; x_wconf 78' lang='grc' dir='ltr'>οὕτω</span> <span class='ocrx_word' id='word_1_292' title='bbox 494 2401 554 2439; x_wconf 86' lang='grc' dir='ltr'>καὶ</span> <span class='ocrx_word' id='word_1_293' title='bbox 573 2400 709 2453; x_wconf 81' lang='grc' dir='ltr'>κήρυκα</span> <span class='ocrx_word' id='word_1_294' title='bbox 731 2400 911 2452; x_wconf 80' lang='grc' dir='ltr'>ἄνθρωπον</span> <span class='ocrx_word' id='word_1_295' title='bbox 929 2398 1118 2452; x_wconf 80' lang='grc' dir='ltr'>ἐξέπεμψεν</span> <span class='ocrx_word' id='word_1_296' title='bbox 1130 2430 1139 2447; x_wconf 93' lang='grc'>,</span> 
     </span>
     <span class='ocr_line' id='line_1_37' title="bbox 117 2458 1142 2514; baseline -0.002 -15"><span class='ocrx_word' id='word_1_297' title='bbox 117 2461 173 2499; x_wconf 78' lang='grc' dir='ltr'>ἵνα</span> <span class='ocrx_word' id='word_1_298' title='bbox 195 2465 257 2508; x_wconf 72' lang='grc' dir='ltr'>τῆς</span> <span class='ocrx_word' id='word_1_299' title='bbox 286 2468 466 2514; x_wconf 80' lang='grc' dir='ltr'>συγγενοῦς</span> <span class='ocrx_word' id='word_1_300' title='bbox 496 2461 676 2505; x_wconf 85' lang='grc' dir='ltr'>ἀκούοντες</span> <span class='ocrx_word' id='word_1_301' title='bbox 705 2464 838 2513; x_wconf 76' lang='grc' dir='ltr'>φωνῆς,</span> <span class='ocrx_word' id='word_1_302' title='bbox 859 2458 1088 2512; x_wconf 77' lang='grc' dir='ltr'>εὐκολώτερον</span> <span class='ocrx_word' id='word_1_303' title='bbox 1111 2462 1142 2498; x_wconf 78' lang='grc' dir='ltr'>οἳ</span> 
     </span>
     <span class='ocr_line' id='line_1_38' title="bbox 116 2518 1143 2576; baseline -0.002 -18"><span class='ocrx_word' id='word_1_304' title='bbox 116 2521 195 2560; x_wconf 86' lang='grc' dir='ltr'>τότε</span> <span class='ocrx_word' id='word_1_305' title='bbox 223 2522 402 2566; x_wconf 86' lang='grc' dir='ltr'>ἀκούοντες</span> <span class='ocrx_word' id='word_1_306' title='bbox 420 2522 698 2576; x_wconf 66' lang='grc' dir='ltr'>προσέρχωνται.</span> <span class='ocrx_word' id='word_1_307' title='bbox 712 2521 814 2559; x_wconf 80' lang='grc' dir='ltr'>Ἐπεὶ</span> <span class='ocrx_word' id='word_1_308' title='bbox 832 2521 886 2559; x_wconf 77' lang='grc' dir='ltr'>ὅτι</span> <span class='ocrx_word' id='word_1_309' title='bbox 910 2536 951 2572; x_wconf 89' lang='grc' dir='ltr'>γε</span> <span class='ocrx_word' id='word_1_310' title='bbox 977 2523 1040 2566; x_wconf 78' lang='grc' dir='ltr'>τῆς</span> <span class='ocrx_word' id='word_1_311' title='bbox 1055 2518 1143 2557; x_wconf 84' lang='grc' dir='ltr'>ἐκεί-</span> 
     </span>
     <span class='ocr_line' id='line_1_39' title="bbox 117 2580 1144 2635; baseline -0.003 -16"><span class='ocrx_word' id='word_1_312' title='bbox 117 2598 175 2620; x_wconf 91' lang='grc' dir='ltr'>νου</span> <span class='ocrx_word' id='word_1_313' title='bbox 195 2583 288 2621; x_wconf 76' lang='grc' dir='ltr'>οὖδὲν</span> <span class='ocrx_word' id='word_1_314' title='bbox 312 2586 418 2622; x_wconf 78' lang='grc' dir='ltr'>ἐδεῖτο</span> <span class='ocrx_word' id='word_1_315' title='bbox 438 2583 630 2635; x_wconf 85' lang='grc' dir='ltr'>μαρτυρίας</span> <span class='ocrx_word' id='word_1_316' title='bbox 643 2613 652 2629; x_wconf 94' lang='grc'>,</span> <span class='ocrx_word' id='word_1_317' title='bbox 671 2582 773 2633; x_wconf 79' lang='grc' dir='ltr'>ἤρκει</span> <span class='ocrx_word' id='word_1_318' title='bbox 794 2581 900 2626; x_wconf 82' lang='grc' dir='ltr'>δεῖξαι</span> <span class='ocrx_word' id='word_1_319' title='bbox 933 2580 1034 2631; x_wconf 81' lang='grc' dir='ltr'>μόνον</span> <span class='ocrx_word' id='word_1_320' title='bbox 1063 2582 1144 2617; x_wconf 80' lang='grc' dir='ltr'>ἑαυ-</span> 
     </span>
     <span class='ocr_line' id='line_1_40' title="bbox 118 2640 1144 2696; baseline -0.007 -12"><span class='ocrx_word' id='word_1_321' title='bbox 118 2646 175 2684; x_wconf 76' lang='grc' dir='ltr'>τὸν</span> <span class='ocrx_word' id='word_1_322' title='bbox 197 2644 290 2689; x_wconf 74' lang='grc' dir='ltr'>ὅστις</span> <span class='ocrx_word' id='word_1_323' title='bbox 324 2640 365 2691; x_wconf 64' lang='grc' dir='ltr'>ἦν</span> <span class='ocrx_word' id='word_1_324' title='bbox 399 2647 511 2696; x_wconf 72' lang='grc' dir='ltr'>γυμνῇ</span> <span class='ocrx_word' id='word_1_325' title='bbox 539 2647 581 2694; x_wconf 66' lang='grc' dir='ltr'>τῇ</span> <span class='ocrx_word' id='word_1_326' title='bbox 613 2643 730 2695; x_wconf 73' lang='grc' dir='ltr'>οὐσίᾳ,</span> <span class='ocrx_word' id='word_1_327' title='bbox 759 2641 818 2681; x_wconf 76' lang='grc' dir='ltr'>καὶ</span> <span class='ocrx_word' id='word_1_328' title='bbox 854 2641 1144 2688; x_wconf 75' lang='grc' dir='ltr'>καταπλήξασθαι</span> 
     </span>
     <span class='ocr_line' id='line_1_41' title="bbox 118 2702 1144 2754; baseline -0.007 -9"><span class='ocrx_word' id='word_1_329' title='bbox 118 2707 263 2750; x_wconf 87' lang='grc' dir='ltr'>πάντας.</span> <span class='ocrx_word' id='word_1_330' title='bbox 284 2706 389 2744; x_wconf 77' lang='grc' dir='ltr'>Ἀλλὰ</span> <span class='ocrx_word' id='word_1_331' title='bbox 403 2710 503 2744; x_wconf 75' lang='grc' dir='ltr'>τοῦτο</span> <span class='ocrx_word' id='word_1_332' title='bbox 522 2707 583 2743; x_wconf 76' lang='grc' dir='ltr'>οὐκ</span> <span class='ocrx_word' id='word_1_333' title='bbox 602 2704 764 2751; x_wconf 79' lang='grc' dir='ltr'>ἐποίησε,</span> <span class='ocrx_word' id='word_1_334' title='bbox 793 2704 835 2740; x_wconf 84' lang='grc' dir='ltr'>δι’</span> <span class='ocrx_word' id='word_1_335' title='bbox 860 2702 947 2754; x_wconf 76' lang='grc' dir='ltr'>ὅπερ</span> <span class='ocrx_word' id='word_1_336' title='bbox 973 2702 1076 2753; x_wconf 78' lang='grc' dir='ltr'>ἔφθην</span> <span class='ocrx_word' id='word_1_337' title='bbox 1097 2702 1144 2739; x_wconf 89' lang='grc' dir='ltr'>εἷ-</span> 
     </span>
     <span class='ocr_line' id='line_1_42' title="bbox 118 2761 1145 2819; baseline -0.008 -13"><span class='ocrx_word' id='word_1_338' title='bbox 118 2767 193 2806; x_wconf 85' lang='grc' dir='ltr'>πών</span> <span class='ocrx_word' id='word_1_339' title='bbox 206 2783 214 2790; x_wconf 92' lang='grc'>·</span> <span class='ocrx_word' id='word_1_340' title='bbox 237 2767 370 2809; x_wconf 87' lang='grc' dir='ltr'>πάντας</span> <span class='ocrx_word' id='word_1_341' title='bbox 405 2766 473 2819; x_wconf 82' lang='grc' dir='ltr'>γὰρ</span> <span class='ocrx_word' id='word_1_342' title='bbox 508 2765 547 2803; x_wconf 81' lang='grc' dir='ltr'>ἂν</span> <span class='ocrx_word' id='word_1_343' title='bbox 586 2766 752 2818; x_wconf 68' lang='grc' dir='ltr'>ἠφάνισε,</span> <span class='ocrx_word' id='word_1_344' title='bbox 787 2763 931 2815; x_wconf 75' lang='grc' dir='ltr'>μηδενὸς</span> <span class='ocrx_word' id='word_1_345' title='bbox 957 2761 1145 2812; x_wconf 81' lang='grc' dir='ltr'>δυναμένου</span> 
     </span>
     <span class='ocr_line' id='line_1_43' title="bbox 118 2823 1144 2880; baseline -0.007 -14"><span class='ocrx_word' id='word_1_346' title='bbox 118 2828 181 2875; x_wconf 81' lang='grc' dir='ltr'>τὴν</span> <span class='ocrx_word' id='word_1_347' title='bbox 203 2828 390 2880; x_wconf 83' lang='grc' dir='ltr'>ἀπρόσιτον</span> <span class='ocrx_word' id='word_1_348' title='bbox 408 2826 539 2873; x_wconf 79' lang='grc' dir='ltr'>ἐκείνην</span> <span class='ocrx_word' id='word_1_349' title='bbox 557 2831 616 2865; x_wconf 73' lang='grc' dir='ltr'>τοῦ</span> <span class='ocrx_word' id='word_1_350' title='bbox 636 2827 747 2878; x_wconf 73' lang='grc' dir='ltr'>φωτὸς</span> <span class='ocrx_word' id='word_1_351' title='bbox 771 2823 967 2878; x_wconf 64' lang='grc' dir='ltr'>προσὲολὴν</span> <span class='ocrx_word' id='word_1_352' title='bbox 985 2826 1144 2874; x_wconf 82' lang='grc' dir='ltr'>ἐνεγκεῖν.</span> 
     </span>
     <span class='ocr_line' id='line_1_44' title="bbox 122 2883 1145 2940; baseline -0.006 -14"><span class='ocrx_word' id='word_1_353' title='bbox 122 2888 189 2927; x_wconf 83' lang='grc' dir='ltr'>Διὰ</span> <span class='ocrx_word' id='word_1_354' title='bbox 205 2893 305 2927; x_wconf 73' lang='grc' dir='ltr'>τοῦτο</span> <span class='ocrx_word' id='word_1_355' title='bbox 324 2888 384 2926; x_wconf 86' lang='grc' dir='ltr'>καὶ</span> <span class='ocrx_word' id='word_1_356' title='bbox 410 2887 545 2940; x_wconf 81' lang='grc' dir='ltr'>σάρκα,</span> <span class='ocrx_word' id='word_1_357' title='bbox 568 2887 727 2939; x_wconf 82' lang='grc' dir='ltr'>καθάπερ</span> <span class='ocrx_word' id='word_1_358' title='bbox 746 2885 850 2938; x_wconf 74' lang='grc' dir='ltr'>ἔφθην</span> <span class='ocrx_word' id='word_1_359' title='bbox 876 2884 995 2932; x_wconf 87' lang='grc' dir='ltr'>εἰπὼν,</span> <span class='ocrx_word' id='word_1_360' title='bbox 1019 2883 1145 2930; x_wconf 70' lang='grc' dir='ltr'>ὑπέδυ,</span> 
     </span>
     <span class='ocr_line' id='line_1_45' title="bbox 121 2944 1146 3001; baseline -0.006 -15"><span class='ocrx_word' id='word_1_361' title='bbox 121 2949 179 2986; x_wconf 82' lang='grc' dir='ltr'>καὶ</span> <span class='ocrx_word' id='word_1_362' title='bbox 195 2949 244 2986; x_wconf 80' lang='grc' dir='ltr'>ἑνὶ</span> <span class='ocrx_word' id='word_1_363' title='bbox 263 2952 331 2987; x_wconf 82' lang='grc' dir='ltr'>τῶν</span> <span class='ocrx_word' id='word_1_364' title='bbox 352 2948 531 3001; x_wconf 78' lang='grc' dir='ltr'>ἡμετέρων</span> <span class='ocrx_word' id='word_1_365' title='bbox 548 2946 743 2999; x_wconf 73' lang='grc' dir='ltr'>ὁμοδούλων</span> <span class='ocrx_word' id='word_1_366' title='bbox 769 2945 952 2999; x_wconf 74' lang='grc' dir='ltr'>ἐγχειρίζει</span> <span class='ocrx_word' id='word_1_367' title='bbox 970 2944 1032 2991; x_wconf 82' lang='grc' dir='ltr'>τὴν</span> <span class='ocrx_word' id='word_1_368' title='bbox 1057 2959 1146 2997; x_wconf 89' lang='grc' dir='ltr'>μαρ-</span> 
     </span>
     <span class='ocr_line' id='line_1_46' title="bbox 119 3006 1145 3063; baseline -0.007 -15"><span class='ocrx_word' id='word_1_369' title='bbox 119 3009 253 3063; x_wconf 85' lang='grc' dir='ltr'>τυρίαν,</span> <span class='ocrx_word' id='word_1_370' title='bbox 279 3009 399 3056; x_wconf 80' lang='grc' dir='ltr'>ἐπειδὴ</span> <span class='ocrx_word' id='word_1_371' title='bbox 414 3010 529 3048; x_wconf 86' lang='grc' dir='ltr'>πάντα</span> <span class='ocrx_word' id='word_1_372' title='bbox 553 3009 639 3062; x_wconf 81' lang='grc' dir='ltr'>πρὸς</span> <span class='ocrx_word' id='word_1_373' title='bbox 657 3008 720 3054; x_wconf 81' lang='grc' dir='ltr'>τὴν</span> <span class='ocrx_word' id='word_1_374' title='bbox 740 3011 808 3046; x_wconf 83' lang='grc' dir='ltr'>τῶν</span> <span class='ocrx_word' id='word_1_375' title='bbox 831 3006 1020 3059; x_wconf 79' lang='grc' dir='ltr'>ἀνθρώπων</span> <span class='ocrx_word' id='word_1_376' title='bbox 1041 3008 1145 3057; x_wconf 86' lang='grc' dir='ltr'>ἐπρα-</span> 
     </span>
     <span class='ocr_line' id='line_1_47' title="bbox 120 3068 1145 3127; baseline -0.006 -14"><span class='ocrx_word' id='word_1_377' title='bbox 120 3075 341 3126; x_wconf 85' lang='grc' dir='ltr'>γματεύσατο</span> <span class='ocrx_word' id='word_1_378' title='bbox 367 3075 555 3127; x_wconf 87' lang='grc' dir='ltr'>σωτηρίαν,</span> <span class='ocrx_word' id='word_1_379' title='bbox 578 3077 615 3113; x_wconf 81' lang='grc' dir='ltr'>οὐ</span> <span class='ocrx_word' id='word_1_380' title='bbox 629 3074 713 3127; x_wconf 77' lang='grc' dir='ltr'>πρὸς</span> <span class='ocrx_word' id='word_1_381' title='bbox 739 3073 801 3119; x_wconf 79' lang='grc' dir='ltr'>τὴν</span> <span class='ocrx_word' id='word_1_382' title='bbox 830 3072 927 3116; x_wconf 78' lang='grc' dir='ltr'>ἀξίαν</span> <span class='ocrx_word' id='word_1_383' title='bbox 952 3071 1053 3121; x_wconf 88' lang='grc' dir='ltr'>μόνον</span> <span class='ocrx_word' id='word_1_384' title='bbox 1084 3068 1145 3116; x_wconf 82' lang='grc' dir='ltr'>τὴν</span> 
     </span>
    </p>
   </div>
   <div class='ocr_carea' id='block_1_3' title="bbox 122 3137 1145 3195">
    <p class='ocr_par' dir='ltr' id='par_1_3' title="bbox 122 3137 1145 3195">
     <span class='ocr_line' id='line_1_48' title="bbox 122 3137 1145 3195; baseline -0.005 -16"><span class='ocrx_word' id='word_1_385' title='bbox 122 3145 245 3180; x_wconf 76' lang='grc' dir='ltr'>ἑαυτοῦ</span> <span class='ocrx_word' id='word_1_386' title='bbox 257 3172 267 3190; x_wconf 88' lang='grc'>,</span> <span class='ocrx_word' id='word_1_387' title='bbox 282 3141 372 3180; x_wconf 74' lang='grc' dir='ltr'>ἀλλὰ</span> <span class='ocrx_word' id='word_1_388' title='bbox 391 3141 452 3179; x_wconf 79' lang='grc' dir='ltr'>καὶ</span> <span class='ocrx_word' id='word_1_389' title='bbox 480 3142 566 3195; x_wconf 81' lang='grc' dir='ltr'>πρὸς</span> <span class='ocrx_word' id='word_1_390' title='bbox 590 3141 629 3179; x_wconf 76' lang='grc' dir='ltr'>τὸ</span> <span class='ocrx_word' id='word_1_391' title='bbox 648 3140 902 3193; x_wconf 80' lang='grc' dir='ltr'>εὐπαράδεκτον</span> <span class='ocrx_word' id='word_1_392' title='bbox 934 3138 993 3176; x_wconf 79' lang='grc' dir='ltr'>καὶ</span> <span class='ocrx_word' id='word_1_393' title='bbox 1014 3137 1145 3190; x_wconf 68' lang='grc' dir='ltr'>ὠφέλι-</span> 
     </span>
    </p>
   </div>
   <div class='ocr_carea' id='block_1_4' title="bbox 123 3260 1134 3461">
    <p class='ocr_par' dir='ltr' id='par_1_4' title="bbox 123 3260 1134 3461">
     <span class='ocr_line' id='line_1_49' title="bbox 167 3260 1130 3306; baseline -0.004 -11"><span class='ocrx_word' id='word_1_394' title='bbox 167 3273 180 3288; x_wconf 71' lang='lat' dir='ltr'>c</span> <span class='ocrx_word' id='word_1_395' title='bbox 197 3262 253 3295; x_wconf 88' lang='lat' dir='ltr'>Sic</span> <span class='ocrx_word' id='word_1_396' title='bbox 268 3260 383 3294; x_wconf 85' lang='lat' dir='ltr'>Morel.</span> <span class='ocrx_word' id='word_1_397' title='bbox 399 3261 462 3293; x_wconf 85' lang='lat' dir='ltr'>Alii</span> <span class='ocrx_word' id='word_1_398' title='bbox 487 3268 521 3293; x_wconf 77' lang='lat' dir='ltr'>ct</span> <span class='ocrx_word' id='word_1_399' title='bbox 539 3260 641 3294; x_wconf 79' lang='lat' dir='ltr'>Savil.</span> <span class='ocrx_word' id='word_1_400' title='bbox 670 3265 836 3306; x_wconf 78' lang='grc' dir='ltr'>ταραχθείη</span> <span class='ocrx_word' id='word_1_401' title='bbox 848 3275 908 3300; x_wconf 85' lang='grc' dir='ltr'>τις,</span> <span class='ocrx_word' id='word_1_402' title='bbox 929 3263 1005 3301; x_wconf 67' lang='grc' dir='ltr'>λέγω</span> <span class='ocrx_word' id='word_1_403' title='bbox 1023 3263 1042 3291; x_wconf 70' lang='grc' dir='ltr'><em>ἃ</em></span> <span class='ocrx_word' id='word_1_404' title='bbox 1057 3264 1130 3304; x_wconf 74' lang='grc' dir='ltr'>πρὸς</span> 
     </span>
     <span class='ocr_line' id='line_1_50' title="bbox 123 3310 1131 3361; baseline -0.006 -13"><span class='ocrx_word' id='word_1_405' title='bbox 123 3317 190 3352; x_wconf 76' lang='grc' dir='ltr'>τοὺς</span> <span class='ocrx_word' id='word_1_406' title='bbox 218 3314 362 3351; x_wconf 75' lang='grc' dir='ltr'>Ῐουῦαίους</span> <span class='ocrx_word' id='word_1_407' title='bbox 390 3319 488 3361; x_wconf 52' lang='grc' dir='ltr'>ἔφησε,</span> <span class='ocrx_word' id='word_1_408' title='bbox 507 3318 555 3346; x_wconf 81' lang='grc' dir='ltr'>καὶ</span> <span class='ocrx_word' id='word_1_409' title='bbox 578 3318 652 3358; x_wconf 75' lang='grc' dir='ltr'>πρὸς</span> <span class='ocrx_word' id='word_1_410' title='bbox 675 3317 706 3346; x_wconf 73' lang='grc' dir='ltr'>σε</span> <span class='ocrx_word' id='word_1_411' title='bbox 735 3316 787 3354; x_wconf 71' lang='grc' dir='ltr'>οὐχ</span> <span class='ocrx_word' id='word_1_412' title='bbox 812 3317 868 3344; x_wconf 80' lang='grc' dir='ltr'>ὅτι.</span> <span class='ocrx_word' id='word_1_413' title='bbox 889 3310 956 3343; x_wconf 69' lang='lat' dir='ltr'>Sed</span> <span class='ocrx_word' id='word_1_414' title='bbox 973 3315 1025 3354; x_wconf 74' lang='grc' dir='ltr'>οὐχ</span> <span class='ocrx_word' id='word_1_415' title='bbox 1042 3318 1131 3343; x_wconf 79' lang='lat' dir='ltr'>recte</span> 
     </span>
     <span class='ocr_line' id='line_1_51' title="bbox 124 3361 1134 3407; baseline -0.001 -10"><span class='ocrx_word' id='word_1_416' title='bbox 124 3364 283 3397; x_wconf 67' lang='lat' dir='ltr'>omissum</span> <span class='ocrx_word' id='word_1_417' title='bbox 300 3364 373 3406; x_wconf 76' lang='lat' dir='ltr'>fuit,</span> <span class='ocrx_word' id='word_1_418' title='bbox 391 3376 452 3397; x_wconf 88' lang='lat' dir='ltr'>uec</span> <span class='ocrx_word' id='word_1_419' title='bbox 475 3364 553 3407; x_wconf 74' lang='lat' dir='ltr'>legit</span> <span class='ocrx_word' id='word_1_420' title='bbox 569 3364 767 3395; x_wconf 82' lang='lat' dir='ltr'>Franciscus</span> <span class='ocrx_word' id='word_1_421' title='bbox 793 3363 957 3404; x_wconf 72' lang='grc' dir='ltr'>Α161111115,</span> <span class='ocrx_word' id='word_1_422' title='bbox 984 3361 1134 3406; x_wconf 87' lang='lat' dir='ltr'>maleque</span> 
     </span>
     <span class='ocr_line' id='line_1_52' title="bbox 124 3413 907 3461; baseline -0.004 -12"><span class='ocrx_word' id='word_1_423' title='bbox 124 3416 401 3461; x_wconf 56' lang='lat' dir='ltr'>posituurasserit</span> <span class='ocrx_word' id='word_1_424' title='bbox 420 3415 594 3459; x_wconf 17' lang='lat' dir='ltr'>Boisiusriu</span> <span class='ocrx_word' id='word_1_425' title='bbox 610 3414 708 3447; x_wconf 71' lang='lat' dir='ltr'>Notis</span> <span class='ocrx_word' id='word_1_426' title='bbox 724 3413 907 3447; x_wconf 65' lang='lat' dir='ltr'>Savinianis.</span> 
     </span>
    </p>
   </div>
   <div class='ocr_carea' id='block_1_5' title="bbox 1167 625 1192 654">
    <p class='ocr_par' dir='ltr' id='par_1_5' title="bbox 1167 625 1192 654">
     <span class='ocr_line' id='line_1_53' title="bbox 1167 625 1192 654; baseline 0 0"><span class='ocrx_word' id='word_1_427' title='bbox 1167 625 1192 654; x_wconf 92' lang='lat' dir='ltr'>D</span> 
     </span>
    </p>
   </div>
   <div class='ocr_carea' id='block_1_6' title="bbox 1163 1361 1186 1392">
    <p class='ocr_par' dir='ltr' id='par_1_6' title="bbox 1163 1361 1186 1392">
     <span class='ocr_line' id='line_1_54' title="bbox 1163 1361 1186 1392; baseline 0 -2"><span class='ocrx_word' id='word_1_428' title='bbox 1163 1361 1186 1392; x_wconf 84' lang='lat' dir='ltr'>F.</span> 
     </span>
    </p>
   </div>
   <div class='ocr_carea' id='block_1_7' title="bbox 1164 2582 1187 2611">
    <p class='ocr_par' dir='ltr' id='par_1_7' title="bbox 1164 2582 1187 2611">
     <span class='ocr_line' id='line_1_55' title="bbox 1164 2582 1187 2611; baseline 0 0"><span class='ocrx_word' id='word_1_429' title='bbox 1164 2582 1187 2611; x_wconf 90' lang='lat' dir='ltr'>B</span> 
     </span>
    </p>
   </div>
   <div class='ocr_carea' id='block_1_8' title="bbox 1212 314 2401 1109">
    <p class='ocr_par' dir='ltr' id='par_1_8' title="bbox 1217 314 2200 370">
     <span class='ocr_line' id='line_1_56' title="bbox 1217 314 2200 370; baseline 0.008 -18"><span class='ocrx_word' id='word_1_430' title='bbox 1217 314 1358 363; x_wconf 68' lang='lat' dir='ltr'>venire,</span> <span class='ocrx_word' id='word_1_431' title='bbox 1382 330 1422 354; x_wconf 86' lang='lat' dir='ltr'>ac</span> <span class='ocrx_word' id='word_1_432' title='bbox 1444 329 1527 354; x_wconf 90' lang='lat' dir='ltr'>cum</span> <span class='ocrx_word' id='word_1_433' title='bbox 1549 316 1686 356; x_wconf 65' lang='grc' dir='ltr'>ι1111111615</span> <span class='ocrx_word' id='word_1_434' title='bbox 1711 318 1756 356; x_wconf 81' lang='lat' dir='ltr'>ab</span> <span class='ocrx_word' id='word_1_435' title='bbox 1781 318 1842 355; x_wconf 85' lang='lat' dir='ltr'>illo</span> <span class='ocrx_word' id='word_1_436' title='bbox 1871 318 2061 370; x_wconf 70' lang='lat' dir='ltr'>baptizari,</span> <span class='ocrx_word' id='word_1_437' title='bbox 2086 336 2200 360; x_wconf 86' lang='lat' dir='ltr'>annon</span> 
     </span>
    </p>

    <p class='ocr_par' dir='ltr' id='par_1_9' title="bbox 1218 376 2202 432">
     <span class='ocr_line' id='line_1_57' title="bbox 1218 376 2202 432; baseline 0.008 -20"><span class='ocrx_word' id='word_1_438' title='bbox 1218 376 1331 427; x_wconf 86' lang='lat' dir='ltr'>magis</span> <span class='ocrx_word' id='word_1_439' title='bbox 1343 377 1567 429; x_wconf 86' lang='lat' dir='ltr'>obstupesces</span> <span class='ocrx_word' id='word_1_440' title='bbox 1586 387 1621 416; x_wconf 87' lang='lat' dir='ltr'>et</span> <span class='ocrx_word' id='word_1_441' title='bbox 1643 377 1856 416; x_wconf 75' lang='lat' dir='ltr'>dubitabis?</span> <span class='ocrx_word' id='word_1_442' title='bbox 1880 379 1952 416; x_wconf 81' lang='lat' dir='ltr'>Sed</span> <span class='ocrx_word' id='word_1_443' title='bbox 1975 393 2042 417; x_wconf 91' lang='lat' dir='ltr'>non</span> <span class='ocrx_word' id='word_1_444' title='bbox 2065 392 2202 432; x_wconf 77' lang='lat' dir='ltr'>oportet</span> 
     </span>
    </p>

    <p class='ocr_par' dir='ltr' id='par_1_10' title="bbox 1219 438 2202 492">
     <span class='ocr_line' id='line_1_58' title="bbox 1219 438 2202 492; baseline 0.005 -18"><span class='ocrx_word' id='word_1_445' title='bbox 1219 438 1356 475; x_wconf 84' lang='lat' dir='ltr'>turbari</span> <span class='ocrx_word' id='word_1_446' title='bbox 1380 439 1437 477; x_wconf 88' lang='lat' dir='ltr'>vel</span> <span class='ocrx_word' id='word_1_447' title='bbox 1460 439 1695 488; x_wconf 83' lang='lat' dir='ltr'>commoveri,</span> <span class='ocrx_word' id='word_1_448' title='bbox 1730 450 1765 477; x_wconf 91' lang='lat' dir='ltr'>at</span> <span class='ocrx_word' id='word_1_449' title='bbox 1789 440 1908 492; x_wconf 89' lang='lat' dir='ltr'>potius</span> <span class='ocrx_word' id='word_1_450' title='bbox 1932 442 2006 492; x_wconf 87' lang='lat' dir='ltr'>ejus</span> <span class='ocrx_word' id='word_1_451' title='bbox 2040 442 2202 480; x_wconf 77' lang='lat' dir='ltr'>ineffabi-</span> 
     </span>
    </p>

    <p class='ocr_par' dir='ltr' id='par_1_11' title="bbox 1216 498 2200 614">
     <span class='ocr_line' id='line_1_59' title="bbox 1216 498 2200 552; baseline 0.006 -17"><span class='ocrx_word' id='word_1_452' title='bbox 1216 498 1287 536; x_wconf 91' lang='lat' dir='ltr'>lem</span> <span class='ocrx_word' id='word_1_453' title='bbox 1309 499 1565 551; x_wconf 80' lang='lat' dir='ltr'><strong>benignitatem</strong></span> <span class='ocrx_word' id='word_1_454' title='bbox 1586 500 1724 538; x_wconf 89' lang='lat' dir='ltr'>mirari.</span> <span class='ocrx_word' id='word_1_455' title='bbox 1750 500 1789 539; x_wconf 91' lang='lat' dir='ltr'>Si</span> <span class='ocrx_word' id='word_1_456' title='bbox 1806 515 1889 538; x_wconf 81' lang='lat' dir='ltr'>vcro</span> <span class='ocrx_word' id='word_1_457' title='bbox 1913 501 1995 552; x_wconf 91' lang='lat' dir='ltr'>quis</span> <span class='ocrx_word' id='word_1_458' title='bbox 2020 502 2152 541; x_wconf 89' lang='lat' dir='ltr'>dubius</span> <span class='ocrx_word' id='word_1_459' title='bbox 2166 504 2200 541; x_wconf 91' lang='lat' dir='ltr'>in</span> 
     </span>
     <span class='ocr_line' id='line_1_60' title="bbox 1217 561 2200 614; baseline 0.004 -16"><span class='ocrx_word' id='word_1_460' title='bbox 1217 561 1482 612; x_wconf 85' lang='lat' dir='ltr'>perturbatione</span> <span class='ocrx_word' id='word_1_461' title='bbox 1503 572 1660 611; x_wconf 85' lang='lat' dir='ltr'>maneat,</span> <span class='ocrx_word' id='word_1_462' title='bbox 1682 562 1722 601; x_wconf 85' lang='lat' dir='ltr'>id</span> <span class='ocrx_word' id='word_1_463' title='bbox 1745 563 1798 600; x_wconf 91' lang='lat' dir='ltr'>illi</span> <span class='ocrx_word' id='word_1_464' title='bbox 1823 562 1938 613; x_wconf 84' lang='lat' dir='ltr'>dicct,</span> <span class='ocrx_word' id='word_1_465' title='bbox 1970 564 2067 614; x_wconf 86' lang='lat' dir='ltr'>quod</span> <span class='ocrx_word' id='word_1_466' title='bbox 2088 566 2200 603; x_wconf 90' lang='lat' dir='ltr'>Joan-</span> 
     </span>
    </p>

    <p class='ocr_par' dir='ltr' id='par_1_12' title="bbox 1216 621 2373 736">
     <span class='ocr_line' id='line_1_61' title="bbox 1216 621 2373 677; baseline 0.006 -18"><span class='ocrx_word' id='word_1_467' title='bbox 1216 621 1278 659; x_wconf 90' lang='lat' dir='ltr'>ni:</span> <span class='ocrx_word' id='word_1_468' title='bbox 1302 621 1392 660; x_wconf 87' lang='lat' dir='ltr'><em>Sine</em></span> <span class='ocrx_word' id='word_1_469' title='bbox 1412 623 1524 660; x_wconf 82' lang='lat' dir='ltr'>modo</span> <span class='ocrx_word' id='word_1_470' title='bbox 1548 639 1559 658; x_wconf 92' lang='lat'><em>:</em></span> <span class='ocrx_word' id='word_1_471' title='bbox 1592 626 1644 661; x_wconf 87' lang='lat' dir='ltr'>sic</span> <span class='ocrx_word' id='word_1_472' title='bbox 1672 626 1773 661; x_wconf 86' lang='lat' dir='ltr'>enim</span> <span class='ocrx_word' id='word_1_473' title='bbox 1807 624 1914 661; x_wconf 77' lang='lat' dir='ltr'>decet</span> <span class='ocrx_word' id='word_1_474' title='bbox 1945 639 2014 662; x_wconf 84' lang='lat' dir='ltr'>nos</span> <span class='ocrx_word' id='word_1_475' title='bbox 2043 626 2201 677; x_wconf 83' lang='lat' dir='ltr'>implere</span> <span class='ocrx_word' id='word_1_476' title='bbox 2214 638 2325 666; x_wconf 62' lang='lat' dir='ltr'>March.</span> <span class='ocrx_word' id='word_1_477' title='bbox 2345 637 2373 666; x_wconf 86' lang='lat'>3.</span> 
     </span>
     <span class='ocr_line' id='line_1_62' title="bbox 1217 678 2263 736; baseline 0.005 -17"><span class='ocrx_word' id='word_1_478' title='bbox 1217 696 1366 720; x_wconf 87' lang='lat' dir='ltr'>omnem</span> <span class='ocrx_word' id='word_1_479' title='bbox 1380 685 1586 734; x_wconf 80' lang='lat' dir='ltr'>justiliam.</span> <span class='ocrx_word' id='word_1_480' title='bbox 1602 684 1709 730; x_wconf 86' lang='lat' dir='ltr'>Quod</span> <span class='ocrx_word' id='word_1_481' title='bbox 1725 685 1755 722; x_wconf 89' lang='lat' dir='ltr'>si</span> <span class='ocrx_word' id='word_1_482' title='bbox 1768 685 1881 736; x_wconf 83' lang='lat' dir='ltr'>magis</span> <span class='ocrx_word' id='word_1_483' title='bbox 1892 684 2011 723; x_wconf 84' lang='lat' dir='ltr'>adhuc</span> <span class='ocrx_word' id='word_1_484' title='bbox 2024 686 2199 736; x_wconf 76' lang='lat' dir='ltr'>turbetur,</span> <span class='ocrx_word' id='word_1_485' title='bbox 2217 678 2263 707; x_wconf 84' lang='lat'>¹5·</span> 
     </span>
    </p>

    <p class='ocr_par' dir='ltr' id='par_1_13' title="bbox 1215 743 2395 860">
     <span class='ocr_line' id='line_1_63' title="bbox 1215 743 2395 801; baseline 0.005 -19"><span class='ocrx_word' id='word_1_486' title='bbox 1215 743 1310 782; x_wconf 80' lang='lat' dir='ltr'>dicet</span> <span class='ocrx_word' id='word_1_487' title='bbox 1327 744 1382 782; x_wconf 90' lang='lat' dir='ltr'>illi</span> <span class='ocrx_word' id='word_1_488' title='bbox 1395 759 1537 782; x_wconf 87' lang='lat' dir='ltr'>rursum</span> <span class='ocrx_word' id='word_1_489' title='bbox 1551 745 1590 784; x_wconf 88' lang='lat' dir='ltr'>id</span> <span class='ocrx_word' id='word_1_490' title='bbox 1610 746 1707 796; x_wconf 90' lang='lat' dir='ltr'>quod</span> <span class='ocrx_word' id='word_1_491' title='bbox 1720 746 1855 786; x_wconf 82' lang='lat' dir='ltr'>Judaeis</span> <span class='ocrx_word' id='word_1_492' title='bbox 1869 746 2027 795; x_wconf 82' lang='lat' dir='ltr'>dicebat,</span> <span class='ocrx_word' id='word_1_493' title='bbox 2047 750 2138 786; x_wconf 85' lang='lat' dir='ltr'>Non</span> <span class='ocrx_word' id='word_1_494' title='bbox 2151 752 2199 787; x_wconf 88' lang='lat' dir='ltr'>ab</span> <span class='ocrx_word' id='word_1_495' title='bbox 2214 762 2395 801; x_wconf 69' lang='lat' dir='ltr'>Joan.5.3!4.</span> 
     </span>
     <span class='ocr_line' id='line_1_64' title="bbox 1215 808 2202 860; baseline 0.005 -17"><span class='ocrx_word' id='word_1_496' title='bbox 1215 808 1371 845; x_wconf 81' lang='lat' dir='ltr'>homine</span> <span class='ocrx_word' id='word_1_497' title='bbox 1385 810 1644 846; x_wconf 81' lang='lat' dir='ltr'>testimonium</span> <span class='ocrx_word' id='word_1_498' title='bbox 1655 811 1814 860; x_wconf 82' lang='lat' dir='ltr'>accipio.</span> <span class='ocrx_word' id='word_1_499' title='bbox 1826 809 1954 860; x_wconf 80' lang='lat' dir='ltr'>Siergo</span> <span class='ocrx_word' id='word_1_500' title='bbox 1968 809 2035 847; x_wconf 88' lang='lat' dir='ltr'>hoc</span> <span class='ocrx_word' id='word_1_501' title='bbox 2044 811 2202 849; x_wconf 87' lang='lat' dir='ltr'>testimo-</span> 
     </span>
    </p>

    <p class='ocr_par' dir='ltr' id='par_1_14' title="bbox 1214 868 2201 921">
     <span class='ocr_line' id='line_1_65' title="bbox 1214 868 2201 921; baseline 0.006 -16"><span class='ocrx_word' id='word_1_502' title='bbox 1214 868 1274 906; x_wconf 94' lang='lat' dir='ltr'>nio</span> <span class='ocrx_word' id='word_1_503' title='bbox 1288 882 1358 907; x_wconf 89' lang='lat' dir='ltr'>non</span> <span class='ocrx_word' id='word_1_504' title='bbox 1378 878 1476 921; x_wconf 80' lang='lat' dir='ltr'>eget,</span> <span class='ocrx_word' id='word_1_505' title='bbox 1497 884 1562 907; x_wconf 88' lang='grc'>6111·</span> <span class='ocrx_word' id='word_1_506' title='bbox 1573 871 1724 909; x_wconf 87' lang='lat' dir='ltr'>Joannes</span> <span class='ocrx_word' id='word_1_507' title='bbox 1742 870 1870 908; x_wconf 83' lang='lat' dir='ltr'>missus</span> <span class='ocrx_word' id='word_1_508' title='bbox 1889 880 1940 908; x_wconf 89' lang='lat' dir='ltr'>est</span> <span class='ocrx_word' id='word_1_509' title='bbox 1962 886 1982 909; x_wconf 87' lang='lat' dir='ltr'>a</span> <span class='ocrx_word' id='word_1_510' title='bbox 2002 872 2102 910; x_wconf 74' lang='lat' dir='ltr'>Deo?</span> <span class='ocrx_word' id='word_1_511' title='bbox 2123 874 2201 911; x_wconf 84' lang='lat' dir='ltr'>Non</span> 
     </span>
    </p>

    <p class='ocr_par' dir='ltr' id='par_1_15' title="bbox 1215 929 2202 982">
     <span class='ocr_line' id='line_1_66' title="bbox 1215 929 2202 982; baseline 0.005 -16"><span class='ocrx_word' id='word_1_512' title='bbox 1215 929 1312 979; x_wconf 89' lang='lat' dir='ltr'>quod</span> <span class='ocrx_word' id='word_1_513' title='bbox 1321 930 1396 982; x_wconf 89' lang='lat' dir='ltr'>ejus</span> <span class='ocrx_word' id='word_1_514' title='bbox 1415 929 1614 968; x_wconf 86' lang='lat' dir='ltr'>testimonio</span> <span class='ocrx_word' id='word_1_515' title='bbox 1631 931 1819 982; x_wconf 83' lang='lat' dir='ltr'>egc1et(id.</span> <span class='ocrx_word' id='word_1_516' title='bbox 1832 932 1926 969; x_wconf 85' lang='lat' dir='ltr'>enim</span> <span class='ocrx_word' id='word_1_517' title='bbox 1939 932 2070 981; x_wconf 75' lang='lat' dir='ltr'>diocle,</span> <span class='ocrx_word' id='word_1_518' title='bbox 2087 942 2202 971; x_wconf 77' lang='lat' dir='ltr'>extre-</span> 
     </span>
    </p>

    <p class='ocr_par' dir='ltr' id='par_1_16' title="bbox 1212 963 2401 1109">
     <span class='ocr_line' id='line_1_67' title="bbox 1214 963 2399 1047; baseline 0.003 -19"><span class='ocrx_word' id='word_1_519' title='bbox 1214 1005 1280 1028; x_wconf 83' lang='lat' dir='ltr'>mae</span> <span class='ocrx_word' id='word_1_520' title='bbox 1299 991 1492 1044; x_wconf 86' lang='lat' dir='ltr'>impietatis</span> <span class='ocrx_word' id='word_1_521' title='bbox 1508 997 1635 1040; x_wconf 86' lang='lat' dir='ltr'>esset),</span> <span class='ocrx_word' id='word_1_522' title='bbox 1660 993 1723 1030; x_wconf 87' lang='lat' dir='ltr'>scd</span> <span class='ocrx_word' id='word_1_523' title='bbox 1741 1007 1805 1031; x_wconf 85' lang='grc'>6111·</span> <span class='ocrx_word' id='word_1_524' title='bbox 1828 994 1996 1032; x_wconf 78' lang='lat' dir='ltr'>tandem?</span> <span class='ocrx_word' id='word_1_525' title='bbox 2014 963 2135 1032; x_wconf 77' lang='lat' dir='ltr'>Illild</span> <span class='ocrx_word' id='word_1_526' title='bbox 2127 1010 2201 1047; x_wconf 82' lang='lat' dir='ltr'>lpse</span> <span class='ocrx_word' id='word_1_527' title='bbox 2242 1004 2399 1040; x_wconf 72' lang='lat' dir='ltr'>Quomodo</span> 
     </span>
     <span class='ocr_line' id='line_1_68' title="bbox 1212 1045 2401 1109; baseline 0.004 -19"><span class='ocrx_word' id='word_1_528' title='bbox 1212 1053 1366 1091; x_wconf 86' lang='lat' dir='ltr'>Joannes</span> <span class='ocrx_word' id='word_1_529' title='bbox 1378 1053 1496 1104; x_wconf 84' lang='lat' dir='ltr'>docet,</span> <span class='ocrx_word' id='word_1_530' title='bbox 1511 1068 1594 1091; x_wconf 87' lang='lat' dir='ltr'>cum</span> <span class='ocrx_word' id='word_1_531' title='bbox 1610 1053 1684 1091; x_wconf 84' lang='lat' dir='ltr'>ait:</span> <span class='ocrx_word' id='word_1_532' title='bbox 1707 1057 1755 1093; x_wconf 88' lang='lat' dir='ltr'>Ut</span> <span class='ocrx_word' id='word_1_533' title='bbox 1776 1070 1905 1094; x_wconf 82' lang='lat' dir='ltr'>omnes</span> <span class='ocrx_word' id='word_1_534' title='bbox 1921 1058 2117 1094; x_wconf 81' lang='lat' dir='ltr'><strong><em>crederent</em></strong></span> <span class='ocrx_word' id='word_1_535' title='bbox 2132 1045 2401 1109; x_wconf 70' lang='lat' dir='ltr'>perC¹¹&#39;¹⁵¹‘¹⁵¹⁰‘</span> 
     </span>
    </p>
   </div>
   <div class='ocr_carea' id='block_1_9' title="bbox 1212 1094 2400 1167">
    <p class='ocr_par' dir='ltr' id='par_1_17' title="bbox 1212 1094 2400 1167">
     <span class='ocr_line' id='line_1_69' title="bbox 2229 1094 2400 1114; baseline 0.006 -1"><span class='ocrx_word' id='word_1_536' title='bbox 2229 1094 2313 1114; x_wconf 79' lang='grc'>5111110</span> <span class='ocrx_word' id='word_1_537' title='bbox 2351 1098 2400 1114; x_wconf 90' lang='lat' dir='ltr'>um</span> 
     </span>
     <span class='ocr_line' id='line_1_70' title="bbox 1212 1099 2400 1167; baseline 0.003 -16"><span class='ocrx_word' id='word_1_538' title='bbox 1212 1114 1339 1152; x_wconf 82' lang='lat' dir='ltr'>illum.</span> <span class='ocrx_word' id='word_1_539' title='bbox 1365 1115 1445 1167; x_wconf 88' lang='lat' dir='ltr'>Ipse</span> <span class='ocrx_word' id='word_1_540' title='bbox 1469 1130 1554 1154; x_wconf 78' lang='lat' dir='ltr'>ve1o</span> <span class='ocrx_word' id='word_1_541' title='bbox 1577 1115 1741 1154; x_wconf 82' lang='lat' dir='ltr'>Clnistus</span> <span class='ocrx_word' id='word_1_542' title='bbox 1760 1131 1842 1155; x_wconf 88' lang='grc'>611111</span> <span class='ocrx_word' id='word_1_543' title='bbox 1855 1117 2023 1167; x_wconf 72' lang='lat' dir='ltr'>dixisset,</span> <span class='ocrx_word' id='word_1_544' title='bbox 2039 1121 2131 1159; x_wconf 82' lang='lat' dir='ltr'>Non</span> <span class='ocrx_word' id='word_1_545' title='bbox 2150 1122 2197 1157; x_wconf 85' lang='lat' dir='ltr'>ab</span> <span class='ocrx_word' id='word_1_546' title='bbox 2213 1099 2346 1166; x_wconf 59' lang='lat' dir='ltr'>accipiai¹</span> <span class='ocrx_word' id='word_1_547' title='bbox 2365 1129 2400 1156; x_wconf 80' lang='lat' dir='ltr'>ah</span> 
     </span>
    </p>
   </div>
   <div class='ocr_carea' id='block_1_10' title="bbox 1211 1172 2397 3189">
    <p class='ocr_par' dir='ltr' id='par_1_18' title="bbox 1211 1172 2397 3189">
     <span class='ocr_line' id='line_1_71' title="bbox 1213 1172 2344 1233; baseline 0.007 -22"><span class='ocrx_word' id='word_1_548' title='bbox 1213 1175 1368 1213; x_wconf 78' lang='lat' dir='ltr'>homine</span> <span class='ocrx_word' id='word_1_549' title='bbox 1384 1179 1644 1215; x_wconf 72' lang='lat' dir='ltr'>testimonium</span> <span class='ocrx_word' id='word_1_550' title='bbox 1664 1181 1831 1230; x_wconf 77' lang='lat' dir='ltr'>accipie,</span> <span class='ocrx_word' id='word_1_551' title='bbox 1854 1193 1898 1217; x_wconf 88' lang='lat' dir='ltr'>ne</span> <span class='ocrx_word' id='word_1_552' title='bbox 1920 1180 2040 1232; x_wconf 85' lang='lat' dir='ltr'>apud</span> <span class='ocrx_word' id='word_1_553' title='bbox 2031 1181 2200 1233; x_wconf 84' lang='lat' dir='ltr'>lnsipien-</span> <span class='ocrx_word' id='word_1_554' title='bbox 2215 1172 2344 1198; x_wconf 61' lang='lat' dir='ltr'>¹¹⁰m¹¹¹⁹</span> 
     </span>
     <span class='ocr_line' id='line_1_72' title="bbox 1212 1235 2202 1290; baseline 0.007 -18"><span class='ocrx_word' id='word_1_555' title='bbox 1212 1235 1317 1273; x_wconf 87' lang='lat' dir='ltr'>tiores</span> <span class='ocrx_word' id='word_1_556' title='bbox 1339 1237 1409 1274; x_wconf 88' lang='lat' dir='ltr'>sibi</span> <span class='ocrx_word' id='word_1_557' title='bbox 1433 1238 1502 1289; x_wconf 87' lang='lat' dir='ltr'>ipsi</span> <span class='ocrx_word' id='word_1_558' title='bbox 1524 1252 1722 1290; x_wconf 83' lang='lat' dir='ltr'>repugnare</span> <span class='ocrx_word' id='word_1_559' title='bbox 1756 1240 1959 1290; x_wconf 66' lang='lat' dir='ltr'>videretur,</span> <span class='ocrx_word' id='word_1_560' title='bbox 1997 1255 2080 1278; x_wconf 88' lang='lat' dir='ltr'>cum</span> <span class='ocrx_word' id='word_1_561' title='bbox 2108 1256 2202 1280; x_wconf 87' lang='lat' dir='ltr'>nunc</span> 
     </span>
     <span class='ocr_line' id='line_1_73' title="bbox 1211 1296 2397 1353; baseline 0.004 -19"><span class='ocrx_word' id='word_1_562' title='bbox 1211 1296 1332 1335; x_wconf 86' lang='lat' dir='ltr'>dicat:</span> <span class='ocrx_word' id='word_1_563' title='bbox 1365 1299 1484 1336; x_wconf 81' lang='lat' dir='ltr'>Alius</span> <span class='ocrx_word' id='word_1_564' title='bbox 1504 1307 1559 1336; x_wconf 84' lang='lat' dir='ltr'>est</span> <span class='ocrx_word' id='word_1_565' title='bbox 1580 1302 1646 1351; x_wconf 83' lang='lat' dir='ltr'>qui</span> <span class='ocrx_word' id='word_1_566' title='bbox 1678 1303 1938 1338; x_wconf 76' lang='lat' dir='ltr'>testimonium</span> <span class='ocrx_word' id='word_1_567' title='bbox 1955 1305 2129 1353; x_wconf 79' lang='lat' dir='ltr'>perhibet</span> <span class='ocrx_word' id='word_1_568' title='bbox 2154 1305 2202 1340; x_wconf 81' lang='lat' dir='ltr'>de</span> <span class='ocrx_word' id='word_1_569' title='bbox 2214 1312 2397 1342; x_wconf 66' lang='lat' dir='ltr'>joan.5.32.</span> 
     </span>
     <span class='ocr_line' id='line_1_74' title="bbox 1214 1361 2198 1415; baseline 0.008 -21"><span class='ocrx_word' id='word_1_570' title='bbox 1214 1372 1273 1396; x_wconf 86' lang='lat' dir='ltr'>me</span> <span class='ocrx_word' id='word_1_571' title='bbox 1295 1375 1305 1394; x_wconf 90' lang='lat'><em>:</em></span> <span class='ocrx_word' id='word_1_572' title='bbox 1325 1368 1361 1396; x_wconf 86' lang='lat' dir='ltr'>et</span> <span class='ocrx_word' id='word_1_573' title='bbox 1387 1361 1466 1397; x_wconf 79' lang='lat' dir='ltr'>scio</span> <span class='ocrx_word' id='word_1_574' title='bbox 1484 1362 1577 1411; x_wconf 76' lang='lat' dir='ltr'>quia</span> <span class='ocrx_word' id='word_1_575' title='bbox 1596 1374 1731 1398; x_wconf 83' lang='lat' dir='ltr'>verum</span> <span class='ocrx_word' id='word_1_576' title='bbox 1749 1370 1805 1398; x_wconf 84' lang='lat' dir='ltr'>est</span> <span class='ocrx_word' id='word_1_577' title='bbox 1822 1365 2082 1401; x_wconf 78' lang='lat' dir='ltr'>testimonium</span> <span class='ocrx_word' id='word_1_578' title='bbox 2102 1367 2198 1415; x_wconf 81' lang='lat' dir='ltr'>ejus,</span> 
     </span>
     <span class='ocr_line' id='line_1_75' title="bbox 1212 1419 2203 1472; baseline 0.008 -16"><span class='ocrx_word' id='word_1_579' title='bbox 1212 1419 1258 1457; x_wconf 88' lang='lat' dir='ltr'>de</span> <span class='ocrx_word' id='word_1_580' title='bbox 1270 1421 1404 1458; x_wconf 86' lang='lat' dir='ltr'>Joanne</span> <span class='ocrx_word' id='word_1_581' title='bbox 1427 1421 1598 1471; x_wconf 85' lang='lat' dir='ltr'>loquens;</span> <span class='ocrx_word' id='word_1_582' title='bbox 1624 1436 1718 1460; x_wconf 90' lang='lat' dir='ltr'>nunc</span> <span class='ocrx_word' id='word_1_583' title='bbox 1740 1437 1846 1472; x_wconf 83' lang='lat' dir='ltr'>verO,</span> <span class='ocrx_word' id='word_1_584' title='bbox 1870 1426 1960 1462; x_wconf 85' lang='lat' dir='ltr'>Non</span> <span class='ocrx_word' id='word_1_585' title='bbox 1980 1428 2028 1463; x_wconf 82' lang='lat' dir='ltr'>ab</span> <span class='ocrx_word' id='word_1_586' title='bbox 2047 1427 2203 1464; x_wconf 79' lang='lat' dir='ltr'>homine</span> 
     </span>
     <span class='ocr_line' id='line_1_76' title="bbox 1214 1483 2203 1539; baseline 0.008 -22"><span class='ocrx_word' id='word_1_587' title='bbox 1214 1483 1472 1519; x_wconf 79' lang='lat' dir='ltr'>testimonium</span> <span class='ocrx_word' id='word_1_588' title='bbox 1507 1484 1682 1533; x_wconf 81' lang='lat' dir='ltr'>accipio,</span> <span class='ocrx_word' id='word_1_589' title='bbox 1716 1483 1930 1522; x_wconf 89' lang='lat' dir='ltr'>solutionem</span> <span class='ocrx_word' id='word_1_590' title='bbox 1963 1500 2048 1523; x_wconf 80' lang='lat' dir='ltr'>mox</span> <span class='ocrx_word' id='word_1_591' title='bbox 2078 1487 2203 1539; x_wconf 78' lang='lat' dir='ltr'>adjicit</span> 
     </span>
     <span class='ocr_line' id='line_1_77' title="bbox 1212 1539 2200 1595; baseline 0.01 -19"><span class='ocrx_word' id='word_1_592' title='bbox 1212 1539 1358 1579; x_wconf 86' lang='lat' dir='ltr'>dicens:</span> <span class='ocrx_word' id='word_1_593' title='bbox 1376 1542 1452 1580; x_wconf 80' lang='lat' dir='ltr'>Sed</span> <span class='ocrx_word' id='word_1_594' title='bbox 1464 1544 1546 1580; x_wconf 84' lang='lat' dir='ltr'>haec</span> <span class='ocrx_word' id='word_1_595' title='bbox 1565 1544 1652 1580; x_wconf 77' lang='lat' dir='ltr'>dico</span> <span class='ocrx_word' id='word_1_596' title='bbox 1662 1545 1825 1595; x_wconf 82' lang='lat' dir='ltr'>propter</span> <span class='ocrx_word' id='word_1_597' title='bbox 1827 1559 1912 1593; x_wconf 80' lang='lat' dir='ltr'>vos,</span> <span class='ocrx_word' id='word_1_598' title='bbox 1927 1554 1968 1582; x_wconf 82' lang='lat' dir='ltr'>ut</span> <span class='ocrx_word' id='word_1_599' title='bbox 1984 1548 2086 1585; x_wconf 74' lang='lat' dir='ltr'>salvi</span> <span class='ocrx_word' id='word_1_600' title='bbox 2101 1550 2200 1592; x_wconf 78' lang='lat' dir='ltr'>silis,-</span> 
     </span>
     <span class='ocr_line' id='line_1_78' title="bbox 1212 1601 2200 1655; baseline 0.007 -17"><span class='ocrx_word' id='word_1_601' title='bbox 1212 1615 1253 1638; x_wconf 87' lang='lat' dir='ltr'>ac</span> <span class='ocrx_word' id='word_1_602' title='bbox 1275 1601 1305 1638; x_wconf 89' lang='lat' dir='ltr'>si</span> <span class='ocrx_word' id='word_1_603' title='bbox 1328 1601 1497 1640; x_wconf 76' lang='lat' dir='ltr'>dioclet:</span> <span class='ocrx_word' id='word_1_604' title='bbox 1524 1604 1621 1641; x_wconf 87' lang='lat' dir='ltr'>Deus</span> <span class='ocrx_word' id='word_1_605' title='bbox 1643 1618 1743 1651; x_wconf 89' lang='lat' dir='ltr'>sum,</span> <span class='ocrx_word' id='word_1_606' title='bbox 1772 1614 1806 1642; x_wconf 88' lang='lat' dir='ltr'>et</span> <span class='ocrx_word' id='word_1_607' title='bbox 1836 1605 1902 1642; x_wconf 90' lang='lat' dir='ltr'>Dei</span> <span class='ocrx_word' id='word_1_608' title='bbox 1936 1620 2041 1644; x_wconf 65' lang='grc'>161115</span> <span class='ocrx_word' id='word_1_609' title='bbox 2066 1608 2200 1655; x_wconf 88' lang='lat' dir='ltr'>Filius,</span> 
     </span>
     <span class='ocr_line' id='line_1_79' title="bbox 1212 1663 2203 1720; baseline 0.007 -21"><span class='ocrx_word' id='word_1_610' title='bbox 1212 1676 1258 1700; x_wconf 85' lang='lat' dir='ltr'>ex</span> <span class='ocrx_word' id='word_1_611' title='bbox 1280 1663 1479 1701; x_wconf 87' lang='lat' dir='ltr'>substantia</span> <span class='ocrx_word' id='word_1_612' title='bbox 1502 1663 1589 1701; x_wconf 88' lang='lat' dir='ltr'>illa</span> <span class='ocrx_word' id='word_1_613' title='bbox 1579 1665 1773 1702; x_wconf 85' lang='lat' dir='ltr'>1mmortali</span> <span class='ocrx_word' id='word_1_614' title='bbox 1796 1674 1830 1703; x_wconf 91' lang='lat' dir='ltr'>et</span> <span class='ocrx_word' id='word_1_615' title='bbox 1851 1666 1971 1715; x_wconf 85' lang='lat' dir='ltr'>beata,</span> <span class='ocrx_word' id='word_1_616' title='bbox 1998 1668 2203 1720; x_wconf 80' lang='lat' dir='ltr'>nulliusque</span> 
     </span>
     <span class='ocr_line' id='line_1_80' title="bbox 1212 1724 2202 1776; baseline 0.007 -15"><span class='ocrx_word' id='word_1_617' title='bbox 1212 1724 1414 1762; x_wconf 89' lang='lat' dir='ltr'>testimonio</span> <span class='ocrx_word' id='word_1_618' title='bbox 1447 1739 1545 1776; x_wconf 81' lang='lat' dir='ltr'>egeo.</span> <span class='ocrx_word' id='word_1_619' title='bbox 1575 1724 1653 1763; x_wconf 88' lang='lat' dir='ltr'>Etsi</span> <span class='ocrx_word' id='word_1_620' title='bbox 1678 1726 1773 1763; x_wconf 88' lang='lat' dir='ltr'>enim</span> <span class='ocrx_word' id='word_1_621' title='bbox 1809 1741 1911 1765; x_wconf 87' lang='lat' dir='ltr'>nemo</span> <span class='ocrx_word' id='word_1_622' title='bbox 1946 1728 1985 1766; x_wconf 83' lang='lat' dir='ltr'>id</span> <span class='ocrx_word' id='word_1_623' title='bbox 2019 1729 2202 1768; x_wconf 89' lang='lat' dir='ltr'>testificari</span> 
     </span>
     <span class='ocr_line' id='line_1_81' title="bbox 1212 1786 2196 1835; baseline 0.005 -11"><span class='ocrx_word' id='word_1_624' title='bbox 1212 1786 1339 1835; x_wconf 77' lang='lat' dir='ltr'>vellet,</span> <span class='ocrx_word' id='word_1_625' title='bbox 1363 1787 1399 1824; x_wconf 90' lang='lat' dir='ltr'>in</span> <span class='ocrx_word' id='word_1_626' title='bbox 1423 1787 1523 1825; x_wconf 87' lang='lat' dir='ltr'>nullo</span> <span class='ocrx_word' id='word_1_627' title='bbox 1546 1787 1743 1825; x_wconf 86' lang='lat' dir='ltr'>secundum</span> <span class='ocrx_word' id='word_1_628' title='bbox 1766 1798 1931 1827; x_wconf 86' lang='lat' dir='ltr'>naturam</span> <span class='ocrx_word' id='word_1_629' title='bbox 1945 1790 2061 1828; x_wconf 88' lang='lat' dir='ltr'>minor</span> <span class='ocrx_word' id='word_1_630' title='bbox 2074 1806 2196 1829; x_wconf 84' lang='lat' dir='ltr'>essem.</span> 
     </span>
     <span class='ocr_line' id='line_1_82' title="bbox 1213 1847 2201 1899; baseline 0.006 -14"><span class='ocrx_word' id='word_1_631' title='bbox 1213 1847 1308 1894; x_wconf 85' lang='lat' dir='ltr'>Quia</span> <span class='ocrx_word' id='word_1_632' title='bbox 1330 1863 1415 1887; x_wconf 83' lang='lat' dir='ltr'>vero</span> <span class='ocrx_word' id='word_1_633' title='bbox 1438 1849 1635 1886; x_wconf 88' lang='lat' dir='ltr'>multorum</span> <span class='ocrx_word' id='word_1_634' title='bbox 1657 1849 1753 1887; x_wconf 84' lang='lat' dir='ltr'>salus</span> <span class='ocrx_word' id='word_1_635' title='bbox 1776 1850 1866 1887; x_wconf 89' lang='lat' dir='ltr'>mihi</span> <span class='ocrx_word' id='word_1_636' title='bbox 1890 1865 1983 1888; x_wconf 72' lang='lat' dir='ltr'>curce</span> <span class='ocrx_word' id='word_1_637' title='bbox 2016 1861 2085 1899; x_wconf 90' lang='lat' dir='ltr'>est,</span> <span class='ocrx_word' id='word_1_638' title='bbox 2120 1853 2201 1891; x_wconf 85' lang='lat' dir='ltr'>ideo</span> 
     </span>
     <span class='ocr_line' id='line_1_83' title="bbox 1212 1909 2200 1960; baseline 0.005 -14"><span class='ocrx_word' id='word_1_639' title='bbox 1212 1909 1249 1947; x_wconf 90' lang='lat' dir='ltr'>in</span> <span class='ocrx_word' id='word_1_640' title='bbox 1270 1909 1363 1947; x_wconf 87' lang='lat' dir='ltr'>hanc</span> <span class='ocrx_word' id='word_1_641' title='bbox 1386 1924 1442 1947; x_wconf 90' lang='lat' dir='ltr'>me</span> <span class='ocrx_word' id='word_1_642' title='bbox 1463 1909 1591 1947; x_wconf 87' lang='lat' dir='ltr'>demisi</span> <span class='ocrx_word' id='word_1_643' title='bbox 1604 1910 1864 1960; x_wconf 80' lang='lat' dir='ltr'>humilitatem,</span> <span class='ocrx_word' id='word_1_644' title='bbox 1886 1921 1925 1949; x_wconf 90' lang='lat' dir='ltr'>ut</span> <span class='ocrx_word' id='word_1_645' title='bbox 1943 1912 2080 1950; x_wconf 87' lang='lat' dir='ltr'>homini</span> <span class='ocrx_word' id='word_1_646' title='bbox 2102 1914 2200 1951; x_wconf 86' lang='lat' dir='ltr'>testi-</span> 
     </span>
     <span class='ocr_line' id='line_1_84' title="bbox 1212 1968 2200 2013; baseline 0.005 -5"><span class='ocrx_word' id='word_1_647' title='bbox 1212 1971 1374 2008; x_wconf 89' lang='lat' dir='ltr'>monium</span> <span class='ocrx_word' id='word_1_648' title='bbox 1407 1971 1452 2009; x_wconf 89' lang='lat' dir='ltr'>de</span> <span class='ocrx_word' id='word_1_649' title='bbox 1485 1986 1541 2009; x_wconf 89' lang='lat' dir='ltr'>me</span> <span class='ocrx_word' id='word_1_650' title='bbox 1575 1968 1761 2010; x_wconf 83' lang='lat' dir='ltr'>ferendum</span> <span class='ocrx_word' id='word_1_651' title='bbox 1799 1974 2070 2012; x_wconf 78' lang='lat' dir='ltr'>committerem.</span> <span class='ocrx_word' id='word_1_652' title='bbox 2108 1977 2200 2013; x_wconf 86' lang='lat' dir='ltr'>Nam</span> 
     </span>
     <span class='ocr_line' id='line_1_85' title="bbox 1212 2032 2199 2084; baseline 0.004 -15"><span class='ocrx_word' id='word_1_653' title='bbox 1212 2042 1393 2084; x_wconf 79' lang='lat' dir='ltr'>perspecta</span> <span class='ocrx_word' id='word_1_654' title='bbox 1416 2032 1624 2071; x_wconf 78' lang='lat' dir='ltr'>Judaeorum</span> <span class='ocrx_word' id='word_1_655' title='bbox 1647 2032 1916 2082; x_wconf 74' lang='lat' dir='ltr'>imbecillitate,</span> <span class='ocrx_word' id='word_1_656' title='bbox 1931 2035 1981 2072; x_wconf 91' lang='grc'>516</span> <span class='ocrx_word' id='word_1_657' title='bbox 2004 2035 2199 2074; x_wconf 87' lang='lat' dir='ltr'>faciliorfi-</span> 
     </span>
     <span class='ocr_line' id='line_1_86' title="bbox 1213 2092 2201 2147; baseline 0.005 -17"><span class='ocrx_word' id='word_1_658' title='bbox 1213 2092 1275 2131; x_wconf 87' lang='lat' dir='ltr'>des</span> <span class='ocrx_word' id='word_1_659' title='bbox 1292 2093 1329 2131; x_wconf 88' lang='lat' dir='ltr'>in</span> <span class='ocrx_word' id='word_1_660' title='bbox 1342 2108 1424 2131; x_wconf 89' lang='lat' dir='ltr'>eum</span> <span class='ocrx_word' id='word_1_661' title='bbox 1439 2094 1559 2131; x_wconf 87' lang='lat' dir='ltr'>futura</span> <span class='ocrx_word' id='word_1_662' title='bbox 1580 2093 1785 2132; x_wconf 81' lang='lat' dir='ltr'>videbatur.</span> <span class='ocrx_word' id='word_1_663' title='bbox 1815 2095 1916 2133; x_wconf 88' lang='lat' dir='ltr'>Sicut</span> <span class='ocrx_word' id='word_1_664' title='bbox 1928 2095 2038 2147; x_wconf 81' lang='lat' dir='ltr'>igitur</span> <span class='ocrx_word' id='word_1_665' title='bbox 2060 2111 2201 2135; x_wconf 86' lang='lat' dir='ltr'>carnem</span> 
     </span>
     <span class='ocr_line' id='line_1_87' title="bbox 1213 2154 2201 2209; baseline 0.005 -17"><span class='ocrx_word' id='word_1_666' title='bbox 1213 2154 1349 2205; x_wconf 82' lang='lat' dir='ltr'>induit,</span> <span class='ocrx_word' id='word_1_667' title='bbox 1368 2170 1411 2193; x_wconf 89' lang='grc'>116</span> <span class='ocrx_word' id='word_1_668' title='bbox 1430 2169 1511 2193; x_wconf 84' lang='grc'>611111</span> <span class='ocrx_word' id='word_1_669' title='bbox 1529 2155 1625 2193; x_wconf 87' lang='lat' dir='ltr'>nuda</span> <span class='ocrx_word' id='word_1_670' title='bbox 1642 2155 1832 2194; x_wconf 76' lang='lat' dir='ltr'>divinitate</span> <span class='ocrx_word' id='word_1_671' title='bbox 1847 2171 2065 2209; x_wconf 82' lang='lat' dir='ltr'>congressus,</span> <span class='ocrx_word' id='word_1_672' title='bbox 2081 2173 2201 2197; x_wconf 87' lang='lat' dir='ltr'>omnes</span> 
     </span>
     <span class='ocr_line' id='line_1_88' title="bbox 1212 2216 2201 2269; baseline 0.003 -15"><span class='ocrx_word' id='word_1_673' title='bbox 1212 2216 1401 2268; x_wconf 67' lang='lat' dir='ltr'>perderet,</span> <span class='ocrx_word' id='word_1_674' title='bbox 1437 2217 1487 2255; x_wconf 89' lang='lat' dir='ltr'>sic</span> <span class='ocrx_word' id='word_1_675' title='bbox 1515 2226 1548 2254; x_wconf 86' lang='lat' dir='ltr'>et</span> <span class='ocrx_word' id='word_1_676' title='bbox 1570 2231 1769 2269; x_wconf 64' lang='lat' dir='ltr'>praeconem</span> <span class='ocrx_word' id='word_1_677' title='bbox 1793 2217 1891 2255; x_wconf 81' lang='lat' dir='ltr'>misit</span> <span class='ocrx_word' id='word_1_678' title='bbox 1924 2218 2103 2257; x_wconf 82' lang='lat' dir='ltr'>hominem</span> <span class='ocrx_word' id='word_1_679' title='bbox 2118 2250 2127 2267; x_wconf 90' lang='lat'>,</span> <span class='ocrx_word' id='word_1_680' title='bbox 2162 2228 2201 2257; x_wconf 88' lang='lat' dir='ltr'>ut</span> 
     </span>
     <span class='ocr_line' id='line_1_89' title="bbox 1213 2278 2198 2331; baseline 0.002 -15"><span class='ocrx_word' id='word_1_681' title='bbox 1213 2293 1443 2330; x_wconf 80' lang='lat' dir='ltr'>congenerem</span> <span class='ocrx_word' id='word_1_682' title='bbox 1455 2278 1524 2316; x_wconf 88' lang='lat' dir='ltr'>sibi</span> <span class='ocrx_word' id='word_1_683' title='bbox 1544 2293 1669 2317; x_wconf 80' lang='lat' dir='ltr'>vocem</span> <span class='ocrx_word' id='word_1_684' title='bbox 1693 2278 1894 2323; x_wconf 76' lang='lat' dir='ltr'>audientes,</span> <span class='ocrx_word' id='word_1_685' title='bbox 1919 2280 2059 2318; x_wconf 78' lang='lat' dir='ltr'>facilius</span> <span class='ocrx_word' id='word_1_686' title='bbox 2085 2281 2110 2318; x_wconf 88' lang='lat' dir='ltr'>ii</span> <span class='ocrx_word' id='word_1_687' title='bbox 2137 2283 2198 2331; x_wconf 88' lang='lat' dir='ltr'>qui</span> 
     </span>
     <span class='ocr_line' id='line_1_90' title="bbox 1212 2339 2199 2391; baseline 0.002 -14"><span class='ocrx_word' id='word_1_688' title='bbox 1212 2349 1297 2378; x_wconf 88' lang='lat' dir='ltr'>tunc</span> <span class='ocrx_word' id='word_1_689' title='bbox 1319 2340 1513 2378; x_wconf 81' lang='lat' dir='ltr'>audiebant</span> <span class='ocrx_word' id='word_1_690' title='bbox 1535 2339 1754 2378; x_wconf 84' lang='lat' dir='ltr'>accederent.</span> <span class='ocrx_word' id='word_1_691' title='bbox 1781 2341 1873 2378; x_wconf 83' lang='lat' dir='ltr'>Nam</span> <span class='ocrx_word' id='word_1_692' title='bbox 1889 2341 1985 2391; x_wconf 86' lang='lat' dir='ltr'>quod</span> <span class='ocrx_word' id='word_1_693' title='bbox 2009 2356 2077 2379; x_wconf 90' lang='lat' dir='ltr'>non</span> <span class='ocrx_word' id='word_1_694' title='bbox 2102 2342 2199 2380; x_wconf 89' lang='lat' dir='ltr'>illius</span> 
     </span>
     <span class='ocr_line' id='line_1_91' title="bbox 1212 2400 2198 2453; baseline 0.001 -14"><span class='ocrx_word' id='word_1_695' title='bbox 1212 2401 1515 2453; x_wconf 62' lang='lat' dir='ltr'>testimoniofopus</span> <span class='ocrx_word' id='word_1_696' title='bbox 1536 2400 1700 2449; x_wconf 83' lang='lat' dir='ltr'>haberet,</span> <span class='ocrx_word' id='word_1_697' title='bbox 1727 2401 1793 2439; x_wconf 88' lang='grc'>1106</span> <span class='ocrx_word' id='word_1_698' title='bbox 1815 2402 1931 2438; x_wconf 87' lang='grc'>50111111</span> <span class='ocrx_word' id='word_1_699' title='bbox 1955 2402 2061 2439; x_wconf 86' lang='grc' dir='ltr'>1110ἃο</span> <span class='ocrx_word' id='word_1_700' title='bbox 2083 2412 2198 2440; x_wconf 84' lang='grc'>051611-</span> 
     </span>
     <span class='ocr_line' id='line_1_92' title="bbox 1212 2461 2199 2515; baseline 0 -14"><span class='ocrx_word' id='word_1_701' title='bbox 1212 2462 1252 2501; x_wconf 83' lang='lat' dir='ltr'>di</span> <span class='ocrx_word' id='word_1_702' title='bbox 1280 2472 1436 2515; x_wconf 86' lang='lat' dir='ltr'>poter‚at</span> <span class='ocrx_word' id='word_1_703' title='bbox 1469 2462 1499 2499; x_wconf 89' lang='lat' dir='ltr'>si</span> <span class='ocrx_word' id='word_1_704' title='bbox 1521 2476 1646 2513; x_wconf 87' lang='lat' dir='ltr'>nempe</span> <span class='ocrx_word' id='word_1_705' title='bbox 1680 2475 1716 2499; x_wconf 87' lang='lat' dir='ltr'>se</span> <span class='ocrx_word' id='word_1_706' title='bbox 1754 2461 1851 2498; x_wconf 84' lang='lat' dir='ltr'>nuda</span> <span class='ocrx_word' id='word_1_707' title='bbox 1873 2462 2070 2500; x_wconf 84' lang='lat' dir='ltr'>substantia</span> <span class='ocrx_word' id='word_1_708' title='bbox 2096 2464 2199 2501; x_wconf 69' lang='lat' dir='ltr'>exhi-</span> 
     </span>
     <span class='ocr_line' id='line_1_93' title="bbox 1212 2522 2199 2590; baseline 0.004 -29"><span class='ocrx_word' id='word_1_709' title='bbox 1212 2524 1364 2571; x_wconf 87' lang='lat' dir='ltr'>buisset,</span> <span class='ocrx_word' id='word_1_710' title='bbox 1390 2536 1580 2573; x_wconf 86' lang='lat' dir='ltr'>omnesque</span> <span class='ocrx_word' id='word_1_711' title='bbox 1615 2522 1651 2559; x_wconf 89' lang='lat' dir='ltr'>in</span> <span class='ocrx_word' id='word_1_712' title='bbox 1675 2531 1856 2590; x_wconf 87' lang='lat' dir='ltr'>stuporem</span> <span class='ocrx_word' id='word_1_713' title='bbox 1880 2524 2097 2575; x_wconf 88' lang='lat' dir='ltr'>conjecisset.</span> <span class='ocrx_word' id='word_1_714' title='bbox 2128 2527 2199 2565; x_wconf 87' lang='lat' dir='ltr'>Ve-</span> 
     </span>
     <span class='ocr_line' id='line_1_94' title="bbox 1212 2584 2199 2638; baseline 0.002 -15"><span class='ocrx_word' id='word_1_715' title='bbox 1212 2600 1294 2623; x_wconf 77' lang='lat' dir='ltr'>ium</span> <span class='ocrx_word' id='word_1_716' title='bbox 1327 2585 1366 2622; x_wconf 90' lang='lat' dir='ltr'>id</span> <span class='ocrx_word' id='word_1_717' title='bbox 1400 2598 1470 2622; x_wconf 91' lang='lat' dir='ltr'>non</span> <span class='ocrx_word' id='word_1_718' title='bbox 1497 2584 1603 2632; x_wconf 86' lang='lat' dir='ltr'>fecit,</span> <span class='ocrx_word' id='word_1_719' title='bbox 1637 2584 1824 2634; x_wconf 87' lang='lat' dir='ltr'>quoniam,</span> <span class='ocrx_word' id='word_1_720' title='bbox 1855 2594 1894 2622; x_wconf 93' lang='lat' dir='ltr'>ut</span> <span class='ocrx_word' id='word_1_721' title='bbox 1923 2586 2073 2638; x_wconf 87' lang='lat' dir='ltr'>jamjam</span> <span class='ocrx_word' id='word_1_722' title='bbox 2100 2587 2199 2632; x_wconf 74' lang='lat' dir='ltr'>dixi,</span> 
     </span>
     <span class='ocr_line' id='line_1_95' title="bbox 1214 2644 2201 2698; baseline 0.003 -14"><span class='ocrx_word' id='word_1_723' title='bbox 1214 2660 1333 2684; x_wconf 86' lang='lat' dir='ltr'>omnes</span> <span class='ocrx_word' id='word_1_724' title='bbox 1355 2644 1588 2697; x_wconf 83' lang='lat' dir='ltr'>perdidisset,</span> <span class='ocrx_word' id='word_1_725' title='bbox 1613 2644 1710 2695; x_wconf 88' lang='lat' dir='ltr'>quod</span> <span class='ocrx_word' id='word_1_726' title='bbox 1723 2659 1826 2684; x_wconf 86' lang='lat' dir='ltr'>nemo</span> <span class='ocrx_word' id='word_1_727' title='bbox 1847 2656 1965 2698; x_wconf 85' lang='lat' dir='ltr'>posset</span> <span class='ocrx_word' id='word_1_728' title='bbox 1988 2647 2201 2687; x_wconf 86' lang='lat' dir='ltr'>inaccessam</span> 
     </span>
     <span class='ocr_line' id='line_1_96' title="bbox 1214 2705 2201 2759; baseline 0.003 -14"><span class='ocrx_word' id='word_1_729' title='bbox 1214 2708 1315 2745; x_wconf 87' lang='lat' dir='ltr'>illam</span> <span class='ocrx_word' id='word_1_730' title='bbox 1336 2707 1426 2744; x_wconf 87' lang='lat' dir='ltr'>lucis</span> <span class='ocrx_word' id='word_1_731' title='bbox 1447 2706 1524 2743; x_wconf 65' lang='lat' dir='ltr'>vim</span> <span class='ocrx_word' id='word_1_732' title='bbox 1543 2706 1645 2744; x_wconf 86' lang='lat' dir='ltr'>ferre.</span> <span class='ocrx_word' id='word_1_733' title='bbox 1671 2705 1756 2743; x_wconf 86' lang='lat' dir='ltr'>Ideo</span> <span class='ocrx_word' id='word_1_734' title='bbox 1779 2720 1920 2745; x_wconf 86' lang='lat' dir='ltr'>carnem</span> <span class='ocrx_word' id='word_1_735' title='bbox 1941 2708 2082 2759; x_wconf 87' lang='lat' dir='ltr'>induit,</span> <span class='ocrx_word' id='word_1_736' title='bbox 2095 2720 2129 2748; x_wconf 88' lang='lat' dir='ltr'>et</span> <span class='ocrx_word' id='word_1_737' title='bbox 2150 2720 2201 2748; x_wconf 86' lang='lat' dir='ltr'>te-</span> 
     </span>
     <span class='ocr_line' id='line_1_97' title="bbox 1215 2766 2202 2809; baseline 0.002 -2"><span class='ocrx_word' id='word_1_738' title='bbox 1215 2769 1423 2807; x_wconf 90' lang='lat' dir='ltr'>stimonium</span> <span class='ocrx_word' id='word_1_739' title='bbox 1436 2767 1480 2805; x_wconf 89' lang='lat' dir='ltr'>de</span> <span class='ocrx_word' id='word_1_740' title='bbox 1502 2782 1538 2805; x_wconf 88' lang='lat' dir='ltr'>se</span> <span class='ocrx_word' id='word_1_741' title='bbox 1551 2766 1688 2805; x_wconf 86' lang='lat' dir='ltr'>ferendi</span> <span class='ocrx_word' id='word_1_742' title='bbox 1701 2767 1863 2806; x_wconf 87' lang='lat' dir='ltr'>officium</span> <span class='ocrx_word' id='word_1_743' title='bbox 1875 2769 1938 2807; x_wconf 88' lang='lat' dir='ltr'>uni</span> <span class='ocrx_word' id='word_1_744' title='bbox 1951 2784 2202 2809; x_wconf 87' lang='lat' dir='ltr'>conservorum</span> 
     </span>
     <span class='ocr_line' id='line_1_98' title="bbox 1216 2828 2202 2880; baseline 0.002 -12"><span class='ocrx_word' id='word_1_745' title='bbox 1216 2839 1417 2869; x_wconf 78' lang='lat' dir='ltr'>nostrorum</span> <span class='ocrx_word' id='word_1_746' title='bbox 1442 2829 1572 2877; x_wconf 87' lang='lat' dir='ltr'>tradit,</span> <span class='ocrx_word' id='word_1_747' title='bbox 1597 2828 1681 2880; x_wconf 89' lang='lat' dir='ltr'>quia</span> <span class='ocrx_word' id='word_1_748' title='bbox 1704 2829 1823 2867; x_wconf 90' lang='lat' dir='ltr'>omnia</span> <span class='ocrx_word' id='word_1_749' title='bbox 1848 2830 1896 2867; x_wconf 87' lang='lat' dir='ltr'>ad</span> <span class='ocrx_word' id='word_1_750' title='bbox 1917 2831 2068 2869; x_wconf 88' lang='lat' dir='ltr'>salutem</span> <span class='ocrx_word' id='word_1_751' title='bbox 2084 2832 2202 2870; x_wconf 89' lang='lat' dir='ltr'>homi—</span> 
     </span>
     <span class='ocr_line' id='line_1_99' title="bbox 1216 2890 2203 2943; baseline 0.003 -15"><span class='ocrx_word' id='word_1_752' title='bbox 1216 2905 1303 2928; x_wconf 86' lang='lat' dir='ltr'>num</span> <span class='ocrx_word' id='word_1_753' title='bbox 1327 2899 1490 2943; x_wconf 87' lang='lat' dir='ltr'>operatus</span> <span class='ocrx_word' id='word_1_754' title='bbox 1519 2898 1571 2927; x_wconf 88' lang='lat' dir='ltr'>est</span> <span class='ocrx_word' id='word_1_755' title='bbox 1589 2905 1596 2926; x_wconf 92' lang='lat'><strong>:</strong></span> <span class='ocrx_word' id='word_1_756' title='bbox 1614 2903 1727 2940; x_wconf 89' lang='lat' dir='ltr'>neque</span> <span class='ocrx_word' id='word_1_757' title='bbox 1749 2904 1821 2928; x_wconf 82' lang='lat' dir='ltr'>suae</span> <span class='ocrx_word' id='word_1_758' title='bbox 1851 2890 2017 2942; x_wconf 84' lang='lat' dir='ltr'>dignitati</span> <span class='ocrx_word' id='word_1_759' title='bbox 2040 2901 2179 2931; x_wconf 89' lang='lat' dir='ltr'>tantum</span> <span class='ocrx_word' id='word_1_760' title='bbox 2194 2924 2203 2941; x_wconf 90' lang='lat'>,</span> 
     </span>
     <span class='ocr_line' id='line_1_100' title="bbox 1217 2951 2201 3003; baseline 0.003 -14"><span class='ocrx_word' id='word_1_761' title='bbox 1217 2951 1281 2989; x_wconf 89' lang='lat' dir='ltr'>sed</span> <span class='ocrx_word' id='word_1_762' title='bbox 1292 2951 1399 2989; x_wconf 87' lang='lat' dir='ltr'>etiam</span> <span class='ocrx_word' id='word_1_763' title='bbox 1411 2951 1619 2990; x_wconf 87' lang='lat' dir='ltr'>auditorum</span> <span class='ocrx_word' id='word_1_764' title='bbox 1632 2951 1753 3003; x_wconf 89' lang='lat' dir='ltr'>captui</span> <span class='ocrx_word' id='word_1_765' title='bbox 1775 2961 1810 2989; x_wconf 89' lang='lat' dir='ltr'>et</span> <span class='ocrx_word' id='word_1_766' title='bbox 1827 2952 1975 2990; x_wconf 90' lang='lat' dir='ltr'>utilitati</span> <span class='ocrx_word' id='word_1_767' title='bbox 1998 2954 2176 2992; x_wconf 88' lang='lat' dir='ltr'>consuluit</span> <span class='ocrx_word' id='word_1_768' title='bbox 2193 2971 2201 2991; x_wconf 91' lang='lat'>:</span> 
     </span>
     <span class='ocr_line' id='line_1_101' title="bbox 1218 3011 2205 3065; baseline 0.004 -16"><span class='ocrx_word' id='word_1_769' title='bbox 1218 3012 1315 3063; x_wconf 90' lang='lat' dir='ltr'>quod</span> <span class='ocrx_word' id='word_1_770' title='bbox 1350 3022 1384 3051; x_wconf 87' lang='lat' dir='ltr'>et</span> <span class='ocrx_word' id='word_1_771' title='bbox 1412 3012 1488 3065; x_wconf 88' lang='lat' dir='ltr'>ipse</span> <span class='ocrx_word' id='word_1_772' title='bbox 1522 3011 1753 3050; x_wconf 87' lang='lat' dir='ltr'>subindicans</span> <span class='ocrx_word' id='word_1_773' title='bbox 1787 3012 1930 3050; x_wconf 85' lang='lat' dir='ltr'>dicebat</span> <span class='ocrx_word' id='word_1_774' title='bbox 1962 3030 1969 3049; x_wconf 92' lang='lat'><strong>:</strong></span> <span class='ocrx_word' id='word_1_775' title='bbox 1998 3016 2094 3052; x_wconf 84' lang='lat' dir='ltr'>Haec</span> <span class='ocrx_word' id='word_1_776' title='bbox 2118 3016 2205 3054; x_wconf 86' lang='lat' dir='ltr'>dico</span> 
     </span>
     <span class='ocr_line' id='line_1_102' title="bbox 1216 3073 2206 3126; baseline 0.001 -14"><span class='ocrx_word' id='word_1_777' title='bbox 1216 3083 1370 3126; x_wconf 84' lang='lat' dir='ltr'>propter</span> <span class='ocrx_word' id='word_1_778' title='bbox 1389 3087 1460 3112; x_wconf 81' lang='lat' dir='ltr'>vos</span> <span class='ocrx_word' id='word_1_779' title='bbox 1474 3104 1483 3122; x_wconf 91' lang='lat'>,</span> <span class='ocrx_word' id='word_1_780' title='bbox 1505 3082 1546 3111; x_wconf 81' lang='lat' dir='ltr'>ut</span> <span class='ocrx_word' id='word_1_781' title='bbox 1567 3074 1782 3111; x_wconf 79' lang='lat' dir='ltr'>salvemini.</span> <span class='ocrx_word' id='word_1_782' title='bbox 1810 3073 1858 3111; x_wconf 92' lang='lat' dir='ltr'>Et</span> <span class='ocrx_word' id='word_1_783' title='bbox 1883 3075 2120 3126; x_wconf 84' lang='lat' dir='ltr'>evangelista,</span> <span class='ocrx_word' id='word_1_784' title='bbox 2144 3077 2206 3126; x_wconf 89' lang='lat' dir='ltr'>qui</span> 
     </span>
     <span class='ocr_line' id='line_1_103' title="bbox 1217 3134 2206 3189; baseline 0 -14"><span class='ocrx_word' id='word_1_785' title='bbox 1217 3151 1257 3175; x_wconf 87' lang='lat' dir='ltr'>ea</span> <span class='ocrx_word' id='word_1_786' title='bbox 1281 3136 1377 3189; x_wconf 90' lang='lat' dir='ltr'>ipsa,</span> <span class='ocrx_word' id='word_1_787' title='bbox 1409 3149 1488 3186; x_wconf 87' lang='lat' dir='ltr'>quae</span> <span class='ocrx_word' id='word_1_788' title='bbox 1517 3134 1711 3185; x_wconf 83' lang='lat' dir='ltr'>DominuS‚</span> <span class='ocrx_word' id='word_1_789' title='bbox 1737 3134 1910 3184; x_wconf 84' lang='lat' dir='ltr'>loquitur,</span> <span class='ocrx_word' id='word_1_790' title='bbox 1938 3145 2127 3187; x_wconf 87' lang='lat' dir='ltr'>postquam</span> <span class='ocrx_word' id='word_1_791' title='bbox 2150 3137 2206 3175; x_wconf 88' lang='lat' dir='ltr'>di-</span> 
     </span>
    </p>
   </div>
   <div class='ocr_carea' id='block_1_11' title="bbox 1240 3253 2210 3297">
    <p class='ocr_par' dir='ltr' id='par_1_19' title="bbox 1240 3253 2210 3297">
     <span class='ocr_line' id='line_1_104' title="bbox 1240 3253 2210 3297; baseline 0.002 -8"><span class='ocrx_word' id='word_1_792' title='bbox 1240 3258 1253 3276; x_wconf 80' lang='lat'>‘¹</span> <span class='ocrx_word' id='word_1_793' title='bbox 1270 3256 1332 3289; x_wconf 80' lang='lat' dir='ltr'>Alii</span> <span class='ocrx_word' id='word_1_794' title='bbox 1362 3260 1442 3290; x_wconf 73' lang='grc' dir='ltr'>ἀλλὰ</span> <span class='ocrx_word' id='word_1_795' title='bbox 1462 3258 1535 3289; x_wconf 82' lang='grc' dir='ltr'>διότι</span> <span class='ocrx_word' id='word_1_796' title='bbox 1565 3258 1653 3292; x_wconf 73' lang='grc' dir='ltr'>αὐτὸς</span> <span class='ocrx_word' id='word_1_797' title='bbox 1678 3258 1692 3288; x_wconf 77' lang='grc' dir='ltr'>ὁ</span> <span class='ocrx_word' id='word_1_798' title='bbox 1715 3253 1839 3293; x_wconf 55' lang='lat' dir='ltr'>ivadv-ms</span> <span class='ocrx_word' id='word_1_799' title='bbox 1864 3259 2010 3297; x_wconf 73' lang='grc' dir='ltr'>ἐπήγαγεν</span> <span class='ocrx_word' id='word_1_800' title='bbox 2038 3261 2135 3297; x_wconf 76' lang='grc' dir='ltr'>εἰπὼν,</span> <span class='ocrx_word' id='word_1_801' title='bbox 2164 3261 2210 3291; x_wconf 68' lang='grc' dir='ltr'>ἵνα,</span> 
     </span>
    </p>
   </div>
   <div class='ocr_carea' id='block_1_12' title="bbox 1199 3326 2036 3405">
    <p class='ocr_par' dir='ltr' id='par_1_20' title="bbox 1199 3326 2036 3405">
     <span class='ocr_line' id='line_1_105' title="bbox 1199 3326 2036 3405; baseline -0.005 -11"><span class='ocrx_word' id='word_1_802' title='bbox 1199 3326 1352 3405; x_wconf 42' lang='grc' dir='ltr'>πῒτϊκαί</span> <span class='ocrx_word' id='word_1_803' title='bbox 1369 3361 1531 3392; x_wconf 73' lang='lat' dir='ltr'>omittunt</span> <span class='ocrx_word' id='word_1_804' title='bbox 1546 3358 1647 3391; x_wconf 85' lang='lat' dir='ltr'>Savil.</span> <span class='ocrx_word' id='word_1_805' title='bbox 1667 3365 1698 3390; x_wconf 84' lang='lat' dir='ltr'>et</span> <span class='ocrx_word' id='word_1_806' title='bbox 1715 3355 1823 3389; x_wconf 82' lang='lat' dir='ltr'>codd.</span> <span class='ocrx_word' id='word_1_807' title='bbox 1840 3358 1914 3397; x_wconf 74' lang='lat'>705,</span> <span class='ocrx_word' id='word_1_808' title='bbox 1934 3360 2008 3390; x_wconf 64' lang='lat'>706.</span> <span class='ocrx_word' id='word_1_809' title='bbox 2026 3359 2036 3401; x_wconf 75' lang='lat'>]</span> 
     </span>
    </p>
   </div>
  </div>
 </body>
</html>
