2481 3678
256 238 316 283 50
716 251 754 280 s.

258 343 377 381 xerat,
408 335 458 371 Ue
478 335 738 372 testimonium
757 333 973 383 perhiberet
1002 332 1049 370 de
1083 331 1244 376 lumine,

263 404 471 456 subjunxit,
502 404 552 442 Ut
572 416 704 440 omnes
721 403 918 440 crederent
932 414 1001 452 per
1021 414 1132 445 eum‚·
1156 414 1196 438 30
1219 401 1249 438 si

265 475 398 512 diceret
426 490 432 509 ι
459 474 510 511 Ne
523 482 624 524 putes
647 471 726 509 ideo
750 469 1021 508 testificaturum
1033 468 1170 508 venisse
1187 469 1248 507 Jo-

266 559 392 583 annem
415 542 632 595 Baptistam,
670 550 707 578 111
729 539 868 590 aliquid
902 539 988 577 fidei
1021 539 1141 577 verbis
1175 539 1248 576 Do-

269 616 355 653 mini
378 614 523 651 adderet
542 629 548 648 :
576 626 643 649 non
669 619 852 663 propterea
879 608 996 657 venit,
1020 609 1083 646 sed
1104 618 1144 646 ut
1166 622 1249 646 con-

271 684 416 722 tribules
429 683 483 721 sui
506 681 698 733 peripsum
720 679 915 717 crederent.
942 677 1051 724 Quod
1072 687 1191 717 autem
1203 677 1249 716 ad

269 769 346 792 03111
368 752 562 791 tollendam
574 750 810 802 suspicionem
833 749 908 787 haec
930 747 1087 798 dixerit,
1120 763 1166 786 ex
1196 763 1249 787 se·

270 822 458 873 quentibus
467 829 601 858 constat
612 835 618 855 :
630 819 733 857 addit
740 819 847 856 enim:
860 818 895 857 8.
905 820 993 857 Non
1002 828 1085 857 erat
1093 819 1160 857 ille
1169 819 1250 857 lux.

269 892 345 929 Nisi
365 892 459 929 enim
480 890 588 941 hujus
611 889 795 941 abigendce
818 888 1027 941 suspicionis
1041 889 1153 940 gratia
1176 889 1253 928 haec

270 961 437 1004 dixisset,
464 961 685 1012 superfluum
706 959 773 996 hoc
791 967 898 1007 05501,
927 967 960 996 01
982 959 1095 1011 magis
1120 959 1251 1011 repeti-

272 1031 318 1068 tio
332 1045 438 1081 quam
452 1029 643 1082 explicatio
656 1028 840 1066 doetrinae.
865 1028 956 1066 Cum
970 1028 1120 1067 dixisset
1138 1029 1250 1076 enim,

269 1101 401 1139 Missus
424 1110 474 1138 est
502 1102 550 1138 Ut
565 1102 821 1137 testimonium
839 1100 1051 1149 perhiberet
1071 1101 1118 1136 de
1135 1101 1251 1137 lumi-

271 1187 318 1210 ne
332 1202 340 1217 ‚
365 1186 428 1209 cur
450 1170 579 1208 iterum
600 1168 709 1218 dicit,
733 1168 824 1206 Non
846 1176 929 1206 erat
952 1168 1020 1205 ille
1049 1169 1118 1205 lux
1132 1173 1148 1204 P
1170 1169 1250 1206 Non

268 1241 398 1276 frustra
416 1252 478 1275 1100
500 1237 574 1274 51110
596 1250 699 1273 031153
717 1250 724 1270 :
741 1234 803 1271 sed
822 1234 905 1283 quia
927 1235 1127 1284 frequenter
1151 1234 1249 1286 apud

269 1320 330 1343 nos
352 1305 466 1355 major
488 1311 538 1339 est
552 1302 581 1339 is
595 1301 655 1351 qui
668 1300 892 1347 testificatur,
906 1313 1015 1349 quam
1035 1299 1096 1338 ille
1119 1300 1164 1337 de
1177 1315 1248 1350 quo

268 1370 508 1409 testimonium
540 1370 666 1418 sertui-7
702 1366 846 1416 fideque
869 1365 1014 1417 dignior
1035 1366 1247 1418 plerumque

264 1438 409 1476 videtur
432 1450 504 1474 esse
521 1451 528 1471 t
555 1448 597 1472 ne
615 1433 694 1484 quis
713 1432 758 1470 de
774 1434 909 1472 Joanne
931 1431 970 1469 id
991 1432 1245 1484 suspicaretur,

264 1505 383 1543 statim
407 1519 426 1541 3
450 1501 627 1555 principio
648 1500 740 1537 113110
768 1500 900 1537 malam
921 1499 1158 1551 suspicionem
1178 1501 1247 1538 101-

262 1572 320 1619 111,
335 1584 444 1621 eaque
468 1568 641 1607 radicitus
656 1567 777 1605 evulsa
788 1597 797 1614 ‚
817 1566 970 1604 ostendit
983 1566 1062 1616 quis
1085 1567 1131 1604 sit
1143 1567 1172 1605 is
1185 1567 1247 1617 qui

263 1638 483 1681 testificatur,
507 1645 540 1673 et
564 1634 642 1685 quis
665 1633 725 1670 ille
747 1632 791 1670 de
820 1647 889 1683 quo
913 1633 1157 1671 testimonium
1177 1634 1248 1671 fer-

260 1716 333 1754 tur7
368 1715 402 1743 et
427 1712 599 1755 quantum
623 1701 668 1739 sit
702 1700 792 1738 inter
816 1710 1006 1751 utrumque
1034 1701 1243 1741 discrimen.

262 1777 311 1812 Ac
334 1782 523 1826 postquam
535 1770 603 1807 1100
621 1768 722 1817 fecit,
746 1767 969 1819 ostenditque
991 1768 1090 1807 illius
1112 1769 1247 1808 incom-

262 1841 459 1895 parabilem
483 1836 746 1885 excellentiam,
760 1836 910 1874 fidenter
928 1837 1006 1889 jam
1027 1846 1152 1877 0301013
1164 1853 1247 1890 pro-

261 1911 423 1961 sequitur
451 1925 458 1945 :
485 1917 518 1945 01
541 1907 570 1945 si
594 1905 683 1956 quid
696 1904 842 1942 absurdi
865 1904 1152 1957 insipientiorum
1168 1907 1247 1944 ani-

260 1992 336 2016 mos
359 1975 513 2023 subiret,
536 1974 603 2012 1100
622 1972 811 2023 diligenter
833 1972 992 2020 sublato,
1018 1972 1122 2011 facile
1143 1973 1245 2013 dein-

260 2058 342 2095 ceps
385 2052 419 2080 et
442 2042 516 2079 sine
544 2040 644 2078 obice
667 2039 837 2077 doctrinae
871 2039 1022 2078 verbum
1063 2040 1241 2080 immittit.

266 2113 452 2149 Precemur
474 2111 610 2160 itaque,
633 2117 673 2145 ut
707 2121 789 2145 011111
822 2116 1001 2145 tantarum
1030 2109 1245 2148 revelatione

262 2193 393 2221 rerum„
416 2191 567 2227 cumque
580 2190 663 2214 sana
674 2184 838 2226 rectaque
850 2175 1011 2214 doctrina
1024 2176 1138 2215 vitam
1156 2192 1243 2229 quo-

262 2261 329 2297 que
341 2259 470 2298 purum
482 2253 708 2293 sanctamque
720 2243 906 2280 ducamus.
923 2243 1093 2283 Doctrina
1111 2245 1244 2298 quippe

262 2313 353 2351 nihil
378 2312 480 2350 nobis
513 2310 657 2364 prodest
687 2310 762 2349 sine
792 2310 896 2348 bonis
928 2311 1107 2363 operibus.
1145 2314 1244 2354 Licet

261 2381 356 2418 enim
378 2379 488 2417 fidem
506 2379 679 2430 integram
693 2377 1029 2430 Scripturarumque
1042 2378 1244 2433 intelligen-

263 2447 350 2485 tiam
372 2456 571 2493 teneamus,
595 2444 625 2483 si
647 2445 748 2484 bonae
770 2443 855 2483 vitae
878 2445 1076 2496 patrocinio
1099 2448 1188 2486 nudi
1211 2459 1246 2488 01

264 2514 369 2552 vacui
393 2514 520 2561 simus,
540 2512 633 2549 nihil
645 2510 814 2563 impediet
827 2512 1016 2562 quominus
1028 2513 1064 2552 in
1078 2515 1245 2566 gehennae

266 2583 383 2634 ignem
405 2580 627 2632 dejiciamur,
652 2579 733 2617 etin
756 2579 937 2618 infinitum
958 2581 1246 2636 inexstinguibili

268 2650 410 2687 flamma
424 2647 687 2685 comburamur.
713 2646 813 2684 Sicut
825 2648 920 2686 enim
941 2648 968 2686 ii
981 2650 1146 2700 quibona
1167 2667 1247 2705 ege—

268 2726 369 2761 runt,
396 2722 577 2765 resurgent
611 2713 646 2751 in
681 2713 794 2750 vitam
817 2723 1002 2767 arternzim3
1034 2717 1084 2756 sic
1108 2720 1162 2758 illi
1184 2723 1247 2773 qui

269 2785 444 2824 contraria
463 2783 538 2820 ausi
553 2791 634 2819 sunt
644 2813 652 2828 ,
669 2782 703 2819 111
717 2791 885 2820 aeternum
899 2794 931 2822 et
945 2800 1127 2838 nunquam
1139 2790 1247 2830 finem

270 2853 477 2891 habiturum
500 2848 730 2901 supplicium.
757 2849 995 2894 Quamobrem
1017 2869 1120 2894 omne
1143 2858 1248 2896 adhi-

269 2923 414 2959 beamus
448 2917 628 2962 studium,
655 2926 690 2953 ut
722 2930 763 2953 ne
790 2917 930 2953 lucrum
965 2920 1065 2958 nobis
1089 2937 1132 2960 ex
1155 2934 1249 2963 recta

271 2988 342 3025 side
360 2995 518 3039 partum,
533 2998 680 3036 operum
693 2982 868 3035 pravitate
892 2983 1166 3039 labefiictelnus5
1187 2991 1249 3030 scd

271 3068 352 3092 011111
377 3052 434 3090 1110
456 3052 513 3105 pie
545 3050 761 3097 ήκω-1111115,
798 3049 979 3088 Christum
1001 3066 1082 3090 cum
1117 3056 1249 3096 fiducia

275 3121 476 3167 videamus,
500 3118 557 3158 cui
581 3116 794 3155 beatitudini
819 3117 985 3168 pai-nihil
1006 3132 1162 3169 unquam
1175 3123 1249 3161 fue-

314 3279 326 3291 ==
346 3266 404 3297 Alii
433 3272 520 3299 τοῦτο
539 3271 678 3307 ἐπήγαγε.
699 3264 793 3305 [Mox
812 3263 912 3296 Savil.
930 3271 963 3296 et
973 3265 1083 3297 Codd.
1096 3265 1152 3298 cit.
1165 3273 1268 3306 ἐκεῖνος

272 3326 303 3353 τὸ
324 3328 392 3360 φῶς,
418 3320 531 3362 'tami-1]

313 3373 327 3395 ¹¹
346 3370 444 3401 More!
491 3374 578 3407 οὕτως
609 3374 713 3403 §lxm-2
741 3373 871 3407 ἐπέξεισί.
897 3368 960 3401 Sed
979 3374 1099 3408 ἐπέξεισι
1123 3371 1213 3403 deest
1238 3374 1268 3404 111

791 250 969 281 JOANMS
1004 248 1243 280 CHRYSOST.
1283 247 1486 277 ARCfflEP.
1524 247 1878 278 CONSTANUNOP.

1324 343 1387 378 μον
1407 334 1477 371 τοῖς
1493 328 1670 367 ἀκούουσιν
1689 333 1788 383 ὁρῶν.
1805 329 1923 382 ζΌπερ
1942 325 1997 368 οὖν
2018 330 2077 368 καὶ
2102 329 2203 374 αὐτὸς
2222 332 2335 370 αἰνιτ-

1322 388 1463 438 τόμενος
1482 388 1595 440 ἔλεγεν
1611 404 1619 412 ·
1641 391 1673 427 T
1677 395 1764 428 α’ῢτα
1781 389 1873 442 λέγω
1902 392 1945 428 δι’
1979 394 2068 441 ὑμᾶς
2081 421 2090 438 ,
2116 390 2173 428 ἵνα
2192 394 2338 438 σωθῆτε.

1324 449 1394 487 Καὶ
1412 451 1429 486 ὁ
1451 449 1695 501 εὐαγγελιστὴς
1711 450 1746 488 δὲ
1768 451 1811 489 τὰ
1835 450 1922 489 αὐτὰ
1940 454 1989 504 τῷ
2007 451 2166 503 Δεσπότη
2197 452 2339 504 φθεγγό-

1283 519 1296 547 J.
1323 525 1442 558 μενος,
1464 510 1551 561 μετὰ
1572 510 1610 548 τὸ
1630 512 1748 559 εἰπεῖν,
1770 511 1848 549 Ἵνα
1866 512 2068 565 μαρτυρήσῃ
2093 512 2246 566 περὶτοῦ
2263 528 2339 564 φω-

1322 569 1399 617 τὸς,
1430 570 1621 622 ἐπήγαγεν,
1644 569 1723 610 Ἵνα
1753 571 1878 615 πάντες
1896 571 2108 611 πιστεύσωσι
2143 574 2184 610 δι’
2218 575 2341 620 αὐτοῦ,

1325 631 1506 683 μονονουχὶ
1527 631 1636 683 λέγων
1651 647 1658 655 ·
1685 631 1732 683 μὴ
1761 632 1907 684 νομίσῃς
1933 631 1987 670 ὅτι
2010 632 2066 670 διὰ
2086 638 2185 671 τοῦτο
2213 648 2343 686 μαρτυ-

1326 689 1438 742 ρήσων
1464 686 1565 738 ἦλθεν
1581 695 1597 730 ὁ
1616 693 1808 744 βαπτιστὴς
1822 693 1986 740 Ἰωάννης
1998 724 2007 741 ,
2020 693 2076 732 ἵνα
2096 710 2130 732 τι
2146 697 2194 746 τῷ
2209 694 2344 732 Δεσπό-

1324 754 1366 802 τῇ
1387 756 1519 804 προσθῇ
1543 756 1590 798 εἰς
1608 754 1821 798 ἀξιοπιστίας
1844 755 1963 806 λόγον·
1986 757 2023 793 οὐ
2045 754 2102 793 διὰ
2124 759 2244 801 τοῦτο,
2265 755 2340 791 ἀλλ’

1324 811 1380 851 ἵνα
1400 817 1430 851 οἱ
1452 814 1618 866 ὁμόφυλοι
1633 814 1845 853 πιστεύσωσί
1863 816 1904 853 δι’
1929 818 2046 853 αὐτοῦ.
2066 813 2152 853 εὈτι
2175 814 2243 867 γὰρ
2261 814 2343 852 ταύ-

1324 890 1386 921 την
1405 877 1604 928 προανελεῖν
1624 875 1688 927 τὴν
1713 876 1862 928 ὑποψίαν
1892 877 2046 915 σπεύδων
2062 881 2186 914 ὓτοῦτο
2205 875 2321 928 εἴρηκε
2334 905 2343 922 ,

1326 936 1386 973 καὶ
1414 939 1452 974 ἐκ
1466 940 1534 976 τῶν
1556 937 1642 988 μετὰ
1661 943 1772 976 ταῦτα
1791 939 1892 984 δῆλον
1907 954 1914 962 ·
1933 938 2087 990 ἐπήγαγε
2105 936 2189 989 γὰρ,
2205 938 2282 974 Οὐκ
2301 931 2344 982 ἦν

1326 1000 1451 1042 ἐκεῖνος
1476 998 1585 1050 λέγων
1616 999 1656 1037 τὸ
1675 1003 1757 1051 φῶς.
1787 1000 1831 1037 Εἰ
1853 999 1888 1037 δὲ
1917 999 1964 1050 μὴ
1987 999 2072 1051 πρὸς
2095 998 2156 1044 τὴν
2183 997 2345 1036 ὑπόνοιαν

1325 1058 1452 1106 ταύτην
1471 1059 1652 1111 ἱστάμενος
1676 1060 1869 1099 ἐπανέλαὸε
1881 1065 1979 1099 τοῦτο
1991 1090 2000 1107 ,
2019 1061 2205 1112 παρεῖλκεν
2229 1059 2347 1100 ἁπλῶς

1325 1120 1364 1157 τὸ
1395 1120 1593 1172 λεγόμενον,
1627 1121 1686 1158 καὶ
1715 1120 1922 1172 ταυτολογία
1955 1122 2099 1172 μᾶλλον,
2128 1119 2150 1164 ἢ
2179 1118 2347 1170 σαφήνεια

1326 1180 1553 1223 διδασκαλίας
1569 1175 1622 1227 ἦν.
1644 1179 1765 1218 Εἰπὼν
1790 1180 1875 1234 γὰρ,
1895 1180 1948 1219 ὅτι
1966 1180 2144 1226 ἀπεστάλη
2158 1179 2237 1217 Ἵνα
2259 1195 2346 1231 μαρ-

1326 1240 1456 1292 τυρήσῃ
1472 1241 1552 1293 περὶ
1576 1246 1635 1279 τοῦ
1651 1241 1781 1292 φωτὸς,
1801 1241 1835 1278 τί
1857 1242 1962 1281 πάλιν
1976 1240 2087 1292 λέγει,
2103 1243 2180 1278 Οὐκ
2199 1235 2239 1286 ἦν
2256 1243 2346 1279 ἐκεῖ-

1324 1316 1378 1344 νος
1396 1301 1435 1339 τὸ
1451 1304 1540 1353 φῶς,
1560 1304 1640 1353 Οὐχ
1660 1303 1779 1345 ἁπλῶς
1798 1301 1874 1340 οὐδὲ
1891 1302 2023 1353 μάτην·
2045 1303 2120 1339 ἀλλ’
2152 1300 2269 1347 ἐπειδὴ
2300 1305 2346 1344 ὡς

1322 1361 1368 1400 τὰ
1388 1362 1502 1400 πολλὰ
1521 1366 1604 1415 παρ’
1626 1366 1709 1412 ἡμῖν
1729 1362 1853 1413 μείζων
1876 1366 1893 1400 ὃ
1915 1365 2099 1416 μαρτυρῶν
2126 1366 2184 1400 τοῦ
2208 1377 2343 1414 μαρτυμ

1325 1423 1507 1473 ρουμένου,
1538 1424 1598 1462 καὶ
1621 1424 1895 1477 ἀξιοπιστότερος
1924 1424 2092 1467 πολλάκις
2115 1417 2202 1461 εἶναι
2231 1423 2342 1461 δοκεῖ·

1320 1483 1376 1521 ἵνα
1397 1477 1515 1534 μήὶτις
1530 1485 1588 1523 καὶ
1608 1485 1664 1523 ἐπὶ
1683 1488 1742 1523 τοῦ
1763 1485 1924 1523 Ἰωάννου
1942 1490 2041 1523 τοῦτο
2069 1483 2265 1534 ὑποπτεύσῃ
2278 1514 2288 1531 ,
2305 1487 2343 1522 ἐκ

1321 1545 1512 1596 προοιμίων
1541 1546 1664 1589 εὐθέως
1679 1546 1741 1593 τὴν
1763 1546 1916 1599 πονηρὰν
1935 1545 2062 1592 ταύτην
2080 1545 2230 1597 ὑποψίαν
2247 1548 2343 1583 ἀναι-

1324 1613 1394 1659 ρεῖ,
1413 1607 1472 1644 καὶ
1489 1607 1670 1659 πρόρριζον
1687 1606 1791 1653 αὐτὴν
1814 1607 2035 1654 ἀνασπάσας,
2051 1606 2199 1644 δείκνυσι
2213 1605 2264 1649 τίς
2280 1605 2342 1656 μὲν

1323 1661 1419 1711 οὗτος
1441 1672 1458 1706 ὃ
1485 1671 1682 1721 μαρτυρῶν,
1711 1667 1763 1711 τίς
1798 1667 1832 1705 δὲ
1862 1669 1987 1711 ἐκεῖνος
2008 1671 2025 1705 ὃ
2047 1666 2344 1719 μαρτυρούμενος,

1322 1728 1380 1766 καὶ
1396 1728 1474 1768 ὅσον
1488 1729 1527 1767 τὸ
1548 1729 1650 1780 μέσον
1665 1734 1723 1767 τοῦ
1740 1745 1777 1767 τε
1794 1728 2074 1781 μαρτυρουμένου
2094 1728 2154 1766 καὶ
2173 1733 2233 1766 τοῦ
2254 1745 2344 1781 μαρ-

1321 1790 1501 1843 τυροῦντός
1521 1793 1605 1828 ἐστι.
1627 1789 1702 1828 Καὶ
1725 1794 1825 1827 τοῦτο
1841 1789 2006 1837 ποιήσας,
2029 1789 2088 1827 καὶ
2109 1787 2219 1832 δείξας
2240 1791 2341 1827 αὐτοῦ

1320 1850 1382 1897 τὴν
1402 1851 1605 1904 ἀσύγκριτον
1635 1849 1823 1902 ὑπεροχὴν,
1845 1848 1934 1887 οὕτω
1964 1849 2053 1900 μετὰ
2086 1849 2201 1893 ἀδείας
2223 1850 2342 1888 λοιπὸν

1320 1912 1379 1949 καὶ
1401 1914 1451 1964 τῷ
1481 1910 1678 1963 λειπομένῳ
1697 1909 1920 1962 ἐπεξέρχεται
1937 1910 2050 1963 λόγῳ·
2068 1910 2128 1948 καὶ
2152 1910 2184 1948 εἴ
2210 1927 2244 1948 τι
2273 1914 2342 1949 τῶν

1320 1970 1457 2010 ἀτόπων
1489 1964 1531 2016 ἦν
1561 1975 1638 2012 ταῖς
1669 1973 1736 2007 τῶν
1776 1969 2010 2021 ἀνοητοτέρων
2056 1972 2228 2021 ὑφορμοῖὲν
2268 1970 2341 2007 δια-

1317 2032 1446 2079 νοίαις,
1461 2036 1561 2069 τοῦτο
1585 2033 1623 2068 ἐκ
1645 2030 1749 2081 μέσου
1774 2030 1864 2080 μετὰ
1884 2030 2061 2084 ἀκριὸείας
2078 2030 2182 2083 ἄρας,
2210 2028 2341 2073 δοῦτως

1316 2093 1427 2131 ἅπασι
1455 2094 1530 2142 μετ’
1560 2091 1715 2135 εὐκολίας
1734 2091 1852 2129 λοιπὸν
1879 2092 1938 2129 καὶ
1976 2091 2162 2134 ἀκωλύτως
2189 2091 2246 2130 τὸν
2279 2093 2341 2137 τῆς

1316 2151 1542 2195 διδασκαλίας
1577 2151 1696 2204 ἐφεξῆς
1718 2151 1828 2197 ἐνίησι
1844 2151 1956 2203 λόγον.
1980 2151 2171 2203 ΕὐξώμεΟα
2196 2152 2238 2199 δὴ
2267 2155 2340 2191 λοι-

1315 2216 1378 2254 πὸν
1401 2214 1489 2266 μετὰ
1514 2217 1575 2259 τῆς
1604 2217 1672 2252 τῶν
1701 2213 1887 2264 νοημάτων
1918 2214 2047 2252 τούτων
2071 2213 2341 2265 ἀποκαλύψεως,

1263 2302 1295 2327 44
1314 2276 1374 2314 καὶ
1407 2279 1470 2322 τῆς
1500 2278 1568 2313 τῶν
1600 2274 1780 2326 δογμάτων
1822 2275 2022 2328 ὀρθότητος,
2056 2275 2116 2313 καὶ
2147 2274 2219 2326 βίον
2256 2278 2340 2324 ἡμῖν

1267 2339 1292 2367 Λ
1314 2337 1472 2388 γενέσθαι
1498 2336 1649 2387 καθαρὸν
1680 2336 1739 2374 καὶ
1771 2336 1949 2375 πολιτείαν
1979 2337 2160 2390 λαμπράν.
2194 2335 2340 2382 Ἐπειδὴ

1315 2397 1442 2435 τούτων
1459 2396 1578 2448 ὄφελος
1595 2396 1704 2443 οὐδὲν,
1735 2395 1843 2449 ἔργων
1872 2395 1919 2447 μὴ
1940 2397 2122 2447 παρόντων
2137 2401 2221 2447 ἡμῖν
2249 2399 2341 2448 ἀγα-

1318 2461 1397 2496 θῶν.
1424 2456 1498 2497 Κᾶν
1532 2457 1600 2510 γὰρ
1627 2457 1766 2496 ἅπασαν
1790 2458 1854 2504 τὴν
1879 2457 1995 2496 πίστιν
2018 2457 2154 2510 ἔχωμεν
2185 2456 2244 2495 καὶ
2279 2457 2341 2504 τὴν

1318 2523 1384 2558 τῶν
1406 2521 1554 2571 Γραφῶν
1581 2518 1804 2565 κατανόησιν,
1825 2522 1886 2565 τῆς
1918 2518 1952 2557 δὲ
1986 2519 2133 2556 ἀπὸτοῦ
2159 2517 2233 2569 βίου
2256 2533 2342 2569 προ-

1319 2579 1462 2623 στασίας
1490 2572 1583 2630 ὦμεν
1599 2579 1722 2631 ἔρημοι
1735 2580 1793 2617 καὶ
1811 2579 1933 2630 γυμνοὶ
1949 2610 1959 2626 ,
1979 2578 2072 2617 οὐδὲν
2087 2579 2126 2617 τὸ
2142 2578 2273 2617 κωλύον
2294 2581 2343 2623 εἷς

1318 2642 1358 2680 τὸ
1369 2644 1431 2687 τῆς
1446 2639 1584 2692 γεέννης
1601 2643 1833 2692 ἀπενεχθῆναι
1857 2646 1925 2694 πῦρ
1940 2672 1948 2689 ,
1964 2640 2023 2679 καὶ
2047 2642 2093 2684 εἷς
2115 2640 2255 2692 ἄπειρον
2276 2641 2344 2678 ὑπὸ

1319 2706 1380 2749 τῆς
1395 2701 1564 2740 ἀσὸέστου
1579 2701 1832 2740 κατακαίεσΟαι
1851 2701 1989 2753 φλογός.
2006 2700 2145 2753 ἰὨσπερ
2164 2701 2231 2754 γὰρ
2247 2704 2278 2738 οἱ
2296 2700 2341 2738 τὰ

1322 2761 1434 2814 ἀγαθὰ
1455 2762 1667 2815 πράξαντες,
1698 2762 1953 2808 ἀναστήσονται
1986 2764 2033 2805 εἷς
2059 2761 2149 2808 ζωὴν
2183 2760 2340 2799 αἰώνιον·

1322 2822 1430 2867 οὕτως
1450 2826 1482 2861 οἱ
1499 2823 1544 2861 τὰ
1563 2822 1701 2860 ἐναντία
1729 2822 2001 2873 τετολμηκότες,
2017 2824 2063 2865 εἰς
2083 2820 2218 2860 αἰώνιον
2239 2822 2343 2860 κόλα-

1323 2901 1376 2922 σιν
1395 2884 1454 2922 καὶ
1473 2883 1581 2935 πέρας
1601 2882 1764 2921 οὐδέποτε
1793 2882 1952 2934 ἔχουσαν.
1974 2882 2037 2920 Διὸ
2057 2889 2172 2921 πᾶσαν
2206 2884 2340 2920 ἐπιδει-

1324 2944 1461 2995 ξώμεΟα
1480 2942 1642 2991 σπουδὴν,
1658 2943 1748 2981 ὥστε
1768 2944 1815 2994 μὴ
1833 2944 1872 2981 τὸ
1890 2942 2071 2994 γενόμενον
2091 2947 2174 2993 ἡμῖν
2193 2944 2261 2981 ἀπὸ
2279 2947 2342 2990 τῆς

1324 3008 1426 3059 ὀρθῆς
1443 3004 1592 3047 πίστεως
1610 3003 1729 3055 κέρδος
1756 3005 1950 3056 διαφθεῖραι
1969 3007 2010 3053 τῇ
2032 3006 2099 3041 τῶν
2120 3004 2228 3056 ἔργων
2258 3021 2341 3056 φαυ-

1277 3073 1298 3101 ss
1324 3066 1461 3113 λότητι,
1481 3064 1570 3103 ἀλλὰ
1592 3064 1651 3102 καὶ
1671 3065 1821 3102 ἐντεῦθεν
1839 3064 2126 3115 εὐδοκιμήσαντες
2147 3064 2235 3114 μετὰ
2251 3067 2341 3116 παῤ-

1327 3126 1448 3178 ῥησίας
1464 3126 1546 3164 ἰδεῖν
1570 3126 1626 3164 τὸν
1646 3124 1808 3177 Χριστόν.
1826 3124 1965 3172 Ταύτης
1984 3125 2051 3177 γὰρ
2070 3125 2140 3163 ἴσον
2164 3124 2257 3163 οὐδὲν
2279 3128 2342 3170 τῆς

1334 3271 1434 3303 Savil.
1453 3279 1486 3304 et
1503 3273 1534 3303 in
1551 3271 1700 3314 plurimis
1717 3272 1793 3303 Mss.
1813 3270 1912 3302 Paulo
1936 3279 2010 3313 post
2026 3270 2140 3304 Morel.
2157 3276 2258 3316 ἐφεξῆς
2283 3286 2337 3305 πε-

1335 3328 1426 3365 ραίνει
1446 3328 1546 3366 λέγων,
1566 3322 1666 3356 Savil.
1695 3331 1725 3355 et
1752 3324 1825 3355 Mss.
1846 3322 1977 3364 plurimi
2005 3327 2105 3367 35:352,-
2124 3328 2209 3361 ἐνίησι
2233 3327 2333 3365 λέγων,
