2481 3678
681 196 722 225 ΙΝ
759 193 968 226 .Ι()’ᾹΝΝΕΜ
1005 196 1158 225 HOMiL.
1201 194 1337 224 vau.
1371 179 1430 223 31.

113 277 252 315 πάθεια.
274 278 344 315 Καὶ
365 279 411 320 εἰς
436 280 537 315 τοῦτο
555 281 648 327 ἡμᾶς
668 278 798 328 ἐνάγων
818 281 835 317 ὁ
854 279 1021 329 Χριστὸς,
1039 277 1139 315 ἄκου-

112 354 170 376 σον
191 339 226 376 τί
252 355 372 391 φησιν·
391 339 436 377 Ὀ
460 341 567 390 φιλῶν
594 338 656 385 τὴν
678 339 792 391 ΙῘαυχὴν
821 341 922 377 αὐτοῦ
938 370 947 387 ,
976 337 1139 377 ἀπολέσει

1472 195 1591 224 wa.
2102 182 2194 245 459

1207 275 1326 312 dicat:
1353 276 1426 324 Qui
1447 283 1555 312 amat
1579 277 1754 311 animam
1778 287 1903 320 suam,
1923 277 2055 326 perdet
2083 292 2193 325 etim,-

1206 345 1243 373 et
1257 338 1324 389 qui'
1339 337 1420 372 odii
1440 338 1613 372 altimum
1649 348 1761 372 suum
1793 338 1835 371 in
1860 337 1931 372 hoc
1966 339 2121 383 mundo,
2153 341 2194 375 in

111 400 240 446 αὐτήν·
267 400 325 438 καὶ
344 404 361 438 ὁ
381 403 491 450 μισῶν
509 399 572 447 τὴν
601 400 717 452 ψυγὴν
751 401 852 438 αὐτοῦ
883 402 917 438 ἐν
947 403 996 452 τῷ
1013 399 1135 450 κόσμῳ
1158 404 1182 433 C
1206 399 1333 433 vitam
1353 404 1538 432 [eternam
1560 396 1726 432 custodit
1742 409 1841 432 euin.
1867 396 1941 445 Qui
1963 398 2058 433 milii
2081 400 2192 433 mini-

109 460 220 512 τούτῳ
233 491 242 508 ,
262 463 308 504 εἰς
328 461 416 507 ζωὴν
438 460 574 498 αἰώνιον
598 461 740 513 φυλάξει
760 461 879 507 αὐτήν.
897 460 941 497 ‘O
962 460 1038 510 ἐμοὶ
1058 460 1133 496 δια-

109 522 231 567 κονῶν,
262 522 338 571 ἐμοὶ
374 522 623 560 ἀκολουθείτω·
646 523 705 560 καὶ
731 521 817 560 ὅπου
840 521 912 572 εἰμὶ
944 520 1033 571 ἐγὼ,
1064 522 1135 557 ἐκεῖ

109 580 167 618 καὶ
195 584 212 618 ὁ
240 582 394 625 διάκονος
414 586 431 620 ὁ
453 582 545 633 ἐμός.
578 583 770 634 Αἶνίγματι
795 582 943 621 ἐοικέναι
974 583 1066 619 δοκεῖ
1090 580 1134 617 τὰ

108 641 290 692 λεγόμενα.
312 643 401 681 Ἀλλ’
439 647 500 682 οὐκ
531 645 638 686 ἔστιν,
672 643 761 682 ἀλλὰ
793 645 926 687 πολλῆς
947 642 1134 692 ἐμπέπλη-

109 717 189 739 σται
226 704 359 755 σοφίας.
401 706 468 742 Καὶ
497 709 571 748 πῶς
599 706 644 743 ‘O
681 706 789 756 φιλῶν
825 703 887 750 τὴν
916 703 1031 755 ψυχὴν
1067 704 1134 740 αὐ-

107 766 187 811 τοῦ,
206 765 369 803 ἀπολέσει
385 769 513 813 αὐτῆν;
542 766 585 804 ‘0
613 766 673 809 τὰς
694 764 876 815 ἐπιθυμίας
899 766 1004 810 αὐτῆς
1024 766 1132 802 ποιῶν

107 824 168 868 τὰς
206 826 376 871 ἀτόπους·
410 831 427 865 ὁ
463 827 689 880 χαριζόμενος
726 828 813 877 αὐτῇ
843 825 941 878 παρὰ
972 826 1011 864 τὸ
1046 827 1134 864 δέον.

108 886 176 925 Διὰ
216 892 319 926 τοῦτο
355 895 520 940 παραινεῖ
553 905 603 931 τις
650 888 785 940 λέγων·
821 887 880 934 Μὴ
916 887 1062 940 πορεύου
1099 890 1133 926 ἐν

107 953 182 990 ταῖς
217 950 416 1000 ἐπιθυμίαις
448 954 509 996 τῆς
542 951 657 1002 ψυχῆς
692 965 763 988 σου.
799 948 905 987 Οὕτω
933 949 1001 1002 γὰρ
1027 949 1134 997 αὐτὴν

107 1009 246 1052 ἀπολεῖς
268 1009 281 1061 (
294 1014 356 1056 τῆς
382 1011 447 1063 γὰρ
465 1012 542 1050 ὁδοῦ
562 1014 625 1056 τῆς
647 1011 704 1049 ἐπὶ
731 1010 793 1058 τὴν
828 1012 954 1063 ἀρετὴν
985 1010 1136 1062 ἀγούσης

107 1069 236 1121 ἀπάγει
250 1074 279 1119 )·
307 1070 426 1124 ὥσπερ
441 1066 497 1110 οὖν
513 1072 553 1110 τὸ
569 1072 734 1120 ἐναντίον,
752 1072 796 1110 ‘O
825 1076 938 1123 μισῶν
960 1071 1068 1120 αὐτὴν
1099 1075 1133 1110 ἐν

105 1134 155 1183 τῷ
174 1132 296 1184 κόσμῳ
315 1132 426 1184 τούτῳ
439 1164 448 1181 ,
471 1132 577 1172 σώσει
597 1136 716 1180 αὐτήν.
749 1134 796 1172 Τί
825 1133 862 1171 δέ
882 1137 986 1179 ἐστιν,
1004 1135 1048 1172 ‘O
1077 1150 1134 1184 μι-

107 1194 176 1230 σῶν
206 1194 334 1241 αὐτήν,
366 1193 410 1231 Ὁ
441 1194 489 1244 μὴ
522 1195 622 1233 εἴκων
649 1198 759 1247 αὐτῇ,
788 1195 831 1233 τὰ
853 1195 1053 1246 βλάπτοντα
1079 1211 1136 1233 κε-

106 1254 267 1307 λευούσῃ.
301 1255 371 1294 Καὶ
390 1258 450 1294 οὐκ
478 1250 585 1304 εἶπεν,
605 1260 622 1295 ὅ
645 1257 693 1307 μὴ
728 1257 829 1295 εἴκων
850 1259 935 1309 αὐτῇ
950 1286 959 1302 ,
983 1258 1073 1303 ἀλλ’,
1091 1256 1135 1294 ‘O

108 1320 218 1365 μισῶν
240 1317 361 1363 αὐτήν.
400 1318 568 1369 Καθάπερ
597 1317 665 1369 γὰρ
701 1320 770 1355 τῶν
803 1317 1021 1368 μισουμένων
1058 1316 1134 1355 οὐδὲ

107 1378 222 1429 φωνὴν
254 1381 399 1417 ἀκοῦσαι
433 1379 652 1430 ἀνεχόμεθα,
681 1380 756 1417 οὐδὲ
783 1379 860 1430 ὄψιν
890 1379 972 1416 ἰδεῖν
1001 1378 1133 1424 ἡδέως·

106 1438 195 1476 οὕτω
217 1439 277 1477 καὶ
302 1439 365 1486 τὴν
382 1439 511 1491 ψυχὴν,
535 1439 617 1477 ὅταν
644 1439 780 1478 ἐναντία
809 1439 978 1490 ἐπιτάττῃ
997 1442 1065 1476 τῶν
1085 1441 1136 1490 τῷ

105 1500 188 1552 Θεῷ
223 1500 429 1545 δοκούντων,
454 1499 542 1551 μετὰ
581 1500 812 1553 σφοδρότητος
856 1499 1136 1551 ἀποστρέφεσθαι

104 1560 191 1612 χρή.
215 1561 361 1609 Ἐπειδὴ
383 1561 450 1614 γὰρ
466 1561 546 1614 περὶ
563 1561 710 1600 θανάτου
732 1561 851 1612 μέλλει
875 1561 995 1599 λοιπὸν
1021 1563 1136 1605 αὐτοῖς

104 1623 342 1674 διαλέγεσθαι,
364 1626 511 1661 θανάτου
531 1628 591 1661 τοῦ
620 1626 742 1661 ἑαυτοῦ
757 1653 767 1670 ,
795 1622 854 1661 καὶ
878 1623 1016 1673 προεῖδε
1039 1625 1052 1642 ⁸
1067 1638 1134 1660 κα-

103 1688 296 1737 τηφοῦντας
319 1684 377 1722 καὶ
401 1684 704 1732 καταπίπτοντας,
730 1683 925 1736 ὑπερὲολὴν
945 1684 1134 1731 ἐποιήσατο

102 1745 211 1796 λέγων
226 1761 233 1768 ·
256 1745 291 1783 τί
309 1745 400 1796 λέγω
415 1777 424 1793 ,
444 1745 503 1783 ἐὰν
533 1745 581 1797 μὴ
603 1746 659 1783 τὸν
693 1745 774 1796 ἐμὸν
805 1745 949 1783 θάνατον
969 1745 1134 1797 γενναίως

103 1807 289 1858 ἐνέγκητε,
307 1807 366 1846 Ἂν
386 1808 453 1860 γὰρ
481 1810 578 1858 ὑμεῖς
608 1808 706 1846 αὐτοὶ
727 1807 776 1858 μὴ
798 1807 1020 1854 ἀποθάνητε,
1050 1810 1131 1858 ὑμῖν

102 1868 201 1907 ἔσται
225 1869 344 1922 κέρδος
372 1868 480 1907 οὐδέν.
506 1869 578 1906 Καὶ
613 1868 677 1922 ὅρα
699 1871 773 1911 πῶς
796 1872 1055 1920 παραμυθεῖται
1074 1867 1132 1906 τὸν
1155 1875 1179 1905 E

101 1930 214 1981 λόγον·
244 1931 387 1984 Σφόδρα
413 1925 454 1978 ἦν
479 1930 639 1982 φορτικὸν
671 1930 732 1968 καὶ
753 1929 902 1982 ἐπαχθὲς
923 1929 962 1967 τὸ
986 1930 1133 1968 ἀκοῦσαι

101 1991 152 2030 ὅτι
179 1992 229 2030 δεῖ
249 1993 431 2030 ἀποθανεῖν
460 1993 720 2044 φιλοψυχοῦντα
740 1990 822 2029 ι’τὸν
845 1991 1041 2042 ἄνθρωπον.
1064 1991 1133 2029 Καὶ

100 2053 134 2090 τί
158 2053 249 2105 λέγω
279 2054 318 2092 τὸ
339 2054 510 2101 παλαιόν;
531 2053 615 2091 ὅπου
638 2069 677 2104 γε
697 2052 757 2091 καὶ
777 2056 834 2090 νῦν
856 2051 1005 2094 πολλοὺς
1026 2052 1133 2103 εὓρήἡ

103 2131 205 2165 σομεν
224 2115 332 2161 ἡδέως
352 2115 467 2153 πάντα
486 2119 607 2153 παθεῖν
624 2114 858 2165 ὑπομένοντας
870 2144 878 2160 ,
898 2113 985 2166 ὑπὲρ
1001 2118 1060 2151 τοῦ
1075 2113 1133 2151 τὸν

101 2177 257 2228 παρόντα
268 2176 519 2228 καρπώσασθαι
532 2176 617 2227 βίον,
627 2176 802 2214 καὶταῦτα
814 2175 896 2226 περὶ
909 2178 978 2212 τῶν
992 2174 1134 2225 μελλόν-

99 2250 166 2272 των
182 2234 492 2285 πεπιστευμένους·
508 2234 540 2272 οἳ
557 2234 695 2272 ἐπειδὰν
711 2235 830 2272 ἴδωσιν
845 2233 1131 2284 οἰκοδομήματα,

101 2295 160 2333 καὶ
179 2295 403 2347 τεχνήματα,
424 2295 483 2333 καὶ
502 2295 743 2348 μηχανήματα
757 2324 767 2341 ,
787 2294 992 2347 δακρύουσιν
1017 2295 1131 2334 ἐπιλέ-

100 2372 233 2408 γοντες·
257 2357 350 2395 πόσα
371 2356 549 2409 ἅνθρωπος
579 2364 802 2409 μηχανᾶται,
825 2357 884 2395 καὶ
904 2356 1038 2408 γίνεται
1067 2355 1130 2394 κό-

101 2432 170 2462 νις;
207 2415 313 2454 Οὕτω
332 2416 443 2463 πολλὴ
464 2420 527 2462 τῆς
560 2415 738 2466 παρούσης
772 2418 860 2463 ζωῆς
892 2420 913 2463 ἡ
948 2415 1128 2467 ἐπιθυμία.
1153 2430 1178 2459 Α

103 2478 226 2515 Ταῦτα
257 2476 368 2515 τοίνυν
401 2477 549 2515 διαλύων
570 2480 586 2514 ὁ
606 2476 755 2528 Χριστὸς
778 2477 822 2515 τὰ
841 2476 953 2527 δεσμὰ
968 2506 977 2523 ,
999 2477 1103 2529 φησίν
1122 2493 1129 2500 ·

103 2537 146 2576 ‘O
172 2541 282 2589 μισῶν
307 2538 369 2584 τὴν
389 2537 503 2589 ψυχὴν
526 2538 627 2575 αὐτοῦ
653 2540 686 2575 ἐν
707 2541 756 2590 τῷ
787 2538 910 2589 κόσμῳ
930 2537 1058 2589 τούτῳ,
1082 2540 1129 2581 εἷς

100 2599 190 2646 ζωὴν
213 2600 348 2637 αἰώνιον
363 2597 505 2651 φυλάξει
520 2598 639 2645 αὐτήν.
658 2598 742 2637 *Oti
756 2598 822 2650 γὰρ
844 2599 986 2642 ἐκείνοις
1002 2615 1128 2652 παραι-

100 2664 166 2699 νῶν
186 2660 301 2712 ἔλεγε,
324 2660 383 2698 καὶ
404 2660 461 2697 τὸν
482 2658 586 2711 φόὲον
617 2661 727 2698 αὐτῶν
755 2659 950 2706 ὑπεκλύων,
981 2660 1127 2698 ἄκουσον

99 2726 168 2760 τῶν
193 2722 286 2768 ἑξῆς·
307 2721 351 2760 Ὁ
373 2721 450 2772 ἐμοὶ
470 2721 649 2769 διακονῶν,
668 2721 746 2772 ἐμοὶ
767 2721 1018 2760 ἀκολουθείτω·
1047 2721 1128 2773 περὶ

99 2787 158 2821 τοῦ
191 2784 337 2822 θανάτου
366 2783 490 2835 λέγων,
513 2782 571 2820 καὶ
599 2782 662 2829 τὴν
684 2782 740 2820 διὰ
769 2785 837 2820 τῶν
859 2782 967 2834 ἔργων
985 2782 1128 2821 ἀκολού-

99 2848 198 2890 θησιν
220 2847 392 2883 ἀπαιτῶν.
423 2846 485 2881 Δεῖ
503 2843 570 2897 γὰρ
598 2844 736 2887 πάντως
756 2844 813 2881 τὸν
835 2845 1058 2882 διακονοῦντα
1077 2846 1126 2895 τῷ

99 2905 354 2958 διακονουμένῳ
373 2905 529 2943 ἕπεσθαι.
551 2905 620 2943 Καὶ
640 2905 763 2944 σκόπει
782 2905 868 2943 πότε
889 2906 1001 2948 αὐτοῖς
1017 2910 1126 2943 ταῦτα

97 2967 313 3019 διαλέγεται·
336 2968 400 3019 οὐχ
423 2966 479 3004 ὅτε
508 2966 710 3014 ἐδιώκοντο,
732 2968 807 3005 ἀλλ’
831 2966 887 3004 ὅτε
918 2967 1125 3020 ἐθάρρησαν,

95 3027 153 3066 ὅτε
174 3028 337 3079 ἐνόμισαν
359 3030 392 3065 ἐν
414 3027 588 3079 ἀσφαλείᾳ
609 3021 717 3076 εἶναι,
738 3027 794 3065 διὰ
814 3027 876 3075 τὴν
897 3032 964 3066 τῶν
985 3029 1123 3066 πολλῶν

95 3089 202 3140 τιμὴν
227 3089 285 3128 καὶ
312 3089 495 3141 θεραπείαν
512 3104 520 3111 ·
541 3089 599 3128 ὅτε
626 3090 685 3127 καὶ
705 3091 932 3136 διαναστῆναι
957 3089 1123 3135 ἠδύναντο

1205 467 1317 504 strat,
1344 472 1403 495 me
1435 466 1620 510 sequatur
1637 473 1648 493 .·
1670 466 1706 494 et
1739 459 1804 494 ubi'
1827 471 1895 508 ego
1929 471 2027 503 sum,
2055 459 2137 495 illic
2157 468 2192 496 et

1205 522 1379 557 minister
1394 534 1497 557 meus
1517 522 1601 557 erit.
1623 519 1706 556 Ilaee
1722 519 1901 570 aenigmati
1918 519 2048 556 similia
2069 519 2193 557 viden-

1204 589 1273 629 tur,
1291 595 1401 632 neque
1423 590 1538 618 tamen
1556 590 1649 628 sunt,
1671 580 1734 618 scd
1747 580 1868 618 multze
1881 580 1984 632 plena
2001 581 2192 632 sapientiae.

1204 641 1250 678 Et
1267 641 1445 692 quomodo
1470 643 1544 692 Qui
1578 650 1687 678 uincit
1711 644 1886 679 animum
1913 657 2039 687 suain,
2060 643 2191 693 perdet
2207 645 2364 683 Quomodo

2319 695 2396 717 amat

1202 717 1289 740 eam
1301 707 1317 740 Ρ
1347 703 1407 740 'hii
1429 702 1595 741 absurdis
1610 704 1685 755 ejus
1701 703 1995 755 concupiscentiis
2012 703 2191 755 obtempe-
2207 698 2257 723 ‘¹¹¹¹

1203 890 1345 924 ani'inoe
1374 896 1461 925 tuce.
1494 887 1553 925 Sic
1581 887 1675 924 0111111
1698 887 1799 925 illam
1827 886 1953 939 perdes
1974 892 2076 936 (nam
2093 902 2111 924 a
2134 887 2193 925 via
2206 896 2260 925 3ο.

1202 947 1249 986 ad
1268 948 1440 986 virtutem
1458 957 1582 1000 agente
1601 947 1767 997 abducit)
1783 966 1789 984 .·
1812 957 1850 985 ut
1866 958 1998 996 contra,
2019 950 2093 999 Qui
2114 949 2195 986 odit

1203 1024 1290 1047 eam
1308 1013 1350 1047 in
1366 1011 1438 1047 hoe
1471 1010 1628 1055 mundo,
1666 1012 1834 1048 servabit
1865 1023 1965 1047 eam.
1998 1008 2098 1055 Quid
2126 1018 2194 1057 est,

1209 1072 1283 1121 Qui
1298 1073 1379 1109 odit
1394 1076 1506 1108 eam?
1523 1071 1596 1118 Qui
1608 1071 1662 1108 illi
1682 1071 1878 1123 perniciosa
1893 1071 2033 1123 jubenti
2052 1070 2194 1108 resistit.

1204 1134 1327 1183 Neque
1342 1132 1447 1181 dixit,
1459 1133 1531 1179 Qui
1549 1148 1618 1170 non
1634 1133 1744 1170 credit
1757 1133 1803 1181 ei,
1818 1132 1894 1181 sed,
1913 1134 1987 1184 Qui
2001 1133 2081 1169 odii
2096 1146 2194 1169 eam.

1205 1193 1517 1241 Quemadmodum
1538 1193 1631 1231 enim
1652 1193 1791 1231 odiosos
1811 1208 1874 1230 nec
1888 1193 2012 1231 audire
2032 1193 2194 1242 libenter,

1204 1268 1266 1291 nee
1277 1253 1397 1292 videre
1412 1254 1550 1306 placide
1565 1268 1754 1306 possumus
1777 1271 1784 1291 ε
1803 1254 1852 1292 sic
1869 1264 1901 1292 et
1921 1254 2091 1302 animam,
2113 1268 2195 1291 cnm

1204 1316 1377 1353 contraria
1390 1316 1455 1354 Dei
1470 1315 1645 1354 voluntati
1664 1316 1826 1368 praecipit
1853 1316 2078 1355 vehementer
2096 1330 2196 1353 aver-

1204 1377 1274 1413 sari
1294 1386 1443 1428 oportet.
1471 1377 1568 1424 Quia
1582 1376 1676 1413 enim
1694 1378 1771 1428 jam
1785 1377 1829 1415 de
1849 1387 1960 1415 morte
1980 1378 2195 1427 loquuturus

1205 1445 1255 1474 est
1275 1436 1368 1482 illis,
1390 1436 1434 1474 de
1450 1446 1567 1474 morte
1596 1437 1732 1474 scilicet
1761 1452 1838 1483 sua,
1856 1438 2096 1490 praevidetque
2115 1437 2195 1474 illos

1204 1496 1241 1534 in
1262 1497 1466 1535 moestitiam
1482 1497 1688 1549 delapsuros
1708 1512 1792 1543 esse,
1809 1512 1880 1536 rem
1898 1498 2099 1535 sublimiori
2120 1512 2196 1535 mo-

1203 1558 1250 1596 do
1270 1567 1418 1596 tractat:
1437 1559 1535 1605 Quid
1551 1558 1643 1608 dico,
1659 1559 1689 1596 si
1703 1569 1853 1597 mortem
1871 1575 1986 1597 meam
2007 1575 2075 1598 non
2095 1561 2197 1597 forti-

1203 1628 1256 1657 ter
1276 1619 1421 1657 feratis?
1440 1619 1517 1658 Nisi
1545 1634 1609 1658 vos
1638 1620 1707 1672 ipsi
1738 1620 1953 1670 moriamini,
1986 1620 2076 1658 nihil
2095 1621 2198 1659 vobis

1204 1680 1294 1718 lucri
1315 1681 1500 1734 supererit.
1530 1681 1576 1719 Et
1604 1681 1687 1720 vide
1715 1681 1894 1732 quomodo
1922 1682 2198 1720 consolationem

1204 1743 1357 1781 sermoni
1376 1743 1561 1782 admiscet.
1575 1743 1693 1784 Valde
1709 1743 1842 1781 durum
1863 1754 1896 1782 et
1911 1744 2100 1781 molestum
2125 1754 2199 1783 erat

1203 1804 1343 1855 audire,
1364 1805 1546 1842 hominem
1561 1805 1687 1843 animae
1705 1820 1775 1843 suae
1803 1806 2087 1843 amantissimum
2107 1807 2197 1844 mori

1204 1876 1375 1918 oportere.
1392 1867 1537 1918 Ecquid
1558 1876 1676 1906 vetera
1695 1882 1908 1915 recenseam,
1934 1868 2076 1918 quando
2103 1881 2198 1906 nunc

1203 1927 1310 1965 etiam
1330 1927 1460 1965 multos
1480 1928 1701 1967 inveniemus
1717 1928 1778 1979 qui
1799 1928 1948 1966 libenter
1977 1929 2096 1966 omnia
2110 1929 2197 1967 tole-

1202 1998 1291 2038 rent,
1310 1998 1348 2026 ut
1367 1989 1434 2027 hac
1453 1990 1526 2028 vita
1538 1991 1714 2039 fruantur,
1732 1990 1871 2028 etiamsi
1891 1991 2012 2028 futura
2028 1990 2196 2028 credant?

1202 2050 1264 2100 qui
1285 2065 1366 2088 eum
1385 2051 1507 2089 vident
1529 2051 1693 2099 aedificia,
1724 2051 1880 2103 opificia,
1906 2052 2104 2099 machinas,
2143 2052 2195 2088 la-

1203 2121 1405 2164 crymantes
1421 2112 1501 2149 talia
1513 2111 1637 2150 dicunt
1654 2128 1661 2148 ε
1677 2114 1819 2160 Quanta
1830 2112 2055 2150 machinatur
2070 2112 2192 2161 1101110,

1203 2182 1236 2211 et
1249 2173 1372 2225 pulvis
1385 2173 1566 2210 efficitur?
1582 2174 1635 2210 Ita
1648 2187 1775 2225 magna
1789 2182 1838 2211 est
1850 2173 1999 2225 hujusce
2017 2172 2099 2211 vitae
2114 2187 2196 2211 con-

1203 2235 1431 2288 cupiscentia.
1453 2235 1536 2273 Haec
1558 2236 1674 2287 itaque
1697 2235 1840 2274 vincula
1869 2235 2007 2274 solvens
2031 2235 2195 2273 Christus

1201 2296 1250 2334 ait
1277 2312 1285 2332 :
1310 2298 1386 2347 Qui
1406 2298 1487 2334 odit
1507 2300 1682 2334 animam
1697 2311 1809 2334 suam
1826 2299 1867 2334 in
1881 2298 1952 2334 hoc
1979 2298 2135 2344 munde,
2153 2300 2196 2335 in

1202 2361 1330 2395 vitam
1348 2367 1531 2396 ceternam
1552 2360 1740 2396 custodiet
1760 2373 1859 2396 eam.
1889 2359 1995 2405 Quod
2015 2368 2133 2396 autem
2156 2369 2195 2397 ut

1200 2418 1281 2456 illos
1296 2429 1465 2469 moneret,
1484 2429 1516 2457 et
1533 2429 1667 2457 metum
1688 2434 1810 2457 eorum
1825 2420 1989 2469 solveret,
2000 2420 2074 2456 hzec
2093 2419 2194 2457 dixe-

1199 2480 1258 2529 rit,
1275 2480 1360 2518 audi
1376 2495 1420 2517 ex
1437 2480 1662 2531 sequentibus
1681 2495 1688 2516 ε
1704 2482 1767 2518 96.
1785 2481 1967 2530 Quintilii
1980 2483 2189 2528 ministrat,

1200 2556 1259 2579 me
1278 2550 1463 2594 sequatur
1472 2558 1487 2586 ,-
1505 2541 1549 2577 de
1574 2550 1687 2579 morte
1706 2541 1866 2592 loquens,
1887 2550 1919 2579 et
1941 2550 1979 2578 ut
2002 2555 2065 2593 per
2086 2556 2192 2594 opera

1198 2602 1318 2654 ipsum
1332 2611 1526 2652 sequantur
1548 2602 1705 2653 exigens.
1729 2601 1894 2640 Minister
1917 2602 2011 2640 enim
2033 2600 2116 2640 eum
2134 2603 2191 2640 cui

1199 2664 1377 2701 ministrat
1386 2663 1484 2714 sequi
1494 2663 1637 2700 omnino
1651 2662 1766 2700 debet.
1777 2663 1824 2700 Et
1838 2663 2021 2701 considera
2030 2663 2190 2714 quando-

1198 2740 1281 2763 nam
1297 2725 1371 2762 haec
1393 2725 1560 2775 loquatur
1580 2741 1587 2761 :
1609 2739 1678 2762 non
1703 2739 1785 2762 cum
1800 2725 2111 2777 persequutionem
2124 2741 2190 2778 pa-

1196 2786 1390 2832 tiebantur,
1417 2785 1478 2823 sed
1500 2800 1581 2822 cum
1600 2785 1635 2822 in
1650 2785 1783 2823 fiducia
1804 2786 1980 2838 degebant
2001 2795 2034 2824 et
2057 2786 2091 2824 in
2111 2796 2188 2825 tuto

1197 2862 1269 2885 esse
1283 2847 1465 2899 putabant,
1479 2862 1499 2884 a
1519 2847 1641 2885 multis
1660 2847 1824 2885 honorati
1842 2857 1874 2885 et
1895 2848 2094 2897 culti3cum
2114 2862 2187 2885 sese

1196 2908 1330 2959 erigere
1357 2917 1518 2959 poterant
1552 2917 1586 2946 et
1619 2908 1770 2946 audire:
1796 2911 1849 2946 Et
1881 2910 1996 2946 tollat
2033 2923 2183 2946 crucem
2199 2927 2312 2955 Jsfiml,
2339 2929 2386 2958 ¹5,

1194 2984 1322 3016 suam,
1347 2978 1383 3007 et
1402 2979 1587 3022 Sequatur
1603 2984 1688 3007 me:
1712 2969 1752 3007 id
1780 2979 1842 3019 est,
1866 2972 2014 3008 Paratus
2047 2972 2246 3022 5010110124-

1195 3041 1267 3069 esto
1288 3030 1334 3068 ad
1353 3031 1524 3083 pericula,
1544 3030 1590 3068 ad
1611 3040 1772 3080 mortem,
1803 3031 1848 3070 ad
1875 3031 2106 3083 migrandum
2138 3045 2183 3069 ex

1193 3093 1260 3130 hac
1276 3093 1362 3131 vita.
1381 3092 1521 3130 Deinde
1549 3107 1632 3130 cum
1651 3093 1773 3144 gravia
1793 3102 1826 3130 et
1854 3093 2000 3130 molesta
2020 3092 2182 3142 dixisset,

96 3150 155 3187 καὶ
175 3153 320 3189 ἀκοῦσαι
336 3165 343 3172 ·
362 3149 431 3188 Καὶ
452 3150 571 3202 ἀράτω
588 3150 644 3188 τὸν
673 3150 819 3202 σταυρὸν
841 3151 942 3188 αὐτοῦ
959 3150 1019 3188 καὶ
1040 3153 1122 3188 ἀκο-
1144 3160 1166 3189 Β
1191 3155 1380 3208 praemium
1401 3154 1517 3193 addit.
1552 3155 1746 3202 Quodnam
1778 3155 1895 3193 illud?
1925 3155 2031 3202 Quod
2063 3155 2180 3206 ipsum

95 3217 261 3256 λουθείτω
291 3233 370 3268 μοι·
403 3217 592 3266 τουτέστιν,
624 3217 678 3256 ἀεὶ
705 3216 1010 3270 παρατεταγμένος
1040 3217 1118 3265 ἔσο,

140 3356 153 3370 a
170 3345 230 3377 Alii
245 3352 516 3392 καταφρονοῦντας.

141 3399 155 3421 b
171 3397 376 3439 [Articulum
391 3399 552 3432 omittunt
569 3397 672 3431 Savil.
691 3405 722 3430 et
736 3396 845 3431 Codd.
871 3399 974 3431 nostri
991 3425 998 3439 ‚
1014 3397 1104 3440 quod

1192 3225 1370 3268 sequatur,
1382 3215 1480 3267 quod
1499 3216 1544 3255 sit
1564 3230 1635 3254 nna
1665 3230 1785 3255 secum
1808 3232 1816 3253 ι
1839 3216 2024 3255 ostendens
2043 3218 2116 3256 fore
2142 3228 2181 3256 ut

1172 3346 1292 3389 placet.
1306 3347 1316 3387 ]

2270 732 2394 758 animam

1203 773 1271 814 rat,
1288 765 1347 815 qui
1369 765 1449 816 plus
1463 779 1570 815 quam
1590 779 1655 816 par
1683 773 1734 801 cst
1763 764 1791 802 ci
1825 764 1996 816 indulget.
2025 764 2108 802 Ideo
2127 763 2191 802 ad-
2206 780 2285 797 suam
2326 783 2394 809 per-

1388 827 1393 833 ,
1444 826 1449 833 .
1573 828 1587 839 Τ
1630 829 1636 835 ,
1868 830 1874 835 .
1998 829 2004 835 .
2040 830 2045 835 .
2115 829 2120 835 .
2207 813 2255 838 dci
2270 823 2343 840 eam.

1202 836 1320 864 monet
1335 841 1525 878 quispiam⁷
1541 827 1634 864 [toli
1648 827 1850 864 ambulare
1861 842 1902 864 ιη
1917 827 2191 878 cupiditatibus
2206 854 2303 883 Eccii.
2327 854 2372 883 ¹3·
