2481 3678
679 232 721 260 IN
759 230 967 261 sommum
1005 231 1158 260 nomn„
1198 230 1360 259 xxxiii.
1399 215 1459 259 al.
1500 231 1638 260 xxxii.
2104 240 2183 269 221

113 312 292 350 φέρεσθαι·
315 311 504 358 τουτέστιν,
527 311 583 349 διὸ.
600 313 661 357 τῆς
687 315 803 364 qviq-Z<
830 313 888 350 καὶ
913 316 973 359 τῆς
993 316 1051 350 τοῦ
1072 316 1129 350 νοῦ
1154 315 1176 344 E
1204 309 1341 347 Idcirco
1360 310 1408 346 ait
1430 325 1436 344 :
1457 311 1510 348 Et
1527 311 1750 351 adoratores
1761 317 1853 365 ejus,
1866 317 1906 351 in
1916 319 2052 366 spiritu
2074 329 2107 356 et
2126 334 2194 358 ve-

112 373 358 424 καθαρότητος.
389 371 452 410 Διό
466 387 551 423 φησι
564 388 571 396 ·
593 372 662 410 Καὶ
679 372 757 416 τοὺς
775 378 1052 424 προσκυνοῦντας
1071 375 1133 409 αὐ-

112 433 182 480 τὸν,
200 435 234 471 ἐν
253 432 427 483 πνεύματι
439 433 498 470 καὶ
517 433 659 485 ἀληθεία
678 435 727 471 δεῖ
746 440 965 486 προσκυνεῖν.
984 432 1131 477 Ἐπειδὴ

110 494 178 546 γὰρ
197 494 256 531 καὶ
276 496 398 531 ἐκεῖνοι
426 494 486 531 καὶ
506 497 536 532 οἱ
559 493 720 532 Ἰουδαῖοι
740 498 802 540 τῆς
827 495 889 544 μὲν
908 496 1022 545 ψυχῆς
1042 491 1129 542 ἠμέ-

110 555 204 600 λουν,
227 554 360 601 πολλὴν
390 555 426 592 δὲ
443 556 547 606 ”kraft
568 557 605 593 τὸ
634 558 736 606 σῶμα
757 554 910 599 σπουδὴν
932 556 1111 592 ἐποιοῦντο
1126 581 1135 596 ,

110 615 329 667 καθαίροντες
360 617 442 654 αὐτὸ
466 618 716 663 παντοδαπῶς,
738 615 840 668 φησιν
859 615 911 652 ὅτι
941 616 979 652 οὐ
1005 618 1047 666 τῇ
1075 617 1134 651 τοῦ

109 675 270 726 σώματος
297 678 530 729 καθαρότητι,
566 677 655 715 ἀλλὰ
682 680 732 728 τῷ
765 678 799 713 ἐν
829 679 914 725 ἡμῖν
935 675 1134 727 ἀσωμάτῳ,
1162 688 1181 715 Α

109 735 290 784 τουτέστι,
312 740 362 789 τῷ
383 741 430 789 νῷ
446 768 454 784 ,
472 741 490 775 ὁ
507 737 694 788 ἀσώματος
715 735 956 788 θεραπεύεται.
979 734 1041 781 Μὴ
1064 734 1134 772 τοί-

109 813 168 834 νυν
187 797 349 849 xpo-'Zau
381 799 477 836 θύετε
506 799 565 836 καὶ
595 798 770 849 μόσχους,
794 798 870 834 ἀλλ’
904 797 982 834 ὅλον
1011 796 1136 835 σαυτὸν

111 857 232 901 ἀνάΟες
258 862 307 911 τῷ
335 862 418 911 Θεῷ
448 860 506 897 καὶ
531 858 770 896 ὁλοκαύτωσον
788 873 796 880 ·
829 862 931 895 τοῦτο
962 858 1028 909 γάρ
1063 859 1138 895 ἐστι

112 918 231 956 θυσίαν
247 921 359 963 ζῶσαν
380 922 618 971 παραστῆσαι.
637 917 699 956 Ἐν
715 917 782 969 γὰρ
798 917 944 969 ἀληθεία
964 919 1015 956 δεῖ
1030 933 1139 969 προσ-

109 986 241 1017 κυνεῖν·
266 984 312 1024 ὡς
331 982 374 1019 τοί
395 996 433 1033 γε
454 981 608 1032 πρότερα
629 980 736 1023 τύπος
754 974 812 1028 ἦν,
830 983 852 1026 ἡ
871 979 1069 1031 περιτομὴ,
1097 979 1141 1017 τὰ

120 1040 413 1092 ὁλοκαυτώματα,
444 1041 487 1079 τὰ
514 1041 673 1092 θύματα,
701 1041 744 1079 τὰ
765 1041 988 1092 θυμιάματα·
1010 1040 1082 1078 νυνὶ
1107 1040 1142 1078 δὲ

120 1101 247 1139 οὐκέτι·
280 1104 356 1140 ἀλλ’
387 1102 533 1149 ἀλήθεια
552 1103 592 1140 τὸ
611 1110 692 1140 πᾶν.
719 1103 771 1140 Οὐ
802 1101 870 1154 γὰρ
897 1101 1031 1153 σάρκα,
1054 1100 1144 1138 ἀλλὰ

119 1163 289 1215 πονηροὺς
315 1165 365 1201 δεῖ
398 1164 620 1215 περικόπτειν
648 1162 835 1214 λογισμοὺς
851 1191 860 1208 ,
891 1162 949 1200 καὶ
975 1167 1143 1214 σταυροῦν

119 1224 253 1272 ἑαυτὸν,
270 1225 328 1262 καὶ
347 1224 409 1267 τὰς
424 1225 568 1275 ἀλόγους
586 1225 738 1275 ἀναιρεῖν
756 1223 940 1274 ἐπιθυμίας
959 1222 1017 1261 καὶ
1032 1238 1143 1260 κατα-

120 1283 295 1335 σφάττειν.
313 1284 521 1336 Ἰλιγγίασεν
544 1288 566 1331 ἡ
591 1286 677 1335 γυνὴ
706 1283 792 1336 πρὸς
808 1283 852 1320 τὰ
865 1282 1034 1335 λεχθέντα
1047 1313 1056 1331 ,
1085 1283 1144 1320 καὶ

120 1345 338 1398 ἀπηγόρευσε
355 1347 439 1398 πρὸς
456 1347 495 1385 τὸ
508 1346 591 1398 ὕψος
605 1349 674 1384 τῶν
688 1345 893 1397 εἰρημένων,
910 1344 968 1382 καὶ
983 1348 1145 1395 καμοῦσα

120 1407 266 1444 ἄκουσον
286 1407 320 1444 τί
343 1423 446 1459 φησιν
460 1424 467 1431 ·
488 1402 580 1446 Οἶδα
600 1407 654 1445 ὅτι
677 1407 818 1458 ἔρχεται
837 1406 994 1448 Μεσσίας
1010 1409 1028 1443 ὃ
1043 1406 1144 1456 λεγό-
1170 1425 1190 1454 ss

121 1483 221 1518 μενος
251 1468 420 1519 Χριστός·
447 1469 528 1506 ὅταν
557 1468 640 1519 ἔλθῃ
671 1469 823 1513 ἐκεῖνος,
850 1468 1032 1516 ἀναγγελεῖ
1060 1469 1145 1516 ἡμῖν

119 1527 247 1565 πάντα.
277 1528 382 1580 Λέγει
404 1530 490 1579 αὐτῇ
509 1531 526 1565 ὃ
549 1527 702 1573 Ἰησοῦς·
722 1526 790 1577 ἐγώ
819 1528 890 1576 εἶμι
909 1530 926 1564 ὃ
942 1527 1058 1564 λαλῶν
1079 1541 1144 1563 σοι.

119 1587 190 1626 Καὶ
220 1587 322 1626 πόθεν
342 1587 582 1640 Σαμαρείταις
607 1587 647 1625 τὸ
665 1588 863 1639 προσδοκᾷν
881 1585 944 1632 τὴν
962 1590 1022 1624 τοῦ
1054 1586 1145 1637 Χρι-

119 1652 202 1687 στοῦ
228 1648 434 1701 παρουσίαν,
456 1648 513 1686 τὸν
545 1647 700 1686 Μωϋσεά
720 1646 899 1697 δεξάμενοι
925 1646 1049 1698 μόνον,
1068 1646 1142 1683 Ἀπ’

119 1712 233 1749 αὐτῶν
261 1714 329 1749 τῶν
356 1711 532 1754 Μωϋσέως
561 1709 793 1762 γραμμάτων.
823 1708 892 1747 Καὶ
910 1708 977 1760 γὰρ
997 1710 1032 1746 ἐν
1051 1709 1144 1760 ἀρχῇ

118 1771 178 1809 τὸν
198 1772 282 1810 Υἱὸν
302 1771 517 1823 ἀπεκάλυψε.
539 1771 592 1809 Τὸ
614 1770 700 1822 γὰρ,
718 1769 932 1820 Ποιήσωμεν
963 1769 1144 1822 ἄνθρωπον

118 1835 197 1871 κατ’
226 1832 342 1870 εἰκόνα
369 1832 428 1870 καὶ
458 1834 534 1870 καθ’
567 1831 731 1883 ὁμοίωσιν
755 1830 942 1882 ἡμετέραν,
976 1830 1062 1882 πρὸς
1086 1829 1143 1868 τὸν

120 1894 203 1932 Υἱὸν
224 1893 357 1946 εἴρητο’
376 1893 434 1931 καὶ
448 1895 498 1945 τῷ
516 1893 675 1945 Ἀὸραὰμ
696 1894 730 1930 ἐν
747 1896 790 1944 τῇ
812 1896 922 1943 σκηνῇ
937 1887 1034 1934 οῧτός
1050 1893 1144 1929 ἐστιν

119 1957 138 1992 ὁ
156 1955 415 2007 διαλεγόμενος·
432 1954 491 1992 καὶ
510 1957 527 1992 ὃ
547 1953 678 1992 Ἰακὼὸ
695 1954 774 2004 περὶ
792 1955 896 1991 αὐτοῦ
916 1952 1144 2005 προφητεύων

119 2016 237 2068 ἔλεγεν
254 2032 261 2039 ·
282 2018 360 2054 Οὐκ
379 2015 532 2067 ἐκλείψει
548 2015 666 2067 ἅρχων
686 2014 719 2059 ἐξ
739 2013 870 2062 Ἰούδα,
894 2014 971 2052 οὐδὲ
989 2014 1123 2065 ἡγούμε
1140 2037 1144 2041 -

118 2093 174 2121 νος
201 2079 241 2115 ἐκ
266 2080 335 2115 τῶν
357 2080 478 2128 μηρῶν
496 2079 600 2115 αὐτοῦ
615 2105 624 2122 ,
645 2076 708 2119 ἕως
733 2075 774 2113 ἂν
788 2075 872 2127 ἔλθῃ
890 2069 918 2127 ᾧ
939 2075 1145 2124 ἀπόκειται,

117 2138 178 2177 καὶ
197 2139 298 2181 αὐτὸς
315 2137 507 2190 προσδοκία
533 2139 648 2175 ἐθνῶν.
678 2136 748 2175 Καὶ
768 2135 869 2179 αὐτὸς
900 2135 935 2173 δὲ
955 2138 973 2173 ὁ
992 2138 1146 2182 Μωϋσῆς
1169 2150 1192 2180 C

119 2215 225 2251 φησι·
256 2198 450 2251 Προφήτην
478 2202 558 2249 ὑμῖν
591 2198 781 2244 ἀναστήσει
809 2197 936 2250 Κύριος
954 2200 971 2235 ὅ
990 2198 1079 2241 Θεὸς
1107 2199 1147 2236 ἐκ

117 2262 187 2298 τῶν
208 2261 364 2312 ἀδελφῶν
384 2263 495 2310 ὑμῶν,
517 2263 561 2303 ὡς
579 2259 661 2309 ἐμέ·
679 2261 783 2298 αὐτοῦ
801 2259 1000 2298 ἀκούσεσθε.
1018 2259 1087 2297 Καὶ
1103 2259 1147 2297 τὰ

118 2321 209 2360 κατὰ
228 2322 285 2360 τὸν
302 2322 390 2374 ὄφιν,
407 2322 466 2360 καὶ
483 2321 527 2359 τὰ
544 2321 635 2359 κατὰ
650 2320 713 2368 τὴν
730 2320 857 2372 §deam
871 2319 935 2366 τὴν
951 2319 1144 2367 Μωϋσέως,

119 2382 179 2421 καὶ
197 2382 241 2420 τὰ
269 2381 359 2420 κατὰ
380 2382 438 2420 τὸν
458 2381 582 2420 Ἰσαὰκ
601 2381 662 2420 καὶ
681 2382 721 2420 τὸ
740 2381 928 2433 πρόὸατον,
948 2381 1008 2419 καὶ
1033 2381 1148 2419 πολλὰ

118 2442 222 2494 ἕτερα
238 2444 317 2488 ἐνῆν
340 2441 561 2494 βουλομένοις
580 2442 735 2494 ἐκλέγειν
752 2442 815 2488 τὴν
833 2441 1026 2493 παρουσίαν
1043 2443 1146 2479 αὖτοῧ

120 2502 419 2555 ἀνακηρύττοντα.
438 2503 509 2541 Καὶ
527 2501 561 2539 τί
594 2502 744 2549 δήποτε,
766 2502 883 2554 φησὶν,
905 2504 967 2540 οὐκ
981 2502 1050 2540 ἀπὸ
1066 2502 1147 2540 τού-

121 2579 189 2601 των
211 2566 310 2614 ἐνῆγε
333 2563 395 2609 τὴν
427 2568 575 2613 γυναῖκα
598 2566 615 2600 ὅ
632 2562 800 2614 Χριστὸς,
821 2561 912 2599 ἀλλὰ
929 2565 978 2614 τῷ
997 2562 1058 2612 μὲν
1082 2565 1147 2601 Νι-

122 2623 266 2675 κοδήμῳ
292 2624 349 2661 τὸν
375 2623 451 2675 ὅφιν
472 2625 519 2665 εἷς
539 2622 644 2672 μέσον
660 2622 788 2673 ἤγαγε,
809 2622 868 2659 καὶ
888 2625 937 2674 τῷ
958 2622 1150 2685 Ναθαναὴλ

122 2684 334 2737 προφητείας
349 2683 523 2735 ἀνέμνησε
536 2699 543 2707 ·
561 2682 671 2734 ταύτῃ
685 2682 730 2720 ’δὲ
747 2683 842 2722 οὐδὲν
857 2686 1013 2720 τοιοῦτον
1031 2687 1125 2721 εἶπεν
1139 2700 1149 2730 ;

121 2746 227 2789 Τίνος
254 2739 312 2783 οῧν
345 2745 457 2783 ἕνεκεν
476 2745 536 2782 καὶ
560 2744 671 2792 διατί,
688 2742 774 2782 ζΌτι
804 2745 928 2782 ἐκεῖνοι
950 2743 1012 2794 μὲν
1031 2745 1150 2797 ἄνδρες

123 2801 224 2855 ἦσαν,
246 2805 305 2844 καὶ
324 2807 359 2843 ἐν
374 2805 507 2849 τούτοις
525 2805 750 2857 ἐστρέφοντο·
774 2804 863 2850 αὕτη
884 2804 920 2842 δὲ
939 2804 1025 2856 γυνὴ
1054 2821 1149 2843 πενι-
1176 2806 1198 2834 D

123 2867 194 2919 γρὰ
209 2897 220 2914 ,
250 2866 309 2905 καὶ
332 2866 468 2917 ἀμαθὴς
489 2896 498 2913 ,
521 2865 580 2903 καὶ
600 2867 750 2917 Γραφῶν
779 2866 932 2916 ἄπειρος.
962 2865 1031 2902 Διὰ
1049 2869 1151 2903 τοῦτο

123 2913 211 2974 οῖύτῆ
232 2929 294 2966 οὖκ
314 2928 382 2966 ἀπὸ
400 2927 530 2965 τούτων
552 2926 772 2977 διαλέγεται,
795 2928 872 2964 ἀλλ’
898 2927 967 2965 ἀπὸ
984 2930 1043 2964 τοῦ
1063 2926 1148 2964 ὕδα-

123 3003 181 3031 τος
195 2971 254 3026 καὶ
269 2990 332 3034 τῆς
347 2987 570 3041 προρρήσεως
585 2987 692 3034 αὐτὴν
710 2989 914 3033 ἐπισπᾶται,
924 2986 983 3024 καὶ
995 2986 1052 3024 διὰ
1068 2986 1147 3024 τού-

125 3066 193 3088 των
222 3051 270 3093 εἷς
298 3049 440 3099 μνήμην
461 3049 538 3099 ἄγει
561 3052 620 3086 τοῦ
646 3049 826 3099 Χριστοῦ,
848 3048 907 3085 καὶ
938 3046 1150 3085 ἐκκαλύπτει

124 3110 246 3149 λοιπὸν
267 3110 388 3149 ἑαυτόν
402 3126 410 3134 ·
430 3109 515 3161 ὅπερ
536 3109 576 3146 ἂν
597 3111 626 3147 εἷ
641 3109 738 3161 παρὰ
756 3109 820 3156 τὴν
838 3109 950 3161 ἀρχὴν
974 3107 1022 3158 μὴ
1041 3110 1150 3155 ζητη-

128 3171 219 3223 σοίσγΙ
240 3174 282 3223 τῇ
296 3170 434 3222 γυναικὶ
452 3164 560 3218 εἶπεν,
579 3170 691 3214 ἔδοξεν
708 3169 748 3207 ἂν
768 3172 856 3221 αὐτῇ
876 3171 1007 3221 ληρεῖν,
1028 3169 1087 3206 καὶ
1107 3171 1151 3207 εἷ-

128 3235 174 3284 κῇ
197 3232 420 3284 φθέγγεσθαι.
447 3234 521 3270 Νῦν
549 3230 584 3269 δὲ
616 3231 707 3269 κατὰ
735 3230 857 3282 μικρὸν
884 3229 991 3277 αὐτὴν
1011 3231 1069 3268 ἐπὶ
1087 3229 1150 3276 τὴν

179 3367 192 3381 e
211 3356 322 3389 Morel.
342 3361 409 3400 περὶ
423 3360 475 3389 τοῦ
491 3363 639 3399 σώματος.

298 3420 378 3443 ΤΟΜ
385 3436 390 3441 .
423 3420 464 3443 VI
474 3420 483 3443 l
493 3420 502 3443 l
512 3437 518 3443 .

1205 372 1240 406 ri
1245 377 1324 407 tate
1340 379 1486 421 oportet
1501 372 1677 410 adorare.
1695 374 1785 411 Cum
1799 374 1893 412 enim
1909 385 1941 413 ct
1958 376 2010 413 illi
2031 387 2063 415 ct
2079 380 2098 417 J
2104 381 2193 418 uslai

1206 430 1363 468 animam
1391 432 1622 483 negligerent,
1650 434 1868 486 multamque
1892 439 2048 489 corporis
2076 454 2193 479 cui-am

1208 501 1382 542 gererent,
1416 493 1603 545 ipsumque
1632 496 1834 534 omnimode
1866 510 2068 549 purgarent,
2109 501 2195 539 (licit

1206 567 1275 590 non
1299 554 1457 605 corporis
1469 556 1634 607 puritate,
1652 557 1712 594 sed
1738 558 1800 595 illo
1824 559 1919 609 quod
1950 560 2196 613 incorporeum

1207 614 1243 652 in
1263 615 1366 653 nobis
1386 625 1448 663 est,
1469 617 1603 655 scilicet
1620 628 1747 666 mente,
1764 619 2011 672 incorporeum
2033 637 2106 661 essc
2138 638 2194 661 co-

1208 677 1367 715 lendum.
1388 679 1441 716 Ne
1461 678 1579 730 itaque
1599 695 1681 719 oves
1710 690 1743 719 et
1770 682 1918 732 vitulos,
1951 683 2011 721 sed
2043 685 2196 737 teipsum

1208 738 1296 775 offer
1313 739 1387 776 Deo
1408 739 1445 775 in
1465 739 1730 779 holocaustum:
1760 742 1828 780 hoc
1856 752 1906 781 est
1930 744 2023 781 cnim
2044 745 2197 784 hostiam

1208 800 1388 838 viventem
1415 801 1594 840 exhibere.
1629 805 1669 840 In
1699 804 1844 842 veritam
1874 819 2027 857 namque
2051 808 2198 846 adorare

1209 870 1358 912 oportet.
1376 862 1425 899 Ut
1438 863 1555 914 priora
1572 873 1681 916 typus
1693 874 1805 911 erant,
1825 879 1950 918 nempe
1961 868 2198 915 circumcisio,

1209 921 1427 973 holocausta,
1458 925 1645 971 sacrificia,
1666 926 1868 976 incensum3
1896 942 1990 966 nunc
2010 940 2100 968 certe
2129 945 2197 968 nou

1210 981 1296 1020 item
1303 999 1313 1032 ;
1329 983 1389 1021 scd
1404 984 1523 1022 omnia
1539 986 1681 1024 veritas.
1700 988 1778 1025 Non
1794 988 1889 1026 enim
1913 1003 1993 1027 caro
2014 991 2199 1029 circumci—

1211 1042 1343 1094 denda,
1365 1044 1426 1082 sed
1444 1045 1609 1097 malignae
1632 1048 1875 1099 cogitationes,
1892 1064 1932 1088 ac
1945 1051 2101 1103 seipsum
2121 1067 2200 1090 cru-

1213 1105 1355 1157 cifigere
1375 1117 1523 1159 oportet,
1545 1109 1785 1160 absurdasque
1805 1112 2104 1164 concupiscentias
2126 1114 2198 1152 tol-

1211 1165 1284 1204 lere
1297 1176 1332 1204 et
1345 1168 1541 1206 immolare.
1560 1169 1646 1207 Haec
1664 1171 1806 1208 mulieri
1820 1172 1970 1211 obscura
1991 1174 2069 1212 visa
2088 1185 2170 1213 sunt
2189 1192 2196 1212 ε

1212 1227 1390 1266 dictorum
1406 1229 1661 1268 sublimitatem
1682 1245 1750 1269 non
1769 1243 1956 1284 assequuta
1975 1235 2049 1285 illa,
2076 1247 2109 1275 et
2129 1237 2201 1275 11ae-

1213 1302 1304 1337 rens,
1316 1288 1402 1325 audi
1424 1288 1512 1339 quid
1525 1289 1619 1327 dicat
1641 1306 1648 1326 :
1664 1294 1727 1330 25.
1744 1293 1830 1330 Seio
1847 1297 1940 1345 quia
1959 1299 2068 1334 venit
2098 1300 2201 1337 Mes-

1213 1351 1292 1386 sias
1307 1351 1374 1400 qui
1387 1350 1529 1387 dicitur
1545 1352 1721 1390 Christus
1735 1369 1744 1388 .·
1764 1367 1850 1390 cum
1866 1359 2017 1394 venerit
2033 1358 2113 1405 ille,
2131 1373 2201 1396 αη-

1215 1413 1411 1448 nuntiabit
1437 1414 1545 1449 nobis
1575 1417 1720 1451 omnia.
1750 1416 1815 1453 326.
1849 1417 1957 1454 Dicit
1989 1422 2025 1456 ei
2049 1420 2162 1458 Jesus
2189 1438 2199 1457 :

1214 1473 1299 1524 Ego
1315 1486 1399 1510 sum
1412 1476 1479 1525 qui
1493 1474 1630 1525 loquor
1646 1484 1783 1513 tecum.
1803 1476 1850 1514 Et
1866 1479 1958 1516 unde
1985 1480 2119 1519 Christi
2140 1483 2202 1520 ad-

1214 1541 1360 1571 ventum
1375 1535 1627 1585 exspectabant
1645 1537 1872 1588 Samaritani,
1887 1540 1949 1589 qui
1966 1541 2080 1579 solum
2099 1544 2202 1595 Moy-

1215 1606 1290 1632 sem
1308 1594 1553 1646 recipiebant?
1569 1595 1628 1634 Ex
1653 1596 1742 1648 ipsis
1762 1599 1900 1650 Moysis
1926 1601 2080 1653 scriptis.
2112 1605 2202 1641 Nam

1215 1653 1253 1692 in
1271 1654 1447 1708 principio
1464 1656 1598 1694 Filium
1612 1658 1799 1697 revelavit.
1813 1660 1912 1698 Illud
1923 1662 2018 1699 enim
2034 1678 2041 1698 ε
2059 1665 2202 1702 Facia-
2221 1675 2293 1702 Gen.
2311 1683 2336 1702 ι.
2352 1673 2402 1704 26.

1217 1729 1300 1754 mus
1322 1717 1515 1755 hominem
1538 1719 1592 1756 ad
1611 1721 1819 1771 imaginem
1848 1731 1885 1759 et
1911 1724 2203 1763 similitudinem

1217 1786 1403 1825 nostram,
1417 1778 1464 1816 ad
1475 1779 1607 1817 Filium
1618 1780 1754 1819 dictum
1764 1783 1898 1832 fue1·at;
1910 1793 1942 1822 et
1954 1785 2155 1824 Abrahamo
2168 1787 2203 1825 in

1217 1836 1444 1876 tabernaculo
1462 1840 1577 1878 Filius
1595 1841 1754 1891 loquitur
1765 1859 1776 1892 ;
1800 1853 1833 1881 et
1847 1846 1957 1884 Jacob
1973 1845 2018 1883 de
2042 1846 2103 1884 illo
2122 1863 2203 1900 pro-

1215 1897 1356 1950 phetice
1374 1899 1536 1952 praedicit
1556 1917 1563 1938 :
1583 1902 1674 1938 Non
1695 1904 1847 1955 deficiet
1866 1909 2043 1958 princeps
2067 1908 2114 1945 de
2132 1910 2203 1947 Ju-
2221 1922 2295 1949 Gen.
2322 1924 2372 1961 49.

1216 1960 1282 2006 da,
1302 1974 1370 1998 nec
1380 1961 1459 1999 duz·
1475 1963 1747 2016 defemoribus
1762 1968 1858 2018 ejus,
1878 1968 1998 2006 donec
2015 1972 2151 2008 veniat
2171 1973 2202 2008 is
2224 1972 2269 1992 ¹⁰·

1216 2022 1278 2057 cui
1296 2024 1504 2072 repositum
1524 2033 1594 2069 est,
1619 2033 1655 2062 et
1668 2028 1748 2076 ipse
1765 2031 1999 2078 exspectatio
2018 2032 2200 2080 gentium.

1215 2080 1296 2132 Ipse
1309 2095 1448 2132 quoque
1474 2085 1619 2136 Moyses
1640 2085 1710 2122 ait:
1733 2087 1970 2138 Prophetam
2003 2093 2116 2128 vobis
2142 2106 2204 2130 su—
2219 2103 2309 2147 D-ene.
2331 2103 2377 2133 18·

1217 2143 1372 2179 seitabit
1391 2143 1584 2183 Dominus
1614 2146 1737 2195 Deus,
1755 2147 1803 2184 de
1830 2149 2025 2197 fratribus
2064 2158 2205 2193 vestris
2225 2150 2272 2173 ¹⁰⁶

1217 2204 1316 2239 sicut
1341 2217 1401 2240 me
1408 2220 1423 2248 ;
1453 2207 1577 2256 ipsum
1606 2207 1784 2245 audietis.
1821 2209 1912 2246 Item
1946 2225 2024 2261 quae
2061 2213 2105 2251 de
2135 2229 2205 2252 ser-

1219 2271 1337 2313 pente,
1358 2262 1403 2301 de
1417 2264 1521 2316 virga
1535 2267 1687 2318 Moysis,
1716 2266 1761 2306 de
1779 2269 1878 2306 Isaac
1894 2278 1927 2307 et
1947 2270 1990 2307 de
2016 2286 2095 2322 ove,
2113 2275 2206 2312 mul-

1218 2331 1323 2373 taque
1341 2323 1423 2373 alia,
1437 2325 1517 2376 quis
1532 2326 1698 2377 colligere
1713 2329 1838 2379 possit,
1855 2344 1933 2380 quae
1954 2331 2147 2370 adventum
2163 2334 2206 2370 il-

1217 2383 1288 2421 lius
1298 2384 1551 2436 praediccbant.
1568 2386 1617 2425 Et
1639 2401 1713 2436 cur,
1729 2388 1876 2438 inquies,
1888 2390 1945 2427 his
1960 2392 2122 2431 Christus
2136 2408 2206 2432 non

1218 2458 1304 2482 usus
1320 2454 1371 2482 est
1390 2454 1428 2482 ut
1443 2446 1583 2483 mulieri
1606 2448 1767 2485 suaderet
1792 2478 1803 2497 ‚
1831 2449 1892 2487 sed
1910 2451 2104 2491 Nicodemo
2134 2468 2206 2492 ser-

1218 2513 1359 2556 pentem
1384 2505 1543 2556 protulit‚
1564 2507 1774 2544 Nathanaeli
1811 2509 2015 2561 prophetias
2055 2527 2205 2551 comme-

1218 2563 1389 2611 moravit3
1409 2564 1492 2601 huic
1512 2578 1596 2601 vcro
1610 2565 1702 2602 nihil
1722 2567 1838 2605 simile
1856 2568 1975 2607 dixit?
1992 2572 2065 2609 Cur
2080 2582 2113 2610 et
2135 2588 2205 2624 qua

1219 2624 1263 2662 de
1274 2624 1403 2661 causa?
1420 2624 1517 2669 Quia
1532 2624 1586 2661 illi
1602 2625 1671 2662 viri
1690 2636 1801 2676 erant,
1817 2629 1879 2679 qui
1892 2628 1929 2667 in
1945 2630 2002 2668 his
2015 2633 2208 2671 versaban-

1221 2693 1278 2721 tur
1296 2683 1423 2732 rebus3
1440 2683 1516 2721 haec
1533 2699 1616 2722 vero
1632 2686 1760 2724 mulier
1777 2687 1892 2740 inops,
1910 2690 2026 2741 rudis,
2039 2693 2206 2745 Scriptu—

1220 2757 1341 2780 rarum
1367 2758 1507 2795 expers.
1541 2744 1694 2796 Ideoque
1725 2761 1795 2785 non
1817 2748 1880 2786 illa
1911 2751 2098 2790 mulierem
2120 2753 2207 2791 allo-

1221 2818 1332 2854 quens
1349 2804 1495 2842 adhibet
1504 2820 1514 2854 3
1533 2805 1595 2843 sed
1609 2821 1654 2844 ex
1673 2822 1762 2858 aqua
1775 2823 1890 2860 exque
1907 2813 2094 2864 prophetia
2106 2814 2207 2852 illam

1221 2864 1380 2911 attrahit,
1400 2879 1441 2902 ac
1456 2879 1518 2917 per
1539 2866 1600 2903 illa
1615 2867 1796 2906 Christum
1810 2870 1847 2907 in
1867 2873 2075 2911 memoriam
2106 2889 2208 2913 revo-

1222 2933 1292 2974 cat,
1308 2938 1349 2962 ac
1363 2925 1518 2977 seipsum
1536 2925 1683 2965 demum
1703 2930 1848 2968 revelat.
1873 2933 1963 2979 Quae
1977 2933 2006 2971 si
2020 2933 2122 2971 initio
2139 2948 2208 2972 non

1223 2986 1395 3036 quaerenti
1409 2987 1552 3025 mulieri
1569 2987 1729 3037 dixisset,
1744 2990 1844 3028 visus
1864 2992 1987 3030 fuisset
2009 2993 2040 3030 ei
2059 2993 2210 3031 delirare

1224 3056 1257 3084 et
1272 3047 1389 3084 futilia
1410 3047 1522 3098 loqui.
1540 3049 1645 3086 Nunc
1667 3058 1784 3100 autem
1808 3051 1981 3102 paulatim
2002 3052 2055 3090 illi
2076 3068 2208 3091 memo-

1224 3107 1314 3145 riam
1328 3122 1511 3159 revocans,
1527 3120 1725 3161 opportune
1740 3125 1812 3149 sese
1830 3112 1974 3150 revelat.
2000 3114 2046 3150 Et
2065 3113 2209 3164 quidem

1224 3169 1359 3208 Judaeis
1370 3184 1462 3222 saepe
1476 3170 1687 3219 dicentibus,
1706 3174 1833 3224 Usque
1845 3187 1918 3225 quo
1935 3177 2109 3213 animam
2140 3189 2206 3213 no-
2221 3196 2315 3223 Joan.
2340 3201 2386 3221 10,

1224 3239 1345 3269 stram
1367 3232 1497 3271 tollis?
1512 3233 1588 3271 Dic
1608 3235 1717 3271 nobis
1737 3236 1772 3272 si
1799 3242 1839 3271 tu
1866 3248 1904 3272 es
1928 3236 2103 3273 Christus
2120 3251 2130 3271 .·
2151 3235 2208 3274 his
2222 3235 2272 3275 24·

1980 3411 2028 3448 to·
