<?xml version="1.0" encoding="UTF-8"?>
<!DOCTYPE html PUBLIC "-//W3C//DTD XHTML 1.0 Transitional//EN"
    "http://www.w3.org/TR/xhtml1/DTD/xhtml1-transitional.dtd">
<html xmlns="http://www.w3.org/1999/xhtml" xml:lang="en" lang="en">
 <head>
  <title>
</title>
<meta http-equiv="Content-Type" content="text/html;charset=utf-8" />
  <meta name='ocr-system' content='tesseract 3.04.00' />
  <meta name='ocr-capabilities' content='ocr_page ocr_carea ocr_par ocr_line ocrx_word'/>
</head>
<body>
  <div class='ocr_page' id='page_1' title='image "./operaomniaquaeex08johnuoft/operaomniaquaeex08johnuoft_0743.png"; bbox 0 0 2507 3673; ppageno 0'>
   <div class='ocr_carea' id='block_1_1' title="bbox 754 165 995 195">
    <p class='ocr_par' dir='ltr' id='par_1_1' title="bbox 754 165 995 195">
     <span class='ocr_line' id='line_1_1' title="bbox 754 165 995 195; baseline 0.004 -2"><span class='ocrx_word' id='word_1_1' title='bbox 754 165 899 195; x_wconf 63' lang='lat' dir='ltr'>sumit)</span> <span class='ocrx_word' id='word_1_2' title='bbox 939 166 995 194; x_wconf 70' lang='lat' dir='ltr'>Dr:</span> 
     </span>
    </p>
   </div>
   <div class='ocr_carea' id='block_1_2' title="bbox 149 243 1172 363">
    <p class='ocr_par' dir='ltr' id='par_1_2' title="bbox 149 243 1172 363">
     <span class='ocr_line' id='line_1_2' title="bbox 152 243 1172 310; baseline -0.002 -26"><span class='ocrx_word' id='word_1_3' title='bbox 152 245 387 296; x_wconf 71' lang='grc' dir='ltr'>ἐσκοτωμένοι</span> <span class='ocrx_word' id='word_1_4' title='bbox 401 246 443 295; x_wconf 83' lang='grc' dir='ltr'>τῇ</span> <span class='ocrx_word' id='word_1_5' title='bbox 461 243 603 295; x_wconf 78' lang='grc' dir='ltr'>διανοίᾳ.</span> <span class='ocrx_word' id='word_1_6' title='bbox 624 243 745 295; x_wconf 80' lang='grc' dir='ltr'>Ὑμεῖς</span> <span class='ocrx_word' id='word_1_7' title='bbox 759 245 793 284; x_wconf 81' lang='grc' dir='ltr'>δὲ</span> <span class='ocrx_word' id='word_1_8' title='bbox 817 248 882 310; x_wconf 49' lang='grc' dir='ltr'>οὐχ</span> <span class='ocrx_word' id='word_1_9' title='bbox 900 246 1005 289; x_wconf 81' lang='grc' dir='ltr'>οὕτως</span> <span class='ocrx_word' id='word_1_10' title='bbox 1027 245 1172 294; x_wconf 79' lang='grc' dir='ltr'>ἐμάθετε</span> 
     </span>
     <span class='ocr_line' id='line_1_3' title="bbox 149 296 1171 363; baseline -0.002 -28"><span class='ocrx_word' id='word_1_11' title='bbox 149 298 208 336; x_wconf 83' lang='grc' dir='ltr'>τὸν</span> <span class='ocrx_word' id='word_1_12' title='bbox 229 298 391 350; x_wconf 88' lang='grc' dir='ltr'>Χριστόν.</span> <span class='ocrx_word' id='word_1_13' title='bbox 412 296 612 363; x_wconf 79' lang='grc' dir='ltr'>Προσέχετε</span> <span class='ocrx_word' id='word_1_14' title='bbox 635 304 705 340; x_wconf 89' lang='grc' dir='ltr'>τοῖς</span> <span class='ocrx_word' id='word_1_15' title='bbox 735 299 953 350; x_wconf 89' lang='grc' dir='ltr'>λεγομενοις,</span> <span class='ocrx_word' id='word_1_16' title='bbox 974 297 1171 348; x_wconf 83' lang='grc' dir='ltr'>ἀγαπητοὶ,</span> 
     </span>
    </p>
   </div>
   <div class='ocr_carea' id='block_1_3' title="bbox 1035 166 1477 203">
    <p class='ocr_par' dir='ltr' id='par_1_3' title="bbox 1035 166 1477 203">
     <span class='ocr_line' id='line_1_4' title="bbox 1035 166 1477 203; baseline -0.005 -9"><span class='ocrx_word' id='word_1_17' title='bbox 1035 166 1292 195; x_wconf 78' lang='lat' dir='ltr'>PSEUDOPRO</span> <span class='ocrx_word' id='word_1_18' title='bbox 1303 166 1354 194; x_wconf 77' lang='grc' dir='ltr'>ΡΗ</span> <span class='ocrx_word' id='word_1_19' title='bbox 1363 166 1426 193; x_wconf 69' lang='grc' dir='ltr'>ΙΞἹἸ</span> <span class='ocrx_word' id='word_1_20' title='bbox 1435 167 1454 192; x_wconf 72' lang='lat' dir='ltr'>S</span> <span class='ocrx_word' id='word_1_21' title='bbox 1467 185 1477 203; x_wconf 91' lang='lat'>,</span> 
     </span>
    </p>
   </div>
   <div class='ocr_carea' id='block_1_4' title="bbox 1521 151 2223 209">
    <p class='ocr_par' dir='ltr' id='par_1_4' title="bbox 1521 151 2223 209">
     <span class='ocr_line' id='line_1_5' title="bbox 1521 151 2223 209; baseline 0 -16"><span class='ocrx_word' id='word_1_22' title='bbox 1521 166 1620 194; x_wconf 62' lang='lat' dir='ltr'>rste.</span> <span class='ocrx_word' id='word_1_23' title='bbox 2135 170 2156 209; x_wconf 89' lang='lat'><strong>7</strong></span> <span class='ocrx_word' id='word_1_24' title='bbox 2175 171 2182 195; x_wconf 87' lang='lat'>1</span> <span class='ocrx_word' id='word_1_25' title='bbox 2200 151 2223 193; x_wconf 69' lang='lat'>⁷,</span> 
     </span>
    </p>
   </div>
   <div class='ocr_carea' id='block_1_5' title="bbox 1245 244 2225 348">
    <p class='ocr_par' dir='ltr' id='par_1_5' title="bbox 1245 244 2225 348">
     <span class='ocr_line' id='line_1_6' title="bbox 1245 244 2225 295; baseline 0.002 -14"><span class='ocrx_word' id='word_1_26' title='bbox 1245 244 1353 281; x_wconf 86' lang='lat' dir='ltr'>Multi</span> <span class='ocrx_word' id='word_1_27' title='bbox 1368 252 1448 281; x_wconf 83' lang='lat' dir='ltr'>sunt</span> <span class='ocrx_word' id='word_1_28' title='bbox 1462 244 1554 280; x_wconf 84' lang='lat' dir='ltr'>enim</span> <span class='ocrx_word' id='word_1_29' title='bbox 1573 244 1738 294; x_wconf 85' lang='lat' dir='ltr'>perniciei</span> <span class='ocrx_word' id='word_1_30' title='bbox 1753 244 1933 295; x_wconf 70' lang='lat' dir='ltr'>discipuli,</span> <span class='ocrx_word' id='word_1_31' title='bbox 1946 254 1979 282; x_wconf 86' lang='lat' dir='ltr'>et</span> <span class='ocrx_word' id='word_1_32' title='bbox 1996 245 2112 283; x_wconf 81' lang='lat' dir='ltr'>adhuc</span> <span class='ocrx_word' id='word_1_33' title='bbox 2133 247 2225 283; x_wconf 85' lang='lat' dir='ltr'>mul-</span> 
     </span>
     <span class='ocr_line' id='line_1_7' title="bbox 1245 294 2225 348; baseline 0.002 -15"><span class='ocrx_word' id='word_1_34' title='bbox 1245 296 1513 347; x_wconf 81' lang='lat' dir='ltr'>tiplicabuntur.</span> <span class='ocrx_word' id='word_1_35' title='bbox 1547 294 1794 343; x_wconf 80' lang='lat' dir='ltr'><strong>Considerate,</strong></span> <span class='ocrx_word' id='word_1_36' title='bbox 1830 297 1904 334; x_wconf 84' lang='lat' dir='ltr'>dies</span> <span class='ocrx_word' id='word_1_37' title='bbox 1943 311 2015 334; x_wconf 88' lang='lat' dir='ltr'>esse</span> <span class='ocrx_word' id='word_1_38' title='bbox 2044 298 2168 348; x_wconf 80' lang='lat' dir='ltr'>malos,</span> <span class='ocrx_word' id='word_1_39' title='bbox 2193 307 2225 335; x_wconf 86' lang='lat' dir='ltr'>et</span> 
     </span>
    </p>
   </div>
   <div class='ocr_carea' id='block_1_6' title="bbox 150 346 2042 401">
    <p class='ocr_par' dir='ltr' id='par_1_6' title="bbox 150 346 2042 401">
     <span class='ocr_line' id='line_1_8' title="bbox 150 346 2042 401; baseline -0.001 -13"><span class='ocrx_word' id='word_1_40' title='bbox 150 350 269 400; x_wconf 77' lang='grc' dir='ltr'>καὶμὴ</span> <span class='ocrx_word' id='word_1_41' title='bbox 288 353 583 400; x_wconf 86' lang='grc' dir='ltr'>συναναμιγνυσθε</span> <span class='ocrx_word' id='word_1_42' title='bbox 593 355 663 394; x_wconf 88' lang='grc' dir='ltr'>τοῖς</span> <span class='ocrx_word' id='word_1_43' title='bbox 676 350 1028 401; x_wconf 83' lang='grc' dir='ltr'>τοιαῦταπροίττουσι.</span> <span class='ocrx_word' id='word_1_44' title='bbox 1040 348 1171 387; x_wconf 90' lang='grc' dir='ltr'>Πολλοὶ</span> <span class='ocrx_word' id='word_1_45' title='bbox 1193 359 1217 389; x_wconf 82' lang='lat' dir='ltr'>C</span> <span class='ocrx_word' id='word_1_46' title='bbox 1243 356 1380 399; x_wconf 85' lang='lat' dir='ltr'>tempus</span> <span class='ocrx_word' id='word_1_47' title='bbox 1397 346 1558 399; x_wconf 82' lang='lat' dir='ltr'>proprios</span> <span class='ocrx_word' id='word_1_48' title='bbox 1579 346 1647 383; x_wconf 84' lang='lat' dir='ltr'>sibi</span> <span class='ocrx_word' id='word_1_49' title='bbox 1666 347 1845 385; x_wconf 84' lang='lat' dir='ltr'>ministros</span> <span class='ocrx_word' id='word_1_50' title='bbox 1864 348 2042 386; x_wconf 68' lang='lat' dir='ltr'>exhibere,</span> 
     </span>
    </p>
   </div>
   <div class='ocr_carea' id='block_1_7' title="bbox 140 401 1174 2558">
    <p class='ocr_par' dir='ltr' id='par_1_7' title="bbox 149 401 1172 561">
     <span class='ocr_line' id='line_1_9' title="bbox 149 401 1172 454; baseline -0.002 -14"><span class='ocrx_word' id='word_1_51' title='bbox 149 403 216 454; x_wconf 87' lang='grc' dir='ltr'>γάρ</span> <span class='ocrx_word' id='word_1_52' title='bbox 239 406 304 442; x_wconf 87' lang='grc' dir='ltr'>εἶσι</span> <span class='ocrx_word' id='word_1_53' title='bbox 328 405 389 448; x_wconf 82' lang='grc' dir='ltr'>τ’ῆς</span> <span class='ocrx_word' id='word_1_54' title='bbox 416 402 590 446; x_wconf 86' lang='grc' dir='ltr'>ἀπωλείας</span> <span class='ocrx_word' id='word_1_55' title='bbox 620 403 791 452; x_wconf 76' lang='grc' dir='ltr'>μαθηταὶ,</span> <span class='ocrx_word' id='word_1_56' title='bbox 806 403 866 440; x_wconf 76' lang='grc' dir='ltr'>καὶ</span> <span class='ocrx_word' id='word_1_57' title='bbox 890 401 941 439; x_wconf 84' lang='grc' dir='ltr'>ἔτι</span> <span class='ocrx_word' id='word_1_58' title='bbox 971 401 1172 447; x_wconf 69' lang='grc' dir='ltr'>πληθυνθῆ-</span> 
     </span>
     <span class='ocr_line' id='line_1_10' title="bbox 149 453 1171 507; baseline -0.004 -14"><span class='ocrx_word' id='word_1_59' title='bbox 149 470 279 493; x_wconf 90' lang='grc' dir='ltr'>σονται.</span> <span class='ocrx_word' id='word_1_60' title='bbox 297 455 471 500; x_wconf 80' lang='grc' dir='ltr'>Βλέπετε,</span> <span class='ocrx_word' id='word_1_61' title='bbox 492 456 544 494; x_wconf 77' lang='grc' dir='ltr'>ὅτι</span> <span class='ocrx_word' id='word_1_62' title='bbox 566 457 600 492; x_wconf 82' lang='grc' dir='ltr'>αἱ</span> <span class='ocrx_word' id='word_1_63' title='bbox 631 455 762 507; x_wconf 73' lang='grc' dir='ltr'>ἡμέραι</span> <span class='ocrx_word' id='word_1_64' title='bbox 796 453 946 505; x_wconf 89' lang='grc' dir='ltr'>πονηραί</span> <span class='ocrx_word' id='word_1_65' title='bbox 980 456 1064 500; x_wconf 86' lang='grc' dir='ltr'>εἶσι,</span> <span class='ocrx_word' id='word_1_66' title='bbox 1078 453 1171 490; x_wconf 82' lang='grc' dir='ltr'>καὶὸ</span> 
     </span>
     <span class='ocr_line' id='line_1_11' title="bbox 149 505 966 561; baseline -0.002 -17"><span class='ocrx_word' id='word_1_67' title='bbox 149 507 266 559; x_wconf 82' lang='grc' dir='ltr'>καιρὸς</span> <span class='ocrx_word' id='word_1_68' title='bbox 284 505 363 550; x_wconf 81' lang='grc' dir='ltr'>τοὺς</span> <span class='ocrx_word' id='word_1_69' title='bbox 383 507 486 551; x_wconf 84' lang='grc' dir='ltr'>ἰδίους</span> <span class='ocrx_word' id='word_1_70' title='bbox 502 507 678 560; x_wconf 80' lang='grc' dir='ltr'>ὑπηρέτας</span> <span class='ocrx_word' id='word_1_71' title='bbox 696 506 966 561; x_wconf 76' lang='grc' dir='ltr'>προχειρίζεται.</span> 
     </span>
    </p>

    <p class='ocr_par' dir='ltr' id='par_1_8' title="bbox 140 555 1174 2558">
     <span class='ocr_line' id='line_1_12' title="bbox 203 555 1169 611; baseline -0.002 -15"><span class='ocrx_word' id='word_1_72' title='bbox 203 560 273 596; x_wconf 78' lang='grc' dir='ltr'>Καὶ</span> <span class='ocrx_word' id='word_1_73' title='bbox 290 558 340 608; x_wconf 83' lang='grc' dir='ltr'>μὴ</span> <span class='ocrx_word' id='word_1_74' title='bbox 358 560 562 611; x_wconf 82' lang='grc' dir='ltr'>θαυμάσῃς,</span> <span class='ocrx_word' id='word_1_75' title='bbox 583 561 641 599; x_wconf 79' lang='grc' dir='ltr'>ἐὰν</span> <span class='ocrx_word' id='word_1_76' title='bbox 658 562 689 598; x_wconf 84' lang='grc' dir='ltr'>οἱ</span> <span class='ocrx_word' id='word_1_77' title='bbox 705 559 864 609; x_wconf 77' lang='grc' dir='ltr'>ποιμένες</span> <span class='ocrx_word' id='word_1_78' title='bbox 880 558 978 595; x_wconf 78' lang='grc' dir='ltr'>λύκοι</span> <span class='ocrx_word' id='word_1_79' title='bbox 992 555 1169 607; x_wconf 83' lang='grc' dir='ltr'>γίνωνται.</span> 
     </span>
     <span class='ocr_line' id='line_1_13' title="bbox 148 608 1172 666; baseline -0.009 -11"><span class='ocrx_word' id='word_1_80' title='bbox 148 611 243 662; x_wconf 74' lang='grc' dir='ltr'>Πρὸς</span> <span class='ocrx_word' id='word_1_81' title='bbox 263 612 331 663; x_wconf 83' lang='grc' dir='ltr'>γὰρ</span> <span class='ocrx_word' id='word_1_82' title='bbox 355 613 563 656; x_wconf 80' lang='grc' dir='ltr'>ἐπισκόπους</span> <span class='ocrx_word' id='word_1_83' title='bbox 581 613 640 650; x_wconf 80' lang='grc' dir='ltr'>καὶ</span> <span class='ocrx_word' id='word_1_84' title='bbox 655 610 908 666; x_wconf 69' lang='grc' dir='ltr'>πρεσὸυτέρους</span> <span class='ocrx_word' id='word_1_85' title='bbox 930 608 1172 659; x_wconf 87' lang='grc' dir='ltr'>διαλεγόμενος</span> 
     </span>
     <span class='ocr_line' id='line_1_14' title="bbox 147 662 1171 717; baseline -0.002 -17"><span class='ocrx_word' id='word_1_86' title='bbox 147 665 287 707; x_wconf 78' lang='grc' dir='ltr'>Παῦλος</span> <span class='ocrx_word' id='word_1_87' title='bbox 302 669 319 702; x_wconf 84' lang='grc' dir='ltr'>ὁ</span> <span class='ocrx_word' id='word_1_88' title='bbox 344 665 535 709; x_wconf 82' lang='grc' dir='ltr'>ἀπόστολος</span> <span class='ocrx_word' id='word_1_89' title='bbox 553 665 679 717; x_wconf 83' lang='grc' dir='ltr'>ἔλεγεν,</span> <span class='ocrx_word' id='word_1_90' title='bbox 694 665 747 702; x_wconf 80' lang='grc' dir='ltr'>ὅτι</span> <span class='ocrx_word' id='word_1_91' title='bbox 769 662 830 706; x_wconf 82' lang='grc' dir='ltr'>Ἐξ</span> <span class='ocrx_word' id='word_1_92' title='bbox 849 665 945 712; x_wconf 80' lang='grc' dir='ltr'>ὑμῶν</span> <span class='ocrx_word' id='word_1_93' title='bbox 961 662 1072 699; x_wconf 77' lang='grc' dir='ltr'>αὐτῶν</span> <span class='ocrx_word' id='word_1_94' title='bbox 1087 663 1171 715; x_wconf 74' lang='grc' dir='ltr'>οἰνα-</span> 
     </span>
     <span class='ocr_line' id='line_1_15' title="bbox 147 713 1170 771; baseline -0.004 -17"><span class='ocrx_word' id='word_1_95' title='bbox 147 717 334 763; x_wconf 80' lang='grc' dir='ltr'>στήσονται</span> <span class='ocrx_word' id='word_1_96' title='bbox 370 718 488 771; x_wconf 80' lang='grc' dir='ltr'>ἅνδρες</span> <span class='ocrx_word' id='word_1_97' title='bbox 534 720 716 759; x_wconf 80' lang='grc' dir='ltr'>λαλοῦντες</span> <span class='ocrx_word' id='word_1_98' title='bbox 755 713 1028 766; x_wconf 81' lang='grc' dir='ltr'>διεστραμμένα.</span> <span class='ocrx_word' id='word_1_99' title='bbox 1059 713 1170 752; x_wconf 62' lang='lat' dir='ltr'>“stote</span> 
     </span>
     <span class='ocr_line' id='line_1_16' title="bbox 147 767 1169 822; baseline -0.003 -16"><span class='ocrx_word' id='word_1_100' title='bbox 147 769 267 818; x_wconf 82' lang='grc' dir='ltr'>μηδεὶς</span> <span class='ocrx_word' id='word_1_101' title='bbox 286 770 453 808; x_wconf 77' lang='grc' dir='ltr'>πλανάτω</span> <span class='ocrx_word' id='word_1_102' title='bbox 468 774 575 821; x_wconf 75' lang='grc' dir='ltr'>ὑμᾶς,</span> <span class='ocrx_word' id='word_1_103' title='bbox 592 770 680 822; x_wconf 76' lang='grc' dir='ltr'>ἔχων</span> <span class='ocrx_word' id='word_1_104' title='bbox 696 769 817 812; x_wconf 82' lang='grc' dir='ltr'>ἔξωθεν</span> <span class='ocrx_word' id='word_1_105' title='bbox 830 771 956 818; x_wconf 72' lang='grc' dir='ltr'>σχῆρα</span> <span class='ocrx_word' id='word_1_106' title='bbox 974 767 1169 818; x_wconf 82' lang='grc' dir='ltr'>ἀγγελικὸν,</span> 
     </span>
     <span class='ocr_line' id='line_1_17' title="bbox 145 820 1167 871; baseline -0.001 -13"><span class='ocrx_word' id='word_1_107' title='bbox 145 823 205 859; x_wconf 86' lang='grc' dir='ltr'>καὶ</span> <span class='ocrx_word' id='word_1_108' title='bbox 225 822 349 860; x_wconf 77' lang='grc' dir='ltr'>ἔσωθεν</span> <span class='ocrx_word' id='word_1_109' title='bbox 378 823 586 861; x_wconf 66' lang='grc' dir='ltr'>διαὸολικόν.</span> <span class='ocrx_word' id='word_1_110' title='bbox 602 821 670 860; x_wconf 81' lang='grc' dir='ltr'>Διὰ</span> <span class='ocrx_word' id='word_1_111' title='bbox 698 826 798 859; x_wconf 85' lang='grc' dir='ltr'>τοῦτο</span> <span class='ocrx_word' id='word_1_112' title='bbox 826 823 843 857; x_wconf 83' lang='grc' dir='ltr'>ὁ</span> <span class='ocrx_word' id='word_1_113' title='bbox 872 820 1004 865; x_wconf 80' lang='grc' dir='ltr'>Ἰησοῦς</span> <span class='ocrx_word' id='word_1_114' title='bbox 1031 820 1167 871; x_wconf 84' lang='grc' dir='ltr'>ἔλεγεν·</span> 
     </span>
     <span class='ocr_line' id='line_1_18' title="bbox 146 870 1169 926; baseline -0.001 -15"><span class='ocrx_word' id='word_1_115' title='bbox 146 875 320 919; x_wconf 78' lang='grc' dir='ltr'>Βλέπετε,</span> <span class='ocrx_word' id='word_1_116' title='bbox 337 875 386 925; x_wconf 86' lang='grc' dir='ltr'>μή</span> <span class='ocrx_word' id='word_1_117' title='bbox 409 891 460 917; x_wconf 92' lang='grc' dir='ltr'>τις</span> <span class='ocrx_word' id='word_1_118' title='bbox 475 877 566 925; x_wconf 83' lang='grc' dir='ltr'>ὑμᾶς</span> <span class='ocrx_word' id='word_1_119' title='bbox 595 874 773 926; x_wconf 75' lang='grc' dir='ltr'>πλανήσῃ.</span> <span class='ocrx_word' id='word_1_120' title='bbox 798 870 908 922; x_wconf 83' lang='grc' dir='ltr'>Κάγὼ</span> <span class='ocrx_word' id='word_1_121' title='bbox 933 871 968 908; x_wconf 83' lang='grc' dir='ltr'>δὲ</span> <span class='ocrx_word' id='word_1_122' title='bbox 993 872 1100 909; x_wconf 88' lang='grc' dir='ltr'>πάλιν</span> <span class='ocrx_word' id='word_1_123' title='bbox 1125 871 1169 910; x_wconf 83' lang='grc' dir='ltr'>τὰ</span> 
     </span>
     <span class='ocr_line' id='line_1_19' title="bbox 140 923 1170 978; baseline -0.002 -14"><span class='ocrx_word' id='word_1_124' title='bbox 140 926 248 976; x_wconf 73' lang='grc' dir='ltr'>ὅμοια</span> <span class='ocrx_word' id='word_1_125' title='bbox 273 929 359 978; x_wconf 80' lang='grc' dir='ltr'>ἐρῶ·</span> <span class='ocrx_word' id='word_1_126' title='bbox 389 927 553 978; x_wconf 79' lang='grc' dir='ltr'>βλέπετε,</span> <span class='ocrx_word' id='word_1_127' title='bbox 588 927 636 978; x_wconf 89' lang='grc' dir='ltr'>μή</span> <span class='ocrx_word' id='word_1_128' title='bbox 665 943 717 970; x_wconf 85' lang='grc' dir='ltr'>τις</span> <span class='ocrx_word' id='word_1_129' title='bbox 743 930 832 976; x_wconf 74' lang='grc' dir='ltr'>ὑμᾶς</span> <span class='ocrx_word' id='word_1_130' title='bbox 867 923 1052 976; x_wconf 78' lang='grc' dir='ltr'>πλανήσῃ,</span> <span class='ocrx_word' id='word_1_131' title='bbox 1080 924 1170 975; x_wconf 84' lang='grc' dir='ltr'>μήτε</span> 
     </span>
     <span class='ocr_line' id='line_1_20' title="bbox 145 977 1171 1030; baseline -0.002 -14"><span class='ocrx_word' id='word_1_132' title='bbox 145 980 214 1017; x_wconf 83' lang='grc' dir='ltr'>ἀπὸ</span> <span class='ocrx_word' id='word_1_133' title='bbox 231 981 300 1017; x_wconf 83' lang='grc' dir='ltr'>τῶν</span> <span class='ocrx_word' id='word_1_134' title='bbox 327 979 466 1027; x_wconf 81' lang='grc' dir='ltr'>ἔσωθεν,</span> <span class='ocrx_word' id='word_1_135' title='bbox 487 980 576 1030; x_wconf 81' lang='grc' dir='ltr'>μήτε</span> <span class='ocrx_word' id='word_1_136' title='bbox 598 979 667 1018; x_wconf 82' lang='grc' dir='ltr'>ἀπὸ</span> <span class='ocrx_word' id='word_1_137' title='bbox 692 982 760 1016; x_wconf 83' lang='grc' dir='ltr'>τῶν</span> <span class='ocrx_word' id='word_1_138' title='bbox 793 977 928 1026; x_wconf 81' lang='grc' dir='ltr'>ἔξωθεν,</span> <span class='ocrx_word' id='word_1_139' title='bbox 958 977 1006 1027; x_wconf 85' lang='grc' dir='ltr'>μὴ</span> <span class='ocrx_word' id='word_1_140' title='bbox 1029 977 1171 1015; x_wconf 83' lang='grc' dir='ltr'>ἐπίσκο-</span> 
     </span>
     <span class='ocr_line' id='line_1_21' title="bbox 143 1029 1167 1084; baseline 0 -16"><span class='ocrx_word' id='word_1_141' title='bbox 143 1046 224 1076; x_wconf 88' lang='grc' dir='ltr'>πος,</span> <span class='ocrx_word' id='word_1_142' title='bbox 242 1031 289 1082; x_wconf 84' lang='grc' dir='ltr'>μὴ</span> <span class='ocrx_word' id='word_1_143' title='bbox 312 1033 563 1084; x_wconf 68' lang='grc' dir='ltr'>πρεσὸύτερος,</span> <span class='ocrx_word' id='word_1_144' title='bbox 582 1031 630 1083; x_wconf 85' lang='grc' dir='ltr'>μὴ</span> <span class='ocrx_word' id='word_1_145' title='bbox 660 1032 831 1077; x_wconf 83' lang='grc' dir='ltr'>διάκονος,</span> <span class='ocrx_word' id='word_1_146' title='bbox 849 1029 897 1081; x_wconf 84' lang='grc' dir='ltr'>μὴ</span> <span class='ocrx_word' id='word_1_147' title='bbox 922 1029 1167 1080; x_wconf 83' lang='grc' dir='ltr'>ἀναγνώστης,</span> 
     </span>
     <span class='ocr_line' id='line_1_22' title="bbox 143 1083 1168 1138; baseline -0.002 -16"><span class='ocrx_word' id='word_1_148' title='bbox 143 1084 166 1130; x_wconf 81' lang='grc' dir='ltr'>ἤ</span> <span class='ocrx_word' id='word_1_149' title='bbox 185 1101 238 1128; x_wconf 87' lang='grc' dir='ltr'>τις</span> <span class='ocrx_word' id='word_1_150' title='bbox 261 1086 318 1122; x_wconf 81' lang='grc' dir='ltr'>ἐὰν</span> <span class='ocrx_word' id='word_1_151' title='bbox 352 1101 373 1136; x_wconf 88' lang='grc' dir='ltr'>ῃ</span> <span class='ocrx_word' id='word_1_152' title='bbox 402 1087 517 1123; x_wconf 82' lang='grc' dir='ltr'>λαλῶν</span> <span class='ocrx_word' id='word_1_153' title='bbox 538 1084 818 1138; x_wconf 79' lang='grc' dir='ltr'>διεστραμμένα·</span> <span class='ocrx_word' id='word_1_154' title='bbox 846 1083 982 1126; x_wconf 77' lang='grc' dir='ltr'>Οἴτινες</span> <span class='ocrx_word' id='word_1_155' title='bbox 1008 1083 1168 1136; x_wconf 73' lang='grc' dir='ltr'>ἔρχονται</span> 
     </span>
     <span class='ocr_line' id='line_1_23' title="bbox 143 1135 1168 1189; baseline 0 -15"><span class='ocrx_word' id='word_1_156' title='bbox 143 1137 230 1188; x_wconf 82' lang='grc' dir='ltr'>πρὸς</span> <span class='ocrx_word' id='word_1_157' title='bbox 239 1141 327 1188; x_wconf 81' lang='grc' dir='ltr'>ὑμᾶς</span> <span class='ocrx_word' id='word_1_158' title='bbox 342 1140 375 1175; x_wconf 81' lang='grc' dir='ltr'>ἐν</span> <span class='ocrx_word' id='word_1_159' title='bbox 393 1138 556 1188; x_wconf 76' lang='grc' dir='ltr'>ἐνδύμασι</span> <span class='ocrx_word' id='word_1_160' title='bbox 575 1139 775 1189; x_wconf 63' lang='grc' dir='ltr'>προδάτων,</span> <span class='ocrx_word' id='word_1_161' title='bbox 790 1136 915 1175; x_wconf 78' lang='grc' dir='ltr'>ἔσωθεν</span> <span class='ocrx_word' id='word_1_162' title='bbox 937 1135 974 1174; x_wconf 87' lang='grc' dir='ltr'>δέ</span> <span class='ocrx_word' id='word_1_163' title='bbox 986 1138 1052 1173; x_wconf 81' lang='grc' dir='ltr'>εἶσι</span> <span class='ocrx_word' id='word_1_164' title='bbox 1070 1136 1168 1174; x_wconf 77' lang='grc' dir='ltr'>λύκοι</span> 
     </span>
     <span class='ocr_line' id='line_1_24' title="bbox 144 1188 1165 1242; baseline 0.001 -16"><span class='ocrx_word' id='word_1_165' title='bbox 144 1189 299 1241; x_wconf 83' lang='grc' dir='ltr'>ἅρπαγες</span> <span class='ocrx_word' id='word_1_166' title='bbox 314 1206 320 1213; x_wconf 95' lang='grc'>·</span> <span class='ocrx_word' id='word_1_167' title='bbox 342 1190 463 1233; x_wconf 78' lang='grc' dir='ltr'>οἵτινες</span> <span class='ocrx_word' id='word_1_168' title='bbox 480 1191 617 1242; x_wconf 74' lang='grc' dir='ltr'>ἔχουσιν</span> <span class='ocrx_word' id='word_1_169' title='bbox 636 1190 814 1242; x_wconf 72' lang='grc' dir='ltr'>μόρφωσιν</span> <span class='ocrx_word' id='word_1_170' title='bbox 830 1188 1005 1231; x_wconf 66' lang='grc' dir='ltr'>εὐσεδείας</span> <span class='ocrx_word' id='word_1_171' title='bbox 1020 1219 1029 1236; x_wconf 83' lang='grc'>,</span> <span class='ocrx_word' id='word_1_172' title='bbox 1049 1189 1112 1235; x_wconf 77' lang='grc' dir='ltr'>τὴν</span> <span class='ocrx_word' id='word_1_173' title='bbox 1130 1188 1165 1227; x_wconf 77' lang='grc' dir='ltr'>δὲ</span> 
     </span>
     <span class='ocr_line' id='line_1_25' title="bbox 145 1241 1165 1294; baseline -0.001 -15"><span class='ocrx_word' id='word_1_174' title='bbox 145 1241 290 1293; x_wconf 82' lang='grc' dir='ltr'>δύναμιν</span> <span class='ocrx_word' id='word_1_175' title='bbox 312 1245 416 1290; x_wconf 73' lang='grc' dir='ltr'>αὐτῆς</span> <span class='ocrx_word' id='word_1_176' title='bbox 438 1243 638 1294; x_wconf 79' lang='grc' dir='ltr'>ἠρνημένοι.</span> <span class='ocrx_word' id='word_1_177' title='bbox 658 1243 780 1293; x_wconf 74' lang='grc' dir='ltr'>Ἵ“μεῖς</span> <span class='ocrx_word' id='word_1_178' title='bbox 811 1242 847 1280; x_wconf 80' lang='grc' dir='ltr'>δὲ</span> <span class='ocrx_word' id='word_1_179' title='bbox 861 1270 870 1287; x_wconf 90' lang='grc'>,</span> <span class='ocrx_word' id='word_1_180' title='bbox 896 1241 1094 1292; x_wconf 80' lang='grc' dir='ltr'>ἀγαπητοὶ,</span> <span class='ocrx_word' id='word_1_181' title='bbox 1118 1241 1165 1292; x_wconf 79' lang='grc' dir='ltr'>μὴ</span> 
     </span>
     <span class='ocr_line' id='line_1_26' title="bbox 142 1293 1168 1346; baseline -0.002 -14"><span class='ocrx_word' id='word_1_182' title='bbox 142 1297 345 1342; x_wconf 72' lang='grc' dir='ltr'>πλανηθῆτε</span> <span class='ocrx_word' id='word_1_183' title='bbox 361 1325 370 1341; x_wconf 98' lang='grc'>,</span> <span class='ocrx_word' id='word_1_184' title='bbox 401 1297 477 1333; x_wconf 79' lang='grc' dir='ltr'>ἀλλ’</span> <span class='ocrx_word' id='word_1_185' title='bbox 504 1299 551 1339; x_wconf 83' lang='grc' dir='ltr'>ὡς</span> <span class='ocrx_word' id='word_1_186' title='bbox 576 1295 794 1346; x_wconf 68' lang='grc' dir='ltr'>παρελάῧετε</span> <span class='ocrx_word' id='word_1_187' title='bbox 817 1294 875 1332; x_wconf 83' lang='grc' dir='ltr'>τὸν</span> <span class='ocrx_word' id='word_1_188' title='bbox 908 1293 1035 1344; x_wconf 79' lang='grc' dir='ltr'>Κύριον</span> <span class='ocrx_word' id='word_1_189' title='bbox 1065 1297 1168 1344; x_wconf 77' lang='grc' dir='ltr'>ἡμῶν</span> 
     </span>
     <span class='ocr_line' id='line_1_27' title="bbox 144 1346 1169 1401; baseline 0 -17"><span class='ocrx_word' id='word_1_190' title='bbox 144 1347 279 1393; x_wconf 80' lang='grc' dir='ltr'>Ἰησοῦν</span> <span class='ocrx_word' id='word_1_191' title='bbox 310 1349 474 1401; x_wconf 82' lang='grc' dir='ltr'>Χριστὸν,</span> <span class='ocrx_word' id='word_1_192' title='bbox 493 1350 527 1385; x_wconf 81' lang='grc' dir='ltr'>ἐν</span> <span class='ocrx_word' id='word_1_193' title='bbox 561 1350 655 1399; x_wconf 80' lang='grc' dir='ltr'>αὐτῷ</span> <span class='ocrx_word' id='word_1_194' title='bbox 686 1353 928 1400; x_wconf 86' lang='grc' dir='ltr'>περιπατεῖτε·</span> <span class='ocrx_word' id='word_1_195' title='bbox 956 1346 1015 1383; x_wconf 83' lang='grc' dir='ltr'>καὶ</span> <span class='ocrx_word' id='word_1_196' title='bbox 1039 1349 1056 1383; x_wconf 85' lang='grc' dir='ltr'>ὁ</span> <span class='ocrx_word' id='word_1_197' title='bbox 1079 1347 1169 1390; x_wconf 72' lang='grc' dir='ltr'>Θεὸς</span> 
     </span>
     <span class='ocr_line' id='line_1_28' title="bbox 140 1397 1167 1452; baseline -0.002 -15"><span class='ocrx_word' id='word_1_198' title='bbox 140 1403 205 1446; x_wconf 63' lang='grc' dir='ltr'>τῆς</span> <span class='ocrx_word' id='word_1_199' title='bbox 224 1400 361 1452; x_wconf 76' lang='grc' dir='ltr'>εἰρήνης</span> <span class='ocrx_word' id='word_1_200' title='bbox 380 1401 479 1439; x_wconf 84' lang='grc' dir='ltr'>ἔσται</span> <span class='ocrx_word' id='word_1_201' title='bbox 507 1402 581 1451; x_wconf 82' lang='grc' dir='ltr'>μεθ’</span> <span class='ocrx_word' id='word_1_202' title='bbox 604 1403 714 1450; x_wconf 79' lang='grc' dir='ltr'>ὑμῶν.</span> <span class='ocrx_word' id='word_1_203' title='bbox 733 1399 803 1438; x_wconf 82' lang='grc' dir='ltr'>Καὶ</span> <span class='ocrx_word' id='word_1_204' title='bbox 831 1399 912 1452; x_wconf 81' lang='grc' dir='ltr'>περὶ</span> <span class='ocrx_word' id='word_1_205' title='bbox 944 1397 1006 1447; x_wconf 79' lang='grc' dir='ltr'>μὲν</span> <span class='ocrx_word' id='word_1_206' title='bbox 1038 1399 1167 1436; x_wconf 84' lang='grc' dir='ltr'>τούτων</span> 
     </span>
     <span class='ocr_line' id='line_1_29' title="bbox 142 1450 1169 1503; baseline -0.002 -14"><span class='ocrx_word' id='word_1_207' title='bbox 142 1453 288 1490; x_wconf 81' lang='grc' dir='ltr'>ἐνταῦθα</span> <span class='ocrx_word' id='word_1_208' title='bbox 309 1452 482 1490; x_wconf 82' lang='grc' dir='ltr'>ἀποδώσω</span> <span class='ocrx_word' id='word_1_209' title='bbox 499 1453 555 1491; x_wconf 84' lang='grc' dir='ltr'>τὸν</span> <span class='ocrx_word' id='word_1_210' title='bbox 570 1452 671 1503; x_wconf 91' lang='grc' dir='ltr'>λόγον</span> <span class='ocrx_word' id='word_1_211' title='bbox 684 1468 692 1475; x_wconf 89' lang='grc'>·</span> <span class='ocrx_word' id='word_1_212' title='bbox 704 1451 815 1503; x_wconf 81' lang='grc' dir='ltr'>μικρὰ</span> <span class='ocrx_word' id='word_1_213' title='bbox 833 1452 868 1489; x_wconf 81' lang='grc' dir='ltr'>δὲ</span> <span class='ocrx_word' id='word_1_214' title='bbox 884 1451 1076 1502; x_wconf 76' lang='grc' dir='ltr'>διαλεχθεὶς</span> <span class='ocrx_word' id='word_1_215' title='bbox 1090 1450 1169 1502; x_wconf 81' lang='grc' dir='ltr'>περὶ</span> 
     </span>
     <span class='ocr_line' id='line_1_30' title="bbox 143 1502 1171 1556; baseline -0.002 -14"><span class='ocrx_word' id='word_1_216' title='bbox 143 1504 296 1556; x_wconf 76' lang='grc' dir='ltr'>σημείων</span> <span class='ocrx_word' id='word_1_217' title='bbox 326 1508 389 1550; x_wconf 79' lang='grc' dir='ltr'>τῆς</span> <span class='ocrx_word' id='word_1_218' title='bbox 418 1505 632 1551; x_wconf 83' lang='grc' dir='ltr'>συντελείας,</span> <span class='ocrx_word' id='word_1_219' title='bbox 653 1504 882 1543; x_wconf 77' lang='grc' dir='ltr'>καταπαύσω.</span> <span class='ocrx_word' id='word_1_220' title='bbox 903 1502 1019 1540; x_wconf 71' lang='grc' dir='ltr'>εὈταν</span> <span class='ocrx_word' id='word_1_221' title='bbox 1050 1503 1086 1542; x_wconf 80' lang='grc' dir='ltr'>δὲ</span> <span class='ocrx_word' id='word_1_222' title='bbox 1113 1505 1171 1555; x_wconf 83' lang='grc' dir='ltr'>ἅρ-</span> 
     </span>
     <span class='ocr_line' id='line_1_31' title="bbox 145 1555 1167 1610; baseline -0.001 -15"><span class='ocrx_word' id='word_1_223' title='bbox 145 1556 258 1608; x_wconf 79' lang='grc' dir='ltr'>ξωμαι</span> <span class='ocrx_word' id='word_1_224' title='bbox 285 1560 402 1596; x_wconf 86' lang='grc' dir='ltr'>λαλεῖν</span> <span class='ocrx_word' id='word_1_225' title='bbox 423 1558 503 1610; x_wconf 80' lang='grc' dir='ltr'>περὶ</span> <span class='ocrx_word' id='word_1_226' title='bbox 521 1562 583 1605; x_wconf 68' lang='grc' dir='ltr'>τῆς</span> <span class='ocrx_word' id='word_1_227' title='bbox 611 1556 827 1602; x_wconf 85' lang='grc' dir='ltr'>συντελείας,</span> <span class='ocrx_word' id='word_1_228' title='bbox 855 1555 960 1608; x_wconf 74' lang='grc' dir='ltr'>φρίκη</span> <span class='ocrx_word' id='word_1_229' title='bbox 986 1571 1045 1606; x_wconf 92' lang='grc' dir='ltr'>μοι</span> <span class='ocrx_word' id='word_1_230' title='bbox 1065 1556 1167 1608; x_wconf 75' lang='grc' dir='ltr'>ἐπέρ-</span> 
     </span>
     <span class='ocr_line' id='line_1_32' title="bbox 142 1609 1170 1662; baseline -0.003 -14"><span class='ocrx_word' id='word_1_231' title='bbox 142 1626 260 1662; x_wconf 77' lang='grc' dir='ltr'>χεται,</span> <span class='ocrx_word' id='word_1_232' title='bbox 287 1610 345 1649; x_wconf 82' lang='grc' dir='ltr'>καὶ</span> <span class='ocrx_word' id='word_1_233' title='bbox 380 1610 576 1662; x_wconf 80' lang='grc' dir='ltr'>ἐξίσταμαι.</span> <span class='ocrx_word' id='word_1_234' title='bbox 615 1611 739 1649; x_wconf 86' lang='grc' dir='ltr'>Πάντα</span> <span class='ocrx_word' id='word_1_235' title='bbox 773 1609 835 1660; x_wconf 81' lang='grc' dir='ltr'>μὲν</span> <span class='ocrx_word' id='word_1_236' title='bbox 870 1609 913 1647; x_wconf 76' lang='grc' dir='ltr'>τὰ</span> <span class='ocrx_word' id='word_1_237' title='bbox 947 1613 1006 1645; x_wconf 83' lang='grc' dir='ltr'>τοῦ</span> <span class='ocrx_word' id='word_1_238' title='bbox 1040 1609 1170 1662; x_wconf 88' lang='grc' dir='ltr'>Κυρίου</span> 
     </span>
     <span class='ocr_line' id='line_1_33' title="bbox 145 1660 1171 1715; baseline -0.001 -15"><span class='ocrx_word' id='word_1_239' title='bbox 145 1663 354 1713; x_wconf 81' lang='grc' dir='ltr'>θαυμαστὰ,</span> <span class='ocrx_word' id='word_1_240' title='bbox 378 1664 514 1714; x_wconf 87' lang='grc' dir='ltr'>μεγάλα</span> <span class='ocrx_word' id='word_1_241' title='bbox 544 1663 603 1701; x_wconf 82' lang='grc' dir='ltr'>καὶ</span> <span class='ocrx_word' id='word_1_242' title='bbox 635 1662 767 1715; x_wconf 54' lang='lat' dir='ltr'>apog-sp&amp;</span> <span class='ocrx_word' id='word_1_243' title='bbox 803 1663 862 1700; x_wconf 84' lang='grc' dir='ltr'>καὶ</span> <span class='ocrx_word' id='word_1_244' title='bbox 895 1660 1032 1705; x_wconf 78' lang='grc' dir='ltr'>ἔνδοξα·</span> <span class='ocrx_word' id='word_1_245' title='bbox 1062 1663 1102 1700; x_wconf 86' lang='grc' dir='ltr'>τὸ</span> <span class='ocrx_word' id='word_1_246' title='bbox 1136 1661 1171 1699; x_wconf 84' lang='grc' dir='ltr'>δὲ</span> 
     </span>
     <span class='ocr_line' id='line_1_34' title="bbox 143 1714 1172 1767; baseline -0.001 -15"><span class='ocrx_word' id='word_1_247' title='bbox 143 1716 240 1759; x_wconf 82' lang='grc' dir='ltr'>τέλος</span> <span class='ocrx_word' id='word_1_248' title='bbox 258 1719 321 1762; x_wconf 72' lang='grc' dir='ltr'>τῆς</span> <span class='ocrx_word' id='word_1_249' title='bbox 340 1716 536 1760; x_wconf 84' lang='grc' dir='ltr'>συντελείας</span> <span class='ocrx_word' id='word_1_250' title='bbox 562 1716 621 1754; x_wconf 75' lang='grc' dir='ltr'>καὶ</span> <span class='ocrx_word' id='word_1_251' title='bbox 641 1716 680 1754; x_wconf 83' lang='grc' dir='ltr'>τὸ</span> <span class='ocrx_word' id='word_1_252' title='bbox 699 1719 760 1761; x_wconf 71' lang='grc' dir='ltr'>τῆς</span> <span class='ocrx_word' id='word_1_253' title='bbox 780 1714 941 1767; x_wconf 77' lang='grc' dir='ltr'>δευτέρας</span> <span class='ocrx_word' id='word_1_254' title='bbox 969 1716 1072 1752; x_wconf 80' lang='grc' dir='ltr'>αὐτοῦ</span> <span class='ocrx_word' id='word_1_255' title='bbox 1100 1730 1172 1752; x_wconf 77' lang='grc' dir='ltr'>πα-</span> 
     </span>
     <span class='ocr_line' id='line_1_35' title="bbox 147 1767 1170 1820; baseline -0.003 -13"><span class='ocrx_word' id='word_1_256' title='bbox 147 1768 284 1820; x_wconf 88' lang='grc' dir='ltr'>ρουσίας</span> <span class='ocrx_word' id='word_1_257' title='bbox 308 1769 512 1820; x_wconf 81' lang='grc' dir='ltr'>μυστήριον,</span> <span class='ocrx_word' id='word_1_258' title='bbox 531 1769 618 1820; x_wconf 75' lang='grc' dir='ltr'>ὑπὲρ</span> <span class='ocrx_word' id='word_1_259' title='bbox 637 1767 738 1819; x_wconf 84' lang='grc' dir='ltr'>λόγον</span> <span class='ocrx_word' id='word_1_260' title='bbox 758 1768 818 1806; x_wconf 77' lang='grc' dir='ltr'>καὶ</span> <span class='ocrx_word' id='word_1_261' title='bbox 842 1772 920 1806; x_wconf 89' lang='grc' dir='ltr'>νοῦν</span> <span class='ocrx_word' id='word_1_262' title='bbox 948 1767 1009 1805; x_wconf 81' lang='grc' dir='ltr'>καὶ</span> <span class='ocrx_word' id='word_1_263' title='bbox 1025 1767 1170 1812; x_wconf 83' lang='grc' dir='ltr'>ἔννοιαν,</span> 
     </span>
     <span class='ocr_line' id='line_1_36' title="bbox 145 1820 1170 1874; baseline -0.001 -16"><span class='ocrx_word' id='word_1_264' title='bbox 145 1821 347 1874; x_wconf 68' lang='grc' dir='ltr'>ὓπερὸαίνει</span> <span class='ocrx_word' id='word_1_265' title='bbox 367 1829 483 1860; x_wconf 77' lang='grc' dir='ltr'>πᾶσαν</span> <span class='ocrx_word' id='word_1_266' title='bbox 513 1822 687 1874; x_wconf 66' lang='grc' dir='ltr'>διήγησιν,</span> <span class='ocrx_word' id='word_1_267' title='bbox 708 1822 767 1858; x_wconf 76' lang='grc' dir='ltr'>καὶ</span> <span class='ocrx_word' id='word_1_268' title='bbox 787 1820 1027 1866; x_wconf 81' lang='grc' dir='ltr'>καταπλήττει</span> <span class='ocrx_word' id='word_1_269' title='bbox 1054 1827 1170 1858; x_wconf 84' lang='grc' dir='ltr'>πᾶσαν</span> 
     </span>
     <span class='ocr_line' id='line_1_37' title="bbox 146 1873 1172 1925; baseline 0 -15"><span class='ocrx_word' id='word_1_270' title='bbox 146 1874 266 1920; x_wconf 77' lang='grc' dir='ltr'>ἀκοήν.</span> <span class='ocrx_word' id='word_1_271' title='bbox 288 1873 411 1925; x_wconf 80' lang='grc' dir='ltr'>Μέγας</span> <span class='ocrx_word' id='word_1_272' title='bbox 431 1874 467 1913; x_wconf 81' lang='grc' dir='ltr'>δὲ</span> <span class='ocrx_word' id='word_1_273' title='bbox 500 1874 593 1925; x_wconf 85' lang='grc' dir='ltr'>ἀγὼν</span> <span class='ocrx_word' id='word_1_274' title='bbox 619 1873 678 1911; x_wconf 85' lang='grc' dir='ltr'>καὶ</span> <span class='ocrx_word' id='word_1_275' title='bbox 707 1873 814 1917; x_wconf 79' lang='grc' dir='ltr'>πολὺς</span> <span class='ocrx_word' id='word_1_276' title='bbox 835 1873 939 1916; x_wconf 85' lang='grc' dir='ltr'>πόθος</span> <span class='ocrx_word' id='word_1_277' title='bbox 968 1876 1037 1910; x_wconf 84' lang='grc' dir='ltr'>τῶν</span> <span class='ocrx_word' id='word_1_278' title='bbox 1058 1876 1172 1922; x_wconf 78' lang='grc' dir='ltr'>μαθη-</span> 
     </span>
     <span class='ocr_line' id='line_1_38' title="bbox 144 1925 1173 1979; baseline -0.002 -15"><span class='ocrx_word' id='word_1_279' title='bbox 144 1930 225 1973; x_wconf 78' lang='grc' dir='ltr'>τῶν,</span> <span class='ocrx_word' id='word_1_280' title='bbox 250 1927 387 1965; x_wconf 79' lang='grc' dir='ltr'>ἀκούειν</span> <span class='ocrx_word' id='word_1_281' title='bbox 418 1927 514 1979; x_wconf 83' lang='grc' dir='ltr'>παρὰ</span> <span class='ocrx_word' id='word_1_282' title='bbox 534 1932 592 1965; x_wconf 84' lang='grc' dir='ltr'>τοῦ</span> <span class='ocrx_word' id='word_1_283' title='bbox 623 1927 832 1964; x_wconf 75' lang='grc' dir='ltr'>διδασκάλου</span> <span class='ocrx_word' id='word_1_284' title='bbox 859 1932 989 1975; x_wconf 80' lang='grc' dir='ltr'>σημεῖα</span> <span class='ocrx_word' id='word_1_285' title='bbox 1011 1925 1091 1976; x_wconf 85' lang='grc' dir='ltr'>περὶ</span> <span class='ocrx_word' id='word_1_286' title='bbox 1111 1928 1173 1972; x_wconf 72' lang='grc' dir='ltr'>τῆς</span> 
     </span>
     <span class='ocr_line' id='line_1_39' title="bbox 144 1978 1172 2033; baseline 0 -17"><span class='ocrx_word' id='word_1_287' title='bbox 144 1980 348 2024; x_wconf 85' lang='grc' dir='ltr'>συντελείας.</span> <span class='ocrx_word' id='word_1_288' title='bbox 362 1979 423 2023; x_wconf 82' lang='grc' dir='ltr'>Ὡς</span> <span class='ocrx_word' id='word_1_289' title='bbox 439 1980 505 2033; x_wconf 80' lang='grc' dir='ltr'>γὰρ</span> <span class='ocrx_word' id='word_1_290' title='bbox 523 1979 691 2022; x_wconf 75' lang='grc' dir='ltr'>πολλάκις</span> <span class='ocrx_word' id='word_1_291' title='bbox 710 1979 883 2025; x_wconf 75' lang='grc' dir='ltr'>ἠκούσατε</span> <span class='ocrx_word' id='word_1_292' title='bbox 897 1983 956 2016; x_wconf 82' lang='grc' dir='ltr'>τοῦ</span> <span class='ocrx_word' id='word_1_293' title='bbox 971 1978 1172 2029; x_wconf 72' lang='grc' dir='ltr'>εὐαγγελίου</span> 
     </span>
     <span class='ocr_line' id='line_1_40' title="bbox 145 2031 1174 2084; baseline -0.001 -14"><span class='ocrx_word' id='word_1_294' title='bbox 145 2032 319 2084; x_wconf 83' lang='grc' dir='ltr'>λέγοντος,</span> <span class='ocrx_word' id='word_1_295' title='bbox 343 2031 395 2070; x_wconf 78' lang='grc' dir='ltr'>ὅτι</span> <span class='ocrx_word' id='word_1_296' title='bbox 428 2032 633 2082; x_wconf 75' lang='grc' dir='ltr'>Καθημένου</span> <span class='ocrx_word' id='word_1_297' title='bbox 668 2035 728 2070; x_wconf 85' lang='grc' dir='ltr'>τοῦ</span> <span class='ocrx_word' id='word_1_298' title='bbox 749 2034 865 2078; x_wconf 88' lang='grc' dir='ltr'>Ἰησοῦ</span> <span class='ocrx_word' id='word_1_299' title='bbox 895 2031 954 2069; x_wconf 79' lang='grc' dir='ltr'>ἐπὶ</span> <span class='ocrx_word' id='word_1_300' title='bbox 985 2035 1044 2068; x_wconf 81' lang='grc' dir='ltr'>τοῦ</span> <span class='ocrx_word' id='word_1_301' title='bbox 1077 2031 1174 2082; x_wconf 84' lang='grc' dir='ltr'>ὅρους</span> 
     </span>
     <span class='ocr_line' id='line_1_41' title="bbox 145 2085 1170 2138; baseline -0.002 -16"><span class='ocrx_word' id='word_1_302' title='bbox 145 2088 212 2122; x_wconf 81' lang='grc' dir='ltr'>τῶν</span> <span class='ocrx_word' id='word_1_303' title='bbox 251 2087 389 2132; x_wconf 81' lang='grc' dir='ltr'>ἐλαιῶν,</span> <span class='ocrx_word' id='word_1_304' title='bbox 421 2088 615 2138; x_wconf 67' lang='grc' dir='ltr'>προσῆλθον</span> <span class='ocrx_word' id='word_1_305' title='bbox 653 2086 748 2136; x_wconf 75' lang='grc' dir='ltr'>αὐτῷ</span> <span class='ocrx_word' id='word_1_306' title='bbox 780 2085 935 2135; x_wconf 81' lang='grc' dir='ltr'>μαθηταὶ</span> <span class='ocrx_word' id='word_1_307' title='bbox 965 2085 1071 2122; x_wconf 77' lang='grc' dir='ltr'>αὐτοῦ</span> <span class='ocrx_word' id='word_1_308' title='bbox 1093 2087 1170 2121; x_wconf 89' lang='grc' dir='ltr'>κατ’</span> 
     </span>
     <span class='ocr_line' id='line_1_42' title="bbox 145 2137 1172 2188; baseline -0.001 -14"><span class='ocrx_word' id='word_1_309' title='bbox 145 2137 234 2175; x_wconf 81' lang='grc' dir='ltr'>ἰδίαν</span> <span class='ocrx_word' id='word_1_310' title='bbox 257 2137 429 2188; x_wconf 84' lang='grc' dir='ltr'>λέγοντες·</span> <span class='ocrx_word' id='word_1_311' title='bbox 449 2138 524 2176; x_wconf 81' lang='grc' dir='ltr'>εἰπὲ</span> <span class='ocrx_word' id='word_1_312' title='bbox 546 2142 645 2188; x_wconf 78' lang='grc' dir='ltr'>ἡμῖν,</span> <span class='ocrx_word' id='word_1_313' title='bbox 664 2138 698 2175; x_wconf 91' lang='grc' dir='ltr'>τί</span> <span class='ocrx_word' id='word_1_314' title='bbox 717 2139 755 2176; x_wconf 86' lang='grc' dir='ltr'>τὸ</span> <span class='ocrx_word' id='word_1_315' title='bbox 767 2142 916 2187; x_wconf 80' lang='grc' dir='ltr'>σημεῖον</span> <span class='ocrx_word' id='word_1_316' title='bbox 935 2141 996 2183; x_wconf 60' lang='grc' dir='ltr'>τῆς</span> <span class='ocrx_word' id='word_1_317' title='bbox 1023 2139 1085 2182; x_wconf 62' lang='grc' dir='ltr'>σῆς</span> <span class='ocrx_word' id='word_1_318' title='bbox 1105 2151 1172 2174; x_wconf 91' lang='grc' dir='ltr'>πα-</span> 
     </span>
     <span class='ocr_line' id='line_1_43' title="bbox 147 2189 1174 2241; baseline -0.001 -14"><span class='ocrx_word' id='word_1_319' title='bbox 147 2190 306 2240; x_wconf 83' lang='grc' dir='ltr'>ρουσίας,</span> <span class='ocrx_word' id='word_1_320' title='bbox 327 2191 387 2227; x_wconf 77' lang='grc' dir='ltr'>καὶ</span> <span class='ocrx_word' id='word_1_321' title='bbox 404 2194 466 2237; x_wconf 69' lang='grc' dir='ltr'>τῆς</span> <span class='ocrx_word' id='word_1_322' title='bbox 491 2191 687 2234; x_wconf 90' lang='grc' dir='ltr'>συντελείας</span> <span class='ocrx_word' id='word_1_323' title='bbox 706 2195 765 2229; x_wconf 79' lang='grc' dir='ltr'>τοῦ</span> <span class='ocrx_word' id='word_1_324' title='bbox 784 2192 918 2233; x_wconf 78' lang='grc' dir='ltr'>αἰῶνος.</span> <span class='ocrx_word' id='word_1_325' title='bbox 942 2189 1038 2241; x_wconf 63' lang='grc' dir='ltr'>ἰὈρα</span> <span class='ocrx_word' id='word_1_326' title='bbox 1057 2189 1096 2226; x_wconf 81' lang='grc' dir='ltr'>τὸ</span> <span class='ocrx_word' id='word_1_327' title='bbox 1118 2204 1174 2226; x_wconf 88' lang='grc' dir='ltr'>σο-</span> 
     </span>
     <span class='ocr_line' id='line_1_44' title="bbox 144 2241 1172 2294; baseline -0.002 -14"><span class='ocrx_word' id='word_1_328' title='bbox 144 2243 205 2293; x_wconf 77' lang='grc' dir='ltr'>φὸν</span> <span class='ocrx_word' id='word_1_329' title='bbox 220 2243 280 2280; x_wconf 84' lang='grc' dir='ltr'>καὶ</span> <span class='ocrx_word' id='word_1_330' title='bbox 297 2244 438 2281; x_wconf 74' lang='grc' dir='ltr'>συνετὸν</span> <span class='ocrx_word' id='word_1_331' title='bbox 453 2247 522 2281; x_wconf 78' lang='grc' dir='ltr'>τῶν</span> <span class='ocrx_word' id='word_1_332' title='bbox 551 2247 729 2294; x_wconf 78' lang='grc' dir='ltr'>μαθητῶν.</span> <span class='ocrx_word' id='word_1_333' title='bbox 748 2243 862 2281; x_wconf 68' lang='grc' dir='ltr'>εΌταν</span> <span class='ocrx_word' id='word_1_334' title='bbox 897 2241 987 2294; x_wconf 85' lang='grc' dir='ltr'>μέγα</span> <span class='ocrx_word' id='word_1_335' title='bbox 1015 2258 1049 2279; x_wconf 89' lang='grc' dir='ltr'>τι</span> <span class='ocrx_word' id='word_1_336' title='bbox 1071 2241 1172 2279; x_wconf 62' lang='grc' dir='ltr'>ἐδού-</span> 
     </span>
     <span class='ocr_line' id='line_1_45' title="bbox 143 2294 1174 2349; baseline 0 -17"><span class='ocrx_word' id='word_1_337' title='bbox 143 2297 242 2333; x_wconf 87' lang='grc' dir='ltr'>λοντο</span> <span class='ocrx_word' id='word_1_338' title='bbox 274 2298 419 2348; x_wconf 67' lang='grc' dir='ltr'>ἐρωτᾷν,</span> <span class='ocrx_word' id='word_1_339' title='bbox 439 2298 477 2334; x_wconf 80' lang='grc' dir='ltr'>οὐ</span> <span class='ocrx_word' id='word_1_340' title='bbox 510 2297 636 2339; x_wconf 85' lang='grc' dir='ltr'>πάντες</span> <span class='ocrx_word' id='word_1_341' title='bbox 666 2298 760 2348; x_wconf 75' lang='grc' dir='ltr'>αὐτῷ</span> <span class='ocrx_word' id='word_1_342' title='bbox 788 2296 1062 2349; x_wconf 70' lang='grc' dir='ltr'>προσέρχονται,</span> <span class='ocrx_word' id='word_1_343' title='bbox 1084 2294 1174 2332; x_wconf 77' lang='grc' dir='ltr'>ἀλλὰ</span> 
     </span>
     <span class='ocr_line' id='line_1_46' title="bbox 144 2347 1173 2399; baseline 0.001 -14"><span class='ocrx_word' id='word_1_344' title='bbox 144 2351 222 2385; x_wconf 86' lang='grc' dir='ltr'>κατ’</span> <span class='ocrx_word' id='word_1_345' title='bbox 254 2350 356 2395; x_wconf 85' lang='grc' dir='ltr'>ἰδίαν,</span> <span class='ocrx_word' id='word_1_346' title='bbox 384 2349 444 2387; x_wconf 88' lang='grc' dir='ltr'>καί</span> <span class='ocrx_word' id='word_1_347' title='bbox 469 2365 592 2387; x_wconf 66' lang='grc' dir='ltr'>ωασιν·</span> <span class='ocrx_word' id='word_1_348' title='bbox 615 2348 689 2387; x_wconf 76' lang='grc' dir='ltr'>εἰπὲ</span> <span class='ocrx_word' id='word_1_349' title='bbox 708 2352 806 2399; x_wconf 80' lang='grc' dir='ltr'>ἡμῖν,</span> <span class='ocrx_word' id='word_1_350' title='bbox 829 2348 1011 2394; x_wconf 79' lang='grc' dir='ltr'>Δέσποτα,</span> <span class='ocrx_word' id='word_1_351' title='bbox 1029 2347 1088 2386; x_wconf 82' lang='grc' dir='ltr'>καὶ</span> <span class='ocrx_word' id='word_1_352' title='bbox 1115 2347 1173 2395; x_wconf 84' lang='grc' dir='ltr'>τὸ,</span> 
     </span>
     <span class='ocr_line' id='line_1_47' title="bbox 144 2400 1172 2453; baseline 0.002 -15"><span class='ocrx_word' id='word_1_353' title='bbox 144 2400 219 2438; x_wconf 79' lang='grc' dir='ltr'>εἰπὲ</span> <span class='ocrx_word' id='word_1_354' title='bbox 249 2405 346 2452; x_wconf 73' lang='grc' dir='ltr'>ἡμῖν,</span> <span class='ocrx_word' id='word_1_355' title='bbox 377 2403 501 2452; x_wconf 83' lang='grc' dir='ltr'>ἀγαθε·</span> <span class='ocrx_word' id='word_1_356' title='bbox 542 2401 617 2440; x_wconf 81' lang='grc' dir='ltr'>εἰπὲ</span> <span class='ocrx_word' id='word_1_357' title='bbox 651 2405 749 2452; x_wconf 75' lang='grc' dir='ltr'>ἡμῖν,</span> <span class='ocrx_word' id='word_1_358' title='bbox 781 2402 1060 2453; x_wconf 81' lang='grc' dir='ltr'>καρδιογνῶστα·</span> <span class='ocrx_word' id='word_1_359' title='bbox 1097 2402 1172 2440; x_wconf 78' lang='grc' dir='ltr'>εἰπὲ</span> 
     </span>
     <span class='ocr_line' id='line_1_48' title="bbox 143 2453 1172 2506; baseline 0.002 -16"><span class='ocrx_word' id='word_1_360' title='bbox 143 2456 241 2502; x_wconf 73' lang='grc' dir='ltr'>ἡμῖν,</span> <span class='ocrx_word' id='word_1_361' title='bbox 271 2458 288 2492; x_wconf 84' lang='grc' dir='ltr'><em>ὃ</em></span> <span class='ocrx_word' id='word_1_362' title='bbox 313 2453 492 2503; x_wconf 79' lang='grc' dir='ltr'>γινώσκων</span> <span class='ocrx_word' id='word_1_363' title='bbox 512 2455 556 2492; x_wconf 83' lang='grc' dir='ltr'>τὰ</span> <span class='ocrx_word' id='word_1_364' title='bbox 584 2455 718 2505; x_wconf 72' lang='grc' dir='ltr'>ἔσχατα</span> <span class='ocrx_word' id='word_1_365' title='bbox 749 2454 808 2491; x_wconf 76' lang='grc' dir='ltr'>καὶ</span> <span class='ocrx_word' id='word_1_366' title='bbox 838 2454 882 2491; x_wconf 79' lang='grc' dir='ltr'>τὰ</span> <span class='ocrx_word' id='word_1_367' title='bbox 915 2455 1065 2506; x_wconf 79' lang='grc' dir='ltr'>ἀρχαῖα·</span> <span class='ocrx_word' id='word_1_368' title='bbox 1096 2454 1172 2492; x_wconf 78' lang='grc' dir='ltr'>εἰπὲ</span> 
     </span>
     <span class='ocr_line' id='line_1_49' title="bbox 144 2505 1171 2558; baseline 0.002 -16"><span class='ocrx_word' id='word_1_369' title='bbox 144 2509 240 2555; x_wconf 75' lang='grc' dir='ltr'>ἡμῖν,</span> <span class='ocrx_word' id='word_1_370' title='bbox 263 2509 281 2543; x_wconf 80' lang='grc' dir='ltr'>ὁ</span> <span class='ocrx_word' id='word_1_371' title='bbox 307 2505 405 2550; x_wconf 84' lang='grc' dir='ltr'>εἰδὼς</span> <span class='ocrx_word' id='word_1_372' title='bbox 422 2506 466 2543; x_wconf 59' lang='grc' dir='ltr'>τὶ</span> <span class='ocrx_word' id='word_1_373' title='bbox 483 2505 599 2544; x_wconf 82' lang='grc' dir='ltr'>πάντα</span> <span class='ocrx_word' id='word_1_374' title='bbox 628 2506 709 2558; x_wconf 79' lang='grc' dir='ltr'>πρὶν</span> <span class='ocrx_word' id='word_1_375' title='bbox 737 2506 903 2557; x_wconf 86' lang='grc' dir='ltr'>γενέσεως</span> <span class='ocrx_word' id='word_1_376' title='bbox 936 2509 1046 2544; x_wconf 80' lang='grc' dir='ltr'>αὐτῶν</span> <span class='ocrx_word' id='word_1_377' title='bbox 1063 2523 1070 2530; x_wconf 92' lang='grc'>·</span> <span class='ocrx_word' id='word_1_378' title='bbox 1096 2506 1171 2544; x_wconf 77' lang='grc' dir='ltr'>εἷπὲ</span> 
     </span>
    </p>
   </div>
   <div class='ocr_carea' id='block_1_8' title="bbox 1191 1093 1216 1123">
    <p class='ocr_par' dir='ltr' id='par_1_9' title="bbox 1191 1093 1216 1123">
     <span class='ocr_line' id='line_1_50' title="bbox 1191 1093 1216 1123; baseline 0 -5"><span class='ocrx_word' id='word_1_379' title='bbox 1191 1093 1216 1123; x_wconf 84' lang='lat' dir='ltr'>D</span> 
     </span>
    </p>
   </div>
   <div class='ocr_carea' id='block_1_9' title="bbox 1192 1830 1216 1859">
    <p class='ocr_par' dir='ltr' id='par_1_10' title="bbox 1192 1830 1216 1859">
     <span class='ocr_line' id='line_1_51' title="bbox 1192 1830 1216 1859; baseline 0 0"><span class='ocrx_word' id='word_1_380' title='bbox 1192 1830 1216 1859; x_wconf 84' lang='lat' dir='ltr'><strong>E</strong></span> 
     </span>
    </p>
   </div>
   <div class='ocr_carea' id='block_1_10' title="bbox 1234 552 2428 2557">
    <p class='ocr_par' dir='ltr' id='par_1_11' title="bbox 1234 552 2428 2557">
     <span class='ocr_line' id='line_1_52' title="bbox 1294 552 2220 604; baseline -0.001 -13"><span class='ocrx_word' id='word_1_381' title='bbox 1294 553 1329 592; x_wconf 88' lang='lat'>8.</span> <span class='ocrx_word' id='word_1_382' title='bbox 1359 553 1431 590; x_wconf 77' lang='lat' dir='ltr'>Nec</span> <span class='ocrx_word' id='word_1_383' title='bbox 1446 552 1582 590; x_wconf 88' lang='lat' dir='ltr'>mireris</span> <span class='ocrx_word' id='word_1_384' title='bbox 1596 552 1623 589; x_wconf 87' lang='lat' dir='ltr'>si</span> <span class='ocrx_word' id='word_1_385' title='bbox 1640 560 1795 604; x_wconf 81' lang='lat' dir='ltr'>pastores</span> <span class='ocrx_word' id='word_1_386' title='bbox 1811 552 1885 604; x_wconf 88' lang='lat' dir='ltr'>lupi</span> <span class='ocrx_word' id='word_1_387' title='bbox 1902 552 2220 591; x_wconf 64' lang='lat' dir='ltr'>efficiuntur.Ns1m</span> 
     </span>
     <span class='ocr_line' id='line_1_53' title="bbox 1239 605 2218 657; baseline 0 -15"><span class='ocrx_word' id='word_1_388' title='bbox 1239 605 1421 657; x_wconf 88' lang='lat' dir='ltr'>episcopos</span> <span class='ocrx_word' id='word_1_389' title='bbox 1440 615 1473 643; x_wconf 87' lang='lat' dir='ltr'>et</span> <span class='ocrx_word' id='word_1_390' title='bbox 1495 605 1717 657; x_wconf 83' lang='lat' dir='ltr'>presLyteros</span> <span class='ocrx_word' id='word_1_391' title='bbox 1732 605 1915 655; x_wconf 80' lang='lat' dir='ltr'>alloquens</span> <span class='ocrx_word' id='word_1_392' title='bbox 1936 605 2067 643; x_wconf 82' lang='lat' dir='ltr'>Paulus</span> <span class='ocrx_word' id='word_1_393' title='bbox 2080 615 2218 657; x_wconf 80' lang='lat' dir='ltr'>aposto-</span> 
     </span>
     <span class='ocr_line' id='line_1_54' title="bbox 1240 658 2417 710; baseline 0.003 -16"><span class='ocrx_word' id='word_1_394' title='bbox 1240 658 1295 695; x_wconf 91' lang='lat' dir='ltr'>lus</span> <span class='ocrx_word' id='word_1_395' title='bbox 1314 658 1363 695; x_wconf 79' lang='lat' dir='ltr'>ait</span> <span class='ocrx_word' id='word_1_396' title='bbox 1379 673 1386 693; x_wconf 92' lang='lat'>:</span> <span class='ocrx_word' id='word_1_397' title='bbox 1404 659 1465 695; x_wconf 66' lang='lat' dir='ltr'>Ea:</span> <span class='ocrx_word' id='word_1_398' title='bbox 1481 660 1592 695; x_wconf 82' lang='lat' dir='ltr'>vobis</span> <span class='ocrx_word' id='word_1_399' title='bbox 1614 661 1705 709; x_wconf 78' lang='lat' dir='ltr'>ipsis</span> <span class='ocrx_word' id='word_1_400' title='bbox 1724 666 1927 709; x_wconf 61' lang='lat' dir='ltr'>exsurgent</span> <span class='ocrx_word' id='word_1_401' title='bbox 1948 661 2041 703; x_wconf 72' lang='lat' dir='ltr'>viri,</span> <span class='ocrx_word' id='word_1_402' title='bbox 2062 659 2219 710; x_wconf 75' lang='lat' dir='ltr'>loquen-</span> <span class='ocrx_word' id='word_1_403' title='bbox 2235 668 2417 697; x_wconf 60' lang='lat' dir='ltr'>Ast.2‹›.30.</span> 
     </span>
     <span class='ocr_line' id='line_1_55' title="bbox 1240 710 2219 762; baseline 0 -14"><span class='ocrx_word' id='word_1_404' title='bbox 1240 719 1295 748; x_wconf 71' lang='lat' dir='ltr'>tes</span> <span class='ocrx_word' id='word_1_405' title='bbox 1309 724 1503 762; x_wconf 75' lang='lat' dir='ltr'>perversa.</span> <span class='ocrx_word' id='word_1_406' title='bbox 1524 711 1648 761; x_wconf 75' lang='lat' dir='ltr'>Itaque</span> <span class='ocrx_word' id='word_1_407' title='bbox 1674 725 1776 748; x_wconf 88' lang='lat' dir='ltr'>nemo</span> <span class='ocrx_word' id='word_1_408' title='bbox 1800 725 1864 748; x_wconf 80' lang='lat' dir='ltr'>vos</span> <span class='ocrx_word' id='word_1_409' title='bbox 1886 710 2041 757; x_wconf 75' lang='lat' dir='ltr'>seducat,</span> <span class='ocrx_word' id='word_1_410' title='bbox 2065 711 2219 748; x_wconf 77' lang='lat' dir='ltr'>exterius</span> 
     </span>
     <span class='ocr_line' id='line_1_56' title="bbox 1239 762 2217 814; baseline 0.002 -15"><span class='ocrx_word' id='word_1_411' title='bbox 1239 763 1401 801; x_wconf 81' lang='lat' dir='ltr'>habitum</span> <span class='ocrx_word' id='word_1_412' title='bbox 1428 763 1639 814; x_wconf 78' lang='lat' dir='ltr'>angelicum,</span> <span class='ocrx_word' id='word_1_413' title='bbox 1660 763 1806 801; x_wconf 88' lang='lat' dir='ltr'>interius</span> <span class='ocrx_word' id='word_1_414' title='bbox 1832 762 2049 800; x_wconf 83' lang='lat' dir='ltr'>diabolicum</span> <span class='ocrx_word' id='word_1_415' title='bbox 2074 763 2217 801; x_wconf 80' lang='lat' dir='ltr'>habens.</span> 
     </span>
     <span class='ocr_line' id='line_1_57' title="bbox 1238 815 2419 867; baseline 0.002 -15"><span class='ocrx_word' id='word_1_416' title='bbox 1238 815 1322 854; x_wconf 83' lang='lat' dir='ltr'>Ideo</span> <span class='ocrx_word' id='word_1_417' title='bbox 1333 818 1436 855; x_wconf 87' lang='lat' dir='ltr'>Jesus</span> <span class='ocrx_word' id='word_1_418' title='bbox 1448 816 1604 853; x_wconf 76' lang='lat' dir='ltr'>dicebat:</span> <span class='ocrx_word' id='word_1_419' title='bbox 1617 817 1763 862; x_wconf 79' lang='lat' dir='ltr'>Videte,</span> <span class='ocrx_word' id='word_1_420' title='bbox 1785 831 1832 853; x_wconf 81' lang='lat' dir='ltr'>ne</span> <span class='ocrx_word' id='word_1_421' title='bbox 1851 819 1937 867; x_wconf 72' lang='lat' dir='ltr'>quis</span> <span class='ocrx_word' id='word_1_422' title='bbox 1952 830 2023 853; x_wconf 68' lang='lat' dir='ltr'>vos</span> <span class='ocrx_word' id='word_1_423' title='bbox 2042 817 2215 854; x_wconf 79' lang='lat' dir='ltr'>seducat.</span> <span class='ocrx_word' id='word_1_424' title='bbox 2234 831 2348 858; x_wconf 59' lang='lat' dir='ltr'>Mam,</span> <span class='ocrx_word' id='word_1_425' title='bbox 2369 831 2419 867; x_wconf 62' lang='lat'>2&#39;0·</span> 
     </span>
     <span class='ocr_line' id='line_1_58' title="bbox 1239 868 2262 920; baseline 0.004 -15"><span class='ocrx_word' id='word_1_426' title='bbox 1239 868 1284 906; x_wconf 81' lang='lat' dir='ltr'>Et</span> <span class='ocrx_word' id='word_1_427' title='bbox 1299 882 1364 920; x_wconf 82' lang='lat' dir='ltr'>ego</span> <span class='ocrx_word' id='word_1_428' title='bbox 1381 883 1523 920; x_wconf 83' lang='lat' dir='ltr'>quoque</span> <span class='ocrx_word' id='word_1_429' title='bbox 1538 869 1668 906; x_wconf 80' lang='lat' dir='ltr'>similia</span> <span class='ocrx_word' id='word_1_430' title='bbox 1683 868 1800 908; x_wconf 80' lang='lat' dir='ltr'>dicam</span> <span class='ocrx_word' id='word_1_431' title='bbox 1819 885 1825 905; x_wconf 92' lang='lat'>:</span> <span class='ocrx_word' id='word_1_432' title='bbox 1847 868 1984 917; x_wconf 73' lang='lat' dir='ltr'>Videte,</span> <span class='ocrx_word' id='word_1_433' title='bbox 2001 883 2043 906; x_wconf 89' lang='lat' dir='ltr'>ne</span> <span class='ocrx_word' id='word_1_434' title='bbox 2063 869 2144 919; x_wconf 85' lang='lat' dir='ltr'>quis</span> <span class='ocrx_word' id='word_1_435' title='bbox 2158 884 2220 907; x_wconf 83' lang='lat' dir='ltr'>vos</span> <span class='ocrx_word' id='word_1_436' title='bbox 2234 871 2262 909; x_wconf 70' lang='lat' dir='ltr'>st·</span> 
     </span>
     <span class='ocr_line' id='line_1_59' title="bbox 1237 921 2218 972; baseline 0.001 -14"><span class='ocrx_word' id='word_1_437' title='bbox 1237 921 1394 972; x_wconf 84' lang='lat' dir='ltr'>seducat,</span> <span class='ocrx_word' id='word_1_438' title='bbox 1416 922 1472 960; x_wconf 77' lang='lat' dir='ltr'>vel</span> <span class='ocrx_word' id='word_1_439' title='bbox 1491 922 1536 959; x_wconf 85' lang='lat' dir='ltr'>ab</span> <span class='ocrx_word' id='word_1_440' title='bbox 1554 922 1803 970; x_wconf 73' lang='lat' dir='ltr'>exterioribus,</span> <span class='ocrx_word' id='word_1_441' title='bbox 1827 921 1881 959; x_wconf 70' lang='lat' dir='ltr'>vel</span> <span class='ocrx_word' id='word_1_442' title='bbox 1897 922 1942 959; x_wconf 83' lang='lat' dir='ltr'>ab</span> <span class='ocrx_word' id='word_1_443' title='bbox 1958 922 2186 959; x_wconf 81' lang='lat' dir='ltr'>interioribus</span> <span class='ocrx_word' id='word_1_444' title='bbox 2211 938 2218 958; x_wconf 88' lang='lat'>:</span> 
     </span>
     <span class='ocr_line' id='line_1_60' title="bbox 1236 974 2220 1027; baseline 0.001 -16"><span class='ocrx_word' id='word_1_445' title='bbox 1236 988 1306 1012; x_wconf 90' lang='lat' dir='ltr'>non</span> <span class='ocrx_word' id='word_1_446' title='bbox 1326 975 1523 1027; x_wconf 85' lang='lat' dir='ltr'>episcopus,</span> <span class='ocrx_word' id='word_1_447' title='bbox 1540 988 1609 1012; x_wconf 90' lang='lat' dir='ltr'>non</span> <span class='ocrx_word' id='word_1_448' title='bbox 1642 974 1841 1026; x_wconf 70' lang='lat' dir='ltr'>presbyter,</span> <span class='ocrx_word' id='word_1_449' title='bbox 1858 988 1926 1012; x_wconf 89' lang='lat' dir='ltr'>non</span> <span class='ocrx_word' id='word_1_450' title='bbox 1948 974 2130 1022; x_wconf 77' lang='lat' dir='ltr'>diaconus,</span> <span class='ocrx_word' id='word_1_451' title='bbox 2152 989 2220 1013; x_wconf 91' lang='lat' dir='ltr'>non</span> 
     </span>
     <span class='ocr_line' id='line_1_61' title="bbox 1235 1027 2223 1078; baseline 0.001 -14"><span class='ocrx_word' id='word_1_452' title='bbox 1235 1027 1359 1076; x_wconf 87' lang='lat' dir='ltr'>lector,</span> <span class='ocrx_word' id='word_1_453' title='bbox 1382 1042 1451 1066; x_wconf 89' lang='lat' dir='ltr'>non</span> <span class='ocrx_word' id='word_1_454' title='bbox 1480 1027 1641 1078; x_wconf 83' lang='lat' dir='ltr'>quisquis</span> <span class='ocrx_word' id='word_1_455' title='bbox 1675 1031 1818 1065; x_wconf 78' lang='lat' dir='ltr'>tandem</span> <span class='ocrx_word' id='word_1_456' title='bbox 1849 1027 1894 1064; x_wconf 89' lang='lat' dir='ltr'>sit</span> <span class='ocrx_word' id='word_1_457' title='bbox 1918 1027 1947 1065; x_wconf 87' lang='lat' dir='ltr'>is</span> <span class='ocrx_word' id='word_1_458' title='bbox 1979 1028 2040 1078; x_wconf 90' lang='lat' dir='ltr'>qui</span> <span class='ocrx_word' id='word_1_459' title='bbox 2065 1028 2223 1078; x_wconf 83' lang='lat' dir='ltr'>loquitur</span> 
     </span>
     <span class='ocr_line' id='line_1_62' title="bbox 1237 1081 2372 1135; baseline 0.004 -20"><span class='ocrx_word' id='word_1_460' title='bbox 1237 1094 1425 1131; x_wconf 81' lang='lat' dir='ltr'>perversa:</span> <span class='ocrx_word' id='word_1_461' title='bbox 1448 1082 1523 1131; x_wconf 79' lang='lat' dir='ltr'>Qui</span> <span class='ocrx_word' id='word_1_462' title='bbox 1550 1083 1716 1118; x_wconf 72' lang='lat' dir='ltr'>‘veniunt</span> <span class='ocrx_word' id='word_1_463' title='bbox 1745 1081 1799 1117; x_wconf 77' lang='lat' dir='ltr'>cul</span> <span class='ocrx_word' id='word_1_464' title='bbox 1822 1094 1893 1117; x_wconf 75' lang='lat' dir='ltr'>vos</span> <span class='ocrx_word' id='word_1_465' title='bbox 1919 1083 1960 1117; x_wconf 83' lang='lat' dir='ltr'>in</span> <span class='ocrx_word' id='word_1_466' title='bbox 1980 1084 2222 1119; x_wconf 77' lang='lat' dir='ltr'>vestimentis</span> <span class='ocrx_word' id='word_1_467' title='bbox 2237 1096 2316 1124; x_wconf 52' lang='grc' dir='ltr'>Μία,</span> <span class='ocrx_word' id='word_1_468' title='bbox 2344 1107 2372 1135; x_wconf 80' lang='lat'>7,</span> 
     </span>
     <span class='ocr_line' id='line_1_63' title="bbox 1236 1134 2285 1185; baseline 0.002 -15"><span class='ocrx_word' id='word_1_469' title='bbox 1236 1136 1379 1180; x_wconf 75' lang='lat' dir='ltr'>ovium,</span> <span class='ocrx_word' id='word_1_470' title='bbox 1403 1136 1634 1171; x_wconf 77' lang='lat' dir='ltr'>intrinsecus</span> <span class='ocrx_word' id='word_1_471' title='bbox 1660 1142 1789 1170; x_wconf 81' lang='lat' dir='ltr'>autem</span> <span class='ocrx_word' id='word_1_472' title='bbox 1822 1141 1911 1171; x_wconf 79' lang='lat' dir='ltr'>sunt</span> <span class='ocrx_word' id='word_1_473' title='bbox 1941 1134 2021 1185; x_wconf 78' lang='lat' dir='ltr'>lupi</span> <span class='ocrx_word' id='word_1_474' title='bbox 2042 1148 2219 1185; x_wconf 74' lang='lat' dir='ltr'>rapaces.-</span> <span class='ocrx_word' id='word_1_475' title='bbox 2241 1136 2285 1165; x_wconf 84' lang='lat'>¹5-</span> 
     </span>
     <span class='ocr_line' id='line_1_64' title="bbox 1235 1185 2223 1238; baseline 0.003 -16"><span class='ocrx_word' id='word_1_476' title='bbox 1235 1186 1297 1236; x_wconf 88' lang='lat' dir='ltr'>qui</span> <span class='ocrx_word' id='word_1_477' title='bbox 1311 1186 1440 1224; x_wconf 77' lang='lat' dir='ltr'>habent</span> <span class='ocrx_word' id='word_1_478' title='bbox 1460 1186 1600 1238; x_wconf 82' lang='lat' dir='ltr'>pietatis</span> <span class='ocrx_word' id='word_1_479' title='bbox 1612 1186 1774 1237; x_wconf 66' lang='lat' dir='ltr'>speciem,</span> <span class='ocrx_word' id='word_1_480' title='bbox 1791 1185 1878 1223; x_wconf 89' lang='lat' dir='ltr'>dum</span> <span class='ocrx_word' id='word_1_481' title='bbox 1896 1186 2038 1237; x_wconf 87' lang='lat' dir='ltr'>pietatis</span> <span class='ocrx_word' id='word_1_482' title='bbox 2054 1188 2223 1225; x_wconf 79' lang='lat' dir='ltr'>virtutem</span> 
     </span>
     <span class='ocr_line' id='line_1_65' title="bbox 1237 1238 2223 1289; baseline 0.002 -14"><span class='ocrx_word' id='word_1_483' title='bbox 1237 1248 1376 1289; x_wconf 81' lang='lat' dir='ltr'>negant.</span> <span class='ocrx_word' id='word_1_484' title='bbox 1396 1241 1470 1278; x_wconf 84' lang='lat' dir='ltr'>Vos</span> <span class='ocrx_word' id='word_1_485' title='bbox 1485 1248 1618 1286; x_wconf 84' lang='lat' dir='ltr'>autem,</span> <span class='ocrx_word' id='word_1_486' title='bbox 1640 1238 1773 1286; x_wconf 88' lang='lat' dir='ltr'>dilecti,</span> <span class='ocrx_word' id='word_1_487' title='bbox 1791 1252 1834 1275; x_wconf 88' lang='lat' dir='ltr'>ne</span> <span class='ocrx_word' id='word_1_488' title='bbox 1852 1239 2083 1287; x_wconf 78' lang='lat' dir='ltr'>seducamini,</span> <span class='ocrx_word' id='word_1_489' title='bbox 2103 1239 2164 1277; x_wconf 87' lang='lat' dir='ltr'>sed</span> <span class='ocrx_word' id='word_1_490' title='bbox 2184 1249 2223 1277; x_wconf 90' lang='lat' dir='ltr'>ut</span> 
     </span>
     <span class='ocr_line' id='line_1_66' title="bbox 1236 1291 2223 1343; baseline 0.003 -16"><span class='ocrx_word' id='word_1_491' title='bbox 1236 1291 1420 1343; x_wconf 79' lang='lat' dir='ltr'>accepistis</span> <span class='ocrx_word' id='word_1_492' title='bbox 1436 1291 1628 1329; x_wconf 89' lang='lat' dir='ltr'>Dominum</span> <span class='ocrx_word' id='word_1_493' title='bbox 1649 1300 1809 1328; x_wconf 86' lang='lat' dir='ltr'>nostrum</span> <span class='ocrx_word' id='word_1_494' title='bbox 1828 1293 1951 1330; x_wconf 87' lang='lat' dir='ltr'>Jesum</span> <span class='ocrx_word' id='word_1_495' title='bbox 1970 1291 2166 1341; x_wconf 83' lang='lat' dir='ltr'>Christum,</span> <span class='ocrx_word' id='word_1_496' title='bbox 2187 1293 2223 1330; x_wconf 91' lang='lat' dir='ltr'>in</span> 
     </span>
     <span class='ocr_line' id='line_1_67' title="bbox 1237 1343 2225 1395; baseline 0.003 -15"><span class='ocrx_word' id='word_1_497' title='bbox 1237 1344 1314 1394; x_wconf 85' lang='lat' dir='ltr'>ipso</span> <span class='ocrx_word' id='word_1_498' title='bbox 1328 1344 1526 1393; x_wconf 74' lang='lat' dir='ltr'>ambulate,</span> <span class='ocrx_word' id='word_1_499' title='bbox 1544 1353 1577 1381; x_wconf 83' lang='lat' dir='ltr'>et</span> <span class='ocrx_word' id='word_1_500' title='bbox 1595 1345 1692 1381; x_wconf 87' lang='lat' dir='ltr'>Deus</span> <span class='ocrx_word' id='word_1_501' title='bbox 1712 1343 1807 1395; x_wconf 82' lang='lat' dir='ltr'>pacis</span> <span class='ocrx_word' id='word_1_502' title='bbox 1828 1343 1895 1381; x_wconf 85' lang='lat' dir='ltr'>erit</span> <span class='ocrx_word' id='word_1_503' title='bbox 1910 1344 2165 1382; x_wconf 69' lang='lat' dir='ltr'>vobiscumAEt</span> <span class='ocrx_word' id='word_1_504' title='bbox 2180 1345 2225 1383; x_wconf 87' lang='lat' dir='ltr'>de</span> 
     </span>
     <span class='ocr_line' id='line_1_68' title="bbox 1237 1395 2225 1449; baseline 0.003 -17"><span class='ocrx_word' id='word_1_505' title='bbox 1237 1395 1293 1433; x_wconf 85' lang='lat' dir='ltr'>his</span> <span class='ocrx_word' id='word_1_506' title='bbox 1307 1397 1451 1447; x_wconf 88' lang='lat' dir='ltr'>quidem</span> <span class='ocrx_word' id='word_1_507' title='bbox 1466 1396 1632 1433; x_wconf 85' lang='lat' dir='ltr'>omnibus</span> <span class='ocrx_word' id='word_1_508' title='bbox 1650 1396 1709 1433; x_wconf 90' lang='lat' dir='ltr'>hic</span> <span class='ocrx_word' id='word_1_509' title='bbox 1722 1410 1916 1433; x_wconf 89' lang='lat' dir='ltr'>sermonem</span> <span class='ocrx_word' id='word_1_510' title='bbox 1935 1396 2099 1434; x_wconf 79' lang='lat' dir='ltr'>claudam</span> <span class='ocrx_word' id='word_1_511' title='bbox 2108 1413 2119 1447; x_wconf 77' lang='lat'><em>3</em></span> <span class='ocrx_word' id='word_1_512' title='bbox 2137 1412 2225 1449; x_wconf 80' lang='lat' dir='ltr'>pau-</span> 
     </span>
     <span class='ocr_line' id='line_1_69' title="bbox 1238 1447 2223 1496; baseline 0.003 -12"><span class='ocrx_word' id='word_1_513' title='bbox 1238 1448 1288 1485; x_wconf 85' lang='lat' dir='ltr'>cis</span> <span class='ocrx_word' id='word_1_514' title='bbox 1309 1462 1390 1487; x_wconf 81' lang='lat' dir='ltr'>vero</span> <span class='ocrx_word' id='word_1_515' title='bbox 1409 1449 1542 1486; x_wconf 82' lang='lat' dir='ltr'>additis</span> <span class='ocrx_word' id='word_1_516' title='bbox 1561 1447 1606 1485; x_wconf 88' lang='lat' dir='ltr'>dc</span> <span class='ocrx_word' id='word_1_517' title='bbox 1627 1449 1939 1496; x_wconf 79' lang='lat' dir='ltr'>consummatione,</span> <span class='ocrx_word' id='word_1_518' title='bbox 1953 1449 2094 1487; x_wconf 85' lang='lat' dir='ltr'>(licendi</span> <span class='ocrx_word' id='word_1_519' title='bbox 2116 1452 2223 1488; x_wconf 78' lang='lat' dir='ltr'>finem</span> 
     </span>
     <span class='ocr_line' id='line_1_70' title="bbox 1238 1499 2224 1540; baseline 0.003 -3"><span class='ocrx_word' id='word_1_520' title='bbox 1238 1499 1376 1538; x_wconf 76' lang='lat' dir='ltr'>faciam.</span> <span class='ocrx_word' id='word_1_521' title='bbox 1400 1502 1440 1538; x_wconf 90' lang='lat' dir='ltr'>In</span> <span class='ocrx_word' id='word_1_522' title='bbox 1470 1499 1617 1538; x_wconf 82' lang='lat' dir='ltr'>exordio</span> <span class='ocrx_word' id='word_1_523' title='bbox 1648 1510 1766 1538; x_wconf 82' lang='lat' dir='ltr'>autem</span> <span class='ocrx_word' id='word_1_524' title='bbox 1792 1502 1962 1539; x_wconf 87' lang='lat' dir='ltr'>sermonis</span> <span class='ocrx_word' id='word_1_525' title='bbox 1993 1501 2037 1539; x_wconf 88' lang='lat' dir='ltr'>de</span> <span class='ocrx_word' id='word_1_526' title='bbox 2061 1516 2224 1540; x_wconf 85' lang='lat' dir='ltr'>consum-</span> 
     </span>
     <span class='ocr_line' id='line_1_71' title="bbox 1238 1552 2223 1607; baseline 0.005 -19"><span class='ocrx_word' id='word_1_527' title='bbox 1238 1553 1391 1591; x_wconf 83' lang='lat' dir='ltr'>matione</span> <span class='ocrx_word' id='word_1_528' title='bbox 1406 1554 1532 1591; x_wconf 83' lang='lat' dir='ltr'>horror</span> <span class='ocrx_word' id='word_1_529' title='bbox 1548 1552 1696 1604; x_wconf 80' lang='lat' dir='ltr'>quidam</span> <span class='ocrx_word' id='word_1_530' title='bbox 1716 1567 1772 1590; x_wconf 84' lang='lat' dir='ltr'>me</span> <span class='ocrx_word' id='word_1_531' title='bbox 1785 1553 1938 1603; x_wconf 62' lang='lat' dir='ltr'>invadit,</span> <span class='ocrx_word' id='word_1_532' title='bbox 1957 1563 1989 1591; x_wconf 87' lang='lat' dir='ltr'>et</span> <span class='ocrx_word' id='word_1_533' title='bbox 2003 1554 2223 1607; x_wconf 80' lang='lat' dir='ltr'>obstupesco.</span> 
     </span>
     <span class='ocr_line' id='line_1_72' title="bbox 1239 1605 2222 1658; baseline 0.004 -16"><span class='ocrx_word' id='word_1_534' title='bbox 1239 1605 1368 1643; x_wconf 81' lang='lat' dir='ltr'>Omnia</span> <span class='ocrx_word' id='word_1_535' title='bbox 1401 1607 1547 1657; x_wconf 87' lang='lat' dir='ltr'>quidem</span> <span class='ocrx_word' id='word_1_536' title='bbox 1578 1605 1725 1643; x_wconf 85' lang='lat' dir='ltr'>Domini</span> <span class='ocrx_word' id='word_1_537' title='bbox 1756 1606 1929 1643; x_wconf 80' lang='lat' dir='ltr'>miracula</span> <span class='ocrx_word' id='word_1_538' title='bbox 1960 1620 2088 1658; x_wconf 75' lang='lat' dir='ltr'>magna</span> <span class='ocrx_word' id='word_1_539' title='bbox 2120 1618 2201 1646; x_wconf 87' lang='lat' dir='ltr'>sunt</span> <span class='ocrx_word' id='word_1_540' title='bbox 2214 1639 2222 1655; x_wconf 91' lang='lat'>,</span> 
     </span>
     <span class='ocr_line' id='line_1_73' title="bbox 1238 1658 2225 1709; baseline 0.003 -13"><span class='ocrx_word' id='word_1_541' title='bbox 1238 1659 1411 1697; x_wconf 75' lang='lat' dir='ltr'>terribilia</span> <span class='ocrx_word' id='word_1_542' title='bbox 1427 1668 1458 1697; x_wconf 87' lang='lat' dir='ltr'>et</span> <span class='ocrx_word' id='word_1_543' title='bbox 1472 1658 1624 1709; x_wconf 75' lang='lat' dir='ltr'>gloriosa</span> <span class='ocrx_word' id='word_1_544' title='bbox 1643 1674 1649 1694; x_wconf 90' lang='lat'>:</span> <span class='ocrx_word' id='word_1_545' title='bbox 1668 1658 1750 1696; x_wconf 85' lang='lat' dir='ltr'>finis</span> <span class='ocrx_word' id='word_1_546' title='bbox 1766 1669 1885 1696; x_wconf 79' lang='lat' dir='ltr'>autem</span> <span class='ocrx_word' id='word_1_547' title='bbox 1901 1660 2225 1709; x_wconf 72' lang='lat' dir='ltr'>consummationis,</span> 
     </span>
     <span class='ocr_line' id='line_1_74' title="bbox 1234 1711 2225 1763; baseline 0.002 -14"><span class='ocrx_word' id='word_1_548' title='bbox 1234 1721 1272 1749; x_wconf 79' lang='lat' dir='ltr'>et</span> <span class='ocrx_word' id='word_1_549' title='bbox 1288 1712 1432 1749; x_wconf 87' lang='lat' dir='ltr'>secundi</span> <span class='ocrx_word' id='word_1_550' title='bbox 1455 1712 1553 1749; x_wconf 86' lang='lat' dir='ltr'>illius</span> <span class='ocrx_word' id='word_1_551' title='bbox 1572 1711 1746 1749; x_wconf 80' lang='lat' dir='ltr'>adventus</span> <span class='ocrx_word' id='word_1_552' title='bbox 1760 1712 1986 1763; x_wconf 76' lang='lat' dir='ltr'>mysterium,</span> <span class='ocrx_word' id='word_1_553' title='bbox 1997 1727 2136 1751; x_wconf 90' lang='lat' dir='ltr'>omnem</span> <span class='ocrx_word' id='word_1_554' title='bbox 2147 1728 2225 1751; x_wconf 90' lang='lat' dir='ltr'>ser-</span> 
     </span>
     <span class='ocr_line' id='line_1_75' title="bbox 1239 1764 2227 1817; baseline 0.002 -16"><span class='ocrx_word' id='word_1_555' title='bbox 1239 1778 1394 1814; x_wconf 89' lang='lat' dir='ltr'>monem,</span> <span class='ocrx_word' id='word_1_556' title='bbox 1415 1774 1567 1803; x_wconf 85' lang='lat' dir='ltr'>mentem</span> <span class='ocrx_word' id='word_1_557' title='bbox 1586 1774 1620 1801; x_wconf 86' lang='lat' dir='ltr'>et</span> <span class='ocrx_word' id='word_1_558' title='bbox 1641 1764 1912 1815; x_wconf 75' lang='lat' dir='ltr'>intelligentiam</span> <span class='ocrx_word' id='word_1_559' title='bbox 1934 1775 2088 1817; x_wconf 84' lang='lat' dir='ltr'>superat,</span> <span class='ocrx_word' id='word_1_560' title='bbox 2108 1775 2141 1803; x_wconf 86' lang='lat' dir='ltr'>et</span> <span class='ocrx_word' id='word_1_561' title='bbox 2165 1781 2227 1803; x_wconf 79' lang='lat' dir='ltr'>au-</span> 
     </span>
     <span class='ocr_line' id='line_1_76' title="bbox 1238 1816 2228 1869; baseline 0.004 -16"><span class='ocrx_word' id='word_1_562' title='bbox 1238 1816 1355 1855; x_wconf 87' lang='lat' dir='ltr'>ditum</span> <span class='ocrx_word' id='word_1_563' title='bbox 1370 1832 1509 1856; x_wconf 90' lang='lat' dir='ltr'>omnem</span> <span class='ocrx_word' id='word_1_564' title='bbox 1530 1826 1661 1855; x_wconf 84' lang='lat' dir='ltr'>terrore</span> <span class='ocrx_word' id='word_1_565' title='bbox 1678 1817 1852 1869; x_wconf 78' lang='lat' dir='ltr'>percellit.</span> <span class='ocrx_word' id='word_1_566' title='bbox 1872 1820 2046 1869; x_wconf 82' lang='lat' dir='ltr'>Magnum</span> <span class='ocrx_word' id='word_1_567' title='bbox 2065 1828 2157 1857; x_wconf 85' lang='lat' dir='ltr'>certe</span> <span class='ocrx_word' id='word_1_568' title='bbox 2172 1819 2228 1857; x_wconf 91' lang='lat' dir='ltr'>di-</span> 
     </span>
     <span class='ocr_line' id='line_1_77' title="bbox 1239 1870 2228 1922; baseline 0.003 -16"><span class='ocrx_word' id='word_1_569' title='bbox 1239 1870 1460 1922; x_wconf 86' lang='lat' dir='ltr'>scipulorum</span> <span class='ocrx_word' id='word_1_570' title='bbox 1477 1880 1652 1908; x_wconf 77' lang='lat' dir='ltr'>certamen</span> <span class='ocrx_word' id='word_1_571' title='bbox 1671 1871 1752 1919; x_wconf 81' lang='lat' dir='ltr'>fuit,</span> <span class='ocrx_word' id='word_1_572' title='bbox 1772 1884 1854 1907; x_wconf 88' lang='lat' dir='ltr'>cum</span> <span class='ocrx_word' id='word_1_573' title='bbox 1873 1885 1892 1907; x_wconf 81' lang='lat' dir='ltr'>a</span> <span class='ocrx_word' id='word_1_574' title='bbox 1912 1872 2065 1909; x_wconf 86' lang='lat' dir='ltr'>Doctore</span> <span class='ocrx_word' id='word_1_575' title='bbox 2081 1887 2145 1910; x_wconf 89' lang='lat' dir='ltr'>suo</span> <span class='ocrx_word' id='word_1_576' title='bbox 2164 1887 2228 1909; x_wconf 78' lang='lat' dir='ltr'>au·-</span> 
     </span>
     <span class='ocr_line' id='line_1_78' title="bbox 1239 1922 2227 1975; baseline 0.003 -16"><span class='ocrx_word' id='word_1_577' title='bbox 1239 1922 1382 1961; x_wconf 89' lang='lat' dir='ltr'>dierunt</span> <span class='ocrx_word' id='word_1_578' title='bbox 1393 1923 1500 1975; x_wconf 67' lang='lat' dir='ltr'>⁷signa</span> <span class='ocrx_word' id='word_1_579' title='bbox 1524 1923 1558 1960; x_wconf 93' lang='lat' dir='ltr'>in</span> <span class='ocrx_word' id='word_1_580' title='bbox 1583 1923 1884 1961; x_wconf 78' lang='lat' dir='ltr'>consummatione</span> <span class='ocrx_word' id='word_1_581' title='bbox 1905 1924 2038 1961; x_wconf 79' lang='lat' dir='ltr'>futura.</span> <span class='ocrx_word' id='word_1_582' title='bbox 2062 1927 2113 1963; x_wconf 58' lang='lat' dir='ltr'>L‘t</span> <span class='ocrx_word' id='word_1_583' title='bbox 2133 1925 2227 1963; x_wconf 90' lang='lat' dir='ltr'>enim</span> 
     </span>
     <span class='ocr_line' id='line_1_79' title="bbox 1241 1975 2428 2038; baseline 0.003 -26"><span class='ocrx_word' id='word_1_584' title='bbox 1241 1989 1331 2027; x_wconf 77' lang='lat' dir='ltr'>saepe</span> <span class='ocrx_word' id='word_1_585' title='bbox 1361 1976 1512 2014; x_wconf 86' lang='lat' dir='ltr'>audistis</span> <span class='ocrx_word' id='word_1_586' title='bbox 1541 1990 1589 2013; x_wconf 77' lang='lat' dir='ltr'>ex</span> <span class='ocrx_word' id='word_1_587' title='bbox 1622 1975 1842 2026; x_wconf 72' lang='lat' dir='ltr'>Evangelio,</span> <span class='ocrx_word' id='word_1_588' title='bbox 1869 1976 2031 2014; x_wconf 75' lang='lat' dir='ltr'>sedente</span> <span class='ocrx_word' id='word_1_589' title='bbox 2061 1979 2157 2016; x_wconf 76' lang='lat' dir='ltr'>Jeszc</span> <span class='ocrx_word' id='word_1_590' title='bbox 2187 1981 2229 2015; x_wconf 81' lang='grc' dir='ltr'><em>ιή</em></span> <span class='ocrx_word' id='word_1_591' title='bbox 2244 1999 2355 2025; x_wconf 33' lang='grc' dir='ltr'>ΜΛΝ,-</span> <span class='ocrx_word' id='word_1_592' title='bbox 2379 1997 2428 2038; x_wconf 78' lang='lat' dir='ltr'>²i·</span> 
     </span>
     <span class='ocr_line' id='line_1_80' title="bbox 1242 2030 2271 2083; baseline 0.002 -18"><span class='ocrx_word' id='word_1_593' title='bbox 1242 2038 1371 2066; x_wconf 78' lang='lat' dir='ltr'>monte</span> <span class='ocrx_word' id='word_1_594' title='bbox 1389 2030 1605 2074; x_wconf 67' lang='lat' dir='ltr'>Oliwarzcm,</span> <span class='ocrx_word' id='word_1_595' title='bbox 1622 2038 1867 2066; x_wconf 79' lang='lat' dir='ltr'>accesserunt</span> <span class='ocrx_word' id='word_1_596' title='bbox 1883 2030 2030 2066; x_wconf 77' lang='lat' dir='ltr'>adeum</span> <span class='ocrx_word' id='word_1_597' title='bbox 2046 2031 2228 2083; x_wconf 79' lang='lat' dir='ltr'>discipuli</span> <span class='ocrx_word' id='word_1_598' title='bbox 2242 2039 2271 2067; x_wconf 85' lang='lat'>3.</span> 
     </span>
     <span class='ocr_line' id='line_1_81' title="bbox 1241 2082 2226 2135; baseline 0.002 -16"><span class='ocrx_word' id='word_1_599' title='bbox 1241 2084 1322 2134; x_wconf 80' lang='lat' dir='ltr'>ejus</span> <span class='ocrx_word' id='word_1_600' title='bbox 1336 2090 1493 2127; x_wconf 81' lang='lat' dir='ltr'>secreto,</span> <span class='ocrx_word' id='word_1_601' title='bbox 1511 2082 1680 2118; x_wconf 78' lang='lat' dir='ltr'>dicentes</span> <span class='ocrx_word' id='word_1_602' title='bbox 1698 2096 1708 2116; x_wconf 87' lang='lat'>.·</span> <span class='ocrx_word' id='word_1_603' title='bbox 1727 2082 1802 2118; x_wconf 71' lang='lat' dir='ltr'>Dic</span> <span class='ocrx_word' id='word_1_604' title='bbox 1820 2083 1942 2128; x_wconf 74' lang='lat' dir='ltr'>nobis,</span> <span class='ocrx_word' id='word_1_605' title='bbox 1960 2083 2063 2133; x_wconf 81' lang='lat' dir='ltr'>quod</span> <span class='ocrx_word' id='word_1_606' title='bbox 2074 2086 2226 2135; x_wconf 78' lang='lat' dir='ltr'>signum</span> 
     </span>
     <span class='ocr_line' id='line_1_82' title="bbox 1241 2135 2227 2180; baseline 0.003 -8"><span class='ocrx_word' id='word_1_607' title='bbox 1241 2135 1432 2172; x_wconf 74' lang='lat' dir='ltr'>adventus</span> <span class='ocrx_word' id='word_1_608' title='bbox 1459 2137 1527 2180; x_wconf 80' lang='lat' dir='ltr'>tui,</span> <span class='ocrx_word' id='word_1_609' title='bbox 1551 2142 1587 2171; x_wconf 83' lang='lat' dir='ltr'>et</span> <span class='ocrx_word' id='word_1_610' title='bbox 1611 2136 1957 2171; x_wconf 73' lang='lat' dir='ltr'>consummationis</span> <span class='ocrx_word' id='word_1_611' title='bbox 1977 2137 2120 2173; x_wconf 63' lang='lat' dir='ltr'>saeculi.</span> <span class='ocrx_word' id='word_1_612' title='bbox 2143 2137 2227 2175; x_wconf 89' lang='lat' dir='ltr'>Per·</span> 
     </span>
     <span class='ocr_line' id='line_1_83' title="bbox 1240 2185 2224 2240; baseline 0.005 -17"><span class='ocrx_word' id='word_1_613' title='bbox 1240 2186 1354 2238; x_wconf 85' lang='lat' dir='ltr'>pende</span> <span class='ocrx_word' id='word_1_614' title='bbox 1387 2186 1594 2239; x_wconf 79' lang='lat' dir='ltr'>sapientiam</span> <span class='ocrx_word' id='word_1_615' title='bbox 1626 2185 1922 2238; x_wconf 68' lang='lat' dir='ltr'>prudentiamque</span> <span class='ocrx_word' id='word_1_616' title='bbox 1955 2187 2224 2240; x_wconf 84' lang='lat' dir='ltr'>discipulorum.</span> 
     </span>
     <span class='ocr_line' id='line_1_84' title="bbox 1241 2239 2224 2293; baseline 0.004 -16"><span class='ocrx_word' id='word_1_617' title='bbox 1241 2240 1332 2277; x_wconf 88' lang='lat' dir='ltr'>Cum</span> <span class='ocrx_word' id='word_1_618' title='bbox 1355 2239 1400 2277; x_wconf 90' lang='lat' dir='ltr'>de</span> <span class='ocrx_word' id='word_1_619' title='bbox 1424 2255 1461 2278; x_wconf 88' lang='lat' dir='ltr'>re</span> <span class='ocrx_word' id='word_1_620' title='bbox 1482 2254 1610 2291; x_wconf 74' lang='lat' dir='ltr'>magna</span> <span class='ocrx_word' id='word_1_621' title='bbox 1632 2239 1788 2290; x_wconf 79' lang='lat' dir='ltr'>quadam</span> <span class='ocrx_word' id='word_1_622' title='bbox 1811 2239 2026 2292; x_wconf 79' lang='lat' dir='ltr'>interrogare</span> <span class='ocrx_word' id='word_1_623' title='bbox 2043 2242 2224 2293; x_wconf 68' lang='lat' dir='ltr'>volebant,</span> 
     </span>
     <span class='ocr_line' id='line_1_85' title="bbox 1241 2292 2223 2343; baseline 0.004 -14"><span class='ocrx_word' id='word_1_624' title='bbox 1241 2306 1310 2330; x_wconf 93' lang='lat' dir='ltr'>non</span> <span class='ocrx_word' id='word_1_625' title='bbox 1326 2307 1445 2331; x_wconf 85' lang='lat' dir='ltr'>omnes</span> <span class='ocrx_word' id='word_1_626' title='bbox 1461 2292 1568 2331; x_wconf 88' lang='lat' dir='ltr'>simul</span> <span class='ocrx_word' id='word_1_627' title='bbox 1584 2292 1687 2330; x_wconf 89' lang='lat' dir='ltr'>illum</span> <span class='ocrx_word' id='word_1_628' title='bbox 1703 2292 1931 2341; x_wconf 81' lang='lat' dir='ltr'>adibant,sed</span> <span class='ocrx_word' id='word_1_629' title='bbox 1951 2293 2109 2343; x_wconf 86' lang='lat' dir='ltr'>seorsim,</span> <span class='ocrx_word' id='word_1_630' title='bbox 2125 2295 2223 2334; x_wconf 85' lang='lat' dir='ltr'>dice-</span> 
     </span>
     <span class='ocr_line' id='line_1_86' title="bbox 1240 2345 2225 2400; baseline 0.004 -17"><span class='ocrx_word' id='word_1_631' title='bbox 1240 2345 1395 2397; x_wconf 80' lang='lat' dir='ltr'>bantque</span> <span class='ocrx_word' id='word_1_632' title='bbox 1412 2362 1420 2382; x_wconf 74' lang='grc' dir='ltr'>ε</span> <span class='ocrx_word' id='word_1_633' title='bbox 1441 2346 1509 2384; x_wconf 90' lang='lat' dir='ltr'>Dic</span> <span class='ocrx_word' id='word_1_634' title='bbox 1526 2346 1641 2395; x_wconf 77' lang='lat' dir='ltr'>nohis,</span> <span class='ocrx_word' id='word_1_635' title='bbox 1656 2346 1830 2396; x_wconf 76' lang='lat' dir='ltr'>Domine3</span> <span class='ocrx_word' id='word_1_636' title='bbox 1847 2346 1905 2383; x_wconf 81' lang='lat' dir='ltr'>dic</span> <span class='ocrx_word' id='word_1_637' title='bbox 1923 2346 2037 2397; x_wconf 81' lang='lat' dir='ltr'>nobis,</span> <span class='ocrx_word' id='word_1_638' title='bbox 2054 2347 2225 2400; x_wconf 76' lang='lat' dir='ltr'>benigne3</span> 
     </span>
     <span class='ocr_line' id='line_1_87' title="bbox 1240 2398 2224 2450; baseline 0.003 -14"><span class='ocrx_word' id='word_1_639' title='bbox 1240 2398 1313 2448; x_wconf 85' lang='lat' dir='ltr'>dic,</span> <span class='ocrx_word' id='word_1_640' title='bbox 1336 2398 1498 2436; x_wconf 86' lang='lat' dir='ltr'>cordium</span> <span class='ocrx_word' id='word_1_641' title='bbox 1520 2398 1700 2450; x_wconf 79' lang='lat' dir='ltr'>cognitor;</span> <span class='ocrx_word' id='word_1_642' title='bbox 1723 2399 1782 2436; x_wconf 83' lang='lat' dir='ltr'>dic</span> <span class='ocrx_word' id='word_1_643' title='bbox 1810 2399 1924 2448; x_wconf 81' lang='lat' dir='ltr'>nohis,</span> <span class='ocrx_word' id='word_1_644' title='bbox 1948 2400 2009 2450; x_wconf 82' lang='lat' dir='ltr'>qui</span> <span class='ocrx_word' id='word_1_645' title='bbox 2036 2401 2127 2438; x_wconf 81' lang='lat' dir='ltr'>nosti</span> <span class='ocrx_word' id='word_1_646' title='bbox 2159 2416 2224 2439; x_wconf 85' lang='lat' dir='ltr'>no-</span> 
     </span>
     <span class='ocr_line' id='line_1_88' title="bbox 1239 2451 2225 2502; baseline 0.003 -13"><span class='ocrx_word' id='word_1_647' title='bbox 1239 2452 1386 2490; x_wconf 79' lang='lat' dir='ltr'>vissima</span> <span class='ocrx_word' id='word_1_648' title='bbox 1418 2461 1451 2489; x_wconf 91' lang='lat' dir='ltr'>et</span> <span class='ocrx_word' id='word_1_649' title='bbox 1489 2460 1626 2501; x_wconf 70' lang='lat' dir='ltr'>vetera,</span> <span class='ocrx_word' id='word_1_650' title='bbox 1650 2451 1708 2490; x_wconf 87' lang='lat' dir='ltr'>dic</span> <span class='ocrx_word' id='word_1_651' title='bbox 1737 2452 1862 2501; x_wconf 85' lang='lat' dir='ltr'>nobis,</span> <span class='ocrx_word' id='word_1_652' title='bbox 1888 2453 1950 2502; x_wconf 83' lang='lat' dir='ltr'>qui</span> <span class='ocrx_word' id='word_1_653' title='bbox 1988 2454 2080 2491; x_wconf 82' lang='lat' dir='ltr'>nosti</span> <span class='ocrx_word' id='word_1_654' title='bbox 2107 2455 2225 2492; x_wconf 77' lang='lat' dir='ltr'>omnia</span> 
     </span>
     <span class='ocr_line' id='line_1_89' title="bbox 1240 2503 2225 2557; baseline 0.002 -15"><span class='ocrx_word' id='word_1_655' title='bbox 1240 2514 1428 2555; x_wconf 74' lang='lat' dir='ltr'>antequam</span> <span class='ocrx_word' id='word_1_656' title='bbox 1470 2504 1557 2541; x_wconf 78' lang='lat' dir='ltr'>fiant</span> <span class='ocrx_word' id='word_1_657' title='bbox 1574 2521 1586 2553; x_wconf 71' lang='lat'><em>3</em></span> <span class='ocrx_word' id='word_1_658' title='bbox 1632 2503 1692 2541; x_wconf 91' lang='lat' dir='ltr'>dic</span> <span class='ocrx_word' id='word_1_659' title='bbox 1727 2505 1829 2542; x_wconf 86' lang='lat' dir='ltr'>nobis</span> <span class='ocrx_word' id='word_1_660' title='bbox 1845 2535 1856 2554; x_wconf 94' lang='lat'>,</span> <span class='ocrx_word' id='word_1_661' title='bbox 1898 2505 2032 2557; x_wconf 75' lang='lat' dir='ltr'>Opifex</span> <span class='ocrx_word' id='word_1_662' title='bbox 2078 2508 2225 2545; x_wconf 71' lang='lat' dir='ltr'>saeculo-</span> 
     </span>
    </p>
   </div>
   <div class='ocr_carea' id='block_1_11' title="bbox 144 2557 2224 2662">
    <p class='ocr_par' dir='ltr' id='par_1_12' title="bbox 144 2557 2224 2662">
     <span class='ocr_line' id='line_1_90' title="bbox 144 2557 2223 2612; baseline 0 -16"><span class='ocrx_word' id='word_1_663' title='bbox 144 2561 242 2608; x_wconf 73' lang='grc' dir='ltr'>ἡμῖν,</span> <span class='ocrx_word' id='word_1_664' title='bbox 266 2561 284 2595; x_wconf 82' lang='grc' dir='ltr'>ὅ</span> <span class='ocrx_word' id='word_1_665' title='bbox 302 2558 449 2605; x_wconf 86' lang='grc' dir='ltr'>ποιητὴς</span> <span class='ocrx_word' id='word_1_666' title='bbox 468 2561 536 2596; x_wconf 79' lang='grc' dir='ltr'>τῶν</span> <span class='ocrx_word' id='word_1_667' title='bbox 551 2558 684 2596; x_wconf 77' lang='grc' dir='ltr'>αἰώνων</span> <span class='ocrx_word' id='word_1_668' title='bbox 697 2574 704 2582; x_wconf 93' lang='grc'>·</span> <span class='ocrx_word' id='word_1_669' title='bbox 729 2558 804 2596; x_wconf 79' lang='grc' dir='ltr'>εἰπὲ</span> <span class='ocrx_word' id='word_1_670' title='bbox 827 2562 924 2609; x_wconf 73' lang='grc' dir='ltr'>ἡμῖν,</span> <span class='ocrx_word' id='word_1_671' title='bbox 944 2562 961 2596; x_wconf 86' lang='grc' dir='ltr'><strong><em>ὃ</em></strong></span> <span class='ocrx_word' id='word_1_672' title='bbox 980 2559 1098 2612; x_wconf 78' lang='grc' dir='ltr'>πατὴρ</span> <span class='ocrx_word' id='word_1_673' title='bbox 1112 2565 1172 2598; x_wconf 73' lang='grc' dir='ltr'>τοῦ</span> <span class='ocrx_word' id='word_1_674' title='bbox 1187 2582 1219 2606; x_wconf 77' lang='lat'>82</span> <span class='ocrx_word' id='word_1_675' title='bbox 1240 2571 1340 2606; x_wconf 72' lang='lat' dir='ltr'>rum,</span> <span class='ocrx_word' id='word_1_676' title='bbox 1361 2557 1421 2595; x_wconf 90' lang='lat' dir='ltr'>dic</span> <span class='ocrx_word' id='word_1_677' title='bbox 1448 2557 1564 2606; x_wconf 80' lang='lat' dir='ltr'>nobis,</span> <span class='ocrx_word' id='word_1_678' title='bbox 1590 2566 1692 2608; x_wconf 83' lang='lat' dir='ltr'>pater</span> <span class='ocrx_word' id='word_1_679' title='bbox 1719 2557 1831 2595; x_wconf 83' lang='lat' dir='ltr'>futuri</span> <span class='ocrx_word' id='word_1_680' title='bbox 1854 2558 1974 2595; x_wconf 74' lang='lat' dir='ltr'>saeculi</span> <span class='ocrx_word' id='word_1_681' title='bbox 1986 2574 1997 2607; x_wconf 77' lang='lat'><em>3</em></span> <span class='ocrx_word' id='word_1_682' title='bbox 2020 2558 2080 2596; x_wconf 89' lang='lat' dir='ltr'>dic</span> <span class='ocrx_word' id='word_1_683' title='bbox 2108 2560 2223 2608; x_wconf 81' lang='lat' dir='ltr'>nobis,</span> 
     </span>
     <span class='ocr_line' id='line_1_91' title="bbox 146 2610 2224 2662; baseline 0.001 -14"><span class='ocrx_word' id='word_1_684' title='bbox 146 2610 328 2660; x_wconf 87' lang='grc' dir='ltr'>μέλλοντος</span> <span class='ocrx_word' id='word_1_685' title='bbox 349 2613 487 2654; x_wconf 80' lang='grc' dir='ltr'>αἰῶνος·</span> <span class='ocrx_word' id='word_1_686' title='bbox 504 2612 579 2649; x_wconf 75' lang='grc' dir='ltr'>εἰπὲ</span> <span class='ocrx_word' id='word_1_687' title='bbox 598 2615 698 2661; x_wconf 77' lang='grc' dir='ltr'>ἡμῖν,</span> <span class='ocrx_word' id='word_1_688' title='bbox 721 2611 767 2648; x_wconf 90' lang='grc' dir='ltr'>Τί</span> <span class='ocrx_word' id='word_1_689' title='bbox 786 2611 825 2649; x_wconf 84' lang='grc' dir='ltr'>τὸ</span> <span class='ocrx_word' id='word_1_690' title='bbox 847 2617 991 2662; x_wconf 82' lang='grc' dir='ltr'>σημεῖον</span> <span class='ocrx_word' id='word_1_691' title='bbox 1019 2615 1082 2657; x_wconf 79' lang='grc' dir='ltr'>τ’ῆς</span> <span class='ocrx_word' id='word_1_692' title='bbox 1108 2615 1171 2658; x_wconf 68' lang='grc' dir='ltr'>σῆς</span> <span class='ocrx_word' id='word_1_693' title='bbox 1194 2618 1219 2648; x_wconf 84' lang='grc' dir='ltr'>Α</span> <span class='ocrx_word' id='word_1_694' title='bbox 1245 2611 1357 2660; x_wconf 82' lang='lat' dir='ltr'>Quod</span> <span class='ocrx_word' id='word_1_695' title='bbox 1380 2613 1531 2661; x_wconf 77' lang='lat' dir='ltr'>signum</span> <span class='ocrx_word' id='word_1_696' title='bbox 1558 2611 1746 2647; x_wconf 73' lang='lat' dir='ltr'>adventus</span> <span class='ocrx_word' id='word_1_697' title='bbox 1773 2613 1842 2657; x_wconf 77' lang='lat' dir='ltr'>tui,</span> <span class='ocrx_word' id='word_1_698' title='bbox 1861 2620 1897 2649; x_wconf 82' lang='lat' dir='ltr'>et</span> <span class='ocrx_word' id='word_1_699' title='bbox 1925 2616 2224 2650; x_wconf 76' lang='lat' dir='ltr'>consummatio-</span> 
     </span>
    </p>
   </div>
   <div class='ocr_carea' id='block_1_12' title="bbox 140 2663 1175 3296">
    <p class='ocr_par' dir='ltr' id='par_1_13' title="bbox 140 2663 1175 3296">
     <span class='ocr_line' id='line_1_92' title="bbox 144 2663 1170 2716; baseline 0.003 -17"><span class='ocrx_word' id='word_1_700' title='bbox 144 2663 335 2714; x_wconf 90' lang='grc' dir='ltr'>παρουσίας</span> <span class='ocrx_word' id='word_1_701' title='bbox 355 2664 413 2701; x_wconf 84' lang='grc' dir='ltr'>καὶ</span> <span class='ocrx_word' id='word_1_702' title='bbox 443 2663 640 2707; x_wconf 88' lang='grc' dir='ltr'>συντελείας</span> <span class='ocrx_word' id='word_1_703' title='bbox 667 2669 726 2702; x_wconf 85' lang='grc' dir='ltr'>τοῦ</span> <span class='ocrx_word' id='word_1_704' title='bbox 757 2666 897 2711; x_wconf 82' lang='grc' dir='ltr'>αἰῶνος,</span> <span class='ocrx_word' id='word_1_705' title='bbox 928 2664 1010 2702; x_wconf 76' lang='grc' dir='ltr'>ὅταν</span> <span class='ocrx_word' id='word_1_706' title='bbox 1041 2664 1170 2716; x_wconf 79' lang='grc' dir='ltr'>μέλλῃς</span> 
     </span>
     <span class='ocr_line' id='line_1_93' title="bbox 146 2715 1170 2768; baseline 0.002 -16"><span class='ocrx_word' id='word_1_707' title='bbox 146 2715 308 2767; x_wconf 77' lang='grc' dir='ltr'>ἔρχεσθαι</span> <span class='ocrx_word' id='word_1_708' title='bbox 323 2722 437 2768; x_wconf 85' lang='grc' dir='ltr'>κρῖναι</span> <span class='ocrx_word' id='word_1_709' title='bbox 457 2719 586 2761; x_wconf 75' lang='grc' dir='ltr'>ζῶντας</span> <span class='ocrx_word' id='word_1_710' title='bbox 607 2716 666 2754; x_wconf 80' lang='grc' dir='ltr'>καὶ</span> <span class='ocrx_word' id='word_1_711' title='bbox 685 2716 823 2766; x_wconf 71' lang='grc' dir='ltr'>νεκροὺς</span> <span class='ocrx_word' id='word_1_712' title='bbox 839 2717 956 2763; x_wconf 81' lang='grc' dir='ltr'>πάσης</span> <span class='ocrx_word' id='word_1_713' title='bbox 970 2719 1032 2762; x_wconf 78' lang='grc' dir='ltr'>τ’ῆς</span> <span class='ocrx_word' id='word_1_714' title='bbox 1051 2719 1170 2754; x_wconf 78' lang='grc' dir='ltr'>οἰκου-</span> 
     </span>
     <span class='ocr_line' id='line_1_94' title="bbox 146 2768 1168 2822; baseline 0.002 -17"><span class='ocrx_word' id='word_1_715' title='bbox 146 2768 270 2817; x_wconf 79' lang='grc' dir='ltr'>μένης·</span> <span class='ocrx_word' id='word_1_716' title='bbox 311 2768 391 2806; x_wconf 74' lang='grc' dir='ltr'>ὅταν</span> <span class='ocrx_word' id='word_1_717' title='bbox 424 2770 649 2822; x_wconf 83' lang='grc' dir='ltr'>καταργήσῃς</span> <span class='ocrx_word' id='word_1_718' title='bbox 680 2776 796 2807; x_wconf 74' lang='grc' dir='ltr'>πᾶσαν</span> <span class='ocrx_word' id='word_1_719' title='bbox 829 2768 941 2821; x_wconf 66' lang='grc' dir='ltr'>ἀρχὴν</span> <span class='ocrx_word' id='word_1_720' title='bbox 968 2769 1027 2806; x_wconf 77' lang='grc' dir='ltr'>καὶ</span> <span class='ocrx_word' id='word_1_721' title='bbox 1052 2776 1168 2807; x_wconf 77' lang='grc' dir='ltr'>πᾶσαν</span> 
     </span>
     <span class='ocr_line' id='line_1_95' title="bbox 144 2820 1169 2874; baseline 0.001 -15"><span class='ocrx_word' id='word_1_722' title='bbox 144 2820 298 2865; x_wconf 80' lang='grc' dir='ltr'>ἐξουσίαν</span> <span class='ocrx_word' id='word_1_723' title='bbox 327 2821 387 2859; x_wconf 82' lang='grc' dir='ltr'>καὶ</span> <span class='ocrx_word' id='word_1_724' title='bbox 422 2821 586 2873; x_wconf 82' lang='grc' dir='ltr'>δύναμιν·</span> <span class='ocrx_word' id='word_1_725' title='bbox 610 2822 693 2860; x_wconf 75' lang='grc' dir='ltr'>ὅταν</span> <span class='ocrx_word' id='word_1_726' title='bbox 722 2825 866 2874; x_wconf 76' lang='grc' dir='ltr'>καμφθῇ</span> <span class='ocrx_word' id='word_1_727' title='bbox 901 2837 957 2860; x_wconf 88' lang='grc' dir='ltr'>σοι</span> <span class='ocrx_word' id='word_1_728' title='bbox 990 2828 1057 2860; x_wconf 82' lang='grc' dir='ltr'>πᾶν</span> <span class='ocrx_word' id='word_1_729' title='bbox 1089 2823 1169 2872; x_wconf 83' lang='grc' dir='ltr'>γόνυ</span> 
     </span>
     <span class='ocr_line' id='line_1_96' title="bbox 145 2873 1171 2926; baseline 0.002 -15"><span class='ocrx_word' id='word_1_730' title='bbox 145 2874 369 2926; x_wconf 76' lang='grc' dir='ltr'>ἐπουρανίων,</span> <span class='ocrx_word' id='word_1_731' title='bbox 403 2875 461 2913; x_wconf 79' lang='grc' dir='ltr'>καὶ</span> <span class='ocrx_word' id='word_1_732' title='bbox 492 2875 653 2926; x_wconf 80' lang='grc' dir='ltr'>ἐπιγείων</span> <span class='ocrx_word' id='word_1_733' title='bbox 688 2875 747 2912; x_wconf 83' lang='grc' dir='ltr'>καὶ</span> <span class='ocrx_word' id='word_1_734' title='bbox 789 2874 1045 2926; x_wconf 76' lang='grc' dir='ltr'>καταχθονίων·</span> <span class='ocrx_word' id='word_1_735' title='bbox 1081 2873 1171 2913; x_wconf 78' lang='grc' dir='ltr'>Εἰπὲ</span> 
     </span>
     <span class='ocr_line' id='line_1_97' title="bbox 142 2926 1170 2981; baseline 0 -17"><span class='ocrx_word' id='word_1_736' title='bbox 142 2929 241 2976; x_wconf 70' lang='grc' dir='ltr'>ἡμῖν,</span> <span class='ocrx_word' id='word_1_737' title='bbox 257 2926 290 2963; x_wconf 86' lang='grc' dir='ltr'>τί</span> <span class='ocrx_word' id='word_1_738' title='bbox 313 2927 352 2965; x_wconf 81' lang='grc' dir='ltr'>τὸ</span> <span class='ocrx_word' id='word_1_739' title='bbox 384 2934 527 2978; x_wconf 80' lang='grc' dir='ltr'>σημεῖον</span> <span class='ocrx_word' id='word_1_740' title='bbox 562 2931 624 2974; x_wconf 75' lang='grc' dir='ltr'>τῆς</span> <span class='ocrx_word' id='word_1_741' title='bbox 655 2927 847 2981; x_wconf 88' lang='grc' dir='ltr'>παρουσίας</span> <span class='ocrx_word' id='word_1_742' title='bbox 872 2943 956 2975; x_wconf 85' lang='grc' dir='ltr'>σου,</span> <span class='ocrx_word' id='word_1_743' title='bbox 989 2927 1080 2970; x_wconf 75' lang='grc' dir='ltr'>ὅπως</span> <span class='ocrx_word' id='word_1_744' title='bbox 1111 2926 1170 2964; x_wconf 79' lang='grc' dir='ltr'>καὶ</span> 
     </span>
     <span class='ocr_line' id='line_1_98' title="bbox 142 2979 1169 3031; baseline 0.002 -16"><span class='ocrx_word' id='word_1_745' title='bbox 142 2983 246 3028; x_wconf 76' lang='grc' dir='ltr'>ἡμεῖς</span> <span class='ocrx_word' id='word_1_746' title='bbox 272 2979 462 3030; x_wconf 79' lang='grc' dir='ltr'>διδάξωμεν</span> <span class='ocrx_word' id='word_1_747' title='bbox 481 2980 597 3018; x_wconf 85' lang='grc' dir='ltr'>πάντα</span> <span class='ocrx_word' id='word_1_748' title='bbox 618 2981 662 3018; x_wconf 76' lang='grc' dir='ltr'>τὰ</span> <span class='ocrx_word' id='word_1_749' title='bbox 680 2981 759 3027; x_wconf 75' lang='grc' dir='ltr'>ἔθνη</span> <span class='ocrx_word' id='word_1_750' title='bbox 792 2979 854 3026; x_wconf 77' lang='grc' dir='ltr'>τὴν</span> <span class='ocrx_word' id='word_1_751' title='bbox 887 2979 1080 3031; x_wconf 80' lang='grc' dir='ltr'>παράδοξόν</span> <span class='ocrx_word' id='word_1_752' title='bbox 1110 2995 1169 3017; x_wconf 87' lang='grc' dir='ltr'>σου</span> 
     </span>
     <span class='ocr_line' id='line_1_99' title="bbox 140 3027 1169 3085; baseline 0.001 -17"><span class='ocrx_word' id='word_1_753' title='bbox 140 3032 348 3082; x_wconf 85' lang='grc' dir='ltr'>παρουσίαν.</span> <span class='ocrx_word' id='word_1_754' title='bbox 379 3032 422 3070; x_wconf 85' lang='grc' dir='ltr'>Ὁ</span> <span class='ocrx_word' id='word_1_755' title='bbox 443 3032 479 3070; x_wconf 80' lang='grc' dir='ltr'>δὲ</span> <span class='ocrx_word' id='word_1_756' title='bbox 507 3033 633 3085; x_wconf 80' lang='grc' dir='ltr'>Κύριος</span> <span class='ocrx_word' id='word_1_757' title='bbox 655 3027 748 3071; x_wconf 65' lang='grc' dir='ltr'>εἶπεν</span> <span class='ocrx_word' id='word_1_758' title='bbox 770 3035 903 3074; x_wconf 80' lang='grc' dir='ltr'>αὐτοῖς·</span> <span class='ocrx_word' id='word_1_759' title='bbox 924 3033 1098 3078; x_wconf 78' lang='grc' dir='ltr'>Βλέπετε,</span> <span class='ocrx_word' id='word_1_760' title='bbox 1122 3032 1169 3082; x_wconf 81' lang='grc' dir='ltr'>μὴ</span> 
     </span>
     <span class='ocr_line' id='line_1_100' title="bbox 143 3084 1172 3139; baseline 0 -18"><span class='ocrx_word' id='word_1_761' title='bbox 143 3087 367 3130; x_wconf 66' lang='grc' dir='ltr'>πλανηθῆτε·</span> <span class='ocrx_word' id='word_1_762' title='bbox 390 3085 508 3123; x_wconf 85' lang='grc' dir='ltr'>πολλοὶ</span> <span class='ocrx_word' id='word_1_763' title='bbox 536 3087 603 3139; x_wconf 84' lang='grc' dir='ltr'>γὰρ</span> <span class='ocrx_word' id='word_1_764' title='bbox 634 3084 832 3124; x_wconf 75' lang='grc' dir='ltr'>ἐλεύσονται</span> <span class='ocrx_word' id='word_1_765' title='bbox 863 3085 920 3122; x_wconf 75' lang='grc' dir='ltr'>ἐπὶ</span> <span class='ocrx_word' id='word_1_766' title='bbox 951 3088 1000 3136; x_wconf 83' lang='grc' dir='ltr'>τῷ</span> <span class='ocrx_word' id='word_1_767' title='bbox 1027 3085 1172 3135; x_wconf 82' lang='grc' dir='ltr'>ὀνόματί</span> 
     </span>
     <span class='ocr_line' id='line_1_101' title="bbox 145 3137 1171 3190; baseline 0 -16"><span class='ocrx_word' id='word_1_768' title='bbox 145 3152 228 3187; x_wconf 88' lang='grc' dir='ltr'>μου,</span> <span class='ocrx_word' id='word_1_769' title='bbox 247 3137 424 3187; x_wconf 85' lang='grc' dir='ltr'>λέγοντες,</span> <span class='ocrx_word' id='word_1_770' title='bbox 443 3137 495 3176; x_wconf 72' lang='grc' dir='ltr'>ὅτι</span> <span class='ocrx_word' id='word_1_771' title='bbox 516 3138 583 3187; x_wconf 78' lang='grc' dir='ltr'>ἐγώ</span> <span class='ocrx_word' id='word_1_772' title='bbox 615 3141 687 3189; x_wconf 84' lang='grc' dir='ltr'>εἶμι</span> <span class='ocrx_word' id='word_1_773' title='bbox 709 3142 726 3176; x_wconf 85' lang='grc' dir='ltr'>ὁ</span> <span class='ocrx_word' id='word_1_774' title='bbox 742 3138 905 3190; x_wconf 80' lang='grc' dir='ltr'>Χριστός.</span> <span class='ocrx_word' id='word_1_775' title='bbox 925 3138 1100 3182; x_wconf 77' lang='grc' dir='ltr'>Βλέπετε,</span> <span class='ocrx_word' id='word_1_776' title='bbox 1123 3137 1171 3188; x_wconf 86' lang='grc' dir='ltr'>μή</span> 
     </span>
     <span class='ocr_line' id='line_1_102' title="bbox 144 3190 1174 3245; baseline 0.002 -19"><span class='ocrx_word' id='word_1_777' title='bbox 144 3205 196 3232; x_wconf 80' lang='grc' dir='ltr'>τις</span> <span class='ocrx_word' id='word_1_778' title='bbox 213 3193 302 3240; x_wconf 74' lang='grc' dir='ltr'>ὑμᾶς</span> <span class='ocrx_word' id='word_1_779' title='bbox 328 3190 511 3242; x_wconf 82' lang='grc' dir='ltr'>πλανήσῃ·</span> <span class='ocrx_word' id='word_1_780' title='bbox 530 3190 583 3228; x_wconf 76' lang='grc' dir='ltr'>ὅτι</span> <span class='ocrx_word' id='word_1_781' title='bbox 605 3193 623 3228; x_wconf 84' lang='grc' dir='ltr'><em>ὃ</em></span> <span class='ocrx_word' id='word_1_782' title='bbox 653 3191 770 3242; x_wconf 77' lang='grc' dir='ltr'>καιρὸς</span> <span class='ocrx_word' id='word_1_783' title='bbox 803 3190 902 3242; x_wconf 76' lang='grc' dir='ltr'>ἐγγύς</span> <span class='ocrx_word' id='word_1_784' title='bbox 940 3192 1025 3228; x_wconf 81' lang='grc' dir='ltr'>ἐστι.</span> <span class='ocrx_word' id='word_1_785' title='bbox 1057 3190 1174 3245; x_wconf 50' lang='grc' dir='ltr'>αρπερ</span> 
     </span>
     <span class='ocr_line' id='line_1_103' title="bbox 144 3243 1175 3296; baseline 0.002 -18"><span class='ocrx_word' id='word_1_786' title='bbox 144 3245 204 3279; x_wconf 84' lang='grc' dir='ltr'>νῦν</span> <span class='ocrx_word' id='word_1_787' title='bbox 226 3246 324 3292; x_wconf 75' lang='grc' dir='ltr'>ἡμεῖς</span> <span class='ocrx_word' id='word_1_788' title='bbox 342 3247 535 3296; x_wconf 77' lang='grc' dir='ltr'>θεωροῦμεν</span> <span class='ocrx_word' id='word_1_789' title='bbox 550 3248 620 3286; x_wconf 87' lang='grc' dir='ltr'>τοῖς</span> <span class='ocrx_word' id='word_1_790' title='bbox 637 3246 826 3295; x_wconf 65' lang='grc' dir='ltr'>ὀφθαλμοῖς</span> <span class='ocrx_word' id='word_1_791' title='bbox 842 3246 958 3292; x_wconf 80' lang='grc' dir='ltr'>ἡμῶν,</span> <span class='ocrx_word' id='word_1_792' title='bbox 973 3243 1051 3280; x_wconf 84' lang='grc' dir='ltr'>τότε</span> <span class='ocrx_word' id='word_1_793' title='bbox 1067 3247 1175 3291; x_wconf 83' lang='grc' dir='ltr'>εἶπεν,</span> 
     </span>
    </p>
   </div>
   <div class='ocr_carea' id='block_1_13' title="bbox 146 3293 1179 3348">
    <p class='ocr_par' dir='ltr' id='par_1_14' title="bbox 146 3293 1179 3348">
     <span class='ocr_line' id='line_1_104' title="bbox 146 3293 1179 3348; baseline 0.002 -17"><span class='ocrx_word' id='word_1_794' title='bbox 146 3293 230 3332; x_wconf 77' lang='grc' dir='ltr'>υΟτι</span> <span class='ocrx_word' id='word_1_795' title='bbox 245 3296 363 3347; x_wconf 77' lang='grc' dir='ltr'>καιρὸς</span> <span class='ocrx_word' id='word_1_796' title='bbox 375 3295 475 3346; x_wconf 79' lang='grc' dir='ltr'>ἐγγύς</span> <span class='ocrx_word' id='word_1_797' title='bbox 485 3297 575 3334; x_wconf 78' lang='grc' dir='ltr'>ἐστι·</span> <span class='ocrx_word' id='word_1_798' title='bbox 595 3301 653 3334; x_wconf 87' lang='grc' dir='ltr'>νῦν</span> <span class='ocrx_word' id='word_1_799' title='bbox 670 3295 807 3343; x_wconf 78' lang='grc' dir='ltr'>ἕστηκε,</span> <span class='ocrx_word' id='word_1_800' title='bbox 819 3296 877 3334; x_wconf 83' lang='grc' dir='ltr'>καὶ</span> <span class='ocrx_word' id='word_1_801' title='bbox 896 3295 1022 3338; x_wconf 82' lang='grc' dir='ltr'>πάντες</span> <span class='ocrx_word' id='word_1_802' title='bbox 1036 3299 1179 3348; x_wconf 87' lang='grc' dir='ltr'>θεωροῦ-</span> 
     </span>
    </p>
   </div>
   <div class='ocr_carea' id='block_1_14' title="bbox 146 3347 1177 3438">
    <p class='ocr_par' dir='ltr' id='par_1_15' title="bbox 146 3347 1177 3438">
     <span class='ocr_line' id='line_1_105' title="bbox 146 3347 1177 3401; baseline 0.003 -17"><span class='ocrx_word' id='word_1_803' title='bbox 146 3362 222 3396; x_wconf 86' lang='grc' dir='ltr'>μεν.</span> <span class='ocrx_word' id='word_1_804' title='bbox 253 3349 369 3400; x_wconf 76' lang='grc' dir='ltr'>Ορᾷς,</span> <span class='ocrx_word' id='word_1_805' title='bbox 386 3363 478 3393; x_wconf 89' lang='grc' dir='ltr'>ποση</span> <span class='ocrx_word' id='word_1_806' title='bbox 502 3348 633 3395; x_wconf 79' lang='grc' dir='ltr'>σπουδὴ</span> <span class='ocrx_word' id='word_1_807' title='bbox 654 3353 713 3388; x_wconf 84' lang='grc' dir='ltr'>τοῦ</span> <span class='ocrx_word' id='word_1_808' title='bbox 742 3347 920 3387; x_wconf 75' lang='grc' dir='ltr'>Δεσπότου</span> <span class='ocrx_word' id='word_1_809' title='bbox 948 3348 1027 3399; x_wconf 81' lang='grc' dir='ltr'>περὶ</span> <span class='ocrx_word' id='word_1_810' title='bbox 1053 3350 1177 3401; x_wconf 81' lang='grc' dir='ltr'>ψευδο-</span> 
     </span>
     <span class='ocr_line' id='line_1_106' title="bbox 338 3415 560 3438; baseline 0.009 -2"><span class='ocrx_word' id='word_1_811' title='bbox 338 3415 432 3438; x_wconf 70' lang='lat' dir='ltr'>Tou.</span> <span class='ocrx_word' id='word_1_812' title='bbox 464 3415 560 3438; x_wconf 75' lang='lat' dir='ltr'>vni.</span> 
     </span>
    </p>
   </div>
   <div class='ocr_carea' id='block_1_15' title="bbox 1238 2662 2429 3346">
    <p class='ocr_par' dir='ltr' id='par_1_16' title="bbox 1240 2662 2225 2715">
     <span class='ocr_line' id='line_1_107' title="bbox 1240 2662 2225 2715; baseline 0.004 -16"><span class='ocrx_word' id='word_1_813' title='bbox 1240 2665 1299 2700; x_wconf 81' lang='lat' dir='ltr'>nis</span> <span class='ocrx_word' id='word_1_814' title='bbox 1332 2663 1464 2700; x_wconf 75' lang='lat' dir='ltr'>soeculi</span> <span class='ocrx_word' id='word_1_815' title='bbox 1474 2692 1483 2711; x_wconf 90' lang='lat'>,</span> <span class='ocrx_word' id='word_1_816' title='bbox 1522 2662 1663 2712; x_wconf 80' lang='lat' dir='ltr'>quando</span> <span class='ocrx_word' id='word_1_817' title='bbox 1697 2672 1869 2701; x_wconf 80' lang='lat' dir='ltr'>venturus</span> <span class='ocrx_word' id='word_1_818' title='bbox 1903 2678 1939 2701; x_wconf 87' lang='lat' dir='ltr'>es</span> <span class='ocrx_word' id='word_1_819' title='bbox 1968 2664 2132 2715; x_wconf 84' lang='lat' dir='ltr'>judicare</span> <span class='ocrx_word' id='word_1_820' title='bbox 2169 2666 2225 2704; x_wconf 73' lang='lat' dir='ltr'>vi-</span> 
     </span>
    </p>

    <p class='ocr_par' dir='ltr' id='par_1_17' title="bbox 1238 2715 2226 2767">
     <span class='ocr_line' id='line_1_108' title="bbox 1238 2715 2226 2767; baseline 0.002 -14"><span class='ocrx_word' id='word_1_821' title='bbox 1238 2729 1304 2753; x_wconf 69' lang='lat' dir='ltr'>vos</span> <span class='ocrx_word' id='word_1_822' title='bbox 1337 2724 1370 2751; x_wconf 92' lang='lat' dir='ltr'>et</span> <span class='ocrx_word' id='word_1_823' title='bbox 1402 2723 1560 2752; x_wconf 90' lang='lat' dir='ltr'>mortuos</span> <span class='ocrx_word' id='word_1_824' title='bbox 1593 2715 1700 2753; x_wconf 84' lang='lat' dir='ltr'>totius</span> <span class='ocrx_word' id='word_1_825' title='bbox 1736 2716 1832 2754; x_wconf 90' lang='lat' dir='ltr'>orbis</span> <span class='ocrx_word' id='word_1_826' title='bbox 1858 2732 1866 2753; x_wconf 91' lang='lat'><strong>:</strong></span> <span class='ocrx_word' id='word_1_827' title='bbox 1895 2716 2037 2767; x_wconf 81' lang='lat' dir='ltr'>quando</span> <span class='ocrx_word' id='word_1_828' title='bbox 2065 2717 2226 2757; x_wconf 79' lang='lat' dir='ltr'>destrues</span> 
     </span>
    </p>

    <p class='ocr_par' dir='ltr' id='par_1_18' title="bbox 1239 2767 2225 2821">
     <span class='ocr_line' id='line_1_109' title="bbox 1239 2767 2225 2821; baseline 0.004 -17"><span class='ocrx_word' id='word_1_829' title='bbox 1239 2781 1380 2805; x_wconf 88' lang='lat' dir='ltr'>omnem</span> <span class='ocrx_word' id='word_1_830' title='bbox 1399 2767 1656 2819; x_wconf 83' lang='lat' dir='ltr'>principatum,</span> <span class='ocrx_word' id='word_1_831' title='bbox 1675 2782 1816 2807; x_wconf 88' lang='lat' dir='ltr'>omnem</span> <span class='ocrx_word' id='word_1_832' title='bbox 1837 2778 2046 2821; x_wconf 82' lang='lat' dir='ltr'>potestatem</span> <span class='ocrx_word' id='word_1_833' title='bbox 2064 2780 2097 2808; x_wconf 89' lang='lat' dir='ltr'>et</span> <span class='ocrx_word' id='word_1_834' title='bbox 2112 2771 2225 2808; x_wconf 75' lang='lat' dir='ltr'>virtu-</span> 
     </span>
    </p>

    <p class='ocr_par' dir='ltr' id='par_1_19' title="bbox 1238 2820 2224 2928">
     <span class='ocr_line' id='line_1_110' title="bbox 1238 2820 2224 2873; baseline 0.003 -16"><span class='ocrx_word' id='word_1_835' title='bbox 1238 2829 1309 2857; x_wconf 86' lang='lat' dir='ltr'>tem</span> <span class='ocrx_word' id='word_1_836' title='bbox 1333 2835 1340 2855; x_wconf 92' lang='lat'>:</span> <span class='ocrx_word' id='word_1_837' title='bbox 1364 2820 1507 2870; x_wconf 77' lang='lat' dir='ltr'>quando</span> <span class='ocrx_word' id='word_1_838' title='bbox 1527 2820 1685 2858; x_wconf 82' lang='lat' dir='ltr'>flectetur</span> <span class='ocrx_word' id='word_1_839' title='bbox 1701 2821 1768 2858; x_wconf 87' lang='lat' dir='ltr'>tibi</span> <span class='ocrx_word' id='word_1_840' title='bbox 1787 2836 1891 2860; x_wconf 89' lang='lat' dir='ltr'>omne</span> <span class='ocrx_word' id='word_1_841' title='bbox 1910 2836 2001 2873; x_wconf 83' lang='lat' dir='ltr'>genu</span> <span class='ocrx_word' id='word_1_842' title='bbox 2016 2823 2224 2868; x_wconf 62' lang='lat' dir='ltr'>caelestium,</span> 
     </span>
     <span class='ocr_line' id='line_1_111' title="bbox 1238 2873 2223 2928; baseline 0.004 -18"><span class='ocrx_word' id='word_1_843' title='bbox 1238 2873 1463 2910; x_wconf 85' lang='lat' dir='ltr'>terrestrium</span> <span class='ocrx_word' id='word_1_844' title='bbox 1487 2881 1521 2910; x_wconf 90' lang='lat' dir='ltr'>et</span> <span class='ocrx_word' id='word_1_845' title='bbox 1549 2873 1767 2911; x_wconf 87' lang='lat' dir='ltr'>infernorum</span> <span class='ocrx_word' id='word_1_846' title='bbox 1789 2890 1796 2911; x_wconf 91' lang='lat'><strong>:</strong></span> <span class='ocrx_word' id='word_1_847' title='bbox 1818 2876 1894 2912; x_wconf 78' lang='lat' dir='ltr'>Dic</span> <span class='ocrx_word' id='word_1_848' title='bbox 1918 2877 2025 2913; x_wconf 79' lang='lat' dir='ltr'>nobis</span> <span class='ocrx_word' id='word_1_849' title='bbox 2053 2877 2157 2928; x_wconf 78' lang='lat' dir='ltr'>quod</span> <span class='ocrx_word' id='word_1_850' title='bbox 2174 2880 2223 2914; x_wconf 84' lang='lat' dir='ltr'>si-</span> 
     </span>
    </p>

    <p class='ocr_par' dir='ltr' id='par_1_20' title="bbox 1239 2926 2223 2980">
     <span class='ocr_line' id='line_1_112' title="bbox 1239 2926 2223 2980; baseline 0.004 -18"><span class='ocrx_word' id='word_1_851' title='bbox 1239 2939 1357 2976; x_wconf 81' lang='lat' dir='ltr'>gnum</span> <span class='ocrx_word' id='word_1_852' title='bbox 1373 2926 1562 2963; x_wconf 77' lang='lat' dir='ltr'>adventus</span> <span class='ocrx_word' id='word_1_853' title='bbox 1581 2929 1658 2972; x_wconf 82' lang='lat' dir='ltr'>tui;</span> <span class='ocrx_word' id='word_1_854' title='bbox 1671 2935 1711 2964; x_wconf 89' lang='lat' dir='ltr'>ut</span> <span class='ocrx_word' id='word_1_855' title='bbox 1726 2941 1789 2964; x_wconf 90' lang='lat' dir='ltr'>nos</span> <span class='ocrx_word' id='word_1_856' title='bbox 1802 2927 1991 2965; x_wconf 79' lang='lat' dir='ltr'>doceamus</span> <span class='ocrx_word' id='word_1_857' title='bbox 2006 2942 2126 2966; x_wconf 88' lang='lat' dir='ltr'>omnes</span> <span class='ocrx_word' id='word_1_858' title='bbox 2142 2942 2223 2980; x_wconf 82' lang='lat' dir='ltr'>gen-</span> 
     </span>
    </p>

    <p class='ocr_par' dir='ltr' id='par_1_21' title="bbox 1239 2978 2224 3030">
     <span class='ocr_line' id='line_1_113' title="bbox 1239 2978 2224 3030; baseline 0.005 -16"><span class='ocrx_word' id='word_1_859' title='bbox 1239 2987 1290 3015; x_wconf 84' lang='lat' dir='ltr'>tes</span> <span class='ocrx_word' id='word_1_860' title='bbox 1318 2978 1534 3030; x_wconf 88' lang='lat' dir='ltr'>stupendum</span> <span class='ocrx_word' id='word_1_861' title='bbox 1565 2978 1758 3017; x_wconf 78' lang='lat' dir='ltr'>adventum</span> <span class='ocrx_word' id='word_1_862' title='bbox 1792 2990 1908 3017; x_wconf 88' lang='lat' dir='ltr'>tuum.</span> <span class='ocrx_word' id='word_1_863' title='bbox 1929 2981 2027 3018; x_wconf 87' lang='lat' dir='ltr'>Dicit</span> <span class='ocrx_word' id='word_1_864' title='bbox 2053 2981 2125 3019; x_wconf 91' lang='lat' dir='ltr'>illis</span> <span class='ocrx_word' id='word_1_865' title='bbox 2152 2983 2224 3019; x_wconf 92' lang='lat' dir='ltr'>Do-</span> 
     </span>
    </p>

    <p class='ocr_par' dir='ltr' id='par_1_22' title="bbox 1240 3031 2429 3241">
     <span class='ocr_line' id='line_1_114' title="bbox 1241 3031 2429 3080; baseline 0.003 -13"><span class='ocrx_word' id='word_1_866' title='bbox 1241 3031 1358 3068; x_wconf 82' lang='lat' dir='ltr'>minus</span> <span class='ocrx_word' id='word_1_867' title='bbox 1387 3046 1394 3067; x_wconf 89' lang='lat'><strong>:</strong></span> <span class='ocrx_word' id='word_1_868' title='bbox 1423 3032 1568 3078; x_wconf 82' lang='lat' dir='ltr'>Videte,</span> <span class='ocrx_word' id='word_1_869' title='bbox 1598 3047 1645 3069; x_wconf 79' lang='lat' dir='ltr'>ne</span> <span class='ocrx_word' id='word_1_870' title='bbox 1673 3034 1913 3070; x_wconf 81' lang='lat' dir='ltr'>seducamini</span> <span class='ocrx_word' id='word_1_871' title='bbox 1938 3049 1948 3068; x_wconf 89' lang='lat'>.·</span> <span class='ocrx_word' id='word_1_872' title='bbox 1978 3035 2092 3071; x_wconf 80' lang='lat' dir='ltr'>multi</span> <span class='ocrx_word' id='word_1_873' title='bbox 2122 3037 2223 3071; x_wconf 82' lang='lat' dir='ltr'>enim</span> <span class='ocrx_word' id='word_1_874' title='bbox 2240 3053 2299 3079; x_wconf 64' lang='lat' dir='ltr'>[m.</span> <span class='ocrx_word' id='word_1_875' title='bbox 2327 3059 2375 3079; x_wconf 58' lang='lat'>21,</span> <span class='ocrx_word' id='word_1_876' title='bbox 2394 3050 2429 3080; x_wconf 61' lang='lat' dir='ltr'>g,</span> 
     </span>
     <span class='ocr_line' id='line_1_115' title="bbox 1241 3086 2401 3138; baseline 0.002 -18"><span class='ocrx_word' id='word_1_877' title='bbox 1241 3087 1397 3121; x_wconf 79' lang='lat' dir='ltr'>venient</span> <span class='ocrx_word' id='word_1_878' title='bbox 1412 3086 1452 3120; x_wconf 84' lang='lat' dir='ltr'>in</span> <span class='ocrx_word' id='word_1_879' title='bbox 1464 3087 1619 3122; x_wconf 79' lang='lat' dir='ltr'>nomine</span> <span class='ocrx_word' id='word_1_880' title='bbox 1630 3099 1712 3123; x_wconf 82' lang='lat' dir='ltr'>meo</span> <span class='ocrx_word' id='word_1_881' title='bbox 1724 3087 1905 3132; x_wconf 76' lang='lat' dir='ltr'>dicentes,</span> <span class='ocrx_word' id='word_1_882' title='bbox 1922 3087 2006 3138; x_wconf 74' lang='lat' dir='ltr'>Ego</span> <span class='ocrx_word' id='word_1_883' title='bbox 2017 3100 2099 3124; x_wconf 80' lang='lat' dir='ltr'>sum</span> <span class='ocrx_word' id='word_1_884' title='bbox 2113 3088 2143 3124; x_wconf 92' lang='lat' dir='ltr'><em>C</em></span> <span class='ocrx_word' id='word_1_885' title='bbox 2145 3089 2222 3123; x_wconf 72' lang='grc' dir='ltr'>ΙιΓί-</span> <span class='ocrx_word' id='word_1_886' title='bbox 2238 3098 2266 3119; x_wconf 74' lang='grc' dir='ltr'>οι</span> <span class='ocrx_word' id='word_1_887' title='bbox 2290 3094 2401 3124; x_wconf 64' lang='lat' dir='ltr'>,Manlu-</span> 
     </span>
     <span class='ocr_line' id='line_1_116' title="bbox 1242 3135 2338 3191; baseline 0 -18"><span class='ocrx_word' id='word_1_888' title='bbox 1242 3145 1336 3174; x_wconf 81' lang='lat' dir='ltr'>stus.</span> <span class='ocrx_word' id='word_1_889' title='bbox 1359 3138 1492 3174; x_wconf 81' lang='lat' dir='ltr'>Videte</span> <span class='ocrx_word' id='word_1_890' title='bbox 1510 3151 1557 3174; x_wconf 83' lang='lat' dir='ltr'>ne</span> <span class='ocrx_word' id='word_1_891' title='bbox 1572 3140 1657 3190; x_wconf 84' lang='lat' dir='ltr'>quis</span> <span class='ocrx_word' id='word_1_892' title='bbox 1678 3152 1749 3176; x_wconf 84' lang='lat' dir='ltr'>vos</span> <span class='ocrx_word' id='word_1_893' title='bbox 1769 3139 1940 3184; x_wconf 77' lang='lat' dir='ltr'>seducat,</span> <span class='ocrx_word' id='word_1_894' title='bbox 1964 3141 2055 3191; x_wconf 81' lang='lat' dir='ltr'>qnia</span> <span class='ocrx_word' id='word_1_895' title='bbox 2077 3147 2222 3190; x_wconf 80' lang='lat' dir='ltr'>tempus</span> <span class='ocrx_word' id='word_1_896' title='bbox 2238 3138 2286 3173; x_wconf 71' lang='lat'>²4·</span> <span class='ocrx_word' id='word_1_897' title='bbox 2308 3135 2338 3173; x_wconf 63' lang='lat' dir='ltr'>‘lt-</span> 
     </span>
     <span class='ocr_line' id='line_1_117' title="bbox 1240 3190 2224 3241; baseline 0.002 -15"><span class='ocrx_word' id='word_1_898' title='bbox 1240 3203 1357 3241; x_wconf 84' lang='lat' dir='ltr'>prope</span> <span class='ocrx_word' id='word_1_899' title='bbox 1372 3198 1441 3227; x_wconf 83' lang='lat' dir='ltr'>est.</span> <span class='ocrx_word' id='word_1_900' title='bbox 1458 3192 1546 3238; x_wconf 86' lang='lat' dir='ltr'>Quae</span> <span class='ocrx_word' id='word_1_901' title='bbox 1563 3204 1659 3228; x_wconf 88' lang='lat' dir='ltr'>nunc</span> <span class='ocrx_word' id='word_1_902' title='bbox 1674 3191 1803 3229; x_wconf 90' lang='lat' dir='ltr'>nostris</span> <span class='ocrx_word' id='word_1_903' title='bbox 1818 3191 1930 3228; x_wconf 88' lang='lat' dir='ltr'>oculis</span> <span class='ocrx_word' id='word_1_904' title='bbox 1944 3190 2121 3239; x_wconf 70' lang='lat' dir='ltr'>videmus,</span> <span class='ocrx_word' id='word_1_905' title='bbox 2140 3200 2224 3228; x_wconf 84' lang='lat' dir='ltr'>tunc</span> 
     </span>
    </p>

    <p class='ocr_par' dir='ltr' id='par_1_23' title="bbox 1241 3242 2225 3294">
     <span class='ocr_line' id='line_1_118' title="bbox 1241 3242 2225 3294; baseline 0.002 -15"><span class='ocrx_word' id='word_1_906' title='bbox 1241 3242 1337 3279; x_wconf 82' lang='lat' dir='ltr'>dixit</span> <span class='ocrx_word' id='word_1_907' title='bbox 1350 3256 1460 3294; x_wconf 85' lang='lat' dir='ltr'>prope</span> <span class='ocrx_word' id='word_1_908' title='bbox 1480 3257 1551 3282; x_wconf 88' lang='lat' dir='ltr'>esse</span> <span class='ocrx_word' id='word_1_909' title='bbox 1562 3258 1572 3292; x_wconf 75' lang='lat'><em>3</em></span> <span class='ocrx_word' id='word_1_910' title='bbox 1589 3257 1682 3281; x_wconf 90' lang='lat' dir='ltr'>nunc</span> <span class='ocrx_word' id='word_1_911' title='bbox 1703 3257 1787 3281; x_wconf 88' lang='lat' dir='ltr'>vero</span> <span class='ocrx_word' id='word_1_912' title='bbox 1809 3253 1947 3294; x_wconf 87' lang='lat' dir='ltr'>tempus</span> <span class='ocrx_word' id='word_1_913' title='bbox 1966 3242 2075 3289; x_wconf 84' lang='lat' dir='ltr'>adest,</span> <span class='ocrx_word' id='word_1_914' title='bbox 2089 3256 2225 3281; x_wconf 86' lang='lat' dir='ltr'>omnes-</span> 
     </span>
    </p>

    <p class='ocr_par' dir='ltr' id='par_1_24' title="bbox 1244 3294 2227 3346">
     <span class='ocr_line' id='line_1_119' title="bbox 1244 3294 2227 3346; baseline 0.001 -14"><span class='ocrx_word' id='word_1_915' title='bbox 1244 3309 1312 3346; x_wconf 87' lang='lat' dir='ltr'>que</span> <span class='ocrx_word' id='word_1_916' title='bbox 1329 3295 1391 3332; x_wconf 86' lang='lat' dir='ltr'>illa</span> <span class='ocrx_word' id='word_1_917' title='bbox 1404 3295 1583 3334; x_wconf 85' lang='lat' dir='ltr'>videmus.</span> <span class='ocrx_word' id='word_1_918' title='bbox 1599 3295 1744 3343; x_wconf 88' lang='lat' dir='ltr'>Viden&#39;,</span> <span class='ocrx_word' id='word_1_919' title='bbox 1763 3304 1891 3346; x_wconf 78' lang='lat' dir='ltr'>quanta</span> <span class='ocrx_word' id='word_1_920' title='bbox 1907 3295 1952 3332; x_wconf 92' lang='lat' dir='ltr'>sit</span> <span class='ocrx_word' id='word_1_921' title='bbox 1965 3294 2109 3332; x_wconf 88' lang='lat' dir='ltr'>Domini</span> <span class='ocrx_word' id='word_1_922' title='bbox 2129 3309 2227 3339; x_wconf 81' lang='lat' dir='ltr'>cura,</span> 
     </span>
    </p>
   </div>
   <div class='ocr_carea' id='block_1_16' title="bbox 1246 3346 2230 3436">
    <p class='ocr_par' dir='ltr' id='par_1_25' title="bbox 1246 3346 2230 3436">
     <span class='ocr_line' id='line_1_120' title="bbox 1246 3346 2230 3424; baseline 0.001 -39"><span class='ocrx_word' id='word_1_923' title='bbox 1246 3357 1284 3386; x_wconf 89' lang='lat' dir='ltr'>ut</span> <span class='ocrx_word' id='word_1_924' title='bbox 1308 3347 1407 3387; x_wconf 85' lang='lat' dir='ltr'>nobis</span> <span class='ocrx_word' id='word_1_925' title='bbox 1426 3348 1530 3386; x_wconf 80' lang='lat' dir='ltr'>falsos</span> <span class='ocrx_word' id='word_1_926' title='bbox 1558 3348 1719 3386; x_wconf 87' lang='lat' dir='ltr'>doctores</span> <span class='ocrx_word' id='word_1_927' title='bbox 1740 3356 1773 3385; x_wconf 90' lang='lat' dir='ltr'>et</span> <span class='ocrx_word' id='word_1_928' title='bbox 1787 3347 1970 3385; x_wconf 66' lang='lat' dir='ltr'>haereticos</span> <span class='ocrx_word' id='word_1_929' title='bbox 1998 3346 2149 3424; x_wconf 66' lang='lat' dir='ltr'>detegat,</span> <span class='ocrx_word' id='word_1_930' title='bbox 2167 3362 2230 3386; x_wconf 89' lang='lat' dir='ltr'>no-</span> 
     </span>
     <span class='ocr_line' id='line_1_121' title="bbox 2003 3402 2051 3436; baseline 0.021 -1"><span class='ocrx_word' id='word_1_931' title='bbox 2003 3402 2051 3436; x_wconf 63' lang='lat'>47</span> 
     </span>
    </p>
   </div>
  </div>
 </body>
</html>
