<?xml version="1.0" encoding="UTF-8"?>
<!DOCTYPE html PUBLIC "-//W3C//DTD XHTML 1.0 Transitional//EN"
    "http://www.w3.org/TR/xhtml1/DTD/xhtml1-transitional.dtd">
<html xmlns="http://www.w3.org/1999/xhtml" xml:lang="en" lang="en">
 <head>
  <title>
</title>
<meta http-equiv="Content-Type" content="text/html;charset=utf-8" />
  <meta name='ocr-system' content='tesseract 3.04.00' />
  <meta name='ocr-capabilities' content='ocr_page ocr_carea ocr_par ocr_line ocrx_word'/>
</head>
<body>
  <div class='ocr_page' id='page_1' title='image "./operaomniaquaeex08johnuoft/operaomniaquaeex08johnuoft_0503.png"; bbox 0 0 2481 3678; ppageno 0'>
   <div class='ocr_carea' id='block_1_1' title="bbox 675 211 1159 243">
    <p class='ocr_par' dir='ltr' id='par_1_1' title="bbox 675 211 1159 243">
     <span class='ocr_line' id='line_1_1' title="bbox 675 211 1159 243; baseline -0.008 -1"><span class='ocrx_word' id='word_1_1' title='bbox 675 214 717 242; x_wconf 81' lang='lat' dir='ltr'>IN</span> <span class='ocrx_word' id='word_1_2' title='bbox 758 213 965 243; x_wconf 71' lang='lat' dir='ltr'>JOANNEM</span> <span class='ocrx_word' id='word_1_3' title='bbox 1005 211 1159 240; x_wconf 64' lang='lat' dir='ltr'>uomit„</span> 
     </span>
    </p>
   </div>
   <div class='ocr_carea' id='block_1_2' title="bbox 63 290 1130 2058">
    <p class='ocr_par' dir='ltr' id='par_1_2' title="bbox 63 290 1130 2058">
     <span class='ocr_line' id='line_1_2' title="bbox 95 290 1118 350; baseline -0.004 -15"><span class='ocrx_word' id='word_1_4' title='bbox 95 313 181 347; x_wconf 83' lang='grc' dir='ltr'>μαι,</span> <span class='ocrx_word' id='word_1_5' title='bbox 204 298 281 337; x_wconf 81' lang='grc' dir='ltr'>τότε</span> <span class='ocrx_word' id='word_1_6' title='bbox 305 299 381 350; x_wconf 81' lang='grc' dir='ltr'>εἴσῃ</span> <span class='ocrx_word' id='word_1_7' title='bbox 410 299 448 336; x_wconf 85' lang='grc' dir='ltr'>τὸ</span> <span class='ocrx_word' id='word_1_8' title='bbox 475 301 533 335; x_wconf 70' lang='grc' dir='ltr'>νῦν</span> <span class='ocrx_word' id='word_1_9' title='bbox 562 297 752 347; x_wconf 83' lang='grc' dir='ltr'>γινόμενον.</span> <span class='ocrx_word' id='word_1_10' title='bbox 772 296 819 334; x_wconf 88' lang='grc' dir='ltr'>Τί</span> <span class='ocrx_word' id='word_1_11' title='bbox 839 290 896 334; x_wconf 68' lang='grc' dir='ltr'>οῦν</span> <span class='ocrx_word' id='word_1_12' title='bbox 915 299 932 333; x_wconf 82' lang='grc' dir='ltr'><em>ὃ</em></span> <span class='ocrx_word' id='word_1_13' title='bbox 954 295 1118 346; x_wconf 78' lang='grc' dir='ltr'>Χριστός,</span> 
     </span>
     <span class='ocr_line' id='line_1_3' title="bbox 95 354 1118 411; baseline -0.006 -14"><span class='ocrx_word' id='word_1_14' title='bbox 95 359 242 406; x_wconf 69' lang='grc' dir='ltr'>Ἐπειδὴ</span> <span class='ocrx_word' id='word_1_15' title='bbox 270 354 363 398; x_wconf 64' lang='grc' dir='ltr'>εἶπεν</span> <span class='ocrx_word' id='word_1_16' title='bbox 382 364 400 398; x_wconf 84' lang='grc' dir='ltr'>ὁ</span> <span class='ocrx_word' id='word_1_17' title='bbox 419 359 571 411; x_wconf 80' lang='grc' dir='ltr'>Πέτρος,</span> <span class='ocrx_word' id='word_1_18' title='bbox 599 358 658 405; x_wconf 86' lang='grc' dir='ltr'>Μὴ</span> <span class='ocrx_word' id='word_1_19' title='bbox 676 358 755 402; x_wconf 80' lang='grc' dir='ltr'>τοὺς</span> <span class='ocrx_word' id='word_1_20' title='bbox 779 358 887 400; x_wconf 85' lang='grc' dir='ltr'>πόδας</span> <span class='ocrx_word' id='word_1_21' title='bbox 914 373 979 407; x_wconf 89' lang='grc' dir='ltr'>μου</span> <span class='ocrx_word' id='word_1_22' title='bbox 1003 355 1118 405; x_wconf 89' lang='grc' dir='ltr'>μόνον,</span> 
     </span>
     <span class='ocr_line' id='line_1_4' title="bbox 94 415 1119 474; baseline -0.001 -16"><span class='ocrx_word' id='word_1_23' title='bbox 94 421 185 459; x_wconf 79' lang='grc' dir='ltr'>ἀλλὰ</span> <span class='ocrx_word' id='word_1_24' title='bbox 202 422 261 459; x_wconf 79' lang='grc' dir='ltr'>καὶ</span> <span class='ocrx_word' id='word_1_25' title='bbox 279 421 341 464; x_wconf 88' lang='grc' dir='ltr'>τὰς</span> <span class='ocrx_word' id='word_1_26' title='bbox 353 427 473 474; x_wconf 82' lang='grc' dir='ltr'>χεῖρας</span> <span class='ocrx_word' id='word_1_27' title='bbox 489 420 548 458; x_wconf 68' lang='grc' dir='ltr'>καὶ</span> <span class='ocrx_word' id='word_1_28' title='bbox 565 419 627 466; x_wconf 81' lang='grc' dir='ltr'>τὴν</span> <span class='ocrx_word' id='word_1_29' title='bbox 644 419 814 471; x_wconf 80' lang='grc' dir='ltr'>κεφαλὴν,</span> <span class='ocrx_word' id='word_1_30' title='bbox 832 418 876 456; x_wconf 91' lang='grc' dir='ltr'>Ὁ</span> <span class='ocrx_word' id='word_1_31' title='bbox 895 415 1119 467; x_wconf 78' lang='grc' dir='ltr'>λελουμένος,</span> 
     </span>
     <span class='ocr_line' id='line_1_5' title="bbox 96 474 1121 533; baseline -0.008 -13"><span class='ocrx_word' id='word_1_32' title='bbox 96 482 212 533; x_wconf 77' lang='grc' dir='ltr'>φησὶν,</span> <span class='ocrx_word' id='word_1_33' title='bbox 232 483 268 520; x_wconf 84' lang='grc' dir='ltr'>οὐ</span> <span class='ocrx_word' id='word_1_34' title='bbox 287 481 406 533; x_wconf 77' lang='grc' dir='ltr'>χρείαν</span> <span class='ocrx_word' id='word_1_35' title='bbox 425 482 497 533; x_wconf 74' lang='grc' dir='ltr'>ἔχει</span> <span class='ocrx_word' id='word_1_36' title='bbox 518 483 546 518; x_wconf 85' lang='grc' dir='ltr'>εἷ</span> <span class='ocrx_word' id='word_1_37' title='bbox 570 480 617 530; x_wconf 85' lang='grc' dir='ltr'>μὴ</span> <span class='ocrx_word' id='word_1_38' title='bbox 639 479 717 522; x_wconf 78' lang='grc' dir='ltr'>τοὺς</span> <span class='ocrx_word' id='word_1_39' title='bbox 742 480 850 521; x_wconf 74' lang='grc' dir='ltr'>πόδας</span> <span class='ocrx_word' id='word_1_40' title='bbox 870 478 1035 530; x_wconf 82' lang='grc' dir='ltr'>νίψασθαι</span> <span class='ocrx_word' id='word_1_41' title='bbox 1055 474 1121 526; x_wconf 84' lang='grc' dir='ltr'>μό-</span> 
     </span>
     <span class='ocr_line' id='line_1_6' title="bbox 95 535 1121 593; baseline -0.006 -14"><span class='ocrx_word' id='word_1_42' title='bbox 95 558 164 590; x_wconf 86' lang='grc' dir='ltr'>νον,</span> <span class='ocrx_word' id='word_1_43' title='bbox 200 543 275 581; x_wconf 86' lang='grc' dir='ltr'>ἀλλ’</span> <span class='ocrx_word' id='word_1_44' title='bbox 316 542 388 580; x_wconf 84' lang='grc' dir='ltr'>ἔστι</span> <span class='ocrx_word' id='word_1_45' title='bbox 421 542 570 593; x_wconf 81' lang='grc' dir='ltr'>καθαρὸς</span> <span class='ocrx_word' id='word_1_46' title='bbox 609 539 698 584; x_wconf 77' lang='grc' dir='ltr'>ὅλος.</span> <span class='ocrx_word' id='word_1_47' title='bbox 728 540 797 578; x_wconf 89' lang='grc' dir='ltr'>Καὶ</span> <span class='ocrx_word' id='word_1_48' title='bbox 823 543 919 590; x_wconf 79' lang='grc' dir='ltr'>ὑμεῖς</span> <span class='ocrx_word' id='word_1_49' title='bbox 948 535 1121 587; x_wconf 74' lang='grc' dir='ltr'>1’καθαροί</span> 
     </span>
     <span class='ocr_line' id='line_1_7' title="bbox 95 597 1122 657; baseline -0.008 -15"><span class='ocrx_word' id='word_1_50' title='bbox 95 606 191 652; x_wconf 79' lang='grc' dir='ltr'>ἐστε,</span> <span class='ocrx_word' id='word_1_51' title='bbox 225 605 302 642; x_wconf 92' lang='grc' dir='ltr'>ἀλλ’</span> <span class='ocrx_word' id='word_1_52' title='bbox 320 604 396 655; x_wconf 67' lang='grc' dir='ltr'>οὐχ).</span> <span class='ocrx_word' id='word_1_53' title='bbox 424 603 562 646; x_wconf 86' lang='grc' dir='ltr'>πάντες.</span> <span class='ocrx_word' id='word_1_54' title='bbox 588 602 692 657; x_wconf 76' lang='grc' dir='ltr'>’ᾙδει</span> <span class='ocrx_word' id='word_1_55' title='bbox 718 601 785 654; x_wconf 82' lang='grc' dir='ltr'>γὰρ</span> <span class='ocrx_word' id='word_1_56' title='bbox 806 600 863 637; x_wconf 88' lang='grc' dir='ltr'>τὸν</span> <span class='ocrx_word' id='word_1_57' title='bbox 885 597 1122 650; x_wconf 79' lang='grc' dir='ltr'>παραδιδόντα</span> 
     </span>
     <span class='ocr_line' id='line_1_8' title="bbox 94 657 1123 715; baseline -0.007 -13"><span class='ocrx_word' id='word_1_58' title='bbox 94 664 209 702; x_wconf 79' lang='grc' dir='ltr'>αὐτόν.</span> <span class='ocrx_word' id='word_1_59' title='bbox 227 664 296 702; x_wconf 77' lang='grc' dir='ltr'>Καὶ</span> <span class='ocrx_word' id='word_1_60' title='bbox 317 666 347 702; x_wconf 87' lang='grc' dir='ltr'>εἷ</span> <span class='ocrx_word' id='word_1_61' title='bbox 367 663 512 715; x_wconf 89' lang='grc' dir='ltr'>καθαροί</span> <span class='ocrx_word' id='word_1_62' title='bbox 532 666 597 701; x_wconf 88' lang='grc' dir='ltr'>εἰσι</span> <span class='ocrx_word' id='word_1_63' title='bbox 613 694 622 710; x_wconf 83' lang='grc'>,</span> <span class='ocrx_word' id='word_1_64' title='bbox 642 661 731 704; x_wconf 86' lang='grc' dir='ltr'>τίνος</span> <span class='ocrx_word' id='word_1_65' title='bbox 750 661 865 698; x_wconf 80' lang='grc' dir='ltr'>ἕνεκεν</span> <span class='ocrx_word' id='word_1_66' title='bbox 885 659 1015 701; x_wconf 79' lang='grc' dir='ltr'>νίπτεις</span> <span class='ocrx_word' id='word_1_67' title='bbox 1046 657 1123 700; x_wconf 79' lang='grc' dir='ltr'>τοὺς</span> 
     </span>
     <span class='ocr_line' id='line_1_9' title="bbox 93 720 1123 776; baseline -0.006 -14"><span class='ocrx_word' id='word_1_68' title='bbox 93 724 224 772; x_wconf 65' lang='grc' dir='ltr'>πόδας,</span> <span class='ocrx_word' id='word_1_69' title='bbox 241 724 354 763; x_wconf 72' lang='grc' dir='ltr'>&lt;Ὥστε</span> <span class='ocrx_word' id='word_1_70' title='bbox 369 728 463 776; x_wconf 80' lang='grc' dir='ltr'>ἡμᾶς</span> <span class='ocrx_word' id='word_1_71' title='bbox 481 724 675 776; x_wconf 82' lang='grc' dir='ltr'>μετριάζειν</span> <span class='ocrx_word' id='word_1_72' title='bbox 701 725 833 774; x_wconf 88' lang='grc' dir='ltr'>μαθεῖν.</span> <span class='ocrx_word' id='word_1_73' title='bbox 859 720 927 759; x_wconf 82' lang='grc' dir='ltr'>Διὰ</span> <span class='ocrx_word' id='word_1_74' title='bbox 942 723 1044 757; x_wconf 84' lang='grc' dir='ltr'>τοῦτο</span> <span class='ocrx_word' id='word_1_75' title='bbox 1062 720 1123 757; x_wconf 83' lang='grc' dir='ltr'>οὐκ</span> 
     </span>
     <span class='ocr_line' id='line_1_10' title="bbox 95 780 1123 838; baseline -0.005 -16"><span class='ocrx_word' id='word_1_76' title='bbox 95 787 148 837; x_wconf 79' lang='grc' dir='ltr'>ἐφ’</span> <span class='ocrx_word' id='word_1_77' title='bbox 166 785 280 838; x_wconf 79' lang='grc' dir='ltr'>ἕτερον</span> <span class='ocrx_word' id='word_1_78' title='bbox 307 786 408 838; x_wconf 83' lang='grc' dir='ltr'>μέρος</span> <span class='ocrx_word' id='word_1_79' title='bbox 427 780 542 833; x_wconf 70' lang='grc' dir='ltr'>ἦλθεν,</span> <span class='ocrx_word' id='word_1_80' title='bbox 563 786 639 823; x_wconf 85' lang='grc' dir='ltr'>ἀλλ’</span> <span class='ocrx_word' id='word_1_81' title='bbox 662 783 680 821; x_wconf 77' lang='grc' dir='ltr'>ὃ</span> <span class='ocrx_word' id='word_1_82' title='bbox 696 786 763 821; x_wconf 79' lang='grc' dir='ltr'>τῶν</span> <span class='ocrx_word' id='word_1_83' title='bbox 785 783 900 820; x_wconf 84' lang='grc' dir='ltr'>ἄλλων</span> <span class='ocrx_word' id='word_1_84' title='bbox 917 780 1123 832; x_wconf 80' lang='grc' dir='ltr'>ἀτιμότερον</span> 
     </span>
     <span class='ocr_line' id='line_1_11' title="bbox 97 840 1125 894; baseline -0.004 -11"><span class='ocrx_word' id='word_1_85' title='bbox 97 840 183 884; x_wconf 67' lang='grc' dir='ltr'>εἶναι</span> <span class='ocrx_word' id='word_1_86' title='bbox 202 848 305 885; x_wconf 83' lang='grc' dir='ltr'>δοκεῖ.</span> <span class='ocrx_word' id='word_1_87' title='bbox 321 847 368 884; x_wconf 88' lang='grc' dir='ltr'>Τί</span> <span class='ocrx_word' id='word_1_88' title='bbox 385 847 421 885; x_wconf 83' lang='grc' dir='ltr'>δέ</span> <span class='ocrx_word' id='word_1_89' title='bbox 440 849 546 892; x_wconf 81' lang='grc' dir='ltr'>ἐστιν,</span> <span class='ocrx_word' id='word_1_90' title='bbox 565 844 609 883; x_wconf 86' lang='grc' dir='ltr'>Ὁ</span> <span class='ocrx_word' id='word_1_91' title='bbox 627 843 852 894; x_wconf 70' lang='grc' dir='ltr'>λελουμένος,</span> <span class='ocrx_word' id='word_1_92' title='bbox 874 842 965 881; x_wconf 71' lang='grc' dir='ltr'>Ἀντὶ</span> <span class='ocrx_word' id='word_1_93' title='bbox 995 846 1054 880; x_wconf 88' lang='grc' dir='ltr'>τοῦ</span> <span class='ocrx_word' id='word_1_94' title='bbox 1068 870 1076 886; x_wconf 94' lang='grc'>,</span> <span class='ocrx_word' id='word_1_95' title='bbox 1108 844 1125 879; x_wconf 82' lang='grc' dir='ltr'>ὑ</span> 
     </span>
     <span class='ocr_line' id='line_1_12' title="bbox 96 898 1126 961; baseline -0.005 -16"><span class='ocrx_word' id='word_1_96' title='bbox 96 908 258 961; x_wconf 76' lang='grc' dir='ltr'>καθαρός.</span> <span class='ocrx_word' id='word_1_97' title='bbox 276 901 350 960; x_wconf 64' lang='grc' dir='ltr'>Ἆρ’</span> <span class='ocrx_word' id='word_1_98' title='bbox 380 901 436 945; x_wconf 76' lang='grc' dir='ltr'>οῦν</span> <span class='ocrx_word' id='word_1_99' title='bbox 454 906 550 944; x_wconf 81' lang='grc' dir='ltr'>αὐτοὶ</span> <span class='ocrx_word' id='word_1_100' title='bbox 569 904 717 957; x_wconf 81' lang='grc' dir='ltr'>καθαροὶ</span> <span class='ocrx_word' id='word_1_101' title='bbox 734 898 867 951; x_wconf 67' lang='grc' dir='ltr'>οἦσαν,</span> <span class='ocrx_word' id='word_1_102' title='bbox 888 902 922 941; x_wconf 83' lang='grc' dir='ltr'>οἵ</span> <span class='ocrx_word' id='word_1_103' title='bbox 939 919 977 955; x_wconf 84' lang='grc' dir='ltr'>γε</span> <span class='ocrx_word' id='word_1_104' title='bbox 994 902 1126 942; x_wconf 77' lang='grc' dir='ltr'>οὐδέπω</span> 
     </span>
     <span class='ocr_line' id='line_1_13' title="bbox 100 961 1125 1019; baseline -0.005 -14"><span class='ocrx_word' id='word_1_105' title='bbox 100 970 169 1005; x_wconf 71' lang='grc' dir='ltr'>τῶν</span> <span class='ocrx_word' id='word_1_106' title='bbox 190 968 455 1019; x_wconf 78' lang='grc' dir='ltr'>ἁμαρτημάτων</span> <span class='ocrx_word' id='word_1_107' title='bbox 475 961 564 1013; x_wconf 66' lang='grc' dir='ltr'>ἦσαν</span> <span class='ocrx_word' id='word_1_108' title='bbox 594 964 878 1016; x_wconf 79' lang='grc' dir='ltr'>ἀπηλλαγμένοι,</span> <span class='ocrx_word' id='word_1_109' title='bbox 912 963 987 1002; x_wconf 71' lang='grc' dir='ltr'>οὐδὲ</span> <span class='ocrx_word' id='word_1_110' title='bbox 1008 963 1125 1001; x_wconf 82' lang='grc' dir='ltr'>Πνεύ-</span> 
     </span>
     <span class='ocr_line' id='line_1_14' title="bbox 100 1025 1128 1079; baseline -0.005 -12"><span class='ocrx_word' id='word_1_111' title='bbox 100 1045 209 1079; x_wconf 90' lang='grc' dir='ltr'>ματος</span> <span class='ocrx_word' id='word_1_112' title='bbox 235 1028 442 1079; x_wconf 79' lang='grc' dir='ltr'>ἠξιωμένοι,</span> <span class='ocrx_word' id='word_1_113' title='bbox 464 1028 524 1066; x_wconf 84' lang='grc' dir='ltr'>ἅτε</span> <span class='ocrx_word' id='word_1_114' title='bbox 544 1030 605 1074; x_wconf 82' lang='grc' dir='ltr'>τ’ῆς</span> <span class='ocrx_word' id='word_1_115' title='bbox 625 1026 799 1078; x_wconf 83' lang='grc' dir='ltr'>ἁμαρτίας</span> <span class='ocrx_word' id='word_1_116' title='bbox 827 1025 878 1063; x_wconf 75' lang='grc' dir='ltr'>ἔτι</span> <span class='ocrx_word' id='word_1_117' title='bbox 912 1025 1128 1078; x_wconf 74' lang='grc' dir='ltr'>κρατούσης,</span> 
     </span>
     <span class='ocr_line' id='line_1_15' title="bbox 95 1088 1128 1143; baseline -0.002 -16"><span class='ocrx_word' id='word_1_118' title='bbox 95 1094 158 1137; x_wconf 74' lang='grc' dir='ltr'>τῆς</span> <span class='ocrx_word' id='word_1_119' title='bbox 176 1091 331 1142; x_wconf 83' lang='grc' dir='ltr'>κατάρας</span> <span class='ocrx_word' id='word_1_120' title='bbox 352 1095 412 1129; x_wconf 86' lang='grc' dir='ltr'>τοῦ</span> <span class='ocrx_word' id='word_1_121' title='bbox 440 1089 672 1143; x_wconf 72' lang='grc' dir='ltr'>χειρογράφου</span> <span class='ocrx_word' id='word_1_122' title='bbox 702 1088 881 1139; x_wconf 80' lang='grc' dir='ltr'>μένοντος,</span> <span class='ocrx_word' id='word_1_123' title='bbox 915 1093 974 1126; x_wconf 80' lang='grc' dir='ltr'>τοῦ</span> <span class='ocrx_word' id='word_1_124' title='bbox 1003 1088 1128 1140; x_wconf 80' lang='grc' dir='ltr'>ἱερείου</span> 
     </span>
     <span class='ocr_line' id='line_1_16' title="bbox 96 1143 1130 1204; baseline -0.003 -14"><span class='ocrx_word' id='word_1_125' title='bbox 96 1152 229 1190; x_wconf 76' lang='grc' dir='ltr'>οὐδέπω</span> <span class='ocrx_word' id='word_1_126' title='bbox 249 1152 557 1204; x_wconf 73' lang='grc' dir='ltr'>προσενεχθέντος;</span> <span class='ocrx_word' id='word_1_127' title='bbox 583 1153 658 1194; x_wconf 80' lang='grc' dir='ltr'>πῶς</span> <span class='ocrx_word' id='word_1_128' title='bbox 674 1146 730 1188; x_wconf 72' lang='grc' dir='ltr'>οῦν</span> <span class='ocrx_word' id='word_1_129' title='bbox 755 1149 876 1193; x_wconf 74' lang='grc' dir='ltr'>αὐτοὺς</span> <span class='ocrx_word' id='word_1_130' title='bbox 896 1149 1065 1200; x_wconf 74' lang='grc' dir='ltr'>καθαροὺς</span> <span class='ocrx_word' id='word_1_131' title='bbox 1085 1143 1130 1187; x_wconf 59' lang='grc' dir='ltr'>εἷ·</span> 
     </span>
     <span class='ocr_line' id='line_1_17' title="bbox 95 1209 1128 1264; baseline -0.003 -14"><span class='ocrx_word' id='word_1_132' title='bbox 95 1228 152 1250; x_wconf 90' lang='grc' dir='ltr'>ναι</span> <span class='ocrx_word' id='word_1_133' title='bbox 171 1211 283 1264; x_wconf 70' lang='grc' dir='ltr'>λέγει,</span> <span class='ocrx_word' id='word_1_134' title='bbox 296 1213 387 1250; x_wconf 85' lang='grc' dir='ltr'>Ἀλλ’</span> <span class='ocrx_word' id='word_1_135' title='bbox 412 1212 466 1250; x_wconf 78' lang='grc' dir='ltr'>ἵνα</span> <span class='ocrx_word' id='word_1_136' title='bbox 490 1211 538 1263; x_wconf 88' lang='grc' dir='ltr'>μὴ</span> <span class='ocrx_word' id='word_1_137' title='bbox 556 1211 613 1249; x_wconf 82' lang='grc' dir='ltr'>διὰ</span> <span class='ocrx_word' id='word_1_138' title='bbox 632 1216 742 1250; x_wconf 85' lang='grc' dir='ltr'>ταῦτα</span> <span class='ocrx_word' id='word_1_139' title='bbox 756 1210 902 1262; x_wconf 79' lang='grc' dir='ltr'>νομίσῃς</span> <span class='ocrx_word' id='word_1_140' title='bbox 922 1209 1044 1254; x_wconf 76' lang='grc' dir='ltr'>αὐτοὺς</span> <span class='ocrx_word' id='word_1_141' title='bbox 1063 1226 1128 1248; x_wconf 86' lang='grc' dir='ltr'>κα-</span> 
     </span>
     <span class='ocr_line' id='line_1_18' title="bbox 97 1272 1127 1326; baseline -0.004 -14"><span class='ocrx_word' id='word_1_142' title='bbox 97 1273 218 1326; x_wconf 73' lang='grc' dir='ltr'>θαροὺς</span> <span class='ocrx_word' id='word_1_143' title='bbox 237 1276 284 1317; x_wconf 82' lang='grc' dir='ltr'>ὡς</span> <span class='ocrx_word' id='word_1_144' title='bbox 302 1273 566 1326; x_wconf 77' lang='grc' dir='ltr'>ἁμαρτημάτων</span> <span class='ocrx_word' id='word_1_145' title='bbox 589 1273 900 1325; x_wconf 83' lang='grc' dir='ltr'>ἀπηλλαγμένους,</span> <span class='ocrx_word' id='word_1_146' title='bbox 927 1272 1103 1324; x_wconf 83' lang='grc' dir='ltr'>ἐπήγαγεν</span> <span class='ocrx_word' id='word_1_147' title='bbox 1121 1288 1127 1295; x_wconf 92' lang='grc'><em>·</em></span> 
     </span>
     <span class='ocr_line' id='line_1_19' title="bbox 97 1334 1129 1387; baseline -0.002 -14"><span class='ocrx_word' id='word_1_148' title='bbox 97 1334 221 1381; x_wconf 62' lang='grc' dir='ltr'>*Ἤδη</span> <span class='ocrx_word' id='word_1_149' title='bbox 247 1338 346 1386; x_wconf 80' lang='grc' dir='ltr'>ὑμεῖς</span> <span class='ocrx_word' id='word_1_150' title='bbox 368 1334 513 1387; x_wconf 88' lang='grc' dir='ltr'>καθαροί</span> <span class='ocrx_word' id='word_1_151' title='bbox 547 1338 626 1374; x_wconf 81' lang='grc' dir='ltr'>ἐστε</span> <span class='ocrx_word' id='word_1_152' title='bbox 645 1334 702 1373; x_wconf 82' lang='grc' dir='ltr'>διὰ</span> <span class='ocrx_word' id='word_1_153' title='bbox 720 1336 777 1374; x_wconf 83' lang='grc' dir='ltr'>τὸν</span> <span class='ocrx_word' id='word_1_154' title='bbox 797 1336 898 1387; x_wconf 87' lang='grc' dir='ltr'>λόγον</span> <span class='ocrx_word' id='word_1_155' title='bbox 919 1334 955 1372; x_wconf 82' lang='grc' dir='ltr'>ὃν</span> <span class='ocrx_word' id='word_1_156' title='bbox 974 1334 1129 1381; x_wconf 83' lang='grc' dir='ltr'>ἐλάλησα</span> 
     </span>
     <span class='ocr_line' id='line_1_20' title="bbox 97 1395 1130 1448; baseline 0 -14"><span class='ocrx_word' id='word_1_157' title='bbox 97 1401 200 1447; x_wconf 78' lang='grc' dir='ltr'>ὑμῖν·</span> <span class='ocrx_word' id='word_1_158' title='bbox 225 1396 401 1443; x_wconf 87' lang='grc' dir='ltr'>τουτέστι,</span> <span class='ocrx_word' id='word_1_159' title='bbox 424 1396 534 1448; x_wconf 83' lang='grc' dir='ltr'>ταύτῃ</span> <span class='ocrx_word' id='word_1_160' title='bbox 567 1396 653 1440; x_wconf 89' lang='grc' dir='ltr'>τέως</span> <span class='ocrx_word' id='word_1_161' title='bbox 682 1396 758 1435; x_wconf 79' lang='grc' dir='ltr'>ἐστὲ</span> <span class='ocrx_word' id='word_1_162' title='bbox 786 1395 945 1447; x_wconf 91' lang='grc' dir='ltr'>καθαροί.</span> <span class='ocrx_word' id='word_1_163' title='bbox 967 1395 1061 1442; x_wconf 88' lang='grc' dir='ltr'>Ἤδη</span> <span class='ocrx_word' id='word_1_164' title='bbox 1089 1396 1130 1434; x_wconf 78' lang='grc' dir='ltr'>τὸ</span> 
     </span>
     <span class='ocr_line' id='line_1_21' title="bbox 97 1455 1127 1509; baseline -0.003 -13"><span class='ocrx_word' id='word_1_165' title='bbox 97 1460 168 1509; x_wconf 81' lang='grc' dir='ltr'>φῶς</span> <span class='ocrx_word' id='word_1_166' title='bbox 186 1457 362 1506; x_wconf 77' lang='grc' dir='ltr'>ἐδέξασθε,</span> <span class='ocrx_word' id='word_1_167' title='bbox 378 1457 444 1504; x_wconf 78' lang='grc' dir='ltr'>ἤδη</span> <span class='ocrx_word' id='word_1_168' title='bbox 464 1460 527 1504; x_wconf 78' lang='grc' dir='ltr'>τ’ῆς</span> <span class='ocrx_word' id='word_1_169' title='bbox 555 1457 690 1502; x_wconf 85' lang='grc' dir='ltr'>πλάνης</span> <span class='ocrx_word' id='word_1_170' title='bbox 710 1456 939 1508; x_wconf 84' lang='grc' dir='ltr'>ἀπηλλάγητε</span> <span class='ocrx_word' id='word_1_171' title='bbox 952 1458 1014 1502; x_wconf 70' lang='grc' dir='ltr'>τῆς</span> <span class='ocrx_word' id='word_1_172' title='bbox 1034 1455 1127 1494; x_wconf 85' lang='grc' dir='ltr'>Ἰου-</span> 
     </span>
     <span class='ocr_line' id='line_1_22' title="bbox 98 1515 1128 1571; baseline -0.002 -17"><span class='ocrx_word' id='word_1_173' title='bbox 98 1518 231 1564; x_wconf 77' lang='grc' dir='ltr'>δαϊκῆς.</span> <span class='ocrx_word' id='word_1_174' title='bbox 258 1517 328 1555; x_wconf 87' lang='grc' dir='ltr'>Καὶ</span> <span class='ocrx_word' id='word_1_175' title='bbox 358 1517 425 1571; x_wconf 87' lang='grc' dir='ltr'>γὰρ</span> <span class='ocrx_word' id='word_1_176' title='bbox 451 1521 469 1555; x_wconf 84' lang='grc' dir='ltr'><em>ὃ</em></span> <span class='ocrx_word' id='word_1_177' title='bbox 499 1517 682 1570; x_wconf 80' lang='grc' dir='ltr'>προφήτης</span> <span class='ocrx_word' id='word_1_178' title='bbox 703 1516 807 1569; x_wconf 85' lang='grc' dir='ltr'>φησί·</span> <span class='ocrx_word' id='word_1_179' title='bbox 836 1515 1038 1564; x_wconf 80' lang='grc' dir='ltr'>Λούσασθε,</span> <span class='ocrx_word' id='word_1_180' title='bbox 1065 1531 1128 1553; x_wconf 87' lang='grc' dir='ltr'>κα-</span> 
     </span>
     <span class='ocr_line' id='line_1_23' title="bbox 97 1576 1127 1631; baseline -0.002 -16"><span class='ocrx_word' id='word_1_181' title='bbox 97 1577 195 1629; x_wconf 80' lang='grc' dir='ltr'>θαροὶ</span> <span class='ocrx_word' id='word_1_182' title='bbox 221 1577 374 1629; x_wconf 86' lang='grc' dir='ltr'>γίνεσθε,</span> <span class='ocrx_word' id='word_1_183' title='bbox 395 1578 537 1631; x_wconf 86' lang='grc' dir='ltr'>ἀφέλετε</span> <span class='ocrx_word' id='word_1_184' title='bbox 558 1577 620 1621; x_wconf 72' lang='grc' dir='ltr'>τὰς</span> <span class='ocrx_word' id='word_1_185' title='bbox 640 1576 807 1629; x_wconf 86' lang='grc' dir='ltr'>πονηρίας</span> <span class='ocrx_word' id='word_1_186' title='bbox 828 1578 897 1616; x_wconf 85' lang='grc' dir='ltr'>ἀπὸ</span> <span class='ocrx_word' id='word_1_187' title='bbox 915 1580 985 1614; x_wconf 81' lang='grc' dir='ltr'>τῶν</span> <span class='ocrx_word' id='word_1_188' title='bbox 1006 1578 1127 1629; x_wconf 83' lang='grc' dir='ltr'>ψυχῶν</span> 
     </span>
     <span class='ocr_line' id='line_1_24' title="bbox 97 1636 1126 1689; baseline -0.001 -14"><span class='ocrx_word' id='word_1_189' title='bbox 97 1639 206 1688; x_wconf 76' lang='grc' dir='ltr'>ὑμῶν.</span> <span class='ocrx_word' id='word_1_190' title='bbox 240 1637 352 1678; x_wconf 66' lang='grc' dir='ltr'>ζὩστε</span> <span class='ocrx_word' id='word_1_191' title='bbox 371 1642 388 1677; x_wconf 86' lang='grc' dir='ltr'><strong><em>ὃ</em></strong></span> <span class='ocrx_word' id='word_1_192' title='bbox 405 1644 557 1682; x_wconf 86' lang='grc' dir='ltr'>τοιοῦτος</span> <span class='ocrx_word' id='word_1_193' title='bbox 594 1638 754 1676; x_wconf 88' lang='grc' dir='ltr'>λέλουται</span> <span class='ocrx_word' id='word_1_194' title='bbox 780 1637 839 1676; x_wconf 83' lang='grc' dir='ltr'>καὶ</span> <span class='ocrx_word' id='word_1_195' title='bbox 859 1636 1008 1689; x_wconf 88' lang='grc' dir='ltr'>καθαρός</span> <span class='ocrx_word' id='word_1_196' title='bbox 1040 1638 1126 1675; x_wconf 76' lang='grc' dir='ltr'>ἔστι.</span> 
     </span>
     <span class='ocr_line' id='line_1_25' title="bbox 98 1693 1129 1753; baseline -0.001 -16"><span class='ocrx_word' id='word_1_197' title='bbox 98 1698 203 1737; x_wconf 83' lang='grc' dir='ltr'>Ἔτι-εὶ</span> <span class='ocrx_word' id='word_1_198' title='bbox 226 1693 281 1738; x_wconf 65' lang='grc' dir='ltr'>οῦν</span> <span class='ocrx_word' id='word_1_199' title='bbox 315 1706 431 1738; x_wconf 82' lang='grc' dir='ltr'>πᾶσαν</span> <span class='ocrx_word' id='word_1_200' title='bbox 463 1698 631 1753; x_wconf 89' lang='grc' dir='ltr'>πονηρίαν</span> <span class='ocrx_word' id='word_1_201' title='bbox 657 1699 800 1752; x_wconf 74' lang='grc' dir='ltr'>ἔρριψαν</span> <span class='ocrx_word' id='word_1_202' title='bbox 823 1698 892 1738; x_wconf 83' lang='grc' dir='ltr'>ἀπὸ</span> <span class='ocrx_word' id='word_1_203' title='bbox 921 1702 982 1745; x_wconf 73' lang='grc' dir='ltr'>τῆς</span> <span class='ocrx_word' id='word_1_204' title='bbox 1013 1700 1129 1751; x_wconf 71' lang='grc' dir='ltr'>ψυχῆς</span> 
     </span>
     <span class='ocr_line' id='line_1_26' title="bbox 63 1760 1128 1812; baseline 0.003 -17"><span class='ocrx_word' id='word_1_205' title='bbox 63 1784 74 1795; x_wconf 87' lang='grc'><strong>.</strong></span> <span class='ocrx_word' id='word_1_206' title='bbox 99 1762 243 1807; x_wconf 78' lang='grc' dir='ltr'>ἐκεῖνοι,</span> <span class='ocrx_word' id='word_1_207' title='bbox 263 1760 323 1798; x_wconf 82' lang='grc' dir='ltr'>καὶ</span> <span class='ocrx_word' id='word_1_208' title='bbox 340 1760 428 1811; x_wconf 78' lang='grc' dir='ltr'>μετὰ</span> <span class='ocrx_word' id='word_1_209' title='bbox 448 1762 652 1812; x_wconf 76' lang='grc' dir='ltr'>εἰλικρινοῦς</span> <span class='ocrx_word' id='word_1_210' title='bbox 677 1760 827 1804; x_wconf 87' lang='grc' dir='ltr'>διανοίας</span> <span class='ocrx_word' id='word_1_211' title='bbox 846 1763 998 1807; x_wconf 74' lang='grc' dir='ltr'>συνῆσαν</span> <span class='ocrx_word' id='word_1_212' title='bbox 1014 1761 1128 1812; x_wconf 78' lang='grc' dir='ltr'>αὐτῷ,</span> 
     </span>
     <span class='ocr_line' id='line_1_27' title="bbox 99 1820 1128 1874; baseline 0.001 -16"><span class='ocrx_word' id='word_1_213' title='bbox 99 1820 156 1859; x_wconf 71' lang='grc' dir='ltr'>διὰ</span> <span class='ocrx_word' id='word_1_214' title='bbox 177 1820 279 1860; x_wconf 82' lang='grc' dir='ltr'>τοῦτό</span> <span class='ocrx_word' id='word_1_215' title='bbox 301 1837 385 1874; x_wconf 84' lang='grc' dir='ltr'>φησι</span> <span class='ocrx_word' id='word_1_216' title='bbox 402 1821 493 1859; x_wconf 80' lang='grc' dir='ltr'>κατὰ</span> <span class='ocrx_word' id='word_1_217' title='bbox 507 1822 564 1861; x_wconf 76' lang='grc' dir='ltr'>τὸν</span> <span class='ocrx_word' id='word_1_218' title='bbox 584 1821 799 1874; x_wconf 72' lang='grc' dir='ltr'>προφητικὸν</span> <span class='ocrx_word' id='word_1_219' title='bbox 814 1821 930 1873; x_wconf 87' lang='grc' dir='ltr'>λόγον,</span> <span class='ocrx_word' id='word_1_220' title='bbox 964 1825 981 1860; x_wconf 84' lang='grc' dir='ltr'><strong><em>ὃ</em></strong></span> <span class='ocrx_word' id='word_1_221' title='bbox 1008 1822 1128 1859; x_wconf 85' lang='grc' dir='ltr'>λελου-</span> 
     </span>
     <span class='ocr_line' id='line_1_28' title="bbox 100 1882 1129 1937; baseline 0.002 -17"><span class='ocrx_word' id='word_1_222' title='bbox 100 1882 201 1933; x_wconf 83' lang='grc' dir='ltr'>μένος</span> <span class='ocrx_word' id='word_1_223' title='bbox 220 1883 287 1929; x_wconf 84' lang='grc' dir='ltr'>ἤδη</span> <span class='ocrx_word' id='word_1_224' title='bbox 313 1883 463 1936; x_wconf 88' lang='grc' dir='ltr'>καθαρός</span> <span class='ocrx_word' id='word_1_225' title='bbox 488 1885 572 1922; x_wconf 83' lang='grc' dir='ltr'>ἐστι,</span> <span class='ocrx_word' id='word_1_226' title='bbox 594 1883 664 1922; x_wconf 77' lang='grc' dir='ltr'>Καὶ</span> <span class='ocrx_word' id='word_1_227' title='bbox 683 1883 750 1937; x_wconf 85' lang='grc' dir='ltr'>γὰρ</span> <span class='ocrx_word' id='word_1_228' title='bbox 776 1886 847 1921; x_wconf 77' lang='grc' dir='ltr'>ἐκεῖ</span> <span class='ocrx_word' id='word_1_229' title='bbox 860 1883 1002 1934; x_wconf 79' lang='grc' dir='ltr'>λουτρὸν</span> <span class='ocrx_word' id='word_1_230' title='bbox 1022 1884 1059 1921; x_wconf 84' lang='grc' dir='ltr'>οὐ</span> <span class='ocrx_word' id='word_1_231' title='bbox 1090 1883 1129 1922; x_wconf 75' lang='grc' dir='ltr'>τὸ</span> 
     </span>
     <span class='ocr_line' id='line_1_29' title="bbox 100 1943 1128 1996; baseline 0 -15"><span class='ocrx_word' id='word_1_232' title='bbox 100 1944 144 1981; x_wconf 87' lang='grc' dir='ltr'>δι’</span> <span class='ocrx_word' id='word_1_233' title='bbox 166 1943 288 1987; x_wconf 79' lang='grc' dir='ltr'>ὕδατος</span> <span class='ocrx_word' id='word_1_234' title='bbox 304 1944 400 1996; x_wconf 87' lang='grc' dir='ltr'>λέγει</span> <span class='ocrx_word' id='word_1_235' title='bbox 418 1943 458 1982; x_wconf 80' lang='grc' dir='ltr'>τὸ</span> <span class='ocrx_word' id='word_1_236' title='bbox 479 1944 681 1991; x_wconf 78' lang='grc' dir='ltr'>Ἰουδαϊκὸν,</span> <span class='ocrx_word' id='word_1_237' title='bbox 704 1943 794 1982; x_wconf 79' lang='grc' dir='ltr'>ἀλλὰ</span> <span class='ocrx_word' id='word_1_238' title='bbox 811 1943 894 1982; x_wconf 62' lang='grc' dir='ltr'>ἀτὸν</span> <span class='ocrx_word' id='word_1_239' title='bbox 918 1946 980 1989; x_wconf 74' lang='grc' dir='ltr'>τῆς</span> <span class='ocrx_word' id='word_1_240' title='bbox 1012 1959 1128 1981; x_wconf 89' lang='grc' dir='ltr'>συνει-</span> 
     </span>
     <span class='ocr_line' id='line_1_30' title="bbox 101 2004 442 2058; baseline 0.006 -16"><span class='ocrx_word' id='word_1_241' title='bbox 101 2004 233 2051; x_wconf 80' lang='grc' dir='ltr'>δήσεως</span> <span class='ocrx_word' id='word_1_242' title='bbox 249 2005 442 2058; x_wconf 87' lang='grc' dir='ltr'>καθαρμόν.</span> 
     </span>
    </p>
   </div>
   <div class='ocr_carea' id='block_1_3' title="bbox 100 2126 1130 2913">
    <p class='ocr_par' dir='ltr' id='par_1_3' title="bbox 100 2126 1130 2913">
     <span class='ocr_line' id='line_1_31' title="bbox 160 2126 1124 2179; baseline 0 -14"><span class='ocrx_word' id='word_1_243' title='bbox 160 2127 350 2178; x_wconf 87' lang='grc' dir='ltr'>Γενώμεθα</span> <span class='ocrx_word' id='word_1_244' title='bbox 368 2127 481 2165; x_wconf 87' lang='grc' dir='ltr'>τοίνυν</span> <span class='ocrx_word' id='word_1_245' title='bbox 499 2127 558 2166; x_wconf 78' lang='grc' dir='ltr'>καὶ</span> <span class='ocrx_word' id='word_1_246' title='bbox 576 2130 678 2178; x_wconf 77' lang='grc' dir='ltr'>ἡμεῖς</span> <span class='ocrx_word' id='word_1_247' title='bbox 693 2127 855 2179; x_wconf 89' lang='grc' dir='ltr'>καθαροί·</span> <span class='ocrx_word' id='word_1_248' title='bbox 878 2126 1043 2178; x_wconf 83' lang='grc' dir='ltr'>μάθωμεν</span> <span class='ocrx_word' id='word_1_249' title='bbox 1060 2143 1124 2165; x_wconf 81' lang='grc' dir='ltr'>κα-</span> 
     </span>
     <span class='ocr_line' id='line_1_32' title="bbox 101 2187 1126 2241; baseline 0.002 -17"><span class='ocrx_word' id='word_1_250' title='bbox 101 2187 160 2225; x_wconf 80' lang='grc' dir='ltr'>λὸν</span> <span class='ocrx_word' id='word_1_251' title='bbox 184 2194 308 2227; x_wconf 89' lang='grc' dir='ltr'>ποιεῖν.</span> <span class='ocrx_word' id='word_1_252' title='bbox 337 2188 384 2226; x_wconf 92' lang='grc' dir='ltr'>Τί</span> <span class='ocrx_word' id='word_1_253' title='bbox 409 2187 445 2227; x_wconf 88' lang='grc' dir='ltr'>δέ</span> <span class='ocrx_word' id='word_1_254' title='bbox 472 2189 546 2226; x_wconf 81' lang='grc' dir='ltr'>ἐστι</span> <span class='ocrx_word' id='word_1_255' title='bbox 575 2189 614 2226; x_wconf 84' lang='grc' dir='ltr'>τὸ</span> <span class='ocrx_word' id='word_1_256' title='bbox 639 2187 745 2226; x_wconf 88' lang='grc' dir='ltr'>καλόν</span> <span class='ocrx_word' id='word_1_257' title='bbox 760 2205 769 2236; x_wconf 83' lang='grc'><strong>;</strong></span> <span class='ocrx_word' id='word_1_258' title='bbox 797 2187 943 2240; x_wconf 88' lang='grc' dir='ltr'>Κρίνετε</span> <span class='ocrx_word' id='word_1_259' title='bbox 975 2190 1126 2241; x_wconf 84' lang='grc' dir='ltr'>ὀρφανῷ,</span> 
     </span>
     <span class='ocr_line' id='line_1_33' title="bbox 103 2248 1125 2302; baseline 0.001 -16"><span class='ocrx_word' id='word_1_260' title='bbox 103 2248 161 2286; x_wconf 86' lang='grc' dir='ltr'>καὶ</span> <span class='ocrx_word' id='word_1_261' title='bbox 186 2249 396 2288; x_wconf 88' lang='grc' dir='ltr'>δικαιώσατε</span> <span class='ocrx_word' id='word_1_262' title='bbox 423 2249 536 2301; x_wconf 76' lang='grc' dir='ltr'>χήραν</span> <span class='ocrx_word' id='word_1_263' title='bbox 551 2265 559 2273; x_wconf 93' lang='grc'>·</span> <span class='ocrx_word' id='word_1_264' title='bbox 589 2249 648 2288; x_wconf 79' lang='grc' dir='ltr'>καὶ</span> <span class='ocrx_word' id='word_1_265' title='bbox 671 2250 779 2296; x_wconf 81' lang='grc' dir='ltr'>δεῦτε,</span> <span class='ocrx_word' id='word_1_266' title='bbox 796 2249 855 2287; x_wconf 74' lang='grc' dir='ltr'>καὶ</span> <span class='ocrx_word' id='word_1_267' title='bbox 871 2250 1125 2302; x_wconf 80' lang='grc' dir='ltr'>διαλεχθῶμεν,</span> 
     </span>
     <span class='ocr_line' id='line_1_34' title="bbox 102 2304 1128 2364; baseline 0.001 -17"><span class='ocrx_word' id='word_1_268' title='bbox 102 2309 199 2362; x_wconf 84' lang='grc' dir='ltr'>λέγει</span> <span class='ocrx_word' id='word_1_269' title='bbox 224 2309 363 2362; x_wconf 78' lang='grc' dir='ltr'>Κύριος.</span> <span class='ocrx_word' id='word_1_270' title='bbox 394 2310 513 2354; x_wconf 75' lang='grc' dir='ltr'>Πολὺς</span> <span class='ocrx_word' id='word_1_271' title='bbox 541 2304 637 2353; x_wconf 58' lang='grc' dir='ltr'>οὗτος</span> <span class='ocrx_word' id='word_1_272' title='bbox 663 2312 680 2348; x_wconf 86' lang='grc' dir='ltr'>ὃ</span> <span class='ocrx_word' id='word_1_273' title='bbox 704 2309 805 2361; x_wconf 86' lang='grc' dir='ltr'>λόγος</span> <span class='ocrx_word' id='word_1_274' title='bbox 825 2312 859 2348; x_wconf 82' lang='grc' dir='ltr'>ἐν</span> <span class='ocrx_word' id='word_1_275' title='bbox 877 2316 953 2354; x_wconf 88' lang='grc' dir='ltr'>ταῖς</span> <span class='ocrx_word' id='word_1_276' title='bbox 971 2312 1128 2364; x_wconf 86' lang='grc' dir='ltr'>Γραφαῖς</span> 
     </span>
     <span class='ocr_line' id='line_1_35' title="bbox 101 2370 1126 2423; baseline 0.003 -15"><span class='ocrx_word' id='word_1_277' title='bbox 101 2374 171 2409; x_wconf 84' lang='grc' dir='ltr'>τῶν</span> <span class='ocrx_word' id='word_1_278' title='bbox 186 2373 306 2423; x_wconf 74' lang='grc' dir='ltr'>χηρῶν</span> <span class='ocrx_word' id='word_1_279' title='bbox 324 2370 384 2409; x_wconf 85' lang='grc' dir='ltr'>καὶ</span> <span class='ocrx_word' id='word_1_280' title='bbox 398 2374 467 2409; x_wconf 80' lang='grc' dir='ltr'>τῶν</span> <span class='ocrx_word' id='word_1_281' title='bbox 488 2374 644 2423; x_wconf 82' lang='grc' dir='ltr'>ὀρφανῶν</span> <span class='ocrx_word' id='word_1_282' title='bbox 658 2387 666 2394; x_wconf 87' lang='grc'><em>·</em></span> <span class='ocrx_word' id='word_1_283' title='bbox 687 2373 764 2409; x_wconf 83' lang='grc' dir='ltr'>ἀλλ’</span> <span class='ocrx_word' id='word_1_284' title='bbox 779 2374 863 2422; x_wconf 79' lang='grc' dir='ltr'>ἡμῖν</span> <span class='ocrx_word' id='word_1_285' title='bbox 880 2372 989 2415; x_wconf 77' lang='grc' dir='ltr'>οὐδεὶς</span> <span class='ocrx_word' id='word_1_286' title='bbox 1005 2372 1126 2411; x_wconf 83' lang='grc' dir='ltr'>τούτου</span> 
     </span>
     <span class='ocr_line' id='line_1_36' title="bbox 100 2431 1126 2484; baseline 0.003 -15"><span class='ocrx_word' id='word_1_287' title='bbox 100 2432 212 2483; x_wconf 87' lang='grc' dir='ltr'>λόγος.</span> <span class='ocrx_word' id='word_1_288' title='bbox 242 2431 368 2470; x_wconf 86' lang='grc' dir='ltr'>Καίτοι</span> <span class='ocrx_word' id='word_1_289' title='bbox 388 2449 427 2484; x_wconf 91' lang='grc' dir='ltr'>γε</span> <span class='ocrx_word' id='word_1_290' title='bbox 454 2432 614 2480; x_wconf 80' lang='grc' dir='ltr'>ἐννόησον</span> <span class='ocrx_word' id='word_1_291' title='bbox 639 2432 760 2478; x_wconf 76' lang='grc' dir='ltr'>ἡλίκον</span> <span class='ocrx_word' id='word_1_292' title='bbox 788 2433 827 2471; x_wconf 81' lang='grc' dir='ltr'>τὸ</span> <span class='ocrx_word' id='word_1_293' title='bbox 852 2433 1012 2472; x_wconf 80' lang='grc' dir='ltr'>ἔπαθλον.</span> <span class='ocrx_word' id='word_1_294' title='bbox 1042 2434 1126 2473; x_wconf 80' lang='grc' dir='ltr'>Ἐὰν</span> 
     </span>
     <span class='ocr_line' id='line_1_37' title="bbox 101 2484 1128 2546; baseline 0.003 -17"><span class='ocrx_word' id='word_1_295' title='bbox 101 2484 181 2540; x_wconf 64' lang='grc' dir='ltr'>ὦσι,</span> <span class='ocrx_word' id='word_1_296' title='bbox 198 2492 315 2544; x_wconf 78' lang='grc' dir='ltr'>φησὶν,</span> <span class='ocrx_word' id='word_1_297' title='bbox 344 2495 379 2530; x_wconf 82' lang='grc' dir='ltr'>αἱ</span> <span class='ocrx_word' id='word_1_298' title='bbox 397 2493 568 2544; x_wconf 74' lang='grc' dir='ltr'>ἁμαρτίαι</span> <span class='ocrx_word' id='word_1_299' title='bbox 590 2496 687 2543; x_wconf 75' lang='grc' dir='ltr'>ὑμῶν</span> <span class='ocrx_word' id='word_1_300' title='bbox 703 2495 749 2536; x_wconf 82' lang='grc' dir='ltr'>ὡς</span> <span class='ocrx_word' id='word_1_301' title='bbox 766 2497 953 2544; x_wconf 71' lang='grc' dir='ltr'>φοινικοῦν,</span> <span class='ocrx_word' id='word_1_302' title='bbox 969 2497 1015 2538; x_wconf 83' lang='grc' dir='ltr'>ὥς</span> <span class='ocrx_word' id='word_1_303' title='bbox 1028 2494 1128 2546; x_wconf 78' lang='grc' dir='ltr'>χιόνα</span> 
     </span>
     <span class='ocr_line' id='line_1_38' title="bbox 102 2546 1127 2607; baseline 0.003 -17"><span class='ocrx_word' id='word_1_304' title='bbox 102 2555 259 2591; x_wconf 83' lang='grc' dir='ltr'>λευκανῶ</span> <span class='ocrx_word' id='word_1_305' title='bbox 270 2569 277 2576; x_wconf 93' lang='grc'>·</span> <span class='ocrx_word' id='word_1_306' title='bbox 301 2552 360 2591; x_wconf 78' lang='grc' dir='ltr'>ἐὰν</span> <span class='ocrx_word' id='word_1_307' title='bbox 384 2553 420 2591; x_wconf 76' lang='grc' dir='ltr'>δὲ</span> <span class='ocrx_word' id='word_1_308' title='bbox 441 2546 526 2592; x_wconf 64' lang='grc' dir='ltr'>ὦσιν</span> <span class='ocrx_word' id='word_1_309' title='bbox 543 2556 589 2597; x_wconf 82' lang='grc' dir='ltr'>ὡς</span> <span class='ocrx_word' id='word_1_310' title='bbox 602 2553 774 2601; x_wconf 85' lang='grc' dir='ltr'>κόκκινον,</span> <span class='ocrx_word' id='word_1_311' title='bbox 792 2557 839 2598; x_wconf 80' lang='grc' dir='ltr'>ὡς</span> <span class='ocrx_word' id='word_1_312' title='bbox 855 2554 943 2607; x_wconf 76' lang='grc' dir='ltr'>ἔριον</span> <span class='ocrx_word' id='word_1_313' title='bbox 959 2557 1127 2594; x_wconf 77' lang='grc' dir='ltr'>λευκανῶ.</span> 
     </span>
     <span class='ocr_line' id='line_1_39' title="bbox 104 2614 1129 2667; baseline 0.002 -15"><span class='ocrx_word' id='word_1_314' title='bbox 104 2614 174 2652; x_wconf 82' lang='grc' dir='ltr'>Καὶ</span> <span class='ocrx_word' id='word_1_315' title='bbox 183 2614 250 2666; x_wconf 85' lang='grc' dir='ltr'>γὰρ</span> <span class='ocrx_word' id='word_1_316' title='bbox 263 2614 571 2664; x_wconf 82' lang='grc' dir='ltr'>ἀπροστάτευτονὴ</span> <span class='ocrx_word' id='word_1_317' title='bbox 582 2614 679 2666; x_wconf 80' lang='grc' dir='ltr'>χήρα</span> <span class='ocrx_word' id='word_1_318' title='bbox 693 2630 700 2637; x_wconf 94' lang='grc'>·</span> <span class='ocrx_word' id='word_1_319' title='bbox 718 2614 774 2652; x_wconf 87' lang='grc' dir='ltr'>διὰ</span> <span class='ocrx_word' id='word_1_320' title='bbox 789 2619 891 2654; x_wconf 90' lang='grc' dir='ltr'>τοῦτο</span> <span class='ocrx_word' id='word_1_321' title='bbox 901 2615 1033 2662; x_wconf 84' lang='grc' dir='ltr'>πολλὴν</span> <span class='ocrx_word' id='word_1_322' title='bbox 1043 2615 1129 2667; x_wconf 79' lang='grc' dir='ltr'>ὑπὲρ</span> 
     </span>
     <span class='ocr_line' id='line_1_40' title="bbox 104 2676 1130 2730; baseline 0.002 -17"><span class='ocrx_word' id='word_1_323' title='bbox 104 2676 212 2722; x_wconf 72' lang='grc' dir='ltr'>αὐτῆς</span> <span class='ocrx_word' id='word_1_324' title='bbox 225 2683 377 2715; x_wconf 87' lang='grc' dir='ltr'>ποιεῖται</span> <span class='ocrx_word' id='word_1_325' title='bbox 392 2676 557 2723; x_wconf 80' lang='grc' dir='ltr'>σπουδήν.</span> <span class='ocrx_word' id='word_1_326' title='bbox 584 2677 656 2715; x_wconf 82' lang='grc' dir='ltr'>Καὶ</span> <span class='ocrx_word' id='word_1_327' title='bbox 669 2676 736 2728; x_wconf 79' lang='grc' dir='ltr'>γὰρ</span> <span class='ocrx_word' id='word_1_328' title='bbox 746 2677 856 2730; x_wconf 75' lang='grc' dir='ltr'>παρὸν</span> <span class='ocrx_word' id='word_1_329' title='bbox 871 2677 1041 2729; x_wconf 81' lang='grc' dir='ltr'>δευτέροις</span> <span class='ocrx_word' id='word_1_330' title='bbox 1052 2681 1130 2729; x_wconf 85' lang='grc' dir='ltr'>ὃμι-</span> 
     </span>
     <span class='ocr_line' id='line_1_41' title="bbox 103 2737 1128 2791; baseline 0.003 -17"><span class='ocrx_word' id='word_1_331' title='bbox 103 2739 210 2784; x_wconf 81' lang='grc' dir='ltr'>λ’ἧσαι</span> <span class='ocrx_word' id='word_1_332' title='bbox 230 2737 367 2789; x_wconf 83' lang='grc' dir='ltr'>γάμοις,</span> <span class='ocrx_word' id='word_1_333' title='bbox 388 2737 444 2775; x_wconf 83' lang='grc' dir='ltr'>διὰ</span> <span class='ocrx_word' id='word_1_334' title='bbox 458 2737 515 2775; x_wconf 79' lang='grc' dir='ltr'>τὸν</span> <span class='ocrx_word' id='word_1_335' title='bbox 533 2741 593 2775; x_wconf 91' lang='grc' dir='ltr'>τοῦ</span> <span class='ocrx_word' id='word_1_336' title='bbox 608 2739 701 2776; x_wconf 88' lang='grc' dir='ltr'>Θεοῦ</span> <span class='ocrx_word' id='word_1_337' title='bbox 720 2737 825 2790; x_wconf 61' lang='grc' dir='ltr'>φόὸον</span> <span class='ocrx_word' id='word_1_338' title='bbox 842 2737 884 2775; x_wconf 85' lang='grc' dir='ltr'>τὰ</span> <span class='ocrx_word' id='word_1_339' title='bbox 899 2738 967 2776; x_wconf 83' lang='grc' dir='ltr'>ἀπὸ</span> <span class='ocrx_word' id='word_1_340' title='bbox 982 2742 1044 2785; x_wconf 73' lang='grc' dir='ltr'>τῆς</span> <span class='ocrx_word' id='word_1_341' title='bbox 1056 2754 1128 2791; x_wconf 75' lang='grc' dir='ltr'>χη-</span> 
     </span>
     <span class='ocr_line' id='line_1_42' title="bbox 107 2797 1130 2852; baseline 0.002 -17"><span class='ocrx_word' id='word_1_342' title='bbox 107 2797 200 2849; x_wconf 87' lang='grc' dir='ltr'>ρείας</span> <span class='ocrx_word' id='word_1_343' title='bbox 213 2798 426 2849; x_wconf 81' lang='grc' dir='ltr'>ὑπομένουσι</span> <span class='ocrx_word' id='word_1_344' title='bbox 439 2797 755 2850; x_wconf 84' lang='grc' dir='ltr'>δεινά.Ὀρέγωμεν</span> <span class='ocrx_word' id='word_1_345' title='bbox 769 2798 882 2837; x_wconf 87' lang='grc' dir='ltr'>τοίνυν</span> <span class='ocrx_word' id='word_1_346' title='bbox 897 2800 1016 2842; x_wconf 81' lang='grc' dir='ltr'>αὐταῖς</span> <span class='ocrx_word' id='word_1_347' title='bbox 1028 2806 1130 2852; x_wconf 76' lang='grc' dir='ltr'>χεῖρα</span> 
     </span>
     <span class='ocr_line' id='line_1_43' title="bbox 105 2858 1127 2913; baseline 0.003 -17"><span class='ocrx_word' id='word_1_348' title='bbox 105 2858 255 2903; x_wconf 85' lang='grc' dir='ltr'>ἅπαντες</span> <span class='ocrx_word' id='word_1_349' title='bbox 279 2859 339 2897; x_wconf 78' lang='grc' dir='ltr'>καὶ</span> <span class='ocrx_word' id='word_1_350' title='bbox 361 2859 480 2913; x_wconf 82' lang='grc' dir='ltr'>ἄνδρες</span> <span class='ocrx_word' id='word_1_351' title='bbox 505 2859 565 2897; x_wconf 74' lang='grc' dir='ltr'>καὶ</span> <span class='ocrx_word' id='word_1_352' title='bbox 584 2866 762 2910; x_wconf 87' lang='grc' dir='ltr'>γυναῖκες,</span> <span class='ocrx_word' id='word_1_353' title='bbox 781 2859 838 2897; x_wconf 80' lang='grc' dir='ltr'>ἵνα</span> <span class='ocrx_word' id='word_1_354' title='bbox 861 2859 910 2910; x_wconf 82' lang='grc' dir='ltr'>μή</span> <span class='ocrx_word' id='word_1_355' title='bbox 938 2876 1022 2898; x_wconf 92' lang='grc' dir='ltr'>ποτε</span> <span class='ocrx_word' id='word_1_356' title='bbox 1040 2863 1127 2899; x_wconf 81' lang='grc' dir='ltr'>ὑπο-</span> 
     </span>
    </p>
   </div>
   <div class='ocr_carea' id='block_1_4' title="bbox 1202 195 2174 257">
    <p class='ocr_par' dir='ltr' id='par_1_4' title="bbox 1202 195 2174 257">
     <span class='ocr_line' id='line_1_44' title="bbox 1202 195 2174 257; baseline 0.001 -19"><span class='ocrx_word' id='word_1_357' title='bbox 1202 211 1304 239; x_wconf 76' lang='lat' dir='ltr'>Lxx.</span> <span class='ocrx_word' id='word_1_358' title='bbox 1345 195 1405 238; x_wconf 75' lang='lat' dir='ltr'>al,</span> <span class='ocrx_word' id='word_1_359' title='bbox 1447 211 1567 239; x_wconf 55' lang='grc' dir='ltr'>ωαχ.</span> <span class='ocrx_word' id='word_1_360' title='bbox 2085 197 2174 257; x_wconf 47' lang='lat'>47²3</span> 
     </span>
    </p>
   </div>
   <div class='ocr_carea' id='block_1_5' title="bbox 1191 291 2392 2847">
    <p class='ocr_par' dir='ltr' id='par_1_5' title="bbox 1191 291 2392 2847">
     <span class='ocr_line' id='line_1_45' title="bbox 1192 291 2174 342; baseline 0.002 -13"><span class='ocrx_word' id='word_1_361' title='bbox 1192 292 1318 329; x_wconf 68' lang='lat' dir='ltr'>czrlum</span> <span class='ocrx_word' id='word_1_362' title='bbox 1355 292 1509 335; x_wconf 78' lang='lat' dir='ltr'>assumi,</span> <span class='ocrx_word' id='word_1_363' title='bbox 1549 305 1628 328; x_wconf 77' lang='lat' dir='ltr'>cuin</span> <span class='ocrx_word' id='word_1_364' title='bbox 1661 306 1679 327; x_wconf 82' lang='lat' dir='ltr'>a</span> <span class='ocrx_word' id='word_1_365' title='bbox 1713 292 1849 342; x_wconf 80' lang='lat' dir='ltr'>Spiritu</span> <span class='ocrx_word' id='word_1_366' title='bbox 1888 291 2054 329; x_wconf 70' lang='lat' dir='ltr'>didiceris</span> <span class='ocrx_word' id='word_1_367' title='bbox 2074 308 2128 330; x_wconf 85' lang='lat' dir='ltr'>mc</span> <span class='ocrx_word' id='word_1_368' title='bbox 2159 310 2174 331; x_wconf 63' lang='grc' dir='ltr'>τι</span> 
     </span>
     <span class='ocr_line' id='line_1_46' title="bbox 1191 352 2175 402; baseline 0.002 -13"><span class='ocrx_word' id='word_1_369' title='bbox 1191 352 1328 389; x_wconf 80' lang='lat' dir='ltr'>dextris</span> <span class='ocrx_word' id='word_1_370' title='bbox 1347 352 1483 400; x_wconf 85' lang='lat' dir='ltr'>sedere,</span> <span class='ocrx_word' id='word_1_371' title='bbox 1509 361 1591 389; x_wconf 85' lang='lat' dir='ltr'>tunc</span> <span class='ocrx_word' id='word_1_372' title='bbox 1618 365 1806 402; x_wconf 77' lang='lat' dir='ltr'><strong>cognosces</strong></span> <span class='ocrx_word' id='word_1_373' title='bbox 1824 352 1911 402; x_wconf 85' lang='lat' dir='ltr'>quid</span> <span class='ocrx_word' id='word_1_374' title='bbox 1932 367 2024 389; x_wconf 77' lang='lat' dir='ltr'>nnnc</span> <span class='ocrx_word' id='word_1_375' title='bbox 2046 355 2175 391; x_wconf 83' lang='lat' dir='ltr'>sactum</span> 
     </span>
     <span class='ocr_line' id='line_1_47' title="bbox 1192 412 2175 465; baseline 0.001 -15"><span class='ocrx_word' id='word_1_376' title='bbox 1192 414 1250 451; x_wconf 87' lang='lat' dir='ltr'>sit.</span> <span class='ocrx_word' id='word_1_377' title='bbox 1275 412 1374 460; x_wconf 85' lang='lat' dir='ltr'>Quid</span> <span class='ocrx_word' id='word_1_378' title='bbox 1402 427 1485 465; x_wconf 82' lang='lat' dir='ltr'>ergo</span> <span class='ocrx_word' id='word_1_379' title='bbox 1516 413 1709 451; x_wconf 68' lang='lat' dir='ltr'>Christus?</span> <span class='ocrx_word' id='word_1_380' title='bbox 1741 413 1834 459; x_wconf 82' lang='lat' dir='ltr'>Quia</span> <span class='ocrx_word' id='word_1_381' title='bbox 1867 415 1989 451; x_wconf 79' lang='lat' dir='ltr'>Petrus</span> <span class='ocrx_word' id='word_1_382' title='bbox 2017 414 2175 455; x_wconf 66' lang='lat' dir='ltr'>dixerat,</span> 
     </span>
     <span class='ocr_line' id='line_1_48' title="bbox 1194 475 2175 526; baseline 0.001 -15"><span class='ocrx_word' id='word_1_383' title='bbox 1194 475 1284 511; x_wconf 84' lang='lat' dir='ltr'>Non</span> <span class='ocrx_word' id='word_1_384' title='bbox 1317 483 1469 512; x_wconf 81' lang='lat' dir='ltr'>tantum</span> <span class='ocrx_word' id='word_1_385' title='bbox 1495 476 1610 526; x_wconf 82' lang='lat' dir='ltr'>pedes</span> <span class='ocrx_word' id='word_1_386' title='bbox 1628 505 1637 520; x_wconf 82' lang='lat'><em>,</em></span> <span class='ocrx_word' id='word_1_387' title='bbox 1670 476 1738 512; x_wconf 77' lang='lat' dir='ltr'>sed</span> <span class='ocrx_word' id='word_1_388' title='bbox 1767 483 1803 511; x_wconf 82' lang='lat' dir='ltr'>et</span> <span class='ocrx_word' id='word_1_389' title='bbox 1830 488 1967 512; x_wconf 82' lang='lat' dir='ltr'>manus</span> <span class='ocrx_word' id='word_1_390' title='bbox 1994 484 2028 512; x_wconf 81' lang='lat' dir='ltr'>et</span> <span class='ocrx_word' id='word_1_391' title='bbox 2049 485 2175 526; x_wconf 71' lang='lat' dir='ltr'>capul,</span> 
     </span>
     <span class='ocr_line' id='line_1_49' title="bbox 1195 535 2181 587; baseline -0.001 -15"><span class='ocrx_word' id='word_1_392' title='bbox 1195 535 1258 572; x_wconf 83' lang='grc'>10.</span> <span class='ocrx_word' id='word_1_393' title='bbox 1287 536 1364 585; x_wconf 81' lang='lat' dir='ltr'>Qui</span> <span class='ocrx_word' id='word_1_394' title='bbox 1388 535 1490 572; x_wconf 80' lang='lat' dir='ltr'>lotus</span> <span class='ocrx_word' id='word_1_395' title='bbox 1519 543 1602 581; x_wconf 82' lang='lat' dir='ltr'>est,</span> <span class='ocrx_word' id='word_1_396' title='bbox 1632 535 1772 585; x_wconf 75' lang='lat' dir='ltr'>inquit,</span> <span class='ocrx_word' id='word_1_397' title='bbox 1805 550 1881 573; x_wconf 81' lang='lat' dir='ltr'>non</span> <span class='ocrx_word' id='word_1_398' title='bbox 1912 537 2076 587; x_wconf 77' lang='lat' dir='ltr'>indiget,</span> <span class='ocrx_word' id='word_1_399' title='bbox 2109 539 2181 572; x_wconf 74' lang='lat' dir='ltr'>nisi</span> 
     </span>
     <span class='ocr_line' id='line_1_50' title="bbox 1196 597 2183 647; baseline 0 -14"><span class='ocrx_word' id='word_1_400' title='bbox 1196 604 1237 633; x_wconf 81' lang='lat' dir='ltr'>ut</span> <span class='ocrx_word' id='word_1_401' title='bbox 1267 597 1382 647; x_wconf 81' lang='lat' dir='ltr'>pedes</span> <span class='ocrx_word' id='word_1_402' title='bbox 1411 597 1536 643; x_wconf 67' lang='lat' dir='ltr'>lavet,</span> <span class='ocrx_word' id='word_1_403' title='bbox 1559 598 1626 634; x_wconf 78' lang='lat' dir='ltr'>sed</span> <span class='ocrx_word' id='word_1_404' title='bbox 1646 605 1701 633; x_wconf 83' lang='lat' dir='ltr'>est</span> <span class='ocrx_word' id='word_1_405' title='bbox 1721 599 1886 635; x_wconf 81' lang='lat' dir='ltr'>mundus</span> <span class='ocrx_word' id='word_1_406' title='bbox 1908 606 2021 634; x_wconf 81' lang='lat' dir='ltr'>totus.</span> <span class='ocrx_word' id='word_1_407' title='bbox 2046 598 2098 633; x_wconf 88' lang='lat' dir='ltr'>Et</span> <span class='ocrx_word' id='word_1_408' title='bbox 2121 610 2183 633; x_wconf 68' lang='lat' dir='ltr'>vos</span> 
     </span>
     <span class='ocr_line' id='line_1_51' title="bbox 1196 657 2184 705; baseline -0.001 -12"><span class='ocrx_word' id='word_1_409' title='bbox 1196 657 1332 694; x_wconf 82' lang='lat' dir='ltr'>mundi</span> <span class='ocrx_word' id='word_1_410' title='bbox 1350 660 1455 705; x_wconf 78' lang='lat' dir='ltr'>estis,</span> <span class='ocrx_word' id='word_1_411' title='bbox 1475 659 1545 695; x_wconf 79' lang='lat' dir='ltr'>sed</span> <span class='ocrx_word' id='word_1_412' title='bbox 1563 671 1641 694; x_wconf 87' lang='lat' dir='ltr'>non</span> <span class='ocrx_word' id='word_1_413' title='bbox 1660 671 1802 695; x_wconf 82' lang='lat' dir='ltr'>omnes.</span> <span class='ocrx_word' id='word_1_414' title='bbox 1828 661 1890 695; x_wconf 92' lang='grc'>11.</span> <span class='ocrx_word' id='word_1_415' title='bbox 1912 658 2063 696; x_wconf 78' lang='lat' dir='ltr'>Sciebat</span> <span class='ocrx_word' id='word_1_416' title='bbox 2083 659 2184 694; x_wconf 79' lang='lat' dir='ltr'>enim</span> 
     </span>
     <span class='ocr_line' id='line_1_52' title="bbox 1197 719 2186 770; baseline -0.001 -15"><span class='ocrx_word' id='word_1_417' title='bbox 1197 720 1284 770; x_wconf 75' lang='lat' dir='ltr'>quis</span> <span class='ocrx_word' id='word_1_418' title='bbox 1303 719 1516 756; x_wconf 74' lang='lat' dir='ltr'>traditurus</span> <span class='ocrx_word' id='word_1_419' title='bbox 1536 727 1634 756; x_wconf 80' lang='lat' dir='ltr'>esset</span> <span class='ocrx_word' id='word_1_420' title='bbox 1657 733 1758 756; x_wconf 82' lang='lat' dir='ltr'>eum.</span> <span class='ocrx_word' id='word_1_421' title='bbox 1781 719 1819 757; x_wconf 87' lang='lat' dir='ltr'>Si</span> <span class='ocrx_word' id='word_1_422' title='bbox 1838 719 1963 755; x_wconf 88' lang='lat' dir='ltr'>mundi</span> <span class='ocrx_word' id='word_1_423' title='bbox 1990 728 2092 768; x_wconf 74' lang='lat' dir='ltr'>sunt,</span> <span class='ocrx_word' id='word_1_424' title='bbox 2123 733 2186 755; x_wconf 75' lang='lat' dir='ltr'>cui-</span> 
     </span>
     <span class='ocr_line' id='line_1_53' title="bbox 1196 779 2185 832; baseline -0.001 -15"><span class='ocrx_word' id='word_1_425' title='bbox 1196 779 1295 818; x_wconf 80' lang='lat' dir='ltr'>lavas</span> <span class='ocrx_word' id='word_1_426' title='bbox 1309 779 1417 832; x_wconf 87' lang='lat' dir='ltr'>pedes</span> <span class='ocrx_word' id='word_1_427' title='bbox 1433 781 1583 818; x_wconf 75' lang='lat' dir='ltr'>eorum?</span> <span class='ocrx_word' id='word_1_428' title='bbox 1608 782 1658 818; x_wconf 91' lang='lat' dir='ltr'>Ut</span> <span class='ocrx_word' id='word_1_429' title='bbox 1679 796 1742 818; x_wconf 83' lang='lat' dir='ltr'>nos</span> <span class='ocrx_word' id='word_1_430' title='bbox 1763 780 1971 818; x_wconf 80' lang='lat' dir='ltr'>modestiam</span> <span class='ocrx_word' id='word_1_431' title='bbox 1991 780 2185 818; x_wconf 72' lang='lat' dir='ltr'>discamus.</span> 
     </span>
     <span class='ocr_line' id='line_1_54' title="bbox 1198 841 2187 893; baseline 0 -14"><span class='ocrx_word' id='word_1_432' title='bbox 1198 841 1284 879; x_wconf 89' lang='lat' dir='ltr'>Ideo</span> <span class='ocrx_word' id='word_1_433' title='bbox 1312 841 1408 893; x_wconf 88' lang='lat' dir='ltr'>quod</span> <span class='ocrx_word' id='word_1_434' title='bbox 1432 842 1648 881; x_wconf 83' lang='lat' dir='ltr'>vilissimum</span> <span class='ocrx_word' id='word_1_435' title='bbox 1670 842 1912 879; x_wconf 84' lang='lat' dir='ltr'>membrorum</span> <span class='ocrx_word' id='word_1_436' title='bbox 1935 842 2078 880; x_wconf 68' lang='lat' dir='ltr'>videtur</span> <span class='ocrx_word' id='word_1_437' title='bbox 2098 856 2187 883; x_wconf 73' lang='lat' dir='ltr'>csse,</span> 
     </span>
     <span class='ocr_line' id='line_1_55' title="bbox 1201 902 2189 954; baseline 0 -14"><span class='ocrx_word' id='word_1_438' title='bbox 1201 902 1316 940; x_wconf 89' lang='lat' dir='ltr'>solum</span> <span class='ocrx_word' id='word_1_439' title='bbox 1331 903 1431 942; x_wconf 83' lang='lat' dir='ltr'>lavit.</span> <span class='ocrx_word' id='word_1_440' title='bbox 1455 903 1552 950; x_wconf 87' lang='lat' dir='ltr'>Quid</span> <span class='ocrx_word' id='word_1_441' title='bbox 1569 903 1748 954; x_wconf 80' lang='lat' dir='ltr'>significat</span> <span class='ocrx_word' id='word_1_442' title='bbox 1761 903 1865 951; x_wconf 83' lang='lat' dir='ltr'>illud,</span> <span class='ocrx_word' id='word_1_443' title='bbox 1901 905 1976 954; x_wconf 82' lang='lat' dir='ltr'>Qui</span> <span class='ocrx_word' id='word_1_444' title='bbox 1990 905 2089 941; x_wconf 76' lang='lat' dir='ltr'>lotus</span> <span class='ocrx_word' id='word_1_445' title='bbox 2106 912 2161 941; x_wconf 78' lang='lat' dir='ltr'>est</span> <span class='ocrx_word' id='word_1_446' title='bbox 2175 908 2189 939; x_wconf 65' lang='grc' dir='ltr'>Ρ</span> 
     </span>
     <span class='ocr_line' id='line_1_56' title="bbox 1202 964 2188 1019; baseline -0.001 -17"><span class='ocrx_word' id='word_1_447' title='bbox 1202 964 1242 1002; x_wconf 84' lang='lat' dir='ltr'>Id</span> <span class='ocrx_word' id='word_1_448' title='bbox 1270 974 1343 1013; x_wconf 81' lang='lat' dir='ltr'>est,</span> <span class='ocrx_word' id='word_1_449' title='bbox 1371 965 1432 1016; x_wconf 89' lang='lat' dir='ltr'>qui</span> <span class='ocrx_word' id='word_1_450' title='bbox 1457 980 1571 1019; x_wconf 85' lang='lat' dir='ltr'>purus</span> <span class='ocrx_word' id='word_1_451' title='bbox 1595 974 1659 1003; x_wconf 86' lang='lat' dir='ltr'>est.</span> <span class='ocrx_word' id='word_1_452' title='bbox 1691 967 1787 1003; x_wconf 91' lang='lat' dir='ltr'>Num</span> <span class='ocrx_word' id='word_1_453' title='bbox 1806 965 1860 1002; x_wconf 87' lang='lat' dir='ltr'>illi</span> <span class='ocrx_word' id='word_1_454' title='bbox 1888 965 1967 1017; x_wconf 87' lang='lat' dir='ltr'>puri</span> <span class='ocrx_word' id='word_1_455' title='bbox 1991 975 2106 1013; x_wconf 82' lang='lat' dir='ltr'>erant,</span> <span class='ocrx_word' id='word_1_456' title='bbox 2128 965 2188 1016; x_wconf 89' lang='lat' dir='ltr'>qui</span> 
     </span>
     <span class='ocr_line' id='line_1_57' title="bbox 1204 1026 2188 1080; baseline -0.003 -15"><span class='ocrx_word' id='word_1_457' title='bbox 1204 1026 1365 1066; x_wconf 90' lang='lat' dir='ltr'>nondum</span> <span class='ocrx_word' id='word_1_458' title='bbox 1399 1042 1418 1065; x_wconf 84' lang='lat' dir='ltr'>a</span> <span class='ocrx_word' id='word_1_459' title='bbox 1455 1027 1608 1080; x_wconf 85' lang='lat' dir='ltr'>peccatis</span> <span class='ocrx_word' id='word_1_460' title='bbox 1634 1027 1737 1065; x_wconf 77' lang='lat' dir='ltr'>liberi</span> <span class='ocrx_word' id='word_1_461' title='bbox 1780 1036 1877 1064; x_wconf 83' lang='lat' dir='ltr'>erant</span> <span class='ocrx_word' id='word_1_462' title='bbox 1902 1057 1911 1075; x_wconf 90' lang='grc'>,</span> <span class='ocrx_word' id='word_1_463' title='bbox 1949 1041 2011 1064; x_wconf 88' lang='lat' dir='ltr'>nec</span> <span class='ocrx_word' id='word_1_464' title='bbox 2055 1027 2188 1078; x_wconf 76' lang='lat' dir='ltr'>Spiritu</span> 
     </span>
     <span class='ocr_line' id='line_1_58' title="bbox 1201 1087 2189 1141; baseline 0.001 -17"><span class='ocrx_word' id='word_1_465' title='bbox 1201 1087 1339 1140; x_wconf 81' lang='lat' dir='ltr'>dignati</span> <span class='ocrx_word' id='word_1_466' title='bbox 1361 1119 1372 1138; x_wconf 90' lang='grc'>,</span> <span class='ocrx_word' id='word_1_467' title='bbox 1409 1103 1490 1126; x_wconf 86' lang='lat' dir='ltr'>cum</span> <span class='ocrx_word' id='word_1_468' title='bbox 1540 1089 1659 1127; x_wconf 80' lang='lat' dir='ltr'>adhuc</span> <span class='ocrx_word' id='word_1_469' title='bbox 1698 1098 1882 1141; x_wconf 86' lang='lat' dir='ltr'>peccatum</span> <span class='ocrx_word' id='word_1_470' title='bbox 1920 1088 2163 1126; x_wconf 77' lang='lat' dir='ltr'>dominaretur</span> <span class='ocrx_word' id='word_1_471' title='bbox 2182 1119 2189 1131; x_wconf 65' lang='lat'><em>⁷</em></span> 
     </span>
     <span class='ocr_line' id='line_1_59' title="bbox 1203 1149 2192 1202; baseline 0.001 -16"><span class='ocrx_word' id='word_1_472' title='bbox 1203 1158 1236 1186; x_wconf 85' lang='lat' dir='ltr'>et</span> <span class='ocrx_word' id='word_1_473' title='bbox 1271 1149 1531 1188; x_wconf 80' lang='lat' dir='ltr'>maledictionis</span> <span class='ocrx_word' id='word_1_474' title='bbox 1574 1149 1852 1202; x_wconf 81' lang='lat' dir='ltr'>chirographum</span> <span class='ocrx_word' id='word_1_475' title='bbox 1898 1160 2078 1199; x_wconf 79' lang='lat' dir='ltr'>maneret,</span> <span class='ocrx_word' id='word_1_476' title='bbox 2112 1164 2192 1187; x_wconf 71' lang='lat' dir='ltr'>nec·-</span> 
     </span>
     <span class='ocr_line' id='line_1_60' title="bbox 1203 1209 2191 1262; baseline 0 -16"><span class='ocrx_word' id='word_1_477' title='bbox 1203 1209 1290 1247; x_wconf 86' lang='lat' dir='ltr'>dum</span> <span class='ocrx_word' id='word_1_478' title='bbox 1308 1210 1455 1249; x_wconf 85' lang='lat' dir='ltr'>victima</span> <span class='ocrx_word' id='word_1_479' title='bbox 1484 1220 1573 1249; x_wconf 87' lang='lat' dir='ltr'>esset</span> <span class='ocrx_word' id='word_1_480' title='bbox 1594 1211 1739 1249; x_wconf 76' lang='lat' dir='ltr'>oblata?</span> <span class='ocrx_word' id='word_1_481' title='bbox 1767 1211 1945 1262; x_wconf 88' lang='lat' dir='ltr'>quomodo</span> <span class='ocrx_word' id='word_1_482' title='bbox 1978 1211 2086 1262; x_wconf 81' lang='lat' dir='ltr'>igitur</span> <span class='ocrx_word' id='word_1_483' title='bbox 2112 1211 2191 1247; x_wconf 63' lang='lat' dir='ltr'>illos</span> 
     </span>
     <span class='ocr_line' id='line_1_61' title="bbox 1203 1272 2192 1325; baseline 0.001 -16"><span class='ocrx_word' id='word_1_484' title='bbox 1203 1285 1277 1309; x_wconf 87' lang='lat' dir='ltr'>esse</span> <span class='ocrx_word' id='word_1_485' title='bbox 1296 1287 1404 1324; x_wconf 87' lang='lat' dir='ltr'>puros</span> <span class='ocrx_word' id='word_1_486' title='bbox 1422 1272 1530 1311; x_wconf 77' lang='lat' dir='ltr'>dicit?</span> <span class='ocrx_word' id='word_1_487' title='bbox 1549 1274 1689 1312; x_wconf 84' lang='lat' dir='ltr'>Verum</span> <span class='ocrx_word' id='word_1_488' title='bbox 1701 1287 1745 1311; x_wconf 90' lang='lat' dir='ltr'>ne</span> <span class='ocrx_word' id='word_1_489' title='bbox 1765 1282 1880 1325; x_wconf 80' lang='lat' dir='ltr'>putes,</span> <span class='ocrx_word' id='word_1_490' title='bbox 1898 1273 1980 1323; x_wconf 84' lang='lat' dir='ltr'>quia</span> <span class='ocrx_word' id='word_1_491' title='bbox 1993 1288 2099 1325; x_wconf 84' lang='lat' dir='ltr'>puros</span> <span class='ocrx_word' id='word_1_492' title='bbox 2114 1273 2192 1311; x_wconf 77' lang='lat' dir='ltr'>illos</span> 
     </span>
     <span class='ocr_line' id='line_1_62' title="bbox 1203 1332 2191 1387; baseline 0.001 -17"><span class='ocrx_word' id='word_1_493' title='bbox 1203 1332 1313 1385; x_wconf 84' lang='lat' dir='ltr'>dicit,</span> <span class='ocrx_word' id='word_1_494' title='bbox 1347 1349 1421 1372; x_wconf 88' lang='lat' dir='ltr'>esse</span> <span class='ocrx_word' id='word_1_495' title='bbox 1447 1349 1593 1387; x_wconf 86' lang='lat' dir='ltr'>prorsus</span> <span class='ocrx_word' id='word_1_496' title='bbox 1618 1349 1637 1373; x_wconf 87' lang='lat' dir='ltr'>a</span> <span class='ocrx_word' id='word_1_497' title='bbox 1668 1335 1820 1387; x_wconf 86' lang='lat' dir='ltr'>peccatis</span> <span class='ocrx_word' id='word_1_498' title='bbox 1846 1335 1994 1384; x_wconf 75' lang='lat' dir='ltr'>liberos,</span> <span class='ocrx_word' id='word_1_499' title='bbox 2025 1335 2163 1373; x_wconf 79' lang='lat' dir='ltr'>addidit</span> <span class='ocrx_word' id='word_1_500' title='bbox 2185 1352 2191 1370; x_wconf 88' lang='lat'>:</span> 
     </span>
     <span class='ocr_line' id='line_1_63' title="bbox 1203 1397 2194 1449; baseline 0.003 -17"><span class='ocrx_word' id='word_1_501' title='bbox 1203 1397 1296 1433; x_wconf 88' lang='lat' dir='ltr'>Jam</span> <span class='ocrx_word' id='word_1_502' title='bbox 1311 1409 1384 1434; x_wconf 75' lang='lat' dir='ltr'>‘vos</span> <span class='ocrx_word' id='word_1_503' title='bbox 1403 1398 1539 1434; x_wconf 81' lang='lat' dir='ltr'>mundi</span> <span class='ocrx_word' id='word_1_504' title='bbox 1560 1400 1663 1443; x_wconf 82' lang='lat' dir='ltr'>estis,</span> <span class='ocrx_word' id='word_1_505' title='bbox 1683 1405 1838 1449; x_wconf 83' lang='lat' dir='ltr'>propter</span> <span class='ocrx_word' id='word_1_506' title='bbox 1850 1411 2061 1435; x_wconf 84' lang='lat' dir='ltr'>sermonem</span> <span class='ocrx_word' id='word_1_507' title='bbox 2082 1412 2194 1449; x_wconf 83' lang='lat' dir='ltr'>quem</span> 
     </span>
     <span class='ocr_line' id='line_1_64' title="bbox 1205 1455 2193 1508; baseline 0.003 -16"><span class='ocrx_word' id='word_1_508' title='bbox 1205 1455 1388 1508; x_wconf 80' lang='lat' dir='ltr'>loquutus</span> <span class='ocrx_word' id='word_1_509' title='bbox 1408 1470 1494 1494; x_wconf 80' lang='lat' dir='ltr'>sum</span> <span class='ocrx_word' id='word_1_510' title='bbox 1523 1459 1634 1494; x_wconf 80' lang='lat' dir='ltr'>vobis</span> <span class='ocrx_word' id='word_1_511' title='bbox 1645 1472 1660 1502; x_wconf 88' lang='lat'><em>;</em></span> <span class='ocrx_word' id='word_1_512' title='bbox 1685 1457 1754 1494; x_wconf 88' lang='lat' dir='ltr'>hoc</span> <span class='ocrx_word' id='word_1_513' title='bbox 1775 1465 1850 1507; x_wconf 74' lang='lat' dir='ltr'>est,</span> <span class='ocrx_word' id='word_1_514' title='bbox 1875 1457 1949 1494; x_wconf 79' lang='lat' dir='ltr'>Hac</span> <span class='ocrx_word' id='word_1_515' title='bbox 1973 1467 2110 1495; x_wconf 85' lang='lat' dir='ltr'>tantum</span> <span class='ocrx_word' id='word_1_516' title='bbox 2138 1472 2193 1495; x_wconf 85' lang='lat' dir='ltr'>ra-</span> 
     </span>
     <span class='ocr_line' id='line_1_65' title="bbox 1202 1515 2193 1570; baseline 0.003 -17"><span class='ocrx_word' id='word_1_517' title='bbox 1202 1515 1298 1553; x_wconf 90' lang='lat' dir='ltr'>tione</span> <span class='ocrx_word' id='word_1_518' title='bbox 1320 1516 1447 1554; x_wconf 87' lang='lat' dir='ltr'>mundi</span> <span class='ocrx_word' id='word_1_519' title='bbox 1470 1517 1563 1555; x_wconf 88' lang='lat' dir='ltr'>estis.</span> <span class='ocrx_word' id='word_1_520' title='bbox 1595 1518 1677 1556; x_wconf 84' lang='lat' dir='ltr'>Jam</span> <span class='ocrx_word' id='word_1_521' title='bbox 1701 1516 1817 1554; x_wconf 85' lang='lat' dir='ltr'>lucem</span> <span class='ocrx_word' id='word_1_522' title='bbox 1847 1517 2050 1569; x_wconf 84' lang='lat' dir='ltr'>accepistis,</span> <span class='ocrx_word' id='word_1_523' title='bbox 2075 1519 2150 1570; x_wconf 85' lang='lat' dir='ltr'>jam</span> <span class='ocrx_word' id='word_1_524' title='bbox 2174 1534 2193 1556; x_wconf 84' lang='lat' dir='ltr'>a</span> 
     </span>
     <span class='ocr_line' id='line_1_66' title="bbox 1202 1575 2189 1630; baseline 0.001 -15"><span class='ocrx_word' id='word_1_525' title='bbox 1202 1575 1354 1615; x_wconf 83' lang='lat' dir='ltr'>Juda&#39;l&#39;co</span> <span class='ocrx_word' id='word_1_526' title='bbox 1373 1591 1489 1615; x_wconf 87' lang='lat' dir='ltr'>errore</span> <span class='ocrx_word' id='word_1_527' title='bbox 1507 1577 1613 1615; x_wconf 86' lang='lat' dir='ltr'>liberi</span> <span class='ocrx_word' id='word_1_528' title='bbox 1639 1577 1736 1616; x_wconf 85' lang='lat' dir='ltr'>estis.</span> <span class='ocrx_word' id='word_1_529' title='bbox 1768 1578 1862 1614; x_wconf 84' lang='lat' dir='ltr'>Nam</span> <span class='ocrx_word' id='word_1_530' title='bbox 1880 1579 2051 1630; x_wconf 85' lang='lat' dir='ltr'>propheta</span> <span class='ocrx_word' id='word_1_531' title='bbox 2073 1579 2159 1617; x_wconf 86' lang='lat' dir='ltr'>dicit</span> <span class='ocrx_word' id='word_1_532' title='bbox 2182 1596 2189 1616; x_wconf 91' lang='lat'><strong>:</strong></span> 
     </span>
     <span class='ocr_line' id='line_1_67' title="bbox 1202 1638 2389 1690; baseline 0.003 -16"><span class='ocrx_word' id='word_1_533' title='bbox 1202 1638 1424 1685; x_wconf 80' lang='lat' dir='ltr'>Lavamini,</span> <span class='ocrx_word' id='word_1_534' title='bbox 1446 1640 1583 1676; x_wconf 80' lang='lat' dir='ltr'>mundi</span> <span class='ocrx_word' id='word_1_535' title='bbox 1601 1647 1734 1686; x_wconf 81' lang='lat' dir='ltr'>estote,</span> <span class='ocrx_word' id='word_1_536' title='bbox 1758 1641 1917 1690; x_wconf 84' lang='lat' dir='ltr'>abjicite</span> <span class='ocrx_word' id='word_1_537' title='bbox 1929 1641 2123 1677; x_wconf 78' lang='lat' dir='ltr'>malitiam</span> <span class='ocrx_word' id='word_1_538' title='bbox 2142 1643 2190 1678; x_wconf 87' lang='lat' dir='ltr'>ab</span> <span class='ocrx_word' id='word_1_539' title='bbox 2211 1643 2283 1669; x_wconf 64' lang='lat' dir='ltr'>&#39;w&#39;-</span> <span class='ocrx_word' id='word_1_540' title='bbox 2303 1652 2324 1669; x_wconf 88' lang='lat'>¹-</span> <span class='ocrx_word' id='word_1_541' title='bbox 2346 1643 2389 1670; x_wconf 60' lang='lat'>¹⁶2</span> 
     </span>
     <span class='ocr_line' id='line_1_68' title="bbox 1202 1701 2189 1752; baseline 0.006 -17"><span class='ocrx_word' id='word_1_542' title='bbox 1202 1701 1410 1737; x_wconf 82' lang='lat' dir='ltr'>animabus</span> <span class='ocrx_word' id='word_1_543' title='bbox 1428 1703 1581 1738; x_wconf 81' lang='lat' dir='ltr'>vestris.</span> <span class='ocrx_word' id='word_1_544' title='bbox 1604 1701 1727 1751; x_wconf 84' lang='lat' dir='ltr'>Itaque</span> <span class='ocrx_word' id='word_1_545' title='bbox 1742 1701 1803 1752; x_wconf 91' lang='lat' dir='ltr'>qui</span> <span class='ocrx_word' id='word_1_546' title='bbox 1822 1701 1903 1739; x_wconf 85' lang='lat' dir='ltr'>talis</span> <span class='ocrx_word' id='word_1_547' title='bbox 1917 1711 1968 1739; x_wconf 88' lang='lat' dir='ltr'>est</span> <span class='ocrx_word' id='word_1_548' title='bbox 1976 1732 1988 1751; x_wconf 90' lang='grc'>,</span> <span class='ocrx_word' id='word_1_549' title='bbox 2011 1703 2105 1740; x_wconf 90' lang='lat' dir='ltr'>lotus</span> <span class='ocrx_word' id='word_1_550' title='bbox 2124 1713 2189 1751; x_wconf 82' lang='lat' dir='ltr'>est,</span> 
     </span>
     <span class='ocr_line' id='line_1_69' title="bbox 1202 1760 2192 1813; baseline 0.007 -17"><span class='ocrx_word' id='word_1_551' title='bbox 1202 1766 1235 1797; x_wconf 84' lang='lat' dir='ltr'>et</span> <span class='ocrx_word' id='word_1_552' title='bbox 1264 1774 1388 1812; x_wconf 88' lang='lat' dir='ltr'>purus.</span> <span class='ocrx_word' id='word_1_553' title='bbox 1417 1760 1512 1807; x_wconf 86' lang='lat' dir='ltr'>Quia</span> <span class='ocrx_word' id='word_1_554' title='bbox 1537 1775 1621 1813; x_wconf 85' lang='lat' dir='ltr'>ergo</span> <span class='ocrx_word' id='word_1_555' title='bbox 1648 1776 1789 1799; x_wconf 87' lang='lat' dir='ltr'>omnem</span> <span class='ocrx_word' id='word_1_556' title='bbox 1811 1763 1986 1800; x_wconf 84' lang='lat' dir='ltr'>malitiam</span> <span class='ocrx_word' id='word_1_557' title='bbox 2011 1764 2055 1802; x_wconf 82' lang='lat' dir='ltr'>ab</span> <span class='ocrx_word' id='word_1_558' title='bbox 2075 1765 2192 1803; x_wconf 85' lang='lat' dir='ltr'>anima</span> 
     </span>
     <span class='ocr_line' id='line_1_70' title="bbox 1201 1824 2190 1875; baseline 0.007 -17"><span class='ocrx_word' id='word_1_559' title='bbox 1201 1830 1408 1873; x_wconf 80' lang='lat' dir='ltr'>respuerant</span> <span class='ocrx_word' id='word_1_560' title='bbox 1422 1852 1433 1873; x_wconf 83' lang='lat'><em>‚</em></span> <span class='ocrx_word' id='word_1_561' title='bbox 1457 1832 1490 1861; x_wconf 87' lang='lat' dir='ltr'>et</span> <span class='ocrx_word' id='word_1_562' title='bbox 1506 1838 1597 1875; x_wconf 84' lang='lat' dir='ltr'>pura</span> <span class='ocrx_word' id='word_1_563' title='bbox 1616 1833 1732 1861; x_wconf 90' lang='lat' dir='ltr'>mente</span> <span class='ocrx_word' id='word_1_564' title='bbox 1751 1837 1830 1861; x_wconf 89' lang='lat' dir='ltr'>cum</span> <span class='ocrx_word' id='word_1_565' title='bbox 1857 1824 1919 1862; x_wconf 86' lang='lat' dir='ltr'>illo</span> <span class='ocrx_word' id='word_1_566' title='bbox 1940 1826 2190 1865; x_wconf 81' lang='lat' dir='ltr'>versabantur:</span> 
     </span>
     <span class='ocr_line' id='line_1_71' title="bbox 1200 1883 2189 1938; baseline 0.006 -17"><span class='ocrx_word' id='word_1_567' title='bbox 1200 1883 1280 1921; x_wconf 91' lang='lat' dir='ltr'>ideo</span> <span class='ocrx_word' id='word_1_568' title='bbox 1299 1884 1496 1922; x_wconf 88' lang='lat' dir='ltr'>secundum</span> <span class='ocrx_word' id='word_1_569' title='bbox 1509 1885 1760 1938; x_wconf 88' lang='lat' dir='ltr'>propheticum</span> <span class='ocrx_word' id='word_1_570' title='bbox 1780 1900 1977 1925; x_wconf 85' lang='lat' dir='ltr'>sermonem</span> <span class='ocrx_word' id='word_1_571' title='bbox 1992 1888 2095 1937; x_wconf 78' lang='lat' dir='ltr'>dicit,</span> <span class='ocrx_word' id='word_1_572' title='bbox 2119 1890 2189 1936; x_wconf 84' lang='lat' dir='ltr'>Qui</span> 
     </span>
     <span class='ocr_line' id='line_1_72' title="bbox 1200 1946 2191 2004; baseline 0.006 -21"><span class='ocrx_word' id='word_1_573' title='bbox 1200 1946 1294 1984; x_wconf 88' lang='lat' dir='ltr'>lotus</span> <span class='ocrx_word' id='word_1_574' title='bbox 1307 1955 1373 1997; x_wconf 81' lang='lat' dir='ltr'>est,</span> <span class='ocrx_word' id='word_1_575' title='bbox 1388 1947 1463 1998; x_wconf 89' lang='lat' dir='ltr'>jam</span> <span class='ocrx_word' id='word_1_576' title='bbox 1479 1948 1636 1986; x_wconf 86' lang='lat' dir='ltr'>mundus</span> <span class='ocrx_word' id='word_1_577' title='bbox 1650 1957 1711 1986; x_wconf 85' lang='lat' dir='ltr'>est.</span> <span class='ocrx_word' id='word_1_578' title='bbox 1729 1949 1806 1986; x_wconf 90' lang='lat' dir='ltr'>Non</span> <span class='ocrx_word' id='word_1_579' title='bbox 1823 1948 2006 1988; x_wconf 82' lang='lat' dir='ltr'>lavacrum</span> <span class='ocrx_word' id='word_1_580' title='bbox 2023 1951 2114 1989; x_wconf 94' lang='lat' dir='ltr'>illud</span> <span class='ocrx_word' id='word_1_581' title='bbox 2129 1967 2191 2004; x_wconf 83' lang='lat' dir='ltr'>per</span> 
     </span>
     <span class='ocr_line' id='line_1_73' title="bbox 1200 2006 2190 2065; baseline 0.004 -20"><span class='ocrx_word' id='word_1_582' title='bbox 1200 2021 1328 2057; x_wconf 84' lang='lat' dir='ltr'>aquam</span> <span class='ocrx_word' id='word_1_583' title='bbox 1350 2015 1382 2044; x_wconf 88' lang='lat' dir='ltr'>et</span> <span class='ocrx_word' id='word_1_584' title='bbox 1401 2006 1595 2047; x_wconf 81' lang='lat' dir='ltr'>Juda&#39;icum</span> <span class='ocrx_word' id='word_1_585' title='bbox 1612 2008 1721 2061; x_wconf 81' lang='lat' dir='ltr'>dicit,</span> <span class='ocrx_word' id='word_1_586' title='bbox 1746 2009 1808 2047; x_wconf 87' lang='lat' dir='ltr'>sed</span> <span class='ocrx_word' id='word_1_587' title='bbox 1825 2010 2044 2050; x_wconf 74' lang='lat' dir='ltr'>conscientiae</span> <span class='ocrx_word' id='word_1_588' title='bbox 2059 2027 2190 2065; x_wconf 81' lang='lat' dir='ltr'>purga-</span> 
     </span>
     <span class='ocr_line' id='line_1_74' title="bbox 1200 2077 1345 2106; baseline 0 0"><span class='ocrx_word' id='word_1_589' title='bbox 1200 2077 1345 2106; x_wconf 83' lang='lat' dir='ltr'>tlonem.</span> 
     </span>
     <span class='ocr_line' id='line_1_75' title="bbox 1254 2130 2189 2182; baseline 0.004 -15"><span class='ocrx_word' id='word_1_590' title='bbox 1254 2130 1290 2167; x_wconf 85' lang='lat'>5.</span> <span class='ocrx_word' id='word_1_591' title='bbox 1320 2130 1441 2168; x_wconf 87' lang='lat' dir='ltr'>Simus</span> <span class='ocrx_word' id='word_1_592' title='bbox 1461 2144 1544 2182; x_wconf 77' lang='lat' dir='ltr'>ergo</span> <span class='ocrx_word' id='word_1_593' title='bbox 1565 2139 1599 2169; x_wconf 87' lang='lat' dir='ltr'>et</span> <span class='ocrx_word' id='word_1_594' title='bbox 1627 2144 1691 2169; x_wconf 88' lang='lat' dir='ltr'>nos</span> <span class='ocrx_word' id='word_1_595' title='bbox 1718 2130 1867 2180; x_wconf 79' lang='lat' dir='ltr'>mundi3</span> <span class='ocrx_word' id='word_1_596' title='bbox 1894 2131 2073 2171; x_wconf 85' lang='lat' dir='ltr'>discamus</span> <span class='ocrx_word' id='word_1_597' title='bbox 2101 2133 2189 2171; x_wconf 85' lang='lat' dir='ltr'>bene</span> 
     </span>
     <span class='ocr_line' id='line_1_76' title="bbox 1198 2189 2390 2257; baseline 0.003 -29"><span class='ocrx_word' id='word_1_598' title='bbox 1198 2191 1323 2228; x_wconf 82' lang='lat' dir='ltr'>facere.</span> <span class='ocrx_word' id='word_1_599' title='bbox 1345 2191 1441 2238; x_wconf 86' lang='lat' dir='ltr'>Quid</span> <span class='ocrx_word' id='word_1_600' title='bbox 1472 2201 1523 2230; x_wconf 88' lang='lat' dir='ltr'>est</span> <span class='ocrx_word' id='word_1_601' title='bbox 1549 2192 1639 2231; x_wconf 89' lang='lat' dir='ltr'>bene</span> <span class='ocrx_word' id='word_1_602' title='bbox 1662 2192 1792 2230; x_wconf 72' lang='lat' dir='ltr'>facere?</span> <span class='ocrx_word' id='word_1_603' title='bbox 1812 2193 1993 2231; x_wconf 76' lang='lat' dir='ltr'>Judicace</span> <span class='ocrx_word' id='word_1_604' title='bbox 2015 2196 2184 2246; x_wconf 78' lang='lat' dir='ltr'>pupillo,</span> <span class='ocrx_word' id='word_1_605' title='bbox 2205 2189 2281 2257; x_wconf 50' lang='lat' dir='ltr'>fga·</span> <span class='ocrx_word' id='word_1_606' title='bbox 2298 2196 2322 2215; x_wconf 70' lang='lat'>¹’</span> <span class='ocrx_word' id='word_1_607' title='bbox 2345 2198 2390 2227; x_wconf 76' lang='lat'>¹7·</span> 
     </span>
     <span class='ocr_line' id='line_1_77' title="bbox 1199 2252 2255 2307; baseline 0.006 -19"><span class='ocrx_word' id='word_1_608' title='bbox 1199 2252 1397 2304; x_wconf 82' lang='lat' dir='ltr'>defendite</span> <span class='ocrx_word' id='word_1_609' title='bbox 1426 2254 1589 2290; x_wconf 79' lang='lat' dir='ltr'>viduam</span> <span class='ocrx_word' id='word_1_610' title='bbox 1624 2269 1634 2289; x_wconf 89' lang='lat'><em>:</em></span> <span class='ocrx_word' id='word_1_611' title='bbox 1671 2260 1707 2291; x_wconf 83' lang='lat' dir='ltr'>et</span> <span class='ocrx_word' id='word_1_612' title='bbox 1734 2255 1883 2300; x_wconf 82' lang='lat' dir='ltr'>venite,</span> <span class='ocrx_word' id='word_1_613' title='bbox 1907 2255 2184 2307; x_wconf 77' lang='lat' dir='ltr'>disceptemus,</span> <span class='ocrx_word' id='word_1_614' title='bbox 2251 2252 2255 2257; x_wconf 53' lang='lat'>¹</span> 
     </span>
     <span class='ocr_line' id='line_1_78' title="bbox 1199 2313 2389 2367; baseline 0.005 -18"><span class='ocrx_word' id='word_1_615' title='bbox 1199 2313 1293 2352; x_wconf 81' lang='lat' dir='ltr'>dicit</span> <span class='ocrx_word' id='word_1_616' title='bbox 1314 2315 1524 2353; x_wconf 71' lang='lat' dir='ltr'>Dominus.</span> <span class='ocrx_word' id='word_1_617' title='bbox 1550 2315 1765 2365; x_wconf 83' lang='lat' dir='ltr'>Frequenter</span> <span class='ocrx_word' id='word_1_618' title='bbox 1787 2314 1823 2351; x_wconf 92' lang='lat' dir='ltr'>in</span> <span class='ocrx_word' id='word_1_619' title='bbox 1851 2315 2037 2367; x_wconf 84' lang='lat' dir='ltr'>Scriptura</span> <span class='ocrx_word' id='word_1_620' title='bbox 2058 2317 2186 2355; x_wconf 78' lang='lat' dir='ltr'>vidua-</span> <span class='ocrx_word' id='word_1_621' title='bbox 2228 2320 2389 2367; x_wconf 43' lang='lat' dir='ltr'>viduarum</span> 
     </span>
     <span class='ocr_line' id='line_1_79' title="bbox 1200 2362 2392 2427; baseline 0.005 -17"><span class='ocrx_word' id='word_1_622' title='bbox 1200 2388 1281 2411; x_wconf 90' lang='lat' dir='ltr'>rum</span> <span class='ocrx_word' id='word_1_623' title='bbox 1299 2383 1333 2412; x_wconf 89' lang='lat' dir='ltr'>et</span> <span class='ocrx_word' id='word_1_624' title='bbox 1351 2375 1573 2427; x_wconf 88' lang='lat' dir='ltr'>pupillorum</span> <span class='ocrx_word' id='word_1_625' title='bbox 1594 2376 1635 2413; x_wconf 87' lang='lat' dir='ltr'>fit</span> <span class='ocrx_word' id='word_1_626' title='bbox 1658 2375 1789 2413; x_wconf 86' lang='lat' dir='ltr'>mentio</span> <span class='ocrx_word' id='word_1_627' title='bbox 1818 2391 1825 2411; x_wconf 91' lang='lat'><strong>:</strong></span> <span class='ocrx_word' id='word_1_628' title='bbox 1859 2385 1894 2413; x_wconf 85' lang='lat' dir='ltr'>at</span> <span class='ocrx_word' id='word_1_629' title='bbox 1918 2377 2018 2415; x_wconf 88' lang='lat' dir='ltr'>nobis</span> <span class='ocrx_word' id='word_1_630' title='bbox 2040 2378 2184 2416; x_wconf 87' lang='lat' dir='ltr'>illorum</span> <span class='ocrx_word' id='word_1_631' title='bbox 2202 2367 2230 2388; x_wconf 58' lang='lat' dir='ltr'>et</span> <span class='ocrx_word' id='word_1_632' title='bbox 2262 2362 2392 2397; x_wconf 64' lang='lat' dir='ltr'>pupillo-</span> 
     </span>
     <span class='ocr_line' id='line_1_80' title="bbox 1199 2435 2388 2492; baseline 0.005 -20"><span class='ocrx_word' id='word_1_633' title='bbox 1199 2435 1298 2472; x_wconf 86' lang='lat' dir='ltr'>nulla</span> <span class='ocrx_word' id='word_1_634' title='bbox 1320 2435 1410 2473; x_wconf 86' lang='lat' dir='ltr'>ratio</span> <span class='ocrx_word' id='word_1_635' title='bbox 1439 2445 1505 2475; x_wconf 89' lang='lat' dir='ltr'>est.</span> <span class='ocrx_word' id='word_1_636' title='bbox 1533 2437 1639 2487; x_wconf 87' lang='lat' dir='ltr'>Atqui</span> <span class='ocrx_word' id='word_1_637' title='bbox 1667 2437 1783 2488; x_wconf 80' lang='lat' dir='ltr'>cogita</span> <span class='ocrx_word' id='word_1_638' title='bbox 1811 2447 1941 2487; x_wconf 82' lang='lat' dir='ltr'>quanta</span> <span class='ocrx_word' id='word_1_639' title='bbox 1970 2439 2013 2475; x_wconf 91' lang='lat' dir='ltr'>sit</span> <span class='ocrx_word' id='word_1_640' title='bbox 2032 2441 2184 2492; x_wconf 83' lang='lat' dir='ltr'>reposita</span> <span class='ocrx_word' id='word_1_641' title='bbox 2201 2445 2319 2492; x_wconf 47' lang='lat' dir='ltr'>dacum</span> <span class='ocrx_word' id='word_1_642' title='bbox 2336 2456 2350 2471; x_wconf 57' lang='grc' dir='ltr'>ι’</span> <span class='ocrx_word' id='word_1_643' title='bbox 2369 2452 2388 2473; x_wconf 67' lang='lat' dir='ltr'>t·</span> 
     </span>
     <span class='ocr_line' id='line_1_81' title="bbox 1200 2484 2386 2550; baseline 0.007 -17"><span class='ocrx_word' id='word_1_644' title='bbox 1200 2509 1343 2534; x_wconf 82' lang='lat' dir='ltr'>merces.</span> <span class='ocrx_word' id='word_1_645' title='bbox 1363 2497 1581 2550; x_wconf 78' lang='lat' dir='ltr'>Siszterint,</span> <span class='ocrx_word' id='word_1_646' title='bbox 1603 2498 1735 2548; x_wconf 81' lang='lat' dir='ltr'>inquit,</span> <span class='ocrx_word' id='word_1_647' title='bbox 1752 2507 1915 2550; x_wconf 79' lang='lat' dir='ltr'>peecata</span> <span class='ocrx_word' id='word_1_648' title='bbox 1934 2509 2066 2538; x_wconf 80' lang='lat' dir='ltr'>vestra</span> <span class='ocrx_word' id='word_1_649' title='bbox 2085 2504 2185 2541; x_wconf 78' lang='lat' dir='ltr'>sicut</span> <span class='ocrx_word' id='word_1_650' title='bbox 2202 2486 2278 2513; x_wconf 47' lang='lat' dir='ltr'>&#39;lud&#39;</span> <span class='ocrx_word' id='word_1_651' title='bbox 2298 2495 2321 2514; x_wconf 68' lang='lat'>¹&#39;</span> <span class='ocrx_word' id='word_1_652' title='bbox 2343 2484 2386 2514; x_wconf 47' lang='grc' dir='ltr'>ις’</span> 
     </span>
     <span class='ocr_line' id='line_1_82' title="bbox 1195 2559 2180 2610; baseline 0.008 -17"><span class='ocrx_word' id='word_1_653' title='bbox 1195 2559 1414 2608; x_wconf 78' lang='lat' dir='ltr'>puniceum,</span> <span class='ocrx_word' id='word_1_654' title='bbox 1437 2566 1478 2596; x_wconf 82' lang='lat' dir='ltr'>ut</span> <span class='ocrx_word' id='word_1_655' title='bbox 1494 2560 1619 2595; x_wconf 81' lang='lat' dir='ltr'>nivem</span> <span class='ocrx_word' id='word_1_656' title='bbox 1634 2559 1842 2604; x_wconf 56' lang='lat' dir='ltr'>dealbatum</span> <span class='ocrx_word' id='word_1_657' title='bbox 1859 2562 1891 2596; x_wconf 81' lang='lat' dir='ltr'>si</span> <span class='ocrx_word' id='word_1_658' title='bbox 1912 2569 1953 2597; x_wconf 82' lang='lat' dir='ltr'>ut</span> <span class='ocrx_word' id='word_1_659' title='bbox 1969 2564 2180 2610; x_wconf 72' lang='lat' dir='ltr'>coccinum,</span> 
     </span>
     <span class='ocr_line' id='line_1_83' title="bbox 1199 2620 2184 2674; baseline 0.007 -18"><span class='ocrx_word' id='word_1_660' title='bbox 1199 2628 1241 2657; x_wconf 82' lang='lat' dir='ltr'>at</span> <span class='ocrx_word' id='word_1_661' title='bbox 1281 2620 1414 2656; x_wconf 83' lang='lat' dir='ltr'>lanam</span> <span class='ocrx_word' id='word_1_662' title='bbox 1447 2620 1649 2657; x_wconf 84' lang='lat' dir='ltr'>dealbabo.</span> <span class='ocrx_word' id='word_1_663' title='bbox 1685 2621 1875 2659; x_wconf 85' lang='lat' dir='ltr'>Defensore</span> <span class='ocrx_word' id='word_1_664' title='bbox 1911 2637 2062 2674; x_wconf 85' lang='lat' dir='ltr'>namque</span> <span class='ocrx_word' id='word_1_665' title='bbox 2093 2635 2184 2663; x_wconf 82' lang='lat' dir='ltr'>caret</span> 
     </span>
     <span class='ocr_line' id='line_1_84' title="bbox 1198 2680 2185 2733; baseline 0.008 -16"><span class='ocrx_word' id='word_1_666' title='bbox 1198 2680 1319 2729; x_wconf 76' lang='lat' dir='ltr'>vidua3</span> <span class='ocrx_word' id='word_1_667' title='bbox 1347 2680 1427 2718; x_wconf 85' lang='lat' dir='ltr'>ideo</span> <span class='ocrx_word' id='word_1_668' title='bbox 1449 2695 1616 2733; x_wconf 85' lang='lat' dir='ltr'>magnam</span> <span class='ocrx_word' id='word_1_669' title='bbox 1635 2681 1734 2719; x_wconf 86' lang='lat' dir='ltr'>illius</span> <span class='ocrx_word' id='word_1_670' title='bbox 1763 2697 1886 2721; x_wconf 81' lang='lat' dir='ltr'>curam</span> <span class='ocrx_word' id='word_1_671' title='bbox 1915 2684 2034 2723; x_wconf 82' lang='lat' dir='ltr'>habet.</span> <span class='ocrx_word' id='word_1_672' title='bbox 2064 2687 2185 2726; x_wconf 86' lang='lat' dir='ltr'>Vidua</span> 
     </span>
     <span class='ocr_line' id='line_1_85' title="bbox 1200 2742 2186 2798; baseline 0.007 -19"><span class='ocrx_word' id='word_1_673' title='bbox 1200 2742 1295 2780; x_wconf 89' lang='lat' dir='ltr'>enim</span> <span class='ocrx_word' id='word_1_674' title='bbox 1317 2756 1398 2780; x_wconf 90' lang='lat' dir='ltr'>cum</span> <span class='ocrx_word' id='word_1_675' title='bbox 1418 2743 1531 2794; x_wconf 87' lang='lat' dir='ltr'>possit</span> <span class='ocrx_word' id='word_1_676' title='bbox 1555 2744 1727 2782; x_wconf 82' lang='lat' dir='ltr'>secundas</span> <span class='ocrx_word' id='word_1_677' title='bbox 1746 2745 1845 2783; x_wconf 82' lang='lat' dir='ltr'>adire</span> <span class='ocrx_word' id='word_1_678' title='bbox 1864 2747 2030 2798; x_wconf 84' lang='lat' dir='ltr'>nuptias,</span> <span class='ocrx_word' id='word_1_679' title='bbox 2053 2749 2098 2786; x_wconf 88' lang='lat' dir='ltr'>oh</span> <span class='ocrx_word' id='word_1_680' title='bbox 2118 2750 2186 2786; x_wconf 79' lang='lat' dir='ltr'>Dei</span> 
     </span>
     <span class='ocr_line' id='line_1_86' title="bbox 1201 2803 2187 2847; baseline 0.007 -7"><span class='ocrx_word' id='word_1_681' title='bbox 1201 2803 1364 2841; x_wconf 87' lang='lat' dir='ltr'>timorem</span> <span class='ocrx_word' id='word_1_682' title='bbox 1382 2803 1569 2842; x_wconf 80' lang='lat' dir='ltr'>viduitatis</span> <span class='ocrx_word' id='word_1_683' title='bbox 1592 2818 1768 2844; x_wconf 80' lang='lat' dir='ltr'>aerumnas</span> <span class='ocrx_word' id='word_1_684' title='bbox 1784 2807 1921 2845; x_wconf 80' lang='lat' dir='ltr'>tolerat.</span> <span class='ocrx_word' id='word_1_685' title='bbox 1943 2810 2092 2847; x_wconf 86' lang='lat' dir='ltr'>Manum</span> <span class='ocrx_word' id='word_1_686' title='bbox 2105 2825 2187 2847; x_wconf 58' lang='lat' dir='ltr'>ereo</span> 
     </span>
    </p>
   </div>
   <div class='ocr_carea' id='block_1_6' title="bbox 1201 2839 2187 2922">
    <p class='ocr_par' dir='ltr' id='par_1_6' title="bbox 1201 2839 2187 2922">
     <span class='ocr_line' id='line_1_87' title="bbox 2144 2839 2164 2862; baseline 0 0"><span class='ocrx_word' id='word_1_687' title='bbox 2144 2839 2164 2862; x_wconf 71' lang='lat' dir='ltr'>t&gt;</span> 
     </span>
     <span class='ocr_line' id='line_1_88' title="bbox 1201 2864 2187 2922; baseline 0.009 -21"><span class='ocrx_word' id='word_1_688' title='bbox 1201 2864 1289 2916; x_wconf 87' lang='lat' dir='ltr'>ipsis</span> <span class='ocrx_word' id='word_1_689' title='bbox 1309 2865 1534 2917; x_wconf 82' lang='lat' dir='ltr'>porrigamus</span> <span class='ocrx_word' id='word_1_690' title='bbox 1556 2880 1677 2905; x_wconf 89' lang='lat' dir='ltr'>omnes</span> <span class='ocrx_word' id='word_1_691' title='bbox 1702 2877 1734 2905; x_wconf 85' lang='lat' dir='ltr'>et</span> <span class='ocrx_word' id='word_1_692' title='bbox 1760 2868 1831 2908; x_wconf 83' lang='lat' dir='ltr'>viri</span> <span class='ocrx_word' id='word_1_693' title='bbox 1861 2879 1894 2907; x_wconf 89' lang='lat' dir='ltr'>et</span> <span class='ocrx_word' id='word_1_694' title='bbox 1923 2870 2088 2909; x_wconf 83' lang='lat' dir='ltr'>mulieres</span> <span class='ocrx_word' id='word_1_695' title='bbox 2096 2903 2107 2922; x_wconf 91' lang='grc'>,</span> <span class='ocrx_word' id='word_1_696' title='bbox 2146 2887 2187 2910; x_wconf 87' lang='lat' dir='ltr'>nc</span> 
     </span>
    </p>
   </div>
   <div class='ocr_carea' id='block_1_7' title="bbox 107 2919 2187 2979">
    <p class='ocr_par' dir='ltr' id='par_1_7' title="bbox 107 2919 2187 2979">
     <span class='ocr_line' id='line_1_89' title="bbox 107 2919 2187 2979; baseline 0.006 -19"><span class='ocrx_word' id='word_1_697' title='bbox 107 2920 245 2970; x_wconf 76' lang='grc' dir='ltr'>στῶμεν</span> <span class='ocrx_word' id='word_1_698' title='bbox 285 2920 330 2958; x_wconf 79' lang='grc' dir='ltr'>τὰ</span> <span class='ocrx_word' id='word_1_699' title='bbox 373 2923 436 2967; x_wconf 68' lang='grc' dir='ltr'>τῆς</span> <span class='ocrx_word' id='word_1_700' title='bbox 461 2919 607 2974; x_wconf 83' lang='grc' dir='ltr'>χηρείας</span> <span class='ocrx_word' id='word_1_701' title='bbox 638 2921 771 2959; x_wconf 55' lang='grc' dir='ltr'>θδεινά.</span> <span class='ocrx_word' id='word_1_702' title='bbox 810 2920 884 2959; x_wconf 84' lang='grc' dir='ltr'>Κᾶν</span> <span class='ocrx_word' id='word_1_703' title='bbox 906 2923 1127 2973; x_wconf 74' lang='grc' dir='ltr'>ὑποστῶμεν,</span> <span class='ocrx_word' id='word_1_704' title='bbox 1154 2935 1177 2965; x_wconf 88' lang='grc' dir='ltr'>Ε</span> <span class='ocrx_word' id='word_1_705' title='bbox 1202 2927 1345 2979; x_wconf 82' lang='lat' dir='ltr'>quando</span> <span class='ocrx_word' id='word_1_706' title='bbox 1365 2927 1552 2967; x_wconf 79' lang='lat' dir='ltr'>viduitatis</span> <span class='ocrx_word' id='word_1_707' title='bbox 1565 2929 1744 2968; x_wconf 85' lang='lat' dir='ltr'>molestias</span> <span class='ocrx_word' id='word_1_708' title='bbox 1760 2931 1959 2970; x_wconf 80' lang='lat' dir='ltr'>subeamus.</span> <span class='ocrx_word' id='word_1_709' title='bbox 1985 2933 2049 2972; x_wconf 88' lang='lat' dir='ltr'>Sin</span> <span class='ocrx_word' id='word_1_710' title='bbox 2064 2934 2187 2972; x_wconf 84' lang='lat' dir='ltr'>subea-</span> 
     </span>
    </p>
   </div>
   <div class='ocr_carea' id='block_1_8' title="bbox 106 2979 1128 3103">
    <p class='ocr_par' dir='ltr' id='par_1_8' title="bbox 106 2979 1128 3103">
     <span class='ocr_line' id='line_1_90' title="bbox 106 2979 1128 3036; baseline 0.003 -18"><span class='ocrx_word' id='word_1_711' title='bbox 106 2979 238 3027; x_wconf 88' lang='grc' dir='ltr'>πολλὴν</span> <span class='ocrx_word' id='word_1_712' title='bbox 281 2980 492 3032; x_wconf 82' lang='grc' dir='ltr'>ἀποθώμεθα</span> <span class='ocrx_word' id='word_1_713' title='bbox 531 2981 790 3034; x_wconf 85' lang='grc' dir='ltr'>φιλανθρωπίας</span> <span class='ocrx_word' id='word_1_714' title='bbox 827 2986 911 3034; x_wconf 80' lang='grc' dir='ltr'>ἡμῖν</span> <span class='ocrx_word' id='word_1_715' title='bbox 957 2982 1128 3036; x_wconf 77' lang='grc' dir='ltr'>ἀφορμήν.</span> 
     </span>
     <span class='ocr_line' id='line_1_91' title="bbox 106 3046 1128 3103; baseline 0.003 -18"><span class='ocrx_word' id='word_1_716' title='bbox 106 3048 160 3085; x_wconf 80' lang='grc' dir='ltr'>Οὐ</span> <span class='ocrx_word' id='word_1_717' title='bbox 193 3046 302 3099; x_wconf 83' lang='grc' dir='ltr'>μικρὰ</span> <span class='ocrx_word' id='word_1_718' title='bbox 337 3047 484 3099; x_wconf 82' lang='grc' dir='ltr'>δύναμις</span> <span class='ocrx_word' id='word_1_719' title='bbox 510 3051 578 3087; x_wconf 85' lang='grc' dir='ltr'>τῶν</span> <span class='ocrx_word' id='word_1_720' title='bbox 609 3049 765 3101; x_wconf 82' lang='grc' dir='ltr'>δακρύων</span> <span class='ocrx_word' id='word_1_721' title='bbox 791 3054 853 3097; x_wconf 71' lang='grc' dir='ltr'>τῆς</span> <span class='ocrx_word' id='word_1_722' title='bbox 881 3049 993 3103; x_wconf 74' lang='grc' dir='ltr'>χήρας</span> <span class='ocrx_word' id='word_1_723' title='bbox 1022 3051 1128 3097; x_wconf 80' lang='grc' dir='ltr'>ἐστὶν,</span> 
     </span>
    </p>
   </div>
   <div class='ocr_carea' id='block_1_9' title="bbox 107 3158 1119 3409">
    <p class='ocr_par' dir='ltr' id='par_1_9' title="bbox 107 3158 1119 3311">
     <span class='ocr_line' id='line_1_92' title="bbox 107 3158 1115 3210; baseline 0.003 -19"><span class='ocrx_word' id='word_1_724' title='bbox 107 3159 217 3192; x_wconf 82' lang='lat' dir='ltr'>lectio.</span> <span class='ocrx_word' id='word_1_725' title='bbox 235 3158 303 3193; x_wconf 87' lang='lat' dir='ltr'>Ubi</span> <span class='ocrx_word' id='word_1_726' title='bbox 324 3160 478 3194; x_wconf 81' lang='lat' dir='ltr'>advertas</span> <span class='ocrx_word' id='word_1_727' title='bbox 497 3174 595 3195; x_wconf 74' lang='lat' dir='ltr'>voces</span> <span class='ocrx_word' id='word_1_728' title='bbox 611 3171 727 3210; x_wconf 79' lang='grc' dir='ltr'>πατρός</span> <span class='ocrx_word' id='word_1_729' title='bbox 751 3171 784 3196; x_wconf 83' lang='lat' dir='ltr'>et</span> <span class='ocrx_word' id='word_1_730' title='bbox 800 3168 967 3208; x_wconf 75' lang='grc' dir='ltr'>πνεύματος</span> <span class='ocrx_word' id='word_1_731' title='bbox 988 3165 1021 3196; x_wconf 82' lang='lat' dir='ltr'>in</span> <span class='ocrx_word' id='word_1_732' title='bbox 1037 3164 1115 3195; x_wconf 90' lang='lat' dir='ltr'>Mss.</span> 
     </span>
     <span class='ocr_line' id='line_1_93' title="bbox 107 3212 1119 3260; baseline 0.005 -17"><span class='ocrx_word' id='word_1_733' title='bbox 107 3222 192 3253; x_wconf 84' lang='lat' dir='ltr'>saepe</span> <span class='ocrx_word' id='word_1_734' title='bbox 208 3212 370 3245; x_wconf 79' lang='lat' dir='ltr'>contundi</span> <span class='ocrx_word' id='word_1_735' title='bbox 381 3240 389 3255; x_wconf 85' lang='grc'>,</span> <span class='ocrx_word' id='word_1_736' title='bbox 410 3215 486 3256; x_wconf 85' lang='lat' dir='ltr'>quia</span> <span class='ocrx_word' id='word_1_737' title='bbox 512 3222 686 3258; x_wconf 81' lang='lat' dir='ltr'>utramque</span> <span class='ocrx_word' id='word_1_738' title='bbox 702 3227 819 3249; x_wconf 80' lang='lat' dir='ltr'>vocem</span> <span class='ocrx_word' id='word_1_739' title='bbox 833 3217 880 3248; x_wconf 87' lang='lat' dir='ltr'>sic</span> <span class='ocrx_word' id='word_1_740' title='bbox 904 3216 1046 3248; x_wconf 80' lang='lat' dir='ltr'>efferunt.</span> <span class='ocrx_word' id='word_1_741' title='bbox 1058 3216 1119 3260; x_wconf 51' lang='lat'>350⁸}</span> 
     </span>
     <span class='ocr_line' id='line_1_94' title="bbox 108 3266 1116 3311; baseline 0.007 -18"><span class='ocrx_word' id='word_1_742' title='bbox 108 3270 139 3295; x_wconf 82' lang='lat' dir='ltr'>et</span> <span class='ocrx_word' id='word_1_743' title='bbox 157 3278 219 3306; x_wconf 81' lang='grc' dir='ltr'>πνς,</span> <span class='ocrx_word' id='word_1_744' title='bbox 237 3271 352 3307; x_wconf 84' lang='lat' dir='ltr'>estque</span> <span class='ocrx_word' id='word_1_745' title='bbox 374 3266 460 3297; x_wconf 83' lang='lat' dir='ltr'>inter</span> <span class='ocrx_word' id='word_1_746' title='bbox 481 3282 500 3311; x_wconf 74' lang='grc' dir='ltr'>ρ</span> <span class='ocrx_word' id='word_1_747' title='bbox 516 3267 618 3300; x_wconf 75' lang='grc' dir='ltr'>εῑιίη</span> <span class='ocrx_word' id='word_1_748' title='bbox 640 3267 719 3299; x_wconf 85' lang='lat' dir='ltr'>Mss.</span> <span class='ocrx_word' id='word_1_749' title='bbox 743 3266 895 3310; x_wconf 85' lang='lat' dir='ltr'>quaedam</span> <span class='ocrx_word' id='word_1_750' title='bbox 921 3266 1116 3300; x_wconf 82' lang='lat' dir='ltr'>similitudo.</span> 
     </span>
    </p>

    <p class='ocr_par' dir='ltr' id='par_1_10' title="bbox 110 3315 1119 3409">
     <span class='ocr_line' id='line_1_95' title="bbox 155 3315 1119 3362; baseline 0.005 -14"><span class='ocrx_word' id='word_1_751' title='bbox 155 3315 171 3338; x_wconf 85' lang='lat'>¹¹</span> <span class='ocrx_word' id='word_1_752' title='bbox 191 3321 322 3361; x_wconf 62' lang='lat' dir='ltr'>haOapot</span> <span class='ocrx_word' id='word_1_753' title='bbox 345 3322 421 3352; x_wconf 67' lang='grc' dir='ltr'>ἐστε,</span> <span class='ocrx_word' id='word_1_754' title='bbox 451 3318 530 3351; x_wconf 80' lang='lat' dir='ltr'>Post.</span> <span class='ocrx_word' id='word_1_755' title='bbox 551 3316 623 3350; x_wconf 82' lang='lat' dir='ltr'>haec</span> <span class='ocrx_word' id='word_1_756' title='bbox 639 3318 776 3362; x_wconf 84' lang='lat' dir='ltr'>quidam</span> <span class='ocrx_word' id='word_1_757' title='bbox 792 3320 871 3353; x_wconf 83' lang='lat' dir='ltr'>Mss.</span> <span class='ocrx_word' id='word_1_758' title='bbox 895 3319 959 3351; x_wconf 80' lang='lat' dir='ltr'>alia</span> <span class='ocrx_word' id='word_1_759' title='bbox 975 3319 1119 3360; x_wconf 73' lang='lat' dir='ltr'>addunt,</span> 
     </span>
     <span class='ocr_line' id='line_1_96' title="bbox 110 3365 987 3409; baseline 0.007 -12"><span class='ocrx_word' id='word_1_760' title='bbox 110 3377 181 3408; x_wconf 78' lang='lat' dir='ltr'>quae</span> <span class='ocrx_word' id='word_1_761' title='bbox 195 3365 361 3400; x_wconf 81' lang='lat' dir='ltr'>habentur</span> <span class='ocrx_word' id='word_1_762' title='bbox 378 3367 476 3409; x_wconf 81' lang='lat' dir='ltr'>infra,</span> <span class='ocrx_word' id='word_1_763' title='bbox 495 3377 526 3401; x_wconf 87' lang='lat' dir='ltr'>et</span> <span class='ocrx_word' id='word_1_764' title='bbox 540 3369 693 3402; x_wconf 86' lang='lat' dir='ltr'>consulto</span> <span class='ocrx_word' id='word_1_765' title='bbox 706 3369 760 3402; x_wconf 75' lang='lat' dir='ltr'>hie</span> <span class='ocrx_word' id='word_1_766' title='bbox 776 3371 987 3404; x_wconf 82' lang='lat' dir='ltr'>omittuntur.</span> 
     </span>
    </p>
   </div>
   <div class='ocr_carea' id='block_1_10' title="bbox 324 3443 542 3468">
    <p class='ocr_par' dir='ltr' id='par_1_11' title="bbox 324 3443 542 3468">
     <span class='ocr_line' id='line_1_97' title="bbox 324 3443 542 3468; baseline 0.009 -2"><span class='ocrx_word' id='word_1_767' title='bbox 324 3443 416 3467; x_wconf 82' lang='lat' dir='ltr'>TOM.</span> <span class='ocrx_word' id='word_1_768' title='bbox 448 3445 542 3468; x_wconf 69' lang='lat' dir='ltr'>Vlll.</span> 
     </span>
    </p>
   </div>
   <div class='ocr_carea' id='block_1_11' title="bbox 1202 2991 2186 3108">
    <p class='ocr_par' dir='ltr' id='par_1_12' title="bbox 1202 2991 2186 3108">
     <span class='ocr_line' id='line_1_98' title="bbox 1203 2991 2186 3046; baseline 0.006 -20"><span class='ocrx_word' id='word_1_769' title='bbox 1203 3002 1309 3039; x_wconf 76' lang='lat' dir='ltr'>mus,</span> <span class='ocrx_word' id='word_1_770' title='bbox 1353 3004 1517 3041; x_wconf 82' lang='lat' dir='ltr'>magnam</span> <span class='ocrx_word' id='word_1_771' title='bbox 1556 2991 1658 3030; x_wconf 89' lang='lat' dir='ltr'>nobis</span> <span class='ocrx_word' id='word_1_772' title='bbox 1690 2993 1919 3045; x_wconf 72' lang='lat' dir='ltr'>experiundae</span> <span class='ocrx_word' id='word_1_773' title='bbox 1959 2994 2186 3046; x_wconf 75' lang='lat' dir='ltr'>benignitatis</span> 
     </span>
     <span class='ocr_line' id='line_1_99' title="bbox 1202 3051 2185 3108; baseline 0.005 -20"><span class='ocrx_word' id='word_1_774' title='bbox 1202 3065 1323 3089; x_wconf 84' lang='lat' dir='ltr'>ansam</span> <span class='ocrx_word' id='word_1_775' title='bbox 1355 3051 1571 3103; x_wconf 82' lang='lat' dir='ltr'>parabimus.</span> <span class='ocrx_word' id='word_1_776' title='bbox 1606 3053 1687 3091; x_wconf 91' lang='lat' dir='ltr'>Non</span> <span class='ocrx_word' id='word_1_777' title='bbox 1720 3068 1832 3106; x_wconf 81' lang='lat' dir='ltr'>parva</span> <span class='ocrx_word' id='word_1_778' title='bbox 1859 3054 1916 3093; x_wconf 77' lang='lat' dir='ltr'>vis</span> <span class='ocrx_word' id='word_1_779' title='bbox 1945 3055 2185 3108; x_wconf 82' lang='lat' dir='ltr'>lacrymarum</span> 
     </span>
    </p>
   </div>
   <div class='ocr_carea' id='block_1_12' title="bbox 1190 3164 2196 3418">
    <p class='ocr_par' dir='ltr' id='par_1_13' title="bbox 1228 3164 1657 3207">
     <span class='ocr_line' id='line_1_100' title="bbox 1228 3164 1657 3207; baseline 0.014 -12"><span class='ocrx_word' id='word_1_780' title='bbox 1228 3171 1240 3184; x_wconf 81' lang='lat'><strong>⁸</strong></span> <span class='ocrx_word' id='word_1_781' title='bbox 1255 3164 1316 3196; x_wconf 83' lang='lat' dir='ltr'>Alii</span> <span class='ocrx_word' id='word_1_782' title='bbox 1332 3169 1416 3207; x_wconf 77' lang='grc' dir='ltr'>ἦσαν,</span> <span class='ocrx_word' id='word_1_783' title='bbox 1429 3172 1524 3200; x_wconf 82' lang='grc' dir='ltr'>καίτοι</span> <span class='ocrx_word' id='word_1_784' title='bbox 1534 3169 1657 3202; x_wconf 73' lang='grc' dir='ltr'>οὐδέπω.</span> 
     </span>
    </p>

    <p class='ocr_par' dir='ltr' id='par_1_14' title="bbox 1229 3215 1696 3264">
     <span class='ocr_line' id='line_1_101' title="bbox 1229 3215 1696 3264; baseline 0.002 -14"><span class='ocrx_word' id='word_1_785' title='bbox 1229 3217 1244 3233; x_wconf 75' lang='grc'>*</span> <span class='ocrx_word' id='word_1_786' title='bbox 1260 3217 1322 3258; x_wconf 76' lang='grc' dir='ltr'>[ἴδε</span> <span class='ocrx_word' id='word_1_787' title='bbox 1332 3215 1435 3250; x_wconf 81' lang='lat' dir='ltr'>Savil.</span> <span class='ocrx_word' id='word_1_788' title='bbox 1454 3225 1487 3250; x_wconf 81' lang='lat' dir='ltr'>et</span> <span class='ocrx_word' id='word_1_789' title='bbox 1498 3217 1585 3250; x_wconf 87' lang='lat' dir='ltr'>Cod.</span> <span class='ocrx_word' id='word_1_790' title='bbox 1604 3219 1696 3264; x_wconf 88' lang='lat'><strong>705.]</strong></span> 
     </span>
    </p>

    <p class='ocr_par' dir='ltr' id='par_1_15' title="bbox 1233 3268 1838 3318">
     <span class='ocr_line' id='line_1_102' title="bbox 1233 3268 1838 3318; baseline 0.008 -18"><span class='ocrx_word' id='word_1_791' title='bbox 1233 3270 1246 3288; x_wconf 71' lang='lat'>⁰¹</span> <span class='ocrx_word' id='word_1_792' title='bbox 1262 3268 1325 3301; x_wconf 85' lang='lat' dir='ltr'>Alii</span> <span class='ocrx_word' id='word_1_793' title='bbox 1338 3276 1388 3305; x_wconf 74' lang='grc' dir='ltr'>τὸν</span> <span class='ocrx_word' id='word_1_794' title='bbox 1401 3279 1453 3310; x_wconf 81' lang='grc' dir='ltr'>τῆς</span> <span class='ocrx_word' id='word_1_795' title='bbox 1471 3273 1659 3317; x_wconf 75' lang='grc' dir='ltr'>δημιουργίας</span> <span class='ocrx_word' id='word_1_796' title='bbox 1671 3278 1838 3318; x_wconf 66' lang='grc' dir='ltr'>καθαρμόν.</span> 
     </span>
    </p>

    <p class='ocr_par' dir='ltr' id='par_1_16' title="bbox 1190 3320 2196 3418">
     <span class='ocr_line' id='line_1_103' title="bbox 1233 3320 2196 3370; baseline 0.006 -18"><span class='ocrx_word' id='word_1_797' title='bbox 1233 3327 1243 3340; x_wconf 73' lang='lat'><em>²</em></span> <span class='ocrx_word' id='word_1_798' title='bbox 1262 3320 1375 3353; x_wconf 85' lang='lat' dir='ltr'>Morel.</span> <span class='ocrx_word' id='word_1_799' title='bbox 1395 3325 1485 3356; x_wconf 76' lang='grc' dir='ltr'>δεινά.</span> <span class='ocrx_word' id='word_1_800' title='bbox 1508 3326 1561 3365; x_wconf 79' lang='grc' dir='ltr'>οὐχ</span> <span class='ocrx_word' id='word_1_801' title='bbox 1578 3326 1805 3367; x_wconf 71' lang='grc' dir='ltr'>ὐποστησόμεθα</span> <span class='ocrx_word' id='word_1_802' title='bbox 1823 3327 1851 3357; x_wconf 76' lang='grc' dir='ltr'>δὲ</span> <span class='ocrx_word' id='word_1_803' title='bbox 1872 3330 1906 3357; x_wconf 53' lang='lat' dir='ltr'>›ft-³</span> <span class='ocrx_word' id='word_1_804' title='bbox 1924 3339 1954 3357; x_wconf 81' lang='grc' dir='ltr'>π.</span> <span class='ocrx_word' id='word_1_805' title='bbox 1980 3340 2008 3356; x_wconf 68' lang='grc' dir='ltr'>α</span> <span class='ocrx_word' id='word_1_806' title='bbox 2031 3329 2196 3370; x_wconf 42' lang='grc' dir='ltr'>οιΑ-,Ορω-</span> 
     </span>
     <span class='ocr_line' id='line_1_104' title="bbox 1190 3376 1451 3418; baseline 0 -12"><span class='ocrx_word' id='word_1_807' title='bbox 1190 3378 1257 3409; x_wconf 81' lang='grc' dir='ltr'>πίας</span> <span class='ocrx_word' id='word_1_808' title='bbox 1274 3376 1387 3412; x_wconf 80' lang='grc' dir='ltr'>ἑαυτοῖς</span> <span class='ocrx_word' id='word_1_809' title='bbox 1400 3380 1451 3418; x_wconf 58' lang='grc' dir='ltr'>ἀφ.</span> 
     </span>
    </p>
   </div>
   <div class='ocr_carea' id='block_1_13' title="bbox 1944 3438 1990 3470">
    <p class='ocr_par' dir='ltr' id='par_1_17' title="bbox 1944 3438 1990 3470">
     <span class='ocr_line' id='line_1_105' title="bbox 1944 3438 1990 3470; baseline 0.065 -3"><span class='ocrx_word' id='word_1_810' title='bbox 1944 3438 1990 3470; x_wconf 55' lang='grc'>’,3</span> 
     </span>
    </p>
   </div>
   <div class='ocr_carea' id='block_1_14' title="bbox 2202 2404 2438 2430">
    <p class='ocr_par' dir='ltr' id='par_1_18' title="bbox 2202 2404 2438 2430">
     <span class='ocr_line' id='line_1_106' title="bbox 2202 2404 2438 2430; baseline 0.013 -2"><span class='ocrx_word' id='word_1_811' title='bbox 2202 2412 2266 2429; x_wconf 76' lang='lat' dir='ltr'>runi</span> <span class='ocrx_word' id='word_1_812' title='bbox 2282 2404 2391 2430; x_wconf 80' lang='lat' dir='ltr'>haben·</span> <span class='ocrx_word' id='word_1_813' title='bbox 2432 2422 2438 2425; x_wconf 63' lang='lat'><em>&gt;</em></span> 
     </span>
    </p>
   </div>
  </div>
 </body>
</html>
