2522 3683
163 2266 251 2296 Psal.
264 2264 350 2306 9-16.

176 2897 258 2925 Μία.
270 2895 321 2926 80.
330 2894 361 2924 6

356 209 447 271 7813
1303 223 1475 254 speum.

348 315 517 357 tempore,
534 313 678 352 nuncet
693 318 842 356 semper,
863 313 896 343 ct
912 305 948 342 in
964 305 1092 343 saecula
1107 304 1330 343 saeculorum.

1404 321 1461 348 τος
1477 304 1646 350 πάντοτε,
1667 308 1725 343 νῦν
1749 305 1807 342 καὶ
1836 305 1911 353 ἀεὶ,
1942 304 2001 342 καὶ
2023 306 2070 347 εἷς
2100 304 2177 348 τοὺς
2204 306 2332 347 αἰῶνας
2360 306 2428 341 τῶν

349 361 475 396 Amen.

1409 357 1556 396 αἰώνων.
1578 357 1699 407 Ἀμήν.

1124 616 1665 700 MONITUM

795 801 859 848 IN
895 799 1216 848 HOMILIAM
1251 801 1334 847 DE
1368 799 1743 847 NEGATIONE
1776 800 1983 846 PETRI.

406 953 461 990 Ad
478 952 584 990 unius
602 953 673 990 Ms.
697 951 804 989 fidem
824 951 919 989 edita
938 950 1007 988 suit
1025 950 1102 987 haec
1120 948 1270 987 homilia
1290 964 1299 985 ε
1325 948 1477 998 indeque
1493 956 1544 985 est
1561 947 1657 998 quod
1677 961 1745 985 non
1765 962 1877 1000 pauca
1897 947 1967 985 sint
1983 948 2072 997 loca,
2087 947 2151 985 uhi
2167 947 2279 986 oratio
2298 948 2356 985 vel
2371 947 2439 986 de-

353 1017 428 1054 ficit
441 1046 451 1064 ,
467 1015 523 1054 vel
542 1015 655 1052 lacera
675 1023 725 1051 cst
742 1044 752 1064 ,
780 1014 836 1052 vel
853 1013 971 1051 verbis
991 1021 1125 1049 constat
1153 1011 1288 1060 dubiis,
1316 1019 1351 1048 et
1369 1019 1409 1047 ut
1429 1010 1569 1047 credere
1588 1019 1638 1047 est
1654 1039 1664 1058 ‚
1683 1010 1902 1047 labefactatis
1920 1025 1927 1046 ε
1949 1009 2041 1047 illud
2066 1019 2185 1048 tamen
2208 1010 2284 1048 sine
2303 1024 2436 1061 magno

353 1078 558 1132 reipublicae
576 1077 740 1114 literariae
775 1074 975 1127 dispendio.
999 1074 1066 1111 Est
1093 1073 1225 1125 quippe
1251 1073 1356 1123 longe
1376 1071 1569 1109 humiliore
1599 1072 1692 1123 stylo
1712 1071 1912 1124 descripta,
1935 1072 2076 1123 figuris,
2101 1072 2437 1110 exclamationibus-

353 1156 421 1192 quc
440 1140 484 1178 ad
508 1153 675 1178 nauseam
699 1153 810 1189 usque
826 1136 1039 1175 redundans.
1056 1136 1299 1182 Quamobrem
1321 1149 1340 1171 a
1359 1133 1490 1171 criticis
1512 1133 1678 1170 omnibus
1706 1133 1796 1171 inter
1817 1133 1937 1185 spuria
1955 1147 2060 1185 opera
2082 1143 2253 1171 censetur.
2273 1135 2367 1172 Hinc
2386 1143 2439 1172 ta-

353 1218 432 1241 men
453 1201 662 1254 cxcipienda
691 1201 835 1238 moralis
858 1199 1058 1237 exhortatio
1081 1199 1143 1236 illa
1162 1197 1418 1251 pulcherrima,
1436 1211 1507 1246 qua
1535 1196 1685 1234 homilia
1704 1195 1942 1244 concluditur,
1963 1210 2112 1247 quaeqne
2130 1211 2175 1234 ex
2193 1197 2440 1249 Chrysostomi

355 1266 516 1304 Homilia
545 1264 649 1302 tertia
666 1264 701 1301 in
722 1263 827 1311 illud,
845 1265 1044 1301 Habentes
1063 1262 1238 1300 eumdem
1252 1262 1450 1313 Spiritum,
1467 1260 1583 1298 Tomo
1599 1260 1637 1306 5,
1660 1274 1695 1312 p.
1716 1259 1808 1309 988,
1828 1267 1994 1311 excerpta
2009 1259 2078 1297 fuit
2094 1276 2101 1296 :
2123 1269 2155 1298 et
2173 1269 2304 1298 temere
2323 1268 2441 1297 assuta

354 1328 440 1366 huic
459 1328 630 1380 opusculo
649 1356 658 1372 ,
680 1326 737 1363 vcl
761 1327 878 1378 primo
904 1334 1092 1378 conspectu
1113 1324 1345 1376 comprobat,
1363 1332 1495 1374 quanta
1513 1323 1560 1362 sit
1578 1323 1668 1361 inter
1687 1322 1793 1360 illum
1814 1321 1932 1360 nescio
1955 1336 2062 1373 quem
2084 1322 2292 1361 Graeculum
2313 1330 2345 1359 et
2364 1330 2441 1359 tan-

355 1397 432 1426 tum
448 1388 628 1426 doctorem
649 1387 866 1425 differentia.

408 1447 657 1500 Interpretatio
680 1446 806 1484 Latina
827 1455 877 1484 est
892 1444 1085 1483 Frontonis
1103 1443 1241 1483 Ducaei.

360 1705 421 1740 De
448 1704 649 1753 negatione
669 1703 791 1747 Petri,
814 1701 915 1738 etde
930 1714 1056 1747 cruce,
1084 1708 1120 1738 et
1142 1714 1216 1752 quo
1230 1709 1346 1752 pacto
1361 1700 1409 1766 '¹35
1424 1702 1485 1744 Εἷς
1513 1700 1576 1747 τὴν
1609 1700 1752 1753 ἄρνησιν
1773 1700 1931 1752 Πέτρου,
1953 1698 2012 1736 καὶ
2038 1700 2084 1742 εἷς
2110 1697 2168 1736 τὸν
2194 1697 2357 1750 σταυρὸν,
2385 1696 2445 1734 καὶ

444 1763 872 1816 Joscplzsueritfigura
894 1763 1054 1808 Christi,
1076 1762 1267 1799 Homilia.

418 1890 451 1924 1.
482 1887 728 1925 Necessarium
746 1895 798 1923 est
822 1886 890 1923 hoc
906 1894 1084 1937 tempore,
1104 1892 1143 1922 ut
1159 1894 1192 1923 et
1219 1884 1350 1937 Joseph

362 1940 522 1977 debiturn
550 1939 792 1991 persolvamus
809 1968 818 1986 ,
848 1948 881 1975 et
902 1938 1018 1976 crucis
1037 1938 1187 1988 gloriam
1206 1937 1352 1975 demon—

363 2002 523 2030 stremus.
542 1992 656 2029 Hodie
671 2001 704 2029 et
718 1991 850 2043 Joscph
866 2000 1070 2039 coronatur,
1092 1999 1125 2028 et
1145 2004 1234 2027 crux
1252 1991 1353 2042 plan-

365 2055 481 2083 tatur:
508 2045 613 2082 hodic
631 2054 663 2082 et
688 2045 813 2081 Petrus
841 2052 966 2094 negat,
995 2052 1029 2080 ct
1060 2043 1149 2080 latro
1179 2044 1350 2081 laetatur:

364 2098 471 2135 hodie
491 2107 523 2135 et
550 2098 608 2134 lex
637 2097 852 2147 adimpletur
867 2126 878 2145 ,
901 2105 934 2133 et
950 2095 1208 2148 praenuntiatus
1227 2110 1247 2133 a
1265 2109 1351 2147 pro-

364 2152 480 2202 phetis
501 2150 664 2188 Christus
684 2148 916 2196 collaudatur,
931 2163 972 2186 ac
993 2163 1136 2200 piopiie
1152 2148 1289 2186 dictum
1307 2149 1352 2185 il-

365 2204 429 2241 lud
456 2203 650 2255 impletur,
673 2202 770 2252 quod
791 2201 834 2238 de
862 2201 1049 2238 Dominica
1078 2210 1190 2239 molte
1208 2201 1350 2251 inquit:

368 2260 416 2293 In
441 2258 579 2308 laqueo
607 2270 670 2292 suo
697 2256 990 2306 comprehensus
1017 2261 1073 2290 est
1092 2262 1274 2311 peccator.
1306 2253 1353 2290 Et

368 2309 531 2360 quisnam
552 2316 603 2345 est
625 2308 689 2344 istc
711 2316 893 2359 peccator.
885 2307 902 2333 ’)
930 2307 1030 2344 Pccm
1023 2306 1068 2343 1ti
1089 2306 1250 2345 inventor
1278 2305 1353 2343 dia-

366 2362 479 2399 bolus.
495 2361 525 2398 E
528 2370 541 2397 t
557 2361 720 2411 quisnam
740 2360 885 2410 laqueus
900 2359 972 2396 ab
964 2374 1039 2410 lpso
1055 2359 1224 2410 paratus?
1240 2359 1353 2406 Crux,

367 2424 400 2452 ct
419 2414 510 2452 nihil
529 2413 650 2450 aliud:
675 2427 749 2464 ipsc
765 2412 941 2462 siquidem
955 2413 1098 2451 Judaeos
1120 2411 1165 2448 ad
1181 2411 1303 2449 fabric¹
1306 2425 1355 2448 1n-

367 2467 451 2504 dun
480 2480 620 2504 crucem
648 2465 831 2515 incitavit,
855 2474 954 2502 ratus
983 2478 1019 2501 se
1044 2464 1136 2502 dolis
1167 2472 1356 2516 captiuum

369 2534 463 2568 eum,
484 2519 544 2569 qui
559 2518 651 2556 dolis
672 2518 756 2576 (api
771 2532 839 2555 non
859 2526 997 2569 potest,
1016 2526 1049 2554 ct
1070 2525 1183 2554 morte
1199 2530 1356 2553 cucum-

368 2550 559 2609 ventiurum
581 2586 674 2615 eum,
697 2585 758 2621 qui
787 2570 876 2608 inter
903 2580 1062 2608 mortuos
1077 2579 1128 2606 est
1150 2569 1265 2606 liber:
1287 2583 1355 2606 non

371 2625 570 2674 intelligens
597 2624 733 2661 alienus
760 2623 821 2660 ille
848 2637 987 2660 crucem
1009 2622 1194 2659 stimulum
1224 2635 1314 2673 pecc
1309 2631 1356 2659 1t1

372 2677 659 2726 ol›111nderc‚ac
678 2677 753 2713 fore
768 2706 778 2725 ,
806 2685 845 2712 ut
865 2689 904 2713 ca
935 2683 1040 2727 caput
1065 2675 1140 2725 cJ'us
1165 2674 1358 2711 insolenticc

374 2729 590 2778 confringat,
617 2743 655 2766 ο5
683 2729 759 2780 ejus
778 2728 1008 2780 blasphemiae
1035 2728 1199 2777 obturet,
1227 2740 1358 2778 pennas

374 2782 584 2819 incursionis
612 2783 687 2832 ejus
716 2781 868 2829 evellat,
893 2795 934 2818 ae
951 2780 1129 2818 desertum
1155 2788 1187 2816 et
1209 2792 1359 2837 egenum

374 2834 520 2871 deso-tis
541 2834 711 2871 ostendat.
740 2833 855 2870 Hodie
872 2847 1012 2884 quoque
1038 2832 1220 2884 proplietae
1242 2831 1358 2870 Davi—

376 2887 431 2924 dis
451 2887 618 2937 iniplctui
635 2901 673 2923 or
675 2887 828 2931 ¹1eulum,
846 2888 1119 2923 Testimonium
1139 2887 1180 2921 in
1192 2886 1358 2936 Joseph:

378 2940 445 2976 hoe
465 2938 761 2987 est‚l)o1ninu.5
753 2953 788 2975 111
816 2916 956 2997 «Ιυ5οΡΙἸ
966 2938 1079 2975 multo
1098 2946 1177 2974 ante
1192 2936 1361 2995 depinge-

377 2992 411 3029 1Ἰ«
415 3001 482 3028 itur
500 3005 540 3028 'lc
556 3006 605 3042 pr«
600 2992 731 3039 viligur
728 2991 874 3037 abatur,
894 3005 928 3027 ln
948 2990 990 3027 iis
1007 3004 1085 3040 quae
1108 2990 1144 3027 in
1159 3003 1361 3027 nowssmus

378 3044 504 3081 dicbus
532 3052 827 3080 ci·‹111tcv·e11t111a.
850 3043 965 3079 Multa
989 3056 1140 3092 namque
1160 3042 1291 3079 similia
1323 3042 1359 3080 in
1383 3054 1406 3083 (3

379 3096 509 3148 ‚Ioseph
539 3105 572 3133 et
599 3095 633 3132 in
655 3095 807 3131 Domino
836 3095 1081 3146 1¹cperiuntur3
1102 3094 1257 3153 exempli
1277 3108 1360 3131 cau-

381 3165 440 3187 5«’Ἰ;
460 3148 590 3200 ,loseph
616 3162 636 3185 a
662 3147 814 3198 propriis
835 3147 1100 3197 consanguineis
1119 3161 1192 3183 suis
1216 3155 1359 3198 appete·

379 3203 402 3240 ΙἸ
406 3211 485 3240 atur
505 3200 675 3239 insidiis..
687 3198 840 3250 .Joscph
869 3199 987 3236 tunica
1012 3212 1110 3238 Varla
1129 3207 1180 3236 est
1201 3207 1355 3236 exutus·
1344 3229 1355 3248 ,

427 3343 442 3356 '⁴
467 3340 604 3374 Videtur
618 3350 692 3372 cum
707 3337 831 3372 Savilio
846 3335 1019 3381 legendum
1037 3342 1071 3371 τὸ
1088 3341 1180 3374 κλέος.

430 3406 441 3419 ιι
467 3395 528 3426 llic
556 3392 696 3425 alierum
729 3388 916 3423 membrum
942 3388 1050 3430 deest,
1080 3400 1145 3432 quo
1183 3395 1395 3430 comparatur

1458 1764 1532 1806 πῶς
1551 1765 1568 1800 6
1588 1762 1719 1814 Ἰωσὴφ
1738 1761 1845 1804 τύπος
1862 1760 1996 1812 ἐγένετο
2012 1763 2070 1798 τοῦ
2089 1761 2258 1812 Χριστοῦ,
2275 1759 2406 1810 ὁμιλία.

1478 1883 1711 1935 Ἀναγκαῖον’
1698 1899 1729 1922 εν
1754 1900 1802 1936 τῳ
1821 1883 1967 1935 παρόντι
1988 1885 2100 1936 καιρῷ
2127 1899 2186 1920 και
2205 1881 2244 1920 τὸ
2261 1882 2363 1934 χρέος
2387 1885 2447 1920 τοῦ

1425 1936 1557 1989 Ἰωσὴφ
1579 1940 1766 1984 ἀποτῖσαι,
1785 1937 1900 1974 καὶτὸ
1921 1936 2082 1982 *κλητος
2111 1940 2171 1974 τοῦ
2200 1939 2348 1987 σταυροῦ
2379 1951 2449 1986 μη-

1424 2005 1536 2028 νυσαι.
1554 1989 1715 2054 Σημερον
1729 1989 1789 2027 καὶ
1808 1987 1940 2040 Ἰωσὴφ
1956 1993 2202 2041 στεφανοῦται,
2218 2004 2277 2025 και
2302 1988 2447 2039 σταυρὸς

1424 2049 1687 2094 φυτουργεῖται·
1705 2042 1858 2109 σήμερον
1884 2042 1943 2080 καὶ
1973 2042 2108 2093 Πέτρος
2135 2043 2311 2106 ἀρνεῖται,
2339 2041 2398 2079 καὶ
2428 2044 2446 2079 6

1423 2095 1567 2146 λῃστὴς
1571 2098 1772 2147 εὐωχεῖται·
1793 2095 1953 2159 σήμερον
1969 2094 2029 2132 καὶ
2056 2097 2073 2132 6
2105 2093 2210 2146 νόμος
2232 2095 2446 2159 πληρουται,

1424 2148 1484 2185 καὶ
1513 2152 1530 2186 6
1548 2148 1816 2211 προφητευθεις
1829 2147 1979 2199 Χριστὸς
2015 2146 2268 2213 δοξολογεῖται·
2295 2161 2446 2196 σημερον

1424 2200 1551 2253 κυρίως
1569 2203 1766 2267 πληρουται
1785 2199 1824 2237 τὸ
1852 2200 1983 2251 φάσκον
2015 2200 2119 2251 ρητὸν
2144 2198 2225 2251 περὶ
2243 2215 2303 2236 του
2325 2214 2446 2250 κυρια-

1425 2268 1485 2290 κου
1504 2253 1650 2291 Θανάτου
1662 2283 1671 2299 ,
1689 2253 1728 2290 ’¹1
1719 2269 1748 2291 ν
1767 2269 1809 2303 τῃ
1830 2253 1952 2304 παγίδι
1969 2254 2072 2290 αὐτου
2086 2252 2284 2318 συνελήφθη
2302 2253 2350 2290 6‘
2334 2266 2447 2303 αμαρ·

1425 2306 1544 2348 τωλός.
1567 2306 1638 2343 Καὶ
1656 2305 1706 2348 τίς
1722 2309 1739 2343 6
1758 2305 1981 2356 ἁμαρτωλός,
2001 2303 2045 2341 O
2064 2320 2126 2350 της
2152 2304 2324 2356 ἁμαρτίας
2345 2306 2445 2355 εὓρε-
2480 2351 2485 2356 ¹

1426 2358 1488 2405 τὴς
1509 2357 1679 2401 οιάῧολος.
1705 2357 1773 2395 Koa
1793 2357 1844 2400 τίς
1863 2360 1885 2403 ἡ
1914 2360 1970 2394 ὑπ’
1998 2359 2102 2394 αὐτου
2125 2360 2448 2395 κατασκευασθεῖσα

1427 2410 1549 2461 παγίς,
1571 2409 1614 2448 Ὁ
1634 2410 1797 2461 σταυρὸς,
1817 2410 1877 2447 καὶ
1892 2409 1986 2447 ουοὲν
2008 2409 2144 2462 ἕτερον·
2161 2409 2261 2452 αὐτὸς
2280 2408 2348 2460 γὰρ
2368 2409 2448 2460 ἠρέ-

1429 2467 1502 2500 θισε
1539 2464 1666 2506 παῖδας
1706 2462 1882 2500 Ιουδαίων
1916 2464 2136 2500 πελεκεῖσθαι
2180 2462 2238 2500 τὸν
2274 2461 2446 2513 σταυρὸν,

1429 2515 1483 2552 8όῖ
1470 2532 1526 2560 ας
1538 2515 1734 2567 σοφίζεσθαι
1754 2515 1811 2553 τὸν
1828 2515 2027 2581 ἀσόφιστον,
2049 2531 2108 2552 και
2127 2518 2176 2566 τῷ
2197 2514 2334 2552 θανάτω
2355 2530 2450 2579 περι-

1429 2567 1496 2605 ὅάλ
1498 2570 1569 2606 λειν
1585 2569 1642 2606 τὸν
1661 2570 1694 2606 ἐν
1710 2573 1852 2633 νεκροῖς
1862 2567 2058 2634 ἐλεύθερον·
2081 2567 2128 2618 μὴ
2147 2566 2324 2605 συνιδων“
2312 2580 2330 2604 ο
2346 2565 2448 2604 ἀλλό-

1427 2637 1520 2672 τριος
1533 2649 1541 2665 ,
1559 2620 1612 2659 ὅτι
1624 2625 1641 2659 6
1661 2621 1806 2689 σταυρὸς
1820 2621 1860 2659 τὸ
1879 2619 2018 2671 κέντρον
2038 2636 2100 2665 της
2117 2619 2290 2670 ἁμαρτίας
2308 2619 2450 2669 ἀμῧλυ-

1429 2679 1496 2721 νεῖ,
1510 2689 1570 2711 και
1588 2689 1651 2719 την
1668 2673 1821 2725 κεφαλὴν
1840 2689 1902 2718 της
1920 2672 2116 2716 ἀλαζονείας
2131 2675 2233 2710 αὐτοῦ
2251 2670 2448 2718 συνθλάσει,

1430 2726 1490 2764 καὶ
1509 2726 1548 2764 τὸ
1567 2725 1680 2777 στόμα
1699 2729 1759 2771 τῆς
1791 2724 2013 2777 βλασφημίας
2041 2727 2144 2762 αὐτοῦ
2172 2723 2361 2775 ἐμφράξει,
2376 2739 2450 2789 ”nou

1430 2778 1493 2821 τὰς
1511 2778 1684 2830 πτέρυγας
1700 2781 1760 2824 τῆς
1781 2778 1981 2820 ἀντιθέσεως
2001 2791 2105 2814 αυτου
2126 2778 2280 2823 ἐκτιλεῖ,
2297 2792 2357 2814 και
2372 2774 2450 2828 ἔρη-

1433 2847 1495 2881 μον
1517 2832 1576 2868 καὶ
1605 2831 1734 2882 ἄπορον
1765 2830 1906 2897 ἐρήμοις
1942 2828 2172 2867 ἀποδεικνύει.
2200 2829 2373 2894 Σήμερον
2391 2827 2451 2866 καὶ

1431 2899 1491 2921 του
1510 2883 1688 2935 προφήτου
1706 2882 1815 2921 Δαυμ
1798 2897 1815 2919 ο
1831 2884 2025 2947 πληρουται
2041 2882 2080 2919 τὸ
2104 2881 2232 2933 λόγιον,
2248 2879 2451 2933 Μαρτύριον

1431 2937 1465 2973 ἐν
1484 2952 1534 2973 τω
1549 2936 1698 2987 ἸιἸσηφ·
1712 2951 1902 2982 τουτεστιν,
1918 2938 1935 2972 6
1950 2933 2109 2987 Κύριος
2095 2950 2128 2971 εν
2148 2951 2198 2972 τι)
2216 2933 2348 2985 Ἰωσὴφ
2362 2948 2451 2985 προ-

1432 2991 1727 3040 ἅνεζωγραφεῖτο,
1748 2987 1770 3024 ἃ
1795 2987 1967 3037 ἔμελλεν’
1953 2989 2007 3025 επ’
2033 2986 2192 3038 εσχάτων
2217 3003 2285 3024 των
2306 2988 2451 3052 ἡμερων

1432 3041 1646 3093 ἐφιστασθαι.
1665 3040 1786 3079 Πολλὰ
1803 3039 1894 3093 γὰρ
1886 3041 1921 3076 ἐν
1936 3056 1985 3077 τι)
1999 3039 2129 3091 Ἰωσὴφ
2146 3037 2377 3090 παραπλήσια
2391 3041 2450 3075 τοῦ

1433 3094 1610 3132 Δεσπότου
1628 3092 1841 3157 εὑρίσκεται·
1857 3091 1926 3129 οἷόν
1946 3108 1978 3129 τι
1997 3092 2105 3144 λέγω·
2125 3095 2142 3129 6
2156 3091 2285 3142 Ἰωσὴφ
2304 3090 2453 3129 ἐπεὸου-

1433 3145 1584 3184 λεύετο(
1572 3146 1639 3184 υπὸ
1667 3162 1735 3183 των
1761 3145 1856 3182 ἰδίων
1877 3147 2089 3195 συγγενῶν.
2095 3147 2166 3183 ‚³6
2185 3143 2315 3194 Ἰωσὴφ
2342 3141 2451 3180 ἀπέδυ

1433 3199 1491 3237 τὸν
1509 3198 1667 3237 ποικίλον
1695 3200 1849 3250 χιτῶνα·
1875 3199 1893 3234 6
1914 3197 2039 3250 Κύριος
2069 3197 2105 3234 ὃν
2134 3200 2206 3248 εἶχε
2235 3195 2293 3234 τὸν
2324 3194 2452 3232 ἄνωθεν

1449 3336 1593 3380 Josepho
1615 3336 1767 3370 Christus
1791 3347 1809 3368 a
1833 3333 2071 3379 congeneribus
2092 3334 2158 3366 suis
2178 3331 2304 3365 insidiis
2320 3333 2452 3375 impeti-

1452 3396 1514 3421 tus.
