2481 3678
759 201 802 229 iu
841 200 1049 229 sonsum
1089 199 1247 228 nonu..
1289 199 1360 227 Lx.
1400 182 1461 226 al.

80 320 83 323 ,
108 282 241 336 ’μυρίων
273 281 428 326 ἀντάξιος
458 282 602 333 ἀνδρῶν.
636 280 710 319 Κᾶν
746 284 897 332 συνεχῶς
918 280 1022 332 ἀπίῃς
1045 279 1130 332 πρὸς

107 345 183 388 τοὺς
214 345 431 395 δεδεμένους,
466 345 525 381 οὐκ
548 342 715 394 &noveni-51
740 346 802 388 τῆς
824 342 983 388 τοιαύτης
1012 342 1129 393 θήρας.

1504 196 1591 225 mx.
2099 184 2122 234 lq
2140 200 2149 225 1
2165 183 2189 223 ἶ

1205 278 1259 316 djt
1281 294 1287 313 ε
1313 277 1363 314 sic
1405 285 1438 314 et
1474 290 1537 313 nos
1560 276 1595 312 in
1620 275 1717 313 viros
1748 288 1893 325 magnos
1918 276 2130 323 incidemus,
2164 278 2193 314 si

1205 339 1242 376 id
1270 339 1540 388 frequentemus.
1571 336 1609 374 Si
1649 350 1731 374 vero
1760 336 1865 373 liceat
1893 336 1980 386 quid
2011 336 2192 374 admiran-

105 403 248 458 ξ’.(..ῐσπερ
264 403 330 457 γὰρ
350 406 367 441 ὃ
388 402 546 456 Ἀὸραὰμ
566 402 625 440 καὶ
644 401 721 446 τοὺς
743 401 910 454 τυχόντας
931 400 1130 452 ξενοδοχῶν,
1154 410 1176 439 Β
1203 399 1290 437 dum
1314 397 1450 448 dicere,
1473 411 1541 435 non
1565 406 1659 435 tanta
1680 396 1784 434 laude
1809 396 1939 446 dignus
1955 405 2019 441 est,
2037 397 2095 446 qui
2120 411 2194 434 ma-

108 464 254 516 ἐπέτυχε
280 480 364 502 ποτε
379 463 438 501 καὶ
458 463 626 515 ἀγγέλων,
647 461 735 500 οὕτω
762 462 820 500 καὶ
842 465 942 512 ἡμεῖς
965 459 1134 504 ἐπιτευξό-

109 530 196 575 μεθα
216 525 275 563 καὶ
291 525 450 576 μεγάλων
472 524 617 577 ἀνδρῶν,
640 523 680 561 ἂν
697 522 794 574 ἔργον
811 522 850 560 τὸ
868 528 1016 574 πρᾶγμα
1033 537 1135 566 ποιη-

107 586 262 638 σώμεθα.
287 588 327 624 Ei
348 585 382 624 δὲ
405 584 474 638 χρὴ
494 585 553 623 καὶ
576 584 775 635 θαυμαστόν
795 599 828 620 τι
845 584 965 628 εἰπεῖν,
988 584 1054 632 οὐχ
1076 580 1136 619 08-

107 664 175 691 τως
195 647 343 686 ἐπαίνων
373 646 465 690 ἄξιος
494 650 512 684 ὁ
541 646 650 698 μέγαν
679 643 949 695 ὑποδεχόμενος,
969 645 1015 686 ὡς
1037 647 1054 682 ὃ
1077 643 1134 680 τὸν

107 709 243 761 οἰκτρὸν
262 708 322 746 καὶ
348 707 582 761 ταλαίπωρον.
602 707 754 747 Ἐκεῖνος
775 704 835 754 μὲν
856 704 923 756 γὰρ
943 707 980 743 οὐ
1008 704 1137 757 μικρὰν

110 769 270 821 ἀφορμὴν
293 769 366 821 ἔχει
384 769 441 806 τὸν
462 771 585 806 ἑαυτοῦ
615 767 687 818 βίον
710 765 795 817 πρὸς
812 766 851 804 τὸ
876 769 997 804 παθεῖν
1030 761 1066 803 εὖ
1083 782 1090 789 ·
1121 771 1139 804 ὁ

111 829 146 868 δὲ
169 830 426 884 ἀπερριμμένος
444 830 503 867 καὶ
532 828 599 866 ὑπὸ
618 827 757 865 πάντων
781 827 1050 879 προδεδομένος,
1079 827 1139 865 ἕνα

109 890 235 941 λιμένα
253 891 354 942 μόνον
372 890 461 942 ἔχει,
484 889 541 927 τὸν
562 889 654 927 ἔλεον
675 893 735 927 τοῦ
764 893 942 932 ποιοῦντος
963 889 1064 927 αῧτδν
1082 883 1137 927 εἶ·

108 951 198 989 ὥστε
231 949 472 1005 φιλανθρωπία
495 949 631 1002 καθαρὰ
652 952 753 987 τοῦτο
781 949 937 1000 μάλιστα
960 952 1045 988 ἐστι.
1068 949 1140 988 Καὶ

108 1016 128 1050 ὃ
152 1011 212 1063 μὲν
233 1012 290 1050 τὸν
318 1011 515 1062 θαυμαστὸν
538 1010 597 1049 καὶ
625 1013 797 1063 περιφανῆ
825 1010 1034 1063 Θεραπεύων,
1055 1012 1139 1049 πολ-

108 1073 208 1116 λάκις
223 1072 282 1110 καὶ
299 1072 385 1125 πρὸς
404 1070 595 1125 ἀνθρώπων
619 1070 782 1114 ἐπίδειξιν
797 1074 899 1110 τοῦτο
918 1071 1079 1118 ἐποίησεν
1093 1087 1100 1094 ·
1122 1074 1140 1109 ὃ

108 1133 145 1173 δὲ
172 1134 229 1172 τὸν
261 1132 519 1185 ἀπερριμμένον
547 1132 607 1170 καὶ
630 1131 909 1183 ἀπεγνωσμένον,
940 1132 998 1170 διὰ
1032 1132 1138 1182 μόνην

109 1195 170 1242 τὴν
189 1194 327 1241 ἐντολὴν
344 1198 403 1233 τοῦ
422 1196 514 1233 Θεοῦ
531 1198 631 1232 τοῦτο
651 1194 845 1246 ἐργάζεται.
868 1193 931 1231 Διὸ
951 1193 1013 1232 κᾶν
1031 1193 1139 1245 δοχὴν

109 1260 278 1307 ποιῶμεν,
298 1253 432 1307 χωλοὺς
451 1254 511 1292 καὶ
532 1254 728 1307 ἀναπήρους
755 1254 985 1306 ὑποδέχεσθαι
1004 1254 1141 1292 κελευό-

112 1322 201 1369 μεθα
214 1334 221 1341 ·
245 1318 308 1355 κᾶν
329 1318 565 1367 ἐλεημοσύνην
588 1316 814 1367 ἐργαζώμεθα
829 1346 839 1363 ,
859 1316 1061 1368 ἐλαχίστους
1081 1316 1141 1354 καὶ

111 1382 256 1422 εὐτελεῖς
279 1380 382 1416 ἐλεεῖν
404 1378 635 1428 ἓπετοίγημεν.
656 1377 734 1429 Ἐφ’
752 1377 829 1416 ὅσον
843 1377 910 1429 γὰρ
933 1378 1140 1425 ἐποιήσατε,

110 1441 227 1493 φησὶν,
258 1440 308 1478 ἑνὶ
341 1439 471 1477 τούτων
494 1441 562 1476 τῶν
594 1439 803 1490 ἐλαχίστων,
835 1438 912 1489 ἐμοὶ
942 1439 1141 1485 ἐποιήσατε.

109 1501 252 1544 Εἷδότες
278 1501 390 1539 τοίνυν
414 1501 470 1538 τὸν
490 1502 560 1538 ἐκεῖ
593 1499 752 1550 κείμενον
773 1499 957 1552 θησαυρὸν,
980 1499 1140 1550 εἰσίωμεν

107 1566 262 1615 συνεχῶς
279 1563 338 1600 καὶ
362 1561 693 1615 πραγματευώμεθα
708 1591 717 1609 ,
738 1561 798 1599 καὶ
819 1560 881 1604 τὰς
900 1561 980 1614 περὶ
999 1561 1043 1600 τὰ
1064 1560 1142 1600 θέα-

110 1641 176 1678 τρα
215 1623 366 1667 σπουδὰς
389 1625 482 1661 ἃέκεῖ
509 1622 704 1674 τρέψωμεν.
729 1622 803 1660 Κᾶν
829 1621 935 1673 μηδὲν
958 1622 1041 1675 ἔχῃς
1073 1624 1143 1661 εἷσ-

111 1691 274 1738 ενεγκεῖν,
306 1685 470 1736 εἰσάγαγε
498 1683 561 1730 τὴν
581 1684 650 1722 ἀπὸ
675 1686 742 1721 τῶν
769 1682 879 1735 λόγων
905 1684 1141 1736 παράκλησιν.

109 1750 164 1786 Οὐ
184 1747 251 1799 γὰρ
268 1747 308 1795 δὴ
331 1746 432 1798 μόνον
445 1746 502 1784 τὸν
519 1745 685 1798 τρέφοντα
698 1777 708 1793 ,
724 1745 814 1784 ἀλλὰ
833 1746 893 1784 καὶ
913 1746 970 1784 τὸν
992 1746 1142 1785 εἰσιόντα

106 1812 127 1847 ὁ
142 1809 230 1851 Θεὸς
253 1808 447 1859 ἀμείῧεται.
469 1806 584 1846 αΟταν
602 1806 670 1858 γὰρ
690 1806 850 1845 εἰσελθὼν
866 1807 1060 1860 τρέμουσαν
1080 1807 1141 1846 καὶ
1163 1817 1188 1846 D

110 1871 302 1908 δεδοικυῖαν
322 1869 384 1915 τὴν
407 1869 520 1922 ψυχὴν
542 1868 796 1920 διαναστήσῃς,
815 1871 1045 1922 παρακαλῶν,
1064 1872 1144 1921 βοη-

110 1934 192 1978 θῶν,
211 1930 484 1982 ὑπισχνούμενος
509 1930 666 1980 ἀμύνειν,
693 1932 890 1983 φιλοσοφεῖν
913 1932 1143 1982 παρασκευά-

111 1995 191 2039 ζων,
210 1994 246 2030 οὖ
270 1992 391 2044 μικρὸν
420 1992 479 2030 καὶ
499 1994 649 2030 ἐντεῦθεν
679 1991 774 2043 λήψῃ
804 1992 862 2029 τὸν
895 1992 1029 2042 μισθόν.
1046 1992 1142 2038 Ἔξω

112 2053 174 2103 μὲν
195 2053 263 2105 γάρ
284 2068 344 2091 σου
361 2057 506 2091 τοιαῦτα
529 2053 793 2105 διαλεγομένου,
812 2054 934 2092 πολλοὶ
954 2054 1013 2092 καὶ
1039 2056 1142 2107 γελοί-

112 2130 232 2152 σονται
259 2115 325 2152 ὑπὸ
344 2117 405 2160 τῆς
435 2116 565 2161 πολλῆς
594 2117 725 2165 τρυφῆς
747 2114 991 2167 διακεχυμένοι
1007 2131 1014 2138 ·
1055 2118 1086 2153 οἱ
1106 2115 1141 2153 δὲ

112 2177 147 2212 ἐν
166 2182 358 2227 συμφοραῖς
375 2175 468 2219 ὄντες
480 2206 489 2222 ,
513 2175 818 2225 ι’κατεσταλμένης
843 2177 958 2220 αὐτοῖς
976 2179 1037 2223 τ’ῆς
1061 2177 1141 2214 δια-

112 2236 225 2284 νοίας,
244 2237 333 2287 μετὰ
348 2239 479 2282 πολλῆς
497 2239 559 2282 τῆς
578 2236 764 2280 ἐπιεικείας
779 2237 838 2275 καὶ
854 2237 1058 2290 προσέξουσι
1072 2244 1143 2281 τοῖς

111 2298 328 2350 λεγομένοις,
351 2298 410 2337 καὶ
439 2297 692 2346 ἐπαινέσονται,
725 2298 785 2336 καὶ
803 2298 939 2336 ἔσονται
974 2299 1140 2350 βελτίους,

111 2358 215 2396 Ἐπεὶ
233 2359 292 2396 καὶ
308 2358 451 2397 Παύλου
474 2360 770 2412 δημηγοροῦντος,
790 2359 950 2397 Ἰουδαῖοι
974 2358 1036 2410 μὲν
1056 2361 1140 2398 πολ-

111 2419 209 2463 λάκις
229 2419 443 2471 κατεγέλων·
462 2423 492 2458 οἳ
528 2419 562 2458 δὲ
591 2421 768 2469 δεσμῶται
796 2419 884 2470 μετὰ
906 2422 1035 2467 πολλῆς
1057 2422 1140 2466 ἐπη-

111 2484 263 2531 κροῶντο
280 2484 342 2526 τ’ἧς
357 2481 516 2532 ἡσυχίας.
533 2479 644 2518 Οὐδὲν
658 2480 725 2533 γὰρ
742 2479 850 2523 οὕτως
871 2483 916 2523 εἷς
936 2481 1138 2533 ’ριλοσοφίαν

1204 473 1314 511 gnum
1329 460 1532 512 quempiam
1548 458 1694 511 excipit,
1712 473 1821 509 quam
1840 458 1869 496 is
1891 458 1951 508 qui
1972 458 2140 496 miserum
2163 469 2196 497 et

1205 520 1391 559 infelicem.
1420 520 1485 558 Ille
1501 534 1654 570 namque
1674 533 1745 557 non
1767 534 1919 572 parvum
1947 529 2196 571 argumentum

1205 581 1309 619 affert
1329 581 1383 619 sui
1407 580 1615 633 recipiendi,
1645 594 1771 632 nempe
1794 580 1905 619 vitam
1938 594 2056 628 suam,
2089 581 2196 619 homo

1208 652 1325 680 autem
1345 642 1512 680 omnihus
1522 642 1685 694 abjectus
1703 650 1735 679 et
1745 642 1853 678 miser
1866 655 1977 679 unum
1990 641 2097 679 habet
2108 656 2196 694 por—

1208 713 1299 754 tum,
1318 718 1443 756 nempe
1462 702 1742 741 misericordiam
1764 703 1840 755 ejus
1865 702 1925 753 qui
1943 716 1978 740 se
1998 703 2087 740 hene
2103 704 2198 741 exci—

1208 765 1261 817 pit
1282 780 1290 801 τ
1311 765 1428 816 itaque
1447 765 1521 802 haee
1539 764 1743 802 humanitas
1757 778 1847 816 pura
1867 773 1928 801 est.
1947 764 2019 811 Qui
2039 765 2133 802 claro
2166 774 2198 802 ct

1209 827 1400 880 conspicuo
1416 827 1534 865 officia
1554 826 1711 874 exhibet,
1732 840 1822 878 saepe
1853 825 1898 863 ad
1930 826 2198 864 ostentationem

1209 888 1246 926 id
1267 889 1352 927 facit
1376 905 1382 925 :
1402 889 1463 940 qui
1485 903 1569 928 vero
1588 887 1768 940 abjectum
1803 887 1940 939 excipit
1976 886 2199 939 despectum—

1208 964 1277 1000 que
1297 950 1489 999 hominem,
1515 950 1560 988 ob
1581 950 1698 987 solum
1712 949 1780 987 Dei
1807 958 2025 1001 praeceptum
2044 948 2081 986 id
2101 949 2197 987 facit.

1208 1012 1328 1058 Quare
1356 1011 1387 1049 si
1407 1010 1614 1050 convivium
1634 1024 1818 1063 paremus,
1853 1009 2000 1047 claudos
2025 1019 2059 1047 et
2087 1024 2198 1048 caecos

1208 1072 1373 1124 excipere
1381 1073 1570 1124 jubemur;
1588 1071 1617 1109 si
1639 1071 1899 1123 eleemosynam
1915 1084 2114 1122 erogemus,
2130 1071 2201 1108 mi-

1209 1135 1317 1172 nimis
1337 1143 1370 1172 et
1393 1133 1580 1172 vilissimis
1599 1133 1742 1184 elargiri
1762 1132 1991 1185 praecipimur
2011 1148 2018 1168 ε
2041 1146 2122 1169 nam
2141 1132 2202 1181 ait,

1215 1197 1415 1246 Quantum
1437 1198 1506 1232 uni
1520 1209 1567 1232 ex
1588 1196 1647 1232 leis
1664 1195 2011 1245 minimisfeciscis,
2035 1196 2204 1246 milzise-
2220 1208 2331 1235 March.
2352 1206 2387 1234 2⁴5
2399 1225 2403 1232 .

1210 1260 1328 1295 cistis.
1354 1258 1447 1295 Cum
1469 1271 1553 1308 ergo
1569 1256 1645 1294 illic
1659 1255 1885 1293 reconditum
1898 1255 2103 1293 thesaurum
2121 1256 2204 1294 scia·
2217 1247 2268 1287 45·

1210 1333 1303 1369 mus,
1315 1333 1355 1357 eo
1368 1321 1566 1370 frequenter
1581 1317 1838 1370 ingrediamur,
1855 1328 1888 1356 et
1905 1318 1955 1356 ibi
1970 1319 2203 1370 negotiemur,

1211 1395 1252 1418 ac
1279 1381 1500 1418 theatrorum
1543 1379 1703 1417 studium
1739 1379 1803 1417 illo
1837 1380 2075 1418 vertamus&
2115 1380 2205 1418 nihil

1211 1442 1311 1480 aliud
1324 1441 1544 1479 afferendum
1559 1441 1704 1489 habeas,
1718 1441 1911 1479 verborum
1931 1442 2207 1480 consolationem

1211 1502 1355 1540 adhibe.
1379 1504 1458 1540 Non
1475 1502 1582 1540 modo
1599 1502 1693 1539 enim
1709 1501 1873 1551 alentem,
1892 1502 1952 1539 sed
1964 1512 1997 1540 et
2016 1502 2208 1543 intrantem

1213 1565 1310 1601 Deus
1330 1562 1490 1601 mercede
1510 1562 1630 1600 donat.
1646 1563 1738 1599 Nam
1751 1562 1780 1600 si
1792 1562 1982 1614 ingressus,
2002 1573 2208 1602 trementem

1212 1634 1498 1676 metuentemque
1517 1624 1679 1662 animum
1709 1623 1992 1672 confirmaveris,
2014 1624 2207 1673 hortando,

1208 1684 1385 1736 juvando,
1406 1699 1508 1737 opem
1522 1682 1776 1737 promittendo,
1791 1682 2060 1735 philosophiam
2082 1683 2209 1722 docem<

1212 1745 1271 1796 do,
1294 1761 1365 1785 non
1378 1761 1528 1799 parvam
1556 1746 1640 1783 hine
1670 1745 1868 1783 mercedem
1901 1745 2060 1797 recipies.
2096 1745 2210 1784 Extra

1212 1809 1319 1861 positi
1336 1809 1455 1857 multi,
1472 1817 1506 1846 te
1526 1808 1576 1846 ita
1597 1808 1776 1859 loquente,
1796 1807 1974 1857 ridebunt,
1995 1807 2118 1846 multis
2129 1823 2209 1860 per-

1211 1871 1283 1910 fusi
1299 1871 1440 1910 deliciis
1447 1887 1458 1921 ;
1479 1871 1541 1909 sed
1559 1870 1622 1922 qui
1638 1870 1672 1907 in
1698 1869 1899 1907 calamitate
1916 1878 2114 1915 versantur,
2134 1870 2209 1907 ani-

1212 1946 1271 1970 mo
1294 1941 1508 1985 compuncto
1525 1946 1607 1969 cum
1625 1931 1800 1968 modestia
1828 1930 1942 1968 multa
1964 1930 2071 1968 dietis
2097 1940 2208 1968 atten-

1212 1992 1308 2042 dent,
1330 2002 1363 2030 te
1386 1992 1598 2042 laudabunt,
1627 2001 1660 2029 et
1680 1992 1842 2029 meliores
1870 1990 2029 2029 evadent.
2064 1992 2155 2029 Nam
2175 2002 2207 2029 ct

1212 2055 1366 2094 Paulum
1386 2054 1642 2108 praedicantem
1663 2056 1683 2093 J
1689 2053 1779 2091 udaei
1800 2067 1890 2105 saepe
1903 2052 2114 2101 deriserunt,
2128 2053 2207 2090 vin-

1212 2116 1261 2154 cti
1279 2125 1400 2154 autem
1420 2131 1503 2154 cum
1521 2129 1662 2154 summo
1693 2114 1833 2152 silentio
1865 2113 2070 2152 audiebant.
2103 2114 2204 2152 Nihil
2271 2131 2351 2160 ΝΜ
2369 2135 2406 2163 5„

1212 2177 1307 2215 enim
1329 2177 1378 2215 ita
1400 2177 1559 2215 animum
1592 2176 1636 2213 ad
1665 2174 1931 2227 philosophiam
1959 2183 2144 2226 praeparat,
2164 2185 2203 2212 ut
2218 2173 2408 2218 asi-phitom.-

1213 2239 1411 2288 calamitas,
1429 2237 1588 2286 tentatio,
1605 2250 1782 2274 aerumnae.
1806 2236 1890 2273 Haec
1911 2235 2030 2286 itaque
2044 2235 2201 2286 cogitan-
2217 2220 2405 2290 ξῖἓῖζῗᾞᾙζ

1211 2311 1275 2350 tes,
1289 2310 1374 2352 quot
1388 2313 1515 2351 nempe
1532 2299 1567 2336 in
1585 2312 1722 2336 carcere
1742 2297 1865 2349 positis
1884 2297 1988 2345 bona,
2016 2305 2101 2346 quot
2132 2311 2198 2334 no-
2216 2296 2339 2324 ¹³¹¹¹³⁸³⁵²

1211 2363 1267 2400 bis
1283 2361 1370 2414 ipsis
1385 2361 1618 2409 conferemus,
1643 2359 1670 2396 si
1699 2372 1790 2410 saepe
1808 2372 1887 2395 cum
1906 2355 1977 2394 illis
2006 2371 2199 2405 versemur,

1211 2423 1364 2460 forenses
1398 2422 1479 2459 illas
1502 2430 1534 2459 et
1563 2419 1828 2471 intempestivas
1863 2418 2133 2456 eonsuetudines
2160 2432 2200 2455 eo

1210 2493 1410 2531 vertamus,
1425 2490 1461 2518 ut
1480 2490 1514 2518 et
1528 2481 1608 2517 illos
1624 2481 1816 2526 lucremur,
1836 2488 1869 2516 et
1883 2478 1984 2516 nobis
2003 2478 2090 2530 ipsis
2113 2478 2200 2516 laeti-

112 2541 310 2588 ἐπιτηδείαν
332 2542 584 2585 κατασκευάζει
600 2541 661 2588 τὴν
677 2541 792 2593 ψυχὴν
810 2544 856 2585 ὥς
876 2542 1039 2593 συμφορὰ
1055 2572 1064 2589 ,
1080 2542 1139 2580 καὶ
1162 2550 1185 2580 E
1209 2543 1296 2580 tiam
1315 2542 1510 2595 pariamus,
1534 2555 1575 2578 ac
1598 2540 1664 2578 Dei
1697 2539 1848 2591 gloriam
1878 2547 2052 2588 curantes,
2072 2548 2200 2576 aeterna

113 2603 325 2655 πειρασμὸς,
351 2603 409 2641 καὶ
438 2603 550 2655 θλίψις
579 2602 792 2652 ἐπικειμένη.
815 2604 925 2641 Ταῦτ’
947 2606 1003 2641 οὐν
1025 2604 1140 2650 ἐννοή-

112 2680 234 2707 σαντες
261 2664 420 2711 ἅπαντα,
447 2663 512 2702 ὅσα
535 2663 596 2714 μὲν
626 2663 702 2706 τοὺς
724 2663 816 2701 ἔνδον
846 2663 983 2715 ἀγαθὰ,
1011 2663 1076 2702 ὅσα
1105 2664 1140 2701 δὲ

112 2729 207 2776 ἡμᾶς
223 2725 344 2769 αὐτοὺς
364 2726 600 2777 ἐργασόμεθα,
618 2726 769 2776 συνεχῶς
789 2725 904 2767 αὐτοῖς
922 2728 936 2744 ⁰
949 2724 1141 2776 ἀναμιγνύ-

1211 2616 1465 2653 consequamur
1480 2602 1584 2650 hona,
1605 2600 1718 2651 gratia
1745 2609 1778 2637 et
1806 2598 2025 2650 benignitate
2053 2599 2199 2636 Domini

1211 2663 1321 2701 nostri
1355 2664 1439 2701 Jesu
1473 2661 1621 2709 Christi,
1652 2675 1715 2714 per
1735 2674 1841 2712 quem
1863 2669 1897 2698 et
1917 2674 1997 2697 cum
2013 2673 2082 2710 quo
2103 2660 2199 2696 Patri

1212 2724 1324 2775 gloria
1338 2723 1516 2775 simulque
1535 2721 1686 2775 Spiritui
1708 2730 1840 2771 saneto,
1859 2721 1896 2758 in
1913 2720 2041 2758 saecula
2058 2719 2199 2758 saeculo-

113 2803 234 2836 μενοι,
254 2787 314 2824 καὶ
329 2786 391 2830 τὰς
410 2789 442 2825 ἐν
465 2790 574 2840 ἀγορᾷ
594 2785 794 2837 διατριὲὰς,
814 2785 874 2823 καὶ
892 2785 952 2828 τὰς
979 2785 1142 2838 ἀκαίρους
1153 2808 1199 2832 361
1213 2800 1305 2823 rum.
1323 2786 1445 2823 Amen.

82 2880 85 2882 .
114 2846 281 2898 ἀσχολίας
298 2849 368 2885 ἐκεῖ
382 2845 768 2896 καταναλώσωμεν,ῗνα
781 2845 961 2889 κάκείνους
976 2846 1144 2898 κερδάνω-
1166 2846 1191 2875 Α

117 2923 191 2958 μεν,
212 2908 271 2945 καὶ
285 2912 380 2958 ἡμᾶς
394 2907 517 2950 αὐτοὺς
535 2907 770 2960 εὓερράνωμεν,
791 2907 850 2945 καὶ
866 2907 923 2946 τὸν
940 2907 1029 2947 Θεὸν
1049 2907 1145 2952 δοξα-

114 2972 238 3015 σθῆναι
271 2969 620 3019 παρασκευάσαντες,
648 2971 716 3006 τῶν
748 2967 894 3006 αἰωνίων
926 2968 1144 3020 ἐπιτύχωμεν

116 3031 267 3081 ἀγαθῶν,
287 3028 406 3082 χάριτι
430 3029 490 3067 καὶ
519 3028 762 3082 φιλανθρωπία
791 3033 850 3067 τοῦ
881 3029 1011 3080 Κυρίου
1043 3032 1142 3080 ἡμῶν

117 3094 232 3138 Ἰησοῦ
250 3092 403 3143 Χριστοῦ
417 3121 427 3138 ,
446 3091 490 3128 δι’
513 3084 550 3129 οὗ
571 3090 631 3128 καὶ
652 3091 727 3140 μεθ’
754 3084 791 3128 οῧ
820 3092 868 3142 τῶ
889 3091 1005 3144 Πατρὶ
1023 3095 1043 3137 ἡ
1066 3089 1145 3134 δόξα

117 3153 178 3191 σὺν
194 3154 243 3203 τῷ
271 3151 359 3203 ἁγίῳ
381 3150 584 3201 Πνεύματι,
606 3154 652 3194 εἷς
669 3149 746 3194 τοὺς
766 3154 891 3194 αἰῶνας
911 3155 978 3189 τῶν
1000 3151 1144 3190 och-'mmm

118 3213 151 3250 'A
159 3212 227 3262 μήν
233 3244 240 3251 .

163 3329 176 3342 ²¹
202 3316 302 3350 Snvil.
322 3318 370 3359 [et
385 3317 495 3350 Codd.
515 3320 634 3362 nostri]
654 3326 709 3354 ἐκεῖ
739 3325 893 3365 τρέψομεν
912 3349 917 3362 ‚
937 3320 1050 3353 Morel.
1077 3327 1133 3355 ἐκεῖ

122 3376 155 3413 0¹⁷.
164 3376 242 3412 ε”ᾂωμ
251 3385 289 3407 ἓν,
306 3369 359 3401 alii
379 3376 435 3404 ἔκῑῖ
451 3376 600 3413 ‘id-,lanistam

335 3437 431 3460 TOM.
450 3438 463 3459 S
481 3438 543 3460 111.

1244 3322 1259 3344 ¹¹
1285 3319 1344 3352 Alii
1363 3322 1604 3361 κατεσταλμὲνης
1618 3323 1724 3352 αὐτῶν.

1244 3383 1255 3397 t·
1283 3372 1343 3403 Alii
1360 3375 1596 3415 ἀναιιιιγνὺμεθα.
