2481 3678
661 231 699 260 {N
736 231 942 262 „ur-mmm
979 230 1133 260 uomit„

1177 228 1310 258 Lxxvi
1321 247 1330 256 .

1370 213 1432 257 al.
1472 227 1608 258 Lxxv.
2088 214 2181 261 515

103 317 198 369 παρὰ
219 322 289 359 τοίς
317 314 473 365 ἀλόγοις·
501 314 620 366 διόπερ
649 315 726 352 οὐδὲ
751 313 1020 366 ἐπιστρέφεσθαι
1041 310 1185 369 >gp-dmm
1197 309 1292 346 enim
1319 308 1349 346 si
1384 308 1474 345 asini
1512 318 1634 346 contra
1672 321 1735 346 nos
1768 308 1949 357 ruderent,
1978 311 2184 362 graculique

103 378 193 416 Οὐδὲ
214 377 300 428 γὰρ,
319 378 347 414 εἷ
365 378 614 425 κατεμυκῶντο
640 375 701 425 μὲν
721 376 812 422 ὄνοι,
835 374 894 413 καὶ
908 373 1123 424 κατέκραγον
1148 381 1173 410 Α
1196 370 1446 419 acclamarent,
1466 369 1639 421 sapientes
1658 383 1742 406 vero
1761 369 1945 406 laudarent
1964 386 2097 421 omnes,
2115 372 2183 409 hoc

101 438 230 474 κολοιοὶ
246 466 255 481 ,
271 439 302 474 οἱ
315 435 349 473 δὲ
366 435 462 487 σοφοὶ
482 434 607 478 πάντες
629 436 792 487 ἐπῄνουν·
811 435 952 488 ἀφέντες
965 436 1067 470 τοῦτο
1085 431 1124 469 τὸ

101 498 257 550 θέατρον,
285 496 371 550 πρὸς
393 496 453 538 τὰς
473 498 540 533 τῶν
570 496 705 547 ἀλόγων
725 497 879 548 κραυγὰς
905 494 1041 543 εἴδομεν
1069 492 1122 530 ἄν.

101 559 172 596 Καὶ
193 558 260 610 γὰρ
281 556 393 607 ὅμοιοι
421 558 578 601 κολοιῶν,
604 557 662 594 καὶ
679 558 764 595 ὄνων
782 556 919 609 χείρους
938 557 969 592 οἱ
992 553 1036 591 τὰ
1056 568 1123 590 πα-

102 618 204 670 ρόντα
235 618 478 668 θαυμάζοντες.
512 612 599 655 Εἶτα
624 618 664 655 ἂν
686 617 748 668 μὲν
784 614 945 667 βασιλεὺς
975 613 1124 665 ἐπίγειος

100 679 258 730 θαυμάζῃ
273 710 281 726 ,
298 679 420 717 οὐδένα
435 683 503 716 τῶν
521 680 659 716 πολλῶν
678 680 761 729 ποιῇ
777 677 894 728 λόγον,
913 675 976 714 κᾶν
997 676 1124 718 πάντες

99 741 340 790 καταγελῶσιν
352 755 359 763 ·
379 739 418 777 ἂν
437 740 472 778 δὲ
491 743 509 777 ὃ
528 742 597 777 τῶν
611 738 699 777 ὅλων
715 737 896 783 Δεσπότης
916 753 954 775 σε
977 738 1102 787 ἐπαινῇ
1113 766 1123 783 ,

99 801 279 853 κανθάρων
307 801 365 839 καὶ
394 800 569 839 κωνώπων
597 800 766 852 εὐφημίας
786 801 978 846 ἐπιζητεῖς,
1009 800 1123 836 Τοῦτο

99 861 166 913 γὰρ
183 856 276 899 οὗτοι
289 863 373 914 πρὸς
392 862 450 899 τὸν
469 861 575 907 Θεὸν,
595 862 727 912 μᾶλλον
749 860 783 898 δὲ
805 861 882 898 οὐδὲ
901 865 1003 898 τοῦτο
1015 889 1025 906 ,
1047 862 1123 898 ἀλλ’

99 921 132 959 εἴ
147 937 181 958 τι
199 921 330 959 τούτων
357 921 608 973 εὐτελέστερον.
638 922 757 973 Μέχρι
783 921 874 963 τίνος
899 923 932 958 ἐν
964 920 1122 973 βορὸόρῳ

98 982 336 1034 στρεφόμεθα,
357 982 462 1034 μέχρι
491 982 580 1025 τίνος
610 984 742 1033 βλᾶκας
761 981 820 1020 καὶ
840 982 1124 1034 γαστριμάργους

95 1044 279 1094 καθίζομεν
294 1048 379 1095 ἡμῖν
401 1044 543 1089 θεατάς,
566 1044 719 1082 Ἐκεῖνοι
737 1043 816 1087 τοὺς
831 1043 1039 1087 κυὸεύοντας
1060 1043 1123 1081 δύ-

96 1120 218 1142 νανται
247 1105 444 1155 δοκιμάζειν
474 1107 608 1153 καλῶς,
634 1104 713 1148 τοὺς
743 1104 950 1156 μεθύοντας,
979 1104 1058 1148 τοὺς
1078 1109 1121 1157 τῇ

96 1166 220 1217 γαστρὶ
240 1169 386 1210 ζῶντας·
419 1168 544 1219 ἀρετῆς
563 1166 598 1204 δὲ
618 1167 677 1204 καὶ
697 1167 821 1211 κακίας
837 1167 914 1205 οὐδὲ
934 1167 1016 1218 ὄναρ
1038 1183 1122 1219 φαν-

97 1228 260 1272 τάζεσθαι
277 1228 450 1267 δύνανται.
472 1222 562 1266 Εἶτα
578 1228 636 1265 ἐὰν
661 1227 722 1278 μέν
743 1228 794 1271 τίς
817 1244 854 1265 σε
877 1227 1022 1280 σκώπτῃ
1039 1260 1047 1274 ,
1069 1227 1122 1266 ὅτι

97 1288 175 1332 τοὺς
190 1288 330 1340 ὀχετοὺς
345 1292 412 1327 τῶν
428 1291 572 1342 ἀμοιρῶν
592 1293 652 1328 οὐκ
671 1289 859 1328 ἐπίστασαι
877 1289 1004 1336 ἕλκειν,
1026 1289 1122 1328 οὐδὲν

97 1350 213 1402 ἡγήσῃ
235 1350 355 1397 δεινὸν,
373 1350 462 1388 ἀλλὰ
477 1351 535 1388 καὶ
556 1350 781 1402 καταγελάσῃ
798 1355 858 1388 τοῦ
878 1351 941 1398 τὴν
962 1350 1122 1402 ἀπειρίαν

98 1411 228 1458 ταύτην
247 1412 532 1464 προῖαλλομένου
550 1429 556 1435 ·
573 1413 698 1465 ἀρετὴν
715 1412 751 1450 δὲ
767 1416 885 1451 ἀσκεῖν
902 1412 1122 1463 βουλόμενος,

97 1472 176 1515 τοὺς
192 1473 287 1511 οὐδὲν
311 1473 439 1520 ταύτης
463 1473 594 1516 εἰδότας
609 1503 619 1520 ,
641 1473 855 1524 δοκιμαστὰς
877 1473 1007 1510 τούτων
1027 1473 1124 1511 καθί-

98 1536 186 1581 ζεις,
219 1534 286 1572 Διὰ
315 1538 416 1572 τοῦτο
446 1534 613 1573 οὐδέποτε
639 1535 812 1587 φθάνομεν
840 1537 887 1577 εἰς
906 1534 970 1581 τὴν
995 1535 1123 1586 τέχνην

99 1595 245 1642 ἐκείνην.
272 1598 325 1634 Οὐ
351 1595 417 1648 γὰρ
444 1602 514 1639 τοῖς
534 1596 735 1648 ἐμπείροις,
757 1595 847 1633 ἀλλὰ
866 1602 936 1639 τοῖς
954 1596 1122 1647 ἀμαθέσιν

100 1656 331 1708 ἐπιτρέπομεν
351 1657 394 1694 τὰ
411 1656 579 1709 ἡμέτερα.
595 1658 746 1696 Ἐκεῖνοι
762 1658 797 1695 δὲ
818 1659 856 1696 οὐ
879 1657 969 1695 κατὰ
989 1658 1045 1695 τὸν
1065 1661 1124 1705 τῆς

99 1717 225 1770 τέχνης
251 1718 364 1770 λόγον,
386 1719 476 1757 ἀλλὰ
503 1719 593 1757 κατὰ
620 1720 683 1766 τὴν
705 1719 835 1758 οἰκείαν
857 1719 1008 1770 ἀμαθίαν
1031 1720 1124 1757 δοκι-

101 1779 259 1829 μάζουσι.
295 1780 448 1832 Διόπερ,
491 1783 705 1833 παρακαλῶ,
745 1783 1018 1833 καταφρονῶμεν
1055 1783 1123 1818 τῶν

98 1842 262 1878 πολλῶν·
288 1843 421 1891 μᾶλλον
449 1841 484 1879 δὲ
512 1841 600 1892 μηδὲ
624 1841 774 1879 ἐπαίνων
808 1843 1046 1892 ἐπιθυμῶμεν,
1076 1841 1124 1893 μὴ

98 1901 305 1953 χρημάτων,
336 1902 384 1952 μὴ
413 1902 582 1950 πλούτου,
613 1903 702 1953 μηδὲ
728 1903 834 1941 κακόν
865 1919 899 1940 τι
930 1902 1125 1954 νομίζωμεν

98 1962 233 2001 πενίαν.
251 1963 320 2001 Καὶ
339 1963 406 2017 γὰρ
422 1964 619 2016 φρονήσεως
635 1964 694 2002 καὶ
709 1964 894 2018 καρτερίας
909 1995 917 2012 ,
932 1963 991 2001 καὶ
1009 1964 1125 2011 πάσης

98 2024 300 2076 φιλοσοφίας
319 2025 525 2068 διδάσκαλος
541 2029 626 2075 ἡμῖν
643 2029 664 2071 ἡ
684 2025 799 2064 πενία.
819 2025 922 2063 Ἐπεὶ
937 2025 996 2063 καὶ
1015 2027 1032 2062 ὃ
1050 2025 1125 2062 Λά-

98 2087 198 2136 ζαρος
219 2085 323 2123 πενία
351 2086 494 2132 συνέζη,
522 2086 581 2123 καὶ
600 2087 852 2125 {cremavou'cw
883 2102 943 2124 και
962 2090 979 2124 ὃ
995 2085 1125 2124 Ιακὼὸ

98 2161 204 2197 αρτου
235 2146 339 2196 μόνου
374 2148 552 2221 ἐπιτυγεῖν
584 2147 766 2198 ἐπεθύμει·
795 2163 853 2185 και
880 2150 897 2185 ὃ
924 2146 1056 2199 Ἰωσηφ
1089 2149 1124 2185 ἐν

97 2207 230 2258 ἐσχάτῃ
262 2208 364 2245 πενία
391 2208 563 2259 ἐγεγόνει,
597 2224 657 2246 και
683 2209 760 2261 οὐχὶ
794 2210 876 2246 οοῧλ
879 2225 913 2252 ος
934 2208 1036 2260 μόνον
1064 2213 1118 2256 ἠν,

97 2267 187 2304 ἀλλὰ
200 2267 258 2304 καὶ
275 2267 457 2319 oso-uo'ffrc
472 2299 480 2316 ,
500 2269 558 2307 καὶ
579 2269 636 2307 δια
650 2286 709 2308 του
714 2285 751 2307 το
773 2272 866 2321 μᾶλλ
869 2285 904 2308 ον
921 2270 1022 2308 αὐτὸν
1043 2273 1125 2308 θαυ-

97 2327 263 2378 μάζομεν.
291 2329 360 2367 Καὶ
392 2332 456 2382 οὐχ
486 2330 595 2374 οὕτως
613 2332 837 2382 ἐπαινοῦμεν,
858 2331 916 2370 ὅτε
946 2331 1003 2369 τὸν
1030 2337 1124 2370 σῖτον

97 2387 265 2437 διένεμεν,
297 2392 343 2432 ὡς
364 2389 420 2428 ὅτε
441 2390 480 2427 τὸ
509 2391 748 2443 δεσμωτήριον
772 2391 879 2444 ᾤκει·
909 2394 975 2444 οὐχ
1003 2392 1059 2431 ὅτε
1086 2393 1125 2430 τὸ

96 2447 252 2498 διάδημα
284 2449 500 2501 περιέκειτο,
522 2453 599 2489 ἀλλ’
629 2451 685 2490 ὅτε
704 2452 766 2498 τὴν
794 2452 914 2490 ἅλυσιν
931 2468 938 2475 ·
971 2455 1036 2505 οὐχ
1067 2452 1122 2491 ὅτε

95 2508 153 2545 ἐπὶ
168 2513 226 2546 τοῦ
247 2510 367 2561 θρόνου
385 2511 583 2559 ἐκαθέζετο,
605 2514 680 2550 ἀλλ’
696 2512 753 2552 ὅτε
788 2513 1034 2552 ἐπεὸουλεύετο
1064 2515 1123 2552 καὶ

95 2574 110 2589 ‘¹
125 2571 306 2608 ἐπωλεῖτο.
326 2573 451 2609 Ταῦτα
480 2565 538 2609 οὖν
565 2573 703 2611 ἅπαντα
733 2576 944 2621 ἐννοοῦντες,
959 2574 1018 2612 καὶ
1045 2575 1123 2619 τοὺς

95 2630 165 2668 ἀπὸ
186 2634 254 2668 τῶν
272 2631 415 2682 ἀγώνων
434 2632 565 2670 τούτων
581 2634 815 2684 πλεκομένους
842 2635 1030 2686 στεφάνους
1042 2663 1051 2680 ,
1073 2635 1122 2686 μὴ

94 2693 258 2739 πλοῦτον,
280 2693 339 2731 καὶ
370 2693 488 2744 τιμὴν,
516 2694 600 2733 1’καὶ
629 2695 777 2747 τρυφὰς,
812 2696 870 2734 καὶ
901 2696 1121 2735 δυναστείαν·

96 2753 187 2792 ἀλλὰ
204 2754 339 2802 πενίαν,
366 2755 425 2793 καὶ
454 2756 590 2804 ἅλυσιν,
610 2757 668 2794 καὶ
690 2757 824 2808 δεσμὰ,
851 2757 910 2796 καὶ
939 2757 1124 2809 καρτερίαν

94 2813 157 2860 τὴν
192 2814 279 2867 ὑπὲρ
314 2818 439 2867 ἀρετῆς
474 2818 720 2868 θαυμαίζοψεν.
757 2819 808 2857 Τὸ
840 2819 902 2869 μὲν
935 2818 1002 2870 γὰρ
1027 2818 1123 2863 τέλος

95 2874 248 2923 ἐκείνων,
269 2877 422 2928 θορύέων
440 2877 541 2930 γέμει
559 2880 617 2916 καὶ
637 2883 808 2932 ταραχῆς,
831 2879 890 2918 καὶ
908 2883 958 2932 τῷ
977 2879 1122 2932 παρόντι

96 2937 386 2988 συγκεκληρωται
419 2939 500 2991 βίῳ·
523 2943 540 2978 ὁ
565 2939 601 2977 δὲ
631 2956 762 2978 τουτων
794 2941 948 2994 καρπὸς,
983 2942 1124 2993 οὐρανὸς

95 3011 155 3033 και
172 2996 215 3034 τὰ
234 2999 268 3034 ἐν
283 3003 354 3041 τοῖς
370 3001 525 3051 οὐρανοῖς
544 3001 680 3051 ἀγαθὰ,
698 3001 719 3038 ἃ
737 3017 827 3051 αητε
847 3002 1021 3053 ὀφθαλμὸς
1041 2997 1122 3051 εἶδε,

95 3057 182 3106 μήτε
200 3073 256 3100 ους
271 3058 438 3104 ἤκουσεν·
456 3064 503 3097 ὡν
517 3060 651 3112 γένοιτο
670 3061 803 3105 πάντας
824 3064 946 3112 ἡμας’
932 3070 1122 3114 επιτυχεῖν,
1146 3071 1169 3099 Ε
1192 3073 1386 3124 contingat

95 3117 217 3169 γάριτι
246 3134 304 3156 και
338 3122 578 3173 φιλανθρωπίᾳ
608 3137 668 3160 του
707 3122 833 3176 Κυρίου
869 3126 969 3172 ἡμων
1003 3124 1121 3170 Ιησου

94 3179 272 3229 Χριστου,
305 3184 334 3218 ὡ
365 3185 386 3228 ἡ
424 3180 505 3226 δόξα
537 3184 584 3225 εἷς
614 3182 693 3227 τους
725 3185 852 3227 αἷωνας
876 3186 945 3221 τῶν
973 3185 1120 3224 αἰώνων.

94 3237 216 3287 Αμήν.

140 3396 154 3412 ³
170 3387 281 3420 Μαι-εἱ.
299 3397 331 3422 et
344 3391 489 3433 quinque
499 3392 577 3424 Mss.
596 3397 755 3430 ἑπωλεῖτοε
770 3394 870 3428 savii.
888 3400 1074 3438 ἐπολεμεῖτο.

1195 432 1303 469 misso
1319 446 1496 480 consessu,
1512 431 1559 469 ad
1571 431 1937 469 brutorumclamores
1957 446 2018 468 nos
2037 443 2183 470 vertere-

1194 507 1285 530 mus.
1307 493 1400 530 Sunt
1419 492 1513 529 enim
1539 492 1694 544 graculis
1728 492 1862 529 similes
1900 501 1932 529 et
1959 492 2066 529 asinis
2087 495 2182 545 pejo-

1197 569 1250 592 res
1276 555 1301 591 ii
1322 554 1383 605 qui
1415 554 1601 606 praesentia
1633 553 1869 591 admirantur.
1897 554 1998 591 Certe
2019 554 2048 591 si
2078 563 2183 592 torre-

1194 630 1261 653 nus
1283 630 1347 653 rex
1366 625 1399 653 te
1426 615 1558 664 laudet,
1578 615 1680 665 vulgi
1702 614 1971 652 multitudinem
2001 615 2092 652 nihil
2122 630 2184 653 cu-

1194 677 1303 727 rabis,
1328 677 1464 715 etiamsi
1492 686 1524 714 te
1553 691 1674 714 omnes
1701 675 1883 713 derideant
1911 692 1919 712 :
1949 686 1983 713 et
2003 691 2083 714 cum
2105 677 2184 714 uni-

1194 753 1376 776 versorum
1398 738 1573 775 Dominus
1592 747 1626 775 te
1641 737 1780 785 laudet,
1798 737 1915 774 adhue
1934 738 2186 775 cantharorum

1193 809 1226 838 et
1250 801 1406 838 culicum
1427 799 1548 837 laudes
1567 800 1728 850 quaeris‘?
1750 800 1856 837 Tales
1875 799 1970 836 enim
1999 809 2081 837 sunt
2109 799 2182 849 isti,

1193 861 1221 899 si
1243 876 1323 899 cum
1343 864 1417 900 Deo
1452 870 1725 913 comparentur,
1747 861 1818 899 imo
1843 861 1899 898 his
1921 876 2062 912 quoque
2079 862 2185 899 vilio-

1192 937 1246 960 res
1272 932 1366 961 sunt.
1397 923 1594 973 Quousque
1627 922 1663 959 in
1697 936 1794 960 coeno
1822 922 2072 960 versabimur?
2092 937 2185 973 quo-

1193 998 1305 1034 usque
1322 983 1494 1036 parasitos
1516 992 1549 1021 et
1572 983 1664 1035 gulae
1689 983 1830 1021 deditos
1851 992 2063 1035 spectatores
2085 983 2187 1021 nobis

1193 1045 1418 1082 statuemus?
1438 1045 1496 1082 Illi
1519 1044 1688 1082 aleatores
1710 1044 1862 1096 probare
1888 1054 2049 1097 possunt,
2074 1045 2187 1083 ebrio-

1193 1122 1261 1155 sos,
1292 1108 1453 1146 lurcones
1482 1124 1490 1144 :
1517 1108 1689 1146 virtutem
1709 1118 1828 1146 autem
1859 1118 1892 1146 et
1926 1109 2057 1147 vitium
2088 1123 2131 1146 ne
2150 1109 2187 1146 in

1193 1168 1337 1207 somniis
1357 1169 1503 1220 quidem
1522 1170 1708 1221 imaginari
1726 1170 1854 1209 valent.
1881 1170 1983 1207 Certe
2002 1170 2030 1206 si
2050 1169 2128 1220 quis
2155 1178 2188 1206 te

1192 1230 1353 1269 derideat
1386 1231 1484 1282 quod
1508 1241 1606 1269 terrae
1634 1232 1752 1269 sulcos
1785 1232 1914 1269 ducere
1938 1232 2082 1279 nescias,
2118 1245 2187 1268 non

1193 1306 1285 1343 aegre
1304 1292 1409 1341 feres,
1433 1293 1504 1330 imo
1525 1292 1682 1331 vicissim
1719 1292 1899 1330 deridebis
1918 1307 2011 1341 eum,
2040 1292 2100 1342 qui
2121 1292 2188 1329 tibi

1193 1351 1403 1402 hujusmodi
1438 1351 1654 1403 imperitiam
1692 1352 1882 1404 exprobret
1914 1368 1921 1387 :
1961 1366 2042 1388 cum
2069 1360 2188 1388 autem

1193 1412 1365 1450 virtutem
1384 1412 1438 1450 vis
1458 1426 1635 1460 exercere,
1652 1426 1710 1450 eos
1728 1412 1789 1463 qui
1804 1412 1903 1449 illam
1924 1427 2070 1464 prorsus
2090 1412 2189 1463 igno-

1193 1483 1287 1523 rant,
1305 1483 1517 1526 spectatores
1537 1474 1603 1511 tibi
1619 1473 1805 1511 constituis
1821 1474 1838 1511 ?
1860 1474 2060 1526 Eapropter
2083 1488 2190 1511 num-

1194 1550 1302 1585 quam
1337 1535 1564 1587 pervenimus
1600 1535 1648 1572 ad
1688 1535 1790 1572 illam
1826 1545 1951 1572 artem.
1976 1537 2055 1573 Non
2094 1535 2189 1572 enim

1194 1597 1331 1649 peritis,
1354 1597 1418 1635 sed
1435 1597 1568 1648 ignaris
1588 1607 1705 1634 nostra
1731 1597 2002 1635 committimus.
2024 1596 2084 1634 Illi
2103 1611 2188 1635 vero

1194 1673 1263 1698 non
1303 1659 1499 1697 seeundum
1544 1658 1632 1697 artis
1678 1659 1818 1710 regulas
1843 1689 1852 1707 ,
1887 1658 1949 1695 secl
1994 1657 2191 1695 seeundum

1193 1720 1433 1772 ignorantiam
1469 1736 1571 1759 suam
1608 1721 1669 1758 illa
1703 1721 1904 1772 explorant.
1941 1720 2185 1772 Quapropter,

1194 1783 1366 1833 obsecro,
1400 1782 1668 1821 multitudinem
1710 1782 1979 1835 despiciamus,
2013 1781 2084 1818 imo
2126 1796 2189 1819 nec

1194 1845 1316 1882 laudes
1349 1845 1591 1883 desideremus
1610 1875 1620 1895 ,
1650 1859 1719 1882 non
1759 1844 1954 1897 pecunias,
1987 1858 2055 1881 non
2089 1843 2187 1881 divi-

1196 1906 1262 1944 tias
1295 1923 1302 1943 :
1337 1921 1399 1944 nec
1427 1907 1564 1944 malum
1590 1906 1680 1958 quid
1712 1906 1959 1943 existimemus
1999 1913 2188 1957 pauperta-

1197 1976 1280 2005 tem.
1305 1969 1398 2006 Nam
1426 1968 1651 2021 piudentiae,
1675 1967 1866 2019 patientiae,
1891 1967 2074 2017 omnisque
2108 1966 2187 2018 phi-

1198 2029 1366 2082 losopliiae
1383 2030 1551 2081 magistra
1574 2038 1763 2081 paupertas
1783 2038 1844 2066 est.
1870 2028 2059 2078 Siquidem
2079 2029 2188 2066 Laza-

1196 2105 1258 2127 rus
1285 2091 1321 2128 in
1341 2100 1550 2143 paupertate
1575 2090 1684 2140 vixit,
1708 2098 1741 2127 et
1769 2098 1955 2127 c01ouatus
1974 2098 2055 2126 est·
2078 2090 2189 2128 Jacob

1195 2166 1322 2204 panem
1340 2153 1454 2189 solum
1475 2151 1662 2203 expetebat
1682 2166 1690 2187 :
1715 2150 1849 2202 Joseph
1864 2150 1899 2187 in
1914 2159 2070 2187 extrema
2094 2165 2188 2201 pau-

1196 2222 1329 2265 pertate
1348 2228 1416 2251 non
1438 2212 1544 2250 modo
1559 2226 1698 2261 servus,
1714 2211 1776 2249 sed
1797 2211 1903 2248 etiam
1921 2211 2082 2262 captivus
2097 2220 2185 2261 erat,

1196 2274 1348 2325 ideoque
1369 2274 1474 2311 illum
1498 2274 1612 2324 magis
1632 2272 1839 2321 laudamus3
1868 2286 1982 2322 neque
2002 2272 2051 2309 ita
2082 2271 2189 2309 mira-

1195 2353 1276 2376 mur
1292 2353 1372 2376 eum
1395 2340 1614 2376 frumentum
1634 2337 1867 2389 dispensaret,
1893 2345 1932 2373 ut
1952 2350 2032 2373 cum
2054 2336 2090 2372 in
2112 2350 2189 2373 car-

1195 2414 1271 2438 cere
1282 2400 1435 2451 degeret,
1454 2414 1522 2437 non
1542 2401 1591 2437 ita
1611 2413 1693 2436 cum
1712 2398 1913 2436 diademate
1934 2406 1973 2434 ut
1995 2411 2077 2434 cum
2094 2406 2188 2435 cate-

1194 2476 1239 2499 na
1269 2462 1478 2513 cingebatur
1492 2477 1504 2511 3
1527 2475 1595 2498 non
1617 2459 1759 2511 quando
1788 2459 1823 2496 in
1843 2459 1932 2496 solio
1951 2458 2106 2507 sedebat,
2126 2458 2188 2496 sed

1194 2522 1337 2572 quando
1365 2521 1504 2559 insidiis
1524 2521 1760 2573 impetebatur
1787 2529 1820 2557 et
1839 2518 2078 2558 vendebatur.
2102 2519 2188 2556 Haec

1193 2583 1311 2632 itaque
1339 2582 1457 2619 omnia
1477 2582 1685 2632 cogitantes,
1708 2595 1842 2618 necnon
1871 2594 2016 2618 coronas
2036 2580 2093 2617 his
2114 2594 2188 2617 cer-

1192 2643 1385 2682 taminibus
1400 2651 1540 2694 paratas
1555 2673 1564 2690 ,
1586 2656 1629 2679 ne
1644 2641 1804 2691 divitias,
1824 2641 2008 2689 honorem,
2028 2640 2188 2689 delicias,

1192 2705 1401 2757 potentiam,
1437 2703 1498 2742 sed
1538 2713 1797 2756 paupertatem,
1837 2713 1992 2753 catenas,
2025 2703 2186 2755 vincula,

1192 2766 1400 2818 patientiam
1417 2780 1481 2817 pro
1504 2765 1638 2804 virtute
1660 2774 1859 2818 susceptam
1877 2765 2079 2802 laudemus.
2102 2765 2189 2803 Illo-

1191 2841 1273 2863 rum
1292 2826 1386 2864 enim
1406 2826 1488 2864 finis
1511 2827 1669 2864 tumultu
1685 2841 1726 2864 ac
1748 2826 2079 2879 perturbationibus
2108 2826 2188 2878 ple-

1192 2904 1259 2928 nus
1278 2899 1343 2941 est,
1363 2899 1396 2928 et
1412 2890 1449 2927 in
1463 2890 1531 2928 hac
1549 2891 1623 2929 vita
1641 2890 1719 2928 haec
1738 2890 1904 2928 desinunt
1923 2905 1931 2925 :
1953 2890 2085 2926 horum
2099 2904 2186 2927 vero

1190 2952 1339 3000 fructus,
1366 2951 1491 2990 caelum
1515 2961 1548 2989 et
1566 2951 1715 2989 caelestia
1735 2952 1843 3002 bona,
1874 2965 1950 3002 quae
1973 2965 2037 2988 nec
2064 2951 2190 2988 oculus

1191 3011 1300 3059 fidit,
1322 3026 1385 3050 nec
1400 3011 1497 3050 auris
1517 3012 1690 3051 audivit.
1716 3027 1793 3063 quae
1810 3027 1874 3050 nos
1902 3025 2024 3049 omnes
2052 3011 2189 3061 assequi

1425 3073 1536 3125 gratia
1572 3083 1605 3111 et
1638 3073 1858 3124 benignitate
1895 3072 2042 3110 Domini
2075 3071 2190 3109 nostri

1191 3136 1275 3174 Jesu
1307 3135 1466 3185 Christi,
1494 3134 1551 3172 cui
1589 3134 1701 3187 gloria
1732 3135 1769 3173 in
1805 3134 1931 3173 saecula
1957 3133 2186 3171 saeculorum.

1201 3198 1341 3234 Amen.

1236 3400 1250 3422 b
1268 3398 1327 3430 Alii
1344 3403 1390 3431 καὶ
1408 3406 1534 3442 τρυφήν.

2202 1995 2385 2031 Paupertatis

2202 2036 2314 2063 laudes.
