2481 3678
117 466 199 497 Act.
217 469 300 500 236.

117 1766 207 1793 Joan.
223 1763 267 1794 18.

118 1806 170 1846 37.

119 2136 305 2175 A⁶¹·¹7⁴3¹·

322 198 343 215 ἢ

320 219 343 226 μ
745 198 784 228 S.

350 185 377 239 4

315 279 426 317 multo
457 279 572 331 magis
589 279 627 319 id
645 280 689 319 de
707 281 800 320 Filio
830 283 1001 321 Joannem
1021 282 1139 321 dicere
1161 291 1299 335 oporte-

313 339 392 389 bat,
409 340 437 377 si
457 350 594 378 creatus
608 342 742 379 fuisset.
764 342 896 389 Etiam,
907 342 1023 380 dices:
1040 343 1101 380 sed
1117 344 1241 380 Petrus
1260 342 1297 380 id

314 399 408 438 clare
425 399 518 438 dixit
532 410 565 439 et
579 403 772 454 perspicue.
791 403 948 440 Ubinam
965 413 998 440 et
1015 403 1182 454 quando?
1206 405 1298 442 Cum

315 461 457 500 Judaeos
485 463 665 513 alloquens
697 464 829 501 diceret
851 479 859 499 :
881 467 1010 515 Ipsum
1035 465 1240 503 Dominum
1263 475 1298 503 et

319 525 512 562 Christum
532 527 634 563 Deus
655 527 762 574 fecit.
784 526 857 563 Cur
873 539 956 577 ergo
976 525 1013 562 id
1025 525 1122 576 quod
1141 527 1299 579 sequitur

316 599 384 623 non
402 585 585 636 adjecisti,
610 588 727 623 Hunc
756 588 890 624 Jesum
912 601 1023 638 quem
1050 601 1121 625 vos
1153 589 1298 637 crucifi-

315 649 427 683 mistis
440 651 455 682 Ρ
475 648 528 683 An
553 647 693 697 ignoras
713 661 758 685 ex
776 647 880 685 dictis
904 647 975 685 alia
994 648 1040 686 ad
1061 648 1299 687 immortalem

315 716 497 757 naturam,
518 708 587 745 alia
607 709 653 746 ad
671 708 946 748 incarnationem
964 710 1162 761 pertinere?
1179 711 1217 749 Si
1236 725 1298 749 au-

316 777 386 805 tem
407 782 476 805 non
504 768 552 806 ita
582 783 617 807 se
648 784 703 807 res
729 770 848 821 habet,
881 770 942 809 sed
963 771 1080 809 omnia
1103 771 1147 810 de
1170 771 1300 810 deitate

317 829 485 881 accipias,
506 831 622 867 Deum
652 831 860 883 passibilem
886 832 1031 870 induces
1048 848 1056 868 ε
1077 833 1106 870 si
1126 847 1211 871 vero
1230 847 1299 871 non

316 891 510 942 passibilis,
521 906 589 929 non
607 893 717 930 factus
731 893 852 944 utique
872 903 934 930 est.
952 895 1042 931 Nam
1064 895 1092 931 si
1115 909 1160 932 ex
1176 894 1299 933 divina

316 961 350 988 et
377 952 547 990 ineffabili
570 963 695 991 natura
723 955 866 1005 sanguis
894 955 1091 1003 effluxerit,
1112 964 1145 993 et
1168 956 1196 994 si
1222 956 1301 995 vice

317 1014 431 1052 carnis
448 1015 523 1067 ipsa
539 1016 574 1052 in
591 1030 692 1054 cruce
704 1016 814 1055 (flavis
831 1016 1003 1054 transfixa
1023 1026 1057 1054 et
1073 1017 1223 1055 dissecta
1238 1018 1297 1068 sit,

315 1075 450 1113 ratione
475 1076 601 1114 nixum
632 1086 683 1115 est
711 1077 891 1130 sophisma
918 1088 1031 1116 tuum.
1062 1078 1168 1124 Quod
1197 1079 1225 1116 si
1257 1093 1301 1116 ne

316 1134 480 1173 diabolus
512 1137 657 1187 quidem
685 1138 733 1175 ita
761 1138 1082 1190 blasphemaverit,
1105 1153 1168 1176 cur
1197 1139 1301 1176 inex-

317 1196 486 1248 piabilem
505 1198 741 1248 ignorantiam
761 1199 927 1246 simulas,
948 1199 1045 1249 quali
1064 1213 1106 1236 ne
1123 1199 1301 1236 daemones

317 1258 460 1307 quidem
476 1273 647 1309 umquam
666 1260 719 1297 usi
737 1260 844 1296 sunt?
864 1261 1035 1297 Praeterea
1060 1260 1159 1308 haec,
1179 1260 1302 1298 Domi-

317 1332 383 1355 nus
401 1328 434 1355 et
451 1318 613 1357 Christus
626 1349 637 1369 ,
658 1334 725 1357 non
753 1329 834 1358 sunt
863 1320 1080 1369 substantiae,
1102 1321 1163 1359 sed
1181 1321 1303 1373 digni-

315 1379 416 1427 tatis;
437 1380 587 1418 alterum
607 1382 701 1419 enim
719 1390 769 1419 est
787 1382 969 1434 potentiae,
989 1382 1138 1419 alterum
1158 1383 1302 1421 unctio-

316 1440 382 1478 nis.
420 1442 497 1479 )uid
514 1457 597 1494 ergo
615 1443 749 1481 dixeris
768 1443 812 1481 de
829 1444 920 1482 Filio
937 1444 1031 1482 Dei?
1049 1445 1142 1482 Nam
1161 1445 1190 1482 si
1208 1459 1301 1483 crea·

316 1509 373 1538 tus
390 1502 452 1551 sit,
474 1513 513 1541 ut
532 1519 593 1543 vos
609 1504 744 1553 dicitis,
766 1505 904 1542 nullum
924 1505 991 1542 hoc
1010 1504 1155 1543 haberet
1170 1506 1300 1545 locum.

316 1565 396 1601 Non
418 1565 511 1603 enim
543 1567 642 1618 prius
668 1567 781 1604 factus
808 1575 858 1603 est
873 1596 882 1614 ,
904 1576 934 1604 et
958 1576 1041 1604 tunc
1061 1570 1157 1606 Deus
1183 1567 1303 1620 ipsum

317 1627 518 1677 ordinavit3
538 1642 650 1678 neque
669 1627 847 1679 abjectum
862 1627 968 1666 habet
988 1629 1219 1681 principium,
1240 1630 1302 1668 sed

315 1705 360 1729 ex
378 1699 501 1727 natura
515 1698 618 1740 atque
633 1689 838 1727 substantia.
854 1690 1092 1741 Interrogatus
1106 1692 1198 1730 enim
1214 1706 1301 1731 num

317 1768 379 1791 rex
399 1762 487 1791 esset
498 1783 507 1801 7
533 1754 615 1804 Ego
628 1754 669 1789 in
688 1754 759 1789 hoc
777 1760 889 1790 natus
918 1766 1015 1802 sum,
1033 1753 1158 1805 inquit.
1177 1755 1302 1794 Petrus

319 1825 435 1854 autem
449 1813 547 1865 quasi
564 1814 606 1851 de
621 1812 773 1864 quodam
788 1812 849 1864 qui
866 1813 1047 1852 ordinatus
1062 1814 1106 1851 sit
1121 1815 1300 1866 loquitur:

319 1891 402 1915 nam
418 1876 462 1913 de
483 1874 696 1925 oeconomia,
718 1874 792 1914 sive
805 1873 849 1912 de
864 1874 1084 1914 humanitate
1105 1876 1173 1929 ipsi
1188 1892 1301 1916 sermo

319 1948 381 1977 est.

371 2001 407 2039 4.
438 2001 579 2053 Ecquid
609 2001 764 2052 miraris,
787 2002 815 2040 si
847 2002 973 2040 Petrus
1005 2002 1042 2041 id
1070 2002 1301 2044 dicat?Nam

319 2062 450 2100 Paulus
470 2063 695 2101 Athenienses
722 2064 923 2115 alloquens,
944 2064 1062 2102 virum
1082 2066 1200 2118 ipsum
1218 2076 1301 2105 tan—

319 2132 393 2161 tum
405 2124 558 2176 appellat
571 2124 716 2162 dicens-t
734 2128 782 2163 In
798 2129 885 2163 viro
899 2129 938 2163 in
949 2141 1023 2177 quo
1038 2130 1175 2164 statuit
1183 2129 1300 2178 sidem

315 2190 490 2238 proebens
517 2190 709 2236 omnibus,
736 2191 924 2226 suscitans
951 2203 1038 2226 eum
1064 2203 1088 2227 a
1112 2193 1268 2229 mortuis
1287 2208 1300 2229 .-

317 2249 476 2300 nihilque
492 2249 536 2287 de
549 2250 661 2287 forma
681 2250 747 2288 Dei
764 2250 941 2301 loquitur,
962 2265 1072 2302 neque
1091 2253 1165 2289 Deo
1186 2266 1302 2303 aequa-

316 2310 386 2347 lem
414 2310 518 2360 dicit,
543 2325 654 2361 neque
681 2311 775 2362 quod
803 2312 847 2349 sit
868 2311 1033 2363 splendor
1056 2311 1175 2362 gloriae
1208 2313 1300 2364 ejus3

317 2372 423 2422 idque
446 2371 581 2409 merito.
603 2371 772 2409 Nondum
791 2372 883 2410 enim
905 2381 1044 2424 tempus
1066 2372 1141 2410 haee
1158 2372 1300 2411 dicendi

317 2441 460 2471 venerat
467 2448 477 2481 3
500 2432 560 2470 sed
579 2432 663 2470 satis
682 2431 799 2470 adhuc
819 2442 911 2482 erat,
932 2442 971 2470 ut
990 2433 1108 2485 ipsum
1120 2434 1300 2473 hominem

318 2508 390 2531 esse
410 2502 443 2531 et
461 2493 691 2532 resurrexisse
718 2494 954 2532 admitterent.
975 2494 1034 2532 Sic
1053 2505 1086 2532 et
1104 2495 1177 2548 ipse
1197 2497 1301 2535 Chri-

318 2563 394 2591 stus
414 2554 515 2602 fecit3
539 2568 556 2591 a
577 2568 646 2604 quo
675 2557 818 2592 edoctus
838 2555 990 2604 Paulus,
1011 2556 1058 2594 ita
1078 2571 1132 2594 res
1153 2557 1300 2610 dispen-

318 2617 429 2653 sabat.
450 2616 527 2652 Non
547 2615 640 2653 enim
663 2617 781 2654 statim
804 2617 905 2655 nohis
929 2617 1097 2656 deitatem
1121 2633 1220 2659 suam
1243 2635 1301 2659 re-

318 2677 472 2726 velavit,
501 2675 560 2714 sed
589 2676 688 2728 prius
718 2678 887 2729 propheta
909 2689 941 2717 et
962 2680 1124 2720 Christus
1149 2682 1301 2734 simplex

318 2738 424 2775 homo
447 2737 639 2789 putabatur
647 2751 658 2785 ;
680 2736 806 2774 deinde
824 2747 857 2774 et
875 2740 992 2777 verbis
1019 2751 1052 2779 ct
1073 2743 1237 2794 operibus
1263 2742 1301 2780 id

318 2799 413 2849 quod
436 2812 518 2837 vere
539 2806 612 2835 erat
641 2797 803 2835 ostendit.
824 2798 908 2836 Ideo
927 2800 1050 2838 Petrus
1069 2803 1104 2840 in
1123 2803 1301 2856 principio

317 2860 387 2898 hoc
415 2861 527 2898 utitur
555 2859 660 2898 modo
681 2875 689 2895 ε
707 2874 789 2897 nam
812 2860 903 2897 hanc
927 2862 1077 2912 priorem
1097 2865 1143 2902 ad
1160 2866 1302 2905 Judaeos

320 2922 523 2960 concionem
550 2921 686 2959 habuit.
712 2921 805 2968 Quia
839 2920 932 2959 enim
951 2921 994 2960 de
1014 2922 1201 2964 divinitate
1227 2928 1302 2979 ejus

1326 1390 1349 1420 Β

366 3070 379 3084 «⁶¹
407 3059 470 3092 Alii
486 3066 616 3102 εἰσάγεις-

363 3116 379 3139 ¹¹
402 3112 502 3147 Savil.
525 3115 735 3157 ὐπεκρίναντο;
766 3115 864 3150 ἄλλως
889 3127 921 3146 τε
938 3117 972 3146 τὸ
999 3115 1101 3158 Κύριος
1126 3116 1174 3146 καὶ
1196 3119 1230 3148 τὸ
1256 3124 1328 3160 Χρι-

319 3172 401 3206 στὸς,
423 3169 472 3199 οὐκ
489 3169 565 3198 ἔστιν
589 3168 702 3204 οὐσίας,
720 3167 789 3197 ἀλλ’
815 3168 996 3206 ἀξιώματος.
1020 3163 1137 3197 Morel.
1165 3175 1242 3197 vero
1260 3168 1327 3200 ὑπε-

319 3223 477 3262 κρίναντο,
495 3221 541 3250 ὅτι
557 3220 591 3249 τὸ
611 3218 714 3260 Κύριος
731 3220 779 3248 καὶ
796 3221 831 3249 ’τὸ
849 3221 990 3261 Χριστὸς,
1012 3219 1061 3248 οὐκ
1074 3220 1150 3250 ἔστιν
1166 3221 1271 3255 οὐσίας·
1291 3223 1325 3251 τὸ

319 3276 377 3314 γὰρ
394 3272 497 3314 nos-,m
514 3273 563 3302 καὶ
580 3274 705 3314 Χριστὸς
731 3270 891 3304 δηλωτικὸν
917 3270 967 3301 οὐκ
984 3271 1061 3302 ἔστιν
1086 3271 1200 3310 οὐσίας,
1215 3269 1324 3302 minus

320 3327 417 3350 recte.

360 3381 371 3392 ⁴·
398 3375 447 3402 καί
464 3377 538 3400 anto
557 3374 732 3411 οὐσιωμένην
749 3369 840 3401 deest
857 3369 889 3401 in
911 3369 1010 3402 Savil,

821 198 1007 229 JOANNIS
1041 199 1284 230 CHRYSOST.
1323 200 1529 232 ARCHIEP.

1569 201 1924 232 CONSTANT1NOP.

1371 288 1471 323 τοῦτο
1490 277 1564 322 εἷπε
1579 285 1696 337 σαφῶς
1714 285 1775 323 καὶ
1793 285 1991 338 διαρρήδην.
2012 284 2087 323 Ποῦ
2110 285 2169 324 καὶ
2184 285 2287 333 πότε,
2305 284 2394 325 ἰὈτε

1371 343 1550 388 Ἰουδαίοις
1570 345 1808 397 διαλεγόμενος
1825 346 1952 398 ἔλεγεν,
1968 344 2053 385 “Ori
2073 346 2197 400 Κύριον
2219 347 2319 385 αὐτὸν
2334 347 2394 385 καὶ

1372 406 1522 458 Χριστὸν
1543 410 1560 445 6
1580 407 1667 451 Θεὸς
1683 407 1834 454 ἐποίησε.
1851 407 1897 445 Τί
1913 402 1969 446 οὖν
1985 408 2044 446 καὶ
2065 409 2104 447 τὸ
2121 408 2197 455 ἑξῆς
2216 411 2253 446 οὐ
2269 408 2395 460 προσέ-

1373 471 1480 514 Οηκας
1493 498 1502 516 ,
1523 469 1576 506 ὅτι
1594 471 1723 507 Τοῦτον
1743 470 1800 508 τὸν
1821 468 1954 515 Ἰησοῦν
1971 469 2006 508 ὃν
2023 473 2118 521 ὑμεῖς
2135 469 2395 522 ἐσταυρώσατε,

1370 525 1421 566 *H
1444 529 1574 580 ἀγνοεῖς
1600 528 1652 567 ὅτι
1672 533 1740 568 τῶν
1768 530 1961 581 λεγομένων
1988 530 2032 568 τὰ
2054 530 2115 581 μὲν
2134 534 2195 577 τῆς
2218 529 2393 582 ἀκηράτου

1372 587 1519 640 φύσεως,
1536 589 1580 628 τὰ
1597 589 1632 629 δὲ
1646 594 1708 637 τῆς
1736 590 1932 642 οἰκονομίας
1960 591 2072 638 ἐστίν;
2095 594 2139 630 Εἰ
2161 591 2196 630 δὲ
2220 591 2266 642 μή
2289 593 2393 637 ἐστιν,
2425 635 2429 637 ‚

1372 649 1462 688 ἀλλὰ
1477 651 1591 689 πάντα
1618 652 1736 696 ἁπλῶς
1752 651 1809 690 ἐπὶ
1824 655 1886 698 τῆς
1909 652 2065 699 Οεότητος
2085 652 2221 704 ἐκδέξῃ,
2243 651 2303 689 καὶ
2321 667 2394 689 πα-

1373 711 1473 757 θητὸν
1494 716 1508 732 ‘'¹
1521 711 1666 756 εἷσάξεις
1694 713 1733 751 τὸ
1762 715 1865 751 Θεῖον
1881 728 1888 735 ·
1921 715 1950 750 εἰ
1981 712 2017 751 δὲ
2045 712 2093 764 μὴ
2121 713 2288 760 παθητὸν,
2318 710 2393 750 οὐδὲ

1371 772 1524 819 ποιητόν.
1554 774 1598 811 Εἰ
1621 772 1681 822 μὲν
1696 772 1764 826 γὰρ
1786 776 1824 811 ἐκ
1844 777 1905 820 τῆς
1925 773 2016 817 θείας
2034 776 2138 820 αὐτῆς
2164 773 2223 812 καὶ
2245 772 2394 825 ἀῤῥήτου

1372 831 1502 883 φύσεως
1522 834 1561 872 τὸ
1591 828 1679 885 αἷμα
1710 834 1868 887 ἔῤῥευσε,
1889 835 1948 873 καὶ
1977 836 2052 873 ἀντὶ
2070 839 2133 882 τῆς
2155 835 2281 888 σαρκὸς
2307 832 2393 879 αὐτὴ

1371 899 1441 936 τοῖς
1461 893 1552 932 κατὰ
1579 895 1636 932 τὸν
1658 896 1801 948 σταυρὸν
1831 895 1927 941 ἥλοις
1955 897 2105 949 διῃρεῖτο
2137 895 2196 934 καὶ
2216 894 2395 945 ἐτέμνετο,

1371 952 1470 1005 λόγον
1492 954 1531 992 ἂν
1548 948 1621 1007 εἶχέ
1640 971 1700 993 σου
1723 955 1814 994 κατὰ
1828 961 1928 994 τοῦτο
1941 956 1980 994 τὸ
2001 956 2166 1008 σόφισμα.
2184 957 2228 994 Εἰ
2245 954 2280 994 δὲ
2296 959 2396 993 τοῦτο

1372 1015 1440 1053 οὐδ’
1461 1015 1500 1052 ἂν
1518 1016 1618 1059 αὐτὸς
1637 1019 1654 1054 6
1674 1017 1830 1060 διάὸολος
1858 1017 2121 1068 βλασφημήσειε
2136 1046 2145 1062 ,
2173 1016 2263 1060 τίνος
2282 1014 2395 1053 ἕνεκεν

1374 1075 1474 1118 αὐτὸς
1496 1078 1628 1127 ἀγνοεῖν
1652 1080 1826 1129 προσποιῇ
1846 1076 2086 1129 ἀσύγγνωστον
2108 1076 2216 1121 οὕτως
2242 1077 2395 1128 ἄγνοιαν,

1371 1135 1432 1173 καὶ
1447 1136 1488 1182 ἣν
1506 1138 1575 1174 οὐδ’
1594 1137 1633 1175 ἂν
1650 1141 1681 1175 οἱ
1698 1137 1855 1188 δαίμονες
1870 1137 1885 1157 ¹³
1898 1138 2147 1191 ὑπεκρίναντο;
2165 1137 2296 1182 Ἄλλως
2306 1154 2344 1175 τε
2357 1137 2397 1176 τὸ

1373 1196 1498 1247 Κύριος
1511 1198 1570 1235 καὶ
1583 1198 1799 1251 τὸΧριστὸς,
1816 1200 1878 1237 οὐκ
1891 1198 1982 1237 ἔστιν
1998 1199 2131 1247 οὐσίας,
2148 1200 2224 1238 ἀλλ’
2243 1198 2398 1250 ἀξιώμα-

1370 1257 1500 1299 τος.Τὸ
1518 1257 1579 1308 μὲν
1599 1257 1667 1311 γὰρ
1679 1262 1742 1305 τῆς
1762 1258 1914 1303 ἐξουσίας
1937 1260 2009 1298 ἐστὶ
2024 1290 2033 1307 ,
2052 1260 2092 1298 τὸ
2118 1260 2152 1298 δὲ
2172 1265 2232 1298 τοῦ
2249 1262 2396 1313 χρισθῆ-

1371 1333 1440 1356 ναι.
1459 1318 1507 1356 Τί
1523 1313 1580 1357 οῦν
1599 1319 1638 1357 ἂν
1656 1319 1762 1363 εἴποις
1777 1320 1857 1373 περὶ
1881 1325 1940 1359 τοῦ
1961 1322 2046 1359 Υἱοῦ
2064 1326 2123 1359 τοῦ
2139 1323 2229 1359 Θεοῦ
2240 1337 2250 1368 3
2266 1322 2310 1358 Εἷ
2329 1319 2397 1372 γὰρ

1371 1378 1431 1416 καὶ
1448 1380 1585 1423 κτιστὸς
1603 1375 1645 1426 ἦν
1665 1383 1741 1418 καθ’
1765 1385 1873 1432 ὑμᾶς,
1889 1386 1988 1420 τοῦτο
2016 1384 2077 1420 οὐκ
2095 1381 2133 1419 ἂν
2156 1381 2230 1433 ἔχοι
2254 1380 2373 1434 χώραν
2387 1395 2395 1404 ·

1371 1441 1409 1479 οὗ
1425 1439 1492 1493 γὰρ
1515 1440 1555 1488 δὴ
1572 1441 1737 1494 πρότερον
1759 1442 1891 1494 ἐγένετο
1902 1473 1911 1490 ,
1928 1443 1988 1480 καὶ
2006 1442 2084 1481 τότε
2107 1443 2207 1481 αὐτὸν
2225 1441 2397 1495 ἐχειροτό-

1370 1517 1473 1549 νησεν
1491 1505 1508 1540 ὁ
1527 1502 1636 1546 Θεός·
1659 1503 1736 1542 οὐδὲ
1766 1504 1961 1551 ἀπόὸλητον
1981 1504 2053 1556 ἔχει
2071 1504 2134 1550 τὴν
2159 1504 2284 1556 ἀρχὴν,
2306 1502 2396 1541 ἀλλὰ

1371 1563 1468 1616 φύσει
1494 1564 1577 1602 εκαὶ
1599 1565 1824 1615 οὗσιωμένην.
1841 1565 2051 1618 Ἐρωτηθεὶς
2081 1565 2149 1618 γὰρ
2178 1567 2207 1603 εἰ
2236 1564 2396 1616 βασιλεὺς

1370 1625 1422 1672 εἴη
1436 1625 1550 1677 ,Ἐγὼ
1568 1628 1614 1669 εἷς
1627 1630 1727 1664 τοῦτο
1742 1626 1973 1678 γεγέννημαι,
1991 1626 2105 1678 φησίν.
2121 1626 2165 1664 Ὁ
2184 1625 2219 1664 δὲ
2241 1625 2373 1679 Πέτρος
2385 1655 2394 1672 ,

1371 1688 1418 1730 ὡς
1443 1686 1522 1739 περὶ
1535 1687 1624 1730 τινὸς
1641 1686 1953 1740 χειροτονηθέντος,
1969 1686 2058 1725 οὕτω
2078 1687 2285 1738 διαλέγεται.
2306 1686 2395 1739 Περὶ

1371 1746 1439 1800 γὰρ
1457 1751 1519 1795 τ’ἧς
1535 1747 1731 1799 οἰκονομίας
1745 1751 1762 1786 6
1776 1747 1875 1800 λόγος
1892 1750 1985 1801 αὐτῷ
2001 1746 2153 1796 ἀπάσης.

1425 2002 1496 2042 Καὶ
1513 2002 1549 2042 τί
1570 2003 1774 2055 θαυμάζεις,
1795 2005 1823 2042 εἷ
1849 2007 1948 2043 τοῦτο
1964 2006 1982 2042 6
1999 2002 2133 2057 Πέτρος
2150 2002 2275 2055 φησίν;
2297 2002 2395 2050 Ἀθη-

1373 2065 1480 2108 ναίοις
1499 2065 1566 2118 γὰρ
1582 2065 1822 2117 διαλεγόμενος
1835 2068 1852 2102 6
1865 2067 2004 2108 Παῦλος
2016 2095 2025 2112 ,
2043 2064 2151 2117 ἄνδρα
2174 2063 2275 2102 αὐτὸν
2295 2065 2394 2102 καλεῖ

1377 2125 1491 2177 μόνον,
1519 2127 1608 2164 οὕτω
1626 2125 1735 2177 λέγων
1753 2141 1760 2148 ·
1775 2126 1837 2163 Ἐν
1860 2125 1957 2178 ἀνδρὶ
1978 2119 2006 2177 ᾧ
2025 2124 2129 2177 ὥρισε
2148 2123 2264 2163 πίστιν
2282 2140 2397 2177 παρα-

1375 2186 1470 2239 σχὼν
1495 2191 1614 2234 πᾶσιν,
1642 2186 1840 2233 ἀναστήσας
1857 2186 1957 2224 αὐτὸν
1978 2187 2017 2223 ἐκ
2040 2188 2190 2238 νεκρῶν·
2220 2185 2280 2223 καὶ
2302 2184 2395 2224 οὐδὲν

1375 2248 1454 2301 περὶ
1475 2251 1536 2295 τῆς
1552 2252 1610 2287 τοῦ
1631 2250 1722 2287 Θεοῦ
1745 2247 1838 2299 λέγει
1859 2250 2008 2300 μορφῆς,
2025 2246 2100 2285 οὐδὲ
2117 2246 2169 2284 ὅτι
2189 2247 2260 2290 ἰ’σος
2279 2248 2370 2298 αὐτῷ
2386 2276 2397 2294 ,

1374 2309 1448 2348 οὐδὲ
1466 2309 1519 2348 δ’τι
1538 2309 1750 2362 ἀπαύγασμα
1776 2312 1838 2355 τ’ῆς
1857 2307 1954 2355 δόξης
1975 2310 2077 2346 αὐτοῦ
2089 2323 2097 2331 ·
2117 2307 2267 2351 εἰκότως.
2285 2307 2398 2346 Οὔπω

1373 2370 1440 2423 γὰρ
1460 2371 1587 2409 τούτων
1614 2370 1733 2423 καιρὸς
1751 2372 1818 2408 τῶν
1850 2368 2014 2422 ῥημάτων
2041 2363 2095 2417 ἦν,
2116 2372 2137 2407 ἀ
2160 2371 2191 2407 λ’
2217 2368 2396 2420 ἀγαπητὸν

1373 2427 1414 2479 ἦν
1432 2431 1553 2476 αὐτοὺς
1570 2431 1829 2485 παραδέξασθαι
1845 2431 1930 2474 τέως
1951 2430 2003 2469 ὅτι
2024 2430 2202 2484 ἄνθρωπός
2224 2433 2317 2478 ἐστι,
2337 2429 2397 2468 καὶ

1372 2493 1424 2532 ὅτι
1438 2493 1574 2540 ἀνέστη.
1595 2492 1700 2531 Οὕτω
1728 2492 1787 2530 καὶ
1819 2492 1920 2536 αὐτὸς
1952 2491 2092 2538 ἐποίησε
2112 2491 2281 2543 Χριστός·
2311 2493 2394 2544 παρ’

1372 2548 1410 2593 οῧ
1426 2555 1485 2592 καὶ
1503 2555 1642 2597 Παῦλος
1663 2552 1794 2604 μαθὼν,
1811 2552 1900 2591 οὕτω
1919 2551 1963 2590 τὰ
1981 2552 2175 2605 πράγματα
2190 2550 2395 2602 ρῴκονόμει.

1372 2617 1425 2655 Οὐ
1445 2615 1512 2668 γὰρ
1532 2614 1653 2657 εὐθέως
1679 2617 1764 2665 ἡμῖν
1783 2615 1904 2651 ἑαυτοῦ
1925 2612 1986 2660 τὴν
2005 2612 2150 2660 θεότητα
2179 2611 2397 2663 ἐξεκάλυψεν,

1372 2675 1462 2714 ἀλλὰ
1482 2679 1617 2728 πρῶτον
1636 2674 1697 2726 μὲν
1720 2674 1893 2725 ἐνομίζετο
1914 2668 2002 2712 εἶναι
2020 2673 2200 2725 προφήτης
2223 2672 2284 2710 καὶ
2306 2673 2397 2724 Χρι-

1373 2737 1451 2781 στος
1470 2737 1588 2779 ἁπλῶς
1604 2736 1802 2788 ἅνθρωπος·
1823 2734 1962 2786 ὕστερον
1985 2734 2020 2773 δὲ
2039 2735 2146 2785 ἐφάνη
2167 2732 2224 2770 διὰ
2245 2735 2312 2770 τῶν
2333 2732 2394 2785 ἔρ-

1370 2814 1440 2849 γων
1456 2797 1515 2835 καὶ
1530 2799 1598 2834 τῶν
1621 2796 1785 2848 ῥημάτων
1807 2798 1908 2833 τοῦτο
1925 2794 2010 2846 ὅπερ
2029 2789 2082 2840 ἦν.
2097 2793 2164 2832 Διὰ
2183 2798 2282 2832 τοῦτο
2301 2793 2361 2831 καὶ
2379 2797 2397 2831 6

1371 2861 1504 2913 Πέτρος
1531 2862 1564 2898 ἐν
1590 2862 1681 2911 ἀρχῇ
1702 2857 1810 2909 τούτῳ
1837 2857 2008 2909 κέχρηται
2025 2859 2074 2908 τῷ
2091 2856 2209 2908 τρόπῳ
2226 2874 2232 2879 ·
2253 2856 2396 2910 καὶγὰρ

1372 2927 1500 2974 ταύτην
1521 2924 1534 2946 ¹
1546 2925 1688 2978 πρώτην
1705 2925 1789 2977 πρὸς
1809 2923 1995 2967 Ἰουδαίους
2013 2923 2221 2976 ἐδημηγόρει
2240 2925 2398 2975 δημηγο-

1436 3064 1448 3083 ‘¹
1473 3068 1578 3101 πάσης.
1592 3061 1693 3095 Saxil.
1713 3060 1886 3104 legendum
1903 3068 1999 3103 putat
2021 3070 2088 3103 πᾶς,
2107 3069 2139 3093 et
2166 3060 2281 3093 melius
2306 3069 2396 3093 certe

1393 3114 1573 3158 quadraret.
1588 3112 1632 3145 ad
1654 3114 1781 3145 seriem.
1797 3112 1861 3146 Sed
1881 3124 1994 3145 omnes
2020 3113 2111 3146 Editi
2136 3120 2169 3145 et
2192 3114 2273 3146 Mss.
2300 3119 2395 3151 πάσης

1393 3166 1528 3199 hahent.

1436 3224 1448 3237 ⁰·
1472 3217 1619 3259 Quidam
1636 3222 1790 3259 οἰκονομεῖ.
1808 3216 1908 3258 [Mox
1925 3227 1986 3258 pro
2002 3225 2127 3263 Χριστός
2139 3223 2228 3249 recte
2243 3217 2301 3249 sax
2311 3215 2344 3248 il.
2364 3224 2397 3248 et

1389 3269 1474 3303 COd.
1494 3272 1557 3303 706
1574 3268 1732 3315 χρηστός]

1430 3323 1444 3347 f
1472 3330 1593 3366 πρώτην
1621 3320 1712 3353 deest
1736 3318 1767 3351 in
1795 3317 1996 3362 quibusdam
2021 3321 2097 3355 Mss.
2123 3321 2212 3363 [Mox
2242 3319 2341 3353 savit.
2361 3328 2388 3352 et

1387 3372 1471 3405 (jod.
1493 3375 1555 3405 706
1575 3378 1621 3407 καὶ
1638 3376 1736 3411 ἐπειδὴ
1753 3372 1867 3411 οὐδέν.]
