<?xml version="1.0" encoding="UTF-8"?>
<!DOCTYPE html PUBLIC "-//W3C//DTD XHTML 1.0 Transitional//EN"
    "http://www.w3.org/TR/xhtml1/DTD/xhtml1-transitional.dtd">
<html xmlns="http://www.w3.org/1999/xhtml" xml:lang="en" lang="en">
 <head>
  <title>
</title>
<meta http-equiv="Content-Type" content="text/html;charset=utf-8" />
  <meta name='ocr-system' content='tesseract 3.04.00' />
  <meta name='ocr-capabilities' content='ocr_page ocr_carea ocr_par ocr_line ocrx_word'/>
</head>
<body>
  <div class='ocr_page' id='page_1' title='image "./operaomniaquaeex08johnuoft/operaomniaquaeex08johnuoft_0135.png"; bbox 0 0 2481 3678; ppageno 0'>
   <div class='ocr_carea' id='block_1_1' title="bbox 728 186 1586 242">
    <p class='ocr_par' dir='ltr' id='par_1_1' title="bbox 728 186 1586 242">
     <span class='ocr_line' id='line_1_1' title="bbox 728 186 1586 242; baseline -0.013 -3"><span class='ocrx_word' id='word_1_1' title='bbox 728 209 769 239; x_wconf 80' lang='lat' dir='ltr'>IN</span> <span class='ocrx_word' id='word_1_2' title='bbox 806 208 1014 242; x_wconf 64' lang='lat' dir='ltr'>JOANNEM</span> <span class='ocrx_word' id='word_1_3' title='bbox 1051 205 1207 236; x_wconf 67' lang='lat' dir='ltr'>timul„</span> <span class='ocrx_word' id='word_1_4' title='bbox 1246 203 1356 234; x_wconf 78' lang='lat' dir='ltr'>xvss.</span> <span class='ocrx_word' id='word_1_5' title='bbox 1394 186 1454 231; x_wconf 76' lang='lat' dir='ltr'>al.</span> <span class='ocrx_word' id='word_1_6' title='bbox 1493 200 1586 230; x_wconf 79' lang='lat' dir='ltr'>xvt.</span> 
     </span>
    </p>
   </div>
   <div class='ocr_carea' id='block_1_2' title="bbox 579 293 618 328">
    <p class='ocr_par' dir='ltr' id='par_1_2' title="bbox 579 293 618 328">
     <span class='ocr_line' id='line_1_2' title="bbox 579 293 618 328; baseline 0 0"><span class='ocrx_word' id='word_1_7' title='bbox 579 293 618 328; x_wconf 55' lang='grc' dir='ltr'>«ιε,</span> 
     </span>
    </p>
   </div>
   <div class='ocr_carea' id='block_1_3' title="bbox 116 284 1181 3160">
    <p class='ocr_par' dir='ltr' id='par_1_3' title="bbox 116 284 1181 3160">
     <span class='ocr_line' id='line_1_3' title="bbox 117 284 1134 340; baseline -0.006 -9"><span class='ocrx_word' id='word_1_8' title='bbox 117 293 230 340; x_wconf 70' lang='grc' dir='ltr'>αὑτὸν,</span> <span class='ocrx_word' id='word_1_9' title='bbox 258 294 303 336; x_wconf 81' lang='grc' dir='ltr'>ὡς</span> <span class='ocrx_word' id='word_1_10' title='bbox 339 291 437 335; x_wconf 79' lang='grc' dir='ltr'>αὐτὸς</span> <span class='ocrx_word' id='word_1_11' title='bbox 463 286 550 329; x_wconf 73' lang='grc' dir='ltr'>οἶδεν</span> <span class='ocrx_word' id='word_1_12' title='bbox 623 292 737 338; x_wconf 69' lang='grc' dir='ltr'>αυτὸν,</span> <span class='ocrx_word' id='word_1_13' title='bbox 772 291 885 335; x_wconf 82' lang='grc' dir='ltr'>ἀξίους</span> <span class='ocrx_word' id='word_1_14' title='bbox 913 284 1000 328; x_wconf 66' lang='grc' dir='ltr'>εἶναι</span> <span class='ocrx_word' id='word_1_15' title='bbox 1023 289 1134 340; x_wconf 80' lang='grc' dir='ltr'>λέγειν</span> 
     </span>
     <span class='ocr_line' id='line_1_4' title="bbox 117 348 1136 404; baseline -0.006 -13"><span class='ocrx_word' id='word_1_16' title='bbox 117 353 266 397; x_wconf 79' lang='grc' dir='ltr'>ἑαυτούς.</span> <span class='ocrx_word' id='word_1_17' title='bbox 297 352 345 391; x_wconf 89' lang='grc' dir='ltr'>Τί</span> <span class='ocrx_word' id='word_1_18' title='bbox 379 352 507 398; x_wconf 82' lang='grc' dir='ltr'>ταύτης</span> <span class='ocrx_word' id='word_1_19' title='bbox 544 355 605 398; x_wconf 69' lang='grc' dir='ltr'>τῆς</span> <span class='ocrx_word' id='word_1_20' title='bbox 644 351 889 404; x_wconf 80' lang='grc' dir='ltr'>παραπληξίας</span> <span class='ocrx_word' id='word_1_21' title='bbox 926 356 1066 403; x_wconf 75' lang='grc' dir='ltr'>χεῖρον,</span> <span class='ocrx_word' id='word_1_22' title='bbox 1102 348 1136 385; x_wconf 88' lang='grc' dir='ltr'>τί</span> 
     </span>
     <span class='ocr_line' id='line_1_5' title="bbox 116 412 1138 467; baseline -0.007 -15"><span class='ocrx_word' id='word_1_23' title='bbox 116 414 244 460; x_wconf 84' lang='grc' dir='ltr'>ταύτης</span> <span class='ocrx_word' id='word_1_24' title='bbox 286 416 349 459; x_wconf 76' lang='grc' dir='ltr'>τῆς</span> <span class='ocrx_word' id='word_1_25' title='bbox 383 412 582 457; x_wconf 86' lang='grc' dir='ltr'>ἀλαζονείας</span> <span class='ocrx_word' id='word_1_26' title='bbox 619 412 872 467; x_wconf 81' lang='grc' dir='ltr'>μανικώτερον;</span> <span class='ocrx_word' id='word_1_27' title='bbox 921 413 1048 453; x_wconf 84' lang='grc' dir='ltr'>Καλῶς</span> <span class='ocrx_word' id='word_1_28' title='bbox 1086 424 1138 451; x_wconf 87' lang='grc' dir='ltr'>τις</span> 
     </span>
     <span class='ocr_line' id='line_1_6' title="bbox 116 470 1135 527; baseline -0.006 -15"><span class='ocrx_word' id='word_1_29' title='bbox 116 473 212 526; x_wconf 80' lang='grc' dir='ltr'>ἔλεγε</span> <span class='ocrx_word' id='word_1_30' title='bbox 263 474 384 526; x_wconf 70' lang='grc' dir='ltr'>σοφὸς,</span> <span class='ocrx_word' id='word_1_31' title='bbox 432 472 484 511; x_wconf 74' lang='grc' dir='ltr'>ὅτι</span> <span class='ocrx_word' id='word_1_32' title='bbox 516 472 621 526; x_wconf 74' lang='grc' dir='ltr'>Ἀρχὴ</span> <span class='ocrx_word' id='word_1_33' title='bbox 658 473 894 527; x_wconf 76' lang='grc' dir='ltr'>ὑπερηφανίας</span> <span class='ocrx_word' id='word_1_34' title='bbox 930 471 969 510; x_wconf 77' lang='grc' dir='ltr'>τὸ</span> <span class='ocrx_word' id='word_1_35' title='bbox 1007 470 1054 520; x_wconf 76' lang='grc' dir='ltr'>μὴ</span> <span class='ocrx_word' id='word_1_36' title='bbox 1085 471 1135 506; x_wconf 79' lang='grc' dir='ltr'>εἰ·</span> 
     </span>
     <span class='ocr_line' id='line_1_7' title="bbox 117 529 1139 587; baseline -0.006 -15"><span class='ocrx_word' id='word_1_37' title='bbox 117 535 210 574; x_wconf 73' lang='grc' dir='ltr'>δέναι</span> <span class='ocrx_word' id='word_1_38' title='bbox 248 535 304 573; x_wconf 79' lang='grc' dir='ltr'>τὸν</span> <span class='ocrx_word' id='word_1_39' title='bbox 327 533 465 587; x_wconf 90' lang='grc' dir='ltr'>Κύριον.</span> <span class='ocrx_word' id='word_1_40' title='bbox 490 536 566 572; x_wconf 84' lang='grc' dir='ltr'>Οὐκ</span> <span class='ocrx_word' id='word_1_41' title='bbox 591 536 630 572; x_wconf 76' lang='grc' dir='ltr'>ἂν</span> <span class='ocrx_word' id='word_1_42' title='bbox 661 533 858 586; x_wconf 73' lang='grc' dir='ltr'>κατηνέχθη</span> <span class='ocrx_word' id='word_1_43' title='bbox 890 532 949 570; x_wconf 80' lang='grc' dir='ltr'>καὶ</span> <span class='ocrx_word' id='word_1_44' title='bbox 980 529 1139 572; x_wconf 68' lang='grc' dir='ltr'>διάὸολος</span> 
     </span>
     <span class='ocr_line' id='line_1_8' title="bbox 117 590 1138 649; baseline -0.007 -14"><span class='ocrx_word' id='word_1_45' title='bbox 117 596 252 649; x_wconf 82' lang='grc' dir='ltr'>γέγονεν</span> <span class='ocrx_word' id='word_1_46' title='bbox 269 600 286 634; x_wconf 87' lang='grc' dir='ltr'>ὁ</span> <span class='ocrx_word' id='word_1_47' title='bbox 303 596 479 643; x_wconf 65' lang='grc' dir='ltr'>διάὸολος,</span> <span class='ocrx_word' id='word_1_48' title='bbox 499 598 560 635; x_wconf 82' lang='grc' dir='ltr'>οὐκ</span> <span class='ocrx_word' id='word_1_49' title='bbox 588 597 635 634; x_wconf 87' lang='grc' dir='ltr'>ὢν</span> <span class='ocrx_word' id='word_1_50' title='bbox 663 595 833 638; x_wconf 65' lang='grc' dir='ltr'>διάἕολος-</span> <span class='ocrx_word' id='word_1_51' title='bbox 848 593 1028 646; x_wconf 86' lang='grc' dir='ltr'>πρότερον,</span> <span class='ocrx_word' id='word_1_52' title='bbox 1045 593 1074 629; x_wconf 83' lang='grc' dir='ltr'>εἰ</span> <span class='ocrx_word' id='word_1_53' title='bbox 1090 590 1138 641; x_wconf 75' lang='grc' dir='ltr'>μὴ</span> 
     </span>
     <span class='ocr_line' id='line_1_9' title="bbox 118 651 1140 708; baseline -0.008 -12"><span class='ocrx_word' id='word_1_54' title='bbox 118 663 216 696; x_wconf 77' lang='grc' dir='ltr'>τοῦτο</span> <span class='ocrx_word' id='word_1_55' title='bbox 230 657 270 695; x_wconf 77' lang='grc' dir='ltr'>τὸ</span> <span class='ocrx_word' id='word_1_56' title='bbox 289 657 427 708; x_wconf 69' lang='grc' dir='ltr'>νόσημα</span> <span class='ocrx_word' id='word_1_57' title='bbox 442 657 595 704; x_wconf 80' lang='grc' dir='ltr'>ἐνόσησε.</span> <span class='ocrx_word' id='word_1_58' title='bbox 616 658 729 695; x_wconf 79' lang='grc' dir='ltr'>Τοῦτο</span> <span class='ocrx_word' id='word_1_59' title='bbox 743 655 844 693; x_wconf 82' lang='grc' dir='ltr'>αὐτὸν</span> <span class='ocrx_word' id='word_1_60' title='bbox 861 657 923 700; x_wconf 84' lang='grc' dir='ltr'>τ’ἧς</span> <span class='ocrx_word' id='word_1_61' title='bbox 941 651 1140 704; x_wconf 72' lang='grc' dir='ltr'>παρρησίας</span> 
     </span>
     <span class='ocr_line' id='line_1_10' title="bbox 119 714 1141 767; baseline -0.007 -10"><span class='ocrx_word' id='word_1_62' title='bbox 119 718 277 763; x_wconf 61' lang='grc' dir='ltr'>ἐξέὸαλεν</span> <span class='ocrx_word' id='word_1_63' title='bbox 298 719 430 765; x_wconf 80' lang='grc' dir='ltr'>ἐκείνης</span> <span class='ocrx_word' id='word_1_64' title='bbox 441 749 450 766; x_wconf 90' lang='grc'>,</span> <span class='ocrx_word' id='word_1_65' title='bbox 464 723 562 756; x_wconf 78' lang='grc' dir='ltr'>τοῦτο</span> <span class='ocrx_word' id='word_1_66' title='bbox 577 719 624 760; x_wconf 86' lang='grc' dir='ltr'>εἷς</span> <span class='ocrx_word' id='word_1_67' title='bbox 638 716 700 763; x_wconf 72' lang='grc' dir='ltr'>τὴν</span> <span class='ocrx_word' id='word_1_68' title='bbox 720 715 859 767; x_wconf 81' lang='grc' dir='ltr'>γέενναν</span> <span class='ocrx_word' id='word_1_69' title='bbox 873 714 1008 766; x_wconf 79' lang='grc' dir='ltr'>ἔπεμψε</span> <span class='ocrx_word' id='word_1_70' title='bbox 1019 744 1028 760; x_wconf 88' lang='grc'>,</span> <span class='ocrx_word' id='word_1_71' title='bbox 1041 717 1141 751; x_wconf 77' lang='grc' dir='ltr'>τοῦτο</span> 
     </span>
     <span class='ocr_line' id='line_1_11' title="bbox 119 773 1143 831; baseline -0.006 -14"><span class='ocrx_word' id='word_1_72' title='bbox 119 782 186 817; x_wconf 83' lang='grc' dir='ltr'>τῶν</span> <span class='ocrx_word' id='word_1_73' title='bbox 209 781 325 817; x_wconf 76' lang='grc' dir='ltr'>κακῶν</span> <span class='ocrx_word' id='word_1_74' title='bbox 352 778 460 817; x_wconf 80' lang='grc' dir='ltr'>αἴτιον</span> <span class='ocrx_word' id='word_1_75' title='bbox 484 781 577 831; x_wconf 82' lang='grc' dir='ltr'>αὐτῷ</span> <span class='ocrx_word' id='word_1_76' title='bbox 595 777 734 815; x_wconf 88' lang='grc' dir='ltr'>πάντων</span> <span class='ocrx_word' id='word_1_77' title='bbox 751 775 894 827; x_wconf 78' lang='grc' dir='ltr'>ἐγένετο.</span> <span class='ocrx_word' id='word_1_78' title='bbox 917 775 1051 813; x_wconf 74' lang='grc' dir='ltr'>Ἱκανὸν</span> <span class='ocrx_word' id='word_1_79' title='bbox 1074 773 1143 826; x_wconf 74' lang='grc' dir='ltr'>γὰρ</span> 
     </span>
     <span class='ocr_line' id='line_1_12' title="bbox 120 835 1142 891; baseline -0.006 -13"><span class='ocrx_word' id='word_1_80' title='bbox 120 840 179 878; x_wconf 81' lang='grc' dir='ltr'>καὶ</span> <span class='ocrx_word' id='word_1_81' title='bbox 195 843 272 878; x_wconf 83' lang='grc' dir='ltr'>καθ’</span> <span class='ocrx_word' id='word_1_82' title='bbox 298 841 399 879; x_wconf 73' lang='grc' dir='ltr'>ἑαυτὸ</span> <span class='ocrx_word' id='word_1_83' title='bbox 418 841 614 891; x_wconf 70' lang='grc' dir='ltr'>διαφθεῖραι</span> <span class='ocrx_word' id='word_1_84' title='bbox 635 845 750 876; x_wconf 80' lang='grc' dir='ltr'>πᾶσαν</span> <span class='ocrx_word' id='word_1_85' title='bbox 777 836 902 890; x_wconf 74' lang='grc' dir='ltr'>ἀρετὴν</span> <span class='ocrx_word' id='word_1_86' title='bbox 923 839 1058 888; x_wconf 69' lang='grc' dir='ltr'>ψυχῆς,</span> <span class='ocrx_word' id='word_1_87' title='bbox 1078 835 1142 873; x_wconf 81' lang='grc' dir='ltr'>κᾶν</span> 
     </span>
     <span class='ocr_line' id='line_1_13' title="bbox 123 895 1143 956; baseline -0.006 -16"><span class='ocrx_word' id='word_1_88' title='bbox 123 901 355 953; x_wconf 77' lang='grc' dir='ltr'>ἐλεημοσύνην</span> <span class='ocrx_word' id='word_1_89' title='bbox 384 900 463 954; x_wconf 74' lang='grc' dir='ltr'>εὕρῃ</span> <span class='ocrx_word' id='word_1_90' title='bbox 477 930 486 948; x_wconf 90' lang='grc'>,</span> <span class='ocrx_word' id='word_1_91' title='bbox 517 899 580 938; x_wconf 81' lang='grc' dir='ltr'>κᾶν</span> <span class='ocrx_word' id='word_1_92' title='bbox 616 897 734 950; x_wconf 80' lang='grc' dir='ltr'>εὐχὴν,</span> <span class='ocrx_word' id='word_1_93' title='bbox 769 898 832 936; x_wconf 79' lang='grc' dir='ltr'>κᾶν</span> <span class='ocrx_word' id='word_1_94' title='bbox 868 897 1044 956; x_wconf 77' lang='grc' dir='ltr'>νηστείαν,</span> <span class='ocrx_word' id='word_1_95' title='bbox 1080 895 1143 934; x_wconf 68' lang='grc' dir='ltr'>κᾶν</span> 
     </span>
     <span class='ocr_line' id='line_1_14' title="bbox 122 958 1144 1014; baseline -0.006 -13"><span class='ocrx_word' id='word_1_96' title='bbox 122 967 244 1002; x_wconf 73' lang='grc' dir='ltr'>ὁτιοῦν.</span> <span class='ocrx_word' id='word_1_97' title='bbox 276 963 328 1000; x_wconf 80' lang='grc' dir='ltr'>Τὸ</span> <span class='ocrx_word' id='word_1_98' title='bbox 361 961 428 1014; x_wconf 80' lang='grc' dir='ltr'>γὰρ</span> <span class='ocrx_word' id='word_1_99' title='bbox 459 961 590 1013; x_wconf 73' lang='grc' dir='ltr'>ὑψηλὸν</span> <span class='ocrx_word' id='word_1_100' title='bbox 624 962 657 998; x_wconf 83' lang='grc' dir='ltr'>ἐν</span> <span class='ocrx_word' id='word_1_101' title='bbox 692 958 904 1012; x_wconf 81' lang='grc' dir='ltr'>ἀνθρώποις,</span> <span class='ocrx_word' id='word_1_102' title='bbox 935 958 1144 1011; x_wconf 74' lang='grc' dir='ltr'>ἀκάθαρτον,</span> 
     </span>
     <span class='ocr_line' id='line_1_15' title="bbox 123 1017 1146 1076; baseline -0.006 -15"><span class='ocrx_word' id='word_1_103' title='bbox 123 1023 232 1076; x_wconf 75' lang='grc' dir='ltr'>φησὶ,</span> <span class='ocrx_word' id='word_1_104' title='bbox 261 1023 359 1076; x_wconf 78' lang='grc' dir='ltr'>παρὰ</span> <span class='ocrx_word' id='word_1_105' title='bbox 385 1025 515 1075; x_wconf 85' lang='grc' dir='ltr'>Κυρίῳ.</span> <span class='ocrx_word' id='word_1_106' title='bbox 547 1024 623 1060; x_wconf 83' lang='grc' dir='ltr'>Οὐκ</span> <span class='ocrx_word' id='word_1_107' title='bbox 654 1022 723 1074; x_wconf 78' lang='grc' dir='ltr'>ἄρα</span> <span class='ocrx_word' id='word_1_108' title='bbox 754 1020 897 1074; x_wconf 89' lang='grc' dir='ltr'>πορνεία</span> <span class='ocrx_word' id='word_1_109' title='bbox 921 1019 1035 1070; x_wconf 89' lang='grc' dir='ltr'>μόνον,</span> <span class='ocrx_word' id='word_1_110' title='bbox 1069 1017 1146 1056; x_wconf 71' lang='grc' dir='ltr'>οὐδὲ</span> 
     </span>
     <span class='ocr_line' id='line_1_16' title="bbox 127 1079 1147 1137; baseline -0.006 -13"><span class='ocrx_word' id='word_1_111' title='bbox 127 1084 267 1137; x_wconf 87' lang='grc' dir='ltr'>μοιχεία</span> <span class='ocrx_word' id='word_1_112' title='bbox 287 1083 445 1136; x_wconf 80' lang='grc' dir='ltr'>μολύνειν</span> <span class='ocrx_word' id='word_1_113' title='bbox 470 1083 568 1122; x_wconf 86' lang='grc' dir='ltr'>εἴωθε</span> <span class='ocrx_word' id='word_1_114' title='bbox 594 1082 672 1127; x_wconf 77' lang='grc' dir='ltr'>τοὺς</span> <span class='ocrx_word' id='word_1_115' title='bbox 700 1081 902 1136; x_wconf 72' lang='grc' dir='ltr'>χρωμένους</span> <span class='ocrx_word' id='word_1_116' title='bbox 921 1083 1027 1131; x_wconf 67' lang='grc' dir='ltr'>αὐτῇ,</span> <span class='ocrx_word' id='word_1_117' title='bbox 1057 1079 1147 1118; x_wconf 76' lang='grc' dir='ltr'>ἀλλὰ</span> 
     </span>
     <span class='ocr_line' id='line_1_17' title="bbox 125 1140 1148 1199; baseline -0.006 -15"><span class='ocrx_word' id='word_1_118' title='bbox 125 1146 185 1185; x_wconf 79' lang='grc' dir='ltr'>καὶ</span> <span class='ocrx_word' id='word_1_119' title='bbox 211 1144 449 1199; x_wconf 62' lang='grc' dir='ltr'>ὑπερηφανία,</span> <span class='ocrx_word' id='word_1_120' title='bbox 483 1144 543 1182; x_wconf 76' lang='grc' dir='ltr'>καὶ</span> <span class='ocrx_word' id='word_1_121' title='bbox 573 1146 692 1197; x_wconf 80' lang='grc' dir='ltr'>πολλῷ</span> <span class='ocrx_word' id='word_1_122' title='bbox 713 1143 816 1182; x_wconf 78' lang='grc' dir='ltr'>πλέον</span> <span class='ocrx_word' id='word_1_123' title='bbox 846 1141 997 1180; x_wconf 79' lang='grc' dir='ltr'>ἐκείνων.</span> <span class='ocrx_word' id='word_1_124' title='bbox 1023 1140 1148 1187; x_wconf 69' lang='grc' dir='ltr'>Διατί;</span> 
     </span>
     <span class='ocr_line' id='line_1_18' title="bbox 125 1203 1146 1261; baseline -0.007 -14"><span class='ocrx_word' id='word_1_125' title='bbox 125 1207 211 1247; x_wconf 68' lang='lat' dir='ltr'>“On</span> <span class='ocrx_word' id='word_1_126' title='bbox 245 1207 388 1261; x_wconf 89' lang='grc' dir='ltr'>πορνεία</span> <span class='ocrx_word' id='word_1_127' title='bbox 417 1206 492 1257; x_wconf 74' lang='grc' dir='ltr'>μὲν,</span> <span class='ocrx_word' id='word_1_128' title='bbox 514 1208 545 1244; x_wconf 82' lang='grc' dir='ltr'>εἰ</span> <span class='ocrx_word' id='word_1_129' title='bbox 572 1206 632 1244; x_wconf 71' lang='grc' dir='ltr'>καὶ</span> <span class='ocrx_word' id='word_1_130' title='bbox 660 1205 902 1257; x_wconf 83' lang='grc' dir='ltr'>ἀσύγγνωστον</span> <span class='ocrx_word' id='word_1_131' title='bbox 930 1203 1050 1251; x_wconf 80' lang='grc' dir='ltr'>κακὸν,</span> <span class='ocrx_word' id='word_1_132' title='bbox 1071 1204 1146 1240; x_wconf 85' lang='grc' dir='ltr'>ἀλλ’</span> 
     </span>
     <span class='ocr_line' id='line_1_19' title="bbox 126 1262 1150 1322; baseline -0.007 -13"><span class='ocrx_word' id='word_1_133' title='bbox 126 1271 221 1321; x_wconf 79' lang='grc' dir='ltr'>ὅμως</span> <span class='ocrx_word' id='word_1_134' title='bbox 236 1269 308 1322; x_wconf 81' lang='grc' dir='ltr'>ἔχει</span> <span class='ocrx_word' id='word_1_135' title='bbox 327 1285 379 1313; x_wconf 86' lang='grc' dir='ltr'>τις</span> <span class='ocrx_word' id='word_1_136' title='bbox 394 1268 455 1315; x_wconf 80' lang='grc' dir='ltr'>τὴν</span> <span class='ocrx_word' id='word_1_137' title='bbox 474 1267 659 1319; x_wconf 77' lang='grc' dir='ltr'>ἐπιθυμίαν</span> <span class='ocrx_word' id='word_1_138' title='bbox 676 1270 783 1306; x_wconf 80' lang='grc' dir='ltr'>εἰπεῖν</span> <span class='ocrx_word' id='word_1_139' title='bbox 797 1283 804 1291; x_wconf 93' lang='grc'><em>·</em></span> <span class='ocrx_word' id='word_1_140' title='bbox 822 1265 1005 1311; x_wconf 87' lang='grc' dir='ltr'>ἀλαζονεία</span> <span class='ocrx_word' id='word_1_141' title='bbox 1025 1264 1061 1303; x_wconf 78' lang='grc' dir='ltr'>δὲ</span> <span class='ocrx_word' id='word_1_142' title='bbox 1075 1262 1150 1302; x_wconf 65' lang='grc' dir='ltr'>οὐδὲ</span> 
     </span>
     <span class='ocr_line' id='line_1_20' title="bbox 130 1326 1150 1383; baseline -0.006 -14"><span class='ocrx_word' id='word_1_143' title='bbox 130 1331 242 1369; x_wconf 79' lang='grc' dir='ltr'>αἰτίαν</span> <span class='ocrx_word' id='word_1_144' title='bbox 259 1330 300 1368; x_wconf 77' lang='grc' dir='ltr'>ἂν</span> <span class='ocrx_word' id='word_1_145' title='bbox 315 1328 504 1383; x_wconf 72' lang='grc' dir='ltr'>εὕροιτινὰ,</span> <span class='ocrx_word' id='word_1_146' title='bbox 519 1328 595 1368; x_wconf 74' lang='grc' dir='ltr'>οὐδὲ</span> <span class='ocrx_word' id='word_1_147' title='bbox 615 1328 820 1375; x_wconf 69' lang='grc' dir='ltr'>οἱανδήποτε</span> <span class='ocrx_word' id='word_1_148' title='bbox 840 1328 1026 1380; x_wconf 76' lang='grc' dir='ltr'>πρόφασιν,</span> <span class='ocrx_word' id='word_1_149' title='bbox 1047 1327 1089 1364; x_wconf 76' lang='grc' dir='ltr'>δι’</span> <span class='ocrx_word' id='word_1_150' title='bbox 1109 1326 1150 1371; x_wconf 78' lang='grc' dir='ltr'>ἣν</span> 
     </span>
     <span class='ocr_line' id='line_1_21' title="bbox 130 1386 1152 1444; baseline -0.005 -15"><span class='ocrx_word' id='word_1_151' title='bbox 130 1391 170 1430; x_wconf 82' lang='grc' dir='ltr'>ἂν</span> <span class='ocrx_word' id='word_1_152' title='bbox 186 1391 287 1444; x_wconf 86' lang='grc' dir='ltr'>τύχοι</span> <span class='ocrx_word' id='word_1_153' title='bbox 315 1398 414 1435; x_wconf 77' lang='grc' dir='ltr'>σκιᾶς</span> <span class='ocrx_word' id='word_1_154' title='bbox 447 1395 525 1443; x_wconf 71' lang='grc' dir='ltr'>γοῦν</span> <span class='ocrx_word' id='word_1_155' title='bbox 558 1388 785 1441; x_wconf 82' lang='grc' dir='ltr'>συγγνώμης·</span> <span class='ocrx_word' id='word_1_156' title='bbox 816 1388 895 1426; x_wconf 75' lang='grc' dir='ltr'>ἀλλ’</span> <span class='ocrx_word' id='word_1_157' title='bbox 916 1387 1011 1426; x_wconf 74' lang='grc' dir='ltr'>οὐδὲν</span> <span class='ocrx_word' id='word_1_158' title='bbox 1038 1386 1152 1438; x_wconf 77' lang='grc' dir='ltr'>ἔτερόν</span> 
     </span>
     <span class='ocr_line' id='line_1_22' title="bbox 131 1447 1153 1504; baseline -0.006 -13"><span class='ocrx_word' id='word_1_159' title='bbox 131 1456 221 1492; x_wconf 81' lang='grc' dir='ltr'>ἐστιν</span> <span class='ocrx_word' id='word_1_160' title='bbox 243 1451 330 1498; x_wconf 80' lang='grc' dir='ltr'>αὕτη</span> <span class='ocrx_word' id='word_1_161' title='bbox 343 1483 352 1499; x_wconf 87' lang='grc'>,</span> <span class='ocrx_word' id='word_1_162' title='bbox 369 1451 392 1497; x_wconf 85' lang='grc' dir='ltr'>ἢ</span> <span class='ocrx_word' id='word_1_163' title='bbox 413 1450 602 1504; x_wconf 67' lang='grc' dir='ltr'>διαστροφὴ</span> <span class='ocrx_word' id='word_1_164' title='bbox 616 1453 731 1502; x_wconf 72' lang='grc' dir='ltr'>ψυχῆς</span> <span class='ocrx_word' id='word_1_165' title='bbox 749 1449 808 1488; x_wconf 83' lang='grc' dir='ltr'>καὶ</span> <span class='ocrx_word' id='word_1_166' title='bbox 826 1449 924 1492; x_wconf 87' lang='grc' dir='ltr'>νόσος</span> <span class='ocrx_word' id='word_1_167' title='bbox 940 1447 1153 1500; x_wconf 76' lang='grc' dir='ltr'>χαλεπωτά-</span> 
     </span>
     <span class='ocr_line' id='line_1_23' title="bbox 129 1506 1153 1564; baseline -0.007 -12"><span class='ocrx_word' id='word_1_168' title='bbox 129 1531 172 1561; x_wconf 88' lang='grc' dir='ltr'>τη</span> <span class='ocrx_word' id='word_1_169' title='bbox 185 1544 194 1561; x_wconf 90' lang='grc'>,</span> <span class='ocrx_word' id='word_1_170' title='bbox 213 1513 400 1564; x_wconf 77' lang='grc' dir='ltr'>οὐδαμόθεν</span> <span class='ocrx_word' id='word_1_171' title='bbox 417 1512 558 1550; x_wconf 85' lang='grc' dir='ltr'>ἄλλοθεν</span> <span class='ocrx_word' id='word_1_172' title='bbox 576 1510 762 1561; x_wconf 77' lang='grc' dir='ltr'>τικτομένη</span> <span class='ocrx_word' id='word_1_173' title='bbox 778 1540 787 1558; x_wconf 88' lang='grc'>,</span> <span class='ocrx_word' id='word_1_174' title='bbox 808 1509 831 1555; x_wconf 80' lang='grc' dir='ltr'>ἢ</span> <span class='ocrx_word' id='word_1_175' title='bbox 849 1509 882 1553; x_wconf 81' lang='grc' dir='ltr'>ἐξ</span> <span class='ocrx_word' id='word_1_176' title='bbox 899 1508 1027 1552; x_wconf 86' lang='grc' dir='ltr'>ἀνοίας.</span> <span class='ocrx_word' id='word_1_177' title='bbox 1042 1506 1153 1546; x_wconf 71' lang='grc' dir='ltr'>Οὐδὲν</span> 
     </span>
     <span class='ocr_line' id='line_1_24' title="bbox 130 1563 1154 1628; baseline -0.006 -15"><span class='ocrx_word' id='word_1_178' title='bbox 130 1575 198 1628; x_wconf 81' lang='grc' dir='ltr'>γὰρ</span> <span class='ocrx_word' id='word_1_179' title='bbox 219 1574 442 1626; x_wconf 89' lang='grc' dir='ltr'>ἀνοητότερον</span> <span class='ocrx_word' id='word_1_180' title='bbox 466 1572 630 1616; x_wconf 82' lang='grc' dir='ltr'>ἀλαζόνος</span> <span class='ocrx_word' id='word_1_181' title='bbox 659 1570 860 1624; x_wconf 83' lang='grc' dir='ltr'>ἀνθρώπου,</span> <span class='ocrx_word' id='word_1_182' title='bbox 880 1570 944 1609; x_wconf 79' lang='grc' dir='ltr'>κᾶν</span> <span class='ocrx_word' id='word_1_183' title='bbox 964 1572 1111 1609; x_wconf 71' lang='grc' dir='ltr'>πλοῦτον</span> <span class='ocrx_word' id='word_1_184' title='bbox 1131 1563 1154 1622; x_wconf 66' lang='grc' dir='ltr'>ᾗ</span> 
     </span>
     <span class='ocr_line' id='line_1_25' title="bbox 130 1632 1154 1690; baseline -0.005 -15"><span class='ocrx_word' id='word_1_185' title='bbox 130 1635 444 1690; x_wconf 63' lang='grc' dir='ltr'>περιὸεὸλημένος,</span> <span class='ocrx_word' id='word_1_186' title='bbox 466 1635 528 1673; x_wconf 78' lang='grc' dir='ltr'>κᾶν</span> <span class='ocrx_word' id='word_1_187' title='bbox 555 1634 688 1681; x_wconf 77' lang='grc' dir='ltr'>πολλὴν</span> <span class='ocrx_word' id='word_1_188' title='bbox 715 1633 927 1685; x_wconf 73' lang='grc' dir='ltr'>κεκτημένος</span> <span class='ocrx_word' id='word_1_189' title='bbox 948 1632 1011 1680; x_wconf 65' lang='grc' dir='ltr'>τὴν</span> <span class='ocrx_word' id='word_1_190' title='bbox 1033 1632 1154 1677; x_wconf 78' lang='grc' dir='ltr'>ἔξωθεν</span> 
     </span>
     <span class='ocr_line' id='line_1_26' title="bbox 133 1693 1157 1751; baseline -0.006 -14"><span class='ocrx_word' id='word_1_191' title='bbox 133 1697 267 1751; x_wconf 60' lang='grc' dir='ltr'>σοφίαν,</span> <span class='ocrx_word' id='word_1_192' title='bbox 297 1696 360 1735; x_wconf 81' lang='grc' dir='ltr'>κᾶν</span> <span class='ocrx_word' id='word_1_193' title='bbox 386 1699 419 1735; x_wconf 80' lang='grc' dir='ltr'>ἓν</span> <span class='ocrx_word' id='word_1_194' title='bbox 444 1694 627 1749; x_wconf 78' lang='grc' dir='ltr'>δυναστείᾳ</span> <span class='ocrx_word' id='word_1_195' title='bbox 646 1694 839 1743; x_wconf 87' lang='grc' dir='ltr'>καθεστὼς,</span> <span class='ocrx_word' id='word_1_196' title='bbox 861 1694 926 1733; x_wconf 75' lang='grc' dir='ltr'>κᾶν</span> <span class='ocrx_word' id='word_1_197' title='bbox 952 1695 1091 1734; x_wconf 83' lang='grc' dir='ltr'>ἅπαντα</span> <span class='ocrx_word' id='word_1_198' title='bbox 1111 1693 1157 1732; x_wconf 82' lang='grc' dir='ltr'>τὰ</span> 
     </span>
     <span class='ocr_line' id='line_1_27' title="bbox 133 1751 1157 1812; baseline -0.006 -14"><span class='ocrx_word' id='word_1_199' title='bbox 133 1762 168 1798; x_wconf 81' lang='grc' dir='ltr'>ἐν</span> <span class='ocrx_word' id='word_1_200' title='bbox 199 1758 393 1812; x_wconf 81' lang='grc' dir='ltr'>ἀνθρώποις</span> <span class='ocrx_word' id='word_1_201' title='bbox 420 1751 508 1796; x_wconf 67' lang='grc' dir='ltr'>εἶναι</span> <span class='ocrx_word' id='word_1_202' title='bbox 533 1758 697 1795; x_wconf 76' lang='grc' dir='ltr'>δοκοῦντα</span> <span class='ocrx_word' id='word_1_203' title='bbox 723 1755 864 1804; x_wconf 81' lang='grc' dir='ltr'>ζηλωτὰ</span> <span class='ocrx_word' id='word_1_204' title='bbox 885 1755 1092 1809; x_wconf 78' lang='grc' dir='ltr'>περιφέρων.</span> <span class='ocrx_word' id='word_1_205' title='bbox 1112 1756 1157 1793; x_wconf 82' lang='grc' dir='ltr'>Εἰ</span> 
     </span>
     <span class='ocr_line' id='line_1_28' title="bbox 133 1816 1159 1873; baseline -0.004 -15"><span class='ocrx_word' id='word_1_206' title='bbox 133 1820 202 1873; x_wconf 78' lang='grc' dir='ltr'>γὰρ</span> <span class='ocrx_word' id='word_1_207' title='bbox 221 1823 239 1858; x_wconf 83' lang='grc' dir='ltr'>ὃ</span> <span class='ocrx_word' id='word_1_208' title='bbox 264 1819 321 1858; x_wconf 77' lang='grc' dir='ltr'>ε’πὶ</span> <span class='ocrx_word' id='word_1_209' title='bbox 339 1826 410 1863; x_wconf 81' lang='grc' dir='ltr'>τοῖς</span> <span class='ocrx_word' id='word_1_210' title='bbox 439 1819 544 1861; x_wconf 81' lang='grc' dir='ltr'>ὄντως</span> <span class='ocrx_word' id='word_1_211' title='bbox 571 1820 691 1861; x_wconf 90' lang='grc' dir='ltr'>καλοῖς</span> <span class='ocrx_word' id='word_1_212' title='bbox 713 1816 1023 1868; x_wconf 86' lang='grc' dir='ltr'>ἀλαζονευόμενος,</span> <span class='ocrx_word' id='word_1_213' title='bbox 1044 1816 1159 1860; x_wconf 84' lang='grc' dir='ltr'>ἅθλιος</span> 
     </span>
     <span class='ocr_line' id='line_1_29' title="bbox 135 1876 1159 1933; baseline -0.005 -14"><span class='ocrx_word' id='word_1_214' title='bbox 135 1881 194 1919; x_wconf 79' lang='grc' dir='ltr'>καὶ</span> <span class='ocrx_word' id='word_1_215' title='bbox 208 1880 442 1933; x_wconf 84' lang='grc' dir='ltr'>ταλαίπωρος,</span> <span class='ocrx_word' id='word_1_216' title='bbox 457 1880 516 1918; x_wconf 78' lang='grc' dir='ltr'>καὶ</span> <span class='ocrx_word' id='word_1_217' title='bbox 530 1879 670 1918; x_wconf 79' lang='grc' dir='ltr'>πάντων</span> <span class='ocrx_word' id='word_1_218' title='bbox 687 1878 825 1917; x_wconf 81' lang='grc' dir='ltr'>ἐκείνων</span> <span class='ocrx_word' id='word_1_219' title='bbox 840 1878 898 1916; x_wconf 79' lang='grc' dir='ltr'>τὸν</span> <span class='ocrx_word' id='word_1_220' title='bbox 915 1876 1036 1929; x_wconf 83' lang='grc' dir='ltr'>μισθὸν</span> <span class='ocrx_word' id='word_1_221' title='bbox 1053 1877 1159 1915; x_wconf 85' lang='grc' dir='ltr'>ἀπόλ-</span> 
     </span>
     <span class='ocr_line' id='line_1_30' title="bbox 134 1935 1160 1993; baseline -0.004 -12"><span class='ocrx_word' id='word_1_222' title='bbox 134 1945 250 1981; x_wconf 81' lang='grc' dir='ltr'>λυσιν·</span> <span class='ocrx_word' id='word_1_223' title='bbox 279 1944 297 1979; x_wconf 82' lang='grc' dir='ltr'><strong><em>ὃ</em></strong></span> <span class='ocrx_word' id='word_1_224' title='bbox 324 1943 357 1979; x_wconf 83' lang='grc' dir='ltr'>ἓν</span> <span class='ocrx_word' id='word_1_225' title='bbox 382 1948 452 1985; x_wconf 89' lang='grc' dir='ltr'>τοῖς</span> <span class='ocrx_word' id='word_1_226' title='bbox 483 1941 590 1992; x_wconf 71' lang='grc' dir='ltr'>μηδὲν</span> <span class='ocrx_word' id='word_1_227' title='bbox 623 1935 716 1980; x_wconf 63' lang='grc' dir='ltr'>οἶσιν</span> <span class='ocrx_word' id='word_1_228' title='bbox 739 1939 986 1993; x_wconf 81' lang='grc' dir='ltr'>ἐπαιρόμενος,</span> <span class='ocrx_word' id='word_1_229' title='bbox 1016 1939 1076 1978; x_wconf 77' lang='grc' dir='ltr'>καὶ</span> <span class='ocrx_word' id='word_1_230' title='bbox 1103 1938 1160 1978; x_wconf 74' lang='grc' dir='ltr'>διὰ</span> 
     </span>
     <span class='ocr_line' id='line_1_31' title="bbox 135 2001 1160 2055; baseline -0.003 -14"><span class='ocrx_word' id='word_1_231' title='bbox 135 2002 196 2051; x_wconf 76' lang='grc' dir='ltr'>τὴν</span> <span class='ocrx_word' id='word_1_232' title='bbox 220 2002 320 2042; x_wconf 71' lang='grc' dir='ltr'>σκιὰν</span> <span class='ocrx_word' id='word_1_233' title='bbox 343 2003 402 2041; x_wconf 81' lang='grc' dir='ltr'>καὶ</span> <span class='ocrx_word' id='word_1_234' title='bbox 423 2003 463 2041; x_wconf 74' lang='grc' dir='ltr'>τὸ</span> <span class='ocrx_word' id='word_1_235' title='bbox 487 2003 587 2046; x_wconf 80' lang='grc' dir='ltr'>ἄνθος</span> <span class='ocrx_word' id='word_1_236' title='bbox 607 2007 666 2041; x_wconf 74' lang='grc' dir='ltr'>τοῦ</span> <span class='ocrx_word' id='word_1_237' title='bbox 687 2001 813 2055; x_wconf 77' lang='grc' dir='ltr'>χόρτου</span> <span class='ocrx_word' id='word_1_238' title='bbox 835 2002 958 2052; x_wconf 76' lang='grc' dir='ltr'>(τοῦτο</span> <span class='ocrx_word' id='word_1_239' title='bbox 981 2001 1049 2054; x_wconf 70' lang='grc' dir='ltr'>γάρ</span> <span class='ocrx_word' id='word_1_240' title='bbox 1069 2004 1160 2040; x_wconf 80' lang='grc' dir='ltr'>ἐστιν</span> 
     </span>
     <span class='ocr_line' id='line_1_32' title="bbox 137 2061 1164 2118; baseline -0.003 -16"><span class='ocrx_word' id='word_1_241' title='bbox 137 2068 159 2111; x_wconf 81' lang='grc' dir='ltr'>ἡ</span> <span class='ocrx_word' id='word_1_242' title='bbox 178 2068 338 2118; x_wconf 77' lang='grc' dir='ltr'>παροῦσα</span> <span class='ocrx_word' id='word_1_243' title='bbox 357 2063 459 2111; x_wconf 78' lang='grc' dir='ltr'>δόξα)</span> <span class='ocrx_word' id='word_1_244' title='bbox 475 2066 590 2115; x_wconf 68' lang='grc' dir='ltr'>φυσῶν</span> <span class='ocrx_word' id='word_1_245' title='bbox 608 2064 741 2111; x_wconf 70' lang='grc' dir='ltr'>ἑαυτὸν,</span> <span class='ocrx_word' id='word_1_246' title='bbox 763 2065 838 2106; x_wconf 82' lang='grc' dir='ltr'>πῶς</span> <span class='ocrx_word' id='word_1_247' title='bbox 857 2064 918 2101; x_wconf 77' lang='grc' dir='ltr'>οὐκ</span> <span class='ocrx_word' id='word_1_248' title='bbox 942 2062 982 2100; x_wconf 80' lang='grc' dir='ltr'>ἂν</span> <span class='ocrx_word' id='word_1_249' title='bbox 1002 2061 1055 2109; x_wconf 88' lang='grc' dir='ltr'>εἴη</span> <span class='ocrx_word' id='word_1_250' title='bbox 1076 2062 1164 2100; x_wconf 76' lang='grc' dir='ltr'>πάν-</span> 
     </span>
     <span class='ocr_line' id='line_1_33' title="bbox 138 2122 1166 2177; baseline -0.001 -15"><span class='ocrx_word' id='word_1_251' title='bbox 138 2141 205 2162; x_wconf 84' lang='grc' dir='ltr'>των</span> <span class='ocrx_word' id='word_1_252' title='bbox 235 2124 597 2177; x_wconf 80' lang='grc' dir='ltr'>καταγελαστότερος,</span> <span class='ocrx_word' id='word_1_253' title='bbox 625 2124 748 2162; x_wconf 78' lang='grc' dir='ltr'>ταύτὸν</span> <span class='ocrx_word' id='word_1_254' title='bbox 780 2126 902 2171; x_wconf 83' lang='grc' dir='ltr'>ποιῶν,</span> <span class='ocrx_word' id='word_1_255' title='bbox 933 2122 1020 2177; x_wconf 74' lang='grc' dir='ltr'>ὅπερ</span> <span class='ocrx_word' id='word_1_256' title='bbox 1050 2123 1091 2162; x_wconf 79' lang='grc' dir='ltr'>ἄν</span> <span class='ocrx_word' id='word_1_257' title='bbox 1113 2139 1166 2167; x_wconf 91' lang='grc' dir='ltr'>τις</span> 
     </span>
     <span class='ocr_line' id='line_1_34' title="bbox 139 2184 1163 2239; baseline -0.004 -13"><span class='ocrx_word' id='word_1_258' title='bbox 139 2186 294 2233; x_wconf 74' lang='grc' dir='ltr'>ποιήσειε</span> <span class='ocrx_word' id='word_1_259' title='bbox 315 2186 454 2239; x_wconf 79' lang='grc' dir='ltr'>πτωχὸς</span> <span class='ocrx_word' id='word_1_260' title='bbox 480 2187 540 2224; x_wconf 83' lang='grc' dir='ltr'>καὶ</span> <span class='ocrx_word' id='word_1_261' title='bbox 573 2187 701 2234; x_wconf 83' lang='grc' dir='ltr'>πένης,</span> <span class='ocrx_word' id='word_1_262' title='bbox 723 2186 839 2224; x_wconf 74' lang='grc' dir='ltr'>πάντα</span> <span class='ocrx_word' id='word_1_263' title='bbox 868 2184 929 2237; x_wconf 75' lang='grc' dir='ltr'>μὲν</span> <span class='ocrx_word' id='word_1_264' title='bbox 950 2185 1007 2223; x_wconf 78' lang='grc' dir='ltr'>τὸν</span> <span class='ocrx_word' id='word_1_265' title='bbox 1040 2185 1163 2238; x_wconf 85' lang='grc' dir='ltr'>χρόνον</span> 
     </span>
     <span class='ocr_line' id='line_1_35' title="bbox 139 2245 1166 2301; baseline -0.003 -15"><span class='ocrx_word' id='word_1_266' title='bbox 139 2251 232 2301; x_wconf 85' lang='grc' dir='ltr'>λιμῷ</span> <span class='ocrx_word' id='word_1_267' title='bbox 245 2246 434 2298; x_wconf 83' lang='grc' dir='ltr'>τηκόμενος</span> <span class='ocrx_word' id='word_1_268' title='bbox 447 2277 456 2293; x_wconf 88' lang='grc'>,</span> <span class='ocrx_word' id='word_1_269' title='bbox 480 2250 509 2285; x_wconf 80' lang='grc' dir='ltr'>εἰ</span> <span class='ocrx_word' id='word_1_270' title='bbox 530 2247 566 2287; x_wconf 79' lang='grc' dir='ltr'>δὲ</span> <span class='ocrx_word' id='word_1_271' title='bbox 583 2247 738 2299; x_wconf 62' lang='grc' dir='ltr'>συμέαίη</span> <span class='ocrx_word' id='word_1_272' title='bbox 752 2246 836 2286; x_wconf 78' lang='grc' dir='ltr'>ποτὲ</span> <span class='ocrx_word' id='word_1_273' title='bbox 854 2246 936 2297; x_wconf 91' lang='grc' dir='ltr'>μίαν</span> <span class='ocrx_word' id='word_1_274' title='bbox 953 2245 1060 2284; x_wconf 85' lang='grc' dir='ltr'>νύκτα</span> <span class='ocrx_word' id='word_1_275' title='bbox 1078 2262 1166 2299; x_wconf 87' lang='grc' dir='ltr'>χρη-</span> 
     </span>
     <span class='ocr_line' id='line_1_36' title="bbox 141 2306 1167 2362; baseline -0.003 -14"><span class='ocrx_word' id='word_1_276' title='bbox 141 2309 219 2348; x_wconf 74' lang='grc' dir='ltr'>στὸν</span> <span class='ocrx_word' id='word_1_277' title='bbox 235 2309 320 2361; x_wconf 84' lang='grc' dir='ltr'>ὄναρ</span> <span class='ocrx_word' id='word_1_278' title='bbox 340 2309 434 2357; x_wconf 78' lang='grc' dir='ltr'>ἰδεῖν,</span> <span class='ocrx_word' id='word_1_279' title='bbox 451 2308 508 2347; x_wconf 73' lang='grc' dir='ltr'>διὰ</span> <span class='ocrx_word' id='word_1_280' title='bbox 520 2314 621 2348; x_wconf 76' lang='grc' dir='ltr'>τοῦτο</span> <span class='ocrx_word' id='word_1_281' title='bbox 639 2308 890 2362; x_wconf 79' lang='grc' dir='ltr'>γαυρούμενος;</span> <span class='ocrx_word' id='word_1_282' title='bbox 907 2306 1022 2346; x_wconf 83' lang='grc' dir='ltr'>Ἄθλιε</span> <span class='ocrx_word' id='word_1_283' title='bbox 1032 2308 1093 2345; x_wconf 81' lang='grc' dir='ltr'>καὶ</span> <span class='ocrx_word' id='word_1_284' title='bbox 1108 2324 1167 2345; x_wconf 85' lang='grc' dir='ltr'>τα-</span> 
     </span>
     <span class='ocr_line' id='line_1_37' title="bbox 140 2368 1166 2423; baseline -0.003 -15"><span class='ocrx_word' id='word_1_285' title='bbox 140 2370 297 2409; x_wconf 47' lang='grc' dir='ltr'>λαίπωρε</span> <span class='ocrx_word' id='word_1_286' title='bbox 312 2401 321 2417; x_wconf 92' lang='grc'>,</span> <span class='ocrx_word' id='word_1_287' title='bbox 349 2373 412 2417; x_wconf 68' lang='grc' dir='ltr'>τῆς</span> <span class='ocrx_word' id='word_1_288' title='bbox 431 2372 545 2423; x_wconf 67' lang='grc' dir='ltr'>ψυχῆς</span> <span class='ocrx_word' id='word_1_289' title='bbox 560 2386 614 2408; x_wconf 91' lang='grc' dir='ltr'>σοι</span> <span class='ocrx_word' id='word_1_290' title='bbox 632 2370 915 2422; x_wconf 69' lang='grc' dir='ltr'>διαφθειρομένης</span> <span class='ocrx_word' id='word_1_291' title='bbox 931 2368 1166 2422; x_wconf 76' lang='grc' dir='ltr'>χαλεπωτάτη</span> 
     </span>
     <span class='ocr_line' id='line_1_38' title="bbox 141 2429 1169 2484; baseline -0.002 -15"><span class='ocrx_word' id='word_1_292' title='bbox 141 2431 249 2483; x_wconf 82' lang='grc' dir='ltr'>νόσῳ,</span> <span class='ocrx_word' id='word_1_293' title='bbox 272 2431 331 2469; x_wconf 78' lang='grc' dir='ltr'>καὶ</span> <span class='ocrx_word' id='word_1_294' title='bbox 351 2430 412 2478; x_wconf 70' lang='grc' dir='ltr'>τὴν</span> <span class='ocrx_word' id='word_1_295' title='bbox 433 2432 584 2484; x_wconf 76' lang='grc' dir='ltr'>ἐσχάτην</span> <span class='ocrx_word' id='word_1_296' title='bbox 605 2430 790 2482; x_wconf 85' lang='grc' dir='ltr'>πενόμενος</span> <span class='ocrx_word' id='word_1_297' title='bbox 808 2430 942 2478; x_wconf 83' lang='grc' dir='ltr'>πενίαν,</span> <span class='ocrx_word' id='word_1_298' title='bbox 971 2429 1061 2481; x_wconf 78' lang='grc' dir='ltr'>μέγα</span> <span class='ocrx_word' id='word_1_299' title='bbox 1081 2445 1169 2482; x_wconf 70' lang='grc' dir='ltr'>φρο-</span> 
     </span>
     <span class='ocr_line' id='line_1_39' title="bbox 148 2490 1170 2545; baseline -0.002 -16"><span class='ocrx_word' id='word_1_300' title='bbox 148 2497 235 2539; x_wconf 86' lang='grc' dir='ltr'>νεῖς,</span> <span class='ocrx_word' id='word_1_301' title='bbox 259 2492 312 2531; x_wconf 77' lang='grc' dir='ltr'>ὅτι</span> <span class='ocrx_word' id='word_1_302' title='bbox 335 2496 464 2545; x_wconf 72' lang='grc' dir='ltr'>χρυσοῦ</span> <span class='ocrx_word' id='word_1_303' title='bbox 483 2492 639 2530; x_wconf 75' lang='grc' dir='ltr'>τάλαντα</span> <span class='ocrx_word' id='word_1_304' title='bbox 669 2491 760 2543; x_wconf 82' lang='grc' dir='ltr'>ἔχεις</span> <span class='ocrx_word' id='word_1_305' title='bbox 787 2491 872 2530; x_wconf 84' lang='grc' dir='ltr'>τόσα</span> <span class='ocrx_word' id='word_1_306' title='bbox 899 2491 959 2530; x_wconf 85' lang='grc' dir='ltr'>καὶ</span> <span class='ocrx_word' id='word_1_307' title='bbox 984 2491 1089 2537; x_wconf 71' lang='grc' dir='ltr'>τόσα,</span> <span class='ocrx_word' id='word_1_308' title='bbox 1117 2490 1170 2528; x_wconf 69' lang='grc' dir='ltr'>ὅτι</span> 
     </span>
     <span class='ocr_line' id='line_1_40' title="bbox 151 2550 1169 2604; baseline -0.003 -14"><span class='ocrx_word' id='word_1_309' title='bbox 151 2555 280 2599; x_wconf 61' lang='grc' dir='ltr'>πλῆθος</span> <span class='ocrx_word' id='word_1_310' title='bbox 300 2552 547 2604; x_wconf 75' lang='grc' dir='ltr'>ἀνδραπόδων;</span> <span class='ocrx_word' id='word_1_311' title='bbox 568 2552 672 2590; x_wconf 75' lang='grc' dir='ltr'>Ἀλλὰ</span> <span class='ocrx_word' id='word_1_312' title='bbox 696 2557 806 2590; x_wconf 72' lang='grc' dir='ltr'>ταῦτα</span> <span class='ocrx_word' id='word_1_313' title='bbox 825 2555 862 2590; x_wconf 84' lang='grc' dir='ltr'>οὐ</span> <span class='ocrx_word' id='word_1_314' title='bbox 882 2552 938 2590; x_wconf 85' lang='grc' dir='ltr'>σοί.</span> <span class='ocrx_word' id='word_1_315' title='bbox 964 2551 1033 2590; x_wconf 83' lang='grc' dir='ltr'>Καὶ</span> <span class='ocrx_word' id='word_1_316' title='bbox 1063 2553 1093 2588; x_wconf 84' lang='grc' dir='ltr'>εἰ</span> <span class='ocrx_word' id='word_1_317' title='bbox 1121 2550 1169 2600; x_wconf 68' lang='grc' dir='ltr'>μὴ</span> 
     </span>
     <span class='ocr_line' id='line_1_41' title="bbox 152 2612 1172 2664; baseline -0.002 -13"><span class='ocrx_word' id='word_1_318' title='bbox 152 2613 254 2664; x_wconf 81' lang='grc' dir='ltr'>πείθῃ</span> <span class='ocrx_word' id='word_1_319' title='bbox 273 2619 344 2656; x_wconf 82' lang='grc' dir='ltr'>τοῖς</span> <span class='ocrx_word' id='word_1_320' title='bbox 363 2616 458 2663; x_wconf 77' lang='grc' dir='ltr'>ἐμοῖς</span> <span class='ocrx_word' id='word_1_321' title='bbox 482 2612 646 2664; x_wconf 76' lang='grc' dir='ltr'>ῥήμασιν,</span> <span class='ocrx_word' id='word_1_322' title='bbox 670 2612 739 2650; x_wconf 79' lang='grc' dir='ltr'>ἀπὸ</span> <span class='ocrx_word' id='word_1_323' title='bbox 760 2614 823 2657; x_wconf 67' lang='grc' dir='ltr'>τῆς</span> <span class='ocrx_word' id='word_1_324' title='bbox 852 2612 974 2664; x_wconf 84' lang='grc' dir='ltr'>πείρας</span> <span class='ocrx_word' id='word_1_325' title='bbox 996 2615 1064 2649; x_wconf 86' lang='grc' dir='ltr'>τῶν</span> <span class='ocrx_word' id='word_1_326' title='bbox 1085 2628 1172 2663; x_wconf 89' lang='grc' dir='ltr'>προ-</span> 
     </span>
     <span class='ocr_line' id='line_1_42' title="bbox 152 2671 1173 2725; baseline -0.003 -13"><span class='ocrx_word' id='word_1_327' title='bbox 152 2674 330 2712; x_wconf 63' lang='grc' dir='ltr'>λαὲόντων</span> <span class='ocrx_word' id='word_1_328' title='bbox 353 2673 516 2725; x_wconf 76' lang='grc' dir='ltr'>μάνθανε.</span> <span class='ocrx_word' id='word_1_329' title='bbox 536 2671 622 2710; x_wconf 74' lang='grc' dir='ltr'>Ἐὰν</span> <span class='ocrx_word' id='word_1_330' title='bbox 658 2672 693 2709; x_wconf 76' lang='grc' dir='ltr'>δὲ</span> <span class='ocrx_word' id='word_1_331' title='bbox 721 2671 810 2710; x_wconf 75' lang='grc' dir='ltr'>οὕτω</span> <span class='ocrx_word' id='word_1_332' title='bbox 831 2672 978 2723; x_wconf 81' lang='grc' dir='ltr'>μεθύης,</span> <span class='ocrx_word' id='word_1_333' title='bbox 1009 2674 1055 2715; x_wconf 79' lang='grc' dir='ltr'>ὡς</span> <span class='ocrx_word' id='word_1_334' title='bbox 1085 2672 1173 2722; x_wconf 74' lang='grc' dir='ltr'>μήτε</span> 
     </span>
     <span class='ocr_line' id='line_1_43' title="bbox 154 2732 1174 2787; baseline -0.005 -13"><span class='ocrx_word' id='word_1_335' title='bbox 154 2738 192 2774; x_wconf 81' lang='grc' dir='ltr'>ἐκ</span> <span class='ocrx_word' id='word_1_336' title='bbox 213 2738 280 2773; x_wconf 83' lang='grc' dir='ltr'>τῶν</span> <span class='ocrx_word' id='word_1_337' title='bbox 297 2734 424 2787; x_wconf 76' lang='grc' dir='ltr'>ἑτέροις</span> <span class='ocrx_word' id='word_1_338' title='bbox 443 2733 703 2785; x_wconf 64' lang='grc' dir='ltr'>συμὲαινόντων</span> <span class='ocrx_word' id='word_1_339' title='bbox 725 2737 835 2772; x_wconf 72' lang='grc' dir='ltr'>ταῦτα</span> <span class='ocrx_word' id='word_1_340' title='bbox 853 2732 1092 2780; x_wconf 69' lang='grc' dir='ltr'>παιδεύεσθαι,</span> <span class='ocrx_word' id='word_1_341' title='bbox 1115 2749 1174 2783; x_wconf 87' lang='grc' dir='ltr'>μι-</span> 
     </span>
     <span class='ocr_line' id='line_1_44' title="bbox 155 2792 1175 2850; baseline -0.004 -16"><span class='ocrx_word' id='word_1_342' title='bbox 155 2797 236 2850; x_wconf 78' lang='grc' dir='ltr'>κρὸν</span> <span class='ocrx_word' id='word_1_343' title='bbox 258 2795 454 2847; x_wconf 79' lang='grc' dir='ltr'>ἀνάμεινον,</span> <span class='ocrx_word' id='word_1_344' title='bbox 471 2795 530 2833; x_wconf 86' lang='grc' dir='ltr'>καὶ</span> <span class='ocrx_word' id='word_1_345' title='bbox 546 2794 620 2846; x_wconf 85' lang='grc' dir='ltr'>εἴσῃ</span> <span class='ocrx_word' id='word_1_346' title='bbox 645 2794 702 2832; x_wconf 67' lang='grc' dir='ltr'>διὰ</span> <span class='ocrx_word' id='word_1_347' title='bbox 719 2797 787 2832; x_wconf 80' lang='grc' dir='ltr'>τῶν</span> <span class='ocrx_word' id='word_1_348' title='bbox 816 2796 862 2838; x_wconf 79' lang='grc' dir='ltr'>εἷς</span> <span class='ocrx_word' id='word_1_349' title='bbox 881 2792 918 2832; x_wconf 77' lang='grc' dir='ltr'>σὲ</span> <span class='ocrx_word' id='word_1_350' title='bbox 939 2810 978 2833; x_wconf 83' lang='grc' dir='ltr'>συ</span> <span class='ocrx_word' id='word_1_351' title='bbox 985 2793 1175 2844; x_wconf 63' lang='grc' dir='ltr'>μέαινομέ-</span> 
     </span>
     <span class='ocr_line' id='line_1_45' title="bbox 155 2854 1177 2908; baseline -0.004 -12"><span class='ocrx_word' id='word_1_352' title='bbox 155 2874 222 2896; x_wconf 90' lang='grc' dir='ltr'>νων</span> <span class='ocrx_word' id='word_1_353' title='bbox 241 2857 294 2896; x_wconf 77' lang='grc' dir='ltr'>ὅτι</span> <span class='ocrx_word' id='word_1_354' title='bbox 314 2873 367 2895; x_wconf 88' lang='grc' dir='ltr'>σοι</span> <span class='ocrx_word' id='word_1_355' title='bbox 380 2856 508 2895; x_wconf 88' lang='grc' dir='ltr'>τούτων</span> <span class='ocrx_word' id='word_1_356' title='bbox 529 2855 648 2908; x_wconf 70' lang='grc' dir='ltr'>ὄφελος</span> <span class='ocrx_word' id='word_1_357' title='bbox 666 2854 774 2903; x_wconf 71' lang='grc' dir='ltr'>οὐδὲν,</span> <span class='ocrx_word' id='word_1_358' title='bbox 789 2855 846 2894; x_wconf 73' lang='grc' dir='ltr'>ὅτε</span> <span class='ocrx_word' id='word_1_359' title='bbox 859 2857 1102 2908; x_wconf 66' lang='grc' dir='ltr'>ψυχορραγῶν,</span> <span class='ocrx_word' id='word_1_360' title='bbox 1117 2855 1177 2892; x_wconf 77' lang='grc' dir='ltr'>καὶ</span> 
     </span>
     <span class='ocr_line' id='line_1_46' title="bbox 157 2914 1178 2970; baseline -0.003 -14"><span class='ocrx_word' id='word_1_361' title='bbox 157 2917 233 2957; x_wconf 73' lang='grc' dir='ltr'>οὐδὲ</span> <span class='ocrx_word' id='word_1_362' title='bbox 265 2916 358 2970; x_wconf 70' lang='grc' dir='ltr'>ὥρας</span> <span class='ocrx_word' id='word_1_363' title='bbox 389 2924 493 2968; x_wconf 75' lang='grc' dir='ltr'>μιᾶς,</span> <span class='ocrx_word' id='word_1_364' title='bbox 524 2914 612 2968; x_wconf 74' lang='grc' dir='ltr'>μηδὲ</span> <span class='ocrx_word' id='word_1_365' title='bbox 639 2919 747 2967; x_wconf 65' lang='grc' dir='ltr'>ῥοπῆς</span> <span class='ocrx_word' id='word_1_366' title='bbox 777 2916 943 2968; x_wconf 72' lang='grc' dir='ltr'>βραχείας</span> <span class='ocrx_word' id='word_1_367' title='bbox 971 2915 1086 2969; x_wconf 81' lang='grc' dir='ltr'>κύριος</span> <span class='ocrx_word' id='word_1_368' title='bbox 1117 2915 1178 2961; x_wconf 74' lang='grc' dir='ltr'>ὧν,</span> 
     </span>
     <span class='ocr_line' id='line_1_47' title="bbox 158 2977 1179 3031; baseline -0.002 -14"><span class='ocrx_word' id='word_1_369' title='bbox 158 2979 250 3017; x_wconf 81' lang='grc' dir='ltr'>ἄκων</span> <span class='ocrx_word' id='word_1_370' title='bbox 268 2981 314 3023; x_wconf 90' lang='grc' dir='ltr'>εἷς</span> <span class='ocrx_word' id='word_1_371' title='bbox 334 2978 411 3023; x_wconf 68' lang='grc' dir='ltr'>τοὺς</span> <span class='ocrx_word' id='word_1_372' title='bbox 425 2978 598 3031; x_wconf 84' lang='grc' dir='ltr'>παρόντας</span> <span class='ocrx_word' id='word_1_373' title='bbox 621 2982 635 2998; x_wconf 79' lang='lat'>³</span> <span class='ocrx_word' id='word_1_374' title='bbox 652 2977 740 3017; x_wconf 79' lang='grc' dir='ltr'>αὐτὰ</span> <span class='ocrx_word' id='word_1_375' title='bbox 756 2977 975 3029; x_wconf 68' lang='grc' dir='ltr'>καταλείψεις</span> <span class='ocrx_word' id='word_1_376' title='bbox 990 3007 999 3025; x_wconf 86' lang='grc'>,</span> <span class='ocrx_word' id='word_1_377' title='bbox 1017 2978 1076 3015; x_wconf 81' lang='grc' dir='ltr'>καὶ</span> <span class='ocrx_word' id='word_1_378' title='bbox 1103 2978 1179 3015; x_wconf 78' lang='grc' dir='ltr'>τού-</span> 
     </span>
     <span class='ocr_line' id='line_1_48' title="bbox 158 3038 1179 3092; baseline -0.002 -14"><span class='ocrx_word' id='word_1_379' title='bbox 158 3056 237 3084; x_wconf 89' lang='grc' dir='ltr'>τους</span> <span class='ocrx_word' id='word_1_380' title='bbox 249 3040 438 3089; x_wconf 79' lang='grc' dir='ltr'>πολλάκις,</span> <span class='ocrx_word' id='word_1_381' title='bbox 456 3040 512 3082; x_wconf 76' lang='grc' dir='ltr'>οὒς</span> <span class='ocrx_word' id='word_1_382' title='bbox 531 3042 592 3078; x_wconf 82' lang='grc' dir='ltr'>οὐκ</span> <span class='ocrx_word' id='word_1_383' title='bbox 610 3039 748 3084; x_wconf 79' lang='grc' dir='ltr'>ἐθέλεις.</span> <span class='ocrx_word' id='word_1_384' title='bbox 772 3038 902 3077; x_wconf 78' lang='grc' dir='ltr'>Πολλοὶ</span> <span class='ocrx_word' id='word_1_385' title='bbox 921 3039 988 3092; x_wconf 80' lang='grc' dir='ltr'>γὰρ</span> <span class='ocrx_word' id='word_1_386' title='bbox 1008 3038 1084 3077; x_wconf 78' lang='grc' dir='ltr'>οὐδὲ</span> <span class='ocrx_word' id='word_1_387' title='bbox 1104 3041 1179 3077; x_wconf 80' lang='grc' dir='ltr'>ἐπι-</span> 
     </span>
     <span class='ocr_line' id='line_1_49' title="bbox 161 3107 1181 3160; baseline -0.003 -13"><span class='ocrx_word' id='word_1_388' title='bbox 161 3111 294 3160; x_wconf 69' lang='grc' dir='ltr'>σκῆψαι</span> <span class='ocrx_word' id='word_1_389' title='bbox 326 3108 407 3160; x_wconf 78' lang='grc' dir='ltr'>περὶ</span> <span class='ocrx_word' id='word_1_390' title='bbox 437 3110 548 3146; x_wconf 75' lang='grc' dir='ltr'>αὐτῶν</span> <span class='ocrx_word' id='word_1_391' title='bbox 580 3107 884 3160; x_wconf 75' lang='grc' dir='ltr'>συνεχωρήθησαν,</span> <span class='ocrx_word' id='word_1_392' title='bbox 918 3108 994 3145; x_wconf 84' lang='grc' dir='ltr'>ἀλλ’</span> <span class='ocrx_word' id='word_1_393' title='bbox 1028 3109 1181 3153; x_wconf 69' lang='grc' dir='ltr'>ἀπῆλθον</span> 
     </span>
    </p>
   </div>
   <div class='ocr_carea' id='block_1_4' title="bbox 164 3175 1184 3229">
    <p class='ocr_par' dir='ltr' id='par_1_4' title="bbox 164 3175 1184 3229">
     <span class='ocr_line' id='line_1_50' title="bbox 164 3175 1184 3229; baseline -0.004 -14"><span class='ocrx_word' id='word_1_394' title='bbox 164 3176 298 3229; x_wconf 88' lang='grc' dir='ltr'>ἀθρόον,</span> <span class='ocrx_word' id='word_1_395' title='bbox 325 3175 525 3227; x_wconf 85' lang='grc' dir='ltr'>βουλόμενοι</span> <span class='ocrx_word' id='word_1_396' title='bbox 551 3175 612 3226; x_wconf 78' lang='grc' dir='ltr'>μὲν</span> <span class='ocrx_word' id='word_1_397' title='bbox 634 3178 746 3213; x_wconf 81' lang='grc' dir='ltr'>αὐτῶν</span> <span class='ocrx_word' id='word_1_398' title='bbox 767 3175 966 3221; x_wconf 86' lang='grc' dir='ltr'>ἀπολαύειν,</span> <span class='ocrx_word' id='word_1_399' title='bbox 986 3176 1023 3212; x_wconf 83' lang='grc' dir='ltr'>οὐ</span> <span class='ocrx_word' id='word_1_400' title='bbox 1045 3189 1184 3225; x_wconf 77' lang='grc' dir='ltr'>συγχω-</span> 
     </span>
    </p>
   </div>
   <div class='ocr_carea' id='block_1_5' title="bbox 205 3306 1026 3350">
    <p class='ocr_par' dir='ltr' id='par_1_5' title="bbox 205 3306 1026 3350">
     <span class='ocr_line' id='line_1_51' title="bbox 205 3306 1026 3350; baseline 0 -11"><span class='ocrx_word' id='word_1_401' title='bbox 205 3317 217 3331; x_wconf 74' lang='lat' dir='ltr'>e</span> <span class='ocrx_word' id='word_1_402' title='bbox 233 3306 347 3342; x_wconf 79' lang='lat' dir='ltr'>Morel.</span> <span class='ocrx_word' id='word_1_403' title='bbox 366 3310 468 3341; x_wconf 70' lang='grc' dir='ltr'>ἑαυτὸν</span> <span class='ocrx_word' id='word_1_404' title='bbox 484 3310 794 3350; x_wconf 67' lang='grc' dir='ltr'>ἀπαυθαδιαζομένους</span> <span class='ocrx_word' id='word_1_405' title='bbox 808 3309 910 3346; x_wconf 65' lang='grc' dir='ltr'>αὐτοὺς</span> <span class='ocrx_word' id='word_1_406' title='bbox 924 3311 1026 3350; x_wconf 61' lang='grc' dir='ltr'>λέγειν.</span> 
     </span>
    </p>
   </div>
   <div class='ocr_carea' id='block_1_6' title="bbox 354 3427 571 3451">
    <p class='ocr_par' dir='ltr' id='par_1_6' title="bbox 354 3427 571 3451">
     <span class='ocr_line' id='line_1_52' title="bbox 354 3427 571 3451; baseline 0 -2"><span class='ocrx_word' id='word_1_407' title='bbox 354 3427 446 3451; x_wconf 78' lang='lat' dir='ltr'><strong>TOM.</strong></span> <span class='ocrx_word' id='word_1_408' title='bbox 479 3427 571 3449; x_wconf 70' lang='lat' dir='ltr'>v111.</span> 
     </span>
    </p>
   </div>
   <div class='ocr_carea' id='block_1_7' title="bbox 2104 198 2189 242">
    <p class='ocr_par' dir='ltr' id='par_1_7' title="bbox 2104 198 2189 242">
     <span class='ocr_line' id='line_1_53' title="bbox 2104 198 2189 242; baseline -0.035 -17"><span class='ocrx_word' id='word_1_409' title='bbox 2104 198 2189 242; x_wconf 49' lang='grc' dir='ltr'>ως)</span> 
     </span>
    </p>
   </div>
   <div class='ocr_carea' id='block_1_8' title="bbox 1205 277 2194 392">
    <p class='ocr_par' dir='ltr' id='par_1_8' title="bbox 1205 277 2194 392">
     <span class='ocr_line' id='line_1_54' title="bbox 1205 277 2190 332; baseline -0.007 -12"><span class='ocrx_word' id='word_1_410' title='bbox 1205 284 1322 331; x_wconf 76' lang='lat' dir='ltr'>illurn,</span> <span class='ocrx_word' id='word_1_411' title='bbox 1342 289 1379 318; x_wconf 86' lang='lat' dir='ltr'>ut</span> <span class='ocrx_word' id='word_1_412' title='bbox 1407 281 1482 332; x_wconf 84' lang='lat' dir='ltr'>ipse</span> <span class='ocrx_word' id='word_1_413' title='bbox 1511 294 1546 317; x_wconf 82' lang='lat' dir='ltr'>se</span> <span class='ocrx_word' id='word_1_414' title='bbox 1576 279 1684 316; x_wconf 78' lang='lat' dir='ltr'>novit.</span> <span class='ocrx_word' id='word_1_415' title='bbox 1709 280 1789 323; x_wconf 82' lang='lat' dir='ltr'>Qua</span> <span class='ocrx_word' id='word_1_416' title='bbox 1811 277 1962 313; x_wconf 77' lang='lat' dir='ltr'>amentia</span> <span class='ocrx_word' id='word_1_417' title='bbox 1984 277 2069 326; x_wconf 84' lang='lat' dir='ltr'>quid</span> <span class='ocrx_word' id='word_1_418' title='bbox 2089 278 2190 313; x_wconf 78' lang='lat' dir='ltr'>dete-</span> 
     </span>
     <span class='ocr_line' id='line_1_55' title="bbox 1208 336 2194 392; baseline -0.008 -11"><span class='ocrx_word' id='word_1_419' title='bbox 1208 342 1311 381; x_wconf 74' lang='lat' dir='ltr'>rius?</span> <span class='ocrx_word' id='word_1_420' title='bbox 1336 355 1405 392; x_wconf 85' lang='lat' dir='ltr'>qua</span> <span class='ocrx_word' id='word_1_421' title='bbox 1437 339 1638 390; x_wconf 76' lang='lat' dir='ltr'>arrogantia</span> <span class='ocrx_word' id='word_1_422' title='bbox 1674 338 1761 388; x_wconf 81' lang='lat' dir='ltr'>quid</span> <span class='ocrx_word' id='word_1_423' title='bbox 1783 336 1978 373; x_wconf 71' lang='lat' dir='ltr'>furiosius?</span> <span class='ocrx_word' id='word_1_424' title='bbox 2006 336 2194 373; x_wconf 72' lang='lat' dir='ltr'>Benedixit</span> 
     </span>
    </p>
   </div>
   <div class='ocr_carea' id='block_1_9' title="bbox 1211 398 2370 456">
    <p class='ocr_par' dir='ltr' id='par_1_9' title="bbox 1211 398 2370 456">
     <span class='ocr_line' id='line_1_56' title="bbox 1211 398 2370 456; baseline -0.012 -15"><span class='ocrx_word' id='word_1_425' title='bbox 1211 403 1348 456; x_wconf 87' lang='lat' dir='ltr'>sapiens</span> <span class='ocrx_word' id='word_1_426' title='bbox 1392 401 1540 452; x_wconf 88' lang='lat' dir='ltr'>quidam</span> <span class='ocrx_word' id='word_1_427' title='bbox 1574 416 1580 436; x_wconf 90' lang='lat'><strong>:</strong></span> <span class='ocrx_word' id='word_1_428' title='bbox 1613 401 1854 449; x_wconf 80' lang='lat' dir='ltr'>Principium</span> <span class='ocrx_word' id='word_1_429' title='bbox 1894 398 2078 447; x_wconf 78' lang='lat' dir='ltr'>superhiae</span> <span class='ocrx_word' id='word_1_430' title='bbox 2119 402 2303 432; x_wconf 54' lang='lat' dir='ltr'>nouandi.</span> <span class='ocrx_word' id='word_1_431' title='bbox 2327 409 2370 429; x_wconf 79' lang='grc' dir='ltr'>ιο.</span> 
     </span>
    </p>
   </div>
   <div class='ocr_carea' id='block_1_10' title="bbox 1168 456 2239 3222">
    <p class='ocr_par' dir='ltr' id='par_1_10' title="bbox 1213 456 2196 511">
     <span class='ocr_line' id='line_1_57' title="bbox 1213 456 2196 511; baseline -0.008 -9"><span class='ocrx_word' id='word_1_432' title='bbox 1213 478 1322 502; x_wconf 85' lang='lat' dir='ltr'>nosse</span> <span class='ocrx_word' id='word_1_433' title='bbox 1360 464 1583 500; x_wconf 80' lang='lat' dir='ltr'>Dominum.</span> <span class='ocrx_word' id='word_1_434' title='bbox 1612 461 1689 498; x_wconf 73' lang='lat' dir='ltr'>Non</span> <span class='ocrx_word' id='word_1_435' title='bbox 1731 459 1888 511; x_wconf 85' lang='lat' dir='ltr'>dejectus</span> <span class='ocrx_word' id='word_1_436' title='bbox 1929 471 1993 495; x_wconf 88' lang='lat' dir='ltr'>nec</span> <span class='ocrx_word' id='word_1_437' title='bbox 2031 456 2196 494; x_wconf 85' lang='lat' dir='ltr'>diabolus</span> 
     </span>
    </p>

    <p class='ocr_par' dir='ltr' id='par_1_11' title="bbox 1211 519 2192 572">
     <span class='ocr_line' id='line_1_58' title="bbox 1211 519 2192 572; baseline -0.009 -8"><span class='ocrx_word' id='word_1_438' title='bbox 1211 527 1357 565; x_wconf 86' lang='lat' dir='ltr'>effectus</span> <span class='ocrx_word' id='word_1_439' title='bbox 1393 525 1516 562; x_wconf 88' lang='lat' dir='ltr'>fuisset</span> <span class='ocrx_word' id='word_1_440' title='bbox 1543 522 1708 561; x_wconf 87' lang='lat' dir='ltr'>diabolus</span> <span class='ocrx_word' id='word_1_441' title='bbox 1739 522 1820 570; x_wconf 89' lang='lat' dir='ltr'>ille,</span> <span class='ocrx_word' id='word_1_442' title='bbox 1859 519 1921 572; x_wconf 87' lang='lat' dir='ltr'>qui</span> <span class='ocrx_word' id='word_1_443' title='bbox 1954 529 2033 557; x_wconf 87' lang='lat' dir='ltr'>ante</span> <span class='ocrx_word' id='word_1_444' title='bbox 2063 519 2192 557; x_wconf 87' lang='lat' dir='ltr'>diabo-</span> 
     </span>
    </p>

    <p class='ocr_par' dir='ltr' id='par_1_12' title="bbox 1211 580 2195 636">
     <span class='ocr_line' id='line_1_59' title="bbox 1211 580 2195 636; baseline -0.008 -12"><span class='ocrx_word' id='word_1_445' title='bbox 1211 587 1269 624; x_wconf 89' lang='lat' dir='ltr'>lus</span> <span class='ocrx_word' id='word_1_446' title='bbox 1305 600 1374 624; x_wconf 93' lang='lat' dir='ltr'>non</span> <span class='ocrx_word' id='word_1_447' title='bbox 1403 595 1491 636; x_wconf 87' lang='lat' dir='ltr'>erat,</span> <span class='ocrx_word' id='word_1_448' title='bbox 1532 584 1601 622; x_wconf 81' lang='lat' dir='ltr'>nisi</span> <span class='ocrx_word' id='word_1_449' title='bbox 1632 584 1700 621; x_wconf 91' lang='lat' dir='ltr'>hoc</span> <span class='ocrx_word' id='word_1_450' title='bbox 1739 582 1864 620; x_wconf 88' lang='lat' dir='ltr'>morbo</span> <span class='ocrx_word' id='word_1_451' title='bbox 1897 590 2021 634; x_wconf 84' lang='lat' dir='ltr'>captus</span> <span class='ocrx_word' id='word_1_452' title='bbox 2059 580 2195 619; x_wconf 79' lang='lat' dir='ltr'>fuisset.</span> 
     </span>
    </p>

    <p class='ocr_par' dir='ltr' id='par_1_13' title="bbox 1212 641 2198 698">
     <span class='ocr_line' id='line_1_60' title="bbox 1212 641 2198 698; baseline -0.008 -12"><span class='ocrx_word' id='word_1_453' title='bbox 1212 648 1289 686; x_wconf 88' lang='lat' dir='ltr'>Hoc</span> <span class='ocrx_word' id='word_1_454' title='bbox 1317 647 1420 685; x_wconf 87' lang='lat' dir='ltr'>illum</span> <span class='ocrx_word' id='word_1_455' title='bbox 1449 661 1469 684; x_wconf 86' lang='lat' dir='ltr'>a</span> <span class='ocrx_word' id='word_1_456' title='bbox 1498 645 1650 698; x_wconf 86' lang='lat' dir='ltr'>pristina</span> <span class='ocrx_word' id='word_1_457' title='bbox 1669 644 1801 682; x_wconf 84' lang='lat' dir='ltr'>fiducia</span> <span class='ocrx_word' id='word_1_458' title='bbox 1827 642 1967 695; x_wconf 84' lang='lat' dir='ltr'>dejecit,</span> <span class='ocrx_word' id='word_1_459' title='bbox 1986 642 2053 679; x_wconf 90' lang='lat' dir='ltr'>hoe</span> <span class='ocrx_word' id='word_1_460' title='bbox 2083 641 2117 679; x_wconf 91' lang='lat' dir='ltr'>in</span> <span class='ocrx_word' id='word_1_461' title='bbox 2140 655 2198 692; x_wconf 84' lang='lat' dir='ltr'>ge-</span> 
     </span>
    </p>

    <p class='ocr_par' dir='ltr' id='par_1_14' title="bbox 1214 703 2201 759">
     <span class='ocr_line' id='line_1_61' title="bbox 1214 703 2201 759; baseline -0.008 -11"><span class='ocrx_word' id='word_1_462' title='bbox 1214 709 1368 748; x_wconf 88' lang='lat' dir='ltr'>hennam</span> <span class='ocrx_word' id='word_1_463' title='bbox 1394 708 1550 757; x_wconf 81' lang='lat' dir='ltr'>demisit,</span> <span class='ocrx_word' id='word_1_464' title='bbox 1564 707 1632 745; x_wconf 86' lang='lat' dir='ltr'>hoc</span> <span class='ocrx_word' id='word_1_465' title='bbox 1663 706 1732 759; x_wconf 86' lang='lat' dir='ltr'>ipsi</span> <span class='ocrx_word' id='word_1_466' title='bbox 1765 714 1871 757; x_wconf 86' lang='lat' dir='ltr'>eaput</span> <span class='ocrx_word' id='word_1_467' title='bbox 1899 703 2058 742; x_wconf 89' lang='lat' dir='ltr'>omnium</span> <span class='ocrx_word' id='word_1_468' title='bbox 2086 704 2201 740; x_wconf 85' lang='lat' dir='ltr'>malo-</span> 
     </span>
    </p>

    <p class='ocr_par' dir='ltr' id='par_1_15' title="bbox 1168 766 2202 884">
     <span class='ocr_line' id='line_1_62' title="bbox 1215 766 2202 821; baseline -0.008 -11"><span class='ocrx_word' id='word_1_469' title='bbox 1215 786 1296 810; x_wconf 88' lang='lat' dir='ltr'>rum</span> <span class='ocrx_word' id='word_1_470' title='bbox 1316 771 1394 809; x_wconf 88' lang='lat' dir='ltr'>fuit.</span> <span class='ocrx_word' id='word_1_471' title='bbox 1425 770 1500 807; x_wconf 88' lang='lat' dir='ltr'>Hoc</span> <span class='ocrx_word' id='word_1_472' title='bbox 1532 769 1664 821; x_wconf 83' lang='lat' dir='ltr'>quippe</span> <span class='ocrx_word' id='word_1_473' title='bbox 1687 768 1815 807; x_wconf 77' lang='lat' dir='ltr'>vitium</span> <span class='ocrx_word' id='word_1_474' title='bbox 1835 780 1977 805; x_wconf 88' lang='lat' dir='ltr'>omnem</span> <span class='ocrx_word' id='word_1_475' title='bbox 1996 766 2106 803; x_wconf 86' lang='lat' dir='ltr'>animi</span> <span class='ocrx_word' id='word_1_476' title='bbox 2129 766 2202 804; x_wconf 63' lang='lat' dir='ltr'>vir-</span> 
     </span>
     <span class='ocr_line' id='line_1_63' title="bbox 1168 829 2202 884; baseline -0.008 -11"><span class='ocrx_word' id='word_1_477' title='bbox 1168 841 1192 869; x_wconf 87' lang='lat' dir='ltr'><strong>E</strong></span> <span class='ocrx_word' id='word_1_478' title='bbox 1217 844 1328 874; x_wconf 86' lang='lat' dir='ltr'>tutem</span> <span class='ocrx_word' id='word_1_479' title='bbox 1344 835 1546 881; x_wconf 71' lang='lat' dir='ltr'>labefactat,</span> <span class='ocrx_word' id='word_1_480' title='bbox 1560 833 1819 884; x_wconf 76' lang='lat' dir='ltr'>eleemosynam</span> <span class='ocrx_word' id='word_1_481' title='bbox 1838 844 1964 882; x_wconf 85' lang='lat' dir='ltr'><strong>nempe</strong></span> <span class='ocrx_word' id='word_1_482' title='bbox 1977 829 2202 880; x_wconf 64' lang='lat' dir='ltr'>,orationeim</span> 
     </span>
    </p>

    <p class='ocr_par' dir='ltr' id='par_1_16' title="bbox 1212 892 2205 949">
     <span class='ocr_line' id='line_1_64' title="bbox 1212 892 2205 949; baseline -0.007 -15"><span class='ocrx_word' id='word_1_483' title='bbox 1212 896 1408 949; x_wconf 81' lang='lat' dir='ltr'>jejunium,</span> <span class='ocrx_word' id='word_1_484' title='bbox 1447 893 1592 946; x_wconf 72' lang='lat' dir='ltr'>quidvis</span> <span class='ocrx_word' id='word_1_485' title='bbox 1623 892 1736 931; x_wconf 88' lang='lat' dir='ltr'>aliud.</span> <span class='ocrx_word' id='word_1_486' title='bbox 1771 892 1983 931; x_wconf 77' lang='lat' dir='ltr'>Excelsum</span> <span class='ocrx_word' id='word_1_487' title='bbox 2016 894 2057 928; x_wconf 84' lang='lat' dir='ltr'>in</span> <span class='ocrx_word' id='word_1_488' title='bbox 2084 892 2205 928; x_wconf 74' lang='lat' dir='ltr'>leomi-</span> 
     </span>
    </p>

    <p class='ocr_par' dir='ltr' id='par_1_17' title="bbox 1221 953 2206 1007">
     <span class='ocr_line' id='line_1_65' title="bbox 1221 953 2206 1007; baseline -0.007 -11"><span class='ocrx_word' id='word_1_489' title='bbox 1221 960 1345 1003; x_wconf 78' lang='lat' dir='ltr'>nibus,</span> <span class='ocrx_word' id='word_1_490' title='bbox 1376 955 1502 1007; x_wconf 87' lang='lat' dir='ltr'>inquit,</span> <span class='ocrx_word' id='word_1_491' title='bbox 1536 959 1728 1007; x_wconf 82' lang='lat' dir='ltr'>impurum</span> <span class='ocrx_word' id='word_1_492' title='bbox 1759 963 1815 992; x_wconf 82' lang='lat' dir='ltr'>est</span> <span class='ocrx_word' id='word_1_493' title='bbox 1850 953 1955 1005; x_wconf 78' lang='lat' dir='ltr'>apud</span> <span class='ocrx_word' id='word_1_494' title='bbox 1981 953 2206 990; x_wconf 78' lang='lat' dir='ltr'>Dominum.</span> 
     </span>
    </p>

    <p class='ocr_par' dir='ltr' id='par_1_18' title="bbox 1219 1013 2209 1068">
     <span class='ocr_line' id='line_1_66' title="bbox 1219 1013 2209 1068; baseline -0.006 -11"><span class='ocrx_word' id='word_1_495' title='bbox 1219 1021 1298 1058; x_wconf 85' lang='lat' dir='ltr'>Non</span> <span class='ocrx_word' id='word_1_496' title='bbox 1334 1017 1521 1056; x_wconf 76' lang='lat' dir='ltr'>fornicatio</span> <span class='ocrx_word' id='word_1_497' title='bbox 1555 1016 1679 1068; x_wconf 81' lang='lat' dir='ltr'>igitur,</span> <span class='ocrx_word' id='word_1_498' title='bbox 1715 1029 1784 1053; x_wconf 89' lang='lat' dir='ltr'>non</span> <span class='ocrx_word' id='word_1_499' title='bbox 1819 1013 2037 1052; x_wconf 80' lang='lat' dir='ltr'>adulterium</span> <span class='ocrx_word' id='word_1_500' title='bbox 2072 1022 2209 1051; x_wconf 82' lang='lat' dir='ltr'>tantum</span> 
     </span>
    </p>

    <p class='ocr_par' dir='ltr' id='par_1_19' title="bbox 1220 1074 2210 1131">
     <span class='ocr_line' id='line_1_67' title="bbox 1220 1074 2210 1131; baseline -0.007 -13"><span class='ocrx_word' id='word_1_501' title='bbox 1220 1080 1403 1118; x_wconf 90' lang='lat' dir='ltr'>hominem</span> <span class='ocrx_word' id='word_1_502' title='bbox 1425 1078 1580 1131; x_wconf 85' lang='lat' dir='ltr'>polluit,</span> <span class='ocrx_word' id='word_1_503' title='bbox 1602 1076 1664 1115; x_wconf 85' lang='lat' dir='ltr'>sed</span> <span class='ocrx_word' id='word_1_504' title='bbox 1684 1076 1791 1114; x_wconf 86' lang='lat' dir='ltr'>etiam</span> <span class='ocrx_word' id='word_1_505' title='bbox 1817 1085 1850 1113; x_wconf 89' lang='lat' dir='ltr'>et</span> <span class='ocrx_word' id='word_1_506' title='bbox 1877 1076 1991 1113; x_wconf 87' lang='lat' dir='ltr'>multo</span> <span class='ocrx_word' id='word_1_507' title='bbox 2016 1074 2130 1126; x_wconf 82' lang='lat' dir='ltr'>magis</span> <span class='ocrx_word' id='word_1_508' title='bbox 2149 1089 2210 1112; x_wconf 79' lang='lat' dir='ltr'>su-</span> 
     </span>
    </p>

    <p class='ocr_par' dir='ltr' id='par_1_20' title="bbox 1222 1137 2210 1196">
     <span class='ocr_line' id='line_1_68' title="bbox 1222 1137 2210 1196; baseline -0.007 -15"><span class='ocrx_word' id='word_1_509' title='bbox 1222 1142 1357 1196; x_wconf 86' lang='lat' dir='ltr'>perbia.</span> <span class='ocrx_word' id='word_1_510' title='bbox 1391 1141 1541 1187; x_wconf 74' lang='lat' dir='ltr'>Quare?</span> <span class='ocrx_word' id='word_1_511' title='bbox 1573 1139 1752 1186; x_wconf 86' lang='lat' dir='ltr'><strong>Quoniam</strong></span> <span class='ocrx_word' id='word_1_512' title='bbox 1786 1137 1975 1176; x_wconf 84' lang='lat' dir='ltr'>fornicatio</span> <span class='ocrx_word' id='word_1_513' title='bbox 2004 1137 2086 1174; x_wconf 82' lang='lat' dir='ltr'>licet</span> <span class='ocrx_word' id='word_1_514' title='bbox 2109 1137 2210 1175; x_wconf 69' lang='lat' dir='ltr'>venia</span> 
     </span>
    </p>

    <p class='ocr_par' dir='ltr' id='par_1_21' title="bbox 1171 1197 2239 3222">
     <span class='ocr_line' id='line_1_69' title="bbox 1224 1197 2211 1255; baseline -0.007 -14"><span class='ocrx_word' id='word_1_515' title='bbox 1224 1203 1369 1255; x_wconf 85' lang='lat' dir='ltr'>indigna</span> <span class='ocrx_word' id='word_1_516' title='bbox 1402 1203 1460 1251; x_wconf 86' lang='lat' dir='ltr'>sit,</span> <span class='ocrx_word' id='word_1_517' title='bbox 1489 1210 1606 1254; x_wconf 80' lang='lat' dir='ltr'>potest</span> <span class='ocrx_word' id='word_1_518' title='bbox 1631 1210 1749 1238; x_wconf 87' lang='lat' dir='ltr'>tamen</span> <span class='ocrx_word' id='word_1_519' title='bbox 1783 1199 1863 1250; x_wconf 89' lang='lat' dir='ltr'>quis</span> <span class='ocrx_word' id='word_1_520' title='bbox 1893 1197 2211 1251; x_wconf 76' lang='lat' dir='ltr'>concupiscentiam</span> 
     </span>
     <span class='ocr_line' id='line_1_70' title="bbox 1171 1259 2211 1324; baseline -0.009 -20"><span class='ocrx_word' id='word_1_521' title='bbox 1171 1299 1204 1324; x_wconf 79' lang='lat'>95</span> <span class='ocrx_word' id='word_1_522' title='bbox 1225 1263 1443 1318; x_wconf 61' lang='lat' dir='ltr'>praetendere</span> <span class='ocrx_word' id='word_1_523' title='bbox 1463 1279 1470 1300; x_wconf 78' lang='grc' dir='ltr'>ε</span> <span class='ocrx_word' id='word_1_524' title='bbox 1491 1262 1692 1314; x_wconf 81' lang='lat' dir='ltr'>arrogantia</span> <span class='ocrx_word' id='word_1_525' title='bbox 1710 1275 1795 1299; x_wconf 78' lang='lat' dir='ltr'>vero</span> <span class='ocrx_word' id='word_1_526' title='bbox 1829 1260 1965 1298; x_wconf 89' lang='lat' dir='ltr'>nullam</span> <span class='ocrx_word' id='word_1_527' title='bbox 1997 1259 2105 1296; x_wconf 84' lang='lat' dir='ltr'>habet</span> <span class='ocrx_word' id='word_1_528' title='bbox 2131 1273 2211 1296; x_wconf 81' lang='lat' dir='ltr'>cau-</span> 
     </span>
     <span class='ocr_line' id='line_1_71' title="bbox 1177 1320 2212 1375; baseline -0.008 -11"><span class='ocrx_word' id='word_1_529' title='bbox 1177 1335 1203 1366; x_wconf 77' lang='lat' dir='ltr'>A</span> <span class='ocrx_word' id='word_1_530' title='bbox 1227 1341 1316 1375; x_wconf 84' lang='lat' dir='ltr'>sam,</span> <span class='ocrx_word' id='word_1_531' title='bbox 1338 1339 1406 1364; x_wconf 90' lang='lat' dir='ltr'>non</span> <span class='ocrx_word' id='word_1_532' title='bbox 1435 1325 1630 1370; x_wconf 85' lang='lat' dir='ltr'>obtentum,</span> <span class='ocrx_word' id='word_1_533' title='bbox 1651 1337 1720 1374; x_wconf 89' lang='lat' dir='ltr'>quo</span> <span class='ocrx_word' id='word_1_534' title='bbox 1737 1321 1795 1360; x_wconf 80' lang='lat' dir='ltr'>vel</span> <span class='ocrx_word' id='word_1_535' title='bbox 1822 1321 1934 1359; x_wconf 78' lang='lat' dir='ltr'>veniae</span> <span class='ocrx_word' id='word_1_536' title='bbox 1955 1320 2119 1357; x_wconf 87' lang='lat' dir='ltr'>umbram</span> <span class='ocrx_word' id='word_1_537' title='bbox 2140 1334 2212 1357; x_wconf 86' lang='lat' dir='ltr'>me-</span> 
     </span>
     <span class='ocr_line' id='line_1_72' title="bbox 1226 1383 2213 1435; baseline -0.006 -10"><span class='ocrx_word' id='word_1_538' title='bbox 1226 1396 1345 1425; x_wconf 89' lang='lat' dir='ltr'>reatur</span> <span class='ocrx_word' id='word_1_539' title='bbox 1363 1403 1371 1423; x_wconf 92' lang='lat'><strong>:</strong></span> <span class='ocrx_word' id='word_1_540' title='bbox 1394 1386 1454 1424; x_wconf 90' lang='lat' dir='ltr'>sed</span> <span class='ocrx_word' id='word_1_541' title='bbox 1474 1385 1566 1423; x_wconf 86' lang='lat' dir='ltr'>nihil</span> <span class='ocrx_word' id='word_1_542' title='bbox 1588 1384 1689 1422; x_wconf 83' lang='lat' dir='ltr'>aliud</span> <span class='ocrx_word' id='word_1_543' title='bbox 1712 1393 1763 1422; x_wconf 86' lang='lat' dir='ltr'>est</span> <span class='ocrx_word' id='word_1_544' title='bbox 1781 1398 1889 1435; x_wconf 84' lang='lat' dir='ltr'>quam</span> <span class='ocrx_word' id='word_1_545' title='bbox 1910 1383 2037 1421; x_wconf 88' lang='lat' dir='ltr'>mentis</span> <span class='ocrx_word' id='word_1_546' title='bbox 2057 1383 2191 1421; x_wconf 77' lang='lat' dir='ltr'>eversio</span> <span class='ocrx_word' id='word_1_547' title='bbox 2204 1412 2213 1427; x_wconf 95' lang='lat'>‚</span> 
     </span>
     <span class='ocr_line' id='line_1_73' title="bbox 1226 1443 2215 1498; baseline -0.007 -12"><span class='ocrx_word' id='word_1_548' title='bbox 1226 1448 1373 1486; x_wconf 86' lang='lat' dir='ltr'>morbus</span> <span class='ocrx_word' id='word_1_549' title='bbox 1383 1446 1613 1498; x_wconf 86' lang='lat' dir='ltr'>gravissimus</span> <span class='ocrx_word' id='word_1_550' title='bbox 1629 1459 1674 1482; x_wconf 74' lang='lat' dir='ltr'>ex</span> <span class='ocrx_word' id='word_1_551' title='bbox 1688 1458 1757 1481; x_wconf 83' lang='lat' dir='ltr'>una</span> <span class='ocrx_word' id='word_1_552' title='bbox 1771 1444 1974 1495; x_wconf 85' lang='lat' dir='ltr'>insipientia</span> <span class='ocrx_word' id='word_1_553' title='bbox 1990 1452 2100 1481; x_wconf 90' lang='lat' dir='ltr'>ortus.</span> <span class='ocrx_word' id='word_1_554' title='bbox 2112 1443 2215 1481; x_wconf 76' lang='lat' dir='ltr'>Nihil</span> 
     </span>
     <span class='ocr_line' id='line_1_74' title="bbox 1228 1504 2215 1560; baseline -0.006 -13"><span class='ocrx_word' id='word_1_555' title='bbox 1228 1509 1323 1547; x_wconf 86' lang='lat' dir='ltr'>enim</span> <span class='ocrx_word' id='word_1_556' title='bbox 1342 1507 1569 1560; x_wconf 86' lang='lat' dir='ltr'>insipientius</span> <span class='ocrx_word' id='word_1_557' title='bbox 1597 1515 1782 1556; x_wconf 79' lang='lat' dir='ltr'>arrogante</span> <span class='ocrx_word' id='word_1_558' title='bbox 1801 1504 1960 1553; x_wconf 87' lang='lat' dir='ltr'>homine,</span> <span class='ocrx_word' id='word_1_559' title='bbox 1984 1505 2047 1542; x_wconf 83' lang='lat' dir='ltr'>etsi</span> <span class='ocrx_word' id='word_1_560' title='bbox 2069 1505 2215 1556; x_wconf 88' lang='lat' dir='ltr'>opulen-</span> 
     </span>
     <span class='ocr_line' id='line_1_75' title="bbox 1227 1567 2216 1621; baseline -0.006 -11"><span class='ocrx_word' id='word_1_561' title='bbox 1227 1572 1387 1610; x_wconf 83' lang='lat' dir='ltr'>tissimus</span> <span class='ocrx_word' id='word_1_562' title='bbox 1409 1571 1466 1621; x_wconf 90' lang='lat' dir='ltr'>sit,</span> <span class='ocrx_word' id='word_1_563' title='bbox 1484 1570 1547 1608; x_wconf 88' lang='lat' dir='ltr'>etsi</span> <span class='ocrx_word' id='word_1_564' title='bbox 1571 1578 1714 1607; x_wconf 77' lang='lat' dir='ltr'>externa</span> <span class='ocrx_word' id='word_1_565' title='bbox 1748 1568 1809 1605; x_wconf 87' lang='lat' dir='ltr'>illa</span> <span class='ocrx_word' id='word_1_566' title='bbox 1830 1567 2002 1620; x_wconf 82' lang='lat' dir='ltr'>sapientia</span> <span class='ocrx_word' id='word_1_567' title='bbox 2021 1567 2216 1604; x_wconf 80' lang='lat' dir='ltr'>admodum</span> 
     </span>
     <span class='ocr_line' id='line_1_76' title="bbox 1228 1627 2217 1683; baseline -0.006 -12"><span class='ocrx_word' id='word_1_568' title='bbox 1228 1634 1438 1682; x_wconf 84' lang='lat' dir='ltr'>instructus,</span> <span class='ocrx_word' id='word_1_569' title='bbox 1466 1629 1698 1683; x_wconf 85' lang='lat' dir='ltr'>quantumvis</span> <span class='ocrx_word' id='word_1_570' title='bbox 1718 1637 1855 1681; x_wconf 83' lang='lat' dir='ltr'>potens,</span> <span class='ocrx_word' id='word_1_571' title='bbox 1875 1627 2012 1665; x_wconf 82' lang='lat' dir='ltr'>etiamsi</span> <span class='ocrx_word' id='word_1_572' title='bbox 2034 1641 2073 1664; x_wconf 79' lang='lat' dir='ltr'>ea</span> <span class='ocrx_word' id='word_1_573' title='bbox 2102 1629 2217 1665; x_wconf 74' lang='lat' dir='ltr'>omnia</span> 
     </span>
     <span class='ocr_line' id='line_1_77' title="bbox 1229 1689 2220 1747; baseline -0.007 -14"><span class='ocrx_word' id='word_1_574' title='bbox 1229 1709 1307 1747; x_wconf 88' lang='lat' dir='ltr'>quae</span> <span class='ocrx_word' id='word_1_575' title='bbox 1323 1693 1531 1733; x_wconf 83' lang='lat' dir='ltr'>hominibus</span> <span class='ocrx_word' id='word_1_576' title='bbox 1546 1690 1741 1744; x_wconf 80' lang='lat' dir='ltr'>expetenda</span> <span class='ocrx_word' id='word_1_577' title='bbox 1759 1689 1927 1729; x_wconf 86' lang='lat' dir='ltr'>videntur</span> <span class='ocrx_word' id='word_1_578' title='bbox 1945 1689 2112 1727; x_wconf 80' lang='lat' dir='ltr'>obtineat.</span> <span class='ocrx_word' id='word_1_579' title='bbox 2129 1690 2220 1727; x_wconf 83' lang='lat' dir='ltr'>Nam</span> 
     </span>
     <span class='ocr_line' id='line_1_78' title="bbox 1231 1750 2221 1808; baseline -0.008 -13"><span class='ocrx_word' id='word_1_580' title='bbox 1231 1757 1261 1795; x_wconf 91' lang='lat' dir='ltr'>si</span> <span class='ocrx_word' id='word_1_581' title='bbox 1295 1757 1325 1795; x_wconf 90' lang='lat' dir='ltr'>is</span> <span class='ocrx_word' id='word_1_582' title='bbox 1356 1755 1418 1808; x_wconf 89' lang='lat' dir='ltr'>qui</span> <span class='ocrx_word' id='word_1_583' title='bbox 1453 1754 1498 1792; x_wconf 88' lang='lat' dir='ltr'>de</span> <span class='ocrx_word' id='word_1_584' title='bbox 1532 1753 1625 1793; x_wconf 84' lang='lat' dir='ltr'>veris</span> <span class='ocrx_word' id='word_1_585' title='bbox 1656 1752 1761 1789; x_wconf 84' lang='lat' dir='ltr'>bonis</span> <span class='ocrx_word' id='word_1_586' title='bbox 1802 1750 1983 1803; x_wconf 77' lang='lat' dir='ltr'>superbit,</span> <span class='ocrx_word' id='word_1_587' title='bbox 2024 1750 2150 1787; x_wconf 76' lang='lat' dir='ltr'>infelix</span> <span class='ocrx_word' id='word_1_588' title='bbox 2180 1765 2221 1788; x_wconf 82' lang='lat' dir='ltr'>ae</span> 
     </span>
     <span class='ocr_line' id='line_1_79' title="bbox 1231 1811 2221 1867; baseline -0.009 -11"><span class='ocrx_word' id='word_1_589' title='bbox 1231 1817 1350 1867; x_wconf 85' lang='lat' dir='ltr'>miser,</span> <span class='ocrx_word' id='word_1_590' title='bbox 1382 1816 1543 1854; x_wconf 89' lang='lat' dir='ltr'>omnium</span> <span class='ocrx_word' id='word_1_591' title='bbox 1572 1814 1719 1852; x_wconf 91' lang='lat' dir='ltr'>illorum</span> <span class='ocrx_word' id='word_1_592' title='bbox 1747 1811 1945 1850; x_wconf 86' lang='lat' dir='ltr'>mercedem</span> <span class='ocrx_word' id='word_1_593' title='bbox 1971 1811 2131 1859; x_wconf 87' lang='lat' dir='ltr'>amittat;</span> <span class='ocrx_word' id='word_1_594' title='bbox 2161 1812 2221 1862; x_wconf 81' lang='lat' dir='ltr'>qui</span> 
     </span>
     <span class='ocr_line' id='line_1_80' title="bbox 1231 1872 2223 1929; baseline -0.008 -12"><span class='ocrx_word' id='word_1_595' title='bbox 1231 1878 1277 1917; x_wconf 91' lang='lat' dir='ltr'>de</span> <span class='ocrx_word' id='word_1_596' title='bbox 1302 1879 1347 1916; x_wconf 87' lang='lat' dir='ltr'>iis</span> <span class='ocrx_word' id='word_1_597' title='bbox 1365 1892 1444 1929; x_wconf 81' lang='lat' dir='ltr'>quae</span> <span class='ocrx_word' id='word_1_598' title='bbox 1467 1876 1558 1915; x_wconf 88' lang='lat' dir='ltr'>nihil</span> <span class='ocrx_word' id='word_1_599' title='bbox 1577 1884 1658 1913; x_wconf 89' lang='lat' dir='ltr'>sunt</span> <span class='ocrx_word' id='word_1_600' title='bbox 1673 1873 1868 1922; x_wconf 75' lang='lat' dir='ltr'>extollitur,</span> <span class='ocrx_word' id='word_1_601' title='bbox 1893 1872 1954 1923; x_wconf 87' lang='lat' dir='ltr'>qui</span> <span class='ocrx_word' id='word_1_602' title='bbox 1974 1886 2018 1910; x_wconf 79' lang='lat' dir='ltr'>ex</span> <span class='ocrx_word' id='word_1_603' title='bbox 2036 1872 2163 1910; x_wconf 80' lang='lat' dir='ltr'>umbra</span> <span class='ocrx_word' id='word_1_604' title='bbox 2190 1881 2223 1910; x_wconf 87' lang='lat' dir='ltr'>et</span> 
     </span>
     <span class='ocr_line' id='line_1_81' title="bbox 1233 1934 2224 1990; baseline -0.01 -10"><span class='ocrx_word' id='word_1_605' title='bbox 1233 1941 1317 1980; x_wconf 85' lang='lat' dir='ltr'>foeni</span> <span class='ocrx_word' id='word_1_606' title='bbox 1344 1941 1443 1990; x_wconf 88' lang='lat' dir='ltr'>flore,</span> <span class='ocrx_word' id='word_1_607' title='bbox 1467 1939 1505 1977; x_wconf 88' lang='lat' dir='ltr'>id</span> <span class='ocrx_word' id='word_1_608' title='bbox 1540 1938 1634 1976; x_wconf 89' lang='lat' dir='ltr'>enim</span> <span class='ocrx_word' id='word_1_609' title='bbox 1661 1945 1712 1974; x_wconf 87' lang='lat' dir='ltr'>est</span> <span class='ocrx_word' id='word_1_610' title='bbox 1748 1935 1863 1973; x_wconf 86' lang='lat' dir='ltr'>inanis</span> <span class='ocrx_word' id='word_1_611' title='bbox 1893 1934 2022 1986; x_wconf 83' lang='lat' dir='ltr'>gloria,</span> <span class='ocrx_word' id='word_1_612' title='bbox 2063 1949 2135 1972; x_wconf 87' lang='lat' dir='ltr'>sese</span> <span class='ocrx_word' id='word_1_613' title='bbox 2165 1935 2224 1971; x_wconf 85' lang='lat' dir='ltr'>in-</span> 
     </span>
     <span class='ocr_line' id='line_1_82' title="bbox 1233 1995 2225 2053; baseline -0.009 -12"><span class='ocrx_word' id='word_1_614' title='bbox 1233 2003 1320 2052; x_wconf 90' lang='lat' dir='ltr'>flat,</span> <span class='ocrx_word' id='word_1_615' title='bbox 1345 2000 1521 2053; x_wconf 88' lang='lat' dir='ltr'>quomodo</span> <span class='ocrx_word' id='word_1_616' title='bbox 1557 2013 1625 2037; x_wconf 89' lang='lat' dir='ltr'>non</span> <span class='ocrx_word' id='word_1_617' title='bbox 1661 1996 1822 2035; x_wconf 87' lang='lat' dir='ltr'>omnium</span> <span class='ocrx_word' id='word_1_618' title='bbox 1859 1995 2017 2033; x_wconf 73' lang='lat' dir='ltr'>maxime</span> <span class='ocrx_word' id='word_1_619' title='bbox 2052 1995 2225 2033; x_wconf 81' lang='lat' dir='ltr'>ridiculus</span> 
     </span>
     <span class='ocr_line' id='line_1_83' title="bbox 1236 2058 2226 2117; baseline -0.009 -13"><span class='ocrx_word' id='word_1_620' title='bbox 1236 2066 1296 2117; x_wconf 85' lang='lat' dir='ltr'>sit,</span> <span class='ocrx_word' id='word_1_621' title='bbox 1336 2080 1418 2103; x_wconf 89' lang='lat' dir='ltr'>cum</span> <span class='ocrx_word' id='word_1_622' title='bbox 1441 2064 1598 2117; x_wconf 87' lang='lat' dir='ltr'>idipsum</span> <span class='ocrx_word' id='word_1_623' title='bbox 1626 2069 1707 2113; x_wconf 86' lang='lat' dir='ltr'>agat</span> <span class='ocrx_word' id='word_1_624' title='bbox 1739 2058 1832 2110; x_wconf 86' lang='lat' dir='ltr'>quod</span> <span class='ocrx_word' id='word_1_625' title='bbox 1858 2072 1993 2111; x_wconf 83' lang='lat' dir='ltr'>pauper</span> <span class='ocrx_word' id='word_1_626' title='bbox 2025 2068 2059 2096; x_wconf 85' lang='lat' dir='ltr'>et</span> <span class='ocrx_word' id='word_1_627' title='bbox 2089 2059 2226 2096; x_wconf 86' lang='lat' dir='ltr'>mendi-</span> 
     </span>
     <span class='ocr_line' id='line_1_84' title="bbox 1238 2119 2225 2178; baseline -0.009 -13"><span class='ocrx_word' id='word_1_628' title='bbox 1238 2141 1312 2176; x_wconf 89' lang='lat' dir='ltr'>cus,</span> <span class='ocrx_word' id='word_1_629' title='bbox 1344 2127 1406 2178; x_wconf 90' lang='lat' dir='ltr'>qui</span> <span class='ocrx_word' id='word_1_630' title='bbox 1441 2138 1578 2177; x_wconf 86' lang='lat' dir='ltr'>semper</span> <span class='ocrx_word' id='word_1_631' title='bbox 1603 2120 1800 2169; x_wconf 78' lang='lat' dir='ltr'>famelicus,</span> <span class='ocrx_word' id='word_1_632' title='bbox 1821 2119 1851 2157; x_wconf 87' lang='lat' dir='ltr'>si</span> <span class='ocrx_word' id='word_1_633' title='bbox 1881 2119 1988 2157; x_wconf 88' lang='lat' dir='ltr'>semel</span> <span class='ocrx_word' id='word_1_634' title='bbox 2022 2120 2147 2157; x_wconf 80' lang='lat' dir='ltr'>laetum</span> <span class='ocrx_word' id='word_1_635' title='bbox 2171 2134 2225 2157; x_wconf 88' lang='lat' dir='ltr'>so-</span> 
     </span>
     <span class='ocr_line' id='line_1_85' title="bbox 1238 2180 2221 2232; baseline -0.01 -5"><span class='ocrx_word' id='word_1_636' title='bbox 1238 2189 1377 2226; x_wconf 89' lang='lat' dir='ltr'>mnium</span> <span class='ocrx_word' id='word_1_637' title='bbox 1412 2196 1516 2226; x_wconf 90' lang='lat' dir='ltr'>noctu</span> <span class='ocrx_word' id='word_1_638' title='bbox 1540 2183 1682 2232; x_wconf 82' lang='lat' dir='ltr'>viderit,</span> <span class='ocrx_word' id='word_1_639' title='bbox 1712 2180 1791 2219; x_wconf 83' lang='lat' dir='ltr'>ideo</span> <span class='ocrx_word' id='word_1_640' title='bbox 1820 2180 2022 2232; x_wconf 71' lang='lat' dir='ltr'>glorietur?</span> <span class='ocrx_word' id='word_1_641' title='bbox 2041 2180 2173 2219; x_wconf 75' lang='lat' dir='ltr'>Infelix</span> <span class='ocrx_word' id='word_1_642' title='bbox 2188 2189 2221 2218; x_wconf 88' lang='lat' dir='ltr'>et</span> 
     </span>
     <span class='ocr_line' id='line_1_86' title="bbox 1239 2242 2224 2298; baseline -0.011 -8"><span class='ocrx_word' id='word_1_643' title='bbox 1239 2250 1360 2298; x_wconf 69' lang='lat' dir='ltr'>miser,</span> <span class='ocrx_word' id='word_1_644' title='bbox 1380 2249 1468 2288; x_wconf 89' lang='lat' dir='ltr'>dum</span> <span class='ocrx_word' id='word_1_645' title='bbox 1488 2248 1606 2286; x_wconf 82' lang='lat' dir='ltr'>anima</span> <span class='ocrx_word' id='word_1_646' title='bbox 1626 2255 1686 2284; x_wconf 85' lang='lat' dir='ltr'>tua</span> <span class='ocrx_word' id='word_1_647' title='bbox 1699 2242 1909 2296; x_wconf 80' lang='lat' dir='ltr'>gravissimo</span> <span class='ocrx_word' id='word_1_648' title='bbox 1923 2243 2047 2281; x_wconf 86' lang='lat' dir='ltr'>morbo</span> <span class='ocrx_word' id='word_1_649' title='bbox 2067 2257 2224 2281; x_wconf 84' lang='lat' dir='ltr'>corrum-</span> 
     </span>
     <span class='ocr_line' id='line_1_87' title="bbox 1240 2304 2225 2368; baseline -0.012 -15"><span class='ocrx_word' id='word_1_650' title='bbox 1240 2315 1350 2368; x_wconf 81' lang='lat' dir='ltr'>pitur,</span> <span class='ocrx_word' id='word_1_651' title='bbox 1367 2321 1525 2351; x_wconf 78' lang='lat' dir='ltr'>extrema</span> <span class='ocrx_word' id='word_1_652' title='bbox 1557 2315 1762 2362; x_wconf 81' lang='lat' dir='ltr'>paupertate</span> <span class='ocrx_word' id='word_1_653' title='bbox 1789 2305 1966 2353; x_wconf 79' lang='lat' dir='ltr'>laborans,</span> <span class='ocrx_word' id='word_1_654' title='bbox 1982 2304 2093 2341; x_wconf 89' lang='lat' dir='ltr'>altum</span> <span class='ocrx_word' id='word_1_655' title='bbox 2119 2304 2225 2355; x_wconf 82' lang='lat' dir='ltr'>sapis,</span> 
     </span>
     <span class='ocr_line' id='line_1_88' title="bbox 1241 2364 2227 2428; baseline -0.012 -14"><span class='ocrx_word' id='word_1_656' title='bbox 1241 2375 1337 2428; x_wconf 84' lang='lat' dir='ltr'>quod</span> <span class='ocrx_word' id='word_1_657' title='bbox 1358 2383 1409 2412; x_wconf 90' lang='lat' dir='ltr'>tot</span> <span class='ocrx_word' id='word_1_658' title='bbox 1423 2373 1554 2410; x_wconf 84' lang='lat' dir='ltr'>talenta</span> <span class='ocrx_word' id='word_1_659' title='bbox 1571 2369 1648 2408; x_wconf 86' lang='lat' dir='ltr'>auri</span> <span class='ocrx_word' id='word_1_660' title='bbox 1666 2368 1811 2415; x_wconf 72' lang='lat' dir='ltr'>habeas,</span> <span class='ocrx_word' id='word_1_661' title='bbox 1832 2364 1929 2415; x_wconf 86' lang='lat' dir='ltr'>quod</span> <span class='ocrx_word' id='word_1_662' title='bbox 1954 2378 2135 2403; x_wconf 74' lang='lat' dir='ltr'>servorum</span> <span class='ocrx_word' id='word_1_663' title='bbox 2155 2374 2227 2402; x_wconf 86' lang='lat' dir='ltr'>tur-</span> 
     </span>
     <span class='ocr_line' id='line_1_89' title="bbox 1241 2425 2228 2477; baseline -0.014 0"><span class='ocrx_word' id='word_1_664' title='bbox 1241 2437 1352 2477; x_wconf 75' lang='lat' dir='ltr'>bam!</span> <span class='ocrx_word' id='word_1_665' title='bbox 1375 2437 1514 2475; x_wconf 86' lang='lat' dir='ltr'>Verum</span> <span class='ocrx_word' id='word_1_666' title='bbox 1537 2433 1613 2469; x_wconf 76' lang='lat' dir='ltr'>haec</span> <span class='ocrx_word' id='word_1_667' title='bbox 1642 2443 1710 2467; x_wconf 91' lang='lat' dir='ltr'>non</span> <span class='ocrx_word' id='word_1_668' title='bbox 1733 2437 1793 2466; x_wconf 82' lang='lat' dir='ltr'>tua</span> <span class='ocrx_word' id='word_1_669' title='bbox 1822 2434 1916 2463; x_wconf 88' lang='lat' dir='ltr'>sunt.</span> <span class='ocrx_word' id='word_1_670' title='bbox 1966 2425 2005 2463; x_wconf 87' lang='lat' dir='ltr'>Si</span> <span class='ocrx_word' id='word_1_671' title='bbox 2035 2425 2125 2463; x_wconf 86' lang='lat' dir='ltr'>mihi</span> <span class='ocrx_word' id='word_1_672' title='bbox 2159 2439 2228 2463; x_wconf 88' lang='lat' dir='ltr'>non</span> 
     </span>
     <span class='ocr_line' id='line_1_90' title="bbox 1244 2485 2226 2547; baseline -0.015 -9"><span class='ocrx_word' id='word_1_673' title='bbox 1244 2498 1373 2547; x_wconf 80' lang='lat' dir='ltr'>credis,</span> <span class='ocrx_word' id='word_1_674' title='bbox 1412 2495 1564 2533; x_wconf 84' lang='lat' dir='ltr'>aliorum</span> <span class='ocrx_word' id='word_1_675' title='bbox 1592 2490 1748 2529; x_wconf 81' lang='lat' dir='ltr'>divitum</span> <span class='ocrx_word' id='word_1_676' title='bbox 1783 2485 1999 2537; x_wconf 75' lang='lat' dir='ltr'>experientia</span> <span class='ocrx_word' id='word_1_677' title='bbox 2037 2485 2075 2524; x_wconf 83' lang='lat' dir='ltr'>id.</span> <span class='ocrx_word' id='word_1_678' title='bbox 2101 2486 2226 2525; x_wconf 85' lang='lat' dir='ltr'>edisce.</span> 
     </span>
     <span class='ocr_line' id='line_1_91' title="bbox 1245 2545 2229 2600; baseline -0.013 -2"><span class='ocrx_word' id='word_1_679' title='bbox 1245 2560 1307 2598; x_wconf 87' lang='lat' dir='ltr'>Sin</span> <span class='ocrx_word' id='word_1_680' title='bbox 1324 2559 1372 2595; x_wconf 83' lang='lat' dir='ltr'>ita</span> <span class='ocrx_word' id='word_1_681' title='bbox 1393 2555 1513 2594; x_wconf 87' lang='lat' dir='ltr'>ebrius</span> <span class='ocrx_word' id='word_1_682' title='bbox 1531 2567 1578 2600; x_wconf 86' lang='lat' dir='ltr'>es,</span> <span class='ocrx_word' id='word_1_683' title='bbox 1598 2560 1635 2588; x_wconf 89' lang='lat' dir='ltr'>ut</span> <span class='ocrx_word' id='word_1_684' title='bbox 1662 2545 1871 2600; x_wconf 87' lang='lat' dir='ltr'>hujusmodi</span> <span class='ocrx_word' id='word_1_685' title='bbox 1891 2546 2064 2599; x_wconf 80' lang='lat' dir='ltr'>exemplis</span> <span class='ocrx_word' id='word_1_686' title='bbox 2091 2561 2160 2585; x_wconf 90' lang='lat' dir='ltr'>non</span> <span class='ocrx_word' id='word_1_687' title='bbox 2176 2548 2229 2585; x_wconf 91' lang='lat' dir='ltr'>in-</span> 
     </span>
     <span class='ocr_line' id='line_1_92' title="bbox 1246 2608 2231 2668; baseline -0.013 -9"><span class='ocrx_word' id='word_1_688' title='bbox 1246 2619 1416 2666; x_wconf 80' lang='lat' dir='ltr'>stituaris,</span> <span class='ocrx_word' id='word_1_689' title='bbox 1441 2614 1628 2668; x_wconf 85' lang='lat' dir='ltr'>paululum</span> <span class='ocrx_word' id='word_1_690' title='bbox 1647 2620 1828 2664; x_wconf 72' lang='lat' dir='ltr'>exspecta,</span> <span class='ocrx_word' id='word_1_691' title='bbox 1846 2620 1879 2649; x_wconf 88' lang='lat' dir='ltr'>et</span> <span class='ocrx_word' id='word_1_692' title='bbox 1897 2608 2140 2662; x_wconf 77' lang='lat' dir='ltr'>experimento</span> <span class='ocrx_word' id='word_1_693' title='bbox 2173 2619 2231 2647; x_wconf 80' lang='lat' dir='ltr'>tuo</span> 
     </span>
     <span class='ocr_line' id='line_1_93' title="bbox 1246 2669 2232 2729; baseline -0.014 -9"><span class='ocrx_word' id='word_1_694' title='bbox 1246 2681 1393 2729; x_wconf 79' lang='lat' dir='ltr'>edisces,</span> <span class='ocrx_word' id='word_1_695' title='bbox 1416 2676 1507 2715; x_wconf 89' lang='lat' dir='ltr'>nihil</span> <span class='ocrx_word' id='word_1_696' title='bbox 1521 2674 1606 2712; x_wconf 88' lang='lat' dir='ltr'>hinc</span> <span class='ocrx_word' id='word_1_697' title='bbox 1630 2672 1695 2710; x_wconf 89' lang='lat' dir='ltr'>tibi</span> <span class='ocrx_word' id='word_1_698' title='bbox 1715 2670 1879 2709; x_wconf 85' lang='lat' dir='ltr'>utilitatis</span> <span class='ocrx_word' id='word_1_699' title='bbox 1897 2669 2073 2719; x_wconf 81' lang='lat' dir='ltr'>accedere,</span> <span class='ocrx_word' id='word_1_700' title='bbox 2090 2670 2232 2720; x_wconf 85' lang='lat' dir='ltr'>quando</span> 
     </span>
     <span class='ocr_line' id='line_1_94' title="bbox 1247 2731 2232 2784; baseline -0.012 -3"><span class='ocrx_word' id='word_1_701' title='bbox 1247 2742 1402 2781; x_wconf 86' lang='lat' dir='ltr'>animam</span> <span class='ocrx_word' id='word_1_702' title='bbox 1422 2737 1560 2784; x_wconf 82' lang='lat' dir='ltr'>efflans,</span> <span class='ocrx_word' id='word_1_703' title='bbox 1573 2749 1637 2773; x_wconf 86' lang='lat' dir='ltr'>nee</span> <span class='ocrx_word' id='word_1_704' title='bbox 1663 2733 1759 2771; x_wconf 85' lang='lat' dir='ltr'>horae</span> <span class='ocrx_word' id='word_1_705' title='bbox 1778 2746 1842 2771; x_wconf 87' lang='lat' dir='ltr'>nec</span> <span class='ocrx_word' id='word_1_706' title='bbox 1858 2731 2028 2770; x_wconf 86' lang='lat' dir='ltr'>momenti</span> <span class='ocrx_word' id='word_1_707' title='bbox 2048 2732 2154 2770; x_wconf 82' lang='lat' dir='ltr'>unius</span> <span class='ocrx_word' id='word_1_708' title='bbox 2168 2731 2232 2769; x_wconf 86' lang='lat' dir='ltr'>do—</span> 
     </span>
     <span class='ocr_line' id='line_1_95' title="bbox 1248 2793 2233 2851; baseline -0.012 -9"><span class='ocrx_word' id='word_1_709' title='bbox 1248 2804 1377 2851; x_wconf 83' lang='lat' dir='ltr'>minus,</span> <span class='ocrx_word' id='word_1_710' title='bbox 1397 2801 1473 2838; x_wconf 87' lang='lat' dir='ltr'>haec</span> <span class='ocrx_word' id='word_1_711' title='bbox 1493 2797 1628 2836; x_wconf 88' lang='lat' dir='ltr'>invitus</span> <span class='ocrx_word' id='word_1_712' title='bbox 1648 2793 1882 2847; x_wconf 80' lang='lat' dir='ltr'>praesentibus</span> <span class='ocrx_word' id='word_1_713' title='bbox 1910 2793 2098 2843; x_wconf 85' lang='lat' dir='ltr'>relinques,</span> <span class='ocrx_word' id='word_1_714' title='bbox 2121 2793 2233 2844; x_wconf 88' lang='lat' dir='ltr'>iisque</span> 
     </span>
     <span class='ocr_line' id='line_1_96' title="bbox 1250 2852 2233 2916; baseline -0.013 -13"><span class='ocrx_word' id='word_1_715' title='bbox 1250 2878 1340 2916; x_wconf 82' lang='lat' dir='ltr'>saepe</span> <span class='ocrx_word' id='word_1_716' title='bbox 1357 2861 1488 2914; x_wconf 84' lang='lat' dir='ltr'>quibus</span> <span class='ocrx_word' id='word_1_717' title='bbox 1506 2858 1628 2897; x_wconf 86' lang='lat' dir='ltr'>nolles.</span> <span class='ocrx_word' id='word_1_718' title='bbox 1643 2855 1772 2894; x_wconf 85' lang='lat' dir='ltr'>Multis</span> <span class='ocrx_word' id='word_1_719' title='bbox 1793 2854 1885 2893; x_wconf 87' lang='lat' dir='ltr'>enim</span> <span class='ocrx_word' id='word_1_720' title='bbox 1903 2868 1965 2892; x_wconf 83' lang='lat' dir='ltr'>nec</span> <span class='ocrx_word' id='word_1_721' title='bbox 1984 2854 2028 2891; x_wconf 88' lang='lat' dir='ltr'>de</span> <span class='ocrx_word' id='word_1_722' title='bbox 2053 2854 2097 2891; x_wconf 86' lang='lat' dir='ltr'>iis</span> <span class='ocrx_word' id='word_1_723' title='bbox 2112 2852 2233 2906; x_wconf 74' lang='lat' dir='ltr'>dispo-</span> 
     </span>
     <span class='ocr_line' id='line_1_97' title="bbox 1250 2914 2235 2976; baseline -0.014 -12"><span class='ocrx_word' id='word_1_724' title='bbox 1250 2939 1332 2964; x_wconf 90' lang='lat' dir='ltr'>nere</span> <span class='ocrx_word' id='word_1_725' title='bbox 1351 2921 1561 2976; x_wconf 86' lang='lat' dir='ltr'>permissum</span> <span class='ocrx_word' id='word_1_726' title='bbox 1581 2917 1663 2969; x_wconf 76' lang='lat' dir='ltr'>fuit,</span> <span class='ocrx_word' id='word_1_727' title='bbox 1690 2915 1752 2955; x_wconf 88' lang='lat' dir='ltr'>sed</span> <span class='ocrx_word' id='word_1_728' title='bbox 1766 2924 1907 2968; x_wconf 88' lang='lat' dir='ltr'>repente</span> <span class='ocrx_word' id='word_1_729' title='bbox 1921 2915 2131 2966; x_wconf 86' lang='lat' dir='ltr'>migrarunt,</span> <span class='ocrx_word' id='word_1_730' title='bbox 2147 2914 2235 2952; x_wconf 91' lang='lat' dir='ltr'>dum</span> 
     </span>
     <span class='ocr_line' id='line_1_98' title="bbox 1252 2975 2237 3034; baseline -0.013 -10"><span class='ocrx_word' id='word_1_731' title='bbox 1252 2987 1296 3024; x_wconf 91' lang='lat' dir='ltr'>iis</span> <span class='ocrx_word' id='word_1_732' title='bbox 1333 2983 1404 3022; x_wconf 90' lang='lat' dir='ltr'>frui</span> <span class='ocrx_word' id='word_1_733' title='bbox 1439 2988 1614 3034; x_wconf 82' lang='lat' dir='ltr'>optarent,</span> <span class='ocrx_word' id='word_1_734' title='bbox 1635 2991 1699 3016; x_wconf 90' lang='lat' dir='ltr'>nec</span> <span class='ocrx_word' id='word_1_735' title='bbox 1733 2990 1937 3014; x_wconf 84' lang='lat' dir='ltr'>concessum</span> <span class='ocrx_word' id='word_1_736' title='bbox 1956 2975 2030 3013; x_wconf 90' lang='lat' dir='ltr'>illis</span> <span class='ocrx_word' id='word_1_737' title='bbox 2065 2984 2131 3025; x_wconf 81' lang='lat' dir='ltr'>est,</span> <span class='ocrx_word' id='word_1_738' title='bbox 2173 2975 2237 3013; x_wconf 81' lang='lat' dir='ltr'>sed</span> 
     </span>
     <span class='ocr_line' id='line_1_99' title="bbox 1253 3036 2237 3095; baseline -0.013 -9"><span class='ocrx_word' id='word_1_739' title='bbox 1253 3044 1433 3095; x_wconf 86' lang='lat' dir='ltr'>abstracti,</span> <span class='ocrx_word' id='word_1_740' title='bbox 1446 3057 1488 3082; x_wconf 87' lang='lat' dir='ltr'>ac</span> <span class='ocrx_word' id='word_1_741' title='bbox 1501 3040 1648 3095; x_wconf 79' lang='lat' dir='ltr'>pervim</span> <span class='ocrx_word' id='word_1_742' title='bbox 1661 3037 1822 3088; x_wconf 85' lang='lat' dir='ltr'>abducti,</span> <span class='ocrx_word' id='word_1_743' title='bbox 1832 3037 1926 3087; x_wconf 85' lang='lat' dir='ltr'>aliis,</span> <span class='ocrx_word' id='word_1_744' title='bbox 1945 3036 2076 3088; x_wconf 85' lang='lat' dir='ltr'>quibus</span> <span class='ocrx_word' id='word_1_745' title='bbox 2091 3036 2237 3073; x_wconf 87' lang='lat' dir='ltr'>minime</span> 
     </span>
     <span class='ocr_line' id='line_1_100' title="bbox 1254 3097 2234 3155; baseline -0.014 -7"><span class='ocrx_word' id='word_1_746' title='bbox 1254 3108 1436 3155; x_wconf 78' lang='lat' dir='ltr'>volebant,</span> <span class='ocrx_word' id='word_1_747' title='bbox 1455 3119 1494 3143; x_wconf 84' lang='lat' dir='ltr'>ea</span> <span class='ocrx_word' id='word_1_748' title='bbox 1514 3102 1746 3153; x_wconf 88' lang='lat' dir='ltr'>reliquerunt.</span> <span class='ocrx_word' id='word_1_749' title='bbox 1768 3098 1875 3145; x_wconf 90' lang='lat' dir='ltr'>Quod</span> <span class='ocrx_word' id='word_1_750' title='bbox 1899 3112 1941 3136; x_wconf 92' lang='lat' dir='ltr'>ne</span> <span class='ocrx_word' id='word_1_751' title='bbox 1961 3098 2064 3136; x_wconf 83' lang='lat' dir='ltr'>nobis</span> <span class='ocrx_word' id='word_1_752' title='bbox 2085 3097 2234 3145; x_wconf 80' lang='lat' dir='ltr'>accidat,</span> 
     </span>
     <span class='ocr_line' id='line_1_101' title="bbox 1256 3160 2239 3222; baseline -0.014 -12"><span class='ocrx_word' id='word_1_753' title='bbox 1256 3171 1341 3210; x_wconf 89' lang='lat' dir='ltr'>hinc</span> <span class='ocrx_word' id='word_1_754' title='bbox 1369 3170 1460 3222; x_wconf 84' lang='lat' dir='ltr'>jam,</span> <span class='ocrx_word' id='word_1_755' title='bbox 1481 3166 1569 3204; x_wconf 87' lang='lat' dir='ltr'>dum</span> <span class='ocrx_word' id='word_1_756' title='bbox 1588 3178 1651 3216; x_wconf 86' lang='lat' dir='ltr'>per</span> <span class='ocrx_word' id='word_1_757' title='bbox 1680 3160 1920 3202; x_wconf 81' lang='lat' dir='ltr'>valetudinem</span> <span class='ocrx_word' id='word_1_758' title='bbox 1938 3160 2032 3209; x_wconf 83' lang='lat' dir='ltr'>licet,</span> <span class='ocrx_word' id='word_1_759' title='bbox 2054 3160 2239 3198; x_wconf 80' lang='lat' dir='ltr'>mittamus</span> 
     </span>
    </p>
   </div>
   <div class='ocr_carea' id='block_1_11' title="bbox 1281 3301 1790 3344">
    <p class='ocr_par' dir='ltr' id='par_1_22' title="bbox 1281 3301 1790 3344">
     <span class='ocr_line' id='line_1_102' title="bbox 1281 3301 1790 3344; baseline -0.012 -9"><span class='ocrx_word' id='word_1_760' title='bbox 1281 3315 1294 3329; x_wconf 62' lang='grc' dir='ltr'><strong>Δ</strong></span> <span class='ocrx_word' id='word_1_761' title='bbox 1311 3302 1456 3344; x_wconf 81' lang='lat' dir='ltr'>Quidum</span> <span class='ocrx_word' id='word_1_762' title='bbox 1480 3303 1557 3334; x_wconf 71' lang='grc' dir='ltr'>αὐτὰ</span> <span class='ocrx_word' id='word_1_763' title='bbox 1577 3301 1790 3341; x_wconf 43' lang='lat' dir='ltr'>flamniam&amp;</span> 
     </span>
    </p>
   </div>
   <div class='ocr_carea' id='block_1_12' title="bbox 2215 441 2256 480">
    <p class='ocr_par' dir='ltr' id='par_1_23' title="bbox 2215 441 2256 480">
     <span class='ocr_line' id='line_1_103' title="bbox 2215 441 2256 480; baseline 0 -11"><span class='ocrx_word' id='word_1_764' title='bbox 2215 441 2256 480; x_wconf 52' lang='grc' dir='ltr'>[ἦ.</span> 
     </span>
    </p>
   </div>
   <div class='ocr_carea' id='block_1_13' title="bbox 2219 776 2408 928">
    <p class='ocr_par' dir='ltr' id='par_1_24' title="bbox 2262 776 2402 812">
     <span class='ocr_line' id='line_1_104' title="bbox 2262 776 2402 812; baseline -0.007 -10"><span class='ocrx_word' id='word_1_765' title='bbox 2262 776 2402 812; x_wconf 58' lang='lat' dir='ltr'>Fuperbiu</span> 
     </span>
    </p>

    <p class='ocr_par' dir='ltr' id='par_1_25' title="bbox 2286 823 2405 843">
     <span class='ocr_line' id='line_1_105' title="bbox 2286 823 2405 843; baseline -0.008 -1"><span class='ocrx_word' id='word_1_766' title='bbox 2286 823 2405 843; x_wconf 53' lang='lat' dir='ltr'>xii-lure)&gt;</span> 
     </span>
    </p>

    <p class='ocr_par' dir='ltr' id='par_1_26' title="bbox 2219 858 2408 928">
     <span class='ocr_line' id='line_1_106' title="bbox 2219 858 2408 886; baseline -0.005 -2"><span class='ocrx_word' id='word_1_767' title='bbox 2219 858 2408 886; x_wconf 55' lang='lat' dir='ltr'>oxum-alulit·-</span> 
     </span>
     <span class='ocr_line' id='line_1_107' title="bbox 2221 900 2316 928; baseline -0.032 0"><span class='ocrx_word' id='word_1_768' title='bbox 2221 900 2316 928; x_wconf 57' lang='lat' dir='ltr'>factat.</span> 
     </span>
    </p>
   </div>
  </div>
 </body>
</html>
