2522 3683
172 659 282 687 Manli.
306 658 356 687 25.

170 711 185 720 o-

173 722 182 738 l
194 721 198 726 .

172 865 283 893 Matth.
305 873 336 903 9.

169 915 220 934 20.

181 2300 207 2322 ι,
228 2291 299 2319 Cor.
320 2291 349 2320 5.

178 2340 207 2360 2.

177 2457 206 2475 2.
225 2447 295 2476 Cor.
316 2455 363 2477 ιι.

178 2498 227 2528 29.

183 2811 294 2838 lllaltst.
316 2811 345 2839 5.

184 2852 232 2879 28.

183 2964 255 2991 Lm.
274 2970 301 2997 7.
320 2963 369 2993 38.

186 3233 275 3260 Jmm,
293 3230 372 3260 ι3.5.

372 203 464 251 990

371 292 408 321 et
419 289 607 333 corrupta²
629 287 718 318 sunt
736 280 934 316 cicatrices
953 289 1060 321 meae,
1089 275 1234 327 asacie
1255 276 1352 312 insi-

369 337 524 387 pientia?
541 347 644 370 mese.
659 330 785 369 Omnis
797 330 857 380 qui
874 338 1005 381 peccat,
1023 328 1120 366 foetet
1134 343 1146 377 3
1164 327 1279 365 omnis
1293 326 1355 377 qui

371 386 615 439 poenitentiam
625 384 711 435 agit,
728 392 949 434 unguentum
964 389 1155 433 praeparat.
1167 381 1306 419 Verum
1316 388 1356 416 nt

371 441 408 478 in
428 438 616 491 unguentis
638 437 749 474 multa
763 444 934 481 aromata,
952 435 1003 472 sie
1023 442 1056 471 et
1072 434 1171 471 varia
1185 441 1266 470 sunt
1281 446 1356 483 poe-

370 493 526 530 nitentiae
543 505 684 542 genera.
706 487 968 541 Oportetenim
984 485 1097 524 multa
1119 486 1213 524 bona
1249 499 1355 536 opera

371 546 502 582 multos
516 557 702 595 congerere
719 543 868 589 fruetus,
886 540 945 590 qui
964 538 1177 591 poenitentiae
1198 551 1356 588 unguen—

370 607 448 635 tum
470 605 607 649 parent.
636 595 758 635 Vultis
777 608 877 631 nosse
903 591 1063 630 mulieris
1082 590 1354 628 humilitatem?

373 651 490 687 Altera
505 650 565 686 illa
580 648 706 685 mulier
722 655 940 698 unguentum
953 645 1117 692 asserens,
1132 658 1238 695 super
1250 642 1356 680 Chri-

372 703 416 740 sti
437 711 543 754 caput
570 700 720 739 effundit
740 716 747 736 :
769 714 851 736 nam
879 712 923 736 ex
944 706 1036 735 reete
1063 696 1165 734 factis
1186 695 1356 733 fiduciam

371 755 499 793 habuit
517 771 524 791 ε
546 755 622 791 haec
638 767 683 790 ex
699 751 910 791 conscientia
925 749 1138 787 delictorum
1158 763 1226 786 non
1249 756 1356 798 caput

371 807 491 854 audet,
509 806 567 845 sed
593 815 749 844 extrema
773 804 905 856 pedum
937 811 1076 840 tantum
1105 810 1257 853 tangere.
1286 801 1358 838 Ne-

374 875 442 911 que
481 860 600 897 minus
633 866 824 910 operantur
854 854 971 908 pedes.
1001 856 1093 892 Nam
1126 854 1155 890 si
1183 868 1252 890 non
1288 866 1356 890 ve-

372 914 577 951 stimentum
608 910 737 957 modo,
764 909 825 946 sed
852 908 958 946 etiam
987 905 1131 944 fimbria
1156 904 1358 944 vestimenti

372 966 562 1018 perfectam
575 963 761 1001 sanitatem
779 961 935 998 credenti
946 959 1111 1010 largitur,
1127 967 1160 995 et
1180 956 1359 995 laudabile

372 1018 492 1056 reddit
525 1015 701 1054 credentis
729 1015 864 1051 furtum
883 1029 893 1061 ;
918 1021 1051 1062 quanto
1074 1010 1188 1061 magis
1210 1009 1358 1059 vestigia

373 1070 506 1108 Christi
527 1077 674 1121 possunt
694 1075 919 1118 peccatorum
949 1063 1083 1101 vibices
1108 1062 1256 1099 delere?
1279 1062 1359 1098 Non

371 1137 454 1173 ergo
483 1129 703 1172 unguentum
731 1127 868 1156 tantum
894 1116 1036 1165 effudit,
1058 1115 1122 1153 sed
1153 1115 1258 1152 etiam
1277 1115 1356 1151 fon-

372 1185 423 1212 tes
440 1176 683 1226 lacrymarum
708 1170 831 1208 movit.
854 1169 953 1207 Beati
969 1169 1069 1206 lacus
1089 1167 1263 1215 mulieris,
1292 1180 1359 1204 un-

373 1227 418 1265 de
442 1235 585 1264 manant
613 1224 716 1262 fluvii
741 1232 883 1276 peccata
902 1222 1098 1259 abluentes
1119 1221 1173 1258 Te
1201 1220 1264 1257 illa
1294 1219 1359 1257 do-

374 1290 448 1317 ceat
468 1294 532 1317 cur
559 1278 661 1316 nobis
694 1278 791 1314 Deus
823 1274 943 1312 oculos
974 1273 1126 1311 dederit.
1158 1274 1256 1310 Num
1281 1281 1359 1309 tan-

374 1342 450 1370 tum
479 1341 518 1369 ut
550 1330 644 1369 visui
681 1328 888 1367 servirent?
914 1328 991 1365 Hoc
1015 1335 1049 1363 et
1080 1325 1221 1375 singula
1254 1324 1360 1362 bruta

374 1385 541 1422 animalia
559 1383 710 1431 habent5
730 1383 802 1419 imo
831 1381 858 1418 si
888 1388 1051 1417 accurate
1087 1392 1235 1429 quaeras,
1253 1377 1359 1414 bruta

375 1437 538 1487 quaedam
568 1436 709 1473 acutius
745 1447 852 1483 quam
888 1447 951 1470 nos
989 1431 1124 1470 vident.
1161 1431 1254 1467 Nam
1292 1429 1359 1467 tibi

373 1490 467 1528 oculi
500 1503 568 1527 non
602 1487 650 1525 ad
673 1487 789 1526 visum
820 1485 938 1533 modo,
973 1484 1036 1522 sed
1063 1483 1170 1521 etiam
1201 1482 1248 1519 ad
1279 1496 1357 1534 poe—

373 1542 558 1580 nitentiam
577 1541 657 1578 usui
687 1547 779 1577 sunt.
801 1540 930 1576 Beatus
958 1551 993 1575 es
1025 1537 1055 1574 si
1081 1537 1267 1574 lavacrum
1288 1535 1357 1572 ba-

373 1595 549 1646 ptismatis
565 1591 761 1631 servaveris
785 1607 793 1627 :
817 1591 846 1629 si
862 1604 946 1628 vero
962 1599 1000 1627 ut
1018 1589 1126 1626 homo
1145 1587 1358 1638 interceptus

373 1647 487 1693 fuisti,
503 1647 622 1684 emitte
644 1647 755 1683 fontes
778 1644 1031 1695 lacrymarum.
1056 1641 1173 1678 Habes
1190 1649 1357 1691 puteum5

374 1714 419 1737 ex
436 1699 612 1751 profundo
628 1697 743 1736 cordis
755 1696 937 1733 tristitiam
955 1693 1077 1742 hauri,
1091 1693 1186 1744 agita
1201 1692 1360 1743 geminas

373 1752 543 1804 pupillas,
558 1750 700 1788 effunde
722 1750 964 1800 lacrymarum
990 1747 1142 1791 fluenta3
1165 1744 1361 1781 secundum

374 1805 550 1842 rationem
566 1803 781 1840 delictorum
796 1801 866 1837 sint
885 1800 1066 1851 lacrymae.
1091 1797 1242 1847 Exiguae
1256 1796 1360 1833 stillae

375 1857 471 1895 leves
493 1857 643 1894 festucas
657 1855 840 1901 auserunt;
864 1851 1043 1904 profunda
1064 1850 1214 1887 flumina
1233 1858 1267 1886 et
1285 1857 1362 1885 tor—

375 1919 489 1946 rentes
506 1908 622 1960 rapidi
636 1917 843 1944 truncorum
862 1917 980 1951 onera,
997 1912 1031 1940 et
1051 1911 1234 1954 petrarum
1252 1901 1362 1938 moles

376 1962 515 1999 trahere
537 1961 662 1998 solent.
687 1957 859 2010 Appende
874 1964 1017 2008 peccata
1040 1965 1111 1992 tua.
1129 1954 1168 1992 Si
1184 1954 1262 1992 leve
1280 1967 1362 2005 pec-

375 2023 494 2051 catum
521 2023 587 2061 est‚
630 2011 762 2049 sufficit
808 2008 996 2062 paululum
1033 2009 1295 2058 lacrymarum3
1333 2005 1363 2043 si

376 2066 507 2118 grande
523 2074 708 2117 peccatum
727 2072 791 2111 est,
808 2062 924 2113 major
950 2061 994 2098 sit
1019 2069 1156 2097 torrens
1178 2059 1361 2110 lacryma-

376 2134 468 2156 rum.
500 2119 538 2156 Si
571 2127 688 2155 autem
716 2129 797 2153 cum
832 2114 915 2152 vitae
949 2112 1081 2150 fiducia
1113 2112 1290 2164 lacrymas
1327 2110 1364 2148 in

376 2180 517 2223 promtu
540 2180 572 2208 et
592 2184 651 2207 cor
672 2168 864 2207 contritum
874 2166 998 2212 habes,
1019 2179 1058 2202 ac
1074 2178 1144 2202 non
1164 2178 1284 2201 omnes
1298 2177 1363 2215 pro

377 2233 409 2261 tc
422 2225 599 2275 lacrymas
612 2221 745 2269 fundis,
759 2220 849 2257 mihi
864 2228 1003 2271 partem
1016 2218 1256 2269 lacrymarum
1269 2230 1365 2254 com-

378 2277 504 2325 moda3
536 2290 600 2327 pro
631 2276 783 2312 fratrum
812 2271 964 2324 peccatis
993 2271 1087 2320 luge.
1123 2271 1175 2307 Et
1205 2283 1277 2306 ‘vos
1305 2271 1365 2305 in-

379 2330 466 2375 flati
491 2331 593 2373 estis,
620 2337 656 2365 et
681 2340 758 2364 non
781 2327 910 2376 potius
943 2324 1109 2360 luxistis.
1134 2322 1214 2358 Non
1239 2335 1364 2372 pecea-

382 2382 433 2419 vit
454 2381 615 2426 Samuel,
641 2379 701 2416 scd
722 2392 785 2429 pro
805 2376 912 2415 Saule
932 2384 1113 2427 peccatore
1141 2373 1246 2410 luxit.
1271 2374 1364 2410 Pau-

380 2435 437 2471 lus
456 2443 506 2471 est
536 2448 598 2470 vas
629 2430 825 2476 electionis,
847 2428 909 2466 scd
928 2443 992 2480 pro
1014 2427 1116 2464 uobis
1136 2426 1245 2463 dolet.
1270 2427 1364 2475 Quis

380 2487 690 2529 scandalizatur,
714 2482 846 2533 inquit⁷
869 2490 905 2518 et
921 2495 988 2532 ego
1004 2494 1081 2517 non
1098 2483 1214 2516 uror?
1229 2478 1363 2517 Viden’

379 2538 557 2588 quomodo
573 2537 737 2574 scandala
753 2548 829 2572 mea
846 2534 950 2570 Pauli
971 2547 1030 2570 cor
1053 2531 1258 2569 conterant?
1282 2530 1363 2568 Uti-

381 2605 462 2627 nam
483 2600 600 2627 autem
619 2588 752 2639 singuli
774 2595 933 2624 nostrum
953 2593 1095 2637 peccata
1112 2598 1174 2621 sua
1195 2582 1365 2635 lacrymis

381 2643 581 2693 abstergere
594 2649 748 2694 possent.
769 2639 958 2676 Imitemur
976 2638 1180 2683 mulierem;
1196 2635 1366 2687 lacrymis

382 2695 589 2746 rigatpedes
602 2697 698 2739 Jesu,
714 2700 891 2743 unguento
912 2690 1025 2740 ungit.
1043 2688 1229 2740 hacrymis
1242 2687 1361 2739 pedes.

383 2748 488 2784 'Unde
499 2757 653 2799 peccata,
667 2745 748 2783 inde
762 2743 927 2781 remedia.
942 2742 1083 2780 Audisti
1095 2740 1292 2778 Dominum
1303 2740 1367 2777 ho-

383 2799 440 2837 die
451 2800 626 2837 dicentem
653 2815 659 2834 :
692 2800 929 2848 Quicumque
951 2796 1087 2833 viderit
1101 2794 1299 2831 mulierem
1315 2793 1369 2829 ad

385 2852 728 2903 concupiscendum
746 2863 845 2894 eam,
867 2851 952 2900 jam
968 2849 1182 2884 moeclzatas
1200 2854 1255 2883 est
1281 2859 1367 2882 eam

385 2908 426 2941 in
439 2906 551 2941 corde
565 2918 644 2941 5110.
657 2903 749 2948 Quia
763 2916 807 2939 ex
826 2901 904 2939 visu
918 2908 1101 2952 peccatum
1116 2898 1259 2949 incepit.
1294 2896 1365 2934 Ubi

385 2957 490 2995 radix
511 2956 689 3002 libidinis,
716 2955 765 2991 ibi
790 2955 865 2991 fons
891 2952 1095 2990 curationis.
1125 2953 1179 2988 Et
1213 2950 1366 3001 capillis

386 3013 506 3048 cet-sic.
536 3011 633 3047 Num
660 3022 737 3057 quse
769 3015 987 3055 unguentum
1021 3012 1164 3051 emerat,
1187 3012 1219 3039 et
1250 3002 1369 3039 alaba-

385 3071 497 3100 strum
526 3068 725 3113 paravcrat,
754 3059 901 3095 linteum
926 3071 995 3094 nou
1028 3055 1154 3093 habuit
1180 3054 1368 3106 paratum?

385 3129 500 3152 aunon
530 3121 665 3166 poterat
691 3111 807 3160 rigare
837 3110 1003 3162 lacrymis
1023 3118 1055 3145 et
1076 3109 1184 3145 linteo
1211 3107 1369 3157 tergere?

389 3169 434 3204 At
452 3182 521 3204 non
545 3165 651 3203 audet
675 3165 742 3201 hoc
769 3164 881 3200 facere
903 3178 909 3198 :
931 3176 1012 3198 nam
1040 3161 1147 3198 linteo
1170 3160 1370 3209 abstergere

390 3219 530 3256 Christo
559 3217 818 3255 reservabatur.
839 3215 943 3252 Forte
978 3213 1038 3250 illa
1065 3214 1206 3258 timens,
1232 3212 1370 3249 cautius

387 3272 461 3318 agit
483 3288 490 3307 τ
512 3286 578 3309 non
610 3271 689 3309 vult
723 3268 815 3306 enim
846 3266 998 3318 peccatis
1029 3265 1187 3316 corporis
1215 3264 1371 3301 remedia

387 3324 556 3361 :ulhibcre
584 3322 788 3360 inanimata.
810 3319 911 3367 Quid
932 3319 1025 3356 enim
1044 3318 1097 3354 illi
1123 3316 1290 3368 proderat
1308 3317 1372 3353 lin-

390 3388 485 3414 teum
512 3375 745 3414 inanimatum
774 3381 866 3410 tactu
886 3370 1043 3422 corporis
1058 3369 1189 3407 Christi
1214 3368 1372 3405 sanctifi-

1335 193 1513 223 spuunt.

1430 276 1546 318 ζεται·
1574 279 1642 318 πᾶς
1671 274 1846 325 μετανοῶν
1877 273 1984 340 μύρον
2012 274 2183 318 σκευάζει.
2210 274 2303 313 Ἀλλ’
2327 275 2447 328 ὥσπερ

1425 328 1461 364 ἓν
1484 333 1555 370 τοῖς
1585 327 1703 379 μύροις
1727 325 1841 364 πολλὰ
1866 329 2056 377 ἀρωματα,
2084 326 2172 365 οὕτω
2191 327 2249 364 καὶ
2266 328 2449 378 μετανοίας

1424 379 1538 418 πολλὰ
1570 378 1657 426 εἴδη.
1692 381 1754 416 Δεῖ
1779 378 1848 432 γὰρ
1873 378 2005 422 πολλὰς
2026 378 2203 422 πολιτείας
2220 381 2280 418 καὶ
2300 379 2449 424 πολλοὺς

1426 437 1630 484 συναγαγεῖν
1656 430 1820 483 καρποὺς,
1846 430 1903 468 ἵνα
1921 431 2118 470 σκευάσωσι
2134 435 2196 477 τῆς
2213 432 2394 482 μετανοίας
2409 433 2453 470 τὸ

1427 483 1549 536 μύρον.
1580 484 1649 522 Καὶ
1670 483 1834 534 βούλεσθε
1852 487 1980 534 γνῶναι
1999 486 2062 529 τ’ῆς
2078 485 2238 535 γυναικὸς
2254 484 2316 530 τὴν
2332 501 2450 522 ταπει-

1427 535 1663 588 νοφροσύνην;
1684 535 1791 583 Ἄλλη
1812 536 1897 575 ποτὲ
1917 534 2004 588 γυνὴ
2026 536 2204 586 κομίσασα
2224 536 2331 590 μύρον
2352 537 2450 590 παρὰ

1426 589 1484 627 τὸν
1501 590 1666 641 Χριστὸν,
1681 588 1848 641 καταχέει
1868 593 1930 636 τῆς
1945 590 2099 641 κεφαλῆς
2110 604 2119 612 ·
2139 583 2213 639 εἶχε
2232 589 2299 641 γὰρ
2315 592 2452 641 παρρη-

1428 641 1505 680 σίαν
1525 644 1564 680 ἐκ
1579 641 1857 692 πολιτευμάτων.
1890 640 1987 688 Αὕτη
2010 640 2066 678 διὰ
2089 639 2150 687 τὴν
2167 633 2362 688 συνείδησιν
2380 645 2448 679 τῶν

1427 694 1659 745 πταισμάτων
1688 697 1725 732 οὐ
1752 695 1957 745 κατατολμᾷ
1983 696 2045 739 τῆς
2074 695 2240 745 κεφαλῆς,
2269 695 2360 732 ἀλλὰ
2381 697 2450 732 τῶν

1427 749 1540 786 ποδῶν
1558 747 1673 798 ἄκρων
1695 747 1863 799 ἐφήψατο.
1886 746 1957 784 Καὶ
1973 747 2035 784 οὐκ
2049 745 2192 784 ἔλαττον
2210 749 2402 797 ἐνεργοῦσιν
2419 750 2450 784 οἱ

1427 799 1540 842 πόδες.
1572 802 1616 837 Εἰ
1633 800 1701 852 γὰρ
1716 801 1753 837 οὐ
1766 800 1806 837 τὸ
1821 798 1959 849 ἱμάτιον
1978 798 2092 848 μόνον,
2110 798 2201 836 ἀλλὰ
2218 799 2277 836 καὶ
2292 804 2352 837 τοῦ
2369 801 2452 849 ἱμα-

1427 851 1500 890 τίου
1519 853 1558 890 τὸ
1573 853 1767 906 κράσπεδον
1786 851 1921 889 τελείαν
1938 851 2069 902 ὑγίειαν
2086 854 2129 903 τῇ
2150 851 2366 897 πιστευσάση
2387 867 2450 903 γα-

1431 904 1560 957 ρίζεται
1577 934 1585 951 ,
1630 905 1689 943 καὶ
1721 909 1813 943 ποιεῖ
1845 907 1888 956 τῇ
1921 903 2138 955 πιστευσάσῃ
2172 893 2356 950 ἐπαινετὴν
2389 897 2452 950 τὴν

1429 956 1563 1002 κλοπήν
1577 973 1584 980 ·
1605 957 1703 1009 πόσῳ
1724 958 1855 1006 μᾶλλον
1874 956 1919 994 τὰ
1939 956 2016 1007 ἴχνη
2037 961 2097 994 τοῦ
2119 957 2272 1007 Χριστοῦ
2289 955 2453 994 δύνανται

1427 1011 1494 1046 τῶν
1528 1009 1794 1061 ἁμαρτημάτων
1827 1010 2021 1059 ἀπαλεῖψαι
2054 1007 2131 1051 τοὺς
2165 1009 2365 1058 μώλωπας,
2399 1010 2454 1047 Οὐ

1427 1061 1539 1099 τοίνυν
1556 1061 1595 1098 τὸ
1620 1061 1727 1113 μύρον
1752 1061 1853 1112 μόνον
1874 1061 2051 1111 κατέχεεν,
2072 1060 2162 1098 ἀλλὰ
2181 1061 2240 1098 καὶ
2258 1061 2320 1105 τὰς
2339 1061 2456 1111 πηγὰς

1427 1115 1496 1152 τῶν
1517 1114 1673 1165 δακρύων
1691 1113 1840 1160 ἐκίνησε.
1875 1113 2061 1164 Μακάριαι
2076 1116 2139 1159 τῆς
2157 1113 2320 1163 γυναικὸς
2341 1115 2377 1151 αἱ
2395 1113 2453 1150 λί-

1428 1182 1513 1216 μναι
1527 1197 1537 1214 ,
1559 1166 1635 1205 ὅθεν
1666 1165 1819 1218 ποταμοὶ
1839 1164 2080 1216 θεραπευτικοὶ
2099 1168 2168 1203 τῶν
2188 1165 2454 1216 ἁμαρτημάτων

1427 1218 1649 1271 προχέονται.
1705 1220 1769 1257 Σοὶ
1811 1218 1962 1271 γενέσθω
1999 1217 2206 1261 διδάσκαλος
2242 1217 2334 1257 διατί
2375 1217 2455 1260 τοὺς

1428 1271 1625 1322 ὀφθαλμοὺς
1639 1275 1724 1321 ἡμῖν
1740 1274 1757 1309 ὃ
1775 1272 1865 1314 Θεὸς
1880 1270 2099 1322 κεχάρισται.
2118 1265 2207 1322 Ἆρα
2223 1270 2325 1321 μόνον
2342 1270 2453 1322 ὄψεως

1428 1324 1627 1376 ὑπηρέτας;
1647 1326 1762 1362 Τοῦτο
1789 1324 1849 1361 καὶ
1874 1324 1931 1362 ἐπὶ
1947 1325 2016 1360 τῶν
2037 1321 2170 1373 ἀλόγων
2192 1322 2288 1366 ζώων
2309 1323 2454 1360 ἕκαστον

1429 1376 1504 1428 ἔχει
1519 1392 1527 1399 ·
1559 1377 1622 1414 κᾶν
1654 1377 1808 1428 ἀκριὸῶς
1840 1375 2016 1427 ἐξετάσῃς,
2050 1374 2123 1413 ἔνια
2152 1378 2221 1413 τῶν
2242 1374 2375 1425 ἀλόγων
2396 1375 2456 1412 καὶ

1428 1429 1532 1467 πλέον
1563 1428 1737 1481 ὀξυδερκεῖ
1762 1428 1847 1480 παρ’
1872 1431 1978 1478 ἡμᾶς.
2010 1426 2073 1465 Σοὶ
2098 1427 2165 1479 γὰρ
2186 1429 2223 1466 οὖ
2245 1427 2348 1477 μόνον
2369 1426 2457 1465 εἰσὶν

1428 1481 1538 1534 ὄψεως
1553 1481 1736 1534 ὑπηρέται,
1754 1481 1845 1520 ἀλλὰ
1863 1481 1924 1519 καὶ
1946 1479 2129 1530 μετανοίας
2145 1480 2300 1531 ἐργάται.
2326 1478 2456 1517 Μακά-

1431 1535 1502 1585 ριόν
1522 1550 1561 1572 σε
1581 1534 1728 1586 φυλάξαι
1756 1535 1795 1572 τὸ
1811 1533 1954 1585 λουτρὸν
1982 1537 2041 1570 τοῦ
2062 1532 2305 1582 βαπτίσματος
2319 1547 2326 1555 ·
2359 1534 2388 1569 εἷ
2421 1531 2456 1570 δὲ

1428 1589 1474 1629 ὥς
1502 1586 1682 1638 ἄνθρωπος
1711 1586 1954 1637 προελήφθης,
1977 1584 2118 1629 κίνησον
2147 1584 2306 1635 δακρύων
2327 1583 2455 1634 πηγάς.

1427 1638 1550 1690 ’Ἔχεις
1571 1640 1610 1677 τὸ
1626 1638 1755 1691 φρέαρ·
1779 1641 1818 1676 ἐκ
1833 1641 1891 1675 τοῦ
1919 1637 2044 1687 βάθους
2062 1639 2123 1681 τῆς
2143 1635 2288 1687 καρδίας
2307 1635 2371 1682 τὴν
2391 1635 2456 1674 λύ-

1429 1707 1498 1737 πην
1521 1691 1692 1737 ἅντλησον
1709 1705 1716 1712 ·
1747 1690 1888 1737 κίνησον
1913 1688 1976 1731 τὰς
1996 1688 2159 1739 διδύμους
2179 1687 2282 1740 κόρας
2295 1717 2304 1734 ,
2326 1687 2457 1739 πρόχεε

1431 1742 1588 1794 δακρύων
1603 1742 1759 1796 ῥεύματα
1774 1758 1781 1766 ·
1802 1742 1880 1780 κατ’
1901 1740 2087 1792 ἀναλογίαν
2108 1742 2176 1777 τῶν
2192 1733 2456 1791 πεπλημμελη-

1430 1795 1542 1845 μένων
1573 1795 1662 1833 ἔστω
1684 1795 1728 1833 τὰ
1749 1795 1894 1846 δάκρυα.
1924 1792 2059 1845 Μικραὶ
2079 1792 2226 1844 ψεκάδες
2249 1797 2361 1845 κοῦφα
2382 1808 2456 1830 πα-

1433 1847 1617 1900 ραφέρουσι
1649 1847 1765 1899 κάρφη
1781 1863 1789 1871 ·
1824 1845 1962 1897 μεγάλα
1989 1847 2157 1895 ποταμῶν
2182 1845 2271 1896 βάθη
2301 1844 2360 1883 καὶ
2380 1846 2457 1896 ρεύ-

1433 1916 1548 1950 ματα,
1582 1900 1770 1952 χείμαρροι
1804 1898 1944 1951 σφοδροὶ
1973 1899 2034 1936 καὶ
2066 1901 2182 1949 βαθεῖς
2201 1899 2340 1950 κορμῶν
2365 1898 2455 1950 βάρη

1432 1953 1492 1992 καὶ
1526 1952 1634 1990 λίθων
1665 1953 1756 2004 ἄχθη
1783 1950 1998 2003 παρασύρειν
2030 1950 2216 2002 πεφύκασι.
2253 1950 2455 2000 Στάθμισόν

1433 2020 1493 2045 σου
1522 2005 1566 2043 τὰ
1594 2005 1848 2056 ἁμαρτήματα.
1892 2005 1935 2041 Εἰ
1958 2002 2081 2054 μικρόν
2112 2018 2171 2041 σου
2188 2002 2227 2040 τὸ
2247 2002 2456 2054 ἁμάρτημα,

1434 2060 1533 2110 ἀρκεῖ
1567 2058 1627 2096 καὶ
1660 2056 1772 2110 βραχὺ
1803 2056 1950 2108 δάκρυον
1969 2071 1976 2079 ·
2006 2058 2035 2093 εἶ
2064 2055 2155 2106 μέγα
2183 2054 2223 2092 τὸ
2250 2055 2457 2107 ἁμάρτημα,

1435 2110 1560 2162 μείζων
1586 2114 1603 2148 ὃ
1621 2112 1688 2147 τῶν
1711 2109 1869 2160 δακρύων
1895 2108 2028 2159 γένοιτο
2050 2107 2253 2160 χείμαρρος.
2281 2108 2326 2145 Εἰ
2343 2107 2379 2146 δὲ
2398 2107 2458 2145 καὶ

1433 2162 1633 2214 παρρησίαν
1658 2162 1748 2214 ἔχεις
1783 2162 1876 2213 βίου,
1910 2161 1970 2198 καὶ
1993 2159 2261 2206 ἐπιτηδειότητα
2288 2159 2459 2211 δακρύων,

1434 2216 1494 2253 καὶ
1512 2215 1657 2268 καρδίαν
1684 2213 1987 2264 κατανενυγμένην
2002 2241 2011 2258 ,
2032 2214 2062 2250 εἷ
2084 2211 2143 2250 καὶ
2167 2211 2215 2262 μὴ
2239 2211 2354 2249 πάντα
2372 2211 2459 2262 ὑπὲρ

1435 2271 1561 2306 σαυτοῦ
1582 2266 1752 2318 δακρύεις,
1768 2267 1875 2316 κάμοὶ
1899 2265 2052 2304 δάνεισον
2074 2263 2232 2317 δακρύων
2251 2264 2371 2316 μέρος·
2393 2263 2459 2301 δά-

1435 2335 1560 2371 κρυσον
1576 2319 1662 2370 ὑπὲρ
1679 2321 1871 2370 ἀδελφικῶν
1888 2317 2167 2370 ἁμαρτημάτων.
2197 2317 2268 2354 Καὶ
2285 2319 2384 2367 ὑμεῖς
2398 2331 2462 2354 πε-

1436 2371 1647 2424 φυσιωμένοι
1669 2370 1768 2417 ἐστὲ,
1792 2369 1851 2408 καὶ
1875 2370 1952 2421 οὐχὶ
1968 2372 2099 2420 μᾶλλον
2116 2368 2344 2414 ἐπενθήσατε.
2379 2369 2461 2419 Οὐχ

1435 2424 1573 2478 ἥμαρτε
1589 2423 1773 2473 Σαμουὴλ,
1783 2422 1861 2460 ἀλλ’
1881 2423 1938 2459 ἐπὶ
1951 2420 2068 2460 Σαοὺλ
2082 2420 2313 2471 ἡμαρτηκότα
2331 2423 2459 2458 πενθεῖ.

1435 2477 1574 2519 Παῦλός
1602 2479 1677 2514 ἐστι
1703 2478 1824 2518 σκεῦος
1855 2476 2020 2525 ε’κλογῆς·
2053 2476 2129 2511 ἀλλ’
2151 2474 2238 2524 ὑπὲρ
2257 2476 2358 2524 ἡμῶν
2377 2474 2459 2510 ὀδυ-

1434 2536 1543 2568 νὸῐταιΑ
1583 2528 1649 2571 Τίς
1669 2526 1949 2574 σκανδαλίζεται,
1968 2526 2069 2578 φησὶ,
2084 2525 2143 2563 καὶ
2161 2527 2223 2563 οὐκ
2244 2525 2312 2575 ἐγὼ
2329 2528 2462 2577 πυροῦ-

1436 2598 1524 2633 μαι;
1554 2581 1663 2632 Ὁρᾷς
1694 2580 1755 2617 ὅτι
1774 2579 1820 2617 τὰ
1847 2579 1917 2630 ἐμὰ
1938 2579 2118 2618 σκάνδαλα
2134 2577 2197 2624 τὴν
2214 2578 2359 2615 Παύλου
2383 2592 2462 2615 συν-

1434 2634 1545 2687 τρίὸει
1563 2632 1708 2685 καρδίαν
1722 2648 1731 2679 ;
1746 2630 1849 2677 Πλὴν
1865 2633 1942 2669 ἀλλ’
1960 2631 2106 2669 ἕκαστον
2121 2633 2221 2681 ἡμῶν
2240 2630 2375 2681 γένοιτο
2390 2635 2460 2672 τοῖς

1435 2686 1572 2729 οἰκείοις
1614 2684 1848 2736 ἁμαρτήμασι
1890 2683 1978 2734 μετὰ
2007 2685 2076 2721 τῶν
2108 2682 2267 2735 δακρύων
2299 2682 2461 2733 ἀρκέσαι.

1437 2737 1688 2789 Μιμησώμεθα
1717 2737 1781 2782 τὴν
1801 2742 1969 2787 γυναῖκα·
1993 2736 2140 2787 δάκρυσι
2164 2734 2283 2787 βρέχει
2301 2734 2380 2777 τοὺς
2398 2733 2462 2772 πό-

1436 2793 1497 2835 δας
1511 2796 1571 2828 τοῦ
1586 2793 1715 2837 Ἰησοῦ,
1735 2788 1868 2839 ἀλείφει
1882 2791 1931 2840 τῷ
1947 2787 2057 2840 μύρῳ.
2080 2787 2238 2840 Δάκρυσι
2252 2785 2328 2830 τοὺς
2342 2786 2465 2830 πόδας.

1434 2843 1543 2881 Ὅθεν
1560 2843 1603 2880 τὰ
1621 2842 1874 2894 ἁμαρτήματα,
1891 2843 2018 2878 ἐκεῖθεν
2035 2839 2151 2878 καὶτὰ
2169 2839 2314 2889 ἰάματα.
2330 2839 2462 2877 ἼΙκου-

1438 2912 1500 2940 σας
1515 2900 1574 2934 τοῦ
1589 2895 1715 2947 Κυρίου
1735 2894 1893 2944 λέγοντος
1914 2893 2076 2943 σήμερον·
2094 2891 2160 2934 ’3ος
2180 2891 2219 2929 ἂν
2240 2891 2295 2942 ἴδῃ
2315 2896 2463 2943 γυναῖκα
2490 2905 2493 2907 ·

1437 2949 1523 3001 πρὸς
1552 2949 1591 2985 τὸ
1624 2949 1855 2996 ἐπιθυμῆσαι,
1886 2946 1953 2992 ἤδη
1982 2944 2186 2996 ἐμοίχευσεν
2217 2943 2325 2990 αὐτὴν
2355 2945 2389 2981 ἐν
2416 2945 2460 2993 τῇ

1438 2999 1564 3052 καρδίᾳ
1584 3003 1721 3037 ἑαυτοῦ.
1753 2998 1898 3045 Ἐπειδὴ
1920 2997 1977 3035 διὰ
1996 3001 2054 3034 τοῦ
2079 2997 2320 3047 βλέμματοςῆ
2340 2997 2460 3048 ἆμαρ-

1439 3053 1498 3091 τία
1521 3051 1729 3105 κατήρξατο.
1765 3050 1879 3089 “Onon
1908 3054 1929 3096 ἡ
1960 3049 2035 3101 ρίζα
2057 3053 2118 3095 τῆς
2149 3048 2362 3095 ἀκολασίας,
2392 3050 2464 3085 ἐκεῖ

1439 3110 1461 3160 ᾗ
1494 3105 1590 3156 πηγὴ
1625 3107 1686 3149 τῆς
1712 3102 1908 3154 θεραπείας.
1942 3102 2012 3140 Καὶ
2037 3100 2206 3151 ἐξέμασσε
2236 3106 2313 3143 ταῖς
2341 3098 2462 3152 θριξίν.

1446 3161 1530 3209 Ἄρα
1554 3162 1575 3204 ἡ
1596 3157 1635 3195 τὸ
1657 3155 1764 3208 μύρον
1785 3155 1987 3210 ἀγορνάσασα
2000 3183 2009 3200 ,
2037 3156 2058 3199 ἡ
2076 3154 2115 3191 τὸ
2136 3153 2355 3205 ἀλάὸαστρον
2375 3154 2464 3189 ἑτοι-

1444 3211 1598 3261 μάσασα,
1617 3209 1750 3246 λέντιον
1769 3210 1830 3246 οὐκ
1847 3207 1918 3259 εἶχε
1935 3205 2260 3257 παρεσκευασμένον
2277 3220 2285 3251 ;
2301 3207 2361 3242 οὐκ
2376 3203 2462 3250 ἠδύ-

1442 3278 1525 3301 νατο
1548 3261 1665 3313 βρέξαι
1692 3260 1753 3311 μὲν
1775 3266 1845 3302 τοῖς
1867 3259 2031 3310 δάκρυσιν
2049 3288 2057 3303 ,
2083 3257 2233 3307 ἐκμάξαι
2260 3257 2294 3294 δὲ
2313 3255 2462 3307 λεντίῳ;

1443 3317 1534 3353 Ἀλλ’
1556 3316 1594 3351 οὐ
1610 3315 1725 3364 τολμᾷ
1747 3316 1847 3349 τοῦτο
1864 3315 2011 3357 ποιῆσαι
2025 3326 2032 3334 ·
2049 3311 2087 3348 τὸ
2105 3309 2172 3363 γὰρ
2187 3309 2375 3360 ἐκμάσσειν
2389 3310 2463 3346 λεν-

1444 3368 1507 3418 τίῳ
1540 3368 1682 3417 Χριστῷ
1710 3365 1909 3415 τετήρηται,
1943 3363 2050 3414 Τάχα
2075 3362 2110 3401 δὲ
2139 3362 2226 3409 αὐτὴ
2256 3361 2315 3399 καὶ
2336 3360 2463 3412 φοέου-
