2507 3673
719 249 865 278 SERMO
902 250 958 279 Dn
995 248 1439 291 PSEUDOPROPHE‘HS,
1470 250 1572 280 E'I'C.
2096 259 2175 302 701

104 324 246 376 κράτος,
266 328 324 363 νῦν
341 326 399 364 καὶ
416 326 486 374 ἀεὶ,
507 327 566 365 καὶ
580 330 627 372 εἷς
647 329 725 373 τοὺς
746 333 873 374 αἰῶνας
891 333 960 369 τῶν
979 329 1126 368 αἰώνων.
1201 329 1333 368 tionem
1351 343 1393 388 ac
1406 330 1520 367 zelum
1531 331 1702 380 veritatis,
1716 334 2030 388 etlihertatempro
2044 339 2184 379 Christo

105 376 225 423 {xa-15&
1199 381 1369 431 loquendi
1401 382 1589 431 adamat05
1629 398 1774 434 sequere
1807 400 1933 425 verum
1970 392 2183 439 Magistrum

144 414 150 427 ⁴
1200 447 1265 484 pro
1281 433 1428 471 veritate
1445 434 1694 485 decertantem,
1707 447 1747 475 ut
1759 451 1841 475 cum
1855 439 1901 476 ab
1917 444 2073 491 apostolo
2092 445 2184 482 Pau-

1200 485 1234 522 lo
1250 485 1301 522 sic
1323 486 1518 536 audiveris,
1541 490 1763 528 Imitatores
1787 494 1862 528 mei
1879 501 2009 540 estote,
2034 498 2130 533 sicut
2148 506 2184 534 et
2203 511 2228 532 r.
2248 505 2317 534 Cor.
2334 513 2380 534 ιι,

1200 551 1266 589 ego
1288 539 1446 587 Christi,
1466 540 1614 592 justitiae
1633 551 1671 579 tu
1688 557 1827 594 quoque
1844 558 2010 583 coronam
2028 547 2185 587 obtinere
2202 552 2227 573 ¹·

1199 592 1377 640 merearis,
1392 601 1426 629 et
1436 607 1513 643 quse
1532 593 1696 631 Christus
1712 597 1808 632 Deus
1823 607 1939 634 noster
1954 608 2081 637 aeterna
2093 600 2184 639 bona

1199 645 1418 694 praeparavit
1450 646 1508 695 iis,
1541 646 1601 695 qui
1629 645 1787 697 diligunt
1815 648 1919 687 illum
1934 666 1944 698 3
1976 665 2053 701 quae
2083 653 2186 691 nohis

1199 695 1364 733 omnibus
1383 697 1518 735 utinam
1536 699 1699 749 consequi
1715 699 1829 749 detur,
1849 703 1963 753 gratia
1981 705 2186 756 ethenigni-

1199 755 1270 785 tate
1291 749 1438 787 Domini
1460 751 1572 788 nostri
1593 753 1678 790 Jesu
1695 752 1843 805 Christi,
1863 755 1921 792 cui
1941 756 2052 807 gloria
2069 767 2103 795 et
2119 758 2185 795 im-

1197 801 1352 852 perium,
1371 816 1464 841 nunc
1484 812 1518 841 et
1535 817 1683 857 semper,
1704 813 1737 842 et
1758 807 1793 843 in
1813 808 1941 846 saecula
1959 810 2182 848 saeculorum.

1195 854 1319 892 Amen.

832 1110 1475 1195 ADMONITIO

935 1281 993 1318 IN
1034 1280 1358 1320 SERMONEM

392 1413 475 1459 DE
512 1412 1100 1461 PSEUDOPROPHETIS
1135 1415 1220 1461 ET
1255 1415 1467 1463 FALSIS
1502 1417 1903 1469 DOCTORIBUS.

153 1561 253 1598 Hanc
271 1560 467 1598 orationem
487 1575 506 1597 a
526 1559 649 1597 multis
662 1569 803 1597 auctam
818 1590 827 1608 ,
842 1568 1068 1598 retractatam
1084 1568 1118 1598 et
1135 1570 1310 1599 mutatam
1329 1562 1438 1600 fuisse
1452 1563 1684 1615 perspicuum
1699 1573 1765 1616 est,
1787 1580 1900 1616 neque
1920 1581 2012 1606 unus
2031 1571 2184 1610 occurrit

101 1623 225 1661 Codex
252 1626 518 1674 manuscriptus
536 1622 597 1673 qui
628 1637 712 1660 cum
744 1623 815 1661 alio
845 1623 1052 1661 consentiat.
1077 1624 1292 1675 Longiorem
1318 1624 1507 1663 homiliam
1534 1626 1660 1664 Latine
1684 1628 1800 1665 solum
1820 1629 1982 1668 ediderat
1999 1632 2185 1672 Gerardns

101 1687 253 1725 Vossius
270 1702 277 1722 :
291 1686 400 1738 hujus
417 1695 537 1723 autem
552 1685 835 1738 interpretationi
855 1686 993 1723 Latinae
1017 1700 1062 1724 ex
1078 1686 1200 1737 aliquo
1221 1687 1419 1739 exemplari
1442 1688 1644 1727 breviorem
1663 1690 1800 1742 aptavit
1816 1692 1981 1730 Graecam
1998 1693 2186 1734 homiliam

100 1748 232 1786 Fronto
248 1750 425 1796 Ducaeus‚
448 1748 496 1785 ita
513 1757 551 1785 ut
570 1762 640 1786 non
657 1748 783 1800 paucis
804 1748 840 1785 in
860 1748 948 1786 locis
966 1748 1125 1786 hiulcam
1142 1758 1175 1787 et
1194 1750 1362 1788 mutilam
1380 1751 1506 1789 seriem
1525 1762 1772 1806 repraesentet3
1796 1762 1829 1791 et
1848 1763 1964 1793 tamen
1983 1756 2013 1794 si
2028 1766 2186 1796 extrema

99 1810 208 1848 verba
223 1809 287 1847 uhi
300 1809 418 1847 hiatus
433 1808 558 1861 incipit
574 1840 582 1857 ‚
597 1824 679 1847 cum
693 1809 922 1860 sequentibus
940 1825 1011 1861 quo
1029 1810 1179 1859 desinit,
1203 1811 1396 1862 conjungas
1411 1842 1420 1859 ‚
1450 1811 1542 1849 nihil
1559 1811 1757 1850 desiderari
1783 1814 1978 1854 existimes.
2009 1817 2085 1855 Sub
2109 1817 2186 1857 haec

99 1883 236 1922 autem,
248 1872 424 1911 Vossiana
444 1881 477 1909 et
492 1872 731 1910 Frontoniana
744 1872 942 1923 longiorem
960 1873 1153 1911 orationem
1181 1873 1296 1911 edidit
1317 1874 1477 1912 Savilius
1488 1904 1498 1924 ,
1515 1873 1578 1912 sed
1606 1875 1731 1913 multis
1759 1876 1797 1914 in
1819 1877 1907 1916 locis
1923 1878 2098 1918 vitiatam.
2111 1882 2186 1920 Nos

99 1937 246 1974 demum
260 1950 306 1974 ex
327 1934 458 1973 Codice
477 1934 695 1973 Coi>liniano
715 1935 792 1972 549
817 1935 910 1973 hanc
928 1944 1061 1972 sartam
1078 1944 1112 1973 et
1127 1944 1256 1973 tectam
1278 1935 1512 1987 proferimus,
1531 1951 1552 1974 a
1577 1937 1816 1977 Frontoniana
1835 1949 1869 1977 et
1887 1940 2063 1981 Vossiana
2081 1942 2186 1995 longe

98 1999 295 2046 diversam,
318 2007 351 2036 et
368 2012 449 2035 cum
468 1997 650 2035 Saviliana
668 1997 783 2048 magis
796 2006 1057 2036 consonantem.

150 2061 187 2097 Is
214 2060 277 2110 qui
302 2057 548 2111 Chrysostomi
569 2071 695 2095 nomen
725 2057 761 2094 in
779 2057 886 2094 titulo
919 2056 1108 2094 ementitus
1136 2065 1208 2107 est,
1240 2070 1313 2095 sese
1331 2057 1437 2109 fingit
1455 2058 1592 2110 populo
1628 2073 1693 2097 suo
1728 2060 1900 2100 ultimum
1931 2064 2146 2104 valedicere
2173 2083 2182 2104 t

100 2132 246 2174 tempus
266 2122 512 2160 resolutionis
531 2135 622 2158 meoe
639 2123 783 2170 instat,
806 2119 936 2171 inquit.
960 2120 1028 2157 Hic
1050 2119 1171 2158 omnia
1190 2120 1322 2164 νοθείας
1343 2120 1445 2172 signa
1470 2135 1545 2159 sese
1561 2122 1682 2161 statim
1700 2123 1866 2162 offerunt.
1887 2124 2013 2178 Stylus
2032 2127 2182 2168 humilis

98 2186 344 2238 abjectusque,
371 2199 389 2222 a
408 2182 653 2236 Chrysostomi
677 2182 802 2221 orandi
822 2196 947 2234 genere
965 2192 1039 2221 toto
1064 2183 1150 2221 caelo
1178 2183 1344 2222 diversus
1364 2199 1372 2219 ε
1396 2183 1507 2222 dictio
1529 2184 1708 2236 inelegans
1726 2195 1778 2224 est
1794 2217 1806 2237 ,
1828 2189 2068 2238 grammaticae
2086 2190 2182 2243 leges

98 2248 310 2300 plerumque
328 2247 530 2295 violantur,
552 2245 706 2298 epitheta
724 2245 880 2297 insipida
895 2244 941 2283 ad
960 2259 1128 2283 nauseam
1147 2259 1258 2296 usque
1277 2245 1564 2284 accumulantur.
1585 2247 1738 2285 Demum
1756 2248 1952 2301 Dionysius
1968 2252 2181 2304 Areopagita

98 2320 137 2348 ut
151 2310 304 2362 scriptor
317 2308 566 2347 celeberrimus
588 2316 817 2346 memoratur.
846 2308 964 2360 Hujus
980 2317 1099 2345 tamen
1121 2298 1253 2359 scfiipta
1264 2337 1276 2358 ‚
1294 2322 1372 2358 quze
1393 2308 1514 2361 spuria
1541 2309 1641 2361 apud
1661 2310 1818 2349 eruditos
1837 2325 1958 2350 omnes
1980 2312 2178 2365 habentur,

97 2374 234 2424 aliquot
250 2381 330 2425 post
349 2381 500 2409 mortem
524 2369 770 2423 Chrysostomi
790 2371 930 2408 saeculis
953 2371 1110 2408 confecta
1128 2370 1379 2423 publicataque
1397 2380 1491 2410 sunt.
1516 2372 1614 2409 Inter
1638 2371 1822 2411 haereticos
1839 2383 2040 2414 recensetur
2054 2377 2178 2415 Nesto-

97 2437 171 2475 rius
185 2453 195 2485 ;
216 2436 312 2473 unde
327 2434 488 2486 arguitur
501 2443 632 2485 quanta
645 2433 752 2471 fuerit
772 2433 929 2472 Graeculi
947 2433 1058 2485 hujus
1073 2433 1266 2486 imperitia.

149 2498 478 2551 Interpretationem
493 2510 624 2536 novam
640 2495 806 2534 Latinam
824 2495 1092 2535 adornavimus.

97 2744 207 2797 Λόγος
231 2744 311 2796 περὶ
342 2743 655 2795 ψευδοπροφητῶν,
686 2742 746 2780 καὶ
778 2740 1115 2793 ψευδοδιδασκάλων,
1187 2741 1318 2779 Sermo
1334 2743 1381 2780 de
1387 2743 1739 2794 pseudoprophetis,
1756 2752 1794 2781 et
1793 2744 1920 2796 falsis
1935 2746 2169 2792 doctoribus,

150 2805 210 2844 καὶ
232 2804 341 2843 ἀθέων
371 2805 553 2855 αἱρετικῶν
567 2833 576 2851 ,
598 2802 657 2840 καὶ
678 2801 758 2853 περὶ
783 2801 937 2852 σημείων
956 2804 1018 2847 τῆς
1038 2816 1117 2838 συν·
1245 2811 1282 2840 et
1296 2805 1423 2855 impiis
1438 2805 1641 2851 haereticis,
1658 2813 1695 2842 et
1714 2805 1762 2843 de
1792 2808 1914 2857 signis
1932 2821 2172 2845 consumma-

148 2867 281 2910 τελείας
302 2869 361 2905 τοῦ
392 2869 514 2908 αἰῶνος
538 2865 669 2904 τούτου,
702 2864 856 2917 Ἐῤῥήθη
879 2863 916 2902 δὲ
936 2863 1117 2914 μέλλοντος
1245 2866 1360 2902 tionis
1380 2866 1511 2902 sceculi
1538 2867 1666 2918 hujus.
1687 2867 1808 2904 Dicta
1832 2876 1890 2905 est
1912 2869 2033 2920 paulo
2062 2876 2171 2907 ante-

150 2931 252 2966 αὐτοῦ
272 2929 433 2978 ἐκδημεῖν
455 2927 524 2965 ἀπὸ
545 2931 604 2965 τοῦ
626 2925 797 2977 σώματος.
1243 2939 1361 2976 quam
1379 2927 1566 2976 (sanctus)
1581 2927 1629 2965 de
1643 2929 1730 2965 vita
1749 2929 1945 2980 migraret.

147 3051 335 3101 Ὀδυνηρὸς
355 3052 371 3087 ὁ
393 3049 505 3101 λόγος,
525 3048 645 3087 καθότι
666 3048 726 3086 καὶ
746 3049 904 3100 ἔσχατος,
920 3047 966 3091 ὥς
987 3064 1045 3098 μοι
1064 3049 1116 3085 δε-
1243 3048 1278 3084 1.
1315 3047 1495 3098 Lugubris
1517 3048 1652 3098 oratio,
1684 3058 1806 3102 utpote
1838 3050 1983 3098 ultima,
2010 3060 2050 3089 ut
2080 3051 2171 3089 mihi

96 3105 267 3150 δ-ίλωται,
292 3102 382 3141 ἀλλὰ
401 3103 460 3140 καὶ
480 3103 612 3147 πολλῆς
634 3109 747 3153 ’χαρᾶς
762 3101 892 3153 γέμων.
926 3099 1116 3151 Ὀδυνηρὸς
1187 3099 1427 3150 significatum
1460 3110 1511 3139 est
1527 3111 1700 3140 :attamen
1730 3116 1859 3154 magno
1893 3103 2024 3154 gaudio
2055 3104 2169 3155 plena.

97 3136 158 3196 υὲν
173 3186 183 3202 ,
213 3156 265 3194 ὅτι
287 3157 348 3194 οὐκ
369 3154 419 3192 ἔτι
438 3155 581 3200 λαλήσω
602 3146 688 3206 πρὸς
709 3157 799 3204 ὑμᾶς
812 3170 819 3177 ·
840 3154 971 3199 πολλῆς
992 3152 1027 3190 δὲ
1049 3168 1114 3204 χα-
1187 3152 1369 3202 Lugubris
1382 3182 1392 3201 ‚
1415 3153 1497 3204 quia
1534 3168 1604 3192 non
1637 3155 1730 3192 ultra
1758 3169 1823 3194 vos
1850 3156 2029 3214 all-oquar3
2057 3156 2170 3214 multo

96 3197 156 3253 ’ἃς
170 3228 180 3236 ·
194 3210 301 3251 {us-ra,
324 3208 377 3247 ὅτι
401 3207 586 3259 ἓφέστηκέν
609 3223 673 3244 mou
695 3210 713 3244 ὁ
734 3207 853 3259 καιρὸς
874 3208 921 3249 εἰς
934 3204 973 3242 τὸ
991 3207 1116 3244 ἀναλῦ-
1187 3204 1318 3255 gaudio
1338 3205 1459 3257 plena,
1490 3207 1573 3256 quia
1599 3215 1738 3259 tempus
1758 3208 1983 3266 resolutionis
2005 3221 2089 3265 mea?
2111 3221 2168 3244 ln-

95 3227 155 3300 (ρῖαι
179 3228 191 3262 ί
207 3249 266 3300 {aad
293 3254 359 3299 ’σὺν
389 3262 532 3312 Χριστῶ
564 3243 650 3297 εἷνιαί
681 3275 724 3309 με
739 3274 746 3282 ·
773 3260 833 3296 καὶ
853 3258 967 3300 καθὼς
986 3251 1080 3295 εἶπεν
1098 3260 1115 3295 ὃ
1187 3266 1277 3307 stat,
1295 3267 1335 3295 ut
1350 3257 1417 3295 sim
1432 3273 1514 3296 cum
1526 3259 1690 3308 Christ03
1707 3274 1747 3297 ac
1761 3259 1853 3297 sicut
1870 3259 1965 3296 dixit
1980 3261 2168 3308 Dominus,

96 3292 220 3358 Kor’tog
284 3314 413 3352 Οὐκέτι
444 3299 588 3358 >alsat-0>
618 3312 694 3361 μεθ’
728 3314 837 3361 ὑμῶν.
887 3309 970 3348 ’Έτι
996 3309 1032 3348 δὲ
1056 3315 1113 3348 ν’ῦν
1138 3341 1168 3365 73
1188 3311 1279 3347 Non
1309 3311 1476 3362 amplius
1498 3312 1638 3364 loquar
1668 3314 1875 3369 vobiscum..
1894 3311 2021 3348 Adhuc
2051 3320 2169 3370 tamen
2182 3329 2273 3359 Joan.
2301 3332 2349 3368 ¹4-

95 3338 242 3405 )a'iir'eoi
281 3368 315 3404 ἐν
364 3365 466 3410 ὀδύνη
507 3363 652 3417 καρδίας
691 3364 771 3429 περὶ
813 3365 882 3400 τῶν
920 3363 1114 3415 ψευδοπρο-
1139 3378 1164 3407 Α
1188 3376 1283 3400 nunc
1302 3362 1426 3413 loquar
1438 3363 1474 3401 in
1485 3363 1732 3422 dolorecordis
1744 3363 1895 3422 defalffls
1908 3363 2106 3422 prophetis,
2121 3364 2166 3424 de
2182 3371 2234 3401 30.

96 3396 226 3466 ωητέῶν,
250 3418 309 3457 καὶ
328 3408 672 3469 ψευδοδὶδασκάλων,
698 3432 756 3454 και
778 3415 888 3454 ἀθέων
919 3418 1114 3468 αἱρεςικῶν,
1187 3415 1284 3454 falsis
1301 3414 1526 3465 doctoribus,
1542 3425 1576 3453 et
1604 3415 1648 3453 de
1667 3429 1787 3467 lmpns
1812 3415 2005 3462 haerenms,
2021 3415 2066 3454 de
2090 3430 2170 3467 qui-

105 3459 109 3470 .
