2481 3678
787 243 831 271 ΙΝ
868 243 1081 272 JOANNEM
1118 242 1274 272 nomn„
1300 241 1377 271 vu.
1417 226 1478 270 al.
1509 242 1567 271 vl.

138 326 394 379 μακαριότητος
417 328 430 345 ³
445 324 497 370 εἴη
516 323 594 361 ποτ’
623 322 677 360 ἄν.
698 321 838 361 Γένοιτο
861 321 898 362 δὲ
923 323 1056 367 πάντας
1080 325 1155 362 ἐπι-

135 387 303 438 τυγόντας
317 389 386 424 τῶν
405 382 609 436 εἰρημένων,
627 384 673 426 εἷς
691 382 789 426 δόξαν
804 386 896 422 Θεοῦ
914 384 1030 422 πάντα
1044 384 1155 437 πράτ-

135 463 217 495 τειν,
245 441 274 499 ᾧ
289 451 311 493 ἡ
338 445 418 490 δόξα
436 444 510 494 ἅμα
530 446 579 496 τῷ
599 450 772 495 μονογενεῖ
794 445 870 496 Υἱῷ
886 445 946 483 καὶ
973 448 1023 497 τῷ
1045 445 1154 483 Πνεύ-

135 525 220 559 ματι
238 511 288 560 τῷ
316 506 421 559 ἁγίῳ,
445 508 492 550 εἷς
510 504 587 549 τοὺς
607 507 735 549 αἰῶνας
761 507 829 543 τῶν
863 505 1008 545 αἰώνων.
1032 507 1152 558 Ἀμήν.

174 638 189 653 a
205 634 249 666 εἴη
262 632 329 663 ποτ’
346 634 393 663 ἄν
412 628 474 660 Aiii
489 625 594 671 γένοιτ’
611 633 658 661 ἄν.
677 624 766 658 Ibid.
782 624 897 658 Morel.
916 632 1030 664 πάντας
1052 631 1139 666 ἀξίως

131 686 270 723 βίοῦντας
284 689 342 715 τῶν
359 687 530 727 εἰρημένων.
550 678 652 713 Savil.
670 685 784 718 πάντας
798 683 988 722 ἐπιτυχόντας
1014 688 1072 713 τῶν
1098 685 1138 714 εἰ-

522 929 702 966 ΟΜΙΛΙΑ
732 925 771 970 ζ’.

129 1043 198 1088 ἿΙν
215 1051 254 1089 τὸ
276 1053 347 1103 φῶς
371 1051 410 1089 τὸ
425 1050 599 1097 ἀληθινὸν,
622 1050 640 1088 ὃ
662 1049 802 1102 φωτίζει
828 1049 944 1088 πάντα
974 1050 1154 1103 ἄνθρωπον

387 1111 573 1165 ἐρχόμενον
599 1113 646 1155 εἷς
669 1111 726 1149 τὸν
756 1110 897 1161 κόσμον.

179 1234 247 1273 Διὰ
283 1239 403 1281 τοῦτο,
441 1227 469 1271 ω
510 1234 737 1280 πολυπόθητα
769 1233 894 1281 τέκνα,
927 1233 1019 1272 κατὰ
1052 1233 1155 1286 μέρος

126 1298 217 1345 ὑμᾶς
236 1300 306 1339 τοῖς
335 1295 404 1333 ἀπὸ
432 1299 499 1333 τῶν
527 1297 678 1347 Γραφῶν
702 1297 871 1345 ἑστιῶμεν
901 1295 1076 1345 νοήμασι,
1095 1294 1155 1332 καὶ

127 1358 188 1394 οὐκ
206 1356 326 1408 ἀθρόον
347 1356 462 1394 πάντα
484 1356 663 1408 ἐκχεόμεν,
685 1355 741 1393 ἵνα
760 1355 861 1408 ῥᾴδια
881 1359 948 1393 τῶν
971 1355 1024 1394 ἀεὶ
1045 1371 1154 1393 κατα-

129 1417 355 1468 ῧαλλομένων
389 1420 470 1468 ὑμῖν
495 1422 515 1464 ἦ
546 1417 682 1470 φυλακὴ
715 1416 870 1468 γένηται.
901 1417 972 1454 Καὶ
1000 1417 1068 1469 γὰρ
1099 1416 1156 1455 ἐπὶ

128 1481 191 1524 τῆς
212 1478 433 1529 οἰκοδομίας,
451 1482 468 1516 ὁ
487 1477 548 1528 μὲν
575 1477 723 1528 μηδέπω
754 1480 821 1514 τῶν
846 1477 1024 1530 προτέρων
1050 1477 1155 1515 λίθων

130 1539 343 1591 σφιγγέντων
365 1539 500 1591 ἑτέρους
516 1539 643 1582 ἐπιθεὶς
658 1569 667 1586 ,
682 1539 806 1591 σαθρὸν
828 1539 967 1577 ἅπαντα
981 1538 1040 1576 καὶ
1056 1540 1156 1576 εὔκα-

128 1601 302 1648 τάὲλητον
323 1601 458 1653 ὑφαίνει
477 1601 534 1639 τὸν
566 1606 681 1652 τοῖχον
695 1615 702 1623 ·
720 1603 737 1638 ὃ
760 1599 796 1638 δὲ
826 1599 1007 1650 ἀναμένων
1033 1599 1156 1652 πρότε-

132 1679 187 1716 ρον
214 1666 370 1715 παγῆναι
398 1663 456 1700 τον
486 1661 638 1714 χάλικα,
659 1661 719 1700 καὶ
744 1660 832 1699 οὕτω
857 1661 897 1700 τὸ
919 1663 1037 1700 λεῖπον
1066 1660 1158 1699 κατὰ

132 1724 255 1776 μικρὸν
282 1723 464 1771 ἐπιτιθεὶς,
487 1723 575 1775 μετὰ
595 1723 785 1776 ἀσφαλείας
805 1722 944 1762 ἅπασαν
974 1722 1157 1776 ἀπαρτίζει

132 1784 194 1832 τὴν
217 1784 342 1832 οἰκίαν,
363 1787 425 1823 οὐκ
457 1784 691 1838 ὀλιγοχρόνιόν
722 1800 822 1832 τινα,
841 1783 916 1822 οὐδὲ
948 1784 1157 1832 εὐδιάλυτον,

133 1845 222 1884 ἀλλὰ
244 1845 388 1897 βεὸαίαν
406 1846 673 1889 κατασκευάζων
688 1845 808 1892 αὐτήν.
820 1845 971 1890 Τούτους
985 1846 1044 1883 καὶ
1056 1849 1159 1897 ἡμεῖς

132 1906 149 1926 ¹³
162 1906 353 1958 μιμώμεθα
368 1907 446 1951 τοὺς
462 1907 661 1958 οἰκοδόμους
672 1937 681 1953 ,
698 1907 758 1946 καὶ
774 1906 865 1945 κατὰ
878 1908 937 1946 τὸν
958 1907 1058 1945 αὐτὸν
1075 1906 1158 1960 τρό-

132 1983 196 2005 πον
232 1967 294 2011 τὰς
323 1968 491 2022 ὑμετέρας
529 1970 766 2020 οἷκοδομῶμεν
810 1968 938 2020 ψυχάς.
977 1968 1048 2006 Καὶ
1089 1967 1158 2021 γὰρ

133 2028 349 2079 δεδοίκαμεν,
375 2030 510 2080 μήποτε
534 2033 596 2076 τ’ἦς
626 2029 797 2081 προτέρας
817 2029 1015 2075 καταὸολῆς
1032 2044 1158 2067 νεοπα-

132 2095 210 2142 γοῦς
237 2091 479 2144 ὑπαρχούσης,
501 2094 522 2137 ἡ
543 2094 611 2129 τῶν
646 2091 810 2143 δευτέρων
841 2090 990 2137 ἐπιθήκη
1021 2094 1158 2143 θεωρη-

133 2152 254 2202 μάτων
275 2153 335 2190 καὶ
362 2159 431 2195 τοῖς
458 2153 637 2206 προτέροις
665 2152 883 2203 λυμήνηται,
912 2156 974 2199 τῆς
1007 2152 1160 2196 διανοίας

132 2215 194 2251 οὐκ
220 2212 391 2266 ἀρκούσης
413 2213 552 2251 ἅπαντα
565 2216 651 2264 ὁμοῦ
665 2220 867 2265 κατασχεῖν.
886 2213 934 2252 Τί
954 2212 1066 2251 τοίνυν
1084 2213 1157 2251 ἐστὶ

130 2274 170 2312 τὸ
186 2275 336 2327 σήμερον
357 2278 442 2326 ἡμῖν
463 2274 702 2326 ἀναγνωσθέν;
723 2268 793 2313 ῗΗν
809 2275 849 2314 τὸ
873 2278 944 2327 φῶς
967 2275 1006 2313 τὸ
1029 2276 1155 2322 ἀληθι-

132 2335 200 2383 νὸν,
230 2335 248 2374 ὃ
282 2335 422 2387 φωτίζει
450 2336 566 2374 πάντα
594 2336 776 2390 ἄνθρωπον
799 2336 984 2389 ἐρχόμενον
1017 2339 1066 2381 εἷς
1098 2338 1155 2376 τὸν

131 2396 274 2447 κόσμον.
297 2395 443 2443 Ἐπειδὴ
463 2397 531 2450 γὰρ
551 2397 623 2436 ἅνω
643 2397 723 2450 περὶ
741 2403 801 2436 τοῦ
814 2397 977 2436 Ἰωάννου
998 2399 1156 2450 διαλεγό-

134 2473 233 2508 μενος
249 2457 375 2508 ἔλεγεν,
394 2456 448 2496 δ’τι
462 2452 565 2503 ἦλθεν
584 2457 664 2497 Ἵνα
678 2458 884 2512 μαρτυρήσῃ
907 2460 987 2511 περὶ
1004 2463 1063 2498 τοῦ
1084 2476 1155 2511 φω-

133 2519 208 2565 τὸς,
223 2518 283 2556 καὶ
297 2518 350 2556 ὅτι
362 2522 420 2555 νῦν
441 2519 620 2566 ἀπεστάλη
632 2536 639 2543 ·
655 2518 713 2557 ἵνα
729 2519 776 2570 μή
797 2536 848 2563 τις
862 2523 992 2559 Εταῦτα
1008 2521 1155 2568 ἀκούων,
1181 2526 1204 2555 E

135 2577 192 2615 διὰ
207 2577 268 2624 τὴν
289 2583 348 2616 τοῦ
378 2584 630 2631 μαρτυροῦντος
648 2580 847 2632 πρόσφατον
873 2581 1078 2632 παρουσίαν,
1099 2582 1158 2619 καὶ

134 2637 285 2691 περὶτοῦ
302 2654 413 2691 μαρτυ
420 2639 581 2691 ρουμένου
597 2640 758 2686 τοιαύτην
773 2640 850 2679 τινὰ
870 2641 1030 2680 ὑπόνοιαν
1045 2643 1136 2694 λάῧῃ
1148 2673 1157 2690 ,

135 2699 288 2751 ἀνήγαγε
311 2699 373 2746 τὴν
394 2699 562 2747 διάνοιαν,
583 2700 644 2739 καὶ
667 2701 753 2754 πρὸς
780 2701 842 2747 τὴν
865 2702 1026 2740 ἐπέκεινα
1043 2704 1160 2750 πάσης

136 2763 248 2813 ἀρχῆς
277 2761 507 2813 παρέπεμψεν
533 2761 692 2814 ὕπαρξιν,
714 2761 777 2808 τὴν
805 2765 955 2813 οὐδαμοῦ
986 2763 1158 2815 λήγουσαν

135 2821 211 2859 οὐδὲ
233 2822 435 2873 ἱσταμένην.
451 2822 520 2860 Καὶ
535 2827 609 2867 πῶς
623 2823 671 2860 ἔνι
684 2828 783 2862 τοῦτο
794 2855 803 2871 ,
823 2823 839 2844 ‘¹
850 2824 966 2876 φησὶν,
979 2825 1062 2863 Υἱὸν
1078 2825 1159 2863 ὄντα

136 2882 250 2934 ἔχειν,
270 2884 359 2936 Περὶ
378 2886 469 2922 Θεοῦ
499 2883 750 2936 διαλεγόμεθα,
767 2885 827 2923 καὶ
856 2886 896 2923 το
917 2888 991 2929 πῶς
1011 2888 1159 2938 ἐρωτᾷς,
1180 2916 1210 2941 45
1234 2926 1240 2933 ‚

136 2943 196 2981 καὶ
215 2945 252 2981 οὗ
277 2944 450 2992 δέδοικας,
470 2944 545 2983 οὐδὲ
561 2945 728 2998 φρίττεις;
752 2939 842 2984 Εἶτα
861 2945 899 2983 ἂν
930 2946 991 2997 μέν
1022 2963 1059 2985 σε
1083 2946 1162 3000 ἔρη-
1184 2954 1210 2982 Α
1231 2942 1241 2964 ¹

137 3004 195 3042 ταί
216 3022 287 3053 τις,
307 3007 380 3049 πῶς
395 3004 429 3044 δὲ
454 3009 555 3056 ’ἡμῶν
584 3007 807 3054 ἀτελεύτητον
836 3007 966 3052 ἕξουσιν
994 3011 1028 3046 αἱ
1054 3008 1164 3060 ψυχαὶ

136 3065 198 3112 τὴν
215 3066 305 3113 ζωὴν
334 3066 394 3104 καὶ
424 3066 468 3104 τὰ
494 3066 643 3118 σώματα
670 3068 760 3119 μετὰ
785 3073 915 3115 ταῦτα;
937 3069 1162 3120 καταγελάσῃ

137 3129 199 3173 τ’ἧς
214 3127 383 3174 πεύσεως,
412 3129 458 3171 ὡς
488 3131 548 3166 οὐκ
574 3128 613 3166 ἂν
636 3129 853 3182 ἀνθρωπίνης
879 3129 1031 3173 διανοίας
1059 3129 1093 3167 ὂν
1120 3129 1165 3167 τὰ

183 3265 200 3288 b
216 3264 271 3297 Sic
286 3265 366 3296 Mss-
383 3263 517 3306 quidam
533 3274 634 3298 recte.
653 3266 756 3301 Savil.
776 3275 886 3299 autem
911 3275 943 3299 et
959 3267 1073 3299 Μαι-01.
1093 3284 1147 3310 μι-

140 3318 324 3358 μούμεθα...
356 3320 578 3360 οἰκοδομοῦμεν,
606 3330 677 3361 quae
706 3317 749 3350 ad
772 3320 886 3352 scriem
916 3318 1148 3364 Chrysostomi

141 3378 208 3398 non
225 3374 293 3399 tam
311 3365 393 3399 benc
409 3368 573 3410 quadrare
590 3369 754 3403 videntur.

185 3429 197 3441 ⁰
216 3418 315 3451 Savil.
336 3424 424 3453 αὐτὰ..

1179 1247 1203 1275 C

2152 231 2167 245 μ.

2149 247 2171 276 '.)
2186 250 2196 276 1

1227 322 1288 360 rit.
1317 321 1466 360 Utinam
1484 335 1546 359 1105
1567 335 1678 374 supra
1695 321 1792 360 dicta
1814 325 2039 373 consequuti,
2063 326 2110 363 ad
2133 327 2206 377 glo-

1226 382 1318 420 riam
1340 381 1408 420 Dei
1441 381 1560 419 omnia
1581 381 1771 431 faciamus,
1801 383 1858 420 cui
1891 383 2005 435 gloria
2038 400 2107 422 una
2128 400 2208 424 cum

1228 443 1409 495 unigenito
1423 443 1516 481 Filio
1535 453 1569 481 ct
1591 443 1726 496 Spiritu
1742 454 1878 495 sancto,
1903 445 1938 483 in
1955 446 2082 484 saecula
2101 460 2209 484 saecu-

1225 506 1356 544 lorum.
1383 507 1507 544 Amen.

1202 633 1353 673 ρημένων.
1369 628 1434 660 Pro
1447 634 1587 670 utraque
1602 625 1744 660 lectione
1759 635 1849 660 stant
1867 628 1940 661 Mss.
1960 628 2104 671 plurimi.

1556 928 1765 969 HOMILIA
1789 932 1874 971 Vll.

1227 1052 1266 1089 9.
1295 1052 1393 1090 Erat
1418 1051 1487 1090 lux
1504 1066 1614 1102 vera,
1637 1069 1722 1106 quoe
1742 1054 1939 1092 illuminat
1965 1069 2115 1093 omnem
2144 1057 2211 1094 ho-

1335 1115 1474 1152 minem
1493 1119 1713 1153 venientem
1727 1119 1768 1153 in
1785 1118 1889 1155 hunc
1908 1117 2102 1155 mundum.

1281 1238 1317 1273 1.
1350 1237 1453 1282 Ideo,
1494 1238 1718 1277 dilectissimi
1740 1241 1828 1288 filii,
1854 1255 1918 1279 vos
1950 1242 2154 1279 minutatim
2178 1252 2210 1279 et

1226 1310 1288 1348 per
1300 1306 1416 1348 partes
1431 1298 1699 1351 Scripturarum
1713 1300 1876 1339 doctrina
1889 1302 2067 1353 pascimus
2077 1333 2085 1346 ‚
2098 1317 2210 1353 neque

1225 1356 1335 1394 simul
1357 1359 1477 1396 omnia
1511 1360 1750 1405 effundimus,
1786 1372 1825 1399 ut
1855 1362 1996 1400 facilior
2028 1364 2130 1401 vobis
2165 1364 2212 1401 sit

1224 1417 1344 1456 emissi
1357 1420 1458 1457 verbi
1482 1421 1657 1459 custodia.
1675 1424 1766 1460 Nam
1778 1423 1815 1460 in
1829 1423 2011 1472 aedificiis,
2032 1424 2093 1475 qui
2113 1434 2210 1463 ante-

1226 1493 1334 1528 quam
1348 1480 1483 1531 priores
1507 1482 1646 1533 lapides
1670 1485 1850 1535 conjuncti
1873 1485 1962 1533 sint,
1981 1486 2069 1524 alios
2087 1502 2210 1539 supcr-

1226 1540 1396 1592 imponit,
1419 1557 1488 1580 non
1511 1543 1678 1591 firmum,
1701 1544 1764 1582 sed
1782 1546 1886 1583 facile
1905 1547 2084 1584 ruiturum
2106 1550 2212 1587 struit

1226 1604 1420 1655 parietem,
1456 1606 1516 1657 qui
1542 1616 1660 1645 autem
1684 1618 1864 1660 exspectat
1895 1609 2006 1648 donec
2030 1611 2124 1649 calce
2150 1612 2211 1650 fir-

1227 1675 1380 1711 mentur,
1403 1676 1437 1704 et
1462 1667 1512 1706 sic
1543 1668 1717 1720 paulatim
1749 1679 1873 1708 caetera
1911 1671 2054 1723 adjicit,
2080 1681 2211 1723 tutam,

1225 1727 1368 1765 firmam
1390 1728 1525 1780 diuque
1548 1729 1759 1768 duraturam
1792 1731 1940 1769 domum
1961 1732 2106 1771 excitat.
2139 1734 2212 1772 Hos

1226 1788 1361 1826 aedium
1397 1799 1586 1829 structores
1622 1801 1655 1829 et
1695 1806 1757 1830 nos
1791 1792 1984 1843 imitemur,
2019 1794 2213 1846 eodemque

1226 1851 1333 1889 modo
1350 1861 1484 1890 vestras
1497 1853 1715 1892 aedificemus
1727 1855 1876 1893 animas.
1900 1856 2085 1896 Timemus
2097 1859 2190 1897 enim
2202 1891 2211 1909 ,

1227 1927 1270 1950 ne
1284 1927 1403 1951 recens
1417 1928 1498 1951 cum
1516 1914 1563 1952 sit
1575 1915 1675 1967 prior
1687 1925 1881 1966 structura,
1904 1918 2067 1956 secundae
2081 1919 2212 1959 additae

1225 1974 1501 2026 speculationes,
1525 1976 1660 2028 priores
1681 1977 1928 2029 pessumdent,
1942 1993 2024 2017 cum
2042 1994 2139 2019 mens
2152 1996 2212 2020 ne-

1226 2045 1331 2087 queat
1354 2037 1474 2075 omnia
1498 2036 1606 2075 simul
1627 2038 1818 2077 continere.
1845 2039 1945 2086 Quid
1968 2040 2076 2092 igitur
2104 2042 2212 2082 hodie

1225 2098 1358 2136 lectum
1398 2100 1480 2137 est?
1519 2102 1621 2138 Erat
1654 2102 1723 2139 lux
1751 2116 1847 2140 vera
1886 2117 1971 2153 quoe
2012 2104 2213 2145 illuminat

1227 2175 1374 2199 omnem
1388 2162 1581 2199 hominem
1599 2165 1821 2201 venientem
1838 2166 1879 2201 in
1891 2165 1994 2203 hunc
2010 2167 2208 2205 mundum.

1227 2222 1301 2269 Qui
1323 2222 1418 2261 enim
1434 2237 1541 2274 supra
1554 2223 1599 2261 de
1612 2224 1745 2262 Joanne
1762 2224 1955 2273 disserens,
1974 2225 2116 2263 dicebat
2129 2241 2211 2265 eum

1227 2284 1365 2323 venisse
1377 2314 1387 2333 ,
1407 2287 1456 2323 Ut
1478 2287 1959 2338 testimoniumperhiberet
1977 2288 2023 2325 de
2040 2288 2185 2325 lumine
2199 2319 2207 2335 ,

1227 2356 1261 2385 et
1284 2361 1378 2385 nunc
1402 2347 1552 2385 missum
1581 2361 1673 2397 esse,
1704 2362 1747 2386 ne
1774 2348 1853 2398 quis
1875 2349 1950 2385 haec
1972 2349 2138 2397 audiens,
2164 2351 2210 2388 ol)

1226 2423 1403 2461 nuperum
1420 2408 1639 2446 testificantis
1652 2408 1859 2451 adventum,
1873 2409 1918 2446 de
1930 2424 1969 2445 eo
1982 2409 2040 2446 cui
2054 2410 2209 2449 testimo-

1226 2473 1327 2511 nium
1350 2473 1529 2510 ferebatur
1551 2473 1709 2522 aliquam
1730 2471 1967 2523 suspicionem
1989 2472 2210 2524 admitteret,

1228 2544 1360 2572 mentes
1387 2534 1520 2578 erexit,
1546 2542 1579 2570 et
1603 2533 1651 2570 ad
1677 2533 1774 2570 omni
1792 2532 1969 2585 principio
1993 2535 2210 2586 superiorem

1228 2595 1470 2634 exsistentiam
1492 2594 1705 2642 transmisit,
1720 2609 1797 2645 quae
1819 2595 1961 2632 nullum
1982 2595 2149 2635 habitura
2166 2598 2210 2635 fi-

1228 2674 1309 2697 nem
1325 2668 1387 2696 est.
1415 2658 1462 2694 Et
1485 2657 1664 2708 quomodo
1686 2666 1834 2709 possunt
1845 2658 1922 2695 haec
1934 2673 2025 2707 esse,
2051 2659 2208 2711 inquies,

1229 2739 1310 2762 cum
1328 2723 1374 2760 sit
1392 2724 1419 2760 F
1423 2722 1532 2760 ilius?
1545 2723 1599 2759 De
1614 2724 1689 2760 Deo
1702 2722 1899 2773 loquimur,
1915 2733 1948 2761 et
1964 2733 2001 2761 tu
2017 2724 2210 2777 interrogas

1230 2790 1434 2843 quomodo?
1455 2803 1568 2840 neque
1588 2789 1691 2828 times
1715 2790 1774 2828 vel
1801 2790 2003 2829 horrescis?
2031 2792 2091 2830 Act
2114 2793 2210 2842 haec,

1231 2859 1260 2897 si
1292 2857 1371 2909 quis
1397 2866 1531 2908 quaerat
1552 2871 1572 2894 a
1594 2866 1645 2907 te,
1662 2857 1840 2908 quomodo
1858 2858 1983 2896 animae
2006 2868 2039 2897 et
2064 2874 2211 2912 corpora

1246 2925 1425 2964 mmortali
1448 2925 1523 2963 vita
1542 2925 1695 2963 fruitura
1718 2925 1808 2974 sint,
1833 2926 2143 2979 interrogationem
2168 2929 2212 2966 il-

1234 2994 1307 3031 lam
1329 2992 1482 3043 ridebis,
1510 2992 1611 3043 quasi
1634 3006 1703 3030 non
1726 2993 1772 3030 sit
1793 2993 1958 3031 humanae
1978 2995 2104 3033 mentis
2117 3011 2212 3046 quae-

1233 3074 1324 3109 rere,
1339 3059 1402 3097 scd
1419 3058 1560 3097 credere
1578 3068 1718 3096 tantum
1740 3068 1918 3111 oporteat,
1942 3074 2054 3110 neque
2076 3060 2213 3100 dictum

1233 3127 1328 3167 illud
1342 3127 1519 3176 scrutari,
1556 3128 1656 3179 eujus
1678 3127 1856 3165 sufficiens
1885 3127 1930 3165 sit
1963 3128 2215 3167 demonstratio

1259 3267 1275 3291 d
1293 3266 1438 3307 Quidam
1455 3271 1610 3310 ἄνθρωπον
1626 3269 1698 3299 ὄντα
1720 3271 1796 3309 ἔχειν
1816 3271 1883 3299 υἱόν.
1904 3265 2005 3297 Paulo
2022 3273 2098 3308 post
2113 3266 2213 3298 Saxil.

1215 3318 1304 3364 [cum
1315 3317 1492 3353 Codd.705
1503 3326 1535 3351 et
1546 3318 1638 3360 706]
1650 3323 1796 3363 52225‘51'2‘53
1812 3322 1879 3352 ἀλλ’
1888 3325 1933 3352 α’ν.
1944 3317 2057 3351 Morel.
2072 3324 2213 3364 φρίττειςς

1215 3376 1279 3406 εἶτα
1295 3379 1340 3405 α’ν.
