2481 3678
713 211 756 241 ιΝ
795 211 1002 242 JOANNEM
1038 209 1199 240 nomn„
1236 208 1346 240 xxv.
1388 195 1449 241 al.
1486 211 1614 242 xxiv.

141 299 246 343 αὐτῆς
265 296 309 336 τὰ
329 296 490 347 Θαύματα
516 295 671 347 γέγονεν·
692 295 782 335 οὕτω
803 296 863 335 καὶ
884 301 943 335 τοῦ
957 294 1162 345 Πνεύματος

140 361 190 411 τῷ
204 357 303 396 ὕδατι
320 356 487 410 παρόντος
498 387 507 403 ,
526 356 570 393 τὰ
586 356 768 409 παράδοξα
787 360 899 395 ταῦτα
921 356 980 395 καὶ
995 354 1159 406 λογισμὸν

141 418 390 470 ὓπερῖἱαίνοντα
410 418 557 460 εὐκόλως
575 417 690 456 πάντα
711 418 855 470 γίνεται.

191 480 275 527 αΜὴ
295 479 419 526 τοίνυν,
444 478 563 525 ἐπειδὴ
585 478 633 530 μὴ
654 482 735 532 ὁρᾷς
760 479 869 526 αὐτὰ,
900 476 1040 515 ἀπίστει
1057 491 1064 498 ·
1085 473 1161 513 ἐπεὶ

137 539 211 579 οὐδὲ
231 539 292 586 τὴν
308 539 422 592 ψυχὴν
442 542 542 592 ὁρᾷς,
558 540 618 578 καὶ
631 539 726 590 ὅμως
741 538 912 581 πιστεύεις
926 537 1016 589 ἔχειν
1032 535 1160 588 ψυχὴν,

136 601 196 638 καὶ
216 601 301 639 ἄλλο
326 600 442 653 Ιψυχὴν
463 595 549 639 εἷναί
567 618 601 639 τι
623 601 722 653 παρὰ
737 600 776 639 τὸ
796 602 910 650 σῶμα.
928 598 1018 636 Ἀλλ’
1038 601 1056 636 ὁ
1076 598 1161 649 Χρι-

135 663 212 707 στὸς
233 665 294 701 οὐκ
309 663 378 702 ἀπὸ
396 663 515 702 τούτου
533 667 592 702 τοῦ
608 662 888 716 παραδείγματος
909 659 1010 697 αὐτὸν
1028 661 1160 711 ἐνῆγεν,

134 726 210 762 ἀλλ’
231 724 358 777 ἑτέρου.
382 727 494 763 Τοῦτο
511 723 573 775 μὲν
598 724 684 777 γὰρ,
707 726 736 762 εἰ
763 722 823 760 καὶ
843 720 1030 772 ἀσώματόν
1054 722 1160 768 ἐστιν,

131 788 152 831 ἡ
175 785 270 838 ψυχὴ
295 786 407 838 λέγω,
435 786 490 824 διὰ
513 791 612 824 τοῦτο
630 788 668 824 οὐ
687 783 889 836 παρήγαγεν
913 782 1015 830 αὐτὸ,
1038 782 1157 829 ἐπειδηΙ

132 846 181 884 ἔτι
200 846 393 899 παχύτερον
410 850 535 891 ἐκεῖνος
557 846 712 885 διέκειτο.
735 843 866 891 ΤίΟησι
885 843 920 882 δὲ
940 843 1055 897 ἕτερον
1076 844 1159 882 ὑπό-

132 908 276 960 δειγμα,
307 908 324 946 ὃ
347 908 437 959 μήτε
457 907 636 946 κοινωνίαν
655 905 734 945 τινὰ
754 905 839 959 πρὸς
866 904 928 952 τὴν
947 908 1015 943 τῶν
1037 905 1158 956 σωμά-

130 985 198 1006 των
208 968 280 1021 ἔχει
294 969 497 1021 παχύτητα,
513 968 600 1020 μήτε
617 970 664 1011 εἷς
672 966 734 1014 τὴν
749 970 817 1005 τῶν
835 966 1033 1018 ἀσωμάτων
1051 965 1157 1013 ἀνέὸη

131 1029 252 1082 φύσιν·
281 1030 366 1083 ὅπερ
397 1030 488 1068 ἐστὶν
517 1034 540 1076 ἦ
564 1034 624 1068 τοῦ
650 1028 777 1080 ἀνέμου
798 1029 899 1082 φορά.
922 1027 992 1066 Καὶ
1020 1030 1156 1080 πρῶτον

132 1091 274 1130 ἀπὸτοῦ
289 1092 412 1136 ὕδατος
431 1092 596 1143 ἄρχεται,
615 1096 674 1129 τοῦ
693 1090 899 1143 λεπτοτέρου
917 1089 978 1140 μὲν
997 1092 1060 1137 τῆς
1076 1093 1157 1141 γῆς,

131 1152 326 1206 παχυτέρου
353 1152 388 1191 δὲ
417 1157 476 1191 τοῦ
496 1152 634 1203 ἀνέμου.
654 1151 794 1203 ζὨσπερ
815 1150 882 1203 γὰρ
902 1151 936 1188 ἐν
964 1152 1056 1203 ἀρχῇ
1076 1149 1159 1188 ὑπέ«

132 1229 225 1252 κειτο
251 1220 419 1266 στοιχεῖον
441 1218 463 1260 ἡ
491 1217 555 1265 γῆ,
575 1212 614 1250 τὸ
636 1211 672 1251 δὲ
700 1218 768 1250 πᾶν
796 1216 856 1250 τοῦ
890 1211 1159 1254 διαπλάττοντος

132 1268 173 1320 ἦν
188 1290 195 1297 ·
211 1273 298 1313 οὕτω
315 1276 375 1313 καὶ
393 1280 449 1313 ν’ὗν
466 1274 648 1313 ὑπόκειται
666 1273 727 1325 μὲν
750 1279 918 1326 στοιχεῖον
935 1273 975 1311 τὸ
994 1272 1105 1325 ὕδωρ,
1120 1273 1159 1311 τὸ

133 1334 168 1374 δὲ
187 1342 254 1373 πᾶν
270 1340 332 1383 τῆς
350 1341 409 1374 τοῦ
424 1335 629 1387 Πνεύματός
648 1338 721 1374 ἐστι
738 1335 881 1387 χάριτος
894 1350 901 1357 ·
923 1335 982 1372 καὶ
996 1334 1074 1372 τότε
1095 1334 1157 1385 μὲν

131 1399 194 1441 ,Εἷς
229 1398 343 1450 ψυχὴν
378 1400 491 1441 ζῶσαν
525 1397 658 1449 ἐγένετο
683 1401 701 1435 ὃ
728 1397 929 1448 ἅνθρωπος,
957 1400 1014 1434 ν’ὔν
1047 1395 1082 1434 ’δὲ
1111 1398 1158 1439 εἷς

131 1460 276 1509 Πνεῦμα
299 1461 498 1502 ζωοποιοῦν.
526 1456 622 1496 Πολὺ
646 1456 681 1495 δὲ
709 1457 749 1495 τὸ
779 1456 882 1507 μέσον
905 1456 1090 1509 ἑκατέρων.
1111 1456 1157 1494 ‘H

130 1520 192 1570 μὲν
208 1520 276 1572 γὰρ
290 1520 384 1573 ψυχὴ
401 1523 465 1572 οὐχ
483 1519 590 1573 ἑτέρῳ
602 1518 750 1571 παρέχει
764 1518 804 1555 τὸ
816 1520 889 1569 ζῇν,
905 1517 944 1555 τὸ
959 1516 995 1555 δὲ
1012 1519 1158 1568 Πνεῦμα

128 1583 166 1620 οὐ
197 1583 272 1620 καθ’
308 1582 409 1620 ἑαυτὸ
441 1584 481 1632 ζῇ
510 1580 625 1631 μόνον,
659 1579 748 1618 ἀλλὰ
780 1579 838 1617 καὶ
861 1578 989 1630 ἑτέροις
1007 1579 1157 1631 παρέχει

127 1648 238 1682 τοῦτο.
259 1642 364 1682 Οὕτω
384 1647 462 1695 γοῦν
485 1642 545 1680 καὶ
568 1640 708 1695 νεκροὺς
731 1640 923 1687 ἀνέστησαν
945 1643 976 1678 οἳ
1002 1639 1157 1679 ἀπόστο-

127 1707 193 1743 λοι.
211 1705 282 1744 Καὶ
298 1705 376 1743 τότε
396 1703 457 1755 μὲν
477 1707 539 1751 τῆς
555 1703 699 1747 κτίσεως
717 1702 926 1755 γενομένης,
942 1705 959 1739 ὃ
979 1701 1158 1755 ἅνθρωπος

128 1765 268 1819 ὕστερον
296 1766 507 1805 πλάττεται·
535 1771 593 1804 νῦν
623 1766 657 1804 δὲ
677 1763 873 1803 τούναντίον
888 1779 895 1786 ·
922 1764 990 1816 πρὸ
1011 1763 1078 1816 γὰρ
1097 1767 1159 1810 τῆς

128 1830 249 1873 καινῆς
268 1827 412 1871 κτίσεως
430 1830 448 1865 ὁ
467 1826 647 1880 ἄνθρωπος
662 1829 680 1864 ὃ
697 1825 771 1870 νέος
794 1826 1067 1878 δημιουργεῖται.
1088 1825 1158 1864 Καὶ

127 1889 194 1942 γὰρ
208 1892 343 1942 πρῶτος
365 1883 460 1932 οὗτος
484 1896 667 1939 γεννᾶται,
683 1887 744 1926 καὶ
761 1887 840 1926 τότε
861 1890 878 1925 ὃ
895 1887 1024 1938 κόσμος
1045 1903 1157 1938 μετα-

126 1950 394 2002 σχηματίζεται.
409 1950 479 1988 Καὶ
495 1950 654 2002 καθάπερ
669 1949 701 1993 ἐξ
719 1952 830 2002 ἀρχῆς
845 1947 1033 2001 ὁλόκληρον
1050 1948 1157 1986 ἔπλα-

126 2029 197 2060 σεν,
218 2011 307 2050 οὕτω
336 2011 396 2050 καὶ
422 2016 479 2050 νῦν
499 2010 687 2064 ὁλόκληρον
719 2010 820 2048 αὐτὸν
845 2011 1056 2062 δημιουργεῖ.
1085 2010 1155 2049 Καὶ

125 2073 202 2112 τότε
223 2074 285 2124 μέν
307 2089 410 2126 φησι,
432 2072 643 2123 Ποιήσωμεν
671 2074 764 2124 αὐτῷ
789 2070 932 2122 βοηθόν·
954 2073 1099 2110 ἐνταῦθα
1119 2071 1154 2111 δὲ

125 2134 220 2173 οὐδὲν
235 2140 398 2174 τοιοῦτον.
419 2133 463 2173 Ὁ
486 2133 553 2186 γὰρ
571 2132 633 2180 τὴν
652 2138 712 2172 τοῦ
732 2133 936 2184 Πνεύματος
954 2131 1072 2171 λαὸὼν
1087 2133 1153 2185 χά-

127 2213 191 2250 ριν,
207 2196 298 2241 τίνος
316 2196 476 2242 δεήσεται
494 2198 619 2246 βοηθοῦ
642 2194 779 2246 ἑτέρου;
807 2197 825 2232 ὃ
847 2196 894 2237 εἷς
912 2195 952 2233 τὸ
971 2196 1075 2245 σῶμα
1093 2199 1153 2233 τοῦ

124 2259 276 2311 Χριστοῦ
291 2260 411 2304 τελῶν,
428 2256 530 2295 ποίαν
552 2256 626 2308 ἔχει
643 2256 764 2294 λοιπὸν
785 2255 990 2308 συμμαχίας
1009 2256 1153 2309 χρείαν,

124 2320 215 2359 Τότε
233 2321 309 2358 κατ’
330 2318 446 2357 εἰκόνα
464 2320 555 2357 Θεοῦ
571 2317 713 2365 ἐποίησε
729 2318 785 2356 τὸν
807 2317 1000 2370 ἄνθρωπον,
1019 2322 1077 2355 νῦν
1096 2320 1154 2356 αὖ·

123 2383 174 2433 τῷ
203 2383 252 2433 τῷ
276 2383 358 2431 Θεῷ
376 2380 511 2426 ἥνωσε·
540 2379 618 2417 τ’τε
645 2378 772 2431 ἰχθύων
799 2378 920 2431 ἄρχειν
943 2378 1003 2416 καὶ
1024 2378 1152 2431 θηρίων

124 2443 300 2490 ἐκέλευσε,
334 2448 390 2481 νῦν
422 2442 584 2495 ὑπεράνω
618 2444 686 2479 τῶν
711 2443 864 2494 οὐρανῶν
895 2440 959 2488 τὴν
986 2440 1151 2494 ἀπαρχὴν

121 2506 222 2554 ἡμῶν
246 2503 416 2555 ἀνήγαγεν
430 2519 437 2526 ·
460 2503 538 2541 τότε
560 2502 770 2555 παράδεισον
791 2502 899 2540 ἔδωκε
920 2501 982 2549 τὴν
1004 2501 1152 2549 δίαιταν,

122 2569 179 2603 νῦν
195 2563 230 2602 δὲ
245 2564 302 2602 τὸν
317 2564 456 2617 οὐρανὸν
474 2568 559 2613 ἡμῖν
574 2562 700 2615 ἀνέῳξε
711 2578 719 2585 ·
735 2562 814 2601 τότε
834 2563 990 2609 ἐπλάσθη
1007 2565 1050 2612 τῇ
1067 2562 1151 2614 ἕκτῃ

122 2626 238 2678 ἡμέρα
251 2656 260 2673 ,
282 2624 400 2671 ἐπειδὴ
425 2624 549 2675 ἔμελλε
570 2624 629 2662 καὶ
660 2626 895 2662 συντελεῖσθαι
913 2626 931 2661 ὁ
955 2622 1039 2661 αἰών
1056 2639 1064 2646 ·
1094 2629 1152 2662 νῦν

123 2684 158 2723 δὲ
176 2688 220 2736 τῇ
246 2683 369 2737 πρώτῃ
390 2683 507 2737 ἡμέρα
534 2683 594 2722 καὶ
626 2686 658 2722 ἐν
692 2682 911 2736 προοιμίοις,
939 2682 997 2721 ὅτε
1025 2683 1085 2721 καὶ
1114 2684 1154 2722 τὸ

121 2745 269 2798 φῶς.Ἐξ
285 2739 331 2783 ὧν
345 2745 484 2783 πάντων
498 2746 614 2792 δῆλον,
633 2743 708 2782 ι’ὅτι
728 2743 848 2797 ἑτέρας
867 2746 957 2790 ζωῆς
973 2743 1152 2795 ἀμείνονος

122 2807 167 2846 τὰ
194 2806 382 2858 τελούμενα
400 2801 455 2853 ἦν,
475 2806 535 2844 καὶ
564 2805 812 2849 καταστάσεως
833 2804 941 2857 πέρας
967 2807 1030 2844 οὐκ
1053 2806 1152 2858 ἐχού-

125 2885 198 2916 σης.
213 2867 258 2906 Ἡ
275 2867 336 2919 μὲν
354 2861 411 2906 οὖν
426 2867 579 2920 προτέρα
593 2866 720 2910 πλάσις
734 2867 803 2905 ἀπὸ
819 2869 900 2918 γῆς,
916 2870 937 2913 ἡ
955 2871 1015 2905 τοῦ
1028 2867 1151 2918 Ἀδὰμ,

124 2930 183 2968 καὶ
200 2930 269 2968 ἀπὸ
286 2931 438 2983 πλευρᾶς
456 2934 478 2977 ἦ
497 2931 571 2980 μετ’
594 2928 739 2976 ἐκείνην,
759 2932 780 2975 ἦ
799 2932 862 2975 τῆς
883 2929 1062 2980 γυναικὸς,
1094 2928 1153 2966 καὶ

125 2991 194 3029 ἀπὸ
215 2990 414 3042 σπέρματος
430 2995 452 3037 ἢ
476 2992 551 3041 μετ’
571 2990 692 3037 αὐτὴν,
708 2994 730 3037 ἦ
747 2988 925 3028 τοῢἌὲελ
941 3005 948 3012 ·
966 2991 1042 3028 ἀλλ’
1063 2989 1159 3040 ὅμως

124 3054 285 3103 οὐδεμιᾶς
310 3052 488 3104 ἐφικέσθαι
515 3052 690 3103 δυνάμεθα
711 3051 853 3098 τούτων,
877 3051 955 3090 οὐδὲ
975 3055 1158 3104 παραστῆ-

126 3130 184 3152 σαι
198 3113 291 3165 λόγῳ
309 3114 353 3151 τὰ
379 3112 547 3164 γενόμενα
562 3143 571 3161 ,
586 3112 700 3152 καίτοι
717 3112 906 3165 ’,ταχύτατα
927 3117 941 3132 ⁰
955 3112 1048 3150 ὄντα.
1071 3113 1155 3156 Πῶς

170 3259 182 3273 ³
200 3247 302 3282 Saxil.
318 3254 361 3290 μὴ
380 3253 437 3293 γὰρ
452 3275 460 3289 ,
478 3251 589 3287 ἐπειῦή.
601 3248 659 3291 [Et
674 3259 751 3280 mox
767 3258 843 3279 cum
859 3245 967 3279 Codd.
988 3247 1136 3285 705‚706

128 3305 196 3334 07)st
215 3306 295 3343 ὅμως
311 3301 408 3342 mean]

176 3353 190 3376 h
209 3351 389 3386 MorcL-c'jrt
411 3358 539 3396 ἀπαρχὴ
557 3356 672 3396 ἑτέρας.

172 3415 184 3427 ¹⁶<
200 3405 251 3435 Ita
271 3403 372 3436 Savil.
395 3410 427 3436 et
446 3403 524 3435 MSS.
541 3402 656 3436 Morei.
683 3407 765 3437 ὅντα.
787 3408 809 3435 εἰ
828 3405 856 3436 δὲ
884 3408 954 3448 πρὸς
972 3409 1068 3436 ταὶτα
1094 3407 1141 3435 λε’·

2134 202 2217 264 167

1233 297 1496 350 prodirent:ita
1513 315 1559 339 cx
1575 302 1713 353 Spiritu
1731 311 1766 339 et
1783 316 1872 353 aqua
1890 303 1997 340 simul
2016 304 2220 356 haecgfmira-

1234 357 1322 396 bilia
1336 367 1370 396 et
1383 359 1557 399 rationem
1571 362 1774 414 superantia
1789 363 1906 400 omnia
1922 363 2026 400 facile
2039 375 2218 415 parantur.

1173 442 1221 468 145

1186 480 1211 507 Λ
1285 480 1322 516 5⁹2.
1334 479 1386 516 Ne
1398 479 1516 532 itaque
1526 483 1695 533 quoniam
1710 482 1770 520 illa
1782 495 1849 519 non
1862 481 1973 530 vides,
1984 481 2091 519 fidem
2106 496 2220 533 neges.

1232 539 1325 577 Nam
1344 553 1406 578 nec
1424 543 1581 582 animam
1600 543 1715 591 vides,
1735 552 1769 581 et
1788 552 1904 581 tamen
1927 542 2041 580 credis
2066 543 2221 582 animam

1232 614 1319 651 esse,
1337 609 1370 638 et
1392 600 1572 642 diversam
1586 620 1606 642 a
1629 618 1785 657 corpore.
1811 605 1948 643 Verum
1969 603 2132 641 Christus
2151 618 2220 642 non

1232 660 1298 700 hoc
1317 663 1480 715 exemplo
1501 665 1737 703 Nicodemum
1762 664 1930 711 instituit,
1950 663 2012 701 sed
2040 664 2124 702 alio.
2146 664 2221 703 Hoc

1231 724 1339 774 enim,
1361 738 1487 777 nempe
1513 727 1644 775 anima,
1672 740 1754 765 cum
1781 725 2028 778 incorporeum
2057 726 2116 775 sit,
2141 725 2221 764 ideo

1230 798 1301 824 non
1321 786 1357 824 in
1379 786 1538 826 medium
1567 788 1734 838 adduxit,
1751 787 1835 838 quia
1860 787 1922 824 ille
1956 786 2074 824 adhuc
2094 786 2220 826 rudior

1231 856 1316 884 erat.
1336 846 1446 885 Aliud
1465 862 1549 900 ergo
1564 849 1771 901 exemplum
1787 847 1896 899 ponit,
1918 847 2015 898 quod
2040 862 2121 885 cum
2146 862 2220 886 cor-

1228 922 1359 960 porum
1387 910 1620 949 crassitudine
1643 909 1927 948 communionem
1962 908 2107 960 quidem
2138 909 2217 947 nul-

1229 969 1300 1007 iam
1319 969 1460 1021 habeat,
1476 985 1587 1023 neque
1611 972 1648 1009 in
1670 971 1912 1022 incorpoream
1933 969 2090 1008 ascendit
2116 979 2219 1008 natu-

1230 1045 1322 1081 ram;
1349 1032 1388 1070 id
1410 1043 1472 1083 est,
1492 1043 1680 1072 ventorum
1709 1032 1895 1084 impetum.
1915 1031 1963 1069 Et
1991 1031 2150 1083 primum
2174 1032 2220 1069 ab

1183 1093 1206 1122 B
1228 1104 1319 1142 aqua
1332 1093 1482 1144 orditur⁷
1502 1108 1580 1145 quae
1598 1093 1738 1132 tenuior
1753 1101 1803 1130 est
1821 1106 1929 1143 quam
1947 1100 2054 1139 terra,
2071 1092 2220 1130 crassior

1228 1167 1337 1203 quam
1365 1164 1505 1193 ventus.
1522 1154 1835 1202 Quemadmodum
1866 1153 1961 1191 enim
1990 1167 2010 1190 a
2042 1153 2219 1205 principio

1228 1214 1441 1254 elementum
1461 1226 1552 1254 terra
1573 1217 1731 1268 subjecta
1759 1225 1832 1265 est,
1854 1224 1968 1252 totum
1996 1223 2115 1252 autem
2134 1215 2217 1266 opi-

1228 1275 1306 1313 ficis
1324 1277 1413 1315 fuit:
1436 1277 1486 1315 sic
1505 1287 1538 1316 et
1556 1291 1652 1316 nunc
1667 1291 1760 1327 aqua
1775 1277 1989 1314 elementum
2001 1275 2190 1327 subjicitur
2208 1291 2216 1312 ε

1229 1346 1344 1375 totum
1362 1348 1481 1377 autem
1500 1348 1611 1377 estex
1631 1338 1787 1391 Spiritus
1811 1338 1924 1389 gratia
1945 1353 1952 1373 :
1975 1346 2008 1375 et
2027 1345 2112 1374 tunc
2138 1336 2218 1388 qui-

1228 1397 1310 1435 dem
1332 1401 1480 1438 Factus
1499 1409 1557 1438 est
1585 1402 1699 1437 homo
1720 1402 1761 1436 in
1790 1401 1965 1435 animam
1998 1401 2218 1445 viventem;
2237 1410 2312 1438 Gen.
2328 1416 2355 1438 2.
2372 1418 2400 1448 ς.

1227 1471 1323 1495 nunc
1341 1473 1426 1497 vero
1443 1460 1479 1497 in
1500 1460 1680 1511 Spiritum
1704 1458 1960 1496 vivificantem.
1978 1459 2138 1496 Multum
2157 1473 2220 1496 au-

1228 1527 1300 1556 tem
1320 1529 1372 1557 est
1392 1520 1484 1558 inter
1514 1529 1705 1571 utrumque
1737 1518 1928 1556 discrimen
1949 1534 1956 1554 :
1977 1519 2096 1556 anima
2126 1520 2221 1557 enim

1228 1580 1340 1619 vitam
1356 1581 1458 1619 alteri
1481 1595 1552 1619 non
1577 1581 1663 1630 dat3
1685 1579 1843 1632 Spiritus
1874 1593 1957 1618 vero
1990 1593 2059 1617 non
2091 1594 2154 1632 per
2184 1595 2221 1618 se

1227 1650 1366 1679 tantum
1384 1642 1489 1692 vivit,
1510 1642 1570 1680 sed
1601 1651 1635 1680 et
1653 1641 1733 1679 aliis
1755 1640 1864 1678 vitam
1886 1639 2026 1692 praebet.
2048 1640 2107 1678 Sic
2127 1655 2221 1679 mor-

1228 1710 1307 1740 tuos
1337 1703 1552 1741 suscitarunt
1578 1701 1740 1755 apostoli.
1763 1701 1809 1738 Et
1840 1701 1927 1738 olim
1961 1700 2109 1751 quidem
2141 1711 2221 1754 post

1181 1770 1204 1800 C
1227 1765 1440 1802 creationem
1463 1765 1574 1803 homo
1605 1764 1751 1802 demum
1783 1763 1958 1800 formatur
1967 1777 1978 1811 5
2013 1776 2107 1800 nunc
2137 1777 2220 1801 vero

1227 1835 1348 1864 contra
1362 1835 1442 1864 ante
1455 1840 1586 1865 novam
1599 1824 1811 1863 creationem
1820 1837 1934 1862 novus
1949 1823 2056 1861 homo
2069 1833 2218 1861 creatur.

1226 1888 1320 1924 Nam
1338 1887 1398 1925 hic
1420 1886 1519 1939 prior
1549 1894 1749 1938 generatur,
1765 1883 1895 1922 deinde
1920 1883 2077 1922 mundus
2101 1894 2220 1922 trans—

1226 1948 1412 1987 formatur.
1429 1949 1477 1987 Et
1497 1957 1535 1986 ut
1554 1963 1574 1986 a
1596 1946 1772 2000 principio
1790 1955 1902 1984 totum
1919 1946 2100 1996 formavit,
2120 1946 2171 1984 sic
2186 1955 2219 1984 et

1226 2023 1320 2047 nuuc
1342 2019 1456 2047 totum
1480 2010 1600 2062 ipsum
1636 2016 1741 2063 creat.
1775 2007 1822 2044 Et
1855 2015 1940 2044 tunc
1968 2006 2113 2057 quidem
2139 2008 2188 2046 ait
2209 2024 2217 2045 τ

1225 2073 1437 2110 Faciamus
1454 2074 1490 2109 ei
1504 2072 1765 2123 adjutorium,·
1793 2068 1854 2106 bic
1873 2082 1958 2107 vero
1978 2068 2069 2106 nihil
2090 2068 2217 2107 simile.
2233 2078 2312 2110 [bid.
2328 2092 2355 2108 v.
2373 2081 2419 2112 18.

1228 2135 1320 2171 Nam
1342 2133 1402 2184 qui
1420 2132 1575 2186 Spiritus
1591 2131 1742 2183 gratiam
1757 2130 1904 2182 accepit,
1921 2144 1991 2180 quo
2007 2130 2118 2169 altero
2140 2145 2220 2182 ege-

1223 2194 1276 2232 bit
1290 2194 1479 2247 adjutore?
1499 2193 1563 2245 qui
1582 2193 1618 2231 in
1630 2206 1777 2245 corpore
1797 2191 1932 2230 Christi
1952 2192 2126 2242 consistit,
2150 2207 2219 2243 qua

1223 2255 1353 2293 deinde
1372 2255 1489 2307 egebit
1509 2254 1600 2306 ope?
1620 2255 1724 2291 Tunc
1748 2252 1795 2291 ad
1822 2252 2015 2304 imaginem
2036 2253 2104 2290 Dei
2135 2253 2218 2290 fecit

1223 2316 1420 2365 hominem,
1441 2329 1536 2353 nunc
1567 2315 1636 2367 ipsi
1669 2316 1745 2352 Deo
1773 2313 1982 2365 conjunxit:
2009 2322 2095 2350 tunc
2108 2313 2217 2364 jussit

1224 2377 1329 2415 illum
1365 2377 1539 2429 imperare
1570 2375 1730 2427 piscibus
1764 2383 1797 2411 ct
1827 2373 1960 2419 bestiis,
1990 2386 2084 2410 nunc
2109 2387 2216 2425 supra

1225 2439 1327 2476 caelos
1347 2437 1525 2490 primitias
1542 2446 1679 2474 nostras
1695 2434 1861 2472 assumsit
1879 2449 1886 2469 τ
1909 2442 1994 2471 tunc
2008 2434 2215 2485 paradisum

2282 2448 2346 2476 vina
2364 2450 2419 2477 alia

1176 2515 1201 2543 ι)
1227 2497 1470 2536 habitandum
1497 2497 1610 2545 dedit,
1632 2509 1726 2533 nunc
1763 2494 1888 2532 caelum
1918 2494 2021 2532 nobis
2046 2496 2185 2546 aperuit
2205 2490 2312 2532 :longe
2350 2502 2416 2519 me·

2229 2532 2284 2559 lior
2313 2542 2418 2570 exspe-

1224 2568 1309 2597 tunc
1327 2559 1500 2596 formatus
1527 2557 1635 2595 homo
1656 2565 1707 2594 est
1726 2555 1783 2593 die
1801 2564 1912 2602 sexta,
1931 2556 2014 2607 quia
2034 2557 2214 2609 complen-
2228 2580 2334 2604 ctatur.

1224 2619 1313 2657 dum
1331 2628 1404 2656 erat
1427 2618 1596 2655 saeculum
1606 2633 1618 2668 3
1641 2631 1735 2655 nunc
1753 2617 1870 2669 prima
1897 2615 1956 2654 die
1975 2625 2008 2654 et
2034 2615 2080 2654 ab
2099 2617 2213 2667 initio,

1226 2690 1259 2718 et
1279 2695 1360 2718 cum
1388 2679 1478 2717 luce.
1497 2679 1556 2716 Ex
1574 2678 1706 2729 quibus
1735 2678 1901 2716 omnibus
1932 2678 2058 2729 liquet,
2077 2693 2116 2716 ea
2135 2694 2214 2730 quae

1225 2741 1499 2793 perficiebantur
1513 2739 1559 2777 ad
1570 2740 1679 2777 aliam
1691 2740 1875 2777 meliorem
1893 2739 2008 2777 vitam
2024 2740 2213 2792 pertinere,

1225 2810 1258 2839 et
1278 2801 1325 2840 ad
1339 2811 1469 2840 statum
1490 2815 1683 2852 numquam
1704 2799 1982 2838 terminandum.
2004 2800 2125 2838 Prima
2145 2801 2214 2838 ita-

1227 2877 1296 2913 que
1324 2862 1489 2901 formatio
1518 2860 1603 2899 Adae
1633 2871 1769 2899 terrena
1788 2870 1851 2910 est,
1881 2870 1914 2899 et
1948 2870 2028 2913 post
2056 2861 2149 2899 hanc
2169 2877 2214 2901 ex

1225 2926 1310 2963 Adae
1324 2925 1445 2974 latere7
1460 2923 1633 2972 mulieris,
1649 2932 1682 2961 et
1699 2932 1776 2976 post
1791 2923 1891 2960 illam
1902 2937 1947 2960 ex
1961 2923 2108 2973 semine,
2127 2923 2216 2961 Ahe-

1228 2987 1285 3024 lis.
1307 2988 1471 3024 Attamen
1490 2978 1629 3023 nullam
1646 2984 1831 3036 explorare
1847 2997 2049 3036 possumus,
2066 2997 2129 3021 nec
2144 2998 2216 3022 ser—

1229 3062 1332 3086 mone
1362 3047 1582 3096 describere,
1619 3046 1683 3083 etsi
1716 3045 1779 3083 illa
1814 3045 1985 3083 crassiora
2013 3044 2094 3082 sint.
2117 3046 2216 3091 Quo-

1227 3109 1333 3148 modo
1352 3123 1436 3161 ergo
1464 3108 1660 3161 spiritualis
1679 3121 1742 3159 per
1771 3106 1990 3158 baptismum
2019 3107 2215 3157 generatio-

1204 3260 1262 3288 γειν
1279 3246 1436 3282 ἀδύνατον,
1451 3253 1511 3281 πῶς
1523 3248 1592 3289 περὶ
1608 3250 1659 3281 τῆς
1675 3251 1780 3280 νοητῆς
1796 3247 1844 3276 καὶ
1861 3245 1936 3277 πολὺ
1948 3243 2055 3275 τούτων
2069 3243 2215 3283 ὑψηλοτέ-

1206 3313 1258 3343 ρας
1274 3305 1429 3340 γεννήσεως
1449 3300 1498 3329 0>ae
1517 3299 1740 3340 ἀδυνατώτερον
1758 3299 1839 3328 ἔσται
1865 3298 1898 3327 τὸ
1921 3297 2013 3334 λέγειν
2026 3302 2032 3309 ·
2051 3295 2168 3334 μᾶλλον
2185 3295 2215 3325 Σὲ

1207 3360 1268 3388 πῶς
1285 3354 1315 3384 οὗ
1331 3355 1470 3394 περιττὸν
1488 3353 1572 3390 λόγον
1589 3352 1788 3381 ἀπαιτεῖσθαι.
