2507 3673
959 171 1002 199 IN
1040 170 1207 201 PASCUA
1245 171 1290 201 V.

31 244 35 248 ’
74 248 277 295 τελειότητα
305 248 576 298 ἐπενδυσάμενος
607 248 668 299 ἔσῃ
698 249 871 300 πρόδατον
899 251 1010 297 Θεοῦ,
1039 251 1097 288 καὶ

78 300 178 343 αὐτὸς
209 301 438 354 παραστήσας
467 301 507 337 τὸ
538 303 659 338 ἑαυτοῦ
688 303 791 351 σῶμα
817 300 936 339 θυσίαν
969 303 1096 348 ζῶσαν,

78 353 194 403 ἁγίαν,
211 355 393 403 εὐάρεστον
413 354 508 403 Θεῷ,
530 352 621 390 κατὰ
638 353 695 390 τὸν
713 353 919 402 ἀπόστολον,
935 354 996 391 καὶ
1011 354 1097 405 πρὸς

73 404 137 451 τὴν
157 405 297 442 αἰωνίαν
318 405 606 456 παραπεμφθήση
627 405 728 451 ζωήν.

127 456 258 508 Ὁρᾶς,
286 456 338 494 ὅτι
364 457 404 493 τὸ
425 457 548 508 πάσχα
576 457 615 494 τὸ
643 457 701 494 σὸν
723 458 798 495 οὐδὲ
821 457 1000 523 σύγκρισιν
1022 458 1096 509 ἔχει

73 508 158 561 πρὸς
182 497 221 546 τί)
240 508 428 546 Ἰουδαϊκὸν
441 537 450 554 ,
483 508 561 546 ἀλλ’
580 509 743 558 ὁμοίωσιν
765 512 867 547 αὐτοῦ
887 526 950 567 την
969 525 1095 547 σκιοει-

73 562 115 606 δῆ
136 561 238 611 μόνον
260 554 351 611 εἶχεν
378 562 507 607 ἐκεῖνο;
542 562 612 599 Καὶ
628 562 750 608 νήπιος
766 565 784 599 ὃ
807 561 952 613 Ἰσραὴλ
976 561 1032 599 ἐπὶ
1049 565 1091 623 τῇ

71 617 131 650 τοῦ
160 612 336 664 προὸάτου
365 613 464 664 θυσία
483 642 492 659 ,
520 613 648 659 ταύτην
681 614 869 665 ἡγούμενος
894 613 990 664 παρὰ
1010 616 1092 679 Θεγῳ

73 666 344 712 σπουδάζεσθαι,
365 665 422 702 καὶ
440 665 496 703 διὰ
515 665 643 712 ταύτης
666 668 818 716 οἰόμενος
834 666 1010 717 εἰληφέναι
1030 681 1091 711 την

71 717 245 767 σωτηρίαν
261 747 270 764 ,
302 718 360 754 καὶ
388 719 452 768 οὐχ
469 719 515 760 ὡς
536 717 643 755 τύπον
662 721 749 770 ὁρῶν
771 717 875 763 αὐτὴν
902 721 964 762 τῆς
980 717 1092 781 Ὶὸντως

71 769 247 815 σωζούσης
261 769 392 811 θυσίας.
423 770 485 807 Διὸ
499 769 636 820 λέγεται
656 770 722 807 ὑπὸ
738 774 797 807 τοῦ
816 772 907 808 Θεοῦ
929 785 1012 821 προς
1029 772 1091 807 αὐ-

69 821 147 866 τοὺς
167 822 224 860 διὰ
242 820 424 874 Ἱερεμίου,
439 821 493 859 ὅτι
510 824 585 859 Οὐκ
601 821 825 870 ἐνετειλάμην
841 823 921 870 ὑμῖν
936 822 1015 874 περὶ
1032 825 1091 859 θυ-

71 878 166 912 σιῶν.
188 874 258 912 Καὶ
277 877 338 911 οὐκ
352 873 424 911 ἔστι
440 873 536 924 παρὰ
552 875 634 924 Θεῷ
648 874 789 924 ψεῦδος,
811 872 868 909 ἵνα
883 874 1087 924 ἐντειλάμε-

69 943 124 970 νος
142 926 222 972 εἴπη
246 925 294 974 μὴ
316 925 526 963 ἐντετάλθαι.
556 927 646 962 Ἀλλ’
679 929 700 971 ἡ
727 929 786 962 τοῦ
804 925 1009 977 πράγματος
1029 927 1089 972 δη-

68 979 190 1016 λοῦται
207 969 370 1028 Δδύναμις,
396 978 447 1015 ὅτι
465 979 687 1029 προφητικῶς
708 980 729 1022 ἦ
763 979 864 1015 θυσία
895 979 1090 1017 ἐπετελεῖτο

69 1030 128 1068 καὶ
155 1033 422 1082 προμηνυτικῶς
452 1032 498 1073 εἷς
519 1029 683 1081 Χριστόν.
713 1030 782 1067 Καὶ
801 1030 976 1081 πρόέατον
999 1030 1088 1069 θύειν

68 1083 308 1133 ἐντελλόμενος
338 1086 355 1120 ὃ
381 1082 485 1129 Θεὸς,
514 1082 662 1134 Χριστὸν
694 1082 816 1128 ἐδήλου
850 1083 1088 1133 τεθυσόμενον,

68 1136 127 1173 καὶ
144 1135 187 1172 τὰ
204 1135 282 1187 περὶ
302 1136 341 1172 τὸ
362 1134 535 1186 πρόῖατον
556 1134 695 1172 ἅπαντα
714 1136 760 1176 εἷς
780 1135 930 1186 Χριστὸν
946 1135 1090 1199 προετύ-

68 1203 154 1226 που·
177 1182 224 1224 ὧν
245 1187 289 1224 τὰ
309 1188 369 1237 μὲν
395 1187 462 1233 ἤδη
485 1185 717 1237 τεθεώρηκας,
740 1186 783 1224 τὰ
806 1187 840 1224 δὲ
858 1186 979 1239 ἐφεξῆς
1001 1191 1088 1225 θεω-

70 1255 120 1291 ρει
152 1239 241 1277 κατὰ
265 1240 422 1289 δύναμιν.
452 1239 536 1276 ’Ei-:i
563 1239 678 1284 πάσης
705 1238 879 1290 Ἑῧραίων
914 1240 1023 1283 οἰκίας
1052 1240 1086 1278 ἓν

67 1292 241 1344 πρόόατον
262 1292 451 1336 αὐτοτελὲς,
471 1291 530 1328 καὶ
547 1291 649 1344 μέρος
669 1292 708 1328 ἐκ
728 1294 793 1328 τῶν
814 1294 924 1343 κρεῶν
950 1293 1011 1330 οὐκ
1031 1294 1086 1330 ε’κ-

66 1345 247 1395 κομίζεται
278 1348 340 1390 τῆς
370 1344 481 1386 οἰκίας
510 1345 545 1380 ἐν
575 1344 598 1394 ἧ
624 1343 749 1381 θύεται.
780 1344 865 1381 ’ἰπὶ
885 1344 1000 1391 πάσης
1019 1345 1087 1398 γὰρ

67 1397 280 1444 Ἐκκλησίας
294 1397 352 1434 καὶ
369 1399 481 1447 ψυχῆς
498 1395 647 1446 Χριστὸς
662 1396 738 1438 ὅλος
754 1400 930 1448 πανταχῇ,
949 1397 1008 1434 καὶ
1027 1400 1086 1435 οὐ-

67 1450 160 1496 δαμῆ
191 1449 342 1502 μερικός.
372 1449 435 1486 Διὸ
453 1449 566 1485 πολλὰ
586 1448 647 1498 μὲν
665 1449 736 1485 ἐκεῖ
755 1449 799 1486 τὰ
819 1450 980 1500 πρόὸατα
1007 1450 1086 1487 καθ’

65 1485 217 1547 ἑκάστην
245 1501 377 1539 οἰκίαν·
403 1494 450 1543 εἷς
473 1500 509 1536 Ρὲ
532 1499 682 1552 Χριστὸς
709 1500 800 1538 κατὰ
828 1507 942 1539 πᾶσαν
971 1501 1085 1554 ψυχὴν

65 1559 82 1593 ὅ
107 1554 218 1597 αὐτός.
247 1553 359 1591 Πέντε
385 1554 518 1604 ἡμέρας
544 1553 600 1590 ἐπὶ
621 1557 682 1599 τῆς
706 1553 816 1597 οἰκίας
841 1553 1030 1605 κατέχεται
1047 1555 1086 1592 τὸ

64 1607 239 1646 ποόὸατον
256 1637 266 1654 ,
301 1605 370 1643 ἀπὸ
411 1606 558 1652 δεκάτης
596 1607 642 1648 εἷς
677 1607 1058 1658 τεσσαρεσκαιδεκάτην
1077 1622 1083 1629 ·

65 1648 187 1698 ἔπειτα
203 1658 292 1696 οὕτω
309 1658 424 1696 θύεται
441 1661 484 1708 τῇ
500 1659 862 1709 τεσσαρεσκαιδεκάτῃ
882 1659 967 1710 πρὸς
984 1659 1085 1697 ἑσπέ-

67 1728 128 1765 ραν
145 1712 212 1750 ὓπὸ
228 1714 290 1756 τῆς
310 1709 484 1748 Ἰουδαίων
501 1714 715 1761 συναγωγῆς.
733 1710 846 1748 Πέντε
863 1711 1085 1761 διαστήματα

64 1765 190 1817 χρόνου
223 1765 386 1810 δηλοῦται
420 1769 495 1806 ταῖς
531 1763 634 1800 πέντε
670 1762 812 1806 ταύταις
838 1763 986 1814 ἡμέραις
1016 1765 1085 1802 ἀπὸ

65 1810 178 1867 ’Ᾱόὰμ
197 1816 302 1868 μέγρι
321 1814 518 1857 συντελείας
534 1830 541 1837 ·
562 1814 596 1851 ἓν
623 1814 684 1865 μὲν
714 1815 753 1852 τὸ
773 1815 878 1866 μέχρι
898 1818 990 1861 Νῶε,
1008 1817 1085 1854 δεύ-

63 1885 161 1922 τερον
192 1867 228 1906 δὲ
258 1862 296 1906 τὸ
325 1870 453 1905 ἐκεῖθεν
477 1867 581 1918 μέχρι
611 1866 796 1919 Ἀβραὰμ,
819 1867 933 1919 τρίτον
952 1869 999 1925 ’τὸ
1028 1869 1085 1907 ἐπὶ

64 1921 239 1967 Μωϋσέα,
258 1921 421 1971 τέταρτον
440 1920 480 1957 τὸ
508 1922 547 1957 ἐκ
566 1919 742 1962 Μωῦσέως
767 1920 823 1957 ἐπὶ
843 1920 907 1967 τὴν
933 1922 1084 1973 Χριστοῦ

63 1973 269 2027 παρουσίαν,
297 1973 456 2023 πέμπτον
481 1975 498 2009 ὁ
515 1971 635 2023 παρὼν
655 1975 718 2017 τῆς
737 1973 928 2025 παρουσίας
948 1974 1081 2024 καιρός.

64 2027 195 2066 Θύεται
215 2026 250 2065 δὲ
278 2026 363 2077 πρὸς
381 2024 543 2077 ἑσπέραν,
571 2024 624 2062 ὅτι
645 2026 698 2061 ἐπ’
718 2027 866 2076 ἐσχάτου
887 2030 946 2063 τοῦ
962 2028 1084 2069 αἰῶνος

63 2080 131 2117 ὕπὸ
163 2079 279 2124 πάσης
308 2080 369 2123 τῆς
395 2079 599 2128 συναγωγῆς
631 2077 867 2129 συνεφώνηαεν
896 2081 913 2115 ὃ
939 2078 1084 2135 Ἰσραὴλ

64 2131 154 2169 κατὰ
174 2132 338 2184 Χριστοῦ.
377 2130 592 2179 ἸΞμελετᾶτο
618 2129 679 2180 μὲν
701 2130 736 2173 ἐξ
757 2131 907 2181 ἇρχῆςή
930 2132 1082 2183 Χριστοῦ

63 2184 164 2222 θυσία
192 2185 227 2220 ἐν
250 2188 322 2225 τοῖς
341 2183 394 2219 ἀεὶ
411 2184 480 2219 τῶν
498 2181 639 2219 δικαίων
658 2182 862 2232 παθήμασιν
882 2182 950 2220 ἀπὸ
980 2182 1084 2221 Ἄὸελ

62 2242 122 2274 τοῦ
137 2235 283 2284 δικαίου,
299 2235 356 2273 καὶ
373 2233 520 2286 Χριστὸς
534 2229 575 2281 ἦν
588 2236 622 2271 ἐν
639 2234 768 2272 ἅπασιν
782 2238 799 2271 ὁ
814 2234 975 2285 πάσχων·
997 2237 1082 2273 ἐπε-

61 2289 207 2334 τελέσθη
237 2288 271 2326 δὲ
287 2318 296 2334 ,
324 2287 382 2325 ὅτε
411 2287 511 2330 αὐτὸς
543 2288 587 2324 δι’
609 2288 730 2325 ἑαυτοῦ
750 2286 872 2339 παρὼν
893 2287 1045 2339 ἔπασχεν
1067 2292 1084 2327 ὃ

62 2345 148 2385 θεῖος
167 2340 285 2391 ἀμνός.
315 2339 385 2377 Καὶ
408 2338 449 2385 δὴ
487 2340 577 2377 κατὰ
596 2339 658 2386 τὴν
679 2344 738 2377 τοῦ
758 2342 860 2377 αὐτοῦ
882 2341 988 2389 μηνὸς
1007 2357 1084 2406 τεσ-

61 2392 379 2458 σαρεσκαιδεκάτην
406 2392 560 2443 ἔπασχε,
591 2393 650 2429 καὶ
676 2392 716 2429 τὸ
740 2396 878 2442 πνεῦμα
897 2395 1082 2447 παρεδιοου

60 2462 145 2498 προς
174 2445 324 2496 ἑσπέραν
337 2473 346 2490 ,
386 2445 446 2481 καὶ
467 2443 559 2481 κατὰ
577 2448 694 2482 τοῦτον
719 2445 776 2482 τὸν
795 2445 902 2482 τύπον
921 2450 1021 2483 τοῦτο
1040 2450 1082 2492 ἠν

58 2499 98 2536 τὸ
129 2501 168 2536 ἐκ
196 2499 341 2544 δεκάτης
358 2497 600 2546 λαμὸάνεσθαι
620 2497 660 2534 τὸ
678 2496 853 2547 πρόὸατον
874 2499 921 2540 εἰς
941 2498 1003 2543 τὴν
1025 2502 1082 2535 θυ-

60 2551 139 2589 σίαν
153 2581 163 2598 ,
184 2550 244 2588 καί
264 2549 405 2587 Θύεσθαι
426 2551 468 2600 τῇ
491 2548 852 2600 τεσσαρεσκαιδεκάτῃ
871 2548 957 2601 πρὸς
974 2550 1080 2588 ἑσπέ-

62 2619 123 2655 ραν
141 2633 150 2649 ,
182 2602 236 2641 ὅτι
256 2597 298 2649 ἦν
325 2604 384 2639 ἀπ’
418 2604 546 2654 ἀρχῆςΝ
559 2601 620 2650 μὲν
649 2604 670 2646 ἡ
695 2601 822 2651 μελέτη
851 2605 910 2638 τοῦ
937 2602 1078 2648 πάθους,

59 2658 94 2694 ἐν
115 2655 208 2692 τέλει
239 2656 274 2693 δὲ
294 2655 334 2693 τὸ
352 2653 471 2695 πάθος.
500 2654 588 2691 Εἶτά
613 2668 671 2703 μοι
693 2653 816 2691 σκόπει
835 2653 916 2703 περὶ
936 2653 998 2699 τὴν
1019 2659 1078 2692 τοῦ

58 2708 235 2758 προὸάτου
268 2710 397 2759 βρῶσιν
428 2705 568 2751 ἐντολὴν
590 2708 681 2744 Θεοῦ
705 2705 826 2751 καινὴν
846 2706 906 2743 καὶ
925 2706 1079 2758 παράδο-

59 2759 135 2805 ξον,
155 2760 202 2807 μὴ
224 2761 347 2797 ἐσθίειν
369 2758 450 2808 ὠμὰ
469 2758 514 2796 τὰ
530 2761 588 2796 τοῦ
605 2758 780 2809 προῧάτου
801 2758 900 2809 κρέα.
931 2759 995 2802 Τίς
1010 2759 1078 2810 γὰρ

59 2811 99 2848 ἂν
118 2798 213 2850 ὠμὸν
242 2811 363 2863 φάγοι,
396 2811 515 2849 ’Έστω
536 2811 668 2861 λέγειν,
693 2810 781 2860 μηδὲ
801 2811 921 2862 ἑφθὸν,
951 2810 1006 2848 ἵνα
1027 2813 1075 2861 μὴ

58 2850 300 2915 διατρίῧωσιν·
322 2863 544 2914 ἐπειγόμενος
562 2863 629 2915 γὰρ
651 2867 668 2900 ὃ
687 2862 817 2913 καιρός.
851 2862 909 2927 Τί]
928 2864 966 2899 τὸ
989 2863 1076 2930 μηδὲ

57 2917 152 2966 ὠμὸν
166 2946 174 2961 ,
199 2916 289 2961 ἀλλ’,
313 2916 432 2953 Ὀπτὰ
450 2915 557 2967 πυρί,
592 2916 714 2958 Οὐδεὶς
733 2915 800 2968 γὰρ
817 2917 944 2953 κωλυει
966 2931 1005 2953 το
1026 2932 1074 2966 μη

56 2968 251 3020 γενόμενον.
274 2968 377 3006 Ἀλλὰ
394 2968 601 3018 σημαίνεται
620 2967 675 3004 διὰ
689 2971 757 3005 τῶν
771 2966 901 3015 τύπων,
918 2969 963 3010 ὡς
979 2968 1076 3019 ἔφην,

56 3021 98 3058 τὰ
116 3020 318 3072 πράγματα.
343 3020 457 3070 Ὠμὴν
482 3020 717 3072 προσφέρεται
740 3019 802 3065 τὴν
826 3020 926 3070 ἁγίαν
944 3020 1074 3071 τροφὴν

56 3076 74 3110 ὃ
94 3072 156 3119 τὴν
179 3061 294 3110 πίστιν
315 3073 404 3124 ἔχων
424 3073 549 3124 ἀργήν·
571 3072 675 3123 ἑφθὴν
698 3075 715 3109 ὁ
733 3071 934 3123 φιλήδονος,
963 3072 1076 3116 ἐξυδα-

58 3128 125 3175 ρῶν
148 3127 180 3162 ἐν
205 3128 247 3169 τῆ
275 3129 334 3162 τοῦ
348 3118 436 3175 ’βίου
456 3124 607 3177 ῥᾳθυμία
627 3125 665 3161 τὸ
683 3124 824 3175 στερρὸν
844 3127 906 3169 τῆς
924 3124 1076 3168 πίστεως

57 3177 156 3228 ἔργον
171 3207 180 3223 ,
208 3168 403 3214 *ἐπιτελῶν
432 3178 466 3214 ἐν
486 3176 657 3226 πνεύματι
679 3179 796 3228 θερμῷ
815 3191 853 3213 τε
876 3176 934 3213 καὶ
952 3176 1073 3220 ζέοντι.

101 3306 116 3320 ⁸
142 3306 153 3347 [
169 3304 329 3345 Quaedam
348 3305 502 3337 videntur
518 3304 723 3337 intercidisse
741 3303 831 3338 velut
855 3310 948 3344 ὀπτὴν
966 3308 1007 3346 δὲ,
1026 3308 1068 3347 ὸ.]

2065 171 2158 232 osso

1169 252 1217 287 ris
1236 263 1365 302 corpus
1382 260 1484 289 tuum
1509 252 1661 291 hostiam
1681 256 1875 305 viventem,
1894 269 2064 310 sanctam,
2083 264 2157 301 Deo

1168 303 1377 354 placentem,
1395 303 1592 362 seeundum
1624 308 1839 358 apostolum,
1853 310 1898 348 ad
1917 321 2083 351 aeternam
2101 316 2157 352 vi·

1168 363 1242 392 tam
1255 363 1518 393 transmitteris.

1220 455 1257 490 Q.
1275 452 1407 492 Viden’
1433 453 1569 492 Pascha
1590 464 1692 493 tuum
1715 453 1814 496 nullo
1834 462 1941 500 modo
1957 469 2153 516 comparari

1166 518 1269 555 posse
1287 518 1369 542 cum
1390 505 1557 558 Juda‘ico,
1574 507 1636 545 sed
1653 509 1879 550 umbratilem
1900 528 1980 553 cum
2001 514 2063 555 illo
2079 528 2153 556 tan-

1119 570 1142 598 p,
1168 565 1245 593 tum
1284 558 1557 597 similitudinem
1592 560 1749 599 habere?
1783 565 1901 603 Infans
1935 569 2070 620 quippe
2104 581 2154 609 est

1166 608 1275 646 Israel
1306 610 1341 646 in
1370 611 1452 661 agni
1484 612 1672 662 sacrificio,
1707 613 1795 652 dum
1826 627 1929 668 putat
1958 620 2049 659 illud
2079 624 2154 660 Deo

1166 673 1239 698 esse
1258 676 1363 711 curae,
1386 672 1418 700 et
1441 677 1504 715 per
1523 664 1616 702 illud
1639 680 1675 702 se
1697 667 1847 706 salutem
1868 675 2046 723 consequi,
2066 674 2154 713 dum

1163 711 1258 750 illud
1278 728 1346 752 non
1374 715 1481 753 habet
1507 718 1607 767 quasi
1638 718 1790 769 figuram
1813 721 1952 773 hostire,
1975 739 2052 775 quae
2072 741 2153 764 vere

1165 766 1315 804 salutem
1336 767 1443 818 parit.
1475 770 1596 816 Quare
1623 769 1711 808 dicit
1742 772 1814 810 illis
1844 775 1940 812 Deus
1970 791 2033 827 per
2054 780 2152 817 Jere-

1164 818 1405 856 miamthon
1435 824 1600 871 proecepi
1630 825 1744 861 vobis
1772 826 1819 862 de
1849 830 2065 880 sacrficiis.
2098 833 2151 869 Ec
2165 847 2250 886 Jer.7

1165 884 1243 907 non
1273 880 1330 909 est
1358 874 1465 924 apud
1493 875 1622 911 Deum
1656 877 1900 916 mendacium
1914 896 1929 924 ,·
1951 883 1999 919 ita
2036 892 2088 929 ut,
2122 885 2151 922 si

1162 924 1386 975 praeceperit,
1404 924 1501 962 dicat
1522 940 1558 963 se
1576 940 1645 963 non
1661 930 1879 981 praecepisse.
1903 933 1975 971 Sed
2003 936 2053 972 rei
2078 936 2151 973 vir-

1163 983 1220 1012 tus
1252 977 1511 1027 manifestatur,
1533 979 1616 1029 quia
1648 981 1856 1031 prophetico
1884 998 1982 1023 more
2009 988 2150 1026 sacrifi-

1163 1026 1259 1064 cium
1280 1029 1508 1079 offerebatur,
1527 1040 1566 1068 ut
1579 1032 1872 1084 praesignificarct
1892 1037 2025 1076 Christi
2044 1042 2151 1078 sacri-

1163 1079 1301 1118 ficium.
1323 1084 1376 1118 Ac
1390 1096 1471 1119 cum
1491 1084 1587 1120 Deus
1607 1097 1740 1135 agnum
1764 1086 1949 1127 immolare
1965 1092 2150 1144 praecipie-

1161 1130 1224 1168 bat
1238 1161 1248 1180 ,
1282 1133 1464 1171 Christum
1507 1135 1688 1174 indicabat
1725 1137 1980 1180 immolandum
1993 1173 2005 1193 ,
2045 1154 2150 1195 atque

1102 1213 1149 1238 263
1163 1184 1280 1222 omnia
1294 1200 1373 1236 quae
1389 1187 1435 1224 ad
1447 1200 1580 1238 agnum
1594 1189 1826 1241 pertinebant,
1840 1208 1877 1230 ea
1895 1209 1972 1244 quae
1988 1196 2034 1234 ad
2045 1198 2149 1235 Chri-

1113 1252 1137 1279 Α
1162 1245 1255 1273 stum
1284 1248 1442 1289 spectant
1463 1240 1821 1291 liraeiigu1·al)ant:ex
1837 1246 1968 1295 quibus
1986 1249 2055 1286 alia
2073 1251 2148 1301 jam

1160 1288 1299 1339 vidisti,
1321 1290 1391 1327 alia
1410 1306 1473 1343 pro
1492 1292 1589 1330 virili
1618 1294 1814 1334 considera.
1840 1298 1879 1335 ln
1907 1299 2057 1351 singulis
2078 1303 2148 1339 He-

1160 1339 1338 1380 braeorum
1357 1343 1524 1382 domibus
1543 1354 1616 1382 erat
1634 1360 1746 1397 agnus
1768 1363 1860 1386 unus
1892 1365 1936 1389 ex
1961 1367 1997 1389 se
2031 1355 2146 1405 perfe-

1160 1402 1250 1440 ctus,
1272 1404 1305 1432 et
1326 1396 1486 1434 carnium
1505 1398 1579 1449 ejus
1597 1399 1695 1436 nulla
1715 1414 1797 1451 pars
1818 1402 2029 1442 efferebatur
2047 1416 2147 1444 extra

1160 1445 1331 1497 domum,
1354 1448 1391 1485 in
1410 1463 1478 1499 qua
1501 1449 1704 1489 immolatus
1733 1453 1854 1491 fuerat.
1875 1457 1967 1494 Nam
1986 1458 2023 1495 in
2050 1460 2147 1497 omni

1160 1497 1335 1549 Ecclesia,
1364 1501 1400 1538 in
1420 1502 1517 1539 omni
1536 1503 1654 1540 anima
1684 1505 1847 1543 Christus
1867 1509 2001 1559 ubique
2022 1521 2089 1559 est,
2113 1521 2146 1549 et

1158 1562 1335 1601 nusquam
1365 1567 1447 1604 pars
1482 1556 1557 1606 ejus
1590 1564 1742 1594 tantum.
1767 1559 1892 1597 Multae
1925 1562 1976 1599 ibi
1998 1577 2080 1601 oves
2111 1574 2145 1602 ct

1157 1603 1239 1653 agni
1260 1614 1358 1642 erant
1374 1606 1408 1642 in
1424 1607 1574 1657 singulis
1594 1607 1759 1647 domibus
1777 1626 1785 1646 τ
1818 1626 1907 1650 unus
1933 1628 2016 1652 vero
2039 1617 2145 1654 Chri—

1157 1663 1231 1692 stus
1253 1656 1289 1693 in
1304 1657 1401 1694 omni
1419 1659 1548 1707 anima,
1569 1669 1602 1697 et
1621 1661 1650 1697 is
1671 1661 1744 1713 ipse
1763 1673 1823 1701 est.
1838 1666 2006 1716 Quinque
2018 1668 2145 1707 diebus

1156 1706 1255 1745 domi
1277 1710 1448 1748 retinetur
1463 1725 1587 1762 agnus,
1606 1727 1625 1749 a
1642 1713 1779 1753 decima
1800 1717 1847 1754 ad
1868 1729 2032 1768 quartam
2050 1721 2145 1759 decim

1157 1774 1253 1797 mam
1260 1776 1270 1810 3
1285 1761 1413 1800 deinde
1427 1764 1478 1801 sic
1496 1765 1702 1803 immolatur
1722 1767 1859 1807 decima
1878 1781 2003 1821 quarta
2021 1773 2080 1811 die
2097 1774 2145 1812 ad

1157 1826 1340 1865 vesperam
1368 1830 1387 1852 a
1419 1816 1626 1855 Judceorum
1660 1832 1853 1872 synagoga.
1888 1824 1952 1861 His
1991 1826 2145 1877 quinque

1157 1864 1283 1903 diebus
1304 1867 1552 1918 significantur
1577 1870 1732 1921 quinque
1760 1875 1928 1927 temporis
1958 1879 2071 1929 spatia
2099 1880 2145 1917 ah

1158 1917 1294 1956 Adamo
1315 1933 1426 1970 usque
1444 1921 1491 1959 ad
1510 1925 1849 1964 consummationem
1869 1944 1876 1964 :
1897 1943 2008 1967 unum
2035 1945 2145 1982 usque

1156 1969 1201 2007 ad
1221 1972 1307 2020 Noe,
1326 1972 1478 2011 alterum
1504 1988 1524 2011 a
1544 1976 1618 2012 Noe
1643 1989 1754 2025 usque
1781 1979 1828 2016 ad
1848 1980 2045 2033 Abraham,
2063 1993 2144 2021 ter-

1156 2022 1245 2059 tium
1266 2038 1377 2074 usque
1395 2025 1440 2062 ad
1457 2028 1638 2079 Moysem,
1669 2039 1837 2078 quartum
1853 2046 1871 2069 a
1892 2035 2018 2086 Moyse
2033 2050 2144 2086 usquc

1156 2074 1201 2112 ad
1222 2076 1354 2113 Christi
1367 2077 1577 2129 adventum,
1593 2080 1758 2130 quintum
1776 2097 1927 2134 praesens
1946 2088 1990 2124 ab
2008 2088 2143 2126 adven-

1109 2138 1132 2167 Β
1155 2136 1195 2164 tu
1223 2129 1299 2180 ejus
1317 2138 1467 2181 tempus.
1492 2132 1703 2170 Immolatur
1730 2144 1848 2173 autem
1867 2137 1910 2174 ad
1936 2153 2141 2191 vesperam:

1156 2181 1238 2230 quia
1270 2181 1305 2218 in
1326 2182 1396 2219 fine
1426 2184 1546 2221 saeculi
1568 2199 1649 2222 cum
1671 2187 1768 2224 omni
1787 2202 1968 2242 synagoga
2001 2206 2143 2231 consen-

1156 2247 1234 2270 sum
1264 2234 1418 2285 praebuit
1448 2237 1554 2274 lsrael
1585 2246 1704 2275 contra
1733 2240 1928 2280 Christum.
1957 2244 2013 2281 Ab
2040 2245 2143 2283 initio

1157 2286 1289 2323 Christi
1308 2286 1505 2325 immolatio
1524 2289 1789 2341 intelligebatur
1805 2308 1940 2346 semper
1960 2296 1995 2333 in
2009 2299 2143 2349 passio-

1155 2338 1261 2376 nibus
1281 2339 1460 2390 justorum
1489 2342 1534 2379 ab
1564 2343 1672 2380 Abele
1698 2344 1820 2395 justo,
1851 2356 1883 2384 et
1911 2347 1946 2386 in
1976 2351 2142 2389 omnibus

1157 2391 1323 2428 Christus
1350 2402 1423 2430 erat
1444 2394 1502 2443 qui
1521 2394 1723 2446 patiebatur
1735 2412 1747 2446 3
1776 2411 2060 2439 consummatum
2079 2417 2142 2440 au-

1155 2452 1225 2480 tem
1246 2443 1283 2481 id
1300 2444 1382 2492 fuit,
1405 2446 1548 2495 quando
1579 2462 1732 2498 praesens
1751 2450 1786 2487 in
1814 2452 1927 2503 seipso
1946 2468 2070 2504 passus
2090 2466 2142 2493 est

1155 2495 1300 2533 divinus
1319 2510 1441 2547 agnus.
1464 2498 1651 2549 Etiamque
1673 2502 1830 2551 ejusdem
1858 2507 1986 2543 mensis
2004 2506 2141 2546 decima

1155 2557 1281 2597 quarta
1300 2562 1426 2599 passus
1444 2559 1495 2587 est
1507 2580 1517 2599 ,
1536 2560 1569 2588 et
1588 2552 1739 2591 tradidit
1769 2555 1934 2606 spiritum
1952 2558 1999 2596 ad
2018 2574 2140 2612 vespe-

1154 2614 1242 2637 ram.
1259 2603 1310 2637 Ac
1325 2601 1520 2640 secundum
1538 2603 1629 2641 hanc
1645 2606 1798 2656 figuram
1819 2608 2031 2661 dispositum
2051 2622 2140 2661 erat,

1155 2661 1193 2689 ut
1213 2667 1231 2689 a
1251 2652 1389 2690 decima
1410 2653 1468 2691 die
1486 2669 1598 2706 agnus
1629 2657 1673 2695 ad
1703 2660 1918 2699 sacrificium
1940 2677 2139 2703 assumere—

1155 2714 1226 2753 tur,
1245 2714 1279 2742 et
1307 2705 1550 2745 immolaretur
1576 2708 1711 2748 decima
1732 2722 1856 2762 quarta
1878 2714 1937 2752 die
1956 2716 2003 2753 ad
2019 2731 2141 2769 vespe-

1153 2771 1253 2806 ram;
1272 2758 1353 2808 quia
1373 2772 1389 2794 a
1413 2759 1589 2812 principio
1612 2764 1786 2813 passionis
1813 2767 1999 2805 consilium
2029 2779 2141 2807 statu—

1152 2818 1228 2846 tum
1251 2811 1380 2849 fuerat.
1401 2812 1437 2850 in
1452 2813 1625 2862 finelve'ro
1655 2815 1731 2867 ipsa
1754 2818 1870 2868 passio
1900 2820 1979 2857 suit.
2003 2822 2141 2860 Deinde

1151 2862 1240 2899 mihi
1268 2863 1450 2901 considera
1471 2876 1689 2918 praeceptum
1706 2870 1770 2906 Dei
1802 2870 1893 2908 circa
1921 2874 2001 2923 agni
2022 2888 2140 2912 come-

1102 2920 1125 2949 C
1151 2914 1320 2964 stionem,
1351 2930 1458 2965 quam
1489 2932 1623 2956 novum
1651 2929 1684 2957 et
1713 2923 1927 2973 stupendum
1956 2926 2023 2962 sit:
2059 2928 2138 2964 Non

1151 2967 1313 3004 comedes
1332 2969 1413 3018 agni
1446 2983 1566 3007 carnes
1594 2972 1732 3010 crudas.
1755 2976 1846 3021 Quis
1875 2976 1969 3014 enim
1996 2992 2137 3017 carnem

1151 3019 1298 3057 crudam
1314 3021 1501 3059 comedat?
1522 3023 1628 3071 Esto,
1645 3024 1782 3063 dictum
1800 3028 1859 3078 sit,
1887 3043 1956 3066 non
1979 3040 2112 3068 coctam
2126 3062 2134 3076 ,

1150 3086 1193 3109 ne
1207 3086 1325 3109 moras
1345 3074 1525 3112 traherent
1550 3091 1558 3111 τ
1580 3090 1662 3114 nam
1684 3086 1823 3130 tempus
1853 3083 2024 3131 urgebat3
2046 3085 2135 3133 quid

1150 3133 1201 3161 est
1220 3133 1338 3162 autem
1367 3126 1484 3175 illud,
1505 3142 1575 3165 non
1596 3129 1747 3167 crudum
1765 3161 1775 3179 ,
1800 3132 1861 3169 sed
1883 3134 2003 3171 Cocta
2024 3138 2103 3185 igni
2119 3141 2135 3172 9

1150 3177 1262 3215 Nemo
1280 3178 1373 3215 enim
1392 3188 1487 3218 vetat
1505 3180 1542 3218 id
1563 3181 1657 3231 quod
1687 3197 1880 3233 numquam
1908 3186 1961 3223 fit.
1982 3187 2071 3236 Sed,
2097 3197 2135 3225 ut

2257 868 2262 874 .
2277 856 2327 875 22.
