2507 3673
636 220 677 248 in
718 219 922 249 JOANREM
959 217 1118 248 nomn„
1158 216 1379 245 Lxxxvuh
1418 201 1478 245 aL

140 303 271 349 λαὸεῐν,
294 304 361 340 τῶν
389 304 565 353 λογισμῶν
593 303 658 353 οὐχ
682 300 940 353 ἡσυχαζόντων.
965 298 1061 351 Βαρὺ
1079 298 1164 350 γὰρ,

141 363 229 417 βαρὺ
249 363 307 401 καὶ
333 363 491 415 φορτικὸν
509 365 530 408 ἦ
557 361 712 415 ἁμαρτία
729 393 738 410 ,
761 362 820 400 καὶ
842 360 1005 413 μολίῧδου
1035 357 1164 400 παντὸς
1186 361 1210 390 D
1230 356 1390 393 attollere
1402 356 1542 408 poterit,
1556 355 1694 393 etiamsi
1707 354 1884 392 insensilis
1900 355 1957 392 sit.
1976 356 2034 393 Sic
2053 366 2085 394 et
2099 356 2214 394 Acha-
2229 360 2348 396 3-1(εὲ
2363 367 2414 387 21-

138 424 394 478 χαλεπώτερον.
415 424 460 462 ‘O
478 428 558 476 γοῦν
580 424 782 474 αἰσθόμενος
801 426 923 470 αὐτῆς,
943 420 1019 461 οὐδὲ
1041 419 1163 472 μικρὸν

140 486 334 538 ἀναῧλέψαι
350 485 546 533 δυνήσεται,
562 484 626 522 κᾶν
638 485 769 537 σφόδρα
787 484 992 529 ἀναίσθητος
1005 476 1042 534 ἦ.
1057 479 1164 518 Οὕτω

138 553 216 599 γοῦν
238 547 298 585 καὶ
315 551 332 585 ὁ
354 546 489 599 Ἁχαὰῧ
502 577 511 594 ,
529 546 642 584 καίτοι
661 546 792 599 σφόδρα
814 543 943 588 ἀσεὸὴς
962 541 1027 587 ὢν,
1042 539 1161 586 ἐπειδὴ

137 608 264 655 ταύτης
277 608 413 659 ᾔσθετο,
434 608 530 646 κάτω
547 607 684 645 κύπτων
708 606 856 652 ἐὸάδιζε,
874 601 1164 654 συντετριμμένος

137 670 197 709 καὶ
217 668 580 722 τεταλαιπωρημένος.
606 668 674 706 Διὰ
692 671 792 706 τοῦτο
818 665 878 704 καὶ
903 664 1033 702 σάκκον
1063 679 1162 716 περι-

137 732 292 780 effoth-co,
310 732 369 770 καὶ
384 731 498 782 πηγὰς
518 729 611 782 ἠφίει
629 728 798 781 δακρύων.
810 725 870 764 Ἂν
890 730 990 764 τοῦτο
1006 727 1161 775 ποιῶμεν

136 797 255 845 ἡμεῖς,
288 793 348 832 καὶ
374 796 552 843 πενθῶμεν
583 794 630 834 ὡς
660 793 808 836 ἐκεῖνος,
835 786 1080 838 ἀποδυσόμεθα
1116 785 1160 824 τὰ

137 855 342 906 ἐγκλήματα
364 857 409 896 ὡς
432 855 624 904 Ζακχαῖος,
660 850 719 889 καὶ
739 853 841 900 ἡμεῖς
860 847 1050 899 τευξόμεθά
1070 863 1160 891 τινος

135 915 354 968 συγγνώμης.
376 914 544 965 Καθάπερ
564 913 631 966 γὰρ
662 912 741 951 “ε’πὶ
769 915 836 950 τῶν
870 910 1068 962 οἰδημάτων
1101 909 1160 948 καὶ

134 980 201 1015 τῶν
229 976 413 1028 συρίγγων,
434 974 473 1012 ἂν
501 974 548 1026 μὴ
569 973 735 1027 πρότερον
757 972 868 1025 στήσῃ
888 989 939 1016 τις
958 972 1014 1010 τὸν
1045 972 1158 1024 χυμὸν

134 1037 191 1075 τὸν
219 1037 421 1089 ἐπιρρέοντα
435 1067 444 1085 ,
463 1035 522 1074 καὶ
539 1035 578 1074 τὸ
604 1040 744 1088 τραῦμα
764 1033 987 1088 ἐπιτρίέοντα
1002 1065 1011 1081 ,
1036 1033 1101 1072 ὅσα
1119 1032 1158 1071 ἂν

134 1099 283 1151 ἐπιθῆσῃ
314 1098 500 1151 φάρμακα,
525 1101 587 1144 τῆς
617 1100 732 1149 πηγῆς
754 1100 812 1134 τοῦ
845 1099 953 1134 κακοῦ
980 1095 1027 1146 μὴ
1048 1111 1159 1134 κατα-

134 1160 336 1212 σχεθείσης,
356 1163 432 1212 εἷκῇ
453 1161 569 1199 πάντα
593 1165 707 1198 ποιεῖ·
731 1158 819 1197 οὕτω
836 1158 894 1196 καὶ
914 1161 1033 1209 ἡμεῖς,
1052 1157 1092 1195 ἂν
1110 1157 1158 1208 μὴ

133 1221 196 1268 τὴν
215 1228 317 1274 χεῖρα
338 1222 520 1272 στὴσιιψεν
540 1225 603 1267 τῆς
622 1218 821 1264 πλεονεξίας
839 1218 899 1257 καὶ
921 1219 984 1266 τὴν
1004 1219 1158 1272 πονηρὰν

133 1282 260 1330 ταύτην
277 1282 439 1337 ἐπιρροὴν
463 1282 733 1332 ἀναστείλιοηιεν,
754 1280 818 1319 κᾶν
839 1280 1072 1331 ἐλεημοσύνην
1094 1282 1159 1334 δῷ-

136 1359 212 1395 μεν,
228 1347 304 1396 εἰκῇ
326 1347 441 1383 πάντα
457 1349 634 1394 ποιοῦμεν.
655 1343 707 1381 Τὸ
719 1343 785 1395 γὰρ
809 1342 1016 1396 θεραπευθὲν
1039 1343 1083 1380 δι’
1099 1343 1160 1380 αὖ·

134 1408 196 1451 τῆς
208 1435 217 1452 ,
234 1407 422 1443 ἐπελθοῦσα
442 1409 463 1451 ἡ
481 1404 660 1449 πλεονεξία
674 1402 690 1424 ¹²

699 1403 887 1442 κατέκλυσε
908 1403 968 1441 καὶ
987 1403 1160 1454 ἐλυμήνα-

134 1481 190 1514 το,
214 1466 274 1503 καὶ
293 1465 539 1517 χαλεπώτερον
562 1469 622 1504 τοῦ
640 1463 810 1516 προτέρου
833 1463 1033 1516 εἰργάσατο.
1057 1466 1159 1502 Παυ-

136 1525 280 1578 σώμεθα
295 1526 407 1565 τοίνυν
426 1526 637 1579 ἁρπάζοντες
650 1556 659 1574 ,
682 1526 742 1564 καὶ
759 1525 868 1569 οὕτως
887 1524 1100 1576 ἐλεήσωμεν.
1115 1527 1161 1564 Εἰ

136 1587 172 1627 δὲ
207 1590 254 1633 εἷς
279 1587 453 1640 κρημνοὺς
482 1586 622 1631 ἑαυτοὺς
645 1586 817 1640 φέρωμεν,
839 1588 912 1630 πῶς
945 1586 1162 1637 δυνησόμεθα

136 1652 366 1698 ἀναπνεῦσαι,
387 1650 458 1689 Καὶ
474 1649 540 1704 γὰρ
557 1649 589 1688 εἴ
599 1666 651 1693 τις
668 1649 725 1687 τὸν
743 1647 914 1700 μέλλοντα
926 1648 1159 1687 καταπίπτειν

137 1711 266 1749 ἄνωθεν
295 1711 390 1750 ἕλκοι
414 1710 522 1764 (ὅπερ
542 1710 632 1750 ἐστὶν
651 1715 673 1758 ἡ
701 1709 958 1762 ἐλεημοσύνη),
990 1709 1104 1764 ἕτερος
1123 1710 1159 1749 δὲ

137 1773 291 1811 κάτωθεν
326 1773 500 1825 βιάζοιτο,
535 1772 629 1811 οὐδὲν
661 1773 758 1811 ἔσται
787 1789 822 1810 τι
849 1771 953 1811 πλέον
994 1773 1063 1811 ἀπὸ
1099 1776 1161 1820 τῆς

137 1834 298 1881 τοιαύτης
329 1834 506 1883 πάλης,ἢ
531 1835 570 1873 τὸ
589 1835 848 1880 διασπασθῆναι
878 1835 935 1873 τὸν
969 1835 1161 1888 ἄνθρωπον.

138 1895 204 1935 Ἵν’
235 1890 292 1934 οῦν
322 1896 370 1948 μὴ
408 1901 508 1934 τοῦτο
539 1896 720 1946 πάθωμεν,
754 1894 859 1946 μηδὲ,
895 1896 1066 1948 βαρούσης
1102 1900 1164 1944 τῆς

139 1957 338 2003 πλεονεξίας
354 1958 524 2006 κάτωθεν,
544 1960 565 2003 ἦ
582 1957 796 2008 ἐλεημοσύνη
815 1959 1057 1997 καταλιποῦσα
1070 1963 1164 2010 ἡμᾶς

141 2020 295 2072 ἀπέλθῃ,
319 2018 540 2072 κουφίσωμεν
564 2018 706 2063 ἑαυτοὺς
721 2019 780 2057 καὶ
801 2019 1089 2070 ἀναπετάσωμεν,
1108 2019 1165 2058 ἵνα

143 2082 200 2121 διὰ
230 2085 293 2128 τῆς
325 2083 533 2134 ἀπαλλαγῆς
565 2084 633 2119 τῶν
661 2084 792 2129 κακῶν,
825 2080 885 2119 καὶ
916 2079 972 2118 διὰ
1000 2084 1063 2127 τ’ἦς
1098 2084 1166 2120 τῶν

144 2142 294 2181 αἰωνίων
315 2146 452 2194 ἀγαθῶν
474 2142 638 2196 ἐργασίας
658 2140 896 2186 τελειωθέντες
909 2172 920 2190 ,
947 2142 1166 2195 ἐπιτύχωμεν

142 2207 210 2243 τῶν
243 2205 390 2243 αἰωνίων
416 2208 568 2257 ἀγαθῶν,
601 2204 722 2257 χάριτι
749 2204 807 2242 καὶ
837 2204 1080 2259 φιλανθρωπία
1110 2211 1169 2244 τοῦ

143 2266 273 2319 Κυρίου
294 2270 394 2318 ἡμῶν
410 2267 526 2314 Ἰησοῦ
545 2267 698 2320 Χριστοῦ
710 2296 720 2314 ,
736 2268 811 2317 μεθ’
833 2259 871 2304 οὗ
895 2268 945 2318 τῷ
961 2266 1080 2318 Πατρὶ
1096 2266 1170 2318 ἅμα

144 2331 193 2381 τῷ
222 2327 310 2382 ἁγίῳ
325 2327 506 2379 Πνεύματι
528 2328 607 2373 δόξα
619 2359 628 2376 ,
649 2327 774 2381 κρατὸς
787 2357 796 2374 ,
813 2326 922 2378 τιμὴ,
942 2331 1002 2365 νῦν
1017 2329 1076 2366 καὶ
1093 2328 1146 2366 ἀεὶ
1162 2360 1170 2375 ,

145 2390 204 2428 καὶ
224 2392 271 2433 εἷς
285 2389 362 2433 τοὺς
382 2391 507 2433 αἰῶνας
523 2393 591 2427 τῶν
609 2389 755 2428 αἰώνων.
772 2389 893 2439 Ἀμήν.

191 2521 204 2535 ³
230 2511 345 2545 Morel.
365 2516 412 2546 ἐπὶ
436 2521 494 2545 τῶν
520 2517 676 2554 σωμάτων,
696 2508 791 2542 male.
811 2507 870 2541 Alii
889 2514 935 2542 ἐπὶ
952 2519 1010 2542 τῶν
1023 2515 1155 2551 voc-tm&-

151 2581 216 2598 των.
236 2564 336 2597 Savil.
356 2569 402 2598 ἐπὶ
418 2573 476 2597 τῶν
492 2567 670 2605 &Etpastum-

632 2819 670 2854 Η
674 2817 893 2854 miliarum
910 2817 1106 2866 octoginta
1126 2826 1167 2850 oc

1519 216 1723 245 Lxxxvu.
2123 199 2214 246 603

1230 296 1389 346 gravius.
1405 295 1478 342 Qui
1495 295 1533 332 id
1548 296 1667 345 sentit,
1687 309 1728 332 ne
1736 295 1926 332 minimum
1943 295 2085 345 quidem
2097 296 2217 334 oeulos

1231 415 1289 465 ab,
1312 416 1376 454 etsi
1396 416 1501 454 valde
1530 416 1673 469 impius,
1691 416 1773 467 quia
1796 416 1862 452 hoe
1883 416 2004 465 sensit,
2029 431 2140 468 prono
2160 433 2217 456 ea-

1229 480 1315 532 pite,
1324 480 1507 529 contritus,
1519 480 1645 519 misere
1660 479 1854 519 incedebat.
1870 479 1954 517 Ideo
1969 493 2005 517 se
2014 494 2113 517 saeco
2127 496 2217 532 prze—

1231 541 1360 592 cinxit,
1386 552 1420 580 et
1439 543 1807 595 sonteslacrymarum
1826 541 2019 579 emittebat.
2045 541 2085 579 Si
2101 541 2168 580 hoc
2186 553 2218 581 et

1231 617 1293 641 nos
1309 603 1495 653 faciamus,
1513 604 1543 642 si
1560 604 1745 656 lugeamus
1760 612 1798 640 ut
1810 603 1884 653 ille,
1907 603 1935 640 si
1950 612 2092 654 peccata
2108 618 2217 641 exua—

1230 678 1311 703 mus
1330 675 1368 703 ut
1388 665 1592 716 Zacchaeus,
1614 680 1678 703 nos
1697 679 1840 716 quoque
1857 664 2000 703 veniam
2026 678 2214 716 conseque-

1229 740 1322 763 mur.
1344 728 1394 765 Ut
1416 727 1510 766 enim
1530 728 1566 765 in
1589 726 1790 765 tumoribus
1811 736 1844 764 et
1874 725 2019 775 fistulis,
2037 726 2106 764 nisi
2137 727 2216 777 quis

1227 787 1396 825 fluentem
1418 788 1606 827 humorem
1636 798 1669 826 et
1689 788 1820 826 vulnus
1849 787 2062 826 afficientem
2101 788 2214 835 sistat,

1227 849 1360 887 frustra
1378 850 1534 889 remedia
1550 850 1747 900 adhibebit,
1760 850 1853 888 malo
1869 864 2007 902 semper
2019 859 2213 901 grassante:

1228 909 1278 948 sic
1297 920 1331 949 et
1346 926 1410 950 nos
1421 912 1490 950 nisi
1506 927 1653 950 manum
1672 926 1896 951 coerceamus
1909 911 1955 948 ab
1986 911 2151 959 avaritia,
2183 922 2216 950 et

1226 986 1382 1025 pravum
1393 973 1499 1012 illum
1516 974 1656 1013 fluxum
1673 973 1920 1027 reprimamus,
1935 972 2003 1010 nisi
2023 972 2216 1025 eleemosy-

1226 1048 1309 1072 nam
1329 1035 1469 1086 demus,
1494 1037 1626 1075 frustra
1643 1045 1769 1074 caetera
1787 1034 1952 1073 facimus.
1973 1035 2067 1072 Nam
2082 1035 2111 1072 si
2127 1035 2216 1085 quid

1227 1095 1272 1134 ab
1294 1096 1356 1135 illa
1374 1107 1538 1136 curatum
1566 1098 1622 1148 sit,
1642 1097 1835 1136 adveniens
1866 1095 2017 1135 avaritia
2043 1095 2163 1134 obruit
2183 1106 2215 1135 et

1226 1158 1427 1208 labefactat,
1442 1160 1715 1211 gravioremque
1731 1159 1848 1212 priore
1859 1159 2003 1211 plagam
2018 1152 2138 1196 infert.
2154 1160 2214 1196 Fi-

1227 1234 1307 1258 nem
1322 1234 1405 1272 ergo
1433 1221 1604 1259 faciamus
1629 1220 1803 1273 rapiendi,
1823 1228 1856 1257 et
1886 1219 1936 1257 ita
1954 1220 2214 1272 eleemosynam

1226 1296 1424 1334 erogemus.
1447 1283 1554 1330 Quod
1575 1283 1604 1321 si
1636 1297 1699 1321 nos
1720 1282 1815 1335 ipsos
1848 1281 1885 1319 in
1910 1281 2107 1333 praecipitia
2126 1282 2214 1319 fera-

1227 1358 1318 1393 mus,
1341 1344 1521 1395 quomodo
1539 1344 1715 1397 respirare
1729 1343 1952 1397 poterimus?
1966 1344 2059 1380 Nam
2081 1343 2111 1381 si
2134 1344 2214 1395 quis

1227 1406 1410 1445 cadentem
1421 1407 1580 1459 erigeret,
1599 1407 1636 1445 id
1649 1407 1744 1457 quod
1765 1406 1852 1444 facit
1868 1406 2089 1458 eleemosyna
2097 1421 2108 1454 ;
2122 1405 2214 1444 alius

1171 1496 1218 1521 530
1227 1477 1346 1506 autem
1361 1469 1399 1507 vi
1418 1469 1466 1507 ad
1480 1469 1620 1521 lapsum
1635 1469 1796 1521 pelleret,
1819 1467 1858 1505 id
1878 1467 1976 1518 quod
1997 1467 2147 1506 avaritia
2165 1468 2216 1505 fa-

1184 1533 1206 1562 Α
1229 1530 1297 1580 cit3
1332 1529 1424 1567 nihil
1455 1529 1558 1567 aliud
1593 1544 1639 1567 ex
1671 1529 1739 1567 hae
1759 1542 1880 1579 pugna
1910 1528 2077 1577 eveniret,
2109 1543 2216 1580 quam

1228 1590 1325 1642 quod
1342 1591 1450 1629 homo
1473 1591 1533 1628 ille
1550 1590 1822 1643 discerperetur.
1832 1589 1876 1626 Id
1891 1603 1934 1627 ne
1949 1589 2051 1627 nobis
2064 1590 2215 1640 accidat,

1230 1666 1319 1691 neve
1330 1651 1481 1691 avaritia
1493 1666 1556 1690 nos
1564 1651 1730 1690 deorsum
1738 1651 1908 1699 trahente,
1918 1651 2139 1703 eleemosyna
2155 1665 2217 1689 nos

1231 1715 1454 1767 derelinquat
1463 1724 1498 1753 et
1509 1715 1625 1765 abeat,
1643 1729 1705 1753 nos
1715 1714 1866 1753 leviores
1879 1713 2075 1752 efficiamus
2086 1722 2119 1751 et
2134 1728 2218 1752 avo-

1233 1778 1360 1826 lemus,
1374 1787 1414 1815 ut
1432 1793 1452 1815 a
1467 1777 1572 1815 malis
1581 1777 1739 1826 liberati,
1757 1786 1791 1814 et
1807 1791 1853 1814 ex
1871 1775 1974 1814 bonis
1991 1774 2156 1827 operibus
2172 1774 2220 1813 ad.

1234 1839 1484 1892 perfectionem
1502 1839 1661 1888 deducti,
1681 1848 1810 1877 aeterna
1835 1851 2093 1889 consequamur
2110 1837 2218 1885 bona,

1236 1901 1350 1953 gratia
1371 1910 1404 1939 et
1419 1901 1636 1954 benignitate
1664 1900 1808 1939 Domini
1824 1899 1934 1938 nostri
1969 1901 2053 1939 Jesu
2074 1898 2220 1947 Christi,

1237 1962 1382 2013 quicum
1397 1963 1495 2000 Patri
1507 1977 1647 2014 unaque
1659 1962 1812 2015 Spiritui
1828 1971 1948 2001 sancto
1961 1960 2085 2013 gloria,
2095 1961 2220 2008 honor,

1237 2023 1440 2076 imperium,
1457 2038 1551 2062 nune
1584 2033 1616 2062 et
1645 2038 1793 2076 semper,
1826 2033 1859 2062 et
1883 2023 1920 2061 in
1951 2023 2079 2062 saeeula
2111 2036 2220 2060 saecu-

1236 2083 1368 2121 lorum.
1394 2086 1518 2122 Amen.

1194 2144 1217 2173 B

1268 2513 1284 2535 ¹)
1309 2510 1369 2542 Alli
1385 2515 1538 2545 κατέλυσε.

1173 2822 1209 2849 10
1230 2812 1283 2848 D.
1301 2811 1467 2848 Joannis
1488 2808 1756 2857 Clzrysostomi

870 2900 911 2933 in
931 2897 966 2933 E
973 2894 1190 2946 vangelium
1216 2891 1398 2942 Tlteologi
1406 2890 1519 2942 finis.

2233 410 2284 439 2¹7,
