2481 3678
304 228 393 274 368
745 244 782 274 s.

299 325 403 363 rum?
431 325 487 362 Tu
516 338 599 363 vero
625 325 688 362 ubi
711 325 740 362 is
767 325 827 375 qui
858 325 952 377 rapit
982 324 1151 376 punitur,
1183 321 1279 373 quod

299 388 413 439 majus
432 395 483 424 est
502 386 650 423 honoras
658 401 669 435 3
696 386 757 423 ubi
773 395 891 423 autem
915 394 1037 436 raptor
1062 385 1279 431 honoratur,

300 449 396 499 quod
413 449 528 500 majus
549 457 598 485 est
617 447 748 500 prodis.
777 446 885 494 Quod
908 446 935 483 si
957 445 1123 496 utrinque
1140 444 1281 497 punitio

299 519 403 556 esset,
432 523 547 547 annon
564 509 696 546 adhoc
722 507 835 558 magis
860 506 1042 545 venisses?
1069 506 1135 543 Hie
1164 514 1280 543 autem

299 571 389 607 nihil
404 571 473 608 tale
485 579 546 615 est,
564 570 626 607 scd
647 568 839 606 beatitudo.
856 567 904 605 Et
919 565 1110 618 quomodo,
1131 564 1280 616 inquies,

820 245 893 274 ,ΙΟᾸ
903 245 925 272 Ν
935 243 1001 273 Nts
1037 240 1278 272 CIIRYSOST.

1320 238 1522 268 ARCfflEP.
1562 237 1917 269 CONSTANTINOP-

1349 319 1496 383 χρυσὸς,
1515 319 1549 357 τί
1569 319 1608 357 ἂν
1636 319 1815 372 ἥρπασας,
1835 323 1895 358 οὒκ
1921 320 2061 367 εὔδηλον
2077 321 2130 359 ὅτι
2150 321 2206 359 τὸν
2225 322 2372 374 χρυσόν;

1351 383 1439 419 Εἰθα
1460 381 1540 419 ἔνθα
1560 379 1621 432 μὲν
1636 384 1654 419 ὃ
1669 381 1832 434 ἁρπάζων
1858 382 2109 428 κολάζεται,τὸ
2128 384 2241 432 μεῖζον
2256 389 2372 434 τιμᾷς·

1351 441 1429 480 ἔνθα
1452 441 1486 480 δὲ
1501 445 1518 480 ὁ
1535 441 1698 494 ἁρπάζων
1714 449 1884 493 τιμᾶται,
1903 443 2073 494 προδίδως
2095 443 2134 480 τὸ
2166 445 2300 493 μεῖζον;
2330 445 2374 481 Εἰ

1349 502 1416 556 γὰρ
1444 503 1685 556 ἀμφοτέρωθεν
1707 503 1850 546 κόλασις
1871 497 1926 551 ἦν,
1953 506 2013 542 οὐκ
2035 504 2074 542 ἂν
2094 503 2152 542 ἐπὶ
2166 509 2266 542 τοῦτο
2277 506 2371 555 μᾶλ-

1349 565 1407 601 λον
1427 558 1549 610 ἦλθες,
1580 564 1753 602 Ἐνταῦθα
1789 562 1823 601 δὲ
1851 562 1946 601 οὐδὲν
1979 563 2130 602 τοιοῦτόν
2151 567 2255 612 ἐστιν,
2281 564 2371 603 ἀλλὰ

299 632 375 684 rapi
399 631 537 683 potest?
559 631 695 682 Projiec
714 644 752 667 ea
774 644 853 680 qum
872 643 943 680 prae
968 627 1133 666 manibus
1158 626 1277 663 habes.
1293 624 1409 680 321καὶ
1425 624 1656 676 μακαρισμός.
1679 625 1748 662 Καὶ
1761 626 1835 667 πῶς
1862 624 1952 662 ἔστιν
1970 625 2146 676 ἁρπάσαι,
2169 625 2274 677 φησί,
2299 625 2371 663 Ῥῖ-

298 694 416 729 Donec
438 692 532 729 enim
550 692 625 729 haee
644 691 811 739 tenueris,
830 690 892 727 illa
922 703 1042 741 rapere
1070 702 1139 726 non
1163 696 1275 739 potes.
1302 694 1327 722 A
1348 686 1411 736 ψον
1444 685 1487 722 τὰ
1504 687 1585 723 ὄντα
1606 687 1639 723 ἐν
1657 684 1788 737 χερσίν.
1807 684 1903 728 “Eme
1922 690 1935 705 ³
1949 685 2017 738 γὰρ
2036 685 2075 723 ἂν
2093 685 2180 723 αὐτὰ
2199 686 2371 738 κατέχῃς,

299 754 421 804 Cogita
451 754 573 792 virum
601 762 745 804 argento
770 752 891 804 plenas
917 764 1042 787 manus
1068 749 1277 794 habente-im

297 830 382 852 num
400 815 529 867 poterit
546 815 613 852 hoe
629 823 761 852 retento
782 827 910 851 aurum
935 826 1073 864 rapere,
1097 810 1164 848 nisi
1188 809 1280 846 illud

296 876 396 927 prius
420 876 582 928 projiciat
607 884 640 912 et
663 874 850 927 expeditus
872 873 946 910 sit?
971 874 1162 924 Raptorem
1185 870 1278 908 enim

295 936 502 988 expeditum
524 950 596 973 esse
617 944 775 987 oportet,
796 949 837 971 ne
855 934 1058 971 retineatur.
1086 933 1177 969 Nam
1197 939 1279 968 sunt

294 997 458 1047 quaedam
472 997 683 1035 adversariae
701 1004 888 1047 potestates
900 1007 977 1044 quae
1003 1007 1065 1030 nos
1084 991 1277 1040 invadunt,

296 1067 331 1094 ut
350 1058 440 1095 illud
459 1058 632 1094 auferant.
658 1056 729 1093 Sed
748 1055 929 1105 fugiamus
956 1054 1057 1101 illas,
1078 1052 1276 1103 fugiamus,

294 1120 427 1156 nullam
452 1118 693 1167 relinquamus
721 1116 805 1152 foris
828 1128 963 1151 ansam.
995 1114 1111 1149 Funes
1142 1111 1278 1149 incida-

294 1194 390 1228 mus,
411 1179 498 1215 nudi
516 1178 619 1214 rebus
633 1175 860 1214 saecularihus
876 1174 997 1211 simus.
1016 1173 1108 1219 Quis
1123 1186 1207 1210 usus
1225 1181 1277 1210 est

291 1239 482 1277 sericarum
513 1237 691 1276 vestium?
722 1249 905 1286 quousque
933 1233 991 1271 his
1018 1233 1184 1271 ridiculis
1210 1231 1278 1270 im-

289 1300 532 1353 plicabimur?
552 1313 737 1351 quousque
760 1313 889 1336 aurum
913 1296 1161 1335 defodienms?
1182 1296 1274 1336 Vel-

288 1365 358 1401 lem
373 1365 449 1402 haec
468 1371 638 1415 perpetuo
662 1360 805 1399 dicendi
830 1361 939 1398 finem
960 1361 1074 1397 faeere
1098 1374 1105 1395 :
1132 1358 1192 1396 sed
1213 1372 1276 1397 vos

1348 748 1462 784 ἐκεῖνα
1484 747 1640 799 ἁρπάσαι
1660 749 1698 785 οὗ
1723 747 1867 799 δυνήσῃ.
1886 746 2073 794 Ἐννόησον
2089 746 2156 799 γάρ
2177 763 2235 798 μοι
2255 747 2363 799 ἄνδρα

1349 807 1510 861 ἀργυρίου
1526 808 1587 853 τὰς
1605 815 1724 860 χεῖρας
1743 808 2019 859 πεπληρωμένας
2034 808 2157 859 ἔχοντα
2171 823 2178 830 ·
2195 807 2243 857 μὴ
2265 808 2370 855 δυνή-

1348 883 1464 917 σεται,
1485 869 1549 913 ἕως
1578 868 1617 907 ἂν
1638 869 1770 922 κατέχῃ
1787 874 1906 917 τοῦτο,
1937 868 2093 922 ἁρπάσαι
2117 868 2280 920 χρυσίον,
2310 867 2368 906 ἐὰν

1347 929 1394 980 μὴ
1420 930 1501 984 ῥίψῃ
1528 931 1611 969 αὐτὸ
1638 931 1697 968 καὶ
1728 930 1865 974 εὕλυτος
1883 929 2047 981 γένηται,
2065 930 2136 967 Τὸν
2160 929 2227 981 γὰρ
2256 929 2370 982 ἁρπά-

1345 993 1446 1035 ζοντα
1465 991 1608 1035 εὔζωνον
1626 986 1714 1030 εἶναι
1741 994 1809 1039 δεῖ,
1829 991 1918 1030 ὥστε
1935 991 1983 1042 μὴ
2003 994 2272 1042 κατασχεθῆναι.
2293 991 2363 1028 Καὶ

1345 1052 1412 1104 γὰρ
1440 1053 1499 1091 καὶ
1529 1058 1584 1091 νῦν
1606 1056 1689 1091 εἰσιν
1708 1053 1859 1091 ἐναντίαι
1892 1053 2053 1103 δυνάμεις
2086 1051 2365 1105 κατατρέχουσαι

1344 1115 1465 1163 ἡμῶν,
1483 1113 1539 1151 ἵνα
1569 1113 1775 1165 ἀφέλωνται.
1798 1113 1903 1151 Ἀλλὰ
1936 1113 2113 1165 φεύγωμεν
2135 1112 2260 1160 αὐτὰς,
2286 1112 2369 1165 φεύ-

1344 1190 1473 1225 γωμεν,
1495 1173 1668 1224 μηδεμίαν
1690 1173 1931 1225 ἐπισυρόμενοι
1958 1173 2070 1219 λαὸὴν
2094 1173 2227 1217 ἔξωθεν.
2242 1174 2368 1212 Διατέ-

1346 1251 1466 1286 μωμεν
1483 1234 1527 1272 τὰ
1552 1233 1708 1286 σχοινία,
1734 1234 1857 1285 γυμνοὶ
1881 1233 2061 1285 γενώμεθα
2086 1237 2154 1272 τῶν
2182 1237 2367 1285 βιωτικῶν.

1344 1296 1409 1339 Τίς
1443 1295 1545 1348 χρεία
1582 1298 1649 1333 τῶν
1684 1297 1835 1347 σηρικῶν
1863 1295 2033 1346 ἱματίων,
2067 1294 2171 1347 μέχρι
2197 1295 2281 1333 πότε
2310 1295 2369 1333 τὸν

1344 1357 1479 1407 γέλωτα
1495 1359 1615 1394 τοῦτον
1637 1355 1878 1406 ἀνελίττομεν;
1900 1355 2003 1408 μέχρι
2031 1355 2114 1394 πότε
2147 1356 2186 1394 τὸ
2218 1355 2360 1410 χρυσίον

291 1440 357 1463 non
373 1425 503 1471 sinitis,
527 1423 616 1461 mihi
633 1437 769 1474 semper
786 1436 907 1460 ansam
927 1421 1277 1473 praehentes.Verum
1301 1422 1322 1450 Β
1344 1417 1618 1470 κατορύττομεν;
1645 1416 1863 1467 Ἐὸουλόμην
1891 1417 2089 1456 παύσασθαι
2119 1422 2230 1456 ταῦτα
2257 1417 2367 1470 λέγων

290 1502 383 1525 nunc
401 1486 544 1524 tandem
562 1485 794 1533 absistamus,
814 1493 853 1521 ut
869 1483 1032 1534 exemplo
1057 1482 1144 1520 alios
1169 1481 1274 1518 insti-

291 1558 423 1586 tuentes
440 1547 612 1599 promissa
628 1559 885 1595 consequamur
899 1545 1004 1591 bona,
1026 1542 1138 1595 gratia
1158 1551 1190 1579 ct
1209 1540 1274 1579 be—

289 1610 458 1661 nignitate
478 1606 623 1645 Domini
639 1606 749 1643 nostri
766 1608 849 1645 Jesu
867 1604 1023 1651 Christi,
1043 1618 1106 1655 per
1119 1616 1224 1653 quem
1241 1610 1274 1640 et

290 1686 369 1708 cum
398 1684 466 1721 quo
483 1668 578 1706 Patri
603 1667 727 1719 gloria,
753 1667 932 1717 simulque
952 1674 1070 1703 sancto
1099 1663 1270 1716 Spiritui,

290 1748 382 1771 nune
407 1741 439 1770 et
466 1744 602 1784 semper
627 1738 659 1766 ct
685 1729 720 1767 in
746 1729 873 1768 saecula
893 1728 1115 1766 saeculorum.
1146 1727 1269 1763 Amen.

332 2007 343 2018 ³·
368 1994 427 2026 Alii
446 2001 502 2039 γὰρ
518 2000 553 2028 ἀν
570 1999 608 2028 τὰ
624 2001 759 2039 παρόντα
773 1999 909 2038 κιτέχης.

617 2236 823 2274 IIOMILIA
857 2236 935 2273 LV.

287 2360 374 2397 CAP.
394 2360 493 2399 VIII.
514 2373 551 2397 v.
577 2359 640 2397 48.
662 2359 952 2409 Responderunt
981 2370 1068 2408 ergo
1088 2356 1217 2394 Judoei
1236 2363 1272 2393 et

337 2422 517 2459 diret-unt
534 2423 568 2458 ei
587 2437 597 2457 .·
613 2422 752 2458 Nonne
767 2422 859 2457 bene
879 2420 1042 2456 dicimus
1069 2430 1151 2467 nos,
1176 2419 1272 2469 quia

335 2481 605 2519 Samaritanus
647 2495 685 2518 es
738 2488 800 2525 tu,
844 2488 880 2516 et
924 2479 1161 2515 doenzoniam
1198 2478 1271 2514 ha-
1292 2482 1316 2512 C

336 2544 397 2580 bes
421 2547 436 2579 P
464 2543 526 2580 49.
542 2543 752 2594 Respondit
767 2542 880 2579 Jesus
899 2556 908 2576 .·
927 2542 1011 2591 Ego
1037 2540 1270 2577 daemonium

339 2617 414 2640 non
438 2605 574 2651 habeo,
604 2605 672 2642 sed
696 2602 908 2655 honorifico
932 2603 1106 2639 Patrem.

334 2729 369 2763 1.
398 2725 591 2777 Impudens
610 2726 842 2778 petulansque
858 2734 909 2763 est
927 2724 1079 2775 malitia,
1093 2739 1171 2775 quae
1184 2738 1268 2764 cum

281 2788 482 2826 erubescere
502 2787 659 2837 deberet,
682 2787 794 2837 magis
806 2795 1036 2838 exasperatur
1048 2801 1059 2835 5
1082 2795 1122 2823 ut
1135 2786 1267 2825 Judaeis

280 2864 345 2887 usu
364 2848 474 2887 venit.
501 2849 591 2884 Cum
615 2848 825 2899 oportuisset
845 2847 940 2884 enim
968 2861 1013 2884 ex
1031 2846 1135 2884 dictis
1165 2861 1262 2885 com-

279 2910 404 2961 pungi,
430 2918 462 2945 et
489 2907 659 2944 admirari
687 2907 871 2955 fiduciam,
895 2907 1155 2959 verborumque
1182 2924 1263 2947 con-

277 2968 509 3019 sequentiam,
533 2969 656 3005 Jcsum
685 2966 905 3004 contumeliis
923 2967 1117 3017 incessunt,
1139 2969 1262 3007 Sama-

278 3030 505 3080 ritanumque
526 3042 566 3065 ae
592 3026 850 3064 daemoniacum
871 3037 1017 3073 vocant,
1042 3029 1259 3081 dicuntque:

1341 1722 1469 1775 Κυρίου
1497 1725 1598 1773 ἡμῶν
1630 1722 1745 1768 Ἰησοῦ
1773 1722 1947 1774 Χριστοῦ,
1974 1722 2016 1758 δι’
2050 1725 2087 1759 οὑ
2121 1721 2180 1758 καὶ
2213 1723 2288 1772 μεθ’
2325 1737 2364 1759 ου

1339 1787 1389 1836 τῷ
1414 1783 1530 1837 Πατρὶ
1552 1787 1573 1830 ἡ
1597 1782 1696 1829 δόξα,
1720 1783 1795 1833 ἅμα
1815 1784 1864 1833 τῷ
1887 1782 1974 1835 ἁγίῳ
1994 1782 2199 1833 Πνεύματι,
2216 1787 2273 1821 νῦν
2304 1784 2365 1822 καὶ

1342 1846 1395 1885 ἀεὶ
1405 1875 1416 1895 ,
1432 1844 1495 1883 ’καὶ
1510 1846 1557 1888 εἷς
1576 1843 1655 1888 τοὺς
1676 1845 1802 1887 αἰῶνας
1819 1846 1886 1882 τῶν
1907 1842 2052 1882 αἰώνων.
2068 1843 2188 1894 Ἀμήν.

1345 1479 1417 1517 ἀεί·
1443 1479 1519 1517 ἀλλ’
1540 1481 1636 1528 ὑμεῖς
1665 1481 1725 1516 οὐκ
1744 1480 1839 1525 ἐᾶτε,
1863 1477 1916 1516 ἀεί
1945 1494 2003 1528 μοι
2023 1478 2232 1530 παρέχοντες
2255 1481 2366 1532 ἀφορ-

1345 1539 1412 1590 μὰς
1436 1540 1496 1579 καὶ
1517 1538 1706 1582 ὑποθέσεις.
1739 1538 1843 1577 Ἀλλὰ
1870 1544 1925 1577 νῦν
1957 1544 2036 1590 γοῦν
2058 1542 2286 1590 ἀποστῶμεν,
2310 1539 2366 1578 ἵνα

1343 1601 1402 1638 καὶ
1426 1600 1561 1653 ἑτέρους
1582 1598 1639 1638 διὰ
1657 1604 1716 1637 τοῦ
1735 1599 1809 1649 βίου
1833 1599 2098 1647 παιδεύσαντες,
2117 1599 2276 1651 τύχωμεν
2296 1603 2364 1638 τῶν

1342 1661 1607 1714 ἐπηγγελμένων
1637 1662 1789 1712 ἀγαθῶν,
1817 1660 1934 1713 χάριτι
1961 1661 2019 1698 καὶ
2039 1661 2282 1714 φιλανθρωπίᾳ
2306 1666 2366 1700 τοῦ

2343 1716 2364 1738 ’ἶ

1723 2235 1903 2272 ΟΜΙΛΙΑ
1931 2233 1989 2272 νε’.

1338 2359 1588 2411 Ἀπεκρίθησαν
1617 2353 1673 2398 οὖν
1711 2362 1741 2398 οἳ
1776 2360 1937 2398 Ἰουδαῖοι
1968 2359 2027 2397 καὶ
2061 2353 2155 2398 εἷπον
2178 2361 2288 2412 αὐτῷ·
2324 2361 2362 2397 οὐ

1391 2422 1506 2463 καλῶς
1533 2420 1677 2471 λέγομεν
1698 2424 1817 2470 ἡμεῖς,
1840 2419 1893 2458 ὅτι
1918 2419 2142 2471 Σαμαρείτης
2163 2413 2192 2457 εἷ’
2219 2419 2281 2466 σὺ,
2301 2419 2360 2457 καὶ

1391 2481 1566 2532 δαιμόνιον
1600 2481 1707 2533 ἔχεις;
1747 2480 1929 2534 Ἀπεκρίθη
1950 2484 1967 2518 ὃ
1990 2481 2137 2528 Ἰησοῦς·
2179 2480 2245 2533 ἐγὼ
2282 2482 2359 2519 δαι-

1392 2541 1506 2593 μόνιον
1529 2544 1591 2580 οὐκ
1610 2542 1698 2594 ἔχω,
1722 2541 1810 2580 ἀλλὰ
1829 2544 1922 2592 τιμῶ
1940 2542 1997 2580 τὸν
2018 2542 2173 2595 Πατέρα.

1399 2727 1638 2778 Ἀναίσχυντον
1660 2731 1681 2774 ἡ
1705 2726 1811 2765 κακία
1828 2727 1887 2765 καὶ
1906 2728 2041 2777 ἰταμὸν,
2068 2728 2127 2765 καὶ
2155 2726 2236 2765 ὅταν
2254 2743 2362 2766 κατα-

1357 2789 1495 2827 δύεσθαι
1526 2788 1598 2839 δέῃ,
1618 2788 1696 2826 τότε
1725 2790 1854 2839 μᾶλλον
1891 2791 2068 2842 ἀγριοῧται
2086 2787 2190 2842 ’ὅπερ
2211 2789 2270 2827 καὶ
2303 2787 2359 2827 ἐπὶ

1336 2853 1404 2887 τῶν
1432 2848 1607 2887 Ἰουδαίων
1629 2848 1757 2900 γέγονε.
1778 2849 1861 2887 Δέον
1879 2850 1945 2902 γὰρ
1966 2850 2023 2887 ἐπὶ
2050 2855 2121 2894 τοῖς
2143 2854 2274 2903 ῥηθεῖσι
2291 2867 2359 2889 κα-

1336 2913 1546 2960 τανυγῆναι,
1569 2908 1813 2958 θαυμάσαντας
1826 2908 1888 2956 τὴν
1913 2910 2108 2961 παῤῥησίαν
2126 2910 2185 2948 καὶ
2203 2909 2265 2957 τὴν
2288 2913 2356 2948 τῶν

2181 2973 2208 2995 v

1337 2970 1526 3022 εἰρημένων
1552 2969 1770 3007 ἀκολουθίαν·
1791 2973 1822 3008 οἱ
1839 2970 1873 3008 δὲ
1890 2970 1948 3008 καὶ
1970 2971 2156 3024 ὓὸρίζουσι,
2181 2972 2361 3024 ...αμαρεί-

1346 3047 1407 3078 την
1423 3033 1603 3073 καλοῦντες
1631 3030 1689 3068 καὶ
1718 3031 1933 3080 δαιμονῶντα
1959 3031 2113 3083 λέγοντες
2126 3062 2135 3079 ,
2152 3032 2212 3070 καί
2233 3049 2335 3084 φασιν
2348 3048 2356 3056 ·

281 3094 421 3131 Nonne
437 3093 529 3127 hene
545 3088 726 3132 diximus,
752 3089 844 3138 quia
863 3087 1131 3127 Samaritanus
1148 3105 1185 3128 es
1204 3100 1258 3137 tu,
1289 3092 1310 3121 D
1335 3092 1428 3144 Οὐχὶ
1459 3093 1572 3135 καλῶς
1605 3090 1779 3141 ἐλέγομεν,
1810 3090 1862 3128 ὅτι
1901 3091 2124 3145 Σαμαρείτης
2147 3086 2182 3129 εἶ’
2212 3092 2272 3139 σὺ,
2300 3094 2360 3131 καὶ

275 3164 311 3193 et
352 3152 585 3190 doemonium
616 3149 757 3185 habes?
786 3147 937 3191 Quando
978 3148 1072 3185 enim
1109 3151 1261 3189 sublime

274 3213 462 3266 quidpiam
478 3209 633 3256 dicebat,
655 3207 693 3245 id
712 3208 811 3244 furor
821 3221 894 3244 esse
913 3207 958 3243 ab
979 3207 1163 3247 insensatis
1181 3212 1257 3256 exi-

272 3275 496 3314 stimabatur.
527 3269 632 3321 Atqui
652 3282 828 3319 nusquam
854 3268 1067 3318 evangelista
1092 3280 1170 3308 ante
1199 3272 1255 3309 di-

270 3336 323 3372 xit
350 3336 467 3386 ipsum
487 3330 750 3370 Sainaritamnn
775 3328 993 3380 appellatum
1012 3329 1142 3378 fuisse;
1168 3331 1254 3369 hine

273 3404 384 3431 tamon
412 3391 582 3430 credibile
608 3399 658 3428 est
684 3389 801 3440 ipsum
827 3402 916 3438 satpe
934 3387 1002 3426 hoe
1029 3389 1170 3427 nomine
1191 3405 1257 3429 vo-

1335 3153 1510 3203 δαιμόνιον
1532 3152 1640 3203 ἔχεις,
1670 3149 1784 3189 ἰὈταν
1807 3151 1875 3203 γὰρ
1897 3151 2026 3202 ὑψηλόν
2052 3169 2086 3189 τι
2118 3153 2220 3203 εἴπῃ,
2252 3153 2360 3203 μανία

1329 3219 1428 3252 τοῦτο
1448 3215 1538 3251 δοκεῖ
1557 3211 1653 3263 παρὰ
1675 3217 1744 3255 τοῖς
1768 3211 1844 3249 λίαν
1867 3212 2086 3258 ἀναισθήτοις
2107 3206 2206 3251 εἶναι.
2228 3214 2351 3252 Καίτοι

2289 3276 2316 3297 ς.

1328 3290 1366 3325 γε
1385 3275 1536 3324 οὐδαμοῦ
1552 3276 1569 3310 ὁ
1588 3271 1832 3324 εὐαγγελιστὴς
1857 3266 1949 3310 εἶπεν
1968 3271 2175 3324 ἔμπροσθεν,
2213 3273 2266 3311 ὅτι
2286 3291 2359 3312 ..α-

1329 3334 1496 3386 μαρείτην
1520 3333 1686 3372 ἐκάλεσαν
1700 3349 1707 3356 ·
1728 3335 1802 3371 ἀλλ’
1820 3333 1907 3377 εἰκὸς
1928 3335 1966 3371 ἐκ
1984 3338 2046 3381 τῆς
2070 3335 2205 3387 ῥησεως
2228 3335 2358 3382 ταύτης

1326 3395 1494 3438 πολλάκις
1513 3397 1596 3445 παρ’
1616 3396 1726 3432 αὐτῶν
1743 3396 1898 3446 εἰρῆσθαι
1919 3399 2027 3433 τοῦτο.
2054 3398 2120 3433 Δαι
2137 3396 2252 3446 μόνιον
2270 3396 2359 3448 ἕγεις
