2481 3678
311 203 400 250 530
755 219 792 249 s.
829 220 1006 250 somnis
1042 219 1282 259 cuuvsosr.
1323 220 1524 249 Aricini-31³.
1563 220 1911 252 consummor.

1361 300 1437 315 *xl

307 301 363 338 vel
391 300 530 349 decem,
554 313 623 338 non
649 301 803 354 amplius
837 301 985 352 quisque
1018 314 1110 339 unus
1141 310 1191 339 est
1200 317 1212 350 3
1229 300 1288 339 scd
1358 317 1379 345 η
1401 310 1503 348 οεκα,
1531 303 1592 339 οὐκ
1626 302 1676 340 ἔτι
1704 297 1750 346 εἷς
1770 305 1862 342 ἐστιν
1896 308 1913 342 ὁ
1941 298 2006 350 εἷς,
2024 303 2112 343 ἀλλὰ
2141 305 2381 345 δεκαπλασίων

308 361 547 412 unusquisque
567 375 688 400 eorum
720 361 897 414 decuplex
927 362 1006 410 erit,
1021 371 1055 400 et
1076 362 1233 400 invenies
1253 361 1287 398 in
1358 361 1502 405 ἕκαστος
1522 363 1635 400 αὐτῶν
1650 363 1804 413 γίνεται,
1828 364 1888 402 καὶ
1910 364 2064 418 εὑρήσεις
2082 366 2116 402 ἐν
2133 371 2202 409 τοῖς
2222 365 2304 404 δέκα
2323 367 2381 405 τὸν

304 420 425 458 decem
448 421 521 459 illis
538 436 662 472 unum,
681 431 714 460 et
734 422 769 460 in
797 437 868 460 uno
896 422 1019 461 decem
1046 422 1140 460 illos.
1163 422 1201 460 Si
1224 421 1289 459 ini·
1358 421 1439 470 ἕνα,
1458 422 1517 460 καὶ
1537 425 1570 460 ἐν
1593 425 1642 474 τῷ
1669 423 1718 461 ἑνὶ
1735 424 1812 467 τοὺς
1834 424 1929 463 δέκα.
1952 425 2025 464 Κᾶν
2045 426 2165 477 ἐχθρὸν
2186 425 2323 478 ἔχωσιν,
2342 427 2380 464 οὐ

305 481 439 519 micum
467 482 636 531 habeant,
660 496 729 520 non
757 482 857 533 quasi
882 497 993 520 unum
1023 482 1287 535 aggrederetur,
1359 486 1408 536 τῷ
1432 484 1481 522 ἑνὶ
1503 484 1729 536 προσὸαλὼν,
1750 489 1796 529 ὡς
1817 492 1887 529 τοῖς
1915 486 1998 524 δέκα
2028 488 2250 539 προσὸαλὼν,
2272 486 2381 531 οὕτως

304 542 366 580 sed
391 544 491 594 quasi
509 543 629 581 decem
645 557 888 595 aggressurus,
906 544 1074 583 vincitur.
1091 546 1170 583 Non
1195 545 1289 582 enim
1360 545 1552 583 ἁλίσκεται.
1575 547 1627 584 Οὐ
1655 545 1722 598 γὰρ
1745 548 1798 598 ὑφ’
1815 546 1888 590 ἑνὸς
1906 548 2072 597 βάλλεται
2091 547 2206 597 μόνον,
2221 549 2296 586 ἀλλ’
2313 548 2382 585 ὑπὸ

303 606 348 642 ab
386 621 455 644 uno
493 615 644 655 tantum,
663 606 724 644 sed
754 621 773 644 a
803 606 925 644 decem
957 607 1151 660 impetitur.
1188 607 1288 645 Indi-
1358 609 1425 644 τῶν
1450 607 1532 645 δέκα
1553 607 1748 658 στομάτων.
1769 607 1968 660 Ἠπόρησεν
1983 612 2000 646 ὃ
2019 603 2086 656 εἶςς
2105 609 2195 646 Ἀλλ’
2211 610 2272 647 οὐκ
2287 609 2379 646 ἔστιν

303 675 360 717 get
385 668 506 705 unus?
542 667 613 705 Sed
644 681 712 705 non
740 667 777 705 in
804 676 956 719 egestate
984 677 1056 718 est;
1087 682 1169 706 nam
1205 683 1286 706 ma-
1358 671 1391 706 ἐν
1421 668 1568 721 ἀπορίᾳ·
1587 671 1636 721 τῷ
1657 668 1725 722 γὰρ
1745 668 1874 720 μείζονι
1895 668 2012 721 μέρει,
2041 670 2214 718 τουτέστι,
2231 674 2301 714 τοῖς
2323 672 2379 708 ἕν-

296 727 375 778 jore
402 735 521 778 parte,
546 740 671 779 nempe
701 741 828 766 novem
859 728 1014 766 aliorum
1047 727 1226 778 abundat,
1254 738 1287 766 et
1358 729 1436 776 νέα,
1461 731 1618 781 εὐπορεῖ,
1649 729 1707 767 καὶ
1734 730 1774 768 τὸ
1802 732 1950 782 ἀποροῦν
1981 730 2201 774 συσκιάζεται
2230 730 2249 748 *
2259 729 2379 782 μέρος,

299 800 381 837 pars
418 786 480 823 illa
505 786 673 824 deficiens
698 787 849 838 tegitur,
878 788 995 826 minor
1025 788 1070 826 ab
1098 789 1283 841 ampliore.
1357 791 1396 828 τὸ
1417 790 1639 837 ἔλαττον,διὰ
1651 794 1710 828 τοῦ
1725 790 1879 834 πλείονος
1890 794 1947 828 τοῦ
1965 789 2381 842 εὖποροῦντος.“Εκαστος

300 846 442 897 Singuli
478 861 600 884 eorum
633 847 765 898 viginti
801 862 927 886 manus
962 848 1094 886 habent
1107 879 1118 899 ⁷
1156 849 1287 900 viginti
1357 851 1488 889 τούτων
1513 850 1622 889 εἴκοσι
1662 857 1782 904 χεῖρας
1818 851 1909 904 ἔχει,
1943 852 2002 890 καὶ
2031 852 2138 890 εἴκοσι
2165 851 2380 903 ὀφθαλμοὺς,

299 907 434 958 oculos,
457 908 563 960 pedes
582 909 745 947 totidem.
768 910 847 947 Non
867 910 941 947 suis
964 910 1058 948 enim
1074 910 1180 948 modo
1197 925 1286 948 ocu-
1358 911 1417 948 καὶ
1439 911 1547 955 πόδας
1561 911 1750 954 τοσούτους.
1769 913 1821 950 Οὐ
1831 911 1898 963 γὰρ
1913 918 1983 955 τοῖς
1999 914 2121 950 ἑαυτοῦ
2136 911 2238 962 μόνον
2253 913 2380 963 ὀφθαλ-

298 969 342 1007 lis
367 970 524 1022 respicit,
547 970 610 1008 sed
632 979 666 1008 et
698 970 864 1018 aliorum,
884 985 947 1008 nec
971 971 1044 1008 suis
1070 980 1209 1009 tantum
1230 985 1286 1023 ge·
1310 981 1333 1010 (“.
1360 977 1435 1022 μοῖς
1468 974 1549 1024 ὁρᾷ,
1587 972 1676 1010 ἀλλὰ
1701 972 1762 1010 καὶ
1793 978 1863 1016 τοῖς
1903 973 2051 1025 ἑτέρων,
2080 975 2117 1010 οὔ
2153 978 2224 1015 τοῖς
2260 975 2381 1010 ἑαυτοῦ

298 1039 365 1066 stat
394 1030 558 1082 pedibus,
582 1044 645 1068 nec
672 1030 744 1068 suis
773 1031 890 1067 solum
916 1030 1080 1068 manibus
1098 1041 1283 1083 operatur,
1357 1036 1371 1052 ²¹
1385 1034 1551 1083 βαστάζει
1569 1032 1684 1080 ποσὶν,
1701 1032 1790 1071 ἀλλὰ
1810 1032 1869 1071 καὶ
1888 1039 1959 1076 τοῖς
1981 1033 2128 1085 ἑτέρων·
2153 1036 2190 1071 οὗ
2207 1039 2282 1076 ταῖς
2301 1036 2380 1070 ἑαυ-

298 1090 359 1128 sed
374 1100 405 1128 et
424 1091 559 1128 alienis.
577 1091 723 1128 Animas
737 1090 860 1128 decem
875 1090 982 1128 habet
1000 1106 1008 1127 :
1024 1092 1198 1128 nonenim
1212 1092 1286 1144 ipse
1355 1095 1415 1129 τοῦ
1437 1092 1557 1144 χερσὶν
1583 1093 1785 1144 ἐργάζεται,
1798 1093 1887 1131 ἀλλὰ
1907 1094 1966 1132 καὶ
1984 1101 2061 1137 ταῖς
2080 1093 2231 1133 ἐκείνων.
2249 1093 2380 1146 Ψυχὰς

298 1151 413 1188 solum
429 1166 492 1188 sua
519 1160 630 1199 curat,
647 1150 707 1188 sed
736 1160 768 1188 et
793 1150 854 1188 alii
880 1165 1032 1202 quoque.
1053 1151 1091 1189 Si
1106 1165 1190 1189 vero
1207 1166 1286 1190 cen·
1357 1152 1429 1204 ἔχει
1446 1153 1546 1191 δέκα·
1563 1155 1600 1191 οὐ
1619 1153 1687 1206 γὰρ
1708 1153 1805 1196 αὐτὸς
1821 1153 1907 1206 ὑπὲρ
1928 1157 2050 1192 ἑαυτοῦ
2075 1154 2190 1205 μόνον,
2212 1154 2302 1193 ἀλλὰ
2320 1154 2382 1192 καὶ

296 1219 373 1248 tum
392 1221 518 1261 essent,
531 1211 626 1249 idem
643 1211 872 1262 contingeret,
892 1220 925 1249 et
943 1211 1057 1250 virtus
1081 1221 1281 1263 augeretur.
1357 1214 1485 1252 ἐκεῖναι
1506 1213 1592 1266 ὑπὲρ
1610 1214 1711 1251 αὐτοῦ
1731 1218 1956 1265 μεριμνῶσιν.
1977 1217 2021 1252 Εἰ
2044 1214 2078 1253 δὲ
2102 1215 2162 1253 καὶ
2179 1215 2300 1253 ἑκατὸν
2319 1215 2380 1267 γέ-

149 1283 281 1310 Caritatis
299 1272 469 1311 Vidistin'
492 1273 650 1311 caritatis
686 1273 945 1323 excellentiam,
964 1273 1142 1324 quomodo
1175 1288 1286 1312 unum
1357 1291 1484 1321 νοιντο,
1503 1275 1543 1313 τὸ
1566 1275 1648 1313 αὐτὸ
1668 1275 1765 1313 ἔσται
1783 1276 1901 1322 πάλιν,
1918 1275 1978 1314 καὶ
1996 1276 2224 1322 ἐκταθήσεται
2247 1275 2292 1314 τὰ
2319 1280 2382 1322 τῆς

97 1326 279 1354 ““““““““’
295 1334 420 1372 reddat
435 1334 751 1386 inexpugnabilem
772 1343 805 1372 et
824 1333 1085 1387 multiplicem?
1107 1335 1285 1386 quomodo
1357 1337 1545 1387 δυνάμεως.
1577 1330 1678 1380 Εἶδες
1700 1336 1839 1388 ἀγάπης
1858 1336 2066 1389 ὑπερὸολὴν,
2091 1340 2165 1380 πῶς
2198 1336 2380 1389 ἀκαταγώ-

296 1410 387 1433 unus
419 1395 530 1447 possit
560 1395 667 1433 simul
699 1409 772 1433 csse
799 1405 832 1433 et
864 1395 899 1432 in
917 1395 1062 1434 Perside
1087 1405 1120 1434 ct
1139 1396 1284 1434 Romae?
1356 1413 1471 1435 νιστον
1492 1403 1584 1436 ποιεῖ
1603 1397 1659 1435 τὸν
1685 1396 1746 1434 ἕνα
1765 1397 1825 1435 καὶ
1845 1397 2117 1446 πολλαπλασίω,
2136 1401 2210 1441 πῶς
2223 1401 2241 1436 ὁ
2256 1392 2302 1442 εἷς
2321 1397 2381 1436 καὶ

295 1455 402 1502 Quod
432 1471 501 1494 non
521 1465 635 1509 potest
667 1465 809 1505 natura,
831 1456 868 1494 id
887 1456 1030 1494 dilectio
1050 1466 1177 1510 potest.
1197 1459 1284 1495 Pars
1355 1460 1533 1510 πολλαχοῦ
1562 1458 1705 1497 δύναται
1729 1452 1838 1505 aivam
1864 1462 1881 1496 ὃ
1899 1459 1999 1501 αὐτὸς
2018 1459 2078 1497 καὶ
2098 1461 2132 1497 ἓν
2149 1459 2295 1512 Περσίδι
2321 1459 2380 1497 καὶ

293 1517 424 1569 quippe
447 1518 523 1570 ejus
539 1518 598 1555 hic
614 1517 690 1566 erit,
708 1532 791 1570 pars
814 1518 907 1568 illic3
929 1518 1001 1555 imo
1022 1528 1117 1556 totus
1135 1518 1208 1567 hic,
1227 1528 1283 1556 to-
1356 1522 1390 1558 ἐν
1411 1519 1555 1571 Ῥώμῃ,
1578 1521 1648 1559 Καὶ
1671 1519 1755 1573 ὅπερ
1774 1520 1874 1572 φύσις
1892 1521 1930 1558 οὐ
1952 1519 2118 1566 δύναται,
2140 1524 2161 1567 ἡ
2183 1520 2302 1571 ἀγάπη
2323 1520 2380 1558 δό-

293 1588 350 1615 tus
370 1578 455 1615 illic.
476 1579 513 1616 Si
536 1593 620 1616 vero
643 1578 742 1616 mille
762 1578 838 1617 sive
865 1578 921 1616 bis
947 1578 1045 1617 mille
1064 1579 1195 1617 amicos
1219 1579 1282 1617 ha-
1355 1595 1468 1618 ναται.
1500 1579 1552 1617 Τὸ
1574 1578 1634 1630 μὲν
1655 1577 1723 1631 γὰρ
1744 1579 1845 1616 αὐτοῦ
1866 1580 2011 1616 ἐνταῦθα
2040 1579 2159 1626 ἔσται,
2182 1579 2219 1617 τὸ
2238 1577 2273 1616 δὲ
2293 1580 2381 1616 ἐκεῖ·

292 1640 386 1688 beat,
404 1639 584 1678 considera
609 1640 645 1677 in
665 1649 834 1690 quantam
854 1639 901 1678 sit
923 1649 1157 1692 perventurus
1184 1650 1281 1693 pote—
1307 1661 1330 1690 D
1356 1641 1487 1690 μᾶλλον
1518 1640 1553 1678 δὲ
1585 1639 1771 1693 ὁλόκληρος
1801 1641 1967 1687 ἐνταῦθα,
1999 1639 2058 1676 καὶ
2088 1639 2275 1692 ὁλόκληρος
2297 1641 2381 1677 ἐκεῖ.

292 1711 427 1739 statem.
443 1701 574 1742 Vidcn'
597 1711 771 1753 quantum
788 1701 932 1739 dilectio
954 1712 1184 1754 augmentum
1204 1703 1281 1740 effi-
1355 1700 1440 1739 Ἐὰν
1456 1694 1513 1739 οῧν
1530 1701 1662 1753 χιλίους
1676 1700 1738 1752 ἔχῃ
1752 1699 1868 1752 φίλους
1884 1699 1905 1746 ἢ
1922 1700 2109 1752 δισχιλίους
2121 1731 2130 1748 ,
2144 1699 2300 1747 ἐννόησον
2316 1704 2382 1738 ποῦ

290 1763 372 1800 ciat.
392 1762 490 1800 Illud
507 1763 601 1800 enim
619 1762 783 1801 mirabile
797 1772 859 1813 est,
876 1763 973 1814 quod
988 1778 1079 1802 unus
1093 1764 1190 1802 mille
1203 1765 1281 1802 effi-
1349 1761 1458 1800 ’πάλιν
1479 1761 1713 1813 ὑπερὸήσεται
1730 1760 1774 1798 τὰ
1794 1764 1854 1806 τῆς
1876 1759 2064 1811 δυνάμεως.
2089 1760 2196 1812 Ὁρᾷς
2212 1763 2285 1803 πῶς
2317 1761 2381 1797 αὗ-

291 1825 415 1861 ciatur.
431 1825 503 1861 Cur
522 1838 604 1876 ergo
618 1839 686 1862 non
700 1822 834 1862 tantam
848 1825 951 1862 nobis
969 1834 1177 1877 potestatem
1196 1840 1281 1864 con-
1354 1822 1491 1869 ξητῑκὸν
1509 1826 1530 1869 ἢ
1553 1821 1689 1873 ἀγάπηΞ
1710 1822 1762 1859 Τὸ
1781 1821 1847 1873 γὰρ
1882 1821 2080 1871 θαυμαστὸν
2097 1821 2197 1859 τοῦτό
2224 1823 2298 1859 ἔστι
2311 1851 2320 1869 ,
2342 1821 2382 1859 τὸ

292 1885 451 1935 serimus,
471 1900 534 1923 nec
567 1899 630 1923 nos
649 1885 685 1923 in
706 1886 890 1923 securitate
909 1887 1182 1925 constituimus?
1206 1887 1281 1925 Hoc
1352 1883 1529 1936 χιλιοστὸν
1553 1885 1699 1929 ποιῆσαι
1715 1883 1772 1920 τὸν
1789 1884 1860 1920 ἕνα·
1893 1882 1996 1925 Τίνος
2015 1876 2073 1921 Οῧν
2097 1881 2209 1921 ἕνεκεν
2228 1885 2265 1920 Οὔ
2285 1881 2380 1920 κτώ-

291 1945 445 1996 potentia
479 1954 512 1982 et
542 1945 681 1983 divitiis
710 1945 928 1996 quibuslibet
956 1947 1177 1998 praestantius
1213 1957 1279 1996 est;
1356 1950 1444 1996 μεΟα
1471 1944 1532 1992 τὴν
1550 1943 1694 1995 δύναμιν
1710 1943 1851 1991 ταύτην,
1878 1943 1937 1982 καὶ
1958 1945 1991 1981 ἐν
2012 1944 2184 1997 ἀσφαλείᾳ
2204 1945 2381 1982 καθιστῶ-

292 2006 358 2043 hoc
371 2006 586 2054 valetudine,
594 2006 662 2043 hoc
678 2006 754 2057 ipsa
768 2006 846 2044 luce
858 2006 985 2044 melius
996 2016 1046 2045 est
1053 2008 1139 2057 3hoc
1149 2008 1280 2047 laetitiae
1356 2023 1417 2058 μεν
1429 2007 1586 2053 ἑαυτούς
1603 2008 1716 2044 Τοῦτο
1730 2003 1745 2025 *³
1761 2004 1961 2048 δυναστείας
1978 2005 2037 2043 καὶ
2057 2004 2205 2044 πλούτου
2222 2011 2379 2057 κρεῖττον

292 2077 552 2118 argumentum.
564 2068 758 2118 Usquequo
774 2067 810 2104 in
823 2081 894 2106 uno
913 2076 946 2105 et
964 2067 1106 2106 duobus
1120 2068 1281 2107 dilectio·
1353 2067 1497 2110 παντός·
1525 2071 1624 2105 τοῦτο
1641 2066 1777 2118 ὑγείας,
1797 2071 1896 2105 τοῦτο
1916 2067 2018 2105 αὐτοῦ
2040 2071 2097 2104 τοῦ
2117 2066 2227 2118 φωτὸς
2244 2066 2380 2103 πλεῖον·

291 2139 370 2162 nem
386 2125 744 2163 circumscribemus?
766 2126 825 2163 Ex
852 2126 1029 2164 contrario
1057 2141 1132 2165 rem
1151 2127 1280 2166 edisce.
1352 2133 1452 2168 τοῦτο
1475 2128 1637 2178 εὐθυμίας
1651 2127 1823 2170 ὑπόθεσις.
1845 2128 1963 2181 Μέχρι
1981 2127 2072 2171 τίνος
2089 2130 2135 2171 εἷς
2154 2127 2213 2165 ἕνα
2232 2127 2291 2165 καὶ
2322 2126 2382 2164 δύο

290 2186 345 2225 Sit
375 2187 552 2239 quispiam
579 2187 641 2237 qui
668 2186 810 2224 nullum
830 2187 960 2225 habeat
991 2188 1160 2238 amicum,
1185 2190 1282 2240 quod
1353 2193 1586 2242 περιιστῶμεν
1606 2188 1669 2235 τὴν
1700 2188 1859 2240 ἀγάπην;
1891 2189 1992 2227 ΜάΟε
2013 2189 2072 2226 καὶ
2099 2189 2132 2233 ἐξ
2159 2188 2314 2231 ἐναντίας
2341 2187 2382 2226 τὸ

91 2258 122 2282 Ιᾰ,
135 2257 184 2284 cli.
224 2253 273 2284 28.
291 2257 456 2285 extremae
473 2257 523 2285 est
550 2247 865 2296 amentiae(fatuus
888 2249 983 2285 enim
1004 2248 1112 2297 dicet,
1134 2251 1211 2288 Non
1231 2260 1283 2288 est
1353 2257 1512 2303 πρᾶγμα.
1534 2249 1654 2287 Ἔστω
1673 2265 1725 2292 τις
1756 2249 1887 2299 μηδένα
1918 2249 2015 2301 φίλον
2036 2249 2139 2301 ἔχων,
2158 2248 2244 2301 ὅπερ
2264 2248 2381 2291 ἀνοίας

94 2307 136 2332 ¹7·
291 2309 379 2346 mihi
413 2308 550 2346 amicus
565 2312 595 2357 );
613 2308 820 2360 hujusmodi
843 2308 954 2347 homo
974 2323 1081 2360 quam
1099 2309 1205 2349 ducet
1223 2311 1279 2350 vi·
1305 2321 1329 2350 E
1354 2310 1445 2348 ἐστὶν
1463 2309 1612 2361 ἐσχάτης
1633 2309 1772 2360 (μωρὸς
1789 2309 1857 2361 γὰρ
1876 2312 1965 2362 ἐρεῖ,
1991 2311 2056 2360 οὐχ
2075 2309 2225 2360 ὑπάρχει
2245 2325 2303 2359 μοι
2323 2308 2381 2360 φί-

290 2370 390 2407 ίεηῐιέ)
407 2370 582 2416 Quamvis
602 2369 696 2407 enim
715 2369 914 2407 ditissimus
929 2369 1160 2421 sit,quamvis
1176 2372 1211 2409 in
1226 2387 1282 2410 re-
1354 2376 1409 2415 λος
1428 2375 1460 2419 )·
1483 2374 1500 2408 ὁ
1519 2375 1669 2413 τοιοῦτος
1689 2370 1792 2408 ποίαν
1820 2370 1961 2417 ζήσεται
1998 2370 2110 2417 ζωήν,
2134 2369 2207 2408 Κᾶν
2227 2369 2294 2421 γὰρ
2317 2386 2381 2421 μυ-

289 2445 369 2468 rum
386 2431 486 2483 copia
503 2440 536 2468 et
549 2430 869 2481 deliciis,quamvis
886 2430 1069 2469 innumera
1085 2432 1176 2470 bona
1193 2447 1279 2485 pos—
1355 2433 1466 2486 ριάκις
1494 2427 1516 2484 ᾗ
1537 2431 1716 2479 πλούσιος,
1753 2431 1817 2469 κᾶν
1851 2433 1886 2468 ἐν
1905 2430 2050 2483 ἀφθονίᾳ
2077 2431 2135 2469 καὶ
2162 2434 2292 2483 τρυφῇ,
2315 2432 2378 2469 κᾶν

290 2492 423 2541 sidcns7
444 2491 560 2529 nudus
591 2505 735 2544 prorsus
763 2491 992 2542 desertusque
1011 2501 1071 2530 est.
1092 2493 1132 2531 In
1157 2494 1280 2532 amicis
1353 2494 1459 2547 μυρία
1481 2493 1595 2545 ἀγαθὰ
1620 2492 1849 2544 κεκτημένος,
1869 2493 2009 2531 πάντων
2029 2492 2157 2544 ἔρημος
2175 2492 2234 2530 καὶ
2253 2492 2380 2542 γυμνὸς

290 2567 356 2589 non
387 2553 535 2601 sic;etsi
569 2552 662 2590 enim
692 2566 864 2604 pauperes
892 2552 975 2601 sint,
995 2551 1169 2591 divitibus
1197 2564 1279 2593 sunt
1351 2553 1595 2593 emmerami.
1627 2553 1712 2591 Ἐπὶ
1734 2553 1769 2591 δὲ
1795 2557 1863 2592 τῶν
1898 2553 2006 2605 φίλων
2044 2555 2108 2605 οὐχ
2138 2552 2261 2601 οὕτως,
2291 2551 2381 2590 ἀλλὰ

290 2614 524 2663 opulentiores
546 2629 553 2649 τ
577 2622 609 2650 et
631 2627 708 2663 quae
729 2613 803 2665 ipse
832 2627 897 2665 pro
930 2613 1043 2665 seipso
1071 2613 1188 2652 dicere
1210 2630 1278 2654 non
1351 2616 1415 2654 κᾶν
1436 2615 1581 2662 πένητες
1594 2607 1679 2661 ὦσι,
1696 2616 1764 2652 τῶν
1788 2614 1962 2652 πλουσίων
1991 2612 2222 2666 εὐπορώτεροι
2247 2612 2380 2664 τυγχά-

290 2673 550 2722 uudet‚:unicus
570 2673 664 2711 dicet
683 2688 690 2710 :
709 2687 786 2724 quae
805 2673 873 2711 sibi
891 2683 1058 2726 praestare
1072 2676 1204 2726 nequit,
1216 2691 1279 2729 per
1349 2692 1462 2714 νουσι·
1484 2675 1543 2714 καὶ
1564 2675 1652 2727 ἅπερ
1673 2676 1773 2719 αὐτὸς
1794 2675 1880 2728 ὑπὲρ
1897 2677 1998 2713 αὐτοῦ
2024 2676 2086 2712 οὐκ
2114 2677 2221 2712 εἰπεῖν
2242 2675 2379 2725 ἐπιχει-

290 2734 400 2770 alium
422 2735 561 2785 poterit,
579 2735 650 2772 imo
674 2734 779 2785 longe
797 2735 915 2787 plura,
937 2744 1041 2786 atque
1059 2737 1110 2775 sic
1126 2746 1159 2775 et
1178 2738 1278 2777 volu-
1327 2780 1331 2786 1
1353 2742 1420 2791 ρεῖ,
1441 2740 1549 2774 ταῦτα
1568 2739 1586 2773 ὃ
1606 2736 1700 2788 φίλος
1729 2739 1818 2788 ἐρεῖ·
1836 2736 1894 2774 καὶ
1926 2735 1990 2774 ὅσα
2027 2736 2064 2774 οὐ
2098 2734 2241 2772 δύναται
2267 2736 2380 2786 ἑαυτῷ

291 2793 396 2845 ptatis
424 2804 455 2831 ct
484 2795 681 2833 securitatis
707 2795 807 2833 nobis
840 2809 944 2833 causa
973 2796 1050 2834 erit.
1075 2798 1148 2835 Nec
1166 2808 1277 2850 potest
1291 2779 1337 2844 [⁸3⁴
1349 2797 1582 2850 χαρίσασθαι,
1600 2798 1642 2834 δι’
1658 2796 1775 2848 ἑτέρου
1792 2796 1995 2843 δυνήσεται,
2011 2794 2071 2833 καὶ
2087 2795 2207 2846 πολλῷ
2224 2794 2380 2839 πλείονα,

290 2854 357 2905 ipsi
385 2854 569 2906 quidpiam
599 2855 683 2892 mali
709 2855 866 2894 accidere
893 2856 954 2907 qui
986 2866 1037 2895 tot
1068 2858 1279 2896 satellitibus
1351 2858 1409 2897 καὶ
1431 2858 1546 2902 πάσης
1563 2860 1648 2907 ἡμῖν
1659 2857 1755 2895 ἔσται
1770 2856 1994 2899 ἀπολαύσεως
2012 2855 2071 2893 καὶ
2091 2853 2279 2906 ἀσφαλείας
2297 2853 2381 2892 ὑπό-

291 2915 454 2965 cingitur.
476 2916 593 2965 Neque
619 2916 713 2953 enim
737 2917 827 2967 regii
847 2917 1015 2956 satellites
1032 2918 1081 2956 ita
1099 2919 1226 2970 vigiles
1246 2929 1279 2958 et
1351 2923 1453 2962 θεσις.
1477 2920 1530 2955 Οὐ
1544 2917 1612 2968 γὰρ
1633 2917 1707 2955 ἔστι
1725 2921 1848 2955 παθεῖν
1865 2920 1982 2960 κακῶς
2003 2916 2069 2954 ὑπὸ
2084 2914 2260 2957 τοσούτοις
2276 2915 2380 2965 δορυ-

289 2975 476 3025 diligentes
496 2985 588 3023 sunt,
612 2985 649 3013 ut
668 2977 737 3015 isti.
766 2978 822 3015 Illi
850 2992 1000 3029 namque
1021 2981 1226 3019 necessitate
1245 2991 1278 3019 et
1350 2980 1465 3032 φόροις
1495 2977 1764 3030 φυλαττόμενον.
1795 2979 1848 3015 Οὐ
1869 2976 1935 3029 γὰρ
1956 2980 2104 3014 τοιοῦτοι
2124 2980 2183 3013 τοῦ
2209 2974 2380 3026 βασιλέως

290 3045 382 3073 metu
409 3035 507 3073 ducti
533 3035 754 3085 custodiunt,
790 3037 827 3074 hi
868 3038 1112 3078 benevolentia
1133 3050 1166 3079 et
1181 3041 1276 3079 dile-
1350 3044 1380 3079 οἱ
1410 3038 1704 3090 σωματοφύλακες
1734 3037 1907 3089 ἀκριὸεῖς,
1940 3040 1986 3081 ὡς
2014 3031 2118 3076 οὗτοι.
2139 3038 2186 3075 Οἱ
2222 3035 2283 3086 μὲν
2313 3034 2380 3085 γὰρ

289 3099 421 3135 ctione:
442 3098 572 3135 amoris
592 3107 707 3135 autem
724 3098 826 3150 longe
839 3101 951 3151 major
966 3102 1020 3141 vis
1035 3112 1098 3151 est,
1112 3119 1218 3154 quam
1234 3106 1279 3143 ti·
1351 3100 1486 3151 ἀνάγκῃ
1510 3100 1527 3118 *
1542 3098 1601 3136 καὶ
1632 3097 1729 3150 φόὸῳ
1746 3097 1809 3144 τὴν
1827 3097 1981 3149 φυλακὴν
2003 3097 2276 3141 ἐπὶδὲίκνυνταῑ,
2296 3097 2327 3133 Οἷ
2345 3094 2380 3133 δὲ

291 3158 408 3195 moris.
432 3158 497 3196 llle
521 3157 683 3195 custodes
715 3172 794 3195 suos
821 3160 961 3210 metuit,
983 3161 1043 3199 hic
1067 3163 1138 3201 illis
1165 3166 1278 3217 magis
1353 3166 1464 3218 εὐνοίᾳ
1497 3165 1555 3204 καὶ
1589 3164 1730 3216 ἀγάπῃ·
1747 3166 1866 3216 πολλῷ
1898 3164 1934 3202 δὲ
1965 3165 2070 3217 φόὸου
2101 3161 2381 3215 τυραννικωτέρα

336 3284 347 3295 ’
382 3280 563 3322 [Savilium
589 3288 622 3312 et
644 3281 862 3324 Interpretem
888 3285 1036 3326 sequuti,
1059 3287 1102 3318 ita
1129 3287 1304 3321 edidimus.
1419 3291 1434 3314 b
1459 3292 1626 3326 δυναστείας
1639 3293 1687 3322 καί
1704 3286 1795 3319 deest
1814 3288 1846 3319 in
1863 3285 2073 3330 quibusdam.

290 3332 396 3365 Codd.
411 3335 513 3365 nostri
531 3332 692 3365 etMontf.
705 3340 802 3378 μέρει·
820 3340 854 3368 τὸ
871 3337 901 3368 δὲ
919 3340 1043 3370 ἔλαττον
1060 3341 1107 3372 διὰ.
1121 3344 1244 3375 robur.
1262 3344 1304 3373 ).‘·
1416 3352 1427 3364 Γ
1454 3340 1512 3372 Alii
1532 3346 1718 3379 καθέστηκεν.

334 3395 345 3408 ³·
371 3386 505 3425 [βαδίζει
523 3384 624 3417 διινὶΙ.
641 3392 673 3417 et
691 3384 774 3417 Cod.
795 3386 887 3426 709]
1296 3379 1303 3383 Α
1438 3397 1446 3405 ·
1465 3396 1539 3435 [122
1559 3397 1636 3436 ρὸεῳ
1654 3390 1842 3424 addidimus
1861 3403 1877 3423 e
1894 3389 1992 3422 Savil.
2013 3397 2044 3422 et
2058 3387 2165 3422 Codd.
2187 3387 2334 3421 nostris.l
