2522 3683
162 913 274 942 ΜηιιΙι.
295 912 325 943 5.

162 956 212 983 25.

160 1016 247 1045 Psal.
270 1015 299 1045 6.
316 1016 345 1046 6.

162 1593 275 1622 ᾸῙΗΙΙῘΙ.
296 1591 325 1621 5.

161 1634 211 1662 25.

164 2062 316 2103 Psal.75.

170 2111 215 2131 ῘΙ.

351 179 446 242 984

354 287 480 313 versus
501 274 676 324 spiritum
691 301 700 318 ,
719 277 756 307 et
774 270 930 321 spiritus
945 266 1129 305 adversas
1149 278 1304 303 carnem
1325 280 1335 300 .-

351 329 433 364 Izoec
447 334 576 363 autem
598 326 671 361 sibi
689 324 854 360 invicem
871 321 1140 357 adversantur.
1168 319 1240 355 Nec
1260 319 1339 354 Ma-

350 379 571 416 nichaeorum
586 375 715 413 induco
729 373 940 419 doctrinam,
956 383 1069 420 neque
1086 369 1198 407 alium
1218 384 1339 420 corpo-

351 431 401 468 ris
417 439 608 468 creatorem
623 437 739 465 statuo
755 425 834 464 :sed
848 439 926 461 caro
939 422 1156 474 concupiscit
1169 422 1339 460 adversus

352 483 540 534 spiritum,
568 481 750 532 voluptate
768 487 868 515 utens
894 474 1166 522 consiliario;et
1194 474 1340 526 spiritus

352 535 521 573 adversus
547 546 702 582 carnem,
736 545 798 583 spe
828 529 934 567 nixus
960 528 1178 565 futurorum.
1204 526 1340 565 Adver-

353 596 476 625 santur
496 586 650 623 invicem
668 580 950 634 concupiscentia
965 578 1102 628 mundi,
1122 588 1156 616 et
1173 578 1340 629 concupi-

354 639 484 676 scentia
508 638 606 688 rcgui
627 637 806 674 melorum.
827 633 892 670 Hic
912 641 962 670 cst
987 631 1233 679 adversarius,
1257 631 1339 681 qui,

353 692 463 730 velim
482 691 591 727 nolim
603 720 612 738 ,
631 703 687 726 me
720 687 907 724 comitatur
925 701 932 721 :
953 685 1011 724 via
1038 684 1170 735 quippe
1185 692 1236 720 est
1266 684 1340 720 lnce

353 744 440 782 vita.
463 743 589 779 Anima
609 741 799 790 imaginem
825 752 927 776 suam
952 736 1086 774 imitari
1105 735 1237 785 studet,
1261 749 1340 774 caro

356 796 391 832 in
412 795 596 847 pulverem
619 793 754 831 defluit.
775 792 858 828 Haec
876 799 994 827 autem
1012 789 1080 826 sibi
1099 788 1252 827 invicem
1277 787 1341 824 ad-

355 855 555 886 versantur.
584 846 675 882 Huic
701 843 905 883 adversario
936 851 998 879 tuo
1030 849 1101 878 esto
1129 840 1334 878 benevolus.

358 897 624 946 Quandonain?
642 898 747 935 Dum
777 910 817 934 es
838 898 879 933 in
906 897 976 932 via
996 907 1083 931 cum
1105 907 1148 929 eo
1165 923 1174 940 ,
1195 892 1284 929 dum
1304 892 1339 928 in

358 953 424 989 hac
446 951 521 991 vita
539 949 650 1001 degis.
669 950 760 987 Nam
777 949 805 986 si
822 948 895 987 Vita
913 948 1016 984 finem
1040 945 1181 992 habeat,
1201 944 1342 981 nullum

358 1005 453 1042 ultra
471 1003 540 1040 tibi
568 1002 780 1055 poenitentia}
797 1010 951 1052 tempus,
976 1000 1166 1048 Quoniam
1191 1010 1268 1033 non
1286 1004 1342 1033 est

358 1061 400 1095 in
413 1065 540 1094 morte
561 1058 627 1107 qui
651 1067 794 1091 memor
812 1056 861 1090 sit
884 1054 951 1096 tui,
975 1054 1016 1087 in
1038 1051 1192 1101 iriferno
1212 1057 1341 1085 autem

357 1112 443 1162 quis
463 1108 708 1160 corfitebitzcr·
727 1108 797 1143 tibi
811 1109 826 1141 P
838 1104 931 1141 Huic
949 1115 1031 1153 ergo
1051 1100 1253 1139 adversario
1269 1109 1341 1137 esto

356 1160 559 1199 benevolus,
579 1160 608 1196 N
613 1173 657 1196 on
671 1157 777 1204 dixit,
797 1156 1013 1195 Gratificans
1030 1184 1039 1202 ,
1060 1152 1144 1201 sed,
1162 1154 1341 1189 Benevo-

359 1215 429 1252 Ius.
449 1214 501 1250 Ne
517 1226 625 1250 suave
645 1210 731 1261 quid
754 1210 861 1246 facias
879 1206 1084 1246 adversario
1104 1215 1164 1242 tuo
1178 1234 1188 1254 ,
1216 1204 1279 1243 scd.
1305 1213 1343 1241 ut

356 1265 552 1304 benevolus
579 1278 599 1301 a
624 1261 872 1314 voluptatibus
897 1260 941 1299 ad
963 1258 1207 1311 poenitentiam
1239 1271 1341 1296 revo-

358 1333 411 1356 ca.
443 1319 523 1355 Non
557 1325 590 1354 te
613 1316 718 1368 jubet
748 1323 787 1351 ut
817 1312 1123 1351 salsamentarium
1150 1309 1269 1348 omnia
1297 1308 1342 1346 ad

357 1370 511 1422 corporis
522 1369 742 1420 voluptatem
754 1367 867 1403 facere
875 1381 886 1415 3
902 1364 962 1402 scd
977 1374 1014 1401 ut
1033 1362 1212 1400 medicum
1227 1375 1341 1411 agere.

356 1422 518 1461 Medicus
541 1421 635 1458 enim
657 1434 746 1472 saepe
762 1432 926 1456 amarum
954 1417 1090 1465 miscet,
1115 1423 1226 1462 secat,
1248 1414 1340 1462 urit,

358 1485 391 1512 et
418 1476 523 1512 illatae
548 1473 715 1510 molestiae
744 1471 941 1509 mercedem
968 1468 1108 1520 accipit.
1132 1467 1229 1504 Licet
1249 1466 1341 1503 enim

359 1528 476 1578 aliquo
492 1540 632 1572 sensum
652 1525 773 1562 dolore
791 1523 959 1570 affecerit,
974 1520 1097 1572 aegroti
1116 1529 1232 1557 tamen
1250 1519 1343 1556 salu-

360 1589 430 1618 tem
450 1580 485 1616 in
500 1592 604 1630 scopo
620 1578 758 1615 habuit.
779 1578 952 1628 Nejbrte
967 1575 1097 1612 tradat
1114 1581 1148 1609 te
1162 1573 1344 1609 adversa-

359 1636 438 1671 rius
449 1633 588 1684 judici,
613 1631 731 1668 futuro
750 1642 876 1680 nempe
895 1630 916 1667 J
921 1627 1015 1664 ndici
1031 1642 1038 1662 :
1055 1625 1318 1662 Adversarius
1331 1639 1341 1658 :

361 1686 417 1722 cui
434 1687 462 1722 si
490 1697 583 1721 nunc
603 1682 811 1734 gratificeris
825 1711 835 1730 ,
855 1690 939 1718 tunc
954 1678 1072 1718 Judex
1097 1686 1130 1714 te
1149 1676 1345 1713 traditurus

359 1747 410 1775 est
429 1737 603 1783 ministro,
624 1735 812 1772 ultricibus
832 1733 963 1770 scilicet
985 1729 1239 1783 potestatibus:
1261 1728 1345 1764 etin

358 1803 534 1827 carcerem
555 1787 764 1838 conjiciet-is,
780 1786 815 1823 in
834 1785 994 1823 tenebras
1013 1782 1215 1827 exteriores,
1228 1781 1347 1817 locum

357 1841 590 1879 horrendum.
602 1840 692 1877 lVon
706 1841 825 1876 exibis
840 1839 944 1881 inde,
963 1837 1084 1873 donec
1110 1835 1250 1871 reddas
1277 1846 1344 1869 no-

363 1897 558 1932 vissimam
578 1893 846 1944 quadrantem.
865 1890 902 1927 Si
922 1897 1002 1926 ante
1021 1895 1170 1925 mortem
1186 1885 1347 1922 debitum

361 1947 520 1993 solveris,
540 1946 696 1982 solutum
715 1943 857 1980 omnino
875 1950 925 1979 est
944 1957 950 1977 :
974 1941 1002 1978 si
1018 1940 1156 1977 debitor
1171 1937 1346 1987 moriaris,

364 1999 469 2036 ctiam
500 1997 681 2035 residuum
702 1996 759 2034 vel
778 1994 916 2032 minimi
936 1993 1048 2031 debiti
1067 2007 1086 2029 a
1108 2001 1139 2028 te
1167 1990 1342 2041 exigetur.

365 2051 462 2098 Quid
476 2060 527 2088 est
543 2049 646 2097 illud,
663 2050 924 2086 Novissimmn
940 2047 1199 2098 (sinidi-antem
1212 2048 1228 2080 P
1247 2044 1347 2093 Quo-

367 2107 474 2142 niam
506 2104 689 2154 cogitatio
724 2103 890 2138 hominis
915 2099 1160 2150 confitebitur
1186 2098 1255 2133 tibi
1268 2125 1280 2141 ‚
1312 2103 1349 2132 et

365 2158 539 2208 reliquia²
566 2155 811 2206 cogitationis
831 2154 932 2190 diem
946 2153 1093 2203 festam
1123 2157 1238 2200 agent
1262 2150 1344 2185 tibi.

365 2210 450 2247 Haec
475 2222 556 2245 cum
580 2206 720 2253 sciatis,
740 2206 887 2252 fratres,
922 2211 1121 2255 comparate
1151 2201 1348 2252 voluptates

365 2276 445 2300 cum
465 2262 584 2298 futuro
599 2258 728 2311 judicii
748 2257 817 2307 die,
837 2267 870 2295 et
882 2256 1020 2296 Judicis
1037 2253 1208 2293 sententia
1223 2269 1230 2289 τ
1245 2262 1349 2302 atque

365 2324 448 2353 tunc
468 2313 584 2350 scietis
613 2326 720 2362 quam
739 2324 859 2348 amara
887 2309 931 2346 sit
950 2309 1125 2359 voluptas,
1148 2320 1229 2343 cum
1245 2320 1351 2343 nove-

365 2367 443 2405 ritis
460 2374 598 2416 quantae
615 2362 864 2401 amaritudinis
886 2362 931 2399 sit
950 2359 1184 2399 conciliatrix.
1209 2358 1350 2397 Vultis—

366 2434 420 2467 ne,
438 2428 475 2456 nt
488 2432 533 2455 ex
551 2417 689 2454 duobus
708 2415 920 2465 evangelicis
940 2412 1115 2452 conviviis
1128 2410 1217 2461 quid
1229 2410 1351 2447 admo-

367 2471 512 2509 nitionis
531 2479 745 2517 mutuemur,
759 2468 839 2518 quis
853 2481 978 2518 nempe
993 2466 1038 2503 sit
1056 2464 1350 2515 voluptuosorum

368 2525 473 2572 finis,
496 2524 575 2573 quis
606 2536 690 2559 vcro
718 2520 965 2572 poenitcntium
992 2518 1157 2555 fructus?
1187 2517 1240 2553 Nc
1265 2530 1350 2553 vero

369 2577 508 2614 mireris
523 2576 551 2613 si
566 2575 749 2626 Scriptura
767 2573 1061 2624 voluptuosorum
1082 2568 1243 2607 convivia
1260 2582 1352 2619 scepe

370 2629 568 2666 describat:
590 2626 708 2663 omnia
741 2625 873 2676 quippe
898 2622 1080 2671 describit,
1104 2620 1192 2671 quid
1212 2634 1348 2669 caveas,

372 2681 460 2731 qnid
476 2679 636 2717 imiteris.
660 2677 838 2715 Describit
856 2676 1100 2727 voluptuosos,
1122 2683 1160 2710 nt
1181 2682 1351 2724 perpetua

371 2733 452 2770 illos
483 2731 627 2769 infamia
659 2739 778 2779 notet,
809 2738 916 2779 utque
942 2728 1022 2765 illos
1044 2726 1176 2763 imitari
1201 2739 1349 2762 caveas:

371 2785 540 2822 describit
567 2783 765 2834 religiosos,
783 2791 822 2818 ut
847 2781 893 2817 ad
917 2780 1119 2831 exemplum
1138 2777 1352 2830 poenitentiae

370 2851 532 2876 accurras
546 2851 554 2884 ;
570 2845 677 2885 utque
690 2835 938 2885 voluptuosum
958 2832 1121 2883 religioso
1136 2844 1352 2881 comparans,

372 2891 477 2928 illum
487 2889 667 2933 averseris,
679 2885 1068 2934 huncimite1·is.Sit‹pie
1083 2884 1149 2920 hoc
1161 2882 1352 2919 documen—

374 2953 451 2981 tum
465 2940 710 2993 prudentibus,
724 2948 762 2976 ut
779 2953 820 2975 nc
840 2937 1047 2989 spectaculis
1066 2935 1219 2987 publicis
1235 2935 1354 2971 oculos

373 3002 530 3048 pascant,
550 3006 638 3029 neve
658 2991 756 3027 facilc
771 2990 815 3027 ad
830 2989 1109 3041 hippodromum
1125 2996 1278 3035 currant,
1299 2987 1353 3024 vel

374 3057 479 3086 noctu
499 3044 677 3097 spectandi
697 3043 815 3079 locum
837 3043 871 3078 in
889 3042 1024 3078 theatro
1044 3048 1215 3091 occupent
1233 3055 1239 3075 :
1257 3053 1356 3077 vesa-

375 3101 431 3138 nia
444 3098 577 3150 quippe
591 3105 641 3133 cst
662 3094 822 3145 turpium
835 3094 1113 3145 spectaculorum
1127 3091 1354 3142 exspectatio.

376 3153 480 3191 Dicin
506 3151 601 3188 enim
617 3155 839 3186 antevertunt
867 3160 911 3182 ex
938 3145 1133 3183 vehementi
1155 3143 1353 3192 desiderio,

376 3214 481 3243 noctu
515 3201 739 3240 tenclnarum
767 3198 883 3235 locum
902 3206 1103 3247 occupant,
1128 3205 1167 3233 ut
1193 3196 1356 3247 turpibus

376 3255 586 3309 spectaculis
614 3252 733 3290 oculos
752 3251 949 3297 oblectent,
971 3263 1009 3285 ac
1032 3250 1185 3299 lbi-arum
1206 3262 1357 3297 cumque

377 3310 459 3347 feris
490 3304 763 3345 concertantium
790 3316 926 3354 pugnas
968 3299 1111 3338 videant
1136 3315 1141 3334 :
1171 3299 1358 3349 sedentque

379 3376 467 3413 saepe
487 3367 707 3411 spectatoreS,
724 3353 1005 3395 benevolentiam
1028 3353 1197 3403 majorem
1213 3365 1293 3402 erga
1311 3352 1357 3389 se-

1296 185 1469 214 spuant-

1416 271 1473 314 μεῐ
1499 263 1589 302 κατὰ
1618 267 1676 302 τοῦ
1703 263 1898 312 πνεύματος
1914 291 1923 308 ,
1953 261 2012 299 καὶ
2037 260 2077 298 τὸ
2102 263 2241 309 πνεῦμα
2260 257 2351 297 κατὰ
2369 259 2431 303 τῆς

1414 315 1555 368 σαρκός·
1585 320 1697 354 ταῦτα
1718 315 1751 354 δὲ
1772 315 1962 353 ἀντίκειται
1993 313 2168 360 ἀλλήλοις.
2197 311 2267 350 Καὶ
2286 313 2323 350 οὐ
2345 312 2430 348 Μα-

1414 368 1559 420 νιχαίων
1578 368 1707 419 εἰσάγω
1726 367 1839 419 λόγον,
1859 365 1936 405 οὐδὲ
1954 366 2057 404 ἄλλον
2076 364 2168 415 λέγω
2188 363 2348 414 σώματος
2368 364 2432 409 δη-

1415 420 1577 472 μιουργόν
1590 436 1597 444 ·
1617 422 1693 459 ἀλλ’
1714 424 1735 466 ἡ
1757 419 1843 471 σὰρξ
1863 421 2023 469 ἐπιθυμεῖ
2043 417 2133 455 κατὰ
2146 420 2205 455 τοῦ
2224 415 2432 466 πνεύματος,

1413 476 1456 524 τῇ
1486 474 1591 525 ἡδονῇ
1619 472 1804 524 συμὸούλῳ
1832 471 2021 524 χρωμένη·
2046 470 2085 507 τὸ
2118 468 2153 507 δὲ
2183 474 2317 519 πνεῦμα
2344 467 2434 505 κατὰ

1412 530 1475 572 τῆς
1495 526 1633 578 σαρκὸς,
1661 531 1736 569 ταῖς
1768 523 1973 574 μελλούσαις
2001 522 2134 560 ἐλπίσιν
2163 520 2433 574 ἐπερειδόμενον.

1414 578 1636 616 Ἀντίκεινται
1659 578 1822 624 ἀλλήλοις
1841 575 2006 626 ἐπιθυμία
2033 575 2165 624 κόσμου
2191 573 2250 611 καὶ
2270 571 2435 621 ἐπιθυμία

1417 630 1596 682 βασιλείας
1615 633 1683 667 τῶν
1702 632 1854 680 οὐρανῶν
1868 644 1875 651 ·
1897 623 1993 670 οῧτός
2013 629 2104 664 ἐστιν
2124 631 2141 664 ὁ
2158 625 2328 667 ἀντίδικος
2343 628 2360 662 ὁ
2376 623 2435 661 καὶ

1415 683 1550 726 ἑκόντος
1569 683 1627 721 καὶ
1642 683 1783 725 ἄκοντος
1796 680 1998 719 συνοδεύων·
2011 679 2083 722 ὁδὸς
2098 679 2165 731 γὰρ
2179 682 2196 716 ὃ
2212 678 2294 729 βίος.
2310 677 2354 714 ‘ll
2371 673 2435 728 ψυ·

1414 735 1461 788 γὴ
1481 736 1543 782 τὴν
1562 735 1650 773 ἰδίαν
1668 735 1783 773 εἰκόνα
1798 734 1939 772 σπεύδει
1958 736 2151 783 μιμεῖσθαι,
2166 735 2188 777 ἡ
2205 730 2290 782 σὰρξ
2306 729 2363 767 ἐπὶ
2378 728 2435 766 τὸν

1414 794 1497 840 χοῦν
1511 791 1690 842 καταρρεῖ.
1712 788 1835 825 Ταῦτα
1850 785 1884 823 δὲ
1901 785 2111 824 ἀντίκεινται
2124 783 2298 829 ἀλλήλοις.
2312 781 2434 831 Τούτῳ

1414 844 1464 893 τῷ
1480 841 1644 892 ἀντιδίκῳ
1661 855 1720 878 σου
1734 840 1802 877 ἴσθι
1819 841 1955 877 εὐνοῶν.
1986 837 2054 875 Καὶ
2073 836 2158 874 πότε
2172 853 2181 883 ;
2199 834 2296 878 Ἕως
2310 834 2389 873 ὅτου
2406 830 2441 872 εἷ

1417 896 1492 944 μετ’
1531 895 1634 931 αὐτοῦ
1666 894 1700 929 ἓν
1723 894 1765 943 τῆ
1787 893 1875 943 ὁδῷ,
1905 890 1969 933 ἕως
1999 892 2033 927 ἐν
2057 888 2166 940 τούτῳ
2187 888 2368 939 τυγχάνεις
2386 890 2436 937 τῷ

1418 946 1496 997 βίῳ.
1528 945 1612 983 ’litut
1646 945 1713 997 γὰρ
1740 949 1762 991 ἡ
1791 945 1865 987 ὁδὸς
1891 945 2058 994 τελεσθῇ,
2087 943 2148 979 οὐκ
2183 941 2232 978 ἔτι
2255 938 2437 991 μετανοίας

1414 998 1556 1050 καιρὸς,
1577 997 1663 1035 (Ότι
1690 999 1751 1035 οὐκ
1781 997 1854 1034 ἔστι
1883 997 1917 1033 ἐν
1948 998 1997 1048 τῷ
2021 993 2158 1046 Θανάτῳ
2178 997 2194 1031 ὃ
2214 990 2437 1043 μνημονεύων

1416 1066 1490 1095 σου,
1511 1052 1544 1087 ἐν
1562 1049 1597 1087 δὲ
1615 1053 1665 1102 τῷ
1686 1050 1750 1101 ᾅδῃ
1771 1049 1822 1092 τίς
1841 1047 2130 1098 ἐξομολογήσεταί
2148 1062 2219 1092 σοι,
2238 1045 2361 1095 Τούτῳ
2378 1037 2435 1081 οὐν

1417 1102 1486 1140 ἰ’σθι
1511 1104 1560 1152 τῷ
1590 1102 1754 1152 ἀντιδίκῳ
1784 1115 1844 1138 σου
1864 1101 2002 1138 εὐνοῶν.
2036 1100 2113 1136 Οὐκ
2133 1092 2225 1145 εἶπε,
2244 1095 2436 1149 χαριζόμε-

1417 1170 1490 1202 νος,
1510 1153 1601 1201 ἀλλ’,
1633 1156 1784 1192 Εὐνοῶν.
1815 1153 1875 1198 Μὴ
1895 1153 1935 1191 τὸ
1952 1151 2015 1198 ἡδὺ
2037 1150 2186 1202 ποιήσῃς
2203 1154 2252 1202 τῷ
2273 1148 2437 1201 ἀντιδίκῳ

1417 1223 1498 1254 σου,
1526 1207 1603 1244 ἀλλ’
1627 1208 1674 1249 ὡς
1699 1206 1813 1248 εὔνους
1841 1205 1909 1243 ἀπὸ
1935 1207 1997 1250 τῆς
2021 1204 2146 1250 ἡδονῆς
2170 1205 2217 1245 εἷς
2247 1202 2310 1249 τὴν
2328 1202 2436 1252 μετά-

1418 1275 1512 1297 νοιαν
1545 1259 1770 1297 ἀνακάλεσαι.
1807 1259 1859 1295 Οὐ
1878 1257 2009 1295 κελεύει
2039 1272 2077 1293 σε
2107 1258 2152 1298 ὡς
2172 1257 2326 1306 ὃψοποιῷ
2345 1253 2437 1307 χρή-

1418 1315 1544 1350 σασθαι
1572 1314 1621 1363 τῷ
1652 1311 1791 1360 σώματι
1821 1310 1935 1347 πάντα
1960 1309 2004 1346 τὰ
2037 1307 2071 1352 ἐξ
2100 1309 2224 1354 ἡδονῆς
2252 1311 2436 1346 ποιοῦντα·

1418 1364 1495 1402 ἀλλ’
1529 1366 1574 1406 ὡς
1608 1366 1730 1416 ἰατρῷ.
1770 1362 1903 1413 Ἰατρὸς
1935 1361 2002 1413 γὰρ
2027 1360 2196 1403 πολλάκις
2226 1360 2284 1397 καὶ
2314 1359 2437 1409 πικρὸν

2056 1413 2062 1423 .

1388 1438 1393 1448 ·
1417 1422 1540 1468 κιρνᾷ,
1570 1416 1628 1454 καὶ
1648 1415 1777 1466 τέμνει,
1798 1415 1857 1453 καὶ
1876 1414 1987 1461 καίει,
2009 1429 2068 1451 και
2088 1415 2296 1464 προσλυπῶν
2318 1412 2438 1462 μισθὸν

1417 1469 1605 1518 λαμὸάνει.
1646 1470 1689 1505 Ei
1723 1468 1790 1520 γὰρ
1821 1467 1879 1506 καὶ
1913 1467 2034 1518 μικρὸν
2061 1468 2161 1504 λυπεῖ
2180 1465 2242 1512 τὴν
2265 1464 2438 1511 αἴσθησιν,

1418 1522 1509 1559 ἀλλὰ
1537 1521 1663 1563 σκοπὸς
1693 1521 1822 1570 ὑγιείας
1849 1523 1898 1570 τῷ
1921 1518 2197 1570 θεραπευομένῳ.
2235 1517 2383 1563 Μήποτε
2400 1532 2437 1554 σε

1416 1575 1564 1625 παραδῷ
1594 1576 1611 1610 ὁ
1642 1574 1811 1627 ἀντίδικος
1833 1576 1882 1624 τῷ
1908 1575 2030 1624 κριτῇ·
2060 1573 2109 1622 τῷ
2132 1570 2293 1620 μέλλοντι
2313 1571 2414 1621 κριτῇ
2430 1585 2437 1592 ·

1417 1625 1461 1664 ‘O
1482 1626 1663 1669 ἀντίδικος·
1677 1629 1704 1677 ᾡ
1717 1625 1774 1662 ἐὰν
1790 1629 1846 1662 ν’ῦν
1869 1623 1909 1662 σὺ
1929 1624 2073 1675 χαρίσῃ,
2093 1624 2170 1660 τότε
2189 1621 2383 1674 εὑρίσκεταί
2401 1637 2439 1659 σε

1417 1678 1628 1731 παραδιδοὺς
1647 1682 1664 1717 ὃ
1683 1677 1804 1729 κριτὴς
1822 1680 1871 1729 τῷ
1893 1676 2069 1728 ὑπηρέτῃ,
2089 1681 2165 1717 ταῖς
2185 1679 2439 1725 τιμωρητικαῖς

1418 1731 1550 1777 δηλαδὴ
1586 1730 1772 1780 δυνάμεσι,
1810 1731 1869 1767 καὶ
1896 1731 1943 1772 εἷς
1963 1727 2119 1780 φυλακὴν
2156 1727 2314 1778 βληθήσῃ
2336 1729 2382 1770 εἰς
2400 1727 2441 1764 τὸ

1418 1783 1539 1826 σκότος
1570 1783 1608 1820 τὸ
1641 1782 1817 1833 ἐξώτερον.
1847 1781 2004 1834 Φοὸερὸς
2025 1784 2042 1819 ὃ
2059 1780 2164 1823 τόπος
2178 1796 2185 1803 ·
2203 1782 2255 1818 Οὐ
2277 1779 2324 1830 μὴ
2347 1779 2439 1823 ἐξέλ-

1419 1839 1479 1885 θῃς
1500 1837 1646 1883 ἐκεῖθεν,
1683 1834 1747 1878 ἕως
1767 1829 1804 1872 οῧ
1828 1836 1965 1886 ἀποδῷς
1984 1833 2205 1884 τὸν-ἔσχατον
2229 1832 2437 1882 κοδράντην.

1421 1888 1505 1925 Ἐὰν
1534 1889 1601 1940 πρὸ
1628 1893 1686 1925 τοῦ
1719 1887 1865 1925 θανάτου
1899 1886 2064 1938 διαλύσῃς
2079 1887 2118 1923 τὸ
2137 1884 2253 1937 χρέος,
2275 1884 2438 1922 λέλυται·

1420 1939 1478 1977 ἐὰν
1499 1941 1643 1991 ὀφείλων
1666 1940 1830 1991 ἀπέλθῃς,
1850 1939 1908 1977 καὶ
1925 1939 1964 1976 τὸ
1983 1938 2250 1989 ἐγκατάλειμμα
2271 1938 2338 1974 τῶν
2362 1938 2440 1974 ἐλα-

1420 1992 1551 2044 χίστων
1567 1993 1809 2044 ὀφειλημάτων
1826 1992 2064 2043 ἀπαιτηθήσῃ.
2089 1991 2135 2028 Τί
2148 1993 2233 2037 ἐστι,
2249 1989 2319 2026 Τὸν
2335 1989 2396 2040 ἔσχ
2404 2006 2438 2026 α-

1420 2060 1478 2082 τον
1495 2046 1685 2097 κοδράντην
1701 2060 1709 2091 ;
1745 2044 1827 2083 εΌτι
1848 2043 2005 2094 ἐνθύμιον
2027 2042 2208 2094 ἀνθρώπου
2227 2034 2434 2091 ἐξομολογη-

1422 2097 1518 2135 σεταί
1538 2113 1613 2144 σοι,
1640 2097 1699 2135 καὶ
1719 2097 1985 2149 ἐγκατάλειμμα
2005 2094 2163 2145 ἐνθυμίου
2187 2094 2344 2147 ἑορτάσει
2369 2108 2437 2131 σοι.

1421 2152 1544 2187 Ταῦτα
1561 2151 1698 2196 εἰδότες,
1715 2149 1868 2201 ἀδελφοὶ,
1884 2149 2095 2199 παράλληλα
2112 2147 2209 2186 θέσθε
2225 2146 2287 2190 τὰς
2303 2147 2440 2193 ἡδονὰς,

1422 2202 1481 2240 καὶ
1501 2202 1563 2248 τὴν
1586 2203 1778 2253 μέλλουσαν
1798 2201 1932 2254 ἡμέραν
1953 2204 2015 2246 τῆς
2040 2200 2196 2253 κρίσεως,
2220 2199 2278 2236 καὶ
2297 2199 2360 2245 τὴν
2379 2205 2442 2237 τοῦ

1423 2255 1619 2298 δικάζοντος
1650 2256 1762 2306 ψῆφον
1778 2270 1785 2277 ·
1821 2254 1878 2292 καὶ
1911 2253 1989 2291 τότε
2011 2255 2151 2300 νοήσετε
2179 2254 2252 2294 πῶς
2277 2251 2399 2301 πικρὸν
2418 2255 2440 2297 ἡ

1422 2307 1550 2353 ἡδονὴ,
1578 2307 1658 2345 ὅταν
1689 2309 1797 2358 γνῶτε
1823 2306 1976 2353 πηλίκης
1994 2301 2135 2355 πικρίας
2154 2304 2297 2355 γένηται
2317 2303 2442 2353 πρόξε-

1424 2374 1491 2402 νος.
1525 2359 1693 2397 Βούλεσθε
1727 2359 1847 2411 μικρόν
1883 2375 1917 2396 τι
1948 2358 2010 2404 τὴν
2041 2356 2254 2402 Ἐκκλησίαν
2285 2356 2353 2394 ἀπὸ
2373 2356 2442 2393 δύω

1425 2411 1628 2461 συμποσίων
1656 2410 1976 2463 ἀναγεγραμμένων
2002 2413 2036 2448 ἐν
2056 2410 2265 2461 εὐαγγελίοις
2285 2409 2442 2454 νουθετή-

1426 2479 1540 2514 σωμεν
1555 2493 1564 2510 ,
1584 2463 1618 2500 τί
1641 2463 1701 2513 μὲν
1721 2464 1761 2501 τὸ
1783 2466 1849 2501 τῶν
1870 2462 2061 2515 φιληδόνων
2081 2462 2196 2509 τέλος,
2220 2461 2271 2504 τίς
2289 2460 2323 2498 δὲ
2340 2464 2357 2498 ὃ
2373 2464 2443 2498 τῶν

1427 2516 1682 2565 μετανοούντων
1702 2515 1856 2568 καρπός,
1876 2515 1945 2554 Καὶ
1964 2515 2011 2566 μὴ
2030 2514 2213 2565 θαυμάσῃς
2231 2515 2259 2551 εἷ
2279 2513 2337 2550 καὶ
2357 2514 2442 2551 πολ-

1425 2568 1525 2611 λάκις
1563 2569 1622 2606 καὶ
1655 2567 1846 2620 φιληδόνων
1882 2567 2059 2617 συμπόσια
2090 2567 2215 2619 γράφει
2249 2569 2270 2611 ἡ
2304 2565 2441 2617 Γραφή·

1426 2621 1540 2659 πάντα
1570 2621 1637 2673 γὰρ
1657 2620 1862 2672 ἀναγράφει,
1883 2620 1917 2657 τί
1936 2619 2083 2671 φυλάξῃ,
2103 2618 2136 2655 τί
2157 2616 2309 2668 μιμήσῃ.
2347 2618 2442 2668 Γρά-

1426 2688 1481 2724 φει
1513 2673 1556 2711 τὰ
1588 2677 1654 2710 τῶν
1675 2673 1865 2724 φιληδόνων
1882 2703 1891 2720 ,
1925 2671 1981 2709 ἵνα
2002 2673 2166 2718 διηνεκῶς
2185 2669 2304 2713 αὐτοὺς
2322 2672 2442 2715 στηλι-

1425 2725 1543 2778 τεύσῃ,
1562 2725 1623 2762 καὶ
1641 2724 1696 2762 ἵνα
1715 2723 1756 2761 σὺ
1776 2724 1885 2775 φύγῃς
1904 2724 1966 2772 τὴν
1989 2723 2152 2774 μίμησιν·
2173 2723 2296 2776 γράφει
2313 2721 2356 2759 τὰ
2376 2725 2443 2759 τῶν

1427 2778 1606 2829 φιλοθέων,
1625 2777 1681 2813 ἵνα
1701 2777 1896 2827 ἐπιδράμῃς
1912 2780 1954 2827 τῇ
1976 2776 2081 2814 εἰκόνι
2096 2779 2157 2821 τῆς
2176 2774 2369 2825 μετανοίας,
2386 2774 2443 2812 καὶ

1428 2831 1495 2873 θεὶς
1519 2830 1730 2882 παράλληλα
1748 2829 1805 2867 τὸν
1826 2828 2006 2880 φιλήδονον
2029 2828 2088 2866 καὶ
2106 2828 2162 2866 τὸν
2183 2826 2358 2879 φιλόθεον,
2387 2827 2443 2865 τὸν

1429 2882 1491 2932 μὲν
1511 2881 1681 2933 ἐκφύγῃς,
1702 2881 1758 2918 τὸν
1781 2881 1815 2919 δὲ
1836 2880 2004 2932 ζηλώσῃς.
2028 2879 2124 2930 Ἅμα
2141 2879 2176 2916 δὲ
2197 2879 2256 2916 καὶ
2275 2878 2445 2916 διδασκά-

1425 2936 1498 2972 λιον
1529 2934 1618 2972 ἔστω
1645 2939 1714 2976 τοῖς
1734 2937 1907 2980 συνιοῦσι,
1932 2933 1971 2970 τὸ
1988 2932 2036 2982 μὴ
2057 2931 2189 2984 σφόδρα
2205 2936 2279 2975 ταῖς
2296 2932 2445 2981 δημοτε-

1390 2998 1400 3016 ¹*
1428 2987 1502 3025 λέσι
1524 2987 1616 3029 θέαις
1644 2988 1761 3036 ἑστιᾷν
1791 2988 1887 3035 ὑμῶν
1915 2983 1991 3027 τοὺς
2012 2983 2225 3035 ὀφθαλμοὺς,
2250 2982 2338 3033 μηδὲ
2359 2998 2447 3034 προ-

2016 3037 2025 3049 l
2224 3035 2232 3050 x

1426 3038 1551 3090 χείρως
1575 3038 1631 3076 ἐπὶ
1650 3038 1707 3075 τὸν
1728 3037 1941 3089 ἱππόδρομον
1965 3052 2100 3088 τρεχειν
2114 3066 2122 3082 ,
2148 3036 2236 3085 μηδε
2256 3038 2294 3073 ἐκ
2313 3038 2446 3072 νυκτῶν

1427 3091 1710 3141 καταλαμὸάνειν
1739 3089 1777 3126 τὸ
1805 3089 1963 3141 θέατρον·
2002 3088 2144 3138 μανικὸν
2166 3087 2231 3138 γὰρ
2264 3087 2445 3136 θεαμάτων

1429 3143 1589 3193 ἀσέμνων
1611 3141 1720 3184 ἐλπίς.
1751 3141 1818 3178 Καὶ
1837 3141 1904 3192 γὰρ
1923 3140 2209 3192 προλαμὸάνουσι
2227 3139 2290 3185 τὴν
2311 3138 2445 3189 ἡμέραν

1428 3199 1478 3247 τῷ
1506 3195 1607 3246 τάχει
1639 3198 1700 3240 τ’ἧς
1733 3194 1943 3244 προθυμίας,
1974 3196 2008 3230 ἐν
2034 3192 2130 3229 νυκτὶ
2149 3192 2206 3228 τὸν
2225 3197 2284 3230 τοῦ
2304 3190 2447 3233 σκότους

1428 3248 1533 3286 τόπον
1561 3246 1909 3296 καταλαμὲάνοντες,
1942 3244 1998 3282 ἵνα
2018 3244 2186 3294 θεάμασιν
2208 3243 2367 3294 ἀσέμνοις
2386 3242 2447 3285 τὰς

1430 3302 1534 3352 κόρας
1554 3299 1750 3350 τέρψωσιν,
1780 3297 1802 3343 ἢ
1829 3296 1956 3349 θηρίων
1983 3296 2113 3346 ἀμύνας
2140 3295 2199 3333 καὶ
2220 3294 2444 3346 θηριομάχων

1431 3352 1634 3389 θεάσωνται.
1667 3350 1735 3389 Καὶ
1753 3349 1922 3396 κάθηνται
1937 3348 2107 3391 πολλάκις
2122 3347 2295 3399 ἅνθρωποι
2314 3348 2449 3392 θεαταὶ,
