2481 3678
779 163 818 191 IN
856 161 1062 191 ιΙΟΑΝΝΕΜ
1103 159 1258 190 lloMlL.
1299 159 1390 188 XLI.
1431 144 1490 188 [tl.
1535 160 1606 189 XL.
2141 148 2227 192 283

145 241 295 279 ἀντίθεον
324 242 488 285 δέξονται.
513 242 553 278 lii
585 240 620 279 δὲ
644 243 797 280 Μωϋσεά
823 249 878 281 νῦν
909 242 1164 295 προῧάὶᾶιεται,

143 301 255 338 καίτοι
285 301 404 348 εἰπὼν,
426 300 520 352 Ἐγὼ
541 300 638 354 παρὰ
671 302 852 354 ἀνθρώπου
880 303 942 349 τὴν
975 301 1167 355 μαρτυρίαν

144 363 181 398 οὐ
210 361 403 411 λαμῧάνω,
431 361 479 411 μὴ
501 361 703 414 θαυμάσῃς·
724 363 800 401 οὐδὲ
829 363 897 416 γὰρ
926 366 972 406 εἷς
994 361 1169 407 Μωϋσέα,

144 423 220 459 ἀλλ’
242 423 288 463 εἷς
307 421 351 459 τὰ
375 427 434 460 τοῦ
459 424 551 460 Θεοῦ
570 423 765 474 γράμματα
786 424 906 466 αὐτοὺς
926 422 1169 474 παραπέμπει.

143 481 242 527 Πλὴν
266 483 341 519 ἀλλ’
364 481 482 528 ἐπειδὴ
504 484 538 520 αἱ
560 484 696 535 Γραφαὶ
713 484 853 522 ἔλαττον
872 481 992 524 αὐτοὺς
1013 480 1170 531 ἐφόδουν,

142 540 189 581 εἷς
207 539 246 576 τὸ
268 538 453 591 πρόσωπον
489 541 573 578 αὐτὸ
599 541 758 593 περιάγει
778 542 834 579 τὸν
853 540 971 590 λόγον,
988 539 1045 576 τὸν
1066 553 1169 589 νομο-

141 598 241 645 θέτην
261 599 360 637 αὐτὸν
378 602 490 644 αὐτοῖς
507 601 647 652 ἐφιστὰς
665 601 896 653 ῃκατήγορον,
911 599 971 637 καὶ
990 598 1077 636 πολὺ
1093 614 1171 652 φρι-

141 658 351 712 κωδέστερον
371 659 461 698 οὕτω
480 661 519 699 τὸ
534 661 606 704 δέος
623 664 744 706 ποιῶν,
761 661 820 698 καὶ
834 659 979 697 ἕκαστον
998 662 1066 696 τῶν
1086 661 1169 712 παρ’

142 720 254 757 αὐτῶν
288 721 484 793 λεγομένων
509 721 655 773 ἐλέγχει.
685 720 817 759 Σκόπει
851 719 899 758 δέ.
929 719 1075 771 ’Ἔλεγον
1111 720 1168 758 διὰ

140 796 203 826 την
236 782 282 823 εἷς
313 797 370 819 τον
393 782 482 820 Θεὸν
516 782 654 833 ἀγάπην
681 780 816 818 διώκειν
848 780 974 817 αὐτόν·
999 780 1166 819 δείκνυσιν

141 841 192 879 ὁτι
220 840 276 878 δια
305 858 345 879 το
368 848 478 892 μισεῖν
506 843 563 879 τὸν
595 841 683 879 Θεον
704 857 804 879 τουτο
832 844 1001 879 ποιοῦσιν.
1021 840 1106 878 Ἔλε
1093 857 1166 892 :sev

141 902 264 953 ἀντέγε
250 906 346 940 εσθαι
367 879 560 944 Minima->5¹
577 901 746 939 δείκνυσιν
763 901 815 939 ὅτι
834 901 890 939 διὰ
910 918 948 939 το
964 900 1012 952 μὴ
1029 918 1168 939 πιστευ-

141 978 188 1000 ειν
210 964 352 1000 Minoo-51
383 968 491 1001 ταῦτα
511 962 691 1034 ἔπραττον
718 964 762 1000 Εἰ
793 962 861 1015 γὰρ
888 978 945 999 τον
963 961 1068 1012 νόμον
1087 962 1169 1009 εζη-

140 1025 231 1070 λουν,
259 1022 328 1060 ἔδει
361 1022 523 1066 δέξασθαι
552 1023 609 1061 τὸν
642 1025 770 1061 ἐκεῖνον
802 1025 1018 1075 π)ηροῦντα’
1053 1026 1082 1060 εἰ
1110 1023 1167 1061 τὸν

137 1083 263 1121 Θεὸν
245 1081 406 1134 ηγάπο)ν,
425 1083 493 1121 ἔδει
507 1086 754 1135 πεισθῆναιτιΝ)
769 1084 880 1136 πρὸς-
869 1086 996 1122 ἐκεῖνον
1012 1082 1165 1121 ἕλκοντι·

140 1146 169 1182 εἰ
195 1145 371 1182 Μωῦσεῖ’
357 1143 548 1191 επίστευον,
568 1144 636 1182 ἔδει
661 1147 901 1197 προσκυνῆσαι
922 1144 979 1181 τὸν
1001 1146 1059 1182 ὑπ’
1081 1144 1167 1182 εκεί-

138 1220 196 1242 νου
223 1204 534 1255 προφητευόμενον.
566 1206 660 1242 Ei&
642 1220 677 1243 05
711 1206 777 1242 εἶκε
774 1221 838 1249 ,νος
869 1208 1067 1243 ἀπιστεῖται
1101 1206 1170 1258 πρὸ

139 1268 243 1315 ἐμοῦ,
264 1265 357 1304 οὐοεν
385 1266 526 1308 ἀπεικος
547 1265 608 1303 καὶ
628 1264 689 1303 εἀὲ
711 1282 767 1303 τον
788 1267 846 1303 ὑπ
879 1268 981 1304 αυτοῦ
1002 1265 1169 1318 κηρυττό-

139 1342 241 1375 μενον
261 1326 465 1364 ἐλαύνεσθαι
484 1327 567 1378 παρ’
585 1328 694 1377 ὑμῶν.
713 1324 856 1377 '‘sse-tte?
871 1320 927 1363 οῦν
942 1326 1007 1373 χαὶ
1030 1327 1169 1376 θαυμά-

143 1388 261 1429 ζοντας
285 1386 450 1432 Ἰωάννην
470 1386 576 1429 ἔδειξε
604 1391 903 1438 καταφρονοῦντας
918 1386 1079 1424 Ἰωάννου
1114 1386 1169 1423 διὰ

141 1450 208 1485 τῶν
226 1449 272 1491 εἷς
298 1447 398 1484 αὐτὸν
420 1446 659 1497 γεγενημένων
674 1461 681 1469 ·
700 1445 790 1484 οὕτω
809 1446 1012 1496 νομίζοντας
1031 1447 1171 1485 πιστεύ-

141 1524 189 1545 ειν
222 1509 366 1545 Μωῦσεῖ
401 1507 572 1544 δείκνυσιν
600 1509 848 1554 ἀπιστοῦντας,
868 1506 927 1543 καὶ
955 1506 1008 1544 ἀεὶ
1033 1508 1080 1549 εἷς
1106 1505 1169 1552 τὴν

141 1567 293 1619 κεφαλὴν
311 1569 421 1605 αὐτῶν
439 1567 641 1620 περιτρέπει
657 1567 790 1614 πάντα,
809 1567 897 1620 ἅπερ
913 1566 1067 1617 ἐνόμιζον
1084 1567 1171 1620 ὑπὲρ

140 1631 269 1666 ἑαυτῶν
292 1628 565 1682 προὲάλλεσθαι.
597 1629 770 1666 Τοσοῦτον
795 1627 864 1679 γὰρ
884 1627 1007 1679 ἀπέχω
1024 1658 1032 1675 ,
1053 1628 1169 1679 φησὶν,

140 1692 333 1740 ἀπαγαγεῖν
349 1692 438 1740 ὑμᾶς
452 1693 511 1727 τοῦ
525 1688 651 1739 νόμου,
672 1688 724 1726 ὅτι
742 1689 801 1726 καὶ
821 1688 923 1726 αὐτὸν
944 1691 1042 1726 καλῶ
1061 1689 1169 1735 κατη-

138 1766 238 1803 γορον
269 1753 364 1801 ὑμῶν
391 1750 448 1788 τὸν
471 1749 671 1800 νομοθέτην.
691 1748 777 1788 εὈτι
811 1748 873 1800 μὲν
894 1742 951 1788 οῦν
974 1751 1009 1787 αἱ
1031 1750 1169 1802 Γραφαὶ

139 1817 386 1865 μαρτυροῦσιν,
405 1805 495 1849 εἷπε·
520 1815 586 1848 ποῦ
606 1810 641 1849 δὲ
663 1814 909 1864 μαρτυροῦσιν,
927 1810 1040 1849 οὐκέτι
1062 1827 1169 1864 προσ-

138 1873 239 1919 έθηκε
251 1903 260 1920 ,
277 1873 334 1911 τὸν
354 1871 458 1924 φόὸον
481 1871 621 1922 μείζονα
645 1874 757 1915 αὐτοῖς
773 1874 917 1909 ἐνθεῖναι
935 1871 1142 1923 βουλόμενος
1156 1903 1166 1920 ,

137 1948 197 1971 και
221 1936 268 1977 εἷς
288 1934 426 1986 ἔρευναν
449 1931 707 1985 παραπεμψαι,
724 1948 783 1970 και
808 1935 855 1974 εἷς
875 1932 1030 1984 ἀνάγκην
1051 1948 1164 1971 κατα-

136 1997 263 2041 στῆσαι
283 1994 498 2048 ἐρωτήσεως.
514 1995 559 2032 Εἰ
582 2010 643 2043 μεν
666 1993 733 2046 γὰρ
757 1997 850 2031 εἶπεν
872 1995 910 2031 57.
942 1998 1001 2032 τοῦ
1019 2010 1083 2047 πρ
1073 1994 1166 2046 ’χεί-

140 2070 218 2107 ρου,
250 2055 309 2093 καὶ
343 2054 430 2106 μηδὲ
463 2057 638 2105 ἐρωτῶσιν
662 2055 796 2102 αυτοῖς,
826 2054 966 2093 ἀπεὸαλ
968 2070 1002 2092 ον
1031 2056 1071 2094 ἂν
1103 2056 1165 2103 την

139 2115 334 2168 μαρτυρίαν
351 2131 359 2139 ·
375 2115 449 2153 νυνὶ
465 2114 501 2153 δὲ
521 2116 550 2152 εἷ
569 2120 755 2167 προσεῖχον
773 2121 843 2158 τοῖς
852 2115 1051 2167 λεγομένοις
1065 2146 1074 2164 ,
1096 2116 1166 2155 ἔδει

137 2176 231 2229 ὴπρὸ
249 2179 317 2213 τῶν
336 2176 450 2214 ἄλλων
467 2180 567 2214 τοῦτο
589 2177 763 2227 {ponzo-ou
783 2176 843 2214 καὶ
861 2180 982 2227 μαθεῖν
1004 2179 1088 2230 παρ’
1106 2179 1165 2216 αὗ-

136 2240 207 2275 τοῦ.
223 2237 291 2275 Διὰ
309 2237 376 2290 γὰρ
390 2240 489 2275 τοῦτο
509 2236 568 2274 καὶ
582 2239 616 2275 ἐν
632 2243 709 2280 ταῖς
731 2237 926 2289 ἀποφάσεσι
938 2268 947 2285 ,
964 2238 1024 2275 καὶ
1042 2241 1075 2276 ἐν
1091 2245 1167 2282 ταῖς

138 2300 297 2342 ἀπειλαῖς
327 2298 508 2341 πλεονάζει
539 2300 682 2349 μᾶλλον,
709 2299 771 2336 οὐκ
805 2301 838 2336 ἐν
861 2305 937 2342 ταῖς
971 2300 1167 2344 ἀποδείξεσι

138 2358 254 2409 μόνον,
279 2358 336 2396 ἵνα
367 2358 431 2396 κᾶν
464 2358 572 2403 οὕτως
597 2358 721 2403 αὐτοὺς
751 2360 974 2411 ἐπαγάγηται
1001 2363 1051 2412 τῷ
1071 2361 1167 2413 φόέῳ

137 2422 205 2457 τῶν
223 2420 430 2471 λεγομένων.
446 2421 494 2458 Οἱ
513 2419 548 2458 δὲ
567 2420 628 2458 καὶ
643 2419 732 2457 οὕτω
753 2423 890 2471 σιγῶσι.
913 2422 1076 2459 Τοιοῦτον
1099 2421 1167 2474 γὰρ

138 2483 159 2525 ἦ
189 2480 339 2532 πονηρία
354 2495 362 2503 ·
381 2479 448 2518 ὅσα
469 2479 508 2516 ἄν
541 2495 592 2523 τις
610 2479 695 2531 λε’γῃ
716 2480 775 2518 καὶ
798 2484 879 2528 ποιῇ
893 2511 903 2528 ,
923 2483 960 2519 οὐ
992 2481 1166 2520 διανίστα·

139 2556 210 2587 ται,
230 2540 320 2578 ἀλλὰ
341 2539 435 2590 μένει
450 2540 505 2577 τὸν
529 2542 651 2578 οἰκεῖον
672 2541 720 2579 ἰὸν
739 2542 965 2593 διατηροῦσα.

192 2601 256 2639 Διὸ
274 2600 343 2653 χρὴ
363 2607 478 2638 πᾶσαν
497 2600 623 2638 κακίαν
645 2600 714 2638 ἀπὸ
726 2604 787 2647 τῆς
806 2603 920 2653 ψυχῆς
941 2602 1164 2650 ἐκὸαλόντας,

141 2661 274 2713 μηδένα
294 2661 433 2699 πλέκειν
455 2661 629 2711 μηδέποτε
651 2661 762 2699 δόλον.
778 2662 873 2714 Πρὸς
897 2661 966 2714 γὰρ
985 2661 1062 2706 τοὺς
1082 2679 1165 2702 σκο-

138 2721 232 2766 λιοὺς
248 2721 390 2765 σκολιὰς
407 2720 503 2765 ὁδοὺς
517 2726 530 2742 ⁰
541 2725 558 2759 ὃ
572 2722 661 2765 Θεὸς
672 2752 682 2769 ,
701 2722 816 2773 φησὶν,
834 2722 1050 2760 ἀποστέλλει.
1073 2724 1164 2772 Καὶ,

137 2782 253 2836 ‘'A-(mov
278 2788 415 2834 πνεῦμα
436 2783 556 2835 σοῡίας
572 2783 731 2835 φεύξεται
752 2783 862 2831 οόλον,
883 2799 942 2821 και
964 2785 1165 2831 ἀπαναστή-

139 2860 237 2882 σεται
252 2845 321 2883 ἀπὸ
340 2846 517 2895 λογισμι)ν
541 2843 727 2882 ἀσυνέτων.
748 2844 838 2882 0236:-
827 2861 858 2881 -ν
879 2843 971 2907 γὰρῆ,
966 2844 1054 2883 οὕτω
1074 2852 1166 2884 ποιεῖ

140 2921 292 2958 μυρους,
309 2907 356 2949 ὡς
359 2904 536 2981 (Ινποιηρία.
566 2904 680 2943 Ὀταν
701 2905 769 2957 γαρ
790 2904 966 2948 ὕπουλος’
949 2922 970 2957 ῃ
992 2922 1061 2955 τις,
1080 2906 1162 2945 ὅταν

140 2965 326 3017 ἀγνώμων,
355 2965 436 3003 οταν
472 2966 660 3020 ἀχάριστος
687 2969 822 3014 (ταῦτα
854 2983 890 3004 05
913 2984 975 3014 της
996 2968 1163 3020 πονηρίας

139 3026 183 3064 τὰ
205 3026 301 3077 εἴδη)
315 3057 325 3073 ,
353 3026 434 3064 ὅταν
459 3027 566 3077 μηδὲν
583 3027 792 3077 ἠδικημένος
816 3029 907 3078 λυπ-Γ,
921 3058 930 3075 ,
950 3027 1032 3066 ὁταν
1051 3041 1100 3066 π)
1093 3028 1163 3079 ε’κῃ

865 3088 892 3102 ν
920 3088 927 3101 1

140 3088 273 3134 δόλους,
313 3091 387 3131 πῶς
419 3090 481 3126 οὐκ
518 3088 668 3140 ἐσχάτης
706 3088 822 3132 ἀνοίας
859 3091 982 3132 ἐςοισει
1021 3090 1166 3140 οεῖγυ.α;

181 3225 194 3239 ³
219 3214 319 3247 Savil.
338 3223 503 3261 κατήγορον
518 3221 567 3250 καὶ
583 3220 840 3261 ἐμφαντικώτερον
857 3219 944 3250 οὕτω.

183 3267 198 3289 k·
223 3265 284 3297 Alii
297 3271 355 3310 πρὸ
368 3277 425 3300 τῶν
435 3271 534 3301 ἄλλων
545 3273 592 3301 καὶ
605 3276 774 3310 σςγήςαντος
797 3274 933 3307 ζητῆσαι.

1181 238 1228 262 246
1242 247 1462 287 aversantur,
1486 240 1560 276 Deo
1576 239 1819 277 adversarium
1837 240 1908 277 sine
1923 240 2034 278 dubio
2055 243 2231 293 recipient.

1194 274 1219 302 Α
1243 298 1348 345 Quod
1367 298 1397 335 si
1415 299 1565 350 Moysen
1584 312 1678 336 nunc
1698 300 1866 351 pr·ose1at,
1885 300 1967 337 licet
1984 300 2127 351 dixerit,
2151 305 2233 355 Ego

1242 360 1291 395 ab
1313 359 1467 395 homine
1489 361 1748 396 testimoniavit
1769 372 1847 395 non
1867 361 2046 410 accipio:
2068 375 2111 398 ne
2128 362 2233 399 mir-c

1241 419 1312 455 ris:
1334 432 1404 455 non
1424 417 1518 455 enim
1536 418 1582 456 ad
1614 420 1784 470 Moysen
1801 418 1864 456 scd
1878 419 1923 456 ad
1951 419 2112 457 dixinam
2134 422 2232 458 Scri-

1241 486 1383 529 pturam
1409 478 1489 515 illos
1509 479 1671 516 remittit.
1693 481 1831 518 Ver-um
1851 479 1935 529 quia
1955 479 2148 531 Scriptura}
2167 482 2234 518 mi-

1241 552 1363 576 norem
1378 538 1638 578 illis·terrorem
1647 540 1853 587 afferebant,
1866 539 2104 591 legislatorem
2118 540 2234 592 ipsum

1239 610 1477 639 accusatorem
1499 601 1688 650 inducens,
1715 602 1886 654 majorem
1918 601 1992 638 illis
2017 610 2151 639 metum
2179 602 2232 640 in—

1241 662 1362 711 cussit,
1379 672 1412 700 ct
1431 662 1571 713 singula
1585 677 1709 700 eorum
1723 663 1818 701 dicta
1840 663 2009 701 confutat.
2031 663 2099 701 Hie
2114 673 2232 701 autem
2255 669 2348 716 511¹‹12ri
2365 681 2431 698 con-

1239 724 1399 761 animum
1414 723 1555 762 adhibe.
1573 724 1749 762 Dicebant
1775 738 1811 762 se
1827 738 1872 762 ex
1898 724 1963 762 Dei
1983 738 2102 762 amore
2130 725 2233 762 illum
2247 715 2389 739 ⁸⁰¹³¹¹¹¹¹⁹

1240 786 1424 837 persequi,
1443 785 1595 823 ostendit
1610 786 1670 824 ille
1689 786 1784 838 ipsos
1803 800 1848 824 ex
1863 786 1930 824 Dei
1945 785 2028 823 odio
2050 785 2087 823 id
2105 787 2229 825 facere.

1193 842 1216 872 B
1241 844 1416 884 Dicebant
1447 861 1482 885 se
1502 847 1625 899 Moysi
1654 848 1810 895 haerere,
1833 847 1894 884 ille
1928 847 2056 899 probat
2074 848 2170 900 ipsos
2194 848 2233 886 id

1239 921 1365 959 agere,
1395 908 1493 958 quod
1519 909 1641 961 Moysi
1669 922 1739 946 non
1761 908 1950 946 crederent.
1978 909 2069 946 Nam
2091 909 2119 946 si
2144 909 2233 960 legis

1240 968 1356 1006 studio
1382 969 1604 1019 tenebantur,
1627 969 1785 1022 oportuit
1803 970 1906 1006 illum
1927 968 2083 1021 recipcre
2102 969 2164 1020 qui
2182 970 2231 1008 le-

1241 1043 1319 1080 gem
1342 1030 1514 1082 implebat
1536 1046 1543 1067 :
1565 1031 1594 1068 si
1622 1032 1738 1068 Deum
1763 1030 1981 1082 diligebant,
1999 1030 2064 1067 «illi
2094 1029 2233 1068 credere

1240 1104 1305 1142 par
1322 1100 1406 1140 erat,
1423 1091 1486 1144 qui
1505 1091 1553 1129 ad
1571 1093 1689 1129 Deum
1708 1092 1868 1130 trahebat
1885 1108 1892 1128 ι
1916 1092 1945 1129 5ἰ
1968 1091 2088 1143 Moysi
2113 1091 2231 1129 crede-

1240 1151 1325 1189 bant
1343 1182 1352 1197 ‚
1369 1152 1527 1204 oportuit
1546 1151 1651 1190 illum
1678 1152 1826 1190 adorare
1844 1167 1950 1203 quem
1970 1152 2044 1204 ipse
2064 1166 2231 1203 praenun-

1240 1212 1352 1251 tiavit.
1377 1213 1480 1259 Quod
1500 1213 1530 1251 si
1549 1213 1602 1250 illi
1623 1213 1831 1265 priusquam
1850 1213 1940 1251 mihi
1960 1212 2048 1250 fides
2067 1223 2229 1264 negatur,

1241 1274 1331 1312 nihil
1355 1274 1488 1311 mirum
1514 1275 1544 1312 si
1564 1289 1628 1327 ego
1648 1275 1693 1312 ab
1720 1275 1782 1312 illo
1812 1275 2068 1327 praenuntiatus
2089 1275 2232 1317 ambis

1241 1335 1410 1387 expellor.
1429 1335 1530 1373 Sicut
1548 1349 1631 1387 ergo
1652 1336 1744 1383 illos,
1767 1336 1828 1386 qui
1859 1337 2031 1374 Joannem
2051 1336 2232 1373 miraban-

1241 1405 1326 1445 tur,
1368 1395 1521 1433 ostendit
1548 1396 1668 1447 ipsum
1694 1398 1866 1435 Joannem
1903 1396 2082 1448 despicere
2113 1397 2158 1434 ab
2187 1397 2231 1434 iis

1241 1469 1320 1505 quae
1348 1464 1471 1492 contra
1485 1469 1521 1492 se
1539 1465 1786 1507 perpetrarunt
1806 1471 1813 1491 τ
1835 1455 1886 1493 sic
1913 1456 2068 1505 eosdem,
2089 1471 2172 1494 cum
2196 1471 2233 1494 se

1241 1515 1362 1568 Moysi
1390 1515 1531 1553 credere
1559 1525 1698 1567 putent,
1725 1516 1793 1568 ipsi
1822 1529 1891 1553 non
1918 1516 2058 1553 credere
2091 1517 2231 1568 probat,

1241 1585 1346 1626 atque
1365 1576 1483 1613 omnia
1502 1590 1579 1628 quae
1605 1591 1671 1629 pro
1690 1590 1725 1614 se
1745 1575 1800 1613 illi
1827 1577 2041 1625 afferebant,
2061 1577 2097 1614 in
2128 1586 2232 1629 caput

1195 1638 1217 1668 C
1242 1636 1400 1689 ipsorum
1421 1646 1609 1687 retorquet.
1634 1637 1793 1674 Tantum
1813 1637 1932 1686 abest,
1962 1636 2090 1687 inquit,
2111 1646 2150 1674 ut
2169 1652 2233 1675 vos

1241 1712 1261 1735 a
1280 1698 1356 1749 lege
1369 1698 1559 1747 retraham,
1582 1707 1621 1734 ut
1640 1697 1758 1750 ipsum
1773 1697 2012 1748 legislatorem
2033 1706 2153 1735 contra
2169 1713 2232 1737 vos

1238 1769 1361 1798 testem
1388 1759 1569 1798 advocem.
1595 1758 1704 1806 Quod
1722 1773 1805 1811 ergo
1822 1760 2016 1812 Scripturae
2045 1759 2083 1797 id
2102 1760 2226 1798 testifi-

1239 1830 1363 1859 centur
1381 1821 1470 1859 dicit
1476 1837 1487 1871 3
1507 1821 1571 1858 uhi
1591 1830 1711 1858 autem
1729 1820 1963 1858 testificentur
1982 1835 2053 1858 non
2072 1820 2203 1872 adjecit
2220 1837 2227 1856 :

1238 1882 1409 1934 majorem
1436 1882 1509 1919 illis
1530 1881 1695 1919 timorem
1726 1881 1883 1919 incutere
1915 1882 2035 1920 volens
2067 1891 2107 1919 ut
2134 1881 2230 1934 ipsos

1235 1943 1282 1980 ad
1294 1942 1556 1995 explorandum
1575 1952 1608 1981 et
1631 1942 1924 1994 interrogandum
1941 1942 2124 1980 excitaret.
2138 1944 2230 1980 Nam

1235 2004 1264 2041 si
1286 2017 1355 2041 non
1384 2013 1528 2055 rogatus
1547 2003 1720 2053 dixisset,
1739 2003 1983 2040 testimonium
2002 2003 2055 2040 illi
2090 2003 2230 2054 rejecis-

1236 2075 1333 2103 sent:
1350 2066 1426 2118 jam
1447 2079 1532 2103 vero
1564 2065 1592 2102 si
1611 2064 1716 2102 dictis
1736 2064 1989 2112 attendissent,
2011 2073 2091 2101 ante
2111 2064 2229 2101 omnia

1236 2127 1422 2179 oportebat
1441 2127 1487 2164 ab
1513 2126 1576 2164 illo
1605 2140 1762 2177 quaerere
1786 2134 1819 2163 et
1837 2125 2000 2163 ediscere.
2030 2125 2116 2163 Ideo
2136 2125 2231 2163 enim

1236 2203 1306 2226 non
1327 2187 1646 2226 demonstrationes
1678 2195 1831 2236 tantum,
1854 2185 1916 2223 sed
1954 2185 2060 2223 etiam
2091 2194 2229 2223 senten-

1235 2250 1302 2288 tias
1331 2259 1365 2288 et
1393 2250 1508 2287 minas
1541 2249 1763 2299 frequentat,
1801 2256 1839 2284 ut
1880 2247 1930 2285 sic
1965 2261 2023 2285 eos
2050 2248 2107 2286 vel
2132 2256 2227 2284 metu

1235 2310 1390 2349 reducat.
1411 2310 1471 2348 Illi
1492 2319 1607 2347 tamen
1628 2308 1743 2346 silent.
1767 2308 1868 2345 Talis
1889 2300 1983 2345 enini
2007 2321 2062 2345 res
2079 2316 2129 2344 est
2152 2321 2228 2343 ma-

1235 2371 1313 2409 litia
1327 2387 1339 2422 3
1361 2370 1536 2422 quidquid
1554 2369 1694 2407 dicatur
1712 2368 1770 2406 vel
1790 2367 1866 2416 fiat,
1883 2381 1954 2405 non
1975 2366 2149 2417 exsurgit,
2166 2366 2225 2403 sed

1192 2422 1216 2451 D
1237 2432 1422 2484 proprium
1444 2431 1543 2469 virus
1563 2437 1690 2468 servat.

1289 2604 1324 2641 5.
1346 2600 1571 2652 Quapropter
1584 2612 1650 2651 par
1669 2607 1719 2637 est
1738 2598 1834 2635 omni
1856 2596 2005 2649 expulsa
2025 2596 2134 2635 animi
2164 2612 2222 2636 ne-

1234 2662 1360 2713 quitia,
1381 2660 1520 2698 nullum
1538 2668 1674 2696 nectere
1691 2658 1828 2696 dolum.
1849 2658 1921 2695 Ad
1937 2671 2079 2710 pravos
2103 2657 2196 2695 enim
2209 2688 2220 2707 ,
2235 2669 2280 2696 Pu
2293 2680 2318 2696 v.
2335 2670 2419 2698 2¹.8.

1235 2722 1372 2773 inquit,
1390 2733 1534 2773 pratas
1563 2722 1652 2757 vias
1675 2721 1792 2756 mittit
1822 2719 1958 2763 Deus;
1978 2727 2013 2756 et
2028 2718 2220 2768 ,Spiritus
2233 2734 2304 2769 Sap.
2339 2742 2361 2760 ι,
2386 2733 2416 2761 5.

1234 2791 1392 2821 sanctus
1406 2781 1621 2832 disciplina?
1631 2780 1738 2832 effu²³
1721 2781 1793 2816 ‹riet
1810 2779 1942 2817 dolum
1961 2788 1998 2818 et
2012 2781 2164 2831 auferet
2182 2793 2222 2818 Se

1235 2858 1260 2882 a
1291 2843 1611 2895 cogitationibus,
1644 2854 1729 2893 quoe
1760 2848 1851 2878 sunt
1881 2843 1965 2879 sine
2004 2841 2216 2878 intellectu.

1235 2904 1334 2943 Nihil
1351 2903 1445 2941 enim
1456 2903 1505 2940 ita
1520 2902 1645 2940 stultos
1659 2900 1787 2952 reddit,
1803 2911 1841 2939 ut
1856 2902 2024 2953 nequitia.
2038 2901 2218 2940 Subdolus
2319 2921 2351 2947 γ
2347 2932 2369 2946 ,,
2375 2927 2421 2947 m.

1235 2967 1340 3016 enim,
1360 2966 1556 3018 improbus,
1572 2965 1732 3016 ingratus
1748 2931 1823 3012 (1³1ae
1843 2964 1977 3016 quippe
1993 2973 2073 3002 sunt
2093 2963 2216 3014 nequi
2234 2972 2294 2997 vsu
2289 2962 2354 2989 (ω’
2361 2965 2384 2989 i..
2400 2973 2417 2987 ¹¹

1233 3030 1268 3067 ti
1263 3044 1290 3067 e
1310 3030 1474 3080 genera),
1491 3026 1519 3064 si
1536 3025 1627 3063 nihil
1645 3026 1749 3063 laesus
1767 3025 1980 3074 offendatur,
1996 3024 2025 3062 si
2041 3024 2142 3062 dolos
2161 3009 2316 3061 ne-Iam

1187 3100 1210 3130 E
1234 3098 1327 3139 ctat,
1354 3101 1469 3125 annon
1495 3100 1641 3124 summae
1671 3085 1855 3123 dementiae
1879 3084 2010 3123 indicia
2034 3083 2208 3136 proferat?

1259 3226 1271 3240 c
1294 3214 1407 3248 Morel.
1421 3219 1517 3256 ἑθεὸς,
1539 3218 1632 3260 φησὶν,
1645 3216 1834 3253 amenum,
1849 3215 1897 3245 καὶ
1913 3215 1927 3245 ὁ
1944 3214 2092 3251 Σολομῶν,
2105 3212 2220 3250 πνεῦμα

1215 3272 1294 3310 ἅγιον
1309 3270 1454 3304 παιδείας.
