2507 3673
642 173 683 202 ΙΝ
727 174 895 205 mc'rtlm
937 178 1169 221 APOSTOM,
1211 183 1298 212 Nox
1338 186 1481 225 Quot),
1521 188 1622 217 El'C.

90 265 196 289 σκειν.
218 252 411 295 Κολακείας
439 252 504 304 γὰρ
524 252 642 304 κέρδος
661 253 769 303 οὐδὲν,
785 256 943 300 παιδείας
963 258 999 297 δὲ
1023 259 1111 298 πολὺ

86 302 127 339 τὸ
146 302 279 355 ὄφελος.
306 304 366 351 Μὴ
398 305 658 356 αἰχμαλωτίζου
687 309 737 359 τῷ
767 309 916 358 νοήματι
937 311 1022 362 πρὸς
1050 311 1113 354 τὰς

87 355 236 400 ἀτόπους
251 357 346 404 θέας,
367 358 456 406 μηδὲ
475 357 609 396 ἐκδίδου
633 359 691 396 τὸν
713 362 878 411 λογισμὸν
900 368 970 405 τοῖς
989 363 1110 407 ἔξωθεν

86 407 252 459 ᾄσμασιν.
273 415 286 430 ³¹
299 408 431 452 Ἱκανὸς
455 409 523 461 γὰρ
545 410 584 447 ἂν
603 418 722 462 κρατεῖ
742 414 932 464 λογισμοῦ,
950 416 1013 453 κᾶν
1042 415 1114 470 ἀπὲ

84 462 148 505 τῆς
169 461 348 506 συνηθείας
364 461 438 510 ἴδῃς
468 463 687 514 ἀπαγόμενόν
712 481 771 502 σου
788 466 845 503 τὸν
871 469 961 504 νοῦν.
983 469 1061 505 Οὐκ
1082 471 1111 505 εἰ

86 512 223 560 δοῦλος,
243 515 319 552 ἀλλ’
336 514 528 567 ἐλεύθερος·
546 518 606 554 οὐκ
634 516 727 554 ἄκων
750 518 996 570 αἰχμαλωτίζῃ
1008 549 1018 567 ,
1032 521 1108 557 ἀλλ’

84 564 172 603 ἑκὼν
194 566 313 604 ἑαυτὸν
334 568 544 619 πιπράσκεις
563 572 604 620 τῇ
629 569 797 620 ἁμαρτία.
817 570 877 616 Μὴ
907 571 1111 621 ἐπιλαμὸά-

82 631 140 654 νου
164 621 227 664 τῆς
246 620 479 665 ἀποστολικῆς
505 625 620 671 φωνῆς
634 637 641 644 ·
664 621 712 671 μὴ
728 652 737 669 ,
754 609 836 659 δ”ταν
867 622 1010 674 ἔλεγχος
1037 625 1110 660 εἷσ-

83 668 164 721 έλθῃ
183 674 246 717 τῆς
266 672 448 720 ἀληθείας,
466 673 620 725 ἐλέγχων
638 674 683 711 τὰ
706 673 844 725 κρυπτὰ
858 677 920 721 τῆς
938 675 1083 726 καρδίας
1097 705 1106 721 ,

82 721 184 774 εἴπῃς
197 753 206 771 ,
223 723 270 774 μὴ
289 724 355 776 γὰρ
372 723 440 775 ἐγὼ
460 726 600 764 Παύλου
629 726 701 777 εἰμὶ
723 725 892 793 ἀνώτερος
909 729 970 764 τοῦ
986 728 1108 780 λέγον-

81 790 155 821 τος,
177 778 254 828 Οὐχ
285 776 302 814 ὃ
327 777 435 825 θέλω,
455 783 556 816 τοῦτο
586 782 696 824 ποιῶ,
719 779 796 816 ἀλλ’
830 783 848 816 ὃ
882 781 994 828 μισῶ,
1009 785 1109 818 τοῦτο

81 828 229 880 πράσσω
241 822 258 876 3⁴
280 829 341 876 Μὴ
370 834 413 881 τῇ
449 830 610 882 συνηθείᾳ
639 830 806 869 δουλεύων
835 831 1042 883 συκοφάντει
1063 833 1108 871 τὰ

82 884 157 918 θεῖα
185 882 326 933 ῥήματα
339 898 346 905 ·
363 882 411 932 μὴ
431 889 558 922 σαυτοῦ
578 883 640 930 τὴν
671 883 857 934 ἐπιθυμίαν
879 885 1024 936 πληρῶν
1045 885 1107 933 τὴν

81 934 314 980 ἀποστολικὴν
336 935 502 972 διάδαλλε
535 936 647 980 δόξαν.
675 936 806 973 Πολλοὶ
839 935 906 988 γὰρ
939 939 1109 982 πολλάκις

79 987 350 1037 προφασίζονται
370 986 559 1039 προφάσεις
581 991 616 1026 ἐν
637 988 843 1041 ἁμαρτίαις,
862 989 922 1026 καὶ
941 990 998 1028 τὸν
1015 993 1105 1030 ἀπο-

79 1039 236 1077 στολικὸν
253 1043 336 1089 ἡμῖν
351 1040 568 1092 προτείνουσι
587 1041 687 1092 λόγον
699 1042 757 1079 τὸν
775 1041 902 1093 ἀρτίως
916 1045 1002 1093 ἡμῖν
1017 1046 1108 1082 ὑπα-

77 1092 331 1142 ναγνωσθέντα.
370 1086 481 1141 Eine,
519 1094 623 1145 φησὶ,
657 1094 796 1137 Παῦλος
817 1094 857 1132 τὸ
889 1100 1009 1140 σκεῦος
1044 1099 1106 1143 τ’ῆς

77 1146 222 1196 ἐκλογῆς
235 1175 244 1191 ,
273 1148 290 1183 ὃ
311 1145 493 1196 Πνεύματι
512 1147 600 1199 ἁγίῳ
623 1147 808 1190 ’διαπαντὸς
824 1146 1104 1198 κυὸερνώμενος,

77 1198 154 1249 Οὐχ
176 1198 193 1235 ὂ
213 1198 300 1235 θέλω
315 1227 324 1245 ,
344 1203 443 1236 τοῦτο
465 1202 575 1246 ποιῶ,
597 1199 675 1237 ἀλλ’
692 1199 711 1236 ὅ
735 1203 843 1250 μισῶ,
863 1205 964 1238 τοῦτο
988 1202 1105 1254 πράσ-

77 1242 365 1301 σιι1.“Συνηδομαι
380 1253 430 1303 τῷ
459 1251 555 1304 νόμῳ
572 1256 631 1289 τοῦ
649 1254 741 1290 Θεοῦ
762 1252 854 1290 κατὰ
880 1253 937 1291 τὸν
959 1252 1026 1292 ἔσω
1044 1254 1103 1292 ἄν·

77 1305 230 1355 ορωπον“
255 1303 373 1354 βλέπω
396 1305 431 1341 δὲ
452 1303 567 1356 ἕτερον
597 1303 702 1355 νόμον
734 1307 768 1343 ἐν
802 1311 872 1347 τοῖς
893 1305 1014 1355 μέλεσί
1037 1322 1102 1357 μου

76 1356 426 1409 ἀντιστρατευόμενον
441 1359 491 1408 τῷ
510 1356 606 1410 νόμῳ
621 1363 680 1396 τοῦ
694 1357 767 1400 νοός
787 1372 852 1407 μου
867 1386 876 1403 ,
892 1358 951 1395 καὶ
972 1361 1104 1411 αἰχμα-

74 1408 264 1452 λωτίζοντά
284 1425 326 1459 με
343 1413 393 1460 τῷ
411 1408 508 1460 νόμῳ
527 1414 589 1456 τῆς
609 1409 795 1461 ἁμαρτίας.
820 1411 926 1447 Φιλεῖ
945 1418 1013 1454 πᾶς
1041 1428 1102 1464 φι-

73 1462 317 1513 λαμαρτήμων
342 1463 452 1514 εὑρεῖν
472 1462 658 1513 πρόσωπον
680 1461 877 1506 ἀξιόπιστον
908 1478 1100 1515 συναγωνι-

73 1514 215 1564 ζόμενον
236 1516 337 1552 αὐτοῦ
355 1519 398 1560 τῆ
427 1514 601 1566 ἁμαρτίᾳ,
618 1515 676 1553 καὶ
704 1514 815 1561 ἡδέως
848 1515 1102 1568 κατατρέχουσι

72 1569 140 1604 τῶν
162 1558 388 1615 ἀποστόλων,Ι
400 1569 465 1618 οὐχ
483 1566 538 1604 ἵνα
556 1568 706 1622 ἐκείνους
724 1567 928 1619 ὑὸρίσωσιν,
944 1569 1022 1606 ἀλλ’
1045 1569 1101 1606 ἵνα

71 1621 202 1663 ἑαυτοῖς
217 1619 405 1671 ἀπολογίαν
420 1619 645 1673 πορίσωνται.
660 1622 762 1668 Εἰπε,
780 1620 899 1673 φησὶν,
916 1623 933 1658 ὅ
949 1622 1102 1666 ΠαῦλοςΔ

71 1667 164 1711 Οἶδα
179 1673 247 1725 γὰρ
265 1673 319 1711 ὅτι
339 1675 400 1710 οὐκ
420 1674 506 1710 οἰκεῖ
522 1676 556 1711 ἐν
573 1673 663 1723 ἐμοὶ,
679 1673 870 1721 τουτέστιν,
887 1675 920 1711 ἐν
935 1677 978 1725 τῇ
997 1674 1101 1727 σαρκί

70 1741 150 1775 μου,
171 1725 310 1777 ἀγαθόν.
330 1727 374 1763 Εἰ
401 1725 513 1763 τοίνυν
543 1728 576 1764 ἐν
598 1725 729 1778 Παύλῳ
753 1727 814 1763 οὐκ
844 1728 931 1764 οἰκεῖ
958 1728 1099 1782 ἀγαθὸν,

68 1782 164 1825 πῶς,
183 1778 300 1831 φησὶν,
322 1781 355 1816 ἐν
378 1779 456 1829 ἐμοὶ
481 1779 656 1831 ἐνδέχεται
672 1781 800 1831 ἀγαθοῦ
828 1779 1042 1835 κατοίκησιᾊ
1051 1784 1098 1818 εἰ-

67 1846 144 1877 ναι,
165 1833 224 1869 καὶ
246 1833 375 1882 ἀγαθοῦ
396 1831 553 1882 μετέχειν
573 1831 656 1881 ἐμὲ,
673 1831 732 1869 καὶ
748 1833 876 1882 ἀγαθοῦ
894 1832 988 1883 ῥίζαν
1009 1837 1098 1871 εἰναι

67 1887 103 1923 ἐν
122 1884 221 1932 ἐμοί,
248 1886 292 1922 Εἰ
318 1883 376 1922 τὸν
398 1888 560 1922 τοσοῦτον
593 1885 703 1937 ἄνδρα
734 1883 938 1936 εὑρίσκομεν
965 1887 1096 1937 αἰχμα-

66 1922 296 1988 λωτιζόμενον
314 1941 355 1988 τῇ
378 1936 550 1989 ἁμαρτίᾳ,
571 1937 686 1981 καθὼς
703 1937 805 1980 αὐτὸς
833 1936 1042 1989 διεσάφησε,
1064 1938 1097 1976 τί

65 1991 150 2042 πρὸς
170 1989 233 2041 ἐμὲ
255 1990 312 2028 τὸν
332 1990 468 2042 οἰκτρὸν
488 1990 547 2027 καὶ
572 1993 614 2042 τῇ
642 1989 798 2041 ἁμαρτίᾳ
820 1990 1095 2055 δεδουλωμένογς

64 2042 143 2082 Ἵνα
159 2043 273 2082 τοίνυν
295 2042 343 2093 μὴ
365 2043 423 2081 δύο
437 2042 584 2094 γένηται
604 2045 737 2095 φαῦλα,
755 2042 814 2080 καὶ
835 2046 852 2080 ὃ
868 2044 1096 2087 ἀποστολικος

64 2099 325 2148 συκοφαντῆται
350 2095 450 2147 λόγος
463 2123 472 2140 ,
489 2096 548 2133 καὶ
565 2099 666 2145 ἡμεῖς
686 2098 819 2138 ἑαυτοῖς
839 2094 1095 2163 ἅδειανχὰμῖαρ-

64 2149 230 2200 τημάτων
246 2147 486 2200 ποριζώμεθα,
504 2147 690 2198 ἀναγκαῖόν
708 2151 782 2186 ἐστι
798 2154 915 2186 πᾶσαν
929 2163 992 2195 την
1011 2164 1095 2212 ατὶο-

63 2201 225 2249 στολικὴν
254 2201 449 2244 ἀναπτύξαι
483 2201 649 2239 διάνοιαν.
683 2200 833 2238 Πάντων
873 2200 985 2238 τοίνυν
1026 2217 1095 2239 των

63 2254 380 2307 ἀαφιὲαλλομένων
415 2256 448 2291 ἐν
483 2260 560 2297 ταῖς
588 2255 744 2306 Γραφαῖς
773 2252 895 2298 λύσις,
917 2256 939 2300 ἦ
974 2254 1095 2292 ὑπόθε-

61 2292 127 2352 σίς.
153 2307 263 2345 εὈταν
288 2307 355 2360 γάρ
387 2323 438 2350 τις
468 2309 539 2359 γνῷ
573 2306 632 2344 τὸν
663 2305 791 2344 σκοπὸν
823 2308 882 2343 τοῦ
916 2305 1093 2357 λέγοντος,

59 2360 118 2399 καὶ
153 2361 237 2413 πρὸς
271 2359 368 2403 τίνας
402 2362 420 2397 ὁ
451 2359 550 2411 λόγος
573 2389 582 2405 ,
618 2359 678 2397 καὶ
709 2357 790 2411 περὶ
818 2357 943 2406 τίνων,
979 2361 1093 2412 εὐκρι-

58 2416 100 2459 νῆ
120 2413 180 2451 καὶ
208 2412 403 2465 ἀσύγχυτον
439 2411 632 2450 ἀποδίδωσι
664 2413 733 2449 τῶν
760 2410 872 2463 λόγων
908 2411 972 2458 τὴν
1008 2416 1093 2450 θεω-

61 2467 151 2518 ρίαν.
803 2515 811 2529 l
958 2517 967 2531 Ι

110 2519 154 2556 Ὁ
187 2518 390 2565 ἀπόστολος,
406 2516 462 2555 ἵνα
491 2524 594 2570 σαφεῖ
621 2517 681 2556 καὶ
709 2532 870 2569 συντομῳ
898 2532 1091 2569 χρησωμαι

55 2571 166 2623 λόγῳ,
183 2573 424 2624 ἀναζωγραφεῖ
454 2571 569 2609 εἰκόνα
587 2570 716 2613 παντὸς
734 2574 793 2607 τοῦ
811 2570 1013 2635 ἀνθρώπου,
1029 2574 1089 2608 τοῦ

55 2640 92 2662 τε
112 2624 327 2666 πλασθέντος
347 2625 406 2661 ἀπ’
427 2625 559 2677 ἀρχῆς,
583 2623 643 2661 καὶ
671 2628 732 2661 τοῦ
761 2624 1088 2675 παιδαγωγηθεντος

55 2678 90 2714 ἐν
107 2676 225 2727 νόμω,
246 2676 306 2715 καὶ
323 2680 383 2714 τοῦ
408 2676 695 2727 ἐλευθερωθέντος
707 2678 741 2713 ἐν
761 2675 902 2732 χάριτι·
921 2675 981 2713 καὶ
1004 2678 1087 2713 ἀνα-

55 2716 251 2782 ζωγραςρεὶ,
278 2732 324 2772 ὡς
352 2731 385 2767 ἐν
425 2729 549 2775 εἰκόνι,
569 2731 617 2781 τῷ
645 2728 750 2781 λόγῳ.
772 2729 819 2766 Τί
850 2732 909 2766 οὖν
941 2730 958 2765 ὁ
975 2728 1087 2780 Ἀδὰμ

54 2783 123 2833 πρὸ
136 2784 198 2827 τῆς
224 2783 388 2829 ἐντολῆς,
407 2782 466 2819 καὶ
484 2781 537 2826 τίς
556 2783 691 2833 ἐγένετο
722 2781 810 2832 μετὰ
840 2779 902 2828 τὴν
923 2781 1064 2828 ἐντολήν
1077 2798 1084 2804 ·

1075 2812 1085 2830 ⁷
1097 2817 1144 2842 190

2080 185 2104 225 8
2113 182 2168 226 5ὲῖ

1181 262 1230 299 ris
1243 262 1291 300 ad
1303 264 1458 302 absurda
1478 268 1690 318 spectacula,
1708 284 1820 320 neque
1836 276 2013 313 extraneis
2028 278 2171 316 cantile-

1180 315 1236 351 nis
1247 315 1407 352 animum
1420 316 1603 357 adhibeas.
1618 320 1720 358 Potes
1736 324 1828 360 enim
1844 326 1963 364 animo
1981 337 2041 365 tuo
2059 330 2171 382 impe-

1179 379 1271 414 rare,
1287 366 1369 404 licet
1383 367 1487 406 illum
1499 384 1519 406 a
1533 373 1787 412 consuetudine
1801 376 1931 414 abduci
1947 380 2080 419 videas.
2093 385 2170 421 Non

1179 432 1215 455 es
1229 432 1362 467 servus,
1374 420 1436 457 sed
1456 421 1568 471 libcr3
1586 437 1654 461 non
1675 425 1808 463 invitus
1821 430 1981 480 captivus
1996 434 2091 471 esiici
2109 450 2172 486 po-

1179 478 1243 518 tes,
1259 470 1321 508 sed
1348 471 1502 523 teipsum
1530 485 1654 526 sponte
1681 488 1824 529 peceato
1842 482 1978 519 vendis.
2001 486 2053 522 Ne
2073 500 2172 524 assu-

1179 536 1254 560 mas
1277 525 1508 574 apostolicam
1536 541 1660 566 vocem
1682 545 1689 565 :
1711 544 1793 568 cum
1819 533 2040 585 redargueris
2068 537 2116 574 ita
2134 551 2171 576 ut

1178 588 1305 612 areana
1325 577 1443 615 cordis
1465 587 1667 630 tangantur,
1692 597 1734 620 ne
1750 583 1847 622 dieas
1864 601 1872 621 ε
1888 588 1984 624 Num
2003 602 2085 639 ergo
2104 591 2171 628 for-

1176 627 1246 665 tior
1273 642 1352 665 sum
1378 630 1490 669 Paulo
1512 631 1663 682 dicente,
1683 636 1774 673 Il'on
1800 639 1906 688 quod
1929 641 2024 678 volo
2035 643 2166 694 facte,
2184 656 2269 685 Rom.
2285 658 2370 694 7.1,5.

1176 681 1367 739 sed-quod
1390 684 1478 721 odio
1507 685 1645 733 habeo,
1666 688 1862 741 lzocfacio
1875 695 1892 727 Ρ
1911 693 1964 730 Ne
1983 704 2170 733 consuetu·
2189 705 2236 735 Ι9·

1175 731 1253 770 dini
1272 734 1440 783 serviens,
1456 736 1580 775 divina
1606 739 1714 778 verba
1742 741 1969 782 calumnieris
1988 761 1995 781 :
2014 760 2057 784 nc
2071 756 2170 786 tuam

1151 796 1153 798 ·
1175 785 1326 837 implens
1341 787 1828 843 cupiditatem,apostolicam
1848 796 2075 836 calumnieris
2093 814 2170 838 sen-

1174 838 1333 876 tentiam.
1354 840 1464 879 Multi
1479 842 1574 880 enim
1593 857 1686 895 saepc
1707 846 1907 886 obtendunt
1926 852 2169 892 exeusationes

1174 891 1209 928 in
1240 893 1418 943 peccatis,
1443 903 1476 932 et
1501 897 1737 946 apostolieum
1765 900 1866 939 nobis
1898 901 2049 944 dictum‘
2060 918 2168 957 oppo-

1172 953 1283 993 nunt,
1316 945 1414 995 quod
1445 947 1551 985 modo
1583 949 1799 1001 legebamus.
1832 954 1954 1003 Dixit,
1988 956 2167 1007 inquiunt,

1173 996 1317 1044 Paulus,
1334 1011 1399 1036 vas
1424 999 1621 1050 electionis,
1644 1003 1704 1053 qui
1725 1019 1746 1042 a
1774 1005 1913 1057 Spiritu
1935 1018 2056 1047 sancto
2073 1025 2167 1048 sem-

1172 1063 1234 1100 per
1257 1051 1461 1101 regebatur,
1479 1055 1571 1091 Non
1590 1057 1696 1106 qaod
1720 1058 1813 1094 volo
1822 1060 1954 1111 facio,
1978 1064 2047 1100 sed
2062 1066 2168 1115 quod
2184 1082 2260 1109 [hid.
2275 1094 2287 1109 v
2318 1091 2366 1110 22,

1172 1103 1260 1139 odio
1273 1105 1412 1151 habeo,
1431 1106 1636 1159 lzocsczcz'o.
1655 1110 1910 1150 Condelector
1929 1114 2006 1166 legi
2021 1117 2098 1153 Dei
2110 1132 2164 1154 se·
2182 1124 2231 1151 23.

1171 1157 1341 1193 cundum
1372 1160 1594 1197 interiorem
1626 1162 1822 1200 hominem
1848 1181 1862 1201 .-
1889 1167 2005 1204 video
2036 1178 2165 1207 autem

1172 1208 1297 1245 aliam
1328 1210 1448 1261 legem
1477 1214 1518 1248 in
1543 1216 1723 1252 membris
1751 1219 1858 1263 meis,
1888 1231 2164 1271 repugnantem

1170 1260 1246 1313 legi
1257 1265 1396 1300 mentis
1411 1277 1518 1311 mese,
1533 1274 1569 1302 et
1581 1270 1844 1317 captivantem
1859 1284 1919 1308 me
1929 1274 1970 1308 in
1984 1274 2066 1324 lege
2075 1289 2163 1325 pec-

1169 1317 1261 1351 cati.
1279 1315 1384 1352 Amat
1404 1316 1566 1367 quisquis
1583 1329 1725 1369 peccato
1742 1321 1907 1360 addictus
1930 1333 1993 1374 est,
2016 1326 2089 1364 fide
2108 1327 2163 1365 di-

1168 1378 1279 1415 gnum
1299 1368 1504 1419 quempiam
1525 1372 1693 1423 reperire,
1717 1374 1779 1423 qui
1799 1385 1942 1426 peceato
1963 1391 2026 1416 suo
2045 1388 2162 1430 patro-

1125 1422 1149 1451 D
1167 1418 1306 1456 einetur
1328 1435 1336 1455 :
1361 1430 1394 1458 et
1412 1421 1564 1460 libenter
1582 1426 1732 1463 recurrit
1754 1426 1801 1464 ad
1820 1429 2012 1479 apostolos,
2039 1445 2106 1469 non
2124 1442 2162 1470 ut

1167 1469 1240 1508 illis
1269 1473 1500 1523 convicietur,
1520 1476 1581 1514 sed
1614 1486 1652 1514 ut
1679 1479 1748 1516 sibi
1778 1479 2018 1520 defensionem
2043 1494 2156 1536 paret.

1168 1522 1280 1569 Dicit,
1299 1524 1426 1575 inquit,
1451 1528 1584 1567 Paulus
1608 1545 1615 1564 :
1636 1530 1722 1568 Seio
1743 1535 1846 1570 enim
1871 1537 1965 1585 quia
1991 1550 2068 1573 non
2087 1539 2160 1576 Ιια-
2174 1554 2251 1583 [bid.
2271 1566 2298 1583 v.
2316 1557 2361 1586 13,

1169 1577 1267 1614 hitat
1294 1579 1336 1613 in
1362 1592 1434 1624 me,
1453 1581 1525 1617 hoc
1547 1591 1614 1629 est,
1629 1585 1670 1619 in
1692 1598 1810 1622 carne
1827 1600 1924 1636 mea,
1942 1590 2096 1627 bonnm.
2121 1592 2160 1629 Si

1166 1642 1249 1679 ergo
1269 1629 1305 1666 in
1326 1631 1437 1668 Panlo
1457 1632 1590 1671 bonum
1612 1649 1680 1672 non
1701 1636 1850 1686 habitat,
1863 1641 2040 1688 quomodo
2054 1642 2091 1680 in
2105 1657 2161 1681 me

1167 1680 1328 1720 habitare
1347 1685 1490 1734 potest?
1511 1687 1692 1736 quomodo
1712 1703 1857 1740 possum
1876 1692 2011 1730 bonum
2030 1703 2160 1744 tenere,

1166 1743 1200 1771 et
1222 1735 1307 1772 boni
1330 1736 1488 1775 radicem
1508 1738 1544 1776 in
1563 1754 1619 1778 me
1638 1740 1793 1780 habere?
1815 1743 1855 1782 Si
1875 1752 2014 1782 tantum
2040 1748 2162 1786 virum

1165 1785 1368 1827 invenimus
1394 1791 1530 1842 peccati
1557 1793 1757 1845 captivum,
1776 1803 1815 1832 ut
1845 1796 1922 1848 ipse
1952 1798 2160 1847 declaravit,

1163 1840 1252 1890 quid
1266 1841 1311 1879 de
1330 1856 1386 1880 me
1407 1842 1574 1882 dixeritis
1596 1846 1724 1884 misero
1739 1856 1772 1885 et
1795 1848 1832 1885 in
1853 1851 1991 1901 peceati
2006 1853 2160 1891 servitu-

1163 1901 1276 1931 tutem
1294 1894 1461 1933 redacto?
1482 1898 1535 1934 Ne
1550 1897 1663 1949 igitur
1683 1899 1755 1937 duo
1774 1900 1858 1939 hinc
1874 1903 1967 1940 mala
1986 1904 2159 1955 oriantur,

1163 1958 1208 1982 ne
1222 1946 1357 1985 scilicet
1375 1949 1611 2000 apostolicum
1636 1953 1788 1990 verbum
1812 1954 1988 1993 calumnia
2006 1957 2158 2010 impeta-

1162 2006 1234 2045 tur,
1253 2008 1287 2036 et
1314 2014 1376 2038 nos
1407 2001 1490 2039 hinc
1518 2003 1688 2053 peccandi
1714 2005 1895 2044 licentiam
1924 2018 2157 2060 mutuemur,

1161 2065 1300 2089 necesse
1318 2062 1369 2090 est
1388 2055 1619 2105 apostolicam
1648 2066 1802 2095 mentem
1824 2068 1933 2097 totam
1965 2063 2156 2114 explicare.

1164 2104 1336 2142 Omnium
1352 2105 1463 2156 igitur
1479 2121 1556 2157 quae
1573 2108 1609 2146 in
1627 2110 1822 2161 Scripturis
1845 2124 2037 2152 occurrunt
2058 2115 2158 2153 diffi-

1164 2156 1336 2195 cultatum
1364 2158 1510 2209 solutio,
1525 2169 1578 2197 est
1603 2163 1804 2212 argumenti
1826 2166 1928 2204 ratio.
1950 2167 2043 2204 Cum
2062 2168 2157 2206 enim

1163 2209 1244 2259 quis
1270 2210 1422 2248 dicentis
1444 2225 1592 2264 scopum
1612 2215 1727 2262 novit,
1752 2215 1796 2253 de
1815 2217 1947 2267 quihus
1966 2233 2093 2272 nempe
2112 2221 2157 2259 sit

1164 2276 1292 2312 sermo,
1325 2264 1455 2313 quibus
1488 2265 1685 2317 dirigatur,
1711 2268 1852 2307 facilem
1879 2285 1943 2308 nee
1970 2272 2157 2311 obscuram

1163 2315 1296 2366 profert
1315 2316 1496 2355 dictorum
1512 2318 1851 2372 interpretationem.

1118 2212 1141 2241 E

1213 2519 1249 2554 Q.
1280 2517 1481 2569 Apostolus,
1501 2527 1540 2556 ut
1560 2519 1683 2570 paucis
1699 2529 1732 2558 et
1751 2521 1844 2560 clare
1862 2522 2000 2574 loquar,
2021 2525 2151 2578 imagi-

1159 2582 1239 2606 nem
1263 2570 1514 2608 universorum
1531 2571 1720 2610 hominum
1736 2573 1914 2627 depingit,
1933 2577 2008 2629 ejus
2027 2579 2088 2629 qui
2106 2581 2151 2618 ab

1158 2622 1259 2659 initio
1273 2622 1445 2660 formatus
1463 2632 1525 2672 est,
1540 2625 1615 2675 ejus
1632 2626 1694 2675 qui
1715 2626 1751 2664 in
1768 2627 1844 2679 lege
1862 2629 1931 2667 fuit
1948 2630 2146 2680 institutus,

1157 2675 1233 2726 ejus
1253 2675 1314 2725 qui
1336 2675 1372 2712 in
1401 2676 1512 2726 gratia
1536 2677 1736 2716 libertatem
1765 2680 1915 2733 adeptus
1935 2692 2006 2732 est,
2037 2684 2150 2736 ipsos-

1157 2742 1226 2778 que
1245 2727 1347 2777 quasi
1372 2727 1407 2764 in
1428 2728 1583 2781 imagine
1612 2731 1723 2769 verbo
1747 2732 1924 2785 depingit.
1950 2736 2042 2784 Quis
2064 2752 2148 2789 ergo

1158 2780 1275 2818 Adam
1294 2789 1367 2817 erat
1389 2790 1468 2818 ante
1492 2784 1739 2835 praeceptum?
1767 2795 1800 2823 et
1820 2787 1899 2836 quis
1919 2797 1997 2839 post
2016 2804 2147 2841 praeec-

54 2834 157 2872 ποίαν
187 2834 268 2885 ἔσχε
301 2835 518 2873 κατάστασιν
553 2836 588 2872 ἐν
610 2833 728 2886 νόμῳ,
747 2834 808 2872 καὶ
843 2833 946 2871 ποίαν
979 2833 1083 2872 ἔλαὸε
1108 2854 1134 2883 A
1153 2832 1281 2885 ptum?
1302 2847 1408 2883 quem
1426 2833 1554 2872 habuit
1581 2845 1713 2874 statum
1731 2837 1766 2875 in
1788 2839 1878 2890 lege,
1904 2850 1938 2878 et
1967 2842 2066 2892 quod
2084 2857 2146 2881 no-

52 2886 288 2938 προσηγορίαν
319 2889 352 2925 ἐν
383 2891 424 2939 τῇ
447 2887 585 2939 χάριτι;
606 2888 676 2925 Καὶ
707 2887 827 2939 ὥσπερ
846 2886 906 2925 ἐὰν
931 2886 1082 2952 σήμερον

53 2939 163 2991 λέγω,
181 2943 199 2977 ὁ
214 2940 304 2982 Θεὸς
333 2941 493 2986 ἐποίησεν
515 2943 609 2990 ἡμᾶς
629 2939 708 2977 κατ’
733 2939 848 2977 εἰκόνα
869 2939 928 2977 καὶ
954 2942 1082 2989 ὁμοιω-

54 3008 106 3030 σιν
128 2994 230 3029 αὐτοῦ
242 3021 252 3039 ,
269 2992 388 3038 ἐπειδὴ
405 2994 440 3030 δὲ
457 2993 662 3043 παρέὸημεν
681 2992 743 3039 τὴν
765 2991 918 3039 ἐντολὴν,
941 2991 1078 3038 &effi-4-

53 3048 162 3090 Οηαεν
184 3049 243 3083 τοῦ
271 3045 503 3095 παραδείσου,
527 3048 588 3083 οὐκ
617 3047 664 3088 εἷς
696 3047 817 3083 ἑαυτὸν
839 3044 1077 3107 ἀναλαμὸάνω

51 3085 108 3134 τὸν
133 3097 257 3148 λόγον,
292 3097 383 3135 ἀλλὰ
414 3097 476 3144 τὴν
506 3098 655 3149 ἀρχαίαν
687 3097 842 3152 ἱστορίαν
879 3099 925 3140 εἰς
955 3100 1076 3134 ἑαυτον

53 3151 213 3203 ἀναφέρω
230 3148 330 3197 (οὔτε
348 3149 415 3202 γὰρ
434 3151 643 3201 παράδεισον
674 3152 762 3188 εἶδον
776 3180 786 3198 ,
804 3150 881 3188 οὔτε
909 3149 1076 3214 παραδεί-

52 3218 111 3241 σου
129 3190 354 3250 ’ἀπεὲλῆθηη
377 3202 466 3241 ἀλλὰ
484 3207 543 3240 τοῦ
559 3202 690 3255 πατρὸς
718 3203 757 3241 τὸ
780 3203 908 3251 πάθος,
928 3202 987 3239 καὶ
1014 3217 1073 3239 τον

97 3350 108 3363 ³
133 3341 233 3372 Forte
251 3345 345 3378 ἱκανὸς
362 3346 418 3385 γὰρ
437 3343 462 3373 εἴ
476 3349 605 3384 κρατεῖν.

1153 2900 1233 2923 men
1249 2886 1385 2937 aceepit
1398 2885 1434 2923 in
1451 2887 1563 2937 gratia
1577 2888 1594 2925 ἶ)
1612 2891 1662 2926 Ac
1676 2891 1979 2940 quemadmodum
1995 2895 2023 2931 si
2040 2896 2148 2933 hodie

1151 2938 1290 2986 dixero,
1311 2939 1408 2976 Deus
1427 2940 1509 2977 feeit
1529 2955 1591 2979 nos
1609 2941 1658 2979 ad
1676 2942 1868 2994 imaginem
1887 2955 1920 2983 et
1936 2947 2146 2986 similitudi-

1149 3005 1230 3028 nem
1245 3005 1359 3041 suam,
1377 2991 1438 3029 sed
1453 2992 1536 3042 quia
1550 3005 1771 3047 praeceptum
1783 2999 1994 3049 transgressi
2007 3014 2145 3047 sumus,

1148 3044 1248 3094 ejecti
1269 3043 1405 3081 suimus
1423 3058 1468 3082 ex
1485 3046 1663 3097 paradiso,
1684 3063 1754 3086 non
1771 3051 1861 3087 mihi
1877 3065 2074 3090 sermonem
2090 3068 2144 3091 re—

1147 3097 1233 3145 fero,
1260 3095 1320 3133 sed
1341 3105 1496 3135 veterem
1514 3098 1701 3138 historiam
1728 3103 1818 3140 mihi
1846 3113 1966 3155 repeto
1993 3108 2004 3152 (
2032 3119 2144 3155 neque

1144 3149 1239 3186 enim
1263 3149 1471 3200 paradisum
1500 3151 1589 3201 vidi,
1617 3167 1728 3205 neque
1748 3169 1793 3192 ex
1808 3156 1974 3207 paradiso
2012 3158 2143 3208 ejectus

1144 3215 1224 3239 sum
1238 3232 1247 3251 ,
1265 3201 1326 3240 sed
1347 3204 1460 3255 patris·
1474 3218 1669 3244 aerumnam
1684 3215 1716 3244 et
1734 3208 1888 3259 priscam
1905 3209 2141 3246 calamitatem
