2481 3678
269 192 361 251 468
716 207 754 238 S.
792 208 980 239 JoANle
1020 209 1263 240 cuuvsos‘r.

267 303 452 340 sequemur
490 288 594 340 bona,
634 290 747 341 gratia
784 300 818 329 01
856 291 1072 343 benignitate
1107 292 1250 330 Domini

267 351 376 389 nostri
397 352 480 390 Jesu
498 351 647 402 Christi,
663 352 809 404 quicum
824 352 921 391 Patri
940 353 1053 405 gloria
1074 353 1251 404 simulque

267 412 416 464 Spiritui
435 422 573 461 sancto,
595 412 631 450 in
650 412 778 451 saecula
794 413 1017 453 saeculorum.
1032 415 1153 452 Amen.

567 814 778 852 HOMILIA
807 812 939 851 LXIX.

264 940 350 975 (lma.
367 937 452 976 ΧΠ.
477 950 512 974 v.
541 937 605 975 42
639 938 911 975 Verumtamen
938 950 984 973 ex
1010 935 1246 986 principibus

315 1000 428 1037 multi
443 1000 687 1038 crediderunt
703 1001 743 1036 in
759 1012 862 1042 emm
873 997 942 1035 sed
961 1005 1117 1047 propter
1140 996 1246 1033 Pha-

316 1061 445 1096 risaeos
470 1072 548 1096 non
571 1058 876 1110 confitebantur,
912 1063 952 1092 ut
980 1055 1027 1092 de
1045 1065 1248 1104 synagoga

318 1133 395 1156 non
415 1121 654 1171 ejicerentur.
677 1118 742 1155 45.
773 1117 1004 1154 Dilexerunt
1033 1116 1136 1152 enim
1162 1114 1246 1165 glo-

317 1181 415 1217 riam
432 1180 629 1217 hominum
646 1180 768 1229 magis
788 1189 906 1228 qaam
923 1175 1089 1227 gloriam
1108 1174 1197 1211 Dei.

125 1323 252 1350 A=xanitia
320 1311 353 1346 1.
384 1308 490 1347 Pravi
504 1321 623 1346 omncs
636 1305 744 1344 animi
766 1305 913 1343 affectus
932 1303 1076 1342 omnino
1091 1301 1251 1354 fugiendi

66 1417 110 1432 m
67 1374 252 1433 ³:¹¹{ls'mu
265 1370 368 1409 nobis
380 1379 475 1420 sunt·
490 1368 547 1407 sed
562 1368 666 1419 longe
674 1366 787 1418 magis
798 1366 823 1404 ii
838 1365 1010 1417 quiplula
1021 1363 1250 1417 pariu-ntpec

264 1442 367 1472 cata:
384 1431 537 1484 exempli
554 1443 701 1479 causa,
691 1427 860 1476 avaritia,
875 1440 951 1478 quae
963 1439 1008 1464 ex
1021 1439 1056 1463 se
1073 1424 1191 1477 gravis
1201 1432 1251 1462 est

264 1494 429 1544 morbus,
446 1492 508 1532 sed
524 1492 626 1543 longe
645 1490 788 1543 gravior
804 1457 974 1537 efficitur,
995 1486 1077 1538 quia
1092 1485 1197 1524 radix
1218 1494 1251 1523 et

265 1565 375 1594 mater
391 1564 442 1593 051
457 1554 617 1592 omnium
647 1552 833 1590 malorum.
855 1547 1043 1602 Ejusmodi
1067 1556 1116 1585 est
1138 1547 1251 1585 inanis

264 1616 390 1668 gloria.
417 1615 511 1653 Ecce
530 1614 567 1651 hi
591 1614 637 1651 ob
666 1611 785 1664 gloriae
813 1609 1015 1662 cupidinem
1035 1623 1054 1646 a
1070 1607 1142 1646 fide
1169 1615 1250 1646 sunt

264 1677 391 1716 avulsi.
411 1677 505 1714 Nam
521 1677 655 1723 Multi,
677 1674 741 1724 ait,
760 1688 807 1710 ex
824 1672 1060 1724 principibus
1077 1670 1248 1709 credide-

264 1747 355 1776 runt
370 1741 411 1776 in
426 1751 528 1783 emm
547 1738 615 1775 sed
629 1743 783 1788 propter
811 1733 969 1772 Jadoeos
990 1745 1067 1770 non
1092 1732 1250 1784 confite-

268 1802 423 1849 bantur,
458 1808 499 1837 ιιι
531 1800 578 1836 tle
605 1809 807 1848 synagoga
838 1807 915 1831 non
943 1795 1181 1846 ejicerentur.
1208 1790 1251 1831 Id

69 1870 152 1896 Jamu
167 1866 250 1906 544.
267 1861 364 1912 quod
381 1861 452 1899 illis
465 1874 570 1912 supra
589 1858 730 1896 dicebat
753 1872 761 1893 :
783 1855 979 1907 Quomodo
996 1857 1153 1906 potestis
1171 1867 1250 1891 cre-

267 1923 369 1969 dere,
396 1922 561 1974 gloriam
585 1922 633 1957 ab
653 1921 817 1956 invicem
845 1917 1088 1967 accipientes,
1109 1922 1144 1952 et
1162 1914 1250 1966 glo—

268 1987 366 2022 riam
369 1997 474 2036 ,quse
492 1996 517 2020 a
535 1982 616 2020 solo
633 1981 718 2018 Deo
734 1986 801 2027 est,
823 1991 899 2014 non
919 1984 1151 2028 quaerentes.
1147 1979 1160 2003 ³
1173 1976 1251 2013 Non

267 2059 304 2082 01
306 2059 350 2096 “o
364 2043 541 2097 plincipes
557 2049 676 2090 erant,
693 2039 751 2078 scd
768 2038 883 2085 servi,
899 2046 1055 2075 exttema
1070 2035 1252 2074 servitute.

270 2106 444 2143 Caeterum
463 2104 521 2141 hie
539 2111 658 2156 postea
678 2101 783 2139 timor
805 2099 964 2138 sublatus
982 2107 1044 2136 est.
1067 2098 1253 2148 Nusquam

269 2166 361 2203 cuim
388 2166 455 2204 sub
489 2164 657 2217 apostolis
683 2163 750 2200 hoc
776 2161 899 2198 morbo
927 2168 1047 2211 captos
1078 2158 1251 2196 videmus.

270 2228 360 2265 Nam
383 2236 465 2264 tuuc
481 2234 513 2263 et
531 2223 710 2277 principes
738 2231 770 2259 01
795 2219 993 2259 sacerdotes
1013 2217 1249 2256 crediderunt.

270 2288 396 2326 Gratia
427 2287 521 2326 enim
556 2285 711 2339 Spiritus
748 2281 997 2335 superveniens
1026 2281 1106 2318 illos
1134 2294 1254 2319 01111105

270 2349 454 2387 adamante
478 2347 652 2386 firmiores
677 2343 844 2383 reddidit.
867 2342 957 2380 Cum
983 2340 1094 2392 igitur
1118 2340 1187 2378 hoc
1211 2354 1254 2378 ne

271 2419 353 2447 tuuc
367 2409 545 2447 crederent
559 2405 756 2460 impediret,
768 2403 851 2441 audi
866 2401 953 2454 quid
967 2401 1060 2439 dicat
1077 2417 1083 2438 :
1097 2401 1160 2438 44.
1179 2402 1254 2453 Qui

272 2473 391 2510 credit
407 2474 448 2509 in
466 2484 538 2517 mc,
562 2483 639 2506 non
657 2467 778 2505 credit
794 2468 835 2502 in
853 2479 925 2510 me,
941 2464 1009 2502 sed
1026 2465 1067 2501 in
1085 2477 1170 2500 eum
1185 2466 1253 2515 qui

273 2536 372 2570 misit
395 2546 468 2577 rne5
483 2545 523 2568 ac
541 2529 568 2568 si
586 2529 738 2577 diceret,
763 2527 837 2565 Cur
862 2524 994 2563 timetis
1013 2524 1048 2561 in
1065 2537 1122 2562 me
1135 2523 1252 2561 crede-

273 2595 332 2632 109
357 2594 441 2631 fides
457 2608 518 2645 per
536 2606 592 2630 me
610 2590 735 2629 transit
751 2589 786 2627 in
806 2589 939 2636 Deum,
962 2595 1001 2624 ut
1019 2586 1124 2624 etiam
1139 2586 1251 2624 incre·

95 2653 372 2700 gu1,‚12„1,.dulit
368 2668 413 2691 15
442 2652 535 2693 xide
567 2666 637 2703 quo
662 2659 764 2703 pacto
788 2663 849 2702 pel
873 2648 991 2686 omnia
1021 2647 1255 2685 substantiam

1265 2683 1311 2709 2⁴09

1306 213 1331 240 A
1341 211 1520 241 RCHIEI'.
1561 209 1928 241 CONSTANTINOP-

1323 305 1382 339 τοῦ
1421 302 1600 353 Χριστοῦ,
1637 300 1695 339 καὶ
1739 300 1927 352 τευξόμεθα
1964 302 2032 338 τῶν
2075 302 2345 353 ἐπηγγελμένων

1322 364 1472 414 ἀγαθῶν,
1501 361 1620 414 χάριτι
1648 360 1707 399 καὶ
1733 360 1975 414 φιλανθρωπίᾳ
2004 367 2063 400 τοῦ
2093 362 2220 415 Κυρίου
2242 366 2342 413 ἡμῶν

1322 424 1436 470 Ἰησοῦ
1457 424 1631 476 Χριστοῦ,
1662 423 1735 472 μεθ’
1763 416 1802 460 οὗ
1825 425 1875 474 τῷ
1900 423 2017 474 Πατρὶ
2044 426 2066 469 ἡ
2094 422 2173 467 δόξα
2202 424 2276 475 ἅμα
2294 427 2344 476 τῷ

1322 484 1409 537 ἁγίῳ
1454 483 1657 533 Πνεύματι,
1702 484 1749 525 εἷς
1794 481 1872 526 τοὺς
1910 485 2035 527 αἰῶνας
2078 485 2147 521 τῶν
2193 485 2340 523 αἰώνων.

1316 545 1445 595 Ἀμήν.

1273 811 1296 840 C
1702 808 1880 846 ΟΜΙᾹΙΑ
1909 805 1968 852 ξο’.

1316 930 1442 981 Ὅμως
1472 931 1588 981 μέντοι
1607 930 1666 969 καὶ
1692 932 1731 968 ἐκ
1755 932 1826 968 τῶν
1844 930 2023 982 ἀρχόντων
2042 928 2164 967 πολλοὶ
2185 928 2341 967 ἐπίστευ·

1371 1007 1434 1029 σαν
1451 994 1499 1036 εἷς
1515 991 1615 1030 αὐτόν
1630 1007 1637 1015 ·
1658 991 1748 1030 ἀλλὰ
1766 990 1822 1029 διὰ
1837 989 1922 1034 τοὺς
1931 989 2149 1042 Φαρισαίους
2167 991 2232 1042 οὐχ
2249 991 2346 1040 ὡμο-

1369 1051 1505 1102 λόγουν,
1530 1052 1587 1090 ἵνα
1613 1051 1661 1102 μὴ
1694 1051 1959 1102 ἀποσυνάγωγοι
1979 1048 2159 1103 γένωνται.
2182 1050 2347 1101 Ἠγάπη-

1373 1126 1436 1150 σαν
1461 1111 1527 1162 γὰρ
1557 1111 1620 1158 τὴν
1641 1110 1741 1155 δόξαν
1757 1113 1827 1149 τῶν
1845 1111 2035 1164 ἀνθρώπων
2067 1110 2225 1161 ἀμᾶλλον
2252 1110 2348 1162 ἤπερ

1373 1171 1437 1218 τὴν
1454 1170 1554 1216 δόξαν
1572 1174 1631 1209 τοῦ
1646 1174 1751 1210 Θεοῦ.

1373 1303 1497 1342 Πάντα
1515 1304 1576 1356 μὲν
1596 1303 1733 1357 φεύγειν
1751 1304 1914 1356 ὁμοίως
1897 1309 1981 1355 ημῖν
2000 1305 2189 1355 ἀναγκαῖον
2216 1302 2258 1341 τὰ
2284 1302 2348 1350 τὴν

1320 1365 1435 1419 ψυχὴν
1456 1366 1699 1420 διαφθείροντα
1717 1367 1836 1413 πάθη·
1859 1367 1980 1404 πολλῶ
1998 1365 2034 1404 δὲ
2056 1365 2192 1404 πλέον’
2177 1371 2289 1405 εκεῖνα
2305 1365 2350 1402 τὰ

1275 1432 1299 1461 D
1323 1427 1436 1466 πολλὰ
1464 1428 1523 1466 καὶ
1542 1427 1611 1472 ἐξ(
1598 1444 1728 1466 εαυτων
1751 1427 1914 1466 τίκτοντα
1935 1426 2196 1480 ἁμαρτήματα·
2223 1421 2292 1465 οἷόν
2315 1443 2351 1464 τι

1322 1489 1430 1541 λέγω,
1449 1493 1470 1536 ἡ
1495 1488 1715 1542 φιλαργυρία.
1733 1488 1841 1527 ’Έστι
1862 1489 1925 1540 μὲν
1946 1492 2004 1526 οὖν
2024 1490 2100 1526 καθ’
2120 1489 2222 1526 ἑαυτὸ
2241 1488 2348 1527 δεινὸν

1322 1550 1361 1589 τὸ
1380 1550 1518 1602 νόσημα
1532 1566 1540 1574 ·
1557 1551 1677 1603 πολλῷ
1696 1549 1731 1588 δὲ
1748 1525 1883 1602 γίνετάι
1901 1549 2162 1602 χαλεπώτερον,
2190 1550 2242 1588 ὅτι
2272 1549 2348 1602 ῥίζα

1322 1610 1382 1649 καὶ
1403 1611 1520 1664 μήτηρ
1546 1611 1621 1649 ἐστὶ
1646 1609 1786 1649 πάντων
1806 1613 1875 1648 τῶν
1894 1613 2024 1648 κακῶν.
2052 1612 2217 1650 Τοιοῦτον
2243 1610 2302 1648 καὶ
2325 1614 2347 1656 ἡ

1322 1672 1507 1716 κενοδοξία.
1538 1671 1627 1710 Ἰδοὺ
1654 1675 1735 1723 γοῦν
1762 1672 1820 1710 καὶ
1849 1665 1941 1709 οὗτοι
1963 1674 2026 1717 τ’ῆς
2042 1671 2192 1715 πίστεως
2215 1670 2273 1709 διὰ
2292 1671 2350 1710 τὸν

1323 1737 1383 1781 τῆς
1409 1732 1507 1781 δόξης
1534 1734 1784 1787 ἀπεῤῥάγησαν
1816 1731 1940 1784 ἔρωτα.
1973 1731 2106 1770 Πολλοὶ
2127 1732 2211 1785 γὰρ,
2233 1732 2350 1785 φησὶν,

1323 1795 1382 1834 καὶ
1410 1797 1449 1834 ἐκ
1478 1797 1548 1832 τῶν
1577 1795 1757 1848 ἀρχόντων
1777 1794 1986 1833 ἐπίστευσαν
2008 1796 2055 1838 εἷς
2085 1793 2211 1832 αὐτόν·
2238 1794 2295 1833 διὰ
2314 1795 2350 1833 δὲ

1323 1856 1400 1900 τοὺς
1416 1855 1603 1899 Ιουοαίους
1623 1872 1661 1893 ου
1664 1872 1689 1908 s
1707 1854 1958 1907 ὣμολόγουν,“
1946 1871 1999 1893 ινα
2021 1855 2069 1906 μὴ
2086 1855 2351 1907 ἀποσυνάγωγοι

1324 1916 1525 1969 θγένωνται.
1551 1917 1670 1969 (Ὀπερ
1694 1920 1751 1955 οὖν
1773 1915 1832 1954 καὶ
1851 1917 1966 1959 αὐτοῖς
1987 1916 2115 1954 ἀνωθεν
2135 1916 2244 1969 ἔλεγε.
2268 1918 2351 1960 Πῶς

1324 1977 1469 2016 δύνασθε
1483 1976 1672 2026 πιστεύειν,
1695 1976 1794 2021 δόξαν
1817 1979 1897 2028 παρ’
1924 1976 2086 2023 ἀλληλων
2102 1977 2319 2028 λαμὸάνοντε
2324 1995 2352 2024 ς,

1324 2039 1382 2078 καὶ
1397 2039 1461 2086 τὴν
1476 2038 1575 2083 δόξαν
1593 2037 1656 2085 τὴν
1670 2038 1766 2090 παρὰ
1786 2042 1845 2076 τοῦ
1867 2037 1972 2088 μόνου
1992 2039 2084 2076 Θεοῦ
2101 2040 2139 2076 οὐ
2154 2039 2353 2085 ζητοῦντες

1276 2107 1300 2136 Ε
1325 2102 1402 2139 Οὔκ
1423 2100 1489 2152 ἄρα
1518 2099 1686 2154 ἄρχοντες
1712 2093 1816 2146 ἦσαν,
1846 2098 1937 2137 ἀλλὰ
1959 2100 2073 2137 δοῦλοι
2103 2098 2257 2137 δουλείαν
2289 2099 2352 2146 τὴν

1325 2161 1489 2213 ἐσχάτην.
1506 2161 1607 2207 Πλὴν
1630 2159 1720 2198 ἀλλὰ
1735 2159 1795 2198 καὶ
1810 2154 1907 2203 οἶτος
1924 2158 2065 2213 ὕστερον
2087 2159 2189 2206 ἐλύθη
2204 2162 2221 2198 ὃ
2236 2159 2352 2212 φόὸος.

1325 2224 1491 2272 Οὐδαμοῧ
1510 2222 1577 2273 γὰρ
1606 2221 1663 2258 ἐπὶ
1683 2223 1752 2258 τῶν
1781 2220 1983 2259 ἀποστόλων
2004 2223 2139 2272 ὁρῶμεν
2157 2220 2269 2274 τούτῳ
2290 2237 2352 2259 κα-

1326 2283 1531 2335 τεχομένους
1558 2284 1607 2334 τῷ
1625 2281 1740 2320 πάθει.
1771 2281 1840 2319 Καὶ
1869 2281 1936 2333 γὰρ
1954 2282 2119 2335 ἄρχοντες
2138 2284 2192 2320 ἐπ’
2212 2281 2352 2320 ἐκείνων

1325 2344 1531 2382 ἐπίστευσαν
1563 2342 1622 2380 καὶ
1646 2344 1759 2394 ἱερεῖς,
1782 2341 1828 2380 ‘H
1852 2342 1919 2395 γὰρ
1938 2346 1997 2379 τοῦ
2017 2342 2223 2393 Πνεύματος
2250 2343 2352 2396 χάρις

1325 2407 1491 2452 ἐλθοῦσα,
1521 2403 1655 2466 πάντας
1684 2402 1807 2447 αὐτοὺς
1827 2403 2024 2453 ἀδάμαντος
2046 2403 2188 2451 ἐποίησε
2211 2407 2352 2457 στεῤῥο-

1324 2465 1454 2518 τέρους.
1470 2464 1574 2503 Ἐπεὶ
1593 2468 1650 2502 οὐν
1670 2467 1770 2501 τοῦτο
1796 2458 1837 2510 ἦν
1858 2464 1897 2502 τὸ
1920 2464 2051 2502 κωλύον
2074 2463 2196 2508 αὐτοὺς
2212 2470 2353 2503 πιστεῦ-

1326 2542 1383 2564 σαι
1411 2525 1489 2564 τότε
1503 2555 1514 2573 ,
1539 2525 1686 2563 ἄκουσον
1698 2523 1732 2561 τί
1748 2539 1852 2576 φησιν
1866 2540 1873 2547 ·
1897 2524 1941 2562 Ὁ
1957 2523 2129 2563 πιστεύων
2149 2527 2196 2568 εἷς
2211 2525 2271 2576 ἐμὲ
2286 2556 2295 2574 ,
2313 2528 2350 2564 οὐ

1326 2586 1483 2625 πιστεύει
1510 2587 1556 2628 εἷς
1583 2584 1643 2635 ἐμὲ
1659 2614 1670 2632 ,
1703 2585 1780 2623 ἀλλ’
1799 2586 1847 2628 εἷς
1865 2600 1922 2624 τον
1941 2585 2130 2638 πέμψαντά
2146 2601 2206 2636 με·
2223 2586 2352 2624 ὡσανεὶ

1484 2645 1564 2659 IN&

1326 2648 1380 2686 ἕλε
1367 2663 1440 2699 εγε·
1459 2663 1491 2684 τι
1507 2646 1683 2684 οεοοίκατε
1702 2649 1887 2684 πιστεῦσαι
1907 2648 1953 2690 εἷς
1971 2646 2054 2697 ἐμέ,
2075 2649 2122 2691 εἷς
2139 2647 2196 2685 τὸν
2217 2647 2307 2686 Θεὸν
2328 2651 2349 2694 ἡ

74 2715 166 2742 ¹'³¹s¹⁵
233 2717 260 2738 ⁰¹
274 2713 433 2752 camdem
453 2713 540 2751 (1001
533 2721 617 2750 iret.
637 2713 714 2749 Non
730 2710 838 2760 dixit,
861 2708 934 2755 Qui
957 2707 1068 2745 credit
1085 2707 1190 2759 mihi,
1211 2721 1255 2746 ne
1277 2721 1302 2749 Α
1325 2708 1441 2752 πίστις
1456 2706 1667 2745 διαὸαίνει
1649 2709 1692 2744 οι’
1713 2708 1824 2757 ἐμοῦ,
1848 2705 1968 2759 ὥσπερ
1985 2711 2043 2745 οὖν
2070 2723 2129 2745 και
2150 2711 2171 2754 ἡ
2191 2708 2349 2747 ἀπιστία.

75 2755 145 2782 titii
183 2759 261 2784 ἀπα-

72 2799 207 2846 [ἀλλα.
213 2810 241 2833 o
253 2790 354 2835 quis
365 2775 514 2822 11100101
534 2773 577 2810 dc
597 2772 712 2814 verbis
729 2772 803 2823 (jus
821 2779 959 2808 tautum
977 2768 1044 2806 hoc
1056 2767 1127 2805 dici
1132 2768 1255 2819 ,quod

73 2841 192 2868 ‘'¹³¹001
187 2850 258 2878 ¹1‘2·
275 2838 318 2876 dc
338 2804 542 2875 homiuibus
567 2848 704 2901 quoquc
722 2833 794 2870 dici
817 2840 963 2884 poterat.
986 2831 1078 2868 Nam
1093 2830 1153 2881 qui
1170 2844 1254 2882 apo-

274 2898 372 2937 stolis
387 2896 601 2943 0101111,11011
619 2895 702 2946 ipsis
718 2892 936 2942 0101111,5011
960 2893 1045 2929 Deo.
1063 2893 1199 2930 Verum
1214 2900 1253 2929 ut

271 2960 387 2997 discas
405 2955 534 2995 deiide
557 2956 593 2993 in
616 2954 846 2993 substantiam
871 2967 971 2991 suain
996 2952 1072 2990 11ωο
1092 2952 1163 3004 agi,
1184 2966 1253 2990 uon

272 3021 371 3070 dicit,
387 3019 458 3066 Qui
479 3017 587 3056 credit
608 3016 726 3055 verbis
751 3015 857 3065 meis,
877 3014 954 3062 sed,
979 3015 1053 3064 Qui
1077 3015 1196 3051 credit
1213 3016 1255 3051 in

274 3099 345 3122 me.
377 3083 423 3121 Et
448 3095 525 3131 cur,
547 3078 885 3130 inquies,nusquain
914 3075 991 3114 vice
1020 3089 1120 3113 versa
1152 3075 1252 3122 dicit,

274 3144 345 3192 Qui
362 3142 471 3181 credit
489 3141 525 3178 in
547 3142 705 3187 Patrem,
723 3150 791 3174 non
824 3135 932 3173 credit
958 3135 993 3172 111
1014 3136 1174 3185 Patrem,
1193 3135 1253 3173 sed

273 3207 308 3243 in
330 3204 410 3242 me?
433 3201 528 3251 Quia
548 3199 719 3238 dixissent
746 3197 796 3234 illi
811 3226 822 3246 ,
850 3195 939 3233 Ecce
967 3209 1028 3232 uos
1051 3196 1085 3233 in
1111 3197 1252 3233 Patrem

316 3336 331 3358 ¹¹
347 3332 447 3366 Savil.
467 3333 583 3374 μᾶλλον
600 3335 674 3372 ἥπερ
693 3331 745 3365 τὴν
766 3328 849 3365 δόξαν
871 3330 921 3358 τοῦ
940 3329 1003 3358 θεοῦ
1018 3349 1025 3362 ,
1043 3331 1075 3355 ct
1094 3324 1137 3355 510
1156 3323 1271 3366 legitur

272 3391 304 3419 iu
331 3385 468 3429 iitigatis
494 3377 744 3423 exemplaribus.
771 3376 883 3409 Morel.
904 3381 1019 3419 μᾶλλον
1041 3379 1113 3420 ὑπὲρ
1140 3382 1191 3414 τὴν
1219 3383 1269 3409 τοῦ

1326 2770 1418 2823 ζὈρα
1434 2770 1508 2812 πῶς
1525 2768 1579 2806 διὰ
1595 2767 1734 2805 πάντων
1757 2767 1795 2805 τὸ
1816 2768 2087 2820 ἀπαράλλακτον
2118 2769 2268 2808 δείκνυσι
2287 2771 2350 2815 τῆς

1324 2831 1451 2874 οὐσίας.
1483 2828 1553 2868 Καὶ
1572 2830 1633 2866 οὐκ.
1652 2823 1759 2876 εἶπεν,
1778 2832 1796 2867 ὃ
1817 2828 1991 2867 πιστεύων
2014 2829 2116 2879 ἐμοὶ,
2147 2828 2202 2867 ἵνα
2229 2830 2278 2880 μή
2298 2846 2350 2874 τις

1324 2893 1404 2943 εἴπῃ
1417 2922 1426 2939 ,
1451 2890 1504 2929 ὅτι
1531 2893 1600 2927 τῶν
1628 2889 1792 2942 ῥημάτιον
1813 2889 1926 2927 ἕνεκεν
1956 2890 2084 2940 ἔλεγεν,
2103 2890 2119 2929 ὃ
2139 2889 2197 2929 καὶ
2218 2893 2271 2929 ἐπ’
2293 2892 2352 2928 ἀν-

1324 2953 1469 3006 θρώπων
1494 2950 1637 2989 δυνατὸν
1660 2945 1701 2997 ἦν
1730 2952 1851 2988 εἰπεῖν.
1871 2949 1915 2988 Ὁ
1946 2949 2014 3002 γὰρ
2044 2956 2115 2994 τοῖς
2145 2950 2351 2994 ἀποστόλοις

1323 3011 1508 3059 πιστεύων,
1533 3014 1593 3049 οὐκ
1615 3012 1730 3054 αὐτοῖς
1756 3009 1931 3057 πιστεύει,
1959 3010 2049 3049 ἀλλὰ
2071 3014 2121 3063 τῷ
2141 3014 2236 3064 Θεῷ.
2256 3011 2348 3050 Ἀλλ’

1323 3074 1378 3112 ι’να
1398 3073 1530 3125 μάθῃς,
1546 3088 1599 3110 οτι
1616 3070 1695 3123 περὶ
1713 3073 1775 3117 τῆς
1795 3073 1842 3113 εἷς
1861 3070 1922 3116 τὴν
1940 3070 2057 3109 οὐσίαν
2073 3071 2222 3116 πίστεως
2243 3074 2348 3109 αὐτου

1324 3149 1440 3187 φησιν,
1458 3134 1519 3172 οὐκ
1536 3126 1641 3180 εἶπεν,
1660 3131 1864 3169 δπιστεύων
1889 3146 1953 3205 μου
1978 3137 2047 3175 τοῖς
2080 3132 2244 3186 ῥήμασιν,
2271 3133 2348 3170 ἀλλ’

1323 3196 1367 3234 Ὁ
1382 3193 1553 3233 πιστεύων
1566 3195 1612 3236 εἷς
1627 3192 1701 3243 ἐμέ.
1718 3192 1823 3231 Και
1804 3191 1897 3229 ὸιατί
1913 3208 1937 3242 υ.
1940 3194 2076 3242 ηδαμοῦ
2089 3222 2099 3240 ,
2116 3208 2234 3245 φησιν,
2252 3197 2348 3231 εἶπεν

1342 3330 1415 3359 θεοῦ.

1383 3387 1394 3402 e
1413 3375 1524 3409 Mei-vl.
1546 3381 1696 3417 γένωνται.
1717 3389 1764 3408 ναι
1782 3378 1852 3414 ὅπερ
1872 3388 1918 3407 ων
1937 3377 2044 3410 hrot-9
