2522 3683
332 221 421 280 703

1283 243 1454 273 SPURIA.

329 318 415 355 Haec
440 318 605 357 admonet
636 321 791 371 Paulus,
813 322 888 360 haec
917 322 1018 361 docet
1045 332 1079 361 et
1107 323 1306 376 praedicat:
1335 328 1360 358 D
1384 324 1443 362 καὶ
1477 323 1632 362 διδάσκει
1659 324 1717 362 καὶ
1747 330 1927 377 παραινεῖ,
1947 325 2105 372 Παῦλος,
2125 323 2165 362 τὸ
2195 327 2313 367 σκεῦος
2342 325 2404 371 τῆς

330 371 462 408 Paulus
482 386 544 410 vas
560 373 739 411 electionis
753 405 762 422 ,
785 374 949 412 Ecclesiae
968 389 1076 427 sepes,
1093 385 1244 414 certator
1268 376 1312 414 il-

329 422 363 459 le
377 431 557 474 strenuus,
577 426 708 463 Paulus
731 427 810 478 lyra
830 429 943 464 Deum
970 442 1134 466 resonans
1147 459 1157 477 ,
1177 428 1311 466 Christi

330 489 457 526 praeco,
471 477 678 527 dogmatum
688 481 850 530 scriptor,
864 480 948 516 tuba
959 480 1072 518 Verbi
1076 511 1088 532 ,
1106 490 1222 519 orator
1237 483 1310 533 pie-

331 529 426 575 tatis,
451 531 607 580 gentium
633 545 773 581 sagena.
799 531 845 568 Et
864 532 1010 582 quidem
1027 533 1118 571 beati
1139 534 1193 572 illi
1211 534 1309 572 theo-

330 581 403 631 logi
423 583 497 619 haee
525 592 557 619 ct
576 584 680 634 plura
708 583 752 620 de
772 583 892 635 impiis
918 594 950 622 et
971 585 1174 624 infidelibus
1206 587 1308 625 dixe—

330 643 413 671 runt
434 650 440 670 :
463 636 640 686 prophetae
670 650 754 673 vcro
784 637 884 687 prius
916 638 1039 689 etjam
1069 639 1155 676 olim
1176 639 1308 678 similia

330 686 466 736 loquuti
485 697 565 724 sunt
583 703 589 722 :
608 688 843 726 necessarium
861 689 955 727 enim
975 700 1025 728 est
1040 690 1104 729 hos
1119 706 1256 744 quoque
1272 693 1308 731 in

129 770 155 798 P
198 769 207 796 l
229 767 245 797 5
268 776 302 795 ω
331 739 490 776 medium
516 739 702 777 adducere.
726 741 831 778 Dixit
855 742 975 781 David
1004 745 1199 796 propheta:
1220 747 1310 783 Non

135 780 217 853 ΡΜ,
252 788 314 853 ’38’
330 799 385 827 est
415 794 456 827 in
479 805 542 829 ore
561 807 691 830 eornm
710 797 857 832 veritas
872 811 886 839 ,·
910 805 943 832 et
966 810 1109 834 rursum
1137 812 1145 833 ε
1171 800 1311 836 Nonne

129 833 255 894 20{‘¹2',·¹
308 844 314 850 '
331 846 398 894 qui
415 845 577 882 oderunt
594 854 643 893 te,
661 847 841 893 Domine,
864 849 1034 896 oderam,
1055 858 1091 887 et
1109 863 1221 902 super
1237 852 1312 888 ini-

330 898 448 934 micos
468 905 552 935 tuos
571 900 836 936 tabescebam?
847 901 1026 949 Perfecto
1047 903 1133 938 odio
1154 904 1312 941 oderam

329 949 431 994 illos,
452 958 487 986 et
514 953 662 988 inimici
669 952 778 1002 facti
804 961 893 989 sunt
912 947 1017 990 inihi.
1037 954 1203 992 Salomon
1222 969 1310 1005 quo-

330 1015 398 1050 que
428 1001 540 1039 dicit:
563 1003 669 1054 Impii
697 1003 867 1041 simulant
894 1005 1072 1056 pietatem.
1107 1008 1311 1057 Iterumque

331 1053 443 1090 dicit:
465 1056 560 1101 Fili,
583 1070 632 1092 ne
654 1065 691 1093 te
717 1057 904 1094 seducant
934 1060 1014 1095 viri
1039 1061 1160 1109 impii,
1190 1074 1312 1111 neque

130 1082 314 1110 Pmu‘t'm'
332 1108 506 1144 ambules
525 1110 566 1144 in
585 1110 654 1144 via
683 1121 769 1144 cnm
789 1111 855 1145 eis.
879 1109 988 1146 Isaias
1009 1124 1094 1148 vero
1122 1111 1308 1162 propheta,

134 1123 181 1151 15.

127 1186 206 1214 lsai.
227 1195 252 1213 1.
267 1195 294 1214 2.
553 1215 558 1220 ,
603 1215 608 1220 ,
662 1215 668 1220 .

332 1220 366 1248 et
386 1212 571 1257 arellam,
595 1226 666 1263 ipsi
687 1221 816 1249 antem
836 1224 1059 1264 spreverunt
1075 1229 1133 1252 me
1150 1233 1160 1259 ;
1181 1225 1214 1253 et
1232 1231 1312 1254 rur-

130 1289 199 1319 lsai
233 1289 272 1327 48
331 1278 421 1313 sum,
430 1265 519 1302 Non
532 1273 587 1302 est
595 1266 842 1317 gaudendum
852 1269 991 1318 impiis,
1004 1268 1099 1306 dicit
1108 1269 1312 1308 Dominus.

129 1341 181 1360 22.
203 1311 208 1317 .
276 1312 282 1320 ι

385 1369 419 1407 5.
442 1369 537 1405 Num
551 1369 625 1406 11ωο
642 1369 725 1407 satis
744 1371 851 1408 sunt?
868 1384 912 1408 an
931 1384 1050 1409 omnes
1069 1371 1259 1424 prophetas
1276 1371 1312 1410 in

330 1421 489 1458 medium
507 1422 710 1472 proferam?
729 1424 866 1462 Verum
885 1423 961 1461 11ωο
980 1424 1162 1462 sufficiunt
1181 1424 1235 1472 iis,
1250 1425 1313 1475 qui

330 1473 454 1510 audire
469 1474 606 1512 volunt.
622 1476 713 1512 Nam
729 1475 790 1526 qui
806 1475 912 1513 dietis
930 1491 997 1514 non
1015 1477 1179 1524 attendit,
1202 1491 1313 1528 neque

330 1526 494 1577 pluribus
514 1527 798 1577 persuadebitur.
821 1528 893 1566 Sed
912 1529 1030 1566 adhuc
1051 1529 1314 1580 aliquantulum

333 1578 483 1616 Davidis
513 1579 607 1617 clieta
639 1595 840 1629 versemus;
861 1590 894 1618 et
922 1581 1106 1620 videamus
1135 1582 1313 1633 quomodo

332 1631 493 1668 traducat
531 1633 710 1670 occultum
747 1633 892 1670 illorum
932 1634 1057 1672 dolum
1091 1648 1131 1671 ac
1168 1635 1212 1672 de
1250 1635 1313 1672 illo

130 1712 208 1740 Psal
229 1710 246 1741 5
269 1719 304 1740 [Ο
332 1683 542 1735 triumphet,
563 1684 726 1736 dicatque
748 1701 755 1721 :
772 1687 862 1723 Non
881 1695 937 1723 est
955 1690 996 1724 in
1016 1701 1079 1725 ore
1100 1701 1230 1725 eorum
1245 1702 1313 1725 ve-
1336 1708 1366 1732 78

212 1734 218 1741 ’
253 1734 258 1740 ’
309 1732 427 1773 'ritas
444 1752 454 1771 :
473 1750 538 1774 cor
563 1751 693 1774 eornm
715 1752 865 1775 vanum
890 1748 962 1783 est‚·
983 1748 1049 1777 etc.
1072 1739 1166 1778 Vide
1195 1749 1314 1778 autem
1339 1746 1362 1774 A

329 1788 511 1840 prophetoe
524 1790 764 1840 prudentiam,
778 1791 955 1841 quomodo
969 1791 1125 1830 traducit
1135 1807 1175 1830 ac
1185 1792 1316 1843 detegit

331 1841 585 1893 triumphantis
612 1858 708 1880 more
743 1843 991 1890 heterodoxos,
1014 1859 1057 1882 nc
1078 1859 1140 1882 nos
1161 1845 1316 1883 seduca-

332 1908 423 1931 mur.
445 1894 585 1940 Audite,
599 1896 801 1944 orthodoxi,
821 1905 853 1933 et
876 1911 955 1934 cum
978 1897 1151 1935 haereticis
1172 1912 1214 1936 ne
1234 1912 1315 1937 eon-

331 1946 503 1984 sentiaris.
520 1948 663 1997 Audite,
684 1958 852 1999 pastores,
874 1949 1125 1995 exhorrescite,
1149 1959 1182 1987 et
1204 1965 1247 1988 nc
1269 1952 1317 1989 si-

331 1999 444 2046 leatis,
465 2000 526 2037 sed
545 2000 731 2051 praedicate
749 2001 917 2050 vei-bum,
939 2016 980 2039 110
1000 2002 1089 2039 detis
1107 2003 1226 2040 locum
1238 2003 1316 2041 dia-

329 2051 425 2097 holo,
443 2066 483 2088 110
501 2052 593 2103 1111115
608 2052 775 2103 praedam.
797 2053 992 2091 Imitamini
1008 2055 1153 2092 beatum
1173 2057 1317 2094 Petrum

330 2104 540 2154 apostolum,
554 2105 613 2155 (1111
631 2105 843 2143 exsecmndo
858 2107 1002 2144 Simone
1015 2108 1136 2145 Romae
1152 2108 1317 2160 blasphe-

331 2166 448 2193 mante
465 2172 504 2193 ac
517 2157 668 2203 dicente,
682 2172 716 2195 se
734 2172 806 2195 esse
825 2159 1007 2197 Virtutem
1023 2160 1104 2209 Dei,
1120 2175 1162 2197 110
1176 2161 1231 2198 vel
1246 2176 1317 2199 una

330 2209 417 2246 hora
438 2210 559 2257 tacuit,
571 2219 632 2246 aut
652 2210 809 2257 distulit3
828 2210 890 2247 sed
907 2220 1095 2262 postquam
1112 2213 1218 2250 illum
1236 2227 1317 2251 eon-

331 2262 699 2310 tutasset,1nondacem
711 2262 929 2309 ostendisset,
938 2264 1052 2300 furem
1061 2274 1094 2301 et
1106 2266 1179 2301 Deo
1196 2265 1318 2304 adver-

332 2315 477 2359 sarium,
489 2315 655 2366 perniciei
666 2315 768 2352 illum
783 2315 941 2352 tradidit.
955 2316 1197 2367 Similiterque
1207 2317 1316 2367 illius,

333 2367 404 2403 imo
419 2368 535 2418 potius
550 2367 684 2404 diaboli
699 2367 814 2404 silium
829 2369 1051 2415 Montanum,
1061 2370 1317 2408 exsecrandum

333 2420 449 2466 11111111,
470 2421 652 2471 impurum
671 2429 704 2457 et
718 2420 885 2472 impium,
899 2435 980 2457 cum
998 2421 1137 2459 duabus
1158 2423 1317 2460 meretri-

334 2473 446 2517 ribus,
464 2486 589 2521 magna
605 2487 687 2510 eura
704 2482 736 2510 et
753 2472 872 2509 studio
890 2473 1106 2522 convictum,
1118 2489 1158 2511 ac
1169 2475 1235 2512 Dei
1250 2475 1316 2512 ho-

335 2534 433 2571 stem,
452 2525 763 2576 psciulochristum
774 2535 806 2563 et
819 2525 1163 2578 pseudoprophetam
1176 2527 1319 2565 demon-

335 2586 484 2614 stratum
500 2578 678 2629 apostolus
695 2587 915 2629 compressu,
936 2588 969 2616 et
988 2593 1026 2616 os
1042 2594 1117 2630 ejus
1136 2580 1318 2632 impurum
1343 2587 1366 2615 Β

336 2629 530 2666 1111101111111·
558 2630 690 2667 Christi
724 2631 917 2677 obstruxit,
950 2645 990 2668 ac
1017 2646 1093 2669 51110
1120 2633 1192 2670 ulla
1220 2647 1319 2670 mora

336 2681 390 2717 1111
415 2682 582 2719 dilutione
604 2683 863 2734 blasphemiam
882 2684 957 2735 ejus
978 2685 1183 2735 prostravit.
1209 2685 1268 2722 Sic
1286 2694 1320 2722 ct

337 2748 414 2777 vos,
434 2744 596 2784 pastores,
617 2736 733 2781 facite,
752 2745 785 2773 et
803 2736 911 2773 nolite
930 2737 1188 2775 eomnmnieare
1204 2737 1321 2789 impu-

338 2786 388 2822 ris
406 2787 627 2824 tenebrarum
647 2788 830 2839 operihus;
851 2788 910 2826 sed
939 2789 1057 2840 potius
1084 2790 1261 2827 confutate
1280 2790 1322 2827 il-

338 2838 404 2882 los,
427 2847 465 2874 ut
492 2840 646 2876 ferei-unt
675 2841 823 2891 apostoli
843 2850 876 2878 et
895 2841 961 2878 Dei
980 2850 1079 2893 pater
1102 2842 1237 2892 David,
1259 2843 1320 2893 qui

340 2891 469 2927 multos
491 2891 733 2940 111111150011111111
761 2894 914 2945 suscepit
940 2894 1090 2941 labores,
1113 2895 1225 2932 multa
1245 2909 1320 2932 cer-

340 2943 493 2989 1011111111,
514 2944 773 2994 ‹·onsutavit‹[ue
796 2942 903 2996 ipsos,
927 2946 1120 2997 corripuit,
1142 2947 1317 2998 traduxit,

141 3027 183 3053 1„
209 3026 218 3051 l
240 3036 246 3051 (
263 3023 277 3048 ⁶.
296 3024 311 3051 3
342 2996 455 3032 Deum
475 2995 643 3033 adversus
664 2996 742 3032 illos
758 3007 919 3047 precatus
940 3008 990 3036 cst
1009 2998 1154 3036 dicens:
1178 3001 1322 3052 Usque-

140 3037 328 3094 „[‘”3{'g’,‘,'2'⁴0'1
342 3062 415 3100 qno
431 3057 665 3099 peccatores,
688 3050 867 3096 Domine,
891 3064 1084 3103 usquequo
1102 3061 1322 3104 peccatores

142 3107 289 3145 07..’1.5.

381 3200 395 3214 ⁸
420 3190 532 3231 Longe
549 3196 637 3221 errat
653 3188 704 3220 1110
722 3190 867 3230 quisquis
884 3191 926 3221 sit
942 3189 1127 3232 Graeculus,
1146 3192 1199 3233 qui
1216 3194 1349 3224 Monta—

339 3252 416 3272 num
441 3251 457 3270 a
475 3247 591 3271 saneto
608 3239 704 3271 Petro
724 3238 787 3280 [vel
806 3238 923 3280 Paulo,
941 3239 995 3281 qui
1014 3238 1134 3271 diserte
1157 3244 1348 3274 nominatur

340 3293 370 3324 in
390 3292 503 3325 Savilii
528 3284 691 3335 scriptura
718 3296 731 3325 ‘o
749 3295 827 3333 ἅγιος
851 3297 904 3325 ἀπ.
925 3292 1054 3333 Παῦλος]
1075 3292 1283 3323 confutatum
1315 3301 1347 3325 et

339 3353 540 3386 prostratum
558 3343 652 3377 dicit.
671 3345 755 3375 Nam
780 3344 906 3385 integro
928 3354 1010 3384 pene
1034 3342 1152 3374 51001111)
1169 3351 1244 3384 post
1261 3344 1348 3375 Petri

339 3395 536 3439 martyrium
564 3397 739 3428 Montanus
757 3393 902 3425 limi-esim
935 3392 1114 3435 praedicare
1139 3395 1261 3436 coepit,
1286 3406 1347 3426 on-

332 1159 405 1196 111111
423 1159 596 1196 Dominus
611 1174 674 1211 per
687 1160 896 1211 prophetam
917 1161 1029 1199 dicit:
1052 1164 1176 1200 Filios
1195 1166 1312 1214 genui
1337 1179 1361 1209 Ε
1386 1165 1510 1202 αὐτῶν.
1531 1162 1680 1207 Ἡσαΐας
1700 1164 1734 1202 δὲ
1758 1168 1774 1202 ὃ
1794 1164 1989 1215 προφήτης,
2023 1167 2151 1215 μᾶλλον
2173 1165 2208 1202 δὲ
2239 1168 2257 1202 ὁ
2284 1163 2411 1216 Κύριος

1384 378 1528 428 ἐκλογῆς
1543 405 1552 422 ,
1567 377 1607 414 τὸ
1626 376 1738 427 ἕρκιον
1764 379 1827 422 τῆς
1847 377 2078 425 Ἐκκλησίας,
2093 381 2111 415 ὁ
2135 376 2327 420 πολύαθλος
2345 377 2405 414 καὶ

1382 436 1553 480 γενναῖος,
1573 431 1712 473 Παῦλος
1732 433 1753 476 ἡ
1772 429 1974 482 Οεόφθογγος
1990 430 2094 482 λύρα,
2115 433 2133 468 ὁ
2158 431 2311 480 Χριστοῦ
2335 429 2404 476 κή-

1384 481 1454 534 ρυξ,
1474 486 1491 520 ὁ
1514 481 1724 535 συγγραφεὺς
1743 485 1810 520 τῶν
1830 483 2024 533 δογμάτων,
2041 487 2063 529 ἡ
2087 482 2236 532 σάλπιγξ
2255 486 2314 519 τοῦ
2329 481 2404 519 Λό-

1381 550 1465 585 γου,
1492 538 1509 572 ὃ
1534 535 1649 587 ῥήτωρ
1676 538 1738 581 τῆς
1766 535 1959 581 εὖσεὸείας,
1987 540 2009 582 ἡ
2034 538 2101 572 τῶν
2130 537 2235 572 ἐθνῶν
2256 533 2405 585 σαγήνη.

1382 586 1453 624 Καὶ
1472 590 1502 625 οἱ
1521 587 1582 637 μὲν
1601 586 1766 639 μακάριοι
1781 587 1933 639 θεολόγοι
1951 592 2062 626 ταῦτα
2080 587 2138 624 καὶ
2159 586 2302 625 πλείονα
2326 586 2405 624 τού-

1381 655 1449 677 των
1476 640 1556 692 περὶ
1587 639 1694 678 ἀθέων
1720 640 1778 677 καὶ
1802 639 1957 678 ἀπίστων
1977 639 2195 692 ἐφθέγξαντο·
2216 640 2247 677 οἱ
2268 638 2302 695 δὲ
2319 654 2407 692 προ-

1383 694 1490 743 φῆται
1519 692 1770 746 προηγούμενοι
1806 692 1955 730 ἔκπαλαι
1978 693 2023 730 τὰ
2050 692 2154 743 ὅμοιοι
2176 691 2381 745 ἐφθέγξωαντο
2397 705 2405 714 ·

1384 747 1570 796 ἀναγκαῖον
1589 745 1655 796 γὰρ
1677 745 1735 783 καὶ
1751 745 1889 788 τούτους
1904 746 1950 788 εἷς
1972 745 2073 796 μέσον
2091 746 2245 796 ἀγαγεῖν.
2264 745 2372 782 Εἶπεν
2389 745 2407 780 ὃ

1383 797 1562 848 προφήτης
1583 797 1693 835 Δαυίδ
1707 813 1714 820 ·
1731 800 1809 835 Οὔκ
1838 797 1930 835 ἔστιν
1959 800 1991 835 ἐν
2015 796 2164 848 στόματι
2185 799 2297 834 αὐτῶν
2315 795 2406 842 ἀλή-

1385 854 1471 888 Οεια.
1490 850 1560 888 Καὶ
1575 850 1680 888 πάλιν
1699 850 1814 900 λέγει·
1835 850 1936 901 Κύριε
1948 879 1957 895 ,
1976 850 2052 902 οὐχὶ
2071 849 2148 893 τοὺς
2166 847 2349 900 μισοῦντας
2368 863 2409 886 σε

1386 902 1556 952 ἐμίσησα,
1576 903 1634 940 καὶ
1659 902 1716 941 ἐπ1Ι
1733 902 1811 946 τοὺς
1838 903 1977 955 ἐχθρούς
2007 918 2066 941 σου
2084 902 2313 952 ἐξετηκόμην,
2337 900 2408 938 Τέ-

1384 956 1474 993 λειον
1499 962 1597 1004 μῖσος
1626 955 1765 1005 ἐμίσουν
1793 956 1932 1003 αὐτοὺς,
1951 955 2008 992 καὶ
2025 956 2071 998 εἷς
2087 954 2227 1006 ἐχθροὺς
2254 951 2410 1006 ἐγένοντό

1386 1023 1455 1057 μοι.
1484 1008 1554 1045 Καὶ
1574 1011 1591 1046 ὃ
1611 1007 1778 1058 Σολομὼν
1799 1008 1910 1059 λέγει,
1932 1007 1986 1046 ὅτι
2005 1008 2246 1051 δυσσεῧοῦντες
2267 1005 2410 1059 ὑποκρί-

1385 1074 1500 1096 νονται
1526 1059 1714 1098 εὐσέὸειαν.
1736 1060 1806 1097 Καὶ
1829 1060 1932 1098 πάλιν
1954 1060 2064 1111 λέγει·
2089 1059 2169 1107 Υἱὲ,
2190 1061 2237 1110 μή
2258 1075 2296 1097 σε
2312 1060 2408 1096 πλα-

1384 1111 1534 1158 νήσωσιν
1555 1112 1673 1162 ἄνδρες
1691 1113 1845 1159 ἀσεὸεἱς,
1875 1112 1962 1162 μηδὲ
1986 1116 2155 1166 πορευθῇς
2180 1114 2213 1150 ἐν
2234 1114 2302 1163 ὁδῷ
2333 1113 2408 1162 μετ’

1388 1215 1443 1254 διὰ
1459 1221 1518 1254 τοῦ
1537 1217 1714 1269 προφήτου
1730 1216 1844 1268 λέγει·
1862 1216 1962 1259 Υἱοὺς
1982 1216 2167 1266 ἐγέννησα,
2189 1216 2246 1255 καὶ
2263 1215 2388 1268 tiquam
2399 1246 2410 1264 ‚

1387 1269 1483 1306 αὐτοὶ
1510 1268 1546 1306 δέ
1567 1285 1610 1319 με
1636 1269 1827 1316 ἠθέτησαν·
1854 1269 1913 1307 καὶ
1932 1269 2053 1317 πάλιν,
2086 1271 2163 1307 Οὐκ
2182 1269 2254 1308 ἔστι
2273 1268 2409 1320 χαίρειν

1387 1327 1458 1364 τοῖς
1486 1321 1626 1360 oto-affici
1639 1350 1648 1367 ‚
1666 1321 1760 1374 λέγει
1778 1321 1916 1372 Κύριος.

1440 1368 1528 1426 Ἆρα
1555 1377 1654 1426 ἀρκεῖ
1681 1378 1808 1422 ταῦτα,
1842 1374 1864 1421 ἢ
1897 1374 2092 1425 παραγάγω
2123 1376 2170 1417 εἷς
2211 1373 2315 1425 μέσον
2351 1373 2411 1412 καὶ

1386 1426 1519 1470 πάντας
1535 1425 1614 1470 τοὺς
1638 1427 1838 1479 προφήτας;
1857 1427 1961 1465 Ἀλλὰ
1982 1428 2079 1479 ἀρκεῖ
2111 1427 2170 1465 καὶ
2190 1431 2300 1464 ταῦτα
2326 1427 2412 1478 πρὸς

1387 1478 1464 1523 τοὺς
1483 1480 1616 1518 ἀκούειν
1651 1481 1821 1524 θέλοντας.
1856 1479 1901 1517 ‘O
1933 1479 2000 1531 γὰρ
2032 1486 2102 1522 τοῖς
2132 1479 2324 1532 εἰρημένοις
2362 1478 2410 1530 μὴ

1386 1532 1583 1585 προσέχων,
1613 1533 1688 1570 οὐδὲ
1718 1538 1788 1577 τοῖς
1814 1532 1948 1571 πλείοσι
1973 1532 2211 1578 πεισθήσεται.
2242 1532 2332 1569 Ἀλλ’
2361 1532 2413 1570 ἔτι

1389 1586 1510 1637 μικρὸν
1526 1586 1799 1638 ἐνδιατρίψωμεν
1819 1592 1887 1628 τοῖς
1909 1590 1968 1623 τοῦ
1997 1584 2176 1638 προφήτου
2208 1584 2317 1622 Δαυὶδ
2347 1583 2411 1636 ῥή-

1389 1654 1495 1688 μασι,
1516 1638 1575 1675 καὶ
1597 1638 1721 1688 ἴδωμεν
1741 1642 1814 1681 πῶς
1834 1637 2026 1684 στηλιτεύει
2042 1637 2101 1675 καὶ
2128 1636 2331 1689 θριαμὸεύει
2353 1636 2413 1675 τὸν

1388 1689 1627 1744 κεκρυμμένον
1660 1694 1773 1735 αὐτοῖς
1805 1691 1915 1738 δόλον,
1933 1690 1991 1727 καὶ
2009 1689 2121 1740 λέγει·
2145 1691 2223 1728 Οὐκ
2253 1688 2345 1727 ἔστιν
2378 1691 2412 1726 ἐν

1389 1744 1539 1793 στόματι
1561 1746 1673 1781 αὐτῶν
1691 1744 1834 1790 ἀλήθεια
1847 1759 1854 1766 ·
1870 1747 1891 1789 ἡ
1910 1742 2034 1794 καρδία
2051 1745 2164 1780 αὐτῶν
2186 1741 2337 1792 ματαία,
2354 1741 2414 1779 κα1Ι

1387 1796 1430 1834 τὰ
1454 1796 1541 1842 ἑξῆς.
1563 1796 1655 1849 (Ὀρα
1678 1796 1712 1833 δὲ
1734 1795 1797 1842 τὴν
1817 1799 1875 1834 τοῦ
1896 1795 2074 1847 προφήτου
2096 1794 2242 1842 σύνεσιν,
2261 1797 2335 1838 πῶς
2355 1795 2415 1841 δη-

1390 1849 1541 1899 μοσιεύει
1564 1849 1622 1886 καὶ
1643 1848 1882 1887 ἀποκαλύπτει
1913 1846 2131 1901 Θριαμὸεύων
2161 1846 2236 1890 τοὺς
2267 1846 2414 1885 κακοδό-

1390 1902 1483 1949 ξους,
1499 1901 1556 1940 ἵνα
1580 1900 1627 1952 μὴ
1648 1905 1749 1952 ἡμεῖς
1775 1903 2020 1951 πλανηθῶμεν.
2036 1900 2220 1939 Ἀκούσατε
2250 1902 2281 1938 οἱ
2311 1899 2413 1952 ὀρθό-

1390 1954 1480 1998 δοξοι
1493 1985 1502 2002 ,
1524 1955 1584 1992 καὶ
1600 1961 1671 1998 τοῖς
1692 1957 1877 2006 αἱρετικοῖς
1897 1953 1945 2004 μὴ
1973 1952 2267 2004 συγκαταὸαίνετε
2280 1968 2287 1975 ·
2308 1951 2414 1991 ἀκού-

1390 2022 1472 2045 σατε
1489 2006 1670 2058 ποιμένες,
1690 2008 1749 2044 καὶ
1768 2006 1930 2059 φρίξατε,
1957 2006 2016 2043 καὶ
2038 2005 2086 2056 μὴ
2116 2005 2303 2056 σιγήσατε,
2325 2005 2415 2044 ἀλλὰ

1389 2059 1559 2111 κηρύξατε
1576 2059 1633 2097 τὸν
1652 2059 1752 2110 λόγον
1766 2075 1773 2082 ·
1796 2059 1844 2110 μὴ
1864 2059 1940 2096 δότε
1961 2057 2064 2096 τόπον
2091 2061 2141 2110 τῷ
2163 2058 2332 2111 διαὸόλῳ,
2364 2057 2413 2109 μὴ

1390 2112 1467 2150 δότε
1483 2113 1590 2164 θήραν
1606 2118 1675 2155 τοῖς
1689 2111 1818 2155 λύκοις.
1838 2111 2051 2162 Μιμήσασθε
2066 2110 2122 2149 τὸν
2140 2110 2310 2163 μακάριον
2328 2110 2415 2149 ἀπό-

1390 2166 1510 2203 στολον
1532 2164 1677 2216 Πέτρον,
1695 2167 1769 2207 πῶς
1793 2166 1827 2202 ἓν
1850 2167 1893 2215 τῇ
1915 2163 2039 2214 Ῥώμῃ
2058 2169 2118 2202 τοῦ
2135 2164 2416 2218 τρισκαταράτου

1391 2217 1551 2267 Σίμωνος
1577 2219 1881 2268 βλασφημοῦντος,
1898 2216 1958 2254 καὶ
1985 2216 2142 2267 λέγοντος
2174 2216 2294 2254 ἑαυτὸν
2329 2219 2416 2254 εἶναι

1391 2269 1454 2316 τὴν
1472 2269 1617 2318 δύναμιν
1639 2274 1697 2306 τοῦ
1718 2271 1830 2315 Θεοῦ,
1851 2268 1927 2307 οὔτε
1948 2268 2010 2306 κᾶν
2037 2268 2123 2320 πρὸς
2147 2267 2239 2316 ὥραν
2264 2267 2419 2315 ἐσιώπη·

1392 2337 1462 2368 σεν,
1484 2320 1505 2366 ἢ
1528 2321 1758 2367 ἀνεὸάλλετο,
1777 2322 1852 2358 ἀλλ’
1872 2320 2027 2371 ἐλέγξας,
2047 2320 2106 2358 καὶ
2132 2319 2285 2372 ψεύστην
2314 2320 2415 2358 αὐτὸν

1393 2373 1591 2421 ἀποδείξας,
1612 2374 1671 2411 καὶ
1700 2372 1835 2425 λῃστὴν
1855 2374 1914 2411 καὶ
1934 2373 2101 2420 ἀντίθεον,
2123 2372 2222 2425 ῥίψας
2244 2373 2346 2411 αὐτὸν
2372 2376 2416 2425 τῇ

1396 2426 1554 2478 ἀπωλείᾳ
1571 2425 1793 2478 παρέδωκεν,
1809 2425 1963 2478 (Ομοίως
1984 2425 2018 2463 δὲ
2037 2425 2096 2463 καὶ
2112 2425 2170 2462 τὸν
2187 2425 2306 2464 τούτου
2325 2426 2416 2473 υἱὸν,

1393 2480 1523 2529 μᾶλλον
1545 2478 1580 2515 δὲ
1599 2482 1659 2516 τοῦ
1688 2479 1863 2526 διαέόλου,
1881 2484 1896 2499 ²¹
1910 2478 2102 2524 Μοντανὸν,
2131 2478 2189 2515 τὸν
2211 2474 2334 2531 μιαρὸν
2357 2478 2417 2516 καὶ

1392 2531 1585 2582 ἀκάθαρτον
1601 2531 1660 2569 καὶ
1670 2531 1780 2579 ἄθεον,
1794 2531 1958 2581 μετὰτῶν
1974 2529 2032 2567 δύο
2044 2529 2270 2581 μοιχαλίδων,
2285 2532 2417 2582 σπουδῇ

1391 2585 1504 2635 πο>λῇ
1528 2587 1545 2621 ὁ
1567 2583 1757 2627 ἀπόστολος
1788 2583 1944 2635 ἐλέγξας,
1963 2583 2022 2621 καὶ
2049 2583 2202 2620 ἀντίθεον
2237 2582 2418 2627 ἀποδείξας

1394 2636 1453 2673 καὶ
1480 2636 1728 2688 ψευδόχριστον
1757 2637 1816 2674 καὶ
1844 2635 2147 2687 ψευδοπροφήτην,
2163 2635 2338 2688 ἐφίμωσε,
2358 2635 2418 2673 καὶ

1394 2688 1555 2742 ἐνέφραξε
1573 2689 1612 2726 τὸ
1634 2689 1760 2743 μιαρὸν
1794 2691 1896 2727 αὐτοῦ
1924 2687 2037 2738 στόμα
2059 2689 2092 2724 ἐν
2108 2690 2157 2738 τῷ
2189 2687 2332 2738 ὀνόματι
2358 2692 2418 2726 τοῦ

1393 2742 1569 2792 Χριστοῦ,
1593 2741 1641 2791 μὴ
1662 2742 1954 2793 μακροθυμήσας,
1977 2740 2024 2794 μὴ
2053 2739 2334 2790 ἀναὸαλλόμενος
2359 2739 2417 2777 ἐπὶ

1385 2795 1436 2844 τῇ
1456 2793 1575 2832 τούτου
1594 2794 1811 2846 βλασφημίᾳ.
1829 2793 1952 2835 Οὕτως
1972 2796 2029 2830 οὐν
2051 2797 2182 2830 ποιεῖτε
2203 2793 2262 2831 καὶ
2292 2795 2413 2842 ὑμεῖς,

1393 2845 1574 2895 ποιμένες,
1594 2847 1652 2883 καὶ
1671 2846 1718 2896 μὴ
1743 2851 2003 2896 συγκοινωνεῖτε
2019 2850 2089 2887 τοῖς
2106 2845 2217 2898 ἔργοις
2233 2850 2303 2887 τοῖς
2328 2846 2419 2882 ἀκα-

1395 2897 1531 2964 θάρτοις
1549 2902 1608 2935 τοῦ
1631 2899 1789 2942 σκότους·
1807 2900 1937 2948 μᾶλλον
1960 2896 1994 2935 δὲ
2013 2897 2072 2935 καὶ
2100 2898 2280 2950 ἐλέγχετε,
2300 2895 2419 2948 ὥσπερ

1395 2965 1454 2988 και
1469 2954 1499 2988 οἳ
1516 2950 1702 2989 ἀπόστολοι
1719 2950 1778 2988 καὶ
1805 2954 1822 2988 ὁ
1851 2950 2030 3002 θεοπάτωρ
2061 2950 2171 2987 Amat&
2195 2949 2275 3001 περὶ
2307 2951 2420 2987 αὐτῶν

1394 3002 1542 3046 πολλοὺς
1579 3002 1728 3055 μόγθους
1754 3002 1984 3048 κατεῧάλετο,
2014 3003 2071 3040 καὶ
2091 3002 2237 3046 πολλοὺς
2266 3004 2420 3054 ἀγῶνας,

1396 3054 1547 3108 ἐλέγχων
1561 3055 1620 3093 καὶ
1635 3049 1817 3106 ἐπιτιμῶν,
1833 3054 2043 3102 στηλιτεύων
2064 3054 2183 3098 αὐτοὺς
2199 3054 2258 3093 καὶ
2274 3057 2323 3106 τῷ
2338 3056 2421 3106 Θεῷ

1415 3206 1458 3226 no
1477 3197 1515 3227 19
1533 3196 1690 3227 Antonini
1707 3194 1772 3231 Pii,
1788 3196 1894 3237 inquit
1909 3193 2111 3236 Epiphanius
2126 3205 2158 3235 p.
2179 3194 2254 3224 402.
2271 3193 2349 3223 Dum
2362 3203 2422 3223 au-

1415 3255 1481 3278 tem
1497 3247 1655 3289 illae,quas
1670 3251 1848 3291 μ.οιχα>.ι’ὖας
1861 3259 1914 3279 seu
1930 3247 2118 3278 meretrices
2131 3244 2311 3286 appellant,
2327 3250 2422 3276 erant

1414 3298 1559 3330 Priscilla
1577 3307 1610 3330 et
1626 3298 1822 3340 Maximilla,
1839 3297 2011 3340 dequibus
2027 3294 2176 3339 pluribus
2192 3296 2259 3339 ugit
2274 3294 2421 3337 Epipha-

1414 3352 1485 3382 nius
1500 3350 1636 3383 ibidem.
