2481 3678
273 236 356 281 128
725 252 762 282 s.
801 252 981 282 somnis
1017 252 1258 284 cnnrsosr.

264 331 331 368 sibi
353 331 492 370 tandem
524 332 671 381 suflicit,
688 333 734 370 ita
757 341 793 370 ut
812 333 892 370 licet
913 333 1070 371 mortalis
1088 334 1177 371 saeta
1193 334 1250 383 sit,

1298 255 1482 286 ARCtnEt‘
1491 276 1499 286 .
1541 257 1897 287 CONS'rANTtNOP.

1324 339 1575 387 οἰκονομεῖται,
1595 337 1685 376 ὥστε
1704 339 1743 376 τὸ
1762 341 1879 377 λεῖπον
1896 339 2003 391 ἑτέρῳ
2017 341 2098 392 παρ’
2116 339 2232 393 ἑτέρου
2254 341 2348 387 πλη-

269 393 486 431 successione
512 408 574 431 ceu
609 393 816 431 diuturnam
844 394 1145 432 inunortalitatcm
1180 409 1252 433 ser·
1276 403 1300 433 B
1326 400 1466 450 ροῦσθαι
1481 427 1489 443 ,
1512 398 1571 436 καὶ
1585 398 1647 444 τὴν
1669 399 1765 445 ἐνδεῆ
1781 399 1939 450 γενέσθαι
1955 399 2063 444 οὕτως
2079 400 2234 452 αὐτάρκη
2248 431 2258 447 ,
2274 401 2351 444 *ὡς

135 450 251 477 5’““““
266 463 332 492 vet.
368 455 529 492 Poteram
557 455 632 493 haec
658 455 770 492 fusius
794 454 974 506 prosequi,
1004 455 1253 507 ostendereque

65 502 77 517 a
115 503 121 518 ι
156 502 178 513 ¹·

65 501 233 569 ιῖἷίιίζυιζίιῇῗ,
265 525 438 566 quantum
457 531 500 554 ex
520 517 643 554 intima
668 527 700 555 et
726 517 859 555 sincera
886 519 1131 570 conjunctione
1162 519 1252 557 lucri

66 579 204 609 qnantum

69 616 129 641 nexi
144 615 248 652 pariat.

266 577 419 615 accedat.
440 578 509 615 Sed
529 578 630 616 aliud
646 579 752 616 instat
768 579 1006 629 tractandum,
1024 582 1124 632 cujus
1140 581 1253 631 gratia

268 639 343 676 lia-c
365 655 383 677 a
406 640 507 677 nobis
526 640 617 677 dicta
636 649 727 678 sunt.
747 640 901 679 Andreas
919 656 1000 679 eum
1015 643 1111 694 apud
1132 645 1252 682 ,lesum

270 701 470 746 mansisset,
486 702 667 751 multaque
685 701 890 752 didicisset,
911 718 979 742 non
993 705 1197 743 thesaurum
1217 704 1253 742 in

270 777 304 799 se
324 762 523 811 abscondit,
544 763 605 800 sed
626 763 764 800 festinat
779 773 811 801 et
827 765 994 803 eurritad
1008 766 1163 813 fratrem,
1179 766 1255 818 ejus

270 824 387 874 ipsum
416 833 612 862 consortem
637 824 851 863 redditurus.
877 827 949 863 Cur
977 842 1059 864 vero
1083 841 1151 865 non
1176 841 1255 865 nar-

272 886 362 922 ravit
385 887 538 924 ,loannes
555 886 642 937 qnid
661 886 793 925 dixerit
811 887 860 925 eis
880 888 1068 926 Christus?
1088 899 1120 927 et
1146 890 1257 928 unde-

272 960 351 982 nam
371 947 613 997 cognoscimus
633 947 725 1000 ipsos
740 947 819 986 ideo
836 948 930 1000 apud
946 949 1047 987 illum
1062 949 1255 988 mansisse?

272 1007 313 1043 ld
334 1021 477 1059 nupera
498 1009 598 1046 uobis
617 1018 793 1046 ostensum
813 1019 862 1047 cst
884 1025 891 1045 ε
914 1010 1067 1061 licetque
1085 1011 1191 1048 etiam
1211 1026 1256 1049 ex

272 1068 314 1105 iis
335 1083 411 1118 qme
430 1069 536 1106 hodie
556 1070 640 1107 lecta
666 1079 746 1106 sunt
766 1069 803 1106 id
822 1069 986 1107 ediscere.
1007 1070 1257 1110 Animadverte

272 1129 364 1166 enini
395 1130 482 1179 quid
513 1131 570 1167 hic
601 1130 700 1168 fratri
738 1146 800 1168 suo
835 1131 969 1168 dixerit
997 1146 1004 1166 ε
1033 1133 1256 1169 Invenimus

281 1192 470 1236 Wessimn,
512 1193 614 1242 quod
646 1194 937 1241 interpretatum
972 1199 1027 1228 est
1063 1192 1252 1229 Clu-iscus.

277 1251 402 1289 Viden'
424 1266 493 1301 quo
515 1261 616 1302 paeto
644 1265 721 1301 quae
754 1251 853 1289 brevi
884 1261 1041 1302 tempore
1065 1251 1257 1300 didicerat,

275 1312 354 1349 lunc
373 1312 555 1349 ostendat?
576 1313 667 1349 Nam
696 1320 729 1349 et
753 1311 918 1363 Magistri
948 1312 1118 1351 virtutem
1144 1311 1257 1351 decla-

273 1383 342 1422 rat,
361 1374 423 1424 qui
452 1374 519 1411 hoc
551 1373 636 1426 ipsis
666 1374 832 1424 suaserit,
857 1383 890 1412 et
910 1373 1069 1427 ipsorum
1097 1374 1259 1413 studium

270 1434 577 1487 diligentiamque,
598 1435 659 1486 qui
678 1436 752 1472 haec
769 1436 843 1487 jam
857 1450 875 1472 a
887 1435 1064 1487 principio
1081 1445 1255 1474 curarent.

276 1497 347 1533 lloc
383 1497 515 1549 quippe
549 1498 700 1536 verbum
727 1506 777 1535 est
802 1497 929 1535 aninlae
958 1496 1153 1536 adventum
1182 1498 1257 1549 ejus

272 1573 408 1596 sunnne
432 1559 664 1597 desiderantis
682 1569 716 1597 et
733 1559 777 1596 de
797 1559 879 1596 caelo
905 1568 1095 1597 venturum
1124 1573 1254 1610 exspe—

272 1619 414 1668 ctantis,
450 1620 653 1670 gaudioque
678 1619 901 1669 exsultantis,
938 1628 1126 1671 postquam
1145 1633 1256 1672 appa-

272 1682 357 1732 ruit,
383 1690 486 1731 atque
513 1681 707 1718 festinantis
735 1690 868 1719 tantam
900 1694 973 1719 rem
1005 1680 1139 1718 cacteris
1167 1695 1255 1718 nun-

273 1743 369 1780 tiare.
391 1743 465 1779 lloc
483 1742 644 1780 fraternae
663 1751 736 1780 erat
755 1742 1025 1791 benevolentiae,
1044 1742 1166 1779 amicae
1201 1756 1256 1780 eo-

272 1803 458 1854 gnationis,
473 1803 599 1841 sinceri
619 1804 777 1853 affectus,
793 1803 827 1840 in
847 1803 1095 1855 spiritualibus
1111 1817 1256 1840 manum

273 1874 394 1902 mutuo
416 1865 603 1916 porrigere.
628 1864 723 1902 Audi
752 1874 869 1902 autem
892 1864 994 1901 illum
1015 1878 1096 1901 cum
1114 1863 1257 1901 articuli

270 1926 451 1964 additione
470 1927 684 1976 loquentem.
701 1927 778 1964 Non
800 1926 893 1963 enim
919 1925 1127 1977 simpliciter
1144 1925 1253 1973 dixit,

272 1987 454 2036 Messinm,
496 1987 579 2036 sed,
618 1986 786 2024 Messian]
824 1987 938 2023 illum.
972 1986 1031 2023 Sic
1063 1987 1254 2037 quemdam

271 2048 454 2086 Christum
473 2049 737 2102 exspectabant,
760 2048 821 2098 qui
842 2048 930 2085 nihil
964 2062 1149 2086 connnunc
1174 2063 1253 2086 euni

271 2110 350 2147 aliis
368 2111 523 2148 haberet.
542 2109 791 2149 Animadverte
805 2119 939 2159 autem,
959 2110 1016 2148 vel
1029 2124 1049 2148 a
1064 2110 1254 2163 principio,

272 2170 488 2222 morigerum
516 2171 725 2222 facilemque
748 2171 839 2209 Petri
859 2171 1029 2208 animuin.
1052 2171 1182 2209 Statim
1202 2172 1255 2209 ni—

274 2231 393 2282 hilque
420 2242 575 2271 moratus
600 2232 762 2277 accurrit.
792 2233 973 2269 Adduxit
1002 2246 1100 2278 cum,
1131 2233 1256 2283 inquit,

273 2295 327 2331 ad
353 2296 501 2332 Jeszcm.
531 2295 603 2333 Sed
628 2310 728 2333 nemo
756 2294 958 2332 facilitatem
987 2294 1061 2345 ejus
1091 2294 1255 2345 damnet,

273 2357 369 2408 quod
388 2356 462 2394 sine
483 2356 596 2393 mutto
617 2355 780 2393 examine
804 2354 952 2392 verbum
982 2354 1168 2406 acceperit.
1189 2356 1255 2395 Ve-

273 2418 422 2456 risimile
451 2417 546 2454 enim
580 2426 630 2455 cst
659 2417 806 2454 fratrem
836 2415 912 2452 lime
944 2415 1011 2466 ipsi
1041 2425 1202 2453 accurate
1225 2425 1256 2454 et

274 2479 436 2530 pluribus
449 2492 620 2527 narrasse,
630 2490 754 2515 verum
765 2474 988 2526 evangelista)
1004 2475 1134 2526 ubique
1147 2477 1257 2514 inulta

275 2538 483 2591 compendio
514 2547 675 2587 narrant,
694 2536 859 2575 brevitati
881 2535 1070 2574 studentes.
1091 2536 1257 2588 Alioquin

275 2609 406 2648 autem,
427 2614 494 2637 non
514 2599 600 2636 dicit
618 2613 699 2636 eum
715 2598 834 2636 statim
848 2597 1056 2646 credidisse,
1075 2596 1150 2648 sed,
1173 2598 1259 2636 Ad-

276 2662 386 2698 dumit
411 2674 495 2697 eum
525 2661 577 2696 ad
604 2662 751 2704 ιῙεςιιιη,
781 2658 848 2710 ipsi
880 2658 1076 2696 traditurus
1103 2672 1196 2705 eum,
1221 2667 1260 2695 ut

275 2720 394 2758 omnia
413 2720 458 2757 ab
486 2719 547 2756 illo
567 2718 736 2756 edisceret
757 2734 764 2754 ε
783 2733 863 2756 nam
883 2718 974 2756 alius
991 2732 1128 2769 qnoque
1154 2719 1258 2757 disci-

274 2782 382 2833 pulus
414 2781 553 2828 aderat,
574 2789 608 2817 ct
636 2779 681 2817 ad
714 2779 789 2816 liaec
819 2780 1059 2818 concurrebat.
1092 2780 1200 2826 Quod
1229 2780 1258 2818 si

276 2844 425 2880 Joannes
445 2841 605 2893 Baptista
623 2854 705 2877 cum
726 2839 839 2886 dixit,
858 2841 979 2889 Agnus
995 2849 1057 2887 est,
1076 2840 1160 2878 etin
1177 2841 1259 2892 Spi-

276 2903 347 2940 ritu
373 2902 547 2954 baptizat,
575 2901 760 2939 clariorem
788 2899 854 2937 hae
878 2899 922 2938 de
952 2915 988 2938 re
1012 2901 1211 2939 doctrinam
1237 2916 1256 2940 a

277 2964 420 3001 Christo
444 2962 690 3015 excipiendam
720 2959 878 3010 reliquit:
906 2961 1018 2999 multo
1050 2962 1163 3013 inagis
1187 2964 1257 3000 An-

276 3026 378 3063 dreas
398 3024 437 3062 id
450 3023 584 3071 effecit,
608 3022 670 3074 qui
694 3035 762 3059 non
788 3020 833 3058 ad
861 3030 975 3060 totum
1005 3023 1256 3074 explicandum

275 3086 437 3124 sufficere
466 3083 684 3132 censebatur,
704 3081 765 3120 sed
795 3081 841 3119 ad
868 3081 985 3133 ipsum
1007 3082 1096 3119 lucis
1124 3083 1256 3122 sontem

318 3226 327 3236 ‘
345 3225 355 3265 [
370 3228 504 3267 καθάπερ
529 3223 577 3255 οὖν
603 3225 650 3254 καὶ
679 3225 786 3258 θνητὴν
801 3234 860 3262 γεν.
877 3218 979 3252 Sav'tl.
999 3226 1031 3251 et
1047 3220 1131 3252 Cod.
1151 3222 1228 3253 706.
1248 3237 1274 3254 κ.

273 3290 298 3308 ο»
319 3291 347 3308 κ.
367 3281 457 3314 θνητὴ
475 3279 669 3317 γενομένη...
689 3275 822 3317 διατηρεῖ
845 3271 929 3303 Cod.
948 3273 1039 3313 705.]

317 3329 332 3351 b
350 3327 431 3368 [Atii
444 3330 614 3370 μετειλήφει
634 3323 942 3366 PaulopostMorel.
958 3331 1098 3369 Χριστὸςς
1117 3327 1279 3362 ἀκολουθή-

271 3394 376 3416 σαντας
388 3383 489 3416 εὐθέως
503 3382 549 3411 καὶ
563 3382 721 3420 μείναντας
738 3379 810 3422 παρ’
826 3380 915 3419 αὐτῷ.
927 3375 1186 3409 Savil.ctCodd.
1202 3378 1278 3419 705,

270 3433 343 3465 Tou,
362 3437 394 3461 ut
411 3429 530 3463 Montf.
550 3429 670 3470 dedit]

1325 457 1430 505 αὐτὴν
1459 457 1549 510 ἔχειν
1569 458 1628 497 καὶ
1650 458 1775 506 θνητὴν
1798 459 1998 512 γενομένην,
2017 463 2059 511 τῇ
2081 460 2225 512 διαδοχῇ
2247 460 2351 514 μέχρι

1324 521 1451 557 πολλοῦ
1464 519 1526 566 τὴν
1551 520 1740 572 ἀθανασίαν
1764 522 1950 574 διατηρεῖν.
1974 522 2044 560 Καὶ
2061 516 2102 568 ἦν
2125 520 2185 572 μὲν
2210 522 2348 573 μακρό-

1324 595 1420 632 τερον
1451 579 1641 624 ἐπεξελθεῖν
1671 581 1780 633 τούτῳ
1825 584 1875 634 τῷ
1911 581 2021 635 λόγῳ,
2064 581 2243 621 δεικνύντα
2286 581 2351 621 ὅσα

1326 642 1395 680 ἀπὸ
1409 643 1471 687 τ’ἧς
1490 642 1575 694 πρὸς
1595 643 1762 690 ἀλλήλους
1783 643 1920 682 συνόδου
1936 647 1999 690 τῆς
2014 644 2160 695 γνησίας
2180 644 2239 681 καὶ
2262 646 2350 682 εἴλι-

1326 706 1460 754 κρινοῦς
1487 703 1532 742 τὰ
1558 704 1662 758 κέρδη
1692 711 1763 749 τοῖς
1796 704 2058 758 συνερχομένοις
2084 704 2238 756 γίνεται·
2276 700 2352 744 ἀλλ’

1327 762 1440 816 ἕτερόν
1462 767 1534 803 ἐστι
1552 766 1592 804 τὸ
1608 771 1810 817 κατεπεῖγον
1833 769 1904 813 νῦν,
1921 759 1959 803 οὗ
1980 765 2021 812 δὴ
2045 765 2104 804 καὶ
2126 765 2239 803 ἕνεκεν
2268 770 2351 816 ἡμῖν

1327 828 1435 863 ταῦτα
1468 825 1615 878 εἴρηται.
1652 826 1696 865 ‘O
1726 825 1794 879 γὰρ
1826 826 1984 879 Ἀνδρέας
2017 825 2135 877 μείνας
2171 826 2268 879 παρὰ
2303 829 2352 878 τῷ

1327 885 1460 935 Ἰησοῦ,
1497 887 1555 925 καὶ
1586 887 1703 938 μαθὼν
1735 883 1823 940 ἅπερ
1850 887 1988 937 ἔμαθεν,
2021 888 2058 926 οὐ
2089 887 2239 938 κατέσχε
2268 890 2351 938 παρ’

1329 948 1440 999 ἑαυτῷ
1456 948 1512 986 τὸν
1529 949 1711 1001 θησαυρὸν,
1727 949 1802 987 ἀλλ’
1822 948 1996 1001 ἐπείγεται
2011 948 2070 986 καὶ
2084 947 2199 1001 τρέχει
2219 948 2353 1000 ταχέως

1328 1007 1425 1059 παρὰ
1443 1008 1499 1046 τὸν
1522 1010 1678 1061 ἀδελφὸν,
1702 1009 1911 1060 μεταδώσων
1930 1012 2022 1061 αὐτῷ
2041 1012 2109 1047 τῶν
2127 1011 2264 1060 ἀγαθῶν
2281 1003 2351 1047 ῑίἷν

1330 1068 1473 1119 εἰλήφει.
1502 1069 1604 1113 Τίνος
1628 1070 1663 1108 δὲ
1688 1071 1800 1108 ἕνεκεν
1820 1073 1880 1109 οὐκ
1908 1064 2000 1109 εἶπεν
2022 1074 2039 1109 ὁ
2063 1070 2249 1117 Ἰωάννης,
2274 1070 2351 1108 τίνα

1295 1135 1306 1164 J
1330 1128 1420 1166 ἐστὶν
1437 1128 1459 1165 ἃ
1479 1130 1636 1181 διελέχθη
1653 1131 1738 1183 πρὸς
1756 1130 1876 1174 αὐτοὺς
1896 1134 1913 1169 ὁ
1930 1131 2099 1184 Χριστός;
2116 1130 2218 1169 πόθεν
2238 1130 2273 1169 δὲ
2292 1131 2352 1168 καὶ

1332 1189 1433 1235 δῆλόν
1453 1192 1544 1228 ἐστιν
1571 1191 1624 1229 ὅτι
1653 1191 1710 1229 διὰ
1737 1197 1836 1230 τοῦτο
1855 1192 1993 1242 ἔμειναν
2009 1194 2091 1244 παρ’
2118 1194 2232 1244 αὐτῷ,
2254 1192 2352 1230 Ἀπε-

1332 1249 1450 1302 δείχθη
1482 1250 1542 1301 μὲν
1562 1254 1645 1302 ἡμῖν
1665 1256 1765 1290 τοῦτο
1791 1252 1851 1290 καὶ
1876 1252 2015 1305 πρῴην·
2044 1251 2155 1296 ἔξεστι
2178 1252 2213 1290 δὲ
2233 1252 2292 1290 καὶ
2313 1255 2352 1291 ἐκ

1330 1314 1398 1349 τῶν
1426 1311 1575 1364 τήμερον
1607 1312 1894 1364 ἀναγνωσθέντων
1928 1316 2060 1364 μαθεῖν.
2092 1311 2190 1365 εὈρα
2215 1312 2283 1365 γὰρ
2317 1313 2351 1350 τί

1330 1388 1432 1424 φησιν
1453 1366 1548 1416 οὗτος
1568 1374 1654 1426 πρὸς
1675 1374 1732 1412 τὸν
1763 1372 1925 1426 ἀδελφόν;
1945 1373 2153 1425 Εὑρήκαμεν
2172 1373 2229 1411 τὸν
2256 1374 2352 1412 Μεσ-

1330 1433 1420 1481 σίαν,
1435 1434 1469 1477 ὃς
1487 1435 1712 1488 ἑρμηνεύεται
1728 1434 1888 1488 Χριστός.
1910 1428 2010 1478 Εἶδες
2025 1438 2099 1478 πῶς
2121 1434 2186 1474 ὅσα
2206 1437 2239 1473 ἐν
2262 1436 2350 1486 βρα-

1328 1501 1384 1547 χεῖ
1409 1496 1574 1547 οἔμαθεν,
1594 1496 1716 1541 ἔδειξεν
1738 1498 1910 1543 ἐντεῦθεν,
1936 1496 2007 1534 Καὶ
2032 1496 2099 1549 γὰρ
2127 1496 2186 1534 καὶ
2211 1495 2273 1543 τὴν
2291 1500 2352 1534 τοῦ

1330 1557 1536 1596 διδασκάλου
1564 1556 1664 1610 ἰσχὺν
1689 1557 1881 1610 παρίστησι
1908 1557 2089 1601 πείσαντος
2118 1555 2264 1605 αὐτοὺς,
2290 1557 2350 1594 καὶ

1327 1617 1388 1665 τὴν
1422 1620 1533 1656 αὐτῶν
1563 1618 1755 1672 προθυμίαν
1784 1618 1911 1656 ἄνωθεν
1947 1617 2006 1656 καὶ
2038 1617 2073 1662 ἐξ
2104 1619 2214 1669 ἀρχῆς
2240 1621 2350 1656 ταῦτα

1329 1679 1586 1732 μεριμνώντων.
1605 1681 1718 1718 Τοῦτο
1731 1679 1798 1732 γὰρ
1812 1680 1851 1718 τὸ
1863 1682 1958 1731 ῥῆμα
1974 1680 2086 1731 ψυχῆς
2105 1681 2196 1717 ἐστιν
2211 1678 2350 1717 ὠδινού-

1327 1756 1390 1787 σης
1420 1739 1482 1787 τὴν
1516 1739 1707 1793 παρουσίαν
1746 1742 1869 1787 αὐτοῦ,
1908 1740 1968 1778 καὶ
2004 1738 2251 1792 προσδοκώσης
2286 1738 2348 1785 τὴν

1327 1794 1439 1853 δίφιξιν
1459 1801 1600 1850 ἄνωθεν,
1620 1801 1680 1839 καὶ
1701 1805 1910 1854 περιχαροῦς
1928 1800 2159 1853 γεγενημένης
2180 1799 2293 1851 ἀμετὰ
2310 1800 2350 1839 τὸ

1326 1865 1475 1913 φανῆναι
1506 1863 1545 1901 τὸ
1573 1861 1872 1916 προσδοκώμενον,
1894 1861 1953 1900 καὶ
1971 1861 2196 1914 ἐπειγομένης
2222 1861 2348 1914 ἑτέροις

1328 1925 1533 1974 μεταδοῦναι
1548 1928 1615 1962 τῶν
1633 1923 1854 1975 εὐαγγελίων.
1875 1926 1987 1963 Τοῦτο
2002 1925 2187 1976 ἀδελφικῆς
2204 1922 2348 1970 εὐνοίας,

1324 1989 1423 2024 τοῦτο
1439 1986 1554 2038 φιλίας
1575 1989 1796 2038 συγγενικῆς,
1815 1990 1915 2024 τοῦτο
1934 1987 2135 2037 εἰλικρινοῦς
2153 1983 2347 2031 διαθέσεως,

1326 2049 1359 2086 ἐν
1374 2053 1444 2090 τοῖς
1458 2052 1704 2098 πνευματικοῖς
1719 2046 1921 2091 σπουδάζειν
1947 2052 2048 2098 χεῖρα
2072 2045 2202 2098 ὀρέγειν
2234 2045 2347 2092 ἀλλή-

1327 2113 1408 2154 λοις.
1439 2110 1601 2149 Ἄκουσον
1624 2109 1660 2147 δὲ
1691 2110 1751 2148 καὶ
1773 2109 1893 2148 τούτου
1929 2110 2017 2161 μετὰ
2038 2113 2100 2156 τῆς
2130 2114 2189 2148 τοῦ
2221 2109 2346 2162 ἄρθρου

1327 2171 1526 2225 προσθήκης
1540 2171 1707 2223 λέγοντος.
1729 2173 1781 2210 Οὐ
1795 2171 1862 2223 γὰρ
1885 2165 1959 2210 εἰπε
1974 2170 2146 2219 Μεσσίαν,
2162 2170 2251 2209 ἀλλὰ
2276 2171 2346 2209 Τὸν

1330 2232 1486 2271 Μεσσίαν
1499 2248 1506 2256 ·
1527 2232 1631 2276 οὕτως
1652 2231 1712 2270 ἕνα
1731 2232 1810 2270 τινὰ
1830 2233 1979 2284 Χριστὸν
1999 2232 2230 2286 προσεδόκων,
2253 2231 2346 2270 οὐδὲν

1328 2293 1439 2331 κοινὸν
1461 2293 1546 2345 πρὸς
1563 2292 1639 2336 τοὺς
1663 2293 1787 2336 ἄλλους
1813 2292 1948 2344 ἔχοντα.
1976 2292 2053 2331 (··)έα
2079 2293 2136 2331 13δέ
2157 2308 2214 2344 μοι
2232 2292 2291 2330 καὶ
2314 2292 2347 2336 ἐξ

1329 2355 1434 2400 αὐτῆς
1450 2357 1511 2400 τῆς
1532 2355 1643 2405 ἀρχῆς
1664 2352 1726 2400 τὴν
1749 2354 1889 2400 εὐπειθῆ
1909 2353 1968 2391 καὶ
1983 2353 2113 2400 εὐήνιον
2133 2358 2192 2392 τοῦ
2211 2354 2347 2406 Πέτρου

1329 2413 1492 2452 διάνοιαν.
1530 2413 1664 2457 Εὐθέως
1703 2413 1770 2467 γὰρ
1805 2413 1979 2466 ἐπέδραμε
2013 2413 2119 2465 μηδὲν
2160 2414 2346 2465 μελλήσας.

1328 2474 1465 2527 ’Ὴγαγε
1494 2474 1561 2527 γὰρ
1590 2473 1702 2523 αὐτὸν,
1725 2475 1830 2527 φησὶ,
1860 2474 1944 2527 πρὸς
1973 2475 2030 2513 τὸν
2066 2475 2211 2522 Ἰησοῦν.
2243 2474 2347 2513 Ἀλλὰ

1329 2536 1449 2587 μηδεὶς
1477 2535 1632 2574 εὐκολίαν
1654 2537 1756 2573 αὐτοῦ
1783 2535 2092 2586 καταγινωσκέτω,
2120 2538 2149 2574 εἰ
2170 2535 2217 2586 μὴ
2233 2535 2346 2574 πολλὰ

1328 2597 1479 2644 ζητήσας
1498 2596 1585 2634 οὕτω
1610 2597 1667 2635 τὸν
1686 2596 1785 2648 λόγον
1812 2596 1961 2640 ἐδέξατο.
1982 2597 2085 2640 Εἰκὸς
2103 2595 2170 2650 γὰρ
2199 2596 2258 2634 καὶ
2289 2596 2346 2634 τὸν

1329 2657 1471 2710 ἀδελφὸν
1488 2656 1729 2710 ἀκριὸέστερον
1752 2656 1927 2710 εἰρηκέναι
1949 2658 2042 2709 αὐτῷ
2061 2662 2191 2704 ταῦτα,
2211 2656 2270 2694 καὶ
2291 2655 2347 2694 διὰ

1330 2721 1493 2771 μακρῶν·
1515 2719 1590 2756 ἀλλ’
1612 2720 1642 2756 οἱ
1657 2718 1898 2769 εὐαγγελισταὶ
1925 2721 2104 2769 πανταχοῦ
2133 2716 2246 2754 πολλὰ
2268 2719 2348 2754 ἐπι-

1283 2789 1307 2819 E
1326 2780 1488 2831 τέμνουσι
1508 2778 1739 2832 βραχυλογίας
1760 2778 2013 2829 ἐπιμελόμενοι.
2034 2777 2165 2821 Ἄλλως
2185 2777 2241 2825 δὲ,
2270 2776 2345 2815 οὐδὲ

1328 2841 1461 2892 εἴρηται
1497 2840 1549 2877 ὅτι
1585 2838 1784 2877 ἐπίστευσεν
1822 2839 1957 2885 ἁπλῶς,
1992 2839 2067 2876 ἀλλ’
2104 2838 2156 2876 ὅτι
2191 2836 2346 2890 ’Ἠγαγεν

1328 2902 1429 2939 αὐτὸν
1457 2900 1541 2953 πρὸς
1566 2900 1623 2938 τὸν
1645 2899 1791 2947 Ἰησοῦν,
1823 2899 1942 2951 ἐκείνῳ
1970 2899 2088 2937 λοιπὸν
2112 2897 2346 2951 παραδώσων,

1327 2962 1417 3001 ὥστε
1433 2962 1472 3000 τὸ
1485 2967 1554 2999 πᾶν
1573 2961 1655 3013 παρ’
1676 2958 1803 2999 ἐκείνου
1825 2963 1945 3011 μαθεῖν
1958 2974 1966 2982 ·
1995 2960 2054 2997 καὶ
2082 2958 2148 3012 γὰρ
2164 2959 2223 2997 καὶ
2239 2963 2257 2997 ὁ
2272 2959 2346 2997 ἕτε-

1330 3039 1383 3076 ρος
1400 3020 1556 3073 μαθητὴς
1572 3024 1674 3067 συνῆν
1703 3019 1761 3057 καὶ
1779 3019 1985 3058 συνεὸάλετο
2007 3020 2090 3072 πρὸς
2103 3023 2225 3057 ταῦτα.
2245 3021 2290 3057 Εἰ
2309 3019 2343 3057 δὲ

1328 3088 1345 3122 ὃ
1370 3081 1562 3135 βαπτιστὴς
1577 3081 1741 3128 Ἰωάννης
1771 3080 1890 3129 εἰπὼν,
1908 3080 1961 3119 ὅτι
1980 3079 2086 3131 ἀμνός
2106 3082 2177 3119 ἐστι
2189 3110 2198 3128 ,
2217 3079 2276 3117 καὶ
2290 3079 2342 3118 ὅτι

1388 3231 1400 3245 ⁰
1417 3220 1517 3254 Savil.
1536 3225 1656 3264 ἔμαθεν,
1670 3223 1759 3259 ἔδειξε
1769 3225 1817 3253 καὶ
1835 3226 1887 3259 τὴν
1903 3225 1955 3255 τοῦ
1973 3222 2145 3254 διδασκάλου
2162 3222 2261 3264 copim
2277 3223 2341 3252 πεί·

1345 3288 1446 3311 σαντος
1461 3276 1577 3310 αὐτούς.

1389 3326 1401 3344 ⁵¹
1424 3324 1526 3359 savit.
1542 3329 1623 3367 μετὰ
1639 3328 1672 3359 τὸ
1689 3326 1841 3366 συμέῆναι.

1388 3386 1399 3401 ⁰
1418 3376 1531 3409 Mol-el.
1551 3380 1581 3410 δέ
1597 3390 1664 3419 μοι,
1684 3379 1829 3418 ἀγαπητέ.
