2481 3678
125 2051 209 2080 Jiida·
227 2061 290 2087 pur-

105 2104 115 2117 x
124 2093 221 2119 iracia.

103 2178 190 2203 Joau.
207 2176 290 2212 6.7Ι.

107 2218 158 2255 (5,-
186 2223 214 2244 ci
245 2218 288 2251 13,

112 2259 156 2286 18.

109 3090 223 3119 Manli.
245 3090 295 3119 23.

109 3133 126 3161 8
154 3141 184 3169 9.

298 202 392 264 ‘I7(3
739 216 776 246 s,

298 300 413 337 vidum
426 307 476 335 cst
486 327 496 347 ‚
513 298 575 336 sed
590 308 704 350 potest
720 299 780 337 illa
798 299 855 337 vel
866 299 984 351 ipsum
997 298 1122 336 caelum
1132 298 1278 351 aperire.

297 362 350 398 Ne
363 374 446 412 ergo
466 361 536 398 illis
561 360 787 410 insultemus,
810 374 873 398 nec
898 360 1133 398 calamitatem
1155 373 1282 410 augea-

298 438 391 472 mus,
408 423 468 461 sed
479 424 574 461 omni
590 423 692 460 modo
701 423 856 460 feramus
865 437 979 475 opem.
989 422 1028 460 Si
1039 422 1085 459 ita
1098 421 1281 469 faciamus,

297 484 447 521 multam
463 484 566 521 nobis
579 485 801 522 securitatem
817 482 1102 534 comparabimus
1116 491 1148 520 et
1165 482 1200 519 in
1216 482 1284 519 hoc

297 546 424 584 saeculo
443 556 475 583 et
492 546 526 583 in
542 547 672 583 futuro.
695 548 772 583 Non
794 545 887 582 enim
907 544 964 581 hic
980 552 1118 581 tantum
1134 573 1144 593 ‚
1175 543 1236 581 sed
1250 553 1282 581 et

1293 576 1340 601 417

814 217 999 247 JOANMS
1036 217 1279 247 CIIRYSOST.
1320 217 1525 246 ARCHIEP.
1560 216 1920 247 CONSTANTINOP.

1349 298 1438 336 ἀλλὰ
1457 298 1516 336 καὶ
1542 298 1643 336 αὐτὸν
1673 298 1730 336 τὸν
1757 298 1897 350 οὐρανὸν
1919 297 2084 342 διανοῖξαι
2109 297 2263 336 δύναται.
2308 299 2369 346 Μὴ

1348 359 1460 397 τοίνυν
1483 361 1601 402 αὐταῖς
1623 359 1905 410 ἐπεμδαίνωμεν,
1936 358 2024 411 μηδὲ
2045 359 2187 411 χείρονα
2215 362 2369 410 ποιῶμεν

1349 421 1411 468 τὴν
1437 421 1642 473 συμφορὰν,
1675 419 1764 458 ἀλλὰ
1796 421 1902 458 παντὶ
1933 419 2051 473 τρόπῳ
2082 423 2275 472 βοηθῶμεν.
2312 419 2372 459 Ἂν

1350 482 1439 521 οὕτω
1459 484 1613 532 ποιῶμεν
1627 512 1636 528 ,
1657 480 1789 527 πολλὴν
1821 483 1953 525 ἑαυτοῖς
1971 481 2225 533 περιὸαλοῧμεν
2256 481 2373 534 ἀσφά·

1350 545 1458 591 λειαν,
1486 543 1545 581 καὶ
1564 542 1655 580 κατὰ
1680 542 1738 580 τὸν
1757 541 1914 593 παρόντα
1933 542 1993 579 καὶ
2013 542 2104 580 κατὰ
2123 542 2180 580 τὸν
2203 542 2373 593 μέλλοντα

298 607 372 644 illie
389 607 490 644 nobis
513 621 615 658 opem
638 608 761 653 serent,
784 605 872 642 dum
901 604 1096 642 maximam
1122 613 1283 656 peecato—
1306 612 1331 642 Α
1352 607 1472 643 αἰῶνα.
1510 606 1562 642 Οὐ
1584 603 1652 655 γὰρ
1673 606 1818 641 ἐνταῦθα
1840 603 1954 654 μόνον,
1976 603 2066 641 ἀλλὰ
2092 603 2151 642 καὶ
2178 606 2248 642 ἐκεῖ
2273 606 2373 654 ἡμῶν

299 686 378 708 runi
396 680 594 708 nostrorum
611 678 747 721 partem
779 668 825 705 ob
839 668 1011 705 beneficia
1026 667 1112 719 ipsis
1124 666 1283 719 praestita

298 732 522 776 abscindeut,
547 740 580 768 et
595 730 632 767 id
650 730 752 767 nobis
768 730 1006 767 conciliabant
1018 759 1028 778 ,
1053 738 1092 766 ut
1107 728 1284 780 possimus

298 803 377 830 ante
396 792 550 830 tribunal
580 791 715 829 Christi
738 790 877 828 adstare
903 805 983 828 cum
1004 790 1156 839 fiducia;
1177 804 1284 840 quam

299 868 361 890 uos
380 867 500 890 omnes
519 852 657 903 assequi
678 852 872 903 contingat,
893 852 1005 903 gratia
1020 861 1052 889 et
1068 850 1285 902 benignitate

299 915 445 952 Domini
464 914 573 952 nostri
593 916 675 953 Jesu
697 914 828 952 Christi
845 944 853 961 ,
885 913 941 951 cui
967 913 1080 965 gloria
1100 912 1135 950 in
1156 912 1283 950 saecula

299 975 519 1014 sieculorum.
545 978 669 1013 Amen.

345 1109 357 1121 ἰ
375 1097 433 1128 Alii
452 1100 484 1134 ἧς
498 1103 618 1139 γένοιτο,

1350 665 1617 717 προστήσονται,
1646 665 1690 703 τὰ
1722 664 1865 702 πλείονα
1885 666 1952 701 τῶν
1981 664 2246 716 ἁμαρτημάτων
2274 665 2376 714 ἡμῶν

1355 725 1411 762 διὰ
1426 727 1487 769 τῆς
1504 726 1549 766 εἷς
1569 724 1673 767 αὐτὰς
1688 723 1884 777 εὐεργεσίας
1900 721 2191 772 ὑποτεμνόμεναι,
2208 722 2268 760 καὶ
2288 721 2376 773 μετὰ

1352 784 1548 837 παρρησίας
1567 789 1727 822 ποιοῦσαι
1750 786 1974 835 παραστῆναι
1994 785 2043 835 τῷ
2061 783 2266 834 βήματιτοῧ
2283 784 2375 836 Χρι-

1356 850 1456 884 στοῦ·
1495 839 1561 883 3οῧ
1589 845 1722 896 γένοιτο
1749 844 1880 887 πάντας
1905 848 1998 894 ἡμᾶς
2032 845 2227 896 ἐπιτυχεῖν,
2257 844 2377 897 χάριτι

1355 907 1415 946 καὶ
1444 905 1685 960 φιλανθρωπίᾳ
1705 910 1765 944 τοῦ
1794 904 1921 957 Κυρίου
1943 908 2044 955 ἡμῶν
2078 905 2377 956 ἸησοῦΧριστοῧ,

1356 962 1384 1019 ᾧ
1404 971 1424 1013 ἡ
1447 967 1525 1012 δόξα
1542 969 1588 1010 εἰς
1603 966 1680 1011 τοὺς
1697 968 1824 1010 αἰῶνας
1842 969 1910 1004 τῶν
1932 965 2079 1004 αἰώνων.
2120 965 2240 1015 Ἀμήν.

599 1351 811 1390 HOMILIA
841 1348 975 1388 LXXI.

1744 1347 1922 1385 ΟΜΙΛΙΑ
1940 1345 2006 1385 οα’.

302 1487 390 1523 CAP.
411 1484 513 1523 XIII.
531 1499 564 1524 v.
589 1486 652 1522 12.
673 1485 726 1521 Et
755 1485 899 1534 accepit
929 1483 1165 1520 vestimenta
1196 1493 1283 1525 sua,
1313 1478 1335 1508 Β
1363 1478 1434 1515 Καὶ
1462 1477 1568 1516 {mee
1589 1478 1632 1516 τὰ
1660 1478 1786 1529 ἱμάτια
1816 1481 1932 1526 αὐτοῦ,
1961 1478 2019 1516 καὶ
2048 1478 2232 1517 ἀναπεσὼν
2263 1480 2382 1526 πάλιν,

352 1556 490 1584 etcum
519 1547 751 1583 recubuisset
771 1546 922 1590 iterum,
944 1544 1044 1580 dixit
1071 1543 1148 1580 eis:
1176 1540 1286 1578 Scitis

354 1610 459 1660 quid·
463 1609 623 1659 fecerim
638 1608 749 1645 vobis
765 1611 780 1643 Ρ
800 1614 865 1644 etc.

356 1743 390 1777 1.
412 1738 656 1778 Perniciosum
675 1746 739 1787 est,
755 1735 886 1784 dilecti,
902 1734 1139 1788 perniciosum
1154 1733 1287 1784 utique,

302 1802 337 1838 in
356 1800 572 1853 profundum
601 1799 776 1837 malorum
799 1796 964 1834 incidere.
995 1798 1054 1835 Ex
1083 1795 1169 1832 hinc
1193 1794 1288 1832 enim

302 1862 449 1899 difficile
481 1859 699 1899 convertitur
728 1858 881 1896 animus.
917 1856 1071 1907 Ideoque
1102 1855 1193 1892 nihil
1221 1868 1289 1892 non

304 1922 480 1973 agendum
512 1930 578 1969 est,
611 1929 650 1957 ut
682 1933 725 1956 ne
749 1933 766 1954 a
788 1916 966 1969 principio
1001 1915 1289 1968 capia1nu1·.ija-

304 1983 406 2020 cilius
426 1982 558 2034 quippe
593 1990 643 2018 cst
676 1994 743 2017 non
767 1979 904 2028 eadere,
924 1992 1034 2029 quam
1061 1978 1201 2029 lapsum
1229 1990 1290 2014 re-

306 2042 591 2095 sipiscere.Vide
611 2055 705 2092 ergo,
721 2040 864 2090 quando
885 2039 992 2077 semel
1012 2039 1132 2090 lapsus
1157 2047 1207 2076 est
1227 2039 1291 2077 Ju-

305 2105 381 2153 das,
416 2113 503 2155 quot
538 2102 667 2140 oblatis
702 2101 770 2138 sibi
808 2100 967 2150 auxiliis,
999 2113 1068 2137 non
1098 2108 1214 2137 tamen
1236 2113 1292 2137 re-

307 2175 440 2218 surgat.
476 2165 579 2204 Dixit
615 2165 731 2211 JeSuS‚
765 2164 873 2200 Unus
907 2170 1081 2199 vestrum
1112 2161 1291 2198 diabolus

306 2238 387 2273 est;
411 2227 520 2275 dixit,
555 2227 645 2263 Non
675 2238 805 2261 omnes
838 2224 1026 2267 credunt,·
1063 2221 1170 2269 dixit,
1200 2224 1291 2260 ἡΝοη

306 2288 353 2324 de
368 2288 543 2323 omnibus
565 2286 673 2328 dic0,·
695 2292 740 2329 et,
759 2283 844 2320 Scio
872 2295 966 2334 quos
996 2281 1093 2332 elegi
1113 2296 1122 2316 :
1145 2289 1178 2317 et
1199 2280 1289 2317 nihil

307 2348 435 2385 horum
468 2346 588 2385 sensit.
619 2346 834 2395 Postquam
868 2351 998 2380 autem
1024 2341 1285 2393 lavitjfpedes,

303 2419 339 2447 et
368 2411 513 2459 accepit
541 2409 776 2444 vestimenta
803 2418 889 2451 sua,
922 2417 1009 2441 cum
1039 2404 1286 2449 recubuisset,

305 2474 361 2508 ait
382 2486 393 2506 .·
414 2471 525 2508 Scitis
554 2469 650 2520 quid
664 2468 832 2520 fecerim
855 2467 980 2503 vobis.
1010 2465 1089 2502 Non
1109 2464 1202 2501 ultra
1225 2466 1290 2502 Pe-

303 2540 401 2568 trum
432 2530 558 2577 solum,
580 2527 641 2566 sed
662 2541 781 2565 omnes
805 2526 1010 2576 alloquitur.
1039 2526 1099 2562 15.
1122 2527 1197 2563 Vos
1218 2539 1290 2563 vo-

307 2595 404 2629 catis
425 2606 483 2628 me
499 2592 733 2641 Magistrum
747 2597 783 2625 et
802 2589 1014 2624 Dominum
1022 2603 1037 2632 ,·
1059 2595 1095 2624 et
1116 2589 1209 2624 bene
1228 2588 1288 2624 di-

308 2655 418 2695 citis;
438 2666 522 2689 sum
542 2653 696 2688 etenim.
723 2651 796 2686 Vos
808 2651 961 2686 vocatis
975 2662 1044 2685 me.
1070 2648 1290 2700 Illorumju-

306 2712 441 2749 dicium
454 2721 637 2763 acceptum
649 2710 769 2747 habet.
792 2709 932 2747 Deinde
946 2723 988 2746 ne
998 2709 1043 2746 ad
1055 2709 1199 2746 illorum
1213 2723 1290 2760 gra-

307 2773 392 2810 tiani
408 2774 483 2810 haec
500 2772 594 2809 dicta
615 2786 688 2809 esse
713 2771 916 2820 videantur,
947 2770 1080 2820 subdit,
1112 2772 1205 2809 Sum
1237 2779 1292 2809 et-

308 2836 420 2870 enim.
443 2835 534 2870 Cum
553 2846 635 2883 ergo
663 2846 859 2870 sermonem
887 2846 1009 2870 eorum
1040 2832 1189 2880 inducit,
1214 2832 1291 2884 jam

308 2908 473 2932 onerosus
492 2908 560 2931 non
578 2903 648 2942 est,
671 2893 766 2944 quod
788 2894 891 2931 illum
907 2894 1105 2943 confirmet,
1126 2894 1217 2930 nulli
1232 2908 1291 2931 su-

309 2957 458 3009 spicioni
481 2956 676 2993 obnoxium
705 2955 831 2992 reddit.
853 2956 945 2994 Sum
975 2958 1128 3002 etenim,
1162 2955 1289 3006 inquit.

309 3017 440 3057 Viden’
461 3031 529 3067 quo
548 3025 662 3068 parto,
689 3016 829 3064 quando
861 3016 1057 3068 discipulos
1084 3016 1289 3067 alloquitur,

310 3079 355 3117 de
369 3093 403 3116 se
421 3078 576 3130 apertius
596 3076 775 3126 loquatur.
793 3078 842 3114 Ut
854 3091 936 3128 ergo
952 3077 1059 3116 dicit:
1072 3079 1202 3116 Nolite
1220 3093 1290 3116 vo-

309 3154 397 3178 care
432 3141 659 3189 ”angistrum
692 3151 804 3187 super
843 3147 985 3175 terram
1018 3154 1028 3174 .·
1062 3153 1161 3177 unus
1188 3142 1290 3176 enim

306 3209 517 3252 praeceptor
535 3208 664 3237 vester
678 3207 731 3236 est
741 3214 754 3242 ,-
772 3197 819 3235 ita
835 3198 896 3247 ait,
918 3200 969 3237 Et
1003 3201 1122 3239 nolite
1148 3214 1290 3239 vocare

352 3331 367 3352 Ι·
384 3327 499 3361 Morel.
519 3333 657 3362 ἐκπεσεῖν.

352 3392 364 3404 c
382 3380 442 3411 Alii
459 3387 490 3411 et
504 3378 618 3412 Morcl.
640 3384 653 3413 ὁ
672 3386 805 3425 Χριστός.

1415 1543 1509 1577 εἶπεν
1528 1542 1642 1583 αὐτοῖς
1655 1555 1662 1563 ·
1682 1539 1868 1591 γινώσκετε
1886 1539 1920 1577 τί
1941 1539 2117 1587 πεποίηκα
2136 1544 2239 1591 ὑμῖν;
2261 1541 2319 1579 καὶ
2339 1540 2384 1579 τὰ

1415 1600 1505 1647 ἑξῆς.

1415 1731 1591 1779 Χαλεπὸν,
1615 1732 1801 1783 ἀγαπητοὶ,
1821 1733 1974 1785 χαλεπὸν
1996 1734 2043 1776 εἷς
2065 1732 2166 1784 βάθος
2185 1734 2302 1770 κακῶν
2323 1734 2381 1770 ἐλ-

1362 1796 1443 1831 θεῖν.
1482 1794 1611 1832 Λοιπὸν
1632 1794 1698 1846 γὰρ
1719 1794 1965 1846 δυσδιόρθωτος
1982 1797 2003 1840 ἡ
2021 1793 2117 1846 ψυχὴ
2134 1793 2279 1845 γίνεται.
2316 1792 2382 1830 Διὰ

1361 1857 1462 1892 τοῦτο
1484 1854 1553 1906 χρὴ
1574 1856 1689 1893 πάντα
1708 1856 1887 1909 πράττειν,
1907 1855 1998 1894 ὥστε
2023 1855 2071 1907 μὴ
2090 1857 2220 1893 ἁλῶναι
2236 1854 2298 1901 τὴν
2322 1857 2382 1905 ἀρ-

1362 1914 1443 1966 χήν.
1480 1915 1724 1968 Εὐκολώτερον
1754 1917 1821 1969 γὰρ
1847 1917 1894 1967 μὴ
1916 1916 2119 1968 ῂέμπεσεῖν,
2141 1916 2162 1963 ἢ
2188 1915 2386 1967 ἐμπεσόντα

1365 1975 1629 2021 ἀνακτήσασθαι
1663 1978 1797 2015 ἑαυτόν.
1839 1977 1934 2030 υΟρα
1955 1982 2035 2029 γοῦν
2050 2007 2059 2024 ,
2082 1978 2200 2024 ἐπειδὴ
2222 1976 2384 2015 ἕνέὸαλεν

1366 2035 1485 2073 ἑαυτὸν
1502 2040 1520 2075 ὃ
1537 2036 1680 2082 Ἰούδας,
1702 2038 1813 2084 πόσης
1833 2039 2002 2076 ἀπολαύει
2024 2039 2202 2090 βοηθείας,
2229 2036 2286 2075 καὶ
2310 2035 2386 2074 οὐδὲ

1366 2096 1455 2134 οὕτω
1475 2097 1706 2136 διανίσταται.
1740 2093 1830 2137 Eine
1848 2099 1933 2151 πρὸς
1951 2100 2064 2148 αὐτὸν,
2084 2099 2137 2138 ὅτι
2158 2094 2218 2142 Εἷς
2236 2099 2270 2143 ἐξ
2291 2100 2386 2147 ὑμῶν

1366 2158 1524 2202 διάὸολός
1554 2162 1645 2197 ἐστιν
1659 2176 1666 2182 ·
1700 2154 1792 2198 εἶπεν
1809 2190 1818 2207 ,
1851 2161 1903 2199 ὅτι
1925 2164 1977 2200 Ob
1997 2162 2124 2206 πάντες
2142 2160 2361 2199 πιστεύουσιν
2379 2173 2387 2182 ·

1367 2213 1475 2267 εἶπεν,
1496 2220 1547 2257 ὅτι
1567 2222 1619 2258 Οὐ
1647 2221 1726 2272 περὶ
1748 2221 1887 2259 πάντων
1904 2222 1995 2270 λέγω
2009 2237 2016 2244 ·
2040 2222 2117 2269 καὶ,
2138 2222 2190 2260 ὅτι
2209 2214 2300 2259 Οἶδα
2316 2218 2385 2270 ἐγὼ

1363 2279 1420 2323 οὒς
1442 2280 1668 2331 ἐξελεξάμην,
1690 2282 1749 2319 καὶ
1777 2283 1910 2325 οὐδενὸς
1930 2283 2059 2321 τούτων
2081 2283 2292 2320 αἰσθάνεται.
2326 2279 2388 2322 Ὡς

1362 2339 1397 2378 δὲ
1414 2340 1506 2392 ἔνιψε
1522 2340 1598 2384 τοὺς
1613 2341 1733 2387 πόδας,
1752 2342 1810 2379 καὶ
1827 2342 1973 2380 ἀνέλαὸε
1989 2343 2033 2381 τὰ
2052 2343 2175 2394 ἱμάτια
2191 2345 2307 2388 αὐτοῦ,
2326 2340 2386 2378 καὶ

1361 2402 1560 2449 κατεκλίθη,
1583 2402 1687 2454 φησί·
1704 2402 1899 2441 Γινώσκετε
1915 2403 1948 2441 τί
1963 2404 2140 2451 πεποίηκα
2154 2406 2234 2454 ὑμῖν
2251 2419 2260 2450 ;
2286 2403 2387 2441 Οὐκ-

1362 2461 1413 2499 έτι
1435 2461 1521 2513 πρὸς
1542 2462 1674 2514 Πέτρον
1695 2463 1809 2514 μόνον,
1837 2463 1926 2502 ἀλλὰ
1944 2464 2003 2502 καὶ
2029 2465 2114 2516 πρὸς
2133 2464 2288 2507 ἅπαντας
2308 2464 2383 2500 δια-

1362 2523 1511 2574 λέγεται.
1534 2523 1654 2575 Ὑμεῖς
1670 2524 1815 2576 φωνεῖτέ
1831 2541 1886 2575 με,
1903 2528 1944 2563 (ἶὸ
1966 2525 2090 2577 Κύριος
2105 2525 2163 2563 καὶ
2179 2528 2196 2562 ὃ
2217 2523 2387 2562 διδάσκα-

1362 2592 1419 2633 λος
1433 2606 1440 2613 ·
1457 2589 1515 2628 καὶ
1537 2593 1649 2634 καλῶς
1667 2591 1804 2643 λέγετε·
1833 2592 1904 2643 εἰμὶ
1918 2593 2001 2646 γάρ.
2032 2592 2153 2643 Ἵ’μεῖς
2168 2591 2312 2645 φωνεῖτέ
2330 2608 2386 2643 με.

1363 2658 1439 2706 Τὴν
1466 2659 1578 2712 κρίσιν
1605 2660 1717 2697 αὐτῶν
1744 2661 2019 2714 προσλαμὸοίνει.
2052 2654 2140 2699 Εἶτα
2167 2660 2223 2699 ἵνα
2248 2660 2296 2711 μὴ
2324 2662 2387 2705 τῆς

1366 2728 1503 2766 ἐκείνων
1531 2729 1673 2780 χάριτος
1697 2723 1784 2767 εἶναι
1805 2729 1884 2782 δόξῃ
1905 2730 1948 2767 τὰ
1967 2730 2119 2782 ῥήματα,
2137 2729 2279 2781 ἐπάγει·
2299 2730 2386 2780 Εἰμὶ

1729 2796 1745 2817 d

1363 2797 1443 2849 γάρ.
1477 2799 1540 2849 Tc}
1566 2797 1627 2848 μὲν
1657 2790 1715 2834 οῧν
1757 2800 1839 2850 παρ’
1857 2799 1970 2835 αὐτῶν
1984 2798 2042 2835 τὸν
2056 2797 2157 2849 λόγον
2172 2800 2385 2850 εἰσαγαγεῖν,

1362 2866 1483 2909 εὐθέως
1511 2867 1691 2917 ἀνεπαχθῆ
1719 2872 1830 2904 ποιεῖ·
1862 2868 1912 2917 τῷ
1942 2864 1977 2903 δὲ
2005 2865 2089 2917 παρ’
2129 2865 2266 2903 ἐκείνων
2307 2867 2385 2903 εἷσ-

1362 2933 1510 2987 αχθέντα
1524 2933 1716 2985 βεῧαιῶσαι
1730 2933 1813 2985 παρ’
1829 2935 1964 2981 ἑαυτοῦ,
1979 2933 2186 2972 ἀνύποπτον.
2204 2935 2291 2985 Εἰμὶ
2301 2934 2383 2986 γὰρ,

1316 3024 1340 3054 D
1361 3000 1477 3054 φησίν.
1513 2999 1621 3051 Ὁρᾷς
1655 2999 1737 3037 ὅταν
1764 2999 1849 3050 πρὸς
1879 2998 1957 3042 τοὺς
1983 3000 2140 3050 μαθητὰς
2163 2999 2381 3051 διαλέγηται,

1361 3070 1435 3110 πῶς
1460 3064 1684 3104 ἕκκαλύπτων
1710 3065 1754 3103 τὰ
1779 3067 1855 3102 καθ’
1879 3067 1998 3104 ἑαυτὸν
2020 3066 2204 3119 φθέγγεται
2225 3066 2379 3116 μᾶλλον;

1362 3133 1498 3184 ςΏσπερ
1518 3125 1574 3170 οὖν
1593 3131 1710 3183 λέγει,
1742 3131 1803 3178 Μὴ
1825 3131 1996 3178 καλέσητε
2016 3132 2221 3171 διδάσκαλον
2241 3131 2299 3169 ἐπὶ
2317 3135 2381 3178 τῆς

1360 3204 1444 3251 γῆς·
1475 3194 1522 3244 εἷς
1551 3199 1619 3251 γὰρ
1650 3201 1747 3250 ὑμῶν
1775 3202 1865 3238 ἐστιν
1885 3203 1903 3238 ὁ
1923 3199 2123 3251 καθηγητής
2136 3215 2144 3222 ·
2165 3198 2254 3237 οὕτω
2271 3199 2380 3250 λέγει,

1424 3330 1436 3348 ‘¹
1454 3327 1569 3361 Morel.
1590 3326 1656 3374 παρ’
1679 3331 1784 3365 αὐτοῖς.
