2522 3683
142 1610 171 1630 2.
190 1600 258 1630 Cor.
279 1611 307 1631 2.

145 1649 192 1671 11.

142 2125 211 2153 Jolt.
231 2135 258 2154 2.
274 2124 304 2154 6.

141 2387 325 2425 Act.16.27.

146 2868 225 2897 Ibid.
244 2869 327 2900 Ἰ·.28.

334 3177 473 3229 facias
504 3191 514 3210 .·

349 180 440 240 642

347 285 500 314 satana.
526 275 630 313 Tune
657 273 800 314 diabolo
827 274 1033 324 tradidisti,
1072 283 1106 313 et
1143 275 1258 323 dieis,
1281 277 1332 314 Ut

349 343 427 366 non
448 331 797 366 circumveniamur
829 342 853 366 a
871 333 1042 366 satana?
1073 328 1246 375 Modum,
1278 328 1331 365 in-

346 382 445 432 quit,
472 395 541 418 non
573 382 672 420 novit
696 391 846 419 satanas.
876 380 1030 419 Tradidi
1049 395 1130 419 cum
1159 381 1329 433 oportuit,

346 448 427 471 cum
463 448 529 486 par
556 444 607 473 est
638 449 806 472 resumo:
839 434 969 471 tradidi
989 434 1107 485 ipsum
1136 443 1265 472 satanae
1294 442 1333 470 ut

346 487 503 525 carnifici
524 517 534 536 ,
558 497 596 524 ut
624 488 747 524 saltem
769 487 874 524 homo
906 495 1021 524 noster
1046 487 1330 538 abstergeretur:

346 540 558 592 recipiamus
577 554 669 577 eum.
690 541 784 577 Nam
804 539 832 576 si
856 539 1011 591 amplius
1038 539 1152 591 ipsum
1174 539 1333 577 dimitta-
1356 550 1377 578 Β

346 607 440 639 mus,
462 592 764 631 circumvenimur
781 606 800 628 a
816 601 935 629 satana
953 608 961 628 :
985 592 1125 629 nullum
1144 592 1238 630 enim
1259 607 1332 630 mo-

346 645 433 682 dum
454 645 551 683 novit
567 654 715 682 satanas.
738 643 892 681 Tradidi
909 674 919 693 ,
936 653 975 682 ut
994 644 1149 696 seipsum
1168 645 1332 683 emenda-

345 707 398 735 ret
418 714 425 733 :
450 699 478 735 si
501 697 734 746 dimittamus,
753 696 888 734 occidet
907 711 988 734 eum
1018 707 1057 735 ut
1083 697 1228 737 Judam.
1250 698 1332 736 Ideo

345 750 464 787 dicit:
487 751 726 802 Confirmat-«3
751 752 792 786 in
811 751 924 788 illum
943 752 1160 797 caritatem,
1187 760 1229 788 ut
1255 766 1333 789 non

344 806 696 840 σιἰσιιηινεηὶαηιιιν·
728 817 752 840 a
780 812 934 840 satana.
953 804 1069 849 Quam
1096 803 1247 855 pulchra
1278 804 1333 842 di-

344 856 423 894 xit.
416 855 424 877 l
450 857 527 893 Non
549 856 642 894 ultia
671 865 798 893 satana:
827 865 902 905 est,
930 869 999 893 non
1019 857 1113 893 enim
1132 871 1167 893 ἸἸἸ
1182 856 1332 895 fornica-

343 908 457 956 tione,
491 908 551 946 sed
583 909 619 946 in
651 908 858 960 poenitentia
890 908 988 959 degit
1019 924 1025 944 :
1053 923 1095 946 ne
1126 908 1243 968 igitur
1273 910 1333 947 ille

343 961 439 1011 quod
459 975 578 998 meum
595 971 646 999 est
665 962 811 998 aufeiusat
833 962 923 998 Cum
948 961 1045 998 illius
1062 970 1164 1007 esset,
1178 962 1245 1013 ipsi
1261 971 1332 999 tra-

341 1014 443 1063 didi;
464 1023 502 1051 ut
533 1013 632 1064 quod
651 1014 748 1050 illius
767 1022 865 1061 er,at
886 1027 1006 1050 mcum
1039 1012 1183 1050 tandem
1214 1014 1327 1052 fieiet.

343 1070 374 1104 Ο
392 1066 494 1104 Pauli
515 1065 752 1118 sapientiam!
775 1067 842 1102 Per
856 1043 987 1116 'lupum
1014 1079 1060 1103 οἸ
1062 1079 1118 1102 em
1143 1067 1329 1104 servavit:

341 1134 402 1170 per
438 1119 602 1170 piiatam,
630 1119 843 1169 naufragum
873 1126 1018 1154 nautam
1057 1117 1234 1155 reduxit:
1268 1133 1331 1171 per
1345 1142 1379 1166 27

340 1172 552 1219 inimicum,
586 1170 736 1208 militem
776 1170 812 1207 in
851 1169 1013 1207 ordinem
1046 1170 1235 1208 restituit.
1266 1186 1329 1223 pro
1355 1181 1377 1209 Α

339 1225 466 1262 ἸςοἸΙἸο
498 1224 710 1282 pbaimaco,
734 1222 868 1260 diaboli
898 1223 1003 1274 plaga
1034 1231 1126 1261 utor.
1157 1223 1195 1261 Si
1225 1224 1330 1262 modo

340 1277 492 1321 erudiat,
512 1277 556 1313 ab
576 1276 637 1314 illo
667 1275 846 1313 decedam.
868 1276 1024 1327 Castiget
1048 1276 1124 1324 ille,
1153 1286 1192 1314 ut
1218 1277 1328 1314 somi-

341 1339 438 1367 cator
455 1307 542 1380 qiiid
568 1329 688 1366 feeerit
713 1329 864 1366 sentiat·
886 1343 968 1366 eum
967 1305 1173 1381 Dpeccatum
1199 1339 1232 1367 et
1255 1344 1329 1381 pu-

339 1382 511 1419 tredinem
531 1380 745 1430 absterserit,
765 1395 847 1418 cum
866 1381 999 1419 vulnus
1019 1382 1330 1428 cu1·=ave1it‚tum

341 1435 458 1473 anima
482 1435 584 1472 fortis
613 1412 809 1486 apparebit.
835 1434 914 1472 Non
946 1434 1107 1485 relinquo
1134 1413 1261 1473 auriim
1293 1434 1329 1472 in

341 1488 435 1547 igne,
457 1503 500 1525 ne
526 1488 774 1536 labefactetur,
808 1487 926 1539 ipsum
957 1487 1119 1526 exn-‚abo
1151 1487 1330 1539 Sapientis

342 1541 436 1579 euim
461 1550 512 1579 est
533 1555 633 1578 nosse
652 1539 811 1588 modum,
830 1539 1031 1590 quamdiu
1022 1540 1098 1591 igni
1120 1540 1330 1578 tradendum

343 1594 414 1641 sit,
435 1603 468 1631 et
495 1593 636 1644 quando
654 1592 924 1630 extrahendum.
952 1594 1000 1630 Ut
1027 1607 1104 1630 non
1125 1607 1331 1631 Circumve-

346 1650 502 1684 nitemur
518 1661 542 1683 a
559 1655 714 1684 satana.
737 1646 816 1682 Non
836 1644 930 1682 enim
948 1645 1099 1696 cogitata
1119 1646 1216 1683 illius
1230 1646 1330 1697 igno-

343 1714 475 1737 ramus.
496 1699 568 1745 Qui
587 1712 670 1749 ergo
690 1698 841 1749 cogitata
867 1697 963 1735 illius
984 1698 1095 1746 novit,
1117 1707 1249 1736 tantam
1269 1699 1332 1736 ha-

341 1752 401 1790 bet
429 1760 664 1804 potestatem,
685 1760 724 1788 ut
741 1750 795 1788 illi
823 1759 857 1788 et
885 1751 1054 1802 tempoiis
1075 1760 1109 1788 et
1128 1751 1225 1789 modi
1244 1752 1332 1790 fines

342 1803 789 1857 [J1·aescriba1;ten1p01is,
810 1817 891 1841 cum
916 1804 1010 1862 rapit
1032 1803 1076 1841 ab
1095 1804 1181 1853 illo,
1203 1804 1329 1856 modi,

342 1872 424 1894 cuni
443 1857 552 1895 tradit
570 1871 650 1894 eum
668 1866 797 1894 satanae
830 1856 867 1894 in
887 1856 1068 1893 inteiitum
1093 1856 1219 1894 carnis.
1238 1858 1333 1903 Quia

342 1910 436 1948 cuim
452 1909 662 1948 insatiabilis
686 1918 736 1946 est
754 1909 895 1957 bellua,
920 1923 999 1959 quae
1018 1910 1184 1947 eainibus
1203 1911 1332 1949 nostris

342 1976 536 2013 numquam
553 1970 665 2014 potest
684 1961 834 2014 exple1i‚
857 1976 899 1999 ne
922 1962 1040 2013 ipsum
1062 1962 1286 2013 aliquando
1276 1978 1331 2001 m-

343 2016 530 2063 teisiceiet,
547 2015 626 2052 ideo
645 2014 755 2052 dicit:
770 2016 1331 2061 Ininteritumcarnis,neani-

345 2082 377 2104 ἸἸἸ
382 2083 438 2105 am
458 2069 534 2119 ejus
555 2067 753 2118 attingelet.
771 2067 878 2113 Quod
895 2070 991 2105 Deus
1010 2067 1103 2105 cirea
1124 2068 1257 2107 Jobum
1275 2069 1329 2106 di-

341 2121 407 2159 cit:
423 2122 508 2168 Abi,
528 2130 670 2174 percute
686 2135 826 2158 carnem
846 2121 935 2172 ejus,
949 2120 1104 2158 animam
1120 2130 1239 2158 autem
1255 2123 1331 2174 ejus

341 2188 383 2211 ne
402 2175 579 2225 attingas:
603 2173 816 2224 diaboloque
840 2173 1010 2211 teiminos
1030 2174 1130 2225 ponit
1149 2175 1259 2212 Deus.
1277 2177 1330 2213 lta

340 2236 373 2264 et
392 2241 470 2265 seu
475 2242 515 2265 us
534 2226 615 2276 Dei,
631 2241 676 2264 ex
691 2227 766 2276 eius
784 2226 917 2265 virtute
936 2227 1133 2263 Dominum
1155 2227 1328 2277 imitatus,

341 2280 549 2318 sententiam
569 2257 636 2317 sei-t
654 2279 690 2316 in
706 2279 823 2325 illum,
843 2293 948 2329 quam
968 2278 1134 2317 diabolus
1155 2280 1333 2318 transilire

342 2346 410 2369 non
435 2347 542 2370 ausus
561 2342 623 2370 est.
642 2331 748 2378 Quod
771 2332 799 2369 si
822 2331 973 2381 fecisset,
993 2332 1146 2369 Paulum
1169 2331 1329 2371 domuis-

341 2395 405 2422 set.
426 2387 515 2423 Nam
530 2400 611 2423 euin
628 2385 661 2423 in
678 2399 816 2422 carcere
835 2393 936 2432 esset,
954 2384 1129 2436 ejusmodi
1148 2384 1333 2437 quidpiam

341 2438 506 2476 diabolus
535 2439 712 2476 tentavit.
740 2438 823 2488 quia
857 2437 952 2474 enim
979 2451 1097 2475 ear¹Cel
1127 2451 1331 2489 concussus,

341 2492 455 2529 soluta
478 2491 623 2529 ἸίἸἸςἸἸΙῑἸ
645 2500 758 2539 erant,
780 2499 1008 2542 expeiiectus
1032 2504 1180 2527 car'cciis
1200 2500 1331 2539 custos,

343 2543 502 2592 gladium
534 2545 687 2596 ariipuit
716 2553 756 2581 ut
777 2557 933 2595 seipsum
960 2543 1187 2592 inter·,ficeiet
1208 2543 1334 2595 impel-

342 2596 434 2633 lente
452 2596 609 2635 diabolo.
632 2597 723 2634 Cum
744 2606 862 2649 pastoi
881 2596 977 2633 intus
996 2605 1097 2644 esset,
1119 2610 1163 2634 ne
1180 2610 1334 2635 seivare-

346 2650 518 2698 turmis,
544 2650 643 2688 venit
674 2650 781 2708 lupus
815 2659 852 2686 ut
883 2649 983 2686 illam
1016 2659 1165 2701 rapeiet.
1196 2651 1333 2688 Verum

343 2710 477 2751 pastor,
499 2703 561 2740 etsi
590 2703 745 2750 xinctus,
766 2716 884 2754 ipsum
904 2701 1057 2739 detinuit
1094 2702 1242 2740 dicens:
1263 2704 1334 2740 Ν-

345 2755 402 2790 leil
428 2756 525 2791 muli
550 2758 618 2792 libi
625 2757 777 2807 facias.
801 2757 832 2793 O
861 2755 1013 2814 liastoiis
1039 2755 1329 2794 humanitatem'

345 2808 375 2844 Ν
383 2806 497 2843 inctus
512 2817 576 2852 est
590 2817 623 2844 ct
641 2823 661 2845 Ἰ
667 2808 851 2845 incientcm
875 2822 910 2845 se
925 2807 1133 2845 miseratul:
1156 2808 1229 2845 suis
1249 2808 1334 2845 leli—

345 2859 409 2895 ctis
432 2873 485 2895 les
505 2860 601 2897 illius
617 2875 679 2897 cui
682 2870 726 2897 at.
750 2861 863 2898 ΆὶΙιιΖ
880 2861 977 2897 mali
997 2863 1067 2898 tibi
1080 2862 1232 2913 facias.
1260 2862 1331 2899 FO·
1357 2873 1380 2904 C

345 2925 399 2948 ies
418 2911 542 2948 iidem
536 2927 618 2963 aper
623 2921 643 2948 Ἰ.
646 2927 684 2957 Ἰ5,
702 2913 762 2949 sed
778 2927 841 2963 ego
859 2914 973 2951 benex
976 2913 1054 2951 olus
1073 2927 1152 2951 sum
1167 2913 1330 2951 domesti-

349 2978 428 3001 cus:
443 2964 534 3001 fuics
550 2974 653 3001 5ἸιἸἸῐ«
643 2974 753 3022 apem
743 2980 783 3011 te,
801 2965 861 3002 sed
877 2980 941 3017 ego
956 2965 1050 3003 intus
1065 2981 1109 3003 m«
1105 2981 1206 3014 meo,
1222 2967 1334 3004 donec

345 3016 492 3053 salutem
531 3017 595 3053 tibi
632 3032 785 3068 pariam,
810 3032 877 3055 uon
907 3033 1006 3056 exeo
1039 3018 1121 3056 Ideo
1155 3019 1333 3069 ingiessus

345 3083 447 3118 sum,
466 3078 504 3106 ut
524 3078 557 3106 le
574 3084 619 3106 ex
638 3047 937 3117 catc1iis⁷cr‚nuun
954 3085 972 3107 a
992 3071 1144 3123 peccatis
1170 3072 1330 3109 libelem.

346 3123 405 3159 'lu
436 3100 492 3160 ine
518 3122 695 3165 vinxisti,
718 3135 782 3171 (go
814 3131 847 3159 te
874 3100 984 3160 sol⁷v.0
1006 3125 1119 3161 Nihil
1149 3125 1245 3161 mali
1265 3127 1333 3161 tibi

543 3188 672 3212 omnes
699 3177 800 3211 enim
833 3176 896 3212 lile
926 3189 1069 3213 sumus.
1094 3176 1192 3222 Quid
1220 3177 1330 3227 οιξξοἿ

347 3230 470 3280 Lupus
489 3227 603 3265 stabat
621 3227 885 3274 interemturus,
903 3226 1064 3277 gladium
1088 3228 1271 3280 impellens
1294 3230 1328 3267 in

390 3362 397 3371 ⁸
423 3361 432 3401 i
451 3364 549 3393 Λαξὼν
573 3363 711 3398 καθάπαξ
727 3370 829 3398 marg.
850 3356 966 3398 Saxis]

1309 194 1480 224 SPURIA·

1400 279 1418 313 8
1433 282 1600 322 σατανᾶς,
1616 274 1706 322 ἵναῆ
1727 275 1868 321 κόλασις
1891 278 1984 330 αὐτῶ
2007 277 2095 324 αῧτη
2112 279 2295 331 καθάρσιον
2317 280 2422 347 γέν-[Ε

1401 343 1459 366 ται
1474 333 1533 366 τοῦ
1553 328 1816 395 ἁααρτηματος.
1843 329 1926 368 (Ότι
1950 330 2017 381 γὰρ
2031 347 2131 369 τουτο
2146 332 2295 382 ἐγένετο,
2320 335 2354 370 ἐν
2379 337 2422 385 τῇ

1402 381 1542 447 δευτέρα
1523 382 1728 433 αέπιστολη
1748 380 1862 432 λέγει·
1879 383 2069 434 Κυρώσατε
2089 386 2135 426 εἷς
2151 385 2252 422 αὐτὸν
2272 385 2424 436 ἀγάπην,

1401 432 1458 471 ἵνα
1478 434 1525 484 μὴ
1547 436 1890 484 πλεονεκτηθῶμεν(
1878 435 1944 473 υπὸ
1957 452 2016 474 του
2040 443 2183 474 σατανᾶ.
2202 436 2250 475 Συ
2267 438 2426 490 παρέδω·

1402 502 1465 530 κοις
1480 503 1530 524 τι)
1551 494 1704 539 σατανᾷ,
1726 503 1784 524 και
1803 503 1843 524 συ
1859 488 1986 539 λέγεις,
2002 487 2080 526 Ἵνα
2098 489 2146 539 μὴ
2167 491 2426 556 πλεονεκτηθῶ-

1403 555 1464 589 μεν
1497 540 1563 578 ὑπὸ
1590 556 1649 578 του
1680 555 1835 587 σατανα,
1853 543 1906 578 Οὐ
1933 541 2000 593 γὰρ
2019 543 2107 589 οἶδε,
2129 542 2230 594 φησὶ,
2260 542 2401 610 μέτρον
2407 547 2425 581 ὁ

1402 599 1564 636 σοιτανᾶς.
1593 592 1825 659 Παρέδωκα“
1806 609 1861 631 οτε
1881 593 1965 641 ἔδει,
1986 595 2259 645 οἰπολαμὸοἱνωζ
2247 594 2304 633 ὅτε
2332 596 2424 649 χρή·

1402 645 1595 711 παρέδωκα
1606 647 1652 689 ὡς
1675 645 1789 698 δηαίι)
1810 662 1860 683 τω
1882 653 2038 698 σατανᾷ,
2061 646 2118 685 ἵνα
2144 647 2245 697 μόνον
2263 651 2426 698 ἀποσμη-

1402 702 1501 750 ‘siff‘
1488 713 1505 736 0
1524 698 1702 763 ἡμέτερος
1715 685 1912 750 ἄνθρωπος·
1933 677 2098 749 >x028'8Jiaev
2119 700 2234 738 αὐτόν.
2257 700 2368 738 Ἐὰν
2357 701 2425 754 γὰρ

1403 751 1460 789 ἐπὶ
1492 753 1648 789 πλεῖον
1630 767 1770 806 αφωαεν
1801 752 1915 797 αὐτὸν,
1949 751 2243 802 πλεονεκτούμεῡα
2271 753 2337 791 ὑπὸ
2365 769 2425 791 του

1403 811 1552 842 σατανᾶ·
1572 806 1609 842 οὐ
1639 804 1705 856 γὰρ
1726 797 1796 842 οἶδε
1827 804 1950 873 μέτρον
1973 807 1990 842 8
2015 811 2179 848 σατανᾶς.
2208 805 2424 872 Παρέδιρκα,

1402 855 1457 894 ι’να
1484 856 1715 909 διορθώσηται
1744 857 1888 894 εαυτόν·
1907 857 1965 895 ἐὰν
1986 856 2022 894 δὲ
2039 859 2181 908 ἅψωμεν
2198 858 2312 902 αὐτὸν,
2332 861 2424 896 ἀπο-

1401 915 1514 946 κτενεῖ
1533 910 1632 947 αὐτὸν
1653 912 1700 953 ὡς
1718 910 1774 948 τὸν
1797 909 1920 948 Ἰούδα.
1942 909 2012 947 Διὰ
2032 926 2131 948 τουτο
2157 909 2271 962 λεγει·
2300 910 2426 977 Κυρώ-

1401 977 1482 999 σατε
1513 964 1559 1005 εἷς
1585 962 1684 1000 αὐτὸν
1709 962 1864 1013 ἀγάπην,
1888 962 1944 1000 ἵνα
1971 962 2018 1012 μὴ
2036 964 2371 1014 πλεονεκτηΟωμεν
2359 963 2426 1002 υπὸ

1400 1029 1460 1051 του
1480 1021 1624 1052 σατανᾶ.
1651 1014 1698 1052 Γ
1689 1031 1698 1052 ι
1731 1014 1902 1052 κάλλιστα
1920 1019 2033 1061 εἶπεν,
2051 1015 2182 1053 Οὐκέτι
2206 1021 2265 1054 τοῦ
2292 1022 2426 1054 σατανᾶ

1403 1068 1517 1103 ἐστιν
1542 1068 1579 1103 οὐ
1595 1066 1662 1128 γὰρ
1680 1068 1713 1104 ἐν
1733 1067 1877 1133 πορνεία
1893 1067 1996 1114 ἐστιν,
2017 1069 2092 1105 ἀλλ’
2113 1070 2146 1106 ἐν
2164 1068 2351 1134 μετανοίᾳ·
2375 1068 2424 1118 μὴ

1402 1121 1459 1155 οὖν
1487 1118 1526 1156 τὸ
1551 1118 1632 1168 ἐμὸν
1656 1119 1748 1182 λάὸῃ
1781 1122 1917 1163 ἐκεῖνος.
1946 1119 2036 1157 ἰΌτε
2056 1124 2097 1166 ἠν
2127 1120 2281 1168 ἐκείνου,
2312 1119 2426 1159 ἔδωκα

1403 1172 1515 1224 αὐτο),
1536 1169 1592 1208 ἵνα
1609 1170 1690 1222 ἐμὸν
1707 1171 1902 1236 γένηταιτὸ
1922 1171 2064 1210 ἐκείνου.
2081 1170 2133 1209 Ω
2149 1172 2251 1224 σοφία
2266 1173 2424 1212 Παύλου·

1402 1222 1457 1260 διὰ
1477 1201 1537 1260 τύῧ
1560 1222 1666 1261 λύκου
1686 1224 1726 1261 τὸ
1742 1223 1956 1289 πρόὸατον”
1937 1240 2065 1262 εσωσε·
2087 1224 2142 1262 διὰ
2170 1240 2230 1262 του
2258 1229 2424 1277 πειρατοῦ

1399 1276 1457 1314 τὸν
1473 1275 1601 1322 ναύτην
1619 1292 1864 1328 ναυαγησαντα
1881 1277 2094 1327 ανιμήσατο·
2110 1276 2166 1314 διὰ
2180 1281 2239 1315 τοῦ
2257 1278 2424 1328 πολεμίου

1399 1328 1457 1366 τὸν
1477 1329 1693 1381 στρατιώτην
1728 1331 1776 1372 εἷς
1800 1329 1861 1374 τάξ
1868 1346 1895 1367 ιν
1918 1329 2147 1381 ἐπανήγαγεν.
2169 1329 2260 1368 Ἀντὶ
2279 1330 2424 1383 φαρμά-

1400 1397 1460 1419 κου
1493 1397 1640 1447 πικρου
1652 1382 1830 1446 κέχρηααι
1856 1399 1899 1434 τῃ
1927 1386 1986 1420 τοῦ
2023 1382 2183 1420 διαὸόλου
2213 1384 2347 1434 πληγῇ.
2380 1385 2425 1422 Εἰ

1401 1451 1427 1484 υ.
1429 1434 1503 1473 όνον
1517 1433 1717 1481 παιδεύσει,
1735 1435 1930 1486 ἀφίσταμαι
1947 1437 2064 1473 αὐτου.
2085 1435 2298 1480 Κολαζετιῦ)
2284 1442 2422 1484 εκεῖνος,

1399 1486 1455 1524 ι’να
1491 1487 1654 1534 αἴσθηται
1687 1488 1721 1525 τί
1738 1489 1940 1556 εἰργάσατο
1970 1491 1988 1525 8
2019 1488 2275 1538 πεπορνευκώς.
2312 1488 2423 1526 Όταν

1401 1540 1586 1591 ἀποσαηξῃ
1614 1540 1653 1577 τὸ
1673 1540 1890 1607 ἁμάρτημα,
1912 1540 1994 1579 ὅταν
2013 1540 2198 1592 ἀποσμήξῃ
2219 1541 2281 1588 τὴν
2312 1557 2425 1587 σηπε-

1402 1592 1502 1638 δόνα,
1520 1593 1578 1630 καὶ
1595 1593 1771 1645 ἐκκαθαρῃ
1791 1593 1831 1630 τὸ
1851 1598 2011 1646 τραῦμα,
2035 1593 2112 1630 τότε
2140 1593 2266 1646 ἰσχυρὰ
2289 1593 2426 1631 δείκνυ-

1401 1661 1459 1684 ται
1479 1649 1500 1692 ἡ
1525 1646 1633 1697 ψυχή.
1659 1649 1736 1684 Οὐκ
1759 1645 1908 1712 αφίημι
1904 1647 1942 1684 τὸ
1960 1646 2112 1711 χρυσίον
2125 1648 2159 1683 ἐν
2182 1649 2231 1684 τῶ
2248 1647 2349 1698 πυρί·
2368 1646 2425 1684 ἵνα

1404 1697 1454 1765 μζὴ
1464 1714 1537 1763 φρυ
1541 1702 1583 1750 γῇ
1602 1729 1612 1747 ,
1626 1701 1807 1750 ἀνιμωμαι
1826 1698 1920 1737 αὐτό.
1939 1701 2054 1736 Teii-ro
2069 1698 2135 1750 γάρ
2153 1700 2226 1736 ἐστι
2239 1703 2298 1736 τοῦ
2319 1714 2425 1766 σοφου

1403 1751 1530 1789 εἰδέναι
1549 1751 1588 1789 τὸ
1613 1751 1766 1819 μέτρον,
1771 1751 1878 1789 πόσον
1907 1752 2023 1788 δουναι
2041 1766 2091 1802 τῳ
2116 1767 2220 1819 πυρι,
2240 1767 2299 1789 και
2318 1751 2425 1791 πόσον

1402 1804 1605 1854 λαμὸοἱνειν.
1618 1803 1696 1842 Ἵνα
1724 1804 1772 1855 μὴ
1790 1805 2131 1854 πλεονεκτηθωμεν
2120 1820 2187 1841 υπο
2204 1820 2263 1842 του
2280 1811 2425 1844 σατανᾶ.

1403 1858 1456 1894 Οὐ
1477 1856 1543 1908 γὰρ
1577 1859 1679 1894 αὐτου
1712 1857 1755 1895 τὰ
1779 1856 1940 1907 νοήματα
1965 1859 2166 1908 ἀγνοουμεν.
2187 1856 2232 1894 ‘O
2251 1856 2363 1895 τοίνυν
2382 1857 2426 1896 τὰ

1403 1926 1564 1960 νοηαατα
1586 1911 1689 1948 αὐτου
1710 1908 1958 1960 ἐπιστάμενος,
1978 1913 1996 1948 8
2021 1909 2193 1955 τοσαύτην
2213 1909 2303 1961 ἔχων
2330 1909 2427 1954 ἐξου-

1404 1962 1493 2008 σίαν,
1515 1966 1561 2007 ὥς
1588 1979 1646 2000 και
1675 1962 1774 2030 ὅρους
1793 1964 1887 2015 αὖτῳ
1911 1962 2039 2000 τιθέναι
2058 1962 2116 2000 καὶ
2139 1962 2263 2014 χρόνου
2285 1966 2344 2029 xa}
2365 1963 2428 2014 με’-

1402 2031 1503 2080 τρου·
1522 2015 1647 2081 χρόνου
1666 2016 1741 2066 μὲν,
1758 2016 1922 2068 ἁρπάζων
1938 2018 2021 2067 παρ’
2040 2016 2140 2053 αὐτου
2160 2015 2275 2053 αὐτόν·
2297 2015 2424 2068 μέτρου

1403 2083 1458 2116 οε,
1487 2067 1698 2134 παραδιδοὺς
1725 2069 1782 2106 τὸν
1803 2084 1956 2137 τοιρυτον
1975 2071 2025 2106 τῶ
2050 2074 2183 2106 σατανᾶ
2213 2070 2260 2111 εἷς
2279 2069 2428 2133 ὄλεθρον

1403 2123 1463 2166 της
1484 2121 1623 2173 σαρκός.
1649 2121 1796 2168 Ἐπειδὴ
1827 2121 1894 2173 γὰρ
1919 2120 2106 2172 ἀκόρεστον
2136 2120 2175 2158 τὸ
2208 2120 2339 2172 θηρίον,
2368 2121 2428 2159 καὶ

1402 2174 1564 2213 οὐδέποτε
1598 2174 1772 2225 λαμὲάνει
1801 2173 2007 2224 πλησμονὴν
2044 2174 2113 2212 ἀπὸ
2140 2189 2208 2211 των
2241 2174 2428 2242 ἡμετερων

1403 2243 1554 2292 σαρκων,
1574 2226 1629 2264 ι’να
1634 2226 1698 2292 μὴ
1717 2226 1904 2270 Ἃ“καθοὶπαξ
1920 2226 2106 2290 ἀποκτείνῃ
2127 2226 2241 2273 αὖτὸν,
2257 2226 2313 2264 διὰ
2326 2230 2430 2266 τουτο

1401 2279 1518 2330 λέγει,
1542 2281 1603 2322 Εἷς
1629 2279 1769 2330 ὄλεθρον
1799 2283 1861 2326 τῆς
1891 2279 2037 2330 σαρκὸς,
2059 2278 2115 2316 ι’να
2146 2279 2194 2328 μὴ
2225 2294 2287 2324 της
2273 2281 2429 2331 ςψυχῆς

1405 2347 1507 2369 αυτου
1538 2332 1690 2384 ἅψηται
1712 2331 1797 2383 ὅπερ
1814 2335 1831 2370 8
1853 2331 1942 2374 Θεὸς
1970 2332 2063 2382 λέγει
2079 2347 2129 2368 τι)
2149 2330 2248 2377 Ἰωὸ,
2279 2331 2428 2380 ἄπελθε,

1404 2384 1534 2430 πλῆξον
1553 2386 1656 2422 αὐτοῦ
1667 2384 1731 2432 τὴν
1749 2385 1863 2436 σάρκα
1875 2412 1884 2429 ,
1898 2388 1960 2430 τῆς
1977 2384 2011 2422 δὲ
2026 2386 2140 2436 ψυχῆς
2155 2362 2258 2422 ahoi]
2278 2383 2326 2433 μὴ
2343 2385 2428 2436 ἅψῃ,

1406 2437 1465 2475 καὶ
1496 2437 1593 2489 ὅρους
1615 2437 1732 2484 τίθησι
1764 2441 1814 2489 τῷ
1847 2437 1998 2503 διαῧόλῳ
2030 2441 2047 2475 8
2073 2436 2174 2480 Θεός.
2198 2436 2304 2474 Οὕτω
2329 2438 2387 2474 καὶ
2412 2440 2430 2475 8

1406 2491 1522 2533 δούλοις
1538 2494 1597 2529 τοῦ
1614 2494 1706 2529 (··)εοῦ
1722 2521 1732 2555 ,
1750 2494 1793 2542 τῇ
1812 2489 1956 2540 δυνάμει
1975 2505 2034 2527 του
2055 2491 2147 2527 Θεου
2168 2489 2225 2528 τὸν
2244 2489 2426 2537 Δεσπότην

1407 2543 1639 2594 μιμούμενος,
1661 2543 1834 2581 ἀπόωασιν
1856 2543 1950 2594 αυτῷ
1972 2543 2161 2586 δίδωσιν,
2140 2547 2182 2589 ἠν
2204 2543 2430 2606 υπερὸηναιὸ

1405 2597 1564 2640 διαέολος
1582 2612 1644 2635 ουκ
1662 2596 1864 2646 ἐτόλμησεν.
1884 2597 1926 2633 Εἷ
1947 2595 2035 2650 γὰρ
2032 2593 2205 2646 υπερεὸη,
2227 2595 2312 2647 πρὸς
2331 2597 2429 2633 Παυ-

1404 2650 1500 2688 λον”
1488 2665 1639 2715 ισχυσεν·
1659 2649 1735 2687 επεὶ
1756 2650 1815 2686 καὶ
1833 2648 1923 2696 τότε,
1940 2648 1997 2686 ὅτε
2013 2652 2054 2694 ἠν
2075 2650 2109 2684 ἐν
2125 2663 2175 2698 τῳ
2189 2647 2431 2712 δεσμωτηρίω,

1404 2702 1556 2741 τοιουτόν
1576 2719 1609 2740 τι
1629 2702 1843 2754 ἐργάσασθαι
1869 2679 2070 2748 ἐδουληθη
2057 2717 2074 2738 ο
2094 2700 2263 2769 διρὶὅολος.
2282 2700 2428 2747 Ἐπειδὴ

1405 2755 1472 2807 γὰρ
1494 2756 1532 2793 τὸ
1550 2755 1788 2822 δεσυᾎωτηριον
1809 2753 1977 2820 ἐσαλεύθη
1992 2784 2000 2800 ,
2020 2752 2139 2799 ἐπειδη
2159 2753 2204 2790 τὰ
2225 2752 2335 2804 δεσμὰ
2355 2753 2432 2791 ἐλύ-

1407 2812 1447 2854 οη
1461 2838 1470 2854 ,
1487 2808 1607 2853 ἐπειδὴ
1627 2811 1644 2845 8
1662 2806 1918 2871 δεσμοφύλαξ”
1900 2807 2039 2850 εξυπνος
2060 2806 2217 2857 ἐγενετο,
2240 2805 2343 2843 ἔλαὸε
2364 2805 2432 2856 μά-

1405 2876 1547 2912 χαιραν,
1561 2859 1617 2898 ι’να
1636 2860 1739 2908 ἀνέλῃ
1759 2859 1892 2904 ἑαυτὸν,
1911 2862 1970 2896 τοῦ
1993 2858 2153 2897 διαίόλου
2169 2859 2432 2913 κατεπείγοντος

1407 2916 1630 2980 αναιρεῡηναι
1672 2911 1786 2950 αὐτόν.
1804 2911 1951 2956 Επειδὴ
1980 2911 2047 2963 γὰρ
2074 2910 2167 2949 ἔνδον
2189 2915 2230 2957 ἠν
2249 2915 2267 2949 8
2284 2910 2430 2961 ποιμὴν,

1409 2982 1461 3004 ινα
1483 2982 1530 3015 μη
1547 2965 1586 3003 τὸ
1604 2965 1778 3018 ‘trpo'Cotrov
1795 2967 1910 3015 σωθῇ,
1928 2967 2030 3010 ἠλΟεν
2055 2967 2071 3001 8
2091 2963 2192 3006 λύκος
2214 2963 2428 3028 Οηριάλωτον

1406 3022 1551 3065 ποιῆσαι
1569 3019 1608 3057 τὸ
1627 3017 1813 3082 πρόὸατον.
1839 3008 1931 3054 Λλλ’
1953 3021 1969 3054 8
1987 3016 2132 3067 ποιμὴν,
2152 3016 2265 3054 καίτοι
2285 3015 2428 3067 δεδεμέ-

1406 3087 1481 3120 νος,
1501 3070 1676 3122 κατέσχε,
1698 3069 1833 3120 λέγων·
1863 3069 1983 3115 Μηδὲν
2003 3069 2152 3121 ποιήσῃς
2172 3071 2290 3106 σαυτῶ
2311 3068 2430 3106 κακόν.

1405 3123 1456 3161 Ω
1478 3122 1721 3192 φιλανθρωπία
1740 3122 1920 3172 ποιμένος·
1942 3122 2096 3170 δέδεται,
2117 3122 2176 3160 καὶ
2195 3121 2252 3159 τὸν
2276 3121 2430 3167 δησαντα

1405 3178 1512 3215 ἐλεεῖ·
1545 3179 1657 3245 ἀφηκε
1687 3176 1730 3214 τὰ
1760 3178 1904 3222 ἑαυτοῦ,
1939 3191 1999 3213 και
2032 3175 2075 3212 τὰ
2103 3173 2233 3212 ἐκείνου
2261 3180 2427 3226 μεριμνᾷ.

1405 3229 1524 3276 Μηδὲν
1536 3229 1683 3280 ποιήσῃς
1715 3244 1849 3279 σεαυτῳ
1874 3227 1995 3266 κακόν.
2013 3227 2121 3280 Ορᾷς
2132 3226 2192 3269 τὰς
2206 3225 2309 3278 θύρας
2325 3227 2429 3263 ἀνεω
