<?xml version="1.0" encoding="UTF-8"?>
<!DOCTYPE html PUBLIC "-//W3C//DTD XHTML 1.0 Transitional//EN"
    "http://www.w3.org/TR/xhtml1/DTD/xhtml1-transitional.dtd">
<html xmlns="http://www.w3.org/1999/xhtml" xml:lang="en" lang="en">
 <head>
  <title>
</title>
<meta http-equiv="Content-Type" content="text/html;charset=utf-8" />
  <meta name='ocr-system' content='tesseract 3.04.00' />
  <meta name='ocr-capabilities' content='ocr_page ocr_carea ocr_par ocr_line ocrx_word'/>
</head>
<body>
  <div class='ocr_page' id='page_1' title='image "./operaomniaquaeex08johnuoft/operaomniaquaeex08johnuoft_0074.png"; bbox 0 0 2481 3678; ppageno 0'>
   <div class='ocr_carea' id='block_1_1' title="bbox 84 2543 269 2613">
    <p class='ocr_par' dir='ltr' id='par_1_1' title="bbox 84 2543 269 2613">
     <span class='ocr_line' id='line_1_1' title="bbox 84 2543 269 2613; baseline 0 -42"><span class='ocrx_word' id='word_1_1' title='bbox 84 2543 221 2613; x_wconf 50' lang='grc' dir='ltr'>ίΙὶῚΙιίΙὶῙιρ.</span> <span class='ocrx_word' id='word_1_2' title='bbox 240 2552 269 2571; x_wconf 86' lang='grc'>2.</span> 
     </span>
    </p>
   </div>
   <div class='ocr_carea' id='block_1_2' title="bbox 90 2846 253 2876">
    <p class='ocr_par' dir='ltr' id='par_1_2' title="bbox 90 2846 253 2876">
     <span class='ocr_line' id='line_1_2' title="bbox 90 2846 253 2876; baseline -0.006 0"><span class='ocrx_word' id='word_1_3' title='bbox 90 2847 166 2876; x_wconf 78' lang='lat' dir='ltr'>Mal.</span> <span class='ocrx_word' id='word_1_4' title='bbox 181 2846 211 2875; x_wconf 81' lang='grc'>3.</span> <span class='ocrx_word' id='word_1_5' title='bbox 227 2854 237 2874; x_wconf 88' lang='lat'>1</span> <span class='ocrx_word' id='word_1_6' title='bbox 247 2868 253 2875; x_wconf 89' lang='lat'>.</span> 
     </span>
    </p>
   </div>
   <div class='ocr_carea' id='block_1_3' title="bbox 282 218 343 276">
    <p class='ocr_par' dir='ltr' id='par_1_3' title="bbox 282 218 343 276">
     <span class='ocr_line' id='line_1_3' title="bbox 282 218 343 276; baseline 0 -13"><span class='ocrx_word' id='word_1_7' title='bbox 282 218 343 276; x_wconf 75' lang='grc'>48</span> 
     </span>
    </p>
   </div>
   <div class='ocr_carea' id='block_1_4' title="bbox 279 308 1269 1324">
    <p class='ocr_par' dir='ltr' id='par_1_4' title="bbox 279 308 1269 1324">
     <span class='ocr_line' id='line_1_4' title="bbox 281 308 1265 366; baseline -0.005 -15"><span class='ocrx_word' id='word_1_8' title='bbox 281 315 489 366; x_wconf 84' lang='lat' dir='ltr'>angelorum</span> <span class='ocrx_word' id='word_1_9' title='bbox 504 322 634 352; x_wconf 89' lang='lat' dir='ltr'>coetum</span> <span class='ocrx_word' id='word_1_10' title='bbox 651 314 836 352; x_wconf 69' lang='lat' dir='ltr'>memoro?</span> <span class='ocrx_word' id='word_1_11' title='bbox 854 313 946 350; x_wconf 91' lang='lat' dir='ltr'>Nam</span> <span class='ocrx_word' id='word_1_12' title='bbox 963 312 999 349; x_wconf 92' lang='lat' dir='ltr'>in</span> <span class='ocrx_word' id='word_1_13' title='bbox 1023 308 1265 363; x_wconf 82' lang='lat' dir='ltr'>imperatoriis</span> 
     </span>
     <span class='ocr_line' id='line_1_5' title="bbox 281 372 1268 428; baseline -0.005 -15"><span class='ocrx_word' id='word_1_14' title='bbox 281 375 377 428; x_wconf 86' lang='lat' dir='ltr'>apud</span> <span class='ocrx_word' id='word_1_15' title='bbox 401 389 465 413; x_wconf 92' lang='lat' dir='ltr'>nos</span> <span class='ocrx_word' id='word_1_16' title='bbox 484 375 636 423; x_wconf 78' lang='lat' dir='ltr'>aedibus,</span> <span class='ocrx_word' id='word_1_17' title='bbox 655 375 683 413; x_wconf 90' lang='lat' dir='ltr'>si</span> <span class='ocrx_word' id='word_1_18' title='bbox 708 375 787 427; x_wconf 92' lang='lat' dir='ltr'>quis</span> <span class='ocrx_word' id='word_1_19' title='bbox 811 374 956 412; x_wconf 85' lang='lat' dir='ltr'>inducta</span> <span class='ocrx_word' id='word_1_20' title='bbox 986 372 1170 411; x_wconf 82' lang='lat' dir='ltr'>meretrice</span> <span class='ocrx_word' id='word_1_21' title='bbox 1188 380 1268 408; x_wconf 88' lang='lat' dir='ltr'>uta-</span> 
     </span>
     <span class='ocr_line' id='line_1_6' title="bbox 281 431 1268 488; baseline -0.005 -14"><span class='ocrx_word' id='word_1_22' title='bbox 281 446 363 484; x_wconf 83' lang='lat' dir='ltr'>tur,</span> <span class='ocrx_word' id='word_1_23' title='bbox 389 437 447 475; x_wconf 82' lang='lat' dir='ltr'>vel</span> <span class='ocrx_word' id='word_1_24' title='bbox 478 436 508 474; x_wconf 88' lang='lat' dir='ltr'>si</span> <span class='ocrx_word' id='word_1_25' title='bbox 535 436 702 474; x_wconf 84' lang='lat' dir='ltr'>ebrietate</span> <span class='ocrx_word' id='word_1_26' title='bbox 723 436 899 488; x_wconf 76' lang='lat' dir='ltr'>capiatur,</span> <span class='ocrx_word' id='word_1_27' title='bbox 934 435 993 472; x_wconf 84' lang='lat' dir='ltr'>vel</span> <span class='ocrx_word' id='word_1_28' title='bbox 1030 443 1134 486; x_wconf 86' lang='lat' dir='ltr'>turpe</span> <span class='ocrx_word' id='word_1_29' title='bbox 1164 431 1268 470; x_wconf 88' lang='lat' dir='ltr'>aliud</span> 
     </span>
     <span class='ocr_line' id='line_1_7' title="bbox 282 493 1267 550; baseline -0.004 -15"><span class='ocrx_word' id='word_1_30' title='bbox 282 497 469 550; x_wconf 84' lang='lat' dir='ltr'>quidpiam</span> <span class='ocrx_word' id='word_1_31' title='bbox 490 497 669 547; x_wconf 84' lang='lat' dir='ltr'>admittat,</span> <span class='ocrx_word' id='word_1_32' title='bbox 689 506 864 534; x_wconf 83' lang='lat' dir='ltr'>extremas</span> <span class='ocrx_word' id='word_1_33' title='bbox 879 495 941 533; x_wconf 89' lang='lat' dir='ltr'>dat</span> <span class='ocrx_word' id='word_1_34' title='bbox 958 509 1092 547; x_wconf 80' lang='lat' dir='ltr'>poenas.</span> <span class='ocrx_word' id='word_1_35' title='bbox 1114 494 1223 540; x_wconf 91' lang='lat' dir='ltr'>Quod</span> <span class='ocrx_word' id='word_1_36' title='bbox 1238 493 1267 531; x_wconf 90' lang='lat' dir='ltr'>si</span> 
     </span>
     <span class='ocr_line' id='line_1_8' title="bbox 281 555 1264 610; baseline -0.004 -14"><span class='ocrx_word' id='word_1_37' title='bbox 281 558 319 596; x_wconf 86' lang='lat' dir='ltr'>in</span> <span class='ocrx_word' id='word_1_38' title='bbox 349 558 589 610; x_wconf 80' lang='lat' dir='ltr'>imperatoriis</span> <span class='ocrx_word' id='word_1_39' title='bbox 617 558 754 595; x_wconf 80' lang='lat' dir='ltr'>aedibus</span> <span class='ocrx_word' id='word_1_40' title='bbox 785 557 876 595; x_wconf 79' lang='lat' dir='ltr'>talia.</span> <span class='ocrx_word' id='word_1_41' title='bbox 900 556 1030 593; x_wconf 88' lang='lat' dir='ltr'>audere</span> <span class='ocrx_word' id='word_1_42' title='bbox 1065 569 1134 593; x_wconf 92' lang='lat' dir='ltr'>non</span> <span class='ocrx_word' id='word_1_43' title='bbox 1156 555 1264 605; x_wconf 77' lang='lat' dir='ltr'>licet3</span> 
     </span>
     <span class='ocr_line' id='line_1_9' title="bbox 281 616 1264 669; baseline -0.004 -13"><span class='ocrx_word' id='word_1_44' title='bbox 281 619 395 656; x_wconf 89' lang='lat' dir='ltr'>multo</span> <span class='ocrx_word' id='word_1_45' title='bbox 411 618 538 669; x_wconf 81' lang='lat' dir='ltr'>magis,</span> <span class='ocrx_word' id='word_1_46' title='bbox 554 618 686 668; x_wconf 88' lang='lat' dir='ltr'>ubique</span> <span class='ocrx_word' id='word_1_47' title='bbox 702 626 871 669; x_wconf 79' lang='lat' dir='ltr'>praesente</span> <span class='ocrx_word' id='word_1_48' title='bbox 889 616 1139 655; x_wconf 84' lang='lat' dir='ltr'>universorum</span> <span class='ocrx_word' id='word_1_49' title='bbox 1153 616 1264 665; x_wconf 75' lang='lat' dir='ltr'>Rege,</span> 
     </span>
     <span class='ocr_line' id='line_1_10' title="bbox 282 675 1267 729; baseline -0.003 -13"><span class='ocrx_word' id='word_1_50' title='bbox 282 679 469 729; x_wconf 82' lang='lat' dir='ltr'>omniaque</span> <span class='ocrx_word' id='word_1_51' title='bbox 497 677 829 729; x_wconf 77' lang='lat' dir='ltr'>circumspiciente,</span> <span class='ocrx_word' id='word_1_52' title='bbox 857 677 887 714; x_wconf 93' lang='lat' dir='ltr'>si</span> <span class='ocrx_word' id='word_1_53' title='bbox 915 676 1046 714; x_wconf 87' lang='lat' dir='ltr'>similia</span> <span class='ocrx_word' id='word_1_54' title='bbox 1080 675 1267 727; x_wconf 86' lang='lat' dir='ltr'>aggredia—</span> 
     </span>
     <span class='ocr_line' id='line_1_11' title="bbox 282 738 1269 791; baseline -0.003 -13"><span class='ocrx_word' id='word_1_55' title='bbox 282 755 377 790; x_wconf 78' lang='lat' dir='ltr'>mur,</span> <span class='ocrx_word' id='word_1_56' title='bbox 398 750 598 778; x_wconf 76' lang='lat' dir='ltr'>extremum</span> <span class='ocrx_word' id='word_1_57' title='bbox 624 741 764 777; x_wconf 87' lang='lat' dir='ltr'>luemus</span> <span class='ocrx_word' id='word_1_58' title='bbox 782 738 1014 791; x_wconf 87' lang='lat' dir='ltr'>supplicium.</span> <span class='ocrx_word' id='word_1_59' title='bbox 1042 738 1269 790; x_wconf 81' lang='lat' dir='ltr'>Quapropter</span> 
     </span>
     <span class='ocr_line' id='line_1_12' title="bbox 282 798 1268 852; baseline -0.002 -14"><span class='ocrx_word' id='word_1_60' title='bbox 282 815 381 852; x_wconf 89' lang='lat' dir='ltr'>rogo,</span> <span class='ocrx_word' id='word_1_61' title='bbox 398 801 547 838; x_wconf 89' lang='lat' dir='ltr'>multam</span> <span class='ocrx_word' id='word_1_62' title='bbox 570 801 607 837; x_wconf 92' lang='lat' dir='ltr'>in</span> <span class='ocrx_word' id='word_1_63' title='bbox 633 801 700 838; x_wconf 89' lang='lat' dir='ltr'>hac</span> <span class='ocrx_word' id='word_1_64' title='bbox 721 800 795 839; x_wconf 80' lang='lat' dir='ltr'>vita</span> <span class='ocrx_word' id='word_1_65' title='bbox 819 799 973 850; x_wconf 89' lang='lat' dir='ltr'>quietem</span> <span class='ocrx_word' id='word_1_66' title='bbox 988 807 1021 836; x_wconf 91' lang='lat' dir='ltr'>et</span> <span class='ocrx_word' id='word_1_67' title='bbox 1043 798 1268 845; x_wconf 81' lang='lat' dir='ltr'>modestiam,</span> 
     </span>
     <span class='ocr_line' id='line_1_13' title="bbox 281 859 1269 912; baseline -0.002 -14"><span class='ocrx_word' id='word_1_68' title='bbox 281 861 432 898; x_wconf 89' lang='lat' dir='ltr'>multam</span> <span class='ocrx_word' id='word_1_69' title='bbox 459 860 674 899; x_wconf 81' lang='lat' dir='ltr'>munditiem</span> <span class='ocrx_word' id='word_1_70' title='bbox 701 860 947 898; x_wconf 72' lang='lat' dir='ltr'>exhibeamus.</span> <span class='ocrx_word' id='word_1_71' title='bbox 974 860 1107 910; x_wconf 81' lang='lat' dir='ltr'>Regem</span> <span class='ocrx_word' id='word_1_72' title='bbox 1135 859 1269 912; x_wconf 87' lang='lat' dir='ltr'>quippe</span> 
     </span>
     <span class='ocr_line' id='line_1_14' title="bbox 281 919 1264 972; baseline -0.001 -14"><span class='ocrx_word' id='word_1_73' title='bbox 281 922 467 972; x_wconf 78' lang='lat' dir='ltr'>habemus,</span> <span class='ocrx_word' id='word_1_74' title='bbox 500 921 561 972; x_wconf 90' lang='lat' dir='ltr'>qui</span> <span class='ocrx_word' id='word_1_75' title='bbox 594 931 712 959; x_wconf 87' lang='lat' dir='ltr'>nostra</span> <span class='ocrx_word' id='word_1_76' title='bbox 739 920 857 958; x_wconf 87' lang='lat' dir='ltr'>omnia</span> <span class='ocrx_word' id='word_1_77' title='bbox 891 928 1061 972; x_wconf 86' lang='lat' dir='ltr'>perpetuo</span> <span class='ocrx_word' id='word_1_78' title='bbox 1092 919 1264 957; x_wconf 79' lang='lat' dir='ltr'>intuetur.</span> 
     </span>
     <span class='ocr_line' id='line_1_15' title="bbox 282 981 1267 1036; baseline -0.002 -14"><span class='ocrx_word' id='word_1_79' title='bbox 282 986 332 1022; x_wconf 89' lang='lat' dir='ltr'>Ut</span> <span class='ocrx_word' id='word_1_80' title='bbox 351 985 469 1035; x_wconf 85' lang='lat' dir='ltr'>itaque</span> <span class='ocrx_word' id='word_1_81' title='bbox 490 998 628 1036; x_wconf 88' lang='lat' dir='ltr'>semper</span> <span class='ocrx_word' id='word_1_82' title='bbox 640 985 705 1021; x_wconf 73' lang='lat' dir='ltr'>lux</span> <span class='ocrx_word' id='word_1_83' title='bbox 718 983 780 1021; x_wconf 86' lang='lat' dir='ltr'>illa</span> <span class='ocrx_word' id='word_1_84' title='bbox 810 997 870 1020; x_wconf 85' lang='lat' dir='ltr'>nos</span> <span class='ocrx_word' id='word_1_85' title='bbox 883 981 1073 1031; x_wconf 83' lang='lat' dir='ltr'>illuminet,</span> <span class='ocrx_word' id='word_1_86' title='bbox 1090 981 1186 1019; x_wconf 89' lang='lat' dir='ltr'>hunc</span> <span class='ocrx_word' id='word_1_87' title='bbox 1204 995 1267 1020; x_wconf 94' lang='lat' dir='ltr'>no-</span> 
     </span>
     <span class='ocr_line' id='line_1_16' title="bbox 280 1043 1266 1094; baseline -0.003 -11"><span class='ocrx_word' id='word_1_88' title='bbox 280 1045 336 1083; x_wconf 90' lang='lat' dir='ltr'>bis</span> <span class='ocrx_word' id='word_1_89' title='bbox 355 1045 498 1083; x_wconf 87' lang='lat' dir='ltr'>radium</span> <span class='ocrx_word' id='word_1_90' title='bbox 520 1045 753 1082; x_wconf 81' lang='lat' dir='ltr'>attrahamus.</span> <span class='ocrx_word' id='word_1_91' title='bbox 779 1044 833 1081; x_wconf 87' lang='lat' dir='ltr'>Ita</span> <span class='ocrx_word' id='word_1_92' title='bbox 862 1043 957 1081; x_wconf 88' lang='lat' dir='ltr'>enim</span> <span class='ocrx_word' id='word_1_93' title='bbox 979 1052 1013 1080; x_wconf 90' lang='lat' dir='ltr'>et</span> <span class='ocrx_word' id='word_1_94' title='bbox 1034 1043 1266 1094; x_wconf 85' lang='lat' dir='ltr'>praesentibus</span> 
     </span>
     <span class='ocr_line' id='line_1_17' title="bbox 280 1102 1266 1154; baseline -0.004 -11"><span class='ocrx_word' id='word_1_95' title='bbox 280 1115 314 1143; x_wconf 87' lang='lat' dir='ltr'>et</span> <span class='ocrx_word' id='word_1_96' title='bbox 347 1105 475 1143; x_wconf 84' lang='lat' dir='ltr'>futuris</span> <span class='ocrx_word' id='word_1_97' title='bbox 501 1106 662 1142; x_wconf 85' lang='lat' dir='ltr'>fruemur</span> <span class='ocrx_word' id='word_1_98' title='bbox 682 1103 810 1152; x_wconf 81' lang='lat' dir='ltr'>bonis,</span> <span class='ocrx_word' id='word_1_99' title='bbox 845 1103 958 1154; x_wconf 88' lang='lat' dir='ltr'>gratia</span> <span class='ocrx_word' id='word_1_100' title='bbox 983 1112 1016 1140; x_wconf 91' lang='lat' dir='ltr'>et</span> <span class='ocrx_word' id='word_1_101' title='bbox 1050 1102 1266 1154; x_wconf 82' lang='lat' dir='ltr'>benignitate</span> 
     </span>
     <span class='ocr_line' id='line_1_18' title="bbox 281 1164 1266 1215; baseline -0.001 -12"><span class='ocrx_word' id='word_1_102' title='bbox 281 1167 427 1204; x_wconf 90' lang='lat' dir='ltr'>Domini</span> <span class='ocrx_word' id='word_1_103' title='bbox 459 1166 568 1204; x_wconf 89' lang='lat' dir='ltr'>nostri</span> <span class='ocrx_word' id='word_1_104' title='bbox 597 1168 679 1205; x_wconf 85' lang='lat' dir='ltr'>Jesu</span> <span class='ocrx_word' id='word_1_105' title='bbox 709 1164 867 1214; x_wconf 76' lang='lat' dir='ltr'>Christi,</span> <span class='ocrx_word' id='word_1_106' title='bbox 895 1178 958 1215; x_wconf 87' lang='lat' dir='ltr'>per</span> <span class='ocrx_word' id='word_1_107' title='bbox 990 1178 1096 1213; x_wconf 89' lang='lat' dir='ltr'>quem</span> <span class='ocrx_word' id='word_1_108' title='bbox 1129 1173 1266 1202; x_wconf 89' lang='lat' dir='ltr'>etcum</span> 
     </span>
     <span class='ocr_line' id='line_1_19' title="bbox 281 1223 1264 1277; baseline -0.003 -13"><span class='ocrx_word' id='word_1_109' title='bbox 281 1241 350 1277; x_wconf 87' lang='lat' dir='ltr'>quo</span> <span class='ocrx_word' id='word_1_110' title='bbox 365 1226 462 1264; x_wconf 89' lang='lat' dir='ltr'>Patri</span> <span class='ocrx_word' id='word_1_111' title='bbox 484 1226 611 1277; x_wconf 75' lang='lat' dir='ltr'>gloria7</span> <span class='ocrx_word' id='word_1_112' title='bbox 629 1239 768 1275; x_wconf 87' lang='lat' dir='ltr'>unaque</span> <span class='ocrx_word' id='word_1_113' title='bbox 790 1224 941 1276; x_wconf 85' lang='lat' dir='ltr'>Spiritui</span> <span class='ocrx_word' id='word_1_114' title='bbox 959 1232 1091 1273; x_wconf 77' lang='lat' dir='ltr'>sancte,</span> <span class='ocrx_word' id='word_1_115' title='bbox 1105 1223 1140 1261; x_wconf 91' lang='lat' dir='ltr'>in</span> <span class='ocrx_word' id='word_1_116' title='bbox 1156 1237 1264 1261; x_wconf 84' lang='lat' dir='ltr'>saecu-</span> 
     </span>
     <span class='ocr_line' id='line_1_20' title="bbox 279 1287 710 1324; baseline -0.007 0"><span class='ocrx_word' id='word_1_117' title='bbox 279 1288 313 1324; x_wconf 87' lang='lat' dir='ltr'>la</span> <span class='ocrx_word' id='word_1_118' title='bbox 334 1287 555 1324; x_wconf 81' lang='lat' dir='ltr'>saeculorum.</span> <span class='ocrx_word' id='word_1_119' title='bbox 586 1288 710 1322; x_wconf 85' lang='lat' dir='ltr'>Amen.</span> 
     </span>
    </p>
   </div>
   <div class='ocr_carea' id='block_1_5' title="bbox 1292 498 1317 527">
    <p class='ocr_par' dir='ltr' id='par_1_5' title="bbox 1292 498 1317 527">
     <span class='ocr_line' id='line_1_21' title="bbox 1292 498 1317 527; baseline 0 0"><span class='ocrx_word' id='word_1_120' title='bbox 1292 498 1317 527; x_wconf 85' lang='lat' dir='ltr'>E</span> 
     </span>
    </p>
   </div>
   <div class='ocr_carea' id='block_1_6' title="bbox 711 226 1891 262">
    <p class='ocr_par' dir='ltr' id='par_1_6' title="bbox 711 226 1891 262">
     <span class='ocr_line' id='line_1_22' title="bbox 711 226 1891 262; baseline -0.003 0"><span class='ocrx_word' id='word_1_121' title='bbox 711 232 747 262; x_wconf 90' lang='lat' dir='ltr'>S.</span> <span class='ocrx_word' id='word_1_122' title='bbox 787 229 971 262; x_wconf 62' lang='lat' dir='ltr'>JOANNIS</span> <span class='ocrx_word' id='word_1_123' title='bbox 1007 226 1249 259; x_wconf 80' lang='lat' dir='ltr'>CHRYSOST.</span> <span class='ocrx_word' id='word_1_124' title='bbox 1289 226 1495 259; x_wconf 77' lang='lat' dir='ltr'>ARCHIEP.</span> <span class='ocrx_word' id='word_1_125' title='bbox 1533 229 1891 261; x_wconf 73' lang='lat' dir='ltr'><strong>CONSTANTINOP-</strong></span> 
     </span>
    </p>
   </div>
   <div class='ocr_carea' id='block_1_7' title="bbox 1335 309 2365 1268">
    <p class='ocr_par' dir='ltr' id='par_1_7' title="bbox 1335 309 2365 1268">
     <span class='ocr_line' id='line_1_23' title="bbox 1339 309 2360 364; baseline 0.001 -17"><span class='ocrx_word' id='word_1_126' title='bbox 1339 311 1451 353; x_wconf 80' lang='grc' dir='ltr'>αὐτοῖς</span> <span class='ocrx_word' id='word_1_127' title='bbox 1478 316 1548 354; x_wconf 91' lang='grc' dir='ltr'>τοῖς</span> <span class='ocrx_word' id='word_1_128' title='bbox 1576 314 1658 364; x_wconf 82' lang='grc' dir='ltr'>παρ’</span> <span class='ocrx_word' id='word_1_129' title='bbox 1690 315 1787 363; x_wconf 83' lang='grc' dir='ltr'>ἡμῖν,</span> <span class='ocrx_word' id='word_1_130' title='bbox 1815 312 1848 350; x_wconf 85' lang='grc' dir='ltr'>εἴ</span> <span class='ocrx_word' id='word_1_131' title='bbox 1871 328 1922 355; x_wconf 87' lang='grc' dir='ltr'>τις</span> <span class='ocrx_word' id='word_1_132' title='bbox 1951 310 1990 348; x_wconf 80' lang='grc' dir='ltr'>ἂν</span> <span class='ocrx_word' id='word_1_133' title='bbox 2013 310 2143 363; x_wconf 84' lang='grc' dir='ltr'>πόρνην</span> <span class='ocrx_word' id='word_1_134' title='bbox 2167 309 2360 362; x_wconf 76' lang='grc' dir='ltr'>εἰσαγαγὼν</span> 
     </span>
     <span class='ocr_line' id='line_1_24' title="bbox 1337 370 2363 424; baseline 0.001 -17"><span class='ocrx_word' id='word_1_135' title='bbox 1337 372 1454 422; x_wconf 77' lang='grc' dir='ltr'>χρῷτο</span> <span class='ocrx_word' id='word_1_136' title='bbox 1479 372 1585 422; x_wconf 77' lang='grc' dir='ltr'>αὐτῇ,</span> <span class='ocrx_word' id='word_1_137' title='bbox 1608 371 1630 418; x_wconf 84' lang='grc' dir='ltr'>ἢ</span> <span class='ocrx_word' id='word_1_138' title='bbox 1653 372 1738 424; x_wconf 82' lang='grc' dir='ltr'>με’θῃ</span> <span class='ocrx_word' id='word_1_139' title='bbox 1762 372 1850 410; x_wconf 86' lang='grc' dir='ltr'>οἴνου</span> <span class='ocrx_word' id='word_1_140' title='bbox 1883 370 2113 423; x_wconf 68' lang='grc' dir='ltr'>κατασχεθείη</span> <span class='ocrx_word' id='word_1_141' title='bbox 2128 401 2137 419; x_wconf 93' lang='grc'>,</span> <span class='ocrx_word' id='word_1_142' title='bbox 2164 370 2186 416; x_wconf 84' lang='grc' dir='ltr'>ἢ</span> <span class='ocrx_word' id='word_1_143' title='bbox 2216 371 2300 409; x_wconf 74' lang='grc' dir='ltr'>ἄλλο</span> <span class='ocrx_word' id='word_1_144' title='bbox 2329 386 2363 408; x_wconf 91' lang='grc' dir='ltr'>τι</span> 
     </span>
     <span class='ocr_line' id='line_1_25' title="bbox 1337 430 2363 484; baseline 0.001 -17"><span class='ocrx_word' id='word_1_145' title='bbox 1337 435 1488 469; x_wconf 87' lang='grc' dir='ltr'>τοιοῦτον</span> <span class='ocrx_word' id='word_1_146' title='bbox 1504 432 1778 484; x_wconf 82' lang='grc' dir='ltr'>ἀσχημονήσειε,</span> <span class='ocrx_word' id='word_1_147' title='bbox 1806 432 1868 479; x_wconf 90' lang='grc' dir='ltr'>τὴν</span> <span class='ocrx_word' id='word_1_148' title='bbox 1885 432 2036 484; x_wconf 74' lang='grc' dir='ltr'>ἐσχάτην</span> <span class='ocrx_word' id='word_1_149' title='bbox 2054 431 2174 469; x_wconf 82' lang='grc' dir='ltr'>δίδωσι</span> <span class='ocrx_word' id='word_1_150' title='bbox 2192 430 2302 478; x_wconf 89' lang='grc' dir='ltr'>δίκην.</span> <span class='ocrx_word' id='word_1_151' title='bbox 2317 432 2363 469; x_wconf 84' lang='grc' dir='ltr'>Εἰ</span> 
     </span>
     <span class='ocr_line' id='line_1_26' title="bbox 1340 489 2363 543; baseline 0 -15"><span class='ocrx_word' id='word_1_152' title='bbox 1340 489 1375 528; x_wconf 83' lang='grc' dir='ltr'>δὲ</span> <span class='ocrx_word' id='word_1_153' title='bbox 1391 492 1424 529; x_wconf 80' lang='grc' dir='ltr'>ἐν</span> <span class='ocrx_word' id='word_1_154' title='bbox 1441 491 1626 543; x_wconf 80' lang='grc' dir='ltr'>βασιλείοις</span> <span class='ocrx_word' id='word_1_155' title='bbox 1637 495 1697 531; x_wconf 83' lang='grc' dir='ltr'>οὐκ.</span> <span class='ocrx_word' id='word_1_156' title='bbox 1711 493 1849 531; x_wconf 79' lang='grc' dir='ltr'>ἀνεκτὸν</span> <span class='ocrx_word' id='word_1_157' title='bbox 1864 492 1909 530; x_wconf 79' lang='grc' dir='ltr'>τὰ</span> <span class='ocrx_word' id='word_1_158' title='bbox 1928 496 2071 530; x_wconf 83' lang='grc' dir='ltr'>τοιαῦτα</span> <span class='ocrx_word' id='word_1_159' title='bbox 2086 494 2230 543; x_wconf 77' lang='grc' dir='ltr'>τολμᾷν,</span> <span class='ocrx_word' id='word_1_160' title='bbox 2243 492 2363 543; x_wconf 81' lang='grc' dir='ltr'>πολλῷ</span> 
     </span>
     <span class='ocr_line' id='line_1_27' title="bbox 1341 550 2360 605; baseline -0.001 -16"><span class='ocrx_word' id='word_1_161' title='bbox 1341 553 1484 602; x_wconf 84' lang='grc' dir='ltr'>μᾶλλον,</span> <span class='ocrx_word' id='word_1_162' title='bbox 1509 557 1567 591; x_wconf 86' lang='grc' dir='ltr'>τοῦ</span> <span class='ocrx_word' id='word_1_163' title='bbox 1581 558 1762 605; x_wconf 75' lang='grc' dir='ltr'>πανταχοῦ</span> <span class='ocrx_word' id='word_1_164' title='bbox 1779 553 1947 604; x_wconf 80' lang='grc' dir='ltr'>βασιλέως</span> <span class='ocrx_word' id='word_1_165' title='bbox 1966 553 2135 605; x_wconf 84' lang='grc' dir='ltr'>παρόντος</span> <span class='ocrx_word' id='word_1_166' title='bbox 2160 552 2218 590; x_wconf 83' lang='grc' dir='ltr'>καὶ</span> <span class='ocrx_word' id='word_1_167' title='bbox 2245 550 2290 589; x_wconf 79' lang='grc' dir='ltr'>τὰ</span> <span class='ocrx_word' id='word_1_168' title='bbox 2305 567 2360 603; x_wconf 86' lang='grc' dir='ltr'>γι-</span> 
     </span>
     <span class='ocr_line' id='line_1_28' title="bbox 1338 612 2361 665; baseline -0.001 -15"><span class='ocrx_word' id='word_1_169' title='bbox 1338 612 1466 663; x_wconf 90' lang='grc' dir='ltr'>νόμενα</span> <span class='ocrx_word' id='word_1_170' title='bbox 1483 613 1652 665; x_wconf 79' lang='grc' dir='ltr'>θεωμένου</span> <span class='ocrx_word' id='word_1_171' title='bbox 1665 645 1674 662; x_wconf 92' lang='grc'>,</span> <span class='ocrx_word' id='word_1_172' title='bbox 1689 614 1728 651; x_wconf 81' lang='grc' dir='ltr'>ἂν</span> <span class='ocrx_word' id='word_1_173' title='bbox 1742 618 1885 652; x_wconf 88' lang='grc' dir='ltr'>τοιαῦτα</span> <span class='ocrx_word' id='word_1_174' title='bbox 1914 615 2110 664; x_wconf 80' lang='grc' dir='ltr'>τολμῶμεν,</span> <span class='ocrx_word' id='word_1_175' title='bbox 2128 612 2190 660; x_wconf 83' lang='grc' dir='ltr'>τὴν</span> <span class='ocrx_word' id='word_1_176' title='bbox 2210 612 2361 664; x_wconf 81' lang='grc' dir='ltr'>ἐσχάτην</span> 
     </span>
     <span class='ocr_line' id='line_1_29' title="bbox 1338 673 2362 725; baseline -0.001 -15"><span class='ocrx_word' id='word_1_177' title='bbox 1338 673 1602 724; x_wconf 80' lang='grc' dir='ltr'>ὑποστησόμεθα</span> <span class='ocrx_word' id='word_1_178' title='bbox 1637 673 1791 712; x_wconf 82' lang='grc' dir='ltr'>κόλασιν.</span> <span class='ocrx_word' id='word_1_179' title='bbox 1818 674 1902 719; x_wconf 85' lang='grc' dir='ltr'>Διὸ,</span> <span class='ocrx_word' id='word_1_180' title='bbox 1936 675 2152 725; x_wconf 81' lang='grc' dir='ltr'>παρακαλῶ,</span> <span class='ocrx_word' id='word_1_181' title='bbox 2174 673 2305 720; x_wconf 81' lang='grc' dir='ltr'>πολλὴν</span> <span class='ocrx_word' id='word_1_182' title='bbox 2329 675 2362 710; x_wconf 81' lang='grc' dir='ltr'>ἐν</span> 
     </span>
     <span class='ocr_line' id='line_1_30' title="bbox 1338 732 2363 788; baseline 0 -17"><span class='ocrx_word' id='word_1_183' title='bbox 1338 737 1387 786; x_wconf 80' lang='grc' dir='ltr'>τῷ</span> <span class='ocrx_word' id='word_1_184' title='bbox 1409 734 1473 788; x_wconf 82' lang='grc' dir='ltr'>βίῳ</span> <span class='ocrx_word' id='word_1_185' title='bbox 1490 733 1553 780; x_wconf 83' lang='grc' dir='ltr'>τὴν</span> <span class='ocrx_word' id='word_1_186' title='bbox 1576 735 1724 787; x_wconf 83' lang='grc' dir='ltr'>ἡσυχίαν</span> <span class='ocrx_word' id='word_1_187' title='bbox 1742 732 2010 784; x_wconf 81' lang='grc' dir='ltr'>ἐπιδειξώμεθα,</span> <span class='ocrx_word' id='word_1_188' title='bbox 2030 733 2161 780; x_wconf 82' lang='grc' dir='ltr'>πολλὴν</span> <span class='ocrx_word' id='word_1_189' title='bbox 2175 733 2237 780; x_wconf 86' lang='grc' dir='ltr'>τὴν</span> <span class='ocrx_word' id='word_1_190' title='bbox 2254 737 2363 771; x_wconf 86' lang='grc' dir='ltr'>καθα-</span> 
     </span>
     <span class='ocr_line' id='line_1_31' title="bbox 1340 793 2364 848; baseline -0.001 -16"><span class='ocrx_word' id='word_1_191' title='bbox 1340 794 1479 846; x_wconf 88' lang='grc' dir='ltr'>ρότητα.</span> <span class='ocrx_word' id='word_1_192' title='bbox 1500 795 1569 833; x_wconf 78' lang='grc' dir='ltr'>Καὶ</span> <span class='ocrx_word' id='word_1_193' title='bbox 1585 795 1652 848; x_wconf 85' lang='grc' dir='ltr'>γὰρ</span> <span class='ocrx_word' id='word_1_194' title='bbox 1670 794 1793 848; x_wconf 78' lang='grc' dir='ltr'>ἔχομεν</span> <span class='ocrx_word' id='word_1_195' title='bbox 1825 793 1970 844; x_wconf 80' lang='grc' dir='ltr'>βασιλέα</span> <span class='ocrx_word' id='word_1_196' title='bbox 1991 793 2106 832; x_wconf 86' lang='grc' dir='ltr'>πάντα</span> <span class='ocrx_word' id='word_1_197' title='bbox 2119 797 2254 847; x_wconf 82' lang='grc' dir='ltr'>ὁρῶντα</span> <span class='ocrx_word' id='word_1_198' title='bbox 2285 795 2364 840; x_wconf 87' lang='grc' dir='ltr'>διη-</span> 
     </span>
     <span class='ocr_line' id='line_1_32' title="bbox 1337 849 2365 909; baseline -0.002 -15"><span class='ocrx_word' id='word_1_199' title='bbox 1337 859 1443 900; x_wconf 86' lang='grc' dir='ltr'>νεκῶς</span> <span class='ocrx_word' id='word_1_200' title='bbox 1457 855 1501 894; x_wconf 84' lang='grc' dir='ltr'>τὰ</span> <span class='ocrx_word' id='word_1_201' title='bbox 1519 856 1685 909; x_wconf 80' lang='grc' dir='ltr'>ἡμέτερα.</span> <span class='ocrx_word' id='word_1_202' title='bbox 1709 855 1774 894; x_wconf 88' lang='grc' dir='ltr'>Ἵν’</span> <span class='ocrx_word' id='word_1_203' title='bbox 1801 849 1857 894; x_wconf 70' lang='grc' dir='ltr'>οῦν</span> <span class='ocrx_word' id='word_1_204' title='bbox 1879 858 1972 905; x_wconf 78' lang='grc' dir='ltr'>ἡμᾶς</span> <span class='ocrx_word' id='word_1_205' title='bbox 2000 855 2053 893; x_wconf 75' lang='grc' dir='ltr'>ἀεὶ</span> <span class='ocrx_word' id='word_1_206' title='bbox 2079 858 2179 893; x_wconf 88' lang='grc' dir='ltr'>τοῦτο</span> <span class='ocrx_word' id='word_1_207' title='bbox 2212 855 2365 906; x_wconf 76' lang='grc' dir='ltr'>δαψιλῶς</span> 
     </span>
     <span class='ocr_line' id='line_1_33' title="bbox 1337 914 2362 968; baseline -0.002 -14"><span class='ocrx_word' id='word_1_208' title='bbox 1337 916 1468 968; x_wconf 74' lang='grc' dir='ltr'>φωτίζῃ</span> <span class='ocrx_word' id='word_1_209' title='bbox 1499 917 1538 955; x_wconf 85' lang='grc' dir='ltr'>τὸ</span> <span class='ocrx_word' id='word_1_210' title='bbox 1565 919 1653 968; x_wconf 79' lang='grc' dir='ltr'>φῶς,</span> <span class='ocrx_word' id='word_1_211' title='bbox 1682 914 1958 966; x_wconf 83' lang='grc' dir='ltr'>ἐπισπασώμεθα</span> <span class='ocrx_word' id='word_1_212' title='bbox 1988 915 2118 962; x_wconf 86' lang='grc' dir='ltr'>ταύτην</span> <span class='ocrx_word' id='word_1_213' title='bbox 2139 914 2201 962; x_wconf 87' lang='grc' dir='ltr'>τὴν</span> <span class='ocrx_word' id='word_1_214' title='bbox 2227 917 2362 952; x_wconf 84' lang='grc' dir='ltr'>ἀκτῖνα.</span> 
     </span>
     <span class='ocr_line' id='line_1_34' title="bbox 1337 975 2363 1029; baseline -0.002 -15"><span class='ocrx_word' id='word_1_215' title='bbox 1337 976 1442 1015; x_wconf 79' lang='grc' dir='ltr'>Οὕτω</span> <span class='ocrx_word' id='word_1_216' title='bbox 1470 976 1538 1029; x_wconf 87' lang='grc' dir='ltr'>γὰρ</span> <span class='ocrx_word' id='word_1_217' title='bbox 1568 977 1712 1015; x_wconf 75' lang='grc' dir='ltr'>καὶτῶν</span> <span class='ocrx_word' id='word_1_218' title='bbox 1731 979 1875 1015; x_wconf 85' lang='grc' dir='ltr'>ἐνταῦθα</span> <span class='ocrx_word' id='word_1_219' title='bbox 1897 976 1957 1014; x_wconf 70' lang='grc' dir='ltr'>καὶ</span> <span class='ocrx_word' id='word_1_220' title='bbox 1977 979 2045 1014; x_wconf 80' lang='grc' dir='ltr'>τῶν</span> <span class='ocrx_word' id='word_1_221' title='bbox 2064 975 2259 1026; x_wconf 82' lang='grc' dir='ltr'>μελλόντων</span> <span class='ocrx_word' id='word_1_222' title='bbox 2279 977 2363 1012; x_wconf 89' lang='grc' dir='ltr'>ἀπο-</span> 
     </span>
     <span class='ocr_line' id='line_1_35' title="bbox 1335 1034 2360 1090; baseline -0.003 -15"><span class='ocrx_word' id='word_1_223' title='bbox 1335 1037 1505 1089; x_wconf 77' lang='grc' dir='ltr'>λαύσομεν</span> <span class='ocrx_word' id='word_1_224' title='bbox 1527 1041 1677 1089; x_wconf 83' lang='grc' dir='ltr'>ἀγαθῶν,</span> <span class='ocrx_word' id='word_1_225' title='bbox 1691 1037 1812 1090; x_wconf 83' lang='grc' dir='ltr'>χάριτι</span> <span class='ocrx_word' id='word_1_226' title='bbox 1830 1037 1888 1075; x_wconf 83' lang='grc' dir='ltr'>καὶ</span> <span class='ocrx_word' id='word_1_227' title='bbox 1904 1036 2148 1089; x_wconf 76' lang='grc' dir='ltr'>φιλανθρωπίᾳ</span> <span class='ocrx_word' id='word_1_228' title='bbox 2158 1039 2217 1074; x_wconf 89' lang='grc' dir='ltr'>τοῦ</span> <span class='ocrx_word' id='word_1_229' title='bbox 2231 1034 2360 1088; x_wconf 87' lang='grc' dir='ltr'>Κυρίου</span> 
     </span>
     <span class='ocr_line' id='line_1_36' title="bbox 1336 1091 2363 1151; baseline -0.003 -15"><span class='ocrx_word' id='word_1_230' title='bbox 1336 1102 1435 1149; x_wconf 81' lang='grc' dir='ltr'>ἡμῶν</span> <span class='ocrx_word' id='word_1_231' title='bbox 1462 1099 1578 1145; x_wconf 80' lang='grc' dir='ltr'>Ἰησοῦ</span> <span class='ocrx_word' id='word_1_232' title='bbox 1612 1099 1764 1151; x_wconf 85' lang='grc' dir='ltr'>Χριστοῦ</span> <span class='ocrx_word' id='word_1_233' title='bbox 1780 1128 1789 1146; x_wconf 92' lang='grc'>,</span> <span class='ocrx_word' id='word_1_234' title='bbox 1808 1099 1850 1135; x_wconf 89' lang='grc' dir='ltr'>δι’</span> <span class='ocrx_word' id='word_1_235' title='bbox 1870 1092 1907 1136; x_wconf 71' lang='grc' dir='ltr'>οῧ</span> <span class='ocrx_word' id='word_1_236' title='bbox 1929 1098 1989 1136; x_wconf 81' lang='grc' dir='ltr'>καὶ</span> <span class='ocrx_word' id='word_1_237' title='bbox 2022 1099 2095 1149; x_wconf 86' lang='grc' dir='ltr'>μεθ’</span> <span class='ocrx_word' id='word_1_238' title='bbox 2115 1091 2152 1135; x_wconf 69' lang='grc' dir='ltr'>οῦ</span> <span class='ocrx_word' id='word_1_239' title='bbox 2172 1099 2221 1149; x_wconf 82' lang='grc' dir='ltr'>τῷ</span> <span class='ocrx_word' id='word_1_240' title='bbox 2246 1095 2363 1150; x_wconf 74' lang='grc' dir='ltr'>Πατρὶ</span> 
     </span>
     <span class='ocr_line' id='line_1_37' title="bbox 1335 1158 2362 1211; baseline -0.001 -15"><span class='ocrx_word' id='word_1_241' title='bbox 1335 1163 1357 1205; x_wconf 83' lang='grc' dir='ltr'>ἡ</span> <span class='ocrx_word' id='word_1_242' title='bbox 1380 1159 1460 1202; x_wconf 82' lang='grc' dir='ltr'>δόξα</span> <span class='ocrx_word' id='word_1_243' title='bbox 1478 1159 1552 1209; x_wconf 84' lang='grc' dir='ltr'>ἅμα</span> <span class='ocrx_word' id='word_1_244' title='bbox 1566 1162 1615 1210; x_wconf 78' lang='grc' dir='ltr'>τῷ</span> <span class='ocrx_word' id='word_1_245' title='bbox 1637 1159 1725 1211; x_wconf 82' lang='grc' dir='ltr'>ἁγίῳ</span> <span class='ocrx_word' id='word_1_246' title='bbox 1745 1158 1944 1210; x_wconf 79' lang='grc' dir='ltr'>Πνεόματι,</span> <span class='ocrx_word' id='word_1_247' title='bbox 1968 1162 2014 1204; x_wconf 86' lang='grc' dir='ltr'>εἷς</span> <span class='ocrx_word' id='word_1_248' title='bbox 2038 1159 2116 1204; x_wconf 80' lang='grc' dir='ltr'>τοὺς</span> <span class='ocrx_word' id='word_1_249' title='bbox 2146 1161 2272 1202; x_wconf 81' lang='grc' dir='ltr'>αἰῶνας</span> <span class='ocrx_word' id='word_1_250' title='bbox 2294 1161 2362 1196; x_wconf 82' lang='grc' dir='ltr'>τῶν</span> 
     </span>
     <span class='ocr_line' id='line_1_38' title="bbox 1337 1218 1630 1268; baseline 0 -12"><span class='ocrx_word' id='word_1_251' title='bbox 1337 1218 1483 1257; x_wconf 85' lang='grc' dir='ltr'>αἰώνων.</span> <span class='ocrx_word' id='word_1_252' title='bbox 1510 1218 1630 1268; x_wconf 81' lang='grc' dir='ltr'>Ἀμήν.</span> 
     </span>
    </p>
   </div>
   <div class='ocr_carea' id='block_1_8' title="bbox 330 1432 1357 1439">
    <p class='ocr_par' dir='ltr' id='par_1_8' title="bbox 330 1432 1357 1439">
     <span class='ocr_line' id='line_1_39' title="bbox 330 1432 1357 1439; baseline 0 0"><span class='ocrx_word' id='word_1_253' title='bbox 330 1432 1357 1439; x_wconf 95' lang='lat' dir='ltr'> </span> 
     </span>
    </p>
   </div>
   <div class='ocr_carea' id='block_1_9' title="bbox 306 1442 980 1445">
    <p class='ocr_par' dir='ltr' id='par_1_9' title="bbox 306 1442 980 1445">
     <span class='ocr_line' id='line_1_40' title="bbox 306 1442 980 1445; baseline 0 0"><span class='ocrx_word' id='word_1_254' title='bbox 306 1442 980 1445; x_wconf 95' lang='lat' dir='ltr'> </span> 
     </span>
    </p>
   </div>
   <div class='ocr_carea' id='block_1_10' title="bbox 616 1552 921 1591">
    <p class='ocr_par' dir='ltr' id='par_1_10' title="bbox 616 1552 921 1591">
     <span class='ocr_line' id='line_1_41' title="bbox 616 1552 921 1591; baseline -0.003 -2"><span class='ocrx_word' id='word_1_255' title='bbox 616 1552 825 1589; x_wconf 86' lang='lat' dir='ltr'><strong>HOMILIA</strong></span> <span class='ocrx_word' id='word_1_256' title='bbox 855 1552 921 1591; x_wconf 90' lang='lat' dir='ltr'>VI.</span> 
     </span>
    </p>
   </div>
   <div class='ocr_carea' id='block_1_11' title="bbox 281 1673 1269 1772">
    <p class='ocr_par' dir='ltr' id='par_1_11' title="bbox 281 1673 1269 1772">
     <span class='ocr_line' id='line_1_42' title="bbox 281 1673 1269 1719; baseline -0.005 -5"><span class='ocrx_word' id='word_1_257' title='bbox 281 1678 318 1714; x_wconf 78' lang='lat'>6.</span> <span class='ocrx_word' id='word_1_258' title='bbox 350 1677 441 1714; x_wconf 83' lang='lat' dir='ltr'>Fuit</span> <span class='ocrx_word' id='word_1_259' title='bbox 469 1676 583 1712; x_wconf 76' lang='lat' dir='ltr'>homo</span> <span class='ocrx_word' id='word_1_260' title='bbox 603 1676 739 1711; x_wconf 79' lang='lat' dir='ltr'>missus</span> <span class='ocrx_word' id='word_1_261' title='bbox 760 1686 785 1709; x_wconf 86' lang='lat' dir='ltr'>a</span> <span class='ocrx_word' id='word_1_262' title='bbox 809 1673 912 1719; x_wconf 81' lang='lat' dir='ltr'>Deo,</span> <span class='ocrx_word' id='word_1_263' title='bbox 935 1675 996 1711; x_wconf 83' lang='lat' dir='ltr'>cui</span> <span class='ocrx_word' id='word_1_264' title='bbox 1023 1686 1162 1710; x_wconf 81' lang='lat' dir='ltr'>nomen</span> <span class='ocrx_word' id='word_1_265' title='bbox 1186 1680 1269 1711; x_wconf 82' lang='lat' dir='ltr'>erat</span> 
     </span>
     <span class='ocr_line' id='line_1_43' title="bbox 705 1734 892 1772; baseline -0.011 0"><span class='ocrx_word' id='word_1_266' title='bbox 705 1734 892 1772; x_wconf 81' lang='lat' dir='ltr'>Joannes.</span> 
     </span>
    </p>
   </div>
   <div class='ocr_carea' id='block_1_12' title="bbox 280 1856 1276 3316">
    <p class='ocr_par' dir='ltr' id='par_1_12' title="bbox 280 1856 1276 3316">
     <span class='ocr_line' id='line_1_44' title="bbox 334 1856 1271 1908; baseline -0.002 -11"><span class='ocrx_word' id='word_1_267' title='bbox 334 1861 374 1897; x_wconf 88' lang='lat' dir='ltr'>Iu</span> <span class='ocrx_word' id='word_1_268' title='bbox 407 1857 557 1896; x_wconf 82' lang='lat' dir='ltr'>exordio</span> <span class='ocrx_word' id='word_1_269' title='bbox 591 1858 636 1896; x_wconf 97' lang='grc'>(16</span> <span class='ocrx_word' id='word_1_270' title='bbox 672 1859 748 1896; x_wconf 89' lang='lat' dir='ltr'>Deo</span> <span class='ocrx_word' id='word_1_271' title='bbox 771 1858 892 1896; x_wconf 88' lang='lat' dir='ltr'>Verbo</span> <span class='ocrx_word' id='word_1_272' title='bbox 916 1869 994 1907; x_wconf 85' lang='lat' dir='ltr'>quae</span> <span class='ocrx_word' id='word_1_273' title='bbox 1016 1856 1197 1908; x_wconf 80' lang='lat' dir='ltr'>praecipua</span> <span class='ocrx_word' id='word_1_274' title='bbox 1237 1866 1271 1895; x_wconf 91' lang='lat' dir='ltr'>et</span> 
     </span>
     <span class='ocr_line' id='line_1_45' title="bbox 282 1916 1271 1971; baseline -0.001 -13"><span class='ocrx_word' id='word_1_275' title='bbox 282 1921 394 1971; x_wconf 89' lang='lat' dir='ltr'>magis</span> <span class='ocrx_word' id='word_1_276' title='bbox 406 1919 599 1957; x_wconf 85' lang='lat' dir='ltr'>necessaria</span> <span class='ocrx_word' id='word_1_277' title='bbox 611 1929 710 1957; x_wconf 84' lang='lat' dir='ltr'>erant</span> <span class='ocrx_word' id='word_1_278' title='bbox 722 1920 893 1970; x_wconf 87' lang='lat' dir='ltr'>loquutus</span> <span class='ocrx_word' id='word_1_279' title='bbox 905 1916 1133 1968; x_wconf 76' lang='lat' dir='ltr'>evangelista,</span> <span class='ocrx_word' id='word_1_280' title='bbox 1145 1917 1271 1957; x_wconf 84' lang='lat' dir='ltr'>ordine</span> 
     </span>
     <span class='ocr_line' id='line_1_46' title="bbox 280 1978 1270 2034; baseline 0 -16"><span class='ocrx_word' id='word_1_281' title='bbox 280 1981 485 2034; x_wconf 82' lang='lat' dir='ltr'>procedens,</span> <span class='ocrx_word' id='word_1_282' title='bbox 508 1980 555 2018; x_wconf 88' lang='lat' dir='ltr'>ad</span> <span class='ocrx_word' id='word_1_283' title='bbox 580 1981 694 2020; x_wconf 88' lang='lat' dir='ltr'>Verbi</span> <span class='ocrx_word' id='word_1_284' title='bbox 715 1994 912 2033; x_wconf 86' lang='lat' dir='ltr'>praeconcm</span> <span class='ocrx_word' id='word_1_285' title='bbox 933 1978 1003 2017; x_wconf 86' lang='lat' dir='ltr'>sibi</span> <span class='ocrx_word' id='word_1_286' title='bbox 1024 1979 1270 2030; x_wconf 84' lang='lat' dir='ltr'>cognominem</span> 
     </span>
     <span class='ocr_line' id='line_1_47' title="bbox 280 2041 1271 2096; baseline -0.003 -13"><span class='ocrx_word' id='word_1_287' title='bbox 280 2047 452 2084; x_wconf 81' lang='lat' dir='ltr'>Joannem</span> <span class='ocrx_word' id='word_1_288' title='bbox 464 2053 583 2096; x_wconf 89' lang='lat' dir='ltr'>postea</span> <span class='ocrx_word' id='word_1_289' title='bbox 596 2043 707 2082; x_wconf 82' lang='lat' dir='ltr'>venit.</span> <span class='ocrx_word' id='word_1_290' title='bbox 720 2044 779 2081; x_wconf 92' lang='lat' dir='ltr'>Tu</span> <span class='ocrx_word' id='word_1_291' title='bbox 792 2057 878 2082; x_wconf 85' lang='lat' dir='ltr'>vero</span> <span class='ocrx_word' id='word_1_292' title='bbox 891 2056 973 2080; x_wconf 85' lang='lat' dir='ltr'>cum</span> <span class='ocrx_word' id='word_1_293' title='bbox 992 2041 1097 2080; x_wconf 90' lang='lat' dir='ltr'>audis</span> <span class='ocrx_word' id='word_1_294' title='bbox 1115 2041 1234 2094; x_wconf 90' lang='lat' dir='ltr'>ipsum</span> <span class='ocrx_word' id='word_1_295' title='bbox 1252 2056 1271 2080; x_wconf 87' lang='lat' dir='ltr'>a</span> 
     </span>
     <span class='ocr_line' id='line_1_48' title="bbox 282 2103 1273 2157; baseline -0.001 -14"><span class='ocrx_word' id='word_1_296' title='bbox 282 2107 356 2144; x_wconf 88' lang='lat' dir='ltr'>Deo</span> <span class='ocrx_word' id='word_1_297' title='bbox 369 2106 517 2143; x_wconf 88' lang='lat' dir='ltr'>missum</span> <span class='ocrx_word' id='word_1_298' title='bbox 530 2104 651 2155; x_wconf 83' lang='lat' dir='ltr'>fuisse,</span> <span class='ocrx_word' id='word_1_299' title='bbox 673 2105 764 2142; x_wconf 89' lang='lat' dir='ltr'>nihil</span> <span class='ocrx_word' id='word_1_300' title='bbox 777 2104 975 2141; x_wconf 90' lang='lat' dir='ltr'>humanum</span> <span class='ocrx_word' id='word_1_301' title='bbox 994 2103 1039 2140; x_wconf 89' lang='lat' dir='ltr'>ab</span> <span class='ocrx_word' id='word_1_302' title='bbox 1056 2117 1096 2141; x_wconf 88' lang='lat' dir='ltr'>eo</span> <span class='ocrx_word' id='word_1_303' title='bbox 1113 2103 1187 2142; x_wconf 91' lang='lat' dir='ltr'>dici</span> <span class='ocrx_word' id='word_1_304' title='bbox 1203 2119 1273 2157; x_wconf 90' lang='lat' dir='ltr'>pu-</span> 
     </span>
     <span class='ocr_line' id='line_1_49' title="bbox 281 2164 1268 2217; baseline 0 -13"><span class='ocrx_word' id='word_1_305' title='bbox 281 2176 345 2204; x_wconf 88' lang='lat' dir='ltr'>tes.</span> <span class='ocrx_word' id='word_1_306' title='bbox 362 2167 441 2204; x_wconf 90' lang='lat' dir='ltr'>Non</span> <span class='ocrx_word' id='word_1_307' title='bbox 460 2165 555 2203; x_wconf 88' lang='lat' dir='ltr'>enim</span> <span class='ocrx_word' id='word_1_308' title='bbox 577 2180 659 2214; x_wconf 81' lang='lat' dir='ltr'>sua,</span> <span class='ocrx_word' id='word_1_309' title='bbox 677 2165 739 2203; x_wconf 89' lang='lat' dir='ltr'>sed</span> <span class='ocrx_word' id='word_1_310' title='bbox 755 2165 928 2202; x_wconf 87' lang='lat' dir='ltr'>mittentis</span> <span class='ocrx_word' id='word_1_311' title='bbox 949 2179 984 2202; x_wconf 88' lang='lat' dir='ltr'>se</span> <span class='ocrx_word' id='word_1_312' title='bbox 1007 2164 1104 2202; x_wconf 86' lang='lat' dir='ltr'>dicta</span> <span class='ocrx_word' id='word_1_313' title='bbox 1122 2166 1268 2217; x_wconf 87' lang='lat' dir='ltr'>profert.</span> 
     </span>
     <span class='ocr_line' id='line_1_50' title="bbox 282 2227 1272 2279; baseline 0.001 -13"><span class='ocrx_word' id='word_1_314' title='bbox 282 2228 436 2278; x_wconf 80' lang='lat' dir='ltr'>Ideoque</span> <span class='ocrx_word' id='word_1_315' title='bbox 464 2228 610 2278; x_wconf 80' lang='lat' dir='ltr'>angelus</span> <span class='ocrx_word' id='word_1_316' title='bbox 631 2228 830 2279; x_wconf 85' lang='lat' dir='ltr'>appellatus</span> <span class='ocrx_word' id='word_1_317' title='bbox 843 2236 918 2264; x_wconf 84' lang='lat' dir='ltr'>est:</span> <span class='ocrx_word' id='word_1_318' title='bbox 945 2227 1061 2278; x_wconf 82' lang='lat' dir='ltr'>angeli</span> <span class='ocrx_word' id='word_1_319' title='bbox 1086 2241 1171 2266; x_wconf 83' lang='lat' dir='ltr'>vero</span> <span class='ocrx_word' id='word_1_320' title='bbox 1196 2227 1272 2267; x_wconf 84' lang='lat' dir='ltr'>sive</span> 
     </span>
     <span class='ocr_line' id='line_1_51' title="bbox 282 2287 1269 2338; baseline 0 -12"><span class='ocrx_word' id='word_1_321' title='bbox 282 2289 399 2327; x_wconf 87' lang='lat' dir='ltr'>nuntii</span> <span class='ocrx_word' id='word_1_322' title='bbox 411 2288 572 2327; x_wconf 85' lang='lat' dir='ltr'>officium</span> <span class='ocrx_word' id='word_1_323' title='bbox 584 2298 634 2326; x_wconf 89' lang='lat' dir='ltr'>est</span> <span class='ocrx_word' id='word_1_324' title='bbox 644 2319 652 2335; x_wconf 86' lang='lat'>‚</span> <span class='ocrx_word' id='word_1_325' title='bbox 667 2288 759 2325; x_wconf 89' lang='grc'><strong>1111111</strong></span> <span class='ocrx_word' id='word_1_326' title='bbox 771 2302 816 2325; x_wconf 77' lang='lat' dir='ltr'>ex</span> <span class='ocrx_word' id='word_1_327' title='bbox 828 2302 863 2325; x_wconf 90' lang='lat' dir='ltr'>se</span> <span class='ocrx_word' id='word_1_328' title='bbox 876 2287 1007 2325; x_wconf 87' lang='lat' dir='ltr'>dicere.</span> <span class='ocrx_word' id='word_1_329' title='bbox 1023 2287 1121 2325; x_wconf 91' lang='lat' dir='ltr'>Illud</span> <span class='ocrx_word' id='word_1_330' title='bbox 1135 2297 1269 2338; x_wconf 82' lang='lat' dir='ltr'>autem,</span> 
     </span>
     <span class='ocr_line' id='line_1_52' title="bbox 283 2348 1270 2400; baseline -0.001 -12"><span class='ocrx_word' id='word_1_331' title='bbox 283 2353 321 2388; x_wconf 89' lang='lat' dir='ltr'><em>F</em></span> <span class='ocrx_word' id='word_1_332' title='bbox 321 2353 391 2400; x_wconf 79' lang='grc' dir='ltr'>ιιίι,</span> <span class='ocrx_word' id='word_1_333' title='bbox 406 2364 475 2387; x_wconf 88' lang='lat' dir='ltr'>non</span> <span class='ocrx_word' id='word_1_334' title='bbox 488 2349 547 2386; x_wconf 90' lang='grc'><strong>1116</strong></span> <span class='ocrx_word' id='word_1_335' title='bbox 559 2349 606 2387; x_wconf 85' lang='lat' dir='ltr'>ad</span> <span class='ocrx_word' id='word_1_336' title='bbox 619 2349 860 2386; x_wconf 76' lang='lat' dir='ltr'>exsistentiam</span> <span class='ocrx_word' id='word_1_337' title='bbox 874 2348 1064 2386; x_wconf 84' lang='lat' dir='ltr'>transitum</span> <span class='ocrx_word' id='word_1_338' title='bbox 1077 2349 1270 2400; x_wconf 78' lang='lat' dir='ltr'>significat,</span> 
     </span>
     <span class='ocr_line' id='line_1_53' title="bbox 283 2410 1272 2463; baseline 0.001 -14"><span class='ocrx_word' id='word_1_339' title='bbox 283 2412 345 2449; x_wconf 86' lang='lat' dir='ltr'>sed</span> <span class='ocrx_word' id='word_1_340' title='bbox 367 2411 569 2449; x_wconf 86' lang='lat' dir='ltr'>missionem</span> <span class='ocrx_word' id='word_1_341' title='bbox 591 2411 719 2463; x_wconf 86' lang='lat' dir='ltr'>ipsam.</span> <span class='ocrx_word' id='word_1_342' title='bbox 746 2412 837 2448; x_wconf 89' lang='lat' dir='ltr'>Nam</span> <span class='ocrx_word' id='word_1_343' title='bbox 859 2410 969 2460; x_wconf 79' lang='lat' dir='ltr'>illud,</span> <span class='ocrx_word' id='word_1_344' title='bbox 988 2413 1082 2449; x_wconf 77' lang='lat' dir='ltr'>Fuit</span> <span class='ocrx_word' id='word_1_345' title='bbox 1096 2413 1230 2450; x_wconf 79' lang='lat' dir='ltr'>missus</span> <span class='ocrx_word' id='word_1_346' title='bbox 1249 2426 1272 2450; x_wconf 84' lang='lat' dir='ltr'>a</span> 
     </span>
     <span class='ocr_line' id='line_1_54' title="bbox 285 2472 1274 2524; baseline 0 -13"><span class='ocrx_word' id='word_1_347' title='bbox 285 2475 382 2521; x_wconf 83' lang='lat' dir='ltr'>Deo,</span> <span class='ocrx_word' id='word_1_348' title='bbox 399 2473 557 2524; x_wconf 86' lang='lat' dir='ltr'>idipsum</span> <span class='ocrx_word' id='word_1_349' title='bbox 570 2482 620 2510; x_wconf 87' lang='lat' dir='ltr'>est</span> <span class='ocrx_word' id='word_1_350' title='bbox 634 2472 750 2523; x_wconf 78' lang='lat' dir='ltr'>quod,</span> <span class='ocrx_word' id='word_1_351' title='bbox 765 2472 898 2510; x_wconf 87' lang='grc' dir='ltr'><strong>Μ155115</strong></span> <span class='ocrx_word' id='word_1_352' title='bbox 912 2481 963 2509; x_wconf 86' lang='lat' dir='ltr'>est</span> <span class='ocrx_word' id='word_1_353' title='bbox 975 2487 995 2509; x_wconf 88' lang='lat' dir='ltr'>a</span> <span class='ocrx_word' id='word_1_354' title='bbox 1009 2473 1097 2510; x_wconf 90' lang='lat' dir='ltr'>Deo.</span> <span class='ocrx_word' id='word_1_355' title='bbox 1114 2473 1274 2519; x_wconf 88' lang='lat' dir='ltr'>Quomo-</span> 
     </span>
     <span class='ocr_line' id='line_1_55' title="bbox 285 2533 1273 2585; baseline 0.001 -14"><span class='ocrx_word' id='word_1_356' title='bbox 285 2534 332 2571; x_wconf 86' lang='lat' dir='ltr'>do</span> <span class='ocrx_word' id='word_1_357' title='bbox 345 2534 455 2585; x_wconf 81' lang='lat' dir='ltr'>igitur</span> <span class='ocrx_word' id='word_1_358' title='bbox 468 2533 581 2581; x_wconf 83' lang='lat' dir='ltr'>illud,</span> <span class='ocrx_word' id='word_1_359' title='bbox 604 2535 679 2583; x_wconf 84' lang='lat' dir='ltr'>Qui</span> <span class='ocrx_word' id='word_1_360' title='bbox 695 2547 781 2570; x_wconf 80' lang='lat' dir='ltr'>eum</span> <span class='ocrx_word' id='word_1_361' title='bbox 794 2534 976 2583; x_wconf 82' lang='lat' dir='ltr'>informa</span> <span class='ocrx_word' id='word_1_362' title='bbox 991 2534 1064 2570; x_wconf 77' lang='lat' dir='ltr'>Dei</span> <span class='ocrx_word' id='word_1_363' title='bbox 1084 2543 1195 2582; x_wconf 80' lang='lat' dir='ltr'>esset,</span> <span class='ocrx_word' id='word_1_364' title='bbox 1216 2534 1273 2572; x_wconf 88' lang='lat' dir='ltr'>di-</span> 
     </span>
     <span class='ocr_line' id='line_1_56' title="bbox 287 2594 1272 2645; baseline 0.001 -12"><span class='ocrx_word' id='word_1_365' title='bbox 287 2604 371 2633; x_wconf 88' lang='lat' dir='ltr'>cunt</span> <span class='ocrx_word' id='word_1_366' title='bbox 394 2609 463 2631; x_wconf 91' lang='lat' dir='ltr'>non</span> <span class='ocrx_word' id='word_1_367' title='bbox 487 2594 639 2644; x_wconf 78' lang='lat' dir='ltr'>intelligi</span> <span class='ocrx_word' id='word_1_368' title='bbox 663 2594 707 2632; x_wconf 87' lang='grc'>(16</span> <span class='ocrx_word' id='word_1_369' title='bbox 730 2594 931 2645; x_wconf 81' lang='lat' dir='ltr'>aequalitate</span> <span class='ocrx_word' id='word_1_370' title='bbox 954 2594 1039 2632; x_wconf 87' lang='lat' dir='ltr'>Filii</span> <span class='ocrx_word' id='word_1_371' title='bbox 1062 2609 1144 2633; x_wconf 87' lang='lat' dir='ltr'>eum</span> <span class='ocrx_word' id='word_1_372' title='bbox 1157 2596 1272 2645; x_wconf 87' lang='lat' dir='ltr'>Patre,</span> 
     </span>
     <span class='ocr_line' id='line_1_57' title="bbox 287 2653 1274 2707; baseline 0.002 -15"><span class='ocrx_word' id='word_1_373' title='bbox 287 2669 327 2693; x_wconf 89' lang='lat' dir='ltr'>eo</span> <span class='ocrx_word' id='word_1_374' title='bbox 362 2654 459 2705; x_wconf 86' lang='lat' dir='ltr'>quod</span> <span class='ocrx_word' id='word_1_375' title='bbox 490 2653 662 2690; x_wconf 90' lang='lat' dir='ltr'>articulus</span> <span class='ocrx_word' id='word_1_376' title='bbox 694 2668 763 2692; x_wconf 91' lang='lat' dir='ltr'>non</span> <span class='ocrx_word' id='word_1_377' title='bbox 796 2655 1023 2707; x_wconf 71' lang='lat' dir='ltr'>apponatur?</span> <span class='ocrx_word' id='word_1_378' title='bbox 1058 2655 1151 2693; x_wconf 86' lang='lat' dir='ltr'>Ecce</span> <span class='ocrx_word' id='word_1_379' title='bbox 1180 2656 1274 2694; x_wconf 86' lang='lat' dir='ltr'>enim</span> 
     </span>
     <span class='ocr_line' id='line_1_58' title="bbox 288 2714 1275 2768; baseline 0.002 -15"><span class='ocrx_word' id='word_1_380' title='bbox 288 2716 347 2754; x_wconf 87' lang='lat' dir='ltr'>hic</span> <span class='ocrx_word' id='word_1_381' title='bbox 360 2729 500 2766; x_wconf 87' lang='lat' dir='ltr'>quoque</span> <span class='ocrx_word' id='word_1_382' title='bbox 523 2714 644 2751; x_wconf 86' lang='lat' dir='ltr'>nullus</span> <span class='ocrx_word' id='word_1_383' title='bbox 669 2714 769 2751; x_wconf 85' lang='lat' dir='ltr'>adest</span> <span class='ocrx_word' id='word_1_384' title='bbox 790 2716 977 2754; x_wconf 82' lang='lat' dir='ltr'>articulus.</span> <span class='ocrx_word' id='word_1_385' title='bbox 1005 2718 1059 2754; x_wconf 93' lang='lat' dir='ltr'>An</span> <span class='ocrx_word' id='word_1_386' title='bbox 1083 2716 1194 2768; x_wconf 87' lang='lat' dir='ltr'>igitur</span> <span class='ocrx_word' id='word_1_387' title='bbox 1214 2718 1275 2755; x_wconf 87' lang='lat' dir='ltr'>hic</span> 
     </span>
     <span class='ocr_line' id='line_1_59' title="bbox 288 2775 1276 2829; baseline 0.002 -14"><span class='ocrx_word' id='word_1_388' title='bbox 288 2777 333 2815; x_wconf 88' lang='lat' dir='ltr'>de</span> <span class='ocrx_word' id='word_1_389' title='bbox 356 2777 460 2813; x_wconf 89' lang='lat' dir='ltr'>Patre</span> <span class='ocrx_word' id='word_1_390' title='bbox 485 2789 555 2813; x_wconf 92' lang='lat' dir='ltr'>non</span> <span class='ocrx_word' id='word_1_391' title='bbox 580 2784 631 2812; x_wconf 83' lang='lat' dir='ltr'>est</span> <span class='ocrx_word' id='word_1_392' title='bbox 653 2775 794 2812; x_wconf 75' lang='lat' dir='ltr'>sermo?</span> <span class='ocrx_word' id='word_1_393' title='bbox 819 2776 918 2821; x_wconf 86' lang='lat' dir='ltr'>Quid</span> <span class='ocrx_word' id='word_1_394' title='bbox 941 2791 1024 2829; x_wconf 90' lang='lat' dir='ltr'>ergo</span> <span class='ocrx_word' id='word_1_395' title='bbox 1049 2778 1208 2817; x_wconf 87' lang='lat' dir='ltr'>dicemus</span> <span class='ocrx_word' id='word_1_396' title='bbox 1231 2779 1276 2817; x_wconf 85' lang='lat' dir='ltr'>de</span> 
     </span>
     <span class='ocr_line' id='line_1_60' title="bbox 288 2835 1275 2892; baseline 0.003 -17"><span class='ocrx_word' id='word_1_397' title='bbox 288 2838 461 2890; x_wconf 88' lang='lat' dir='ltr'>propheta</span> <span class='ocrx_word' id='word_1_398' title='bbox 498 2835 559 2886; x_wconf 83' lang='lat' dir='ltr'>qui</span> <span class='ocrx_word' id='word_1_399' title='bbox 599 2835 649 2872; x_wconf 88' lang='lat' dir='ltr'>ait</span> <span class='ocrx_word' id='word_1_400' title='bbox 674 2851 682 2871; x_wconf 89' lang='lat'>:</span> <span class='ocrx_word' id='word_1_401' title='bbox 712 2837 814 2872; x_wconf 79' lang='lat' dir='ltr'>Ecce</span> <span class='ocrx_word' id='word_1_402' title='bbox 842 2851 909 2888; x_wconf 82' lang='lat' dir='ltr'>ego</span> <span class='ocrx_word' id='word_1_403' title='bbox 948 2841 1056 2876; x_wconf 81' lang='lat' dir='ltr'>mitto</span> <span class='ocrx_word' id='word_1_404' title='bbox 1090 2841 1275 2892; x_wconf 81' lang='lat' dir='ltr'>angelum</span> 
     </span>
     <span class='ocr_line' id='line_1_61' title="bbox 290 2898 1275 2950; baseline 0.003 -13"><span class='ocrx_word' id='word_1_405' title='bbox 290 2914 412 2939; x_wconf 82' lang='lat' dir='ltr'>meum</span> <span class='ocrx_word' id='word_1_406' title='bbox 428 2906 518 2935; x_wconf 80' lang='lat' dir='ltr'>ante</span> <span class='ocrx_word' id='word_1_407' title='bbox 528 2898 682 2950; x_wconf 77' lang='lat' dir='ltr'>faciem</span> <span class='ocrx_word' id='word_1_408' title='bbox 700 2905 806 2933; x_wconf 80' lang='lat' dir='ltr'>tuam</span> <span class='ocrx_word' id='word_1_409' title='bbox 819 2926 828 2944; x_wconf 89' lang='grc'>,</span> <span class='ocrx_word' id='word_1_410' title='bbox 846 2899 913 2947; x_wconf 82' lang='lat' dir='ltr'>qui</span> <span class='ocrx_word' id='word_1_411' title='bbox 925 2904 1156 2949; x_wconf 69' lang='lat' dir='ltr'>praeparabit</span> <span class='ocrx_word' id='word_1_412' title='bbox 1174 2905 1275 2940; x_wconf 78' lang='lat' dir='ltr'>viam</span> 
     </span>
     <span class='ocr_line' id='line_1_62' title="bbox 290 2957 1275 3015; baseline 0.003 -17"><span class='ocrx_word' id='word_1_413' title='bbox 290 2971 396 2999; x_wconf 80' lang='lat' dir='ltr'>tuam</span> <span class='ocrx_word' id='word_1_414' title='bbox 412 2964 427 2996; x_wconf 71' lang='grc' dir='ltr'><strong><em>Ρ</em></strong></span> <span class='ocrx_word' id='word_1_415' title='bbox 441 2959 541 2996; x_wconf 88' lang='lat' dir='ltr'>Illud</span> <span class='ocrx_word' id='word_1_416' title='bbox 563 2971 681 2995; x_wconf 88' lang='lat' dir='ltr'>meum</span> <span class='ocrx_word' id='word_1_417' title='bbox 702 2966 736 2994; x_wconf 87' lang='lat' dir='ltr'>et</span> <span class='ocrx_word' id='word_1_418' title='bbox 748 2966 850 2994; x_wconf 86' lang='lat' dir='ltr'>tuum</span> <span class='ocrx_word' id='word_1_419' title='bbox 860 2987 870 3007; x_wconf 83' lang='lat'><em>‚</em></span> <span class='ocrx_word' id='word_1_420' title='bbox 886 2957 975 2995; x_wconf 85' lang='lat' dir='ltr'>(luas</span> <span class='ocrx_word' id='word_1_421' title='bbox 987 2974 1152 3010; x_wconf 84' lang='lat' dir='ltr'>personas</span> <span class='ocrx_word' id='word_1_422' title='bbox 1165 2963 1275 3015; x_wconf 87' lang='lat' dir='ltr'>signi-</span> 
     </span>
     <span class='ocr_line' id='line_1_63' title="bbox 287 3021 1275 3067; baseline 0.003 -9"><span class='ocrx_word' id='word_1_423' title='bbox 287 3022 371 3059; x_wconf 87' lang='lat' dir='ltr'>ficat</span> <span class='ocrx_word' id='word_1_424' title='bbox 388 3037 395 3057; x_wconf 93' lang='lat'><strong>:</strong></span> <span class='ocrx_word' id='word_1_425' title='bbox 413 3022 450 3057; x_wconf 84' lang='lat'>7.</span> <span class='ocrx_word' id='word_1_426' title='bbox 476 3022 553 3058; x_wconf 82' lang='lat' dir='ltr'>Hic</span> <span class='ocrx_word' id='word_1_427' title='bbox 569 3021 679 3057; x_wconf 77' lang='lat' dir='ltr'>venit</span> <span class='ocrx_word' id='word_1_428' title='bbox 696 3022 734 3055; x_wconf 84' lang='lat' dir='ltr'>in</span> <span class='ocrx_word' id='word_1_429' title='bbox 758 3022 1027 3067; x_wconf 78' lang='lat' dir='ltr'>testimonium,</span> <span class='ocrx_word' id='word_1_430' title='bbox 1047 3031 1086 3058; x_wconf 80' lang='lat' dir='ltr'>nt</span> <span class='ocrx_word' id='word_1_431' title='bbox 1106 3026 1275 3062; x_wconf 76' lang='lat' dir='ltr'>testimo—</span> 
     </span>
     <span class='ocr_line' id='line_1_64' title="bbox 289 3079 1275 3132; baseline 0.004 -13"><span class='ocrx_word' id='word_1_432' title='bbox 289 3085 395 3119; x_wconf 81' lang='lat' dir='ltr'>nium</span> <span class='ocrx_word' id='word_1_433' title='bbox 419 3082 636 3132; x_wconf 80' lang='lat' dir='ltr'>perhiberet</span> <span class='ocrx_word' id='word_1_434' title='bbox 669 3081 717 3116; x_wconf 85' lang='lat' dir='ltr'>de</span> <span class='ocrx_word' id='word_1_435' title='bbox 745 3079 906 3116; x_wconf 83' lang='lat' dir='ltr'>lumine.</span> <span class='ocrx_word' id='word_1_436' title='bbox 944 3080 1044 3126; x_wconf 85' lang='lat' dir='ltr'>Quid</span> <span class='ocrx_word' id='word_1_437' title='bbox 1074 3081 1158 3129; x_wconf 83' lang='lat' dir='ltr'>hoc,</span> <span class='ocrx_word' id='word_1_438' title='bbox 1182 3084 1275 3123; x_wconf 84' lang='lat' dir='ltr'>dicet</span> 
     </span>
     <span class='ocr_line' id='line_1_65' title="bbox 288 3140 1274 3193; baseline 0.002 -13"><span class='ocrx_word' id='word_1_439' title='bbox 288 3143 433 3180; x_wconf 84' lang='lat' dir='ltr'>fortasse</span> <span class='ocrx_word' id='word_1_440' title='bbox 456 3140 633 3193; x_wconf 87' lang='lat' dir='ltr'>quispiam</span> <span class='ocrx_word' id='word_1_441' title='bbox 643 3170 652 3188; x_wconf 90' lang='grc'>,</span> <span class='ocrx_word' id='word_1_442' title='bbox 675 3154 799 3178; x_wconf 85' lang='lat' dir='ltr'>servus</span> <span class='ocrx_word' id='word_1_443' title='bbox 814 3140 859 3177; x_wconf 88' lang='grc'>(16</span> <span class='ocrx_word' id='word_1_444' title='bbox 872 3140 1019 3179; x_wconf 83' lang='grc'><strong>(101111110</strong></span> <span class='ocrx_word' id='word_1_445' title='bbox 1034 3142 1274 3182; x_wconf 89' lang='lat' dir='ltr'>testimonium</span> 
     </span>
     <span class='ocr_line' id='line_1_66' title="bbox 289 3201 1274 3254; baseline 0.003 -15"><span class='ocrx_word' id='word_1_446' title='bbox 289 3202 480 3254; x_wconf 73' lang='lat' dir='ltr'>perhibet?</span> <span class='ocrx_word' id='word_1_447' title='bbox 510 3202 601 3239; x_wconf 90' lang='lat' dir='ltr'>Cum</span> <span class='ocrx_word' id='word_1_448' title='bbox 630 3215 713 3252; x_wconf 88' lang='lat' dir='ltr'>ergo</span> <span class='ocrx_word' id='word_1_449' title='bbox 735 3215 805 3238; x_wconf 89' lang='lat' dir='ltr'>non</span> <span class='ocrx_word' id='word_1_450' title='bbox 840 3201 946 3239; x_wconf 90' lang='lat' dir='ltr'>modo</span> <span class='ocrx_word' id='word_1_451' title='bbox 971 3201 1075 3239; x_wconf 90' lang='lat' dir='ltr'>illum</span> <span class='ocrx_word' id='word_1_452' title='bbox 1107 3204 1200 3242; x_wconf 90' lang='lat' dir='ltr'>servi</span> <span class='ocrx_word' id='word_1_453' title='bbox 1224 3214 1274 3242; x_wconf 92' lang='lat' dir='ltr'>te-</span> 
     </span>
     <span class='ocr_line' id='line_1_67' title="bbox 288 3262 1274 3316; baseline 0.002 -14"><span class='ocrx_word' id='word_1_454' title='bbox 288 3264 454 3302; x_wconf 85' lang='lat' dir='ltr'>stimonio</span> <span class='ocrx_word' id='word_1_455' title='bbox 475 3263 654 3316; x_wconf 86' lang='lat' dir='ltr'>perhiberi</span> <span class='ocrx_word' id='word_1_456' title='bbox 678 3262 839 3311; x_wconf 88' lang='lat' dir='ltr'>videbis,</span> <span class='ocrx_word' id='word_1_457' title='bbox 863 3262 1045 3302; x_wconf 85' lang='lat' dir='ltr'>sedetiam</span> <span class='ocrx_word' id='word_1_458' title='bbox 1062 3264 1109 3303; x_wconf 86' lang='lat' dir='ltr'>ad</span> <span class='ocrx_word' id='word_1_459' title='bbox 1130 3280 1274 3304; x_wconf 84' lang='lat' dir='ltr'>servum</span> 
     </span>
    </p>
   </div>
   <div class='ocr_carea' id='block_1_13' title="bbox 329 3391 1282 3439">
    <p class='ocr_par' dir='ltr' id='par_1_13' title="bbox 329 3391 1282 3439">
     <span class='ocr_line' id='line_1_68' title="bbox 329 3391 1282 3439; baseline 0.006 -16"><span class='ocrx_word' id='word_1_460' title='bbox 329 3403 342 3417; x_wconf 62' lang='grc' dir='ltr'>τι</span> <span class='ocrx_word' id='word_1_461' title='bbox 355 3391 457 3425; x_wconf 85' lang='lat' dir='ltr'>Savil.</span> <span class='ocrx_word' id='word_1_462' title='bbox 478 3394 524 3424; x_wconf 89' lang='lat' dir='ltr'>sic</span> <span class='ocrx_word' id='word_1_463' title='bbox 542 3394 668 3435; x_wconf 87' lang='lat' dir='ltr'>incipit,</span> <span class='ocrx_word' id='word_1_464' title='bbox 688 3399 756 3438; x_wconf 75' lang='grc' dir='ltr'>περὶ</span> <span class='ocrx_word' id='word_1_465' title='bbox 780 3399 830 3427; x_wconf 79' lang='grc' dir='ltr'>τοῦ</span> <span class='ocrx_word' id='word_1_466' title='bbox 857 3399 921 3429; x_wconf 80' lang='grc' dir='ltr'>θεοῦ</span> <span class='ocrx_word' id='word_1_467' title='bbox 948 3399 1032 3438; x_wconf 78' lang='grc' dir='ltr'>λόγου</span> <span class='ocrx_word' id='word_1_468' title='bbox 1056 3399 1217 3439; x_wconf 73' lang='grc' dir='ltr'>διαλεχθεὶς</span> <span class='ocrx_word' id='word_1_469' title='bbox 1233 3403 1282 3432; x_wconf 79' lang='grc' dir='ltr'>τά.</span> 
     </span>
    </p>
   </div>
   <div class='ocr_carea' id='block_1_14' title="bbox 1717 1552 1966 1596">
    <p class='ocr_par' dir='ltr' id='par_1_14' title="bbox 1717 1552 1966 1596">
     <span class='ocr_line' id='line_1_69' title="bbox 1717 1552 1966 1596; baseline 0.008 -7"><span class='ocrx_word' id='word_1_470' title='bbox 1717 1552 1897 1590; x_wconf 86' lang='grc' dir='ltr'>ΟΜΙΛΙΑ</span> <span class='ocrx_word' id='word_1_471' title='bbox 1923 1552 1966 1596; x_wconf 83' lang='grc' dir='ltr'>ς’.</span> 
     </span>
    </p>
   </div>
   <div class='ocr_carea' id='block_1_15' title="bbox 1340 1673 2361 1788">
    <p class='ocr_par' dir='ltr' id='par_1_15' title="bbox 1340 1673 2361 1788">
     <span class='ocr_line' id='line_1_70' title="bbox 1340 1673 2361 1729; baseline 0.002 -17"><span class='ocrx_word' id='word_1_472' title='bbox 1340 1673 1501 1725; x_wconf 84' lang='grc' dir='ltr'>Ἐγένετο</span> <span class='ocrx_word' id='word_1_473' title='bbox 1518 1674 1697 1728; x_wconf 76' lang='grc' dir='ltr'>ἅνθρωπος</span> <span class='ocrx_word' id='word_1_474' title='bbox 1717 1675 1977 1725; x_wconf 82' lang='grc' dir='ltr'>ἀπεσταλμένος</span> <span class='ocrx_word' id='word_1_475' title='bbox 2007 1675 2105 1729; x_wconf 83' lang='grc' dir='ltr'>παρὰ</span> <span class='ocrx_word' id='word_1_476' title='bbox 2120 1677 2231 1724; x_wconf 87' lang='grc' dir='ltr'>Θεοῦ,</span> <span class='ocrx_word' id='word_1_477' title='bbox 2251 1675 2361 1728; x_wconf 74' lang='grc' dir='ltr'>ὄνομα</span> 
     </span>
     <span class='ocr_line' id='line_1_71' title="bbox 1715 1734 2002 1788; baseline 0.003 -16"><span class='ocrx_word' id='word_1_478' title='bbox 1715 1737 1808 1788; x_wconf 79' lang='grc' dir='ltr'>αὐτῷ</span> <span class='ocrx_word' id='word_1_479' title='bbox 1826 1734 2002 1782; x_wconf 80' lang='grc' dir='ltr'>Ἰωάννης.</span> 
     </span>
    </p>
   </div>
   <div class='ocr_carea' id='block_1_16' title="bbox 1340 1856 2366 3254">
    <p class='ocr_par' dir='ltr' id='par_1_16' title="bbox 1340 1856 2366 3254">
     <span class='ocr_line' id='line_1_72' title="bbox 1392 1856 2360 1911; baseline 0.001 -16"><span class='ocrx_word' id='word_1_480' title='bbox 1392 1857 1619 1909; x_wconf 69' lang='grc' dir='ltr'>ιἸΔιαλεχθεὶς</span> <span class='ocrx_word' id='word_1_481' title='bbox 1637 1857 1717 1911; x_wconf 80' lang='grc' dir='ltr'>περὶ</span> <span class='ocrx_word' id='word_1_482' title='bbox 1735 1861 1795 1896; x_wconf 88' lang='grc' dir='ltr'>τοῦ</span> <span class='ocrx_word' id='word_1_483' title='bbox 1814 1859 1905 1896; x_wconf 89' lang='grc' dir='ltr'>Θεοῦ</span> <span class='ocrx_word' id='word_1_484' title='bbox 1922 1856 2034 1909; x_wconf 82' lang='grc' dir='ltr'>Λόγου</span> <span class='ocrx_word' id='word_1_485' title='bbox 2047 1857 2092 1896; x_wconf 84' lang='grc' dir='ltr'>τὰ</span> <span class='ocrx_word' id='word_1_486' title='bbox 2111 1857 2360 1910; x_wconf 85' lang='grc' dir='ltr'>κατεπείγοντα</span> 
     </span>
     <span class='ocr_line' id='line_1_73' title="bbox 1341 1918 2363 1972; baseline 0.001 -16"><span class='ocrx_word' id='word_1_487' title='bbox 1341 1919 1374 1956; x_wconf 83' lang='grc' dir='ltr'>ἐν</span> <span class='ocrx_word' id='word_1_488' title='bbox 1409 1918 1602 1972; x_wconf 86' lang='grc' dir='ltr'>προοιμίοις</span> <span class='ocrx_word' id='word_1_489' title='bbox 1631 1923 1728 1969; x_wconf 80' lang='grc' dir='ltr'>ἡμῖν,</span> <span class='ocrx_word' id='word_1_490' title='bbox 1750 1920 1818 1971; x_wconf 73' lang='grc' dir='ltr'>ὁδῷ</span> <span class='ocrx_word' id='word_1_491' title='bbox 1852 1918 1911 1956; x_wconf 85' lang='grc' dir='ltr'>καὶ</span> <span class='ocrx_word' id='word_1_492' title='bbox 1941 1918 2036 1962; x_wconf 82' lang='grc' dir='ltr'>τάξει</span> <span class='ocrx_word' id='word_1_493' title='bbox 2069 1918 2280 1972; x_wconf 65' lang='grc' dir='ltr'>προὸαίνων,</span> <span class='ocrx_word' id='word_1_494' title='bbox 2303 1918 2363 1957; x_wconf 82' lang='grc' dir='ltr'>καὶ</span> 
     </span>
     <span class='ocr_line' id='line_1_74' title="bbox 1341 1978 2361 2032; baseline -0.001 -14"><span class='ocrx_word' id='word_1_495' title='bbox 1341 1979 1399 2018; x_wconf 71' lang='grc' dir='ltr'>ἐπὶ</span> <span class='ocrx_word' id='word_1_496' title='bbox 1423 1980 1479 2018; x_wconf 85' lang='grc' dir='ltr'>τὸν</span> <span class='ocrx_word' id='word_1_497' title='bbox 1508 1984 1567 2018; x_wconf 90' lang='grc' dir='ltr'>τοῦ</span> <span class='ocrx_word' id='word_1_498' title='bbox 1586 1979 1699 2031; x_wconf 84' lang='grc' dir='ltr'>Λόγου</span> <span class='ocrx_word' id='word_1_499' title='bbox 1724 1979 1860 2032; x_wconf 81' lang='grc' dir='ltr'>κήρυκα</span> <span class='ocrx_word' id='word_1_500' title='bbox 1889 1979 1945 2018; x_wconf 85' lang='grc' dir='ltr'>τὸν</span> <span class='ocrx_word' id='word_1_501' title='bbox 1969 1978 2151 2030; x_wconf 82' lang='grc' dir='ltr'>ὁμώνυμον</span> <span class='ocrx_word' id='word_1_502' title='bbox 2172 1982 2274 2018; x_wconf 81' lang='grc' dir='ltr'>αὐτοῦ</span> <span class='ocrx_word' id='word_1_503' title='bbox 2304 1980 2361 2018; x_wconf 83' lang='grc' dir='ltr'>τὸν</span> 
     </span>
     <span class='ocr_line' id='line_1_75' title="bbox 1341 2039 2364 2094; baseline -0.002 -15"><span class='ocrx_word' id='word_1_504' title='bbox 1341 2041 1507 2088; x_wconf 77' lang='grc' dir='ltr'>Ἰωάννην</span> <span class='ocrx_word' id='word_1_505' title='bbox 1540 2041 1679 2094; x_wconf 79' lang='grc' dir='ltr'>ἔρχεται</span> <span class='ocrx_word' id='word_1_506' title='bbox 1713 2040 1845 2079; x_wconf 88' lang='grc' dir='ltr'>λοιπόν.</span> <span class='ocrx_word' id='word_1_507' title='bbox 1866 2039 1917 2078; x_wconf 75' lang='grc' dir='ltr'>Σὺ</span> <span class='ocrx_word' id='word_1_508' title='bbox 1946 2039 1982 2079; x_wconf 77' lang='grc' dir='ltr'>δὲ</span> <span class='ocrx_word' id='word_1_509' title='bbox 2013 2040 2161 2086; x_wconf 78' lang='grc' dir='ltr'>ἀκούων,</span> <span class='ocrx_word' id='word_1_510' title='bbox 2182 2040 2235 2079; x_wconf 74' lang='grc' dir='ltr'>ὅτι</span> <span class='ocrx_word' id='word_1_511' title='bbox 2267 2039 2364 2093; x_wconf 80' lang='grc' dir='ltr'>παρὰ</span> 
     </span>
     <span class='ocr_line' id='line_1_76' title="bbox 1342 2095 2363 2155; baseline 0 -15"><span class='ocrx_word' id='word_1_512' title='bbox 1342 2103 1433 2140; x_wconf 88' lang='grc' dir='ltr'>Θεοῦ</span> <span class='ocrx_word' id='word_1_513' title='bbox 1452 2102 1631 2149; x_wconf 81' lang='grc' dir='ltr'>ἀπεστάλη</span> <span class='ocrx_word' id='word_1_514' title='bbox 1644 2132 1653 2149; x_wconf 90' lang='grc'>,</span> <span class='ocrx_word' id='word_1_515' title='bbox 1677 2101 1783 2152; x_wconf 84' lang='grc' dir='ltr'>μηδὲν</span> <span class='ocrx_word' id='word_1_516' title='bbox 1802 2102 1921 2140; x_wconf 84' lang='grc' dir='ltr'>λοιπὸν</span> <span class='ocrx_word' id='word_1_517' title='bbox 1938 2100 2168 2155; x_wconf 52' lang='grc' dir='ltr'>’ἀνθρώπινον</span> <span class='ocrx_word' id='word_1_518' title='bbox 2197 2095 2285 2140; x_wconf 67' lang='grc' dir='ltr'>εἶναι</span> <span class='ocrx_word' id='word_1_519' title='bbox 2304 2101 2363 2140; x_wconf 89' lang='grc' dir='ltr'>νό-</span> 
     </span>
     <span class='ocr_line' id='line_1_77' title="bbox 1342 2161 2360 2217; baseline 0.001 -17"><span class='ocrx_word' id='word_1_520' title='bbox 1342 2164 1419 2214; x_wconf 85' lang='grc' dir='ltr'>μιζε</span> <span class='ocrx_word' id='word_1_521' title='bbox 1439 2166 1507 2201; x_wconf 81' lang='grc' dir='ltr'>τῶν</span> <span class='ocrx_word' id='word_1_522' title='bbox 1527 2162 1720 2214; x_wconf 80' lang='grc' dir='ltr'>λεγομένων</span> <span class='ocrx_word' id='word_1_523' title='bbox 1740 2165 1824 2215; x_wconf 74' lang='grc' dir='ltr'>παρ’</span> <span class='ocrx_word' id='word_1_524' title='bbox 1848 2161 1986 2201; x_wconf 87' lang='grc' dir='ltr'>ἐκείνου.</span> <span class='ocrx_word' id='word_1_525' title='bbox 2013 2165 2065 2201; x_wconf 85' lang='grc' dir='ltr'>Οὐ</span> <span class='ocrx_word' id='word_1_526' title='bbox 2083 2162 2150 2217; x_wconf 83' lang='grc' dir='ltr'>γὰρ</span> <span class='ocrx_word' id='word_1_527' title='bbox 2169 2162 2213 2201; x_wconf 82' lang='grc' dir='ltr'>τὰ</span> <span class='ocrx_word' id='word_1_528' title='bbox 2241 2165 2360 2210; x_wconf 83' lang='grc' dir='ltr'>αὐτοῦ,</span> 
     </span>
     <span class='ocr_line' id='line_1_78' title="bbox 1342 2223 2364 2276; baseline -0.001 -14"><span class='ocrx_word' id='word_1_529' title='bbox 1342 2224 1432 2263; x_wconf 83' lang='grc' dir='ltr'>ἀλλὰ</span> <span class='ocrx_word' id='word_1_530' title='bbox 1450 2224 1495 2262; x_wconf 85' lang='grc' dir='ltr'>τὰ</span> <span class='ocrx_word' id='word_1_531' title='bbox 1518 2229 1579 2262; x_wconf 88' lang='grc' dir='ltr'>τοῦ</span> <span class='ocrx_word' id='word_1_532' title='bbox 1606 2224 1807 2276; x_wconf 76' lang='grc' dir='ltr'>πέμψαντος</span> <span class='ocrx_word' id='word_1_533' title='bbox 1828 2224 1966 2262; x_wconf 84' lang='grc' dir='ltr'>ἅπαντα</span> <span class='ocrx_word' id='word_1_534' title='bbox 1994 2224 2190 2276; x_wconf 79' lang='grc' dir='ltr'>φθέγγεται.</span> <span class='ocrx_word' id='word_1_535' title='bbox 2210 2224 2272 2262; x_wconf 80' lang='grc' dir='ltr'>Διὸ</span> <span class='ocrx_word' id='word_1_536' title='bbox 2304 2223 2364 2262; x_wconf 85' lang='grc' dir='ltr'>καὶ</span> 
     </span>
     <span class='ocr_line' id='line_1_79' title="bbox 1342 2283 2363 2338; baseline 0 -15"><span class='ocrx_word' id='word_1_537' title='bbox 1342 2285 1485 2337; x_wconf 83' lang='grc' dir='ltr'>ἅγγελος</span> <span class='ocrx_word' id='word_1_538' title='bbox 1502 2283 1517 2305; x_wconf 77' lang='lat'>¹³</span> <span class='ocrx_word' id='word_1_539' title='bbox 1529 2284 1827 2338; x_wconf 89' lang='grc' dir='ltr'>προσηγόρευται·</span> <span class='ocrx_word' id='word_1_540' title='bbox 1843 2284 1988 2336; x_wconf 80' lang='grc' dir='ltr'>ἀγγέλου</span> <span class='ocrx_word' id='word_1_541' title='bbox 2009 2284 2044 2322; x_wconf 80' lang='grc' dir='ltr'>δὲ</span> <span class='ocrx_word' id='word_1_542' title='bbox 2062 2285 2166 2338; x_wconf 81' lang='grc' dir='ltr'>ἀρετὴ</span> <span class='ocrx_word' id='word_1_543' title='bbox 2176 2316 2185 2333; x_wconf 93' lang='grc'>,</span> <span class='ocrx_word' id='word_1_544' title='bbox 2197 2286 2237 2324; x_wconf 81' lang='grc' dir='ltr'>τὸ</span> <span class='ocrx_word' id='word_1_545' title='bbox 2257 2284 2363 2336; x_wconf 80' lang='grc' dir='ltr'>μηδὲν</span> 
     </span>
     <span class='ocr_line' id='line_1_80' title="bbox 1342 2346 2366 2398; baseline 0.001 -15"><span class='ocrx_word' id='word_1_546' title='bbox 1342 2346 1426 2385; x_wconf 81' lang='grc' dir='ltr'>ἴδιον</span> <span class='ocrx_word' id='word_1_547' title='bbox 1458 2349 1577 2385; x_wconf 82' lang='grc' dir='ltr'>εἰπεῖν.</span> <span class='ocrx_word' id='word_1_548' title='bbox 1595 2347 1647 2385; x_wconf 86' lang='grc' dir='ltr'>Τὸ</span> <span class='ocrx_word' id='word_1_549' title='bbox 1671 2346 1725 2394; x_wconf 81' lang='grc' dir='ltr'>δὲ,</span> <span class='ocrx_word' id='word_1_550' title='bbox 1744 2346 1923 2398; x_wconf 81' lang='grc' dir='ltr'>Ἐγένετο,</span> <span class='ocrx_word' id='word_1_551' title='bbox 1940 2349 2085 2384; x_wconf 82' lang='grc' dir='ltr'>ἐνταῦθα</span> <span class='ocrx_word' id='word_1_552' title='bbox 2114 2349 2151 2385; x_wconf 82' lang='grc' dir='ltr'>οὐ</span> <span class='ocrx_word' id='word_1_553' title='bbox 2178 2350 2241 2393; x_wconf 77' lang='grc' dir='ltr'>τῆς</span> <span class='ocrx_word' id='word_1_554' title='bbox 2261 2348 2309 2390; x_wconf 88' lang='grc' dir='ltr'>εἷς</span> <span class='ocrx_word' id='word_1_555' title='bbox 2326 2346 2366 2385; x_wconf 81' lang='grc' dir='ltr'>τὸ</span> 
     </span>
     <span class='ocr_line' id='line_1_81' title="bbox 1342 2400 2364 2460; baseline 0 -15"><span class='ocrx_word' id='word_1_556' title='bbox 1342 2400 1429 2445; x_wconf 70' lang='grc' dir='ltr'>εἶναι</span> <span class='ocrx_word' id='word_1_557' title='bbox 1448 2406 1599 2460; x_wconf 85' lang='grc' dir='ltr'>παρόδου</span> <span class='ocrx_word' id='word_1_558' title='bbox 1621 2407 1825 2455; x_wconf 81' lang='grc' dir='ltr'>δηλωτικὸν,</span> <span class='ocrx_word' id='word_1_559' title='bbox 1844 2407 1933 2445; x_wconf 82' lang='grc' dir='ltr'>ἀλλὰ</span> <span class='ocrx_word' id='word_1_560' title='bbox 1960 2411 2023 2454; x_wconf 76' lang='grc' dir='ltr'>τῆς</span> <span class='ocrx_word' id='word_1_561' title='bbox 2050 2409 2245 2454; x_wconf 72' lang='grc' dir='ltr'>ἀποστολῆς</span> <span class='ocrx_word' id='word_1_562' title='bbox 2273 2410 2364 2445; x_wconf 80' lang='grc' dir='ltr'>ἐστιν</span> 
     </span>
     <span class='ocr_line' id='line_1_82' title="bbox 1341 2468 2364 2522; baseline 0.003 -17"><span class='ocrx_word' id='word_1_563' title='bbox 1341 2470 1457 2514; x_wconf 78' lang='grc' dir='ltr'>αὐτῆς.</span> <span class='ocrx_word' id='word_1_564' title='bbox 1479 2468 1531 2507; x_wconf 84' lang='grc' dir='ltr'>Τὸ</span> <span class='ocrx_word' id='word_1_565' title='bbox 1549 2469 1637 2522; x_wconf 80' lang='grc' dir='ltr'>γὰρ,</span> <span class='ocrx_word' id='word_1_566' title='bbox 1656 2468 1817 2520; x_wconf 85' lang='grc' dir='ltr'>Ἐγένετο</span> <span class='ocrx_word' id='word_1_567' title='bbox 1842 2468 2101 2520; x_wconf 82' lang='grc' dir='ltr'>ἀπεσταλμένος</span> <span class='ocrx_word' id='word_1_568' title='bbox 2124 2469 2221 2521; x_wconf 80' lang='grc' dir='ltr'>παρὰ</span> <span class='ocrx_word' id='word_1_569' title='bbox 2250 2471 2364 2516; x_wconf 89' lang='grc' dir='ltr'>Θεοῦ,</span> 
     </span>
     <span class='ocr_line' id='line_1_83' title="bbox 1343 2523 2363 2582; baseline 0.003 -17"><span class='ocrx_word' id='word_1_570' title='bbox 1343 2528 1419 2566; x_wconf 80' lang='grc' dir='ltr'>ἀντὶ</span> <span class='ocrx_word' id='word_1_571' title='bbox 1453 2533 1529 2577; x_wconf 85' lang='grc' dir='ltr'>τοῦ,</span> <span class='ocrx_word' id='word_1_572' title='bbox 1558 2529 1737 2576; x_wconf 87' lang='grc' dir='ltr'>ἀπεστάλη</span> <span class='ocrx_word' id='word_1_573' title='bbox 1762 2528 1860 2582; x_wconf 81' lang='grc' dir='ltr'>παρὰ</span> <span class='ocrx_word' id='word_1_574' title='bbox 1886 2531 1989 2568; x_wconf 90' lang='grc' dir='ltr'>Θεοῦ.</span> <span class='ocrx_word' id='word_1_575' title='bbox 2020 2531 2104 2573; x_wconf 78' lang='grc' dir='ltr'>Πῶς</span> <span class='ocrx_word' id='word_1_576' title='bbox 2135 2523 2190 2567; x_wconf 66' lang='grc' dir='ltr'>οῦν</span> <span class='ocrx_word' id='word_1_577' title='bbox 2220 2530 2278 2575; x_wconf 83' lang='grc' dir='ltr'>τὸ,</span> <span class='ocrx_word' id='word_1_578' title='bbox 2302 2530 2363 2568; x_wconf 83' lang='grc' dir='ltr'>Ἐν</span> 
     </span>
     <span class='ocr_line' id='line_1_84' title="bbox 1344 2589 2365 2642; baseline 0.003 -17"><span class='ocrx_word' id='word_1_579' title='bbox 1344 2592 1458 2641; x_wconf 77' lang='grc' dir='ltr'>μορφῇ</span> <span class='ocrx_word' id='word_1_580' title='bbox 1477 2591 1567 2628; x_wconf 89' lang='grc' dir='ltr'>Θεοῦ</span> <span class='ocrx_word' id='word_1_581' title='bbox 1591 2589 1773 2642; x_wconf 79' lang='grc' dir='ltr'>ὑπάρχων,</span> <span class='ocrx_word' id='word_1_582' title='bbox 1789 2592 1826 2628; x_wconf 82' lang='grc' dir='ltr'>οὖ</span> <span class='ocrx_word' id='word_1_583' title='bbox 1845 2589 1925 2642; x_wconf 84' lang='grc' dir='ltr'>περὶ</span> <span class='ocrx_word' id='word_1_584' title='bbox 1948 2591 2009 2635; x_wconf 82' lang='grc' dir='ltr'>τ’ἧς</span> <span class='ocrx_word' id='word_1_585' title='bbox 2029 2590 2114 2642; x_wconf 81' lang='grc' dir='ltr'>πρὸς</span> <span class='ocrx_word' id='word_1_586' title='bbox 2132 2590 2189 2628; x_wconf 79' lang='grc' dir='ltr'>τὸν</span> <span class='ocrx_word' id='word_1_587' title='bbox 2218 2590 2365 2642; x_wconf 83' lang='grc' dir='ltr'>Πατέρα</span> 
     </span>
     <span class='ocr_line' id='line_1_85' title="bbox 1343 2649 2363 2705; baseline 0.001 -17"><span class='ocrx_word' id='word_1_588' title='bbox 1343 2649 1604 2702; x_wconf 82' lang='grc' dir='ltr'>ἀπαραλλαξίας</span> <span class='ocrx_word' id='word_1_589' title='bbox 1632 2650 1789 2704; x_wconf 77' lang='grc' dir='ltr'>εἰρῆσθαί</span> <span class='ocrx_word' id='word_1_590' title='bbox 1808 2667 1891 2703; x_wconf 72' lang='grc' dir='ltr'>φασι</span> <span class='ocrx_word' id='word_1_591' title='bbox 1913 2650 1969 2689; x_wconf 78' lang='grc' dir='ltr'>διὰ</span> <span class='ocrx_word' id='word_1_592' title='bbox 1998 2651 2038 2689; x_wconf 83' lang='grc' dir='ltr'>τὸ</span> <span class='ocrx_word' id='word_1_593' title='bbox 2067 2650 2115 2702; x_wconf 72' lang='grc' dir='ltr'>μὴ</span> <span class='ocrx_word' id='word_1_594' title='bbox 2136 2655 2363 2705; x_wconf 85' lang='grc' dir='ltr'>προσκεῖσθαι</span> 
     </span>
     <span class='ocr_line' id='line_1_86' title="bbox 1343 2711 2361 2764; baseline 0.002 -16"><span class='ocrx_word' id='word_1_595' title='bbox 1343 2711 1382 2749; x_wconf 83' lang='grc' dir='ltr'>τὸ</span> <span class='ocrx_word' id='word_1_596' title='bbox 1399 2711 1544 2764; x_wconf 70' lang='grc' dir='ltr'>ἄρθρον,</span> <span class='ocrx_word' id='word_1_597' title='bbox 1565 2711 1653 2749; x_wconf 80' lang='grc' dir='ltr'>Ἰδοὺ</span> <span class='ocrx_word' id='word_1_598' title='bbox 1675 2711 1742 2764; x_wconf 84' lang='grc' dir='ltr'>γὰρ</span> <span class='ocrx_word' id='word_1_599' title='bbox 1764 2711 1823 2749; x_wconf 80' lang='grc' dir='ltr'>καὶ</span> <span class='ocrx_word' id='word_1_600' title='bbox 1842 2713 1988 2750; x_wconf 84' lang='grc' dir='ltr'>ἐνταῦθα</span> <span class='ocrx_word' id='word_1_601' title='bbox 2007 2712 2158 2762; x_wconf 80' lang='grc' dir='ltr'>οὐδαμοῦ</span> <span class='ocrx_word' id='word_1_602' title='bbox 2176 2712 2215 2750; x_wconf 77' lang='grc' dir='ltr'>τὸ</span> <span class='ocrx_word' id='word_1_603' title='bbox 2234 2712 2361 2764; x_wconf 77' lang='grc' dir='ltr'>ἄρθρον</span> 
     </span>
     <span class='ocr_line' id='line_1_87' title="bbox 1343 2765 2364 2825; baseline 0.001 -16"><span class='ocrx_word' id='word_1_604' title='bbox 1343 2772 1561 2824; x_wconf 87' lang='grc' dir='ltr'>πρόσκειται.</span> <span class='ocrx_word' id='word_1_605' title='bbox 1578 2765 1652 2824; x_wconf 66' lang='grc' dir='ltr'>Ἆρ’</span> <span class='ocrx_word' id='word_1_606' title='bbox 1677 2766 1733 2810; x_wconf 67' lang='grc' dir='ltr'>οῦν</span> <span class='ocrx_word' id='word_1_607' title='bbox 1754 2775 1790 2810; x_wconf 87' lang='grc' dir='ltr'>οὐ</span> <span class='ocrx_word' id='word_1_608' title='bbox 1813 2773 1892 2825; x_wconf 83' lang='grc' dir='ltr'>περὶ</span> <span class='ocrx_word' id='word_1_609' title='bbox 1908 2777 1967 2811; x_wconf 88' lang='grc' dir='ltr'>τοῦ</span> <span class='ocrx_word' id='word_1_610' title='bbox 1989 2773 2126 2825; x_wconf 86' lang='grc' dir='ltr'>Πατρὸς</span> <span class='ocrx_word' id='word_1_611' title='bbox 2146 2771 2299 2824; x_wconf 75' lang='grc' dir='ltr'>εἴρηται,</span> <span class='ocrx_word' id='word_1_612' title='bbox 2316 2772 2364 2810; x_wconf 83' lang='grc' dir='ltr'>Τί</span> 
     </span>
     <span class='ocr_line' id='line_1_88' title="bbox 1344 2827 2365 2886; baseline 0.001 -15"><span class='ocrx_word' id='word_1_613' title='bbox 1344 2827 1401 2871; x_wconf 72' lang='grc' dir='ltr'>οῧν</span> <span class='ocrx_word' id='word_1_614' title='bbox 1423 2835 1563 2885; x_wconf 82' lang='grc' dir='ltr'>ἐροῦμεν</span> <span class='ocrx_word' id='word_1_615' title='bbox 1581 2835 1631 2884; x_wconf 79' lang='grc' dir='ltr'>τῷ</span> <span class='ocrx_word' id='word_1_616' title='bbox 1650 2832 1810 2886; x_wconf 76' lang='grc' dir='ltr'>προφήτῃ</span> <span class='ocrx_word' id='word_1_617' title='bbox 1836 2833 1989 2884; x_wconf 78' lang='grc' dir='ltr'>λέγοντι,</span> <span class='ocrx_word' id='word_1_618' title='bbox 2005 2832 2058 2871; x_wconf 77' lang='grc' dir='ltr'>ὅτι</span> <span class='ocrx_word' id='word_1_619' title='bbox 2072 2832 2161 2871; x_wconf 75' lang='grc' dir='ltr'>Ἰδοὺ</span> <span class='ocrx_word' id='word_1_620' title='bbox 2182 2832 2250 2885; x_wconf 82' lang='grc' dir='ltr'>ἐγὼ</span> <span class='ocrx_word' id='word_1_621' title='bbox 2280 2836 2365 2872; x_wconf 73' lang='grc' dir='ltr'>ἀπο-</span> 
     </span>
     <span class='ocr_line' id='line_1_89' title="bbox 1344 2891 2364 2945; baseline 0.001 -14"><span class='ocrx_word' id='word_1_622' title='bbox 1344 2893 1476 2932; x_wconf 80' lang='grc' dir='ltr'>στέλλω</span> <span class='ocrx_word' id='word_1_623' title='bbox 1491 2892 1548 2930; x_wconf 80' lang='grc' dir='ltr'>τὸν</span> <span class='ocrx_word' id='word_1_624' title='bbox 1569 2891 1710 2944; x_wconf 79' lang='grc' dir='ltr'>ἄγγελόν</span> <span class='ocrx_word' id='word_1_625' title='bbox 1739 2908 1803 2943; x_wconf 92' lang='grc' dir='ltr'>μου</span> <span class='ocrx_word' id='word_1_626' title='bbox 1820 2893 1887 2945; x_wconf 84' lang='grc' dir='ltr'>πρὸ</span> <span class='ocrx_word' id='word_1_627' title='bbox 1902 2892 2089 2945; x_wconf 84' lang='grc' dir='ltr'>προσώπου</span> <span class='ocrx_word' id='word_1_628' title='bbox 2109 2909 2168 2931; x_wconf 92' lang='grc' dir='ltr'>σου</span> <span class='ocrx_word' id='word_1_629' title='bbox 2179 2924 2188 2941; x_wconf 95' lang='grc'>,</span> <span class='ocrx_word' id='word_1_630' title='bbox 2205 2894 2240 2937; x_wconf 79' lang='grc' dir='ltr'>ὃς</span> <span class='ocrx_word' id='word_1_631' title='bbox 2256 2911 2364 2932; x_wconf 83' lang='grc' dir='ltr'>κατα-</span> 
     </span>
     <span class='ocr_line' id='line_1_90' title="bbox 1342 2952 2365 3004; baseline 0.001 -12"><span class='ocrx_word' id='word_1_632' title='bbox 1342 2954 1503 2992; x_wconf 83' lang='grc' dir='ltr'>σκευάσει</span> <span class='ocrx_word' id='word_1_633' title='bbox 1530 2952 1593 2999; x_wconf 80' lang='grc' dir='ltr'>τὴν</span> <span class='ocrx_word' id='word_1_634' title='bbox 1626 2952 1701 2991; x_wconf 84' lang='grc' dir='ltr'>ὁδόν</span> <span class='ocrx_word' id='word_1_635' title='bbox 1733 2969 1811 3000; x_wconf 73' lang='grc' dir='ltr'>σου,</span> <span class='ocrx_word' id='word_1_636' title='bbox 1829 2954 1882 2991; x_wconf 86' lang='grc' dir='ltr'>Τὸ</span> <span class='ocrx_word' id='word_1_637' title='bbox 1911 2953 1972 3003; x_wconf 80' lang='grc' dir='ltr'>μὲν</span> <span class='ocrx_word' id='word_1_638' title='bbox 2001 2956 2084 3004; x_wconf 83' lang='grc' dir='ltr'>ἐμοῦ</span> <span class='ocrx_word' id='word_1_639' title='bbox 2115 2954 2174 2992; x_wconf 83' lang='grc' dir='ltr'>καὶ</span> <span class='ocrx_word' id='word_1_640' title='bbox 2205 2959 2285 3002; x_wconf 86' lang='grc' dir='ltr'>σοῦ,</span> <span class='ocrx_word' id='word_1_641' title='bbox 2306 2954 2365 2993; x_wconf 77' lang='grc' dir='ltr'>δύο</span> 
     </span>
     <span class='ocr_line' id='line_1_91' title="bbox 1341 3008 2361 3068; baseline -0.001 -14"><span class='ocrx_word' id='word_1_642' title='bbox 1341 3014 1536 3066; x_wconf 84' lang='grc' dir='ltr'>προσώπων</span> <span class='ocrx_word' id='word_1_643' title='bbox 1557 3014 1629 3052; x_wconf 88' lang='grc' dir='ltr'>ἐστὶ</span> <span class='ocrx_word' id='word_1_644' title='bbox 1658 3013 1861 3060; x_wconf 81' lang='grc' dir='ltr'>δηλωτικόν.</span> <span class='ocrx_word' id='word_1_645' title='bbox 1890 3008 2001 3058; x_wconf 67' lang='grc' dir='ltr'>Οὗτος</span> <span class='ocrx_word' id='word_1_646' title='bbox 2027 3010 2129 3061; x_wconf 70' lang='grc' dir='ltr'>ἦλθεν</span> <span class='ocrx_word' id='word_1_647' title='bbox 2154 3017 2200 3059; x_wconf 87' lang='grc' dir='ltr'>εἷς</span> <span class='ocrx_word' id='word_1_648' title='bbox 2221 3031 2361 3068; x_wconf 87' lang='grc' dir='ltr'>μαρτυ-</span> 
     </span>
     <span class='ocr_line' id='line_1_92' title="bbox 1343 3073 2362 3127; baseline 0.001 -14"><span class='ocrx_word' id='word_1_649' title='bbox 1343 3075 1433 3127; x_wconf 84' lang='grc' dir='ltr'>ρίαν,</span> <span class='ocrx_word' id='word_1_650' title='bbox 1451 3075 1507 3113; x_wconf 83' lang='grc' dir='ltr'>ἵνα</span> <span class='ocrx_word' id='word_1_651' title='bbox 1525 3074 1729 3127; x_wconf 82' lang='grc' dir='ltr'>μαρτυρήσῃ</span> <span class='ocrx_word' id='word_1_652' title='bbox 1744 3073 1824 3126; x_wconf 78' lang='grc' dir='ltr'>περὶ</span> <span class='ocrx_word' id='word_1_653' title='bbox 1840 3078 1899 3112; x_wconf 90' lang='grc' dir='ltr'>τοῦ</span> <span class='ocrx_word' id='word_1_654' title='bbox 1919 3074 2041 3126; x_wconf 82' lang='grc' dir='ltr'>φωτός.</span> <span class='ocrx_word' id='word_1_655' title='bbox 2060 3077 2092 3113; x_wconf 88' lang='grc' dir='ltr'>Τ</span> <span class='ocrx_word' id='word_1_656' title='bbox 2097 3075 2107 3112; x_wconf 79' lang='grc' dir='ltr'>ι’</span> <span class='ocrx_word' id='word_1_657' title='bbox 2121 3080 2236 3123; x_wconf 70' lang='grc' dir='ltr'>τοῦτο,</span> <span class='ocrx_word' id='word_1_658' title='bbox 2252 3079 2269 3114; x_wconf 84' lang='grc' dir='ltr'>ὁ</span> <span class='ocrx_word' id='word_1_659' title='bbox 2287 3077 2362 3114; x_wconf 86' lang='grc' dir='ltr'>δοῦ-</span> 
     </span>
     <span class='ocr_line' id='line_1_93' title="bbox 1342 3134 2360 3188; baseline 0.001 -15"><span class='ocrx_word' id='word_1_660' title='bbox 1342 3139 1398 3180; x_wconf 89' lang='grc' dir='ltr'>λος</span> <span class='ocrx_word' id='word_1_661' title='bbox 1414 3139 1464 3188; x_wconf 79' lang='grc' dir='ltr'>τῷ</span> <span class='ocrx_word' id='word_1_662' title='bbox 1480 3135 1629 3187; x_wconf 82' lang='grc' dir='ltr'>δεσπότῃ</span> <span class='ocrx_word' id='word_1_663' title='bbox 1661 3140 1848 3187; x_wconf 89' lang='grc' dir='ltr'>μαρτυρεῖ,</span> <span class='ocrx_word' id='word_1_664' title='bbox 1868 3134 1949 3179; x_wconf 84' lang='grc' dir='ltr'>ἴσως</span> <span class='ocrx_word' id='word_1_665' title='bbox 1972 3135 2060 3174; x_wconf 85' lang='grc' dir='ltr'>εἴποι</span> <span class='ocrx_word' id='word_1_666' title='bbox 2088 3153 2139 3180; x_wconf 87' lang='grc' dir='ltr'>τις</span> <span class='ocrx_word' id='word_1_667' title='bbox 2159 3137 2198 3174; x_wconf 79' lang='grc' dir='ltr'>ἄν</span> <span class='ocrx_word' id='word_1_668' title='bbox 2209 3152 2220 3187; x_wconf 69' lang='lat'>5</span> <span class='ocrx_word' id='word_1_669' title='bbox 2247 3135 2360 3174; x_wconf 63' lang='lat' dir='ltr'>‘&#39;Orotv</span> 
     </span>
     <span class='ocr_line' id='line_1_94' title="bbox 1340 3196 2359 3254; baseline 0.001 -15"><span class='ocrx_word' id='word_1_670' title='bbox 1340 3196 1395 3239; x_wconf 63' lang='grc' dir='ltr'>οὖν</span> <span class='ocrx_word' id='word_1_671' title='bbox 1422 3201 1470 3252; x_wconf 82' lang='grc' dir='ltr'>μὴ</span> <span class='ocrx_word' id='word_1_672' title='bbox 1502 3201 1602 3252; x_wconf 90' lang='grc' dir='ltr'>μόνον</span> <span class='ocrx_word' id='word_1_673' title='bbox 1625 3201 1691 3239; x_wconf 79' lang='grc' dir='ltr'>ὑπὸ</span> <span class='ocrx_word' id='word_1_674' title='bbox 1716 3205 1775 3239; x_wconf 90' lang='grc' dir='ltr'>τοῦ</span> <span class='ocrx_word' id='word_1_675' title='bbox 1804 3200 1922 3239; x_wconf 82' lang='grc' dir='ltr'>δούλου</span> <span class='ocrx_word' id='word_1_676' title='bbox 1945 3202 2222 3254; x_wconf 83' lang='grc' dir='ltr'>μαρτυρούμενον</span> <span class='ocrx_word' id='word_1_677' title='bbox 2244 3203 2359 3249; x_wconf 76' lang='grc' dir='ltr'>αὐτὸν,</span> 
     </span>
    </p>
   </div>
   <div class='ocr_carea' id='block_1_17' title="bbox 1340 3267 2356 3322">
    <p class='ocr_par' dir='ltr' id='par_1_17' title="bbox 1340 3267 2356 3322">
     <span class='ocr_line' id='line_1_95' title="bbox 1340 3267 2356 3322; baseline 0 -16"><span class='ocrx_word' id='word_1_678' title='bbox 1340 3269 1429 3307; x_wconf 80' lang='grc' dir='ltr'>ἀλλὰ</span> <span class='ocrx_word' id='word_1_679' title='bbox 1455 3269 1513 3307; x_wconf 83' lang='grc' dir='ltr'>καὶ</span> <span class='ocrx_word' id='word_1_680' title='bbox 1541 3267 1816 3321; x_wconf 87' lang='grc' dir='ltr'>παραγινόμενον</span> <span class='ocrx_word' id='word_1_681' title='bbox 1836 3267 1909 3320; x_wconf 85' lang='grc' dir='ltr'>ἴδῃς</span> <span class='ocrx_word' id='word_1_682' title='bbox 1930 3269 2014 3322; x_wconf 77' lang='grc' dir='ltr'>πρὸς</span> <span class='ocrx_word' id='word_1_683' title='bbox 2034 3269 2148 3318; x_wconf 82' lang='grc' dir='ltr'>αὐτὸν,</span> <span class='ocrx_word' id='word_1_684' title='bbox 2175 3269 2234 3308; x_wconf 82' lang='grc' dir='ltr'>καὶ</span> <span class='ocrx_word' id='word_1_685' title='bbox 2267 3269 2356 3319; x_wconf 80' lang='grc' dir='ltr'>μετὰ</span> 
     </span>
    </p>
   </div>
   <div class='ocr_carea' id='block_1_18' title="bbox 1395 3398 1775 3444">
    <p class='ocr_par' dir='ltr' id='par_1_18' title="bbox 1395 3398 1775 3444">
     <span class='ocr_line' id='line_1_96' title="bbox 1395 3398 1775 3444; baseline 0.008 -15"><span class='ocrx_word' id='word_1_686' title='bbox 1395 3400 1411 3424; x_wconf 75' lang='grc' dir='ltr'>Ι»</span> <span class='ocrx_word' id='word_1_687' title='bbox 1429 3398 1535 3441; x_wconf 82' lang='lat' dir='ltr'>Aliqui</span> <span class='ocrx_word' id='word_1_688' title='bbox 1548 3405 1775 3444; x_wconf 77' lang='grc' dir='ltr'>προηγόρευται.</span> 
     </span>
    </p>
   </div>
  </div>
 </body>
</html>
