2481 3678
732 232 773 259 ΙΝ
810 231 1017 261 ,ΙΟΑΝΝΙΞΜ
1058 233 1215 261 nomL.
1255 233 1331 260 XX.
1370 216 1426 259 al.

109 326 206 357 στον,
222 310 330 354 Αὐτός
353 325 467 361 φησιν·
488 309 595 360 Ἐμὸν
625 311 751 362 βρῶμά
769 313 873 359 ἐστιν,
891 317 905 332 ²³
918 312 972 351 ἰ’να
994 313 1129 359 ποιήσω

108 370 147 408 τὸ
166 370 302 421 Οέλημα
321 375 380 409 τοῦ
404 369 606 422 πέμψαντός
636 387 690 421 με.
710 372 906 425 (θρέψωμεν
932 373 1034 411 αὐτὸν
1054 388 1130 410 πει-

107 433 238 468 νῶντα·
257 431 454 482 ποτίσωμεν
484 432 659 483 διψῶντα·
689 433 752 470 κᾶν
775 435 909 486 ψυχροῦ
933 435 999 484 δῷς
1022 431 1130 478 ποτή-

109 507 191 542 ριον,
208 492 362 544 δέχεται”
380 495 471 544 φιλεῖ
498 492 565 546 γάρ
588 508 642 532 σε·
662 493 706 531 τὰ
739 494 775 531 δὲ
795 493 893 546 παρὰ
921 496 989 530 τῶν
1014 493 1130 543 φιλου-

107 552 232 603 μένων,
248 553 311 590 κᾶν
333 554 443 606 μικρὰ
460 554 635 607 τυγχάνῃ,
653 555 788 606 μεγάλα
807 557 856 606 τῷ
875 557 1034 591 ποθοῦντι
1053 551 1131 604 φαί-

105 629 212 652 νεται.
228 614 342 653 Μόνον
360 614 400 654 σὺ
418 615 466 666 μὴ
488 616 722 668 κατοκνήσῃς·
741 614 804 653 κᾶν
819 613 959 658 ὂὸολοὺς
987 613 1044 652 δύο
1059 629 1127 651 κα-

105 675 282 727 ταὸάλῃς,
302 678 362 715 οὐκ
387 677 660 730 ἀποστρέφεται,
677 678 752 714 ἀλλ’
785 679 832 719 ὡς
859 674 967 714 πολὺν
991 675 1129 727 δέχεται

104 737 261 775 πλοῦτον.
293 736 439 784 Ἐπειδὴ
456 738 523 789 γὰρ
549 737 706 783 ἀνενδεής
736 739 832 784 ἐστι,
851 736 911 774 καὶ
944 738 981 775 οὗ
1008 735 1129 789 χρείας

102 797 214 835 ἕνεκεν
234 803 342 837 ταῦτα
356 798 529 850 λαμὸάνει
541 828 551 846 ,
569 797 708 841 εἰκότως
728 798 790 836 οὐκ
807 800 840 836 ἐν
859 800 909 849 τῷ
927 797 1043 850 μέτρῳ
1058 800 1127 835 τῶν

104 859 303 909 διδομένων,
320 862 396 898 ἀλλ’
418 862 452 897 ἐν
481 863 523 910 τῇ
547 858 746 912 προαιρέσει
774 863 833 897 τοῦ
859 859 1071 911 παρέχοντος
1089 858 1128 896 τὸ

101 925 170 956 πᾶν
189 919 350 972 ὁρίζεται.
365 919 477 958 Μόνον
495 920 599 964 δεῖξον
626 919 680 958 ὅτι
706 921 816 972 φιλεῖς
845 919 1128 974 παραγενόμενον

102 979 215 1026 αὐτὸν,
230 979 283 1018 ὅτι
298 980 498 1025 σπουδάζεις
514 981 652 1018 ἅπαντα
666 980 752 1034 ὑπὲρ
767 980 886 1019 ταύτου
897 1011 906 1028 ,
920 980 974 1019 ὅτι
993 979 1129 1033 χαίρεις

100 1039 156 1078 ἐπὶ
174 1043 217 1092 τῇ
240 1040 423 1094 παρουσίᾳ.
442 1041 541 1095 εὈρα
556 1041 656 1084 αὐτὸς
676 1044 750 1085 πῶς
768 1042 854 1095 πρὸς
875 1040 913 1080 σὲ
940 1041 1124 1080 διάκειται.

100 1093 212 1139 Ἦλθε
227 1101 285 1139 διὰ
301 1103 338 1141 σὲ
350 1133 360 1150 ,
376 1096 445 1148 τὴν
457 1101 571 1155 ψυχὴν
589 1102 709 1148 ἔθηκεν
729 1102 817 1156 ὑπὲρ
838 1107 897 1141 σοῦ
909 1119 916 1126 ·
932 1103 951 1123 *
962 1102 1022 1140 καὶ
1038 1102 1126 1153 μετὰ

102 1167 211 1200 ταῦτα
241 1162 357 1201 πάντα
385 1162 462 1202 οὐδὲ
493 1163 655 1201 ἱκετεύειν
690 1180 727 1202 σε
756 1170 992 1217 παραιτεῖται.
1015 1162 1127 1216 εΥπὲρ

104 1224 255 1276 Χριστοῦ
274 1224 341 1278 γὰρ
361 1224 610 1278 πρεσὸεύομεν,
629 1224 746 1276 φησιν,
766 1227 811 1268 ὡς
829 1229 889 1262 τοῦ
905 1226 996 1263 Θεοῦ
1011 1240 1126 1277 παρα·

102 1287 284 1329 καλοῦντος
304 1287 346 1323 δι’
366 1287 480 1336 ἡμῶν.
501 1285 571 1323 Καὶ
588 1285 640 1329 τίς
658 1284 748 1323 οὕτω
763 1285 990 1336 μαινόμενος,
1008 1286 1124 1338 φησιν,

103 1347 150 1388 ὡς
180 1345 228 1396 μὴ
254 1348 362 1397 φιλεῖν
386 1346 443 1384 τὸν
471 1345 640 1392 δεσπότην
674 1346 732 1384 τὸν
753 1349 876 1384 ἑαυτοῦ
885 1363 894 1393 3
922 1348 1035 1384 Τοῦτο
1067 1346 1126 1385 καὶ

103 1405 171 1457 ἐγὼ
190 1406 300 1458 λέγω,
322 1406 382 1444 καὶ
398 1401 473 1444 οἶδα
489 1405 550 1457 μὲν
575 1405 629 1444 ὅτι
658 1405 802 1450 ἕκαστος
817 1409 917 1456 ἡμῶν
934 1409 994 1444 οὐκ
1008 1408 1047 1444 ἂν
1065 1408 1125 1458 ἀρ*

103 1466 220 1514 νηθείη
248 1471 348 1505 τοῦτο
373 1473 443 1510 τοῖς
469 1466 602 1518 ῥήμασι
628 1467 688 1504 καὶ
713 1469 756 1513 τῇ
781 1466 925 1519 διανοίᾳ.
938 1467 1029 1506 Ἀλλ’
1063 1470 1125 1506 οὐκ

104 1529 173 1567 ἀπὸ
215 1531 282 1566 τῶν
333 1527 500 1580 ῥημάτων
543 1527 658 1578 μόνον,
700 1527 790 1567 ἀλλὰ
834 1528 894 1566 καὶ
941 1529 1010 1567 ἀπὸ
1055 1532 1124 1568 τῶν

103 1588 320 1642 πραγμάτων
357 1588 553 1627 δείκνυσθαι
587 1588 748 1639 βούλεται
782 1592 799 1627 ὃ
828 1587 1030 1640 φιλούμενος
1048 1595 1125 1629 τοῦ·

102 1665 152 1687 το.
173 1647 232 1687 Ἂν
260 1649 328 1703 γὰρ
345 1643 502 1702 λέγωμεν
529 1654 650 1696 τοῦτο,
677 1649 726 1701 μὴ
747 1652 902 1701 ποιῶμεν
929 1649 965 1689 δὲ
992 1650 1036 1688 τὰ
1056 1655 1124 1690 τῶν

102 1710 308 1758 ποθούντων,
327 1710 436 1762 γέλως
467 1710 567 1749 τοῦτό
598 1713 704 1759 ἐστιν,
721 1713 781 1749 οὐκ
809 1711 867 1749 ἐπὶ
899 1716 958 1750 τοῦ
977 1714 1068 1751 Θεοῦ
1090 1712 1126 1752 δὲ

104 1772 219 1822 μόνον,
239 1772 329 1811 ἀλλὰ
348 1772 408 1810 καὶ
444 1772 502 1810 ἐπὶ
536 1774 604 1810 τῶν
631 1771 833 1825 ἀνθρώπων.
869 1772 972 1811 Ἐπεὶ
1002 1767 1058 1811 οῦν
1086 1774 1127 1812 τὸ

103 1832 161 1871 διὰ
178 1835 246 1870 τῶν
271 1833 381 1885 λόγων
411 1832 514 1884 μόνον
550 1835 743 1885 ὁμολογεῖν,
768 1833 824 1872 διὰ
854 1833 890 1872 δὲ
919 1837 986 1872 τῶν
1016 1835 1125 1887 ἔργων

102 1896 357 1943 ἐναντιοῦσθαι,
377 1894 454 1946 οὐχὶ
475 1894 638 1940 ἀνόνητον
662 1894 777 1945 μόνον,
799 1894 889 1933 ἀλλὰ
904 1895 964 1933 καὶ
981 1897 1126 1935 ἔπιὸλα-

101 1955 159 2000 6ὲς
183 1960 281 2007 ἡμῖν,
296 1957 512 2009 παρακαλῶ,
540 1955 603 2002 τὴν
624 1955 681 1993 διὰ
711 1959 779 1994 τῶν
807 1955 915 2009 ἔργων
938 1957 1124 2009 ὁμολογίαν

100 2020 320 2070 προσθῶμεν,
339 2015 396 2054 ἵνα
410 2016 470 2054 καὶ
488 2019 550 2063 τῆς
575 2018 659 2069 παρ’
692 2019 794 2055 αὐτοῦ
822 2017 983 2070 τύχωμεν
1004 2021 1125 2069 ὁμολο-

101 2077 178 2129 γίας
201 2077 291 2115 κατὰ
311 2076 374 2124 τὴν
393 2077 528 2129 ἡμέραν
549 2077 696 2126 ἐκείνην,
720 2077 802 2116 ὅταν
832 2079 889 2117 ἐπὶ
908 2084 968 2117 τοῦ
988 2080 1127 2133 Πατρὸς

102 2140 252 2190 ὁμολογῇ
282 2138 359 2182 τοὺς
392 2137 505 2181 ἀξίους
534 2140 567 2176 ἐν
601 2139 745 2191 Χριστῷ
778 2139 895 2186 Ἰησοῦ
925 2142 974 2192 τῷ
1006 2140 1127 2194 Κυρίῳ

101 2203 215 2250 ἡμῶν,
233 2201 276 2237 δι’
296 2193 334 2238 οῦ
358 2199 418 2236 καὶ
438 2202 512 2249 μεθ’
530 2192 568 2237 οῦ
595 2203 645 2252 τῷ
673 2200 789 2253 Πατρὶ
808 2204 830 2248 ἡ
859 2199 960 2248 δόξα,
977 2201 1052 2252 ἅμα
1077 2205 1127 2255 τῷ

101 2259 189 2313 ἁγίῳ
222 2260 426 2311 Πνεύματι,
449 2264 505 2298 νῦν
539 2260 599 2299 καὶ
627 2260 703 2309 ἀεὶ,
737 2261 798 2299 καὶ
822 2264 869 2306 εἷς
894 2261 972 2306 τοὺς
999 2264 1127 2307 αἰῶνας

101 2325 168 2360 τῶν
188 2321 334 2360 αἰώνων.
359 2321 481 2372 Ἀμήν.

147 2470 158 2483 ³
175 2459 267 2491 Unus
283 2464 329 2493 ἵνα
345 2467 418 2494 ποιῶ
434 2466 480 2493 τὸ.
499 2458 589 2494 Ibid.
608 2458 744 2503 quidam
760 2466 813 2495 κάν
830 2467 951 2506 ψυχρὸν.

147 2511 162 2526 *
182 2509 308 2552 [Savil.
327 2517 360 2542 et
375 2508 484 2544 Codd.
504 2511 580 2554 705,
594 2513 658 2544 706
675 2517 723 2546 καὶ
747 2518 828 2554 μετὰ
852 2519 949 2547 ταῦτα
966 2516 1030 2547 οόδὲ
1047 2519 1106 2548 izz-

1470 231 1564 261 ΧΙΧ.
2103 221 2183 281 157

1203 311 1293 348 tium
1308 318 1372 347 cst.
1392 310 1584 356 Quodnam
1605 323 1688 350 vero
1701 311 1891 363 prandium
1911 312 2000 350 illud
2015 314 2088 351 est?
2110 316 2122 351 1
2128 329 2187 366 pse

1201 369 1272 406 ait:
1285 370 1397 407 Meus
1417 371 1523 408 cibus
1539 379 1610 416 est,
1628 372 1827 423 alsaciam
1846 373 2091 410 voluntatem
2107 377 2187 425 ejus
2199 388 2382 429 doun-433..

1202 432 1269 481 qui
1288 432 1391 487 misit¹
1408 444 1480 468 me.
1496 431 1684 469 Pascamus
1699 432 1816 484 ipsum
1829 432 2050 481 esurientem,
2064 443 2188 484 potum

1202 488 1327 527 demus
1349 489 1503 540 sitienti;
1532 492 1562 528 si
1585 491 1640 530 vel
1669 506 1797 543 aquam
1830 491 1999 544 frigidam
2031 492 2185 542 dederis,

1200 549 1371 602 accipiet:
1391 560 1425 588 te
1439 551 1569 604 quippe
1588 562 1683 590 amat
1690 568 1702 603 3
1724 553 1830 590 amici
1848 568 1932 592 vero
1953 553 2058 603 dona,
2077 568 2189 605 quan-

1155 621 1178 651 Β
1201 610 1334 648 tumvis
1356 611 1501 662 exigua,
1526 613 1640 651 amico
1670 627 1798 665 magna
1819 613 1988 652 videntur
2017 629 2102 653 esse.
2129 617 2187 654 Tu

1200 685 1284 710 vero
1301 672 1416 710 solum
1427 686 1470 710 ne
1482 674 1600 724 segnis
1616 683 1702 724 esto,
1717 674 1855 712 etiamsi
1873 674 1963 713 duos
1982 675 2104 714 obolos
2125 677 2186 715 dc-

1200 733 1379 784 posueris,
1401 747 1470 771 non
1490 735 1723 784 aversabitur,
1744 735 1806 773 sed
1834 745 2016 787 tamquam
2041 751 2188 790 magnas

1200 806 1283 845 opes
1302 793 1461 846 accipiet.
1492 795 1583 833 Cum
1611 796 1708 834 enim
1738 796 1837 834 nullo
1867 797 2042 849 indigeat,
2075 813 2188 850 neque

1198 854 1274 892 haec
1286 854 1354 907 ipsi
1366 856 1559 894 necessaria
1573 857 1653 906 sint,
1666 859 1748 910 jure
1759 871 1828 895 non
1844 873 2033 896 munerum
2050 860 2187 911 magni-

1199 914 1374 966 tudinem,
1392 916 1454 954 sed
1472 917 1590 956 dantis
1606 919 1828 971 propositum
1853 929 1997 971 spectat.
2028 921 2187 958 Tantum

1200 975 1344 1015 ostende
1368 986 1402 1015 te
1431 977 1682 1018 adventantem
1707 980 1827 1032 ipsum
1858 995 1988 1031 amare,
2016 990 2050 1019 te
2077 996 2116 1020 ea
2142 982 2187 1020 de

1199 1050 1304 1075 causa
1327 1038 1420 1076 nihil
1442 1053 1511 1078 non
1530 1054 1644 1092 agere,
1671 1050 1706 1079 te
1729 1041 1773 1079 de
1791 1042 1975 1094 praesentia
2004 1043 2079 1095 ejus
2100 1057 2186 1094 gau-

1198 1097 1292 1135 dere.
1314 1098 1411 1139 Vide
1429 1101 1608 1151 quomodo
1622 1101 1680 1139 ille
1693 1116 1775 1154 erga
1796 1112 1830 1140 te
1843 1103 1889 1140 sit
1912 1103 2069 1141 affectus.
2098 1105 2185 1141 Pro⁴

1198 1168 1277 1210 pter
1288 1168 1321 1197 te
1330 1159 1486 1210 advenit,
1503 1161 1659 1201 animam
1673 1178 1739 1215 pro
1754 1173 1788 1201 te
1800 1164 1921 1216 posuit
1934 1174 1983 1202 :et
1998 1173 2184 1216 postianm

1197 1218 1370 1259 beneficia
1388 1235 1431 1258 ne
1450 1236 1576 1274 rogare
1595 1224 1741 1274 quidem
1758 1233 1792 1262 te
1807 1234 1957 1263 recusat.
1975 1227 2052 1263 Pro
2073 1227 2183 1263 Cleri·
2197 1240 2226 1259 2-
2257 1232 2325 1261 Cor.
2352 1233 2382 1262 5.

1199 1289 1257 1318 sto
1277 1281 1386 1328 enim,
1404 1283 1531 1334 inquit,
1543 1285 1735 1337 legatione
1742 1287 1967 1338 fungimur,
1983 1296 2183 1339 tamquam
2197 1282 2248 1301 ²⁰·

1197 1343 1282 1379 Deo
1305 1345 1527 1382 obsecrante
1541 1360 1610 1397 per
1621 1360 1704 1384 nos.
1731 1347 1862 1397 Ecquis
1882 1347 1931 1384 ita
1946 1347 2101 1385 furiosus
2118 1356 2182 1396 est,

1199 1411 1237 1439 ut
1252 1402 1437 1441 dominum
1449 1418 1632 1443 suumnon
1651 1407 1767 1444 amet?
1778 1407 1855 1445 Hoc
1865 1417 1897 1444 et
1907 1421 1971 1459 ego
1990 1408 2083 1456 dico,
2093 1409 2182 1447 scio-
2235 1429 2300 1457 No„
2314 1441 2383 1458 ver-

1197 1476 1266 1512 que
1285 1472 1446 1500 nostrum
1465 1465 1623 1516 singulos
1637 1480 1706 1504 non
1728 1467 1830 1505 aliter
1863 1468 1972 1506 verbo
2002 1469 2125 1506 saltem
2149 1471 2384 1518 etbjsssedope-

1197 1532 1312 1560 mente
1335 1537 1498 1562 sensuros
1520 1539 1606 1563 esse.
1635 1526 1706 1564 Sed
1727 1541 1798 1565 non
1817 1529 1939 1567 verbis
1958 1539 2108 1581 tantum,
2122 1533 2181 1570 sed
2195 1513 2384 1581 ἑῖἰίἱρῗιᾞω

1196 1582 1303 1621 etiam
1320 1584 1488 1636 operibus
1507 1586 1588 1624 vult
1612 1586 1641 1625 is
1665 1587 1727 1639 qui
1751 1598 1891 1626 amatur
1907 1604 2064 1628 amorem
2081 1593 2182 1630 exhi-

1196 1644 1285 1682 heri.
1306 1646 1398 1683 Nam
1418 1645 1448 1683 si
1468 1645 1517 1684 ita
1536 1647 1682 1697 quidem
1697 1648 1901 1700 loquamur,
1915 1664 2026 1702 neque
2040 1662 2183 1704 praeste-

1197 1719 1277 1742 mus
1298 1704 1335 1742 id
1347 1705 1447 1756 quod
1458 1716 1616 1746 amantes
1635 1708 1759 1759 solent,
1776 1709 1930 1748 ridicula
1947 1725 2029 1749 sane
2049 1726 2104 1750 res
2118 1722 2181 1761 est,

1198 1780 1267 1804 non
1281 1767 1379 1819 apud
1394 1769 1512 1806 Deum
1525 1778 1677 1817 tantum,
1691 1771 1752 1808 sed
1762 1771 1869 1809 etiam
1888 1773 1987 1825 apud
2004 1773 2179 1813 homines.

1199 1828 1378 1875 Quoniam
1398 1828 1508 1880 igitur
1528 1830 1648 1869 verbis
1667 1840 1807 1870 tantum
1827 1834 2002 1884 confiteri,
2026 1844 2059 1873 et
2078 1835 2183 1873 rebus

1197 1889 1374 1927 contraria
1393 1900 1572 1942 praestare,
1597 1905 1666 1930 non
1691 1893 1817 1932 inutile
1845 1894 1964 1945 modo,
1990 1895 2051 1934 sed
2078 1897 2184 1934 etiam

1196 1951 1435 2004 perniciosum
1451 1961 1501 1992 est
1507 1969 1518 2003 ;
1538 1967 1638 2006 rogo,
1658 1955 1909 1994 confessionem
1918 1971 1980 2009 per
1999 1972 2103 2010 opera
2121 1973 2183 1996 ex-

1196 2014 1396 2063 hibeamus,
1417 2024 1456 2052 ut
1476 2015 1551 2068 ipse
1567 2030 1630 2054 nos
1651 2016 1862 2055 confiteatur
1881 2018 1944 2056 illo
1963 2018 2183 2070 die,quando

1150 2091 1175 2120 Ι)
1197 2076 1294 2129 apud
1310 2078 1451 2116 Patrem
1473 2078 1620 2129 quinam
1649 2078 1749 2130 digni
1776 2079 1846 2117 sint
1875 2081 2125 2119 confitebitur:
2145 2083 2183 2120 in

1200 2138 1341 2176 Christo
1364 2140 1449 2178 Jesu
1476 2140 1630 2178 Domino
1658 2150 1792 2190 nostro,
1816 2156 1880 2194 per
1908 2142 2015 2192 quem
2038 2151 2071 2180 et
2101 2157 2182 2181 cum

1197 2215 1267 2252 quo
1283 2201 1381 2239 Patri
1399 2201 1527 2253 gloria,
1538 2202 1715 2254 simulque
1730 2213 1848 2242 sancto
1862 2204 2027 2256 Spiritui,
2042 2220 2133 2244 nunc
2149 2216 2181 2244 et

1197 2275 1350 2315 semper,
1371 2271 1404 2301 et
1419 2262 1456 2301 in
1470 2263 1597 2302 saecula
1613 2263 1834 2304 saeculorum.
1856 2267 1978 2304 Amen.

1172 2464 1296 2505 ritant]-
