2481 3678
73 1352 254 1383 .l‹›nn.6.35.

126 2819 281 2848 Samarita-

95 2873 136 2889 na»
153 2861 280 2897 philoso-

96 2904 175 2940 pluiu-

270 230 292 257 2
308 230 315 256 ι
330 215 360 269 ί,
726 222 764 252 5.
799 220 978 252 ιο.ιΝΝι5
1013 218 1251 250 ιῑιιιιγ505τ.

266 317 336 358 tur,
359 320 431 345 esse
445 304 654 359 spiritualia,
675 302 825 342 credidit
848 302 994 354 quidem
1015 316 1116 354 posse
1148 301 1247 339 illam

265 383 395 420 aquam
410 368 541 421 pellere
553 366 665 415 sitim,
676 380 739 403 nec
753 374 869 403 tamen
883 363 969 415 quid
983 364 1045 401 illa
1058 372 1147 401 esset
1161 362 1248 400 scie-

250 431 339 478 ·bat,
360 429 421 467 sed
438 428 556 467 adhuc
578 426 767 465 dubitabat
782 441 790 462 :
805 425 953 477 putabat
979 433 1070 461 certe
1095 424 1171 461 haec
1189 437 1248 461 su—

265 491 431 529 blimiora
450 504 534 538 esse,
552 503 660 539 quam
681 496 720 525 ut
739 500 842 525 sensu
857 485 993 538 percipi
1013 494 1172 537 possent,
1188 484 1249 523 sed

267 566 335 589 non
357 565 501 603 prorsus
518 549 555 587 id
566 548 654 599 quid
669 556 756 586 esset
773 555 928 586 noverat.
944 547 1049 584 Nunc
1069 555 1161 584 certe
1178 560 1249 584 me-

267 615 336 652 lius
347 612 503 661 videbat,
514 626 626 663 neque
649 620 765 648 tamen
789 619 905 648 totum
919 608 1156 661 percipiebat:
1168 622 1251 646 nam

268 677 330 726 ait,
347 676 519 714 Damihi
533 676 634 712 hanc
649 686 806 726 aquam,
824 681 957 710 utnon
970 674 1113 719 sitiam,
1130 685 1252 723 neque
1276 677 1300 708 E
1324 667 1430 719 διψω,

269 740 429 775 veniam
441 738 515 774 Ιιιιο
534 737 650 773 Ιιιιιιι
637 749 704 772 tre.
723 735 803 774 Jam
824 732 929 771 illum
944 732 1076 772 Jacobo
1092 747 1134 785 pr
1137 733 1253 770 aefeie-

270 799 341 836 bat.
351 799 430 836 Non
442 798 509 834 hoc
524 796 618 834 fonte
632 810 722 847 opus
735 794 864 843 habeo,
881 793 910 832 si
923 808 942 831 a
958 802 991 831 te
1005 807 1135 844 aquam
1153 793 1251 830 illam

269 859 453 912 accipiam.
470 857 600 898 Viden'
622 855 800 924 quomodo
832 855 936 893 illum
964 855 1172 907 patriarchae
1192 868 1255 892 an-

270 921 438 973 teponat?
457 921 533 957 Hoc
559 919 661 972 probi
686 917 795 956 animi
816 916 989 955 indicium
1008 925 1070 954 est.
1092 915 1256 954 Ostendit

270 997 379 1034 quam
398 981 441 1019 de
455 981 586 1021 Jacobo
606 980 807 1047 opinionem
826 979 994 1016 haberet.
1012 977 1103 1017 vidit
1123 977 1256 1017 Jacobo

1295 216 1497 247 ARCfflEP.
1536 215 1883 246 CONSTANTINOP-

1319 299 1468 352 γόμενα,
1488 297 1690 336 ἐπίστευσεν
1708 297 1770 348 μὲν
1789 297 1842 335 ὅτι
1867 297 2008 337 δύναται
2022 298 2061 336 τὸ
2075 297 2167 350 ὕδωρ
2186 299 2339 350 ἀναιρεῖν

1320 364 1380 398 τοῦ
1404 360 1521 412 δίψους
1545 358 1608 406 τὴν
1622 358 1762 411 χρείαν·
1778 357 1874 396 οὔπω
1891 358 1927 397 δὲ
1959 358 1994 396 τί
2018 374 2103 397 ποτε
2129 357 2229 396 τοῦτό
2245 359 2338 396 ἐστιν

1320 422 1414 474 ᾔδει,
1432 423 1508 460 ἀλλ’
1530 421 1580 459 ἔτι
1603 419 1778 472 διηπόρει,
1801 420 1963 472 ἀνωτέρω
1988 419 2049 473 μὲν
2074 423 2141 458 τῶν
2166 421 2339 466 αἰσθητῶν

1321 477 1406 521 εἶναι
1420 481 1606 533 νομίζουσα
1615 511 1625 529 ,
1636 480 1675 519 τὸ
1687 480 1723 519 δὲ
1737 479 1842 533 σαφὲς
1856 482 1917 519 οὐκ
1928 479 2156 531 ἐπισταμένη.
2168 480 2340 518 Ἐνταῦθα

1322 543 1357 582 δὲ
1374 543 1616 596 ἀκριὸέστερον
1644 541 1705 594 μὲν
1726 541 1960 594 διαὸλέψασα,
1975 544 2013 582 οὐ
2042 541 2110 593 μὴν
2129 541 2169 579 τὸ
2187 547 2256 579 πᾶν
2275 556 2341 579 κα-

1321 607 1484 650 τιδοῦσα,
1499 604 1564 647 Δὸς
1583 603 1649 656 γάρ
1672 618 1754 654 μοι,
1773 601 1879 655 φησὶ,
1895 606 1995 641 τοῦτο
2026 602 2065 640 τὸ
2084 601 2198 653 ὕδωρ,
2218 600 2274 638 ἵνα
2292 600 2340 651 μὴ

1459 664 1546 716 μηδὲ
1582 664 1742 716 ἔρχωμαι
1762 662 1881 701 ἐνθάδε
1910 665 2057 702 ἀντλεῖν.
2076 663 2175 706 Τέως
2198 661 2343 714 προετί-

1327 742 1435 779 μησεν
1453 725 1553 764 αὐτὸν
1572 729 1632 763 τοῦ
1652 722 1794 764 ἰΙακόΘ
1812 726 1865 762 Οὐ
1890 722 2016 775 δέομαι
2030 740 2098 778 γαρ
2126 722 2253 769 ταύτης
2282 738 2344 769 της

1324 790 1456 840 πηγῆς,
1477 787 1535 826 ἐὰν
1570 786 1668 825 >wigen
1692 784 1788 837 παρὰ
1810 788 1870 823 σοῦ
1901 785 1941 824 τὸ
1972 784 2099 836 ύδωρ
2085 789 2207 822 εκεῖνο.
2236 783 2344 835 Ορας

1325 865 1398 892 πως
1418 848 1518 887 αὐτον
1538 846 1723 901 προτίθησι
1741 850 1802 884 τοῦ
1827 845 2075 899 πατριάρχου·
2065 875 2076 895 ,
2097 846 2212 882 Τοῦτο
2230 846 2346 896 ψυχῆς

1326 909 1550 963 εὖγνωμονος.
1575 907 1660 947 Ἔδε
1647 907 1730 952 ειξεν
1756 906 1883 954 ἡλίκην
1917 911 1990 959 εἶχε
2022 906 2104 958 περὶ
2131 909 2190 944 τοῦ
2214 903 2345 943 Ἰακωὸ

1326 971 1447 1015 δόξαν·
1471 965 1539 1008 εἶδε
1559 970 1616 1008 τὸν
1641 968 1820 1020 βελτίονα,
1839 985 1898 1006 και
1928 971 1965 1007 οὐ
1975 966 2179 1046 κατεσχέθη
2199 969 2242 1018 τῇ
2262 980 2347 1018 προ-

271 1042 469 1091 meliorem,
491 1056 603 1093 neque
621 1041 736 1093 prima
756 1040 819 1077 illa
838 1039 1003 1091 opinione
1025 1047 1157 1075 retenta
1176 1031 1565 1085 ἷιιίῑ.185λήψει.οὔτε
1595 1033 1651 1069 οὖν
1695 1030 1865 1077 εὔκολοςὴ
1900 1030 1999 1082 γυνή,
2032 1031 2093 1078 (οὐ
2123 1028 2190 1081 γὰρ
2230 1028 2349 1070 ἁπλῶς

270 1106 348 1142 Non
365 1117 447 1155 eigo
465 1103 569 1140 facile
590 1102 718 1139 mulier
743 1099 905 1148 credidit,
925 1113 1037 1149 neque
1061 1108 1188 1136 temere
1203 1097 1258 1134 di-
1281 1095 1306 1123 Α
1327 1092 1532 1136 κατεδέξατο
1547 1091 1591 1130 τὰ
1605 1090 1793 1143 λεγόμενα·
1809 1108 1884 1135 πως
1911 1091 1979 1143 γὰρ
1996 1094 2016 1137 ἡ
2041 1091 2130 1142 μετὰ
2156 1089 2348 1135 τοσαύτηςε

271 1174 325 1202 cta
343 1164 483 1216 recepit,
497 1177 574 1214 quae
591 1171 687 1200 tanta
701 1159 924 1198 accuratione
941 1158 1126 1208 quaesivit;
1147 1171 1258 1208 neque

270 1225 377 1263 etiam
402 1223 627 1273 immorigera
654 1220 711 1260 vel
738 1218 950 1257 contentiosa
972 1217 1051 1256 fuit.
1081 1217 1193 1268 quue
1214 1232 1260 1256 ex

270 1285 437 1338 petitione
467 1297 530 1321 sua
563 1279 831 1319 demonstravit.
857 1278 965 1330 Atqui
995 1277 1130 1318 Judaeis
1165 1277 1261 1315 dixit

273 1346 451 1385 Clu-istus:
466 1346 541 1395 Qui
553 1344 758 1381 comederit
775 1342 823 1379 de
838 1355 957 1379 carne
969 1354 1068 1387 mea,
1088 1353 1166 1378 non
1177 1353 1260 1378 esu-

272 1411 360 1451 riet;
374 1415 408 1444 et
438 1409 504 1458 qui
532 1406 653 1443 credit
672 1407 714 1441 in
734 1417 806 1449 me,
836 1416 915 1440 non
935 1404 1037 1440 sitiet
1059 1415 1261 1453 umquam,-

274 1466 419 1506 sednon
438 1465 544 1503 modo
560 1479 630 1503 non
650 1462 890 1511 crediderunt,
905 1461 967 1500 sed
984 1461 1090 1499 etiam
1115 1459 1262 1498 scanda-

273 1528 369 1565 lizati
390 1535 483 1565 sunt.
505 1526 590 1563 Haec
610 1525 739 1563 mulier
764 1532 885 1561 contra
911 1530 1089 1574 exspectat
1108 1530 1141 1559 et
1162 1520 1262 1573 petit.

275 1589 296 1628 J
301 1588 410 1625 udaeis
430 1588 492 1624 ille
512 1576 665 1632 dicebat,
684 1587 758 1636 Qui
777 1585 896 1622 credit
914 1586 956 1621 ἰη
975 1597 1035 1621 me
1051 1597 1129 1620 non
1144 1585 1264 1627 sitiet,-

278 1649 418 1686 mulieri
443 1662 527 1688 vero
557 1661 625 1685 non
644 1647 704 1695 ita,
721 1644 782 1683 sed
800 1644 944 1682 rudiore
966 1643 1083 1693 modo,
1109 1645 1182 1694 Qui
1210 1646 1265 1680 hi-

279 1713 375 1748 berit
395 1724 442 1748 ετ
461 1711 534 1747 hac
556 1721 672 1760 aqua,
689 1720 767 1744 non
782 1708 896 1744 sitiet.
914 1704 1105 1742 Promissio
1116 1718 1267 1755 namque

278 1780 351 1810 erat
363 1769 603 1823 spiritualium
618 1782 751 1816 rerum,
767 1780 835 1804 non
855 1766 1068 1805 visibilium.
1083 1764 1169 1803 Ideo
1186 1779 1265 1802 mu-

278 1833 375 1870 lieris
407 1831 567 1869 animum
603 1827 920 1881 pollicitationibus
955 1827 1092 1878 erigens
1104 1856 1114 1875 ,
1147 1825 1266 1863 adhue

280 1893 507 1932 sensibilibus
540 1892 760 1938 immoratur,
779 1887 874 1939 quod
911 1888 972 1925 illa
1006 1887 1165 1925 nondum
1186 1900 1267 1938 pos-

280 1963 329 1992 set
360 1952 559 2005 spiritualia
586 1959 749 1989 accurate
779 1947 1086 2001 comprehendere.
1115 1948 1207 1985 Nam
1237 1947 1267 1985 si

279 2015 442 2062 dixisset,
460 2013 497 2051 Si
524 2011 713 2050 credideris
735 2011 771 2048 in
802 2024 869 2059 me,
890 2024 959 2047 non
985 2009 1098 2058 sities;
1115 2009 1176 2046 illa
1198 2022 1268 2046 non

280 2075 521 2122 intellexisset,
544 2088 625 2111 eum
647 2087 715 2111 non
736 2080 851 2110 nosset
869 2071 948 2122 quis
968 2079 1055 2108 esset
1075 2070 1135 2107 ille
1155 2084 1190 2108 se
1209 2070 1267 2107 al-

281 2136 442 2187 loquens,
465 2149 527 2173 nec
541 2134 585 2172 de
604 2148 672 2184 qua
698 2132 755 2171 siti
777 2140 950 2182 ageretur.
968 2132 1041 2168 Cur
1060 2140 1179 2168 autem
1200 2144 1270 2168 non

283 2197 330 2234 ita
349 2195 483 2236 ,ludatis
499 2195 668 2245 loquutus
687 2193 762 2231 cst?
782 2192 878 2238 Quia
897 2191 950 2228 illi
967 2191 1081 2229 multa
1104 2191 1204 2242 signa
1216 2191 1271 2230 vi-

282 2256 419 2305 derant,
436 2255 497 2292 illa
528 2268 612 2293 vero
642 2253 801 2300 nullum;
820 2251 880 2289 sed
906 2251 1014 2290 verba
1033 2251 1187 2303 primum
1209 2266 1272 2288 au-

283 2317 408 2354 dierat.
427 2315 509 2353 Ideo
536 2329 598 2367 per
627 2313 852 2366 prophetiam
878 2311 1042 2364 deinceps
1069 2312 1144 2351 vim
1171 2326 1272 2350 suam

285 2377 452 2426 ostendit,
470 2389 534 2414 nec
555 2376 675 2413 statim
693 2374 811 2426 arguit
829 2374 929 2411 illam
937 2388 947 2422 ;
966 2372 1028 2411 scd
1051 2372 1140 2424 quid
1158 2372 1272 2411 dicit?

288 2441 351 2476 16.
391 2438 510 2484 Vade,
545 2450 648 2474 voca
676 2438 807 2473 virum
830 2443 958 2481 tuum,
988 2442 1025 2471 et
1056 2436 1151 2471 ‘veni
1181 2435 1268 2472 huc.

289 2502 351 2537 17.
368 2500 448 2537 Illa
468 2513 561 2537 vero
577 2499 686 2544 dicit,
705 2498 838 2535 Virum
858 2510 937 2533 non
959 2496 1095 2533 habeo.
1111 2496 1220 2532 Dicit
1239 2498 1274 2533 ei

288 2562 414 2606 Jews,
428 2561 684 2601 Beneclloeisti‚
699 2560 831 2595 Pirum
847 2572 924 2594 non
939 2558 1076 2594 habeo:
1089 2556 1149 2594 18.
1162 2559 1274 2608 quin-

291 2634 362 2671 que
378 2623 479 2657 enim
494 2622 599 2657 viros
617 2620 800 2664 habuisti,
824 2627 859 2656 et
876 2631 978 2655 nunc
995 2630 1108 2669 quem
1131 2617 1270 2663 habes,

293 2695 370 2718 non
389 2690 442 2718 est
476 2690 560 2718 tuus
581 2684 657 2717 vir.
686 2682 772 2718 Iloc
792 2693 883 2717 vere
910 2679 1055 2716 dixisti.
1084 2679 1146 2716 19.
1168 2679 1276 2716 Dicit

293 2745 328 2779 ei
349 2742 498 2787 mulier,
523 2742 703 2787 Domine,
719 2742 834 2778 video
851 2742 942 2792 quia
959 2741 1146 2791 propheta
1162 2754 1201 2777 es
1219 2747 1273 2776 tu.

297 2803 417 2853 I'apae,
439 2811 571 2852 quanta
591 2801 748 2838 mulieris
762 2799 1010 2853 philosophia!
1033 2815 1142 2851 quam
1174 2814 1275 2837 man-

297 2872 392 2900 suete
432 2862 736 2913 reprehensionem
780 2859 956 2899 admittit!
992 2860 1083 2909 Cur,
1122 2860 1278 2911 inquies,

297 2938 365 2962 non
390 2923 612 2961 admisisset?
633 2922 736 2959 Cur?
754 2936 867 2959 nonne
891 2935 981 2973 soepc
1003 2920 1145 2960 Judaeos
1164 2921 1280 2959 acrius

297 2984 506 3035 redarguit?
522 2985 600 3021 Non
620 2983 713 3021 enim
732 2983 827 3035 paris
846 2982 990 3021 virtutis
1012 2992 1063 3020 est
1082 2982 1211 3020 mentis
1228 2996 1280 3020 se-

298 3056 390 3084 creta
410 3045 445 3082 in
462 3044 621 3082 medium
642 3043 830 3092 adducere,
850 3051 883 3079 et
902 3056 975 3079 rem
993 3042 1083 3080 clam
1102 3052 1281 3095 peractam

300 3107 465 3147 revelare.
488 3104 585 3143 Illud
605 3104 698 3142 enim
728 3103 794 3141 Dei
823 3111 960 3139 tantum
989 3112 1054 3152 cst,
1076 3117 1157 3140 cum
1178 3117 1280 3141 nemo

299 3167 413 3217 novit,
431 3165 499 3204 nisi
519 3166 549 3203 is
568 3164 628 3216 qui
646 3164 684 3202 id
697 3164 733 3201 in
753 3171 866 3201 mente
884 3162 990 3200 habet
1001 3178 1011 3211 3
1031 3163 1181 3200 alterum
1197 3177 1280 3202 vero

300 3229 423 3266 saltem
438 3225 676 3264 familiaribus
696 3233 820 3262 notum
840 3232 904 3261 est.
931 3224 1090 3260 Attamen
1110 3223 1226 3262 Judaei
1246 3238 1281 3262 sc

346 3363 358 3375 ·’
376 3350 435 3383 Alii
450 3356 616 3396 προθυμίας
634 3355 807 3392 ἐκζητοῦσα.
827 3350 925 3393 [Ante
950 3348 1095 3383 Snvil.et
1119 3349 1227 3384 Codd.
1246 3349 1301 3382 cit.

305 3406 488 3442 τιεεῦἑξατο
506 3420 533 3438 τ.
552 3405 596 3445 λ]

1330 1152 1509 1205 ἀκριὸείας
1526 1152 1768 1199 ἕκζητήσασα;
1781 1156 1793 1202 )
1822 1153 1900 1190 οὔτε
1914 1152 2057 1199 ἀπειθὴς
2073 1167 2132 1190 και
2146 1150 2349 1204 φιλόνεικος.

1329 1213 1400 1252 Καὶ
1421 1217 1521 1251 τοῦτο
1541 1211 1666 1256 ἔδειξεν
1688 1213 1757 1252 ἀπὸ
1775 1216 1837 1259 τ’ἧς
1852 1213 2033 1260 αἰτήσεως.
2049 1213 2174 1252 Καίτοι
2189 1228 2248 1250 και
2266 1212 2351 1249 Ἰου-

1331 1273 1437 1317 δαίοις
1467 1267 1544 1312 ε’ἷπέ
1570 1289 1655 1313 ποτε
1668 1289 1675 1297 ·
1692 1273 1761 1316 ιῸς
1791 1272 1831 1311 ἂν
1851 1274 2006 1326 φάγῃςὲκ
2032 1276 2095 1320 τ’ῆς
2114 1272 2241 1325 σαρκός
2261 1286 2350 1323 μου,

1330 1339 1367 1375 οὐ
1390 1335 1438 1386 μὴ
1464 1335 1641 1374 πεινάσει·
1665 1335 1724 1373 καὶ
1743 1338 1760 1374 ὃ
1779 1335 1952 1374 πιστεύων
1979 1338 2026 1379 εἷς
2056 1334 2138 1386 ἐμὲ,
2159 1336 2197 1372 οὗ
2227 1332 2275 1384 μὴ
2304 1333 2354 1370 δι-

1330 1396 1438 1449 ψήσει
1458 1395 1612 1434 πώποτε.
1629 1395 1720 1434 Ἀλλ’
1747 1397 1784 1434 οὗ
1804 1395 1906 1446 μόνον
1930 1398 1990 1435 οὐκ
2019 1394 2241 1440 ἐπίστευσαν,
2263 1392 2355 1431 ἀλλὰ.

1334 1457 1393 1495 και
1410 1455 1744 1503 ἐσκανδαλίσθησαν.
1767 1456 1812 1494 ‘H
1831 1456 1917 1509 γυνὴ
1935 1456 1968 1495 δὲ
1989 1455 2083 1495 οὐδὲν
2098 1459 2249 1494 τοιοῦτον
2267 1453 2356 1492 ἔπα-

1333 1521 1404 1566 θεν,
1424 1517 1514 1556 ἀλλὰ
1533 1533 1592 1555 και
1611 1517 1806 1593 παραμένει
1824 1517 1883 1556 καὶ
1903 1519 2004 1557 αἰτεῖ.
2018 1516 2198 1559 Ἰουδαίοις
2218 1515 2280 1566 μὲν
2297 1518 2356 1552 οὖν

1334 1579 1462 1629 ἔλεγεν,
1483 1577 1528 1617 ‘O
1556 1578 1725 1617 πιστεύων
1748 1580 1794 1621 εἷς
1819 1578 1903 1630 ἐμὲ,
1923 1580 1960 1616 οὗ
1993 1579 2042 1630 μὴ
2066 1577 2229 1630 διψήσει·
2250 1593 2292 1626 τῃ
2320 1575 2356 1614 δὲ

1335 1640 1473 1692 γυναικὶ
1494 1641 1558 1692 οὐχ
1572 1638 1691 1685 οὕτως,
1712 1638 1802 1678 ἀλλὰ
1824 1638 2090 1691 παχύτερον,(Ο
2110 1637 2219 1675 πίνων
2240 1638 2283 1674 ἐκ
2298 1641 2358 1674 τοῦ

1336 1700 1460 1745 ὕδατος
1488 1700 1627 1747 τούτου,
1656 1702 1693 1738 οὐ
1728 1699 1776 1750 μὴ
1809 1699 1961 1752 διψήσει.
1990 1698 2206 1750 Ἐπαγγελία
2226 1697 2295 1750 γὰρ
2316 1692 2358 1745 ἦν

1336 1763 1582 1812 πνευματικῶν
1615 1760 1676 1798 καὶ
1706 1762 1795 1812 ὃοῦχ
1825 1759 2010 1812 ὁρωμένων
2040 1759 2272 1811 πραγμάτων.
2292 1758 2360 1797 Διὰ

1337 1825 1437 1862 τοῦτο
1458 1821 1590 1874 ἐπάρας
1622 1823 1726 1867 αὐτῆς
1744 1821 1802 1859 τὸν
1829 1824 1906 1858 νοῦν
1936 1826 2012 1863 ταῖς
2037 1820 2279 1872 ὑποσχέσεσιν,
2308 1819 2361 1857 ἔτι

1338 1888 1408 1926 τοῖς
1441 1885 1615 1929 αἰσθητοῖς
1646 1881 1854 1934 ἐνδιατρίέει
1884 1880 2037 1933 ῥήμασι,
2067 1881 2123 1920 διὰ
2148 1881 2188 1919 τὸ
2217 1880 2362 1932 μηδέπω

1339 1945 1503 1983 δύνασθαι
1521 1946 1684 1996 χωρῆσαι
1701 1945 1770 1980 τῶν
1800 1945 2046 1993 πνευματικῶν
2074 1941 2137 1989 τὴν
2169 1941 2361 1995 ἀκρίὸειαν.

1340 2007 1386 2044 Εἰ
1402 2005 1470 2059 γὰρ
1489 1999 1583 2043 εἶπεν
1615 2004 1689 2050 ὅτι,
1708 2003 1768 2042 ἐὰν
1790 2003 1978 2056 πιστεύσῃς
2000 2005 2048 2047 εἷς
2067 2002 2128 2054 ἐμὲ
2142 2031 2151 2049 ,
2171 2006 2209 2041 οὗ
2230 2002 2278 2053 μὴ
2311 2004 2362 2040 δι-

1340 2066 1482 2119 ψήσεις,
1501 2069 1562 2105 οὐκ
1590 2066 1629 2104 ἂν
1656 2065 1775 2114 ἐνόησε
1802 2065 1842 2104 τὸ
1872 2064 2064 2117 εἰρημένον,
2091 2067 2153 2103 οὐκ
2179 2066 2286 2103 εἰδυῖα
2312 2064 2364 2108 τίς

1342 2127 1427 2166 ποτέ
1446 2129 1541 2165 ἐστιν
1568 2130 1586 2165 ὃ
1616 2126 1878 2179 διαλεγόμενος,
1899 2125 1976 2164 οὐδὲ
2006 2126 2085 2178 περὶ
2119 2125 2219 2176 ποίου
2248 2125 2365 2178 δίψους

1342 2188 1470 2238 ἔλεγεν.
1485 2187 1588 2230 Τίνος
1608 2180 1665 2225 οῦν
1681 2186 1796 2224 ἕνεκεν
1816 2187 1894 2239 οὐχὶ
1915 2186 1975 2224 καὶ
1997 2186 2055 2225 ἐπὶ
2072 2186 2248 2225 Ἰουδαίων
2265 2190 2364 2225 τοῦτο

1343 2249 1523 2296 ἐποίησεν;
1551 2247 1638 2286 (Ότι
1659 2249 1785 2286 ἐκεῖνοι
1808 2248 1870 2298 μὲν
1890 2247 2003 2286 πολλὰ
2024 2254 2153 2298 σημεῖα
2175 2248 2365 2300 ἑωρακότες

1342 2304 1450 2357 ἦσαν·
1471 2308 1558 2356 αὕτη
1582 2308 1617 2346 δὲ
1639 2314 1781 2359 σημεῖον
1813 2307 1873 2358 μὲν
1903 2302 1989 2346 εἶδεν
2009 2307 2120 2357 οὐδὲν,
2138 2311 2205 2346 τῶν
2238 2308 2273 2347 δὲ
2301 2311 2366 2359 ῥη-

1345 2369 1462 2421 μάτων
1478 2369 1605 2416 ἤκουσε
1627 2371 1776 2423 πρῶτον.
1794 2367 1862 2406 Διὰ
1890 2372 1990 2407 τοῦτο
2016 2369 2136 2407 λοιπὸν
2157 2369 2214 2408 διὰ
2226 2385 2365 2422 προφη-

1343 2431 1436 2475 τείας
1453 2430 1692 2469 ἀποκαλύπτει
1721 2429 1784 2476 τὴν
1807 2428 1950 2480 δύναμιν
1976 2428 2042 2476 τὴν
2061 2432 2183 2468 ἑαυτοῦ
2198 2459 2207 2478 ,
2225 2430 2284 2468 καὶ
2304 2433 2365 2468 οὐκ

1345 2493 1500 2536 εὖθέως’
1486 2492 1608 2544 επάγει
1629 2492 1686 2530 τὸν
1706 2490 1869 2543 ἔλεγχον·
1892 2490 1982 2527 ἀλλὰ
2007 2489 2042 2527 τί
2061 2506 2182 2542 φησιν;
2201 2489 2362 2542 “’,Υπαγε

1345 2553 1505 2607 φώνησόν
1520 2569 1579 2591 σου
1602 2569 1660 2591 τον
1688 2551 1816 2605 ἄνδρα,
1834 2567 1892 2590 και
1921 2550 1996 2589 ελθὲ
2022 2544 2099 2589 ὧδε.
2117 2550 2163 2589 Ἤ
2187 2550 2223 2589 δέ
2241 2567 2364 2604 φησιν·

1346 2616 1408 2654 οὐκ
1436 2615 1506 2666 ἔχω
1535 2614 1653 2666 ἄνδρα.
1686 2613 1791 2664 Λέγει
1813 2614 1899 2663 αὐτῇ
1919 2614 1936 2649 ὃ
1957 2612 2111 2658 Ιησοῦς·
2140 2614 2255 2656 καλως
2274 2616 2366 2655 εἶπες

1346 2677 1399 2716 οτι
1416 2676 1523 2729 ἄνδρα
1540 2676 1602 2713 οὐκ
1628 2673 1716 2726 ἔχω·
1738 2673 1840 2712 πέντε
1858 2672 1925 2748 γὰρ
1945 2672 2108 2724 ἅνδρας”
2090 2689 2209 2724 εσχες,
2231 2673 2290 2711 καὶ
2309 2677 2369 2710 νῦν

1348 2739 1384 2778 ὃν
1415 2737 1506 2790 ἔχεις
1531 2752 1593 2775 ουκ
1612 2735 1685 2774 ἔστι
1717 2750 1776 2773 σου
1810 2734 1909 2785 ἀνήρ.
1925 2736 2038 2772 Τοῦτο
2069 2733 2174 2780 ἀληθὲ
2179 2749 2370 2808 ςειρηκας.

1349 2799 1452 2852 Λέγει
1485 2799 1579 2849 αὖτῳ
1611 2799 1631 2842 ἠ
1651 2795 1758 2848 γυνὴ,
1778 2795 1902 2847 Κύριε,
1922 2798 2040 2847 θεωρῶ
2067 2794 2119 2832 ὁτι
2140 2794 2320 2846 προφήτης
2339 2799 2368 2832 εἰ

1350 2861 1402 2899 σύ.
1440 2858 1572 2904 Bagou,
1608 2856 1700 2903 πόση
1734 2873 1796 2902 της
1829 2855 1989 2907 γυναικὸς
2016 2859 2039 2902 ἡ
2065 2854 2271 2907 φιλοσοφία·
2293 2859 2369 2899 πῶς

1349 2920 1470 2975 πράως
1500 2919 1556 2957 τὸν
1594 2917 1735 2968 ἔλεγχον
1766 2916 1917 2968 δέχεται.
1937 2918 2021 2959 Πῶς
2045 2915 2112 2967 γὰρ
2135 2918 2195 2953 οὐκ
2222 2915 2367 2966 ἔμελλε,

1350 2981 1453 3034 φησί;
1465 2979 1580 3026 Διατί,
1597 2978 1671 3016 εἶπέ
1687 2993 1761 3029 μοι·
1780 2978 1856 3029 οὐχὶ
1871 2976 1929 3014 καὶ
1941 2975 2126 3020 Ἰουδαίους
2144 2975 2266 3027 ἤλεγξε
2288 2978 2370 3015 πολ-

1349 3042 1466 3089 λάκις,
1486 3039 1545 3079 καὶ
1568 3038 1687 3077 τούτου
1717 3037 1876 3088 μείζονα,
1895 3038 1948 3075 Οὐ
1967 3037 2035 3090 γάρ
2065 3040 2157 3076 ἐστιν
2178 3037 2250 3075 ἴσον
2270 3037 2314 3076 τὰ
2334 3039 2369 3076 ἓν

1352 3101 1485 3155 διανοίᾳ
1504 3099 1686 3152 ἀπόρρητα
1705 3100 1751 3141 εἷς
1770 3097 1873 3148 μέσον
1894 3100 2048 3149 ἀγαγεῖν,
2072 3098 2131 3136 καὶ
2149 3105 2297 3151 πρᾶγμα
2317 3114 2371 3147 γι-

1349 3162 1488 3213 νόμενον
1504 3160 1616 3213 λάθρα
1630 3158 1824 3205 κατάδηλον
1838 3164 1961 3197 ποιεῖν.
1974 3159 2026 3197 Τὸ
2044 3158 2104 3210 μὲν
2121 3158 2189 3211 γὰρ
2204 3160 2295 3196 Θεοῦ
2311 3157 2371 3208 μό-

1350 3239 1405 3261 νον
1434 3221 1507 3260 ἐστὶ
1521 3251 1531 3270 ,
1555 3220 1614 3258 καὶ
1642 3219 1750 3262 οὐδεὶς
1766 3218 1880 3270 ἕτερος
1901 3213 2013 3257 ιὀἶδεν
2026 3222 2055 3257 εἰ
2073 3219 2155 3270 μὴὸ
2184 3221 2217 3257 ἐν
2238 3218 2372 3272 διανοίᾳ

1417 3357 1430 3372 ³
1449 3346 1510 3379 Alii
1528 3350 1581 3390 οὐχ
1597 3348 1765 3391 ὡρισμένων
1783 3360 1834 3389 πρ.

1417 3401 1433 3425 l‘
1452 3399 1509 3432 ΞΜ
1519 3398 1551 3432 11.
1575 3401 1657 3439 οἶδεν,
1677 3402 1694 3435 ἦ
1712 3400 1767 3431 ὸέν
1781 3400 1901 3438 διανοίᾳ.
