2522 3683
139 1243 221 1272 Jbid.
239 1241 289 1272 26.

136 1284 188 1315 35.

148 1880 267 1908 maa.
282 1886 332 1916 72·

153 2030 230 2057 Ibid.
244 2040 273 2058 v.
285 2038 299 2067 7
308 2028 331 2057 3.

153 2073 203 2110 τι.

330 214 420 262 790

325 291 522 332 sermonis?
536 288 695 328 imminet
714 287 846 339 quippe
864 286 940 338 jam
959 297 1115 337 vespera.
1140 283 1309 333 Compre-

325 348 434 385 henso
459 356 610 393 namque
639 341 806 390 Domino,
820 349 926 390 atque
950 337 986 375 in
1020 337 1152 375 atrium
1178 334 1311 387 princi-

325 400 381 452 pis
396 396 619 436 sacerdotum
633 393 797 442 deducto,
811 392 1046 441 omnibusque
1060 387 1229 441 dispersis
1258 386 1312 423 di-

326 451 484 504 scipulis,
497 449 593 487 solus
613 448 737 485 Petrus
753 445 961 496 sequebatur
980 444 1014 480 in
1034 443 1164 480 atrium
1181 438 1313 492 prinei-

327 505 383 557 pis
399 502 634 549 sacerdotum,
655 509 695 537 ut
715 513 753 536 ea
768 498 937 536 nimirum
959 503 1218 546 exsequuturus
1235 505 1313 543 quae

327 557 468 595 decreta
488 562 598 593 erant.
620 554 711 591 Cum
736 561 854 589 autem
880 549 1042 588 Christus
1068 547 1214 585 interius
1236 545 1315 584 vin-

329 619 406 648 ctus
436 615 622 655 teneretur,
641 607 764 643 Petrus
796 604 832 641 in
858 601 1026 640 exteriori
1049 600 1140 638 atrio
1165 599 1315 636 fidenter
1351 619 1355 628 ·

330 661 474 700 sedebat
492 660 673 705 immotus,
693 657 806 707 utqui
822 656 898 708 jam
917 668 1042 706 nempe
1053 652 1242 692 victoriam
1260 664 1315 688 rc-

330 715 479 753 tulisset.
500 711 597 758 Quid
615 710 748 761 igitur?
766 710 857 748 Cum
875 706 1084 759 aliquandiu
1102 703 1317 744 consedisset

331 767 407 817 ille,
428 779 538 816 neque
561 764 722 815 gladium
742 762 876 801 videret
892 760 1030 808 exacui,
1047 772 1158 809 neque
1180 770 1315 809 propo-

333 821 417 857 sitas
440 828 545 862 cotes,
566 831 634 854 non
662 814 956 868 proscriptionem
975 812 1231 858 denuntiatam,
1248 822 1318 847 non

333 872 502 910 exsilium
531 871 727 920 irrogatum
741 884 753 918 3
785 867 848 905 sed
877 867 1007 917 exigua
1043 863 1172 902 ancilla
1204 860 1319 914 pretio

334 934 439 971 emta,
460 923 555 971 vilis,
574 921 742 960 accedens
762 921 865 958 Petro
893 918 1008 969 inquit
1024 933 1031 954 :
1047 915 1146 963 Quid
1159 915 1217 952 hic
1231 913 1320 964 agis,

335 991 356 1015 o
368 976 502 1015 homo?
524 975 585 1012 ubi
605 984 656 1012 est
677 974 794 1012 virtus
808 971 972 1023 Magistri
991 970 1067 1007 tui?
1083 983 1161 1007 ecce
1179 966 1321 1005 conclu-

1284 199 1438 229 Spuma
1448 218 1457 228 .

1381 279 1444 327 τὴν
1470 278 1579 325 αὐλὴν
1607 281 1666 317 τοῦ
1686 277 1875 331 ἀρχιερέως
1904 279 2089 331 ἀχθέντος,
2103 279 2162 317 καὶ
2181 278 2319 316 πάντων
2335 280 2404 315 τῶν

1384 335 1549 383 μαθητῶν
1571 331 1862 383 σκορπισθέντων,
1891 335 1909 370 6
1936 331 2069 384 Πέτρος
2102 331 2202 383 μόνος
2224 330 2406 377 ἠκολούθει

1384 387 1430 428 εἷς
1452 386 1514 431 τὴν
1533 383 1638 431 αὐλὴν
1659 387 1718 421 τοῦ
1735 384 1944 436 ἀρχιερέως,
1963 386 1981 404 *
1993 388 2040 428 ὡς
2057 386 2124 422 δεῖν
2143 384 2280 434 μέλλειν
2297 390 2405 422 ποιεῖν

1383 436 1428 474 τὰ
1460 437 1685 489 συναχθέντα.
1714 438 1786 475 Τοῦ
1825 437 1861 474 δὲ
1898 438 2026 490 Κυρίου
2057 437 2231 489 ἐνδότερον
2264 438 2410 489 ἀσφαλι-

1386 490 1543 537 σθέντος,
1563 493 1581 527 6
1602 489 1734 543 Πέτρος
1756 491 1790 528 ἐν
1809 492 1852 540 τῇ
1875 492 1963 541 αὐλῇ
1990 495 2032 542 τῇ
2054 490 2204 543 ἐξωτέρᾳ
2228 489 2408 534 ἐκαθέζετο

1386 543 1592 597 θαρσαλέος,
1611 543 1778 593 ἀκαμπὴς
1792 573 1801 590 ,
1829 545 1874 585 ὡς
1889 542 1930 590 δὴ
1950 544 1989 582 τὸ
2009 550 2101 586 νῖκος
2120 543 2407 594 ἀπενεγκάμενος.

1386 597 1432 634 Τί
1461 600 1536 643 οὐν,
1567 595 1650 632 Ἐπὶ
1676 595 1764 633 πολὺ
1795 596 2023 646 καθεζομένου
2049 598 2170 642 αὐτοῦ,
2200 595 2288 646 μήτε
2318 595 2411 639 ξίφος

1388 648 1600 699 θεασαμένου
1615 647 1835 698 ὀξυνόμενον,
1861 648 1951 699 μήτε
1971 652 2198 700 στομωτῆρας
2224 635 2412 700 προκειμέ-

1387 717 1478 747 νους,
1516 700 1564 752 μὴ
1605 701 1772 751 δήμευσιν
1806 700 2127 753 ἐπαγγελλομένην,
2161 700 2251 750 μήτε
2276 700 2409 752 ἐξορίαν

1388 752 1685 806 ἐπιγραφομένην·
1717 753 1826 805 μικρὰ
1857 755 1892 792 δὲ
1927 755 2098 800 παιδίσκη
2111 784 2120 801 ,
2152 753 2409 805 ἀργυρώνητος,

1389 807 1530 854 εὐτελὴς
1546 836 1555 853 ,
1573 808 1812 857 προσελθοῦσα
1833 810 1883 858 τῷ
1902 806 2029 861 Πέτρῳ
2049 807 2161 859 λέγει·
2179 805 2214 843 τί
2232 811 2342 849 ποιεῖς
2360 808 2412 844 ἐν-

1389 863 1517 906 ταῦθα,
1540 860 1719 910 ἅνθρωπε;
1735 865 1801 898 ποῦ
1814 863 1835 906 ἡ
1853 859 1998 908 δύναμις
2015 863 2076 898 τοῦ
2097 857 2307 897 διδασκάλου
2330 873 2412 905 σου,

1392 911 1441 949 ἴδε
1463 912 1727 964 συγκέκλεισται
1754 913 1847 951 ἔνδον
1861 929 1869 936 ·
1899 912 1948 950 ἴδε
1970 912 2089 963 μέλλει
2108 913 2248 964 σταυρῶ
2267 910 2414 964 παραδί-

1393 964 1572 1003 δοσθαιῘο
1591 964 1725 1017 Πέτρος
1741 965 1944 1009 ἀποπτύσας
1963 968 2024 1012 τῆς
2043 965 2183 1016 μνήμης
2201 949 2265 1010 τήν
2280 966 2414 1016 παῤῥη-

335 1044 396 1068 sus
407 1039 457 1067 cst
473 1029 568 1066 intus
585 1043 593 1063 :
611 1041 689 1065 ecce
704 1025 819 1064 erucis
833 1023 1009 1076 supplicio
1026 1036 1112 1059 mox
1123 1020 1318 1058 addicetur.
1333 1034 1381 1060 139
1395 1017 1487 1060 σίαν,
1514 1016 1723 1068 ἀπεκρίνατο
1744 1017 1868 1068 λέγων,
1892 1018 1926 1056 τί
1946 1034 1989 1068 με
2003 1016 2263 1070 περιὸοαὸίζεις
2274 1045 2284 1062 ,
2305 1016 2415 1069 κορά-

337 1083 434 1119 Tum
452 1083 575 1118 Petrus
591 1093 673 1117 cum
692 1091 830 1116 omnem
852 1075 1103 1115 confidentiam
1122 1088 1162 1110 ac
1180 1069 1322 1110 dicendi
1346 1071 1369 1100 A
1394 1084 1484 1114 σιον;
1503 1071 1565 1107 οὐκ
1586 1068 1662 1111 οἶδα
1677 1070 1734 1107 τὸν
1751 1071 1943 1121 ἄνθρωπον.
1969 1070 2018 1108 Ὢ
2034 1073 2102 1108 τῶν
2130 1056 2366 1121 πραγμάτων·
2398 1073 2416 1107 6

336 1135 536 1172 libertatem
561 1145 607 1169 ex
626 1131 797 1168 memoria
824 1128 990 1180 ejecisset,
1009 1125 1220 1178 respondens
1245 1123 1294 1160 ait
1311 1137 1319 1158 :

344 1187 442 1234 Quid
461 1184 551 1222 mihi
562 1183 749 1234 obstrepis,
771 1182 914 1234 puella?
927 1194 996 1218 non
1022 1179 1107 1217 novi
1126 1177 1319 1215 hominem.

340 1242 372 1278 O
395 1253 469 1276 rem
497 1234 717 1274 mirabilem!
735 1234 809 1282 Qui
833 1233 988 1281 dicebat,
1011 1233 1181 1270 Etiamsi
1208 1242 1319 1280 opor-

341 1294 453 1330 tuerit
471 1304 529 1328 me
549 1291 645 1325 mori
657 1297 793 1333 tecum,
808 1287 886 1338 jam
903 1294 1020 1336 negat.
1046 1286 1239 1333 Postquam
1257 1280 1322 1331 igi-

338 1354 398 1383 tur
411 1343 540 1382 accidit
553 1342 628 1378 haec
640 1341 758 1393 prima
773 1339 927 1390 negatio,
941 1337 1169 1390 perturbatus
1184 1337 1322 1382 Petrus,

340 1398 385 1435 ab
403 1397 493 1435 atrio
513 1404 692 1444 tamquam
711 1393 756 1430 ab
777 1393 858 1443 igne
877 1391 1030 1443 prosiliit
1045 1398 1144 1427 extra
1163 1386 1323 1426 vestibu-

340 1451 416 1488 lum
441 1462 600 1486 currens,
623 1445 720 1492 Quid
736 1444 890 1483 deinde?
910 1446 1047 1482 Rursus
1066 1442 1177 1480 altera
1195 1439 1323 1478 aneilla

341 1502 495 1541 occurrit
507 1500 573 1538 illi.
590 1500 621 1537 O
637 1513 692 1537 res
705 1496 900 1536 mirabiles!
913 1498 1096 1547 Nusquam
1112 1494 1226 1542 miles,
1239 1506 1323 1529 nus-

342 1569 452 1606 quam
479 1553 632 1605 gladius,
659 1551 720 1590 sed
746 1551 829 1589 vilis
860 1549 979 1601 puella
1011 1551 1113 1586 Petro
1150 1545 1320 1585 occurrit.

342 1609 453 1646 Illum
478 1620 643 1657 aggressa
665 1614 716 1642 est
738 1604 788 1641 sic
807 1603 927 1641 dicens
952 1617 959 1638 ε
981 1600 1080 1647 Quid
1098 1597 1325 1649 tumultuaris

345 1676 365 1699 o
390 1660 521 1698 homo?
540 1673 610 1708 quo
636 1656 828 1709 properas?
862 1655 950 1705 quid
981 1653 1129 1692 aestuas?
1149 1665 1264 1690 nonne
1292 1659 1326 1687 et

346 1727 484 1764 semper
511 1726 593 1749 cum
612 1710 762 1748 Galilieo
786 1708 1006 1746 incedentem
1027 1705 1220 1744 videbam?
1239 1718 1327 1755 quo-

346 1766 452 1803 modo
472 1765 582 1816 igitur
601 1777 760 1814 egressus
779 1761 956 1799 vestibulo
974 1760 1112 1797 curris?
1125 1761 1249 1796 Petrus
1265 1771 1326 1793 au-

347 1828 418 1856 tem
439 1832 506 1855 non
523 1818 599 1869 jam
618 1815 827 1867 simpliciter
846 1813 1037 1865 respondit,
1052 1811 1112 1849 sed
1127 1811 1326 1862 cumjura-

349 1881 466 1909 mento
485 1869 613 1920 inquit,
636 1871 726 1906 Non
739 1871 827 1905 novi
843 1869 944 1904 hanc
962 1867 1169 1903 hominem.
1192 1861 1329 1902 Vidisti

350 1924 417 1962 Dei
444 1922 731 1975 przrdictionem,
761 1929 795 1958 et
821 1918 977 1956 hominis
1003 1917 1169 1969 lapsum?
1193 1913 1330 1953 Deinde
1365 1924 1368 1926 ’

351 1976 501 2015 secunda
523 1974 704 2026 negatione
723 1973 907 2024 completa,
926 1970 1028 2009 tertia
1054 1970 1200 2007 demum
1220 1981 1330 2019 nega-

352 2031 401 2068 tio
418 2028 572 2067 advenit.
584 2030 681 2065 Post
694 2026 880 2078 pusillum
893 2038 980 2062 cum
996 2025 1253 2069 accessissent,
1266 2022 1332 2073 qui

353 2082 672 2128 astabant,Petro
684 2080 863 2116 dicebant
878 2093 888 2113 .·
903 2079 998 2114 Vere
1010 2084 1044 2113 et
1058 2084 1098 2113 ta
1110 2089 1157 2112 ex
1169 2075 1249 2112 illis
1264 2087 1303 2111 es
1318 2088 1329 2109 :

354 2149 444 2172 nam
471 2143 507 2171 et
528 2133 683 2185 loquela
708 2141 776 2169 tua
803 2131 1054 2182 manifestum
1074 2129 1234 2181 tesacit.
1252 2128 1332 2164 Pe—

354 2197 434 2225 trus
463 2195 592 2224 autem
617 2187 725 2237 coepit
753 2185 1091 2221 anathematizare
1118 2189 1155 2218 et
1171 2183 1330 2233 jurare,

354 2243 447 2292 qula
470 2254 547 2276 non
574 2241 662 2276 novi
688 2239 892 2275 hominem.
913 2235 987 2273 Ubi
1013 2233 1207 2286 providum
1239 2231 1335 2270 Petri

354 2292 593 2345 promissum?
616 2290 676 2342 qui
703 2299 804 2327 antea
834 2288 975 2333 dixisti,
1001 2289 1057 2324 Ta
1086 2300 1124 2324 es
1161 2287 1336 2323 Christus

355 2347 483 2383 Filius
503 2346 579 2382 Dei
597 2346 694 2390 vivi,
716 2342 774 2379 hie
792 2341 897 2390 dicis,
918 2342 1009 2379 lVon
1029 2341 1118 2378 ηονί
1143 2340 1336 2376 hominem

355 2402 499 2436 istum?
525 2398 687 2435 Fortasse
716 2398 843 2433 Petrus
869 2392 1096 2446 imprudens,
1126 2391 1214 2429 dum
1248 2391 1339 2428 hanc

356 2465 480 2489 vocem
501 2449 661 2502 protulit,
680 2447 880 2499 evigilavit,
902 2461 966 2484 nec
991 2444 1145 2483 absurde
1171 2445 1339 2494 loquutus

358 2514 407 2541 est
431 2520 437 2539 :
459 2517 527 2540 non
542 2502 648 2547 dixit,
663 2503 740 2539 Non
762 2500 845 2538 novi
867 2501 983 2538 Deum
1002 2498 1178 2545 Verbum,
1200 2496 1262 2534 sed
1279 2495 1337 2533 di-

358 2557 425 2604 xit,
446 2558 536 2593 Non
556 2557 644 2592 novi
672 2556 865 2592 hominem
898 2556 1027 2590 istum.
1055 2549 1215 2589 Offendit
1241 2549 1277 2586 in
1299 2563 1340 2587 eo

359 2608 453 2659 quod
475 2608 692 2656 cernebatur,
711 2620 780 2644 non
810 2606 846 2643 in
873 2619 912 2642 eo
932 2604 1032 2656 quod
1059 2602 1336 2654 intelligebatur.

361 2663 585 2712 Quapropter
601 2669 633 2697 et
651 2658 849 2711 praevidens
870 2658 1044 2696 Dominus
1067 2656 1221 2702 dicebat,
1246 2656 1339 2705 Qui-

362 2727 523 2764 cumque
534 2714 673 2749 dixerit
691 2713 970 2762 blasphemiam
990 2713 1032 2747 in
1048 2712 1085 2747 F
1085 2710 1196 2747 ilium
1215 2709 1342 2745 homi-

364 2769 437 2811 nis,
460 2767 732 2802 remitteturei.
749 2763 849 2810 Quid
869 2777 951 2814 crgo
971 2762 1124 2801 Petrus?
1143 2763 1233 2799 Non
1254 2762 1343 2798 1ιονί

1392 1120 1524 1172 λέγων,
1541 1121 1604 1161 κᾶν
1625 1121 1745 1177 δέῃωμε
1764 1122 1825 1160 σὺν
1845 1123 1898 1161 σοὶ
1923 1126 2125 1167 ἀποθανεῖν,
2147 1123 2227 1174 ἄρτι
2255 1124 2417 1187 ἀπαρνεῖ-

1393 1189 1463 1211 ται.
1489 1174 1632 1222 Ταύτης
1660 1179 1717 1212 οὖν
1748 1178 1810 1221 τῆς
1842 1175 2018 1227 ἀρνήσεως
2039 1174 2182 1228 πρώτης
2210 1189 2417 1224 γενομενης,

1395 1226 1594 1277 θορυὸηθεὶς
1609 1233 1626 1267 ὁ
1647 1229 1799 1278 Πέτρος,
1817 1229 1864 1270 ὡς
1883 1227 1952 1266 ἀπὸ
1969 1228 2074 1279 πυρὸς
2092 1230 2154 1273 τῆς
2171 1227 2277 1272 αὐλῆς
2293 1226 2419 1272 ἐξεπή-

1396 1279 1510 1326 δησεν,
1531 1279 1595 1324 ἔξω
1614 1284 1672 1320 τοῦ
1693 1281 1849 1324 πυλῶνος
1862 1281 2009 1332 τρέχων.
2032 1281 2102 1318 Καὶ
2117 1280 2170 1328 τί;
2186 1279 2300 1317 Πάλιν
2319 1278 2420 1331 ἑτέρα

1395 1331 1564 1379 παιδίσκη
1595 1333 1806 1381 συνήντησεν
1824 1335 1930 1385 αὐτῷ.
1950 1331 1998 1371 Ὢ
2018 1336 2086 1371 τῶν
2106 1331 2343 1384 πραγμάτων,
2364 1333 2418 1370 οὐ·

1397 1384 1508 1434 δαμοῦ
1530 1387 1765 1438 στρατιώτης,
1793 1387 1944 1436 οὐδαμοῦ
1972 1385 2087 1438 ξίφος,
2108 1387 2184 1423 ἀλλ’
2205 1384 2340 1428 εὐτελὲς
2355 1400 2420 1423 κο-

1397 1437 1514 1488 ράσιον
1534 1440 1724 1487 συνήντησε
1756 1441 1806 1491 τῷ
1838 1438 1986 1491 Πέτρῳ·
2017 1438 2184 1477 ἀντέὸαλε
2209 1438 2294 1489 πρὸς
2318 1437 2420 1476 αὐτὸν

1394 1489 1561 1540 λέγουσα·
1584 1492 1618 1530 τί
1638 1494 1766 1544 θορυοῇ
1779 1520 1788 1537 ,
1807 1491 1966 1544 ἄνθρωπε
1981 1506 1990 1536 ;
2007 1496 2073 1530 ποῦ
2090 1491 2266 1537 σπεύδεις;
2281 1490 2316 1528 τί
2330 1493 2422 1542 ἀγω-

1395 1549 1485 1594 νιᾷς;
1502 1544 1579 1597 οὐχὶ
1598 1545 1747 1583 πάντοτέ
1768 1559 1822 1598 σεΝ
1842 1543 2009 1597 ἐθεώρουν
2038 1543 2127 1594 μετὰ
2153 1547 2212 1581 τοῦ
2235 1543 2422 1581 Γαλιλαίου

1395 1602 1671 1659 περιπατοῦντα,
1689 1601 1764 1639 πῶς
1783 1599 1841 1634 οὖν
1860 1595 2004 1640 ἐξελθὼν
2025 1601 2085 1635 τοῦ
2099 1597 2256 1639 πυλῶνος
2269 1595 2421 1648 τρέγεις;

1409 1650 1441 1686 Ο
1461 1648 1496 1685 δὲ
1524 1650 1657 1702 Πέτρος
1689 1651 1806 1705 λιτῶςΝ
1821 1651 1882 1686 οὐκ
1914 1648 1965 1687 ἔτι
1988 1649 2217 1701 ἀπεκρίνατο,
2245 1649 2321 1686 ἀλλ’
2343 1642 2418 1697 μεθ’

1396 1699 1498 1753 ὅρκου
1518 1702 1631 1754 λέγει·
1666 1704 1744 1742 Οὐκ
1774 1703 1849 1740 οἰδα
1879 1701 1942 1748 τὴν
1965 1702 2146 1754 ἄνθρωπον
2168 1705 2300 1739 τοῦτον.
2319 1696 2421 1745 Εἶδες

1398 1755 1490 1791 Θεοῦ
1517 1755 1725 1808 πρόρρησιν,
1760 1754 1819 1792 καὶ
1845 1753 2025 1806 ἀνθρώπου
2051 1755 2208 1798 ὄλισθον,
2243 1746 2332 1791 Εἶτα
2360 1757 2423 1800 τῆς

1398 1805 1558 1861 δευτέρας
1575 1809 1751 1860 ἀρνήσεως
1768 1807 2012 1858 πληρωθείσης
2028 1811 2049 1854 ἡ
2070 1805 2170 1858 τρίτη
2188 1805 2345 1856 ἀρνησις,
2362 1823 2423 1845 πε-

1403 1859 1510 1914 ριέχει
1529 1860 1647 1904 οὕτως.
1664 1860 1765 1899 Μετὰ
1789 1859 1911 1912 μικρὸν
1931 1860 2178 1912 προσελθόντες
2195 1861 2225 1896 οἱ
2249 1862 2427 1911 παρεστῶ-

1400 1926 1455 1954 τες
1472 1916 1565 1951 εἰπον
1598 1916 1648 1965 τῷ
1674 1914 1817 1966 Πέτρῳ·
1852 1913 1988 1959 ἀληθῶς
2020 1912 2080 1950 καὶ
2106 1912 2146 1950 σὺ
2178 1910 2210 1955 ἐξ
2243 1913 2353 1949 αὐτῶν
2376 1906 2425 1950 εἷ·

1401 1965 1460 2002 καὶ
1476 1965 1542 2032 γὰρ
1563 1967 1622 2004 καὶ
1638 1969 1660 2012 ἢ
1678 1966 1785 2004 λαλιά
1818 1980 1877 2002 σου
1899 1964 2001 2011 δῆλόν
2022 1981 2060 2003 σε
2079 1970 2183 2003 ποιεῖ.
2216 1963 2261 2001 ‘O
2291 1964 2326 2002 δὲ
2355 1964 2427 2003 Πέ-

1402 2033 1481 2076 τρος
1509 2018 1637 2070 ηρξατο
1665 2017 1996 2066 καταναθεματίζειν
2025 2017 2085 2056 καὶ
2105 2016 2265 2068 ὀμνύειν,
2295 2015 2348 2055 ὅτι
2366 2019 2428 2055 οὐκ

1404 2071 1480 2112 οῖδα
1509 2073 1566 2110 τὸν
1596 2072 1787 2124 ἄνθρωπον.
1818 2072 1894 2108 Ποῦ
1918 2074 1940 2116 ἦ
1971 2070 2243 2123 ῧ’παροίσκεπτος
2264 2074 2324 2107 τοῦ
2357 2070 2428 2108 Πέ-

1405 2140 1486 2179 τρου
1519 2124 1728 2176 ἐπαγγελία;
1755 2127 1772 2161 6
1806 2122 1972 2176 πρότερον
1996 2122 2160 2175 εἰρηκὼς,
2189 2121 2240 2160 Σὺ
2261 2116 2291 2160 εἷ
2310 2126 2327 2160 6
2343 2125 2429 2174 Χρι-

1408 2178 1486 2234 σξὸς
1510 2180 1528 2215 6
1545 2178 1626 2220 Υἱὸς
1658 2181 1717 2215 τοῦ
1747 2178 1838 2215 Θεοῦ
1865 2181 1925 2214 τοῦ
1947 2178 2087 2223 ζῶντος,
2107 2171 2174 2214 ὧδε
2191 2175 2320 2225 λέγεις·
2352 2177 2430 2214 Οὐκ

1407 2233 1483 2270 οἶδα
1504 2230 1562 2268 τὸν
1591 2230 1770 2281 ἄνθρωπον
1798 2233 1942 2275 τοῦτον,
1982 2231 2014 2266 T
2018 2229 2088 2280 άχα
2122 2232 2139 2267 6
2171 2228 2305 2276 Πέτρος
2336 2228 2431 2266 ἄκων

1407 2283 1487 2339 περὶ
1514 2282 1575 2329 τὴν
1608 2282 1700 2326 λέξιν
1721 2281 1849 2328 ταύτην
1871 2281 2102 2335 ἐγρηᾛᾷρησεν
2116 2297 2123 2304 ·
2149 2283 2210 2318 οὐκ
2232 2277 2337 2327 εἶπεν,
2369 2283 2430 2319 οὔκ

1408 2338 1483 2374 οἶδα
1501 2334 1556 2372 τὸν
1577 2335 1667 2373 Θεὸν
1698 2334 1809 2384 Λόγον
1827 2349 1834 2357 ·
1862 2334 1937 2371 ἀλλ’
1957 2337 2064 2380 εἶπεν,
2085 2335 2162 2372 Οὐκ
2187 2329 2262 2373 οῖδα
2289 2333 2346 2370 τὸν
2372 2333 2431 2371 ἄν·

1409 2393 1544 2440 θρωπον
1564 2391 1695 2425 τοῦτον.
1715 2386 1805 2438 Περὶ
1837 2386 1877 2424 τὸ
1910 2385 2082 2437 ὁρώμενον
2101 2386 2325 2438 προσέκοψεν,
2354 2386 2432 2438 οὐγὶ

1409 2441 1490 2493 περὶ
1505 2439 1544 2477 τὸ
1568 2439 1760 2490 νοούμενον.
1781 2439 1844 2476 Διὸ
1864 2439 1921 2476 καὶ
1939 2442 1956 2476 6
1973 2437 2099 2490 Κύριος
2121 2439 2287 2490 προειδὼς
2314 2431 2430 2489 ἔλεγέ·

1412 2496 1489 2537 Πᾶς
1507 2492 1599 2537 ὅστις
1622 2493 1701 2544 εἴπῃ
1724 2490 2011 2545 βλασφημίανωεῖς
2037 2490 2094 2528 τὸν
2114 2492 2198 2529 Υἱὸν
2219 2496 2278 2530 ταῦ
2295 2490 2432 2544 ἀνθρώ-

1411 2562 1476 2584 που
1487 2576 1496 2594 ,
1514 2545 1723 2598 ἀφεθήσεται
1743 2547 1849 2596 αὐτῷ.
1863 2544 1910 2582 Τί
1926 2547 1983 2581 οὖν
2000 2547 2017 2581 6
2032 2543 2184 2595 Πέτρος,
2199 2546 2274 2582 Οὐκ
2290 2538 2364 2581 οῖδα
2376 2543 2433 2581 τὸν

1413 2600 1590 2651 ἄνθρωπον
1615 2603 1750 2636 τοῦτον·
1777 2597 1836 2634 καὶ
1867 2595 1989 2639 εὐθέως
2019 2595 2175 2647 ἀλέκτωρ
2200 2596 2396 2649 ἐφώνησεν·
2417 2599 2436 2634 6

1413 2653 1428 2672 b
1443 2655 1507 2691 ἀπε
1514 2651 1677 2704 ρίγραφος
1691 2654 1750 2687 τοῦ
1766 2649 1900 2700 Πέτρου
1916 2648 2106 2700 κατήγορος
2118 2679 2127 2696 ,
2148 2652 2165 2686 6
2184 2665 2435 2702 προαναφωνή-

1413 2705 1475 2752 τὴς
1494 2708 1555 2750 τῆς
1575 2705 1780 2748 δεσποτικῆς
1795 2702 1999 2754 ἀποφάσεως
2016 2701 2218 2754 συνήγορος,
2240 2705 2257 2740 6
2282 2705 2342 2748 τῆς
2369 2704 2434 2752 ἀρ-

1415 2758 1545 2805 νήσεως
1569 2755 1814 2807 δημοσιευτὴς,
1850 2755 1909 2792 καὶ
1942 2756 2002 2799 τ’ῆς
2036 2753 2263 2804 προγνώσεως
2291 2757 2437 2806 ἐμφανι-

364 2820 557 2856 hominem
580 2820 694 2854 istum
712 2833 722 2852 :
739 2825 775 2854 et
796 2819 981 2854 continuo
993 2816 1122 2867 gallus
1138 2816 1312 2852 cantavit
1331 2828 1341 2849 :
1369 2821 1393 2852 C
1417 2810 1500 2857 στὴς
1516 2839 1526 2857 ,
1560 2809 1619 2848 καὶ
1645 2810 1714 2847 τῶν
1750 2809 2006 2859 μετανοητικῶν
2043 2806 2198 2858 δακρύων
2227 2810 2438 2858 ὑπομνημα-

365 2871 427 2908 ille
454 2869 607 2907 invictus
634 2869 729 2906 Petri
754 2878 957 2916 accusator,
979 2868 1135 2921 prsevius
1166 2865 1345 2905 sententiae

367 2921 682 2973 ])oiiii11i(·a31›1·zi¹‹*o
698 2936 737 2957 ae
748 2930 927 2973 patronuS,
945 2921 1139 2971 negationis
1150 2919 1347 2972 proclama-

367 2986 435 3024 tor,
460 2973 685 3026 praenotionis
713 2973 836 3023 index,
857 2987 897 3011 ac
926 2974 1139 3026 poenitentiae
1172 2973 1348 3024 lacryma-

369 3043 449 3067 rum
471 3026 685 3063 admonitor.

422 3082 458 3117 5.
486 3082 600 3129 Atque
640 3078 714 3114 baie
741 3076 884 3126 quidem
912 3078 1078 3115 haetenus
1115 3077 1210 3115 dicta
1243 3076 1350 3114 suffi-

371 3133 463 3171 ciant
483 3148 491 3168 :
514 3133 589 3183 jam
614 3144 697 3168 vero
725 3128 768 3165 dc
794 3130 1014 3181 eleemosyna
1037 3144 1230 3167 sermonem
1253 3129 1353 3166 insti-

372 3195 526 3234 tuamus,
551 3192 589 3221 ut
607 3191 759 3222 vestram
788 3181 1012 3218 cohortemur
1035 3182 1231 3231 caritatem,
1256 3180 1354 3232 quod

419 3295 434 3311 '⁸
460 3292 581 3335 [Saxil.
601 3298 638 3327 ϊσ.
658 3297 695 3329 ὡς
707 3295 790 3329 δῆθεν
802 3294 920 3333 μέλλων
936 3299 1025 3325 ποιεῖν
1040 3296 1078 3324 τὸ.
1098 3291 1326 3332 σανταχθένταᾸ

419 3349 431 3362 ²·
457 3336 558 3370 Savil.
582 3342 815 3382 πκράσκηπτος,
833 3333 890 3366 sed
919 3333 1090 3376 legendum
1120 3341 1216 3375 putat
1240 3340 1382 3370 ἄσκεπτος

380 3390 428 3423 vcl
450 3395 672 3434 ἀπερίσκεπτος.
689 3388 809 3420 Verum
829 3398 893 3418 non
911 3385 964 3418 liic
983 3393 1074 3418 tanta
1091 3383 1265 3428 quaerenda
1281 3393 1328 3417 est
1345 3386 1376 3416 in

1418 2862 1552 2909 τιστής.

1476 3073 1546 3111 Καὶ
1576 3077 1687 3110 ταῦτα
1715 3070 1776 3121 μὲν
1806 3069 2001 3123 ἀρκούντως
2033 3067 2199 3119 εἰρήσθω·
2229 3067 2286 3105 τὸν
2319 3066 2355 3106 ’δὲ
2382 3069 2444 3113 τῆς

1424 3124 1658 3175 ἐλεημοσύνης
1686 3123 1787 3174 λόγον
1818 3121 2071 3174 γυμνάσωμεν,
2107 3124 2352 3174 παραινοῦντες
2380 3118 2444 3165 τὴν

1425 3178 1594 3230 ὑμετέραν
1615 3176 1769 3228 ἀγάπην,
1788 3176 1847 3213 καὶ
1863 3174 2019 3225 λέγοντες
2041 3177 2087 3217 ὡς
2115 3174 2150 3210 ἐν
2179 3175 2228 3224 τῷ
2253 3171 2442 3223 εὐαγγελίῳ

1436 3335 1593 3368 idiomate
1609 3334 1726 3367 Graeco
1743 3329 1926 3364 accuratio.

1487 3388 1503 3411 ¹⁷
1524 3385 1623 3418 Sax'il.
1644 3392 1820 3428 auguratur
1838 3380 2010 3425 legendum
2028 3384 2255 3425 ἀπερίτρεπτος.
