2408 3709
616 337 1699 485 PRAEFATIO

964 616 1035 652 AD
1072 615 1351 655 HOMILIAS

336 796 413 878 S.
492 796 1010 883 JOANNIS
1090 800 1963 893 CHRYSOSTOMI

845 1028 935 1090 ΙΝ
990 1026 1461 1099 JOANNEM.

1096 1244 1163 1272 G
1168 1245 1194 1271 S>

157 1431 210 1468 Ad
233 1430 407 1467 Homilias
432 1430 466 1466 in
489 1428 724 1479 Evangelium
745 1428 891 1467 Joannis
911 1428 1055 1466 tandem
1075 1429 1306 1480 devenimus,
1326 1432 1390 1469 ubi
1412 1447 1545 1472 novum
1565 1450 1712 1487 prorsus
1727 1441 1957 1482 concionandi
1979 1446 2086 1485 ritum
2099 1479 2109 1498 ,
2130 1450 2186 1488 in—

103 1493 243 1530 solitam
262 1491 561 1544 deprehendimus
581 1490 779 1527 disserendi
803 1490 986 1528 rationem.
1010 1491 1154 1543 Stylum
1182 1505 1264 1530 sane
1289 1493 1454 1532 eumdem
1476 1496 1670 1549 cernimus,
1692 1500 1883 1541 dictionem
1912 1519 2059 1557 prorsus
2079 1512 2181 1551 simi-

102 1556 190 1603 len13
210 1555 442 1606 eumdemque
469 1554 588 1592 statim
615 1553 841 1604 agnoscimus
865 1552 1006 1591 dicendi
1038 1554 1210 1592 artificem
1235 1555 1533 1608 Chrysostomum
1550 1576 1557 1597 :
1575 1561 1611 1598 in
1641 1563 1766 1602 ordine
1791 1576 1908 1606 autem
1930 1579 1963 1608 et
1982 1579 2182 1624 argumenti

102 1619 236 1657 ratione
256 1633 384 1670 magna
403 1633 475 1656 sese
491 1619 594 1655 osfcrt
615 1616 812 1655 diversitas.
834 1617 875 1653 In
895 1617 1029 1655 caeteris
1046 1631 1198 1668 namque
1214 1618 1250 1656 in
1264 1619 1488 1672 Scripturam
1507 1638 1643 1663 sacram
1657 1627 1941 1683 Commentariis,
1959 1637 2183 1690 maximeque

101 1683 137 1719 in
160 1681 326 1719 Homiliis
345 1682 380 1719 in
395 1681 618 1730 Matthaeum,
639 1688 828 1732 postquam
848 1679 1070 1730 singulorum
1084 1695 1254 1720 versuum
1275 1682 1414 1721 literam
1432 1686 1652 1738 explanavit,
1674 1693 1856 1732 occasione
1877 1709 1921 1734 ex
1943 1698 2032 1737 serie
2054 1712 2182 1751 sumta,

98 1745 143 1782 ad
165 1760 304 1783 morum
331 1744 618 1782 informationem
644 1744 837 1796 spectantia
858 1744 971 1782 multa
1004 1745 1198 1794 interserit;
1227 1755 1334 1796 atque
1367 1748 1402 1784 in
1432 1749 1502 1787 fine
1530 1752 1708 1791 concionis
1737 1755 1981 1808 longissimam
2011 1765 2181 1804 moralem

97 1809 378 1846 adhortationem
394 1808 530 1860 adjicit,
550 1822 619 1858 qua
639 1817 671 1845 et
691 1822 878 1859 procerum
897 1817 930 1845 et
946 1808 1175 1860 popularium
1193 1809 1281 1847 vitia
1300 1810 1505 1861 insectatur,
1527 1824 1634 1866 atque
1652 1817 1698 1855 ad
1712 1818 1882 1859 virtutem
1897 1822 2099 1865 adeundam
2119 1830 2180 1867 511⁸-

98 1872 213 1910 mulos
231 1872 343 1910 addit.
371 1874 412 1909 In
431 1872 528 1909 hisce
542 1881 660 1909 autem
675 1871 710 1908 in
732 1873 903 1910 Joanncm
920 1871 1086 1909 Homiliis
1105 1872 1175 1910 alio
1192 1873 1422 1912 concionandi
1441 1890 1566 1927 genere
1581 1880 1751 1930 procedit.
1768 1884 1905 1923 Passim
1921 1901 2071 1939 namque
2085 1902 2180 1942 post-

96 1950 203 1985 quam
225 1935 382 1987 singulos
400 1949 523 1974 versus
542 1935 679 1984 attulit,
701 1935 852 1991 illosque
880 1935 1035 1972 maxime
1052 1950 1141 1986 quos
1172 1936 1366 1975 Catholicis
1388 1938 1543 1978 han-etiei
1565 1942 1712 1992 quidam
1737 1946 1891 1998 objicere
1917 1951 2092 2000 solebant,
2115 1957 2191 1993 au-’

95 1997 225 2036 ditores
239 2013 319 2036 suos
331 1998 502 2037 adversus
518 1998 662 2035 illorum
677 2008 884 2049 argumenta
903 2008 936 2036 et
956 1998 1174 2051 sophismata
1191 2000 1306 2038 munit
1321 2002 1534 2054 roboratque
1544 2020 1554 2053 3
1574 2015 1678 2056 atque
1698 2017 1735 2045 ut
1749 2010 1869 2048 statim
1884 2011 2175 2065 deprehenditur,

96 2061 139 2099 iis
160 2062 219 2112 qui
235 2071 355 2099 contra
375 2062 492 2100 hostes
504 2061 711 2114 hujusmodi
735 2076 825 2114 saepe
841 2076 966 2100 manus
986 2062 1228 2113 conserebant,
1242 2078 1341 2102 arma
1358 2065 1545 2104 ministrat.
1562 2068 1630 2106 Hic
1645 2084 1772 2122 scopus
1791 2075 1940 2113 oratoris
1962 2079 2175 2131 prfecipuus,

94 2139 134 2163 eo
155 2140 279 2164 nervos
298 2139 420 2163 omnes
437 2125 627 2176 contendit,
648 2135 685 2163 ut
701 2125 945 2163 Christianum
964 2125 1130 2176 militem,
1144 2126 1206 2176 qui
1228 2128 1360 2179 passim
1379 2138 1499 2167 contra
1520 2131 1703 2172 haereticos
1727 2134 1945 2189 decertabat,
1963 2140 2009 2177 ad
2028 2141 2173 2181 illorum

93 2187 300 2240 depellenda
320 2189 387 2226 tela
408 2189 579 2226 instituat.
1671 2195 1673 2197 ’

144 2252 230 2288 Haec
247 2265 352 2302 porro
368 2264 436 2288 non
456 2250 492 2288 in
505 2250 672 2288 omnibus
691 2250 850 2288 homiliis
869 2262 1077 2302 occurrunt,
1095 2253 1204 2291 sedin
1222 2254 1265 2292 iis
1287 2262 1425 2292 tantum
1444 2256 1505 2293 ubi
1525 2271 1563 2295 ea
1578 2260 1724 2298 Joannis
1750 2261 1825 2300 loca
1840 2264 2076 2316 explicantur,
2091 2283 2170 2318 qua:

92 2315 147 2351 vel
165 2314 211 2352 ad
231 2314 468 2365 aequalitatem
488 2314 958 2366 consubstantialitatemqiie
982 2316 1096 2354 Patris
1113 2326 1146 2354 et
1168 2317 1250 2354 Filii
1276 2318 1498 2369 probandam
1517 2329 1598 2372 apta
1630 2333 1723 2371 sunt,
1753 2326 1809 2363 vel
1834 2341 1912 2377 quae
1933 2329 1978 2365 ab
1998 2329 2171 2369 haereticis

89 2377 133 2414 ad
156 2378 254 2415 illam
270 2378 550 2430 impugnandam
564 2378 839 2430 usurpabantur.
860 2379 934 2416 Ubi
954 2394 1036 2417 vero
1055 2379 1100 2417 de
1112 2379 1301 2419 divinitate
1319 2380 1433 2431 deque
1455 2384 1822 2424 consubstantialitate
1843 2389 1926 2427 Filii
1947 2405 2015 2429 non
2032 2394 2164 2445 agitur,

90 2439 227 2477 literam
241 2440 301 2477 ille
316 2441 438 2492 paucis
452 2441 661 2492 plerumque
673 2440 850 2492 explanat.
871 2442 1045 2480 Moralem
1066 2457 1207 2494 quoque
1221 2442 1450 2495 disciplinam
1466 2444 1558 2482 inter
1579 2447 1862 2487 concionandum
1882 2453 1998 2491 rarius
2010 2456 2165 2507 attingit,

90 2502 362 2553 concionemque
380 2503 587 2541 brevissima
606 2502 852 2541 adhortatione
863 2505 988 2542 morali
1010 2505 1127 2543 claudi
1134 2515 1144 2543 t
1151 2521 1161 2554 3
1182 2506 1229 2543 ita
1248 2515 1286 2543 ut
1312 2506 1365 2543 hcc
1389 2507 1424 2544 in
1436 2509 1609 2547 Joannem
1628 2511 1831 2562 conciones,
1851 2513 2002 2555 dimidia
2022 2518 2092 2557 fere
2110 2521 2165 2558 sui

92 2574 193 2615 parte
211 2566 363 2603 minores
379 2575 416 2603 ut
435 2566 632 2618 plurimum
652 2566 720 2603 sint
739 2567 906 2605 Homiliis
927 2568 963 2604 in
986 2568 1208 2606 Matthaeum.

143 2627 234 2665 Hinc
247 2637 338 2665 certe
346 2629 421 2679 jam
436 2628 556 2665 multae
575 2629 994 2679 exsurguntquaestiones
1013 2645 1020 2665 ε
1040 2630 1185 2681 quinam
1207 2645 1330 2682 nempe
1354 2631 1423 2669 sint
1447 2632 1619 2683 haeretici,
1635 2636 1697 2686 qui
1718 2637 1963 2690 Chrysostomi
1987 2643 2165 2683 auditores

90 2689 168 2727 telis
194 2705 239 2728 ex
257 2691 402 2729 Joannis
420 2691 614 2742 Evangelio
638 2690 812 2728 desumtis
832 2691 1048 2744 impetebant
1067 2708 1074 2728 ε
1096 2707 1158 2730 cur
1182 2694 1262 2730 illos
1282 2695 1558 2747 Chrysostomus
1585 2712 1653 2736 non
1676 2701 1832 2739 nominet
1850 2719 1857 2738 τ
1878 2718 1922 2741 ex
1944 2720 2011 2755 qua
2028 2707 2159 2746 faimlia

89 2753 156 2790 orti
176 2754 211 2790 hi
227 2754 379 2791 limi-etiei
397 2763 529 2803 essen13
550 2754 682 2805 quibus
698 2755 855 2792 maxime
871 2756 1090 2807 argumentis
1102 2756 1316 2808 objectiones
1331 2758 1572 2810 lucifugarum
1593 2763 1825 2802 confutandas
1839 2780 1911 2804 esse
1926 2767 2060 2807 doceat.
2080 2771 2161 2809 Haee

88 2830 192 2867 porro
209 2817 325 2854 omnia
338 2817 536 2870 expendere
556 2832 622 2855 non
637 2818 785 2870 pigebit,
806 2828 992 2870 postquam
1008 2819 1052 2856 de
1076 2833 1221 2858 numero
1241 2820 1481 2860 Homiliarum
1503 2823 1537 2860 in
1555 2826 1740 2875 Joannem,
1765 2827 1809 2866 de
1829 2829 1917 2867 urbe
1933 2830 1967 2868 in
1990 2846 2059 2882 qua
2090 2834 2162 2873 baec

88 2879 311 2918 concionatus
330 2890 400 2931 est,
419 2880 462 2919 de
477 2881 654 2919 concionis
672 2881 771 2931 hora,
785 2881 899 2934 deque
917 2883 997 2920 aliis
1016 2883 1196 2922 nonnullis
1214 2883 1378 2935 quaedam
1399 2886 1687 2937 praemiserimus.

1073 3041 1156 3092 §L

88 3174 112 3195 ι.
136 3161 196 3197 De
217 3174 375 3198 numero
392 3161 656 3198 Jlomiliarum
672 3163 712 3197 in
733 3162 942 3199 Joannem.
961 3164 1000 3200 Q.
1025 3163 1112 3213 Qua
1129 3165 1169 3199 in
1188 3165 1281 3200 urhe
1302 3163 1419 3201 lmsee
1442 3164 1620 3203 homilias
1642 3166 1819 3205 habuerit
1845 3171 2157 3223 (s'luyvsostmnus,

749 3236 1036 3285 Antioc-luteae,
1056 3251 1109 3274 an
1128 3238 1476 3288 Constantinopoli.

142 3356 168 3389 1.
192 3354 353 3393 Ilomiliae
376 3356 410 3393 in
431 3358 600 3395 Joannem
620 3356 715 3408 apud
742 3356 918 3395 Savilium
939 3357 1117 3407 octoginta
1144 3366 1221 3395 octo
1243 3358 1420 3401 feruntur,
1442 3358 1537 3409 apud
1560 3360 1751 3398 Morcllum
1768 3370 1884 3400 autem
1905 3365 2079 3416 octoginta
2107 3383 2159 3406 se*
