2507 3673
2060 198 2153 245 (325

84 288 348 328 membranaceo
372 288 506 340 prolato
528 302 547 324 a
574 297 673 340 parte
694 287 784 327 sedis
801 289 1010 341 Apostolicae
1031 288 1186 338 antiquae
1209 289 1331 325 Romae
1351 297 1384 326 ct
1405 288 1586 326 constitut.
1614 291 1768 328 Rectius
1791 300 1920 330 tamen
1938 295 2076 346 legitur
2095 298 2156 334 hie

81 353 130 402 τῷ
152 350 212 401 μὲν
232 350 327 402 νόμῳ
349 353 410 396 τῆς
431 349 665 396 Ἐκκλησίας,
683 364 801 402 quam
817 350 913 397 illic,
936 349 1005 400 legi
1021 348 1167 400 quidem
1187 358 1219 386 et
1238 349 1418 387 Ecclesiae.

135 414 288 451 Concors
309 422 399 450 certe
418 420 468 449 est
489 411 649 449 omnium
668 412 889 451 eruditorum
909 412 1029 464 opinio
1056 411 1260 449 concionem
1280 425 1354 449 esse
1378 411 1634 464 Chrysostomo
1652 427 1798 465 prorsus
1828 414 2024 467 indignam.
2045 419 2156 457 Tille-

80 477 232 514 montius
250 490 351 525 vero,
369 475 431 526 qui
444 484 616 525 quantum
637 474 683 513 ad
698 475 829 514 νοθείαν
843 474 1007 527 opusculi
1019 474 1153 512 caeteris
1171 473 1435 525 adstipulatur,
1456 474 1624 527 opinatur
1646 476 1738 514 hanc
1768 477 1955 516 homiliam
1970 494 2061 518 anno
2076 483 2155 521 402

82 538 222 575 Edessae
242 538 276 575 in
299 536 552 588 Mesopotamia
577 536 722 574 dictam.
752 538 934 581 Videtur,
959 535 1095 585 inquit,
1115 536 1169 572 ad
1190 536 1382 573 tumulum
1400 536 1436 574 S.
1462 538 1494 574 T
1494 538 1638 583 homae,
1659 539 1700 575 id
1717 547 1773 576 est
1792 540 1949 578 Edessae
1969 543 2011 578 in
2029 544 2158 580 Μεςο-

76 603 253 649 potamia
266 629 278 648 ,
301 600 403 636 hanc
421 601 635 636 orationem
655 599 800 636 dictam
806 599 951 650 fuisse.
975 598 1051 634 Hic
1069 597 1214 633 dicitur
1233 597 1341 634 Deus
1361 599 1500 634 turrim
1520 606 1557 636 et
1575 607 1689 650 caput
1710 600 1933 638 Arianismi
1951 603 2156 653 dejecisse,

82 663 367 713 Thraciamque
385 675 410 698 a
431 662 644 710 tyrannide
671 661 868 709 liberasse,
887 667 1180 710 tyrannumque
1211 662 1539 698 exterminavisse.
1563 663 1827 714 Precaturque
1844 672 1885 701 ut
1909 667 2025 702 etiam
2048 667 2159 704 Occi-

77 725 228 762 dentem
249 726 298 762 ab
319 724 707 776 Arianorumsurore
721 730 853 768 eruat,
877 731 918 759 ut
920 722 999 774 sur
1017 722 1085 759 ille
1103 723 1293 760 barbarus
1309 725 1496 761 vincatur
1515 732 1551 762 et
1564 725 1788 777 profligetur
1800 756 1812 772 ,
1830 726 1956 764 Arius
1969 728 2155 778 pellatur,

75 789 292 838 Imperator
317 788 438 823 victor
452 793 622 822 maneat.
646 786 741 822 Haec
753 796 868 835 porro
885 784 1023 835 referri
1038 797 1150 835 posse
1165 785 1352 822 videntur
1369 788 1411 822 in
1427 799 1576 823 annum
1591 787 1669 824 402
1682 817 1692 835 ‚
1712 801 1817 825 anno
1839 789 2011 827 videlicet
2028 791 2159 842 elapso

71 858 280 901 postquam
304 849 472 885 Thracia
493 861 518 884 a
541 847 678 884 Ga'z'noe
698 846 912 895 tyrannide
932 846 1097 884 liberata
1113 848 1247 898 fuerat
1256 877 1269 894 ,
1294 861 1381 885 cum
1407 848 1597 887 Alaricus
1614 851 1742 888 ltalioe
1755 852 2041 903 formidolosus
2057 862 2154 892 erat.

79 913 247 961 Uterque
262 912 364 946 enim
380 908 558 946 Arianus
577 916 671 946 erat.
689 910 766 945 Hic
783 917 916 946 orator
934 907 1110 947 Arianos
1127 911 1362 962 interrogat,
1384 912 1582 948 undenam
1600 912 1825 964 blasphema
1844 914 1950 951 dicta
1965 928 2037 952 sua
2053 929 2159 953 acce-

68 975 214 1023 pissent
225 987 239 1015 ,·
256 985 309 1008 an
329 971 544 1008 utTliomas
562 971 708 1008 Christi
722 970 861 1023 plagas
883 973 1094 1023 tetigissent
1117 987 1126 1007 :
1144 971 1268 1023 Ecqua
1288 986 1395 1009 manu
1414 1002 1423 1019 ,
1442 975 1567 1025 inquil
1585 1004 1593 1018 ‚
1617 988 1660 1012 an
1688 989 1727 1012 ea
1745 989 1814 1026 qua
1828 976 1981 1027 pretiosa
2006 991 2085 1015 vasa
2103 992 2158 1015 ra-

71 1034 209 1086 puisti?
228 1047 297 1084 qua
316 1032 495 1084 apostolos
515 1033 742 1085 compilasti?
763 1048 832 1085 qua
844 1033 991 1071 barbari
1011 1034 1123 1086 spolia
1151 1035 1350 1087 excepisti?
1364 1050 1433 1086 qua
1462 1035 1659 1074 mercedem
1676 1037 1866 1090 impietatis
1896 1039 2069 1077 tenuisti?
2088 1055 2156 1091 qua

71 1094 254 1147 sanguinis
270 1109 354 1133 vasa
371 1093 561 1132 conflasti?
580 1097 674 1132 Hoec
685 1103 785 1133 certe
801 1097 938 1148 referri
949 1105 1108 1147 possunt
1124 1097 1178 1133 ad
1190 1097 1420 1148 direptiones
1436 1112 1461 1135 a
1478 1098 1608 1136 Ga'ina
1618 1099 1661 1136 A
1663 1101 1865 1150 rianisque
1877 1111 2070 1152 patratas,
2091 1108 2160 1154 qui

69 1172 165 1196 sane
180 1157 349 1196 ecclesiis
373 1172 450 1195 non
463 1166 728 1208 pepercerant.
756 1159 897 1195 Verum
914 1158 974 1195 bis
994 1159 1194 1210 quidpiam
1210 1159 1448 1211 singularius
1477 1162 1717 1198 subinclicari
1736 1162 1905 1199 videtur.
1934 1164 2031 1200 Cum
2055 1167 2158 1202 enim

69 1222 248 1271 nuspiam
266 1227 446 1256 narretur
467 1219 637 1256 Gainam
657 1219 832 1270 aliquam
846 1219 1108 1269 apostolorum
1128 1219 1315 1257 celebrem
1330 1221 1535 1258 ecclesiam
1555 1223 1760 1273 diripuisse
1777 1239 1788 1258 .-
1812 1227 2018 1274 opinamur
2031 1228 2157 1277 ipsum

68 1281 288 1319 Arcadium
313 1279 758 1331 Constantinopolitanae
778 1279 1059 1331 Apostolorum
1091 1281 1261 1318 ecclesioe
1285 1285 1456 1333 pretiosa
1486 1297 1589 1321 vasa
1622 1285 1854 1331 abstulisse,
1881 1300 1968 1324 cum
1997 1298 2156 1340 urgente

69 1345 255 1390 barbaro,
281 1346 528 1394 instanteque
548 1344 794 1388 necessitate,
821 1356 898 1380 non
916 1351 1045 1395 posset
1076 1344 1156 1380 alio
1180 1345 1294 1381 modo
1323 1353 1476 1383 tantam
1508 1349 1597 1383 auri
1628 1349 1713 1383 vim
1740 1348 1929 1401 conflare,
1966 1360 2154 1402 quantam

66 1408 242 1458 exigebat
261 1406 330 1442 ille
345 1418 416 1456 pro
433 1418 472 1442 se
493 1412 529 1441 et
542 1417 613 1455 pro
631 1404 820 1441 militibus
841 1407 934 1443 suis.
954 1406 1058 1442 Huic
1080 1419 1166 1442 vero
1186 1409 1537 1460 sententioesavent
1553 1409 1635 1446 haec
1649 1411 1796 1456 verba,
1815 1410 2013 1449 mercedem
2026 1412 2152 1465 impie-

586 207 624 236 lx
666 208 872 238 SANCTLM
910 208 1097 238 'rnoMAM
1135 208 1402 239 APOS‘I'OLUM
1446 209 1610 239 SERMO.

63 1477 145 1506 tatis
164 1477 320 1506 tenuisti.

117 1530 200 1568 Haec
219 1544 301 1568 sane
322 1530 459 1578 omnia,
481 1529 510 1566 si
532 1542 602 1566 non
627 1528 770 1566 omnino
790 1529 996 1580 explorata,
1019 1528 1214 1567 admodum
1241 1530 1441 1582 probabilia
1462 1540 1554 1569 sunt.
1576 1532 1683 1579 Quod
1710 1543 1829 1572 autem
1861 1544 1942 1573 ante
1972 1536 2149 1576 tumulum
2163 1553 2196 1580 ιι,

64 1594 103 1632 S.
128 1594 277 1631 Thomae
291 1593 368 1631 haec
390 1593 512 1631 concio
541 1591 663 1629 habita
678 1591 786 1629 suerit
800 1621 811 1641 ‚
828 1591 978 1644 planum
1004 1601 1037 1630 et
1056 1602 1229 1630 assertum
1247 1593 1392 1631 videtur
1410 1608 1455 1631 ex
1485 1594 1583 1633 hisce
1598 1596 1718 1635 verbis
1744 1598 1811 1634 sub
1830 1598 1940 1636 finem
1967 1599 2123 1639 homiliae
2141 1618 2150 1639 t

62 1657 217 1708 Suscipe
235 1658 367 1693 urbem
385 1658 507 1693 cineri
535 1663 601 1692 tuo
621 1654 902 1706 supplicantem
917 1670 929 1690 :
951 1663 1104 1693 (etatem
1126 1669 1277 1693 omnem
1299 1658 1353 1694 ad
1372 1657 1605 1708 legationem
1626 1660 1869 1698 subeundam
1889 1663 1993 1699 misit
2011 1677 2021 1697 .·
2042 1676 2150 1702 senes

64 1728 99 1756 et
108 1721 276 1771 juvenes
298 1718 447 1756 tumulo
463 1718 723 1755 advolvimur.

115 1781 361 1832 Interpretatio
374 1780 501 1818 Latina
515 1788 567 1818 est
582 1779 771 1818 Frontonis
793 1780 928 1817 Ducaei.

62 2020 123 2061 Εἷς
157 2019 214 2057 τὸν
252 2019 347 2070 ἅγιον
387 2021 524 2069 Θωμᾶν
556 2021 613 2058 τὸν
651 2020 857 2068 ἀπόστολον,
893 2022 952 2059 καὶ
995 2023 1085 2060 κατὰ
1154 2024 1284 2062 Sermo
1297 2027 1338 2061 in
1353 2033 1530 2063 sanctum
1548 2027 1736 2064 Thomam
1751 2029 1984 2079 apostolum,
2005 2039 2041 2068 et
2057 2044 2148 2069 con-

1108 2075 1131 2103 Α

114 2080 310 2132 Ἀρειανῶν,
331 2080 390 2118 καὶ
412 2082 459 2123 εἷς
476 2080 534 2118 τὸν
557 2083 592 2118 ἐν
613 2083 656 2132 τῇ
677 2081 804 2133 Θρᾴκῃ
821 2082 1085 2134 τυραννήσαντα

113 2139 172 2177 καὶ
201 2139 443 2191 ἀναιρεθέντα,
457 2140 517 2178 καὶ
538 2140 640 2178 αὐτὸν
660 2140 846 2191 Ἀρειανόν.

110 2324 173 2374 Τῷ
195 2322 256 2374 μὲν
282 2323 379 2375 νόμῳ
392 2326 455 2370 τῆς
469 2323 684 2371 Ἐκκλησίας
705 2323 906 2374 πειθόμενος
924 2324 1084 2376 ἡψάμην,

55 2378 101 2419 ὡς
113 2370 181 2414 οἷόν
217 2381 343 2424 τε,τοῦ
359 2376 532 2427 βήματος·
548 2379 597 2428 τῷ
613 2375 648 2415 δὲ
665 2376 801 2428 μεγέθει
817 2379 880 2422 τῆς
892 2377 1086 2421 ὑποθέσεως

56 2426 285 2478 ἐκνικώμενος
303 2430 458 2480 ἷλιγγιῶ,
471 2429 530 2466 καὶ
549 2429 766 2480 πανταχόθεν
783 2429 992 2481 συνέχομαι,
1011 2434 1084 2474 πῶς

56 2480 247 2526 ἇπαντήσω
261 2483 311 2532 τῷ
323 2480 522 2546 πράγματι,
535 2480 638 2519 ποίαν
654 2474 743 2532 εὕρω
756 2484 806 2533 τῷ
819 2482 912 2535 λόγῳ
926 2482 1084 2527 διέξοδον.

55 2533 117 2577 Ὡς
136 2536 247 2578 ζῶντα
271 2533 410 2585 κηρυξω
431 2533 489 2571 τὸν
508 2535 656 2584 Θωμᾶν,
678 2533 769 2571 Ἀλλ’
784 2537 801 2571 ὁ
824 2534 931 2586 τάφος
954 2537 1084 2581 ἀνακη-

57 2586 171 2638 ρύττει
187 2585 245 2623 τὸν
263 2585 419 2623 θάνατον.
445 2585 506 2628 Ὡς
527 2586 646 2638 νεκρὸν
665 2585 895 2638 διηγήσομαι,
910 2587 1000 2626 Ἀλλ’
1019 2588 1085 2626 ὑπὸ

54 2643 122 2677 τῶν
137 2638 356 2690 πραγμάτων
371 2638 574 2690 ἐλέγχομαι.
592 2638 662 2677 Καὶ
684 2639 803 2690 νεκρός
813 2641 887 2677 ἔστι
899 2670 908 2688 ,
924 2640 984 2678 καὶ
1001 2640 1083 2678 ἀθά-

54 2707 173 2735 νατος·
188 2690 248 2728 καὶ
267 2691 430 2738 τέθνηκεν
450 2694 496 2734 ὡς
515 2691 713 2743 ἅνθρωπος,
736 2691 796 2729 καὶ
817 2692 994 2744 διατρέχει
1024 2693 1081 2730 τὸν

54 2745 182 2795 κόσμον
204 2745 251 2785 ὡς
278 2743 440 2795 ἅγγελος·
465 2744 523 2782 καὶ
556 2744 665 2788 πάθος
692 2744 847 2792 ἐδέξατο,
877 2745 937 2783 καὶ
956 2746 1083 2784 πάθεσι

54 2798 225 2849 μάγεται·
242 2796 301 2833 καὶ
316 2795 411 2834 κάτω
427 2803 560 2845 κεῖται,
577 2797 661 2834 3καὶ
682 2797 752 2835 ἄνω
765 2797 996 2850 εὐφραίνεται.
1010 2800 1080 2836 Οὐ-

53 2850 107 2888 δὲν
124 2843 195 2902 γὰρ
221 2849 323 2887 αὐτὸν
344 2850 483 2901 ἴσχυσεν
501 2848 722 2901 ἀποκρύψαι,
745 2850 852 2893 οὐδεὶς
874 2851 975 2889 αὐτὸν
990 2851 1081 2903 ἠφά-

53 2919 125 2942 νισε
156 2903 279 2944 τόπος·
302 2901 384 2948 ὅλην
416 2902 478 2949 τὴν
510 2902 713 2953 οἰκουμένην
734 2901 914 2955 ἐφώτισεν.
944 2903 1079 2942 Ἔλαὸε

50 2957 171 3008 τάφον,
195 2954 285 2993 ἀλλὰ
304 2956 520 3007 πανταχόθεν
538 2958 583 2999 ὡς
598 2955 695 3002 ἥλιος
716 2955 919 2994 ἀνατέλλει·
939 2956 1078 3003 ἐνίκησε

49 3008 112 3056 τὴν
127 3012 190 3061 γῆν
202 3008 246 3046 τὰ
264 3006 412 3058 λείψανα
430 3013 489 3046 τοῦ
504 3007 636 3046 δικαίου
646 3039 655 3055 ,
671 3009 730 3046 καὶ
741 3008 954 3062 πλατύτερος
969 3009 1076 3061 ἐφάνη

50 3065 112 3107 τῆς
123 3061 267 3106 κτίσεως
286 3059 368 3106 ὅλης
380 3076 387 3083 ·
405 3060 560 3112 ἔσπειρεν
573 3061 675 3099 αὐτὸν
695 3064 716 3107 ἡ
738 3061 841 3113 χάρις
860 3063 907 3103 εἰς
921 3061 998 3100 δ’λον
1018 3062 1076 3100 τὸν

50 3114 190 3165 κόσμον.
214 3116 320 3152 Πᾶσα
341 3113 452 3163 γωνία
480 3113 582 3167 μέρος
609 3113 683 3165 ἔχει
713 3119 773 3152 τοῦ
803 3116 940 3164 Θωμᾶ,
960 3115 1076 3152 πάντα

49 3167 107 3204 τὸν
126 3167 255 3218 κόσμον
277 3165 479 3218 ἐπλήρωσε,
495 3166 554 3204 καὶ
575 3166 670 3217 μένει
690 3166 781 3204 κατὰ
799 3166 902 3204 τόπον
922 3166 1074 3212 ὁλόκλη-

52 3233 121 3268 ρος·
142 3221 190 3263 εἷς
208 3227 324 3258 πᾶσαν
346 3220 407 3266 τὴν
425 3222 490 3270 γῆν
507 3219 645 3266 ἐξῆλθεν
665 3222 682 3265 ἡ
704 3218 786 3263 δόξα
809 3220 929 3264 αὐτοῦ,
947 3219 1008 3257 καὶ
1027 3222 1074 3273 eje,-

49 3271 91 3308 τὰ
106 3272 239 3323 πέρατα
258 3275 319 3318 τ’ῆς
336 3271 538 3322 οἰκουμένης
553 3271 597 3310 τὰ
608 3272 758 3320 τρόπαια
777 3273 889 3310 αὐτοῦ.
908 3272 990 3315 Πῶς
1015 3275 1071 3310 οὐν

97 3400 107 3411 —2
131 3389 212 3431 Reg.
233 3396 264 3420 et
283 3388 382 3420 Saxil.
408 3388 439 3423 in
461 3400 564 3432 marg.
583 3395 630 3422 καὶ
648 3395 706 3422 ulum
726 3395 946 3433 nzpzffszluirm

1209 2093 1270 2122 tra
1300 2085 1490 2133 Arianos,
1520 2087 1643 2140 deque
1667 2102 1711 2125 eo
1734 2091 1801 2140 qui
1832 2092 2085 2137 tyrannidem
2107 2095 2148 2129 in

1214 2147 1381 2184 Thracia
1399 2151 1613 2199 occupavit,
1635 2157 1672 2186 et
1691 2164 1711 2186 e
1729 2150 1855 2187 medio
1878 2151 2055 2190 sublatus
2074 2162 2143 2199 est,

1209 2221 1296 2245 cum
1316 2211 1396 2259 ipse
1419 2208 1598 2248 Arianus
1619 2219 1726 2248 esset.

1209 2327 1296 2378 Legi
1320 2327 1467 2378 quidem
1492 2328 1659 2367 Ecclesiae
1688 2329 1948 2382 obtemperans,
1965 2341 2004 2370 ut
2025 2332 2142 2384 licuit,

1155 2379 1192 2416 in
1208 2379 1276 2417 hoc
1293 2380 1450 2419 tribunal
1466 2381 1609 2419 ascendi
1618 2397 1629 2431 3
1646 2396 1773 2420 verum
1791 2385 1993 2435 argumenti
2011 2387 2145 2437 magni-

1154 2431 1277 2470 tudine
1302 2442 1489 2485 superatus
1516 2434 1645 2484 haere07
1677 2444 1710 2473 et
1736 2435 1965 2487 undiquaque
1999 2440 2146 2477 constri-

1154 2493 1245 2533 ctus,
1263 2500 1333 2536 quo
1356 2495 1459 2537 pacto
1481 2501 1556 2524 rem
1578 2487 1681 2525 istam
1705 2489 1865 2538 exsequi,
1884 2499 1917 2527 et
1936 2505 2005 2541 quo
2020 2505 2146 2543 genere

1153 2537 1322 2574 orationis
1336 2537 1505 2589 expedire
1523 2540 1671 2591 possim,
1688 2540 1823 2591 ignoro.
1844 2544 1944 2580 Anne
1965 2553 2143 2595 tamquam

1154 2590 1278 2627 vivum
1306 2591 1486 2628 Thomam
1514 2592 1865 2644 praedicabo?Atqui
1889 2606 2038 2634 mortem
2067 2599 2143 2649 ejus

1153 2642 1322 2693 praedicat
1336 2643 1506 2681 tumulus.
1522 2647 1621 2682 Anne
1637 2654 1820 2684 mortuum
1835 2649 2013 2687 narrabo?
2034 2651 2143 2701 Atqui

1152 2708 1169 2730 a
1193 2695 1299 2733 rebus
1329 2695 1416 2747 ipsis
1441 2696 1646 2748 redarguor.
1669 2697 1716 2736 Et
1738 2709 1900 2739 mortuus
1930 2711 1996 2752 est,
2018 2712 2052 2740 et
2075 2703 2142 2741 im-

1151 2748 1312 2785 mortalis
1335 2764 1342 2784 1
1369 2758 1402 2786 et
1430 2759 1592 2787 mortuus
1619 2761 1670 2789 est
1695 2760 1734 2788 ut
1760 2752 1880 2803 homo,
1907 2763 1941 2792 et
1967 2755 2142 2794 mundum

1150 2800 1327 2850 percurrit
1354 2810 1393 2838 ut
1426 2803 1604 2852 angelus:
1627 2813 1661 2841 et
1692 2805 1893 2856 passionem
1927 2809 2079 2861 excepit,
2110 2820 2142 2848 et

1150 2865 1232 2889 cum
1268 2853 1493 2905 passionibus
1528 2866 1664 2907 pugnat
1686 2866 1748 2895 :et
1781 2858 1947 2898 deorsum
1971 2862 2080 2913 jacet,
2109 2872 2142 2900 et

1149 2917 1292 2943 sursum
1322 2905 1473 2944 laetatur.
1503 2908 1605 2947 Nihil
1633 2909 1728 2948 enim
1754 2925 1835 2949 eum
1866 2913 1979 2951 celare
2006 2915 2139 2966 potuit,

1148 2957 1271 2995 nullus
1295 2972 1377 2996 eum
1401 2959 1500 2998 locus
1519 2962 1711 3001 occultavit
1721 2979 1733 3014 3
1753 2973 1867 3003 totum
1887 2967 2009 3004 orbem
2031 2976 2141 3005 terra-

1147 3023 1228 3047 rum
1249 3010 1480 3051 illuminavit.
1495 3015 1695 3053 Tumulum
1718 3017 1841 3066 subiit,
1860 3018 1922 3056 sed
1947 3020 2139 3058 undecum-

1148 3076 1215 3112 que
1234 3072 1416 3114 tamquam
1437 3066 1490 3104 sol
1512 3067 1672 3106 exoritur
1693 3085 1701 3105 :
1724 3070 1886 3109 vicerunt
1905 3081 2035 3110 terram
2049 3074 2120 3124 just
2127 3074 2136 3110 i

1147 3115 1318 3167 reliquiae,
1340 3131 1380 3155 ac
1393 3118 1500 3157 rebus
1521 3121 1686 3159 omnihus
1709 3124 1835 3162 creatis
1849 3125 2002 3176 amplior
2019 3140 2133 3177 appa-

1146 3168 1219 3205 ruit
1243 3184 1251 3204 :
1273 3183 1337 3224 per
1362 3171 1569 3210 universum
1601 3175 1775 3213 mundum
1799 3177 1912 3227 gratia
1935 3178 2053 3229 ipsum
2080 3177 2134 3214 di-

1145 3221 1282 3272 spersit.
1299 3223 1425 3262 Omnis
1437 3226 1735 3279 anguluspartem
1750 3229 1906 3279 aliquam
1915 3229 2021 3267 habet
2038 3230 2134 3268 Tho·
2150 3239 2235 3269 Psal,
2255 3240 2334 3269 ι3,15Δ

1145 3287 1210 3311 mae
1232 3290 1239 3310 :
1257 3289 1396 3315 omnem
1419 3278 1593 3317 mundum
1614 3281 1787 3332 implevit,
1805 3291 1837 3319 et
1858 3282 1893 3319 in
1914 3281 2063 3333 singulis
2084 3282 2133 3320 lo-
