2522 3683
80 308 171 335 Joan.
196 314 248 337 20.

84 357 267 426 {5¹l‘·²l·39·

83 510 156 539 lsai.
181 519 206 539 1.
225 519 256 548 7.

81 1143 218 1174 fitz-0:13.
233 1143 263 1172 5.

77 1246 149 1274 Luc.
164 1243 193 1273 3.
218 1246 263 1275 16.

76 1672 154 1701 lsai.
173 1680 219 1701 ιι.
232 1680 260 1700 2.

80 2413 182 2440 Exod.
197 2419 243 2440 12.

84 2461 129 2482 12).

85 2880 266 2918 Mutth.7.6.

91 3139 163 3166 Gal.
182 3140 270 3170 3.13.

283 196 380 261 958

283 303 342 332 tur
360 292 568 331 resurrectio
587 305 670 331 cum
696 303 855 343 corpore.
878 289 970 328 Nam
990 289 1117 336 Mitte,
1141 285 1268 337 inquit,

284 348 421 397 digitos
438 354 521 383 tuos
540 347 582 382 in
587 345 749 397 fixuras
764 344 977 390 clavorum,
989 350 1028 379 ut
1042 341 1144 387 scias,
1167 341 1268 390 Quia

283 401 439 451 spiritus
454 411 611 435 carnem
629 405 665 434 et
682 410 769 435 ossa
789 410 866 433 non
882 397 1011 433 habet.
1033 395 1166 446 Azyrna
1186 405 1268 430 cum

283 451 402 489 herbis
421 450 551 488 amaris
570 449 754 488 comedite.
768 451 896 486 Amara
916 447 1010 484 enim
1024 446 1104 495 tibi,
1120 455 1152 483 et
1167 458 1265 483 ama-

282 518 405 542 rorum
422 518 568 556 operum
590 512 672 540 sunt
690 501 871 554 mysteria.
907 502 1026 538 Terra
1044 508 1177 538 vestra
1201 499 1268 535 de—

282 566 385 595 serta
399 587 410 606 ,
438 559 616 594 civitates
631 564 770 593 vestroe
792 567 982 592 succensae
1000 555 1103 604 igni,
1124 561 1267 589 terram

283 618 456 647 vestram
477 609 598 646 alieni
626 621 756 646 coram
774 609 885 644 vobis
902 606 1120 651 comedunt,
1146 612 1184 642 et
1198 605 1267 640 de-

283 671 386 700 serta
405 670 461 699 est
490 663 675 699 subversa
694 674 719 697 a
735 659 887 711 populis
904 660 1109 696 extraneis.
1132 659 1267 696 Come·

281 716 378 752 detis
396 715 554 751 Pascha
567 727 654 751 cum
670 715 934 764 festinatione.
957 710 1117 761 Vigilem
1136 710 1268 761 quippe

281 776 314 804 et
330 766 523 804 excitatum
538 774 676 818 oportet
690 765 794 802 illum
808 778 895 814 esse,
921 763 982 815 qui
1008 763 1055 800 ad
1069 772 1208 800 tantum
1223 759 1267 798 il-

279 818 343 856 lud
363 833 493 871 corpus
515 828 566 856 est
587 832 801 856 accessurus.
825 819 966 855 Lumbi
980 818 1102 854 vestri
1119 817 1268 854 succin-

280 874 333 909 cti
351 875 439 910 sint.
467 872 610 909 Cessent
637 870 805 923 genitales
825 879 858 907 et
884 868 1046 907 dissoluti
1068 868 1183 906 carnis
1198 868 1268 905 ssu-

280 937 361 971 xus,
371 933 405 962 et
416 923 566 962 sordidae
573 925 784 976 voluptates.
795 923 1073 961 Calceamenta
1085 930 1216 959 vestra
1227 922 1268 957 in

277 978 438 1028 pedibus
462 993 473 1013 .·
495 986 535 1014 ut
553 977 639 1014 recti
663 989 802 1027 gressus
821 976 891 1013 sint
909 1005 918 1022 ,
947 984 981 1012 et
1005 974 1117 1011 fulcra
1138 973 1240 1010 firma
1259 987 1266 1008 :

280 1043 362 1067 nam
382 1029 540 1069 veritatis
559 1038 640 1068 sunt
659 1028 805 1066 radices.
833 1027 1075 1065 Calceamenta
1094 1034 1210 1063 vestra
1231 1025 1266 1061 in

279 1082 433 1134 pedibus
447 1083 574 1121 vestris
589 1098 596 1118 ε
613 1095 690 1132 quae
709 1083 851 1132 Moyses
870 1079 1014 1130 quidem
1029 1077 1148 1124 solvit,
1165 1079 1267 1116 Jesus

280 1149 364 1173 vero
383 1135 521 1187 ligavit.
542 1136 647 1180 Nam,
668 1134 793 1179 Solve,
812 1132 941 1183 inquit,
961 1132 1267 1169 calceamentum

277 1189 418 1239 pedum
451 1197 615 1234 tuorum,
642 1195 680 1223 ut
712 1185 827 1237 legem
871 1183 1165 1236 pertransituram
1196 1196 1269 1220 esse

281 1240 536 1278 ostenderetur.
559 1241 677 1292 Cujus
697 1252 775 1275 non
804 1251 886 1276 sum
905 1238 1044 1288 dignus
1059 1238 1267 1287 corrigiam

277 1294 626 1331 calceamentorum
648 1291 808 1337 solvere,
842 1299 880 1327 ut
914 1290 1077 1329 Verbum
1109 1288 1267 1338 undique

278 1346 504 1384 constrictum
524 1359 598 1383 esse
623 1343 877 1382 ostenderetur.
906 1343 1049 1380 Baculi
1077 1343 1199 1379 vestri
1224 1343 1266 1377 in

278 1401 455 1437 manibus
472 1401 613 1436 ‘vestris
629 1413 639 1433 .·
663 1397 796 1435 divinae
814 1395 959 1434 virtutis
978 1395 1090 1446 signa,
1110 1393 1265 1431 rationa-

276 1451 360 1489 bilis
380 1450 600 1489 tortitudinis
616 1450 742 1488 fulera.
762 1448 876 1499 Virga
890 1463 954 1500 per
968 1449 1142 1501 Moysem,
1159 1446 1264 1497 virga

276 1519 340 1556 per
359 1506 556 1550 Aaronem,
579 1503 683 1555 virga
703 1516 812 1540 nucea
828 1531 839 1551 ,
863 1502 965 1552 virga
984 1515 1061 1551 quae
1085 1499 1264 1553 profunda

277 1557 387 1595 maris
417 1556 561 1605 dividit,
583 1570 661 1607 quae
690 1555 843 1593 fontium
870 1553 1097 1591 acerbitatem
1122 1552 1266 1590 dulcem

277 1609 447 1658 reddidit,
463 1610 566 1660 virga
583 1623 689 1661 supra
705 1622 813 1659 quam
829 1616 963 1659 septem
978 1606 1125 1658 spiritus
1153 1605 1265 1642 sancti

278 1663 344 1701 Dei
364 1662 614 1714 requieverunt
631 1677 638 1698 :
659 1663 823 1713 Spiritus
846 1662 1045 1711 sapientiae
1064 1667 1100 1696 et
1115 1659 1267 1695 intelle-

277 1724 375 1762 clus,
402 1718 559 1767 spiritus
583 1715 738 1752 consilii
761 1722 797 1750 et
818 1713 1078 1765 fortitudinis,
1109 1713 1265 1762 spiritus

278 1771 425 1806 timoris
442 1769 517 1805 Dei
533 1768 705 1819 implebit
725 1767 849 1804 illum.
866 1765 941 1802 Hoc
959 1764 1109 1812 Pascha,
1132 1763 1267 1801 Pascha

278 1821 439 1870 Domini,
458 1820 627 1858 clamavit
643 1819 798 1871 Spiritus
820 1834 827 1854 :
848 1818 930 1869 quia
947 1818 1013 1854 hoc
1030 1816 1178 1863 Pascha,
1197 1830 1265 1853 non

278 1883 401 1926 typus,
422 1887 491 1911 non
513 1872 661 1910 historia
682 1881 747 1923 est,
770 1885 838 1909 non
856 1871 997 1917 umbra,
1017 1869 1079 1907 sed
1101 1883 1183 1907 vere
1198 1869 1265 1906 Pa-

278 1927 361 1964 scha
391 1926 547 1964 Domini.
572 1925 725 1975 Sanguis
757 1932 876 1961 autem
898 1923 933 1960 in
954 1923 1096 1973 signum
1122 1930 1187 1970 est,
1218 1921 1264 1958 si-

278 1993 389 2031 gnum
417 1979 546 2016 futurae
575 1977 751 2025 veritatis,
770 1976 845 2015 veri
864 1975 1020 2027 Spiritus
1049 1974 1165 2026 prima
1191 1973 1265 2011 im-

277 2032 435 2084 pressio;
464 2030 616 2069 imitatio
645 2043 783 2081 magnae
818 2028 1008 2066 unctionis.
1038 2029 1093 2065 Et
1122 2027 1264 2064 videbo

278 2087 522 2136 sanguinem,
546 2092 582 2121 et
602 2092 728 2135 tegam
747 2096 832 2120 vos.
855 2083 949 2121 Vere
968 2080 1102 2129 texisti,
1124 2094 1144 2117 o
1163 2081 1261 2129 Jesu,

278 2152 297 2174 a
321 2137 432 2174 multa
452 2136 622 2189 pernicie,
647 2144 679 2173 et
703 2149 828 2172 manus
860 2132 1050 2171 extendisti
1074 2141 1264 2184 paternas:

277 2189 495 2228 abscondisti
515 2203 578 2227 nos
597 2188 689 2226 intra
713 2188 787 2225 alas
806 2196 886 2224 tuas
904 2196 1068 2238 paternas
1091 2201 1098 2221 z
1123 2184 1266 2236 sangui-

279 2257 360 2281 nem
393 2242 560 2281 divinum
588 2241 624 2279 in
653 2250 745 2278 terra
773 2239 946 2286 effudisti,
982 2239 1018 2276 in
1048 2237 1162 2290 pactis
1193 2237 1267 2275 tuis

280 2296 433 2334 cruentis
455 2304 488 2333 et
508 2294 727 2345 benignitate
744 2292 873 2344 plenis,
899 2301 933 2329 et
954 2291 1026 2328 iras
1045 2290 1230 2340 minasque
1246 2303 1265 2328 a

281 2349 383 2387 nobis
401 2347 579 2400 repulisti,
602 2347 756 2399 primam
772 2345 873 2382 nobis
893 2358 1043 2396 superne
1060 2342 1267 2380 reconcilia-

280 2402 411 2439 tionem
441 2399 641 2438 reddidisti.
661 2399 719 2436 Illi
743 2411 825 2449 ergo
853 2411 978 2449 azyma
1008 2395 1194 2434 comedant
1213 2409 1266 2433 se-

280 2464 376 2507 ptem
400 2453 540 2503 diebus,
570 2451 805 2505 septenariam
832 2450 867 2487 in
893 2448 1029 2487 mundo
1057 2448 1267 2486 meditantes

280 2506 468 2560 periodum
479 2537 488 2555 ,
509 2515 542 2543 et
558 2515 733 2543 terrenam
747 2504 896 2555 legalem
917 2502 953 2540 in
973 2511 1066 2540 terra
1082 2500 1267 2539 comeden-

282 2570 332 2598 tes
355 2574 467 2597 escam
485 2575 493 2596 :
514 2558 649 2596 Pascha
673 2571 757 2596 vero
787 2564 947 2594 nostrum
983 2554 1189 2592 immolatus
1217 2560 1268 2592 est

283 2613 459 2660 Christus,
474 2622 508 2650 et
522 2625 651 2649 novam
670 2623 823 2647 massam
839 2622 944 2646 sacrae
964 2607 1061 2645 illius
1081 2606 1267 2644 mixtionis

281 2665 496 2717 accepimus,
522 2664 587 2701 toti
619 2663 766 2700 meliore
793 2662 926 2699 virtute
955 2659 1153 2698 fermentati
1172 2668 1205 2697 et
1230 2659 1267 2697 in

284 2731 436 2756 massam
458 2716 589 2754 redacti
610 2730 674 2768 per
701 2716 777 2767 ejus
804 2714 992 2772 Spiritum.
1016 2713 1092 2763 Ego
1116 2725 1270 2762 namque

282 2771 401 2823 ipsum
419 2783 567 2818 regnum
595 2769 763 2805 caelorum
799 2775 913 2804 mixto
930 2766 1099 2803 fermento
1117 2765 1269 2802 fermen-

282 2823 354 2862 tavi
372 2853 380 2870 ,
414 2821 596 2860 referendo
630 2821 672 2858 ad
705 2830 774 2858 tres
809 2832 988 2857 mensuras
1020 2817 1157 2855 similae.
1186 2817 1268 2854 Ideo

283 2875 367 2913 binc
390 2875 524 2913 Pascha
550 2873 692 2910 dicitur.
719 2873 958 2924 Alienigena
986 2885 1062 2908 non
1081 2871 1264 2908 comedet.

284 2929 364 2967 Non
379 2928 473 2965 enim
493 2926 641 2978 projicio
661 2926 870 2976 margaritas
888 2933 968 2962 ante
982 2937 1121 2983 porcos,
1139 2937 1208 2960 non
1222 2922 1268 2960 do

285 2990 446 3019 sanctum
469 2980 629 3016 canibus.
658 2978 729 3023 Qui
751 2991 833 3015 vero
860 2986 1013 3028 peccatis
1033 2975 1118 3014 olim
1141 2975 1270 3013 servie-

284 3034 366 3082 bat,
395 3032 498 3071 corde
522 3030 811 3075 circumcidetur,
833 3038 866 3066 et
885 3029 930 3066 ab
949 3028 1074 3066 acerba
1101 3028 1271 3067 servitute

285 3087 470 3135 liberatus,
499 3084 549 3122 sie
568 3097 649 3121 cum
675 3082 857 3119 nobilitate
873 3081 918 3118 ad
940 3081 1151 3133 mysterium
1172 3094 1270 3118 acce-

286 3140 363 3188 det3
387 3148 419 3177 et
433 3147 516 3175 tunc
531 3150 612 3174 cum
632 3135 794 3172 libertate
811 3134 945 3170 Pascha
962 3133 1135 3170 comedet.
1159 3134 1267 3171 Cleri-

286 3203 365 3231 stus
376 3191 470 3229 enim
484 3204 552 3228 nos
569 3190 748 3226 liberavit
760 3188 807 3224 de
819 3185 985 3223 servitute
994 3194 1026 3222 et
1043 3186 1266 3232 maledicto,

275 3248 415 3298 sactus
431 3257 501 3295 pro
515 3244 620 3280 nobis
640 3240 901 3279 maledictum.

1292 2954 1318 2983 A

329 3413 341 3427 ¹·
365 3402 374 3442 [
394 3400 472 3441 Leg.
489 3399 649 3440 πηγάσας.ἷ

1281 2913 1328 2937 270
1340 2917 1349 2930 <

1243 201 1414 232 spuma.

1345 282 1547 336 συντρίψετε
1577 285 1639 322 ἀπ’
1671 285 1796 321 αὐτοῦ·
1823 281 1880 320 ἵνα
1909 285 2047 334 γνωσθῇ
2076 286 2097 330 ἡ
2131 282 2318 328 ἀνάστασις
2340 286 2362 330 ἡ

1344 336 1433 385 μετὰ
1448 335 1621 387 σώματος.
1648 335 1743 374 Βάλε
1760 334 1828 387 γὰρ
1840 364 1849 382 ,
1870 335 1954 387 φησὶ
1966 365 1975 382 ,
1996 335 2075 378 τοὺς
2095 335 2283 379 δακτύλους
2302 351 2363 374 σου

1342 389 1390 432 εἷς
1415 389 1493 432 τοὺς
1525 392 1593 427 τῶν
1618 387 1712 434 ἥλων
1744 388 1887 433 τύπους,1
1915 387 1971 425 ἵνα
1992 391 2100 441 γνῷς·
2121 386 2206 426 “Ort
2225 392 2364 439 πνεῦμα

1341 441 1452 493 σάρκα
1488 442 1547 480 καὶ
1582 440 1686 480 ὀστέα
1717 442 1780 479 οὐκ
1806 440 1891 492 ἔχει.
1910 439 2043 491 Ἄζυμα
2074 440 2161 491 μετὰ
2192 440 2363 493 πικρίδων

1340 494 1467 532 ἔδεσθε.
1486 493 1606 548 Πικρδι
1624 493 1692 547 γάρ
1711 509 1788 541 σοι,
1805 493 1827 538 ἢ
1842 496 1975 545 πικρῶν
1996 493 2103 544 ἔργων
2115 493 2159 531 τὰ
2175 494 2363 546 μυστήρια.

1338 545 1383 584 ‘H
1404 551 1447 598 γῆ
1465 550 1560 598 ὑμῶν
1576 547 1716 598 ἔρημος,
1736 549 1771 584 αἱ
1787 546 1904 589 πόλεις
1922 548 2018 595 ὑμῶν
2039 546 2280 597 πυρίκαυστοι,
2300 545 2363 592 τὴν

1338 599 1456 652 χώραν
1487 602 1583 650 ὑμῶν
1618 598 1793 651 ἀλλότριοι
1828 597 1972 636 ἐνώπιον
1999 599 2094 648 ὑμῶν
2121 598 2364 646 κατεσθίουσι,

1339 653 1399 690 καὶ
1423 652 1612 704 ἠρήμωται
1632 650 1923 704 κατεστραμμένη
1945 650 2013 688 ὑπὸ
2035 649 2239 702 ἀλλοτρίων.
2255 650 2361 688 ’Ἐδε-

1340 709 1399 743 σθε
1421 705 1510 755 μετὰ
1533 705 1683 750 σπουδῆς
1702 704 1741 742 τὸ
1768 704 1905 755 πάσχα.
1928 702 2179 754 Ἔγρηγορέναι
2205 702 2271 755 γὰρ
2301 704 2362 741 καὶ

1341 758 1580 810 ἐπινενηφέναι
1605 759 1655 794 δεῖ
1680 758 1819 795 ἅπαντα
1837 757 1894 794 τὸν
1922 755 2093 805 μέλλοντα
2111 754 2292 806 προσιέναι
2311 758 2362 808 τῷ

1341 810 1484 863 μεγάλῳ
1525 811 1675 861 σώματι.
1706 812 1751 848 Αἱ
1791 807 1912 861 ὀσφύες
1946 810 2047 859 ὑμῶν·
2071 808 2361 861 περιεζωσμέναι.

1338 864 1605 901 Παυσάσθωσαν
1629 865 1663 901 αἱ
1684 862 1740 900 διὰ
1759 861 1926 913 γενέσεως
1943 860 2054 912 πηγαὶ
2073 860 2257 911 λελυμέναι
2277 876 2362 912 σαρ-

1338 918 1408 953 κῶν
1425 915 1651 970 περιπλοκαὶ,
1673 915 1732 954 καὶ
1753 917 1788 952 αἱ
1813 912 2028 968 ῥυπαρώδεις
2048 913 2181 959 ἡδοναί.
2201 913 2259 951 Τὰ
2274 917 2362 952 ὑπο-

1339 968 1480 1019 δήματα
1499 971 1596 1019 ὑμῶν
1625 970 1658 1005 ἐν
1682 973 1753 1011 τοῖς
1774 967 1887 1005 ποσίν.
1917 968 2191 1017 Ὀρθοτομοῦσαι
2220 965 2338 1017 βάσεις
2355 997 2363 1011 ,

1339 1021 1562 1071 στηρίγματα
1585 1020 1788 1072 ἀχ(ι’)λευτα·
1809 1019 1972 1065 ἀληθείας
1996 1018 2064 1070 γὰρ
2086 1018 2279 1070 ῥιζώματα.
2305 1020 2363 1058 Τὰ

1339 1073 1550 1123 ὑποδήματα
1567 1075 1664 1123 ὑμῶν
1681 1073 1715 1109 ἐν
1733 1078 1803 1114 τοῖς
1830 1072 1930 1109 ποσὶν
1951 1073 2046 1121 ὓμῶν
2060 1087 2067 1094 ·
2089 1071 2111 1107 ἃ
2127 1074 2281 1118 Μωϋσῆς
2299 1072 2361 1122 μὲν

1338 1125 1552 1173 ὑπελύσατο,
1576 1125 1708 1172 Ἰησοῦς
1726 1124 1762 1162 δὲ
1781 1122 1990 1169 ὑπεδήσατο.
2020 1124 2135 1160 Λῦσαι
2153 1122 2219 1175 γὰρ
2231 1153 2240 1170 ,
2259 1125 2363 1176 φησὶ,

1338 1178 1378 1216 τὸ
1396 1179 1561 1229 ὑπόδημα
1577 1181 1646 1216 τῶν
1662 1178 1777 1231 ποδῶν
1799 1192 1877 1223 σου,
1893 1175 1948 1214 ἵνα
1965 1175 2004 1213 τὸ
2022 1174 2283 1228 παρερχόμενον
2303 1181 2363 1215 τοῦ

1338 1230 1444 1281 νόμου
1478 1232 1631 1283 δηλωθῇ.
1668 1233 1721 1268 Ob
1751 1233 1813 1268 οὐκ
1832 1229 1905 1278 εἷμὶ
1928 1228 2043 1271 ἱκανὸς
2065 1228 2122 1266 τὸν
2142 1227 2272 1278 ἱμάντα
2295 1232 2365 1267 τῶν

1337 1283 1571 1334 ὑποδημάτων
1589 1284 1690 1321 αὐτοῦ
1709 1285 1833 1321 λῦσαι·
1853 1280 1910 1319 ἵνα
1926 1281 1965 1319 τὸ
1988 1280 2153 1319 πάντοθεν
2187 1297 2364 1334 περιεσφι-

1336 1336 1463 1386 γμένον
1478 1341 1537 1376 τοῦ
1557 1336 1660 1388 λόγου
1680 1339 1829 1388 μηνυθῇ.
1851 1336 1894 1373 Αἱ
1912 1332 2100 1386 βακτηρίαι
2121 1335 2216 1384 ὑμῶν
2236 1336 2269 1371 ἐν
2288 1340 2364 1377 ταῖς

1336 1389 1457 1440 χερσὶν
1478 1393 1588 1440 ὑμῶν.
1620 1391 1696 1434 Τῆς
1723 1388 1814 1432 θείας
1844 1387 2021 1439 δυνάμεως
2051 1386 2095 1425 τὰ
2124 1393 2275 1436 σημεῖα,
2302 1390 2365 1433 τῆς

1337 1444 1480 1494 λογικῆς
1507 1441 1625 1494 ἰσχύος
1644 1442 1687 1479 τὰ
1714 1441 1915 1493 ἐρείσματα.
1940 1439 2087 1482 Ῥάῧδος
2112 1442 2133 1485 ἡ
2163 1439 2220 1478 διὰ
2251 1442 2362 1478 Μωϋ-

1339 1495 1444 1543 σε’ως,
1467 1495 1590 1549 ῥάὸδος
1608 1497 1629 1540 ἡ
1649 1495 1692 1532 δι’
1710 1493 1855 1545 Ἀαρὼν,
1874 1492 1998 1546 ράῧδος
2017 1496 2037 1538 ἡ
2056 1491 2214 1543 καρυίνη,
2239 1492 2363 1543 ῥάὸδος

1337 1551 1358 1594 ἡ
1391 1553 1542 1598 τεμοῦσα
1579 1547 1667 1597 βάθη
1705 1547 1880 1593 θαλάσσης
1893 1577 1902 1593 ,
1934 1549 1955 1591 ἡ
1988 1544 2190 1597 γλυκήνασα
2220 1545 2363 1598 πικρίαν

1337 1603 1477 1651 πηγῶν·
1508 1601 1632 1654 ῥάὸδος
1664 1601 1714 1652 ἐφ’
1744 1600 1784 1645 ἣν
1812 1598 1856 1636 τὰ
1883 1597 1972 1636 ἑπτὰ
2004 1596 2187 1648 πνεύματα
2215 1596 2260 1635 τὰ
2282 1599 2362 1649 ἅγια

1339 1653 1561 1692 ἀνεπαύσατο
1578 1657 1637 1690 τοῦ
1659 1654 1750 1689 Θεοῦ
1767 1667 1774 1675 ·
1792 1653 1938 1702 Πνεῦμα
1958 1650 2078 1701 σοφίας
2100 1649 2159 1687 καὶ
2175 1649 2363 1699 συνέσεως,

1337 1710 1476 1756 πνεῦμα
1505 1707 1630 1756 βουλῆς
1658 1705 1718 1743 καὶ
1745 1704 1884 1756 ἰσχύος,
1904 1708 2041 1753 πνεῦμα
2058 1701 2164 1754 adeon
2185 1704 2276 1740 Θεοῦ
2296 1705 2363 1752 ἐμ-

1337 1758 1467 1804 πλήσει
1488 1759 1602 1796 αὐτόν.
1622 1757 1712 1796 Τόδε
1729 1757 1869 1809 πάσχα,
1890 1755 2014 1807 πάσχα
2034 1754 2181 1808 Κυρίου,
2201 1754 2365 1801 ἐξεὸόησε

1336 1810 1376 1848 τὸ
1404 1813 1573 1861 Πνεῦμα·
1603 1810 1657 1848 ὅτι
1682 1810 1806 1861 πάσχα
1826 1810 1863 1846 οὐ
1882 1808 2010 1855 τύπος,
2043 1809 2108 1859 οὐχ
2140 1807 2295 1865 ἱστορία,
2326 1811 2365 1847 οὗ

1338 1863 1420 1901 σκιὰ
1435 1893 1444 1910 ,
1466 1863 1557 1902 ἀλλὰ
1578 1863 1701 1915 πάσχα
1721 1865 1858 1908 ἀληθῶς
1878 1860 2024 1913 Κυρίου.
2053 1860 2105 1899 Τὸ
2135 1860 2169 1898 δὲ
2198 1867 2286 1910 αἱμα
2317 1863 2364 1905 εἷς

1337 1923 1495 1967 σημεῖον,
1524 1921 1666 1967 σημεῖον
1702 1914 1737 1953 δὲ
1769 1917 1831 1960 τ’ῆς
1860 1913 2053 1965 μελλούσης
2082 1914 2269 1960 ἀληθείας,
2302 1918 2362 1952 τοῦ

1338 1971 1500 2016 ἀληθινοῦ
1528 1968 1733 2019 Πνεύματος
1761 1967 1799 2005 τὸ
1823 1966 2116 2018 πρωτοτύπωμα,
2148 1965 2187 2003 τὸ
2217 1967 2364 2017 μίμημα

1336 2025 1395 2060 τοῦ
1430 2021 1581 2074 μεγάλου
1612 2021 1818 2073 χρίσματος.
1850 2019 1920 2058 Καὶ
1941 2020 2072 2069 ὄψομαι
2099 2019 2139 2057 τὸ
2160 2013 2271 2070 αἷμα,
2303 2019 2363 2056 καὶ

1338 2075 1504 2113 σκεπάσω
1520 2077 1622 2125 ὑμᾶς.
1640 2073 1863 2116 Ἐσκέπασας
1881 2074 2018 2119 ἀληθῶς
2029 2101 2038 2117 ,
2054 2073 2171 2118 Ἰησοῦ
2186 2102 2196 2119 ,
2217 2071 2285 2109 ἀπὸ
2300 2076 2363 2119 τῆς

1336 2129 1469 2174 πολλῆς
1494 2126 1691 2172 ἀπωλείας,
1723 2125 1783 2164 καὶ
1809 2132 1928 2178 χεῖρας
1965 2124 2134 2168 ἐξέτεινας
2164 2124 2338 2178 πατρικάς
2354 2141 2363 2148 ·

1337 2180 1513 2235 ἐκάλυψωας
1537 2183 1631 2231 ἡμᾶς
1651 2179 1744 2222 ἐντὸς
1769 2182 1838 2216 τῶν
1857 2176 2036 2228 πτερύγων
2064 2192 2123 2214 σου
2143 2180 2210 2215 τῶν
2231 2193 2363 2230 πατρι-

1337 2236 1420 2280 κῶν,
1441 2237 1529 2283 αἱμα
1551 2236 1639 2270 θεῖον
1654 2232 1711 2269 ε’πὶ
1731 2235 1796 2282 γῆς
1823 2230 2007 2282 ἶίπηγοίσαι
2030 2236 2105 2273 ταῖς
2134 2229 2288 2280 ἐναίμοις
2303 2246 2364 2269 σου

1337 2285 1397 2323 καὶ
1423 2285 1680 2338 φιλανθρώποις
1711 2300 1771 2322 σου
1802 2284 1984 2326 σπονδαῖς·
2012 2282 2070 2320 καὶ
2090 2282 2151 2325 τὰς
2170 2286 2232 2329 τῆς
2259 2285 2364 2335 ὀργῆς

1337 2339 1537 2391 παρήγαγες
1558 2339 1615 2389 ἀφ’
1637 2340 1738 2387 ἡμῶν
1763 2334 1929 2382 ἀπειλὰς,
1958 2335 2017 2373 καὶ
2035 2335 2098 2377 τὰς
2116 2334 2257 2387 πρώτας
2277 2340 2363 2386 ἡμῖν

1339 2390 1468 2429 ἄνωθεν
1506 2389 1755 2432 ἀνταπέδωκας
1785 2388 1986 2438 διαλλαγάς,
2021 2387 2172 2425 Ἐκεῖνοι
2209 2388 2270 2438 μὲν
2305 2382 2362 2425 οῧν

1339 2443 1454 2494 ἄζυμα
1488 2442 1696 2482 ἓσθιέτωσαν
1731 2441 1820 2479 ἑπτὰ
1849 2441 2000 2492 ἡμέρας,
2031 2440 2094 2487 τὴν
2128 2440 2362 2491 ἑδδομαδικὴν

1337 2495 1395 2535 ἐπὶ
1413 2500 1471 2535 τοῦ
1487 2495 1620 2546 κόσμου
1643 2497 1853 2545 μελετῶντες
1868 2493 2039 2545 περίοδον,
2060 2494 2119 2531 καὶ
2133 2492 2196 2539 τὴν
2212 2493 2362 2544 ἐπίγειον

1337 2549 1395 2588 ἐπὶ
1410 2552 1473 2600 γῆς
1489 2548 1629 2599 ἔννομον
1650 2547 1817 2590 ἐσθίοντες
1830 2545 1960 2598 τροφήν
1976 2561 1984 2569 ·
2004 2548 2105 2597 ἡμῶν
2127 2545 2163 2583 δὲ
2182 2546 2220 2583 τὸ
2240 2546 2363 2598 πάσχα

1336 2601 1476 2640 τέθυται
1496 2601 1664 2654 Χριστὸς,
1683 2600 1742 2638 καὶ
1758 2599 1797 2637 τὸ
1815 2599 1888 2637 νέον
1911 2597 2053 2650 φύραμα
2067 2602 2129 2644 τῆς
2145 2601 2237 2650 ἱερᾶς
2258 2600 2362 2636 αὐτοῦ

1338 2655 1561 2706 συγκράσεως
1601 2652 1857 2704 ἀπειλήφαμεν,
1891 2651 1964 2690 ὅλοι
2008 2650 2149 2701 δυνάμει
2192 2650 2362 2700 κρείττονι

1339 2706 1618 2757 ἀναζυμωθέντες
1638 2705 1698 2743 καὶ
1716 2703 1990 2756 ἀναφυραθέντες
2009 2705 2111 2741 αὐτοῦ
2131 2706 2180 2755 τῷ
2197 2703 2363 2753 Πνεύμα-

1337 2777 1382 2799 τι.
1403 2759 1498 2811 Ἐγὼ
1531 2759 1592 2810 μὲν
1619 2759 1687 2811 γὰρ
1713 2757 1817 2804 αὐτὴν
1837 2756 1900 2803 τὴν
1920 2756 2096 2807 βασιλείαν
2119 2759 2187 2793 τῶν
2208 2757 2361 2821 οὐρανῶν

1338 2816 1381 2865 τῇ
1397 2811 1622 2864 κεκραμμένῃ
1646 2811 1736 2861 ζύμῃ
1758 2809 1985 2859 ἀναζυμώσας
2007 2807 2183 2860 ἀναλόγως
2203 2825 2281 2861 τρια
2301 2807 2363 2858 με’-

1338 2881 1405 2916 τρα
1424 2868 1486 2911 τῆς
1505 2865 1728 2915 σεμιδάλεως.
1745 2862 1812 2900 Διὰ
1832 2866 1930 2899 τοῦτο
1945 2861 2014 2899 ἀπὸ
2033 2861 2151 2899 τούτου
2166 2861 2204 2898 τὸ
2223 2860 2359 2912 πάσχα.

1352 2920 1384 2956 Ο
1410 2917 1471 2969 μὲν
1498 2917 1684 2969 ἀλλογενὴς
1711 2917 1747 2954 οὗ
1774 2913 1959 2967 βρώσει-αι.
1986 2916 2039 2951 Οὐ
2060 2913 2126 2965 γὰρ
2149 2913 2266 2964 βάλλω
2285 2914 2364 2957 τοὺς

1341 2970 1556 3024 μαργαρίτας
1571 2975 1640 3012 τοῖς
1657 2967 1805 3020 χοίροις,
1822 2969 1859 3004 οὖ
1882 2965 2008 3015 δίδωμι
2029 2966 2068 3003 τὸ
2084 2966 2180 3017 ἅγιον
2204 2973 2274 3009 τοῖς
2298 2982 2363 3003 κυ-

1340 3024 1405 3062 σίν.
1426 3023 1470 3061 ‘O
1488 3022 1523 3061 δὲ
1542 3022 1652 3060 πάλαι
1668 3019 1836 3058 δουλεύων
1857 3022 1889 3057 ἐν
1913 3018 2118 3071 ἁμαρτίαις,
2139 3019 2201 3065 τὴν
2217 3018 2363 3071 καρδίαν

1339 3075 1640 3127 περιτμηθήσεται
1652 3105 1661 3121 ,
1675 3074 1734 3111 καὶ
1748 3076 1811 3119 τῆς
1825 3078 1951 3124 πικρᾶς
1967 3072 2121 3114 δουλείας
2138 3071 2363 3121 ἀπαλλαγεὶς,

1340 3128 1429 3166 οὕτω
1452 3129 1527 3179 μετ’
1548 3126 1717 3178 εὐγενείας
1732 3127 1781 3177 τῷ
1803 3123 1983 3175 μυστηρίῳ
2000 3123 2287 3175 προσελεύσεται·
2303 3122 2362 3160 καὶ

1340 3182 1417 3220 τότε
1443 3183 1517 3231 μετ’
1548 3178 1740 3229 ἐλευθερίας
1758 3177 1795 3215 τὸ
1812 3176 1931 3228 πάσχα
1954 3175 2126 3228 βρώσεται
2152 3174 2361 3228 ἐλευθερίως.

1340 3233 1489 3285 Χριστὸς
1505 3232 1572 3284 γὰρ
1584 3235 1677 3281 ἡμᾶς
1696 3229 1899 3281 ἐξηγόρασεν
1919 3230 1956 3266 ἐκ
1972 3231 2033 3274 τῆς
2048 3227 2201 3271 δουλείας
2221 3227 2279 3266 καὶ
2296 3243 2359 3265 κα-

1340 3288 1462 3338 τάρας,
1481 3285 1617 3336 κατάρα
1636 3283 1816 3334 γενόμενος
1834 3279 1920 3333 ὑπὲρ
1937 3282 2037 3330 ἡμῶν
