2481 3678
114 2979 201 3007 Psal.
233 2988 277 3016 ις.

111 3018 163 3056 45.
179 3021 227 3057 (16-

323 186 383 231 60
782 201 802 231 S
813 223 820 232 .

322 282 454 333 gnitate
473 282 619 320 Domini
641 282 751 321 nostri
771 283 855 321 Jesu
870 282 1028 335 [Christi,
1050 282 1195 333 quicum
1211 281 1308 321 Patri

321 343 434 395 gloria
457 358 598 395 unaque
614 354 734 383 saneto
753 345 917 397 Spiritui,
935 359 1029 383 nunc
1046 354 1079 383 et
1103 360 1252 398 semper,
1272 354 1306 383 et

324 403 361 442 in
377 406 504 444 saeeula
526 406 749 444 saeculorum.
775 408 896 444 Amen.

857 199 1040 231 JOANNIS
1074 197 1316 229 cuRYSOST.
1348 198 1549 230 ARCHIEP.
1587 200 1941 231 CONSTANTINOP.

1381 289 1471 340 μετὰ
1487 292 1618 337 πολλῆς
1636 292 1832 344 παῤῥησίας
1856 295 1923 331 τῶν
1957 291 2224 343 ἡτοιμασμένων
2259 294 2396 346 ἀγαθῶν

1378 351 1412 387 ἐν
1432 356 1502 394 τοῖς
1516 353 1688 404 οὐρανοῖς,
1706 359 1776 396 τοῖς
1791 355 1837 397 ὡς
1850 352 1918 405 χρὴ
1936 355 2118 404 ἀγαπῶσιν
2136 352 2234 391 αὐτόν
2248 368 2255 376 ·
2278 354 2398 406 χάριτι

1376 410 1436 447 καὶ
1466 412 1708 465 φιλανθρωπία
1735 418 1794 451 τοῦ
1815 412 1941 466 Κυρίου
1963 417 2062 464 ἡμῶν
2085 413 2201 460 Ἰησοῦ
2226 415 2395 467 Χριστοῦ,

1374 472 1450 520 μεθ’
1477 464 1515 509 οῧ
1539 474 1588 524 τῷ
1611 473 1726 525 Πατρὶ
1753 476 1775 519 ἡ
1808 473 1888 517 δόξα
1912 474 1986 524 ἅμα
2005 477 2054 527 τῷ
2076 474 2164 526 ἁγίῳ
2194 474 2395 525 Πνεύματι,

1371 535 1428 568 νῦν
1446 531 1506 569 καὶ
1525 531 1590 580 ἀεὶ,
1615 533 1674 570 καὶ
1696 536 1743 577 εἷς
1755 533 1833 577 τοὺς
1848 537 1975 578 αἰῶνας
1990 538 2058 573 τῶν
2079 534 2225 573 αἰώνων.
2246 535 2366 586 Ἀμήν.

328 642 2378 681 Ἢ--Ἣ-Ἃ-Ἢκῂ

658 749 868 789 HOMILIA
897 751 960 789 IX.

317 872 377 907 11.
411 873 458 908 In
483 875 640 923 propria
671 877 801 922 venit,
835 885 870 913 ec
890 879 949 915 sui
978 891 1063 916 eum
1094 892 1172 917 non
1200 893 1300 920 rece-

729 944 880 985 perant.

369 1066 403 1100 1.
434 1062 473 1101 Si
495 1063 658 1115 priorum
687 1065 976 1117 reminiscamini,
1000 1083 1078 1120 quae
1100 1080 1298 1121 sequuntur

313 1137 396 1161 cum
412 1124 537 1176 majori
555 1126 738 1164 alacritate
760 1128 983 1179 adjiciemus,
1003 1139 1124 1182 utpote
1142 1132 1203 1181 qui
1224 1146 1298 1170 ma-

312 1197 422 1234 gnum
441 1185 645 1237 impendere
674 1187 815 1225 lucrum
832 1189 1029 1227 videamus.
1049 1192 1103 1227 Ita
1121 1191 1215 1228 enim
1233 1207 1298 1230 vo·

309 1245 365 1282 bis
392 1255 497 1297 captu
527 1247 666 1284 facilior
696 1263 811 1286 sermo
841 1250 920 1295 erit,
950 1250 980 1287 si
1012 1251 1089 1302 jam
1118 1251 1298 1290 dictorum

310 1306 543 1344 memineritis
551 1323 562 1356 3
582 1308 754 1359 nobisque
767 1324 835 1347 non
851 1312 965 1349 multo
978 1326 1068 1364 opus
1081 1312 1147 1350 erit
1161 1313 1296 1362 labore,

309 1381 391 1404 eum
411 1382 474 1405 vos
491 1382 537 1405 ex
553 1368 712 1407 discendi
727 1370 922 1423 cupiditate
941 1373 1079 1411 acutius
1098 1383 1222 1412 caetera
1240 1374 1297 1413 di-

308 1427 475 1479 spicietis.
496 1429 569 1474 Qui
597 1430 691 1467 enim
714 1445 752 1468 ea
783 1446 862 1482 quae
894 1433 1025 1471 tradita
1055 1444 1136 1472 sunt
1160 1449 1297 1488 semper

309 1491 454 1535 amittit,
473 1491 614 1531 doctore
631 1508 769 1546 semper
791 1496 919 1547 egebit,
936 1511 999 1534 nec
1018 1511 1190 1548 umquam
1212 1499 1297 1537 sciet

311 1550 518 1603 quidpiam5
538 1554 601 1604 qui
618 1564 736 1592 autem
758 1566 900 1608 accepta
923 1557 1090 1606 custodit,
1110 1567 1144 1596 et
1158 1559 1296 1610 reliqua

309 1612 533 1663 superaddit,
559 1614 628 1652 cito
658 1629 703 1652 ex
727 1615 905 1668 diseipulo
933 1618 1101 1669 magister
1131 1619 1210 1668 erit,
1234 1634 1297 1658 nec

309 1672 379 1709 sibi
410 1674 540 1719 solum,
564 1675 625 1712 sed
656 1676 734 1713 aliis
766 1692 907 1729 quoque
939 1679 1049 1716 utilis.
1082 1680 1298 1732 Hujusmodi

310 1748 412 1785 spero
435 1735 508 1773 fore
526 1736 616 1774 hanc
639 1738 856 1788 concionem,
879 1739 988 1791 idque
1004 1755 1050 1778 ex
1065 1750 1162 1779 tanto
1180 1752 1297 1781 vestro

309 1796 479 1834 audiendi
496 1799 616 1836 studio
633 1814 803 1852 auguror.
821 1804 895 1854 Age
909 1817 1005 1854 ergo,
1027 1803 1063 1841 in
1078 1805 1205 1842 vestris
1222 1805 1299 1843 ani-

310 1858 392 1906 mis,
418 1859 518 1908 quasi
547 1860 582 1898 in
612 1862 786 1900 tutissimo
816 1863 996 1912 thesauro,
1023 1875 1209 1916 argentum
1224 1868 1298 1905 Do—

309 1918 397 1956 mini
428 1919 662 1972 deponamus,
681 1933 713 1961 et
732 1939 809 1974 quae
840 1926 940 1963 nobis
975 1926 1081 1964 hodic
1114 1928 1298 1980 proposita

308 1990 404 2027 sunt,
423 1993 597 2031 quantum
615 1985 715 2023 nobis
735 1986 892 2038 Spiritus
910 1988 1023 2039 gratia
1037 1989 1296 2041 suppeditabit,

308 2042 538 2093 explicemus.
558 2045 721 2095 Dixerat,
751 2050 922 2086 Mundus
951 2064 1036 2087 eum
1061 2064 1139 2087 non
1159 2064 1296 2103 cogno-

312 2106 377 2150 vit,
408 2103 452 2141 de
480 2105 742 2156 antiquioribus
777 2109 848 2146 illis
879 2110 1101 2162 temporibus
1134 2111 1293 2161 loquens.

309 2165 501 2203 Descendit
517 2167 646 2205 deinde
658 2169 703 2206 ad
721 2179 858 2222 tempus
874 2171 1151 2223 praedicationis,
1169 2181 1201 2209 et
1219 2173 1268 2211 ait
1283 2191 1291 2211 :

308 2227 355 2262 In
373 2231 527 2278 propria
554 2233 678 2278 venit,
701 2240 738 2268 et
757 2234 816 2268 sui
842 2247 927 2270 eum
951 2247 1029 2270 non
1054 2246 1290 2286 receperant.

309 2286 400 2324 Suos
419 2287 477 2325 hic
500 2289 642 2327 Judaeos
667 2300 783 2339 vocat,
801 2302 839 2329 ut
862 2294 1039 2344 populum
1063 2296 1292 2346 peculiarem,

307 2349 365 2385 vel
389 2349 494 2387 etiam
513 2365 632 2389 omnes
658 2352 817 2391 homines
843 2363 1026 2404 tamquam
1041 2357 1086 2393 ab
1107 2357 1182 2408 ipso
1199 2372 1294 2396 crea-

309 2418 372 2447 tos.
389 2411 437 2447 Ac
451 2411 756 2460 quemadmodum
778 2428 885 2466 supra
904 2414 948 2452 dc
961 2417 1157 2455 multorum
1176 2434 1294 2457 amen-

309 2471 356 2507 tia
375 2480 532 2523 stupens,
556 2483 589 2510 et
607 2473 651 2510 dc
668 2475 847 2512 communi
873 2485 998 2514 natura
1017 2479 1223 2517 erubescens
1239 2480 1294 2519 di-

309 2533 421 2577 cebat,
437 2534 611 2572 mundum
626 2536 671 2573 ab
686 2536 748 2573 illo
767 2537 964 2586 conditum,
984 2549 1175 2578 creatorem
1188 2556 1295 2581 suum

309 2609 378 2632 non
401 2597 606 2645 cognovisse
627 2614 634 2634 ε
660 2599 710 2636 sic
733 2609 766 2637 ct
784 2600 851 2637 hoc
874 2601 952 2639 loco
980 2602 1189 2641 Judaeorum
1206 2604 1295 2642 alio-

311 2671 463 2707 rumque
477 2659 670 2696 multorum
688 2661 868 2710 ingratum
886 2662 1045 2701 animum
1058 2678 1150 2715 aegre
1166 2666 1293 2713 ferens,

312 2718 347 2754 in
381 2718 581 2769 graviorem
614 2722 815 2772 prorumpit
844 2724 1119 2773 accusationem,
1146 2725 1292 2764 dicens:

311 2779 378 2816 Sui
397 2794 481 2817 eum
503 2794 579 2817 non
595 2791 828 2831 receperunt,
846 2784 907 2821 etsi
927 2785 1000 2837 ipsc
1022 2787 1069 2824 ad
1092 2787 1172 2825 illos
1191 2802 1295 2826 venc-

314 2839 370 2876 rit.
385 2842 506 2890 Neque
519 2841 592 2892 ipse
605 2842 732 2885 solum,
746 2842 807 2879 sed
820 2844 925 2881 etiam
938 2847 1118 2898 prophetae
1134 2848 1295 2901 idipsum

314 2900 517 2939 mirabundi
535 2902 705 2940 dixerunt
725 2919 731 2938 :
754 2917 885 2941 necnon
902 2906 1034 2945 Paulus
1052 2908 1108 2946 his
1125 2909 1171 2947 de
1188 2909 1295 2948 rebus

313 2964 571 3016 obstupescens.
609 2965 655 3003 Et
690 2965 869 3018 prophetae
903 2968 1047 3017 quidem
1075 2985 1119 3008 ex
1146 2988 1295 3024 persona

314 3025 446 3062 Christi
463 3026 652 3063 clamantes
668 3026 837 3064 dixerunt
858 3043 865 3063 :
887 3030 1071 3079 Populus,
1090 3048 1202 3082 quem
1219 3048 1296 3072 non

312 3089 485 3137 cognovi,
505 3090 659 3125 servivit
683 3089 776 3124 mihi
797 3103 807 3122 :
827 3091 867 3125 in
885 3090 1021 3128 audita
1045 3094 1148 3130 auris
1171 3096 1296 3132 obedi-

1324 1082 1347 1112 C

1759 767 1939 805 ΟΜΙΛΙΑ
1965 766 2005 804 θ’.

1399 886 1461 929 Εἷς
1481 886 1525 925 τὰ
1546 887 1615 925 ἴδια
1634 882 1736 937 ἦλθε,
1752 888 1811 926 καὶ
1831 892 1861 927 οἱ
1877 888 1956 927 ἴδιοι
1977 889 2077 928 αὐτὸν
2097 890 2134 927 οὗ
2155 889 2363 942 παρέλαὸον.

1424 1072 1484 1112 Ἂν
1497 1077 1564 1113 τῶν
1582 1077 1759 1131 προτέρων
1779 1076 2075 1129 διαμνημονεύητε
2091 1077 2288 1128 νοημάτων,
2304 1077 2391 1127 μετὰ

1372 1135 1527 1179 πλείονος
1548 1138 1742 1189 προθυμίας
1762 1139 1821 1176 καὶ
1851 1138 1896 1177 τὰ
1929 1139 2004 1186 ἑξῆς
2034 1138 2391 1190 1’ἐποωιοδομήσομεν,

1372 1198 1418 1239 ὡς
1450 1197 1507 1234 ἐπὶ
1540 1197 1654 1250 κέρδει
1681 1204 1780 1237 τοῦτο
1808 1204 1982 1243 ποιοῦντες
2016 1201 2168 1252 μεγάλῳ.
2190 1199 2294 1238 Οὕτω
2324 1199 2392 1252 γὰρ

1371 1260 1451 1306 ὑμῖν
1465 1272 1503 1294 τε
1522 1258 1770 1311 εὖμαθέστερος
1785 1259 1882 1299 ἔσται
1903 1264 1920 1298 ὁ
1941 1260 2058 1312 λόγος,
2078 1265 2146 1298 τῶν
2169 1261 2235 1308 ἤδη
2249 1261 2392 1313 λεχθέν-

1371 1333 1439 1355 των
1470 1318 1724 1369 μεμνημένοις,
1747 1320 1829 1358 εξκαὶ
1857 1325 1958 1371 ἡμεῖς
1978 1324 2015 1360 οὐ
2042 1323 2170 1359 πολλοῦ
2189 1322 2392 1372 ’δεησόμεθα

1369 1378 1492 1426 πόνου,
1513 1380 1710 1430 δυναμένων
1736 1383 1833 1432 ὑμῶν
1854 1382 1911 1421 διὰ
1935 1386 1998 1429 τῆς
2017 1385 2147 1429 πολλῆς
2167 1382 2393 1435 φιλομαθείας

1370 1440 1522 1494 ὀξύτερον
1552 1447 1622 1484 τοῖς
1643 1443 1774 1486 λοιποῖς
1790 1445 1920 1496 ἐνορᾷν.
1934 1443 1978 1482 ‘O
1995 1443 2056 1495 μὲν
2076 1443 2144 1496 γὰρ
2171 1444 2224 1482 ἀεὶ
2238 1443 2282 1482 τὰ
2302 1443 2391 1482 διδό-

1371 1516 1458 1552 μενα
1476 1500 1643 1548 ἀπολλὺς,
1660 1502 1712 1540 ἀεὶ
1740 1503 1898 1550 δεήσεται
1912 1508 1971 1542 τοῦ
1989 1503 2200 1552 διδάξοντος,
2220 1504 2280 1542 καὶ
2296 1503 2392 1541 οὐδέ-

1366 1577 1450 1602 ποτε
1466 1562 1596 1602 εἴσεται
1616 1564 1711 1603 οὐδέν
1723 1580 1731 1588 ·
1753 1568 1772 1602 ὃ
1790 1564 1825 1604 δὲ
1845 1565 1934 1618 ἅπερ
1951 1565 1989 1602 ἂν
2008 1565 2100 1617 λάὸῃ
2122 1565 2316 1617 φυλάττων,
2331 1566 2391 1603 καὶ

1369 1624 1459 1664 οὕτω
1473 1626 1517 1664 τὰ
1537 1624 1642 1664 λοιπὰ
1664 1626 1962 1679 προσλαμῧοίνων,
1985 1626 2120 1678 ταχέως
2139 1626 2215 1664 ἀντὶ
2236 1629 2391 1676 μαθητοῦ

1370 1687 1575 1730 διδάσκαλος
1608 1686 1725 1734 ἔσται,
1752 1687 1812 1724 καὶ
1844 1685 1933 1739 ᾱούχ
1955 1690 2066 1740 ἑαυτῷ
2087 1687 2201 1738 μόνον,
2224 1685 2313 1724 ἀλλὰ
2332 1686 2391 1724 καὶ

1368 1753 1438 1791 τοῖς
1461 1747 1578 1792 ἄλλοις
1607 1747 1716 1785 ἅπασι
1743 1747 1927 1799 χρήσιμος.
1947 1746 2066 1800 εὈπερ
2092 1747 2245 1798 μάλιστα
2261 1746 2389 1794 ταύτην

1369 1804 1506 1844 ἔσεσθαι
1538 1808 1720 1859 προσδοκῶ
1752 1806 1814 1852 τὴν
1845 1805 2044 1854 ἐκκλησίαν,
2073 1806 2142 1844 ἀπὸ
2173 1809 2235 1852 τῆς
2260 1807 2391 1852 πολλῆς

1368 1867 1496 1914 ταύτης
1528 1867 1800 1920 τεκμαιρόμενος
1832 1867 2023 1919 φιληκοΐας.
2061 1867 2156 1920 Φέρε
2193 1862 2250 1905 οὖν
2277 1870 2324 1910 ὡς
2356 1870 2389 1906 ἐν

1370 1930 1518 1980 ἀσφαλεῖ
1552 1928 1863 1981 θησαυροφυλακίῳ
1887 1934 1963 1971 ταῖς
1995 1927 2177 1980 ὑμετέραις
2205 1929 2331 1979 ψυχαῖς
2352 1928 2391 1966 τὸ

1369 1986 1527 2040 ἀργύριον
1543 1991 1602 2025 τοῦ
1618 1986 1747 2040 Κυρίου
1764 1985 2118 2039 παρακαταθώμεθα,
2138 1986 2198 2023 καὶ
2213 1985 2257 2023 τὰ
2278 1985 2388 2036 σήμε-

1369 2065 1423 2101 ρον
1459 2052 1543 2099 ἡμῖν
1584 2047 1794 2100 προτεθέντα
1830 2048 2090 2098 ἀναπτύξωμεν,
2106 2050 2169 2101 ’ὡς
2205 2047 2244 2084 ἂν
2278 2051 2299 2094 ἡ
2330 2051 2389 2086 τοῦ

1366 2109 1569 2161 Πνεόματος
1587 2108 1726 2162 παρέχῃ
1753 2109 1867 2162 χάρις.
1884 2103 1992 2148 Εἶπεν
2010 2109 2062 2147 ὅτι
2077 2108 2121 2147 Ὁ
2138 2107 2266 2159 κόσμος
2288 2109 2387 2147 αὐτὸν

1366 2172 1428 2208 οὐκ
1452 2170 1539 2222 ἔγνω
1550 2200 1560 2218 ,
1575 2170 1655 2222 περὶ
1671 2173 1739 2207 τῶν
1768 2170 1840 2208 ἄνω
1857 2170 1993 2223 χρόνων
2008 2170 2132 2222 λέγων.
2147 2169 2293 2208 Κάτεισι
2318 2171 2387 2208 λοι-

1366 2231 1429 2269 πὸν
1447 2234 1497 2283 τῷ
1515 2231 1607 2283 λόγῳ
1626 2231 1684 2268 καὶ
1707 2231 1791 2283 πρὸς
1815 2231 1892 2275 τοὺς
1910 2235 1969 2269 τοῦ
1989 2231 2211 2283 κηρύγματος
2227 2230 2388 2283 χρόνους,

1367 2292 1427 2330 καί
1450 2307 1573 2344 φησιν·
1591 2293 1653 2334 Εἷς
1671 2291 1715 2329 τὰ
1738 2291 1809 2328 ἴδια
1835 2286 1939 2338 ἦλθε,
1967 2292 2026 2329 καὶ
2054 2295 2085 2329 οἱ
2117 2291 2196 2329 ἰ’διοι
2221 2291 2323 2328 αὐτὸν
2353 2294 2390 2329 οὗ

1368 2353 1572 2406 περιέλαὸον
1587 2368 1594 2375 ·
1630 2351 1732 2395 ἰδίους
1763 2352 1948 2395 Ἰουδαίους
1981 2352 2090 2404 λέγων
2123 2357 2192 2399 νῦν,
2230 2354 2276 2395 ὡς
2308 2352 2390 2390 λαὸν

1367 2412 1615 2466 περιούσιον,ἢ
1646 2413 1705 2451 καὶ
1734 2413 1866 2454 πάντας
1887 2412 1922 2449 δὲ
1952 2411 2028 2455 τοὺς
2051 2412 2252 2465 ἀνθρώπους
2269 2415 2315 2456 ὡς
2334 2413 2391 2450 ὑπ’

1369 2477 1471 2513 αὐτοῦ
1491 2473 1747 2526 γεγενημένους.
1765 2473 1834 2510 Καὶ
1858 2473 2015 2525 καθάπερ
2033 2473 2194 2525 ἀνωτέρω
2218 2474 2391 2525 διαπορῶν

1366 2536 1424 2575 ἐπὶ
1439 2540 1480 2587 τῆ
1496 2535 1592 2588 ἀνοία
1607 2537 1674 2572 τῶν
1691 2535 1838 2580 πολλῶν,
1856 2533 1915 2571 καὶ
1930 2533 2017 2586 ὑπὲρ
2032 2536 2093 2579 τ’ῆς
2105 2537 2219 2579 κοινῆς
2233 2534 2393 2585 αἰσχυνό-

1370 2614 1469 2649 μενος
1482 2597 1614 2649 φύσεως
1629 2595 1755 2647 ἔλεγεν,
1768 2594 1821 2633 ὅτι
1837 2598 1854 2632 ὃ
1875 2595 2001 2645 κόσμος
2017 2596 2059 2632 δι’
2079 2597 2180 2633 αὐτοῦ
2193 2595 2392 2646 γενόμενος,

1369 2659 1426 2697 τὸν
1449 2658 1655 2711 δημιουργὸν
1672 2659 1731 2695 οὐκ
1748 2655 1948 2708 ἐγνώρισεν·
1969 2655 2056 2694 οὕτω
2083 2656 2143 2694 καὶ
2160 2659 2304 2694 ἐνταῦθα
2324 2656 2391 2694 ποί-

1369 2721 1436 2767 λιν,
1456 2718 1513 2757 ἐπὶ
1533 2722 1576 2770 τῇ
1596 2721 1664 2756 τῶν
1686 2716 1862 2755 Ἰουδαίων
1883 2717 1942 2754 καὶ
1968 2721 2010 2769 τῇ
2032 2720 2100 2755 τῶν
2130 2718 2267 2754 πολλῶν
2287 2717 2391 2754 ’δυσα-

1369 2783 1546 2832 νασχετῶν
1581 2777 1808 2830 ἀγνωμοσύνῃ
1824 2808 1833 2823 ,
1865 2777 2146 2830 πληκτικώτερον
2180 2776 2295 2823 τίθησι
2327 2775 2390 2823 τὴν

1369 2839 1593 2892 κατηγορίαν,
1615 2838 1737 2890 λέγων,
1753 2837 1806 2876 ὅτι
1823 2840 1868 2876 Οἱ
1889 2838 1967 2876 ἴδιοι
1984 2839 2083 2876 αὐτὸν
2111 2840 2148 2875 οὔ
2175 2836 2387 2899 παρέλαξῖον,

1370 2902 1429 2941 καὶ
1453 2905 1562 2939 ταῦτα
1578 2900 1676 2938 αὐτὸν
1700 2898 1840 2938 ἐλθόντα
1868 2899 1952 2952 πρὸς
1973 2899 2101 2942 αὐτούς.
2122 2899 2191 2937 Καὶ
2211 2900 2274 2949 οὐχ
2292 2901 2388 2941 οὗτος

1369 2968 1383 2984 ⁶
1394 2964 1509 3015 μόνον,
1533 2960 1622 3000 ἀλλὰ
1641 2960 1700 2999 καὶ
1721 2963 1751 2999 οἱ
1776 2963 1952 3013 προφῆται
1969 2959 2198 3010 θαυμάζοντες
2218 2959 2332 3011 ἔλεγον
2349 2959 2388 2996 τὸ

1372 3025 1454 3063 αὐτὸ
1482 3023 1523 3070 δὴ
1553 3027 1668 3061 τοῦτο’
1689 3021 1749 3059 καὶ
1776 3022 1914 3064 Παῦλος
1940 3020 1974 3058 δὲ
1998 3020 2135 3073 ὕστερον
2155 3019 2211 3058 ἐπὶ
2231 3025 2301 3062 τοῖς
2321 3021 2386 3056 αὐ-

1371 3096 1441 3134 τοῖς
1471 3087 1755 3138 ἐκπληττόμενος.
1795 3087 1864 3125 Καὶ
1905 3089 1935 3126 οἱ
1976 3086 2036 3138 μὲν
2071 3089 2246 3140 προφῆται
2283 3084 2388 3128 οὕτως

315 3151 367 3185 vit
393 3150 501 3186 mihi.
533 3151 631 3187 Filii
656 3151 773 3187 alieni
793 3154 945 3189 mentiti
969 3162 1059 3191 sunt
1076 3155 1193 3200 ηιιἸιῐ,·
1216 3158 1300 3208 filii
1325 3168 1350 3197 Λ
1372 3157 1491 3205 ἐὸόων,
1508 3158 1546 3195 ἐκ
1566 3154 1752 3209 προσώπου
1773 3159 1832 3193 τοῦ
1849 3155 2000 3207 Χριστοῦ
2022 3154 2196 3207 λέγοντες·
2217 3153 2332 3200 Λαὸς,
2352 3152 2388 3190 ὃν

359 3278 376 3301 1»
393 3277 505 3309 Morel.
534 3286 567 3310 et
588 3279 666 3311 Mss.
689 3278 824 3322 quidam
851 3286 1131 3326 ἑποικονομήσομεν,
1157 3283 1258 3317 δεηίἰ.
1286 3294 1319 3318 et

310 3331 408 3372 longe
422 3330 528 3372 plures
543 3331 619 3362 Mss.
639 3336 920 3376 ἐποικοδομήσομεν.

357 3393 369 3405 ⁰
396 3383 495 3414 Saxil.
514 3391 545 3414 et
560 3383 674 3415 Mori-l,
696 3390 742 3418 καὶ
760 3390 851 3429 ἡμεῖς.
871 3385 1015 3426 Quidam
1031 3391 1113 3427 ἡμῑῖς
1132 3391 1173 3421 ‘35'-

1429 3286 1445 3311 d
1465 3284 1568 3319 Savili
1585 3287 1638 3326 οὐχ
1652 3286 1747 3325 ἑαυτῷ
1763 3289 1854 3325 μόνῳ.

1428 3345 1438 3357 ‘²
1467 3336 1566 3370 53ΗῙ·
1586 3344 1682 3379 μόνος.
