2481 3678
120 1296 256 1334 Nequitia

296 208 351 252 18
712 220 750 250 S.

283 304 343 340 dis
355 302 482 340 surdoe
500 315 614 340 aures
629 314 770 340 eorum.
786 300 866 346 Qua
887 299 924 337 in
943 312 993 345 re,
1013 310 1146 348 quaeso,
1161 310 1181 333 a
1194 297 1267 334 fera

280 362 399 400 dissert
417 362 625 415 hujusmodi
640 361 807 400 auditor?
821 358 1009 406 Quomodo
1024 371 1094 395 non
1113 357 1159 395 sit
1171 357 1265 395 irra—

280 423 441 461 tionabili
460 424 587 474 quovis
608 421 899 470 irrationabilior,
920 419 980 470 qui
1009 420 1084 456 Deo
1101 418 1267 469 loquente

280 498 347 522 non
370 484 542 522 attendit?
561 485 652 521 Nam
673 483 701 520 si
720 483 858 535 plaeere
875 482 966 528 Deo,
983 479 1076 518 illud
1091 489 1141 518 est
1156 480 1263 518 homo

278 559 370 583 csse:
386 547 447 596 qui
462 554 501 582 ut
519 545 586 582 1100
605 543 836 595 adipiscatur,
849 541 973 579 audire
990 555 1061 580 non
1073 541 1263 591 vult‚nihil

278 606 375 642 aliud
389 620 494 656 quam
515 605 587 642 fera
603 618 676 641 esse
688 603 838 640 dicatur.
853 602 977 654 Cogita
993 616 1075 654 ergo
1089 611 1262 653 quantum

278 666 321 704 sit
341 666 489 716 malum,
513 679 594 703 eum
616 664 781 703 Christus
804 678 868 702 nos
892 664 979 703 velit
998 678 1043 702 ex
1057 664 1262 702 hominibus

275 729 410 780 angelis
428 728 577 780 :equales
594 728 721 777 facere,
739 727 768 765 si
786 741 848 765 nos
867 742 911 765 ex
929 726 1136 765 hominibus
1155 727 1190 764 in
1209 727 1262 764 fe-

276 804 330 827 ras
344 799 628 828 transmittemus.
643 791 735 828 Nam
748 789 863 829 ventri
878 789 1021 837 servire,
1030 789 1262 841 pecuniarum

274 851 467 903 cupiditate
492 852 616 901 teneri,
639 851 757 901 irasci,
779 850 950 900 mordere,
974 850 1168 900 calcitrare,
1191 864 1260 888 non
1284 859 1308 888 D

271 911 477 961 bominum,
506 912 567 950 sed
590 912 746 950 ferarum
774 921 835 949 est.
859 911 967 963 Atqui
995 912 1076 949 serae
1112 911 1260 962 singulae

273 987 378 1011 suum
398 974 531 1012 habent
545 975 723 1022 affectum,
742 972 851 1024 idque
866 972 1061 1011 secundum
1075 982 1258 1010 naturam:

272 1043 307 1071 at
319 1034 426 1072 homo
439 1035 498 1085 qui
515 1035 733 1087 principium
748 1034 1013 1085 cogitationum,
1029 1042 1062 1071 et
1077 1034 1190 1072 vitam
1204 1048 1259 1071 se-

271 1094 428 1133 cundum
444 1097 559 1133 Deum
577 1095 830 1133 instituendam
846 1095 986 1146 abjecit,
1004 1094 1171 1132 omnibus
1187 1108 1260 1132 sese

270 1157 381 1194 animi
400 1158 534 1195 morbis
549 1157 702 1205 addicit3
724 1171 786 1194 nec
799 1155 905 1193 modo
920 1156 993 1193 fera
1013 1155 1180 1204 efficitur,
1196 1155 1258 1192 sed

270 1226 302 1254 et
317 1218 534 1255 multiforme
546 1226 874 1266 monstrum7neque
888 1214 1081 1253 seeundum
1096 1224 1256 1251 naturam

268 1278 410 1315 veniam
434 1287 602 1315 meretur.
622 1277 787 1327 Nequitia
808 1276 941 1327 quippe
966 1274 1080 1312 omnis
1098 1289 1144 1312 ex
1161 1275 1256 1312 arbi-

70 1347 103 1364 ¹³¹
133 1340 255 1367 ³¹⁴¹¹i¹¹i0
268 1338 334 1376 trio
354 1347 386 1376 et
400 1339 582 1377 voluntate
607 1347 669 1375 est.
686 1336 757 1375 Sed
780 1336 873 1374 absit
890 1344 930 1373 ut
949 1336 1016 1373 hoc
1035 1349 1194 1386 unquam
1213 1335 1257 1373 de

70 1385 97 1405 01

68 1425 135 1447 tate.

152 1381 253 1407 1011111-

268 1399 425 1437 Ecclesia
446 1399 578 1437 Christi
607 1398 827 1450 suspicemur
845 1413 853 1433 t
870 1396 914 1434 de
937 1395 1040 1434 vobis
1066 1396 1161 1433 enim
1184 1410 1256 1433 me-

266 1461 366 1509 liora,
378 1474 526 1511 quaeque
539 1459 585 1497 ad
597 1459 748 1497 salutem
764 1457 907 1506 ducant,
923 1457 1104 1495 sentimus.
1116 1458 1255 1496 Verum
1278 1467 1300 1496 E

265 1532 397 1573 quanto
421 1522 534 1573 magis
551 1521 619 1559 hoc
633 1521 681 1558 ita
695 1534 768 1558 esse
783 1518 1015 1567 confidemus,
1032 1527 1128 1556 tanto
1143 1519 1255 1570 majo-

265 1599 341 1623 rem
362 1584 534 1622 cautelam
557 1584 593 1621 in
614 1582 842 1621 concionibus
870 1581 1039 1619 adhibere
1058 1595 1126 1619 non
1143 1595 1255 1619 cessa-

265 1646 456 1694 bimus;ut
481 1654 670 1697 postquam
692 1643 739 1682 ad
767 1644 884 1696 ipsum
912 1643 1089 1681 virtutum
1115 1643 1253 1681 culmen

265 1706 545 1759 pervenerimuS,
560 1706 662 1744 nobis
675 1705 850 1758 promissa
863 1705 954 1742 bona
974 1718 1231 1756 consequamur
1245 1722 1252 1742 ε

265 1782 342 1818 quae
357 1767 493 1805 utinam
506 1767 758 1819 adipiscamur,
772 1766 885 1817 gratia
901 1774 934 1803 et
946 1765 1165 1817 benignitate
1181 1769 1253 1805 Do-
1279 1781 1297 1807 Α

266 1828 352 1866 1111111
369 1829 476 1866 nostri
490 1831 573 1869 Jesu
589 1827 736 1876 Christi,
752 1841 816 1879 per
835 1841 942 1878 quem
964 1837 998 1866 et
1012 1841 1093 1865 cum
1107 1842 1176 1878 quo
1191 1829 1254 1866 Pa-

265 1890 310 1927 tri
333 1890 464 1941 gloria,
487 1889 664 1941 simulque
679 1888 830 1941 Spiritui
855 1897 975 1927 sancto
990 1888 1026 1926 in
1046 1888 1172 1926 saecula
1192 1903 1253 1926 510-

267 1950 441 1989 culorum.
466 1954 589 1989 Amen.

309 2338 321 2352 c
347 2325 449 2359 Savil.
467 2333 499 2358 et
516 2324 651 2368 quidam
668 2324 743 2356 Mss.
762 2329 800 2358 τὰ
827 2326 890 2357 ὦτα
906 2328 1001 2364 ἡμῶν.
1020 2321 1134 2354 Morel.
1163 2329 1195 2353 et
1217 2319 1270 2353 alii

267 2385 305 2413 τὰ
321 2382 383 2412 ὦτα
398 2382 504 2412 αὐτῶν.
523 2378 612 2420 [Mox
632 2375 733 2410 Savil.
752 2383 784 2408 et
797 2375 881 2408 Cod.
902 2376 959 2407 cit.
979 2380 1006 2408 τί
1022 2375 1111 2421 'lb-[h]

309 2432 326 2456 ¹1
350 2430 495 2471 Quidam
513 2434 705 2475 εὐχαριστεῖν.

311 2489 321 2502 ⁰
345 2481 447 2515 Savil.
475 2489 508 2513 et
533 2480 669 2523 quidam
694 2480 770 2512 MSS.
796 2486 982 2522 μεταπεσεῖν,
1009 2476 1123 2509 Morel.
1158 2484 1190 2509 et
1217 2475 1271 2508 alii

267 2548 450 2575 μεταποιειν.

312 2596 324 2609 2·
349 2583 451 2617 Savil.
474 2586 553 2616 οᾷὂὲν
571 2585 660 2619 ἦττον
677 2595 682 2612 ;
700 2582 907 2613 Alterutrum
931 2584 1072 2625 παρέλκει
1099 2586 1129 2611 et
1154 2579 1272 2610 delen-

787 218 971 251 JOANMS
1006 215 1255 246 cnRYSOST.
1295 216 1507 247 ARCHIEP.
1544 217 1903 247 CONSTANTINOP-

1336 297 1464 345 ταύτης
1496 301 1556 346 τῆς
1586 300 1846 348 πνευματικῆς,
1875 300 1904 336 εἷ
1928 298 1987 336 καὶ
2017 296 2234 350 μὴάθρόον,
2263 297 2354 336 ἀλλὰ

1335 358 1426 397 κατὰ
1445 359 1567 411 μικρὸν
1585 358 1724 397 πάντων
1745 364 1824 411 γοῦν
1840 358 2161 411 ἀπαλλαγησόμεθα
2179 362 2247 397 τῶν
2271 361 2354 410 βιω-

1332 423 1449 458 τικῶν.
1467 420 1530 458 Διὸ
1548 419 1788 473 προσέχωμεν,
1805 420 1861 459 ἵνα
1889 419 1936 471 μὴ
1953 420 2012 458 καὶ
2030 421 2110 473 περὶ
2125 424 2225 471 ἡμῶν
2243 420 2352 471 λέγη-

1332 496 1410 528 ται,
1429 480 1482 519 ὅτι
1503 480 1662 525 Ἀσπίδος
1686 484 1805 534 κωφῆς
1832 480 1899 520 ςτὰ
1917 473 1992 518 ῶτα
2007 483 2132 520 αὐτῶν.
2161 481 2209 519 Τί
2235 480 2355 533 θηρίου

1332 544 1525 597 διενήνοχεν
1547 547 1565 582 6
1582 548 1732 589 τοιοῦτος
1753 544 1942 597 ἀκροατής,
1959 544 2034 583 εἶπέ
2049 560 2119 595 μοι.
2138 546 2222 588 Πῶς
2242 543 2277 583 δὲ
2294 546 2355 582 οὐκ

1333 604 1371 643 ἂν
1388 605 1439 652 ε’ίη
1455 605 1583 649 παντὸς
1597 604 1809 658 ἀλογώτερος
1836 604 1960 657 ἀλόγου
1972 635 1981 652 ,
2001 608 2018 643 ὁ
2033 607 2125 644 Θεοῦ
2152 604 2354 657 διαλεγομέ-

1330 681 1388 704 νου
1417 665 1465 716 μὴ
1487 665 1669 718 προσέχων
1682 681 1693 715 3
1726 668 1770 705 Εἰ
1793 666 1861 719 γὰρ
1878 666 1918 704 τὸ
1942 665 2160 720 ἀεῦαρεστεῐν
2184 669 2234 718 τῷ
2249 667 2347 717 Θεῷ,

1329 726 1429 765 τοῦτό
1456 729 1546 765 ἐστιν
1565 727 1745 780 ἄνθρωπον
1762 721 1849 765 εἶναι
1861 742 1868 749 ·
1889 730 1907 764 6
1934 726 2042 777 μηδὲ,
2060 725 2154 770 ὅπως
2167 731 2267 764 τοῦτο
2282 741 2351 763 κα-

1328 786 1542 838 τορθώσειεν,
1576 790 1722 826 ἀκοῦσαι
1752 787 1873 835 θέλων,
1906 786 2000 826 οὐδὲν
2035 787 2149 839 ἕτερον
2179 785 2201 832 ἢ
2235 785 2351 839 θηρίον

1329 847 1433 887 ἐστίν.
1449 848 1633 896 Ἐννόησον
1657 842 1714 886 οὖν
1732 848 1810 887 ὅσον
1839 848 1879 886 ἂν
1905 848 1956 896 εἴη
1984 849 2105 896 κακὸν,
2125 853 2184 886 τοῦ
2199 849 2352 900 Χριστοῦ

1328 910 1480 954 Θέλοντος
1494 914 1588 961 ἡμᾶς
1610 909 1643 954 ἐξ
1659 909 1848 963 ἀνθρώπιον
1871 909 2070 962 ἷσαγγέλους
2087 915 2211 957 ποιεῖν,
2232 907 2352 951 αὐτοὺς

1328 970 1360 1015 ἐξ
1385 970 1574 1024 ἀνθρώπων
1596 973 1642 1015 εἷς
1669 969 1771 1024 θηρία
1791 975 2030 1022 θμεταποιεῖν.
2050 972 2082 1008 Τ
2086 970 2103 1007 ὸ
2122 969 2188 1022 γὰρ
2216 972 2258 1020 τῇ
2280 984 2351 1019 γα-

1326 1032 1404 1085 στρὶ
1425 1032 1608 1080 δουλεύειν,
1622 1032 1682 1070 καὶ
1695 1035 1737 1083 τῇ
1758 1035 1826 1070 τῶν
1845 1032 2038 1085 χρημάτων
2061 1030 2229 1083 ἐπιθυμίᾳ
2249 1029 2352 1068 κατέ-

1325 1097 1472 1146 χεσθαι,
1503 1093 1563 1131 καὶ
1596 1093 1792 1146 ὃργίζεσθω
1823 1093 1882 1131 καὶ
1910 1093 2045 1131 δάκνειν
2073 1092 2132 1129 καὶ
2164 1091 2351 1138 λακτίζειν,

1325 1157 1386 1192 οὐκ
1406 1153 1609 1207 ἀνθρώπων,
1632 1154 1721 1192 ἀλλὰ
1743 1154 1870 1207 θηρίων
1892 1154 1976 1192 ἐστί.
1994 1153 2117 1192 Καίτοι
2139 1152 2183 1190 τὰ
2204 1151 2265 1203 μὲν
2291 1156 2350 1197 θη-

1326 1214 1402 1265 ρία,
1434 1213 1469 1251 ἓν
1502 1213 1660 1261 ἕκαστον,
1689 1217 1736 1257 ὡς
1765 1216 1885 1262 εἰπεῖν,
1913 1215 1986 1266 ἔχει
2010 1214 2135 1262 πάθος,
2165 1213 2224 1251 καὶ
2249 1218 2350 1251 τοῦτο

1323 1277 1412 1312 κατὰ
1429 1273 1529 1325 φύσιν
1542 1289 1549 1296 ·
1569 1277 1586 1311 ὃ
1600 1272 1636 1311 δὲ
1652 1273 1832 1324 ἄνθρωπος
1846 1277 1863 1312 ὁ
1876 1278 1944 1312 τῶν
1960 1276 2135 1325 λογισμῶν
2151 1273 2212 1321 τὴν
2236 1273 2347 1326 ἀρχὴν

1322 1334 1478 1373 ἐκέαλὼν
1500 1333 1559 1372 καὶ
1579 1336 1642 1380 τ’ῆς
1667 1333 1759 1372 κατὰ
1785 1334 1873 1373 Θεὸν
1902 1336 2078 1378 πολιτείας
2115 1333 2346 1387 ἀποῤῥαγεὶς,

1321 1403 1428 1434 πᾶσιν
1446 1395 1564 1434 ἑαυτὸν
1584 1396 1763 1448 ἐπιτρέπει
1784 1402 1855 1439 τοῖς
1874 1396 2022 1434 πάθεσι·
2048 1395 2108 1434 καὶ
2127 1397 2187 1433 οὐκ
2208 1395 2258 1433 ἔτι
2282 1398 2347 1441 θη-

1325 1457 1393 1511 ρίον
1419 1456 1550 1509 γίνεται
1583 1456 1699 1508 μόνον,
1722 1457 1813 1495 ἀλλὰ
1839 1457 1940 1509 τέρας
1969 1456 2190 1509 πολύμορφόν
2220 1472 2254 1494 τι
2289 1456 2349 1494 καὶ

1321 1517 1489 1562 ποικίλον,
1518 1518 1578 1555 καὶ
1605 1516 1680 1555 οὐδὲ
1707 1516 1770 1564 τὴν
1802 1517 1871 1555 ἀπὸ
1889 1521 1951 1563 τῆς
1973 1517 2105 1569 φύσεως
2139 1516 2346 1569 συγγνώμην

1322 1579 1407 1630 ἔχει.
1439 1577 1684 1631 Προαιρέσεως
1706 1577 1773 1631 γὰρ
1801 1578 1860 1615 καὶ
1887 1577 2029 1629 γνώμης
2055 1581 2076 1624 ἡ
2105 1577 2213 1615 κακία
2236 1584 2346 1616 πᾶσα.

1321 1639 1427 1677 Ἀλλὰ
1451 1638 1498 1690 μὴ
1529 1638 1664 1691 γένοιτό
1689 1654 1774 1676 ποτε
1805 1644 1914 1677 ταῦτα
1942 1638 2104 1690 περὶτῆς
2133 1638 2347 1685 Ἔκκλησίας

1323 1704 1538 1739 ὑποπτεῦσαι
1561 1705 1621 1738 τοῦ
1636 1701 1789 1752 Χριστοῦ
1806 1715 1813 1723 ·
1836 1699 2054 1750 πεπείσμεθα
2068 1698 2135 1752 γὰρ
2153 1700 2232 1752 περὶ
2247 1702 2346 1750 ὑμῶν

1321 1761 1364 1800 τὰ
1379 1760 1559 1815 κρείττονα
1574 1760 1633 1798 καὶ
1661 1760 1810 1812 ἐχόμενα
1835 1760 2020 1813 σωτηρίας.
2036 1761 2128 1798 Ἀλλ’
2143 1759 2213 1813 ὅσῳ
2227 1760 2348 1799 πεπεί-

1320 1825 1445 1872 σμεθα,
1455 1820 1606 1873 τοσούτῳ
1622 1823 1690 1858 τῶν
1706 1824 1993 1874 προφυλακτικῶν
2014 1821 2126 1860 ῧοῦδὲν
2142 1816 2245 1867 ἧττον
2261 1824 2346 1860 ἀπο-

1319 1881 1519 1932 στησόμεθα
1549 1880 1660 1932 λόγων
1678 1897 1686 1904 ·
1721 1881 1778 1920 ἵνα
1812 1882 1896 1935 πρὸς
1919 1881 2023 1929 αὐτὴν
2056 1881 2252 1925 ἀνελθόντες
2281 1881 2344 1929 τὴν

1320 1942 1470 1996 κορυφὴν
1503 1945 1572 1980 τῶν
1608 1944 1753 1995 ἀρετῶν,
1783 1943 1946 1995 τύχωμεν
1977 1946 2045 1981 τῶν
2077 1942 2342 1995 ἐπηγγελμένων

1321 2008 1477 2057 ἀγαθῶν·
1498 1998 1544 2041 ῶν
1565 2003 1698 2054 γένοιτο
1720 2004 1854 2048 πάντας
1881 2008 1975 2056 ἡμᾶς
2009 2007 2196 2056 ἐπιτυχεῖν,
2224 2005 2343 2058 χάριτι

1320 2066 1379 2104 καὶ
1401 2064 1644 2118 φιλανθρωπίᾳ
1664 2070 1724 2103 τοῦ
1753 2065 1882 2117 Κυρίου
1907 2069 2008 2116 ἡμῶν
2027 2066 2141 2113 Ἰησοῦ
2167 2066 2341 2118 Χριστοῦ,

1319 2129 1362 2165 δι’
1397 2121 1434 2165 οῧ
1465 2125 1526 2164 καὶ
1544 2128 1620 2177 μεθ’
1642 2120 1680 2164 οῧ
1697 2128 1748 2178 τῷ
1766 2126 1884 2178 Πατρὶ
1910 2131 1931 2173 ἡ
1959 2125 2040 2171 δόξα
2072 2126 2146 2176 ἅμα
2175 2129 2225 2179 τῷ
2255 2127 2344 2179 ἁγίῳ

1318 2189 1499 2240 Πνεύματι
1523 2190 1569 2231 εἷς
1588 2186 1664 2230 τοὺς
1682 2190 1809 2232 αἰῶνας
1823 2189 1892 2226 τῶν
1910 2187 2057 2226 αἰώνων.
2080 2188 2200 2239 Ἀμήν.

1335 2319 1413 2351 dum
1429 2331 1438 2349 :
1453 2318 1550 2349 ambo
1573 2315 1654 2348 mihi
1666 2324 1752 2349 stare
1768 2330 1834 2349 non
1851 2330 1948 2362 posse
1970 2318 2128 2350 videntur
2144 2332 2153 2350 :
2169 2331 2246 2351 nam
2264 2324 2344 2354 οὐδὲν

1337 2374 1427 2409 ἦττον
1443 2369 1544 2401 simul
1554 2369 1696 2413 juncta,
1724 2369 1933 2414 affirmantis
1953 2378 2029 2402 sunl
2053 2387 2058 2405 :
2084 2372 2176 2415 quod
2196 2371 2250 2403 hic
2276 2384 2343 2404 non

1338 2423 1495 2467 quadrat.
1525 2421 1604 2453 Mihi
1637 2433 1728 2454 secus
1760 2420 1891 2453 videtur
1919 2430 1952 2454 et
1977 2422 2086 2454 locum
2112 2422 2194 2455 benc
2221 2423 2343 2456 babere

1340 2482 1431 2517 puto.
1459 2473 1555 2506 Clara
1584 2482 1662 2506 sunt,
1685 2476 1814 2515 omnia,
1839 2473 1897 2506 etsi
1921 2474 1964 2506 ad
1989 2476 2145 2507 Latinum
2165 2487 2256 2508 usum
2274 2488 2342 2508 11011

1339 2529 1417 2559 satis
1434 2525 1702 2558 accommodata.

610 2835 816 2874 HOMILIA
846 2834 910 2871 111.

483 2965 529 2999 In
544 2961 733 3012 principio
754 2966 834 2995 erat
858 2957 1037 2993 Verbum.

325 3089 358 3122 1.
381 3087 690 3137 Supervacaneum
707 3081 780 3132 jani
801 3088 889 3116 esset
914 3092 977 3118 vos
996 3079 1040 3116 de
1063 3079 1252 3116 attentione
1279 3089 1299 3117 Ε

272 3146 428 3184 concioni
448 3141 649 3182 adhibenda
678 3154 842 3187 monere3
862 3149 933 3176 tam
961 3139 1029 3177 cito
1049 3153 1173 3190 nempe
1187 3140 1251 3176 ad—

271 3205 473 3244 monitionis
499 3205 653 3241 fructum
680 3215 716 3238 re
737 3210 769 3237 ct
788 3215 891 3252 opere
910 3200 1133 3237 exhibuistis.
1153 3201 1248 3237 Con—

269 3281 392 3305 cursus
413 3266 522 3312 cnim,
542 3263 694 3313 diligens
724 3260 884 3309 attentio,
912 3274 1135 3312 praepropera
1167 3274 1247 3298 011111

268 3328 425 3379 impulsu
443 3324 618 3363 festinatio
639 3323 685 3360 ad
703 3321 903 3359 interiorem
924 3320 1168 3373 occupandum
1192 3321 1243 3358 lo-

269 3402 361 3427 cuni,
395 3385 485 3423 unde
516 3384 654 3421 facilius
676 3396 796 3421 vocent
828 3390 981 3419 nostran]
1010 3381 1132 3419 audire
1164 3395 1244 3432 pos-

1708 2831 1885 2868 ΟΜΙΛΙΑ
1913 2830 1955 2881 γ’.

1634 2953 1694 2990 Ἑν
1720 2954 1810 3004 ἀρχῇ
1834 2946 1874 2997 ἦν
1890 2955 1907 2989 6
1928 2951 2047 3003 Λόγος.

1378 3075 1562 3127 Προσοχῆς
1595 3073 1657 3124 μὲν
1689 3071 1801 3110 ἕνεκεν
1843 3076 1905 3119 τῆς
1936 3073 2015 3126 περὶ
2054 3073 2115 3120 τὴν
2157 3076 2341 3127 ἀκρόασιν,

1325 3135 1482 3187 περιττὸν
1528 3134 1645 3172 λοιπὸν
1693 3137 1772 3184 ὑμῖν
1809 3140 1988 3186 παραινεῖν
2011 3150 2018 3157 ·
2068 3134 2155 3172 οὕτω
2206 3137 2340 3187 ταχέως

1323 3195 1386 3241 τὴν
1407 3194 1610 3248 παραίνεσιν
1640 3194 1696 3232 ἐπὶ
1720 3197 1787 3232 τῶν
1815 3194 1923 3247 ἔργων
1951 3194 2110 3238 ἐδείξατε.
2126 3193 2177 3233 c'H
2204 3212 2241 3233 τε
2272 3196 2340 3248 γὰρ

1324 3255 1516 3307 συνδρομὴ,
1532 3255 1572 3294 τό
1591 3271 1629 3293 τε
1659 3254 1773 3298 ἀτενὲς
1794 3258 1854 3301 τῆς
1878 3255 2048 3303 στάσεως,
2077 3257 2136 3294 καὶ
2158 3257 2196 3295 τὸ
2226 3273 2339 3295 συνω-

1323 3319 1460 3358 θοῦν-τας
1483 3315 1650 3362 ἀλλήλους
1675 3315 1731 3353 τὸν
1755 3315 1917 3368 ἐνδοτέρω
1942 3315 2045 3354 τόπον
2066 3316 2260 3368 ἐπείγεσθαι
2276 3334 2338 3355 κα-

1323 3377 1497 3422 ταλαῧεῖν,
1520 3376 1578 3412 καὶ
1600 3375 1672 3413 ὅθεν
1695 3376 1732 3412 ἂν
1749 3375 1961 3428 εὐσημοτέρα
1978 3376 2108 3426 γένοιτο
2121 3380 2200 3426 ὑμῖν
2215 3381 2236 3423 ἡ
2252 3382 2334 3430 παρ’
