2507 3673
731 249 772 277 lx'
811 248 1019 278 JOANNEM
1058 247 1218 279 nomi„

204 327 262 364 καὶ
280 326 417 372 τούτους
435 329 540 367 πάλιν
569 329 772 374 κολάζεσθαι
788 361 797 378 ,
817 332 876 368 καὶ
905 331 952 381 μὴ
977 333 1158 373 ποιοῦντας
1185 329 1227 366 τὰ

203 389 350 439 πονηρά.
372 391 424 428 Οὐ
440 389 506 442 γὰρ
525 390 628 441 μόνον
650 391 738 429 αὐτὰ
754 395 926 438 ποιοῦσιν,
949 391 1038 429 ἀλλὰ
1054 391 1112 428 καὶ
1143 406 1224 428 συν-

203 450 378 488 ευδοκοῦσι
397 456 467 495 τοῖς
486 451 688 504 πράττουσι.
713 453 782 491 Καὶ
802 453 869 506 γὰρ
888 452 931 490 τὰ
951 456 1013 499 τῆς
1032 451 1225 503 προθυμίας

203 511 317 552 αὐτοῖς
333 511 460 560 ὁμοίως
479 512 695 564 διέφθαρται·
715 513 790 552 ὅθεν
807 514 923 559 δῆλον,
941 512 994 551 ὅτι
1009 512 1067 550 καὶ
1082 510 1225 562 γνώμης

202 571 274 608 ἐστὶ
298 571 414 610 δοῦναι
433 573 542 621 δίκην.
562 576 686 613 Ταῦτα
707 577 784 612 καθ’
805 574 955 620 ἑκάστην
971 573 1105 624 ἡμέραν
1122 572 1226 623 λέγω,

201 632 259 669 καὶ
281 632 390 684 λέγων
402 636 438 672 οὐ
454 635 644 685 παύσομαι.
665 635 725 673 Ἂν
746 634 808 685 μὲν
824 633 891 686 γάρ
906 650 996 678 τινες
1015 633 1225 681 ἀκούσωσιν,

200 692 319 745 κέρδος
333 709 340 716 ·
370 694 409 731 ἂν
428 694 463 734 δὲ
479 696 599 746 μηδεὶς
626 699 644 734 ὁ
666 695 849 748 προσέχων
872 689 913 746 ᾗ,
943 693 1019 733 τότε
1040 693 1227 733 ἀκούσεσθε

200 757 311 792 ταῦτα
323 786 332 802 ,
352 755 407 794 ὅτε
425 758 544 808 κέρδος
563 757 659 795 οὐδὲν
678 760 771 806 ὑμῖν,
792 756 852 794 καὶ
869 755 1047 808 μέμψεσθε
1069 757 1204 798 ἑαυτοῖς
1216 785 1225 802 ,

201 815 260 854 καὶ
292 819 356 864 τῆς
375 817 488 862 αἰτίας
513 821 615 867 ἡμεῖς
633 816 790 868 καθαροί.
805 817 909 855 Ἀλλὰ
931 817 979 868 μὴ
997 816 1131 867 γένοιτο
1148 816 1227 854 ταύ-

199 893 263 923 την
285 877 387 928 μόνον
414 882 507 929 ἡμᾶς
536 877 598 925 τὴν
615 877 803 929 ἀπολογίαν
822 877 926 929 ἔχειν,
948 876 1038 915 ἀλλὰ
1058 878 1116 915 καὶ
1138 878 1227 916 καύ-

199 954 300 990 χημα
317 941 407 989 ὑμᾶς
421 939 580 992 γενέσθαι
595 942 697 990 ἡμῶν
716 939 814 992 παρὰ
829 941 878 991 τῷ
907 939 1042 990 βήματι
1061 943 1120 977 τοῦ
1142 941 1227 992 Χρι-

200 1005 302 1043 στοῦ,
332 1000 388 1038 ἵνα
418 1002 516 1051 κοινῇ
544 1003 611 1038 τῶν
643 1003 780 1051 ἀγαθῶν
817 1000 1085 1051 ἀπολαύσωμεν,
1105 1001 1226 1053 χάριτι

198 1060 257 1099 καὶ
278 1061 519 1114 φιλανθρωπίᾳ
547 1066 606 1101 τοῦ
635 1061 764 1114 Κυρίου
789 1064 890 1112 ἡμῶν
910 1061 1026 1109 Ἰησοῦ
1044 1062 1200 1115 Χριστοῦ
1216 1092 1224 1108 ,

201 1126 275 1174 μεθ’
297 1119 335 1164 οῧ
366 1127 415 1176 τῷ
431 1124 547 1176 Hoc-:pl
574 1127 596 1170 ἡ
628 1124 730 1170 δόξα,
755 1124 829 1175 ἅμα
846 1126 895 1175 τῷ
912 1124 1000 1176 ἁγίῳ
1020 1124 1202 1175 Πνεύματι
1216 1156 1226 1172 ,

201 1187 247 1230 εἷς
261 1185 340 1230 τοὺς
358 1187 484 1229 αἰῶνας
503 1188 570 1224 τῶν
593 1185 737 1223 αἰώνων.
762 1185 881 1235 Ἀμήν.

570 1455 748 1493 onmis
777 1453 850 1505 πγᾱ

201 1580 325 1616 Ταῦτα
347 1575 453 1616 εἰπὼν
471 1580 488 1614 ὃ
507 1576 639 1627 Ἰησοῦς
664 1577 783 1624 ἐξῆλθε
807 1577 866 1616 σὺν
886 1583 956 1621 τοῖς
978 1580 1149 1641 μαθηταωῖς
1168 1580 1225 1616 αὐ-

254 1642 313 1678 τοῦ
330 1638 439 1691 πέραν
455 1642 514 1677 τοῦ
534 1638 727 1692 χειμάρρου
747 1641 814 1677 τῶν
837 1638 992 1691 Κέδρων,
1007 1639 1091 1677 ὅπου
1108 1643 1150 1686 ἠν
1165 1642 1225 1685 κῆ-

253 1716 338 1748 πος,
359 1702 405 1744 εἷς
419 1700 454 1739 ὃν
475 1701 631 1747 εἰσῆλθεν
648 1700 748 1745 αὐτὸς
770 1701 828 1739 καὶ
843 1703 874 1739 οἱ
890 1700 1043 1752 μαθηταὶ
1064 1702 1181 1740 αὐτοῦ.

254 1892 411 1945 Φρικτὸν
430 1894 447 1930 ὁ
471 1892 615 1935 θάνατος
635 1892 694 1930 καὶ
713 1892 819 1944 φόῧου
843 1891 948 1943 γέμον
975 1892 1123 1930 πολλοῦ·
1146 1893 1222 1931 ἀλλ’

201 1956 239 1993 οὐ
264 1953 362 2007 παρὰ
377 1960 447 1997 τοῖς
463 1953 526 2002 τὴν
544 1954 616 1992 ἄνω
630 1952 832 2006 φιλοσοφίαν
855 1953 992 1992 εἰδόσιν.
1016 1952 1061 1991 ‘O
1079 1952 1141 2004 μὲν
1158 1953 1226 2006 γὰρ

203 2015 310 2068 μηδὲν
330 2015 408 2068 περὶ
429 2018 498 2054 τῶν
520 2015 716 2067 μελλόντων
739 2015 845 2067 σαφὲς
866 2014 1114 2066 ἐπιστάμενος,
1135 2015 1224 2053 ἀλλὰ

200 2078 378 2117 θδιάλυσίν
392 2094 468 2116 τινα
484 2078 543 2116 καὶ
557 2077 719 2125 τελευτὴν
737 2079 826 2124 ζωῆς
841 2077 880 2116 τὸ
896 2083 1045 2128 πρᾶγμα
1061 2076 1224 2127 νομίζων,

201 2139 341 2184 εἰκότως
355 2140 488 2193 φρίττει
503 2140 562 2179 καὶ
577 2138 725 2177 δέδοικεν
737 2141 784 2182 ὡς
800 2141 848 2182 εἷς
862 2138 902 2177 τὸ
919 2137 967 2189 μὴ
983 2132 1072 2176 εἶναι
1085 2141 1224 2190 χωρῶν.

201 2201 324 2252 εΗμεῖς
345 2201 380 2240 δὲ
399 2205 441 2253 τῇ
461 2206 521 2240 τοῦ
541 2203 633 2240 Θεοῦ
653 2200 773 2252 χάριτι
795 2199 838 2237 τὰ
858 2199 972 2245 ἄδηλα
995 2197 1054 2237 καὶ
1076 2198 1120 2237 τὰ
1139 2199 1224 2252 κρύ-

199 2279 262 2316 φια
290 2265 353 2309 τῆς
383 2263 505 2315 σοφίας
536 2263 641 2300 αὐτοῦ
671 2260 854 2312 μαθόντες,
882 2259 942 2298 καὶ
968 2259 1166 2310 ἀποδημίαν
1186 2261 1226 2298 τὸ

198 2332 347 2378 πρᾶγμα
366 2319 453 2364 εἶναι
473 2323 685 2376 νομίζοντες,
1199 2382 1206 2395 Ι

201 2402 290 2436 μειν,
311 2387 400 2424 ἀλλὰ
415 2386 474 2424 καὶ
493 2385 628 2438 χαίρειν
647 2385 706 2423 καὶ
732 2386 976 2434 εὐθυμεῖσθαι,
996 2383 1050 2422 ὅτι
1067 2383 1124 2421 τὸν
1149 2384 1224 2420 ἐπι-

199 2463 305 2499 κηρον
342 2451 460 2485 τοῦτον
505 2446 577 2498 βίον
612 2446 753 2498 ἀφέντες
766 2476 776 2494 ,
807 2447 860 2497 ἐφ’
893 2445 1009 2498 ἕτερον
1048 2444 1223 2498 ἐρχόμεθα

201 2508 334 2560 ἀμείνω
352 2510 471 2560 πολλῷ
491 2508 550 2545 καὶ
566 2507 822 2559 λαμπρότερον,
848 2505 908 2544 καὶ
929 2505 1026 2550 τέλος
1045 2507 1105 2544 οὐκ
1124 2505 1224 2557 ἔχον-

199 2586 255 2608 τα.
269 2569 378 2622 Ἅπερ
394 2563 450 2608 οῦν
467 2568 527 2607 καὶ
546 2571 564 2607 ὁ
580 2568 732 2619 Χριστὸς
745 2566 916 2605 διδάσκων
937 2566 994 2605 διὰ
1012 2569 1081 2604 τῶν
1095 2566 1220 2619 ἔργων,

199 2633 236 2670 οὐ
259 2631 319 2683 βίᾳ
341 2630 400 2668 καὶ
417 2630 572 2682 ἀνάγκῃ,
591 2630 668 2667 ἀλλ’
697 2627 785 2666 ἑκὼν
812 2627 870 2665 ἐπὶ
891 2627 1054 2670 τὸπάθος
1069 2626 1220 2678 ἔρχεται,

198 2694 342 2740 Ταῦτα,
363 2691 480 2740 φησὶν,
496 2691 663 2736 ἐλάλησεν
682 2692 700 2728 ὁ
719 2689 873 2736 Ἰησοῦς,
889 2687 948 2726 καὶ
964 2689 1096 2734 ἀπῆλθε
1113 2688 1220 2739 πέραν

198 2759 258 2792 τοῦ
287 2734 480 2806 χειμάρρου
514 2755 582 2790 τῶν
612 2750 768 2802 Κέδρων,
796 2749 881 2788 ὅπου
901 2743 943 2796 ἦν
966 2752 1097 2796 κῆπος,
1118 2751 1165 2792 εἷς
1185 2748 1220 2788 ὃν

715 2325 775 2362 οὐκ
795 2323 834 2362 ἂν
855 2322 976 2374 εἴημεν
997 2321 1123 2360 δίκαιοι
1140 2322 1223 2374 τρέ-

198 2818 355 2862 εἷσῆλθεν
376 2814 478 2858 αὐτὸς
497 2813 557 2853 καὶ
579 2816 609 2851 οἱ
631 2811 783 2864 μαθηταὶ
806 2812 921 2849 αὐτοῦ.
939 2809 1040 2865 ’ᾘδει
1067 2809 1101 2848 δὲ
1126 2811 1185 2848 καὶ
1205 2814 1222 2848 ὁ

198 2877 331 2921 Ἰούδας
350 2879 367 2914 ὃ
383 2874 594 2928 παραδιδοὺς
623 2875 724 2913 αὐτὸν
753 2873 811 2911 τὸν
840 2872 958 2918 τόπον,
985 2872 1038 2909 ὅτι
1054 2871 1222 2915 πολλάκις

198 2939 351 2991 συνήχθη
371 2940 442 2977 ἐκεῖ
457 2937 546 2990 μετὰ
561 2940 629 2975 τῶν
646 2937 810 2987 μαθητῶν
830 2935 946 2973 αὐτοῦ.
961 2932 977 2954 ¹³
990 2936 1222 3004 Μεσονυκτίῦν

198 3002 391 3053 ὁδοιπορεῖ,
410 2999 468 3037 καὶ
484 2997 640 3050 ποταμὸν
658 2997 846 3041 διαῧαίνει,
867 2994 926 3033 καὶ
947 2994 1123 3045 ἐπείγεται
1136 3009 1220 3045 προς

198 3062 254 3100 τον
291 3064 340 3114 τῷ
367 3059 518 3113 προδότῃ
549 3058 722 3112 γνώριμον
748 3057 853 3096 τόπον
883 3057 1005 3103 ἐλθεῖν,
1041 3055 1218 3093 ἐκκόπτων

197 3129 267 3166 τοῖς
281 3121 541 3161 ἐπιδουλεύουσι
560 3120 617 3158 τὸν
637 3119 754 3166 πόνον,
776 3118 835 3156 καὶ
851 3115 1083 3156 ἀπαλλάττων
1099 3117 1220 3153 ταλαι-

197 3182 332 3235 πωρίας
360 3181 480 3224 αὐτοὺς
505 3180 664 3228 ἁπάσης,
688 3179 747 3218 καὶ
777 3177 929 3217 δείκνυσι
949 3182 1020 3220 τοῖς
1051 3179 1222 3227 μαθηταῖς

209 3267 242 3289 τι
257 3249 345 3288 ἑκὼν
362 3249 419 3288 ἐπὶ
438 3249 476 3287 τὸ
493 3254 642 3301 πρᾶγμα
662 3247 819 3299 ἔργεται·
847 3246 931 3295 ὅπερ
959 3243 1077 3282 ἱκανὸν
1099 3242 1219 3286 αὖτοὺς

241 3393 254 3407 ³
279 3381 339 3413 Alii
357 3384 484 3415 διάλυσιν
499 3386 545 3414 καὶ
561 3384 622 3414 rs).

245 3435 261 3459 b
285 3432 387 3467 Saxil.
411 3432 462 3475 [ct
474 3432 558 3466 Cod.
579 3432 640 3463 709
660 3428 760 3473 recte]
777 3444 873 3472 μενων
895 3436 1012 3463 νυκτῶν.
1032 3428 1093 3461 Alii
1110 3427 1208 3470 [flod.

1243 1456 1289 1479 ¹28ss

1261 249 1449 278 Lxxxiu.
1490 235 1550 279 ul.
1596 251 1765 281 Lxxxtt.

2186 243 2272 306 557

1294 328 1416 379 liquet,
1433 343 1478 367 ex
1492 330 1676 369 voluntate
1691 332 1765 369 sola
1784 347 1905 385 poenas
1928 335 2017 375 dari.
2039 338 2123 378 Haec
2154 342 2273 390 quoti-

1291 388 1350 427 die
1369 389 1465 441 dico,
1495 405 1608 442 neque
1637 392 1780 432 dicendi
1809 394 1917 433 finem
1946 398 2086 438 faciam.
2129 403 2219 440 Nam
2250 404 2277 440 si

1291 451 1478 504 quidpiam
1498 454 1660 506 audiant,
1682 456 1719 494 id
1740 456 1832 495 lueri
1861 457 2025 498 obveniet
2034 476 2044 509 ;
2072 462 2125 499 sin
2157 464 2275 501 nullus

1293 514 1466 565 attendat,
1491 524 1576 554 tunc
1594 530 1677 555 sane
1691 517 1858 568 audietis,
1877 532 1959 557 cum
1983 521 2075 559 nihil
2093 535 2166 560 esse
2185 523 2276 562 lucri

1251 580 1274 610 D
1295 576 1438 626 poterit,
1455 591 1590 628 vosque
1608 579 1702 631 ipsos
1721 578 1949 631 damnabitis,
1969 596 2102 634 nosque
2112 584 2218 636 culpa
2234 585 2277 622 li-

1294 635 1370 674 beri
1385 636 1530 676 erimus.
1554 640 1692 678 Verum
1708 641 1802 679 absit
1824 651 1863 679 ut
1886 642 1977 681 hane
2010 645 2125 682 solum
2155 645 2277 684 desen—

1294 696 1428 736 sioncm
1456 699 1671 751 referamus5
1707 701 1768 740 sed
1795 702 1933 742 utinam
1960 719 2023 744 vos
2045 706 2148 744 nohis
2167 707 2279 757 gloria

1294 759 1370 797 sitis
1385 769 1465 798 ante
1483 761 1643 800 tribunal
1665 763 1813 814 Christi,
1834 774 1873 804 ut
1891 766 1965 804 illis
1987 767 2093 805 simul
2119 769 2281 807 fruamur

1294 820 1410 869 bonis,
1437 822 1549 873 gratia
1578 833 1613 861 et
1639 824 1858 877 benignitate
1882 827 2026 866 Domini
2057 829 2167 867 nostri
2197 832 2280 870 Jesu

1296 882 1443 931 Christi,
1457 884 1603 934 quicum
1620 886 1717 924 Patri
1733 887 1861 940 gloria,
1882 902 2020 941 unaque
2030 900 2150 930 sancto
2163 891 2279 943 Spiri-

1295 944 1358 992 tui,
1377 943 1412 981 in
1433 945 1561 983 saecula
1573 947 1800 986 saeculorum.
1825 951 1948 987 Amen.

1218 1341 2289 1361 Ἣ

1264 1492 1278 1519 3
1568 1460 1775 1500 HOMILIA
1806 1463 2016 1505 LXXXIII.

1301 1580 1390 1617 CAP.
1405 1579 1544 1621 XVIII.
1557 1598 1593 1622 v.
1609 1586 1624 1623 ’1
1640 1615 1645 1622 .
1660 1587 1755 1625 Haec
1765 1601 1851 1626 cum
1861 1591 2154 1643 dixissetJesus,
2167 1610 2286 1648 egres-

1355 1656 1418 1680 sus
1444 1653 1499 1682 est
1520 1658 1606 1683 cum
1626 1648 1825 1700 discipulis
1847 1655 1925 1690 suis
1953 1662 2061 1693 trans
2084 1665 2287 1696 torrentem

1357 1705 1522 1754 cedron,
1546 1709 1611 1745 ubi
1632 1718 1714 1747 erat
1735 1711 1881 1759 hortus,
1911 1715 1950 1750 in
1980 1729 2091 1766 quem
2115 1720 2289 1757 introivit

1353 1768 1432 1816 ipse
1448 1776 1485 1805 et
1502 1769 1683 1820 discipuli
1696 1773 1788 1823 ejus.

1355 1890 1370 1925 1
1386 1920 1391 1926 ,
1424 1889 1652 1932 Horrendum
1667 1894 1755 1945 quid
1766 1909 1861 1935 mors
1876 1907 1926 1937 cst
1946 1907 1980 1936 et
1990 1907 2120 1938 terrore
2131 1901 2288 1953 plenum,

1299 1950 1447 1990 sednon
1468 1952 1511 1991 iis
1528 1954 1591 2004 qui
1610 1969 1762 2008 superna
1785 1967 1868 1997 sunt
1894 1959 2023 1999 imbuti
2047 1962 2286 2016 philosophia.

1301 2011 1373 2056 Qui
1389 2012 1482 2050 enim
1501 2013 1545 2051 de
1559 2015 1690 2054 futuris
1708 2017 1802 2055 nihil
1821 2019 1914 2057 clare
1931 2022 2110 2073 cognovit,
2133 2025 2195 2063 sed
2214 2025 2285 2064 dis-

1300 2072 1511 2113 solutionem
1521 2076 1715 2127 quamdam
1730 2087 1765 2116 et
1782 2079 1892 2118 finem
1909 2095 1982 2120 esse
1998 2082 2082 2120 vitae
2100 2094 2216 2136 putat,
2228 2086 2286 2138 ju-

1300 2148 1337 2171 re
1354 2134 1474 2174 horret
1490 2145 1522 2174 et
1541 2138 1722 2188 formidat,
1737 2149 1776 2179 ut
1791 2141 1852 2192 qui
1866 2155 1934 2180 non
1954 2142 2049 2181 ultra
2067 2144 2209 2184 futurus
2229 2149 2285 2186 sit.

1300 2197 1371 2234 Nos
1394 2211 1478 2236 vero
1503 2199 1566 2250 qui
1583 2214 1647 2252 per
1667 2200 1736 2238 Dei
1755 2202 1906 2253 gratiam
1926 2204 2063 2244 occulta
2088 2215 2121 2243 et
2139 2207 2285 2247 abscon-

1298 2256 1374 2296 djta
1389 2259 1571 2311 sapientiae
1590 2261 1665 2313 ejus
1681 2261 1890 2314 didicimus,
1911 2273 1944 2303 et
1962 2274 2111 2304 mortem
2129 2270 2286 2320 peregri-

1298 2320 1476 2359 nationem
1503 2336 1576 2360 esse
1605 2332 1800 2376 putamus,
1829 2339 1898 2364 non
1920 2327 2002 2379 jure
2025 2328 2282 2382 formidemus,-

1299 2380 1371 2420 imo
1386 2382 1603 2433 gaudeamus
1617 2393 1650 2422 et
1669 2385 1762 2423 bono
1777 2385 1896 2424 animo
1907 2387 2020 2425 simus
2038 2401 2186 2442 oportet,
2202 2393 2285 2444 quia

1298 2457 1342 2481 ex
1357 2443 1423 2481 hac
1434 2444 1533 2482 fluxa
1544 2444 1619 2483 vita
1631 2446 1678 2484 ad
1690 2446 1798 2485 aliam
1815 2441 1998 2487 meliorem
2009 2465 2050 2489 ac
2064 2453 2286 2504 splendidio-

1297 2519 1373 2542 rem
1390 2504 1566 2556 venimus,
1584 2520 1661 2556 quae
1680 2507 1788 2546 finem
1807 2522 1876 2547 non
1896 2509 2038 2549 habeat.
2056 2512 2163 2559 Quod
2180 2516 2283 2554 Chri—

1298 2575 1371 2604 stus
1394 2567 1562 2619 operibus
1592 2567 1721 2607 docens
1736 2598 1749 2619 ,
1770 2583 1839 2607 non
1861 2570 1898 2609 vi
1917 2580 1950 2609 et
1974 2575 2201 2629 necessitate,
2223 2579 2286 2616 sed

1295 2629 1411 2667 libens
1431 2630 1479 2668 ad
1496 2630 1696 2683 passionem
1715 2632 1942 2681 venit.Hoec,
1958 2634 2088 2687 inquit,
2103 2639 2283 2693 loquutus

1297 2699 1353 2729 est
1370 2691 1401 2729 J
1400 2705 1498 2738 esus,
1522 2699 1559 2730 et
1591 2706 1762 2744 egressus
1780 2702 1837 2732 est
1857 2703 1964 2734 trans
1986 2705 2193 2739 torrentem
2215 2704 2284 2740 Ce-

1298 2753 1410 2800 dron,
1431 2755 1495 2790 ubi
1513 2761 1597 2791 erat
1626 2754 1772 2802 hortus,
1796 2757 1838 2793 in
1864 2770 1977 2808 quem
2003 2761 2177 2799 introivit
2205 2766 2284 2814 ipse

1299 2823 1334 2851 et
1366 2814 1547 2866 discipuli
1569 2816 1665 2866 ejus.
1689 2817 1727 2853 2.
1751 2815 1906 2855 Sciebat
1924 2827 2053 2858 autem
2078 2831 2114 2859 et
2131 2824 2279 2871 Judas,

1298 2878 1364 2926 qui
1387 2875 1548 2913 tradidit
1571 2889 1671 2923 eum,
1697 2876 1841 2923 locum,·
1862 2881 1956 2930 quia
1959 2881 2193 2933 frequenter
2212 2887 2280 2924 Je-

1297 2950 1362 2974 sus
1388 2946 1619 2975 convenerat
1640 2937 1735 2976 illuc
1757 2952 1843 2976 cum
1862 2940 2060 2992 discipulis
2088 2947 2179 2984 suis.
2205 2947 2282 2984 Me-

1297 2998 1356 3036 dia
1376 3007 1477 3037 nocte
1494 2998 1561 3037 iter
1580 2998 1679 3050 facit,
1700 3008 1891 3038 torrentem
1910 3003 2056 3056 transit,
2080 3014 2112 3042 et
2142 3006 2282 3045 festinat

1295 3059 1343 3098 ad
1363 3059 1482 3098 locum
1510 3059 1686 3112 proditori
1711 3070 1835 3099 notum
1849 3091 1862 3113 ,
1891 3062 2159 3104 insidiatoribus
2178 3067 2280 3105 labo-

1295 3135 1371 3159 rem
1386 3121 1544 3160 adimens
1568 3131 1602 3160 et
1621 3122 1787 3160 sudorem
1807 3137 1961 3175 omnem,
1983 3127 2207 3178 ostenditque
2225 3130 2279 3167 di-

1293 3183 1442 3236 scipulis
1461 3198 1496 3222 se
1511 3198 1551 3222 eo
1566 3184 1747 3222 lubentem
1760 3185 1900 3224 venire:
1917 3187 2012 3237 quod
2027 3188 2144 3240 ipsum
2164 3192 2278 3229 maxi-

1294 3258 1350 3283 me
1365 3244 1537 3283 consolari
1557 3259 1614 3283 eos
1642 3254 1778 3298 poterat
1791 3261 1802 3296 3
1826 3260 1968 3297 seseque
1988 3247 2022 3284 in
2050 3249 2150 3289 horto
2177 3253 2277 3302 quasi

1277 3377 1354 3419 701]
1367 3383 1456 3421 μέσον
1474 3387 1594 3412 marim.
1614 3376 1728 3409 Morel.
1748 3384 1778 3409 et
1798 3378 1872 3409 Mss.
1889 3375 1945 3420 [.⁹]
1959 3390 2154 3420 μεσονυκτῶυ.
