2481 3678
310 237 400 281 208
738 252 776 283 s.
813 253 1001 283 somnis
1036 251 1280 283 cunvsosr.

359 334 394 370 4.
426 333 520 373 vide
549 333 726 384 quomodo
753 333 907 372 declaret
939 334 1124 372 mulierem
1148 341 1289 385 propter

304 393 403 431 aliud
416 407 591 445 egressam
608 408 681 432 esse
695 409 739 432 ex
764 394 919 444 civitate,
939 395 1070 445 ubique
1096 393 1288 446 impuden—

304 465 374 492 tem
391 456 410 493 J
417 454 594 492 udaeorum
613 455 848 507 pervicaciam
861 455 1066 507 reprimens,
1083 469 1125 493 nc
1141 455 1220 506 quis
1234 454 1287 492 di-

305 525 395 553 ceret
412 516 527 567 ipsum
552 515 749 566 transgredi
766 525 978 567 praeceptum
996 530 1112 564 suum,
1130 530 1210 552 cum
1229 529 1286 554 vc-

304 582 391 611 tarct
409 573 442 610 in
459 573 787 624 civitatcmingredi
800 573 1115 621 Samaritanorum,
1131 573 1194 623 qui
1212 573 1288 625 ipse

304 649 385 672 cum
406 634 637 672 Samaritanis
656 635 868 685 loqueretur.
884 633 980 683 Ideo,
997 635 1190 686 Discipuli
1205 636 1287 685 ejus
1310 640 1333 671 C

305 698 345 732 in
378 698 575 733 civitatem
611 698 714 734 cibos
757 698 895 733 emturi
931 697 1130 742 abierant,
1172 694 1287 745 inquit

302 756 528 807 evangelista,
556 757 686 794 multas
712 756 882 794 inducens
910 756 1079 807 colloquii
1105 770 1186 794 oum
1208 770 1287 793 mu-

302 818 386 856 liere
396 832 528 857 causas.
549 818 647 865 Quid
660 832 742 869 ergo
756 819 909 856 mulier?
927 819 1018 855 Cum
1032 817 1201 867 audisset,
1219 819 1285 855 Da

303 878 398 914 mihi
423 879 562 925 bibere,
587 877 781 915 admodum
811 877 1002 929 prudenter
1021 876 1204 914 Christum
1224 876 1283 913 in—

303 938 501 989 terrogandi
527 939 743 977 occasionem
767 948 911 991 captans
936 938 1052 989 inquit
1079 953 1087 973 ε
1119 940 1155 975 9.
1183 939 1283 989 Quo-

302 1001 415 1036 modo
438 1002 672 1045 t11,Judoeus
693 1015 781 1039 cum
800 1004 865 1048 sig
884 1004 1008 1039 bibere
1024 1015 1049 1038 a
1070 1015 1129 1038 me
1145 1003 1282 1051 poscis,

302 1074 386 1110 quse
415 1074 499 1098 sum
533 1062 671 1100 mulier
685 1062 962 1100 Samaritana?
980 1063 1070 1099 Non
1095 1064 1197 1098 enim
1217 1074 1281 1099 co-

302 1126 462 1155 utuntur
485 1119 894 1157 JudaeiSamaritanzs.
914 1119 959 1156 Et
980 1118 1073 1155 unde
1096 1119 1200 1155 illum
1219 1120 1284 1157 Ju-

300 1177 417 1217 dmum
437 1194 508 1217 csse
536 1181 659 1218 novit?
687 1181 746 1217 Ex
766 1180 892 1217 habitu
920 1181 1021 1230 forte,
1042 1190 1102 1217 aut
1131 1194 1176 1217 ex
1209 1194 1283 1217 scr-

299 1254 413 1278 mone.
436 1241 494 1277 Tu
509 1254 594 1279 vero
613 1240 857 1279 animadverte
876 1255 983 1291 quam
1003 1241 1189 1292 perspicax
1204 1255 1283 1278 mu-

301 1298 363 1335 lier
383 1308 483 1336 essct.
499 1299 591 1336 Nam
619 1299 648 1336 si
670 1299 868 1339 cavendum
885 1308 972 1348 erat,
993 1299 1136 1338 Christo
1164 1300 1282 1352 potius

298 1357 458 1395 cautione
476 1372 564 1410 opus
595 1367 682 1406 erat,
702 1373 810 1409 quam
833 1358 911 1411 ipsi.
940 1359 1020 1396 Non
1055 1358 1149 1396 enim
1174 1358 1280 1409 dixit,

298 1419 375 1456 Non
408 1428 599 1457 coutuntur
632 1420 844 1458 Samaritani
875 1420 1029 1469 Judaeis;
1062 1419 1136 1468 sed,
1163 1389 1280 1460 Judaei

296 1481 537 1519 Samaritanos
557 1496 627 1519 non
647 1481 850 1519 admittunt.
872 1484 1034 1519 Attamen
1057 1481 1197 1531 mulier,
1217 1482 1280 1520 etsi

296 1558 314 1579 a
341 1542 445 1594 eulpa
473 1543 655 1593 immunis,
676 1543 759 1594 quia
780 1544 928 1595 putabat
947 1543 1058 1581 alium
1077 1543 1113 1580 in
1137 1543 1279 1594 culpam

297 1603 464 1653 incidere,
484 1618 554 1642 non
570 1605 697 1655 tacuit,
719 1604 779 1642 sed
808 1605 962 1643 correxit
987 1603 1024 1642 id
1042 1604 1138 1656 quod
1158 1613 1278 1642 contra

294 1664 407 1715 legem
428 1665 502 1703 fieri
520 1666 679 1718 putabat.
697 1665 766 1703 Sed
778 1675 893 1717 posset
909 1665 1086 1717 quispiam
1105 1679 1275 1716 quaerere,

294 1740 356 1764 cur
371 1729 472 1766 Jesus
485 1728 531 1765 ab
549 1728 610 1765 illa
639 1737 760 1779 potum
781 1727 933 1779 petierit,
957 1727 994 1764 id
1009 1728 1085 1778 lege
1110 1740 1178 1764 non
1194 1741 1275 1778 per-

293 1787 482 1826 mittente?
503 1789 542 1827 Si
560 1789 640 1840 quis
670 1789 763 1826 enim
787 1788 934 1837 dixerit,
953 1787 1048 1839 quod
1067 1787 1278 1839 praevideret

292 1861 362 1886 non
389 1849 555 1888 dvituiam
579 1863 679 1888 csse:
705 1849 784 1887 ideo
815 1849 932 1886 minus
962 1858 1079 1900 petele
1109 1849 1276 1900 oportuit

143 1912 279 1940 Judaicas
293 1908 391 1956 Quid
410 1924 493 1962 eigo
512 1910 730 1948 dicendum?
747 1909 982 1948 Indifferens
969 1924 1044 1961 jam
1066 1909 1175 1947 fuisse
1190 1910 1277 1948 tales

91 1955 158 1982 obs«-
164 1965 191 1981 rx
196 1955 270 1981 atio—

91 2006 141 2023 ncs
162 1996 249 2031 abiog
243 2002 279 2023 it

90 2019 248 2064 Christus.U

93 2078 204 2105 Manli.
230 2077 262 2107 15

96 2126 141 2146 11.

292 1970 416 2011 obscn
420 1981 552 2010 at1ones
570 1973 751 2024 abrogare.
774 1973 867 2010 Nam
888 1971 951 2023 qui
973 1971 1062 2009 alios
1090 1971 1136 2009 ad
1157 1981 1275 2010 trans-

291 2032 525 2084 grediendum
553 2033 756 2084 inducebat,
773 2033 886 2070 multo
915 2032 1030 2084 magis
1058 2032 1138 2071 illas
1162 2042 1276 2071 trans·
1300 2032 1324 2063 E

269 2093 389 2144 'gredi
403 2094 564 2132 debebat.
582 2096 658 2133 Non
682 2095 775 2132 enim
800 2093 896 2145 quod
918 2092 1130 2145 ingreditur,
1146 2094 1273 2145 inquit,

291 2154 494 2204 coinquinat
520 2155 719 2203 hominem,
747 2154 808 2192 sed
838 2153 933 2204 quod
973 2154 1165 2205 egreditur.
1197 2156 1276 2193 Non

290 2230 400 2267 parva
428 2224 546 2253 autem
569 2215 777 2254 Judaeorum
804 2215 979 2253 accusatio
999 2224 1049 2252 est
1076 2215 1167 2252 illud
1195 2230 1277 2254 cum

291 2277 437 2314 muliere
460 2278 679 2328 colloquium
702 2293 710 2314 :
734 2277 815 2329 quia
843 2277 895 2314 illi
927 2291 1019 2329 saepe
1042 2286 1075 2315 et
1099 2277 1215 2316 verbis
1243 2287 1275 2315 et

289 2337 395 2388 gestis
411 2338 541 2387 allecti,
557 2352 625 2376 non
641 2338 943 2390 obtemperabant.
964 2338 1047 2375 Haec
1063 2347 1179 2375 autem
1194 2338 1276 2379 vide

1322 252 1522 282 ARCHIEP.

1561 252 1703 282 CONST
1708 250 1917 284 ANTINOP.

1413 332 1508 385 ῑὈρα
1524 349 1598 376 πως
1613 349 1672 370 και
1687 333 1751 379 τὴν
1765 339 1910 384 γυναῖκα
1929 334 1971 371 δι’
1992 333 2113 371 ἄλλο
2096 332 2264 371 οείκνυσιν
2280 328 2355 377 ἐςε)
2358 350 2378 361 ⁵⁶

1360 397 1497 441 θουσαν,
1536 398 1715 445 πανταχοῦ
1745 393 1807 440 τὴν
1838 392 2064 445 ἀναίσχυντον
2098 396 2165 431 τῶν
2203 393 2379 431 Ἰουδαίων

1360 454 1589 506 ἐπιστομίζων
1623 454 1833 506 ἀντιλογίαν,
1862 453 1922 492 καὶ
1954 453 2010 491 ἵνα
2041 453 2091 504 μή
2123 469 2175 496 τις
2207 454 2293 505 λέγῃ
2327 453 2380 492 ὅτι

1359 517 1573 553 ἐναντιοῦται
1592 517 1714 553 ἑαυτοῦ
1740 516 1790 566 τῷ
1819 513 2087 566 προστάγματι,
2119 516 2165 557 εἷς
2196 513 2259 564 μὲν
2279 514 2379 552 πόλιν

1358 575 1504 614 κελεύων
1536 576 1583 627 μὴ
1619 575 1760 614 εἰσιέναι
1798 576 2042 626 Σαμαρειτῶν,
2073 573 2310 626 Σαμαρείταις
2344 573 2379 612 δὲ

1358 636 1608 688 διαλεγόμενος.
1630 637 1693 675 Διὸ
1706 635 1766 674 καὶ
1779 635 1840 680 τὸ,
1862 634 2153 681 Ἀπεληλύθεισαν
2175 638 2205 673 οἱ
2227 634 2379 686 μαθηταὶ

1358 698 1462 735 αὐτοῦ
1479 700 1525 740 εἰς
1546 697 1610 744 τὴν
1628 697 1741 743 πόλιν,
1769 695 1825 733 ἵνα
1852 694 1981 748 τροφὰς
1996 691 2212 747 ἀγορᾶσωσι,
2228 695 2379 732 τέθεικεν

1357 761 1374 795 ὁ
1410 758 1677 810 εὖαγγελιστὴς,
1712 758 1842 800 πολλὰς
1866 756 2025 838 ὴεῖσάγων
2059 756 2170 799 αἰτίας
2203 759 2265 802 τ’ἧς
2293 756 2380 807 πρὸς

1357 818 1461 865 αὐτὴν
1482 818 1614 863 διαλέξε
1617 835 1672 862 ως.
1701 818 1748 856 'li
1777 821 1834 856 οὐν
1866 816 1915 863 ὴὴ
1946 817 2050 869 γυνή,
2071 817 2288 861 Ἀκούσασα,
2311 814 2380 858 Δός

1357 894 1416 930 μοι
1434 886 1537 925 πιεῖν,
1558 880 1689 932 σφόορα
1709 895 1854 921 συνετως
1874 880 1921 921 εἷς
1935 877 2154 924 κατασκευὴν
2177 876 2378 931 ἐρωτήσεως

1356 939 1412 977 τὸν
1434 940 1529 992 παρὰ
1556 944 1614 977 τοῦ
1642 941 1794 994 Χριστοῦ
1823 938 1923 990 λόγον
1951 939 2142 989 λαμὸάνει,
2172 938 2230 975 καὶ
2258 936 2376 988 λέγει·

1356 1001 1437 1043 Πῶς
1458 1001 1498 1039 σὺ
1526 1002 1690 1044 Ἰουδαῖος
1717 1000 1777 1046 ὢν,
1805 1002 1911 1044 αἰτεῖς
1937 1001 2019 1051 παρ’
2043 1001 2126 1049 ἐμοῦ
2155 1004 2246 1036 πιεῖν
2272 997 2376 1045 οὔσης

1355 1061 1515 1110 γυναικὸς
1529 1060 1802 1113 Σαμαρείτιδος·
1795 1091 1804 1108 ,
1821 1063 1874 1099 Οὔ
1890 1060 1956 1112 γὰρ
1975 1063 2195 1112 συγχρῶνται
2214 1059 2376 1097 Ἰουδαῖοι

1356 1120 1603 1172 Σαμαρείταις.
1636 1121 1705 1159 Καὶ
1743 1120 1846 1159 πόθεν
1882 1121 1983 1158 αὐτὸν
2023 1120 2188 1158 Ἰουδαῖον
2221 1119 2375 1170 ἐνόμιζεν

1357 1184 1463 1227 εἶναι,
1483 1179 1567 1217 Ἀπὸ
1585 1184 1644 1218 τοῦ
1668 1181 1850 1231 σχήματος
1869 1180 1974 1227 ἴσως,
1997 1180 2056 1218 καὶ
2086 1180 2154 1218 ἀπο
2178 1196 2240 1227 της
2258 1180 2376 1218 διαλέ-

1357 1239 1449 1284 ξεως.
1470 1240 1560 1278 Συ
1542 1240 1579 1278 οέ
1604 1256 1663 1291 μοι
1683 1241 1805 1279 σκόπει
1823 1256 1897 1284 πως
1913 1241 2161 1291 διεσκεμμένον
2179 1241 2219 1278 τὸ
2237 1226 2376 1292 γύναιον

1305 1310 1330 1340 D
1354 1305 1408 1348 ἠν.
1424 1303 1468 1340 Εἰ
1483 1301 1549 1353 γὰρ
1566 1303 1673 1353 ἐχρῆν
1693 1300 1927 1353 φυλάξασθαι,
1946 1301 2004 1339 τὸν
2021 1301 2190 1348 Ἰησουν
2175 1305 2295 1353 εχρῆν,
2314 1303 2376 1339 οὐκ

1353 1363 1573 1410 εκείνην.οὐ
1590 1362 1657 1414 γὰρ
1675 1366 1783 1410 εἶπεν,
1806 1378 1857 1399 οτι
1871 1363 2091 1414 ..αμαρειται
2107 1368 2177 1407 τοῖς
2197 1363 2376 1406 Ιουδαίοις

1353 1425 1390 1462 οὗ
1411 1439 1650 1476 συγχρωνται,
1673 1425 1763 1471 ἅλ’λ,
1781 1423 1940 1462 Ἰουοαῖοι
1960 1422 2186 1476 Σαμαρείτας
2206 1426 2243 1462 οὗ
2263 1440 2374 1476 προσ-

1354 1484 1472 1521 ίενται.
1489 1485 1580 1522 Ἀλλ’
1597 1483 1691 1534 ὅμως
1705 1487 1727 1530 ἦ
1743 1483 1828 1534 γυνὴ
1849 1483 1964 1522 καίτοι
1984 1484 2194 1538 κατηγορίας
2216 1485 2375 1532 ἀπηλλα-

1350 1544 1481 1594 γμένη,
1513 1545 1632 1592 ἐπειδὴ
1674 1544 1830 1595 ἐνόμισεν
1867 1544 1982 1597 ἕτερον
2018 1547 2104 1597 αὐτῇ
2140 1546 2373 1593 ἀντιπίπτειν,

1350 1605 1426 1642 οὐδὲ
1446 1605 1552 1649 οὕτως
1571 1605 1744 1657 ἐσίγησεν,
1764 1606 1839 1644 ἀλλ’
1860 1609 1905 1649 ὡς
1921 1605 2030 1644 οἴεται
2050 1607 2243 1658 διορθοῦται
2261 1607 2301 1645 τὸ
2321 1606 2369 1657 μὴ

1349 1665 1439 1703 κατὰ
1469 1666 1573 1717 νόμον
1603 1667 1793 1718 γινόμενον.
1815 1667 1906 1704 Ἀλλ’
1927 1667 2036 1704 ἐκεῖνο
2065 1667 2104 1704 ἄν
2134 1683 2184 1709 τις
2204 1667 2370 1720 διαπορή-

1351 1742 1440 1774 σειε,
1471 1729 1545 1771 πῶς
1565 1730 1582 1765 ὃ
1611 1727 1745 1773 Ἰησοῦς
1769 1726 1914 1773 ἐζήτησε
1936 1728 2020 1778 παρ’
2045 1729 2150 1774 αὐτῆς
2181 1733 2286 1776 πιεῖν,
2310 1731 2370 1766 τοῦ

1350 1787 1455 1839 νόμου
1477 1790 1539 1826 οὐκ
1558 1788 1819 1839 ἐπιτρέποντος,
1842 1789 1885 1825 Εἰ
1911 1787 1979 1840 γὰρ
2008 1787 2103 1839 λέγοι
2131 1803 2183 1831 τις
2199 1819 2208 1836 ,
2238 1788 2292 1827 ὅτι
2320 1791 2370 1840 τῷ

1349 1848 1544 1900 προειδέναι
1567 1848 1615 1898 μὴ
1636 1847 1825 1894 δώσουσαν,
1847 1848 1889 1885 δι’
1913 1848 1996 1886 αὐτὸ
2016 1848 2080 1899 μὲν
2099 1842 2157 1886 οῧν
2173 1853 2274 1887 τοῦτο
2292 1848 2370 1887 οὐδὲ

1350 1911 1492 1955 αἰτῆσαι
1511 1911 1632 1961 ἐχρῆν.
1655 1907 1703 1947 Τί
1728 1903 1786 1946 οὖν
1815 1911 1906 1947 ἐστιν
1935 1911 2062 1956 εἷπεῖν;
2083 1908 2168 1947 (Ότι
2184 1909 2370 1962 ἀδιάφορον

1351 1971 1444 2021 αὐτῷ
1464 1969 1585 2007 λοιπὸν
1612 1963 1653 2015 ἦν
1679 1969 1741 2012 τὰς
1767 1969 1928 2012 τοιαύτας
1959 1970 2140 2008 ἐκὸάλλειν
2166 1969 2370 2024 παρατηρή-

1350 2046 1432 2075 σεις.
1452 2030 1496 2069 Ὁ
1516 2030 1582 2083 γὰρ
1600 2029 1678 2073 τοὺς
1695 2031 1818 2074 ἄλλους
1835 2030 1965 2081 ἐνάγων
1986 2033 2034 2074 εἷς
2059 2031 2098 2070 τὸ
2116 2031 2221 2080 λύειν,
2250 2033 2369 2083 πολλῷ

1350 2094 1481 2142 μᾶλλον
1502 2092 1603 2136 αὐτὸς
1623 2091 1729 2136 αὐτὰς
1749 2092 1790 2129 ἂν
1810 2091 2045 2144 παρέδραμεν.
2065 2094 2118 2131 Οὐ
2147 2092 2213 2145 γὰρ
2233 2092 2273 2130 τὸ
2297 2095 2370 2131 εἷσ-

1347 2153 1591 2205 πορευόμενον,
1618 2153 1725 2205 φησὶ,
1754 2158 1861 2192 κοινοῖ
1891 2154 1949 2191 τὸν
1981 2153 2172 2206 ἄνθρωπον,
2208 2153 2297 2191 ἀλλὰ
2329 2153 2369 2191 τὸ

1348 2214 1629 2266 ἐκπορευόμενον.
1662 2216 1714 2252 Οὐ
1744 2215 1852 2266 μικρὰ
1891 2214 1924 2251 δὲ
1953 2215 2146 2266 κατηγορία
2173 2214 2298 2265 γένοιτ’
2328 2214 2368 2252 ἂν

1346 2278 1415 2313 τῶν
1437 2274 1611 2312 Ἰουδαίων
1629 2279 1650 2321 ἡ
1673 2275 1780 2327 επρὸς
1811 2274 1875 2321 τὴν
1905 2281 2054 2326 γυναῖκα
2082 2275 2249 2322 διάλεξις,
2282 2275 2368 2312 διότι

1347 2338 1470 2373 ἐκεῖνοι
1499 2335 1561 2386 μὲν
1591 2336 1758 2378 πολλάκις
1787 2337 2012 2384 ἐπεσπῶντο,
2045 2337 2103 2374 καὶ
2124 2336 2179 2374 διὰ
2201 2336 2366 2387 ῥημάτων

289 2412 395 2447 quani
415 2398 484 2436 cito
503 2398 573 2438 levi
595 2399 866 2450 interrogatione
881 2399 1050 2451 capiatur.
1071 2400 1174 2438 Jesus
1190 2413 1273 2438 vero
1287 2420 1332 2444 181
1347 2397 1405 2435 καὶ
1421 2397 1476 2434 διὰ
1492 2396 1721 2448 πραγμάτοιν,
1741 2396 1799 2434 καὶ
1821 2398 1883 2434 οὐκ
1900 2397 2095 2448 ἠνείχοντο·
2118 2396 2206 2443 αὕτη
2224 2397 2259 2435 δὲ
2275 2427 2284 2444 ,
2304 2397 2367 2449 ὅρα

291 2456 354 2493 liae
379 2457 413 2493 in
436 2471 484 2499 re,
507 2457 574 2494 bac
594 2457 629 2494 in
650 2457 707 2496 via
737 2457 895 2495 nondum
923 2457 1076 2494 instabat
1098 2473 1105 2493 :
1125 2457 1187 2495 sed
1215 2471 1272 2496 eos
1297 2457 1322 2486 Α

287 2518 347 2566 qui
379 2518 582 2556 accederent
612 2532 680 2555 non
699 2518 926 2571 impediebat.
950 2518 1147 2570 Discipulis
1173 2533 1272 2557 nam-

287 2591 354 2627 que
376 2577 583 2629 simpliciter
603 2579 712 2628 dixit,
741 2594 783 2617 ne
812 2579 847 2616 in
873 2579 1053 2618 civitatem
1078 2580 1271 2618 Samarita-

287 2651 415 2674 norum
449 2639 630 2688 intiarent,
651 2654 718 2677 non
756 2649 871 2677 tamen
900 2649 939 2677 ut
970 2639 1173 2679 accedentes
1192 2641 1271 2679 illos

285 2696 492 2746 repellerent
515 2712 522 2732 z
540 2711 594 2734 res
613 2698 706 2735 enim
724 2698 820 2736 illius
839 2698 1057 2749 benignitate
1075 2698 1270 2738 admodum

285 2755 430 2806 indigna
461 2757 592 2793 fnisset.
614 2758 767 2808 Ideoque
797 2759 938 2796 mulieri
972 2759 1023 2797 sic
1054 2760 1267 2811 respondet:

287 2815 349 2850 10.
374 2816 414 2852 Si
437 2817 551 2852 scires
569 2817 711 2853 donum
737 2818 826 2864 Dei,
858 2825 894 2855 et
919 2821 1004 2870 quis
1021 2827 1077 2856 est
1103 2822 1170 2871 qui
1199 2822 1270 2857 tibi

283 2874 390 2919 dicit,
410 2875 476 2911 Da
490 2876 584 2912 milii
606 2877 731 2912 bibere
746 2892 758 2911 .·
780 2885 822 2914 ιιι
832 2879 1014 2929 forsitan
1034 2882 1194 2930 petisses
1216 2883 1266 2918 ab

282 2948 340 2981 eo,
357 2944 393 2972 et
406 2935 572 2972 dedisset
585 2937 655 2972 tibi
670 2949 813 2987 aquam
835 2940 981 2975 vivam.
1008 2939 1114 2977 Prius
1133 2939 1268 2978 indicat

280 3009 358 3032 eam
381 3010 453 3033 esse
483 2995 630 3046 dignam
660 3010 738 3046 quae
764 2995 944 3047 audiatur,
977 3013 1039 3037 nec
1065 3000 1264 3052 rejiciatur,

280 3076 320 3100 ac.
341 3062 469 3100 deinde
481 3062 561 3113 quis
578 3062 651 3114 ipse
668 3062 712 3100 sit
731 3063 873 3101 revelat.
892 3065 983 3102 Nam
999 3079 1084 3104 mox
1100 3066 1265 3106 auditura

323 3194 338 3216 ¹¹
355 3191 416 3223 Alii
434 3196 451 3229 ἡ
468 3197 538 3234 γυνὴ
561 3195 714 3228 alr-40:507.
733 3193 809 3236 ὕδωρ
833 3197 917 3235 παρὰ.
933 3196 985 3225 τοῦ
1003 3199 1148 3237 xstitit-0213
1168 3197 1212 3232 ῧὸς
1235 3210 1289 3237 μοι

278 3250 348 3288 γὰρ,
367 3248 445 3287 φησι,
462 3251 553 3282 πιεῖν,
570 3246 584 3276 ‘o
611 3247 736 3287 Χριστὸς
754 3246 836 3284 ἔλεγε
853 3248 925 3286 πρὸς
942 3258 1042 3283 αυτην.
1065 3249 1090 3277 τί
1107 3246 1155 3278 οὖν
1171 3250 1217 3278 ἐκε
1206 3252 1263 3284 ι’νη
1279 3263 1285 3288 ;

276 3305 348 3332 Πῶς-

318 3357 330 3371 c
348 3344 492 3386 Quidam
514 3350 582 3390 περὶ
599 3351 652 3383 τὴν
670 3353 801 3387 γυναῖκα.
827 3346 935 3388 [Tum
957 3345 1008 3378 alii
1028 3349 1151 3388 διάλεξις
1168 3352 1288 3388 ἐκείνους

276 3403 330 3441 μὲν
347 3405 404 3443 γὰρ
421 3413 452 3431 π.
471 3400 687 3438 {nemimem}

1346 2462 1419 2501 πῶς
1448 2459 1635 2510 κατέχεται
1662 2457 1731 2495 ἀπὸ
1763 2459 1866 2509 ψιλῆς
1893 2458 2134 2508 “ἐρωτήσεως.
2165 2458 2277 2501 Αὐτὸς
2303 2458 2366 2509 μὲν

1344 2519 1410 2572 γὰρ
1432 2520 1494 2557 οὐκ
1516 2519 1724 2565 ἐνεστήσατο
1750 2518 1835 2561 τέως
1861 2518 1990 2564 ταύτην
2015 2519 2078 2566 τὴν
2107 2519 2364 2572 πραγματείαν,

1343 2580 1419 2619 οὐδὲ
1442 2581 1506 2628 τὴν
1525 2580 1618 2618 ὁδόν·
1642 2582 1672 2617 εἷ
1699 2579 1736 2617 δέ
1754 2594 1843 2622 τινες
1861 2580 2111 2632 παρεγένοντο,
2138 2582 2200 2618 οὐκ
2221 2579 2362 2618 ἐκώλυε.

1344 2642 1414 2680 Καὶ
1434 2641 1501 2693 γὰρ
1521 2647 1590 2685 τοῖς
1610 2643 1782 2691 μαθηταῖς
1809 2641 1927 2682 ἁπλῶς
1953 2639 2081 2692 ἔλεγεν,
2101 2643 2149 2684 εἰς
2167 2640 2268 2679 πόλιν
2288 2642 2364 2679 Σα-

1344 2705 1516 2754 μαρειτῶν
1535 2702 1583 2752 μὴ
1604 2703 1779 2747 εἰσελθεῖν,
1800 2700 1875 2752 οὐχὶ
1894 2700 1952 2737 καὶ
1974 2701 2179 2752 προσιόντας
2199 2701 2364 2753 διακρού-

1343 2767 1456 2802 εσθαι·
1471 2763 1602 2815 σφόδρα
1615 2762 1682 2813 γὰρ
1697 2760 1833 2804 ἀνάξιον
1850 2755 1890 2807 ἦν
1903 2763 2006 2799 αὐτοῦ
2017 2765 2078 2807 τῆς
2090 2761 2362 2814 φιλανθρωπίας.

1341 2824 1409 2862 Διὰ
1429 2824 1469 2871 δὴ
1487 2827 1589 2862 τοῦτο
1607 2823 1665 2860 καὶ
1683 2821 1906 2873 ἀποκρίνεται
1926 2824 1969 2872 τῇ
1987 2823 2142 2872 γυναικὶ,
2159 2822 2219 2860 καί
2235 2838 2340 2874 φησιν
2354 2837 2361 2845 ·

1342 2888 1385 2925 Εἰ
1403 2885 1496 2937 ᾔδεις
1515 2883 1578 2931 τὴν
1599 2882 1729 2934 δωρεὰν
1746 2886 1805 2920 τοῦ
1821 2884 1932 2929 Θεοῦ,
1952 2882 2012 2919 καὶ
2029 2882 2081 2926 τίς
2100 2885 2193 2921 ἐστιν
2216 2887 2233 2921 ὃ
2252 2882 2362 2934 λέγων

1341 2963 1412 2994 σοι,
1435 2945 1491 2989 δός
1511 2961 1569 2995 μοι
1585 2949 1697 2981 πιεῖν·
1728 2942 1769 2980 σὺ
1791 2942 1829 2979 ἂν
1847 2942 1982 2993 ᾔτησας
2010 2943 2126 2991 αὐτὸν,
2151 2943 2211 2981 καὶ
2234 2943 2361 2981 ἔδωκεν

1340 3008 1379 3046 ἄν
1413 3022 1467 3045 σοι
1485 3005 1574 3057 ὕδωρ
1605 3006 1683 3048 ζῶν.
1710 3002 1885 3054 Πρότερον
1921 3003 2093 3041 δείκνυσιν
2129 3002 2225 3047 ἀξίαν
2255 2997 2360 3042 οὖσαν

1339 3069 1504 3112 ἀκοῦσαι,
1523 3066 1581 3104 καὶ
1606 3064 1653 3116 μὴ
1675 3066 1914 3115 παροφθῆναι·
1935 3064 1994 3101 καὶ
2012 3063 2090 3101 τότε
2119 3064 2238 3102 ἑαυτὸν
2259 3067 2361 3102 ἐκκα-

1399 3205 1411 3219 ³¹
1429 3192 1488 3225 Alii
1508 3198 1690 3234 εἰσηγήσεως,
1706 3187 1805 3230 Quod
1821 3196 1930 3220 autem
1946 3187 2030 3221 dicit,
2047 3188 2183 3231 ibidem,
2200 3193 2288 3227 αὐτὸς
2304 3194 2360 3232 μὲν

1355 3252 1413 3291 γὰρ
1427 3249 1476 3279 οὐκ
1494 3250 1668 3282 ἐνεστήσατο
1690 3248 1761 3279 τέως
1782 3243 1893 3278 ταύτην
1915 3247 1969 3279 τὴν
1986 3245 2207 3286 πραγματείαν,
2226 3244 2290 3275 οὐδὲ
2306 3247 2359 3280 τὴν

1355 3301 1438 3339 ὁδόν,
1453 3295 1488 3329 id
1501 3304 1569 3328 est:
1589 3296 1664 3328 Non
1681 3292 1848 3337 quaerebat
1865 3303 1946 3335 quos
1961 3293 2146 3324 institueret
2159 3300 2190 3325 et
2204 3292 2359 3326 doctrina

1354 3360 1411 3381 sua
1429 3348 1590 3382 imbueret
1601 3374 1608 3387 ‚
1627 3345 1683 3380 sed
1700 3343 1893 3379 accedentes
1909 3355 1976 3378 non
1992 3342 2180 3377 cohibebat.
