2522 3683
164 270 244 297 llmi.
264 278 312 299 1ο.

165 465 242 493 ΙΙιμΙ.
262 465 313 493 25.

164 681 241 709 llud.
255 690 280 708 v.
298 677 347 718 40.

166 946 243 976 [hid.
260 956 286 972 v.
300 944 329 973 5.

169 998 214 1016 ίΙ.
233 995 278 1014 12.

203 2683 262 2698 om.
283 2673 369 2710 1917.

198 3125 301 3152 walth.
323 3125 352 3153 5.

366 142 454 199 723

363 244 438 288 pter
462 233 565 271 illum
591 231 730 278 damus,
751 229 813 281 qui
839 227 934 265 dixit
955 242 962 262 ε
989 227 1063 277 Qui
1081 225 1226 264 dederit
1246 226 1342 263 cali·

362 302 444 326 cem
473 299 585 338 aquoe
612 284 764 335 fr'igldoe
795 289 947 319 tantum
981 282 1022 316 in
1055 281 1207 315 nomine
1232 279 1343 315 disci-

360 341 458 392 pnli,
483 352 559 376 non
583 338 716 390 perdet
744 333 954 371 mercedem
973 345 1085 369 suam
1099 347 1114 375 ,·
1129 330 1204 370 sive
1222 343 1343 368 carce—

364 406 417 429 res
450 391 649 438 visitamus,
678 396 822 440 propter
849 385 952 422 ilium
980 384 1180 432 visitamus,
1201 383 1262 433 qui
1291 382 1345 419 di-

364 444 418 482 xit
437 459 446 480 τ
467 446 516 481 In
549 456 703 480 carcere
720 453 839 484 eram,
862 446 898 474 et
922 439 1084 474 venistis
1103 437 1156 474 (cd
1169 450 1228 473 me
1245 451 1255 471 .·
1271 434 1347 480 sive

363 496 492 535 Viduas
507 505 540 533 et
559 495 735 546 orphanos
751 491 932 537 vestimus,
949 498 1093 541 propter
1111 489 1214 526 illum
1233 487 1343 525 vesti-

364 564 456 597 mus,
475 549 535 599 qui
558 547 653 584 dixit
670 562 677 582 :
695 545 832 582 Nudus
849 556 970 591 eram,
987 550 1022 579 et
1039 543 1239 593 operuistis
1263 554 1322 576 me
1336 555 1343 575 :

363 603 440 640 sive
456 602 491 638 in
512 600 718 637 universum
733 595 918 648 quippiam
935 594 1150 646 pauperibus
1162 592 1346 630 distribui-

366 669 458 701 mus,
482 662 625 705 propter
654 651 772 697 illum,
796 648 857 698 qui
879 647 974 684 dixit
995 662 1002 682 :
1028 649 1224 697 Quantum
1241 647 1346 698 seci-

364 710 433 744 stis
450 708 517 743 uni
541 719 587 742 ex
603 706 662 741 his
682 703 865 749 minimis,
889 701 1147 752 mihi-fecistis
1163 714 1173 734 :
1191 699 1265 736 sive
1283 712 1346 749 op-

364 759 508 810 probria
539 757 751 794 sustinemus
777 755 822 791 ab
851 752 971 804 impiis
994 751 1199 803 gentilibus,
1226 760 1264 788 ut
1286 749 1346 800 qui

363 826 445 849 011111
474 810 676 857 adoremus,
698 807 758 858 qui
786 821 805 844 a
836 805 984 844 Judaeis.
1006 805 1200 842 crucifixus
1234 812 1296 851 est,
1314 811 1347 839 et

366 864 522 901 humano
544 862 661 913 generi
676 861 788 899 vitam
802 858 970 904 restituit3
989 866 1133 909 propter
1152 856 1268 905 11111111,
1284 854 1346 905 (1111

365 916 460 955 dixit
482 932 489 952 :
513 917 626 953 Beati
645 916 747 961 estis,
764 925 852 950 cnm
879 911 1292 955 nmledi.z·erint‚vobis
1310 915 1345 944 et

363 971 584 1021 persequuti
594 967 835 1018 vosszcerint‚
848 973 884 1000 et
896 964 1063 999 (liz-erint
1076 975 1187 997 omne
1199 961 1346 997 malurn

367 1024 571 1059 adversum
599 1033 670 1056 vos
693 1019 934 1059 mentiente&
955 1015 1133 1065 gaudete,
1157 1022 1193 1050 et
1219 1012 1347 1049 exsul-

368 1084 459 1119 tate,
474 1075 659 1126 quoniam
676 1082 816 1107 merces
832 1075 967 1104 vestra
982 1068 1136 1116 copiosa
1153 1073 1208 1102 est
1222 1067 1264 1100 in
1275 1077 1348 1100 eae-

368 1128 426 1164 lis.
451 1126 580 1163 Nullus
603 1137 685 1174 crgo
720 1120 963 1159 Christianum
980 1131 1149 1167 umquam
1168 1116 1215 1154 ad
1237 1115 1350 1153 homi-

367 1193 453 1216 1111111
467 1176 748 1223 ostentationem,
768 1182 807 1210 ut
822 1174 867 1210 ab
882 1171 955 1209 illis
970 1169 1167 1207 mercedem
1185 1168 1346 1220 recipiat,

367 1231 559 1269 arbitretur
587 1229 845 1278 eleemosynam
873 1222 1048 1276 impertiri
1070 1238 1078 1259 :
1101 1223 1204 1260 absit.
1236 1220 1350 1258 Semel

367 1284 463 1321 0111111
491 1280 703 1333 evangelicis
729 1277 1032 1315 admonitionibus
1062 1275 1193 1313 eruditi
1211 1288 1348 1321 sumus,

368 1346 402 1374 01
421 1336 467 1374 ad
490 1335 601 1373 fidem
632 1332 746 1370 edocti
772 1329 1006 1377 credidimus,
1026 1338 1059 1366 et
1078 1342 1159 1365 011111
1179 1326 1353 1365 credidis-

371 1403 499 1437 semus,
511 1387 601 1426 salvi
614 1386 698 1423 facti
713 1398 846 1422 sumus.
862 1382 1000 1420 Idcirco
1015 1381 1108 1419 enim
1124 1381 1221 1419 lectis
1240 1379 1352 1418 Evan-

370 1442 473 1491 geliis
504 1439 752 1492 praedicamus.
767 1436 839 1474 Sed
866 1445 902 1473 01
927 1434 1015 1473 dum
1040 1444 1157 1473 sancta
1188 1434 1354 1484 leguntur

374 1491 582 1545 Evangelia,
598 1506 667 1529 non
680 1487 808 1528 temere
827 1502 936 1539 neque
951 1487 1192 1540 perfunctorie
1209 1486 1354 1523 auscul-

375 1557 505 1594 tamus3
524 1545 585 1583 scd
615 1553 744 1582 stantes
770 1551 803 1579 et
818 1541 957 1589 attenti,
979 1554 1107 1591 magno
1131 1554 1213 1578 cum
1230 1538 1356 1576 timore

373 1599 539 1637 mandata
557 1597 786 1648 excipientes,
805 1609 873 1632 non
892 1594 1010 1631 animo
1031 1593 1267 1641 concidentes,
1287 1606 1356 1629 non

374 1651 582 1703 corporibus
604 1649 781 1697 sedentes,
811 1661 879 1684 non
910 1646 1065 1698 proximi
1093 1645 1358 1684 narrationibus

376 1718 521 1756 operam
560 1703 698 1749 dantes,
722 1715 762 1738 ea
784 1699 1051 1752 praetermittere
1068 1699 1241 1737 audemus
1261 1714 1269 1734 ε
1291 1712 1358 1736 11011

375 1757 491 1805 dives,
513 1770 582 1793 11011
612 1768 757 1807 pauper,
790 1767 859 1790 non
890 1766 1027 1801 servus,
1062 1766 1131 1790 non
1158 1753 1261 1795 liber,
1288 1765 1356 1788 non

377 1810 461 1856 viri,
482 1823 550 1846 non
584 1807 746 1855 feminae,
775 1820 842 1842 non
868 1805 1063 1856 principes,
1095 1820 1165 1843 non
1196 1804 1356 1842 subditi:

378 1862 464 1912 quin
482 1861 588 1898 etiam
603 1860 662 1897 1110
677 1859 751 1910 ipse
763 1858 825 1908 qui
845 1858 940 1907 regio
956 1856 1155 1896 diademate
1172 1857 1359 1895 redimitus

378 1924 534 1959 051,011111
554 1913 709 1965 primum
726 1911 892 1962 leguntur
907 1910 1115 1962 Evangelia,
1135 1920 1202 1949 stat
1221 1923 1359 1947 summo

378 1981 462 2005 011111
486 1970 610 2004 timore
640 1977 846 2013 summoque
874 1962 1005 2011 studio,
1024 1978 1064 2002 ae
1093 1978 1134 2001 110
1161 1963 1361 2001 diademate

380 2019 524 2070 quidem
543 2017 749 2055 redimitum
769 2030 842 2053 0550
856 2024 963 2067 caput
981 2029 1085 2053 51111111
1099 2016 1287 2069 permittit,
1300 2015 1362 2053 sed

383 2074 498 2109 Deum
515 2071 550 2108 in
569 2069 771 2119 Evangeliis
790 2068 990 2118 loquentem
1009 2069 1137 2107 inflexa
1149 2069 1285 2107 cervice
1302 2082 1361 2106 ve-

382 2133 536 2162 neratur.
551 2122 652 2170 Quid
667 2121 811 2159 dicens?
825 2122 915 2159 Nota
928 2122 1075 2159 0511111111
1096 2122 1252 2173 dignitas
1268 2121 1358 2172 ejus,

382 2178 444 2228 qui
464 2177 555 2214 hanc
570 2175 659 2212 mihi
678 2173 827 2211 contulit
844 2173 1195 2224 dignitatemzadoro
1214 2187 1362 2225 regnum

382 2231 472 2282 ejus,
494 2229 556 2279 (1111
573 2228 663 2265 1111111
686 2226 812 2264 tribuit
836 2240 999 2277 reguum,
1024 2237 1056 2265 et
1077 2228 1165 2264 dum
1187 2227 1262 2278 ejus
1282 2240 1363 2263 san—

384 2292 437 2319 cta
455 2283 620 2333 leguntur
635 2280 787 2328 oracula,
805 2288 856 2316 sto
876 2293 955 2316 011111
976 2280 1101 2317 timore
1119 2295 1125 2316 :
1142 2278 1365 2330 quandoqui-

383 2335 479 2383 dem,
505 2334 630 2385 inquit,
662 2333 736 2384 ipse
766 2331 988 2384 principibus
1014 2332 1127 2381 dedit,
1155 2341 1193 2370 ut
1219 2340 1363 2381 starent,

383 2387 526 2438 quando
545 2387 675 2437 legitur
690 2385 827 2435 regium
849 2384 1005 2422 victorico
1020 2394 1302 2423 monumentum.
1317 2386 1366 2421 Ac

384 2455 427 2478 110
446 2441 534 2477 forte
555 2439 656 2477 nobis
681 2438 871 2489 exprobret
890 2437 1088 2485 liaereticus,
1109 2452 1150 2475 ae
1175 2437 1284 2486 dieat,
1310 2451 1365 2474 rc-

385 2507 443 2541 ges
462 2493 508 2530 ad
525 2492 759 2545 perexiguum
773 2489 879 2527 modo
895 2499 1031 2542 tempus
1049 2491 1212 2528 simulate
1226 2490 1365 2527 Christo

386 2547 480 2583 1111110
498 2546 667 2582 honorem
686 2543 834 2589 deferre,
856 2542 938 2580 audi
961 2543 1169 2595 prophetam
1190 2543 1366 2581 dicentem

387 2599 482 2649 (jam
512 2598 606 2635 euim
636 2606 715 2634 ante
740 2595 852 2633 multa
867 2596 995 2633 saecula
1018 2596 1209 2647 imaginem
1228 2610 1364 2641 eorum,

387 2665 463 2700 qum
479 2664 571 2688 1111110
588 2658 770 2700 geruntur,
784 2647 970 2699 descripsit
983 2652 994 2696 )
1009 2663 1016 2684 :
1032 2650 1150 2700 Reges
1179 2650 1367 2685 videbunt

387 2711 435 2745 le,
464 2712 499 2740 et
531 2710 760 2754 consurgent
783 2703 974 2752 principes
1005 2710 1042 2738 et
1075 2710 1298 2753 exsurgent,
1332 2709 1368 2738 et

385 2755 583 2792 adorabunt
601 2769 682 2792 eum
706 2767 836 2791 omnes
861 2767 966 2804 reges
990 2762 1110 2791 terroe.
1134 2754 1238 2791 Disce
1260 2753 1370 2804 igitur

386 2816 419 2844 01
437 2807 554 2854 crede,
576 2822 596 2844 0
623 2807 799 2851 liceretice,
828 2806 961 2843 Christi
988 2806 1054 2843 Dei
1081 2806 1192 2844 nostri
1222 2820 1372 2856 regnum

388 2865 422 2901 in
451 2865 590 2902 infinita
627 2865 753 2902 szecula
782 2877 997 2916 permanere,
1025 2864 1202 2916 simulque
1222 2865 1373 2916 gratiam

388 2924 462 2974 ejus
476 2937 553 2973 quat
574 2923 790 2959 Christianos
811 2931 965 2970 coronat,
986 2932 1019 2960 et
1041 2922 1077 2960 in
1101 2936 1249 2974 reguum
1270 2923 1374 2960 03010-

389 2996 468 3019 rum
488 2981 587 3032 quasi
604 2981 823 3017 manuducit.
836 2983 950 3030 Atque
971 2981 1018 3019 ita
1041 2981 1234 3019 Christiani
1254 2995 1373 3019 01111105

391 3040 494 3077 11111111
522 3047 716 3090 spectantes
747 3038 864 3075 omnia
893 3039 1046 3088 saciunt3
1073 3049 1106 3077 ct
1130 3040 1371 3089 obedivimus,

391 3098 530 3135 dicente
562 3096 624 3132 illo
648 3111 655 3131 ε
678 3097 739 3133 Sic
761 3096 887 3132 luceat
906 3097 973 3133 lux
1007 3106 1140 3134 vestra
1154 3111 1285 3135 coram
1301 3099 1373 3134 ho-

392 3157 573 3201 minibus,
585 3162 625 3191 ut
647 3155 808 3190 videant
824 3167 939 3203 opera
957 3163 1090 3191 ‘vestra
1110 3157 1222 3201 bona,
1237 3165 1272 3192 et
1286 3156 1374 3207 glo-

389 3215 540 3267 rificent
555 3214 715 3250 Patrem
740 3219 910 3248 vestrum
932 3214 997 3262 qni
1019 3221 1074 3249 est
1106 3215 1147 3248 in
1166 3214 1281 3250 melis.
1304 3213 1374 3265 Ipsi

390 3273 501 3324 gloria
531 3281 564 3310 et
582 3270 771 3323 imperium
803 3278 836 3306 et
863 3277 1016 3321 potestas
1043 3279 1076 3306 et
1103 3270 1263 3307 adoratio
1295 3284 1376 3308 cum

392 3330 571 3382 unigenito
597 3329 673 3380 ejus
690 3327 796 3378 Filio,
816 3341 856 3365 ac
871 3335 991 3364 sancto
1007 3335 1039 3364 et
1054 3327 1148 3363 bono
1173 3336 1205 3364 et
1231 3327 1375 3365 vivifico

1314 142 1489 173 sennis.

1415 227 1500 276 χροῦ
1521 222 1622 273 μόνον
1649 223 1694 265 εἰς
1717 221 1825 272 ὄνομα
1854 224 2031 271 μαθητοῦ,
2054 223 2091 259 οὐ
2118 220 2166 270 μὴ
2198 221 2360 260 ἀπολέσει
2377 221 2434 261 τὸν

1418 274 1538 326 μισθὸν
1559 277 1682 312 αὐτοῦ·
1702 273 1770 312 εἴτε
1792 274 1945 326 φυλακὰς
1962 273 2262 324 ἐπισκεπτόμεθα,
2279 276 2322 313 δι’
2344 278 2435 313 ἐκεῖ-

1415 344 1471 366 νον
1505 326 1786 376 ἐπισκεπτόμεθα
1804 327 1860 364 τὸν
1893 327 2051 365 εἰπόντα·
2073 327 2134 364 Ἔν
2162 329 2297 379 φυλακῇ
2328 328 2437 378 ἤμην,

1416 380 1475 418 καὶ
1491 380 1612 425 ἤλθετε
1633 379 1718 431 πρός
1744 394 1804 429 με·
1832 379 1900 417 εἴτε
1927 379 1988 423 τὰς
2019 379 2132 431 χήρας
2150 380 2209 417 καὶ
2230 379 2308 423 τοὺς
2327 382 2439 446 ὀρφα-

1417 432 1493 475 νοὺς
1515 431 1745 483 ἀμφιάζομεν,
1761 431 1805 468 δι’
1823 434 1950 470 ἐκεῖνον
1965 433 2183 483 ἀμφιάζομεν
2202 434 2260 471 τὸν
2279 434 2418 472 εἷποντα
2430 451 2438 458 ·

1419 485 1553 536 Γυμνὸς
1573 484 1683 534 ἥμην,
1706 483 1766 521 καὶ
1785 484 2009 536 περιεὸάλετέ
2027 501 2085 534 με·
2110 485 2177 523 εἴτε
2204 485 2351 524 καθόλου
2369 493 2438 530 τοῖς

1416 542 1571 590 πτωχοῖς
1599 537 1749 574 διάδοσιν
1780 542 1955 587 ποιοῦμεν,
1979 538 2021 575 δι’
2049 540 2175 576 ἐκεῖνον
2194 539 2252 576 τὸν
2281 538 2438 577 εἰπόντα·

1418 592 1496 643 Ἰἰφ’
1520 590 1596 628 ὅσον
1621 589 1807 635 ἐποιήσατε
1827 589 1876 626 ἑνὶ
1897 593 1966 627 τῶν
1985 590 2178 641 ἐλαχίστων
2198 590 2346 639 τούτων,
2362 593 2439 643 ἐμοὶ

1418 643 1628 689 ἐποιήσατε·
1659 641 1728 679 εἴτε
1760 641 1839 685 τοὺς
1878 643 2091 691 ὀνειδισμοὺς
2124 643 2339 697 ὑποφέρομεν
2373 646 2440 683 ὑπὸ

1416 700 1484 735 τῶν
1509 696 1643 734 ἀσεὸῶν
1673 697 1777 733 ἐθνῶν
1791 725 1800 742 ,
1822 697 1867 738 ὡς
1892 699 2160 748 προσκυνοῦντες
2178 698 2235 733 τὸν
2267 697 2334 734 ὑπὸ
2354 697 2441 736 Ἰου-

1419 748 1523 787 δαίων
1556 747 1817 799 σταυρωθέντα,
1845 747 1903 784 καὶ
1938 746 2000 794 τὴν
2036 747 2240 797 οἰκουμένην
2271 750 2440 796 ζωοποιή-

1418 818 1545 846 σαντα,
1562 802 1604 838 δι’
1626 804 1753 839 ἐκεῖνον
1771 801 1826 838 τὸν
1856 799 2017 838 εἰπόντα·
2042 801 2220 853 Μακάριοί
2248 803 2341 850 ἐστε,
2360 802 2441 840 ὅταν

1418 854 1630 893 ὀνειδίσωσιν
1650 857 1758 903 ὑμᾶς,
1775 854 1833 891 καὶ
1863 852 2030 900 διώξωσι,
2058 852 2116 890 καὶ
2147 852 2271 891 εἴπωσι
2292 861 2361 892 πᾶν
2379 871 2442 893 πο-

1418 907 1521 958 νηρὸν
1566 910 1661 958 ῥῆμα
1694 908 1769 943 καθ’
1804 908 1900 956 ὑμῶν
1939 906 2143 957 ψευδόμενοι
2159 922 2166 929 ·
2206 906 2348 957 χαίρετε
2384 908 2443 946 καὶ

1421 961 1654 1010 ἀγαλλιᾶσθε,
1671 957 1724 996 ὅτι
1746 962 1762 996 ὃ
1781 959 1900 1008 μισθὸς
1930 962 2025 1008 ὑμῶν
2049 957 2156 1001 πολὺς
2187 961 2220 996 ἐν
2243 965 2313 1003 τοῖς
2340 963 2443 1012 οὖρα-

1421 1018 1502 1053 νοῖς.
1532 1011 1664 1056 Μηδεὶς
1691 1010 1803 1047 τοίνυν
1833 1011 2130 1060 ὑπολαμόανέτω,
2158 1010 2210 1049 ὅτι
2236 1013 2445 1064 Χριστιανός

1422 1079 1506 1101 ποτε
1523 1063 1607 1113 πρὸς
1633 1062 1795 1106 ἐπίδειξιν
1811 1066 1879 1100 τῶν
1895 1062 2084 1115 ἀνθρώπων
2102 1069 2192 1101 ποιεῖ
2215 1064 2277 1111 τὴν
2298 1067 2444 1117 ἐλεημο-

1423 1115 1528 1162 σύνην
1550 1115 1607 1152 διὰ
1638 1114 1701 1161 τὴν
1734 1117 1817 1167 παρ’
1851 1117 1962 1152 αὐτῶν
1996 1116 2289 1166 μισθαποδοσίαν·
2312 1118 2360 1168 μὴ
2389 1119 2444 1170 γέ.

1423 1184 1525 1206 νοιτο.
1541 1166 1655 1210 Ἅπαξ
1667 1167 1733 1219 γὰρ
1746 1169 1814 1203 τῶν
1829 1169 2057 1218 εὖαγγελικῶν
2075 1171 2255 1220 θησαυρῶν
2270 1172 2446 1221 ἐνουθετή-

1425 1225 1545 1271 θημεν,
1553 1220 1613 1258 καὶ
1624 1218 1851 1263 πιστευθέντες
1861 1220 2046 1258 ἐπιστεύσα
2051 1235 2124 1270 μεν,
2135 1222 2194 1260 καὶ
2204 1223 2448 1272 πιστεύσαντες

1426 1273 1654 1324 διεσώθημεν.
1680 1272 1748 1310 Διὰ
1770 1276 1872 1311 τοῦτο
1891 1272 1958 1324 γὰρ
1974 1273 2032 1310 καὶ
2048 1273 2117 1311 ἀπὸ
2131 1277 2199 1311 τῶν
2216 1276 2446 1327 εὐαγγελικῶν

1427 1325 1710 1378 ἀναγνωσμάτων
1724 1341 1768 1370 κη
1776 1324 1951 1376 ρύττομεν.
1973 1325 2076 1363 Ἀλλὰ
2095 1326 2153 1363 καὶ
2169 1328 2450 1377 ἀναγινωσκομέ-

1426 1396 1492 1418 νων
1505 1381 1572 1416 τῶν
1590 1378 1696 1429 ἁγίων
1713 1378 1949 1430 Εὐαγγελίων,
1964 1381 2028 1430 οὐχ
2043 1379 2162 1423 ἁπλῶς
2182 1381 2250 1417 οὐδ’
2267 1382 2312 1423 ὡς
2327 1371 2447 1437 &oiseii

1427 1431 1656 1484 ἀκροώμεθα,
1675 1432 1750 1469 ἀλλ’
1780 1431 1960 1482 ἱστάμενοι
1989 1431 2048 1469 καὶ
2078 1431 2260 1483 νήφοντες,
2281 1435 2340 1472 καὶ
2360 1431 2449 1488 μετὰ

1427 1485 1555 1528 παντὸς
1573 1484 1678 1536 φόὸου
1699 1483 1978 1536 παραδεχόμενοι
2000 1483 2044 1522 τὰ
2075 1485 2372 1537 παραγγέλματα,
2391 1493 2451 1529 οὐχ

1428 1537 1678 1580 ἀναπίπτοντες
1711 1539 1761 1588 τῷ
1802 1538 2017 1588 φρονήματι,
2056 1539 2093 1574 οὐ
2127 1539 2347 1589 καθεζόμενοι
2381 1549 2452 1586 τοῖς

1429 1590 1605 1641 σώμασιν,
1627 1593 1688 1628 οὐκ
1713 1590 2014 1641 ἀπασχολούμενοι
2033 1596 2103 1631 τοῖς
2120 1594 2178 1627 τοῦ
2210 1592 2357 1638 πλησίον
2379 1596 2452 1642 διη-

1429 1643 1583 1695 γήμασι,
1604 1644 1789 1693 τολμῶμεν
1809 1642 2126 1694 παραπέμψασθαι·
2151 1643 2188 1679 οὐ
2218 1644 2396 1694 πλούσιος,
2416 1649 2453 1685 οὐ

1430 1696 1555 1742 πένης,
1593 1699 1630 1732 οὐ
1674 1696 1808 1741 δοῦλος,
1843 1697 1903 1732 οὐκ
1930 1694 2122 1747 ἐλεύθερος,
2152 1696 2213 1733 οὐκ
2245 1695 2383 1749 ἄνδρες,
2416 1701 2454 1737 οὐ

1430 1755 1605 1801 γυναῖκες,
1631 1749 1693 1785 οὐκ
1725 1747 1909 1799 ἄρχοντες,
1937 1749 1997 1784 οὐκ
2029 1747 2237 1799 ἀρχόμενοι,
2274 1750 2363 1788 ἀλλὰ
2395 1753 2454 1791 καὶ

1432 1802 1532 1844 αὐτὸς
1554 1804 1571 1838 ὑ
1590 1801 1629 1839 τὸ
1652 1799 1807 1850 διάδημα
1836 1800 1875 1838 τὸ
1910 1799 2089 1851 βασιλικὸν
2119 1800 2376 1853 περικείμενος,
2398 1808 2453 1843 εὐ-

1433 1854 1516 1897 θέως
1531 1855 1597 1891 τῶν
1621 1853 1843 1905 Εὐαγγελίων
1855 1852 2199 1904 ἀναγινωσκομένων,
2214 1853 2353 1894 ἵσταται
2367 1857 2456 1907 μετὰ

1432 1907 1559 1949 παντὸς
1580 1905 1685 1958 φόῧου
1706 1906 1766 1944 καὶ
1794 1906 1882 1956 μετὰ
1901 1905 2016 1952 ποίσης
2037 1907 2205 1952 σπουδῆς,
2228 1907 2286 1944 καὶ
2315 1910 2390 1948 οὐδὲ
2417 1911 2456 1948 τὸ

1434 1960 1588 2010 διάδημα
1609 1964 1782 2011 συγχωρεῖ
1797 1962 2012 2012 περικεῖσθαι
2027 1961 2069 2009 τῇ
2085 1961 2218 2010 κεφαλῇ
2240 1962 2363 2010 αὐτοῦ,
2379 1964 2455 2000 ἀλλ’

1434 2012 1623 2050 ὑποκύπτει
1650 2012 1706 2049 διὰ
1735 2012 1792 2049 τὸν
1826 2014 1859 2049 ἓν
1887 2016 1968 2065 *vok*
1987 2011 2096 2062 ἁγίοις
2130 2012 2351 2064 Ιίὗαγγελίοις
2380 2019 2457 2065 ὁμι-

1433 2067 1558 2103 λοῦντα
1584 2064 1686 2103 Θεόν.
1709 2064 1756 2101 Τί
1774 2063 1903 2116 λέγων;
1920 2062 2012 2102 Οἶδα
2037 2063 2100 2109 τὴν
2121 2063 2215 2108 ἀξίαν
2236 2070 2295 2103 τοῦ
2314 2067 2458 2105 δεδωκό-

1433 2133 1489 2161 τος
1509 2117 1586 2167 ἐμοὶ
1607 2116 1670 2162 τὴν
1688 2117 1804 2164 ἀξίαν,
1825 2119 2009 2168 προσκυνῶ
2032 2116 2094 2163 τὴν
2116 2117 2294 2167 βασιλείαν
2313 2124 2372 2157 τοῦ
2405 2121 2462 2157 δε,-

1436 2170 1584 2214 δωκότος
1604 2185 1662 2220 μοι
1678 2169 1740 2215 τὴν
1760 2169 1950 2220 βασιλείαν,
1966 2169 2024 2206 καὶ
2044 2169 2192 2220 ἵσταμαι
2214 2169 2303 2219 μετὰ
2329 2170 2434 2222 ’.11όὸου
2449 2202 2458 2215 ,

1437 2226 1504 2261 τῶν
1523 2222 1629 2274 ἁγίων
1651 2224 1754 2260 αὐτοῦ
1780 2221 1906 2272 λογίων
1944 2222 2293 2273 ἀναγινωσκομένων·
2324 2224 2460 2269 ἐπειδή-

1438 2291 1525 2328 περ,
1546 2274 1661 2326 φησὶν,
1680 2274 1780 2317 αὐτὸς
1798 2273 1922 2311 ἔδωκεν
1946 2274 2110 2325 ἄρχουσιν
2134 2273 2296 2312 ἵστασθαι
2315 2276 2400 2326 πρὸς
2423 2276 2462 2313 τὸ

1442 2327 1620 2378 βασιλικὸν
1660 2326 1825 2365 ἐπινίκιον
1860 2326 2191 2377 ἀναγινωσκόμενον.
2225 2326 2294 2364 Καὶ
2329 2327 2385 2365 ἵνα
2414 2328 2461 2379 μὴ

1439 2379 1626 2432 λοιδορήσῃ
1650 2383 1666 2417 ὁ
1683 2379 1871 2431 αἱρετικὸς,
1891 2379 2014 2430 λέγων,
2034 2378 2087 2417 ὅτι
2107 2379 2193 2429 πρὸς
2213 2379 2332 2430 καιρὸν
2350 2381 2462 2432 ὀλίγον

1441 2432 1542 2483 μόνον
1563 2430 1804 2485 ὑποκρίνονται
1834 2435 1865 2470 οἳ
1890 2433 2042 2482 βασιλεῖς
2061 2436 2119 2469 τοῦ
2149 2432 2301 2482 Χριστοῦ
2325 2432 2388 2479 τὴν
2416 2449 2463 2470 τι-

1442 2486 1523 2536 μὴν,
1538 2485 1681 2523 ἄκουσον
1697 2489 1755 2522 τοῦ
1776 2484 1953 2536 προφήτου
1967 2482 2124 2535 λέγοντος
2138 2483 2223 2535 (πρὸ
2242 2486 2378 2522 πολλῶν
2399 2485 2465 2539 γὰρ

1440 2542 1565 2590 γενεῶν
1594 2538 1657 2584 τὴν
1684 2542 1741 2575 νῦν
1775 2536 1957 2589 γινομένην
1993 2537 2107 2574 εἰκόνα
2139 2536 2274 2587 λέγειδ·
2306 2538 2466 2582 Βασιλεῖς

1440 2590 1585 2643 ὄψονταί
1600 2606 1637 2628 σε
1647 2621 1656 2637 ,
1668 2590 1727 2627 καὶ
1736 2590 1978 2642 ἐγερθήσονται
1991 2589 2166 2641 ἄρχοντες,
2179 2589 2238 2627 καὶ
2251 2590 2467 2637 ἀναστήσον-

1442 2661 1519 2692 ται,
1533 2643 1590 2682 καὶ
1610 2644 1904 2698 προσκυχήσουσιν
1921 2643 2014 2693 αὐτῷ
2033 2642 2160 2694 πάντες
2184 2645 2214 2679 οἱ
2233 2644 2386 2693 βασιλεῖς
2406 2646 2468 2688 τῆς

1443 2701 1517 2748 γῆς.
1540 2697 1702 2734 Μάνθανε
1723 2700 1779 2733 οὐν
1810 2695 1869 2732 καὶ
1894 2693 2055 2740 πίστευε,
2079 2696 2107 2730 ὠ
2134 2694 2304 2747 αἱρετικὲ,
2336 2694 2390 2733 ὅτι
2421 2697 2468 2738 εἷς

1444 2749 1522 2793 τοὺς
1542 2749 1755 2802 ἀπεράντους
1775 2749 1901 2789 αἰῶνας
1935 2745 2089 2796 διαμένει
2120 2747 2271 2797 Χριστοῦ
2295 2752 2355 2785 τοῦ
2378 2750 2469 2786 Θεοῦ

1444 2805 1545 2852 ἡμῶν
1578 2806 1599 2849 ἡ
1633 2800 1813 2851 βασιλεία,
1842 2799 1901 2838 καὶ
1925 2802 1947 2845 ἡ
1978 2799 2081 2852 χάρις
2116 2800 2217 2837 αὐτοῦ
2254 2805 2469 2852 στεφανοῦσα

1446 2859 1577 2902 πάντας
1598 2858 1676 2903 τοὺς
1707 2855 1953 2910 Χριστιανοὺς,
1985 2857 2045 2894 καὶ
2078 2862 2343 2911 χειραγ1ι1γοῦσα
2363 2860 2397 2896 ἐν
2426 2862 2468 2910 τῇ

1450 2917 1610 2970 βασιλεία
1629 2920 1696 2955 τῶν
1722 2918 1885 2970 οὐρανῶν.
1913 2914 2016 2953 Οὕτω
2047 2916 2172 2959 πάντες
2204 2919 2235 2953 οἱ
2270 2916 2471 2970 Χριστιανοὶ

1447 2977 1563 3015 πάντα
1594 2975 1804 3028 πράττουσιν
1838 2974 1922 3026 πρὸς
1954 2975 2081 3011 ἐκεῖνον
2113 2974 2384 3018 ἀποὸλέποντες,
2413 2974 2471 3011 καὶ

1411 3055 1416 3064 ⁴
1449 3035 1656 3086 ἐπείσθημεν
1687 3036 1790 3071 αὐτοῦ
1812 3032 1986 3083 λέγοντος·
2011 3032 2197 3084 Ααμψοίτω
2218 3033 2256 3070 τὸ
2275 3034 2345 3084 φῶς
2375 3034 2472 3082 ὑμῶν

1450 3094 1643 3146 ἔμπροσθεν
1658 3095 1725 3130 τῶν
1745 3091 1947 3143 ἀνθρώπιον,
1964 3090 2056 3133 ὅπως
2077 3091 2193 3128 ἴδωσιν
2212 3093 2308 3140 ὑμῶν
2323 3089 2366 3127 τὰ
2381 3089 2472 3127 καλὰ

1450 3153 1551 3205 ἔργα,
1573 3151 1631 3190 καὶ
1661 3149 1851 3194 δοξάσωσιν
1881 3149 1938 3187 τὸν
1960 3149 2104 3200 Πατέρα
2124 3152 2224 3198 ἡμῶν
2256 3148 2312 3185 τὸν
2341 3150 2374 3185 ἓν
2405 3153 2473 3190 τοῖς

1450 3213 1615 3261 οὐρανοῖς.
1637 3211 1740 3259 Αὐτῷ
1762 3211 1783 3254 ἡ
1804 3207 1883 3251 δόξα
1913 3207 1972 3244 καὶ
1992 3207 2031 3244 τὸ
2051 3207 2174 3258 κράτος
2192 3205 2249 3243 καὶ
2282 3209 2303 3251 ἠ
2338 3204 2473 3248 ἐξουσία

1450 3269 1507 3306 καὶ
1529 3271 1550 3314 ἡ
1573 3265 1805 3319 προσκύνησις
1822 3265 1880 3304 σὺν
1901 3267 1950 3317 τῷ
1975 3269 2147 3315 μονογενεῖ
2168 3266 2270 3301 αὐτοῦ
2295 3264 2387 3314 Υἱῷ,
2415 3263 2474 3299 καὶ

1451 3328 1500 3377 τῷ
1521 3324 1680 3376 παναγίῳ
1702 3323 1761 3362 καὶ
1790 3325 1909 3374 ἀγαθῶ
1936 3323 1993 3359 καὶ
2031 3323 2187 3372 ζωοποιῶ
2216 3321 2274 3358 καὶ
2301 3321 2471 3359 παντοδυ-
