<?xml version="1.0" encoding="UTF-8"?>
<!DOCTYPE html PUBLIC "-//W3C//DTD XHTML 1.0 Transitional//EN"
    "http://www.w3.org/TR/xhtml1/DTD/xhtml1-transitional.dtd">
<html xmlns="http://www.w3.org/1999/xhtml" xml:lang="en" lang="en">
 <head>
  <title>
</title>
<meta http-equiv="Content-Type" content="text/html;charset=utf-8" />
  <meta name='ocr-system' content='tesseract 3.04.00' />
  <meta name='ocr-capabilities' content='ocr_page ocr_carea ocr_par ocr_line ocrx_word'/>
</head>
<body>
  <div class='ocr_page' id='page_1' title='image "./operaomniaquaeex08johnuoft/operaomniaquaeex08johnuoft_0066.png"; bbox 0 0 2481 3678; ppageno 0'>
   <div class='ocr_carea' id='block_1_1' title="bbox 72 1437 270 1715">
    <p class='ocr_par' dir='ltr' id='par_1_1' title="bbox 72 1437 270 1715">
     <span class='ocr_line' id='line_1_1' title="bbox 136 1437 270 1464; baseline -0.007 0"><span class='ocrx_word' id='word_1_1' title='bbox 136 1437 270 1464; x_wconf 53' lang='lat' dir='ltr'>Haeretici</span> 
     </span>
     <span class='ocr_line' id='line_1_2' title="bbox 83 1485 223 1515; baseline -0.007 -10"><span class='ocrx_word' id='word_1_2' title='bbox 83 1485 223 1515; x_wconf 72' lang='lat' dir='ltr'>punctum</span> 
     </span>
     <span class='ocr_line' id='line_1_3' title="bbox 82 1520 270 1558; baseline 0.005 -12.016"><span class='ocrx_word' id='word_1_3' title='bbox 82 1531 217 1558; x_wconf 73' lang='lat' dir='ltr'>apponi-1</span> <span class='ocrx_word' id='word_1_4' title='bbox 194 1520 217 1546; x_wconf 79' lang='lat' dir='ltr'>·=l</span> <span class='ocrx_word' id='word_1_5' title='bbox 222 1527 270 1547; x_wconf 84' lang='lat' dir='ltr'>ant</span> 
     </span>
     <span class='ocr_line' id='line_1_4' title="bbox 84 1562 266 1597; baseline 0.006 -10"><span class='ocrx_word' id='word_1_6' title='bbox 84 1572 100 1597; x_wconf 73' lang='grc'>1·</span> <span class='ocrx_word' id='word_1_7' title='bbox 104 1572 133 1587; x_wconf 81' lang='lat' dir='ltr'>os</span> <span class='ocrx_word' id='word_1_8' title='bbox 123 1568 148 1589; x_wconf 68' lang='lat' dir='ltr'>st</span> <span class='ocrx_word' id='word_1_9' title='bbox 173 1562 266 1594; x_wconf 85' lang='lat' dir='ltr'>illud</span> 
     </span>
     <span class='ocr_line' id='line_1_5' title="bbox 83 1601 269 1641; baseline -0.016 -7"><span class='ocrx_word' id='word_1_10' title='bbox 83 1601 156 1634; x_wconf 79' lang='lat' dir='ltr'>Sine</span> <span class='ocrx_word' id='word_1_11' title='bbox 205 1604 269 1641; x_wconf 77' lang='lat' dir='ltr'>ipso</span> 
     </span>
     <span class='ocr_line' id='line_1_6' title="bbox 72 1648 269 1682; baseline -0.005 -9"><span class='ocrx_word' id='word_1_12' title='bbox 72 1648 199 1682; x_wconf 74' lang='grc' dir='ltr'>]ιι([η1η</span> <span class='ocrx_word' id='word_1_13' title='bbox 226 1651 269 1672; x_wconf 75' lang='lat' dir='ltr'>es!</span> 
     </span>
     <span class='ocr_line' id='line_1_7' title="bbox 81 1686 167 1715; baseline -0.026 0"><span class='ocrx_word' id='word_1_14' title='bbox 81 1687 126 1715; x_wconf 76' lang='lat' dir='ltr'>ml.</span> <span class='ocrx_word' id='word_1_15' title='bbox 133 1686 167 1714; x_wconf 81' lang='lat' dir='ltr'>tl.</span> 
     </span>
    </p>
   </div>
   <div class='ocr_carea' id='block_1_2' title="bbox 290 220 1270 271">
    <p class='ocr_par' dir='ltr' id='par_1_2' title="bbox 290 220 1270 271">
     <span class='ocr_line' id='line_1_8' title="bbox 290 220 1270 271; baseline 0.004 -12"><span class='ocrx_word' id='word_1_16' title='bbox 290 220 347 271; x_wconf 62' lang='lat'>(30</span> <span class='ocrx_word' id='word_1_17' title='bbox 728 233 765 263; x_wconf 87' lang='grc'>5.</span> <span class='ocrx_word' id='word_1_18' title='bbox 804 234 990 264; x_wconf 71' lang='lat' dir='ltr'>JOANMS</span> <span class='ocrx_word' id='word_1_19' title='bbox 1027 234 1270 264; x_wconf 72' lang='lat' dir='ltr'>cuursos‘r.</span> 
     </span>
    </p>
   </div>
   <div class='ocr_carea' id='block_1_3' title="bbox 282 312 1271 1161">
    <p class='ocr_par' dir='ltr' id='par_1_3' title="bbox 282 312 1271 1161">
     <span class='ocr_line' id='line_1_9' title="bbox 286 312 1271 367; baseline 0 -16"><span class='ocrx_word' id='word_1_20' title='bbox 286 314 424 364; x_wconf 76' lang='lat' dir='ltr'>omnia,</span> <span class='ocrx_word' id='word_1_21' title='bbox 453 323 486 351; x_wconf 82' lang='lat' dir='ltr'>et</span> <span class='ocrx_word' id='word_1_22' title='bbox 514 312 572 351; x_wconf 79' lang='lat' dir='ltr'>illa</span> <span class='ocrx_word' id='word_1_23' title='bbox 602 327 725 366; x_wconf 81' lang='lat' dir='ltr'><strong>nempe</strong></span> <span class='ocrx_word' id='word_1_24' title='bbox 747 324 779 352; x_wconf 88' lang='lat' dir='ltr'>et</span> <span class='ocrx_word' id='word_1_25' title='bbox 806 314 877 352; x_wconf 90' lang='lat' dir='ltr'>illis</span> <span class='ocrx_word' id='word_1_26' title='bbox 899 314 1090 367; x_wconf 83' lang='lat' dir='ltr'>superiora.</span> <span class='ocrx_word' id='word_1_27' title='bbox 1123 314 1170 352; x_wconf 89' lang='lat' dir='ltr'>Et</span> <span class='ocrx_word' id='word_1_28' title='bbox 1192 315 1271 367; x_wconf 88' lang='lat' dir='ltr'>jure</span> 
     </span>
     <span class='ocr_line' id='line_1_10' title="bbox 285 374 1271 427; baseline 0 -15"><span class='ocrx_word' id='word_1_29' title='bbox 285 385 392 425; x_wconf 77' lang='lat' dir='ltr'>eei-te,</span> <span class='ocrx_word' id='word_1_30' title='bbox 416 375 500 426; x_wconf 88' lang='lat' dir='ltr'>quia</span> <span class='ocrx_word' id='word_1_31' title='bbox 529 374 589 413; x_wconf 85' lang='lat' dir='ltr'>illa</span> <span class='ocrx_word' id='word_1_32' title='bbox 617 375 839 413; x_wconf 81' lang='lat' dir='ltr'>auditoribus</span> <span class='ocrx_word' id='word_1_33' title='bbox 860 385 940 412; x_wconf 86' lang='lat' dir='ltr'>nota</span> <span class='ocrx_word' id='word_1_34' title='bbox 966 384 1063 423; x_wconf 89' lang='lat' dir='ltr'>sunt,</span> <span class='ocrx_word' id='word_1_35' title='bbox 1080 384 1113 413; x_wconf 86' lang='lat' dir='ltr'>et</span> <span class='ocrx_word' id='word_1_36' title='bbox 1135 375 1209 427; x_wconf 86' lang='lat' dir='ltr'>ipse</span> <span class='ocrx_word' id='word_1_37' title='bbox 1226 374 1271 412; x_wconf 85' lang='lat' dir='ltr'>ad</span> 
     </span>
     <span class='ocr_line' id='line_1_11' title="bbox 284 437 1270 488; baseline 0.001 -16"><span class='ocrx_word' id='word_1_38' title='bbox 284 437 508 488; x_wconf 78' lang='lat' dir='ltr'>praestantius</span> <span class='ocrx_word' id='word_1_39' title='bbox 524 445 770 487; x_wconf 75' lang='lat' dir='ltr'>argumentum</span> <span class='ocrx_word' id='word_1_40' title='bbox 791 445 972 488; x_wconf 80' lang='lat' dir='ltr'>properat,</span> <span class='ocrx_word' id='word_1_41' title='bbox 989 450 1029 473; x_wconf 84' lang='lat' dir='ltr'>ae</span> <span class='ocrx_word' id='word_1_42' title='bbox 1048 444 1161 473; x_wconf 80' lang='lat' dir='ltr'>totum</span> <span class='ocrx_word' id='word_1_43' title='bbox 1182 449 1270 487; x_wconf 86' lang='lat' dir='ltr'>opus</span> 
     </span>
     <span class='ocr_line' id='line_1_12' title="bbox 284 495 1271 549; baseline 0.001 -16"><span class='ocrx_word' id='word_1_44' title='bbox 284 497 508 549; x_wconf 74' lang='lat' dir='ltr'>aggreditur,</span> <span class='ocrx_word' id='word_1_45' title='bbox 539 512 607 535; x_wconf 91' lang='lat' dir='ltr'>non</span> <span class='ocrx_word' id='word_1_46' title='bbox 642 497 686 535; x_wconf 89' lang='lat' dir='ltr'>de</span> <span class='ocrx_word' id='word_1_47' title='bbox 717 497 901 548; x_wconf 81' lang='lat' dir='ltr'>operibus,</span> <span class='ocrx_word' id='word_1_48' title='bbox 925 495 986 534; x_wconf 89' lang='lat' dir='ltr'>sed</span> <span class='ocrx_word' id='word_1_49' title='bbox 1009 496 1054 534; x_wconf 86' lang='lat' dir='ltr'>de</span> <span class='ocrx_word' id='word_1_50' title='bbox 1072 497 1213 548; x_wconf 81' lang='lat' dir='ltr'>Opifiee</span> <span class='ocrx_word' id='word_1_51' title='bbox 1237 506 1271 534; x_wconf 88' lang='lat' dir='ltr'>et</span> 
     </span>
     <span class='ocr_line' id='line_1_13' title="bbox 285 557 1271 609; baseline -0.001 -14"><span class='ocrx_word' id='word_1_52' title='bbox 285 560 448 596; x_wconf 86' lang='lat' dir='ltr'>Creatore</span> <span class='ocrx_word' id='word_1_53' title='bbox 465 558 639 596; x_wconf 82' lang='lat' dir='ltr'>dicturus.</span> <span class='ocrx_word' id='word_1_54' title='bbox 665 557 747 595; x_wconf 86' lang='lat' dir='ltr'>Ideo</span> <span class='ocrx_word' id='word_1_55' title='bbox 768 558 910 609; x_wconf 74' lang='lat' dir='ltr'>Moyses</span> <span class='ocrx_word' id='word_1_56' title='bbox 928 557 1094 607; x_wconf 88' lang='lat' dir='ltr'>quidem,</span> <span class='ocrx_word' id='word_1_57' title='bbox 1116 557 1179 595; x_wconf 86' lang='lat' dir='ltr'>etsi</span> <span class='ocrx_word' id='word_1_58' title='bbox 1201 557 1271 594; x_wconf 80' lang='lat' dir='ltr'>mi-</span> 
     </span>
     <span class='ocr_line' id='line_1_14' title="bbox 285 619 1270 672; baseline 0 -13"><span class='ocrx_word' id='word_1_59' title='bbox 285 636 404 659; x_wconf 87' lang='lat' dir='ltr'>norem</span> <span class='ocrx_word' id='word_1_60' title='bbox 424 622 607 659; x_wconf 70' lang='lat' dir='ltr'>creationis</span> <span class='ocrx_word' id='word_1_61' title='bbox 624 630 759 672; x_wconf 84' lang='lat' dir='ltr'>partem</span> <span class='ocrx_word' id='word_1_62' title='bbox 778 619 1006 671; x_wconf 78' lang='lat' dir='ltr'>aggrediatur</span> <span class='ocrx_word' id='word_1_63' title='bbox 1038 621 1149 668; x_wconf 88' lang='lat' dir='ltr'>(nihil</span> <span class='ocrx_word' id='word_1_64' title='bbox 1177 622 1270 659; x_wconf 87' lang='lat' dir='ltr'>enim</span> 
     </span>
     <span class='ocr_line' id='line_1_15' title="bbox 286 681 1271 733; baseline 0 -14"><span class='ocrx_word' id='word_1_65' title='bbox 286 683 386 719; x_wconf 85' lang='lat' dir='ltr'>nobis</span> <span class='ocrx_word' id='word_1_66' title='bbox 400 683 444 719; x_wconf 82' lang='lat' dir='ltr'>de</span> <span class='ocrx_word' id='word_1_67' title='bbox 460 681 701 720; x_wconf 76' lang='lat' dir='ltr'>invisibilibus</span> <span class='ocrx_word' id='word_1_68' title='bbox 711 681 943 733; x_wconf 80' lang='lat' dir='ltr'>potestatibus</span> <span class='ocrx_word' id='word_1_69' title='bbox 957 682 1140 731; x_wconf 81' lang='lat' dir='ltr'>narravit),</span> <span class='ocrx_word' id='word_1_70' title='bbox 1155 682 1189 720; x_wconf 90' lang='lat' dir='ltr'>in</span> <span class='ocrx_word' id='word_1_71' title='bbox 1201 682 1271 720; x_wconf 91' lang='lat' dir='ltr'>illis</span> 
     </span>
     <span class='ocr_line' id='line_1_16' title="bbox 285 741 1270 794; baseline 0.001 -15"><span class='ocrx_word' id='word_1_72' title='bbox 285 752 443 781; x_wconf 71' lang='lat' dir='ltr'>xersatur</span> <span class='ocrx_word' id='word_1_73' title='bbox 475 758 482 777; x_wconf 89' lang='lat'>:</span> <span class='ocrx_word' id='word_1_74' title='bbox 515 742 574 778; x_wconf 85' lang='lat' dir='ltr'>bic</span> <span class='ocrx_word' id='word_1_75' title='bbox 610 755 692 779; x_wconf 69' lang='lat' dir='ltr'>vero</span> <span class='ocrx_word' id='word_1_76' title='bbox 705 771 714 789; x_wconf 89' lang='lat'>,</span> <span class='ocrx_word' id='word_1_77' title='bbox 744 742 805 792; x_wconf 89' lang='lat' dir='ltr'>qui</span> <span class='ocrx_word' id='word_1_78' title='bbox 842 741 887 779; x_wconf 83' lang='lat' dir='ltr'>ad</span> <span class='ocrx_word' id='word_1_79' title='bbox 920 741 1037 794; x_wconf 85' lang='lat' dir='ltr'>ipsum</span> <span class='ocrx_word' id='word_1_80' title='bbox 1070 743 1270 781; x_wconf 81' lang='lat' dir='ltr'>Creatorem</span> 
     </span>
     <span class='ocr_line' id='line_1_17' title="bbox 283 802 1271 854; baseline 0.001 -14"><span class='ocrx_word' id='word_1_81' title='bbox 283 803 468 840; x_wconf 68' lang='lat' dir='ltr'>ascendere</span> <span class='ocrx_word' id='word_1_82' title='bbox 485 802 623 840; x_wconf 81' lang='lat' dir='ltr'>festinat</span> <span class='ocrx_word' id='word_1_83' title='bbox 633 832 642 851; x_wconf 86' lang='lat'>,</span> <span class='ocrx_word' id='word_1_84' title='bbox 656 803 736 853; x_wconf 81' lang='lat' dir='ltr'>jure</span> <span class='ocrx_word' id='word_1_85' title='bbox 751 802 866 839; x_wconf 88' lang='lat' dir='ltr'>omnia</span> <span class='ocrx_word' id='word_1_86' title='bbox 882 803 1133 854; x_wconf 75' lang='lat' dir='ltr'>praetereurrit,</span> <span class='ocrx_word' id='word_1_87' title='bbox 1151 813 1182 841; x_wconf 86' lang='lat' dir='ltr'>et</span> <span class='ocrx_word' id='word_1_88' title='bbox 1196 804 1271 842; x_wconf 81' lang='lat' dir='ltr'>haee</span> 
     </span>
     <span class='ocr_line' id='line_1_18' title="bbox 282 863 1269 915; baseline 0.002 -15"><span class='ocrx_word' id='word_1_89' title='bbox 282 878 359 914; x_wconf 57' lang='lat' dir='ltr'>qua}</span> <span class='ocrx_word' id='word_1_90' title='bbox 374 864 434 901; x_wconf 91' lang='lat' dir='ltr'>ille</span> <span class='ocrx_word' id='word_1_91' title='bbox 449 863 562 911; x_wconf 71' lang='lat' dir='ltr'>dixit,</span> <span class='ocrx_word' id='word_1_92' title='bbox 583 872 615 901; x_wconf 93' lang='lat' dir='ltr'>et</span> <span class='ocrx_word' id='word_1_93' title='bbox 629 878 666 901; x_wconf 88' lang='lat' dir='ltr'>ea</span> <span class='ocrx_word' id='word_1_94' title='bbox 681 878 759 913; x_wconf 84' lang='lat' dir='ltr'>quae</span> <span class='ocrx_word' id='word_1_95' title='bbox 782 864 856 915; x_wconf 79' lang='lat' dir='ltr'>ipse</span> <span class='ocrx_word' id='word_1_96' title='bbox 876 864 1005 911; x_wconf 80' lang='lat' dir='ltr'>tacuit,</span> <span class='ocrx_word' id='word_1_97' title='bbox 1026 865 1149 915; x_wconf 73' lang='lat' dir='ltr'>paucis</span> <span class='ocrx_word' id='word_1_98' title='bbox 1168 879 1269 902; x_wconf 89' lang='lat' dir='ltr'>eom—</span> 
     </span>
     <span class='ocr_line' id='line_1_19' title="bbox 282 925 1271 979; baseline 0.003 -18"><span class='ocrx_word' id='word_1_99' title='bbox 282 925 466 977; x_wconf 72' lang='lat' dir='ltr'>plectitur,</span> <span class='ocrx_word' id='word_1_100' title='bbox 490 927 630 963; x_wconf 85' lang='lat' dir='ltr'>Omnia</span> <span class='ocrx_word' id='word_1_101' title='bbox 647 939 715 977; x_wconf 83' lang='lat' dir='ltr'>per</span> <span class='ocrx_word' id='word_1_102' title='bbox 728 927 979 979; x_wconf 79' lang='lat' dir='ltr'>ipsumfacta</span> <span class='ocrx_word' id='word_1_103' title='bbox 1001 935 1104 964; x_wconf 76' lang='lat' dir='ltr'>sunt.</span> <span class='ocrx_word' id='word_1_104' title='bbox 1122 927 1174 964; x_wconf 90' lang='lat' dir='ltr'>Ne</span> <span class='ocrx_word' id='word_1_105' title='bbox 1188 941 1271 965; x_wconf 85' lang='lat' dir='ltr'>vero</span> 
     </span>
     <span class='ocr_line' id='line_1_20' title="bbox 285 987 1271 1040; baseline 0.003 -18"><span class='ocrx_word' id='word_1_106' title='bbox 285 996 384 1038; x_wconf 74' lang='lat' dir='ltr'>putes</span> <span class='ocrx_word' id='word_1_107' title='bbox 418 987 534 1038; x_wconf 84' lang='lat' dir='ltr'>ipsum</span> <span class='ocrx_word' id='word_1_108' title='bbox 561 1000 600 1023; x_wconf 89' lang='lat' dir='ltr'>ea</span> <span class='ocrx_word' id='word_1_109' title='bbox 630 995 768 1024; x_wconf 86' lang='lat' dir='ltr'>tantum</span> <span class='ocrx_word' id='word_1_110' title='bbox 799 1000 993 1024; x_wconf 86' lang='lat' dir='ltr'>memorare</span> <span class='ocrx_word' id='word_1_111' title='bbox 1020 1001 1096 1037; x_wconf 84' lang='lat' dir='ltr'>quae</span> <span class='ocrx_word' id='word_1_112' title='bbox 1127 989 1271 1040; x_wconf 83' lang='lat' dir='ltr'>Moyses</span> 
     </span>
     <span class='ocr_line' id='line_1_21' title="bbox 285 1046 1271 1099; baseline 0.001 -15"><span class='ocrx_word' id='word_1_113' title='bbox 285 1047 456 1097; x_wconf 83' lang='lat' dir='ltr'>narravit,</span> <span class='ocrx_word' id='word_1_114' title='bbox 473 1046 669 1099; x_wconf 84' lang='lat' dir='ltr'>subjungit,</span> <span class='ocrx_word' id='word_1_115' title='bbox 686 1049 739 1084; x_wconf 82' lang='lat' dir='ltr'>Et</span> <span class='ocrx_word' id='word_1_116' title='bbox 754 1049 836 1084; x_wconf 80' lang='lat' dir='ltr'>sine</span> <span class='ocrx_word' id='word_1_117' title='bbox 847 1049 928 1096; x_wconf 74' lang='lat' dir='ltr'>ipso</span> <span class='ocrx_word' id='word_1_118' title='bbox 940 1048 1089 1099; x_wconf 81' lang='lat' dir='ltr'>sactum</span> <span class='ocrx_word' id='word_1_119' title='bbox 1101 1057 1155 1085; x_wconf 80' lang='lat' dir='ltr'>est</span> <span class='ocrx_word' id='word_1_120' title='bbox 1171 1050 1271 1085; x_wconf 80' lang='lat' dir='ltr'>nihil</span> 
     </span>
     <span class='ocr_line' id='line_1_22' title="bbox 285 1108 1270 1161; baseline 0.001 -15"><span class='ocrx_word' id='word_1_121' title='bbox 285 1110 557 1161; x_wconf 74' lang='lat' dir='ltr'>quodfaclum</span> <span class='ocrx_word' id='word_1_122' title='bbox 575 1124 585 1144; x_wconf 92' lang='grc'>.·</span> <span class='ocrx_word' id='word_1_123' title='bbox 603 1108 673 1146; x_wconf 88' lang='lat' dir='ltr'>boe</span> <span class='ocrx_word' id='word_1_124' title='bbox 691 1117 758 1156; x_wconf 90' lang='lat' dir='ltr'>est,</span> <span class='ocrx_word' id='word_1_125' title='bbox 779 1108 838 1145; x_wconf 78' lang='lat' dir='ltr'>Ex</span> <span class='ocrx_word' id='word_1_126' title='bbox 856 1109 960 1145; x_wconf 88' lang='lat' dir='ltr'>rebus</span> <span class='ocrx_word' id='word_1_127' title='bbox 976 1109 1090 1158; x_wconf 84' lang='lat' dir='ltr'>factis,</span> <span class='ocrx_word' id='word_1_128' title='bbox 1113 1109 1186 1147; x_wconf 85' lang='lat' dir='ltr'>sive</span> <span class='ocrx_word' id='word_1_129' title='bbox 1202 1110 1270 1147; x_wconf 85' lang='lat' dir='ltr'>sub</span> 
     </span>
    </p>
   </div>
   <div class='ocr_carea' id='block_1_4' title="bbox 283 1170 1321 1228">
    <p class='ocr_par' dir='ltr' id='par_1_4' title="bbox 283 1170 1321 1228">
     <span class='ocr_line' id='line_1_23' title="bbox 283 1170 1321 1228; baseline 0 -20"><span class='ocrx_word' id='word_1_130' title='bbox 283 1181 479 1223; x_wconf 73' lang='lat' dir='ltr'>aspectum,</span> <span class='ocrx_word' id='word_1_131' title='bbox 512 1171 586 1208; x_wconf 87' lang='lat' dir='ltr'>sive</span> <span class='ocrx_word' id='word_1_132' title='bbox 615 1171 682 1207; x_wconf 89' lang='lat' dir='ltr'>sub</span> <span class='ocrx_word' id='word_1_133' title='bbox 711 1170 929 1208; x_wconf 84' lang='lat' dir='ltr'>intellectum</span> <span class='ocrx_word' id='word_1_134' title='bbox 959 1180 1098 1207; x_wconf 85' lang='lat' dir='ltr'>tantum</span> <span class='ocrx_word' id='word_1_135' title='bbox 1125 1171 1268 1220; x_wconf 84' lang='lat' dir='ltr'>cadant,</span> <span class='ocrx_word' id='word_1_136' title='bbox 1290 1205 1321 1228; x_wconf 73' lang='lat'>35</span> 
     </span>
    </p>
   </div>
   <div class='ocr_carea' id='block_1_5' title="bbox 276 1230 1269 3056">
    <p class='ocr_par' dir='ltr' id='par_1_5' title="bbox 276 1230 1269 3056">
     <span class='ocr_line' id='line_1_24' title="bbox 282 1230 1268 1282; baseline 0 -13"><span class='ocrx_word' id='word_1_137' title='bbox 282 1232 373 1269; x_wconf 84' lang='lat' dir='ltr'>nibil</span> <span class='ocrx_word' id='word_1_138' title='bbox 392 1232 466 1269; x_wconf 86' lang='lat' dir='ltr'>sine</span> <span class='ocrx_word' id='word_1_139' title='bbox 484 1231 565 1268; x_wconf 82' lang='lat' dir='ltr'>Filii</span> <span class='ocrx_word' id='word_1_140' title='bbox 584 1231 716 1270; x_wconf 86' lang='lat' dir='ltr'>virtute</span> <span class='ocrx_word' id='word_1_141' title='bbox 731 1230 944 1282; x_wconf 81' lang='lat' dir='ltr'>productum</span> <span class='ocrx_word' id='word_1_142' title='bbox 960 1239 1021 1267; x_wconf 87' lang='lat' dir='ltr'>est.</span> <span class='ocrx_word' id='word_1_143' title='bbox 1039 1232 1159 1280; x_wconf 86' lang='lat' dir='ltr'>Neque</span> <span class='ocrx_word' id='word_1_144' title='bbox 1175 1231 1268 1269; x_wconf 87' lang='lat' dir='ltr'>enim</span> 
     </span>
     <span class='ocr_line' id='line_1_25' title="bbox 283 1290 1267 1343; baseline 0.002 -16"><span class='ocrx_word' id='word_1_145' title='bbox 283 1301 452 1343; x_wconf 78' lang='lat' dir='ltr'>punctum</span> <span class='ocrx_word' id='word_1_146' title='bbox 465 1305 681 1342; x_wconf 80' lang='lat' dir='ltr'>apponemus</span> <span class='ocrx_word' id='word_1_147' title='bbox 695 1300 774 1342; x_wconf 84' lang='lat' dir='ltr'>post</span> <span class='ocrx_word' id='word_1_148' title='bbox 789 1290 892 1339; x_wconf 87' lang='lat' dir='ltr'>illud,</span> <span class='ocrx_word' id='word_1_149' title='bbox 910 1291 1037 1338; x_wconf 78' lang='lat' dir='ltr'><em>Nihil,</em></span> <span class='ocrx_word' id='word_1_150' title='bbox 1055 1299 1094 1328; x_wconf 88' lang='lat' dir='ltr'>ut</span> <span class='ocrx_word' id='word_1_151' title='bbox 1110 1291 1267 1330; x_wconf 62' lang='lat' dir='ltr'>haeretici</span> 
     </span>
     <span class='ocr_line' id='line_1_26' title="bbox 282 1351 1269 1404; baseline 0.002 -14"><span class='ocrx_word' id='word_1_152' title='bbox 282 1353 427 1390; x_wconf 74' lang='lat' dir='ltr'>faciunt.</span> <span class='ocrx_word' id='word_1_153' title='bbox 455 1352 514 1390; x_wconf 89' lang='lat' dir='ltr'>Illi</span> <span class='ocrx_word' id='word_1_154' title='bbox 542 1351 636 1389; x_wconf 90' lang='lat' dir='ltr'>enim</span> <span class='ocrx_word' id='word_1_155' title='bbox 663 1366 743 1389; x_wconf 88' lang='lat' dir='ltr'>cum</span> <span class='ocrx_word' id='word_1_156' title='bbox 772 1352 883 1391; x_wconf 86' lang='lat' dir='ltr'>velint</span> <span class='ocrx_word' id='word_1_157' title='bbox 911 1352 1087 1404; x_wconf 79' lang='lat' dir='ltr'>Spiritum</span> <span class='ocrx_word' id='word_1_158' title='bbox 1113 1362 1269 1392; x_wconf 86' lang='lat' dir='ltr'>creatum</span> 
     </span>
     <span class='ocr_line' id='line_1_27' title="bbox 283 1415 1268 1467; baseline -0.001 -14"><span class='ocrx_word' id='word_1_159' title='bbox 283 1429 373 1465; x_wconf 82' lang='lat' dir='ltr'>esse,</span> <span class='ocrx_word' id='word_1_160' title='bbox 390 1415 598 1465; x_wconf 85' lang='lat' dir='ltr'>italegunt:</span> <span class='ocrx_word' id='word_1_161' title='bbox 624 1415 737 1465; x_wconf 75' lang='lat' dir='ltr'>Quod</span> <span class='ocrx_word' id='word_1_162' title='bbox 755 1415 914 1467; x_wconf 81' lang='lat' dir='ltr'>sactum</span> <span class='ocrx_word' id='word_1_163' title='bbox 937 1423 1003 1462; x_wconf 82' lang='lat' dir='ltr'>est,</span> <span class='ocrx_word' id='word_1_164' title='bbox 1024 1416 1065 1451; x_wconf 84' lang='lat' dir='ltr'>in</span> <span class='ocrx_word' id='word_1_165' title='bbox 1084 1416 1166 1463; x_wconf 78' lang='lat' dir='ltr'>ipso</span> <span class='ocrx_word' id='word_1_166' title='bbox 1182 1418 1268 1453; x_wconf 79' lang='lat' dir='ltr'>vita</span> 
     </span>
     <span class='ocr_line' id='line_1_28' title="bbox 284 1474 1268 1527; baseline -0.002 -12"><span class='ocrx_word' id='word_1_167' title='bbox 284 1486 377 1515; x_wconf 36' lang='lat' dir='ltr'>erffat</span> <span class='ocrx_word' id='word_1_168' title='bbox 402 1479 446 1514; x_wconf 79' lang='lat' dir='ltr'>At</span> <span class='ocrx_word' id='word_1_169' title='bbox 472 1476 522 1513; x_wconf 87' lang='lat' dir='ltr'>sie</span> <span class='ocrx_word' id='word_1_170' title='bbox 550 1475 627 1512; x_wconf 60' lang='lat' dir='ltr'>haec</span> <span class='ocrx_word' id='word_1_171' title='bbox 657 1475 755 1512; x_wconf 87' lang='lat' dir='ltr'>nullo</span> <span class='ocrx_word' id='word_1_172' title='bbox 781 1474 886 1513; x_wconf 92' lang='lat' dir='ltr'>modo</span> <span class='ocrx_word' id='word_1_173' title='bbox 913 1474 1063 1525; x_wconf 78' lang='lat' dir='ltr'>intelligi</span> <span class='ocrx_word' id='word_1_174' title='bbox 1093 1484 1268 1527; x_wconf 85' lang='lat' dir='ltr'>poterunt.</span> 
     </span>
     <span class='ocr_line' id='line_1_29' title="bbox 284 1535 1269 1588; baseline 0.001 -14"><span class='ocrx_word' id='word_1_175' title='bbox 284 1538 404 1576; x_wconf 87' lang='lat' dir='ltr'>Primo</span> <span class='ocrx_word' id='word_1_176' title='bbox 435 1538 529 1575; x_wconf 89' lang='lat' dir='ltr'>enim</span> <span class='ocrx_word' id='word_1_177' title='bbox 556 1536 617 1573; x_wconf 87' lang='lat' dir='ltr'>hie</span> <span class='ocrx_word' id='word_1_178' title='bbox 641 1550 709 1574; x_wconf 91' lang='lat' dir='ltr'>non</span> <span class='ocrx_word' id='word_1_179' title='bbox 732 1545 929 1588; x_wconf 85' lang='lat' dir='ltr'>opportuna</span> <span class='ocrx_word' id='word_1_180' title='bbox 956 1535 1111 1588; x_wconf 82' lang='lat' dir='ltr'>Spiritus</span> <span class='ocrx_word' id='word_1_181' title='bbox 1138 1537 1269 1575; x_wconf 90' lang='lat' dir='ltr'>mentio</span> 
     </span>
     <span class='ocr_line' id='line_1_30' title="bbox 283 1596 1269 1650; baseline -0.002 -13"><span class='ocrx_word' id='word_1_182' title='bbox 283 1609 395 1637; x_wconf 78' lang='lat' dir='ltr'>esset:</span> <span class='ocrx_word' id='word_1_183' title='bbox 416 1599 511 1650; x_wconf 86' lang='lat' dir='ltr'>quod</span> <span class='ocrx_word' id='word_1_184' title='bbox 535 1598 563 1636; x_wconf 91' lang='lat' dir='ltr'>si</span> <span class='ocrx_word' id='word_1_185' title='bbox 586 1597 727 1635; x_wconf 85' lang='lat' dir='ltr'>tandem</span> <span class='ocrx_word' id='word_1_186' title='bbox 761 1596 797 1634; x_wconf 88' lang='lat' dir='ltr'>id</span> <span class='ocrx_word' id='word_1_187' title='bbox 822 1597 1009 1646; x_wconf 86' lang='lat' dir='ltr'>voluisset,</span> <span class='ocrx_word' id='word_1_188' title='bbox 1038 1606 1191 1634; x_wconf 84' lang='lat' dir='ltr'>curtam</span> <span class='ocrx_word' id='word_1_189' title='bbox 1207 1599 1269 1635; x_wconf 89' lang='lat' dir='ltr'>ob-</span> 
     </span>
     <span class='ocr_line' id='line_1_31' title="bbox 282 1657 1269 1710; baseline -0.003 -11"><span class='ocrx_word' id='word_1_190' title='bbox 282 1676 381 1699; x_wconf 83' lang='lat' dir='ltr'>seure</span> <span class='ocrx_word' id='word_1_191' title='bbox 397 1662 565 1710; x_wconf 80' lang='lat' dir='ltr'>loquutus</span> <span class='ocrx_word' id='word_1_192' title='bbox 588 1658 705 1695; x_wconf 67' lang='lat' dir='ltr'>esset?</span> <span class='ocrx_word' id='word_1_193' title='bbox 729 1657 823 1695; x_wconf 86' lang='lat' dir='ltr'>unde</span> <span class='ocrx_word' id='word_1_194' title='bbox 852 1657 949 1695; x_wconf 87' lang='lat' dir='ltr'>enim</span> <span class='ocrx_word' id='word_1_195' title='bbox 976 1666 1111 1695; x_wconf 84' lang='lat' dir='ltr'>constat</span> <span class='ocrx_word' id='word_1_196' title='bbox 1134 1657 1199 1694; x_wconf 86' lang='lat' dir='ltr'>hoe</span> <span class='ocrx_word' id='word_1_197' title='bbox 1225 1658 1269 1696; x_wconf 86' lang='lat' dir='ltr'>de</span> 
     </span>
     <span class='ocr_line' id='line_1_32' title="bbox 281 1720 1267 1777; baseline -0.003 -15"><span class='ocrx_word' id='word_1_198' title='bbox 281 1725 416 1777; x_wconf 78' lang='lat' dir='ltr'>Spiritu</span> <span class='ocrx_word' id='word_1_199' title='bbox 449 1723 586 1761; x_wconf 84' lang='lat' dir='ltr'>dietum</span> <span class='ocrx_word' id='word_1_200' title='bbox 617 1721 720 1759; x_wconf 71' lang='lat' dir='ltr'>esse}J</span> <span class='ocrx_word' id='word_1_201' title='bbox 737 1721 902 1772; x_wconf 88' lang='lat' dir='ltr'>Alioquin</span> <span class='ocrx_word' id='word_1_202' title='bbox 927 1730 1045 1758; x_wconf 83' lang='lat' dir='ltr'>autem</span> <span class='ocrx_word' id='word_1_203' title='bbox 1073 1720 1267 1759; x_wconf 89' lang='lat' dir='ltr'>seeundum</span> 
     </span>
     <span class='ocr_line' id='line_1_33' title="bbox 280 1781 1267 1834; baseline -0.004 -10"><span class='ocrx_word' id='word_1_204' title='bbox 280 1787 370 1824; x_wconf 86' lang='lat' dir='ltr'>bane</span> <span class='ocrx_word' id='word_1_205' title='bbox 406 1785 532 1823; x_wconf 85' lang='lat' dir='ltr'>seriem</span> <span class='ocrx_word' id='word_1_206' title='bbox 566 1783 844 1834; x_wconf 81' lang='lat' dir='ltr'>comperiemus,</span> <span class='ocrx_word' id='word_1_207' title='bbox 875 1795 943 1819; x_wconf 88' lang='lat' dir='ltr'>non</span> <span class='ocrx_word' id='word_1_208' title='bbox 980 1781 1173 1833; x_wconf 76' lang='lat' dir='ltr'>Spiritum,</span> <span class='ocrx_word' id='word_1_209' title='bbox 1207 1782 1267 1820; x_wconf 86' lang='lat' dir='ltr'>sed</span> 
     </span>
     <span class='ocr_line' id='line_1_34' title="bbox 280 1842 1267 1899; baseline -0.003 -15"><span class='ocrx_word' id='word_1_210' title='bbox 280 1848 397 1899; x_wconf 81' lang='lat' dir='ltr'>ipsum</span> <span class='ocrx_word' id='word_1_211' title='bbox 425 1846 558 1884; x_wconf 88' lang='lat' dir='ltr'>Filium</span> <span class='ocrx_word' id='word_1_212' title='bbox 586 1859 648 1897; x_wconf 82' lang='lat' dir='ltr'>per</span> <span class='ocrx_word' id='word_1_213' title='bbox 678 1844 833 1896; x_wconf 84' lang='lat' dir='ltr'>seipsum</span> <span class='ocrx_word' id='word_1_214' title='bbox 864 1843 997 1880; x_wconf 71' lang='lat' dir='ltr'>laetum</span> <span class='ocrx_word' id='word_1_215' title='bbox 1021 1857 1104 1881; x_wconf 84' lang='lat' dir='ltr'>esse..</span> <span class='ocrx_word' id='word_1_216' title='bbox 1130 1842 1267 1881; x_wconf 85' lang='lat' dir='ltr'>Verum</span> 
     </span>
     <span class='ocr_line' id='line_1_35' title="bbox 279 1904 1265 1957; baseline -0.003 -11"><span class='ocrx_word' id='word_1_217' title='bbox 279 1908 460 1955; x_wconf 84' lang='lat' dir='ltr'>attendite,</span> <span class='ocrx_word' id='word_1_218' title='bbox 480 1922 522 1944; x_wconf 92' lang='lat' dir='ltr'>ne</span> <span class='ocrx_word' id='word_1_219' title='bbox 547 1921 610 1945; x_wconf 85' lang='lat' dir='ltr'>vos</span> <span class='ocrx_word' id='word_1_220' title='bbox 629 1906 696 1942; x_wconf 85' lang='lat' dir='ltr'>boe</span> <span class='ocrx_word' id='word_1_221' title='bbox 712 1905 847 1943; x_wconf 85' lang='lat' dir='ltr'>dietum</span> <span class='ocrx_word' id='word_1_222' title='bbox 877 1904 1048 1955; x_wconf 73' lang='lat' dir='ltr'>effugiat,</span> <span class='ocrx_word' id='word_1_223' title='bbox 1070 1914 1104 1943; x_wconf 86' lang='lat' dir='ltr'>et</span> <span class='ocrx_word' id='word_1_224' title='bbox 1122 1919 1186 1957; x_wconf 86' lang='lat' dir='ltr'>age</span> <span class='ocrx_word' id='word_1_225' title='bbox 1205 1906 1265 1943; x_wconf 89' lang='lat' dir='ltr'>in—</span> 
     </span>
     <span class='ocr_line' id='line_1_36' title="bbox 280 1966 1265 2019; baseline -0.002 -12"><span class='ocrx_word' id='word_1_226' title='bbox 280 1971 379 2007; x_wconf 80' lang='lat' dir='ltr'>terim</span> <span class='ocrx_word' id='word_1_227' title='bbox 399 1969 445 2007; x_wconf 88' lang='lat' dir='ltr'>ad</span> <span class='ocrx_word' id='word_1_228' title='bbox 460 1969 603 2006; x_wconf 89' lang='lat' dir='ltr'>illorum</span> <span class='ocrx_word' id='word_1_229' title='bbox 620 1981 753 2004; x_wconf 88' lang='lat' dir='ltr'>morem</span> <span class='ocrx_word' id='word_1_230' title='bbox 772 1966 930 2018; x_wconf 87' lang='lat' dir='ltr'>legamus</span> <span class='ocrx_word' id='word_1_231' title='bbox 947 1982 954 2002; x_wconf 89' lang='lat'><strong>:</strong></span> <span class='ocrx_word' id='word_1_232' title='bbox 972 1966 1039 2004; x_wconf 82' lang='lat' dir='ltr'>hoe</span> <span class='ocrx_word' id='word_1_233' title='bbox 1055 1977 1156 2019; x_wconf 82' lang='lat' dir='ltr'>pacto</span> <span class='ocrx_word' id='word_1_234' title='bbox 1171 1967 1265 2006; x_wconf 88' lang='lat' dir='ltr'>enim</span> 
     </span>
     <span class='ocr_line' id='line_1_37' title="bbox 279 2027 1265 2077; baseline 0 -10"><span class='ocrx_word' id='word_1_235' title='bbox 279 2031 494 2069; x_wconf 80' lang='lat' dir='ltr'>manifestior</span> <span class='ocrx_word' id='word_1_236' title='bbox 510 2030 576 2068; x_wconf 87' lang='lat' dir='ltr'>erit</span> <span class='ocrx_word' id='word_1_237' title='bbox 591 2027 792 2067; x_wconf 78' lang='lat' dir='ltr'>absurditas</span> <span class='ocrx_word' id='word_1_238' title='bbox 815 2043 822 2063; x_wconf 74' lang='grc' dir='ltr'><em>τ</em></span> <span class='ocrx_word' id='word_1_239' title='bbox 843 2029 957 2077; x_wconf 79' lang='lat' dir='ltr'>Quod</span> <span class='ocrx_word' id='word_1_240' title='bbox 971 2028 1121 2075; x_wconf 74' lang='lat' dir='ltr'>factum</span> <span class='ocrx_word' id='word_1_241' title='bbox 1138 2036 1204 2077; x_wconf 81' lang='lat' dir='ltr'>est,</span> <span class='ocrx_word' id='word_1_242' title='bbox 1224 2031 1265 2067; x_wconf 79' lang='lat' dir='ltr'>in</span> 
     </span>
     <span class='ocr_line' id='line_1_38' title="bbox 277 2088 1266 2141; baseline 0 -14"><span class='ocrx_word' id='word_1_243' title='bbox 277 2095 356 2141; x_wconf 60' lang='lat' dir='ltr'>ipsa</span> <span class='ocrx_word' id='word_1_244' title='bbox 383 2097 468 2129; x_wconf 75' lang='lat' dir='ltr'>vita</span> <span class='ocrx_word' id='word_1_245' title='bbox 501 2101 592 2128; x_wconf 78' lang='lat' dir='ltr'>erat.</span> <span class='ocrx_word' id='word_1_246' title='bbox 626 2089 749 2129; x_wconf 84' lang='lat' dir='ltr'>Vitam</span> <span class='ocrx_word' id='word_1_247' title='bbox 779 2088 838 2125; x_wconf 86' lang='lat' dir='ltr'>hie.</span> <span class='ocrx_word' id='word_1_248' title='bbox 864 2088 1040 2140; x_wconf 86' lang='lat' dir='ltr'>Spiritum</span> <span class='ocrx_word' id='word_1_249' title='bbox 1065 2089 1266 2140; x_wconf 85' lang='lat' dir='ltr'>significare</span> 
     </span>
     <span class='ocr_line' id='line_1_39' title="bbox 277 2149 1264 2202; baseline -0.001 -14"><span class='ocrx_word' id='word_1_250' title='bbox 277 2153 412 2190; x_wconf 81' lang='lat' dir='ltr'>dieunt.</span> <span class='ocrx_word' id='word_1_251' title='bbox 434 2152 504 2189; x_wconf 86' lang='lat' dir='ltr'>Sed</span> <span class='ocrx_word' id='word_1_252' title='bbox 526 2153 597 2191; x_wconf 79' lang='lat' dir='ltr'>vita</span> <span class='ocrx_word' id='word_1_253' title='bbox 615 2151 720 2189; x_wconf 84' lang='lat' dir='ltr'>etiam</span> <span class='ocrx_word' id='word_1_254' title='bbox 745 2150 810 2187; x_wconf 80' lang='lat' dir='ltr'>lux</span> <span class='ocrx_word' id='word_1_255' title='bbox 825 2149 999 2202; x_wconf 77' lang='lat' dir='ltr'>appellata</span> <span class='ocrx_word' id='word_1_256' title='bbox 1014 2150 1073 2187; x_wconf 88' lang='lat' dir='ltr'>bie</span> <span class='ocrx_word' id='word_1_257' title='bbox 1091 2151 1264 2200; x_wconf 83' lang='lat' dir='ltr'>occurrit;</span> 
     </span>
     <span class='ocr_line' id='line_1_40' title="bbox 278 2211 1263 2264; baseline 0 -15"><span class='ocrx_word' id='word_1_258' title='bbox 278 2213 418 2264; x_wconf 76' lang='lat' dir='ltr'>subjicit</span> <span class='ocrx_word' id='word_1_259' title='bbox 443 2213 535 2250; x_wconf 89' lang='lat' dir='ltr'>enim</span> <span class='ocrx_word' id='word_1_260' title='bbox 551 2242 560 2260; x_wconf 79' lang='lat'>,</span> <span class='ocrx_word' id='word_1_261' title='bbox 580 2215 633 2249; x_wconf 80' lang='lat' dir='ltr'>Et</span> <span class='ocrx_word' id='word_1_262' title='bbox 655 2214 738 2248; x_wconf 84' lang='lat' dir='ltr'>vita</span> <span class='ocrx_word' id='word_1_263' title='bbox 764 2219 845 2248; x_wconf 80' lang='lat' dir='ltr'>erat</span> <span class='ocrx_word' id='word_1_264' title='bbox 869 2211 937 2247; x_wconf 65' lang='lat' dir='ltr'>lux</span> <span class='ocrx_word' id='word_1_265' title='bbox 963 2212 1178 2248; x_wconf 74' lang='lat' dir='ltr'>hominum.</span> <span class='ocrx_word' id='word_1_266' title='bbox 1196 2212 1263 2249; x_wconf 81' lang='lat' dir='ltr'>Se—</span> 
     </span>
     <span class='ocr_line' id='line_1_41' title="bbox 278 2271 1264 2324; baseline -0.002 -13"><span class='ocrx_word' id='word_1_267' title='bbox 278 2273 434 2311; x_wconf 79' lang='lat' dir='ltr'>cundum</span> <span class='ocrx_word' id='word_1_268' title='bbox 459 2274 539 2311; x_wconf 87' lang='lat' dir='ltr'>illos</span> <span class='ocrx_word' id='word_1_269' title='bbox 559 2287 642 2324; x_wconf 87' lang='lat' dir='ltr'>ergo</span> <span class='ocrx_word' id='word_1_270' title='bbox 661 2273 777 2309; x_wconf 87' lang='lat' dir='ltr'>lucem</span> <span class='ocrx_word' id='word_1_271' title='bbox 806 2271 991 2308; x_wconf 88' lang='lat' dir='ltr'>hominum</span> <span class='ocrx_word' id='word_1_272' title='bbox 1012 2272 1070 2308; x_wconf 81' lang='lat' dir='ltr'>hic</span> <span class='ocrx_word' id='word_1_273' title='bbox 1090 2272 1264 2323; x_wconf 80' lang='lat' dir='ltr'>Spiritum</span> 
     </span>
     <span class='ocr_line' id='line_1_42' title="bbox 276 2332 1264 2386; baseline -0.002 -13"><span class='ocrx_word' id='word_1_274' title='bbox 276 2335 374 2373; x_wconf 85' lang='lat' dir='ltr'>dicit.</span> <span class='ocrx_word' id='word_1_275' title='bbox 398 2335 495 2381; x_wconf 89' lang='lat' dir='ltr'>Quid</span> <span class='ocrx_word' id='word_1_276' title='bbox 514 2335 654 2386; x_wconf 75' lang='lat' dir='ltr'>igitur?</span> <span class='ocrx_word' id='word_1_277' title='bbox 676 2335 767 2371; x_wconf 89' lang='lat' dir='ltr'>Cum</span> <span class='ocrx_word' id='word_1_278' title='bbox 784 2332 924 2381; x_wconf 84' lang='lat' dir='ltr'>subdit,</span> <span class='ocrx_word' id='word_1_279' title='bbox 942 2335 1033 2370; x_wconf 72' lang='lat' dir='ltr'>Fuit</span> <span class='ocrx_word' id='word_1_280' title='bbox 1049 2334 1161 2370; x_wconf 79' lang='lat' dir='ltr'>homo</span> <span class='ocrx_word' id='word_1_281' title='bbox 1176 2336 1264 2371; x_wconf 72' lang='lat' dir='ltr'>mis-</span> 
     </span>
     <span class='ocr_line' id='line_1_43' title="bbox 277 2395 1265 2445; baseline -0.003 -10"><span class='ocrx_word' id='word_1_282' title='bbox 277 2411 339 2435; x_wconf 69' lang='lat' dir='ltr'>sus</span> <span class='ocrx_word' id='word_1_283' title='bbox 356 2412 379 2434; x_wconf 87' lang='lat' dir='ltr'>a</span> <span class='ocrx_word' id='word_1_284' title='bbox 398 2398 492 2441; x_wconf 80' lang='lat' dir='ltr'>Deo,</span> <span class='ocrx_word' id='word_1_285' title='bbox 515 2404 554 2434; x_wconf 81' lang='lat' dir='ltr'>ut</span> <span class='ocrx_word' id='word_1_286' title='bbox 568 2397 825 2433; x_wconf 73' lang='lat' dir='ltr'>testimonium</span> <span class='ocrx_word' id='word_1_287' title='bbox 855 2395 1070 2445; x_wconf 72' lang='lat' dir='ltr'>perhiberet</span> <span class='ocrx_word' id='word_1_288' title='bbox 1092 2396 1138 2432; x_wconf 76' lang='lat' dir='ltr'>de</span> <span class='ocrx_word' id='word_1_289' title='bbox 1154 2395 1265 2433; x_wconf 78' lang='lat' dir='ltr'>lumi—</span> 
     </span>
     <span class='ocr_line' id='line_1_44' title="bbox 279 2454 1265 2507; baseline -0.002 -13"><span class='ocrx_word' id='word_1_290' title='bbox 279 2473 336 2506; x_wconf 80' lang='lat' dir='ltr'>ne,</span> <span class='ocrx_word' id='word_1_291' title='bbox 367 2471 504 2495; x_wconf 83' lang='lat' dir='ltr'>neeesse</span> <span class='ocrx_word' id='word_1_292' title='bbox 536 2465 588 2494; x_wconf 89' lang='lat' dir='ltr'>est</span> <span class='ocrx_word' id='word_1_293' title='bbox 615 2465 654 2493; x_wconf 88' lang='lat' dir='ltr'>ut</span> <span class='ocrx_word' id='word_1_294' title='bbox 674 2455 815 2505; x_wconf 87' lang='lat' dir='ltr'>dicant,</span> <span class='ocrx_word' id='word_1_295' title='bbox 838 2455 904 2492; x_wconf 87' lang='lat' dir='ltr'>boc</span> <span class='ocrx_word' id='word_1_296' title='bbox 929 2454 1035 2492; x_wconf 84' lang='lat' dir='ltr'>etiam</span> <span class='ocrx_word' id='word_1_297' title='bbox 1058 2455 1103 2492; x_wconf 88' lang='lat' dir='ltr'>de</span> <span class='ocrx_word' id='word_1_298' title='bbox 1128 2455 1265 2507; x_wconf 78' lang='lat' dir='ltr'>Spiritu</span> 
     </span>
     <span class='ocr_line' id='line_1_45' title="bbox 277 2515 1264 2569; baseline 0 -16"><span class='ocrx_word' id='word_1_299' title='bbox 277 2518 437 2569; x_wconf 74' lang='lat' dir='ltr'>proferri.</span> <span class='ocrx_word' id='word_1_300' title='bbox 456 2517 549 2554; x_wconf 84' lang='lat' dir='ltr'>Eum</span> <span class='ocrx_word' id='word_1_301' title='bbox 566 2516 659 2553; x_wconf 88' lang='lat' dir='ltr'>enim</span> <span class='ocrx_word' id='word_1_302' title='bbox 675 2530 781 2566; x_wconf 83' lang='lat' dir='ltr'>quem</span> <span class='ocrx_word' id='word_1_303' title='bbox 799 2529 904 2567; x_wconf 79' lang='lat' dir='ltr'>supra</span> <span class='ocrx_word' id='word_1_304' title='bbox 923 2515 1085 2554; x_wconf 83' lang='lat' dir='ltr'>Verbum</span> <span class='ocrx_word' id='word_1_305' title='bbox 1099 2515 1211 2563; x_wconf 80' lang='lat' dir='ltr'>dixit,</span> <span class='ocrx_word' id='word_1_306' title='bbox 1229 2515 1264 2553; x_wconf 94' lang='lat' dir='ltr'>in</span> 
     </span>
     <span class='ocr_line' id='line_1_46' title="bbox 279 2575 1263 2628; baseline -0.003 -13"><span class='ocrx_word' id='word_1_307' title='bbox 279 2578 505 2628; x_wconf 80' lang='lat' dir='ltr'>sequentibus</span> <span class='ocrx_word' id='word_1_308' title='bbox 540 2579 675 2625; x_wconf 82' lang='lat' dir='ltr'>Deum,</span> <span class='ocrx_word' id='word_1_309' title='bbox 708 2576 838 2624; x_wconf 88' lang='lat' dir='ltr'>vitam,</span> <span class='ocrx_word' id='word_1_310' title='bbox 873 2584 908 2613; x_wconf 94' lang='lat' dir='ltr'>et</span> <span class='ocrx_word' id='word_1_311' title='bbox 943 2575 1058 2612; x_wconf 88' lang='lat' dir='ltr'>lueem</span> <span class='ocrx_word' id='word_1_312' title='bbox 1094 2576 1263 2613; x_wconf 85' lang='lat' dir='ltr'>nominat.</span> 
     </span>
     <span class='ocr_line' id='line_1_47' title="bbox 286 2637 1264 2689; baseline -0.001 -14"><span class='ocrx_word' id='word_1_313' title='bbox 286 2641 385 2677; x_wconf 76' lang='lat' dir='ltr'>Vim</span> <span class='ocrx_word' id='word_1_314' title='bbox 403 2647 499 2683; x_wconf 77' lang='lat' dir='ltr'>erat,</span> <span class='ocrx_word' id='word_1_315' title='bbox 516 2637 630 2688; x_wconf 85' lang='lat' dir='ltr'>inquit</span> <span class='ocrx_word' id='word_1_316' title='bbox 645 2666 654 2684; x_wconf 91' lang='lat'>,</span> <span class='ocrx_word' id='word_1_317' title='bbox 672 2637 740 2673; x_wconf 76' lang='lat' dir='ltr'>lior,</span> <span class='ocrx_word' id='word_1_318' title='bbox 759 2637 936 2685; x_wconf 86' lang='lat' dir='ltr'>Verbum,</span> <span class='ocrx_word' id='word_1_319' title='bbox 958 2646 990 2674; x_wconf 91' lang='lat' dir='ltr'>et</span> <span class='ocrx_word' id='word_1_320' title='bbox 1008 2637 1081 2674; x_wconf 78' lang='lat' dir='ltr'>luce</span> <span class='ocrx_word' id='word_1_321' title='bbox 1102 2638 1176 2689; x_wconf 81' lang='lat' dir='ltr'>ipsa</span> <span class='ocrx_word' id='word_1_322' title='bbox 1192 2638 1264 2676; x_wconf 85' lang='lat' dir='ltr'>vita</span> 
     </span>
     <span class='ocr_line' id='line_1_48' title="bbox 279 2697 1263 2747; baseline 0 -11"><span class='ocrx_word' id='word_1_323' title='bbox 279 2700 343 2736; x_wconf 78' lang='lat' dir='ltr'>lux</span> <span class='ocrx_word' id='word_1_324' title='bbox 364 2708 446 2737; x_wconf 87' lang='lat' dir='ltr'>erat.</span> <span class='ocrx_word' id='word_1_325' title='bbox 477 2697 514 2735; x_wconf 89' lang='lat' dir='ltr'>Si</span> <span class='ocrx_word' id='word_1_326' title='bbox 546 2698 662 2747; x_wconf 88' lang='lat' dir='ltr'>itaque</span> <span class='ocrx_word' id='word_1_327' title='bbox 692 2697 853 2735; x_wconf 87' lang='lat' dir='ltr'>Verbum</span> <span class='ocrx_word' id='word_1_328' title='bbox 881 2697 952 2736; x_wconf 71' lang='lat' dir='ltr'>vita</span> <span class='ocrx_word' id='word_1_329' title='bbox 975 2707 1073 2747; x_wconf 72' lang='lat' dir='ltr'>erat,</span> <span class='ocrx_word' id='word_1_330' title='bbox 1102 2698 1263 2737; x_wconf 56' lang='lat' dir='ltr'>&#39;Verbum</span> 
     </span>
     <span class='ocr_line' id='line_1_49' title="bbox 278 2758 1263 2810; baseline 0.001 -13"><span class='ocrx_word' id='word_1_331' title='bbox 278 2770 395 2798; x_wconf 85' lang='lat' dir='ltr'>autem</span> <span class='ocrx_word' id='word_1_332' title='bbox 410 2791 419 2809; x_wconf 87' lang='grc'>,</span> <span class='ocrx_word' id='word_1_333' title='bbox 445 2758 541 2810; x_wconf 82' lang='lat' dir='ltr'>quod</span> <span class='ocrx_word' id='word_1_334' title='bbox 557 2767 607 2796; x_wconf 89' lang='lat' dir='ltr'>est</span> <span class='ocrx_word' id='word_1_335' title='bbox 626 2758 718 2805; x_wconf 87' lang='lat' dir='ltr'>vita,</span> <span class='ocrx_word' id='word_1_336' title='bbox 743 2772 821 2794; x_wconf 84' lang='lat' dir='ltr'>caro</span> <span class='ocrx_word' id='word_1_337' title='bbox 848 2759 979 2795; x_wconf 78' lang='lat' dir='ltr'>sactum</span> <span class='ocrx_word' id='word_1_338' title='bbox 999 2769 1070 2797; x_wconf 84' lang='lat' dir='ltr'>est:</span> <span class='ocrx_word' id='word_1_339' title='bbox 1090 2759 1163 2797; x_wconf 76' lang='lat' dir='ltr'>vita</span> <span class='ocrx_word' id='word_1_340' title='bbox 1183 2774 1263 2798; x_wconf 83' lang='lat' dir='ltr'>caro</span> 
     </span>
     <span class='ocr_line' id='line_1_50' title="bbox 279 2819 1261 2870; baseline -0.002 -10"><span class='ocrx_word' id='word_1_341' title='bbox 279 2824 369 2860; x_wconf 82' lang='lat' dir='ltr'>saeta</span> <span class='ocrx_word' id='word_1_342' title='bbox 394 2831 464 2870; x_wconf 83' lang='lat' dir='ltr'>est,</span> <span class='ocrx_word' id='word_1_343' title='bbox 499 2820 566 2857; x_wconf 86' lang='lat' dir='ltr'>boe</span> <span class='ocrx_word' id='word_1_344' title='bbox 592 2829 664 2868; x_wconf 78' lang='lat' dir='ltr'>est,</span> <span class='ocrx_word' id='word_1_345' title='bbox 686 2819 871 2866; x_wconf 60' lang='lat' dir='ltr'>Verbum</span> <span class='ocrx_word' id='word_1_346' title='bbox 891 2829 923 2856; x_wconf 90' lang='lat' dir='ltr'>et</span> <span class='ocrx_word' id='word_1_347' title='bbox 945 2821 1020 2870; x_wconf 78' lang='lat' dir='ltr'>ejus</span> <span class='ocrx_word' id='word_1_348' title='bbox 1036 2820 1186 2870; x_wconf 84' lang='lat' dir='ltr'>gloriam</span> <span class='ocrx_word' id='word_1_349' title='bbox 1202 2821 1261 2859; x_wconf 86' lang='lat' dir='ltr'>vi—</span> 
     </span>
     <span class='ocr_line' id='line_1_51' title="bbox 279 2880 1263 2932; baseline -0.002 -11"><span class='ocrx_word' id='word_1_350' title='bbox 279 2884 418 2932; x_wconf 85' lang='lat' dir='ltr'>dimus,</span> <span class='ocrx_word' id='word_1_351' title='bbox 449 2882 548 2932; x_wconf 84' lang='lat' dir='ltr'>quasi</span> <span class='ocrx_word' id='word_1_352' title='bbox 580 2880 759 2931; x_wconf 84' lang='lat' dir='ltr'>Unigeniti</span> <span class='ocrx_word' id='word_1_353' title='bbox 786 2894 805 2916; x_wconf 86' lang='lat' dir='ltr'>a</span> <span class='ocrx_word' id='word_1_354' title='bbox 833 2880 945 2916; x_wconf 76' lang='lat' dir='ltr'>Patie.</span> <span class='ocrx_word' id='word_1_355' title='bbox 979 2881 1014 2917; x_wconf 85' lang='lat' dir='ltr'>Si</span> <span class='ocrx_word' id='word_1_356' title='bbox 1041 2895 1123 2931; x_wconf 89' lang='lat' dir='ltr'>ergo</span> <span class='ocrx_word' id='word_1_357' title='bbox 1142 2881 1263 2919; x_wconf 80' lang='lat' dir='ltr'>(licant</span> 
     </span>
     <span class='ocr_line' id='line_1_52' title="bbox 281 2938 1264 2996; baseline -0.001 -15"><span class='ocrx_word' id='word_1_358' title='bbox 281 2944 455 2996; x_wconf 80' lang='lat' dir='ltr'>Spiritum</span> <span class='ocrx_word' id='word_1_359' title='bbox 477 2942 534 2978; x_wconf 88' lang='lat' dir='ltr'>bie</span> <span class='ocrx_word' id='word_1_360' title='bbox 549 2941 660 2980; x_wconf 88' lang='lat' dir='ltr'>vitam</span> <span class='ocrx_word' id='word_1_361' title='bbox 689 2940 828 2987; x_wconf 76' lang='lat' dir='ltr'>vocari,</span> <span class='ocrx_word' id='word_1_362' title='bbox 858 2938 939 2977; x_wconf 84' lang='lat' dir='ltr'>vide</span> <span class='ocrx_word' id='word_1_363' title='bbox 957 2950 1085 2989; x_wconf 86' lang='lat' dir='ltr'>quanta</span> <span class='ocrx_word' id='word_1_364' title='bbox 1110 2942 1264 2980; x_wconf 82' lang='lat' dir='ltr'>absurda</span> 
     </span>
     <span class='ocr_line' id='line_1_53' title="bbox 282 3000 1262 3056; baseline -0.001 -14"><span class='ocrx_word' id='word_1_365' title='bbox 282 3014 482 3056; x_wconf 74' lang='lat' dir='ltr'>sequantur.</span> <span class='ocrx_word' id='word_1_366' title='bbox 511 3003 667 3055; x_wconf 81' lang='lat' dir='ltr'>Spiritus</span> <span class='ocrx_word' id='word_1_367' title='bbox 699 3000 792 3038; x_wconf 84' lang='lat' dir='ltr'>enim</span> <span class='ocrx_word' id='word_1_368' title='bbox 820 3001 1023 3038; x_wconf 84' lang='lat' dir='ltr'>incarnatus</span> <span class='ocrx_word' id='word_1_369' title='bbox 1050 3002 1173 3052; x_wconf 86' lang='lat' dir='ltr'>fuerit,</span> <span class='ocrx_word' id='word_1_370' title='bbox 1196 3018 1262 3041; x_wconf 94' lang='lat' dir='ltr'>non</span> 
     </span>
    </p>
   </div>
   <div class='ocr_carea' id='block_1_6' title="bbox 282 3146 1286 3453">
    <p class='ocr_par' dir='ltr' id='par_1_6' title="bbox 282 3146 1286 3248">
     <span class='ocr_line' id='line_1_54' title="bbox 326 3146 1286 3196; baseline -0.006 -13"><span class='ocrx_word' id='word_1_371' title='bbox 326 3151 336 3170; x_wconf 79' lang='lat'>·¹</span> <span class='ocrx_word' id='word_1_372' title='bbox 354 3151 416 3183; x_wconf 77' lang='lat' dir='ltr'>Alii</span> <span class='ocrx_word' id='word_1_373' title='bbox 431 3155 674 3196; x_wconf 66' lang='grc' dir='ltr'>παραλαμὸάνῑι.</span> <span class='ocrx_word' id='word_1_374' title='bbox 697 3148 810 3192; x_wconf 81' lang='lat' dir='ltr'>[Ibid.</span> <span class='ocrx_word' id='word_1_375' title='bbox 829 3146 932 3182; x_wconf 75' lang='lat' dir='ltr'>Savll.</span> <span class='ocrx_word' id='word_1_376' title='bbox 950 3156 983 3180; x_wconf 82' lang='lat' dir='ltr'>et</span> <span class='ocrx_word' id='word_1_377' title='bbox 998 3147 1110 3181; x_wconf 80' lang='lat' dir='ltr'>Codd.</span> <span class='ocrx_word' id='word_1_378' title='bbox 1131 3150 1206 3190; x_wconf 84' lang='grc'>705,</span> <span class='ocrx_word' id='word_1_379' title='bbox 1224 3151 1286 3182; x_wconf 77' lang='grc' dir='ltr'>7Ο6</span> 
     </span>
     <span class='ocr_line' id='line_1_55' title="bbox 282 3204 480 3248; baseline 0.005 -13"><span class='ocrx_word' id='word_1_380' title='bbox 282 3207 318 3235; x_wconf 56' lang='grc' dir='ltr'>ἑνὶ</span> <span class='ocrx_word' id='word_1_381' title='bbox 330 3204 480 3248; x_wconf 56' lang='lat' dir='ltr'>[Lamum]</span> 
     </span>
    </p>

    <p class='ocr_par' dir='ltr' id='par_1_7' title="bbox 325 3252 1145 3300">
     <span class='ocr_line' id='line_1_56' title="bbox 325 3252 1145 3300; baseline 0 -14"><span class='ocrx_word' id='word_1_382' title='bbox 325 3261 335 3272; x_wconf 52' lang='lat' dir='ltr'>f</span> <span class='ocrx_word' id='word_1_383' title='bbox 352 3256 405 3286; x_wconf 79' lang='lat' dir='ltr'>Sic</span> <span class='ocrx_word' id='word_1_384' title='bbox 421 3253 524 3288; x_wconf 85' lang='lat' dir='ltr'>Savil.</span> <span class='ocrx_word' id='word_1_385' title='bbox 541 3261 573 3285; x_wconf 88' lang='lat' dir='ltr'>et.</span> <span class='ocrx_word' id='word_1_386' title='bbox 587 3254 661 3286; x_wconf 89' lang='lat' dir='ltr'>Mss.</span> <span class='ocrx_word' id='word_1_387' title='bbox 679 3252 792 3286; x_wconf 85' lang='lat' dir='ltr'>Morel.</span> <span class='ocrx_word' id='word_1_388' title='bbox 814 3264 890 3286; x_wconf 73' lang='lat' dir='ltr'>vero</span> <span class='ocrx_word' id='word_1_389' title='bbox 905 3260 1145 3300; x_wconf 63' lang='grc' dir='ltr'>περιαγαγόντος,</span> 
     </span>
    </p>

    <p class='ocr_par' dir='ltr' id='par_1_8' title="bbox 283 3304 1285 3396">
     <span class='ocr_line' id='line_1_57' title="bbox 325 3304 1285 3351; baseline -0.005 -11"><span class='ocrx_word' id='word_1_390' title='bbox 325 3319 337 3332; x_wconf 70' lang='lat'>³¹</span> <span class='ocrx_word' id='word_1_391' title='bbox 355 3308 454 3340; x_wconf 79' lang='lat' dir='ltr'>Savil.</span> <span class='ocrx_word' id='word_1_392' title='bbox 474 3315 507 3339; x_wconf 75' lang='lat' dir='ltr'>et</span> <span class='ocrx_word' id='word_1_393' title='bbox 521 3307 653 3350; x_wconf 78' lang='lat' dir='ltr'>pluritni</span> <span class='ocrx_word' id='word_1_394' title='bbox 669 3306 745 3339; x_wconf 84' lang='lat' dir='ltr'>Mss.</span> <span class='ocrx_word' id='word_1_395' title='bbox 765 3311 852 3341; x_wconf 76' lang='grc' dir='ltr'>πόθεν</span> <span class='ocrx_word' id='word_1_396' title='bbox 866 3312 923 3351; x_wconf 76' lang='grc' dir='ltr'>γὰρ</span> <span class='ocrx_word' id='word_1_397' title='bbox 939 3309 1035 3344; x_wconf 67' lang='grc' dir='ltr'>δῆλον,</span> <span class='ocrx_word' id='word_1_398' title='bbox 1052 3304 1165 3337; x_wconf 84' lang='lat' dir='ltr'>Morel.</span> <span class='ocrx_word' id='word_1_399' title='bbox 1184 3304 1285 3337; x_wconf 78' lang='lat' dir='ltr'>etalii</span> 
     </span>
     <span class='ocr_line' id='line_1_58' title="bbox 283 3362 526 3396; baseline -0.012 -4"><span class='ocrx_word' id='word_1_400' title='bbox 283 3365 369 3393; x_wconf 64' lang='grc' dir='ltr'>ποθεν</span> <span class='ocrx_word' id='word_1_401' title='bbox 383 3363 412 3392; x_wconf 72' lang='grc' dir='ltr'>δὲ</span> <span class='ocrx_word' id='word_1_402' title='bbox 430 3362 526 3396; x_wconf 63' lang='grc' dir='ltr'>δῆλον.</span> 
     </span>
    </p>

    <p class='ocr_par' dir='ltr' id='par_1_9' title="bbox 327 3410 1284 3453">
     <span class='ocr_line' id='line_1_59' title="bbox 327 3410 1284 3453; baseline -0.002 -9"><span class='ocrx_word' id='word_1_403' title='bbox 327 3413 337 3425; x_wconf 67' lang='grc'><em>“</em></span> <span class='ocrx_word' id='word_1_404' title='bbox 359 3414 412 3444; x_wconf 59' lang='grc' dir='ltr'>ὀδε</span> <span class='ocrx_word' id='word_1_405' title='bbox 440 3415 520 3452; x_wconf 62' lang='grc' dir='ltr'>λόγος</span> <span class='ocrx_word' id='word_1_406' title='bbox 545 3410 625 3447; x_wconf 72' lang='grc' dir='ltr'>οὗτος</span> <span class='ocrx_word' id='word_1_407' title='bbox 649 3415 695 3443; x_wconf 69' lang='grc' dir='ltr'>καὶ</span> <span class='ocrx_word' id='word_1_408' title='bbox 719 3415 779 3449; x_wconf 66' lang='grc' dir='ltr'>ζωὴ</span> <span class='ocrx_word' id='word_1_409' title='bbox 802 3413 876 3453; x_wconf 61' lang='grc' dir='ltr'>σὰρξ</span> <span class='ocrx_word' id='word_1_410' title='bbox 902 3413 1026 3450; x_wconf 69' lang='grc' dir='ltr'>ἐγένετο,</span> <span class='ocrx_word' id='word_1_411' title='bbox 1052 3414 1067 3447; x_wconf 73' lang='grc' dir='ltr'>η</span> <span class='ocrx_word' id='word_1_412' title='bbox 1092 3414 1150 3448; x_wconf 70' lang='grc' dir='ltr'>ζωὴ</span> <span class='ocrx_word' id='word_1_413' title='bbox 1173 3413 1284 3450; x_wconf 69' lang='grc' dir='ltr'>ἐγένετο</span> 
     </span>
    </p>
   </div>
   <div class='ocr_carea' id='block_1_7' title="bbox 1310 234 1913 265">
    <p class='ocr_par' dir='ltr' id='par_1_10' title="bbox 1310 234 1913 265">
     <span class='ocr_line' id='line_1_60' title="bbox 1310 234 1913 265; baseline 0.005 -3"><span class='ocrx_word' id='word_1_414' title='bbox 1310 234 1514 263; x_wconf 63' lang='lat' dir='ltr'>anctum).</span> <span class='ocrx_word' id='word_1_415' title='bbox 1553 234 1913 265; x_wconf 47' lang='lat' dir='ltr'>CONSTAMWNOP.</span> 
     </span>
    </p>
   </div>
   <div class='ocr_carea' id='block_1_8' title="bbox 1288 312 2364 3052">
    <p class='ocr_par' dir='ltr' id='par_1_11' title="bbox 1288 312 2364 3052">
     <span class='ocr_line' id='line_1_61' title="bbox 1344 312 2362 371; baseline 0.004 -19"><span class='ocrx_word' id='word_1_416' title='bbox 1344 314 1468 358; x_wconf 85' lang='grc' dir='ltr'>ξιόντες</span> <span class='ocrx_word' id='word_1_417' title='bbox 1487 316 1728 370; x_wconf 80' lang='grc' dir='ltr'>παρέλκωμεν.</span> <span class='ocrx_word' id='word_1_418' title='bbox 1750 317 1793 356; x_wconf 86' lang='grc' dir='ltr'>Ὁ</span> <span class='ocrx_word' id='word_1_419' title='bbox 1814 318 1849 357; x_wconf 78' lang='grc' dir='ltr'>δὲ</span> <span class='ocrx_word' id='word_1_420' title='bbox 1865 318 2108 371; x_wconf 78' lang='grc' dir='ltr'>εὐαγγελιστὴς</span> <span class='ocrx_word' id='word_1_421' title='bbox 2125 312 2237 367; x_wconf 61' lang='grc' dir='ltr'>οὗτος,</span> <span class='ocrx_word' id='word_1_422' title='bbox 2254 319 2362 358; x_wconf 39' lang='grc' dir='ltr'>ἅπανή</span> 
     </span>
     <span class='ocr_line' id='line_1_62' title="bbox 1341 376 2363 431; baseline 0.005 -19"><span class='ocrx_word' id='word_1_423' title='bbox 1341 391 1385 412; x_wconf 86' lang='grc' dir='ltr'>τα</span> <span class='ocrx_word' id='word_1_424' title='bbox 1403 376 1594 428; x_wconf 81' lang='grc' dir='ltr'>συντεμὼν,</span> <span class='ocrx_word' id='word_1_425' title='bbox 1609 380 1644 416; x_wconf 80' lang='grc' dir='ltr'>ἐν</span> <span class='ocrx_word' id='word_1_426' title='bbox 1665 379 1795 430; x_wconf 81' lang='grc' dir='ltr'>ῥήματι</span> <span class='ocrx_word' id='word_1_427' title='bbox 1817 378 1831 398; x_wconf 82' lang='lat'>¹¹</span> <span class='ocrx_word' id='word_1_428' title='bbox 1844 380 2097 431; x_wconf 56' lang='grc' dir='ltr'>περιλαμίὲάνει</span> <span class='ocrx_word' id='word_1_429' title='bbox 2118 381 2231 418; x_wconf 80' lang='grc' dir='ltr'>ἐκεῖνά</span> <span class='ocrx_word' id='word_1_430' title='bbox 2251 397 2288 419; x_wconf 84' lang='grc' dir='ltr'>τε</span> <span class='ocrx_word' id='word_1_431' title='bbox 2304 381 2363 419; x_wconf 79' lang='grc' dir='ltr'>καὶ</span> 
     </span>
     <span class='ocr_line' id='line_1_63' title="bbox 1341 436 2363 494; baseline 0.006 -20"><span class='ocrx_word' id='word_1_432' title='bbox 1341 436 1385 475; x_wconf 81' lang='grc' dir='ltr'>τὰ</span> <span class='ocrx_word' id='word_1_433' title='bbox 1406 437 1543 476; x_wconf 82' lang='grc' dir='ltr'>ἐκείνων</span> <span class='ocrx_word' id='word_1_434' title='bbox 1572 438 1727 493; x_wconf 81' lang='grc' dir='ltr'>ἀνώτερα</span> <span class='ocrx_word' id='word_1_435' title='bbox 1741 455 1748 463; x_wconf 89' lang='lat'><strong>·</strong></span> <span class='ocrx_word' id='word_1_436' title='bbox 1766 441 1906 484; x_wconf 77' lang='grc' dir='ltr'>εἰκότως</span> <span class='ocrx_word' id='word_1_437' title='bbox 1914 471 1923 489; x_wconf 91' lang='grc'>,</span> <span class='ocrx_word' id='word_1_438' title='bbox 1945 442 2004 479; x_wconf 85' lang='grc' dir='ltr'>ἅτε</span> <span class='ocrx_word' id='word_1_439' title='bbox 2022 442 2080 479; x_wconf 73' lang='grc' dir='ltr'>καὶ</span> <span class='ocrx_word' id='word_1_440' title='bbox 2102 441 2261 494; x_wconf 79' lang='grc' dir='ltr'>γνώριμα</span> <span class='ocrx_word' id='word_1_441' title='bbox 2282 443 2363 480; x_wconf 78' lang='grc' dir='ltr'>ὄντα</span> 
     </span>
     <span class='ocr_line' id='line_1_64' title="bbox 1342 498 2363 554; baseline 0.005 -19"><span class='ocrx_word' id='word_1_442' title='bbox 1342 504 1411 542; x_wconf 88' lang='grc' dir='ltr'>τοῖς</span> <span class='ocrx_word' id='word_1_443' title='bbox 1433 498 1612 548; x_wconf 81' lang='grc' dir='ltr'>ἀκούουσι,</span> <span class='ocrx_word' id='word_1_444' title='bbox 1633 500 1692 538; x_wconf 81' lang='grc' dir='ltr'>καὶ</span> <span class='ocrx_word' id='word_1_445' title='bbox 1709 501 1766 539; x_wconf 78' lang='grc' dir='ltr'>ἐπὶ</span> <span class='ocrx_word' id='word_1_446' title='bbox 1789 501 1927 552; x_wconf 86' lang='grc' dir='ltr'>μείζονα</span> <span class='ocrx_word' id='word_1_447' title='bbox 1949 502 2169 554; x_wconf 81' lang='grc' dir='ltr'>ἐπειγόμενος</span> <span class='ocrx_word' id='word_1_448' title='bbox 2189 502 2363 550; x_wconf 77' lang='grc' dir='ltr'>ὑπόθεσιν,</span> 
     </span>
     <span class='ocr_line' id='line_1_65' title="bbox 1341 559 2364 616; baseline 0.005 -20"><span class='ocrx_word' id='word_1_449' title='bbox 1341 559 1401 597; x_wconf 78' lang='grc' dir='ltr'>καὶ</span> <span class='ocrx_word' id='word_1_450' title='bbox 1428 566 1542 598; x_wconf 80' lang='grc' dir='ltr'>πᾶσαν</span> <span class='ocrx_word' id='word_1_451' title='bbox 1566 560 1628 607; x_wconf 80' lang='grc' dir='ltr'>τὴν</span> <span class='ocrx_word' id='word_1_452' title='bbox 1658 562 1900 615; x_wconf 83' lang='grc' dir='ltr'>πραγματείαν</span> <span class='ocrx_word' id='word_1_453' title='bbox 1927 563 2198 613; x_wconf 79' lang='grc' dir='ltr'>ἐνστησάμενος,</span> <span class='ocrx_word' id='word_1_454' title='bbox 2227 564 2264 600; x_wconf 75' lang='grc' dir='ltr'>οὐ</span> <span class='ocrx_word' id='word_1_455' title='bbox 2284 563 2364 616; x_wconf 76' lang='grc' dir='ltr'>περὶ</span> 
     </span>
     <span class='ocr_line' id='line_1_66' title="bbox 1341 621 2364 675; baseline 0.004 -17"><span class='ocrx_word' id='word_1_456' title='bbox 1341 623 1408 658; x_wconf 78' lang='grc' dir='ltr'>τῶν</span> <span class='ocrx_word' id='word_1_457' title='bbox 1427 621 1548 674; x_wconf 84' lang='grc' dir='ltr'>ἔργων,</span> <span class='ocrx_word' id='word_1_458' title='bbox 1567 622 1655 661; x_wconf 80' lang='grc' dir='ltr'>ἀλλὰ</span> <span class='ocrx_word' id='word_1_459' title='bbox 1670 623 1749 674; x_wconf 79' lang='grc' dir='ltr'>περὶ</span> <span class='ocrx_word' id='word_1_460' title='bbox 1764 627 1822 661; x_wconf 70' lang='grc' dir='ltr'>τοῦ</span> <span class='ocrx_word' id='word_1_461' title='bbox 1838 624 2046 675; x_wconf 76' lang='grc' dir='ltr'>δημιουργοῦ</span> <span class='ocrx_word' id='word_1_462' title='bbox 2062 624 2121 662; x_wconf 86' lang='grc' dir='ltr'>καὶ</span> <span class='ocrx_word' id='word_1_463' title='bbox 2139 624 2253 662; x_wconf 88' lang='grc' dir='ltr'>πάντα</span> <span class='ocrx_word' id='word_1_464' title='bbox 2273 628 2364 662; x_wconf 67' lang='grc' dir='ltr'>ρποι-</span> 
     </span>
     <span class='ocr_line' id='line_1_67' title="bbox 1344 682 2362 735; baseline 0.003 -16"><span class='ocrx_word' id='word_1_465' title='bbox 1344 682 1551 734; x_wconf 85' lang='grc' dir='ltr'>ραγαγόντος</span> <span class='ocrx_word' id='word_1_466' title='bbox 1582 686 1700 722; x_wconf 81' lang='grc' dir='ltr'>εἰπεῖν.</span> <span class='ocrx_word' id='word_1_467' title='bbox 1721 685 1788 722; x_wconf 87' lang='grc' dir='ltr'>Διά</span> <span class='ocrx_word' id='word_1_468' title='bbox 1807 700 1859 722; x_wconf 88' lang='grc' dir='ltr'>τοι</span> <span class='ocrx_word' id='word_1_469' title='bbox 1887 690 1986 723; x_wconf 76' lang='grc' dir='ltr'>τοῦτο</span> <span class='ocrx_word' id='word_1_470' title='bbox 2008 687 2134 728; x_wconf 83' lang='grc' dir='ltr'>ἐκεῖνος</span> <span class='ocrx_word' id='word_1_471' title='bbox 2160 685 2234 735; x_wconf 76' lang='grc' dir='ltr'>μὲν,</span> <span class='ocrx_word' id='word_1_472' title='bbox 2251 684 2362 723; x_wconf 83' lang='grc' dir='ltr'>καίτοι</span> 
     </span>
     <span class='ocr_line' id='line_1_68' title="bbox 1296 743 2361 799; baseline 0.002 -17"><span class='ocrx_word' id='word_1_473' title='bbox 1296 752 1319 782; x_wconf 79' lang='grc' dir='ltr'>Ε</span> <span class='ocrx_word' id='word_1_474' title='bbox 1341 759 1380 795; x_wconf 89' lang='grc' dir='ltr'>γε</span> <span class='ocrx_word' id='word_1_475' title='bbox 1407 743 1446 782; x_wconf 80' lang='grc' dir='ltr'>τὸ</span> <span class='ocrx_word' id='word_1_476' title='bbox 1477 743 1617 784; x_wconf 81' lang='grc' dir='ltr'>ἔλαττον</span> <span class='ocrx_word' id='word_1_477' title='bbox 1650 745 1752 799; x_wconf 78' lang='grc' dir='ltr'>μέρος</span> <span class='ocrx_word' id='word_1_478' title='bbox 1779 750 1841 792; x_wconf 73' lang='grc' dir='ltr'>τῆς</span> <span class='ocrx_word' id='word_1_479' title='bbox 1863 746 2008 790; x_wconf 76' lang='grc' dir='ltr'>κτίσεως</span> <span class='ocrx_word' id='word_1_480' title='bbox 2036 745 2222 784; x_wconf 63' lang='grc' dir='ltr'>ἀπολαῧύν</span> <span class='ocrx_word' id='word_1_481' title='bbox 2245 745 2361 797; x_wconf 78' lang='grc' dir='ltr'>(οὐοὲν</span> 
     </span>
     <span class='ocr_line' id='line_1_69' title="bbox 1341 803 2361 879; baseline 0.003 -37"><span class='ocrx_word' id='word_1_482' title='bbox 1341 803 1408 879; x_wconf 79' lang='grc' dir='ltr'>γὰρ</span> <span class='ocrx_word' id='word_1_483' title='bbox 1428 808 1511 856; x_wconf 75' lang='grc' dir='ltr'>ἡμῖν</span> <span class='ocrx_word' id='word_1_484' title='bbox 1538 806 1616 859; x_wconf 83' lang='grc' dir='ltr'>περὶ</span> <span class='ocrx_word' id='word_1_485' title='bbox 1651 811 1718 845; x_wconf 72' lang='grc' dir='ltr'>τΓο)ν</span> <span class='ocrx_word' id='word_1_486' title='bbox 1752 808 1907 860; x_wconf 76' lang='grc' dir='ltr'>ἀοράτων</span> <span class='ocrx_word' id='word_1_487' title='bbox 1942 807 2100 860; x_wconf 75' lang='grc' dir='ltr'>διελέχθη</span> <span class='ocrx_word' id='word_1_488' title='bbox 2135 807 2361 858; x_wconf 69' lang='grc' dir='ltr'>δυνάυεων),</span> 
     </span>
     <span class='ocr_line' id='line_1_70' title="bbox 1342 865 2361 921; baseline 0.003 -18"><span class='ocrx_word' id='word_1_489' title='bbox 1342 865 1470 910; x_wconf 84' lang='grc' dir='ltr'>τούτοις</span> <span class='ocrx_word' id='word_1_490' title='bbox 1486 867 1712 921; x_wconf 59' lang='grc' dir='ltr'>ἓνδιατρίῧει</span> <span class='ocrx_word' id='word_1_491' title='bbox 1731 872 1827 912; x_wconf 75' lang='grc' dir='ltr'>οὗτος</span> <span class='ocrx_word' id='word_1_492' title='bbox 1844 868 1896 915; x_wconf 75' lang='grc' dir='ltr'>δὲ,</span> <span class='ocrx_word' id='word_1_493' title='bbox 1914 869 1974 907; x_wconf 76' lang='grc' dir='ltr'>ἅτε</span> <span class='ocrx_word' id='word_1_494' title='bbox 1988 885 2071 921; x_wconf 90' lang='grc' dir='ltr'>προς</span> <span class='ocrx_word' id='word_1_495' title='bbox 2087 869 2186 906; x_wconf 83' lang='grc' dir='ltr'>αὐτον</span> <span class='ocrx_word' id='word_1_496' title='bbox 2207 868 2361 906; x_wconf 78' lang='grc' dir='ltr'>σπεύδων</span> 
     </span>
     <span class='ocr_line' id='line_1_71' title="bbox 1341 927 2361 982; baseline 0.002 -18"><span class='ocrx_word' id='word_1_497' title='bbox 1341 928 1397 965; x_wconf 88' lang='grc' dir='ltr'>τὸν</span> <span class='ocrx_word' id='word_1_498' title='bbox 1420 927 1566 974; x_wconf 78' lang='grc' dir='ltr'>ποιητὴν</span> <span class='ocrx_word' id='word_1_499' title='bbox 1596 931 1761 977; x_wconf 87' lang='grc' dir='ltr'>ἀνελθεῖν,</span> <span class='ocrx_word' id='word_1_500' title='bbox 1793 930 1933 973; x_wconf 78' lang='grc' dir='ltr'>εἰκότως</span> <span class='ocrx_word' id='word_1_501' title='bbox 1959 930 2097 968; x_wconf 83' lang='grc' dir='ltr'>ἅπαντα</span> <span class='ocrx_word' id='word_1_502' title='bbox 2124 945 2325 982; x_wconf 69' lang='grc' dir='ltr'>παράτρεχε</span> <span class='ocrx_word' id='word_1_503' title='bbox 2311 946 2361 976; x_wconf 54' lang='grc' dir='ltr'>ει,</span> 
     </span>
     <span class='ocr_line' id='line_1_72' title="bbox 1341 988 2362 1043; baseline 0.002 -17"><span class='ocrx_word' id='word_1_504' title='bbox 1341 988 1400 1026; x_wconf 83' lang='grc' dir='ltr'>καὶ</span> <span class='ocrx_word' id='word_1_505' title='bbox 1424 993 1533 1027; x_wconf 77' lang='grc' dir='ltr'>ταῦτα</span> <span class='ocrx_word' id='word_1_506' title='bbox 1552 990 1610 1027; x_wconf 81' lang='grc' dir='ltr'>καὶ</span> <span class='ocrx_word' id='word_1_507' title='bbox 1633 989 1676 1027; x_wconf 82' lang='grc' dir='ltr'>τὰ</span> <span class='ocrx_word' id='word_1_508' title='bbox 1701 989 1819 1043; x_wconf 80' lang='grc' dir='ltr'>ἐκείνῳ</span> <span class='ocrx_word' id='word_1_509' title='bbox 1837 991 2066 1043; x_wconf 76' lang='grc' dir='ltr'>σεσιγημένα,</span> <span class='ocrx_word' id='word_1_510' title='bbox 2085 990 2133 1028; x_wconf 79' lang='grc' dir='ltr'>ἑνὶ</span> <span class='ocrx_word' id='word_1_511' title='bbox 2158 991 2217 1028; x_wconf 82' lang='grc' dir='ltr'>καὶ</span> <span class='ocrx_word' id='word_1_512' title='bbox 2238 993 2362 1042; x_wconf 76' lang='grc' dir='ltr'>βραχεῖ</span> 
     </span>
     <span class='ocr_line' id='line_1_73' title="bbox 1340 1049 2362 1104; baseline 0.002 -17"><span class='ocrx_word' id='word_1_513' title='bbox 1340 1049 1431 1103; x_wconf 86' lang='grc' dir='ltr'>λόγῳ</span> <span class='ocrx_word' id='word_1_514' title='bbox 1447 1050 1658 1104; x_wconf 66' lang='grc' dir='ltr'>περιλαῧὼν,</span> <span class='ocrx_word' id='word_1_515' title='bbox 1673 1053 1734 1104; x_wconf 82' lang='grc' dir='ltr'>τῷ,</span> <span class='ocrx_word' id='word_1_516' title='bbox 1750 1051 1874 1089; x_wconf 84' lang='grc' dir='ltr'>Πάντα</span> <span class='ocrx_word' id='word_1_517' title='bbox 1890 1053 1932 1089; x_wconf 74' lang='grc' dir='ltr'>δι’</span> <span class='ocrx_word' id='word_1_518' title='bbox 1948 1054 2049 1090; x_wconf 74' lang='grc' dir='ltr'>αὐτοῦ</span> <span class='ocrx_word' id='word_1_519' title='bbox 2065 1052 2207 1103; x_wconf 78' lang='grc' dir='ltr'>ἐγένετο.</span> <span class='ocrx_word' id='word_1_520' title='bbox 2223 1051 2291 1089; x_wconf 75' lang='grc' dir='ltr'>Καὶ</span> <span class='ocrx_word' id='word_1_521' title='bbox 2306 1050 2362 1089; x_wconf 82' lang='grc' dir='ltr'>ἵνα</span> 
     </span>
     <span class='ocr_line' id='line_1_74' title="bbox 1342 1112 2362 1164; baseline 0 -15"><span class='ocrx_word' id='word_1_522' title='bbox 1342 1112 1390 1162; x_wconf 83' lang='grc' dir='ltr'>μὴ</span> <span class='ocrx_word' id='word_1_523' title='bbox 1410 1112 1554 1164; x_wconf 79' lang='grc' dir='ltr'>νομίσῃς</span> <span class='ocrx_word' id='word_1_524' title='bbox 1573 1113 1688 1151; x_wconf 84' lang='grc' dir='ltr'>πάντα</span> <span class='ocrx_word' id='word_1_525' title='bbox 1708 1115 1821 1151; x_wconf 79' lang='grc' dir='ltr'>ἐκεῖνα</span> <span class='ocrx_word' id='word_1_526' title='bbox 1847 1112 1958 1164; x_wconf 80' lang='grc' dir='ltr'>λέγειν</span> <span class='ocrx_word' id='word_1_527' title='bbox 1982 1113 2081 1164; x_wconf 84' lang='grc' dir='ltr'>μόνον</span> <span class='ocrx_word' id='word_1_528' title='bbox 2109 1113 2210 1150; x_wconf 79' lang='grc' dir='ltr'>αὐτὸν</span> <span class='ocrx_word' id='word_1_529' title='bbox 2232 1112 2276 1150; x_wconf 85' lang='grc' dir='ltr'>τὰ</span> <span class='ocrx_word' id='word_1_530' title='bbox 2302 1112 2362 1149; x_wconf 86' lang='grc' dir='ltr'>καὶ</span> 
     </span>
     <span class='ocr_line' id='line_1_75' title="bbox 1341 1173 2360 1247; baseline 0.003 -38"><span class='ocrx_word' id='word_1_531' title='bbox 1341 1174 1484 1211; x_wconf 80' lang='grc' dir='ltr'>Μωϋσεῖ</span> <span class='ocrx_word' id='word_1_532' title='bbox 1493 1174 1682 1247; x_wconf 81' lang='grc' dir='ltr'>εἰρημένα,</span> <span class='ocrx_word' id='word_1_533' title='bbox 1699 1174 1844 1224; x_wconf 80' lang='grc' dir='ltr'>ἐπάγει,</span> <span class='ocrx_word' id='word_1_534' title='bbox 1859 1173 1912 1212; x_wconf 77' lang='grc' dir='ltr'>ὅτι</span> <span class='ocrx_word' id='word_1_535' title='bbox 1940 1173 2010 1212; x_wconf 77' lang='grc' dir='ltr'>Καὶ</span> <span class='ocrx_word' id='word_1_536' title='bbox 2031 1174 2139 1226; x_wconf 70' lang='grc' dir='ltr'>χωρὶς</span> <span class='ocrx_word' id='word_1_537' title='bbox 2159 1176 2260 1212; x_wconf 74' lang='grc' dir='ltr'>αὐτοῦ</span> <span class='ocrx_word' id='word_1_538' title='bbox 2282 1173 2360 1225; x_wconf 77' lang='grc' dir='ltr'>ἐγέ-</span> 
     </span>
     <span class='ocr_line' id='line_1_76' title="bbox 1293 1232 2361 1287; baseline 0.003 -18"><span class='ocrx_word' id='word_1_539' title='bbox 1293 1240 1318 1269; x_wconf 84' lang='grc' dir='ltr'>Α</span> <span class='ocrx_word' id='word_1_540' title='bbox 1338 1248 1414 1271; x_wconf 90' lang='grc' dir='ltr'>νετο</span> <span class='ocrx_word' id='word_1_541' title='bbox 1430 1233 1504 1271; x_wconf 80' lang='grc' dir='ltr'>οὐδὲ</span> <span class='ocrx_word' id='word_1_542' title='bbox 1521 1234 1556 1271; x_wconf 83' lang='grc' dir='ltr'>ἓν</span> <span class='ocrx_word' id='word_1_543' title='bbox 1571 1232 1589 1270; x_wconf 77' lang='grc' dir='ltr'><em>ὃ</em></span> <span class='ocrx_word' id='word_1_544' title='bbox 1604 1250 1642 1284; x_wconf 88' lang='grc' dir='ltr'>γε</span> <span class='ocrx_word' id='word_1_545' title='bbox 1645 1248 1740 1285; x_wconf 85' lang='grc' dir='ltr'>γονε·</span> <span class='ocrx_word' id='word_1_546' title='bbox 1757 1234 1933 1281; x_wconf 81' lang='grc' dir='ltr'>τουτέστι,</span> <span class='ocrx_word' id='word_1_547' title='bbox 1947 1238 2014 1272; x_wconf 70' lang='grc' dir='ltr'>τῶν</span> <span class='ocrx_word' id='word_1_548' title='bbox 2030 1251 2086 1285; x_wconf 89' lang='grc' dir='ltr'>γεν</span> <span class='ocrx_word' id='word_1_549' title='bbox 2090 1238 2181 1281; x_wconf 79' lang='grc' dir='ltr'>ητΓι)ν</span> <span class='ocrx_word' id='word_1_550' title='bbox 2202 1251 2265 1272; x_wconf 78' lang='grc' dir='ltr'>καν</span> <span class='ocrx_word' id='word_1_551' title='bbox 2281 1238 2361 1287; x_wconf 84' lang='grc' dir='ltr'>ὁρα-</span> 
     </span>
     <span class='ocr_line' id='line_1_77' title="bbox 1339 1294 2362 1348; baseline 0.002 -16"><span class='ocrx_word' id='word_1_552' title='bbox 1339 1294 1395 1332; x_wconf 80' lang='grc' dir='ltr'>τόν</span> <span class='ocrx_word' id='word_1_553' title='bbox 1415 1311 1449 1332; x_wconf 92' lang='grc' dir='ltr'>τι</span> <span class='ocrx_word' id='word_1_554' title='bbox 1464 1299 1484 1346; x_wconf 89' lang='grc' dir='ltr'>ᾐ</span> <span class='ocrx_word' id='word_1_555' title='bbox 1499 1325 1507 1342; x_wconf 90' lang='grc'>,</span> <span class='ocrx_word' id='word_1_556' title='bbox 1522 1311 1585 1332; x_wconf 91' lang='grc' dir='ltr'>καν</span> <span class='ocrx_word' id='word_1_557' title='bbox 1601 1296 1735 1344; x_wconf 83' lang='grc' dir='ltr'>νοητὸν,</span> <span class='ocrx_word' id='word_1_558' title='bbox 1760 1295 1854 1334; x_wconf 80' lang='grc' dir='ltr'>οὖοὲν</span> <span class='ocrx_word' id='word_1_559' title='bbox 1873 1296 1981 1348; x_wconf 78' lang='grc' dir='ltr'>χωρὶς</span> <span class='ocrx_word' id='word_1_560' title='bbox 2002 1299 2064 1341; x_wconf 84' lang='grc' dir='ltr'>της</span> <span class='ocrx_word' id='word_1_561' title='bbox 2084 1312 2142 1334; x_wconf 90' lang='grc' dir='ltr'>του</span> <span class='ocrx_word' id='word_1_562' title='bbox 2158 1296 2200 1333; x_wconf 63' lang='grc' dir='ltr'>Υε</span> <span class='ocrx_word' id='word_1_563' title='bbox 2193 1300 2242 1334; x_wconf 81' lang='grc' dir='ltr'>ιοῦ</span> <span class='ocrx_word' id='word_1_564' title='bbox 2262 1296 2362 1334; x_wconf 83' lang='grc' dir='ltr'>δυνά-</span> 
     </span>
     <span class='ocr_line' id='line_1_78' title="bbox 1341 1355 2361 1410; baseline 0 -17"><span class='ocrx_word' id='word_1_565' title='bbox 1341 1372 1431 1408; x_wconf 85' lang='grc' dir='ltr'>μεως</span> <span class='ocrx_word' id='word_1_566' title='bbox 1457 1357 1503 1399; x_wconf 89' lang='grc' dir='ltr'>εἷς</span> <span class='ocrx_word' id='word_1_567' title='bbox 1531 1356 1571 1394; x_wconf 86' lang='grc' dir='ltr'>τὸ</span> <span class='ocrx_word' id='word_1_568' title='bbox 1598 1360 1685 1394; x_wconf 85' lang='grc' dir='ltr'>εἶναι</span> <span class='ocrx_word' id='word_1_569' title='bbox 1712 1356 1891 1410; x_wconf 76' lang='grc' dir='ltr'>παρήχθη.</span> <span class='ocrx_word' id='word_1_570' title='bbox 1920 1358 1973 1393; x_wconf 85' lang='grc' dir='ltr'>Οὐ</span> <span class='ocrx_word' id='word_1_571' title='bbox 2001 1355 2067 1408; x_wconf 82' lang='grc' dir='ltr'>γὰρ</span> <span class='ocrx_word' id='word_1_572' title='bbox 2083 1355 2124 1402; x_wconf 81' lang='grc' dir='ltr'>δὴ</span> <span class='ocrx_word' id='word_1_573' title='bbox 2141 1356 2203 1402; x_wconf 87' lang='grc' dir='ltr'>τὴν</span> <span class='ocrx_word' id='word_1_574' title='bbox 2227 1356 2361 1393; x_wconf 89' lang='grc' dir='ltr'>τελείαν</span> 
     </span>
     <span class='ocr_line' id='line_1_79' title="bbox 1339 1415 2362 1469; baseline -0.001 -14"><span class='ocrx_word' id='word_1_575' title='bbox 1339 1416 1488 1468; x_wconf 86' lang='grc' dir='ltr'>στιγμὴν</span> <span class='ocrx_word' id='word_1_576' title='bbox 1515 1419 1582 1468; x_wconf 85' lang='grc' dir='ltr'>τΓ),</span> <span class='ocrx_word' id='word_1_577' title='bbox 1604 1416 1696 1455; x_wconf 77' lang='grc' dir='ltr'>Οὐδὲ</span> <span class='ocrx_word' id='word_1_578' title='bbox 1723 1417 1771 1464; x_wconf 79' lang='grc' dir='ltr'>ὲν,</span> <span class='ocrx_word' id='word_1_579' title='bbox 1795 1416 2003 1468; x_wconf 82' lang='grc' dir='ltr'>επιθησουεν</span> <span class='ocrx_word' id='word_1_580' title='bbox 2024 1415 2114 1454; x_wconf 81' lang='grc' dir='ltr'>κατὰ</span> <span class='ocrx_word' id='word_1_581' title='bbox 2135 1432 2211 1460; x_wconf 88' lang='grc' dir='ltr'>τους</span> <span class='ocrx_word' id='word_1_582' title='bbox 2231 1419 2362 1469; x_wconf 84' lang='grc' dir='ltr'>αἱρετι-</span> 
     </span>
     <span class='ocr_line' id='line_1_80' title="bbox 1339 1477 2361 1530; baseline -0.002 -14"><span class='ocrx_word' id='word_1_583' title='bbox 1339 1477 1427 1522; x_wconf 82' lang='grc' dir='ltr'>κούς.</span> <span class='ocrx_word' id='word_1_584' title='bbox 1446 1477 1594 1516; x_wconf 81' lang='grc' dir='ltr'>Ἐκεῖνοι</span> <span class='ocrx_word' id='word_1_585' title='bbox 1616 1477 1683 1530; x_wconf 82' lang='grc' dir='ltr'>γὰρ</span> <span class='ocrx_word' id='word_1_586' title='bbox 1705 1477 1906 1528; x_wconf 85' lang='grc' dir='ltr'>βουλόμενοι</span> <span class='ocrx_word' id='word_1_587' title='bbox 1931 1478 1970 1516; x_wconf 78' lang='grc' dir='ltr'>τὸ</span> <span class='ocrx_word' id='word_1_588' title='bbox 1991 1479 2136 1528; x_wconf 72' lang='grc' dir='ltr'>Πνεῦμα</span> <span class='ocrx_word' id='word_1_589' title='bbox 2159 1477 2295 1515; x_wconf 78' lang='grc' dir='ltr'>κτιστὸν</span> <span class='ocrx_word' id='word_1_590' title='bbox 2313 1479 2361 1514; x_wconf 87' lang='grc' dir='ltr'>εἷ-</span> 
     </span>
     <span class='ocr_line' id='line_1_81' title="bbox 1338 1534 2361 1591; baseline -0.002 -13"><span class='ocrx_word' id='word_1_591' title='bbox 1338 1545 1427 1587; x_wconf 86' lang='grc' dir='ltr'>πεῖν,</span> <span class='ocrx_word' id='word_1_592' title='bbox 1448 1538 1571 1591; x_wconf 79' lang='grc' dir='ltr'>φασίν·</span> <span class='ocrx_word' id='word_1_593' title='bbox 1588 1538 1636 1577; x_wconf 90' lang='lat' dir='ltr'><em>O</em></span> <span class='ocrx_word' id='word_1_594' title='bbox 1655 1539 1803 1591; x_wconf 78' lang='grc' dir='ltr'>γέγονεν,</span> <span class='ocrx_word' id='word_1_595' title='bbox 1820 1539 1854 1576; x_wconf 78' lang='grc' dir='ltr'>ἐν</span> <span class='ocrx_word' id='word_1_596' title='bbox 1875 1540 1969 1576; x_wconf 78' lang='grc' dir='ltr'>αὐτΓι)</span> <span class='ocrx_word' id='word_1_597' title='bbox 1985 1538 2054 1585; x_wconf 84' lang='grc' dir='ltr'>ζωὴ</span> <span class='ocrx_word' id='word_1_598' title='bbox 2079 1534 2133 1585; x_wconf 67' lang='grc' dir='ltr'>ἦν.</span> <span class='ocrx_word' id='word_1_599' title='bbox 2147 1538 2237 1576; x_wconf 87' lang='grc' dir='ltr'>Λλλ’</span> <span class='ocrx_word' id='word_1_600' title='bbox 2253 1538 2361 1582; x_wconf 81' lang='grc' dir='ltr'>οὕτως</span> 
     </span>
     <span class='ocr_line' id='line_1_82' title="bbox 1339 1598 2361 1652; baseline -0.001 -15"><span class='ocrx_word' id='word_1_601' title='bbox 1339 1599 1562 1652; x_wconf 81' lang='grc' dir='ltr'>ἀπερινόητον</span> <span class='ocrx_word' id='word_1_602' title='bbox 1591 1599 1723 1651; x_wconf 84' lang='grc' dir='ltr'>γίνεται</span> <span class='ocrx_word' id='word_1_603' title='bbox 1746 1599 1785 1637; x_wconf 79' lang='grc' dir='ltr'>τὸ</span> <span class='ocrx_word' id='word_1_604' title='bbox 1815 1599 2010 1651; x_wconf 82' lang='grc' dir='ltr'>λεγόμενον.</span> <span class='ocrx_word' id='word_1_605' title='bbox 2031 1601 2176 1652; x_wconf 89' lang='grc' dir='ltr'>ΠρΓ)τον</span> <span class='ocrx_word' id='word_1_606' title='bbox 2206 1598 2266 1650; x_wconf 66' lang='grc' dir='ltr'>μὲν</span> <span class='ocrx_word' id='word_1_607' title='bbox 2294 1599 2361 1652; x_wconf 84' lang='grc' dir='ltr'>γὰρ</span> 
     </span>
     <span class='ocr_line' id='line_1_83' title="bbox 1338 1660 2361 1714; baseline -0.001 -16"><span class='ocrx_word' id='word_1_608' title='bbox 1338 1660 1413 1699; x_wconf 83' lang='grc' dir='ltr'>οὐοε</span> <span class='ocrx_word' id='word_1_609' title='bbox 1430 1662 1548 1714; x_wconf 84' lang='grc' dir='ltr'>καιρὸς</span> <span class='ocrx_word' id='word_1_610' title='bbox 1561 1665 1602 1708; x_wconf 85' lang='grc' dir='ltr'>ἠν</span> <span class='ocrx_word' id='word_1_611' title='bbox 1619 1664 1764 1700; x_wconf 82' lang='grc' dir='ltr'>ἐνταυθα</span> <span class='ocrx_word' id='word_1_612' title='bbox 1778 1665 1837 1699; x_wconf 80' lang='grc' dir='ltr'>τοῦ</span> <span class='ocrx_word' id='word_1_613' title='bbox 1856 1660 2059 1711; x_wconf 81' lang='grc' dir='ltr'>Πνεύματος</span> <span class='ocrx_word' id='word_1_614' title='bbox 2083 1662 2361 1711; x_wconf 83' lang='grc' dir='ltr'>ἐπιμνησθηναι·</span> 
     </span>
     <span class='ocr_line' id='line_1_84' title="bbox 1339 1721 2362 1773; baseline 0.002 -15"><span class='ocrx_word' id='word_1_615' title='bbox 1339 1724 1368 1759; x_wconf 82' lang='grc' dir='ltr'>εἰ</span> <span class='ocrx_word' id='word_1_616' title='bbox 1382 1721 1416 1760; x_wconf 83' lang='grc' dir='ltr'>οὲ</span> <span class='ocrx_word' id='word_1_617' title='bbox 1431 1722 1490 1759; x_wconf 81' lang='grc' dir='ltr'>καὶ</span> <span class='ocrx_word' id='word_1_618' title='bbox 1504 1721 1682 1769; x_wconf 57' lang='grc' dir='ltr'>ἐδούλετο,</span> <span class='ocrx_word' id='word_1_619' title='bbox 1699 1721 1788 1765; x_wconf 89' lang='grc' dir='ltr'>τίνος</span> <span class='ocrx_word' id='word_1_620' title='bbox 1803 1721 1914 1760; x_wconf 86' lang='grc' dir='ltr'>ε’νεκεν</span> <span class='ocrx_word' id='word_1_621' title='bbox 1932 1721 2040 1765; x_wconf 68' lang='grc' dir='ltr'>οὕτως</span> <span class='ocrx_word' id='word_1_622' title='bbox 2055 1724 2195 1773; x_wconf 75' lang='grc' dir='ltr'>ἀσαφῶς</span> <span class='ocrx_word' id='word_1_623' title='bbox 2213 1723 2295 1760; x_wconf 81' lang='grc' dir='ltr'>αὐτὸ</span> <span class='ocrx_word' id='word_1_624' title='bbox 2307 1722 2362 1760; x_wconf 80' lang='grc' dir='ltr'>τέ-</span> 
     </span>
     <span class='ocr_line' id='line_1_85' title="bbox 1338 1782 2363 1836; baseline 0.001 -15"><span class='ocrx_word' id='word_1_625' title='bbox 1338 1787 1445 1830; x_wconf 71' lang='grc' dir='ltr'>θεικε,</span> <span class='ocrx_word' id='word_1_626' title='bbox 1457 1782 1580 1821; x_wconf 68' lang='grc' dir='ltr'>ἶιπόθεν</span> <span class='ocrx_word' id='word_1_627' title='bbox 1595 1783 1662 1836; x_wconf 84' lang='grc' dir='ltr'>γὰρ</span> <span class='ocrx_word' id='word_1_628' title='bbox 1682 1785 1796 1831; x_wconf 76' lang='grc' dir='ltr'>δῆλον,</span> <span class='ocrx_word' id='word_1_629' title='bbox 1813 1782 1866 1820; x_wconf 77' lang='grc' dir='ltr'>ὅτι</span> <span class='ocrx_word' id='word_1_630' title='bbox 1880 1782 2032 1836; x_wconf 74' lang='grc' dir='ltr'>περὶτοῦ</span> <span class='ocrx_word' id='word_1_631' title='bbox 2047 1782 2250 1833; x_wconf 83' lang='grc' dir='ltr'>Πνεύματος</span> <span class='ocrx_word' id='word_1_632' title='bbox 2264 1788 2363 1822; x_wconf 72' lang='grc' dir='ltr'>τοῦτο</span> 
     </span>
     <span class='ocr_line' id='line_1_86' title="bbox 1337 1843 2361 1898; baseline 0.001 -16"><span class='ocrx_word' id='word_1_633' title='bbox 1337 1844 1497 1898; x_wconf 74' lang='grc' dir='ltr'>εἴρηται,</span> <span class='ocrx_word' id='word_1_634' title='bbox 1515 1843 1645 1886; x_wconf 79' lang='grc' dir='ltr'>Ἄλλως</span> <span class='ocrx_word' id='word_1_635' title='bbox 1679 1843 1713 1882; x_wconf 78' lang='grc' dir='ltr'>δὲ</span> <span class='ocrx_word' id='word_1_636' title='bbox 1748 1843 1936 1897; x_wconf 73' lang='grc' dir='ltr'>εὑρήσομεν</span> <span class='ocrx_word' id='word_1_637' title='bbox 1970 1843 2061 1881; x_wconf 82' lang='grc' dir='ltr'>κατὰ</span> <span class='ocrx_word' id='word_1_638' title='bbox 2086 1844 2143 1881; x_wconf 81' lang='grc' dir='ltr'>τὸν</span> <span class='ocrx_word' id='word_1_639' title='bbox 2157 1843 2258 1895; x_wconf 84' lang='grc' dir='ltr'>λόγον</span> <span class='ocrx_word' id='word_1_640' title='bbox 2280 1849 2361 1883; x_wconf 61' lang='lat' dir='ltr'>vob·—</span> 
     </span>
     <span class='ocr_line' id='line_1_87' title="bbox 1333 1905 2362 1958; baseline -0.001 -14"><span class='ocrx_word' id='word_1_641' title='bbox 1333 1922 1404 1954; x_wconf 88' lang='grc' dir='ltr'>τον,</span> <span class='ocrx_word' id='word_1_642' title='bbox 1421 1909 1458 1945; x_wconf 80' lang='grc' dir='ltr'>οὖ</span> <span class='ocrx_word' id='word_1_643' title='bbox 1478 1907 1517 1945; x_wconf 76' lang='grc' dir='ltr'>τὸ</span> <span class='ocrx_word' id='word_1_644' title='bbox 1531 1909 1698 1958; x_wconf 70' lang='grc' dir='ltr'>Πνεῦμα,</span> <span class='ocrx_word' id='word_1_645' title='bbox 1719 1908 1794 1944; x_wconf 85' lang='grc' dir='ltr'>ἀλλ’</span> <span class='ocrx_word' id='word_1_646' title='bbox 1818 1906 1918 1943; x_wconf 84' lang='grc' dir='ltr'>αὐτὸν</span> <span class='ocrx_word' id='word_1_647' title='bbox 1934 1905 1991 1943; x_wconf 79' lang='grc' dir='ltr'>τὸν</span> <span class='ocrx_word' id='word_1_648' title='bbox 2006 1905 2089 1943; x_wconf 79' lang='grc' dir='ltr'>Υἱὸν</span> <span class='ocrx_word' id='word_1_649' title='bbox 2111 1906 2153 1942; x_wconf 84' lang='grc' dir='ltr'>δι’</span> <span class='ocrx_word' id='word_1_650' title='bbox 2171 1907 2294 1944; x_wconf 78' lang='grc' dir='ltr'>ἑαυτοῦ</span> <span class='ocrx_word' id='word_1_651' title='bbox 2307 1922 2362 1958; x_wconf 89' lang='grc' dir='ltr'>γι-</span> 
     </span>
     <span class='ocr_line' id='line_1_88' title="bbox 1291 1965 2363 2018; baseline -0.003 -12"><span class='ocrx_word' id='word_1_652' title='bbox 1291 1977 1313 2007; x_wconf 71' lang='lat'>13</span> <span class='ocrx_word' id='word_1_653' title='bbox 1334 1967 1487 2018; x_wconf 85' lang='grc' dir='ltr'>νόμενον.</span> <span class='ocrx_word' id='word_1_654' title='bbox 1514 1967 1617 2005; x_wconf 79' lang='grc' dir='ltr'>Ἀλλὰ</span> <span class='ocrx_word' id='word_1_655' title='bbox 1644 1967 1870 2014; x_wconf 78' lang='grc' dir='ltr'>διανάστητε,</span> <span class='ocrx_word' id='word_1_656' title='bbox 1891 1965 1981 2004; x_wconf 79' lang='grc' dir='ltr'>ὥστε</span> <span class='ocrx_word' id='word_1_657' title='bbox 2006 1965 2053 2016; x_wconf 86' lang='grc' dir='ltr'>μὴ</span> <span class='ocrx_word' id='word_1_658' title='bbox 2081 1967 2253 2017; x_wconf 73' lang='grc' dir='ltr'>διαφυγεῖν</span> <span class='ocrx_word' id='word_1_659' title='bbox 2274 1969 2363 2017; x_wconf 79' lang='grc' dir='ltr'>ὑμᾶς</span> 
     </span>
     <span class='ocr_line' id='line_1_89' title="bbox 1335 2026 2362 2081; baseline -0.003 -14"><span class='ocrx_word' id='word_1_660' title='bbox 1335 2028 1574 2080; x_wconf 77' lang='grc' dir='ltr'>τὸλεγόμενον</span> <span class='ocrx_word' id='word_1_661' title='bbox 1592 2044 1598 2051; x_wconf 91' lang='grc'><em>·</em></span> <span class='ocrx_word' id='word_1_662' title='bbox 1620 2028 1679 2066; x_wconf 82' lang='grc' dir='ltr'>καὶ</span> <span class='ocrx_word' id='word_1_663' title='bbox 1705 2028 1786 2081; x_wconf 75' lang='grc' dir='ltr'>φέρε</span> <span class='ocrx_word' id='word_1_664' title='bbox 1812 2027 1903 2066; x_wconf 79' lang='grc' dir='ltr'>κατὰ</span> <span class='ocrx_word' id='word_1_665' title='bbox 1933 2027 1990 2065; x_wconf 76' lang='grc' dir='ltr'>τὸν</span> <span class='ocrx_word' id='word_1_666' title='bbox 2019 2026 2157 2065; x_wconf 81' lang='grc' dir='ltr'>ἐκείνων</span> <span class='ocrx_word' id='word_1_667' title='bbox 2177 2026 2262 2071; x_wconf 79' lang='grc' dir='ltr'>τέως</span> <span class='ocrx_word' id='word_1_668' title='bbox 2280 2029 2362 2065; x_wconf 86' lang='grc' dir='ltr'>ἀνα-</span> 
     </span>
     <span class='ocr_line' id='line_1_90' title="bbox 1335 2088 2360 2161; baseline -0.002 -33"><span class='ocrx_word' id='word_1_669' title='bbox 1335 2094 1469 2143; x_wconf 78' lang='grc' dir='ltr'>γνῶμεν</span> <span class='ocrx_word' id='word_1_670' title='bbox 1483 2090 1608 2142; x_wconf 86' lang='grc' dir='ltr'>τρόπον</span> <span class='ocrx_word' id='word_1_671' title='bbox 1622 2106 1629 2113; x_wconf 93' lang='grc'><em>·</em></span> <span class='ocrx_word' id='word_1_672' title='bbox 1645 2089 1735 2127; x_wconf 80' lang='grc' dir='ltr'>οὕτω</span> <span class='ocrx_word' id='word_1_673' title='bbox 1750 2088 1817 2142; x_wconf 79' lang='grc' dir='ltr'>γὰρ</span> <span class='ocrx_word' id='word_1_674' title='bbox 1824 2093 1914 2161; x_wconf 57' lang='grc' dir='ltr'>Ζῆμῖν</span> <span class='ocrx_word' id='word_1_675' title='bbox 1929 2088 2163 2142; x_wconf 70' lang='grc' dir='ltr'>φανερώτερον</span> <span class='ocrx_word' id='word_1_676' title='bbox 2179 2089 2218 2127; x_wconf 84' lang='grc' dir='ltr'>τὸ</span> <span class='ocrx_word' id='word_1_677' title='bbox 2234 2088 2360 2126; x_wconf 84' lang='grc' dir='ltr'>ἄτοπον</span> 
     </span>
     <span class='ocr_line' id='line_1_91' title="bbox 1336 2145 2359 2202; baseline -0.004 -13"><span class='ocrx_word' id='word_1_678' title='bbox 1336 2152 1452 2189; x_wconf 79' lang='grc' dir='ltr'>ἔσται·</span> <span class='ocrx_word' id='word_1_679' title='bbox 1473 2150 1522 2189; x_wconf 67' lang='grc' dir='ltr'>Ἳ)</span> <span class='ocrx_word' id='word_1_680' title='bbox 1537 2150 1688 2202; x_wconf 79' lang='grc' dir='ltr'>γέγονεν,</span> <span class='ocrx_word' id='word_1_681' title='bbox 1705 2153 1738 2189; x_wconf 80' lang='grc' dir='ltr'>ἐν</span> <span class='ocrx_word' id='word_1_682' title='bbox 1756 2153 1848 2188; x_wconf 80' lang='grc' dir='ltr'>αὖτΓ)</span> <span class='ocrx_word' id='word_1_683' title='bbox 1863 2150 1934 2196; x_wconf 81' lang='grc' dir='ltr'>ζωὴ</span> <span class='ocrx_word' id='word_1_684' title='bbox 1949 2145 2002 2196; x_wconf 68' lang='grc' dir='ltr'>ἦν.</span> <span class='ocrx_word' id='word_1_685' title='bbox 2021 2150 2074 2188; x_wconf 90' lang='grc' dir='ltr'>Το</span> <span class='ocrx_word' id='word_1_686' title='bbox 2093 2150 2242 2200; x_wconf 88' lang='grc' dir='ltr'>Πνευμά</span> <span class='ocrx_word' id='word_1_687' title='bbox 2257 2165 2359 2202; x_wconf 79' lang='grc' dir='ltr'>φασιν</span> 
     </span>
     <span class='ocr_line' id='line_1_92' title="bbox 1336 2210 2360 2283; baseline -0.003 -33"><span class='ocrx_word' id='word_1_688' title='bbox 1336 2229 1409 2265; x_wconf 80' lang='grc' dir='ltr'>ειρη</span> <span class='ocrx_word' id='word_1_689' title='bbox 1389 2216 1493 2251; x_wconf 87' lang='grc' dir='ltr'>7σθαι</span> <span class='ocrx_word' id='word_1_690' title='bbox 1509 2211 1571 2258; x_wconf 86' lang='grc' dir='ltr'>τὴν</span> <span class='ocrx_word' id='word_1_691' title='bbox 1588 2212 1691 2258; x_wconf 66' lang='grc' dir='ltr'>ζωήν.</span> <span class='ocrx_word' id='word_1_692' title='bbox 1709 2212 1799 2249; x_wconf 84' lang='grc' dir='ltr'>Λλλ’</span> <span class='ocrx_word' id='word_1_693' title='bbox 1815 2215 1836 2258; x_wconf 86' lang='grc' dir='ltr'>ἡ</span> <span class='ocrx_word' id='word_1_694' title='bbox 1853 2211 1923 2256; x_wconf 80' lang='grc' dir='ltr'>ζωὴ</span> <span class='ocrx_word' id='word_1_695' title='bbox 1924 2210 2028 2283; x_wconf 70' lang='grc' dir='ltr'>αὕτη</span> <span class='ocrx_word' id='word_1_696' title='bbox 2047 2227 2106 2248; x_wconf 85' lang='grc' dir='ltr'>και</span> <span class='ocrx_word' id='word_1_697' title='bbox 2122 2213 2192 2262; x_wconf 78' lang='grc' dir='ltr'>φΓ)ς</span> <span class='ocrx_word' id='word_1_698' title='bbox 2207 2210 2360 2262; x_wconf 81' lang='grc' dir='ltr'>εὑρίσκε-</span> 
     </span>
     <span class='ocr_line' id='line_1_93' title="bbox 1335 2270 2355 2325; baseline -0.002 -15"><span class='ocrx_word' id='word_1_699' title='bbox 1335 2289 1411 2311; x_wconf 90' lang='grc' dir='ltr'>ται·</span> <span class='ocrx_word' id='word_1_700' title='bbox 1442 2273 1563 2323; x_wconf 81' lang='grc' dir='ltr'>ἐπάγει</span> <span class='ocrx_word' id='word_1_701' title='bbox 1585 2272 1673 2325; x_wconf 80' lang='grc' dir='ltr'>γὰρ,</span> <span class='ocrx_word' id='word_1_702' title='bbox 1690 2273 1760 2311; x_wconf 56' lang='lat' dir='ltr'>lxm}</span> <span class='ocrx_word' id='word_1_703' title='bbox 1783 2276 1804 2318; x_wconf 83' lang='grc' dir='ltr'>ἡ</span> <span class='ocrx_word' id='word_1_704' title='bbox 1834 2271 1939 2317; x_wconf 81' lang='grc' dir='ltr'>ζωὴ</span> <span class='ocrx_word' id='word_1_705' title='bbox 1922 2288 1963 2318; x_wconf 87' lang='grc' dir='ltr'>ην</span> <span class='ocrx_word' id='word_1_706' title='bbox 1985 2288 2024 2309; x_wconf 89' lang='grc' dir='ltr'>το</span> <span class='ocrx_word' id='word_1_707' title='bbox 2042 2274 2113 2324; x_wconf 72' lang='grc' dir='ltr'>φΓ)ς</span> <span class='ocrx_word' id='word_1_708' title='bbox 2131 2274 2199 2308; x_wconf 88' lang='grc' dir='ltr'>τΓ)ν</span> <span class='ocrx_word' id='word_1_709' title='bbox 2222 2270 2355 2324; x_wconf 77' lang='grc' dir='ltr'>ἀνθρώ-</span> 
     </span>
     <span class='ocr_line' id='line_1_94' title="bbox 1335 2330 2359 2383; baseline -0.004 -11"><span class='ocrx_word' id='word_1_710' title='bbox 1335 2350 1422 2372; x_wconf 85' lang='grc' dir='ltr'>πων.</span> <span class='ocrx_word' id='word_1_711' title='bbox 1452 2336 1587 2372; x_wconf 68' lang='grc' dir='ltr'>Οὐκοῦν</span> <span class='ocrx_word' id='word_1_712' title='bbox 1621 2335 1698 2371; x_wconf 84' lang='grc' dir='ltr'>κατ’</span> <span class='ocrx_word' id='word_1_713' title='bbox 1739 2331 1861 2375; x_wconf 72' lang='grc' dir='ltr'>αὐτοὺς</span> <span class='ocrx_word' id='word_1_714' title='bbox 1893 2332 1933 2369; x_wconf 83' lang='grc' dir='ltr'>τὸ</span> <span class='ocrx_word' id='word_1_715' title='bbox 1963 2335 2033 2383; x_wconf 78' lang='grc' dir='ltr'>φῶς</span> <span class='ocrx_word' id='word_1_716' title='bbox 2070 2335 2138 2370; x_wconf 80' lang='grc' dir='ltr'>τῶν</span> <span class='ocrx_word' id='word_1_717' title='bbox 2169 2330 2359 2383; x_wconf 74' lang='grc' dir='ltr'>οἶνΟρώπων</span> 
     </span>
     <span class='ocr_line' id='line_1_95' title="bbox 1336 2386 2358 2444; baseline -0.003 -12"><span class='ocrx_word' id='word_1_718' title='bbox 1336 2397 1480 2432; x_wconf 77' lang='grc' dir='ltr'>ἐνταῦθα</span> <span class='ocrx_word' id='word_1_719' title='bbox 1507 2394 1546 2432; x_wconf 78' lang='grc' dir='ltr'>τὸ</span> <span class='ocrx_word' id='word_1_720' title='bbox 1584 2395 1731 2444; x_wconf 72' lang='grc' dir='ltr'>Πνεῦμα</span> <span class='ocrx_word' id='word_1_721' title='bbox 1771 2392 1876 2444; x_wconf 79' lang='grc' dir='ltr'>λέγει.</span> <span class='ocrx_word' id='word_1_722' title='bbox 1913 2392 1960 2430; x_wconf 90' lang='grc' dir='ltr'>Τί</span> <span class='ocrx_word' id='word_1_723' title='bbox 1989 2386 2064 2440; x_wconf 61' lang='grc' dir='ltr'>οὖν,</span> <span class='ocrx_word' id='word_1_724' title='bbox 2094 2392 2205 2430; x_wconf 73' lang='lat' dir='ltr'>‘&#39;va</span> <span class='ocrx_word' id='word_1_725' title='bbox 2246 2392 2358 2444; x_wconf 83' lang='grc' dir='ltr'>ἐπάγῃ</span> 
     </span>
     <span class='ocr_line' id='line_1_96' title="bbox 1336 2453 2360 2507; baseline -0.002 -14"><span class='ocrx_word' id='word_1_726' title='bbox 1336 2455 1394 2493; x_wconf 84' lang='grc' dir='ltr'>καὶ</span> <span class='ocrx_word' id='word_1_727' title='bbox 1422 2455 1535 2507; x_wconf 78' lang='grc' dir='ltr'>λέγῃ,</span> <span class='ocrx_word' id='word_1_728' title='bbox 1567 2455 1621 2494; x_wconf 75' lang='grc' dir='ltr'>ὅτι</span> <span class='ocrx_word' id='word_1_729' title='bbox 1649 2454 1809 2506; x_wconf 65' lang='grc' dir='ltr'>Ἰῧγένετο</span> <span class='ocrx_word' id='word_1_730' title='bbox 1835 2453 2013 2507; x_wconf 79' lang='grc' dir='ltr'>ἅνθρωπος</span> <span class='ocrx_word' id='word_1_731' title='bbox 2042 2453 2139 2504; x_wconf 78' lang='grc' dir='ltr'>παρὰ</span> <span class='ocrx_word' id='word_1_732' title='bbox 2176 2458 2234 2491; x_wconf 72' lang='grc' dir='ltr'>τοῦ</span> <span class='ocrx_word' id='word_1_733' title='bbox 2269 2456 2360 2491; x_wconf 72' lang='grc' dir='ltr'>Θεοῦ</span> 
     </span>
     <span class='ocr_line' id='line_1_97' title="bbox 1337 2513 2358 2590; baseline -0.004 -35"><span class='ocrx_word' id='word_1_734' title='bbox 1337 2517 1595 2568; x_wconf 79' lang='grc' dir='ltr'>ἀπεσταλμένος</span> <span class='ocrx_word' id='word_1_735' title='bbox 1605 2547 1614 2563; x_wconf 92' lang='grc'>,</span> <span class='ocrx_word' id='word_1_736' title='bbox 1629 2516 1685 2553; x_wconf 78' lang='grc' dir='ltr'>ἵνα</span> <span class='ocrx_word' id='word_1_737' title='bbox 1702 2514 1907 2590; x_wconf 78' lang='grc' dir='ltr'>μαρτυρήσῃ</span> <span class='ocrx_word' id='word_1_738' title='bbox 1921 2514 2000 2567; x_wconf 78' lang='grc' dir='ltr'>περὶ</span> <span class='ocrx_word' id='word_1_739' title='bbox 2015 2519 2073 2552; x_wconf 70' lang='grc' dir='ltr'>τοῦ</span> <span class='ocrx_word' id='word_1_740' title='bbox 2086 2515 2208 2566; x_wconf 76' lang='grc' dir='ltr'>φωτὸς,</span> <span class='ocrx_word' id='word_1_741' title='bbox 2225 2513 2358 2565; x_wconf 83' lang='grc' dir='ltr'>ἀνάγκη</span> 
     </span>
     <span class='ocr_line' id='line_1_98' title="bbox 1334 2574 2356 2630; baseline -0.005 -14"><span class='ocrx_word' id='word_1_742' title='bbox 1334 2595 1412 2630; x_wconf 85' lang='grc' dir='ltr'>περι</span> <span class='ocrx_word' id='word_1_743' title='bbox 1427 2594 1485 2616; x_wconf 92' lang='grc' dir='ltr'>του</span> <span class='ocrx_word' id='word_1_744' title='bbox 1509 2577 1712 2628; x_wconf 64' lang='grc' dir='ltr'>Πνεύαατος</span> <span class='ocrx_word' id='word_1_745' title='bbox 1729 2574 1848 2619; x_wconf 77' lang='grc' dir='ltr'>αὐτους</span> <span class='ocrx_word' id='word_1_746' title='bbox 1861 2575 1973 2627; x_wconf 79' lang='grc' dir='ltr'>λέγειν</span> <span class='ocrx_word' id='word_1_747' title='bbox 1991 2591 2050 2613; x_wconf 85' lang='grc' dir='ltr'>και</span> <span class='ocrx_word' id='word_1_748' title='bbox 2065 2579 2165 2612; x_wconf 83' lang='grc' dir='ltr'>τουτο</span> <span class='ocrx_word' id='word_1_749' title='bbox 2186 2577 2356 2627; x_wconf 77' lang='grc' dir='ltr'>εἰρῆσθαι.</span> 
     </span>
     <span class='ocr_line' id='line_1_99' title="bbox 1333 2635 2360 2693; baseline -0.005 -15.916"><span class='ocrx_word' id='word_1_750' title='bbox 1333 2639 1401 2677; x_wconf 84' lang='grc' dir='ltr'>Ον</span> <span class='ocrx_word' id='word_1_751' title='bbox 1417 2639 1484 2693; x_wconf 84' lang='grc' dir='ltr'>γὰρ</span> <span class='ocrx_word' id='word_1_752' title='bbox 1499 2639 1570 2676; x_wconf 83' lang='grc' dir='ltr'>άνω</span> <span class='ocrx_word' id='word_1_753' title='bbox 1592 2637 1701 2689; x_wconf 81' lang='grc' dir='ltr'>Λόγον</span> <span class='ocrx_word' id='word_1_754' title='bbox 1718 2640 1810 2683; x_wconf 85' lang='grc' dir='ltr'>εἰπε,</span> <span class='ocrx_word' id='word_1_755' title='bbox 1825 2642 1943 2674; x_wconf 82' lang='grc' dir='ltr'>τουτον</span> <span class='ocrx_word' id='word_1_756' title='bbox 1959 2635 2087 2689; x_wconf 86' lang='grc' dir='ltr'>προϊων</span> <span class='ocrx_word' id='word_1_757' title='bbox 2103 2652 2163 2673; x_wconf 82' lang='grc' dir='ltr'>και</span> <span class='ocrx_word' id='word_1_758' title='bbox 2178 2636 2280 2683; x_wconf 78' lang='grc' dir='ltr'>Οεὸν,</span> <span class='ocrx_word' id='word_1_759' title='bbox 2301 2651 2360 2673; x_wconf 81' lang='grc' dir='ltr'>και</span> 
     </span>
     <span class='ocr_line' id='line_1_100' title="bbox 1288 2696 2360 2751; baseline -0.005 -13"><span class='ocrx_word' id='word_1_760' title='bbox 1288 2708 1311 2738; x_wconf 87' lang='lat' dir='ltr'>C</span> <span class='ocrx_word' id='word_1_761' title='bbox 1335 2701 1437 2748; x_wconf 84' lang='grc' dir='ltr'>ζωὴν,</span> <span class='ocrx_word' id='word_1_762' title='bbox 1452 2700 1511 2738; x_wconf 83' lang='grc' dir='ltr'>καὶ</span> <span class='ocrx_word' id='word_1_763' title='bbox 1527 2702 1601 2751; x_wconf 68' lang='grc' dir='ltr'>φῶς</span> <span class='ocrx_word' id='word_1_764' title='bbox 1617 2698 1788 2749; x_wconf 66' lang='grc' dir='ltr'>ὀνομάζει.</span> <span class='ocrx_word' id='word_1_765' title='bbox 1816 2697 1897 2744; x_wconf 66' lang='grc' dir='ltr'>Ζογὴ</span> <span class='ocrx_word' id='word_1_766' title='bbox 1919 2697 1985 2749; x_wconf 79' lang='grc' dir='ltr'>γὰρ</span> <span class='ocrx_word' id='word_1_767' title='bbox 2002 2701 2056 2744; x_wconf 86' lang='grc' dir='ltr'>ἠν,</span> <span class='ocrx_word' id='word_1_768' title='bbox 2077 2713 2192 2749; x_wconf 77' lang='grc' dir='ltr'>φησιν,</span> <span class='ocrx_word' id='word_1_769' title='bbox 2214 2700 2231 2734; x_wconf 97' lang='lat'><strong>6</strong></span> <span class='ocrx_word' id='word_1_770' title='bbox 2252 2696 2360 2747; x_wconf 87' lang='grc' dir='ltr'>Λόγος</span> 
     </span>
     <span class='ocr_line' id='line_1_101' title="bbox 1334 2756 2357 2810; baseline -0.007 -10"><span class='ocrx_word' id='word_1_771' title='bbox 1334 2766 1450 2810; x_wconf 70' lang='grc' dir='ltr'>οὗτος,</span> <span class='ocrx_word' id='word_1_772' title='bbox 1479 2777 1538 2798; x_wconf 85' lang='grc' dir='ltr'>και</span> <span class='ocrx_word' id='word_1_773' title='bbox 1555 2765 1576 2807; x_wconf 87' lang='grc' dir='ltr'>ἡ</span> <span class='ocrx_word' id='word_1_774' title='bbox 1604 2758 1674 2805; x_wconf 85' lang='grc' dir='ltr'>ζωὴ</span> <span class='ocrx_word' id='word_1_775' title='bbox 1693 2759 1779 2806; x_wconf 77' lang='grc' dir='ltr'>αὕτη</span> <span class='ocrx_word' id='word_1_776' title='bbox 1808 2762 1879 2810; x_wconf 71' lang='grc' dir='ltr'>φῶς</span> <span class='ocrx_word' id='word_1_777' title='bbox 1905 2762 1959 2804; x_wconf 80' lang='grc' dir='ltr'>ἠν.</span> <span class='ocrx_word' id='word_1_778' title='bbox 1993 2759 2033 2795; x_wconf 64' lang='lat'>1⁴}</span> <span class='ocrx_word' id='word_1_779' title='bbox 2051 2757 2162 2795; x_wconf 84' lang='grc' dir='ltr'>τοίνυν</span> <span class='ocrx_word' id='word_1_780' title='bbox 2180 2760 2197 2794; x_wconf 88' lang='lat'><strong>6</strong></span> <span class='ocrx_word' id='word_1_781' title='bbox 2214 2756 2353 2807; x_wconf 51' lang='grc' dir='ltr'>Λόγος(</span> <span class='ocrx_word' id='word_1_782' title='bbox 2336 2773 2357 2802; x_wconf 89' lang='grc' dir='ltr'>η</span> 
     </span>
     <span class='ocr_line' id='line_1_102' title="bbox 1335 2816 2357 2871; baseline -0.007 -11"><span class='ocrx_word' id='word_1_783' title='bbox 1335 2822 1467 2869; x_wconf 59' lang='grc' dir='ltr'>ζωὴ,*</span> <span class='ocrx_word' id='word_1_784' title='bbox 1480 2825 1497 2859; x_wconf 91' lang='lat'><strong>6</strong></span> <span class='ocrx_word' id='word_1_785' title='bbox 1525 2820 1560 2859; x_wconf 79' lang='grc' dir='ltr'>δε</span> <span class='ocrx_word' id='word_1_786' title='bbox 1583 2819 1691 2871; x_wconf 83' lang='grc' dir='ltr'>Λόγος</span> <span class='ocrx_word' id='word_1_787' title='bbox 1716 2823 1812 2862; x_wconf 82' lang='grc' dir='ltr'>οὗτος</span> <span class='ocrx_word' id='word_1_788' title='bbox 1834 2818 1893 2856; x_wconf 78' lang='grc' dir='ltr'>καὶ</span> <span class='ocrx_word' id='word_1_789' title='bbox 1913 2822 1933 2864; x_wconf 82' lang='grc' dir='ltr'>ἡ</span> <span class='ocrx_word' id='word_1_790' title='bbox 1955 2817 2024 2863; x_wconf 79' lang='grc' dir='ltr'>ζωὴ</span> <span class='ocrx_word' id='word_1_791' title='bbox 2054 2816 2138 2868; x_wconf 78' lang='grc' dir='ltr'>σὰρξ</span> <span class='ocrx_word' id='word_1_792' title='bbox 2166 2816 2316 2866; x_wconf 79' lang='grc' dir='ltr'>ἐγενετο,</span> <span class='ocrx_word' id='word_1_793' title='bbox 2336 2832 2357 2863; x_wconf 82' lang='lat' dir='ltr'>·r</span> 
     </span>
     <span class='ocr_line' id='line_1_103' title="bbox 1334 2877 2359 2933; baseline -0.008 -12"><span class='ocrx_word' id='word_1_794' title='bbox 1334 2883 1404 2930; x_wconf 83' lang='grc' dir='ltr'>ζωὴ</span> <span class='ocrx_word' id='word_1_795' title='bbox 1438 2882 1570 2933; x_wconf 79' lang='grc' dir='ltr'>ἐγένετο</span> <span class='ocrx_word' id='word_1_796' title='bbox 1598 2879 1703 2932; x_wconf 82' lang='grc' dir='ltr'>σὰρξ,</span> <span class='ocrx_word' id='word_1_797' title='bbox 1732 2879 1920 2925; x_wconf 83' lang='grc' dir='ltr'>τουτέστιν,</span> <span class='ocrx_word' id='word_1_798' title='bbox 1951 2881 1968 2915; x_wconf 86' lang='lat'><strong>6</strong></span> <span class='ocrx_word' id='word_1_799' title='bbox 2001 2877 2132 2928; x_wconf 83' lang='grc' dir='ltr'>Λόγος·</span> <span class='ocrx_word' id='word_1_800' title='bbox 2165 2877 2224 2914; x_wconf 80' lang='grc' dir='ltr'>καὶ</span> <span class='ocrx_word' id='word_1_801' title='bbox 2254 2880 2359 2924; x_wconf 67' lang='grc' dir='ltr'>αὐτῆς</span> 
     </span>
     <span class='ocr_line' id='line_1_104' title="bbox 1335 2936 2357 2993; baseline -0.007 -12"><span class='ocrx_word' id='word_1_802' title='bbox 1335 2943 1550 2993; x_wconf 81' lang='grc' dir='ltr'>ἐθεασάμεθα</span> <span class='ocrx_word' id='word_1_803' title='bbox 1569 2941 1631 2987; x_wconf 87' lang='grc' dir='ltr'>τὴν</span> <span class='ocrx_word' id='word_1_804' title='bbox 1654 2939 1766 2986; x_wconf 77' lang='grc' dir='ltr'>δόξαν,</span> <span class='ocrx_word' id='word_1_805' title='bbox 1788 2942 1834 2982; x_wconf 79' lang='grc' dir='ltr'>ὡς</span> <span class='ocrx_word' id='word_1_806' title='bbox 1860 2941 2072 2989; x_wconf 74' lang='grc' dir='ltr'>Μονογενοῧς</span> <span class='ocrx_word' id='word_1_807' title='bbox 2090 2936 2187 2990; x_wconf 79' lang='grc' dir='ltr'>παρὰ</span> <span class='ocrx_word' id='word_1_808' title='bbox 2208 2938 2357 2989; x_wconf 83' lang='grc' dir='ltr'>Πατρός.</span> 
     </span>
     <span class='ocr_line' id='line_1_105' title="bbox 1334 2999 2358 3052; baseline -0.004 -11"><span class='ocrx_word' id='word_1_809' title='bbox 1334 3002 1395 3041; x_wconf 80' lang='grc' dir='ltr'>Ἂν</span> <span class='ocrx_word' id='word_1_810' title='bbox 1411 3003 1523 3041; x_wconf 88' lang='grc' dir='ltr'>τοίνυν</span> <span class='ocrx_word' id='word_1_811' title='bbox 1538 3002 1576 3040; x_wconf 81' lang='grc' dir='ltr'>τὸ</span> <span class='ocrx_word' id='word_1_812' title='bbox 1592 3003 1737 3052; x_wconf 75' lang='grc' dir='ltr'>Πνεῦμα</span> <span class='ocrx_word' id='word_1_813' title='bbox 1753 3000 1899 3052; x_wconf 81' lang='grc' dir='ltr'>λέγωσιν</span> <span class='ocrx_word' id='word_1_814' title='bbox 1914 3002 2061 3038; x_wconf 71' lang='grc' dir='ltr'>ἐνταῦθα</span> <span class='ocrx_word' id='word_1_815' title='bbox 2079 2999 2142 3046; x_wconf 85' lang='grc' dir='ltr'>τὴν</span> <span class='ocrx_word' id='word_1_816' title='bbox 2159 2999 2248 3046; x_wconf 79' lang='grc' dir='ltr'>ζωὴν</span> <span class='ocrx_word' id='word_1_817' title='bbox 2267 3003 2358 3052; x_wconf 74' lang='grc' dir='ltr'>εἰρῆ-</span> 
     </span>
    </p>
   </div>
   <div class='ocr_carea' id='block_1_9' title="bbox 1350 3146 2360 3450">
    <p class='ocr_par' dir='ltr' id='par_1_12' title="bbox 1350 3146 2360 3450">
     <span class='ocr_line' id='line_1_106' title="bbox 1353 3146 2360 3196; baseline -0.006 -13"><span class='ocrx_word' id='word_1_818' title='bbox 1353 3156 1437 3196; x_wconf 62' lang='grc' dir='ltr'>σάρξ.</span> <span class='ocrx_word' id='word_1_819' title='bbox 1456 3152 1553 3182; x_wconf 84' lang='lat' dir='ltr'>Putat</span> <span class='ocrx_word' id='word_1_820' title='bbox 1567 3150 1692 3181; x_wconf 88' lang='lat' dir='ltr'>Boisius</span> <span class='ocrx_word' id='word_1_821' title='bbox 1706 3147 1787 3181; x_wconf 84' lang='lat' dir='ltr'>illud</span> <span class='ocrx_word' id='word_1_822' title='bbox 1804 3154 1851 3182; x_wconf 71' lang='grc' dir='ltr'>καὶ</span> <span class='ocrx_word' id='word_1_823' title='bbox 1869 3154 1885 3186; x_wconf 77' lang='grc' dir='ltr'>ἡ</span> <span class='ocrx_word' id='word_1_824' title='bbox 1899 3155 1958 3189; x_wconf 85' lang='grc' dir='ltr'>’ςωή</span> <span class='ocrx_word' id='word_1_825' title='bbox 1975 3155 2051 3179; x_wconf 87' lang='lat' dir='ltr'>ante</span> <span class='ocrx_word' id='word_1_826' title='bbox 2069 3147 2137 3179; x_wconf 75' lang='lat' dir='ltr'>tuuc</span> <span class='ocrx_word' id='word_1_827' title='bbox 2153 3146 2264 3186; x_wconf 80' lang='lat' dir='ltr'>verba,</span> <span class='ocrx_word' id='word_1_828' title='bbox 2284 3154 2360 3194; x_wconf 55' lang='grc' dir='ltr'>σὰρξ</span> 
     </span>
     <span class='ocr_line' id='line_1_107' title="bbox 1352 3198 2354 3244; baseline -0.006 -8"><span class='ocrx_word' id='word_1_829' title='bbox 1352 3208 1478 3244; x_wconf 66' lang='grc' dir='ltr'>ἐγένετο,</span> <span class='ocrx_word' id='word_1_830' title='bbox 1491 3199 1668 3234; x_wconf 88' lang='lat' dir='ltr'>delendum</span> <span class='ocrx_word' id='word_1_831' title='bbox 1681 3211 1761 3239; x_wconf 77' lang='lat' dir='ltr'>esse,</span> <span class='ocrx_word' id='word_1_832' title='bbox 1778 3211 1837 3232; x_wconf 89' lang='lat' dir='ltr'>nec</span> <span class='ocrx_word' id='word_1_833' title='bbox 1854 3200 1975 3231; x_wconf 87' lang='lat' dir='ltr'>lectum</span> <span class='ocrx_word' id='word_1_834' title='bbox 1991 3199 2085 3231; x_wconf 83' lang='lat' dir='ltr'>fuisse</span> <span class='ocrx_word' id='word_1_835' title='bbox 2099 3198 2141 3230; x_wconf 87' lang='lat' dir='ltr'>ab</span> <span class='ocrx_word' id='word_1_836' title='bbox 2157 3200 2354 3240; x_wconf 81' lang='lat' dir='ltr'>Interprete.</span> 
     </span>
     <span class='ocr_line' id='line_1_108' title="bbox 1350 3249 2356 3294; baseline -0.005 -7"><span class='ocrx_word' id='word_1_837' title='bbox 1350 3253 1415 3287; x_wconf 85' lang='lat' dir='ltr'>Sed</span> <span class='ocrx_word' id='word_1_838' title='bbox 1443 3253 1554 3286; x_wconf 83' lang='lat' dir='ltr'>omnia</span> <span class='ocrx_word' id='word_1_839' title='bbox 1572 3251 1771 3294; x_wconf 84' lang='lat' dir='ltr'>exemplaria</span> <span class='ocrx_word' id='word_1_840' title='bbox 1789 3251 1835 3283; x_wconf 79' lang='lat' dir='ltr'>sie</span> <span class='ocrx_word' id='word_1_841' title='bbox 1861 3251 1995 3283; x_wconf 82' lang='lat' dir='ltr'>babent.</span> <span class='ocrx_word' id='word_1_842' title='bbox 2016 3249 2147 3293; x_wconf 73' lang='lat' dir='ltr'>[codd.</span> <span class='ocrx_word' id='word_1_843' title='bbox 2167 3252 2230 3283; x_wconf 82' lang='lat'>705</span> <span class='ocrx_word' id='word_1_844' title='bbox 2247 3259 2280 3282; x_wconf 92' lang='lat' dir='ltr'>et</span> <span class='ocrx_word' id='word_1_845' title='bbox 2293 3252 2356 3283; x_wconf 77' lang='lat'>706</span> 
     </span>
     <span class='ocr_line' id='line_1_109' title="bbox 1356 3302 2354 3348; baseline -0.008 -7"><span class='ocrx_word' id='word_1_846' title='bbox 1356 3312 1379 3339; x_wconf 76' lang='grc' dir='ltr'>εἰ</span> <span class='ocrx_word' id='word_1_847' title='bbox 1397 3312 1489 3340; x_wconf 81' lang='grc' dir='ltr'>τοίνυν</span> <span class='ocrx_word' id='word_1_848' title='bbox 1505 3311 1519 3340; x_wconf 74' lang='grc' dir='ltr'>ὀ</span> <span class='ocrx_word' id='word_1_849' title='bbox 1533 3310 1616 3348; x_wconf 66' lang='grc' dir='ltr'>λόγος</span> <span class='ocrx_word' id='word_1_850' title='bbox 1629 3311 1645 3343; x_wconf 86' lang='grc' dir='ltr'>ἡ</span> <span class='ocrx_word' id='word_1_851' title='bbox 1666 3311 1725 3345; x_wconf 76' lang='grc' dir='ltr'>ζωὴ</span> <span class='ocrx_word' id='word_1_852' title='bbox 1741 3305 1817 3346; x_wconf 76' lang='grc' dir='ltr'>(ζωή</span> <span class='ocrx_word' id='word_1_853' title='bbox 1833 3305 1902 3335; x_wconf 79' lang='lat' dir='ltr'>sinc</span> <span class='ocrx_word' id='word_1_854' title='bbox 1920 3310 1984 3337; x_wconf 82' lang='lat' dir='ltr'>art.</span> <span class='ocrx_word' id='word_1_855' title='bbox 2002 3302 2140 3335; x_wconf 71' lang='lat' dir='ltr'>savitei</span> <span class='ocrx_word' id='word_1_856' title='bbox 2154 3302 2238 3334; x_wconf 88' lang='lat' dir='ltr'>Cod.</span> <span class='ocrx_word' id='word_1_857' title='bbox 2256 3305 2319 3335; x_wconf 70' lang='lat'>7015</span> <span class='ocrx_word' id='word_1_858' title='bbox 2330 3302 2354 3345; x_wconf 85' lang='lat'>)‚</span> 
     </span>
     <span class='ocr_line' id='line_1_110' title="bbox 1351 3353 2357 3400; baseline -0.004 -9"><span class='ocrx_word' id='word_1_859' title='bbox 1351 3362 1365 3391; x_wconf 69' lang='grc' dir='ltr'>ὁ</span> <span class='ocrx_word' id='word_1_860' title='bbox 1382 3360 1410 3390; x_wconf 78' lang='grc' dir='ltr'>δὲ</span> <span class='ocrx_word' id='word_1_861' title='bbox 1424 3362 1505 3400; x_wconf 65' lang='grc' dir='ltr'>λόγος</span> <span class='ocrx_word' id='word_1_862' title='bbox 1518 3358 1602 3394; x_wconf 81' lang='grc' dir='ltr'>οὗτος</span> <span class='ocrx_word' id='word_1_863' title='bbox 1615 3357 1626 3399; x_wconf 90' lang='grc'>(</span> <span class='ocrx_word' id='word_1_864' title='bbox 1637 3362 1686 3389; x_wconf 70' lang='grc' dir='ltr'>καί</span> <span class='ocrx_word' id='word_1_865' title='bbox 1703 3357 1800 3387; x_wconf 73' lang='lat' dir='ltr'>inser.</span> <span class='ocrx_word' id='word_1_866' title='bbox 1817 3354 1917 3388; x_wconf 74' lang='lat' dir='ltr'>Savil.</span> <span class='ocrx_word' id='word_1_867' title='bbox 1931 3362 1964 3386; x_wconf 88' lang='lat' dir='ltr'>et</span> <span class='ocrx_word' id='word_1_868' title='bbox 1978 3353 2062 3386; x_wconf 86' lang='lat' dir='ltr'>Cod.</span> <span class='ocrx_word' id='word_1_869' title='bbox 2076 3353 2153 3397; x_wconf 74' lang='lat'>700)</span> <span class='ocrx_word' id='word_1_870' title='bbox 2172 3360 2188 3393; x_wconf 77' lang='grc' dir='ltr'>ἡ</span> <span class='ocrx_word' id='word_1_871' title='bbox 2207 3362 2267 3397; x_wconf 75' lang='grc' dir='ltr'>ζωὴ</span> <span class='ocrx_word' id='word_1_872' title='bbox 2282 3359 2357 3400; x_wconf 53' lang='grc' dir='ltr'>σὰρξ</span> 
     </span>
     <span class='ocr_line' id='line_1_111' title="bbox 1350 3407 2176 3450; baseline -0.006 -8"><span class='ocrx_word' id='word_1_873' title='bbox 1350 3414 1474 3450; x_wconf 73' lang='grc' dir='ltr'>ἐγένετο,</span> <span class='ocrx_word' id='word_1_874' title='bbox 1494 3413 1644 3444; x_wconf 54' lang='grc' dir='ltr'>τουτέστιν</span> <span class='ocrx_word' id='word_1_875' title='bbox 1661 3412 1674 3442; x_wconf 85' lang='grc' dir='ltr'>ὀ</span> <span class='ocrx_word' id='word_1_876' title='bbox 1692 3412 1784 3450; x_wconf 69' lang='grc' dir='ltr'>λόγος,</span> <span class='ocrx_word' id='word_1_877' title='bbox 1804 3408 1930 3439; x_wconf 79' lang='lat' dir='ltr'>omissis</span> <span class='ocrx_word' id='word_1_878' title='bbox 1947 3407 2176 3449; x_wconf 57' lang='lat' dir='ltr'>interpositis]</span> 
     </span>
    </p>
   </div>
  </div>
 </body>
</html>
