2481 3678
265 215 352 259 260
706 230 743 259 s.

261 311 317 347 his
343 318 505 362 peccata,
530 309 559 346 is
581 319 662 348 tunc
683 311 797 362 judex
816 310 966 359 sedebit3
997 309 1060 361 qui
1083 319 1244 348 mortuus

263 379 312 408 est
342 385 408 422 pro
438 370 557 420 nobis,
580 370 638 409 hic
661 371 862 410 universam
888 379 1049 408 naturam
1075 370 1241 422 judicans

68 432 248 471 5¹¹¹'‘'·9·28·
263 430 459 483 apparebit.
483 433 628 470 Iterum
659 431 768 479 enim,
807 431 939 481 inquit,
968 434 1050 470 sine
1083 442 1241 484 peccato

264 493 460 531 videbitur
485 494 774 544 suscipientibus
809 495 933 545 ipsum
974 494 1028 530 ad
1061 493 1238 532 salutem.

263 553 503 598 Quamobrem
514 553 582 591 hoc
595 553 672 591 loco
691 553 779 591 dicit
797 569 804 589 ε
826 554 948 591 Pater
963 567 1067 591 meus
1089 568 1165 592 non
1176 557 1242 607 ju-

263 615 368 652 dicat
392 628 641 666 quemquam,
683 615 751 651 sed
778 628 888 652 omne
913 615 1107 667 judicium
1139 615 1244 653 dedit

263 675 386 721 Filio,
410 683 451 712 ut
477 688 606 712 omnes
638 675 892 727 honorificent
912 674 1079 722 Filium,
1106 683 1147 712 ut
1176 676 1244 713 Ιιο-
1267 680 1292 711 Ε

262 738 468 789 norificant
487 737 659 774 Patrem.
677 733 819 787 Ergone
837 736 997 783 Patrem,
1021 735 1178 786 inquies,
1201 736 1246 773 il-

261 797 337 835 lum
354 796 541 834 dicemus?
558 796 671 834 Absit.
695 795 779 834 Ideo
801 810 952 848 namque
978 796 1066 835 dicit
1092 796 1243 847 Filium,

262 867 301 895 ut
326 856 461 894 Filium
490 866 688 894 manentem
715 857 927 896 honoremus
961 857 1052 895 sicut
1090 856 1243 895 Patrem.

262 918 334 964 Qui
358 931 442 956 velo
461 917 582 969 ipsum
595 926 698 956 vocat
721 918 881 967 Panem,
900 931 970 955 non
988 917 1083 955 ultra
1111 916 1245 954 Filium

263 988 302 1016 ut
317 979 457 1016 Patrem
471 978 638 1027 honorat⁷
661 978 722 1017 sed
742 979 860 1017 omnia
884 979 1020 1017 miscet.
1044 978 1138 1024 Quia
1161 991 1270 1039 ergo²

781 229 966 259 somnis
1000 228 1244 259 efluYsosT.
1283 226 1887 258 AuCfflEP.CONsTANT1NOP.

1316 326 1373 348 και
1395 311 1441 353 εἷς
1459 309 1516 347 τὸν
1534 310 1642 347 αἰῶνα
1669 311 1705 346 οὐ
1734 308 1782 360 μὴ
1813 307 2037 360 ἁμαρτήσεις.
2063 306 2098 328 ¹³
2101 309 2133 346 Ο
2151 307 2216 359 γὰρ
2237 310 2333 360 ἀφεὶς

1315 374 1399 421 ἡμῖν
1417 370 1463 408 τὰ
1488 370 1726 422 ἁμαρτήματα
1754 374 1823 416 νῦν,
1840 373 1937 414 οὗτος
1962 370 2157 408 καθεδεῖται
2186 369 2333 414 δικάζων

1316 431 1412 469 τότε·
1446 434 1464 469 ὃ
1484 429 1666 468 ἀποθανων
1684 431 1727 469 δι’
1756 434 1872 480 ἡμᾶς,
1904 434 2002 474 ουτος
2034 436 2192 482 φανεῖται
2227 430 2335 467 πάλιν

1314 492 1440 544 κρίνων
1467 492 1530 539 τὴν
1558 491 1659 544 φύσιν
1680 491 1830 530 ἅπασαν.
1847 491 1914 530 Ἐκ
1941 491 2100 545 δευτέρου
2130 492 2209 544 γὰρ,
2231 490 2335 543 φησὶ,

1315 553 1422 605 χωρὶς
1455 551 1627 604 ἁμαρτίας
1645 552 1835 604 ὀφθήσεται
1861 558 1932 596 τοῖς
1960 553 2062 591 αὐτὸν
2097 552 2336 604 ἀπεκδεχομέ-

1315 628 1383 656 νοις
1403 615 1450 657 εἷς
1473 612 1684 665 εσωτηρίαν.
1703 613 1766 650 Διὸ
1783 612 1842 650 καὶ
1866 614 2012 651 ἐνταῦθα
2038 613 2154 665 ἔλεγεν
2166 628 2174 636 ·
2194 612 2239 650 Ὁ
2254 614 2336 650 Πα-

1315 673 1381 726 τήρ
1400 689 1464 726 μου
1481 676 1518 712 οὗ
1540 674 1646 726 κρίνει
1663 673 1805 722 οὐδένα,
1822 673 1915 712 ἀλλὰ
1930 673 1993 721 τὴν
2011 674 2124 726 κρίσιν
2143 681 2259 712 πᾶσαν
2277 674 2334 712 δέ-

1316 736 1405 774 δωκε
1423 738 1473 774 τῶ
1504 736 1598 788 Υἱῷ,
1617 735 1676 773 ἵνα
1705 736 1832 778 πάντες
1865 751 1995 785 τιμωσι
2021 735 2078 773 τὸν
2107 735 2203 783 Υἱον,
2222 733 2338 778 καθως

1314 799 1442 846 τιμῶσι
1461 812 1518 834 τον
1537 774 1693 849 Πατέρα.
1714 798 1849 834 Οὐκοῦν
1869 795 1928 834 καὶ
1944 796 2088 848 Πατέρα
2107 795 2209 834 αὐτὸν
2229 809 2337 846 προσ-

1317 857 1609 910 εροῦμεν,φησίν;
1626 857 1770 910 Ἄπαγε.
1787 858 1855 895 Διὰ
1867 857 1934 931 γὰρ
1947 873 2047 895 τουτο
2056 861 2130 894 ειπε
2153 857 2211 895 τὸν
2238 856 2336 904 Υἱὸν,

1314 916 1370 956 ι’να
1386 917 1532 969 μένοντα
1553 919 1635 958 Υἱὸν
1653 934 1811 970 τιμωμεν
1832 921 1877 962 ὡς
1896 918 1953 956 τὸν
1973 919 2132 971 Πατέρα.
2150 917 2195 956 ‘O
2211 918 2246 956 δὲ
2259 919 2338 955 Πα-

1273 979 1398 1039 26τέρα
1415 979 1515 1017 αὐτὸν
1536 979 1646 1031 λέγων
1663 982 1724 1018 οὐκ
1742 979 1790 1018 ἔτι
1810 995 1866 1017 τον
1886 979 1940 1016 Y‘
1919 995 1966 1017 ιον
1982 982 2027 1022 ὣς
2046 978 2226 1031 Πατέρα’
2212 978 2335 1053 ετίμη-

262 1040 432 1079 beneficio
451 1040 569 1078 affecti
586 1039 747 1078 homines
772 1054 841 1078 non
866 1039 915 1077 ita
932 1039 978 1077 ad
1004 1038 1165 1078 officium
1189 1053 1244 1076 1e-
1268 1052 1294 1081 A
1315 1056 1386 1087 σεν,
1403 1040 1493 1079 ἀλλὰ
1510 1040 1549 1078 τὸ
1563 1047 1632 1077 πᾶν
1649 1039 1819 1093 συνέχεεν.
1831 1046 1846 1062 ⁸
1856 1040 1959 1078 Επεὶ
1972 1040 2085 1078 τοίνυν
2097 1039 2337 1093 εὐεργετούμε-

262 1102 390 1152 deum,
413 1111 452 1139 ut
475 1101 658 1152 castigati·
679 1100 756 1139 ideo
773 1100 948 1138 teriibilia
966 1099 1079 1148 dixit,
1104 1108 1144 1136 ut
1170 1112 1244 1136 me-

262 1173 317 1201 tus
345 1163 469 1201 saltem
495 1162 541 1199 ad
562 1162 732 1200 honorem
762 1161 831 1199 sibi
859 1159 1043 1198 ferendum
1069 1128 1239 1197 ,trahereh

263 1224 353 1261 Cum
370 1223 476 1271 dicit,
499 1225 640 1268 Omne,
664 1221 702 1259 id
715 1230 784 1271 est,
808 1219 979 1273 puniendi
994 1229 1027 1258 et
1043 1218 1245 1258 honorandi

261 1293 466 1336 potestatem
483 1283 609 1331 habet,
633 1291 739 1333 atque
757 1291 952 1333 utrumque
970 1295 1035 1334 pro
1058 1281 1173 1319 lubito
1191 1281 1243 1318 fa-

259 1345 386 1384 ciendi.
404 1344 501 1384 Illud
524 1358 627 1394 verO,
647 1345 785 1391 Dedit,
809 1342 947 1383 dictum
969 1352 1037 1392 est,
1058 1357 1102 1381 ne
1123 1342 1245 1395 ipsum

259 1424 327 1448 non
340 1409 499 1462 genitum
513 1422 585 1448 esse
598 1407 804 1459 suspiceris,
821 1421 934 1459 neque
950 1416 1053 1459 putes
1068 1406 1157 1444 duos
1170 1420 1244 1444 esse

259 1473 380 1510 Patres
394 1488 401 1508 :
421 1484 504 1509 nam
520 1469 698 1521 quidquid
710 1478 762 1507 est
782 1469 901 1518 Pater,
914 1478 965 1507 est
982 1477 1016 1506 et
1033 1468 1166 1516 Filius,
1183 1481 1242 1519 ge-

259 1535 354 1573 nitus
372 1543 405 1572 et
427 1534 541 1572 Filius
560 1546 715 1571 manens.
736 1533 788 1571 Ut
808 1546 892 1571 vero
904 1531 1019 1569 discas
1036 1529 1148 1579 illud,
1164 1531 1242 1568 De-

260 1598 334 1643 dit,
357 1595 514 1647 idipsum
528 1593 728 1646 significare
743 1592 858 1643 quod,
878 1592 1018 1643 genuit,
1043 1590 1127 1629 audi
1149 1590 1243 1628 illud

259 1657 329 1695 alio
352 1657 429 1694 Ioco
452 1655 692 1693 declaratum:
718 1654 823 1693 Sicut
842 1655 963 1692 Pater
981 1654 1097 1691 habet
1116 1654 1243 1690 vitam

259 1724 302 1757 in
319 1721 537 1770 semetipso,
559 1721 617 1756 ita
635 1718 739 1755 dedit
764 1726 800 1755 et
831 1717 936 1754 Filio
956 1719 1081 1754 vitam
1102 1717 1244 1754 habere

260 1784 300 1818 in
318 1782 527 1831 semetipso.
547 1777 646 1825 Quid
661 1777 768 1829 ergo?
789 1777 935 1830 priusne
961 1777 1079 1828 ipsum
1101 1776 1242 1828 genuit,
1268 1777 1290 1807 Β

259 1856 300 1880 ae
317 1840 445 1880 deinde
467 1840 578 1879 vitam
603 1838 730 1877 dedit?
752 1838 826 1886 Qui
854 1838 916 1876 dat
950 1837 1066 1887 enim,
1098 1837 1243 1875 cuidam

259 1903 442 1942 exsistenti
471 1901 543 1941 dat.
581 1900 722 1952 Ergone
765 1899 906 1951 genitus
937 1907 1012 1937 erat
1039 1898 1115 1937 sine
1142 1898 1241 1937 vita?

261 1967 397 2005 Verum
428 1963 495 2002 hoc
528 1976 572 2001 ne
605 1961 782 2000 daemones
818 1960 965 2012 quidem
991 1960 1238 2013 suspicentur:

260 2026 412 2063 multam
446 2023 579 2076 quippe
609 2022 717 2060 hahet
753 2021 927 2060 insaniam
952 2035 1033 2059 cum
1062 2021 1245 2073 impietate

262 2087 497 2138 conjunctam.
533 2081 845 2130 Quemadmodum
875 2095 958 2133 ergo
985 2081 1098 2131 illud,
1125 2083 1246 2120 Dedit

262 2150 402 2193 vitam,
427 2144 523 2183 idem
541 2152 593 2182 est
617 2142 724 2194 quod,
743 2142 878 2182 Genuit
895 2142 1014 2194 ipsum
1032 2142 1160 2181 vitam:
1177 2141 1242 2193 sic,

264 2209 383 2246 Dedit
396 2207 606 2260 judicium,
628 2203 665 2242 id
688 2213 756 2252 est,
780 2204 906 2256 Ipsum
924 2203 1083 2256 judicem
1110 2202 1244 2255 genuit.

266 2267 408 2306 Etenim
424 2281 466 2304 ne
483 2265 629 2304 audiens
651 2263 773 2315 quod
763 2278 838 2316 lpse
857 2265 998 2302 Patrem
1019 2278 1162 2303 causam
1177 2263 1243 2301 ha-

1315 1114 1365 1137 νοι
1377 1101 1408 1136 οι-
1424 1099 1610 1152 ἄνθρωποι,
1625 1101 1690 1153 οὐχ
1705 1100 1794 1138 ούτω
1809 1100 2044 1152 προσάγονται
2060 1103 2106 1143 ὡς
2120 1099 2337 1151 τιμωρούμε-

1314 1175 1364 1198 νοι
1376 1188 1385 1207 ,
1399 1160 1455 1198 διὰ
1467 1164 1567 1198 τοῦτο
1581 1160 1688 1204 οὕτως
1705 1153 1779 1198 εἶπε
1799 1161 2035 1214 φοὸερῶς,“ι’να
2055 1162 2118 1199 κᾶν
2138 1164 2155 1198 ὁ
2173 1161 2275 1213 φόδος
2291 1163 2337 1204 εἷς

1313 1219 1421 1272 τιμὴν
1436 1222 1558 1259 ἑαυτοῦ
1572 1221 1958 1268 ε’πισπάσηται.Πᾶσαν
1976 1222 2011 1259 δὲ
2030 1222 2110 1259 ὅταν
2131 1222 2337 1272 εἴπῃ,τοῦτο

1313 1282 1428 1332 λέγει,
1447 1280 1500 1319 ὅτι
1516 1281 1575 1320 καὶ
1589 1285 1648 1320 τοῦ
1669 1282 1826 1326 κολάζειν
1842 1282 1902 1320 καὶ
1921 1286 1979 1321 τοῦ
1997 1288 2102 1333 τιμᾷν
2117 1280 2231 1334 κύριός
2247 1283 2339 1327 ἐστι,

1314 1357 1372 1380 και
1390 1342 1539 1395 ἑκάτερα
1557 1349 1668 1380 ποιεῖν
1687 1345 1734 1386 ὡς
1751 1342 1790 1381 ἂν
1810 1342 1923 1395 ἐθέλῃ.
1942 1342 1994 1382 Τὸ
2018 1342 2072 1390 δὲ,
2092 1341 2262 1390 Εδωκεν,
2289 1342 2339 1380 εἴ-

1315 1417 1438 1455 ρηται,
1458 1402 1514 1441 ἵνα
1548 1403 1596 1454 μὴ
1635 1403 1821 1456 ἀγέννητον
1849 1405 1951 1442 αὖτον
1979 1403 2217 1455 ὑποπτεύσῃς,
2249 1402 2338 1454 μηδὲ

1314 1463 1373 1502 δύο
1388 1464 1551 1517 Πατέρας
1572 1468 1661 1503 εἶναι
1685 1463 1841 1515 νομίσῃς.
1858 1465 1982 1503 Πάντα
2000 1466 2067 1517 γὰρ
2095 1465 2159 1503 ὅσα
2178 1463 2299 1502 1’ἐστιν
2321 1469 2340 1504 ὃ

1312 1524 1460 1577 Πατὴρ,
1485 1525 1593 1563 ταυτά
1611 1526 1684 1563 ἔστι
1700 1525 1759 1563 καὶ
1776 1528 1794 1564 ὁ
1821 1525 1879 1563 1⁸²¹
1857 1541 1922 1576 ιος,
1937 1525 2129 1577 γεννηθεις,
2150 1526 2208 1563 καὶ
2225 1525 2338 1576 μένων

1313 1587 1348 1623 ἓν
1367 1589 1418 1640 τῷ
1435 1589 1520 1624 εἷναι
1540 1585 1633 1630 Υἱός.
1645 1585 1750 1624 Καὶ“’
1737 1602 1790 1625 ινα
1812 1586 1961 1639 μάθῃς”
1940 1603 1993 1625 οτι
2008 1603 2059 1633 το,
2074 1586 2279 1634 ΗΕδωκεν,
2267 1602 2338 1625 ισον

1312 1649 1382 1700 τῶ,
1403 1646 1596 1699 ἐγέννησεν,
1628 1646 1736 1695 ἐστὶν,
1762 1646 1909 1685 ἄκουσον
1929 1647 1962 1692 ἐξ
1992 1647 2107 1701 ἑτέρου
2135 1651 2236 1684 τοῦτο
2255 1646 2341 1684 αυτὸ

1315 1707 1537 1763 δηλούμενον.
1555 1706 1694 1759 εὨσπερ
1720 1708 1787 1760 γὰρ
1810 1711 1827 1746 ὃ
1849 1708 1975 1759 Πατὴρ
1997 1708 2071 1760 ἔχει
2094 1708 2184 1755 ζωὴν
2208 1709 2243 1745 ἐν
2260 1711 2340 1745 ἑαυ-

1313 1771 1376 1821 τῷ,
1395 1769 1514 1821 φησὶν,
1533 1768 1641 1812 οὕτως
1667 1769 1773 1807 ἔδωκε
1797 1770 1856 1807 καὶ
1881 1772 1930 1823 τῷ
1955 1770 2031 1822 Υἱῷ
2056 1769 2145 1816 ζωὴν
2179 1769 2270 1821 ἔχειν
2304 1771 2340 1807 ἐν

1314 1832 1437 1881 ἑαυτῷ.
1463 1828 1510 1867 Τί
1537 1824 1616 1876 οῧν;
1647 1829 1814 1882 πρότερον
1842 1830 1945 1868 αὐτὸν
1972 1830 2151 1880 ἐγέννησε,
2177 1830 2234 1868 καὶ
2262 1830 2340 1868 τότε

1313 1889 1420 1928 ἔδωκε
1447 1890 1512 1938 τὴν
1531 1890 1703 1938 ζωήν;(Ο
1729 1890 1797 1942 γὰρ
1832 1889 1962 1938 διδοὺς,
1983 1891 2055 1928 ὄντι
2083 1891 2150 1928 τινὶ
2184 1890 2338 1928 δίδωσιν.

1313 1952 1449 1990 Οὔκουν
1465 1946 1506 1999 ἦν
1540 1954 1602 1998 τ’ἥς
1633 1954 1722 1997 ζωης
1754 1951 1861 2004 χωρὶς
1897 1951 2089 2002 γεννηθείς,
2116 1951 2221 1990 Ἀλλὰ
2240 1967 2343 1991 τουτο

1314 2013 1384 2051 οὐδ’
1407 2012 1446 2051 ἂν
1475 2012 1634 2063 δαίμονες
1661 2012 1931 2052 ὗποπτεύσαιεν·
1967 2012 2056 2064 μετὰ
2083 2012 2150 2065 γὰρ
2168 2028 2229 2059 της
2257 2016 2340 2051 ἀσε-

1315 2073 1410 2117 ὅείας
1440 2073 1529 2111 πολυ
1567 2073 1625 2110 καὶ
1656 2073 1695 2112 τὸ
1728 2073 1873 2121 ἀνόητον
1902 2074 1989 2126 ἔχει.
2024 2072 2163 2126 (Ὠσπερ
2193 2077 2250 2111 οὐν
2282 2072 2340 2122 τὸ,

1314 2134 1452 2173 Ἔδωκε
1471 2134 1576 2183 ζωὴν,
1607 2133 1787 2185 ἐγέννησεν
1805 2133 1907 2172 αυτὸν
1930 2134 2057 2180 ζωήν’
2042 2150 2152 2172 εστιν·
2173 2134 2262 2172 οὕτω
2282 2151 2341 2172 και

1315 2195 1357 2234 τὸ
1372 2194 1530 2244 ,”Εδωκε
1546 2194 1673 2246 κρίσιν,
1690 2194 1811 2246 κριτὴν
1828 2193 1929 2232 αὐτόν
1949 2198 2040 2234 ἐστιν
2058 2195 2249 2247 ἐγέννησεν.
2262 2195 2341 2234 Ἵνα

1316 2256 1383 2310 γὰρ
1397 2255 1468 2307 μὴ,
1489 2253 1622 2293 ἀκούων
1643 2254 1695 2292 ὅτι
1715 2254 1824 2292 αἴτιον
1841 2254 1915 2306 ἔχει
1943 2271 2002 2293 τον
2022 2255 2192 2308 Πατέρα,
2207 2258 2342 2308 παραλ-

264 2327 400 2376 buerit,
430 2325 672 2365 diversitatem
689 2324 893 2363 substantiae
912 2333 1032 2376 putes,
1058 2324 1248 2362 honorem-
1270 2322 1294 2353 C
1315 2317 1426 2370 λαγῆν
1442 2315 1559 2360 θυσίας
1585 2314 1729 2366 νομίσῃς
1745 2314 1804 2353 καὶ
1822 2330 1927 2366 τιμης
1943 2316 2145 2362 ἐλάττωσιν,
2167 2316 2266 2360 αὐτος
2282 2317 2339 2369 ἕρ-

267 2404 334 2440 que
368 2388 562 2436 minorem,
598 2386 674 2439 ipse
703 2385 803 2426 venit
840 2393 875 2423 te
899 2384 1123 2437 judicatum,
1164 2385 1249 2423 hinc

268 2450 502 2501 aequalitatem
524 2447 718 2486 ostendens.
749 2445 823 2493 Qui
849 2445 944 2485 enim
972 2460 1060 2497 quos
1081 2446 1161 2485 vult
1180 2461 1249 2499 pu-

270 2512 388 2551 niendi
402 2521 435 2550 et
451 2509 648 2549 honorandi
666 2518 874 2562 potestatem
890 2508 1016 2558 habet,
1032 2507 1156 2547 eadem
1172 2522 1250 2559 quae

271 2575 373 2611 Pater
409 2581 532 2624 potest.
567 2570 648 2608 Nisi
675 2569 770 2608 enim
805 2569 873 2608 hoc
903 2577 1011 2620 esset,
1045 2569 1106 2607 sed
1131 2579 1251 2622 postea

270 2647 377 2685 quam
407 2632 544 2682 genitus
572 2632 687 2670 fuerat
719 2631 888 2669 honorem
924 2630 1137 2683 accepisset,
1174 2646 1252 2682 quae

272 2708 375 2732 causa
411 2692 481 2730 fuit
508 2701 548 2729 ut
582 2692 656 2744 ipse
687 2691 862 2743 posterior
897 2691 1154 2729 honoraretur?
1180 2707 1252 2743 quo

275 2764 375 2807 pacto
393 2753 441 2790 ita
461 2752 624 2804 profecit,
654 2761 694 2789 ut
710 2752 800 2790 hanc
820 2751 1031 2803 dignitatem
1052 2752 1253 2805 acciperet?>

275 2817 352 2854 Non
379 2813 586 2852 erubescitis
614 2813 700 2850 dum
730 2813 924 2851 immortali
951 2814 1161 2865 nullumque
1188 2829 1252 2853 au-

275 2886 455 2930 gmentum
473 2875 659 2927 accipienti
682 2884 814 2912 n;·1tuize
840 2875 996 2913 humana
1015 2885 1049 2913 et
1076 2885 1149 2914 tam
1167 2876 1255 2916 vilia

1315 2378 1417 2431 χεταί
1439 2393 1478 2417 σε
1495 2376 1635 2429 κρίνων,
1660 2374 1776 2422 ο’τὴν
1768 2375 1910 2421 ισότητα
1930 2375 1987 2414 καὶ
2019 2379 2170 2415 ἐντευθεν
2198 2377 2340 2422 δεικνύς.

1317 2440 1362 2478 Ὁ
1389 2438 1456 2492 γὰρ
1475 2438 1565 2491 ἔχων
1586 2435 1739 2481 ἐξουσίαν
1758 2436 1915 2480 κολάζειν
1934 2452 1993 2474 και
2012 2444 2117 2490 τιμᾷν
2132 2443 2188 2481 ους
2218 2438 2342 2490 βούλε-

1317 2516 1393 2548 ται,
1416 2499 1460 2537 τὰ
1474 2498 1562 2537 αὐτὰ
1582 2497 1723 2536 δύναται
1752 2499 1802 2549 τῷ
1830 2496 1958 2549 Πατρί.
1979 2497 2081 2536 Ἐπεὶ
2105 2501 2135 2536 εἷ
2164 2498 2212 2550 μὴ
2241 2500 2342 2538 τοῦτό

1319 2564 1425 2611 ἐστιν,
1445 2561 1524 2599 ἀλλ’
1541 2559 1682 2611 ὕστερον
1701 2558 1874 2610 γεννηθεὶς
1896 2558 1999 2597 ἔλαὸε
2017 2560 2080 2608 τὴν
2095 2560 2213 2612 τιμὴν,
2229 2562 2263 2599 τί
2282 2562 2343 2613 γέ-

1319 2639 1414 2676 γονεν
1434 2621 1525 2660 ὥστε
1547 2620 1648 2660 αὐτὸν
1671 2620 1812 2672 ὕστερον
1843 2624 2049 2671 τιμηΟῆναι;
2080 2625 2118 2660 ἐκ
2153 2622 2254 2666 ποίας
2283 2623 2342 2661 ἐπὶ

1319 2688 1420 2724 τοῦτο
1440 2678 1523 2730 ἦλθε
1542 2684 1721 2734 προκοπῆς
1749 2680 1839 2718 ὥστε
1867 2680 1931 2728 τὴν
1952 2681 2048 2725 ἀξίαν
2071 2682 2202 2730 ταύτην
2220 2685 2341 2722 λαὸεῖν

1320 2746 1380 2784 καὶ
1399 2745 1704 2798 χειροτονηΟῆναι;
1727 2743 1804 2780 Οὐκ.
1833 2742 2036 2793 αἰσχύνεσθε
2068 2743 2113 2780 τὰ
2141 2744 2341 2795 ἀνθρώπινα

1319 2811 1428 2845 ταῦτα
1443 2804 1502 2845 καὶ
1521 2806 1641 2849 εὐτελῆ
1662 2802 1820 2854 νοήματα
1839 2805 1880 2852 τῇ
1903 2802 2069 2855 ἀκηράτῳ
2085 2804 2184 2855 φύσει
2207 2805 2266 2843 καὶ
2282 2808 2342 2844 οὐ-

1321 2867 1375 2905 δὲν
1392 2866 1596 2905 ἐπείσακτον
1617 2863 1742 2915 ἐχούσῃ
1760 2863 1995 2915 ἀναισχύντως
2015 2863 2121 2908 οὕτως
2142 2865 2341 2917 ἐπεισάγον-

275 2936 505 2976 idsciibitis?
540 2936 612 2973 Cur
650 2948 752 2985 ergo,
786 2935 941 2985 inquies,
982 2936 1031 2973 ita
1070 2936 1254 2986 loquitur?
1276 2935 1302 2965 D
1320 2943 1394 2975 τῑςὸ
1420 2925 1522 2967 Τῑνθς
1544 2928 1600 2961 θῦν
1621 2924 1733 2961 ἕνεκεν
1753 2922 1842 2960 Οὕτω
1865 2922 2068 2975 φθΞΥΥΕταῑ,
2090 2925 2212 2976 φησίη
2231 2926 2342 2964 ‘'S-<5758

279 3002 325 3038 Ut
356 2999 450 3036 dicta
487 2997 627 3035 facilius
663 2964 850 3033 ςιᾛοᾶιῃῑιιι
859 3026 870 3045 ,
908 3007 942 3034 et
974 2997 1019 3036 ad
1046 2998 1255 3037 sublimiora

276 3061 370 3099 viam
391 3067 510 3111 μοι-οῖ,
531 3057 610 3095 ideo
629 3066 777 3106 utraque
793 3057 1004 3095 commiscet.
1023 3058 1118 3098 Vide
1136 3069 1255 3098 autem

275 3119 451 3173 quomodo
466 3136 473 3156 ε
493 3132 575 3157 nam
589 3131 608 3156 e
629 3131 666 3157 re
684 3116 790 3155 suerit
805 3117 879 3155 haee
896 3132 915 3155 a
939 3118 1115 3171 principio
1133 3120 1252 3159 obser·

316 3254 331 3276 b
348 3252 463 3283 Morel.
481 3256 496 3285 'o
513 3256 605 3285 τοίνυν
621 3255 713 3295 ἀρεῖς.

313 3314 327 3328 0
350 3306 400 3335 Ita
417 3301 519 3336 Savil.
538 3301 599 3333 Alii
621 3312 721 3333 secus.

313 3366 325 3378 ’Ἰ
344 3354 404 3386 Alii
419 3357 516 3393 ἐπειδὴ
535 3360 591 3396 γάρ
607 3358 702 3398 εὐεργ.
725 3358 750 3386 οὶ
763 3358 861 3398 ἀνθῇ..
890 3357 941 3395 οὐχ
965 3356 1055 3391 οὑτως
1074 3359 1269 3397 αἰσθάνονται,

269 3416 364 3442 mam
377 3413 429 3443 τὴν
446 3411 535 3451 κρίσιν
552 3408 671 3439 ὃεῖωκῑν
689 3408 780 3446 αὐτῷ,
795 3409 888 3449 φησιν,
907 3409 964 3436 ῗνκ.

1321 2985 1576 3039 δῦπαράδεκτον
1594 2983 1753 3036 γενέσθαι
1780 2999 1837 3021 τον
1866 2984 1980 3036 λόγον,
2010 3001 2069 3022 και
2097 2991 2168 3030 τοῖς
2199 2988 2343 3039 ὑψηλοῖς

1319 3054 1592 3106 προοδοποιησαι
1618 3050 1762 3103 ῥήμασι.
1785 3050 1853 3088 Διὰ
1877 3055 1976 3089 τοῦτο
1999 3052 2206 3104 ἀναμίγνυσι
2233 3069 2343 3090 ταυτα

1659 3116 1676 3138 d

1320 3119 1461 3162 ἐκείνοις
1473 3149 1483 3167 ,
1503 3119 1646 3157 κάκεῖνα
1685 3116 1828 3160 τούτοις.
1844 3118 1911 3155 Καὶ
1923 3117 1985 3170 ὅρα
1996 3122 2070 3163 πῶς
2080 3134 2088 3142 ·
2106 3120 2211 3158 καλὸν
2226 3118 2293 3171 γὰρ
2307 3119 2342 3163 ἐξ

1382 3253 1400 3278 b
1419 3249 1566 3291 Quidam
1582 3254 1641 3283 ἐστὶ
1659 3257 1699 3291 τῷ
1712 3251 1823 3293 πατρὶ,
1838 3251 1936 3281 ταῦτά
1952 3251 2071 3281 ἐστικαὶ
2088 3254 2129 3289 τῷ
2146 3252 2206 3289 υἱῷ.

1381 3314 1394 3328 ⁰
1414 3301 1552 3336 &lilibet
1564 3299 1677 3334 Morel.
1697 3307 1748 3339 τὴν
1771 3306 1904 3337 ἰσότητα.
1920 3298 1982 3331 Alii
1996 3305 2049 3338 τὴν
2062 3303 2216 3341 εὐγένειαν.

1380 3354 1397 3379 ‘¹
1411 3353 1499 3387 Alius
1517 3356 1639 3390 τούτοις.
1654 3356 1710 3396 ὅρα
1724 3356 1790 3393 γοῦν
1807 3355 1839 3390 ἐξ
1853 3357 1986 3396 ἀρχῆς...
