2507 3673
841 214 1592 354 SPURIA.

894 780 1542 865 ADMONITIO

782 984 851 1031 IN
895 985 1149 1034 SPURIA
1195 987 1629 1050 SEQUENTIA.

210 1163 260 1200 Ut
277 1162 396 1200 nullus
428 1177 599 1213 umquam
624 1172 788 1201 veterum
806 1162 974 1201 Ecclesiae
991 1164 1124 1202 Graecae
1152 1164 1368 1217 scriptorum
1404 1166 1485 1215 fuit,
1505 1165 1568 1217 qui
1596 1174 1647 1204 tot
1672 1166 1829 1206 emiserit
1856 1168 1982 1220 γνήσια
2013 1183 2133 1223 opera,
2155 1181 2242 1223 quot

155 1225 306 1263 Joannes
322 1225 597 1278 Chrysostomus
613 1242 620 1262 :
638 1225 686 1263 ita
707 1226 829 1263 nullus
854 1226 936 1274 suit,
959 1227 1015 1264 cui
1035 1236 1088 1264 tot
1103 1227 1226 1280 spuria
1248 1227 1429 1280 adscripta
1446 1228 1599 1278 suerint3
1619 1243 1772 1279 quorum
1794 1239 1913 1269 tantus
1942 1246 2123 1283 numerus,
2142 1243 2239 1272 tanta

154 1288 267 1325 moles
279 1297 341 1334 est,
355 1298 393 1326 ut
403 1288 430 1325 si
442 1298 650 1326 caeterorum
658 1289 824 1327 Ecclesiae
834 1291 969 1328 Graecae
977 1289 1175 1340 doctorum,
1189 1291 1387 1342 Athanasii,
1398 1292 1534 1342 Basilii,
1551 1292 1718 1344 Gregorii
1730 1294 1762 1331 N
1764 1293 1938 1333 azianzeni
1952 1296 2084 1348 scripta
2093 1311 2238 1349 percur-

153 1365 222 1400 ras,
242 1351 383 1390 nullum
406 1351 663 1404 deprehendas,
682 1353 744 1404 qui
777 1362 830 1391 tot
859 1367 1024 1405 germana
1044 1368 1150 1406 opera
1169 1355 1337 1403 emiserit,
1358 1364 1443 1406 quot
1471 1355 1593 1407 spuria
1615 1356 1752 1394 doctori
1780 1367 1900 1396 nostro
1927 1358 2106 1412 adscripta
2128 1362 2236 1399 fuere.

154 1416 284 1451 Praeter
304 1414 366 1451 illa
391 1424 511 1452 autem
530 1429 607 1465 quae
626 1415 672 1453 ad
693 1416 824 1453 calcem
844 1416 1007 1468 priorum
1032 1431 1095 1454 sex
1116 1418 1315 1456 Tomorum
1333 1418 1423 1456 bene
1438 1419 1551 1456 multa
1567 1418 1757 1470 edidimus,
1783 1430 1816 1459 et
1836 1421 1872 1458 in
1894 1422 1964 1460 fine
1992 1422 2101 1475 hujus
2120 1425 2238 1463 octavi

152 1478 286 1529 majore
305 1492 452 1515 numero
467 1478 608 1526 damus,
628 1488 734 1529 atque
748 1479 785 1516 in
805 1480 1034 1529 sequentibus
1050 1481 1176 1518 Tomis
1199 1480 1379 1529 dabimus,
1398 1481 1577 1533 ingentem
1601 1482 1719 1521 adhuc
1748 1484 1952 1535 spuriorum
1982 1486 2238 1537 supellectilem

153 1540 400 1592 Chrysostomi
420 1541 563 1579 nomine
578 1541 783 1593 insignitam
800 1542 835 1579 in
849 1542 1081 1581 bibliothecis
1098 1544 1428 1596 Manuscriptorum
1446 1545 1555 1582 latere
1566 1544 1731 1595 sivimus,
1750 1555 1873 1598 utpote
1882 1547 1962 1585 luce
1980 1562 2125 1600 prorsus
2144 1549 2236 1588 indi-

152 1616 234 1653 gna.
254 1604 281 1641 F
284 1613 422 1641 atemur
437 1603 545 1640 etiam
563 1617 626 1641 nos
654 1603 767 1641 multa
789 1619 834 1642 ex
854 1604 911 1650 iis,
932 1619 1011 1656 quae
1041 1605 1201 1643 Savilius
1220 1615 1258 1643 ut
1279 1606 1488 1655 νοθευόμενα
1508 1606 1632 1656 edidit,
1650 1607 1687 1645 in
1707 1608 1862 1646 tenebris
1888 1609 2074 1648 relicturos
2101 1612 2236 1661 fuisse;

154 1665 215 1702 sed
234 1674 311 1703 tum
329 1666 524 1703 reverentia
544 1666 633 1703 tanti
649 1665 773 1704 tamde
788 1680 825 1704 re
839 1667 995 1705 literaria
1013 1668 1102 1706 bene
1121 1668 1235 1706 meriti
1251 1668 1322 1708 viri
1337 1668 1536 1719 ducti,tum
1553 1670 1661 1708 etiam
1677 1685 1720 1708 ne
1738 1670 1774 1708 in
1791 1671 1987 1709 multorum
2001 1673 2237 1725 reprehensio-

151 1741 232 1765 nem
254 1728 526 1778 incurreremus,
546 1729 663 1766 omnia
679 1744 757 1780 quae
777 1730 937 1769 Savilius
957 1730 1075 1768 emisit
1095 1730 1277 1780 dabimus,
1298 1731 1405 1769 etiam
1431 1732 1492 1771 illa
1527 1747 1605 1783 quae
1639 1733 1715 1785 ipse
1746 1748 1816 1771 non
1836 1734 1910 1772 sine
1932 1735 2117 1787 scrupulo,
2136 1738 2236 1788 quasi

152 1791 315 1842 κίέδηλα,
331 1792 427 1845 typis
438 1792 552 1843 dedit,
570 1801 608 1830 ut
622 1793 760 1831 monuit
780 1794 817 1831 in
830 1794 932 1832 Notis
947 1793 993 1832 ad
1013 1795 1173 1833 Tomum
1189 1794 1398 1848 septimum,
1416 1810 1450 1849 p.
1467 1796 1556 1835 857.
1571 1795 1676 1835 Illius
1696 1796 1755 1835 hic
1775 1797 1884 1836 verba
1905 1798 2127 1850 proferimus.

660 1968 711 2005 IN
742 1967 952 2007 SCRIPTA
981 1967 1326 2006 SUPPOSITITIA
1357 1967 1728 2008 CHRYSOSTOMI.

200 2133 281 2169 Τῶν
303 2130 533 2181 νοΟευομένων
547 2132 680 2182 ingens
689 2131 835 2181 passim
852 2131 894 2166 in
907 2129 1180 2181 omnibussere
1197 2129 1437 2168 bibliothecis
1452 2137 1531 2167 tam
1545 2132 1710 2181 privatis
1723 2144 1841 2184 quam
1851 2133 2017 2184 publicis
2035 2149 2233 2182 numerus,·

145 2209 231 2246 quie
246 2204 325 2232 tam
342 2195 478 2246 cupide
493 2197 659 2247 erquiri,
684 2203 763 2231 tam
783 2195 986 2230 ambitiose
1000 2193 1063 2230 edi
1078 2207 1102 2230 a
1119 2195 1219 2231 viris
1239 2194 1361 2231 doctis
1378 2196 1510 2231 miror.
1533 2193 1730 2233 Gerardus
1750 2195 1917 2247 Vossius,
1938 2199 2016 2243 vir,
2038 2206 2080 2235 ut
2093 2200 2224 2246 audio,

145 2260 326 2296 doctrina
342 2259 561 2304 excellenti,
579 2273 625 2295 ea*
652 2258 898 2294 Bibliotheca
914 2257 1146 2295 Strozziana
1174 2270 1311 2294 novem
1337 2259 1532 2294 orationes
1553 2260 1596 2294 in
1612 2258 1893 2296 Ascensionem
1912 2261 2073 2297 Domini
2092 2264 2234 2301 Latine

143 2336 279 2359 versas
297 2322 490 2373 vulgavit,
511 2334 652 2372 easque
669 2320 770 2365 δῆθεν
799 2322 841 2357 in
856 2334 992 2357 novem
1006 2334 1131 2358 annos
1151 2322 1392 2372 episcopatus
1408 2321 1439 2358 J
1439 2322 1578 2358 oannis
1597 2324 1720 2359 nostri
1737 2324 1883 2369 tribuit,
1915 2325 1956 2360 in
1975 2327 2116 2376 quibus
2135 2326 2230 2364 οὐδὲν

143 2385 249 2435 ὑγιές.
270 2386 428 2422 Possem
447 2385 548 2421 idem
565 2385 612 2421 de
627 2384 730 2428 aliis,
753 2384 822 2420 sed
839 2386 1018 2420 contineo
1034 2398 1106 2420 me.
1126 2385 1248 2421 Nobis
1265 2392 1366 2421 certe
1381 2386 1515 2430 venia,
1540 2392 1582 2421 ut
1604 2398 1726 2435 spero,
1748 2386 1919 2432 dabitur,
1943 2396 2030 2437 post
2054 2396 2109 2425 tot
2126 2403 2231 2440 egre-

141 2449 207 2498 gia
236 2461 350 2498 opera
379 2447 578 2484 edentibus
602 2447 682 2483 ἠως
697 2459 827 2497 pauca
857 2446 1022 2493 κίέδηλα.
1050 2448 1104 2484 Ec
1133 2455 1263 2484 tamen
1293 2450 1407 2493 scias,
1431 2448 1563 2492 lector,
1599 2461 1667 2485 nos
1701 2449 1827 2485 multa
1846 2451 2042 2501 rejecisse,
2074 2460 2116 2488 ut
2143 2452 2230 2490 luce

140 2524 296 2560 prorsus
310 2511 484 2561 indigna,
506 2523 590 2563 quoe
610 2523 635 2546 a
649 2509 821 2546 librariis
837 2512 930 2547 meis
948 2511 990 2546 in
1009 2523 1136 2547 meum
1156 2524 1265 2548 usum
1283 2510 1476 2561 descripta
1485 2510 1666 2562 fucrant,
1690 2511 1827 2562 qualia
1846 2520 1938 2549 sunt
1968 2512 2058 2563 μετὰ
2076 2516 2145 2552 τῶν
2166 2515 2228 2553 ἄλ-

143 2574 212 2610 λων
227 2573 287 2611 καὶ
301 2573 394 2611 τάδε.

196 2646 272 2683 Sub
290 2646 367 2683 haec
388 2654 505 2683 autem
520 2643 769 2697 septemdecim
787 2659 847 2682 seu
863 2659 1067 2682 sermonum
1084 2660 1145 2683 seu
1163 2645 1396 2683 homiliarum
1414 2645 1536 2684 titulos
1555 2645 1727 2696 initiaque
1745 2646 1902 2698 subjicit,
1923 2663 2001 2699 quae
2015 2663 2076 2687 nos
2090 2651 2227 2689 omnia-

143 2722 211 2758 que
227 2708 295 2745 alia
316 2718 387 2745 tam
407 2722 489 2745 vera
511 2722 619 2757 quam
651 2707 770 2759 spuria
798 2707 834 2744 in
855 2707 924 2744 fine
939 2721 1086 2759 operum
1108 2707 1355 2760 Chrysostomi
1376 2708 1602 2759 alphabetico
1624 2707 1747 2746 ordine
1762 2708 1965 2761 incipiendo
1980 2725 1999 2748 a
2018 2712 2145 2763 primis
2163 2728 2223 2751 cu-

137 2771 267 2821 jusque
285 2771 400 2822 operis
420 2771 552 2818 verbis,
574 2772 649 2807 Deo
669 2770 787 2818 dante,
808 2769 905 2822 typis
935 2769 1086 2807 indicari
1109 2770 1326 2807 curabimus.
1346 2769 1434 2816 Quae
1455 2769 1566 2821 igitur
1584 2769 1743 2808 Savilius
1758 2770 1909 2822 protulit
1930 2773 2052 2824 spuria
2084 2788 2144 2812 seu
2164 2792 2221 2814 νο-

143 2833 323 2884 Οευόμενα,
341 2834 401 2870 illa
420 2833 537 2871 omnia
556 2833 652 2885 typis
669 2847 741 2870 esse
760 2832 876 2869 danda
909 2832 1122 2870 censuimus.
1145 2832 1204 2870 Ex
1219 2832 1300 2870 aliis
1314 2846 1413 2881 vero,
1431 2846 1507 2882 quae
1526 2832 1696 2870 hactenus
1716 2833 1899 2885 publicata
1924 2848 1994 2872 non
2015 2836 2167 2887 fuerant,
2182 2853 2222 2876 ea

141 2896 258 2934 solum
276 2896 472 2944 emisimus,
497 2910 574 2946 quae
591 2896 742 2947 alicujus
753 2895 857 2947 pretii
874 2909 946 2932 esse
965 2894 1194 2934 videbantur.

193 2968 289 3004 Inter
306 2967 369 3004 illa
388 2981 470 3006 vero
484 2967 615 3019 spuria,
636 2982 715 3018 quie
728 2976 944 3019 postremam
960 2966 1108 3016 hujusce
1123 2964 1229 3003 Tomi
1246 2973 1385 3016 partem
1403 2974 1597 3017 occupant,
1621 2965 1802 3016 quaedam,
1821 2965 1903 3004 licet
1922 2981 2048 3019 pauca,
2067 2968 2221 3022 alicujus

140 3040 221 3068 sunt
243 3031 357 3083 pretii,
372 3039 410 3067 ut
440 3030 540 3068 verbi
563 3031 674 3082 gratia
702 3031 825 3069 Sermo
845 3031 880 3067 in
897 3039 1058 3067 sanctum
1078 3030 1258 3066 Thomam
1285 3029 1344 3079 qui
1362 3037 1570 3066 numeratur
1596 3029 1753 3080 quintus,
1772 3039 1806 3068 et
1824 3030 1983 3068 Homilia
2014 3032 2161 3083 septima
2182 3033 2218 3071 in

140 3093 289 3139 Pascha,
314 3107 391 3143 quae
407 3092 466 3129 hic
480 3092 770 3144 quinquagesima
790 3092 890 3130 tertia
910 3100 1122 3135 recensetur,
1143 3089 1372 3140 fortassisque
1395 3090 1474 3127 aliae
1495 3089 1685 3142 quaepiam.
1711 3090 1768 3128 Ex
1789 3091 1832 3129 iis
1856 3090 1975 3140 etiam,
1996 3092 2216 3142 quaeinfimae

139 3164 229 3193 notae
248 3155 414 3194 videntur
433 3170 517 3205 esse,
532 3155 696 3206 quaedam
712 3154 891 3193 interdum
910 3169 964 3192 res
983 3154 1170 3191 nonnullas
1191 3153 1369 3205 attingunt
1388 3168 1429 3192 ac
1447 3163 1656 3203 memorant,
1683 3167 1761 3205 quae
1777 3154 1857 3192 usui
1887 3153 1993 3191 etiam
2010 3154 2122 3193 doctis
2143 3169 2217 3194 esse

139 3219 288 3269 possint.
794 3223 797 3225 ’

192 3290 332 3329 Horum
363 3305 469 3343 porro
503 3291 719 3344 spuriorum,
737 3305 813 3342 quae
834 3300 1048 3343 postremam
1077 3290 1227 3343 hujusce
1244 3290 1351 3330 Tomi
1371 3299 1507 3343 partem
1530 3298 1718 3341 occupant,
1750 3289 1931 3340 catalogus
1952 3303 2012 3326 seu
2032 3288 2141 3329 index
2161 3305 2216 3330 se·-

141 3353 272 3402 quitur.
