2481 3678
332 243 392 304 54
797 262 1044 292 s.soauuffi

1083 242 1324 292 cunrsosr.

1363 262 1567 292 ARCfflEP.
1605 263 1937 297 CONSTAerNoP
1946 286 1955 295 .

330 344 414 383 Haec
436 359 519 384 eum
536 346 706 395 sciamus,
730 345 920 398 diligenter
937 346 1150 385 retineamus
1172 360 1211 384 ea
1233 360 1311 396 quae
1336 349 1360 381 E
1385 339 1443 384 οῧν
1462 346 1605 396 εἰδότες,
1631 346 1788 398 μένωμεν
1814 347 2018 400 κατέχοντες
2045 347 2132 400 μετὰ
2159 347 2347 400 ἀσφαλείας
2380 349 2402 387 ἃ

328 406 509 444 tradidere
529 406 632 444 nobis
655 406 680 443 ii
705 406 766 456 qui
788 407 833 443 ab
852 406 953 444 initio
972 406 1058 458 ipsis
1079 406 1190 444 oculis
1210 406 1312 445 vide-

328 477 422 515 runt,
441 477 473 505 et
493 467 645 505 ministri
670 468 768 504 fuere
787 467 912 513 Verbi,
930 481 1042 517 neque
1059 468 1151 504 ultra
1175 467 1313 505 curiose

325 538 534 566 scrutemur.
554 530 634 565 Duo
658 542 810 577 namque
828 527 957 565 damna
981 528 1048 565 1100
1067 529 1192 566 11101110
1211 528 1312 567 13110-

326 599 441 626 rantes
459 588 632 626 invadent
652 604 659 624 :
682 588 779 638 quod
794 597 923 626 temere
943 589 1105 626 laborent
1129 589 1191 627 illa
1213 604 1311 640 quae-

324 650 448 695 reudo,
473 664 550 699 quse
566 648 725 687 invenire
746 658 942 699 nequeunt,
963 659 997 687 et
1020 650 1117 700 quod
1136 651 1253 688 Deum
1272 651 1309 689 in

324 710 415 748 iram
444 718 655 763 provocent,
679 709 767 747 dum
798 710 844 747 ab
868 711 944 763 ipso
977 711 1110 763 positos
1140 712 1309 751 terminos

323 782 478 810 evertere
491 781 672 810 conantur.
689 772 797 818 Quod
812 782 1026 826 quantopere
1039 774 1129 812 iram
1139 775 1207 813 Dei
1225 790 1308 814 con-

321 834 417 877 citet,
432 848 501 871 non
518 848 606 885 opus
619 843 670 871 est
685 833 788 873 vobis
801 834 930 884 dicere,
940 850 1021 874 011111
1034 836 1074 874 id
1089 851 1208 875 omnes
1220 837 1310 876 scia-

321 894 377 932 tis.
413 894 654 941 Quamobrem
687 895 794 932 missa
825 895 970 934 illorum
1009 899 1221 949 arrogantia,
1242 899 1309 938 Dei

322 957 430 994 verba
444 971 526 994 cum
542 966 692 994 tremore
709 957 911 1007 audiamus,
926 968 965 997 ut
977 959 1038 997 ille
1056 970 1226 1013 perpetuo
1245 976 1308 1001 nos

322 1027 486 1056 tueatur:
506 1033 588 1055 nam
607 1018 668 1066 ait,
692 1020 761 1057 Ad
786 1034 899 1071 quem
923 1024 1126 1071 respiciam
1156 1025 1231 1061 nisi
1257 1026 1310 1062 ad

321 1088 562 1118 mansuetum
578 1088 612 1116 et
632 1081 830 1127 humilem,
843 1090 878 1118 et
895 1085 1078 1132 (Ιιιιέἰιιηι,
1093 1092 1130 1121 et
1147 1093 1307 1122 tremen—

321 1152 394 1180 tem
421 1145 542 1180 verba
573 1147 684 1180 mea?
704 1143 778 1180 Hae
808 1144 920 1194 igitur
955 1145 1060 1183 missa
1093 1146 1308 1196 curiositate,

319 1213 540 1241 conte-lamus
563 1203 685 1251 001113,
704 1213 844 1254 peccata
869 1205 1067 1255 lugeamus,
1081 1216 1120 1243 ut
1144 1208 1307 1246 Christus

314 1264 432 1315 jussit,
455 1264 499 1301 de
514 1264 705 1301 sceleribus
731 1265 859 1301 11051115
879 1279 1174 1317 ‹ompungamun
1193 1282 1233 1306 ac
1250 1269 1306 1306 di-

317 1324 466 1374 ligentei
484 1326 602 1361 animo
621 1333 820 1375 lepctamus
845 1339 884 1362 ea
908 1340 985 1376 quae
1004 1326 1173 1366 hactenus
1186 1328 1305 1367 admi-

317 1385 428 1422 simus
446 1385 596 1435 delicta,
614 1384 820 1422 studeamus
838 1385 900 1423 illa
915 1386 1059 1425 omnino
1072 1388 1225 1426 abluele.
1250 1390 1308 1428 Ad

318 1446 408 1483 hane
430 1446 561 1498 quippe
579 1460 655 1483 rem
674 1446 804 1484 multas
823 1448 918 1485 Deus
938 1448 1039 1485 nobis
1055 1450 1193 1501 aperuit
1215 1450 1304 1489 vias.

115 1515 147 1543 Is
151 1514 196 1543 ai
216 1515 267 1552 43.
321 1508 395 1544 Dic
416 1516 454 1545 tu
469 1511 589 1558 prior
581 1507 730 1558 inquit,
747 1510 971 1559 iniquitates
987 1518 1084 1559 luas,
1102 1520 1143 1548 ut
1155 1512 1305 1563 justisi-

117 1556 206 1626 {fial-
213 1597 247 1626 3
257 1598 297 1626 5
319 1572 431 1613 00115,
452 1578 484 1606 et
504 1584 640 1615 11115115,
661 1570 768 1615 Βία-ι’,
788 1570 1008 1621 Confitebor
1022 1573 1225 1610 adversum
1247 1588 1307 1611 me

319 1633 547 1682 injusliuam
568 1644 690 1667 meam
715 1631 897 1679 Domino,
919 1640 954 1669 et
977 1641 1017 1670 ὶιι
1037 1636 1217 1672 remisisti
1231 1637 1306 1673 im-

186 1705 305 1731 Peccata
315 1693 498 1742 pietatem
519 1693 644 1729 cordis
677 1694 764 1729 mei.
781 1692 902 1742 Neque
926 1692 1020 1730 enim
1050 1708 1175 1745 parum
1204 1697 1306 1734 nobis

123 1026 197 1053 Isui.
213 1024 262 1056 66.
275 1035 305 1055 2.

115 1746 282 1814 381ουἳὲῗυί
318 1755 451 1792 confert
463 1755 509 1792 ad
522 1755 752 1792 minuendam
765 1764 989 1806 peccatorum
1002 1757 1132 1794 molem
1143 1758 1306 1809 frequens

317 1830 439 1854 eorum
458 1816 627 1854 memoria
645 1825 679 1854 et
700 1816 889 1854 accusatio.
911 1817 976 1855 Est
992 1827 1025 1855 et
1043 1818 1113 1856 alia
1129 1819 1306 1858 efficacior

316 1876 389 1926 via,
407 1878 436 1915 si
467 1878 598 1916 nemini
618 1893 752 1925 eorum,
767 1879 828 1929 qui
858 1879 894 1917 in
913 1894 976 1917 nos
1004 1891 1206 1932 peccarunt,
1225 1897 1305 1921 suc—

314 1953 536 1989 censeamus,
554 1940 583 1977 si
597 1939 762 1977 omnibus
775 1939 830 1989 iis,
852 1941 913 1991 qui
931 1941 967 1978 in
983 1955 1045 1979 nos
1063 1941 1303 1993 deliquerunt,

314 1999 444 2038 delicta
459 2001 710 2038 condonemus.
720 2000 787 2040 Vis
805 2010 837 2038 et
853 2001 994 2039 tertiam
1009 2002 1165 2042 ediscere
1179 2005 1303 2044 viam?

114 2064 297 2105 Da11.4.2!1.
314 2063 410 2100 Audi
430 2063 615 2100 Danielem
634 2063 810 2100 dicentem
834 2079 841 2099 :
868 2065 1125 2114 Quamobrem
1143 2076 1304 2117 peccata

314 2132 381 2161 tua
397 2125 656 2172 eleemosynis
671 2125 826 2173 redime,
842 2133 877 2162 et
891 2127 1116 2178 iniquitates
1133 2137 1218 2167 tuas
1229 2131 1303 2166 mi-

312 2187 520 2224 sericordia
535 2199 624 2237 erga
640 2200 837 2236 pauperes.
852 2186 918 2223 Est
933 2196 966 2224 et
978 2187 1062 2233 alia,
1083 2203 1208 2241 nempe
1226 2204 1304 2227 ora—

312 2247 449 2285 tionum
470 2245 681 2296 frequentia,
697 2255 730 2283 et
751 2246 787 2283 in
811 2247 980 2298 precibus
997 2248 1044 2286 ad
1063 2250 1180 2287 Deum
1199 2250 1305 2288 emis—

311 2310 359 2347 sis
387 2309 661 2361 perseverantia.
691 2309 804 2346 Affert
833 2309 940 2346 etiam
967 2311 1068 2348 nohis
1094 2311 1304 2352 consolatio—

315 2384 396 2408 nem
414 2384 483 2407 non
503 2370 683 2407 modicam
699 2378 733 2407 et
750 2370 992 2409 remissionem
1008 2381 1235 2423 peccatorum
1250 2375 1303 2426 je—

306 2432 472 2484 junium,
497 2432 641 2482 quando
665 2446 749 2470 cum
770 2433 991 2484 benignitate
1010 2449 1092 2486 erga
1110 2436 1198 2474 alios
1221 2452 1304 2476 con-

307 2495 474 2545 junctum
497 2503 560 2543 est,
577 2503 684 2544 atque
704 2493 765 2531 irae
791 2494 857 2531 Dei
881 2495 1142 2535 vehementiam
1170 2499 1303 2537 exstin-

111 2556 296 2586 Eccltl3-3o.
313 2555 400 2605 guit.
415 2557 548 2605 Ignem
561 2554 655 2591 enim
665 2555 942 2608 flammantem
956 2571 1060 2609 aqua
1073 2561 1303 2612 exstinguet,

312 2625 347 2652 et
378 2615 632 2663 eleemosynis
658 2626 818 2665 peccata
842 2627 1072 2670 purgantur.
1089 2620 1129 2657 In
1146 2620 1203 2658 his
1221 2635 1303 2673 ergo

313 2675 381 2712 viis
409 2674 577 2712 omnibus
607 2676 825 2725 greuliamur.
843 2678 882 2715 Si
912 2678 1008 2716 enim
1036 2680 1073 2717 in
1102 2679 1146 2718 115
1166 2695 1304 2734 semper

314 2752 508 2781 versemur,
522 2737 550 2774 si
570 2737 605 2774 in
626 2737 668 2774 iis
686 2752 788 2775 omne
804 2740 966 2778 studium
986 2741 1302 2791 insumamus‚non

311 2799 417 2836 modo
444 2798 621 2849 praeterita
654 2808 795 2849 peccata
828 2801 1026 2851 abluemus,
1043 2804 1105 2842 sed
1132 2804 1240 2842 etiam
1264 2805 1301 2843 in

310 2860 433 2897 futuro
455 2857 612 2896 maxima
638 2858 872 2896 lucrabimur.
897 2862 1021 2912 Neque
1045 2864 1139 2902 enim
1157 2865 1301 2903 diabolo

311 2921 429 2958 locum
452 2921 641 2958 offeremus
666 2934 729 2957 nos
757 2919 966 2965 invadendi,
987 2938 1098 2974 neque
1124 2926 1158 2963 in
1184 2927 1300 2978 segni-

312 2982 395 3019 tiem
414 2982 471 3020 vel
498 2982 533 3018 in
563 2981 800 3033 perniciosam
824 2982 1066 3022 curiositatem
1089 2986 1297 3025 incidemus.

313 3044 378 3081 Per
396 3043 471 3080 haec
488 3042 584 3080 enim
607 3051 712 3092 atque
731 3042 961 3091 alia,insanas
981 3043 1060 3081 illas
1080 3048 1298 3098 quaestioneS,

313 3104 507 3154 noxiasque
526 3102 783 3155 disputationes
801 3103 959 3151 inducit,
979 3105 1076 3155 quod
1091 3107 1221 3147 otiosos
1238 3109 1299 3149 de-

312 3164 477 3215 sidesque
495 3163 629 3211 videat,
652 3172 685 3200 et
704 3164 841 3201 nullam
860 3164 942 3201 vitae
960 3165 1081 3216 probae
1100 3180 1224 3205 curam
1241 3183 1299 3220 ge-

314 3236 436 3264 rentes.
455 3228 500 3264 At
516 3240 579 3263 nos
601 3225 697 3262 hunc
716 3225 768 3262 illi
788 3225 927 3263 aditum
945 3227 1184 3273 obstruamus,
1203 3230 1297 3280 vigi-

358 3368 368 3379 -··
388 3356 546 3390 ειπα110051
561 3357 593 3388 111
602 3356 703 3390 Savil.
720 3357 795 3388 Mox
812 3356 927 3388 Morcl.
944 3358 1182 3402 ἀφῆκας-,831111
1196 3364 1321 3404 ἀφεῖλες.

359 3410 372 3430 l»
391 3407 503 3438 florei.
525 3416 596 3449 post
617 3412 821 3453 προσεῧρΞύ-ῖιν
839 3407 953 3448 adjicit
970 3411 1010 3441 δέ.

1331 928 1362 953 47

1333 964 1359 993 A
1378 957 1542 1003 διηνεκῶς
1556 961 1649 1008 ἡμᾶς
1665 957 1797 1009 τειχίζῃ
1809 973 1816 980 ·
1832 956 1917 994 Ἐπὶ
1932 955 2009 994 τίνα
2022 955 2089 1009 γὰρ
2109 956 2286 1008 ἐπιὸλέψω
2297 986 2307 1004 ,
2332 972 2400 1008 φη-

1383 405 1579 458 παρέδοσαν
1599 411 1684 459 ἡμῖν
1703 411 1733 446 οἱ
1754 410 1814 446 ἀπ’
1837 411 1947 461 ἀρχῆς
1970 409 2139 447 αὐτόπται
2157 409 2216 447 καὶ
2232 408 2403 462 ὑπηρέται

1383 468 1559 519 γενόμενοι
1574 473 1633 506 τοῦ
1648 468 1760 521 Λόγου
1771 500 1781 517 ,
1803 469 1862 507 καὶ
1883 469 1990 520 μηδὲν
2006 470 2201 523 περαιτέρω
2220 486 2403 522 περιεργα-

1382 528 1534 580 ζώμεθα.
1564 529 1634 568 Δύο
1662 530 1730 582 γὰρ
1748 537 1818 574 τοῖς
1832 530 1960 577 ταύτην
1976 536 2112 569 νοσοῦσι
2140 530 2201 578 τὴν
2227 531 2323 569 νόσον
2340 547 2402 569 πε-

1384 589 1514 642 ριέσται
1524 591 1568 629 τὰ
1577 591 1687 629 δεινοί·
1702 591 1742 631 τό
1754 607 1793 629 τε
1808 593 1882 643 εἰκῇ
1896 593 2206 645 ταλαιπωρεῖσθαι,
2218 593 2402 638 ζητοῦντας

1380 650 1468 704 ἅπερ
1496 655 1603 705 εὑρεῖν
1632 654 1670 690 οὗ
1692 651 1851 690 δυνατόν·
1882 652 1921 690 τό
1939 668 1977 689 τε
2005 653 2192 704 παροξῦναι
2210 652 2268 691 τὸν
2296 652 2399 700 Θεὸν,

1378 708 1454 753 τοὺς
1480 713 1562 763 παρ’
1597 713 1699 749 αὐτοῦ
1719 710 1877 754 τεθέντας
1897 709 1994 763 ὅρους
2022 710 2226 763 ἀνατρέπειν
2261 713 2400 763 ἐπιχει-

1380 776 1530 824 ροῦντας.
1544 772 1660 820 ζὈσην
1677 772 1712 812 δὲ
1723 777 1821 811 τοῦτο
1832 779 1918 810 κινεῖ
1933 771 1994 819 τὴν
2011 771 2128 825 ὀργὴν,
2141 771 2234 810 οὐδὲν
2252 773 2302 810 δεῖ
2317 773 2401 824 παρ’

1376 836 1477 883 ἡμῶν
1499 838 1632 884 μαθεῖν,
1652 834 1784 878 πάντας
1805 832 1937 877 εἰδότας
1958 836 2059 883 ὑμᾶς.
2077 833 2140 872 Διὸ
2160 836 2221 879 τῆς
2236 832 2401 878 ἀπονοίας

1378 895 1490 932 αὐτῶν
1523 894 1707 948 ἀφέμενοι,
1736 894 1919 948 τρέμωμεν
1951 896 2052 932 αὐτοῦ
2078 893 2154 937 τοὺς
2182 893 2320 946 λόγους,
2343 893 2399 932 ἵνα

1378 1017 1443 1065 σὶν,
1460 1020 1535 1057 ἀλλ’
1556 1018 1578 1064 ἢ
1599 1018 1654 1056 ἐπὶ
1673 1019 1730 1056 τὸν
1756 1024 1865 1071 πρᾶον
1891 1018 1950 1056 καὶ
1971 1018 2146 1065 ταπεινὸν,
2166 1017 2224 1055 καὶ
2240 1017 2398 1069 ἡσύχιον,

1376 1080 1436 1117 καὶ
1455 1080 1628 1132 τρέμοντοί
1651 1096 1714 1130 μου
1735 1079 1811 1122 τοὺς
1838 1079 1973 1131 λόγους;
2007 1079 2163 1131 Ἀφέντες
2190 1079 2303 1117 τοίνυν
2335 1078 2398 1126 τὴν

1377 1139 1533 1192 ὀλεθρίαν
1553 1140 1680 1186 ταύτην
1701 1139 2054 1192 πολυπραγμοσύνην,
2074 1141 2313 1194 συντρίψωμεν
2338 1140 2400 1184 τὰς

1377 1200 1541 1252 καρδίας,
1570 1201 1796 1251 πενθήσωμεν
1826 1200 1871 1239 τὰ
1891 1201 2124 1253 ἡμαρτημένα
2154 1206 2252 1252 ημῖν,
2285 1201 2401 1245 καθὼς

1377 1260 1584 1311 προσέταξεν
1608 1264 1625 1298 ὃ
1644 1261 1813 1312 Χριστὸς,
1832 1265 2080 1312 κατανυγῶμεν
2111 1262 2168 1299 ἐπὶ
2188 1269 2258 1306 τοῖς
2274 1265 2355 1313 πληι
2378 1285 2399 1291 -

1378 1323 1574 1372 μεληθεῖσιν
1605 1325 1703 1372 ἡμῖν,
1726 1321 2014 1372 ἀναλογισώμεθα
2043 1322 2130 1372 μετὰ
2150 1323 2329 1376 ἀκριέἷείας
2357 1323 2402 1362 τὰ

1376 1381 1467 1420 κατὰ
1485 1383 1542 1421 τὸν
1563 1382 1754 1436 ἔμπροσθεν
1769 1386 1852 1433 ἡμῖν
1877 1382 2016 1420 ἅπαντα
2030 1384 2246 1433 τολμηθέντα
2264 1384 2401 1436 χρόνον,

1352 1477 1356 1483 .
1375 1444 1627 1495 σπουδάσωμεν
1659 1443 1746 1482 αὐτὰ
1769 1443 2026 1496 ἀποτρίψασθαι
2051 1446 2292 1489 παντοδαπῶς.
2310 1447 2402 1484 Πολ-

1373 1504 1437 1548 λὰς
1464 1505 1532 1556 γὰρ
1552 1508 1598 1549 εἷς
1621 1509 1721 1543 τοῦτο
1747 1508 1764 1542 ὅ
1793 1504 1881 1548 Θεὸς
1903 1504 2047 1557 ἀνέῳξεν
2069 1509 2153 1557 ἡμῖν
2181 1506 2289 1550 ὁδούς.
2310 1506 2401 1563 Λέγε

1374 1566 1442 1620 γὰρ
1462 1566 1523 1614 σὺ,
1541 1566 1644 1619 φησὶ,
1671 1568 1827 1617 πρῶτος,
1847 1565 1909 1609 τὰς
1935 1566 2109 1620 ἁμαρτίας
2141 1582 2222 1614 σου,
2254 1565 2310 1604 ἵνα
2351 1568 2400 1605 δι-

1375 1631 1528 1680 καιωθῇς
1540 1644 1547 1651 ·
1571 1627 1631 1666 καὶ
1651 1628 1770 1675 πάλιν,
1791 1621 1911 1665 aldim
1923 1657 1932 1675 ,
1950 1627 2012 1674 τὴν
2031 1627 2177 1678 ἀνομίαν
2202 1643 2266 1678 μου
2284 1628 2400 1680 ἐξαγο-

1378 1688 1485 1741 ρεύσω
1514 1690 1589 1727 κατ’
1623 1691 1725 1739 ἐμοῦ,
1748 1688 1807 1726 καὶ
1832 1687 1873 1726 σὺ
1901 1691 2036 1740 ἀφῆκας
2065 1688 2128 1735 τὴν
2148 1689 2309 1727 ἀσέὸειαν
2336 1692 2399 1736 τῆς

1375 1750 1518 1803 καρδίας
1536 1767 1611 1802 μου.
1633 1749 1725 1788 Οὐδὲ
1741 1749 1808 1803 γὰρ
1827 1749 1948 1802 μικρὸν
1975 1753 2059 1800 ἡμῖν
2087 1752 2241 1788 συντελεῖ
2255 1753 2340 1803 πρὸς
2359 1751 2398 1790 τὸ

1377 1815 1525 1862 μειῶσαι
1543 1815 1611 1849 τῶν
1628 1809 1891 1864 ἁμαρτημάτων
1906 1811 1945 1848 τὸ
1960 1810 2101 1863 μέγεθος
2119 1815 2140 1858 ἡ
2160 1812 2308 1864 συνεχὴς
2331 1814 2397 1851 αὖ-

1375 1874 1442 1910 τῶν
1472 1871 1664 1924 κατηγορία
1685 1871 1744 1909 καὶ
1774 1870 1909 1922 μνήμη.
1935 1870 2038 1910 ”Eam
2057 1872 2117 1910 καὶ
2138 1872 2239 1926 ἑτέρα
2271 1873 2398 1921 ταύτης

1376 1933 1598 1987 ἐνεργεστέρα
1616 1933 1690 1976 ὁδὸς
1703 1963 1713 1980 ,
1732 1932 1771 1970 τὸ
1792 1933 1913 1983 μηδενὶ
1931 1936 1998 1971 τῶν
2023 1935 2069 1977 εἷς
2087 1937 2180 1984 ἡμᾶς
2196 1935 2399 1988 ἡμαρτηκό-

1375 2009 1443 2032 των
1467 1999 1706 2045 μνησικακεῖν,
1733 1993 1773 2031 τὸ
1801 2001 1888 2032 πᾶσι
1908 2000 1978 2037 τοῖς
2007 1996 2054 2038 εἷς
2073 1997 2167 2045 ἡμᾶς
2186 1997 2397 2047 πλημμελη-

1377 2060 1463 2094 θεῖσι
1479 2062 1669 2109 συγχωρεῖν
1685 2054 1729 2093 τὰ
1743 2055 2047 2106 πλημμελήματα.
2066 2055 2190 2094 Βούλει
2204 2056 2263 2094 καὶ
2277 2057 2397 2108 τρίτην

1377 2122 1514 2168 μαθεῖν,
1529 2116 1692 2155 Ἄκουσον
1712 2121 1771 2155 τοῦ
1786 2116 1920 2164 Δανιὴλ
1939 2116 2096 2168 λέγοντος
2107 2133 2114 2140 ·
2132 2118 2195 2156 Διὸ
2209 2117 2271 2162 τὰς
2285 2119 2398 2172 ἆμαρ-

1375 2178 1451 2221 τίας
1468 2194 1527 2217 σου
1549 2181 1582 2216 ἐν
1599 2177 1845 2228 ἐλεημοσύναις
1864 2177 2055 2230 λύτρωσαι,
2084 2178 2143 2216 καὶ
2170 2178 2232 2222 τὰς
2254 2181 2398 2231 ἀνομίας

1376 2255 1434 2278 σου
1458 2241 1492 2277 ἐν
1514 2241 1704 2292 οἷκτιρμοῖς
1722 2238 1892 2285 πενήτων.
1907 2237 2012 2277 ’Έστι
2041 2239 2076 2276 δὲ
2103 2240 2162 2277 καὶ
2190 2241 2291 2293 ἑτέρα
2309 2241 2398 2291 μετὰ

1375 2300 1522 2348 ταύτης,
1542 2304 1564 2346 ἡ
1580 2304 1648 2338 τῶν
1673 2302 1781 2351 εὐχῶν
1811 2300 1992 2351 συνέχεια,
2013 2300 2072 2338 καὶ
2095 2301 2135 2339 τὸ
2158 2303 2396 2356 προσεδρεύειν

1373 2360 1390 2382 ¹‘
1400 2361 1487 2412 μετὰ
1506 2361 1690 2415 καρτερίας
1707 2366 1783 2404 ταῖς
1808 2361 1894 2413 πρὸς
1908 2361 1965 2398 τὸν
1982 2362 2071 2400 Θεὸν
2093 2362 2270 2407 ἐντεύξεσι.
2288 2365 2398 2419 Φέρει

1374 2422 1452 2460 τινὰ
1467 2422 1686 2475 παραμυθίαν
1704 2425 1787 2472 ἡμῖν
1805 2423 1842 2459 οὐ
1862 2421 1988 2474 μικρὰν
2006 2421 2065 2460 καὶ
2080 2422 2178 2461 λύσιν
2192 2427 2260 2462 τῶν
2283 2428 2398 2480 ἡμαρ-

1374 2483 1531 2535 τημένων
1547 2484 1606 2521 καὶ
1629 2482 1771 2530 νηστεία
1799 2482 1925 2533 ὁμοίως
1940 2512 1949 2529 ,
1966 2482 2047 2521 ὅταν
2070 2483 2158 2533 μετὰ
2175 2488 2236 2531 τῆς
2253 2488 2299 2530 εἷς
2318 2488 2397 2526 ἑτέ..

1377 2561 1452 2598 ρους
1474 2544 1733 2598 φιλανθρωπίας
1751 2543 1912 2595 γίνηται,
1933 2545 1992 2582 καὶ
2013 2544 2173 2584 σὸέννυσι
2193 2547 2233 2586 τὸ
2252 2550 2395 2603 σφοδρὸν

1373 2610 1434 2653 τῆς
1462 2608 1566 2658 ὀργῆς
1587 2611 1645 2644 τοῦ
1665 2608 1769 2644 Θεοῦ.
1798 2607 1877 2656 Πῦρ
1907 2604 1974 2658 γὰρ
2005 2607 2249 2658 φλογιζόμενον
2282 2609 2398 2649 σὸέσει

1373 2666 1486 2720 ὕδωρ,
1521 2666 1580 2705 καὶ
1615 2665 1861 2717 ἐλεημοσύναις
1894 2666 2187 2719 ἀποκαθαίρονται
2214 2669 2396 2723 ἁμαρτίαι.

1373 2728 1514 2772 Ἰαύτας
1539 2727 1649 2766 τοίνυν
1668 2726 1784 2770 πάσας
1803 2726 1974 2776 ὁδεύυμεν
1993 2727 2055 2770 τὰς
2071 2727 2180 2771 ὁδούς.
2197 2726 2258 2766 Αν
2280 2730 2347 2783 γὰρ
2362 2747 2395 2768 ;ν

1372 2789 1502 2832 τούτοις
1514 2804 1608 2840 ωμεν
1626 2788 1812 2830 διαπαντος
1827 2817 1836 2834 ,
1852 2786 1891 2823 ἂν
1910 2789 1956 2830 εἷς
1969 2792 2078 2825 ταῦτα
2092 2787 2154 2834 τὴν
2171 2789 2334 2840 σχολὴν
2315 2806 2396 2828 ανα-

1371 2851 1559 2901 λίσκωμεν,
1598 2852 1634 2887 οὐ
1672 2849 1773 2899 μόνον
1803 2865 1847 2886 τα
1884 2848 2099 2900 παρελθόντα
2131 2850 2396 2902 ςάπονιψόμεθα

1372 2910 1683 2961 πλημμελήματα,
1710 2909 1800 2946 ἀλλὰ
1828 2909 1886 2946 καὶ
1913 2911 1959 2950 εἷς
1980 2908 2019 2946 τὸ
2040 2909 2164 2959 μέλλον
2183 2909 2227 2947 τὰ
2249 2911 2397 2962 μέγιστα

1371 2973 1612 3024 κερδανοῦμεν.
1643 2971 1695 3007 Οὐ
1709 2967 1776 3021 γὰρ
1794 2968 1988 3020 παρέξομεν
2015 2972 2064 3021 τῷ
2093 2970 2244 3023 διαὸόλῳ
2267 2972 2396 3024 σχολὴν

1370 3031 1602 3084 προσὸάλλειν
1622 3033 1720 3081 ἡμῖν,
1749 3029 1826 3068 οὔτε
1857 3032 1904 3074 εἷς
1931 3031 2102 3083 ῥᾳθυμίαν
2126 3031 2220 3082 βίου,
2248 3032 2325 3071 οὔτε
2351 3036 2397 3078 εἷς

1324 3108 1348 3137 D
1370 3097 1432 3146 τὴν
1453 3095 1609 3148 ὀλεθρίαν
1639 3096 1852 3148 περιεργίαν.
1883 3096 1954 3134 Καὶ
1982 3097 2049 3149 γὰρ
2068 3097 2083 3117 ‘¹
2097 3098 2156 3136 καὶ
2175 3103 2284 3137 ταῦτα
2306 3100 2395 3150 μετὰ

1370 3169 1438 3203 τῶν
1458 3163 1570 3202 ἄλλων
1587 3162 1647 3201 καὶ
1666 3164 1816 3201 ἐντεῦθεν
1832 3162 1894 3207 τὰς
1910 3163 2071 3210 ἀνοήτους
2085 3165 2242 3212 ζητήσεις
2256 3166 2316 3203 καὶ
2333 3165 2396 3210 τὰς

1370 3229 1587 3282 λογομαχίας
1604 3229 1665 3272 τὰς
1681 3228 1881 3272 ἐπιῧλαῧεῖς
1907 3229 2049 3281 ἐπάγει,
2072 3233 2110 3269 ἐκ
2129 3235 2189 3269 τοῦ
2204 3232 2394 3283 σχολάζον-

1437 3371 1448 3384 r
1465 3359 1609 3401 Quidam
1624 3364 1860 3400 ἀπονιπτόμεθα.

1435 3413 1450 3435 d
1468 3410 1570 3443 Mox-el
1604 3416 1650 3444 καὶ
1670 3416 1774 3444 ταῦτα.
1791 3411 1848 3442 Sax
1861 3409 1891 3441 il.
1910 3415 1957 3443 καὶ
1976 3414 2096 3449 τούτοις.
