2481 3678
671 212 716 242 ln
756 211 865 240 sum·
877 211 963 240 mm
1002 210 1156 239 noMtL.

112 297 182 334 Καὶ
200 297 233 334 τί
251 297 454 347 θαυμάζεις,
469 295 553 332 ὅπου
577 310 613 344 γε
630 294 689 331 καὶ
707 295 751 336 εἰς
772 293 833 338 τὴν
857 292 984 344 ἔρημον
1005 292 1019 308 *
1036 289 1133 335 ἐξῆλ-

111 362 178 403 θεν,
197 359 255 395 καὶ
282 356 412 403 πολλὴν
433 357 533 393 αὐτοῦ
552 357 652 392 κάκεῖ
672 354 733 400 τὴν
755 354 896 403 δύναμιν
918 350 1134 396 ἐπεδείξατο,

111 422 157 456 Οἱ
184 419 251 472 γὰρ
275 418 387 456 πολλὰ
401 416 561 468 χρήμασι
575 415 711 468 χαίρειν
732 415 902 460 εἰπόντες,
928 413 987 450 καὶ
1015 415 1057 460 τῇ
1075 414 1134 448 τοῦ

111 480 241 529 κόσμου
260 477 432 531 φαντασίᾳ
446 477 560 528 πάσῃ,
577 477 636 514 καὶ
657 477 778 527 μηδενὶ
801 473 1052 526 συγγινόμενοι,
1075 471 1134 509 καὶ

111 543 171 586 τῆς
190 538 484 592 τυραννικωτέρας
512 541 579 575 τῶν
601 538 773 588 σωμάτων
788 539 991 587 κρατοῦντες
1011 536 1133 571 ε’πιθυ-

114 600 212 652 μίας·
228 594 320 638 οὗτοι
349 598 516 642 πολλάκις
529 630 538 646 ,
555 598 693 642 ἁλόντες
711 597 778 635 ὑπὸ
793 594 1002 642 κενοδοξίας,
1018 593 1135 632 πάντα

113 661 308 699 ἀπώλεσαν.
330 660 398 698 Διὰ
416 664 516 698 τοῦτο
544 659 582 697 τὸ
603 659 711 702 πάθος
740 661 758 695 ὃ
779 654 893 695 πολλὰ
922 654 1045 705 καμὼν
1076 655 1136 691 τοῦ

114 720 220 772 μηδὲν
241 720 434 771 καμόντος,
463 720 553 759 ἀλλὰ
586 718 691 772 μυρία
719 718 965 769 ἁμαρτῶντος,
986 719 1004 752 ὁ
1022 716 1136 766 Φαρι-

113 787 208 825 σαῖος
227 785 286 819 τοῦ
300 782 493 832 τελώνου,[
509 781 565 819 διὰ
583 783 683 818 τοῦτο
701 777 740 815 τὸ
755 777 913 828 νόσημα]
928 780 1030 822 ἧττον
1047 776 1135 828 ἔχων
1159 779 1183 810 C

115 844 278 888 ἀπῆλθεν.
299 842 403 880 Ἀλλὰ
424 843 463 880 τὸ
486 841 546 893 μὲν
564 844 768 890 κατηγορεῖν
784 841 842 876 τοῦ
864 837 1012 884 πάθους,
1043 836 1138 875 οὐδὲν

115 904 211 956 ἔργον
228 903 301 941 ἐστὶ
319 903 468 954 (πάντες
497 903 564 955 γὰρ
585 902 628 939 τὰ
652 900 740 939 αὐτὰ
766 897 1071 962 ψηφίζονται),ωτὸ
1101 898 1137 935 δὲ

114 964 318 1014 ζητούμενον
332 995 341 1013 ,
368 964 461 1008 ὅπως
480 966 582 1002 αὐτοῦ
608 960 879 1016 περιγενώμεθα.
896 961 979 1003 Πῶς
998 964 1053 998 οὐν
1072 962 1137 998 αὐ-

113 1029 173 1063 τοῦ
198 1025 497 1078 ςπεριγενόμεθα,
529 1023 589 1063 Ἂν
618 1023 880 1073 ἀντιστήσωμεν
916 1021 1015 1065 δόξαν
1046 1021 1137 1073 δόξῃ.

113 1086 253 1140 ΕὨσπερ
268 1086 336 1139 γὰρ
354 1089 413 1125 τοῦ
429 1090 490 1133 τῆς
506 1090 568 1137 γῆς
581 1084 730 1124 πλούτου
747 1086 1041 1135 καταφρονοῦμεν,
1059 1081 1139 1120 ὅταν

114 1147 199 1201 πρὸς
235 1147 349 1200 ἕτερον
385 1148 512 1198 ἴδωμεν
545 1149 705 1193 πλοῦτον,
727 1144 787 1183 καὶ
806 1147 868 1190 τῆς
892 1146 981 1190 ζωῆς
1013 1143 1140 1189 ταύτης

115 1212 351 1261 ὑπερορῶμεν,
361 1208 442 1247 ὅταν
455 1208 671 1259 ἐννοήσωμεν
688 1207 750 1253 τὴν
765 1208 885 1259 πολλῷ
899 1205 1024 1251 ταύτης
1039 1205 1141 1255 ἀμεί-

116 1285 178 1307 νω·
201 1270 290 1308 οὕτω
309 1270 369 1308 καὶ
385 1269 485 1314 δόξαν
504 1270 566 1316 τὴν
584 1271 729 1307 ἐνταῦθα
749 1267 937 1307 διαπτύσαι
955 1266 1142 1317 δυνησόμε-

118 1333 181 1377 θα,
200 1329 280 1369 ὅταν
305 1330 367 1378 τὴν
384 1330 511 1377 ταύτης
539 1330 754 1380 ἐννοήσωμεν
776 1332 900 1381 μακρῷ
921 1328 1142 1381 σεμνοτέραν,

116 1391 179 1438 τὴν
206 1392 311 1436 ὅντως
328 1392 438 1436 δόξαν.
465 1391 510 1429 ‘H
544 1391 604 1442 μὲν
626 1391 693 1442 γὰρ
730 1391 810 1437 κενή
826 1390 877 1433 τίς
901 1393 974 1428 ἐστι
993 1389 1051 1427 καὶ
1077 1406 1144 1439 μα-

120 1453 201 1490 ταία
214 1484 223 1501 ,
243 1454 352 1504 ὄνομα
388 1453 514 1504 ἔχουσα
548 1453 756 1503 πράγματος
789 1452 936 1503 ἔρημον·
958 1450 1070 1497 ἐκείνη
1109 1449 1145 1488 δὲ

118 1513 267 1562 ἀληθὴς,
284 1518 305 1561 ἡ
323 1514 392 1552 ἀπὸ
407 1517 474 1551 τῶν
491 1515 656 1565 οὐρανῶν,
677 1515 738 1550 οὐκ
757 1512 956 1564 ἀνθρώπους
967 1542 976 1559 ,
994 1513 1070 1549 ἀλλ’
1087 1514 1144 1563 ἀγ·
1165 1523 1190 1552 D

116 1574 237 1624 γέλους
267 1574 327 1612 καὶ
360 1573 617 1625 ἀρχαγγέλους,
636 1572 695 1610 καὶ
723 1573 781 1610 τὸν
807 1571 900 1610 ιιτῶν
917 1572 1144 1624 ἀρχαγγέλων

117 1635 312 1684 Δεσπότην,
339 1637 471 1685 μᾶλλον
489 1633 524 1671 δὲ
548 1636 622 1684 μετ’
646 1634 750 1671 αὐτοῦ
769 1633 828 1671 καὶ
847 1631 926 1677 τοὺς
946 1633 1146 1685 ἀνθρώπους

119 1695 300 1739 ἐπαινέτας
314 1695 454 1747 ἔχουσα.
470 1693 531 1732 Ἂν
548 1694 633 1746 πρὸς
652 1696 762 1732 ἐκεῖνο
775 1694 814 1732 τὸ
836 1694 976 1747 θέατρον
992 1694 1069 1746 ἴδῃς
1080 1725 1089 1741 ,
1106 1694 1145 1732 ἂν

118 1758 193 1801 τοὺς
211 1760 280 1796 ἐκεῖ
302 1758 415 1809 μάθῃς
442 1756 651 1808 στεφάνους,
674 1754 713 1793 ἂν
728 1756 813 1807 πρὸς
832 1756 889 1794 τὸν
913 1757 1041 1794 ἐκεῖθεν
1063 1754 1148 1809 κρό-

118 1837 173 1859 τον
192 1819 334 1859 σεαυτὸν
369 1821 539 1869 μεταθῇς,
561 1816 727 1855 οὐδέποτέ
755 1833 793 1854 σε
816 1817 1001 1863 δυνήσεται
1023 1816 1068 1855 τὰ
1097 1819 1145 1855 ἐν-

117 1885 226 1920 ταῦθα
251 1885 452 1931 κατασχεῖν,
472 1878 547 1917 οὐδὲ
568 1877 732 1930 γινόμενα
749 1878 866 1930 ἡγήσῃ
889 1879 1041 1930 μεγάλα,
1072 1878 1148 1917 οὐδὲ

119 1943 253 1981 ἀπόντα
274 1940 445 1988 ζητήσεις.
474 1940 544 1978 Καὶ
564 1939 631 1991 γὰρ
659 1940 693 1976 ἓν
712 1945 782 1983 τοῖς
812 1939 999 1990 βασιλείοις
1017 1939 1149 1984 τούτοις

118 2003 227 2046 οὐδεὶς
266 2003 334 2039 τῶν
368 2004 418 2053 τῷ
462 2002 597 2051 βασιλεῖ
625 1999 896 2051 παρεστηκότων
935 2000 1149 2053 δορυφόρων,

120 2063 215 2115 ἀφεὶς
236 2062 359 2115 ἀρέσαι
379 2064 429 2114 τῷ
445 2061 483 2099 τὸ
499 2061 655 2111 διάδημα
683 2060 798 2112 ἔχοντι
821 2060 881 2099 καὶ
912 2061 969 2100 ἐπὶ
988 2065 1048 2100 τοῦ
1073 2061 1150 2116 θρό-

119 2141 176 2163 νου
193 2124 398 2177 καθημένῳ,
414 2124 558 2161 κολοιῶν
574 2122 839 2175 περιεργάζεται
855 2122 969 2173 φωνὰς
979 2153 988 2171 ,
1004 2122 1146 2173 ἢμυιῶν

119 2187 177 2224 καὶ
198 2185 375 2224 κωνώπων
407 2183 687 2238 περιιπταμένων
711 2183 770 2221 καὶ
810 2183 1032 2234 βομὲούντων
1049 2185 1146 2238 θόρυ-

120 2248 198 2286 ἔον·
222 2246 319 2286 οὐδὲν
340 2246 408 2299 γὰρ
428 2244 559 2284 τούτων
577 2245 716 2296 ἄμεινον
745 2246 780 2282 αἱ
793 2247 862 2282 τῶν
879 2244 1072 2297 ἀνθρώπων
1094 2249 1146 2284 εὖ·

118 2308 246 2361 φημίαι
267 2308 467 2346 διάκεινται.
492 2305 632 2349 Εῗδότες
663 2305 776 2344 τοίνυν
801 2307 892 2343 θτῶν
921 2307 1145 2358 ἀνθρωπίνων

117 2370 179 2418 τὴν
207 2369 395 2416 εὐτέλειαν,
415 2368 530 2407 πάντα
549 2370 595 2411 εἷς
621 2366 699 2410 τοὺς
721 2367 865 2411 ἀσύλους
896 2368 1144 2420 συναγάγωμεν

121 2430 330 2484 θησαυροὺς,
351 2429 412 2468 καὶ
430 2428 493 2474 τὴν
511 2428 679 2480 μένουσαν
699 2428 758 2467 καὶ
774 2427 935 2474 ἀκίνητον
957 2427 1056 2472 δόξαν
1071 2431 1145 2467 ἐπι-

117 2495 292 2542 ζητῶμεν·
312 2485 354 2536 ἧς
387 2490 520 2541 γένοιτο
546 2490 680 2533 πάντας
707 2493 801 2540 ἡμᾶς
829 2492 1003 2541 ἐπιτυχεῖν
1024 2489 1143 2543 χάριτι

117 2553 176 2591 καὶ
192 2551 434 2605 φιλανθρωπία
453 2554 513 2588 τοῦ
534 2549 663 2602 Κυρίου
696 2553 796 2600 ἡμῶν
825 2549 940 2597 Ἰησοῦ
967 2551 1120 2603 Χριστοῦ
1132 2581 1142 2599 ,

119 2616 161 2652 δι’
187 2608 224 2652 οῧ
240 2613 299 2651 καὶ
322 2615 395 2664 μεθ’
415 2606 453 2649 οἷ
482 2613 532 2663 τῷ
564 2611 683 2662 Πατρὶ
706 2614 728 2656 ἡ
751 2609 848 2658 δόξα,
869 2611 942 2661 ἅμα
969 2613 1020 2662 τῷ
1053 2611 1142 2663 ἁγίῳ

119 2674 321 2725 Πνεύματι,
339 2677 397 2710 νῦν
435 2672 495 2710 καὶ
522 2671 596 2719 ἀεὶ,
625 2671 684 2710 καὶ
717 2673 765 2714 εἷς
792 2671 871 2715 τοὺς
898 2672 1143 2719 ἀτελευτήτους

119 2738 243 2779 αἰῶνας
253 2738 321 2773 τῶν
341 2733 485 2772 αἰώνων.
503 2733 625 2783 Ἀμήν.

162 2882 177 2898 *
196 2882 326 2923 [ἐξελθὸν
341 2880 442 2914 Savil.
462 2888 495 2912 et
523 2879 608 2914 Cod.
629 2880 704 2913 705.
723 2878 910 2923 Adjecimus
926 2890 943 2911 e
959 2877 1043 2913 cod.
1062 2881 1125 2912 706

116 2945 188 2976 qua:
204 2931 457 2965 desiderabatur
473 2941 549 2975 post
568 2937 687 2972 ἐξῆλθε-1
708 2931 841 2974 copula.
870 2931 962 2964 Infra
980 2937 1124 2978 ἁμαρτή-

117 3000 221 3023 σαντος
236 2983 354 3026 53νί1.;
372 2990 570 3030 άμαρτῶντος
584 2982 670 3017 Cod.
686 2984 750 3016 705
766 2994 805 3015 ex
831 2995 918 3016 corr.
943 2995 1004 3026 pro
1021 2989 1125 3029 ἁμαρ-

116 3045 276 3077 τήσαντος,
299 3037 444 3079 itemque
472 3035 559 3068 Cod.
582 3037 645 3069 706
668 3046 686 3067 a
709 3046 760 3077 pr.
785 3047 829 3067 m.
858 3040 1064 3080 ἁμαρτώντος,
1080 3034 1123 3067 ab

116 3090 218 3121 altera
242 3094 442 3133 ἁμαρτόντος.
461 3087 530 3121 Sub
541 3088 671 3122 initium
697 3087 797 3120 literae
820 3089 846 3121 C
869 3099 941 3131 qum
957 3088 1049 3120 uncis
1072 3086 1122 3120 in·

1195 210 1320 239 xx1x.
1359 194 1417 239 al.
1457 210 1622 240 xxvm.
2104 199 2186 262 195

1208 290 1318 326 lentas
1335 304 1522 341 corporum
1540 291 1748 342 cupiditates
1762 304 2010 344 superaverant
2026 311 2032 330 :
2051 297 2084 332 hi
2100 311 2189 348 szepe

1210 364 1228 385 a
1243 362 1333 386 vana
1355 349 1465 400 gloria
1482 351 1575 402 capti
1589 350 1965 403 omniaffperdiderunt.
1980 354 2094 404 Hujus
2110 357 2186 393 vitii

1206 424 1309 447 causa
1323 440 1333 459 ,
1361 411 1421 462 qui
1453 412 1608 450 multum
1638 412 1876 463 laboraverat,
1897 413 1942 450 ab
1961 428 2001 451 00
2024 416 2082 464 qui
2101 417 2187 453 nihil

1206 470 1355 520 laboris,
1375 471 1435 510 sed
1457 473 1569 510 multa
1596 482 1736 525 peccata
1757 474 1967 523 admiserat,
1993 475 2191 513 Pharisaeus

1206 547 1225 570 a
1255 533 1447 585 publicano
1477 535 1593 574 victus
1617 545 1678 573 est.
1707 537 1750 573 At
1777 535 1845 574 1100
1872 551 2037 575 accusare
2063 538 2189 576 vitium

1208 594 1305 632 nullo
1338 595 1460 633 labore
1493 611 1681 649 possumus
1716 602 1859 645 (omnes
1896 599 1988 637 enim
2027 599 2189 637 cumdem

1208 655 1323 707 ipsum
1351 657 1528 695 caleulum
1560 659 1717 709 ferunt),
1753 660 1848 710 quod
1873 660 2046 710 quaeritur
2074 671 2191 699 autem

1208 725 1276 766 est,
1298 717 1476 768 quomodo
1492 718 1609 770 ipsum
1623 734 1789 772 superare
1801 721 1986 772 possimus.
2004 722 2192 768 Quomodo

1209 791 1292 829 ergo
1310 778 1612 830 profligabimus?
1644 781 1681 818 Si
1706 781 1857 833 gloriam
1885 782 2005 833 gloriae
2030 798 2190 835 oppona-
2206 797 2306 832 ganda.

1209 853 1299 877 mus.
1334 841 1383 877 Ut
1413 840 1508 878 enim
1542 850 1696 880 terrenas
1735 843 1880 882 divitias
1917 846 2191 891 contemnimus,

1209 900 1351 952 quando
1366 902 1413 940 ad
1433 902 1521 941 alias
1546 904 1757 956 respicimus
1789 905 1959 954 divitias,
1980 915 2013 944 et
2032 907 2124 944 hane
2141 909 2195 944 vi-

1210 972 1282 1000 tam
1301 961 1539 1015 despicimus,
1561 979 1642 1003 cum
1667 965 1862 1017 cogitamus
1885 967 1993 1005 aliam
2013 968 2078 1006 hac
2093 968 2196 1020 longe

1211 1025 1415 1074 meliorem;
1434 1026 1484 1064 sic
1510 1036 1542 1065 et
1570 1027 1719 1079 gloriam
1747 1029 1854 1081 hujus
1876 1030 2002 1068 mundi
2034 1045 2196 1083 respuere

1211 1087 1404 1139 poterimus
1419 1119 1427 1137 ,
1443 1102 1524 1126 cum
1538 1088 1645 1127 aliam
1665 1090 1768 1141 longe
1780 1090 1847 1128 hac
1863 1091 2048 1129 clariorem
2064 1101 2197 1144 specta-

1209 1148 1345 1197 bimus,
1365 1163 1513 1200 quaeque
1534 1164 1614 1189 vere
1632 1151 1743 1202 gloria
1763 1162 1824 1190 est.
1845 1153 1936 1190 Nam
1956 1153 2045 1203 haee,
2067 1153 2112 1190 de
2129 1168 2197 1204 qua

1211 1208 1408 1259 loquimur,
1430 1224 1520 1248 vana
1545 1211 1729 1263 inanisque
1756 1222 1824 1259 est,
1849 1227 1912 1251 nec
1930 1214 1996 1252 nisi
2019 1228 2144 1252 nomen
2161 1230 2199 1252 re

1215 1283 1368 1307 vacuum
1386 1270 1508 1320 habet,
1531 1272 1593 1309 illa
1614 1282 1731 1311 autem
1762 1274 1907 1312 caelestis
1930 1289 2013 1313 vera
2031 1286 2099 1325 est,
2120 1291 2198 1327 quaae

1215 1348 1283 1372 non
1297 1335 1474 1383 homines,
1492 1337 1553 1374 sed
1567 1338 1728 1389 angelos,
1742 1338 1988 1390 archangelos,
2003 1349 2035 1378 et
2050 1341 2199 1378 archan-

1215 1396 1375 1447 gelorum
1389 1398 1599 1447 Dominum,
1621 1398 1692 1436 imo
1711 1400 1818 1437 etiam
1831 1399 1993 1438 homines
2008 1401 2104 1453 ipsos
2123 1401 2200 1439 lau-

1215 1456 1355 1495 datores
1373 1458 1492 1496 habet.
1509 1458 1547 1496 Si
1563 1458 1609 1496 ad
1623 1459 1716 1508 illud
1739 1459 1916 1498 theatrum
1939 1462 2149 1513 respexeris,
2170 1462 2199 1500 si

1216 1532 1362 1556 coronas
1375 1518 1455 1556 illas
1469 1518 1655 1570 didiceris,
1680 1520 1709 1557 si
1723 1520 1769 1558 ad
1784 1520 1865 1558 illos
1878 1521 2024 1572 plausus
2036 1532 2070 1560 te
2085 1532 2201 1561 trans-

1217 1579 1339 1618 tuleris
1356 1595 1363 1615 :
1391 1589 1528 1619 terrena
1563 1594 1758 1632 numquam
1795 1590 1828 1620 te
1864 1581 2094 1632 detinebunt,
2132 1598 2201 1621 non

1216 1655 1343 1693 magna
1362 1642 1550 1694 praesentia
1569 1643 1764 1695 reputabis,
1789 1657 1858 1682 non
1880 1644 2036 1682 absentia
2057 1659 2199 1696 quaeres.

1216 1705 1258 1742 111
1283 1703 1350 1741 1130
1374 1704 1506 1756 quippe
1526 1704 1621 1756 regia
1652 1718 1753 1742 nemo
1781 1706 1975 1744 satellitum
2007 1707 2202 1758 regiorum,

1218 1781 1287 1805 non
1306 1781 1433 1805 curans
1457 1766 1620 1805 diadema
1640 1767 1807 1819 gestantis
1826 1777 1859 1806 et
1881 1769 1918 1806 in
1943 1769 2030 1807 solio
2053 1769 2205 1808 sedentis

1219 1828 1390 1880 gratiam,
1411 1828 1639 1880 graculorum
1660 1843 1764 1868 voees
1793 1829 1970 1878 imitatur,
2001 1845 2206 1869 muscarum

1219 1898 1251 1927 et
1267 1889 1424 1927 culicum
1445 1890 1642 1928 volantium
1668 1890 1857 1928 stridorem
1879 1906 1886 1927 :
1909 1891 2001 1928 nihil
2020 1892 2114 1930 enim
2132 1907 2202 1930 me-

1219 1958 1322 1996 liores
1354 1952 1397 1990 iis
1422 1961 1503 1990 sunt
1526 1951 1714 1989 hominum
1747 1951 1882 1989 laudes.
1910 1952 2060 2004 Cognita
2088 1954 2206 2005 itaque

1217 2011 1458 2050 humanarum
1483 2026 1604 2050 rerum
1631 2011 1786 2063 vilitate,
1808 2013 1927 2050 omnia
1949 2013 1984 2050 in
2011 2014 2205 2053 tutissimos

1218 2075 1439 2112 conferamus
1459 2074 1658 2123 thesauros,
1678 2084 1712 2112 et
1727 2084 1925 2113 manentem
1950 2089 2206 2128 perennemque

1217 2135 1368 2187 gloriam
1386 2150 1587 2188 quaeramus
1603 2151 1610 2173 :
1627 2150 1735 2187 quam
1750 2137 1885 2189 utinam
1905 2150 1968 2174 nos
1982 2151 2102 2175 omnes
2124 2152 2204 2176 con-

1217 2212 1423 2249 sequamur,
1456 2198 1569 2250 gratia
1601 2207 1634 2236 et
1663 2197 1879 2250 benignitate
1916 2199 2060 2236 Domini
2094 2200 2204 2237 nostri

1215 2261 1300 2299 Jesu
1316 2260 1465 2311 Christi,
1488 2274 1552 2312 per
1568 2274 1674 2311 quem
1693 2269 1725 2297 ct
1747 2274 1829 2298 cum
1850 2274 1920 2311 quo
1945 2261 2040 2298 Patri
2067 2261 2177 2312 gloria
2192 2291 2202 2309 ,

1216 2338 1355 2376 unaque
1373 2334 1492 2363 saneto
1516 2324 1681 2377 Spiritui,
1709 2338 1802 2362 nune
1823 2333 1855 2362 et
1876 2338 2011 2376 semper
2029 2333 2061 2362 et
2087 2324 2120 2361 in
2138 2338 2200 2362 sae-

1216 2386 1293 2424 cula
1311 2386 1534 2425 saeculorum.
1556 2387 1677 2423 Amen.

1192 2878 1350 2911 clusimus
1368 2877 1478 2918 verba,
1498 2877 1619 2910 absunt
1634 2889 1652 2909 a
1669 2877 1787 2920 Savil.]

1234 2942 1247 2956 ⁰
1265 2932 1502 2976 [περιγενώμεθα
1515 2928 1654 2962 Savil.et
1664 2929 1747 2962 alter
1762 2928 1846 2963 Cod.
1872 2929 1960 2962 Alter
1976 2939 2053 2962 vero
2064 2938 2194 2975 περιεσο-

1191 2990 1282 3027 μεθα.
1302 2982 1504 3015 Alterutrum
1522 2981 1632 3025 elige]

1234 3037 1250 3060 (ί
1270 3033 1332 3066 Alii
1348 3042 1381 3066 et.
1395 3033 1498 3067 Savil.
1514 3040 1564 3069 τὸν
1578 3041 1636 3068 τῶν
1652 3037 1859 3079 ἀρχαγγέλων.
1876 3032 1989 3066 Morel.
2008 3037 2150 3075 ἀγγέλων,

1233 3095 1245 3112 ²
1264 3086 1379 3121 Morel.
1399 3095 1457 3122 τῶν
1473 3092 1647 3133 ἀνθρώπων.

2206 714 2293 750 gloria

2207 755 2292 782 1110110

2315 673 2392 699 Vani

2319 724 2391 749 quo-

2347 754 2375 781 su
2384 770 2392 773 -
