2481 3678
785 222 893 252 JOAN
903 222 926 251 N
936 222 970 252 15
1007 221 1251 251 CllRYSOST.

270 209 359 270 278
713 222 747 251 s.

262 304 407 356 largiter
426 314 561 355 eroget,
583 303 644 341 sed
671 318 782 356 rapax
798 312 831 341 et
854 303 1029 341 violentus
1051 302 1120 341 sit?
1142 302 1197 340 vel
1217 301 1247 338 si

263 379 332 404 non
347 380 459 418 rapax
477 379 539 403 nec
555 365 749 414 violentus,
767 363 804 402 id
818 374 934 403 tamen
954 365 1059 402 faciat
1074 364 1119 401 ad
1132 372 1246 401 osteu-

263 427 431 465 tationem
447 436 480 465 et
504 441 632 466 vanam
653 426 829 477 gloriam?
846 427 902 465 vel
919 426 947 463 si
962 434 1080 477 eroget
1101 423 1246 475 quidem
1268 429 1293 458 D

262 496 444 538 accurate,
466 497 498 525 et
512 487 558 524 ad
572 487 745 539 placitum
764 487 848 537 Dei,
869 486 930 524 sed
948 486 1029 524 inde
1047 500 1119 523 sese
1135 485 1247 523 extol-

263 548 312 585 lat
333 557 366 585 et
384 549 498 586 altum
521 548 658 600 sapiat?
679 548 735 586 vel
755 548 784 585 si
800 547 948 585 humilis
978 547 1123 597 quidem
1148 546 1192 583 sit
1213 554 1246 582 et

258 610 405 661 jejuniis
422 624 457 647 se
476 618 652 657 exerceat,
669 622 797 647 avarus
822 617 938 646 tamen
960 618 993 646 et
1011 608 1194 646 usurarius
1212 615 1246 643 et

264 670 410 708 terrenis
437 669 618 717 addictus,
646 679 863 719 matremque
895 670 1070 707 malorum
1088 669 1247 707 omnium

125 732 251 758 *mim
266 729 300 767 in
320 732 475 768 animam
494 745 596 768 suam
614 729 787 767 inducat?
807 730 964 769 Avaritia
980 744 1130 781 namque
1144 729 1249 767 radix

57 782 75 809 q
84 780 202 799 uantum

64 814 170 840 malum
178 835 183 842 ,

265 792 425 829 omnium
442 792 619 829 malorum
637 800 698 828 est.
714 791 816 829 Hanc
838 791 1091 840 formidemus,
1112 791 1179 828 hoc
1192 790 1248 827 fu-

265 852 403 903 giamus
421 861 615 904 peccatum.
632 852 714 889 Haec
727 852 850 889 orbem
867 861 1043 889 terrarum
1059 850 1247 899 subvertit,

264 914 339 951 hzee
358 914 476 952 onmia
496 913 653 962 miscuit,
674 913 749 950 hcee
768 928 787 950 a
808 913 1009 950 beatissima
1028 912 1160 949 Christi
1179 925 1250 949 ser-

264 975 377 1013 vitute
406 989 468 1013 nos
496 974 641 1012 abducit
665 990 671 1010 :
698 976 789 1012 Non
808 977 979 1025 potestis,
1003 973 1136 1023 inquit,
1166 973 1250 1009 Deo

265 1040 406 1075 servire
425 1046 459 1074 et
476 1049 717 1082 mammonoe,
734 1035 794 1085 qui
813 1034 954 1071 Christo
974 1033 1147 1071 contraria
1162 1046 1251 1084 prze-

266 1097 363 1148 cipit.
389 1097 551 1134 Christus
571 1096 704 1147 quippe
722 1095 824 1142 dicit,
844 1096 899 1132 Da
922 1093 1163 1144 indigentibus
1176 1108 1186 1141 3
1208 1092 1252 1129 il-
1277 1104 1301 1134 Ε

265 1158 321 1205 16,
343 1158 441 1209 Rape
469 1157 514 1193 ab
537 1155 791 1205 indigentibus.
827 1154 990 1191 Christus
1020 1152 1130 1202 dicit,
1161 1152 1253 1190 Insi-

264 1216 446 1254 diantibus
476 1216 541 1253 tibi
556 1245 567 1265 ,
590 1224 624 1252 et
640 1213 851 1252 laedentibus
878 1223 910 1251 te
936 1213 980 1251 da
1007 1213 1173 1252 veniam:
1193 1212 1253 1250 hic

265 1287 400 1326 eontra,
420 1278 581 1327 Laqueos
601 1289 686 1327 para
700 1274 869 1314 adversus
883 1289 940 1312 eos
957 1274 1018 1325 qui
1037 1282 1071 1312 te
1083 1273 1175 1311 nihil
1187 1273 1250 1311 lae-

265 1347 395 1376 serunt.
406 1338 569 1375 Christus
583 1336 683 1384 dicit,
698 1336 878 1388 Benignus
891 1344 924 1373 et
937 1344 1141 1373 mansuetus
1155 1343 1227 1372 esto
1238 1350 1250 1384 3

265 1399 324 1436 hic
345 1413 363 1436 e
382 1398 579 1446 contrario,
602 1396 766 1434 Crudelis
794 1405 866 1434 esto
897 1405 930 1434 et
958 1396 1175 1433 inhumanus
1192 1425 1203 1445 ‚
1222 1404 1254 1433 et

1269 1428 1315 1455 2102

1292 221 1497 250 ARCHIEP.
1537 220 1896 250 CONSTANTINOP.

1320 303 1484 352 δαψιλῶς,
1501 303 1716 338 πλεονεκτῶν
1735 301 1770 338 δὲ
1792 301 1851 339 καὶ
1874 300 2117 352 βιαζόμενος*
2131 301 2172 353 [ἢ
2191 301 2273 340 ὅταν
2291 303 2338 354 μὴ

1321 364 1549 409 πλεονεκτῶν,
1572 361 1659 412 μηδὲ
1684 361 1924 412 βιαζόμενος],
1939 361 2023 413 πρὸς
2042 361 2204 405 ἐπίδειξιν
2225 361 2260 401 δὲ
2280 365 2340 400 ἀν-

1322 421 1467 475 θρώπων
1482 422 1540 460 καὶ
1556 421 1753 474 φιλοτιμίαν
1767 425 1834 460 τῶν
1855 422 2010 474 ὁρώντων
2024 438 2034 469 ;
2052 422 2073 468 ἢ
2088 422 2169 461 ὅταν
2185 424 2264 474 ἐλεῇ
2281 422 2341 474 μὲν

1323 482 1409 533 μετὰ
1437 482 1553 528 πάσης
1579 482 1758 534 ἀκριὸείας
1785 483 1845 521 καὶ
1865 483 1949 535 πρὸς
1973 483 2013 521 τὸ
2037 486 2087 535 τῷ
2107 485 2189 536 Θεῷ
2210 483 2342 529 δοκοῦν,

1322 543 1510 596 ἐπαίρηται
1530 543 1565 582 δὲ
1595 546 1689 596 αὐτῷ
1719 542 1830 596 τούτῳ
1862 543 1922 582 καὶ
1950 543 2040 596 μέγα
2061 547 2189 596 φρονῇ;
2213 543 2235 589 ἢ
2263 543 2343 582 ὅταν

1323 605 1480 647 ταπεινὸς
1501 604 1561 655 μὲν
1591 599 1613 656 ᾗ
1633 604 1692 643 καὶ
1720 604 1895 651 νηστείαις
1916 604 2112 658 προσέχων,
2138 604 2346 657 φιλάργυρος

1324 665 1358 704 δὲ
1377 665 1434 703 καὶ
1453 666 1640 720 ἐμπορικὸς
1662 666 1720 704 καὶ
1741 669 1784 716 τῇ
1811 669 1856 717 γῇ
1878 665 2149 718 προσηλωμένος
2163 695 2173 712 ,
2195 665 2256 703 καὶ
2282 665 2346 711 τὴν

1325 725 1461 779 μητέρα
1481 730 1549 764 τῶν
1572 728 1687 764 κακῶν
1710 725 1902 778 ἐπεισάγων
1925 729 1968 777 τῇ
1990 727 2085 777 ψυχῇ
2103 741 2112 772 ;
2130 729 2144 745 ‘³
2158 724 2260 768 Ῥίζα
2278 725 2347 777 γὰρ

1324 786 1462 825 πάντων
1491 790 1558 825 τῶν
1592 790 1709 826 κακῶν
1738 789 1829 826 ἔστιν
1861 791 1882 833 ἡ
1914 785 2136 838 φιλαργυρία.
2160 785 2347 839 Φρίξωμεν

1324 847 1436 886 τοίνυν
1464 848 1504 887 τὸ
1529 855 1694 901 πρᾶγμα,
1728 848 1892 899 φύγωμεν
1924 847 1987 894 τὴν
2017 845 2202 899 ἁμαρτίαν.
2233 848 2348 885 Τοῦτο

1324 908 1387 954 τὴν
1405 909 1608 960 οἰκουμένην
1626 909 1817 948 ἀνάστατον
1836 908 1998 956 ἐποίησε,
2019 911 2120 946 τοῦτο
2139 907 2255 946 πάντα
2271 923 2350 945 συν-

1327 970 1402 1021 έχεε
1415 1001 1423 1017 ,
1440 974 1542 1008 τοῦτο
1558 972 1620 1015 τῆς
1647 969 1919 1022 μακαριωτάτης
1939 970 2094 1013 δουλείας
2114 973 2208 1019 ἡμᾶς
2223 967 2351 1019 ἀπάγει

1326 1034 1384 1068 τοῦ
1400 1032 1564 1082 Χριστοῦ.
1582 1033 1660 1069 Οὐκ
1675 1031 1748 1068 ἔστι
1767 1030 1855 1083 γὰρ,
1875 1030 1960 1082 φησὶ
1972 1061 1982 1078 ,
2001 1032 2083 1081 Θεῷ
2103 1029 2272 1068 δουλεύειν
2292 1026 2351 1067 καὶ

1329 1096 1492 1140 μαμωνᾷ.
1521 1088 1581 1132 Ἐξ
1616 1088 1772 1132 ἐναντίας
1803 1088 1870 1142 γὰρ
1901 1088 2080 1126 ἐπιτάττει
2114 1091 2164 1140 τῷ
2194 1089 2351 1139 Χριστῷ.

1327 1148 1372 1186 ‘O
1394 1148 1455 1198 μὲν
1475 1147 1543 1200 γὰρ
1563 1147 1680 1200 λέγει,
1699 1149 1790 1186 δίδου
1807 1154 1878 1192 τοῖς
1898 1148 2089 1199 δεομένοις·
2108 1151 2125 1187 ὃ
2145 1148 2201 1197 δὲ,
2222 1148 2353 1201 ἅρπαζε

1328 1211 1395 1246 τῶν
1421 1208 1603 1260 δεομένων.
1624 1208 1669 1247 (Ο
1699 1209 1849 1262 Χριστὸς
1868 1207 1880 1228 f
1894 1208 2010 1260 λέγει,
2039 1209 2187 1252 καὶτοῖς
2214 1209 2355 1246 ἐπιδου-

1326 1269 1465 1308 λεύουσι
1492 1270 1551 1308 καὶ
1582 1271 1739 1308 ἀδικοῦσι
1767 1269 1963 1323 συγχώρει·
1985 1264 2081 1315 οὗτος
2101 1270 2265 1321 ἔμπαλιν,
2287 1285 2354 1308 κα-

1328 1330 1518 1376 τασκεύαζε
1536 1332 1650 1383 πάγας
1664 1331 1755 1370 κατὰ
1769 1334 1836 1369 τῶν
1857 1330 1956 1370 οὐδὲν
1973 1331 2195 1370 ἀδικούντων.
2209 1331 2257 1369 ‘O'
2269 1332 2356 1384 Χρι-

1330 1392 1407 1435 στὸς
1435 1391 1551 1444 λέγει,
1577 1392 1817 1445 φιλάνθρωπος
1842 1391 1899 1430 ἔσο
1921 1391 1980 1430 καὶ
1998 1391 2126 1444 ἥμερος
2140 1407 2148 1415 ·
2171 1385 2267 1435 οὗτος
2293 1393 2354 1428 ἀπ’

266 1459 356 1497 nihil
386 1473 459 1496 esse
491 1458 693 1496 existimato
710 1457 887 1509 lacrymas
906 1470 1103 1508 pauperum
1117 1472 1129 1507 3
1153 1465 1191 1493 ut
1218 1455 1255 1493 in
1282 1465 1306 1494 Λ
1329 1453 1505 1500 ἐναντίας,
1544 1453 1638 1505 ὠμὸς
1672 1453 1729 1492 ἔσο
1760 1453 1818 1491 καὶ
1851 1451 2010 1500 ἀπηνὴς,
2039 1452 2100 1491 καὶ
2129 1452 2235 1503 μηδὲν
2270 1446 2356 1490 εἶναι

267 1521 329 1558 illa
356 1520 414 1557 die
434 1533 596 1558 severum
623 1518 725 1556 nobis
747 1517 934 1555 constituat
955 1516 1128 1569 judicem.
1152 1517 1256 1554 Tunc

268 1584 362 1620 enim
381 1582 483 1620 nohis
491 1582 623 1631 omnia,
637 1595 714 1631 quae
730 1581 891 1630 fecimus,
913 1589 992 1617 ante
1002 1580 1122 1617 oculos
1131 1593 1256 1619 versa-

269 1645 421 1693 buntur,
444 1643 590 1694 laesique
610 1642 663 1679 illi
679 1651 712 1679 et
732 1641 856 1679 nudati
870 1656 890 1678 a
909 1641 1011 1678 nobis
1034 1655 1174 1679 omnem
1193 1655 1256 1679 no-

270 1705 325 1743 bis
339 1704 574 1742 defensionem
595 1702 840 1740 intercludent.
858 1702 895 1740 Si
915 1702 1008 1740 enim
1027 1703 1181 1739 Lazarus
1197 1702 1259 1752 qui

272 1766 361 1804 nihil
382 1767 483 1803 laesus
496 1765 610 1802 fuerat
629 1777 649 1801 a
667 1763 792 1814 divite,
811 1762 872 1801 sed
887 1763 1022 1800 nullam
1041 1763 1086 1800 ab
1101 1776 1140 1800 eo
1156 1776 1260 1815 opem

270 1837 474 1880 acceperat,
504 1828 652 1864 acerbus
690 1827 765 1878 ejus
794 1834 977 1863 accusator
1006 1825 1168 1874 exstitit,
1197 1839 1261 1862 1160

272 1890 432 1942 permisit
456 1898 494 1926 ut
511 1889 652 1927 veniam
678 1888 790 1925 ullam
809 1895 1080 1937 consequeretur
1096 1902 1103 1922 ε
1126 1900 1232 1937 quam
1247 1916 1258 1936 ,

272 1966 406 2001 quase,
429 1949 666 1987 defensionem
684 1948 878 1997 habebunt,
894 1948 955 1998 qui
973 1948 1085 1985 aliena
1104 1948 1261 1999 rapiunt,

276 2012 408 2049 nedum
433 2011 692 2062 eleemosynam
713 2018 869 2060 erogent,
890 2008 1183 2060 pupillorumque
1200 2008 1263 2046 do-

275 2088 351 2111 mos
380 2072 571 2110 evertunt?
605 2071 643 2109 Si
674 2071 727 2108 illi
753 2071 815 2122 qui
842 2070 1026 2108 Christum
1054 2071 1264 2108 esurientem

277 2148 344 2173 nou
366 2133 580 2182 nutrierunt,
599 2141 742 2169 tantum
763 2132 882 2183 ignem
901 2131 936 2169 in
956 2141 1059 2184 caput
1080 2146 1184 2169 suum
1211 2141 1263 2169 at-

276 2205 479 2233 traxerunt:
497 2194 556 2245 qui
586 2194 699 2231 aliena
718 2193 874 2246 rapiunt,
891 2193 990 2231 mille
1008 2194 1085 2231 lites
1106 2203 1262 2244 movent,
1291 2189 1312 2218 Β

277 2256 506 2306 omniumque
523 2255 614 2292 bona
633 2255 701 2292 sibi
720 2254 941 2302 adscribunt,
962 2269 1031 2305 qua
1057 2255 1265 2293 consolatio-

277 2333 320 2355 ne
349 2317 538 2354 fruentur?
561 2316 661 2353 Hane
691 2329 774 2366 ergo
804 2316 1037 2368 cupiditatem
1066 2317 1262 2369 ejiciamus.

280 2378 471 2430 Ejieiemus
491 2386 622 2424 autem⁷
641 2376 669 2413 si
685 2376 879 2426 cogitemus
893 2376 1041 2428 injustos
1059 2377 1218 2415 homines
1234 2386 1267 2415 et

280 2453 404 2478 avaros
431 2438 492 2488 qui
522 2447 600 2475 ante
627 2451 690 2475 nos
717 2438 859 2475 fuerunt
888 2446 920 2474 et
946 2436 1121 2475 obierunt.
1143 2439 1267 2476 Annon

281 2500 340 2536 alii
368 2513 490 2536 eorum
515 2498 674 2550 pecuniis
705 2507 738 2536 et
759 2497 944 2535 laboribus
976 2498 1169 2549 fruuntur,
1200 2499 1270 2551 ipsi

283 2560 473 2611 supplicio,
504 2559 662 2596 cruciatu
693 2568 726 2596 et
751 2558 855 2596 malis
886 2559 1172 2597 intolerabilibus
1189 2560 1269 2611 ple—

284 2620 455 2657 ciuntur?
475 2622 598 2657 Annon
617 2629 783 2657 extremae
805 2619 990 2656 dementire
1010 2620 1129 2668 fuerit,
1147 2619 1183 2657 in
1203 2620 1271 2658 sol-

291 2680 482 2718 lieitudine
500 2690 533 2718 et
559 2682 725 2719 aerumnis
741 2681 885 2720 ‘versari
902 2712 912 2731 ‚
933 2691 973 2719 ut
989 2691 1021 2719 et
1040 2682 1075 2719 in
1103 2682 1170 2721 hac
1198 2683 1273 2721 vita

286 2742 468 2779 laboribus
488 2751 690 2792 atteramur,
709 2752 742 2779 et
764 2743 848 2780 hine
862 2743 1054 2795 migrantes
1069 2743 1273 2783 intolerabi-

286 2803 380 2839 libus
400 2811 626 2852 torqueamur
647 2802 832 2853 suppliciis
853 2812 958 2854 atque
974 2804 1171 2855 laboribus,
1192 2820 1274 2843 eum

286 2871 461 2914 oporteret
478 2871 510 2899 et
528 2862 587 2899 1116
606 2862 640 2898 111
663 2862 799 2899 deliciis
816 2863 937 2902 vivere
956 2864 1067 2912 (nihil
1080 2865 1175 2903 enim
1190 2875 1273 2903 tan—

289 2933 359 2960 tam
386 2924 605 2974 voluptatem
625 2922 730 2973 parit,
757 2933 924 2972 quantam
944 2925 1177 2978 eleemosyna,
1192 2940 1274 2964 con-

287 2983 432 3021 scientia
449 2997 537 3034 pura
548 2986 574 3032 ),
594 2991 627 3019 et
639 2981 822 3019 defunctos
833 2983 877 3020 ab
893 2984 1057 3022 omnibus
1072 2985 1146 3022 erui
1158 2987 1274 3035 malis,

288 3055 320 3082 et
345 3045 528 3082 innumera
550 3042 714 3092 consequi
737 3042 852 3080 bona?
872 3044 970 3081 Sicut
988 3046 1082 3082 enim
1101 3047 1273 3097 nequitia,

289 3107 393 3147 ctiam
414 3115 493 3143 ante
513 3104 722 3156 gehennam⁷
742 3117 799 3141 eos
818 3103 877 3154 qui
896 3104 996 3142 illam
1018 3116 1181 3145 exercent
1194 3122 1276 3160 sup—

333 3234 339 3242 ‘
368 3234 377 3271 1
392 3237 407 3268 ὴ
426 3237 496 3265 ὅταν
513 3237 556 3272 μὴ
584 3234 779 3263 πλεονεκτῶν,
802 3231 877 3270 μηδὲ
906 3234 1082 3271 ficut-‘Quam
1105 3229 1295 3263 addidimus

288 3297 301 3311 ‹v
321 3285 422 3316 §uvir
440 3291 471 3313 et
487 3281 597 3313 Codd.
616 3281 767 3321 nostris]

331 3342 339 3352 ‘
366 3334 477 3366 Morel.
499 3339 583 3378 ῥίζαν
601 3339 656 3376 γὰρ
676 3348 706 3367 π.
725 3347 754 3366 τ,
774 3348 802 3364 r.-
822 3335 898 3365 εὶπεν
912 3331 931 3365 ’ὁ
953 3336 1068 3370 Παῦλος
1087 3339 1136 3370 τὰ»
1156 3336 1297 3378 φιλαρμ-

289 3392 366 3429 ,εἴκω

1330 1514 1447 1565 νόμιζε
1479 1514 1613 1566 δάκρυα
1634 1513 1812 1560 πενήτων·
1833 1511 1889 1551 ἵνα
1908 1513 2000 1551 κατὰ
2028 1513 2091 1559 τὴν
2110 1513 2246 1565 ἡμέραν
2268 1513 2356 1551 ἐκεί-

1329 1589 1391 1620 νην
1410 1574 1583 1626 αὐστηρὸν
1610 1577 1694 1625 ἡμῖν
1714 1573 1962 1625 κατασκευάσῃ
1982 1573 2039 1611 τὸν
2062 1573 2241 1620 δικαστήν.
2265 1573 2357 1611 Τότε

1330 1636 1397 1688 γὰρ
1413 1639 1496 1686 ἡμῖν
1518 1635 1632 1674 πάντα
1646 1635 1714 1688 πρὸ
1732 1638 1800 1673 τῶν
1819 1636 2005 1687 ὀφθαλμῶν
2020 1639 2034 1655 ³
2046 1634 2212 1681 στήσεται
2233 1634 2277 1673 τὰ
2295 1650 2356 1672 πε-

1331 1696 1537 1748 πραγμένα,
1555 1696 1613 1734 καὶ
1631 1698 1661 1735 οἱ
1680 1695 1885 1746 ἠδικημένοι
1904 1695 1961 1733 καὶ
1976 1695 2007 1732 οἳ
2022 1694 2257 1747 γυμνωθέντες
2273 1697 2355 1747 παρ’

1331 1760 1444 1808 ἡμῶν,
1466 1764 1580 1796 πᾶσαν
1609 1756 1797 1808 ἀπολογίαν
1818 1760 1903 1806 ἡμῖν
1931 1755 2154 1799 ἐκκλείοντες.
2184 1757 2228 1793 Εἰ
2255 1755 2322 1808 γὰρ
2342 1758 2360 1792 ὁ

1334 1818 1491 1871 Λάζαρος
1513 1817 1688 1863 ἀδικηθεὶς
1710 1816 1772 1868 μὲν
1790 1815 1886 1855 οὐδὲν
1906 1815 2003 1869 παρὰ
2022 1818 2081 1853 τοῦ
2103 1815 2289 1864 πλουσίου,
2313 1815 2361 1867 μὴ

1336 1878 1536 1922 ἀπολαύσας
1558 1877 1592 1915 δὲ
1607 1881 1674 1916 τῶν
1692 1877 1839 1925 ἐκείνου,
1861 1876 1985 1929 πικρὸς
2003 1875 2128 1923 ἕστηκε
2149 1876 2227 1915 τότε
2252 1876 2363 1923 κατή-

1335 1956 1457 1992 γορος,
1481 1939 1539 1977 καὶ
1562 1941 1723 1990 οὐδεμιᾶς
1743 1939 1845 1977 αὐτὸν
1865 1940 1978 1990 ἀφῆκε
1996 1944 2113 1990 τυχεῖν
2135 1937 2342 1990 συγγνώμης
2355 1954 2363 1962 ·

1337 2001 1427 2044 τίνος
1449 2000 1658 2051 ἀπολογίας,
1679 2000 1754 2038 εἶπέ
1774 2016 1853 2051 μοι,
1872 1999 2047 2044 τεύξονται
2069 2001 2100 2037 οἱ
2131 1999 2217 2052 πρὸς
2238 2003 2288 2052 τῷ
2312 2000 2361 2051 μὴ

1338 2063 1445 2100 ἐλεεῖν
1466 2061 1610 2108 οἴκοθεν,
1626 2061 1684 2099 καὶ
1703 2060 1747 2099 τὰ
1767 2060 1934 2114 ἀλλότρια
1949 2059 2209 2110 λαμὲάνοντες,
2227 2060 2286 2098 καὶ
2302 2061 2364 2105 τὰς

1339 2126 1405 2162 τῶν
1428 2125 1587 2176 ὀρφανῶν
1608 2122 1858 2175 ἀνατρέποντες
1880 2121 2007 2169 οἰκίας,
2030 2123 2075 2160 Εἰ
2094 2123 2124 2160 οἱ
2146 2121 2193 2172 μὴ
2212 2121 2363 2174 θρέψαν-

1339 2200 1394 2227 τες
1411 2187 1583 2221 πεινῶντα
1602 2183 1659 2220 τὸν
1676 2182 1841 2235 Χριστὸν,
1861 2185 2022 2220 τοσοῦτον
2046 2181 2102 2220 ἐπὶ
2120 2181 2184 2228 τὴν
2211 2182 2363 2233 κεφαλὴν

1341 2246 1451 2283 αὐτῶν
1470 2244 1630 2281 εἵλκυσαν
1650 2247 1742 2295 π’ῦρ·
1766 2245 1797 2280 οἱ
1816 2242 1860 2280 τὰ
1883 2241 1990 2292 μηδὲν
2010 2244 2123 2286 αὐτοῖς
2144 2243 2365 2295 προσήκοντα

1341 2304 1571 2357 ἁρπάζοντες,
1590 2302 1649 2341 καὶ
1666 2302 1789 2354 μυρίας
1808 2301 1991 2346 πλέκοντες
2008 2302 2123 2350 δίκας,
2140 2303 2198 2341 καὶ
2215 2302 2259 2340 τὰ
2279 2304 2365 2341 πάν-

1340 2381 1408 2403 των
1421 2364 1546 2407 ἀδίκως
1556 2362 1855 2416 περιέαλλόμενοι,
1867 2362 1968 2406 ποίας
1984 2362 2239 2401 ἀπολαύσονται
2255 2380 2367 2417 παρα-

1344 2426 1488 2477 μυθίας,
1509 2424 1738 2475 Ἐκὸάλωμεν
1753 2423 1863 2462 τοίνυν
1880 2428 1998 2462 τοῦτον
2016 2425 2073 2462 τὸν
2094 2424 2218 2477 ἔρωτα.
2233 2425 2366 2463 ’Exea-

1342 2490 1466 2538 λοῧμεν
1481 2486 1515 2524 δὲ
1528 2517 1537 2534 ,
1553 2486 1592 2523 ἂν
1605 2486 1819 2535 ἐννοήσωμεν
1832 2484 1909 2527 τοὺς
1922 2485 1989 2538 πρὸ
2003 2489 2103 2536 ἡμῶν
2119 2486 2365 2533 ἀδικήσαντας,

1343 2547 1420 2592 τοὺς
1442 2545 1763 2592 πλεονεκτήσαντας
1782 2545 1840 2582 καὶ
1860 2544 2082 2588 ἀπελθόντας.
2106 2546 2198 2598 Οὐχὶ
2213 2549 2281 2584 τῶν
2306 2546 2366 2597 μὲν

1343 2608 1535 2661 χρημάτων
1555 2609 1665 2644 αὐτῶν
1681 2606 1739 2644 καὶ
1755 2605 1869 2642 πόνων
1883 2603 2138 2644 1)ἀπολικύουσιν
2155 2607 2286 2660 ἕτεροι,
2307 2610 2367 2645 αὖ·

1344 2670 1397 2707 τοὶ
1419 2668 1453 2706 δὲ
1474 2670 1507 2706 ἐν
1538 2666 1679 2705 κολάσει
1698 2664 1757 2703 καὶ
1788 2665 1941 2718 τιμωρίᾳ
1973 2667 2033 2704 καὶ
2064 2673 2135 2710 τοῖς
2168 2666 2369 2713 ἀνηκέστοις

1347 2729 1412 2767 εἶσὶ
1432 2734 1570 2775 κακοῖς,
1587 2729 1669 2769 Πῶς
1689 2720 1746 2764 οὖν
1762 2727 1824 2764 οὐκ
1845 2726 1997 2777 ἐσχάτης
2019 2731 2129 2764 ταῦτα
2148 2727 2280 2774 ἀνοίας,
2305 2727 2369 2765 κό-

1347 2793 1494 2828 πτεσθαι
1512 2788 1571 2826 καὶ
1599 2789 1847 2839 ταλαιπωρεῖν,
1866 2786 1921 2823 ἵνα
1940 2787 1998 2824 καὶ
2020 2788 2141 2830 ζῶντες
2164 2793 2234 2830 τοῖς
2255 2786 2372 2831 πόνοις

1347 2848 1650 2899 κατατεινώμεθα,
1670 2847 1728 2885 καὶ
1760 2847 1965 2891 ἀπελθόντες
1986 2847 2048 2890 τὰς
2070 2848 2262 2900 ἀφορήτους
2281 2851 2370 2887 ὑπο-

1350 2911 1506 2962 μένωμεν
1534 2908 1693 2950 κολάσεις
1722 2907 1780 2944 καί
1813 2907 2010 2959 τιμωρίας,
2034 2907 2107 2945 δέον
2136 2908 2196 2946 καὶ
2223 2910 2371 2947 ἐνταῦθα

1299 2996 1322 3026 C
1347 2981 1477 3028 τρυφᾷν
1496 2972 1610 3024 (οὐδὲν
1630 2971 1697 3024 γὰρ
1711 2970 1817 3015 οὕτως
1831 2971 1956 3018 ἡδονὴν
1978 2972 2177 3025 ἐργάζεται,
2193 2979 2205 2993 ⁰
2216 2975 2262 3016 ὡς
2277 2975 2372 3019 ἐλεη-

1351 3039 1506 3093 μοσύνη,
1539 3037 1687 3080 συνειδὸς
1724 3036 2029 3089 κεκαθαρμένον),
2068 3038 2126 3074 καὶ
2163 3037 2373 3082 ἀπελθόντας

1352 3111 1442 3156 ἐκεῖ,
1461 3106 1602 3145 πάντων
1623 3104 1850 3155 ἀπηλλάχθαι
1864 3107 1994 3153 κακῶν,
2012 3105 2071 3142 καὶ
2089 3104 2220 3157 μυρίων
2236 3107 2374 3157 ἐπιτυγ-

1406 3233 1416 3256 s
1444 3229 1544 3262 Savil.
1566 3232 1658 3271 λέγει,
1678 3234 1724 3262 καὶ
1742 3234 1798 3265 τοῖς
1816 3231 1942 3262 ἀδικοῦσι
1963 3245 2044 3271 ⁷²72<-

1408 3295 1419 3307 2·
1444 3281 1545 3315 Savil.
1566 3286 1638 3320 ἥξει.

1409 3335 1425 3357 ¹⁴
1452 3331 1511 3363 Alii
1529 3335 1735 3366 ἀπολαύσουσι.

1410 3396 1420 3408 ⁸·
1447 3384 1545 3417 511111.
1564 3389 1599 3422 ὡς
1616 3386 1809 3425 ὲλῑημσσὺνης
1828 3386 1965 3419 τννῑεῗιος.
1984 3388 2028 3415 nti
2050 3388 2153 3417 71:225?
