2522 3683
137 1533 271 1572 Philipp.
288 1531 320 1572 4.

343 219 431 278 782

341 327 405 365 ego
437 327 577 364 quoque
600 316 706 367 juxta
736 331 939 357 concessum
957 318 1047 357 mihi
1079 318 1232 372 desuper
1258 318 1322 357 do-

342 379 438 403 num.
451 367 643 406 Matthaeus
659 369 804 420 quidem
811 381 982 422 quantum
995 371 1323 410 licebatsecundum

341 419 524 471 propriam
556 420 725 460 virtutem
756 425 919 476 scripsit;
959 426 1102 463 Marcus
1135 434 1255 464 autem
1288 433 1321 462 et

343 472 457 509 Lucas
477 472 640 511 similiter
667 476 864 514 secundum
897 477 1055 529 Spiritus
1075 477 1186 515 sancti
1212 477 1321 529 largi-

342 523 473 561 tionem
488 524 599 563 lihros
622 540 704 565 suos
730 543 796 580 pro
812 528 879 566 Dei
904 529 1076 581 dignitate
1106 531 1320 583 conscripse-

342 585 435 614 runt.
466 577 628 615 Scribam
653 593 717 631 ego
737 595 878 631 quoque
894 595 935 620 ac
954 582 1134 634 prioribus
1155 592 1320 634 quartum

341 628 424 666 vitae
443 629 572 668 fontem
587 631 766 683 adjiciam.
790 635 895 672 Deest
913 634 1044 686 quippe
1059 635 1106 673 ad
1128 635 1180 685 id,
1198 646 1238 674 ut
1256 650 1322 674 vo-

343 694 417 718 cem
448 681 641 721 habeamus
661 685 706 722 ad
741 700 872 724 numen
896 687 1215 726 commendandum
1243 688 1320 726 ido-

343 748 458 783 neam,
472 748 586 773 sermo
597 736 642 774 de
657 737 851 789 theologia3
866 748 900 777 et
914 739 1070 777 mundus
1083 741 1208 779 abbae
1222 751 1323 794 parte

341 787 498 838 periculo
528 802 597 826 non
626 799 732 827 caret.
758 791 908 830 Librum
932 792 1052 843 itaque
1076 793 1240 841 scribam,
1259 809 1323 847 per

341 853 446 889 quem
469 840 670 879 obstruetur
693 856 730 880 os
764 858 868 883 omne
892 844 989 895 quod
1013 845 1172 895 loquitur
1191 846 1322 886 adver—

340 905 399 929 sus
430 893 547 930 Deum
580 894 804 945 iniquitatem
837 913 845 933 ε
876 897 1029 935 scribam
1063 898 1219 948 librum,
1260 900 1320 951 qui

341 957 480 982 omnem
504 960 581 995 quae
606 947 643 984 in
664 949 797 987 mundo
825 958 877 987 est
899 949 1108 1001 sapientiam
1126 951 1288 989 obscuret
1311 968 1318 988 ε
1348 951 1370 980 Ε

339 997 494 1035 scribam
511 998 659 1049 librum,
677 1001 738 1051 qui
763 1015 832 1039 non
857 1001 901 1039 de
924 1002 1066 1039 homine
1084 1004 1321 1042 narrationem

338 1049 512 1087 instituat.
530 1052 651 1101 Neque
669 1052 763 1090 enim
788 1054 953 1091 Ecclesiae
972 1054 1114 1104 desunt,
1139 1069 1216 1106 quae
1235 1057 1321 1094 scri-

337 1102 409 1153 psit
427 1102 470 1139 de
488 1103 544 1141 his
559 1105 715 1156 Moyses,
733 1105 778 1142 de
791 1106 889 1156 caelo,
902 1115 936 1143 et
947 1105 991 1143 de
1008 1115 1114 1153 terra,
1134 1117 1167 1145 et
1183 1108 1273 1146 mari
1287 1118 1320 1147 et

336 1154 543 1192 volucribus
567 1164 600 1192 et
627 1156 802 1208 piscibus,
819 1167 853 1195 et
876 1158 1168 1210 quadrupedibus
1192 1170 1225 1198 et
1248 1175 1319 1199 ser-

336 1207 503 1258 pentibus
512 1216 544 1244 et
558 1208 702 1259 plantis,
713 1217 746 1246 et
761 1210 955 1248 seminibus
973 1220 1006 1248 et
1025 1211 1318 1261 luminaribus,et

336 1259 424 1296 cibis
440 1269 472 1296 et
488 1261 609 1298 ceteris
628 1262 797 1299 creaturis
814 1278 821 1299 :
838 1277 901 1315 ego
912 1277 998 1302 vero
1014 1265 1193 1313 omnibus,
1206 1279 1282 1316 quae
1299 1281 1318 1304 a

335 1320 493 1363 tempore
506 1321 539 1350 et
557 1313 593 1350 in
614 1322 770 1366 tempore
784 1315 875 1353 facta
893 1325 988 1367 sunt,
1004 1318 1262 1368 praetermissis,
1274 1318 1320 1358 de

335 1378 375 1401 eo
393 1365 530 1415 loquar⁷
551 1366 613 1416 qui
643 1366 717 1404 sine
740 1376 898 1419 tempore
915 1378 966 1406 est
986 1378 1019 1407 et
1047 1369 1238 1420 increatus,
1256 1372 1317 1422 qui

335 1426 415 1454 ante
433 1418 551 1455 onmia
580 1419 708 1456 saecula
732 1420 962 1459 ineffabiliter
981 1436 1026 1460 ex
1057 1423 1162 1461 Patre
1180 1424 1318 1474 genitus

335 1478 385 1506 est
404 1471 501 1508 Deus
520 1471 699 1519 Verbum,
720 1472 764 1510 de
781 1487 850 1523 quo
877 1477 1021 1526 Moyses
1041 1475 1106 1513 iste
1131 1477 1240 1515 verba
1259 1477 1315 1514 fa-

335 1536 412 1559 cere
429 1523 575 1560 minime
595 1525 711 1576 potuit
733 1541 740 1562 :
772 1535 807 1563 at
828 1540 892 1578 ego
921 1528 1064 1564 Omnia
1089 1542 1246 1579 possum
1276 1532 1318 1568 ιή

336 1590 378 1612 eo
399 1578 465 1627 qui
491 1590 549 1613 me
567 1579 777 1629 confortat,
801 1592 926 1631 nempe
945 1579 1098 1617 Christo.
1118 1581 1201 1619 Haec
1218 1582 1317 1633 apud

336 1641 372 1664 se
392 1627 617 1667 considerans
645 1631 798 1668 Joanues
828 1632 1021 1683 apostolus,
1042 1641 1074 1670 et
1089 1633 1317 1685 scriptorium

334 1680 510 1718 calamum
533 1695 640 1718 manu
667 1691 802 1732 tenens,
837 1698 878 1721 ae
910 1693 1026 1721 mente
1049 1685 1197 1724 volvens
1223 1687 1316 1725 unde

335 1731 478 1770 initium
517 1733 664 1771 duceret
698 1734 743 1772 de
779 1735 968 1774 divinitate
1006 1737 1115 1775 verba
1145 1738 1297 1777 faciendi

1306 1771 1315 1787 ’
1330 1774 1376 1798 133

1295 238 1468 270 spuma,

1395 319 1532 373 θρώπου
1547 323 1786 375 διηγουμένην.
1804 327 1857 364 Οὐ
1876 326 1944 380 γὰρ
1964 327 2077 365 λείπει
2097 330 2140 379 τῇ
2157 327 2374 381 Ἐκκλησία,
2393 329 2414 367 ἃ

1393 382 1472 435 περὶ
1485 383 1615 422 τούτων
1633 384 1762 438 ἔγραψε
1780 388 1934 434 Menoe-‘Ee
1952 388 2031 440 περὶ
2050 391 2194 442 οὐρανοῦ
2219 405 2257 427 τε
2278 390 2337 427 καὶ
2351 393 2415 441 γῆς

1394 444 1453 481 καὶ
1473 446 1654 483 θαλασσῶν
1676 446 1734 484 καὶ
1752 446 1879 498 ἰχθύων
1899 448 1958 486 καὶ
1976 452 2141 487 πετεινῶν
2161 449 2220 487 καὶ
2244 449 2414 503 τετραπό-

1393 504 1472 551 δων,
1493 505 1553 542 καὶ
1570 507 1721 558 ἑρπετῶν
1741 507 1800 545 καὶ
1815 511 1928 561 φυτῶν
1945 509 2004 547 καὶ
2021 510 2230 563 σπερμάτων
2255 510 2314 549 καὶ
2338 526 2414 563 φω-

1393 565 1528 620 στήρων
1548 568 1608 605 καὶ
1628 567 1824 621 βρωμάτων
1853 569 1912 607 καὶ
1943 571 2068 617 λοιπῆς
2095 571 2257 616 κτίσεως·
2281 571 2350 623 ἐγὼ
2377 572 2414 610 δὲ

1390 626 1506 665 πάντα
1525 628 1570 667 τὰ
1590 630 1659 668 ἀπὸ
1677 629 1802 683 χρόνου
1828 630 1888 668 καὶ
1917 632 1951 669 ἐν
1982 631 2096 685 χρόνῳ
2121 633 2287 684 γινόμενα
2305 650 2414 672 κατα-

1390 688 1674 741 λείψας,λαλήσω
1689 690 1768 745 περὶ
1787 695 1846 730 τοῦ
1863 692 2011 746 ἀχρόνου
2023 693 2082 732 καὶ
2098 693 2261 732 ἀκτίστου
2275 700 2334 733 τοῦ
2346 695 2414 748 πρὸ

1392 749 1532 788 πάντων
1551 754 1619 789 τῶν
1641 751 1774 790 αἰώνων
1806 755 1846 791 ἐκ
1872 759 1932 792 τοῦ
1951 754 2090 806 Πατρὸς
2113 754 2271 807 ἀρρήτως
2288 771 2415 806 γεννη-

1393 809 1505 855 θέντος
1519 814 1609 851 Θεοῦ
1628 813 1741 866 Λόγου
1753 845 1762 862 ,
1780 814 1860 868 περὶ
1881 808 1917 853 οὗ
1938 817 2092 861 Mnus-“aq
2107 809 2204 858 οῧτος
2225 817 2332 853 εἰπεῖν
2352 818 2414 854 οὐκ

1394 871 1556 923 ἴσχυσεν·
1579 873 1648 925 ἐγὼ
1676 874 1711 913 δὲ
1740 876 1865 914 Πάντα
1895 875 2004 927 ἰσχύω
2033 878 2067 914 ἐν
2095 879 2144 928 τῷ
2170 876 2415 927 ἐνδυναμοῦντί

1395 949 1438 983 με
1459 935 1613 987 Χριστῷ.
1634 937 1756 974 Ταῦτα
1779 938 1813 975 ἐν
1832 939 1944 989 ἐαυτῷ
1965 937 2198 988 σκεπτόμενος
2220 940 2237 975 ὃ
2263 937 2414 976 ἀπόστο-

1393 996 1450 1038 λος
1474 994 1638 1041 Ἰωάννης
1653 1026 1662 1043 ,
1690 996 1748 1034 καὶ
1767 997 1824 1035 τὸν
1844 997 2011 1050 γραφικὸν
2029 998 2186 1047 κάλαμον
2204 1000 2238 1035 ἐν
2257 1000 2300 1049 τῇ
2320 998 2413 1050 χειρὶ

1392 1055 1564 1107 κατέχων,
1581 1056 1640 1093 καὶ
1655 1059 1776 1095 ἐννοῶν
1796 1061 1869 1101 πῶς
1883 1062 1945 1105 τῆς
1959 1058 2134 1110 θεολογίας
2149 1058 2295 1111 ἄρξηται
2305 1090 2314 1108 ,
2334 1059 2414 1111 χαί-

1395 1131 1460 1168 ρων
1479 1116 1539 1166 μὲν
1560 1120 1601 1168 τῇ
1624 1119 1718 1169 ψυγῆ
1731 1147 1740 1165 ,
1759 1118 1895 1171 τρέμων
1917 1118 1953 1156 δὲ
1969 1122 2011 1170 τῇ
2037 1119 2129 1172 χειρὶ
2156 1120 2339 1173 μετάρσιος
2356 1120 2411 1172 γί-

1391 1191 1506 1225 νεται,
1526 1178 1585 1215 καὶ
1602 1180 1652 1230 τῷ
1668 1178 1806 1229 σώματι
1827 1181 1860 1217 ἐν
1880 1179 2019 1231 Ἐφέσῳ
2039 1179 2086 1217 ὢν
2106 1182 2149 1231 τῇ
2168 1184 2305 1233 καθαρᾷ
2321 1197 2410 1234 καρ-

1391 1237 1447 1291 δίᾳ
1473 1241 1524 1290 τῷ
1543 1238 1717 1290 πνεύματι
1739 1239 1910 1293 μετέωρος
1934 1243 2085 1293 ὑπῆρχε.
2113 1241 2337 1293 Καταλείψας
2356 1237 2413 1281 οῦν

1388 1305 1505 1337 πᾶσαν
1534 1299 1597 1347 τὴν
1629 1303 1706 1352 γῆν,
1739 1300 1924 1353 διεπέρασε
1949 1302 2006 1340 τὸν
2035 1304 2070 1339 ἐν
2093 1301 2188 1353 μέσῳ
2221 1302 2413 1354 κεχυμένον

1388 1359 1496 1412 ἀέρα,
1528 1360 1733 1413 παρέδραμε
1762 1360 1825 1406 τὰς
1855 1364 1924 1399 τῶν
1958 1361 2111 1415 ἀστέρων
2143 1363 2412 1414 διακοσμήσεις,

1388 1423 1546 1474 παρῆλθε
1563 1422 1626 1466 τὰς
1641 1423 1805 1476 στρατιὰς
1823 1426 1892 1461 τῶν
1914 1423 2087 1475 ἀγγέλων,
2108 1423 2170 1467 τὰς
2189 1426 2257 1461 τῶν
2279 1426 2426 1477 ἀρχαγ-ι

1387 1483 1496 1534 γέλων
1525 1484 1778 1536 χοραστασίας,
1798 1484 1857 1523 καὶ
1877 1485 1991 1528 πάσας
2007 1485 2068 1529 τὰς
2086 1484 2204 1537 νοερὰς
2229 1485 2411 1536 δυνάμεις,

1388 1545 1569 1598 Χερουὸὶμ
1592 1546 1652 1583 καὶ
1679 1546 1841 1598 Σεραφὶμ
1859 1546 2024 1598 τάγματα
2036 1577 2045 1594 ,
2065 1547 2123 1584 καὶ
2139 1546 2275 1594 πάντα,
2295 1546 2359 1584 ὅσα
2375 1546 2411 1591 ἐξ

1387 1608 1448 1644 οὐκ
1464 1606 1569 1644 ὄντων
1586 1606 1754 1660 παρήχθη
1767 1637 1777 1654 ,
1800 1606 1966 1645 κατέλιπε
1979 1636 1988 1653 ,
2017 1607 2075 1645 καὶ
2095 1606 2247 1659 ὑπερέὸη
2275 1607 2411 1652 πάντας

1385 1666 1463 1710 τοὺς
1479 1666 1641 1719 οὐρανοὺς
1659 1697 1666 1714 ,
1684 1668 1743 1705 καὶ
1761 1667 1825 1706 ὅσα
1842 1669 1903 1705 οὐκ
1918 1663 1960 1714 ἦν
1977 1668 2193 1721 παρέδραμε.
2209 1668 2411 1721 Προσήγγι-

1388 1744 1425 1766 σε
1448 1727 1524 1771 τοὺς
1545 1728 1642 1779 ὅρους
1665 1732 1734 1766 τῶν
1756 1729 1960 1781 ἅνεφίκτων,
1981 1729 2041 1767 καὶ
2061 1729 2167 1772 οὐδεὶς
2183 1732 2200 1766 6
2214 1728 2357 1767 κωλύων
2386 1729 2409 1776 ἢ

333 1785 450 1822 anima
469 1785 613 1836 quidem
634 1787 803 1838 gaudens,
823 1788 883 1826 sed
902 1803 1008 1826 manu
1031 1798 1182 1829 tremens
1201 1792 1237 1830 in
1257 1806 1316 1831 su-
1341 1814 1365 1839 A
1388 1789 1582 1841 ἐμποδίζων
1610 1789 1672 1837 τὴν
1703 1790 1824 1828 τούτου
1851 1791 1983 1829 ἄνοδον.
2004 1792 2081 1834 Πᾶς
2098 1789 2166 1843 γὰρ
2189 1791 2334 1834 ἄσπιλος
2360 1793 2411 1844 τῷ

335 1837 445 1875 blime
460 1838 609 1886 tollitur,
629 1849 661 1877 et
679 1854 825 1892 corpore
842 1855 924 1878 cum
943 1851 1030 1879 esset
1049 1842 1195 1895 Ephesi,
1212 1845 1317 1883 corde

334 1904 425 1941 puro
444 1905 484 1928 ac
518 1891 645 1942 spiritu
668 1902 788 1944 raptus
820 1893 856 1931 in
889 1894 1003 1931 altum
1033 1904 1119 1933 erat.
1140 1897 1315 1936 Derelicta

334 1943 446 1993 igitur
462 1943 626 1982 universa
653 1953 759 1996 terra,
779 1946 899 1983 fusum
920 1946 955 1983 in
975 1947 1093 1985 medio
1120 1962 1236 1987 aerem
1256 1965 1318 2002 pe-

335 1996 504 2044 netravit,
541 1996 724 2035 stellarum
754 1997 896 2036 ordines
922 1999 1136 2051 praeterivit,
1173 2003 1316 2053 angelo-

335 2062 415 2085 rum
448 2048 626 2086 exercitus
654 2059 904 2101 praetervectus
932 2060 1003 2102 est,
1025 2053 1319 2104 archangelorum

335 2100 460 2138 choros
496 2115 686 2153 omnesque
714 2103 916 2155 spirituales
932 2104 1098 2150 virtutes,
1124 2106 1319 2146 Cherubim

334 2162 368 2190 et
387 2153 577 2205 Seraphim
595 2156 740 2206 agmina
765 2165 798 2194 et
827 2157 945 2194 omnia
967 2171 1200 2209 quaecumque
1232 2175 1318 2213 pro*

334 2205 441 2243 ducta
461 2215 542 2244 sunt
562 2221 607 2244 ex
627 2207 740 2246 nihilo
753 2238 762 2255 ,
802 2208 1014 2260 dereliquit,
1035 2224 1226 2261 omnesque
1251 2227 1320 2251 cm-

334 2257 387 2295 los
411 2258 641 2309 transcendit,
663 2270 696 2297 et
712 2275 945 2312 quaecumque
962 2276 1032 2299 non
1051 2272 1150 2300 erant
1167 2274 1317 2316 praeter—-

335 2323 474 2361 gressus
494 2321 558 2349 est.
578 2313 891 2364 Appropinquavit
909 2314 1086 2353 limitibus
1105 2330 1229 2354 eorum
1241 2332 1318 2368 quae

336 2377 438 2400 nemo
466 2363 605 2414 assequi
629 2374 764 2416 potest,
791 2380 854 2404 nec
875 2366 971 2404 ullus
998 2367 1136 2406 obstitit
1169 2383 1232 2407 nee
1250 2375 1318 2408 im-

335 2415 474 2467 pedivit
497 2417 574 2468 cjus
596 2431 790 2456 ascensum.
810 2420 902 2457 Nam
929 2420 1142 2472 quicumque
1173 2435 1318 2475 corpore

334 2477 386 2505 est
414 2468 662 2509 immaculatus
694 2479 727 2508 et
756 2470 860 2509 corde
884 2486 997 2524 purus
1015 2482 1048 2510 et
1072 2473 1190 2511 anima
1210 2474 1316 2513 inno-

335 2534 415 2558 cens
431 2530 464 2558 et
488 2521 634 2559 humilis
661 2523 803 2575 spiritu,
825 2538 938 2575 neque
953 2526 998 2563 ab
1024 2526 1114 2564 aeris
1133 2527 1317 2579 spiritibus

336 2573 542 2624 impeditur,
563 2588 673 2625 neque
694 2590 713 2613 a
732 2576 932 2615 caelestibus
953 2579 1184 2630 potestatibus
1203 2580 1238 2618 in
1258 2595 1317 2619 su-

335 2640 481 2676 pernam
503 2627 687 2665 ascendere
701 2629 898 2668 Jerusalem
921 2631 1218 2682 prohibetur,ubi
1233 2647 1317 2671 cun-

336 2678 381 2714 cti
402 2677 492 2715 beati
509 2690 778 2731 congregantur,
800 2682 891 2720 sicut
908 2683 966 2720 hic
993 2684 1117 2722 beatus
1137 2686 1316 2737 apostolus

335 2729 451 2767 minor
471 2732 641 2781 Joannes,
661 2742 694 2770 et
719 2748 847 2785 magno
875 2745 994 2774 sancto
1023 2737 1156 2775 Joanne
1184 2739 1310 2790 major.

337 2782 403 2819 Per
424 2796 544 2820 omnes
573 2798 655 2835 crgo
675 2787 898 2837 pertransiit,
927 2802 990 2825 nec
1009 2788 1104 2826 nllus
1124 2804 1160 2827 se
1177 2790 1232 2828 illi
1252 2805 1316 2843 op-

335 2835 465 2885 posuit.
483 2836 607 2885 Angeli
626 2839 758 2889 quippe
775 2849 952 2878 cernentes
970 2841 1151 2880 hominem
1163 2842 1207 2880 de
1224 2852 1313 2881 terra

334 2900 574 2937 progressum,
591 2890 724 2940 angelis
750 2892 1015 2943 gloriosiorem,
1038 2894 1130 2932 nihil
1147 2895 1314 2934 habentes

333 2941 429 2988 quod
462 2938 639 2987 dicerent,
660 2943 962 2982 conticescebant:
990 2946 1197 2997 angelorum
1229 2961 1313 2986 vero

333 2991 432 3028 chori
452 2991 601 3028 alterum
621 2992 665 3029 de
684 3002 774 3031 terra
792 2997 957 3047 angelum
972 3027 982 3044 ,
1002 2999 1204 3049 virginitate
1230 3000 1315 3038 illu-

332 3052 439 3081 strem
453 3073 463 3091 ‚
492 3044 674 3083 sanctitate
698 3047 887 3097 repletum,
909 3049 1013 3088 corde
1040 3066 1194 3102 purum,
1213 3054 1315 3091 suavi

332 3095 457 3133 ordore
484 3095 738 3135 redundantem
760 3100 908 3137 retinere
929 3115 996 3139 non
1022 3104 1098 3140 ausi
1123 3113 1215 3142 sunt.
1235 3106 1313 3143 Cae-

332 3148 448 3185 lorum
475 3158 586 3200 portae
613 3163 735 3187 rursus
763 3151 968 3190 inusitatum
993 3155 1132 3194 vultum
1153 3157 1314 3196 videntes

330 3200 590 3249 glorificatum,
615 3201 674 3251 qui
699 3216 816 3241 sacros
843 3203 961 3242 radios
991 3206 1166 3246 solaribus
1197 3210 1312 3260 splen—

328 3252 482 3291 didiores
501 3253 693 3294 emittebat.
719 3263 751 3292 et
770 3269 851 3293 eum
870 3270 942 3294 esse
961 3258 1190 3309 suspicantes,
1208 3275 1312 3311 quem

326 3304 498 3355 diligebat
517 3308 632 3354 Jesus,
653 3307 712 3357 qui
735 3321 842 3360 supra
863 3318 985 3360 pectus
1004 3311 1079 3361 ejus
1099 3313 1210 3350 multa
1231 3327 1310 3351 cnm

326 3359 480 3407 puritate
504 3358 726 3405 recubuerat,
742 3360 835 3398 unde
860 3370 956 3399 tanta
981 3362 1084 3400 illum
1109 3364 1221 3413 gloria
1243 3366 1310 3402 cir-

326 3411 515 3460 cumfudit,
532 3411 648 3450 subito
668 3422 825 3452 reseratae
845 3414 1044 3466 ingressum
1060 3417 1304 3468 permiserunt.

1342 2724 1362 2752 B

1387 1850 1542 1902 σώματι,
1559 1851 1707 1904 καθαρὸς
1726 1851 1761 1889 δὲ
1781 1855 1823 1904 τῇ
1845 1851 1990 1903 καρδίᾳ,
2023 1852 2082 1890 καὶ
2101 1851 2165 1898 τὴν
2183 1850 2296 1903 ψυχὴν
2324 1851 2416 1890 ἄκα-

1387 1929 1467 1962 κος,
1499 1911 1557 1950 καὶ
1577 1913 1736 1956 ταπεινὸς
1766 1915 1816 1965 τῷ
1837 1912 2030 1964 πνεύματι,
2050 1912 2128 1951 οὔτε
2155 1913 2220 1951 ὑπὸ
2237 1915 2306 1950 τῶν
2323 1915 2416 1964 ἀερι-

1387 1975 1456 2011 κῶν
1476 1972 1683 2024 πνευμάτων
1705 1974 1948 2024 ἐμποδίζεται,
1969 1973 2046 2012 οὔτε
2070 1974 2137 2012 ὑπὸ
2154 1976 2222 2011 τῶν
2243 1972 2414 2026 οὐρανίων

1388 2035 1564 2086 δυνάμεων
1577 2034 1749 2073 κωλύεται
1766 2037 1918 2073 ἀνελθεῖν
1936 2037 1983 2078 εἰς
1999 2034 2061 2081 τὴν
2077 2035 2149 2073 ἅνω
2167 2033 2414 2096 Ἰερουσαλὴμ,

1388 2096 1468 2135 ἔνθα
1493 2096 1620 2139 πάντες
1640 2097 1670 2134 οἱ
1693 2095 1859 2149 μακάριοι
1882 2095 2109 2148 συνάγονται,
2134 2094 2252 2147 ὥσπερ
2281 2098 2378 2139 οὗτος
2397 2098 2415 2133 ὁ

1389 2158 1559 2209 μακάριος
1579 2157 1768 2200 ἀπόστολος
1786 2161 1803 2196 6
1823 2157 2025 2209 μικρότερος
2044 2156 2211 2203 Ἰωάννης
2226 2187 2235 2204 ,
2260 2155 2320 2194 καὶ
2340 2155 2414 2218 μεί-

1389 2221 1454 2263 ζων
1485 2222 1544 2256 τοῦ
1570 2219 1722 2270 μεγάλου
1753 2219 1849 2269 ἁγίου
1868 2218 2047 2256 Ἰωάννου.
2081 2217 2150 2255 Διὰ
2183 2218 2322 2256 πάντων
2354 2220 2411 2255 οὐν

1387 2282 1563 2334 παρῆλθε,
1606 2280 1665 2318 καὶ
1700 2279 1808 2322 οὐδεὶς
1837 2281 1855 2316 6
1888 2277 2110 2317 ἀντιὸαίνων.
2147 2277 2306 2328 Ἄγγελοι
2343 2277 2411 2329 γὰρ

1387 2344 1533 2394 ὁρῶντες
1550 2340 1617 2378 ἀπὸ
1636 2343 1700 2391 γῆς
1715 2340 1895 2392 ἄνθρωπον
1912 2339 2065 2390 ἀγγέλ(-)ν
2087 2338 2311 2389 ἐνδοξότερον,
2336 2353 2410 2388 μη-

1389 2403 1442 2442 δὲν
1459 2402 1594 2456 ἔχοντες
1611 2404 1733 2449 εἰπεῖν,
1753 2400 1913 2439 ἐσιώπων
1924 2417 1931 2424 ·
1947 2403 1977 2438 οἱ
1992 2403 2059 2438 τῶν
2079 2399 2235 2452 ἀγγέλων
2260 2399 2295 2437 δὲ
2313 2399 2412 2452 χοροὶ

1388 2449 1576 2503 ἅλλονιᾶπο
1594 2466 1658 2514 γῆς
1675 2463 1819 2514 ἄγγελον
1839 2463 2000 2515 λαμπρὸν
2017 2463 2060 2512 τῇ
2081 2459 2248 2513 παρθενίᾳ
2261 2490 2270 2507 ,
2291 2460 2410 2512 πλήρη

1388 2527 1582 2576 ἁγιασμοῦ,
1605 2524 1756 2577 καθαρὸν
1781 2526 1823 2574 τῇ
1841 2522 1986 2576 καρδία,
2016 2520 2306 2573 ἐμπεπλησμένον
2329 2523 2411 2560 εὐω-

1388 2586 1462 2630 δίας
1491 2590 1679 2637 κατασχεῖν
1713 2586 1775 2622 οὐκ
1794 2582 2002 2634 ἐτόλμησαν.
2023 2584 2069 2620 Αἱ
2084 2582 2193 2620 πύλαι
2211 2584 2280 2619 τῶν
2305 2585 2406 2634 οὖρα-

1386 2650 1453 2686 νῶν
1467 2648 1573 2686 πάλιν
1589 2648 1721 2685 ἰδοῦσαι
1736 2644 1828 2690 ξένον
1844 2643 2029 2697 πρόσωπον
2045 2642 2305 2693 δεδοξασμένον,
2323 2642 2411 2696 ὑπὲρ

1386 2709 1442 2747 τὸν
1458 2708 1556 2756 ἥλιον
1573 2708 1665 2752 θείας
1679 2710 1819 2750 ἀκτῖνας
1837 2704 2092 2743 ἀποστίλὸοντα
2103 2731 2112 2749 ,
2127 2703 2186 2740 καὶ
2202 2706 2410 2743 ὑπονοοῦσαι

1386 2775 1502 2808 τοῦτον
1524 2764 1632 2817 εἶναι,
1652 2769 1688 2807 ὃν
1707 2767 1829 2818 ἠγάπα
1846 2769 1863 2804 6
1881 2766 2034 2812 Ἰησοῦς,
2062 2764 2120 2802 τὸν
2149 2766 2183 2803 ἐν
2213 2766 2262 2817 τῷ
2291 2765 2408 2812 στήθει

1387 2832 1491 2866 αὐτοῦ
1519 2831 1553 2867 ἐν
1582 2829 1695 2878 πολλῇ
1715 2825 1926 2877 καθαρότητι
1947 2822 2181 2871 ἀναπεσόντα,
2202 2822 2277 2861 ὅθεν
2305 2824 2364 2861 καὶ
2385 2827 2406 2870 ἡ

1386 2888 1527 2936 τοιαύτη
1557 2890 1650 2939 αὐτῷ
1678 2885 1760 2930 δόξα
1790 2884 2038 2939 περικέχυται,
2072 2883 2266 2944 σπουδαίως
2299 2887 2406 2936 ἀνεῳ-

1385 2951 1522 2998 χθεῖσαι
1557 2945 1620 2992 τὴν
1654 2944 1782 2983 εἴσοδον
1813 2943 2051 2995 παρεχώρουν.
2090 2944 2178 2980 Εἶτα
2217 2942 2409 2989 ἐπλησίασε

1385 2992 1513 3043 λέίπων
1534 3003 1578 3041 τὰ
1598 3002 1808 3041 ἀνεπίὸατα·
1826 3000 1970 3052 ἔφθασεν
1988 3003 2033 3044 εἷς
2053 3001 2110 3038 τὸν
2131 3000 2203 3038 ἀνω
2225 2999 2340 3050 βυθόν.
2360 3000 2407 3037 Τί

1385 3058 1442 3101 οῦν
1461 3065 1605 3115 ἐροῦμεν
1622 3062 1706 3114 πρὸς
1716 3064 1845 3106 ταῦτα,
1862 3058 2009 3106 Ἀληθὴς
2024 3063 2045 3106 ἧ
2064 3059 2136 3097 θεία
2157 3059 2253 3111 φωνὴ
2276 3058 2333 3096 διὰ
2348 3064 2407 3097 τοῦ

1386 3121 1560 3174 προφήτου
1578 3119 1726 3171 λέγουσα
1738 3148 1747 3166 ,
1766 3118 1856 3155 Ἀλλ’
1875 3116 1898 3162 ἢ
1918 3115 1996 3160 τοὺς
2014 3116 2213 3160 δοξάζοντάς
2235 3133 2278 3166 με
2303 3115 2403 3159 δοξά-

1385 3195 1435 3217 σω
1449 3195 1456 3202 ·
1476 3178 1591 3221 καθὼς
1610 3177 1689 3230 περὶ
1708 3175 1828 3214 τούτου
1854 3175 1913 3212 καὶ
1938 3179 1955 3213 6
1976 3174 2155 3227 θεοπάτωρ
2171 3174 2280 3212 Δαυὶδ
2299 3188 2405 3226 προε-

1384 3238 1563 3289 φήτευσεν,
1582 3236 1670 3274 ζὈτι
1685 3239 1745 3272 τοῦ
1766 3236 1857 3273 Θεοῦ
1880 3237 1910 3271 οἱ
1931 3233 2090 3286 κραταιοὶ
2109 3236 2170 3278 τῆς
2189 3234 2253 3282 γῆς
2273 3232 2403 3283 σφόδρα

1384 3295 1586 3346 ἐπήρθησαν
1600 3310 1607 3317 ·
1632 3293 1692 3332 καὶ
1708 3293 1827 3339 πάλιν,
1845 3293 1927 3334 Τοῖς
1948 3291 2056 3342 ἁγίοις
2071 3296 2140 3333 τοῖς
2158 3292 2192 3327 ἐν
2213 3292 2255 3341 τῇ
2274 3293 2318 3340 γῇ
2340 3292 2402 3326 αὖ-

1382 3357 1441 3391 τοῦ
1463 3352 1729 3403 ἐθαυμάστιι)σεν
1749 3354 1766 3389 ὃ
1785 3350 1908 3403 Κύριος
1929 3349 2043 3387 πάντα
2064 3349 2107 3386 τὰ
2127 3347 2307 3399 θελήματα
2335 3349 2399 3385 αὖ-

1382 3413 1440 3448 τοῦ
1457 3412 1490 3448 ἐν
1508 3412 1632 3454 αὐτοῖς.
1650 3412 1683 3448 Τ
1688 3409 1698 3446 ι’
1716 3408 1781 3460 γὰρ
1802 3410 1914 3459 μεῖζον
1936 3407 2055 3445 τούτου
2071 3409 2129 3444 τοῦ
2147 3405 2336 3455 θαύματος,
2353 3406 2399 3445 εἰς
