2481 3678
67 1558 249 1598 Rlatlli.9.2.

72 2903 205 2933 furullfi,ss
225 2902 254 2941 ’ί

285 207 375 263 244
728 222 765 252 s.

280 311 395 339 nosset
426 302 507 353 quis
543 303 602 340 ille
634 312 721 341 essct
753 302 817 355 qui
847 304 966 356 ipsum
998 300 1262 353 interrogabat,

279 363 526 415 ignoraretque
536 378 572 402 se
585 365 630 402 ab
648 365 710 403 illo
723 365 919 403 sanandum
934 365 1007 402 sore
1019 380 1030 415 3
1052 372 1204 401 attamen
1216 362 1265 398 lc-

279 425 371 462 niter
397 427 514 463 omnia
532 436 668 475 narrat,
691 441 754 464 nec
783 426 967 478 quidpiam
986 424 1160 477 postulat,
1181 432 1220 460 ut
1240 423 1265 459 ii

278 485 338 536 qui
368 486 547 524 medicum
569 487 810 538 alloquuntur,
834 486 894 524 sed
910 485 1025 523 morbi
1046 485 1101 523 sui
1129 493 1266 521 tantum

802 218 984 252 JOANMS
1018 217 1261 250 CHRYSOST.
1271 218 1454 248 ,metitur
1464 240 1471 249 .
1511 220 1866 251 CONSTANTINOP-

1335 300 1410 351 ᾔδει
1443 301 1494 344 τίς
1522 317 1606 339 ποτε
1634 296 1675 349 ἦν
1705 305 1723 340 ὃ
1751 304 1911 354 ἐρωτῶν,
1946 301 2022 339 οὐῗὲ
2051 302 2104 340 ὅτι
2134 302 2359 356 θεραπεύσειν

1337 362 1437 400 αὐτὸν
1447 362 1588 413 ἔμελλεν
1599 379 1606 386 ·
1624 363 1702 401 ἀλλ’
1713 364 1807 413 ὅμως
1823 363 1910 414 μετὰ
1923 363 2108 407 ἐπιεικείας
2123 364 2261 403 ἅπαντα
2275 366 2353 411 διη-

1336 428 1470 474 γεῖται,
1499 424 1557 462 καὶ
1586 424 1690 463 πλέον
1721 423 1816 463 οὐδὲν
1854 426 2015 473 ἀπαιτεῖ,
2049 427 2095 468 ὡς
2123 425 2208 476 πρὸς
2239 426 2356 477 ἰατρὸν

1339 484 1566 536 φθεγγόμενος
1581 515 1591 532 ,
1623 485 1682 523 καὶ
1707 485 1746 523 τὸ
1770 485 1877 528 πάθος
1903 487 2114 537 ἀπαγγεῖλαι
2139 486 2240 537 μόνον
2271 488 2355 537 βου-

277 550 449 587 rationem
464 551 629 602 explicat.
647 550 887 602 Exspectabat
903 550 1048 587 fortasse
1061 547 1097 585 id
1114 538 1266 585 subsidii
1290 555 1312 584 E
1338 545 1491 596 λόμενος.
1512 547 1759 599 Προσεδόκησε
1776 545 1844 598 γὰρ
1865 545 1949 589 ἴσως
1972 549 2018 589 εἷς
2036 551 2137 585 τοῦτο
2161 547 2357 600 χρησιμεύ-

276 610 470 648 allaturum
489 611 557 662 ipsi
578 611 761 649 Christum
788 625 872 660 esse,
893 619 932 647 ut
951 609 986 647 in
1007 622 1135 660 aquam
1154 607 1264 660 conji-

277 680 367 708 ceret
382 701 391 719 ,
421 680 455 709 et
472 671 568 708 hisce
589 672 707 710 verbis
725 671 868 709 volebat
893 671 1012 723 ipsum
1031 669 1076 707 ad
1093 683 1169 707 eam
1189 683 1263 706 rem

275 732 427 770 allicere.
443 732 543 780 Quid
557 746 639 783 ergo
657 733 819 771 Christus
833 732 849 770 P
865 731 1063 770 Ostendens
1087 745 1123 768 sc
1154 729 1262 770 verbo

275 794 391 831 omnir
410 809 523 846 posse,
555 794 593 833 8.
610 795 740 847 Surge,
758 794 889 844 inquit,
922 794 1013 831 tolle
1029 794 1262 845 grabbatum

275 865 395 902 tuum,
417 865 453 894 et
467 857 640 894 ambula.
664 856 820 905 Quidam
839 864 966 908 putant
982 855 1078 892 hunc
1096 853 1260 892 eumdem

1337 621 1409 643 σειν
1429 609 1521 658 αὐτῷ
1540 607 1596 645 τὸν
1616 607 1780 659 Χριστὸν,
1804 609 1850 650 εἷς
1870 607 1908 645 τὸ
1924 608 2088 658 ἓμῧαλεῖν
2113 609 2160 650 εἷς
2187 607 2226 645 τὸ
2250 607 2354 660 ὕδωρ,

1337 667 1395 704 καὶ
1425 668 1481 705 διὰ
1512 668 1642 706 τούτων
1670 668 1771 706 αὐτὸν
1796 667 2054 706 ἐπισπάσασθαι
2083 671 2150 706 τῶν
2190 668 2354 721 ῥημάτων

1337 728 1508 778 βούλεται.

1334 789 1447 827 πάντα
1464 790 1605 828 δύναται
1620 797 1742 835 ποιεῖν,
1756 789 1928 842 ’Έγειραι,
1943 805 2058 842 φησιν,
2076 793 2155 843 ἀρον
2171 791 2227 829 τὸν
2247 790 2356 843 κράδ-

1653 724 1672 732 Ν

1551 729 1597 767 'li
1634 733 1690 767 οὐν
1720 727 1758 766 ‘6
1794 727 1966 780 Χριστός,
2000 728 2143 772 Δεικνυς
2177 746 2231 768 οτι
2261 729 2355 782 λόγῳ

1334 851 1437 889 δαῖον
1455 868 1537 900 σου,
1556 869 1614 890 καί.
1631 852 1828 905 περιπάτει.
1847 850 1948 894 Τινὲς
1969 850 2031 902 ῑιὲν
2051 855 2105 889 Οῧν
2128 867 2256 890 morton
2274 868 2351 891 TOU⁴

273 917 390 969 ipsum
410 932 482 956 esse
502 918 562 969 qui
583 917 679 970 apud
696 918 907 956 Matthaeum
919 918 1023 969 jacet.
1040 918 1084 954 At
1104 930 1172 954 non
1192 926 1257 964 est,
1271 945 1316 970 212
1333 928 1389 951 τον
1407 907 1494 951 εἰναι
1510 914 1566 951 τὸν
1587 916 1620 952 ἐν
1642 929 1692 951 τω
1706 913 1876 964 ΜατΟαίῳ
1896 912 2065 963 κείμενον.
2082 912 2172 951 Ἀλλ’
2192 915 2253 951 οὐκ
2268 914 2354 953 ἔστι·

274 987 312 1015 ut
325 979 490 1030 pluribus
503 979 721 1030 aigumentis
735 979 1006 1016 demonstratul.
1026 977 1147 1015 Primo
1164 977 1259 1028 quod
1283 983 1307 1012 Α
1332 973 1390 1011 καὶ
1421 990 1523 1013 τουτο
1543 973 1757 1026 πολλαχόθεν
1787 952 1893 1020 δηλόν
1924 975 2009 1011 ἐστι.
2038 973 2108 1011 Και
2136 990 2274 1027 πρωτον
2291 974 2353 1026 μὲν

272 1038 330 1076 hie
351 1039 527 1077 neminem
552 1040 695 1077 haberet
718 1054 754 1078 se
775 1049 971 1086 curantem,
990 1038 1051 1075 ille
1066 1052 1149 1075 vero
1167 1038 1258 1075 mul-

271 1110 325 1139 tos
345 1100 407 1151 qui
427 1115 462 1138 se
489 1109 650 1138 curarent
680 1109 783 1151 atque
816 1108 988 1150 gestarent
1009 1114 1016 1133 :
1033 1097 1179 1148 ideoque
1197 1098 1257 1134 hic

269 1162 426 1211 dicebat,
449 1164 658 1199 Hominem
693 1175 770 1198 non
802 1162 937 1197 habeo.
966 1158 1104 1196 Deinde
1132 1172 1177 1195 ex
1202 1173 1255 1196 re-

269 1223 455 1275 sponsione
475 1223 597 1272 liquet.
620 1221 685 1259 Ille
710 1234 861 1271 namque
889 1219 979 1257 nihil
997 1218 1155 1270 loquitur
1166 1250 1176 1268 ‚
1196 1219 1255 1256 hic

268 1284 384 1322 omnia
411 1283 456 1321 ad
479 1298 514 1321 se
540 1281 731 1335 spectantia
758 1290 925 1319 recenset.
950 1279 1072 1317 Tertio
1096 1294 1141 1317 ex
1166 1289 1254 1318 tem-

267 1361 365 1399 pore.
388 1346 455 1384 Hic
474 1344 567 1383 enim
586 1345 620 1381 in
642 1345 728 1382 festo
747 1353 780 1381 et
793 1343 939 1381 sabbato
957 1351 1099 1380 sanatus
1117 1351 1179 1390 est,
1195 1342 1256 1380 ille

266 1411 302 1448 in
321 1410 380 1448 die
399 1409 479 1446 alia.
505 1409 620 1446 Locus
647 1421 788 1459 quoque
813 1406 974 1446 diversus
995 1413 1059 1442 est.
1082 1406 1174 1443 Nam
1194 1405 1254 1444 ille

265 1472 376 1518 domi,
385 1470 444 1509 hic
457 1470 502 1508 ad
515 1470 688 1522 piscinam
700 1478 854 1507 curatur.
863 1467 995 1506 Modus
1005 1480 1252 1518 quoqueeura-

266 1533 372 1571 tionis
390 1532 553 1572 diversus
582 1540 645 1569 est.
666 1531 748 1569 Illic
768 1530 863 1569 enim
881 1529 987 1579 dicit,
1009 1529 1104 1577 Fili,
1124 1533 1252 1568 remit—

268 1604 400 1632 tuntur
416 1596 485 1632 tibi
495 1601 673 1644 peccata;
692 1592 751 1629 hic
767 1606 851 1629 vero
867 1605 994 1644 corpus
1008 1593 1123 1645 primo
1136 1601 1251 1639 sanat,

266 1666 453 1710 posteaque
472 1655 627 1692 animam
644 1662 757 1692 curat.
776 1653 856 1690 Illic
874 1654 1053 1705 remissio3
1084 1669 1166 1692 nam
1186 1654 1251 1703 ait,

266 1720 528 1757 Remittuntm‘
547 1718 616 1753 tihi
630 1723 789 1767 peccata
802 1730 817 1759 ,-
836 1714 896 1751 hic
915 1715 1090 1753 monitum
1105 1724 1138 1753 et
1157 1729 1254 1753 eom-

265 1778 426 1827 minatio,
441 1787 479 1815 ut
495 1776 563 1815 sibi
575 1776 610 1813 in
626 1785 807 1828 posterum
824 1785 957 1813 caveat.
978 1777 1074 1814 Noli
1086 1778 1253 1829 amplius

263 1853 436 1890 peccare,
462 1837 593 1888 inquit,
616 1850 662 1873 ne
691 1838 760 1873 tibi
789 1836 941 1888 aliquid
969 1838 1134 1875 deterius
1163 1851 1252 1875 con-

266 1903 403 1951 tingat.
435 1899 641 1938 Judaeorum
664 1910 803 1947 quoque
831 1898 1072 1935 accusationes
1102 1897 1251 1937 diversae

264 1970 358 1999 sunt.
382 1960 450 1997 Hic
469 1974 543 1997 rem
576 1959 610 1996 in
645 1957 791 1995 sabbato
821 1958 949 1995 factam
984 1968 1155 2010 arguunt,
1177 1959 1253 1997 illic

264 2036 344 2059 euin
364 2020 594 2073 blasphemiae
614 2028 789 2057 accusant.
808 2019 866 2056 Tu
884 2034 966 2057 vero
986 2020 1074 2057 mihi
1095 2019 1253 2058 conside-

265 2097 318 2120 res
347 2082 524 2133 ingentem
554 2080 619 2118 Dei
651 2079 870 2131 sapientiam.
899 2081 978 2117 Non
1011 2080 1104 2118 enim
1132 2081 1253 2119 statim

265 2145 382 2195 ipsum
402 2142 605 2191 suscitavit,
625 2140 684 2179 sed
707 2140 862 2192 primum
884 2140 1094 2179 sciscitando
1115 2142 1183 2179 sihi
1203 2142 1252 2179 fa-

266 2205 441 2242 miliarem
458 2203 587 2253 reddit,
605 2211 643 2239 ut
658 2200 741 2238 fidei
759 2201 855 2240 viam
878 2211 976 2252 paret
997 2218 1004 2238 :
1024 2216 1135 2254 neque
1148 2203 1253 2241 modo

267 2267 410 2305 :suscitat
442 2275 475 2303 et
494 2274 593 2303 sanat
602 2279 613 2314 3
636 2263 697 2301 sed
715 2262 821 2300 etiam
837 2263 940 2314 jubet
959 2264 1131 2303 lectulum
1153 2266 1254 2303 tolle-

267 2345 314 2378 re,
332 2339 370 2367 ut
386 2328 558 2367 miraculo
578 2326 686 2364 fidem
701 2325 855 2372 adderet,
872 2340 935 2364 nec
950 2337 1064 2378 posset
1077 2328 1254 2380 quispiam

266 2392 340 2429 hccc
359 2390 511 2443 speciem
533 2399 566 2427 et
594 2387 772 2425 fallaciam
804 2396 943 2425 tantum
969 2403 1043 2427 esse
1070 2390 1252 2442 suspicari.

268 2452 343 2490 Nisi
364 2452 456 2490 enim
478 2450 637 2488 membra
657 2449 758 2486 firma
783 2448 997 2500 robustaque
1016 2460 1129 2488 essent
1147 2451 1253 2502 facta,

269 2529 335 2551 non
370 2522 507 2565 poterat
534 2513 665 2550 lectum
699 2510 832 2547 tollere.
866 2509 942 2548 Hoc
972 2525 1056 2549 vero
1089 2511 1252 2550 Christus

271 2589 361 2626 saepe
380 2574 479 2622 facit,
495 2582 531 2610 ut
550 2571 663 2622 magis
678 2569 941 2623 impudentium
957 2571 1253 2611 calumniatorum

269 2650 329 2672 oia
360 2634 530 2672 obstruat.
561 2633 654 2670 Nam
680 2632 714 2668 in
747 2645 880 2683 panum
900 2632 1094 2683 miraculis,
1115 2647 1157 2671 ne
1174 2635 1254 2686 quis

268 2698 417 2745 diceret,
438 2696 578 2733 turbam
608 2703 744 2732 tantam
776 2694 940 2732 satiatam
968 2695 1089 2744 fuisse,
1111 2711 1255 2748 remque

268 2757 368 2795 illam
387 2771 459 2794 esse
482 2755 723 2807 phantasiam,
747 2755 886 2793 curavit
906 2755 967 2793 ille
986 2765 1024 2794 ut
1044 2757 1164 2795 multae
1182 2758 1254 2795 fra-

269 2827 492 2870 gmentorum
525 2815 681 2864 reliquiae
708 2817 1104 2868 superessent:leproso
1135 2827 1254 2856 autem

270 2879 439 2916 inundato
458 2876 545 2913 dicit
563 2892 570 2911 ε
590 2876 710 2921 Vade,
744 2878 899 2914 ostende
925 2885 960 2914 te
980 2879 1194 2923 sacerdoti5
1215 2888 1255 2916 ut

270 2940 377 2977 simul
407 2936 599 2975 curationis
633 2936 771 2972 sirmam
793 2935 899 2974 fidem
918 2938 1062 2986 faceret,
1082 2947 1115 2976 ct
1132 2954 1253 2978 corum

271 3002 329 3051 qni
351 3000 527 3041 «licebant,
548 2996 665 3047 ipsum
688 2995 747 3031 l)‹·i
771 2997 953 3047 praeceptis
971 2998 1167 3047 adversari,
1189 3001 1255 3038 im-

270 3061 426 3113 pudenti
420 3074 475 3096 nn
510 3057 768 3108 cmnprinurct.
804 3056 964 3107 idipsum
998 3058 1078 3096 fecit
1112 3061 1252 3110 quando

270 3123 395 3161 vinum
414 3121 449 3158 in
468 3133 595 3170 aquam
628 3116 918 3155 c‹›me1tit.Non
953 3120 1057 3158 modo
1084 3122 1177 3159 enim
1194 3124 1250 3161 vi-

1289 2460 1295 2467 =
1324 2441 1415 2479 λεύει
1428 2472 1438 2487 ,

1332 1035 1400 1073 ἀπὸ
1422 1038 1482 1081 τῆς
1504 1035 1650 1087 ἐρημίας
1669 1037 1736 1072 τῶν
1765 1033 2041 1086 προϊσταμένων.
2066 1034 2220 1078 Ἐκεῖνος
2237 1035 2353 1079 μέντοι

1329 1094 1477 1138 πολλους
1499 1089 1571 1147 εἶχε
1589 1111 1668 1138 τους
1684 1094 1975 1145 ἐπιμελουμένους
1990 1111 2048 1132 και
2066 1095 2242 1147 φέροντας,
2257 1091 2354 1139 οὗτος

1329 1154 1364 1192 δὲ
1383 1155 1514 1193 οὐδένα·
1528 1157 1580 1194 διὸ
1593 1172 1651 1194 και
1663 1156 1791 1206 ἔλεγεν,
1808 1154 2006 1208 Ἄνθρωπον
2021 1159 2082 1194 ουκ
2098 1156 2183 1208 ἔχω)
2202 1157 2248 1196 Ἴ
2250 1173 2353 1196 πειτα

1810 1215 1854 1253 ‘O
1876 1215 1937 1266 μὲν
1957 1216 2023 1268 γὰρ
2043 1216 2136 1255 οὖδεν
2155 1217 2352 1270 φθέγγεται·

1327 1271 1422 1320 οἶτος
1438 1276 1473 1314 >s
1497 1276 1612 1315 πάντα
1633 1279 1806 1329 διηγεῖται
1824 1276 1868 1314 τὰ
1889 1279 1965 1315 καθ’
1985 1277 2118 1316 ἑαυτόν.
2143 1277 2212 1316 Καὶ
2237 1278 2352 1331 τρίτον

1326 1338 1395 1376 ἀπὸ
1409 1342 1467 1376 τοῦ
1479 1342 1600 1390 καιροῦ
1615 1339 1673 1377 καὶ
1688 1342 1747 1376 τοῦ
1763 1337 1899 1391 χρόνου.
1916 1332 2027 1381 Οῧτος
2042 1337 2103 1389 μὲν
2118 1338 2184 1392 γὰρ
2199 1340 2232 1376 ἓν
2250 1341 2354 1392 ἑορτῇ

1324 1398 1383 1436 καὶ
1403 1401 1436 1437 ἐν
1454 1398 1638 1453 σαδὸάτῳ,
1656 1401 1783 1442 ἐκεῖνος
1803 1398 1838 1438 δὲ
1859 1400 1892 1436 ἐν
1910 1398 2010 1452 ἑτέρᾳ
2022 1399 2150 1453 ἡμέρᾳ.
2176 1400 2246 1439 Καὶ
2261 1403 2278 1438 ὃ
2297 1402 2354 1440 τό-

1327 1232 1386 1253 και
1406 1232 1444 1253 εκ
1458 1219 1518 1262 τῆς
1545 1216 1771 1268 ἀποκρίσεως.

1324 1476 1386 1503 πος
1406 1459 1440 1497 δὲ
1469 1460 1640 1513 ἑκατέρων
1664 1462 1834 1513 διάφορος.
1861 1459 1905 1498 Ὁ
1929 1462 1990 1511 μὲν
2009 1459 2076 1512 γὰρ
2093 1463 2126 1498 ἐν
2144 1461 2235 1515 οἰκία
2252 1465 2351 1514 Οερα-

1324 1522 1480 1570 πεύεται,
1497 1525 1514 1560 ὁ
1534 1521 1569 1561 δὲ
1585 1523 1681 1575 παρὰ
1700 1523 1762 1569 τὴν
1780 1521 2037 1574 κολυμὸήθραν.
2054 1521 2123 1559 Καὶ
2145 1522 2298 1573 ὁτρόπος
2315 1524 2350 1562 δὲ

1323 1585 1383 1629 τ’ἧς
1398 1582 1581 1635 Θεραπείας
1595 1582 1861 1635 ἐνηλλαγμένος.
1885 1581 1983 1620 Ἐκεῖ
2006 1581 2067 1631 μὲν
2086 1581 2153 1634 γάρ
2175 1598 2275 1634 φησι,
2288 1584 2351 1621 Τέ-

1323 1659 1414 1690 κνον,
1437 1643 1609 1696 ἀφέωνταί
1629 1659 1688 1682 σου
1707 1646 1740 1682 αἱ
1759 1642 1948 1696 ἁμαρτίαι·
1977 1645 2122 1681 ἐνταῦθα
2140 1642 2175 1682 δὲ
2191 1643 2229 1682 τὸ
2246 1645 2350 1695 σῶμα

1322 1704 1522 1757 Βσυσφίγγει
1543 1706 1728 1759 πρότερον,
1753 1705 1811 1743 καὶ
1836 1704 1914 1742 τότε
1939 1708 2000 1751 τ’ἧς
2030 1707 2143 1756 ψυχῆς
2175 1706 2350 1756 ἐπιμελεῖ-

1324 1783 1392 1805 ται.
1427 1768 1539 1805 Κάκεῖ
1558 1766 1619 1818 μὲν
1644 1767 1764 1819 ἄφεσις
1778 1782 1785 1789 ·
1804 1765 1992 1818 Ἀφέωνται
2015 1765 2082 1818 γάρ
2101 1780 2160 1802 σου
2181 1768 2217 1804 αἱ
2234 1767 2347 1820 ἁμαρ-

1322 1828 1407 1874 τίαι,
1431 1827 1548 1880 φησίν·
1577 1830 1724 1866 ἐνταῦθα
1744 1826 1780 1864 δὲ
1805 1826 2008 1880 παραίνεσις
2027 1826 2087 1864 καὶ
2111 1826 2238 1873 ἀπειλὴ
2263 1827 2349 1880 πρὸς

1322 1890 1362 1928 τὸ
1386 1889 1508 1940 μέλλον
1530 1889 1630 1927 αὐτὸν
1655 1888 1925 1941 ἀσφαλιζομένη.
1955 1887 2094 1934 Μηκέτι
2119 1887 2207 1941 γὰρ,
2232 1889 2350 1941 φησὶν,

1323 1951 1514 2003 ἁμάρτανε,
1539 1950 1594 1988 ἵνα
1624 1949 1671 2001 μὴ
1687 1949 1803 2003 χεῖρόν
1826 1965 1860 1987 τι
1886 1950 2041 2001 γένηται.
2065 1949 2135 1988 Καὶ
2157 1949 2201 1988 τὰ
2224 1951 2349 2002 ἐγκλή-

1325 2029 1419 2062 ματα
1442 2012 1476 2051 δὲ
1498 2014 1565 2049 τῶν
1588 2011 1802 2050 Ἰουδαίων
1784 2010 1944 2064 οιάφορα.
1993 2012 2165 2049 Ἐνταῦθα
2192 2010 2233 2061 μὲ
2236 2027 2253 2048 ν
2279 2011 2347 2066 γὰρ

1322 2077 1380 2111 το5
1399 2073 1576 2112 σαοὸάτου
1591 2073 1653 2119 τὴν
1673 2071 1837 2124 ἐργασίαν
1855 2071 2105 2147 προφέρουσιν,
2122 2073 2192 2110 ἐκεῖ
2209 2071 2244 2111 δὲ
2261 2073 2347 2124 βλα-

1325 2134 1478 2187 σφημίαν
1498 2135 1701 2186 ἐγκαλουσιν
1726 2135 1830 2183 αὐτῷ.
1861 2133 1945 2171 Σὺ
1927 2133 1964 2171 οέ
1983 2149 2041 2183 μοι
2061 2132 2183 2171 σκόπει
2205 2136 2268 2181 τῆς
2285 2150 2344 2172 του

1323 2197 1415 2233 Θεοῦ
1446 2195 1567 2247 σοφίας
1592 2194 1654 2240 τὴν
1681 2193 1887 2245 ὑπερὸολήν.
1925 2195 1978 2231 Οὔ
1998 2193 2065 2246 γὰρ
2094 2194 2215 2238 εὐθέως
2243 2196 2347 2234 αὐτὸν

1326 2257 1536 2304 ἀνέστησεν,
1575 2255 1664 2294 ἀλλὰ
1697 2258 1833 2307 πρῶτον
1863 2255 1965 2292 αὐτὸν
1987 2257 2173 2293 οἰκειοῦται
2201 2255 2257 2294 διὰ
2283 2260 2345 2303 τ’ἧς

1325 2318 1546 2369 ἐρωτήσεως,
1587 2319 1629 2368 τῇ
1660 2316 1831 2367 μελλούσῃ
1859 2317 2096 2367 προοδοποιῶν
2125 2316 2253 2355 πίστει·
2286 2319 2346 2356 καὶ

1325 2381 1387 2418 οὐκ
1416 2378 1575 2425 ἀνίστησι
1604 2377 1727 2429 μόνον,
1751 2376 1840 2415 ἀλλὰ
1863 2377 1920 2414 καὶ
1942 2377 1979 2414 τὸ
2002 2377 2165 2416 κλινίδιον
2183 2371 2265 2431 ἆραι
2280 2394 2343 2417 κε-

1473 2438 1563 2477 (lma
1589 2438 1648 2476 καὶ
1672 2438 1711 2475 τὸ
1738 2438 1915 2489 γινόμενον
1944 2436 2186 2476 πίστώσασθαι
2215 2442 2344 2490 θαῦμα,

1325 2502 1384 2539 καὶ
1415 2501 1546 2552 μηδένα
1573 2500 1713 2550 νομίσαι
1742 2498 1932 2551 φαντασίαν
1956 2491 2042 2536 εἶναι
2060 2499 2100 2536 τὸ
2117 2500 2344 2551 γεγενημένον

1325 2563 1346 2609 ἢ
1365 2562 1560 2615 ὑπόκρισιν.
1583 2560 1674 2599 Οὐδὲ
1690 2559 1757 2611 γὰρ
1775 2558 1826 2606 ἂν,
1848 2561 1876 2596 εἷ
1900 2558 1948 2609 μὴ
1971 2559 2119 2609 βεὸαίως
2138 2560 2196 2598 καὶ
2213 2560 2344 2613 σφόδρα

1326 2623 1502 2675 συνεπάγη
1539 2621 1582 2659 τὰ
1622 2621 1732 2672 μέλη,
1767 2619 1828 2667 τὴν
1877 2619 1996 2666 κλίνην
2027 2619 2140 2672 φέρειν
2180 2621 2343 2668 ἠδύνατο.

1326 2687 1425 2723 Ποιεῖ
1447 2684 1482 2722 δὲ
1504 2686 1615 2721 ταῦτα
1645 2681 1812 2724 πολλάκις
1839 2683 1856 2718 ὁ
1880 2681 2050 2732 Χριστὸς,
2080 2684 2118 2719 ἐκ
2144 2682 2345 2735 περιουσίας

1324 2763 1401 2791 τους
1418 2749 1655 2797 ἀναισχυντεῖν
1676 2743 1901 2794 βουλομένους
1922 2743 2163 2819 ἐπιστρμίζων.
2191 2744 2259 2782 Και
2277 2743 2346 2799 γὰρ

1324 2809 1381 2848 ἐπὶ
1401 2824 1467 2846 των
1494 2807 1629 2859 ἄρτων,
1653 2804 1710 2842 ι’να
1731 2803 1851 2855 μηδεις
1876 2820 1974 2855 ειπῃ,
2011 2803 2063 2841 ὅτι
2087 2805 2206 2848 ἁπλως
2230 2805 2346 2858 ἐκορέ-

1326 2874 1468 2924 σθησαν,
1488 2867 1547 2906 καὶ
1566 2864 1738 2918 φαντασία
1754 2868 1796 2911 ἠν
1812 2865 1851 2903 τὸ
1864 2863 2105 2915 γεγενημένον,
2122 2867 2345 2918 παρασκευά-

1326 2934 1374 2975 ζει
1396 2922 1544 2981 λείὺανα
1571 2926 1727 2979 γενέσθαι
1748 2941 1815 2962 των
1838 2924 1949 2977 ἄρτων
1970 2924 2093 2962 πολλά
2123 2941 2182 2963 και
2208 2928 2258 2963 τῶ
2276 2942 2344 2964 κα-

1326 2990 1482 3045 ΟαρΟέντι
1508 2988 1543 3026 δὲ
1566 2988 1684 3039 λεπρῷ
1698 2984 1811 3036 λέγει·

1326 3057 1428 3105 ἱερεῖ·
1453 3054 1537 3100 ὁμου
1561 3063 1599 3085 τε
1622 3051 1679 3084 τοῦ
1712 3048 1892 3119 καθαρμοῦ
1915 3045 2153 3098 παρεχόμενος
2171 3045 2234 3093 τὴν
2258 3047 2344 3085 ἀπό-

1832 2983 1985 3035 (Ὕπαγε,
2010 2985 2115 3030 δεῖξον
2134 2987 2276 3025 σεαυτὸν
2294 2989 2344 3038 τῷ

1327 3114 1427 3158 Οειξῑν
1451 3107 1728 3163 ἀκρῑεξστάῒην,
1757 3122 1816 3143 και
1841 3122 1909 3143 των
1941 3109 2211 3157 ἀντῑνΟμΟΟΞτΕἷν
2241 3123 2342 3145 αυἚΟν

272 3198 357 3220 nuni
376 3181 542 3228 ostendit,
561 3178 621 3217 sed
639 3177 881 3215 archiuicliuo
909 3179 1001 3216 mitti
1031 3182 1190 3232 curavit,
1212 3193 1252 3221 ut
1279 3180 1301 3208 D
1325 3175 1492 3227 λεγόντων
1506 3188 1555 3224 τῳ
1571 3172 1653 3221 Θεο)
1667 3185 1710 3206 τα
1727 3166 1937 3219 ἀναίσχυντα
1953 3167 2158 3220 ἐμφράττων
2172 3168 2342 3219 στόματα,

272 3243 299 3279 is
317 3243 378 3292 qui
407 3241 495 3279 nihil
532 3248 709 3291 gestorum
729 3252 764 3276 se
784 3252 882 3275 nosse
916 3240 1163 3291 consiteietur,
1185 3245 1249 3281 mi-

309 3374 437 3407 θ’,ΞιιιίΙ
459 3380 530 3408 ὀἳ
524 3391 561 3407 ,τι
567 3391 610 3411 το
647 3389 656 3407 ε
681 3379 771 3410 εεεθὶς
791 3389 871 3415 upa-2
901 3375 1039 3406 inlusor*
1034 3375 1105 3407 ‹liis
1132 3379 1270 3410 οιιιίεείς

268 3438 321 3467 qu
314 3440 337 3458 e
354 3434 374 3457 t
378 3437 461 3458 unen
479 3425 628 3458 sidentur
649 3391 723 3457 liii‘u
739 3433 814 3467 ipta
832 3424 915 3457 luzo.

1328 3242 1395 3282 Και
1415 3241 1470 3279 ἐπι
1489 3242 1548 3276 τοῦ
1569 3237 1658 3276 οἴνου
1675 3234 1709 3273 δὲ
1725 3250 1824 3272 τουτο
1841 3233 1966 3284 ὁμοίως
1983 3233 2249 3281 ἐποίησεν.οὖ
2276 3235 2344 3287 γὰρ

1384 3393 1394 3400 ‹-
1418 3372 1531 3407 Mox-0¹«.
1553 3377 1707 3417 caepisset.
1724 3367 1821 3402 Saxil.
1847 3372 2000 3411 55321755...
2021 3372 2206 3410 {nefasta-co.
