2507 3673
617 240 658 268 IN
698 240 805 270 soii-N
815 241 905 270 NEM
943 239 1098 269 llOMlL.

86 331 202 370 πτέτω
220 332 264 372 τὰ
283 333 449 386 ἡμέτερα.
472 333 529 372 Τὰ
546 333 614 385 γὰρ
635 334 789 385 μάλιστα
812 334 1028 373 ἐπονείδιστα
1048 335 1109 371 δο-

86 398 211 431 κοῦντα
229 388 315 432 εἶναι
328 426 336 440 ,
352 395 461 433 ταῦτά
479 398 551 433 ἐστι
568 395 612 433 τὰ
628 397 920 448 σεμνολογήματα
938 397 1006 433 τῶν
1023 398 1110 445 ἡμε-

83 453 191 503 τέρων
210 457 360 506 ἀγαθῶν.
379 454 478 492 Μετὰ
499 460 608 492 ταῦτα
629 456 735 493 ἐλθὼν
751 455 882 506 Ἰωσὴφ
897 458 914 492 ὃ
932 455 1001 492 ἀπὸ
1021 454 1109 506 Ἀρι-

867 547 876 564 ,
911 515 1000 553 ἀλλὰ
1038 518 1106 552 τῶν

726 516 792 531 &IN

84 515 228 564 μαθίας,
266 515 423 566 μαθητὴς
452 517 520 554 ὤν’
550 521 586 556 οὖ
617 521 686 556 τῶν
723 533 857 556 οωοεκα

81 575 323 626 ἑὸδομήκοντα
351 576 443 621 ἴσως.
468 579 600 617 Λοιπὸν
625 579 691 630 γὰρ
714 577 916 629 νομίσαντες
944 574 1106 613 ἒσὸέσθαι

80 637 141 684 Τῆν
170 637 274 690 ὀργὴν
301 641 349 690 τῷ
373 643 531 692 σταυρῷ,
553 640 641 691 μετὰ
664 639 780 681 ἀδείας
808 635 1021 690 προσῄεσαν,
1044 635 1105 673 καὶ

79 701 142 745 τῆς
154 700 295 745 κηδείας
310 703 550 752 ἐπεμελοῦντο.
570 699 775 754 Προσελθὼν
796 702 920 745 τοίνυν,
937 697 1034 751 παρὰ
1045 702 1105 736 τοῦ

79 760 236 799 Πιλάτου
253 763 314 809 τὴν
334 764 437 816 χάριν
458 766 566 811 αἰτεῖ,
586 763 645 800 καὶ
660 762 798 799 δίδωσιν
818 762 955 802 ἐκεῖνος.
973 758 1021 796 Τί
1037 757 1104 810 γὰρ

79 824 138 860 οὐκ
152 823 294 870 ἔμελλεν
306 839 315 871 ;
329 823 694 875 Συναντιλαμὸάνεται
711 824 802 874 αὐτῷ
817 820 876 858 καὶ
890 819 1103 871 Νικόδημος,

1140 239 1308 270 mxxv.
1349 225 1408 269 al.
1448 240 1634 271 Lxxxiv.
2078 229 2172 295 57¹.)

1182 339 1250 363 non
1279 340 1324 364 ex
1353 326 1559 375 duodecim,
1584 326 1646 364 sed
1670 326 1829 365 fortassis
1855 342 1900 365 ex
1929 331 2167 381 septuaginta.

1181 388 1261 425 Jam
1280 387 1373 424 enim
1389 395 1554 440 putantes
1571 386 1729 425 sedatam
1744 387 1834 424 iram
1847 402 1920 425 osse
1937 404 1999 440 per
2014 405 2166 439 crucem,

1181 460 1262 484 cum
1290 447 1452 485 libertate
1478 456 1709 496 accesserunt,
1740 457 1773 485 et
1797 449 1904 485 funus
1937 461 2162 489 curaverunt.

1180 509 1356 547 Accedens
1376 510 1501 561 igitur,
1517 524 1536 547 a
1554 509 1669 547 Pilato
1694 510 1844 560 gratiam
1877 511 1977 562 petit,
1999 512 2059 549 ille
2085 527 2167 551 con-

1178 569 1285 607 cedjt.
1308 571 1381 608 Cur
1399 571 1492 609 enim
1510 585 1578 609 non
1594 571 1756 609 fecisset?
1774 573 1872 609 Tum
1892 572 1959 624 ipsi
1980 573 2076 624 operi
2093 588 2168 611 ma-

1177 645 1264 668 num
1286 631 1454 670 adhibuit
1472 633 1578 670 etiam
1594 633 1811 671 Nicodemus
1834 649 1841 669 :
1861 642 1894 671 et
1913 634 2100 685 magnifice
2114 650 2167 673 se-

1175 692 1326 743 peliunt.
1348 692 1474 731 Adhuc
1499 693 1591 731 enim
1618 693 1722 731 illum
1745 708 1810 746 pro
1830 708 1920 745 puro
1940 695 2083 732 homine
2098 695 2167 733 lia-

1174 754 1318 792 bebant.
1341 755 1388 792 Et
1404 765 1562 793 aromata
1577 756 1694 793 ferunt
1709 755 1931 808 hujusmodi,
1946 772 2026 807 quae
2043 759 2166 796 maxi-

1176 830 1231 853 me
1255 816 1389 868 possint
1412 831 1541 868 corpus
1563 816 1736 855 diuturno
1763 826 1922 870 tempore
1947 832 2164 869 conservare,

79 883 138 920 καὶ
155 886 326 931 πολυτελῆ
346 891 437 923 ποιεῖ
455 884 517 931 τὴν
538 884 662 935 ταφήν.
689 883 771 920 Ἔτι
792 882 859 934 γὰρ
878 884 924 924 ὡς
943 881 1023 933 περὶ
1042 884 1103 919 ἀν-
1128 883 1151 912 D
1174 891 1218 914 ne
1246 877 1351 916 citius
1379 878 1415 916 in
1436 878 1699 929 corruptionem
1731 888 1851 930 vergat
1868 895 1875 914 :
1893 894 1963 930 quo
1980 880 2165 918 indicaba-

79 944 216 996 θρώπου
245 945 410 983 διέκειντο
436 947 550 998 ψιλοῦ.
578 945 675 983 ε’Καὶ
694 949 805 983 ταῦτα
825 943 987 997 φέρουσιν
1010 941 1102 995 ἀρώ-

78 1021 190 1054 ματα,
204 1006 224 1043 ἃ
238 1007 393 1056 μάλιστα
407 1007 446 1044 τὸ
461 1010 564 1058 σῶμα
575 1006 724 1059 πέφυκεν
741 1005 799 1044 ἐπὶ
812 1004 899 1043 πολὺ
913 1005 1102 1057 διατηρεῖν,

77 1068 135 1104 καὶ
163 1067 210 1118 μὴ
242 1074 434 1120 συγχωρεῖν
453 1068 588 1120 ταχέως
608 1068 775 1106 ἐνδιδόναι
795 1069 838 1118 τῇ
861 1070 990 1118 φθορᾷ·
1017 1066 1102 1120 ὅπερ

75 1128 170 1168 οὐδὲν
195 1129 284 1181 μέγα
308 1130 387 1182 περὶ
409 1132 512 1168 αὐτοῦ
532 1129 797 1182 φανταζομένων
815 1123 856 1175 ἦν
872 1144 880 1150 ·
900 1128 991 1176 πλὴν
1012 1127 1102 1166 ἀλλὰ

75 1190 207 1237 πολλὴν
223 1191 466 1243 φιλοστοργίαν
484 1191 733 1229 ἐπεδείκνυντο.
751 1192 835 1234 Πῶς
852 1189 886 1227 δὲ
903 1190 1012 1232 οὐδεὶς
1033 1191 1100 1227 τῶν

76 1251 211 1290 δώδεκα
239 1254 445 1305 προσῆλθεν,
474 1255 535 1291 οὐκ
557 1252 721 1299 Ἰωάννης
738 1282 747 1299 ,
777 1254 814 1289 οὐ
847 1251 1002 1303 Πέτρος,
1039 1252 1102 1289 οὐκ

77 1313 180 1356 ἄλλος
199 1329 250 1357 τις
267 1317 335 1351 τῶν
356 1313 561 1365 ἐπισήμων;
583 1314 654 1351 Καὶ
683 1313 760 1351 οὔτε
792 1317 892 1350 τοῦτο
921 1312 1067 1365 κρύπτει
1084 1316 1101 1351 ὃ

77 1375 247 1423 μαθητής.
270 1377 314 1413 Εἰ
341 1375 409 1428 γὰρ
427 1376 484 1413 τὸν
505 1375 610 1428 φόέον
630 1376 724 1427 λέγοι
750 1391 801 1418 τις
819 1377 889 1412 τῶν
908 1373 1100 1422 Ἰουδαίων,

75 1435 134 1472 καὶ
161 1429 253 1473 οὗτοι
285 1439 335 1488 τῷ
368 1438 460 1488 αὐτῷ
491 1436 695 1488 κατείχοντο
726 1436 822 1488 φόὲῳ
836 1451 843 1458 ·
865 1435 924 1472 καὶ
955 1435 1022 1487 γὰρ
1041 1435 1101 1473 καὶ

74 1492 171 1542 οῧτος
189 1492 244 1545 ἦν,
266 1498 350 1550 φησι
362 1529 371 1545 ,
390 1499 638 1551 Κεκρυμμένος
654 1498 711 1536 διὰ
727 1498 784 1536 τὸν
802 1497 906 1550 φόὸον
924 1500 992 1535 τῶν
1013 1498 1101 1536 Ἰου-

75 1559 193 1597 δαίων.
212 1560 281 1598 Καὶ
302 1562 364 1598 οὐκ
380 1560 515 1612 ἔχοιτις
533 1562 652 1608 εἰπεῖν,
673 1558 748 1598 ”gn
768 1563 817 1612 τῷ
834 1560 967 1612 σφόδρα
987 1561 1099 1597 αὐτῶν

74 1629 301 1674 καταφρονεῖν
317 1626 419 1661 τοῦτο
434 1621 608 1669 ἐποίησεν,
630 1621 719 1660 ἀλλὰ
737 1622 797 1660 καὶ
818 1622 919 1666 αὐτὸς
940 1621 1102 1665 δεδοικὼς

73 1684 168 1735 ὅμως
188 1686 394 1736 προσῆλθεν.
412 1683 456 1723 ‘O
474 1683 508 1723 δὲ
530 1684 693 1731 Ἰωάννης
712 1683 772 1721 καὶ
791 1683 912 1736 παρὼν
936 1683 995 1721 καὶ
1019 1683 1099 1722 ἰδὼν

74 1746 174 1783 αὐτὸν
197 1745 445 1798 ἀποψύξαντα,
475 1745 569 1784 οὐδὲν
601 1750 753 1784 τοιοῦτον
783 1745 937 1792 ἐποίησε.
967 1745 1015 1783 Τί
1042 1741 1098 1785 οῧν

74 1810 184 1855 ἐστιν,
203 1807 306 1858 Ἐμοὶ
335 1808 427 1846 δοκεῖ
446 1810 514 1845 τῶν
535 1807 667 1860 σφόδρα
693 1807 876 1857 ἐπισήμων
905 1800 991 1845 εἶναι
1016 1808 1099 1855 (καὶ

969 1871 1037 1890 cnm

74 1869 143 1906 ἀπὸ
172 1872 240 1907 τῶν
271 1869 438 1922 ἐνταφίων
467 1870 603 1918 δῆλον),
625 1869 684 1907 καὶ
712 1871 761 1921 τῷ
790 1869 938 1922 Πιλάτῳ
998 1872 1100 1916 οηλος

73 1930 138 1967 ὤν·
160 1929 234 1968 ὅθεν
255 1931 313 1969 καὶ
333 1931 396 1978 τὴν
411 1931 515 1985 χάριν
531 1931 648 1969 ἕλαὸε.
664 1931 733 1970 Καὶ
749 1932 945 1983 ἕνταφιάζει
965 1932 1098 1981 λοιπὸν,

72 1994 136 2044 οὐχ
156 1995 202 2036 ὡς
220 1993 419 2041 κατάδικον,
447 1995 523 2032 ἀλλ’
546 1996 592 2036 ὡς
609 1993 682 2037 ἔθος
704 1998 774 2036 τοῖς
793 1993 972 2038 Ἰουδαίοις
991 1996 1100 2032 πολυ-

71 2055 179 2097 τελῶς
198 2056 244 2098 ὡς
265 2054 374 2106 μέγαν
392 2054 468 2092 τινὰ
485 2055 545 2093 καὶ
561 2054 774 2106 θαυμαστόν.

71 2176 164 2228 ὥρας
180 2176 366 2229 γενομένης
383 2181 446 2224 τῆς
459 2179 641 2224 τελευτῆς,
658 2171 732 2216 εἶτα
745 2177 872 2229 μεταξὺ
888 2181 937 2231 τῷ
953 2179 1100 2231 Πιλάτῳ

69 2238 282 2291 προσιόντων
300 2239 360 2277 καὶ
375 2239 630 2292 καθαιρούντων
642 2239 681 2277 τὸ
696 2243 800 2291 σῶμα
815 2270 823 2287 ,
839 2240 927 2283 εἰκὸς
941 2234 982 2286 ἦν
999 2239 1100 2279 ἑσπέ-

72 2316 133 2352 ραν
167 2300 398 2349 καταλαὸεῖν,
429 2303 462 2339 ἐν
498 2295 520 2352 ᾗ
554 2301 651 2352 θέμις
678 2303 738 2340 οὐκ
771 2296 812 2349 ἦν
847 2301 1100 2353 ἐργάσασθαι),

69 2361 222 2400 τιθέασιν
259 2363 361 2401 αὐτὸν
405 2365 452 2405 εἷς
492 2363 531 2400 τὸ
568 2362 715 2409 πλησίον
764 2369 944 2414 μνημεῖον.
987 2365 1100 2402 Οἶκο-

69 2429 227 2473 νομεῖται
266 2423 301 2462 δὲ
340 2426 386 2467 εἷς
421 2423 537 2461 καινὸν
590 2424 690 2462 αὐτὸν
734 2428 876 2470 τεθῆναι
930 2431 1099 2476 μνημεῖον

71 2484 151 2521 ἔνθα
175 2485 295 2534 μηδεὶς
321 2485 440 2531 ἐτέθη,
460 2484 551 2522 ὥστε
574 2484 622 2535 μὴ
644 2485 760 2537 ἑτέρου
779 2485 870 2527 τινὸς
891 2489 1098 2536 νομισθῆναι

69 2544 132 2592 τὴν
154 2545 343 2583 ἀνάστασιν
364 2549 591 2597 γεγενῆσθαι,
612 2549 672 2583 τοῦ
696 2546 770 2596 μετ’
796 2548 899 2583 αὐτοῦ
921 2547 1097 2597 κειμένου·

69 2607 129 2644 καὶ
148 2605 238 2644 ὥστε
264 2606 341 2650 τοὺς
367 2606 526 2657 μαθητὰς
548 2608 736 2653 δυνηθῆναι
757 2606 832 2656 μετ’
854 2606 1012 2651 εὐκολίας
1030 2624 1098 2646 πα-

71 2668 272 2721 ραγενέσθαι
287 2697 296 2713 ,
326 2668 386 2706 καὶ
419 2667 544 2712 θεατὰς
575 2671 643 2705 τῶν
676 2667 884 2718 συμὸοίντων
920 2667 1098 2720 γενέσθαι,

69 2729 216 2777 πλησίον
248 2729 343 2773 ὄντος
364 2734 423 2767 τοῦ
441 2728 567 2767 τόπου·
590 2729 649 2766 καὶ
677 2732 739 2775 τῆς
757 2730 870 2780 ταφῆς
897 2727 933 2766 δὲ
968 2728 1099 2782 μάρτυ-

71 2807 131 2842 ρας
151 2785 236 2829 εἶναι
256 2793 317 2829 οὐκ
334 2789 452 2833 αὐτοὺς
469 2789 584 2841 μόνον,
600 2790 690 2828 ἀλλὰ
705 2789 764 2827 καὶ
782 2788 859 2832 τοὺς
879 2788 1030 2842 ἐχθρούς.
1046 2789 1099 2827 Τὸ

67 2851 135 2904 γὰρ
155 2852 339 2904 σήμαντρα
359 2853 528 2889 ἐπιθεῖναι
550 2853 600 2903 τῷ
618 2851 737 2903 τάφῳ,
762 2850 822 2889 καὶ
844 2850 999 2902 φύλακας
1028 2853 1098 2889 ἐκεῖ

67 2917 339 2966 παρακαθῆσθαι
352 2912 583 2967 στρατιώτας,
606 2911 870 2965 μαρτυρούντων
882 2906 924 2958 ἦν
935 2914 978 2964 τῇ
991 2915 1096 2964 ταφῇ·

66 2978 128 3021 τῆς
157 2974 224 3027 γὰρ
251 2974 474 3018 ἀναστάσεως
509 2976 576 3026 οὐχ
596 2968 698 3020 ἧττον
720 2975 976 3024 ὁμολογηθῆναι
997 2978 1097 3011 τοῦτο

42 3036 276 3081 ,ἐσπούδακεν
300 3038 317 3073 ὃ
352 3037 514 3087 Χριστός.
542 3036 605 3074 Διὸ
629 3035 689 3073 καὶ
715 3037 745 3074 οἱ
778 3035 932 3085 μαθηταὶ
963 3033 1095 3080 πολλὴν

66 3098 146 3151 περὶ
163 3098 282 3137 τούτου
303 3102 482 3136 ποιοῦνται
507 3097 674 3145 σπουδὴν,
699 3097 790 3135 ὥστε
812 3097 918 3141 δεῖξαι
939 3095 992 3134 ὅτι
1019 3098 1096 3134 ἐτε-

66 3158 222 3206 λεύτησε.
245 3157 322 3204 Τὴν
341 3157 402 3208 μὲν
419 3157 486 3209 γὰρ
511 3158 701 3196 ἀνάστασιν
721 3161 738 3196 ὁ
762 3157 851 3208 μετὰ
873 3162 982 3195 ταῦτα
1005 3156 1097 3200 ἅπας

68 3218 191 3268 ἔμελλε
208 3220 366 3270 βεὲαιοῧν
386 3217 526 3270 χρόνος·
545 3218 660 3265 ἐκείνη
683 3217 737 3266 δὲ,
757 3220 787 3256 εἷ
802 3218 880 3257 τότε
908 3217 1094 3256 συνεσκιά-

114 3346 125 3358 ³·
150 3333 296 3374 Quidam
311 3341 359 3369 καὶ
375 3341 510 3370 τοιαῦτα.

115 3386 129 3409 ¹'
155 3385 216 3416 ΛΙίὶ
230 3391 275 3420 ὅτι
292 3392 325 3419 τὲ
342 3390 464 3433 σῗόδρα.

116 3448 126 3460 ⁰
154 3437 265 3471 Mox-el.
287 3441 372 3475 δῆλος
389 3443 432 3475 ἦν.
450 3438 549 3470 Savil.
568 3441 653 3475 δῆλος
674 3446 715 3479 τῷ
741 3442 784 3475 ἦν.
804 3437 892 3469 Alius
918 3440 1003 3476 δῆλος
1026 3443 1074 3470 ων.

124 2115 270 2163 Ἐπειδὴ
294 2115 329 2154 δὲ
350 2116 417 2154 ὑπὸ
435 2120 494 2155 τοῦ
511 2122 633 2170 καιροῦ
652 2116 848 2169 συνείχοντο
868 2117 1013 2168 (ἐνάτης
1031 2097 1160 2170 γὰρὸἓ9

1175 947 1232 976 tur
1250 939 1330 977 illos
1349 953 1418 977 non
1443 952 1613 990 magnum
1632 939 1818 991 quidpiam
1834 940 1879 977 de
1906 941 1983 992 ipso
2011 942 2161 992 sentire;

1171 1009 1325 1038 attamen
1340 1001 1497 1038 multum
1512 1014 1667 1038 amorem
1688 1014 1760 1052 prae
1780 1015 1815 1038 se
1830 1001 2000 1039 ferebant.
2019 1004 2091 1040 Cur
2103 1019 2166 1041 au-

1173 1070 1244 1098 tem
1260 1076 1362 1099 nemo
1381 1076 1426 1100 ex
1447 1061 1636 1100 duodecim
1655 1062 1815 1110 accessit,
1833 1076 1901 1099 non
1918 1064 2165 1113 Joannes,non

1173 1122 1310 1171 Petrus,
1333 1137 1401 1160 non
1422 1123 1514 1160 alius
1530 1122 1710 1175 quispiam
1728 1137 1772 1160 ex
1792 1122 2076 1173 insignioribus?
2095 1127 2164 1163 Ne-

1172 1197 1240 1234 que
1269 1184 1336 1222 hoc
1357 1185 1511 1222 occultat
1531 1184 1741 1236 discipulus.
1761 1185 1850 1221 Nam
1872 1184 1902 1221 si
1920 1186 1999 1235 quis
2020 1186 2164 1237 dixerit,

1172 1244 1218 1282 ob
1234 1254 1369 1282 metum
1390 1247 1411 1284 J
1416 1244 1614 1295 udaeorum,
1638 1245 1675 1282 hi
1696 1258 1836 1295 quoque
1860 1245 2034 1284 timebant
2054 1263 2061 1284 :
2082 1262 2165 1286 nam

1170 1305 1230 1343 hie
1243 1315 1331 1355 erat,
1351 1306 1482 1357 inquit,
1502 1306 1769 1344 Absconditus
1784 1309 1830 1343 ob
1846 1316 1988 1344 metum
2005 1309 2036 1345 J
2035 1310 2164 1347 zcdoeo-

1171 1382 1268 1405 rum.
1290 1368 1363 1405 Nec
1387 1367 1535 1417 dixeris,
1556 1367 1606 1405 sic
1631 1367 1753 1405 fecisse
1767 1368 1864 1418 quod
1884 1378 2162 1421 contemnerent5

1170 1427 1231 1465 sed
1250 1428 1325 1480 ipse
1348 1442 1487 1479 quoque
1515 1437 1674 1465 metuens
1692 1428 1847 1466 accessit.
1863 1430 2015 1468 Joannes
2043 1440 2164 1469 autem

1171 1490 1233 1539 qui
1250 1489 1412 1527 adfuerat
1437 1499 1469 1527 et
1497 1490 1735 1542 exspirantem
1759 1490 1910 1540 viderat,
1930 1492 2021 1529 nihil
2037 1493 2164 1545 hujus-

1126 1569 1147 1598 E
1172 1550 1269 1588 modi
1297 1550 1390 1588 fecit.
1415 1550 1513 1597 Quid
1539 1565 1622 1602 ergo
1650 1551 1867 1589 dicendum?
1898 1553 1993 1590 Mihi
2018 1554 2164 1592 videtur

1171 1626 1252 1650 eum
1288 1626 1332 1650 ex
1357 1611 1611 1663 insignioribus
1635 1611 1723 1651 viris
1749 1612 1869 1662 fuisse,
1893 1622 1931 1650 ut
1959 1628 2004 1652 ex
2031 1616 2163 1654 funeris

1171 1682 1290 1711 sumtu
1306 1673 1433 1724 liquet,
1451 1682 1485 1711 et
1508 1673 1624 1711 Pilato
1648 1682 1773 1711 notum
1791 1674 1900 1712 fuisse
1921 1690 1927 1710 :
1945 1686 2164 1728 quapropter

1170 1735 1207 1773 id
1225 1735 1446 1787 impetravit,
1469 1735 1657 1787 ipsumque
1676 1735 1854 1788 sepelivit,
1876 1750 1943 1773 non
1962 1745 2000 1773 ut
2015 1736 2163 1776 damna-

1169 1806 1260 1846 tum,
1279 1796 1340 1834 sed
1366 1806 1404 1834 ut
1421 1811 1497 1834 mos
1520 1807 1593 1834 erat
1615 1796 1750 1836 ,Iudaeis
1776 1798 1925 1850 sepelire
1951 1798 2071 1837 virum
2090 1813 2162 1837 ma—

1169 1872 1280 1910 gnum
1291 1868 1326 1896 et
1336 1858 1379 1896 ad
1384 1858 1601 1896 mirandum.

1221 2105 1259 2144 4.
1290 2108 1383 2145 Cum
1405 2116 1524 2145 autem
1545 2116 1703 2158 tempore
1728 2116 1938 2158 urgerentur
1955 2108 2044 2155 (illo
2068 2110 2172 2150 enim.

1172 2168 1258 2206 hora
1272 2183 1362 2206 nona
1381 2178 1537 2218 mortuo,
1557 2168 1683 2206 deinde
1698 2168 1741 2205 iis
1758 2168 1913 2206 Pilatum
1929 2169 2159 2220 adeuntibus,

1171 2239 1204 2268 et
1218 2244 1344 2281 corpus
1359 2230 1612 2277 auferentibus,
1627 2228 1796 2266 credibile
1812 2238 1886 2266 erat
1903 2243 2086 2282 vesperam
2101 2232 2162 2268 ad-

1170 2301 1359 2331 venturam
1381 2306 1465 2339 esse,
1485 2305 1554 2342 qua
1576 2305 1644 2328 non
1668 2290 1794 2328 licebat
1815 2291 1952 2342 operari
1970 2296 2002 2341 ),
2025 2292 2061 2329 in
2081 2307 2162 2344 pro-

1170 2354 1269 2392 ximo
1295 2362 1523 2391 monumento
1543 2367 1671 2404 corpus
1687 2351 1884 2403 deponunt.
1907 2352 2161 2405 Dispensatum

1169 2424 1220 2454 est
1248 2415 1366 2467 ipsum
1392 2414 1523 2466 deponi
1553 2413 1588 2452 in
1626 2428 1718 2452 novo
1751 2423 2001 2458 monumento,
2027 2417 2064 2452 in
2089 2431 2159 2467 quo

1169 2492 1271 2515 nemo
1299 2477 1480 2529 depositus
1514 2485 1593 2513 ante
1618 2476 1732 2513 fuerat
1758 2492 1765 2512 t
1792 2486 1831 2513 ut
1858 2491 1927 2514 non
1960 2478 2162 2517 crederetur

1167 2540 1318 2577 alterum
1338 2537 1586 2587 resurrexisse,
1609 2537 1671 2587 qui
1691 2551 1772 2574 cum
1792 2538 1856 2575 illo
1874 2537 2056 2590 depositus
2072 2541 2161 2578 fuis-

1166 2613 1234 2651 set3
1257 2612 1290 2640 et
1302 2611 1342 2639 ut
1355 2601 1524 2652 discipuli
1539 2600 1643 2638 facile
1661 2610 1802 2652 possent
1819 2616 1859 2639 eo
1876 2602 2012 2650 venire,
2032 2612 2065 2641 ct
2081 2619 2160 2655 quae

1166 2672 1353 2702 evenerant
1380 2671 1549 2714 spectare,
1570 2676 1652 2699 cum
1676 2662 1815 2700 vicinus
1842 2672 1930 2700 esset
1953 2663 2052 2702 locus
2066 2681 2077 2714 ;
2103 2675 2160 2704 ut-

1167 2739 1236 2776 que
1260 2733 1363 2762 testes
1379 2722 1647 2760 resurrectionis
1674 2723 1806 2773 forent,
1822 2738 1891 2761 non
1922 2724 1975 2762 illi
2003 2735 2158 2771 tantum,

1167 2786 1230 2825 sed
1251 2785 1357 2824 etiam
1376 2784 1525 2822 inimici.
1548 2785 1640 2822 Nam
1659 2785 1754 2835 quod
1780 2785 1962 2836 signacula
1981 2787 2017 2825 in
2041 2789 2160 2840 sepul-

1166 2862 1225 2886 cro
1241 2847 1356 2900 posita
1375 2846 1521 2895 fuerint,
1538 2845 1702 2897 quodque
1731 2846 1896 2885 custodes
1917 2848 2050 2886 milites
2065 2863 2159 2887 asse-

1119 2919 1141 2948 B
1164 2910 1300 2958 derint,
1323 2908 1362 2946 id
1388 2916 1480 2945 certe
1512 2907 1753 2945 testimonium
1782 2909 1972 2960 sepulturae
1999 2920 2095 2948 erat:
2116 2911 2158 2948 il-

1164 2972 1236 3010 lam
1251 2970 1345 3009 enim
1360 2983 1429 3007 non
1446 2969 1564 3006 minus
1581 2983 1688 3019 quam
1705 2970 2000 3008 resurrectionem
2019 2971 2055 3008 in
2077 2986 2157 3009 con-

1163 3035 1252 3072 fesso
1280 3047 1355 3071 esse
1391 3032 1554 3070 Christus
1587 3032 1740 3070 curavit.
1775 3031 1862 3070 Ideo
1892 3033 2062 3085 discipuli
2094 3034 2156 3071 ad-

1164 3095 1314 3132 modum
1332 3092 1473 3131 student
1493 3092 1716 3145 comprobari
1733 3103 1896 3131 mortem.
1915 3095 2007 3131 Nam
2040 3109 2156 3132 resur-

1164 3156 1356 3194 rectionem
1385 3163 1498 3193 totum
1523 3168 1670 3205 sequens
1702 3163 1842 3206 tempus
1859 3155 2154 3193 confirmaturum

1164 3224 1258 3264 erat3
1275 3228 1370 3252 mors
1387 3227 1472 3253 vero
1497 3213 1527 3251 si
1547 3213 1698 3250 obscura
1727 3226 1790 3250 nec
1811 3227 1957 3265 prorsus
1972 3214 2154 3251 manifesta

1144 3331 1202 3375 [Id
1228 3329 1381 3363 anostris
1399 3340 1531 3373 quoque
1555 3326 1665 3361 Codd.
1689 3324 1873 3358 exhibitum
1890 3328 2071 3368 recepimus
2094 3340 2154 3369 pro

1142 3383 1272 3417 Morelli
1299 3382 1478 3426 scriptura.
1498 3381 1647 3425 Respicit
1666 3381 1752 3412 enim
1773 3379 2032 3422 Chrysostomus
2053 3392 2153 3412 unum

1143 3435 1351 3477 Josephum.]
