2481 3678
617 194 659 223 m
698 193 904 224 sosiNNnM
941 194 1100 224 nomn„
1140 193 1302 223 xxxix.
1341 177 1402 223 al.
1441 193 1634 223 xxxvni.

84 274 264 326 ανθρώπου
283 278 295 295 ⁶
308 274 414 321 ἐστὶν,
430 272 488 310 καὶ
506 271 616 317 δείξας
629 273 683 312 ὅτι
697 274 876 326 ἄνθρωπον
896 275 998 313 αὐτὸν
1016 274 1102 317 τέως

2070 182 2156 242 267

1176 273 1320 321 bantur,
1343 272 1422 310 ideo
1438 272 1499 310 illa
1518 271 1658 324 adjecit.
1671 273 1722 310 Ut
1743 286 1826 324 ergo
1846 287 1953 325 supra
1973 289 2055 313 cum
2069 276 2162 316 dice-

83 335 303 383 ὑπώπτευον,
331 334 422 373 οὕτω
450 334 509 372 καὶ
535 335 681 372 ἐνταῦθα
700 335 941 387 προστίθησιν.
961 334 1102 386 ςὨσπερ
1115 364 1160 388 232
1176 342 1243 382 ret,
1279 334 1392 383 Quod
1416 335 1647 380 audivimus,
1678 334 1884 385 loquimur,
1913 343 1949 372 ec
1975 338 2077 386 quod
2100 341 2160 374 vi-

82 390 140 434 οῧν
160 396 323 448 ἀνωτέρω
351 394 470 443 εἰπὼν,
489 394 538 433 ²¹0
559 395 775 447 ἀκηκόαμεν,
794 398 982 446 λαλοῦμεν,
1003 395 1061 433 καὶ
1084 395 1101 432 ὃ
1125 401 1152 430 Α
1174 394 1314 440 dimus,
1351 402 1552 438 testamin-
1568 403 1602 431 et
1631 395 1798 445 JoanneS,
1832 396 1944 445 Quod
1971 398 2087 443 vidit,
2110 406 2162 434 te-

82 457 299 509 ἑωροίκαμεν,
320 459 563 507 μαρτυροῦμεν
578 472 585 479 ·
607 455 665 494 καὶ
683 459 700 494 ὁ
716 456 902 502 Ἰωάννης,
924 455 974 493 ζῸ
991 454 1101 506 ἑώρα-

81 534 120 555 κε
134 548 143 565 ,
173 522 357 569 μαρτυρεῖ,
376 516 435 553 καὶ
454 516 517 563 τὴν
538 517 731 570 μαρτυρίαν
756 518 861 554 αὐτοῦ
878 516 988 558 οὐδεὶς
1006 517 1099 565 λαμ-

81 578 198 615 ὅάνει·
219 577 299 628 περὶ
320 577 482 628 ἀκριέοῦς
503 577 539 615 δὲ
559 579 738 631 ἀμφότερα
759 577 895 628 εἴρηται
914 575 1074 627 γνώσεως
1089 604 1098 622 ,

80 640 145 689 οὐχ
165 638 285 681 ἁπλῶς
308 638 387 689 περὶ
408 641 514 685 ἀκοῆς
533 639 591 676 καὶ
614 639 723 690 ὄψεως
736 653 743 661 ·
763 636 853 674 οὕτω
873 635 932 674 καὶ
953 637 1101 674 ἐνταῦθα

81 697 189 745 ἀκοὴν
216 698 335 746 εἰπὼν,
363 699 459 738 οὐδὲν
488 700 572 737 ἄλλο
591 698 768 750 ἐμφαίνει,
798 696 820 742 ἢ
846 697 900 736 ὅτι
931 696 1097 735 ἀδύνατον

80 758 165 796 ἄλλο
195 775 230 796 τι
261 761 404 805 θελῆσαι
437 760 552 806 αὐτὸν,
572 759 594 805 ἢ
615 758 699 810 ὅπερ
717 761 735 796 ὁ
754 756 892 809 Πατήρ.
923 756 1015 794 Ἀλλ’
1040 758 1102 794 οὐκ

80 813 174 857 εἶπεν
194 819 284 858 οὕτω
310 824 427 872 σαφῶς
446 822 509 871 (οὐ
533 820 599 871 γὰρ
630 819 669 856 ἂν
701 818 858 862 ἐδέξαντο
887 818 947 862 ὃέξ
969 818 1103 861 εὐθείας

79 880 165 924 τέως
196 880 303 924 οὕτως
334 880 515 923 ἀκούοντες
524 884 548 928 )·
582 880 672 917 ἀλλὰ
699 882 795 925 πῶς,
827 879 1104 930 Συγκαὸατικῶς

79 941 139 979 καὶ
156 941 379 993 ἀνθρωπίνως
393 941 526 993 σφόδρα
540 957 548 964 ·
561 940 685 984 Καθὼς
703 939 819 978 ἀκούω
829 969 838 986 ,
855 939 974 992 κρίνω.
989 939 1104 977 Πάλιν

78 1003 115 1039 οὐ
136 1002 362 1040 διδασκαλίαν
387 1001 498 1054 λέγων
521 1003 669 1040 ἐνταῦθα
697 1003 757 1051 (οὗ
778 1001 844 1054 γὰρ
875 995 971 1048 εἷπε,
991 1000 1105 1045 καθὼς

1172 461 1312 500 statur,
1336 462 1372 491 et
1393 456 1653 492 testimonium
1684 456 1764 507 ejus
1794 469 1903 492 nemo
1931 459 2087 507 accipit‚·
2119 456 2164 495 de

1171 524 1265 552 certa
1283 515 1444 566 loquitur
1462 516 1662 568 cognitione
1689 516 1734 553 ad
1754 526 1959 568 utrumque,
1990 531 2059 555 non
2079 531 2164 558 vero

1172 577 1382 630 simpliciter
1409 578 1455 616 de
1484 578 1610 616 auditu
1636 588 1670 616 et
1696 578 1740 617 de
1764 579 1847 618 visu
1866 581 1937 618 :ita
1965 589 1999 618 et
2020 581 2080 618 hic
2102 595 2166 633 per

1172 638 1336 676 auditum
1350 638 1443 676 nihil
1462 639 1564 677 aliud
1583 639 1779 690 significat,
1797 655 1905 692 quam
1923 655 1992 679 non
2013 656 2112 693 posse
2130 656 2167 680 se

1172 698 1272 737 aliud
1286 700 1392 750 velle,
1411 714 1519 751 quam
1543 701 1639 750 quod
1656 702 1737 739 vult
1752 702 1867 739 Pater.
1890 701 1961 739 Sed
1976 702 2015 739 id
2034 716 2103 740 non
2119 702 2168 740 ita

1172 761 1265 798 clare
1280 761 1376 799 dixit
1398 765 1530 812 (neque
1548 762 1646 800 enim
1671 764 1762 801 ferre
1790 764 1989 815 potuissent
2002 764 2032 802 si
2051 773 2170 816 aperte

1170 822 1356 873 dixisset)3
1378 837 1505 862 verum
1538 838 1608 874 quo
1638 825 1767 876 paeto?
1788 824 1996 864 Admodum
2017 825 2171 864 demisso

1172 893 1207 922 et
1224 885 1382 923 humano
1410 899 1509 923 more
1531 901 1538 921 :
1559 886 1665 924 Sicut
1692 888 1824 934 audio,
1848 888 1997 939 judico.
2021 889 2101 926 Non
2127 887 2172 926 de

1173 945 1336 984 doctrina
1354 947 1415 984 hic
1434 947 1570 998 agitur3
1591 962 1705 998 neque
1730 947 1825 986 enim
1853 948 1957 999 dicit,
1982 948 2083 987 Sicut
2101 948 2170 987 do—

1176 1021 1270 1057 ceor,
1288 1007 1365 1057 sed,
1386 1008 1492 1046 Sicut
1512 1009 1628 1045 audio
1649 1025 1658 1045 .-
1682 1023 1752 1047 non
1775 1009 1872 1060 quod
1891 1009 2018 1047 auditu
2038 1019 2137 1061 egeat
2160 1025 2168 1046 z

79 1062 310 1114 διδάσκομαι,
332 1062 441 1110 ἀλλὰ,
461 1062 587 1106 Καθὼς
606 1062 757 1111 ἀκούω),
775 1064 852 1100 ἀλλ’
871 1062 948 1100 Οὐδὲ
963 1065 1009 1105 ὡς
1026 1062 1104 1100 δῑό-
1127 1066 1152 1096 Β
1181 1084 1251 1108 non
1275 1070 1382 1109 modo
1413 1085 1483 1109 non
1511 1070 1688 1122 doctrina,
1717 1072 1779 1110 sed
1803 1087 1846 1110 ne
1872 1073 1998 1110 auditu
2027 1072 2173 1123 quidem

79 1139 180 1174 μενος
196 1123 395 1176 ἀκροάσεως
415 1124 528 1162 ταῦτά
550 1139 655 1176 φησιν
684 1125 744 1171 (οὐ
764 1123 831 1175 γὰρ
853 1123 954 1174 μόνον
973 1127 1032 1160 τοῦ
1053 1124 1105 1161 δι-

79 1183 266 1222 δάσκεσθαι
284 1184 444 1232 ἀνενδεὴς
460 1180 516 1231 ἦν,
535 1184 626 1223 ἀλλὰ
642 1184 701 1222 καὶ
713 1187 773 1221 τοῦ
793 1185 925 1221 δεῖσθαι
943 1182 1107 1231 ἀκούειν),

77 1245 141 1292 τὴν
169 1246 204 1284 δὲ
225 1246 387 1296 ὁμόνοιαν
411 1247 524 1292 δηλῶν
556 1245 616 1284 καὶ
652 1246 692 1283 τὸ
729 1244 1000 1297 ἀπαράλλακτον
1041 1248 1105 1291 τῆς

79 1307 207 1358 ψήφου.
227 1306 277 1345 εῸ
297 1307 332 1345 δὲ
352 1307 475 1358 λέγει,“
485 1307 588 1345 τοῦτό
606 1309 680 1346 ἐστι
693 1323 700 1330 ·
721 1306 812 1345 οὕτω
837 1307 944 1360 κρίνω
960 1337 969 1355 ,
996 1310 1042 1350 ὡς
1062 1306 1102 1343 ἂν

78 1370 109 1405 εἷ
128 1369 229 1411 αὐτὸς
247 1371 263 1406 ὁ
280 1369 406 1420 Πατὴρ
422 1364 464 1416 ἦν
484 1372 500 1407 ὁ
517 1369 655 1421 κρίνων.
675 1362 765 1407 Εἶτα
786 1368 920 1419 ἐπάγει,
939 1368 1009 1406 Καὶ
1027 1362 1104 1406 οἶδα

77 1428 132 1467 ὅτι
151 1432 173 1475 ἡ
198 1429 308 1481 κρίσις
327 1432 348 1475 ἡ
366 1429 433 1480 ἐμὴ
455 1429 573 1467 δικαία
601 1429 707 1476 ἐστὶν,
731 1429 786 1468 δ’τι
814 1432 851 1466 οὐ
872 1431 965 1475 ζητῶ
986 1429 1026 1467 τὸ
1047 1429 1102 1467 θέ-

76 1491 175 1541 λημα
193 1490 232 1528 τὸ
251 1491 346 1540 ἐμὸν,
363 1490 452 1528 ἀλλὰ
468 1490 507 1527 τὸ
523 1489 661 1540 θέλημα
675 1493 734 1527 τοῦ
751 1489 954 1542 πέμψαντός
974 1505 1028 1540 με.
1056 1489 1104 1527 Τί

75 1550 210 1602 λέγεις;
231 1550 324 1602 ἔχεις
342 1550 410 1602 γὰρ
438 1550 576 1600 θέλημα
600 1551 717 1602 ἕτερον
736 1551 834 1602 παρὰ
859 1551 918 1588 τὸν
935 1550 1101 1603 Πατέρα;

76 1612 146 1651 Καὶ
175 1611 243 1663 μὴν
276 1613 462 1663 *ἀλλαχοῦ
497 1606 616 1657 εἶπας,
650 1611 775 1655 Καθὼς
805 1611 875 1664 ἐγὼ
903 1611 964 1650 καὶ
992 1611 1034 1650 σὺ
1066 1612 1101 1650 ἕν

76 1675 180 1724 ἐσμεν
193 1689 201 1696 ·
222 1672 281 1711 καὶ
300 1672 419 1719 πάλιν,
434 1672 492 1710 ἐπὶ
511 1672 706 1723 θελήματος
719 1673 830 1725 λέγων
849 1673 909 1711 καὶ
929 1672 1101 1723 ὁμονοίας·

78 1734 145 1778 Δὸς
163 1736 300 1783 αὐτοῖς,
319 1734 376 1771 ἵνα
395 1733 454 1772 καὶ
470 1733 568 1772 αὐτοὶ
592 1735 626 1772 ἐν
647 1736 732 1785 ἡμῖν
753 1734 788 1772 ἓν
807 1727 874 1773 ὦσι
886 1749 894 1757 ·
910 1733 1102 1783 τουτέστιν,

75 1796 111 1832 ἓν
132 1798 174 1847 τῇ
194 1795 275 1848 περὶ
299 1798 401 1846 ἡμῶν
427 1794 556 1833 πίστει.
582 1794 690 1847 Ὁρᾷς
714 1795 769 1834 ὅτι
794 1794 838 1833 τὰ
863 1795 1018 1846 μάλιστα
1044 1796 1101 1834 δο-
1124 1791 1149 1824 C

74 1859 202 1894 κοῦντα
224 1851 313 1894 εἶναι
341 1855 512 1903 ταπεινὰ,
532 1856 645 1894 ταῦτά
673 1858 767 1894 ἐστιν
788 1856 878 1909 ἅπερ
904 1857 978 1909 ἔχει
1005 1858 1103 1907 ἐγκε-

74 1917 273 1969 κρυμμένον
301 1917 341 1955 τὸ
367 1917 499 1969 ὑψηλὸν
528 1916 666 1967 νόημα,
694 1916 769 1957 ”²¹0
795 1917 862 1970 γὰρ
893 1917 1100 1966 αἰνίττεται,

74 1977 228 2016 τοιοῦτόν
252 1979 365 2015 ἐστιν·
384 1977 438 2016 ὅτι
459 1978 521 2015 οὐκ
538 1978 624 2016 ἄλλο
651 1978 714 2029 μὲν
734 1982 794 2016 τοῦ
818 1979 960 2031 Πατρὸς
980 1979 1020 2017 τὸ
1041 1978 1100 2017 θέ-

74 2038 193 2089 λημα,
215 2039 299 2076 ἄλλο
329 2038 363 2076 δὲ
382 2038 422 2076 τὸ
442 2039 565 2076 αὐτοῦ·
593 2040 670 2076 ἀλλ’
702 2038 821 2091 ὥσπερ
843 2045 923 2089 μιᾶς
950 2038 1102 2082 διανοίας

74 2098 108 2136 ἓν
141 2099 295 2150 θέλημα,
321 2099 430 2142 οὕτως
460 2100 545 2150 ἐμοῦ
575 2099 634 2137 καὶ
664 2104 725 2137 τοῦ
756 2100 910 2153 Πατρός.
946 2100 1017 2139 Καὶ
1049 2099 1098 2151 μὴ

73 2159 274 2211 θαυμάσῃς,
295 2162 324 2198 εἰ
343 2160 516 2208 τοσαύτην
536 2154 610 2198 εἷπε
642 2160 842 2214 συνάφειαν.
864 2161 933 2199 Καὶ
952 2161 1019 2213 γὰρ
1042 2161 1099 2199 ἐπὶ

71 2225 132 2260 τοῦ
160 2221 368 2272 Πνεύματος
402 2222 514 2274 τούτῳ
541 2221 714 2274 κέχρηται
741 2226 791 2276 τῷ
821 2223 1053 2275 ὑποδείγματι
1080 2226 1098 2260 ὁ

71 2284 233 2329 Παῦλος,
251 2283 379 2335 λέγων·
409 2282 474 2326 Τίς
490 2283 557 2335 γὰρ
574 2278 662 2321 οἶδεν
683 2284 876 2337 ἀνθρώπων
896 2285 940 2323 τὰ
959 2287 1019 2322 τοῦ
1040 2287 1098 2322 ἀν-

72 2343 231 2395 θρώπου,
249 2346 280 2382 εἰ
303 2343 351 2394 μὴ
371 2343 411 2381 τὸ
426 2347 565 2395 πνεῦμα
584 2348 644 2382 τοῦ
665 2345 848 2398 ἀνθρώπου
868 2345 908 2383 τὸ
928 2347 961 2384 ἐν
984 2348 1098 2398 αὒτῷ;

70 2404 177 2442 Οὕτω
192 2404 313 2443 καὶτὰ
328 2409 387 2443 τοῦ
405 2407 498 2444 Θεοῦ
519 2405 630 2448 οὐδεὶς
650 2400 752 2453 οἶδεν,
772 2409 802 2444 εἰ
822 2406 871 2458 μὴ
891 2407 931 2444 τὸ
951 2408 1099 2457 Πνεῦμα

71 2470 131 2503 τοῦ
146 2468 254 2504 Θεοῦ.
276 2466 386 2504 Οὐδὲν
407 2461 463 2504 οῦν
481 2466 567 2504 ἀλλο
583 2467 605 2512 ἢ
623 2467 726 2504 τοῦτό
738 2483 856 2519 φησιν,
875 2468 931 2507 ὅτι
943 2470 1006 2507 οὐκ
1024 2468 1099 2506 ἔστι

73 2541 132 2577 μοι
151 2526 288 2577 θέλημα
303 2527 418 2578 ἕτερον
438 2527 497 2564 καὶ
513 2527 597 2565 ἴδιον
618 2532 632 2549 ⁰
644 2527 741 2579 παρὰ
757 2532 816 2567 τοῦ
834 2530 996 2581 Πατρὸς,
1018 2531 1096 2568 ἀλλ’

73 2587 104 2625 εἴ
120 2603 155 2625 τι
171 2589 297 2630 ἐκεῖνος
315 2586 499 2638 βούλεται,
519 2591 621 2625 τοῦτο
640 2588 699 2625 καὶ
721 2588 807 2639 ἐγώ·
829 2589 888 2627 καὶΙ
909 2589 942 2627 εἴ
959 2606 993 2627 τι
1009 2590 1097 2641 ἐγὼ,
1122 2593 1148 2622 D

71 2653 172 2687 τοῦτο
199 2648 259 2686 καὶ
284 2649 426 2691 ἐκεῖνος.
447 2647 588 2701 εὨσπερ
607 2643 664 2687 οἶν
692 2652 742 2701 τῷ
770 2650 888 2701 Πατρὶ
917 2651 1027 2693 οὐδεὶς
1057 2651 1097 2689 ἂν

71 2709 272 2760 ἐγκαλέσειε
291 2708 462 2760 κρίνοντι,
489 2709 597 2753 οὕτως
623 2710 701 2748 οὐδὲ
728 2710 826 2760 ἐμοί·
856 2710 926 2749 ἀπὸ
943 2710 1011 2762 γὰρ
1036 2715 1098 2759 τῆς

72 2773 179 2816 αὐτῆς
204 2770 346 2822 γνώμης
380 2769 527 2821 ἑκατέρα
547 2773 568 2817 ἦ
590 2772 703 2823 ψῆφος
730 2770 883 2823 φέρεται.
915 2773 960 2810 Εἰ
981 2771 1016 2810 δὲ
1038 2776 1097 2811 ἀν·

72 2836 334 2888 θρωπινώτερον
356 2839 467 2874 ταῦτα
483 2836 701 2888 διαλέγεται,
725 2837 773 2887 μὴ
796 2837 994 2891 θαυμάσῃς.
1014 2838 1094 2878 Ἄν-

72 2905 208 2953 θρωπον
227 2901 294 2953 γὰρ
315 2903 416 2941 αὐτὸν
437 2902 488 2941 ἔτι
507 2903 664 2954 ἐνόμιζον
691 2898 780 2942 εἶναι
798 2904 911 2956 ψιλόν.
933 2904 998 2943 Διὸ
1023 2906 1093 2959 χρὴ

115 3019 128 3034 ‘²
152 3008 266 3041 Morei.
294 3014 366 3050 ἐστὶ,
392 3013 464 3045 διότι
491 3017 593 3048 ἐκεῖνοι
617 3017 772 3058 ἄνθρωπον
798 3017 887 3047 αὐτὸν
909 3019 982 3052 τέως
1006 3017 1085 3049 brena<

71 3074 194 3102 πτευον,
212 3064 288 3094 οὕτω
305 3068 374 3095 τότε
399 3068 496 3097 ταῦτα
522 3070 724 3109 προστίθησιν.
744 3069 843 3111 ὥσπερ
866 3067 923 3098 οὖν.
943 3065 1084 3098 Savilius

71 3111 204 3152 melius,
223 3124 321 3155 quem
342 3116 522 3156 sequimur.
541 3117 633 3158 [Nisi
655 3115 747 3159 quod
763 3116 879 3154 Savih,
898 3124 935 3148 ut
950 3125 983 3150 et
996 3117 1082 3150 Cod.

71 3164 134 3195 706
150 3169 261 3202 τίθησιν
285 3176 346 3206 pro
372 3168 588 3211 προστίθησιυ.]
606 3169 671 3208 Qui
694 3167 788 3200 locus
811 3179 879 3200 non
895 3176 944 3200 est
959 3169 1083 3202 obscu-

72 3225 147 3256 rus,
160 3222 196 3246 ut
211 3223 307 3257 putat
322 3218 450 3250 Boisius
464 3218 499 3250 in
515 3220 604 3251 uotis
618 3219 804 3252 savilianis.

116 3276 129 3290 τ·
153 3266 267 3298 Morel.
285 3273 317 3307 ἐξ
333 3272 445 3307 εὐθείας
462 3274 534 3304 αὐτὸ
550 3274 652 3309 οὕτως.

117 3320 126 3329 “
141 3319 297 3362 [ἀλλαχοῦ
312 3336 391 3366 φησι,
407 3327 543 3361 καθὼς...
553 3327 653 3365 ἐσμὲν,
666 3328 735 3368 περὶ
749 3328 954 3367 θελήματος-υ
965 3352 970 3359 ,
983 3324 1039 3357 δίη
1051 3325 1082 3357 11-

75 3369 312 3411 01(10d.706.]

1176 1132 1377 1183 indigebam
1394 1132 1455 1170 sed
1475 1132 1701 1170 concordiam
1720 1133 1868 1183 indicat,
1887 1143 1920 1171 et
1939 1133 2034 1171 idem
2054 1134 2174 1186 ipsum

1171 1192 1365 1244 judicium,
1398 1207 1439 1231 ae
1464 1193 1494 1230 si
1522 1192 1682 1231 diceret:
1703 1195 1759 1232 Ita
1782 1194 1908 1247 judico
1938 1209 1979 1232 ae
2007 1195 2038 1233 si
2068 1196 2173 1233 Pater

1173 1254 1250 1306 ipse
1264 1253 1460 1305 judicaret.
1482 1255 1606 1292 Postea
1625 1255 1753 1307 adjicit
1775 1271 1783 1292 :
1804 1257 1859 1294 Et
1879 1259 1969 1293 novi
1990 1258 2096 1308 quod
2106 1259 2171 1309 ju-

1174 1316 1320 1353 dicium
1340 1318 1629 1368 mezcmjzcstum
1650 1326 1726 1365 est,
1740 1320 1834 1370 quia
1851 1332 1929 1355 non
1949 1332 2079 1370 qucero
2098 1332 2171 1356 ‘vo-

1175 1376 1368 1414 luntatem
1387 1391 1526 1423 meam,
1549 1379 1617 1415 sed
1636 1379 1882 1417 ‘voluntatem
1912 1382 1993 1432 ejus
2014 1382 2081 1431 qui
2100 1383 2171 1417 mi-

1172 1439 1223 1474 sit
1242 1451 1315 1474 me.
1340 1437 1441 1484 Quid
1459 1437 1578 1475 dicis?
1599 1438 1755 1476 habesne
1774 1440 1922 1477 alteram
1940 1455 2049 1491 quam
2068 1441 2173 1479 Pater

1172 1497 1421 1536 voluntatem?
1444 1498 1554 1549 Atqui
1573 1499 1660 1536 alibi
1680 1499 1806 1537 dixisti
1828 1516 1836 1536 ε
1857 1501 1963 1538 Sicut
1981 1515 2050 1552 ego
2069 1510 2106 1539 et
2130 1511 2171 1539 tu

1173 1571 1292 1595 unum
1323 1572 1454 1596 sumus
1465 1575 1481 1604 ;
1507 1567 1541 1596 et
1567 1573 1726 1611 rursum,
1755 1559 1799 1598 de
1835 1561 2017 1599 voluntate
2037 1570 2071 1598 et
2090 1575 2172 1599 con-

1173 1619 1299 1658 cordia
1317 1620 1464 1671 loquens
1477 1636 1484 1657 :
1497 1622 1565 1658 Da
1580 1623 1633 1659 eis
1651 1630 1691 1659 ut
1712 1630 1749 1660 et
1768 1624 1840 1673 ipsi
1859 1625 1901 1659 in
1921 1625 2029 1661 nobis
2053 1637 2172 1660 unum

1173 1684 1266 1729 sint,
1288 1682 1357 1720 1100
1376 1692 1444 1733 est,
1465 1683 1501 1720 in
1521 1681 1597 1720 fide
1616 1692 1749 1721 nostra.
1771 1683 1904 1723 Viden⁷
1935 1699 1975 1722 ea
1995 1699 2073 1735 quae
2095 1699 2170 1722 ma-

1173 1742 1227 1794 gis
1244 1743 1399 1781 humilia
1414 1743 1600 1794 videntur,
1620 1744 1811 1782 sublimem
1830 1759 1973 1783 sensum
1990 1746 2170 1784 occultum

1171 1803 1327 1842 habere?
1350 1804 1460 1852 Quod
1478 1818 1562 1856 ergo
1582 1805 1802 1857 subindicat,
1826 1806 1895 1844 1100
1914 1816 1966 1844 est
1986 1823 1994 1843 :
2014 1807 2170 1846 ostendit

1172 1878 1243 1902 non
1263 1865 1372 1903 aliam
1399 1879 1472 1904 esse
1497 1866 1614 1903 Patris
1647 1867 1884 1917 voluntatem7
1910 1882 2019 1918 quam
2048 1882 2168 1919 suam3

1172 1926 1236 1964 sed
1260 1928 1328 1977 Ita,
1361 1927 1493 1978 inquit,
1522 1941 1594 1964 una
1618 1937 1671 1965 est
1695 1942 1773 1966 mea
1798 1938 1832 1966 et
1851 1929 1982 1980 Patris,
2004 1939 2045 1967 ut
2064 1930 2169 1968 unius

1171 1987 1282 2025 animi
1313 1988 1479 2027 voluntas
1508 2002 1579 2026 una
1610 1998 1672 2026 est.
1705 1991 1778 2027 Nec
1810 1990 1951 2028 mireris
1979 1990 2010 2028 si
2034 2000 2169 2029 tantam

1171 2048 1269 2088 dieat
1300 2049 1596 2102 conjunctionem.
1619 2051 1711 2088 Nam
1729 2050 1774 2088 de
1792 2051 1924 2102 spiritu
1951 2066 2091 2102 quoque
2110 2067 2168 2090 eo-

1171 2111 1254 2149 dem
1290 2112 1423 2150 Paulus
1451 2113 1616 2165 exemplo
1644 2113 1760 2150 utitur
1794 2113 1915 2151 dicens
1940 2130 1948 2150 z
1973 2115 2066 2164 Quis
2096 2117 2167 2153 scit

1172 2174 1373 2210 hominum
1396 2186 1481 2225 quoe
1500 2181 1590 2211 sunt
1610 2174 1790 2221 hominis,
1821 2177 1896 2212 nisi
1922 2177 2080 2226 spiritus
2098 2177 2165 2213 ho-

1171 2236 1287 2271 minis
1320 2236 1388 2285 qui
1420 2237 1462 2271 in
1487 2237 1569 2286 ipso
1598 2239 1680 2272 est?
1699 2237 1765 2273 Ita
1792 2243 1831 2273 et
1860 2249 1946 2287 quoe
1974 2236 2052 2273 Dei
2078 2245 2167 2274 sunt

1173 2307 1282 2332 nemo
1305 2296 1425 2342 novit,
1450 2296 1526 2331 nisi
1544 2294 1706 2346 Spiritus
1726 2296 1816 2332 Dei.
1837 2295 1941 2333 Nihil
1959 2309 2043 2346 ergo
2063 2296 2166 2334 aliud

1170 2368 1278 2404 quam
1302 2355 1370 2392 1100
1395 2354 1486 2392 dicit
1510 2370 1517 2391 ε
1541 2357 1621 2393 Non
1648 2364 1700 2392 est
1724 2355 1816 2392 mihi
1843 2356 2009 2395 voluntas
2037 2357 2106 2394 alia
2133 2366 2168 2394 et

1169 2415 1317 2467 propria
1349 2430 1458 2465 quam
1490 2429 1568 2465 quae
1600 2416 1716 2453 Patris
1750 2425 1802 2454 est
1826 2432 1834 2452 :
1857 2416 1920 2454 sed
1938 2417 1967 2454 si
1989 2417 2078 2468 quid
2107 2418 2168 2456 ifle

1169 2476 1264 2524 vult,
1294 2476 1363 2512 hoc
1384 2484 1418 2512 et
1437 2489 1501 2527 ego
1520 2476 1603 2514 volo
1610 2491 1622 2525 3
1643 2485 1677 2513 et
1696 2476 1725 2513 si
1746 2476 1837 2527 quid
1856 2491 1933 2528 ego,
1954 2477 2022 2515 hoc
2041 2487 2075 2515 et
2094 2478 2165 2517 ille.

1172 2536 1487 2584 Quemadmodum
1515 2551 1597 2588 ergo
1626 2538 1769 2575 Patrem
1796 2553 1899 2577 nemo
1930 2539 2165 2591 reprehendet

1166 2599 1403 2651 judicantem,
1425 2599 1475 2636 ita
1503 2613 1567 2636 nee
1600 2613 1657 2637 me
1681 2615 1689 2635 :
1710 2614 1754 2638 ex
1780 2599 1904 2638 eadem
1927 2601 2061 2653 quippe
2087 2615 2165 2640 sen-

1170 2661 1280 2698 tentia
1306 2670 1453 2711 uterque
1479 2660 1638 2698 calculus
1663 2661 1787 2699 fertur.
1821 2661 1930 2710 Quod
1950 2662 1979 2700 si
1998 2663 2075 2701 haec
2104 2663 2166 2701 ille

1169 2722 1326 2759 humano
1358 2735 1456 2759 more
1482 2721 1663 2772 loquatur,
1695 2736 1739 2760 ne
1765 2722 1904 2760 mireris
1925 2737 2034 2761 :nam
2062 2724 2166 2762 illum

1169 2783 1351 2820 hominem
1386 2796 1520 2834 purum
1551 2796 1624 2820 esse
1654 2783 1840 2835 putabant.
1863 2785 2108 2832 Quamobrem
2129 2785 2166 2823 in

1170 2844 1347 2882 similibus
1368 2853 1508 2896 oportet
1528 2857 1599 2882 non
1618 2844 1714 2882 dicta
1738 2845 1872 2895 solum,
1899 2846 1962 2884 sed.
1992 2855 2026 2884 et
2050 2846 2165 2884 homi-

1169 2921 1256 2944 num
1270 2905 1475 2959 opinionem
1486 2905 1718 2959 perpendere,
1736 2915 1769 2945 et
1783 2908 2048 2959 responsionem
2064 2909 2166 2960 quasi

1194 3015 1211 3039 b
1237 3015 1300 3046 Hic
1313 3013 1411 3057 longe
1423 3015 1555 3047 variant
1571 3014 1784 3057 exemplaria.
1800 3014 1916 3051 Savil.‚
1933 3027 2032 3058 quem
2052 3015 2164 3059 sequi-

1150 3078 1236 3107 mur,
1255 3078 1331 3098 cum
1347 3067 1426 3099 Mss.
1444 3068 1622 3100 consentit.
1638 3066 1753 3099 Morel.
1772 3078 1850 3100 vero
1866 3069 1912 3099 sic
1931 3067 2050 3111 habet,
2066 3073 2081 3102 ὁ
2099 3075 2165 3111 γοῦν

1151 3124 1327 3159 αἰνίττεται,
1341 3123 1429 3153 τοῦτό
1448 3124 1521 3154 ἐστι.
1540 3123 1662 3153 δείκνυσι
1686 3125 1744 3163 γὰρ
1768 3124 1818 3153 oin
1834 3124 1909 3154 ἄλλο
1926 3125 1958 3155 ὃν
1976 3126 2028 3154 τοῦ
2050 3127 2165 3166 πατρὸς

1150 3177 1186 3205 τὸ
1203 3175 1322 3215 θέλημα
1338 3177 1424 3216 παρὰ
1439 3177 1473 3206 τὸ
1496 3175 1606 3210 αὐτοῦ,
1624 3174 1693 3205 ἀλλ’
1708 3175 1799 3209 οὕτως
1817 3175 1845 3205 ἓν
1862 3175 1933 3206 εἶναι
1955 3179 1989 3206 τὸ
2010 3176 2100 3206 αὐτοῦ
2115 3178 2164 3206 καὶ

1151 3228 1205 3258 τοῦ
1218 3230 1344 3268 πατρὸς,
1363 3227 1400 3261 ὡς
1415 3229 1440 3257 εἰ
1456 3229 1505 3258 καὶ
1520 3233 1592 3267 μιᾶς
1607 3229 1642 3259 ἂν
1659 3226 1784 3261 διανοίας
1801 3228 1830 3257 ἓν
1846 3229 1881 3263 ἦν
1898 3228 2029 3267 θέλημα.

1196 3285 1210 3301 ⁰
1235 3275 1296 3308 Alii
1324 3282 1410 3322 παρὰ
1439 3283 1475 3311 τὸ
1505 3283 1558 3310 τοῦ
1585 3282 1707 3320 πατρός.
1724 3277 1792 3317 [Ita
1805 3275 1890 3309 Cod.
1906 3276 1968 3308 706
1981 3283 2014 3308 et
2029 3275 2129 3309 Savil.
2146 3288 2161 3308 e

1157 3329 1360 3371 conjectura,
1377 3329 1496 3371 recte]

2185 2126 2210 2145 1.
2234 2118 2346 2148 Conz.

2186 2168 2232 2187 ιι.
