2522 3683
318 224 406 280 8138
1275 241 1447 270 senum.

305 320 468 370 fictilia.
489 319 570 356 Haec
588 319 660 371 ipsc
676 320 817 358 Paulus.
838 321 916 357 Non
933 320 1026 356 enim
1042 319 1185 358 aliunde
1201 322 1294 359 testi·
1371 322 1505 373 μεγάλῃ
1537 321 1570 360 δὲ
1597 321 1690 360 οἰκία
1723 324 1785 360 οὐκ
1818 321 1890 359 ἔστι
1920 323 2021 372 μόνον
2054 322 2157 367 σκεύη
2190 327 2303 372 χρυσᾶ
2329 320 2386 359 καὶ

122 732 312 769 llf12l.x.21‚⁴

120 1800 144 1819 1.
163 1792 233 1820 For.
254 1802 299 1821 10.

120 1842 165 1861 12.

116 2106 301 2143 l.s‹11⁴.1.!9.

117 2212 228 2239 M'attle.
254 2211 303 2240 23.

117 2252 168 2289 37.

123 2378 194 2404 Gal.
216 2378 244 2405 si.
261 2387 289 2416 7.

124 2493 148 2510 ι.
172 2483 282 2522 (Τυκκ9.

122 2524 169 2551 vti.

121 2565 251 2602 Pleiliszp.
275 2564 305 2592 3.

124 2608 170 2635 13.
200 2606 243 2644 ¹⁷³6·

316 371 477 408 monium
493 372 683 422 proferam,
703 387 745 409 ne
760 373 876 410 dicas:
895 373 985 409 Cum
1001 386 1069 409 non
1086 373 1243 411 inveniat
1259 374 1295 411 in
1371 377 1515 426 ἀργυρᾶ,
1537 374 1627 412 ἀλλὰ
1643 361 1702 412 mit
1719 373 1834 418 ξύλινα
1852 375 1911 412 καὶ
1928 374 2126 426 ὀστράκινα.
2149 375 2272 411 Ταῦτα
2291 378 2309 411 ὁ
2328 375 2386 411 αὐ-

317 424 474 474 apostolo
495 424 726 472 solutionem,
747 425 794 462 ad
805 425 912 462 aliam
931 425 1154 476 Scripturam
1172 426 1297 464 transi·
1370 427 1426 469 τὸς
1453 427 1600 470 Παῦλος.
1636 429 1689 464 Οὐ
1714 426 1782 478 γὰρ
1802 426 1951 479 παράγω
1969 427 2161 478 ἀλλαχόθεν
2181 425 2386 478 μαρτυρίαν,

317 476 408 513 livit.
428 478 507 527 Ipse
526 477 659 514 Paulus
679 478 738 527 qui
758 477 829 514 illis
845 477 1048 527 indignatus
1067 486 1138 526 est,
1157 478 1298 529 quando
1369 477 1425 515 ἵνα
1459 479 1506 528 μὴ
1535 479 1652 530 εἴπῃς,
1677 482 1742 530 οὐχ
1773 478 1881 531 εὑρὼν
1910 483 1948 518 ἐκ
1978 483 2036 517 τοῦ
2064 479 2257 517 ἀποστόλου
2277 477 2388 525 λύσιν,

317 528 390 565 siue
418 527 660 580 indignatione
687 530 854 579 loquitur,
883 539 1046 567 accurate
1075 531 1182 569 verba
1202 532 1297 569 facit.
1372 533 1418 574 εἰς
1443 531 1562 583 ἑτέραν
1585 533 1805 582 μετεπήδησε
1827 533 1854 569 Γ
1859 532 1981 584 ραφήν.
2018 531 2065 570 -Ὁ
2086 532 2187 575 αὐτὸς
2206 532 2346 573 Παῦλος
2371 533 2389 567 ὁ

317 580 415 618 Dicit
432 596 515 631 ergo
535 582 665 619 Paulus
687 598 693 618 z
712 585 760 618 In
781 596 924 633 magna
943 582 1056 620 domo
1082 598 1159 621 non
1175 585 1299 621 solum
1371 583 1500 627 τούτοις
1520 584 1782 635 ἀγανακτήσας,
1805 584 1861 622 ὅτε
1880 585 1976 628 ἐκτὸς
1994 584 2260 636 ἀγανακτήσεως
2280 582 2386 634 φθέγ-

318 642 407 671 sunt
429 648 529 671 vasa
554 649 673 672 aurea
693 643 728 671 et
752 643 948 686 argentea,
971 636 1036 672 sed
1058 644 1094 674 et
1112 637 1240 688 lignea
1264 645 1300 674 et
1324 650 1346 679 Ε
1372 652 1483 687 γεται,
1501 637 1587 690 πρὸς
1607 637 1786 689 ἀκρίὸειαν
1807 636 2018 688 διαλέγεται.
2050 636 2152 688 Λέγει
2167 631 2223 673 οῦν
2243 640 2261 673 ὁ
2284 637 2387 673 Παῦ-

320 687 470 732 lic-tilia,
489 695 523 723 et
544 688 627 724 alia
655 690 695 723 in
723 689 919 732 honorem,
939 688 1023 725 alia
1041 691 1082 725 in
1106 699 1299 727 contume-
1372 691 1449 736 λος,
1472 691 1534 728 Ἐν
1559 689 1692 741 μεγάλῃ
1714 689 1749 727 δὲ
1771 688 1864 742 οἰκίᾳ
1883 692 1943 727 οὐκ
1962 689 2035 727 ἔστι
2056 688 2157 738 μόνον
2177 688 2282 734 σκεύη
2305 703 2389 740 χρυ-

319 740 426 776 liam.
447 739 493 776 Et
509 739 599 788 quid
619 738 767 791 adjicit?
786 740 826 778 Si
840 742 926 792 quis
940 754 1028 792 ergo
1040 745 1300 780 emendaverit
1372 748 1417 779 σᾶ
1438 743 1497 780 καὶ
1517 745 1670 793 ἀργυρᾶ,
1696 741 1785 780 ἀλλὰ
1804 742 1863 780 καὶ
1883 741 2001 785 ξύλινα
2019 741 2079 779 καὶ
2098 741 2305 792 ὀστράκινα,
2330 739 2390 777 καὶ

318 807 370 837 se,
385 794 454 828 erit
474 806 546 829 vas
562 795 603 829 in
620 793 801 830 honorem
818 794 1118 845 sanctificatum.
1137 796 1209 841 Qui
1223 796 1299 833 illie
1371 794 1415 832 τὰ
1439 795 1566 850 μὲνωεῖς
1585 794 1690 844 τιμὴν
1703 825 1712 841 ,
1737 795 1780 832 τὰ
1800 794 1834 833 δὲ
1855 797 1901 837 εἷς
1921 794 2075 844 ἀτιμίαν.
2101 794 2170 831 Καὶ
2193 793 2226 830 τί
2249 792 2389 842 ἐπάγει;

318 845 428 893 figulo
448 858 510 882 vas
532 844 565 881 iu
588 844 757 882 honorem
778 854 810 883 et
831 860 892 883 vas
911 846 947 882 in
968 847 1217 885 contumeliam
1235 848 1297 885 ad—
1372 846 1457 885 Ἐὰν
1478 851 1533 886 οὖν
1551 863 1603 890 τις
1622 849 1740 886 ἑαυτὸν
1761 846 1950 900 ἐκκαθάρῃ,
1971 847 2067 885 ἔσται
2082 849 2202 889 σκεῦος
2219 847 2265 888 εἰς
2283 844 2389 894 τιμὴν

317 896 474 948 scripsit,
502 897 571 934 alio
598 897 634 935 in
663 898 740 936 loco
764 898 941 937 voluntati
966 908 1079 936 totum
1108 900 1297 937 attribuit:
1371 900 1593 950 ἡγιασμένον.
1642 899 1686 938 Ὁ
1715 903 1859 939 ἐνταῦθα
1891 903 1940 951 τῷ
1961 899 2102 949 πλάστῃ
2137 898 2330 950 ἐπιγράψας
2353 898 2414 961 ‘fb'

317 950 356 987 Si
379 952 463 1001 quis
489 951 750 988 emendaverit
773 965 826 995 se,
851 953 920 988 erit
947 965 1019 988 vas
1042 953 1083 987 in
1103 954 1298 1001 honorem,
1372 957 1489 995 σκεῦος
1510 955 1572 998 τῆς
1591 956 1715 1003 τιμῆς,
1733 953 1792 991 καὶ
1810 953 1849 990 τὸ
1869 958 1987 996 σκεῦος
2005 955 2067 997 τῆς
2083 951 2236 1001 ἀτιμίας,
2256 953 2289 988 ἐν
2313 952 2390 987 ἑτε-

318 1003 619 1054 sanctificatum,
638 1012 672 1040 et
688 1004 782 1040 utile
799 1005 982 1049 Domino,
1008 1004 1061 1040 ad
1081 1018 1193 1042 omne
1205 1019 1299 1056 opus
1374 1019 1422 1055 ρῳ
1440 1004 1536 1056 τόπῳ
1554 1007 1597 1055 τῆ
1613 1005 1813 1057 προαιρέσει
1825 1005 1865 1043 τὸ
1884 1011 1951 1043 πᾶν
1973 1004 2202 1043 ἀποδέδωκεν.
2233 1002 2318 1041 Ἐάν
2339 1018 2390 1047 τις

320 1057 461 1092 honum
484 1065 678 1107 paratum.
701 1055 952 1093 Animadverte
974 1055 1078 1092 illum
1101 1056 1171 1093 alio
1193 1057 1298 1094 modo
1373 1057 1491 1094 ἑαυτὸν
1512 1057 1700 1108 ἐκκαθάρῃ,
1718 1058 1817 1096 ἔσται
1837 1061 1956 1100 σκεῦος
1976 1060 2022 1100 εἷς
2041 1056 2159 1107 τιμὴν,
2179 1054 2390 1106 ἡγιασμένον

319 1107 417 1157 loqui
438 1121 519 1144 cum
539 1108 712 1159 increpat,
729 1108 798 1145 alio
812 1122 893 1144 cum
908 1107 1009 1144 docet
1030 1123 1036 1143 :
1054 1117 1086 1145 et
1105 1110 1299 1147 secundum
1372 1108 1431 1145 καὶ
1463 1108 1653 1160 εὔχρηστον
1679 1112 1727 1160 τῷ
1759 1109 1939 1161 Δεσπότῃ,
1967 1112 2105 1152 εἷςπᾶν
2136 1109 2233 1160 ἔργον
2263 1108 2390 1159 ἀγαθὸν

318 1159 540 1211 praemissum
559 1159 695 1196 domini
720 1159 925 1211 exemplum
946 1159 1043 1208 fieri,
1065 1161 1128 1211 qui
1155 1176 1300 1200 servum
1372 1161 1626 1213 ἐξηρτισμένον.
1664 1161 1779 1214 εὈρα,
1801 1161 1854 1200 ὅτι
1875 1161 1999 1213 ἑτέρως
2019 1160 2079 1211 μὲν
2098 1163 2267 1211 ἐπιτιμῶν
2289 1159 2393 1211 φθέγ-

318 1226 422 1248 suum
436 1212 614 1258 verberat,
628 1211 673 1249 ad
686 1212 841 1249 alienum
857 1212 976 1249 statim
993 1214 1117 1251 acerbe
1131 1214 1300 1264 loquutus
1372 1230 1484 1265 γεται,
1505 1213 1630 1268 ἑτέρως
1644 1213 1680 1251 δὲ
1698 1215 1869 1253 διδάσκων
1887 1214 2092 1252 συντίθεται.
2125 1213 2193 1251 Καὶ
2213 1212 2304 1250 κατὰ
2328 1212 2391 1258 τὴν

317 1274 377 1312 cst,
398 1264 458 1301 sed
474 1273 512 1301 ut
531 1265 578 1302 ad
594 1265 685 1302 hanc
703 1265 889 1304 veritatem
908 1265 1061 1303 traheret
1081 1282 1088 1302 :
1111 1266 1161 1304 sic
1180 1276 1213 1304 et
1232 1267 1299 1305 hoc
1373 1267 1617 1318 προλαὸοῦσαν
1654 1266 1770 1305 εἰκόνα
1799 1271 1858 1304 τοῦ
1887 1266 2054 1305 δεσπότου
2068 1296 2078 1313 ,
2107 1270 2167 1304 τοῦ
2191 1265 2247 1303 τὸν
2271 1268 2392 1303 ἑαυτοῦ

317 1317 393 1354 loco
417 1317 572 1355 ostendit
590 1332 653 1355 vas
673 1317 709 1355 in
726 1317 898 1355 honorem
918 1326 951 1355 et
971 1332 1033 1356 Vas
1055 1319 1091 1357 in
1121 1329 1299 1358 contume-
1313 1345 1360 1371 184
1374 1318 1509 1366 οἰκέτην
1538 1319 1743 1367 τύπτοντος,
1771 1320 1857 1372 πρὸς
1875 1320 1932 1358 τὸν
1954 1318 2132 1372 ἀλλότριον
2153 1318 2275 1361 εὐθέως
2298 1319 2391 1363 ἀπη-

316 1370 402 1406 liam
419 1384 488 1407 non
511 1384 529 1406 a
553 1371 628 1407 Deo
644 1370 760 1420 effici;
781 1370 842 1408 sed
862 1372 978 1408 Deum
998 1385 1221 1410 communem
1238 1387 1299 1411 na—
1324 1385 1348 1412 A
1372 1375 1438 1416 νῶς
1466 1371 1670 1424 ἐφθέγξατο,
1691 1373 1776 1424 πρὸς
1796 1372 1910 1419 δὲτὴν
1928 1372 2090 1419 ἀλήθειαν
2105 1371 2236 1417 ταύτην
2256 1369 2391 1422 παρέλ-

317 1431 435 1459 turam
466 1422 628 1472 condere,
657 1423 878 1461 voluntatem
905 1438 990 1462 vero
1018 1423 1133 1476 ipsam
1161 1425 1297 1464 discin-
1373 1441 1462 1463 κων·
1484 1424 1572 1463 οὕτω
1590 1426 1649 1463 καὶ
1671 1429 1816 1464 ἐνταῦθα
1835 1424 1960 1468 ἔδειξεν
1975 1455 1984 1472 ,
2003 1424 2057 1463 ὅτι
2078 1429 2195 1466 σκεῦος
2211 1426 2315 1473 τιμῆς
2332 1422 2392 1460 καὶ

316 1474 410 1512 dere.
425 1476 475 1513 Ut
489 1489 570 1513 vero
586 1476 786 1514 accuratius
801 1476 916 1514 discas
927 1506 937 1525 ,
954 1491 1017 1514 nos
1032 1491 1099 1515 non
1114 1492 1159 1515 ex
1174 1487 1298 1516 natura
1372 1482 1489 1521 σκεῦος
1508 1477 1649 1528 ἀτιμίας
1674 1479 1763 1521 Θεὸς
1784 1479 1821 1515 οὐ
1839 1484 1951 1524 ποιεῖ,
1985 1476 2075 1515 ἀλλὰ
2099 1475 2215 1523 κοινὴν
2241 1481 2393 1513 ποιεῖται

316 1528 424 1565 factos
452 1542 525 1565 esse
551 1543 636 1566 vasa
659 1528 803 1567 honoris
831 1538 864 1566 et
892 1543 975 1567 vasa
1000 1532 1234 1580 contumeliae,
1258 1532 1298 1569 id
1370 1529 1432 1575 τὴν
1454 1530 1572 1582 φύσιν,
1596 1535 1616 1577 ἡ
1646 1530 1682 1569 δὲ
1709 1530 1909 1584 προαίρεσις
1928 1529 2038 1582 σχίζει
2060 1528 2123 1575 τὴν
2148 1527 2389 1581 δημιουργίαν.

316 1580 499 1632 Scriptura
526 1581 637 1619 docet.
660 1581 698 1619 Si
716 1582 850 1619 factum
877 1591 964 1619 esset
991 1597 1055 1620 vas
1076 1584 1296 1633 ignominiae,
1371 1583 1441 1620 Καὶ
1459 1581 1515 1620 ἵνα
1533 1583 1644 1634 μάθῃς
1666 1583 1818 1637 ἀκριὸῶς
1831 1613 1840 1630 ,
1860 1582 1913 1621 ὅτι
1932 1583 1992 1620 οὔκ
2008 1585 2046 1620 ἐκ
2063 1581 2195 1634 φύσεως
2211 1581 2392 1626 ἐπλάσθη-

316 1646 379 1669 eur
391 1633 574 1686 Scriptura
589 1648 645 1671 me
658 1633 799 1671 doceret
816 1634 1065 1672 essebonum?
1085 1636 1191 1683 Quod
1204 1636 1297 1674 enim
1371 1650 1432 1684 μεν
1456 1635 1562 1681 σκεύη
1581 1638 1687 1686 τιμῆς
1701 1667 1710 1684 ,
1737 1636 1797 1674 καὶ
1820 1635 1925 1682 σκεύη
1947 1634 2100 1685 ἀτιμίας,
2119 1638 2140 1681 ἡ
2166 1635 2193 1671 Γ
2199 1632 2289 1685 ραφὴ
2309 1649 2391 1670 παι-

315 1685 429 1722 faetus
441 1700 520 1723 sum
534 1686 729 1723 seeundum
745 1696 926 1734 naturam,
942 1687 1074 1724 mutari
1090 1702 1158 1725 non
1172 1698 1298 1740 potest.
1371 1686 1472 1725 δεύει.
1506 1689 1550 1725 Εἰ
1573 1687 1681 1732 οὕτως
1703 1688 1859 1734 ἐπλάσθη
1888 1692 2007 1730 σκεῦος
2025 1686 2167 1737 ἀτιμίας
2180 1716 2190 1732 ,
2225 1685 2282 1722 διὰ
2297 1684 2331 1722 τί
2349 1702 2391 1736 με

317 1738 390 1774 Cur
406 1736 507 1775 docet
521 1738 616 1776 hune
635 1752 708 1776 esse
726 1739 877 1787 bonum,
894 1740 953 1790 qui
968 1749 1093 1777 natura
1106 1755 1168 1778 sua
1185 1742 1300 1779 malus
1370 1743 1390 1785 ἡ
1408 1739 1529 1791 Pomp->1
1546 1740 1701 1778 διδάσκει
1721 1735 1806 1778 εἶναι
1818 1740 1942 1788 καλόν,
1963 1740 2011 1778 ιῸ
2024 1739 2091 1790 γὰρ
2111 1738 2287 1784 ἐπλάσθην
2302 1737 2394 1792 κΝατὰ

317 1791 391 1827 est?
412 1804 475 1827 cur
498 1800 616 1828 autem
640 1791 772 1828 bonum
795 1791 918 1829 statuit
946 1792 1085 1841 dicens,
1112 1794 1186 1844 Qui
1205 1803 1295 1842 stat,
1370 1791 1485 1843 φύσιν,
1505 1796 1734 1843 μετατεθῆναι
1754 1794 1792 1831 οὐ
1810 1792 1971 1842 δύναμαι.
2001 1792 2069 1831 Διὰ
2082 1790 2117 1829 τί
2133 1790 2291 1829 παιδεύει
2305 1793 2392 1828 εἶναι

317 1844 452 1880 videat
469 1858 516 1880 ne
527 1844 670 1880 eadat?
684 1844 722 1881 Si
739 1853 865 1881 natura
880 1844 1013 1892 bonus,
1034 1859 1098 1882 cur
1113 1846 1300 1884 confirmas
1371 1845 1498 1894 ἀγαθὸν
1510 1876 1519 1893 ,
1545 1845 1602 1883 τὸν
1625 1845 1715 1884 κατὰ
1735 1845 1835 1897 φύσιν
1855 1845 1938 1883 ὄντα
1954 1844 2081 1891 κακόν,
2102 1843 2158 1882 διὰ
2176 1842 2209 1881 τί
2226 1843 2261 1880 δὲ
2282 1846 2391 1894 ἀσφα-

318 1909 415 1943 eum,
438 1895 499 1946 qui
528 1895 653 1933 firmus
677 1897 753 1934 est?
777 1896 869 1934 Hinc
895 1897 1114 1935 continenter
1132 1897 1176 1935 ad
1196 1898 1299 1947 illud,
1370 1897 1501 1941 λίζεται
1524 1898 1581 1935 τὸν
1601 1899 1736 1949 γάγαθὸν
1750 1929 1759 1945 ,
1786 1897 1914 1948 λέγων·
1937 1896 1982 1935 Ὁ
1999 1896 2106 1940 ἑστὼς
2123 1926 2133 1943 ,
2167 1895 2323 1946 βλεπέτω
2341 1895 2390 1945 μὴ

350 1950 408 1984 ‘⁷071
432 1956 487 1985 est
507 1948 689 1995 volentis,
721 1962 842 1999 neque
867 1953 1055 1987 currentis
1058 1965 1076 1997 ;
1098 1950 1125 1987 si
1153 1950 1244 1988 nihil
1263 1951 1300 1989 in
1370 1949 1475 2003 πέσῃ,
1498 1952 1542 1988 Εἰ
1561 1952 1599 1988 ἐκ
1619 1950 1750 2002 φύσεως
1765 1951 1890 1997 καλὸς,
1906 1950 1940 1988 τί
1960 1949 2132 2001 ἀσφαλίζῃ
2152 1949 2208 1986 τὸν
2230 1949 2392 2000 ἀσφαλῆ,

317 2014 374 2036 me
387 2000 527 2038 volente
541 2000 649 2037 situm
666 2010 735 2049 est,
756 2015 819 2038 cur
835 2001 1033 2053 praedicas?
1047 2002 1075 2039 si
1091 2002 1181 2040 nihil
1196 2018 1300 2055 penes
1372 2003 1462 2040 Εἶτα
1475 2003 1533 2040 καὶ
1547 2003 1586 2041 τὸ
1603 2003 1788 2042 ἀκόλουθον
1804 2004 1889 2056 πρὸς
1909 2003 1960 2050 τὸ,
1982 2005 2034 2041 Οὐ
2050 2007 2108 2040 τοῦ
2128 2000 2294 2045 θέλοντος,
2316 1999 2392 2038 Οὖδὲ

319 2062 515 2090 currentem
530 2061 591 2100 est,
611 2052 918 2105 eurdefatigaris?
938 2054 968 2092 si
987 2055 1079 2093 nihil
1092 2055 1128 2092 in
1143 2056 1297 2107 volente,
1369 2057 1428 2092 τοῦ
1456 2055 1657 2108 τρέχοντος,
1677 2058 1706 2094 εἷ
1733 2055 1840 2106 μηδέν
1865 2057 1957 2093 ἐστιν
1978 2055 2033 2094 ἐπ’
2061 2054 2138 2104 ἐμοὶ
2163 2056 2213 2106 τῷ
2246 2053 2391 2101 θέλοντι,

320 2119 384 2141 eur
405 2107 500 2143 Deus
516 2104 612 2142 dixit
634 2121 641 2142 ε
662 2106 703 2144 Si
713 2107 928 2153 volueritis,
945 2116 982 2145 et
1001 2109 1209 2147 audieretis
1222 2124 1295 2160 me,
1370 2106 1426 2144 διὰ
1445 2108 1478 2145 τί
1504 2108 1703 2160 κηρύττεις,
1731 2111 1761 2146 εἷ
1783 2108 1889 2159 μηδὲν
1913 2108 1969 2146 ἐπὶ
1989 2110 2038 2160 τῷ
2076 2106 2257 2159 τρέχοντι,
2282 2105 2339 2143 διὰ
2358 2105 2394 2143 τί

323 2159 422 2195 bona
453 2167 562 2195 terroe
591 2160 820 2197 comedetis?
835 2164 865 2196 si
895 2159 988 2197 nihil
1020 2169 1071 2198 est
1089 2160 1126 2198 in
1144 2161 1297 2214 volente,
1369 2159 1529 2210 κάμνεις,
1550 2164 1579 2199 εἰ
1602 2161 1707 2212 μηδὲν
1729 2162 1785 2200 ἐπὶ
1809 2164 1858 2214 τῷ
1878 2161 2021 2206 θέλοντι,
2045 2159 2102 2198 διὰ
2121 2159 2154 2197 τί
2174 2162 2190 2196 ὃ
2212 2158 2300 2201 Θεὸς
2319 2157 2392 2196 ἕλε-

321 2224 384 2247 cur
400 2211 565 2249 servator
582 2209 723 2249 dicebat
744 2227 751 2247 τ
775 2213 929 2262 Quoties
944 2213 1054 2250 volui
1069 2227 1300 2266 congregare
1369 2227 1440 2261 γεν,
1459 2213 1545 2252 Ἐὰν
1565 2216 1701 2262 θέλητε,
1719 2214 1779 2253 καὶ
1795 2213 2021 2260 εἷσακούσητέ
2043 2228 2120 2263 μου,
2137 2210 2181 2249 τὰ
2201 2210 2315 2261 ἀγαθὰ
2329 2213 2394 2256 τῆς

317 2263 423 2313 filios
442 2272 540 2309 tuos,
569 2273 606 2301 et
621 2265 797 2302 noluistis
810 2269 826 2300 ἱ)
842 2266 933 2302 Non
953 2274 1008 2302 est
1030 2266 1211 2313 volentis,
1229 2282 1298 2305 ηε-
1322 2279 1344 2308 Β
1368 2267 1432 2313 γῆς
1449 2265 1618 2318 φάγεσθε;
1637 2270 1666 2305 εἰ
1684 2266 1790 2317 μηδὲν
1815 2266 1871 2304 ἐπὶ
1886 2269 1934 2318 τῷ
1951 2266 2094 2312 θέλοντι,
2111 2264 2168 2303 διὰ
2183 2263 2216 2301 τί
2231 2267 2248 2301 ὁ
2263 2261 2391 2315 Σωτὴρ

321 2330 393 2367 que
404 2319 604 2354 currentis.
627 2317 665 2354 Si
683 2316 774 2354 nihil
794 2326 845 2354 est
865 2317 902 2354 in
921 2327 1096 2367 currente,
1112 2332 1176 2356 cur
1191 2321 1300 2358 Gala-
1337 2313 1349 2320 ’
1369 2316 1464 2368 ἔλεγε
1478 2348 1486 2362 ,
1509 2320 1664 2364 Ποσάκις
1694 2319 1849 2366 ἠθέλησα
1878 2318 2079 2362 ἐπισυνάξαι
2111 2316 2155 2354 τὰ
2179 2315 2282 2353 τέκνα
2309 2330 2368 2353 σου
2381 2344 2392 2361 ,

319 2369 364 2405 tis
390 2368 530 2406 dicebat
552 2385 559 2404 :
584 2370 806 2407 Currebatis
838 2372 947 2415 bene;
969 2372 1054 2421 quis
1085 2385 1156 2409 vos
1181 2375 1300 2424 impe-
1370 2370 1429 2407 καὶ
1456 2372 1516 2409 οὐκ
1541 2373 1758 2419 ἠθελήσατε,
1789 2372 1842 2409 Οὐ
1862 2376 1921 2409 τοῦ
1939 2370 2107 2416 θέλοντος,
2127 2368 2202 2406 οὐδὲ
2226 2371 2285 2405 τοῦ
2310 2366 2390 2418 τρέ-

320 2422 444 2458 divit?
464 2421 492 2459 si
518 2435 584 2458 non
615 2432 665 2460 est
690 2422 856 2472 volentis,
884 2436 996 2473 neque
1028 2424 1215 2474 currentis,
1239 2440 1302 2463 cur
1370 2437 1502 2473 χοντος.
1530 2426 1575 2462 Εἰ
1595 2425 1702 2474 μηδέν
1719 2426 1811 2462 ἐστιν
1829 2423 1885 2462 ἐπὶ
1905 2425 1954 2475 τῷ
1974 2422 2145 2474 τρέχοντι,
2174 2419 2229 2458 διὰ
2245 2419 2279 2457 τί
2294 2419 2392 2470 ἔλεγε

322 2474 452 2511 Paulus
467 2474 515 2511 ait
535 2489 542 2510 :
564 2475 625 2513 Sic
646 2489 770 2522 curro,
794 2489 872 2512 non
892 2478 1003 2527 quasi
1028 2478 1069 2512 in
1087 2479 1302 2516 incertum?
1371 2476 1565 2525 Γαλάταις,
1597 2477 1782 2529 Ἐτρέχετε
1806 2478 1940 2518 καλῶς·
1966 2476 2017 2518 τίς
2045 2478 2135 2525 ὑμᾶς
2158 2473 2339 2524 ἐνέκοψενὲ
2362 2475 2390 2509 Εἷ

321 2528 469 2564 Eorum
492 2541 575 2578 quae
598 2537 699 2566 retro
717 2537 808 2566 sunt
824 2530 1036 2577 obliviscor,
1059 2538 1094 2567 et
1117 2531 1172 2567 ad
1194 2540 1303 2569 ante-
1373 2527 1421 2577 μὴ
1455 2533 1514 2566 τοῦ
1545 2530 1698 2573 θέλοντός
1720 2533 1815 2576 ἐστι,
1851 2528 1939 2579 μηδὲ
1958 2532 2017 2566 τοῦ
2037 2527 2220 2581 τρέχοντος
2237 2555 2245 2570 ,
2282 2524 2338 2562 διὰ
2357 2524 2392 2561 τί

321 2582 425 2616 riora
447 2580 574 2629 tendo,
593 2593 748 2632 scopum
763 2595 982 2634 persequor.
1013 2581 1114 2627 Quid
1138 2582 1302 2634 laboras,
1372 2582 1510 2624 Παῦλος
1529 2581 1644 2633 λέγει,
1677 2581 1782 2621 Οὕτω
1809 2581 1942 2633 τρέχω,
1965 2583 2010 2623 ὣς
2036 2584 2098 2618 οὐκ
2126 2579 2281 2626 &stt->fi
2308 2578 2390 2614 Τῶν

323 2640 383 2667 aut
401 2631 487 2681 quid
512 2632 647 2670 curris?
666 2635 723 2672 Tu
753 2633 893 2682 dixisti,
919 2636 1010 2672 Non
1040 2643 1096 2672 est
1117 2636 1298 2684 volentis,
1372 2633 1511 2672 ὄπισθεν
1533 2635 1819 2685 ἐπιλανθάνομαι,
1833 2641 1903 2676 τοῖς
1923 2632 1959 2672 δὲ
1978 2634 2171 2684 ἔμπροσθεν
2191 2628 2390 2668 ἐπεκτεινό-

324 2698 445 2734 neque
475 2688 677 2724 currentis.
716 2686 786 2725 Sed
822 2687 1008 2738 Scriptura
1043 2686 1302 2727 dubitationem
1373 2702 1484 2736 μενος,
1504 2687 1594 2726 κατὰ
1612 2688 1740 2726 σκοπὸν
1760 2686 1887 2724 διώκω.
1907 2685 1955 2724 Τί
1975 2686 2130 2736 κάμνεις,
2149 2683 2170 2730 ἢ
2190 2683 2225 2720 τί
2239 2681 2392 2733 τρέχεῑςὶ

322 2736 441 2773 solvit.
469 2738 545 2774 Non
567 2747 617 2774 est
635 2739 787 2777 volentis
804 2739 915 2777 Isaaci
943 2739 1099 2787 (volebat
1121 2741 1214 2778 enim
1239 2742 1300 2780 be·
1372 2739 1421 2777 Σὺ
1439 2734 1550 2787 εἶπας,
1571 2741 1623 2778 Οὐ
1644 2746 1703 2779 τοῦ
1721 2740 1887 2785 θέλοντος,
1915 2738 1992 2777 οὐδὲ
2010 2743 2069 2776 τοῦ
2085 2737 2278 2788 τρέχοντος·
2299 2735 2389 2771 Ἀλλ’

322 2787 481 2825 nedicere
507 2789 771 2841 primogenito),
803 2805 915 2841 neque
939 2792 1112 2829 currentis
1140 2793 1235 2831 Esaii
1264 2795 1300 2833 in
1370 2795 1392 2837 ἧ
1418 2793 1446 2829 Γ
1472 2792 1542 2844 αφὴ
1564 2792 1638 2831 λύει
1662 2792 1724 2840 τὴν
1742 2790 1968 2843 ἀμφιὸολίαν.
1999 2792 2051 2829 Οὐ
2068 2793 2126 2827 τοῦ
2146 2788 2301 2830 θέλοντος
2328 2789 2388 2823 τοῦ

322 2854 510 2892 cainpum3
533 2841 593 2878 scd
624 2844 688 2880 Dei
713 2844 774 2894 qui
802 2844 1034 2881 111iserebatur
1061 2845 1199 2883 Jacobi.
1221 2848 1299 2885 Non
1371 2843 1494 2883 Ἰσαακ
1516 2845 1642 2892 (ἤθελε
1661 2845 1728 2896 γὰρ
1749 2846 1935 2894 εὐλογῆσαι
1963 2843 2020 2881 τὸν
2036 2841 2283 2894 πρωτότοκον),
2312 2837 2388 2876 οὐδὲ

321 2893 470 2931 volentis
486 2893 592 2939 Esau,
610 2909 720 2945 neque
739 2896 911 2934 currentis
927 2897 1060 2946 Isaaci5
1077 2897 1138 2934 sed
1154 2898 1220 2935 Dei
1238 2901 1300 2949 qui
1371 2902 1430 2935 τοῦ
1455 2897 1635 2950 τρέχοντος
1668 2903 1727 2936 τοῦ
1753 2897 1866 2935 Ἡσαῦ
1892 2897 1939 2938 εἰς
1964 2895 2003 2932 τὸ
2033 2893 2169 2940 πεδίον,
2211 2892 2301 2931 ἀλλὰ
2328 2896 2388 2929 τοῦ

322 2945 553 2983 miserebatur
573 2946 710 2984 Jacobi.
732 2950 868 2987 Verum
881 2949 930 2986 sic
943 2949 1100 2986 solutum
1119 2959 1169 2987 est
1189 2951 1295 3001 illud,
1371 2951 1542 2993 ἐλεοῦντος
1576 2952 1667 2988 Θεοῦ
1697 2950 1754 2988 τὸν
1788 2947 1929 2986 Ἰακώὸ.
1965 2948 2017 2984 Οὐ
2056 2951 2114 2984 τοῦ
2143 2945 2298 2988 θέλοντος
2326 2947 2386 2981 τοῦ

321 2998 416 3035 Non
433 3008 487 3037 esc
501 2998 682 3036 volentis.
706 3000 776 3038 Sed
795 3014 856 3037 cur
874 3001 1018 3039 tandem
1038 3001 1234 3040 miserentis
1248 3014 1299 3041 est
1371 3001 1484 3040 Ἡσαῦ
1500 3033 1510 3050 ,
1544 3001 1619 3040 οὐδὲ
1646 3006 1706 3039 τοῦ
1734 3000 1914 3055 τρέχοντος
1941 3004 2000 3037 τοῦ
2030 2998 2153 3036 Ἰσαὰκ
2168 3027 2178 3045 ,
2208 2996 2298 3035 ἀλλὰ
2326 2999 2386 3034 τοῦ

320 3051 413 3088 Dei?
444 3053 566 3089 Manet
594 3051 688 3088 cuim
723 3052 839 3089 adhuc
865 3054 1026 3102 quaestio,
1060 3055 1178 3106 Cujus
1209 3057 1297 3095 vult
1370 3055 1542 3099 ἐλεοῦντος
1568 3057 1659 3093 Θεοῦ
1684 3054 1742 3092 τὸν
1768 3053 1908 3091 'lamba
1938 3052 2027 3089 Ἀλλ’
2050 3051 2151 3097 ἐλύθη
2175 3049 2235 3101 μὲν
2251 3049 2311 3096 τὸ,
2332 3050 2384 3087 Οὐ

318 3106 528 3149 miseretur,
545 3118 657 3156 quem
673 3105 758 3140 vult
772 3105 941 3142 indurat.
962 3106 1110 3143 Attende
1124 3107 1293 3156 studiose,
1370 3111 1429 3144 τοῦ
1460 3108 1631 3153 θέλοντος,
1661 3107 1761 3145 οὕτω.
1800 3104 1869 3143 Διὰ
1893 3103 1927 3141 τί
1951 3103 1986 3140 δὲ
2015 3103 2102 3147 ὅλως
2134 3107 2192 3141 τοῦ
2214 3103 2386 3144 ἐλεοῦντος

316 3156 433 3193 frater.
454 3158 551 3194 Deus
575 3156 762 3209 przenoscit
792 3156 927 3203 0111nia;
950 3158 1135 3207 praenoscit
1159 3169 1292 3209 autem,
1371 3161 1479 3206 Θεοῦ,
1499 3160 1606 3198 Μένει
1626 3159 1691 3211 γὰρ
1712 3157 1828 3208 ἀκμὴν
1844 3158 1883 3195 τὸ
1909 3156 2067 3205 ζήτημα,
2086 3155 2154 3193 ⁶0³⁴
2175 3155 2265 3193 θέλει
2285 3155 2383 3200 ἐλεεῖ,

316 3221 382 3245 non
398 3209 500 3258 quasi
520 3209 638 3247 sutura
667 3208 842 3255 formans,
862 3209 922 3245 sed
941 3209 1059 3245 sutura
1079 3211 1290 3260 praevidens.
1320 3225 1341 3253 ς
1369 3211 1404 3248 ὃν
1426 3212 1460 3249 δὲ
1483 3213 1572 3251 θέλει
1591 3210 1786 3264 σκληρύνει.
1810 3209 1969 3262 Πρόσεχε
1986 3208 2149 3258 ἀκριὸῶς,
2171 3205 2308 3257 ἀδελφέ.
2340 3205 2384 3241 ‘()

315 3260 393 3297 Alia
412 3261 542 3313 quippe
561 3270 641 3299 sunt
660 3275 713 3309 ca,
737 3275 816 3311 quat
840 3259 1033 3298 secundum
1063 3264 1292 3301 oeconomiam
1368 3264 1456 3307 (θεὸς
1470 3263 1700 3316 προγινώσκει
1720 3262 1781 3312 μὲν
1797 3261 1923 3308 πάντα,
1940 3260 2171 3313 προγινώσκει
2187 3258 2242 3304 δὲ,
2260 3258 2323 3308 οὖχ
2338 3260 2384 3300 ὡς

314 3314 493 3363 propriam
519 3313 816 3365 prfcdeterminat‚
840 3321 873 3349 et
898 3312 967 3349 alia
992 3327 1069 3362 quae
1090 3328 1135 3350 ex
1153 3315 1292 3352 actibus
1368 3316 1468 3359 αὐτὸς
1481 3319 1597 3354 τυπῶν
1613 3316 1656 3353 τὰ
1670 3315 1852 3365 μέλλοντα,
1867 3313 1957 3352 ἀλλὰ
1971 3312 2138 3365 προειδὼς
2154 3310 2196 3348 τὰ
2212 3309 2383 3359 μέλλοντα

315 3367 439 3402 nostris
466 3366 652 3417 pra-noscit
671 3382 677 3401 z
696 3365 793 3402 aliud
822 3374 871 3401 cst
902 3364 1223 3416 pravdeterniinare,
1260 3377 1291 3404 et
1365 3368 1423 3404 καὶ
1442 3368 1485 3405 τὰ
1504 3369 1660 3418 ἐσόμενα.
1690 3367 1797 3404 Ἄλλα
1816 3367 1883 3419 γάρ
1899 3368 2002 3412 ἐστιν,
2022 3365 2042 3401 ἃ
2062 3363 2150 3401 κατὰ
2167 3362 2228 3409 τὴν
2253 3361 2380 3399 οἰκείαν

312 3417 408 3454 :iliud
423 3432 647 3469 praenoscere.
670 3418 706 3455 Si
729 3431 943 3469 praenoscam
963 3417 1122 3455 futurum
1144 3419 1289 3468 malum,
1365 3421 1560 3469 οἷκονομίαν
1583 3419 1773 3470 προορίζει,
1796 3420 1883 3456 ἄλλα
1903 3418 2017 3464 ἐστὶν,
2045 3417 2065 3454 ἃ
2081 3416 2149 3454 ἀπὸ
2164 3418 2231 3453 τῶν
2248 3413 2378 3463 ἧμιετέ44
