2507 3673
543 138 721 168 (joxTnx
764 139 1022 168 {inntl'ristos
1060 140 1114 169 ET
1155 141 1196 168 {N
1235 142 1439 170 SANCTAu
1482 144 1730 175 DEM’ARAu.

2085 150 2176 195 0¹7

174 392 276 430 Κατὰ
293 393 490 439 αἱρετικῶν,
509 392 569 430 καὶ
586 394 633 436 εἰς
647 393 710 440 τὴν
732 394 832 445 ἁγίαν
846 393 1032 432 Θεοτόκον.

145 514 259 552 Πάλιν
273 517 315 560 τῆ
335 514 516 566 παρρησίᾳ
532 519 592 553 τοῦ
618 516 716 567 ἁγίου
737 515 941 566 Πνεύματος
956 516 1111 581 διασπῶὶν

89 566 150 610 τὰς
163 566 277 631 σειρὰς
298 570 359 613 τῆς
376 567 527 617 ἀμαθίας
546 569 604 606 τὸν
622 567 866 606 διδασκαλικὸν
881 567 1113 632 καταλαμὸα-

90 634 137 655 νω
162 622 279 671 θρονον
291 650 299 666 ,
314 621 376 657 οὐκ
393 619 593 670 αἰδούμενός
622 637 687 671 μου
709 621 772 667 τὴν
795 619 976 671 πτωχείαν
987 635 994 642 ·
1011 621 1111 684 φἰλο-

89 670 618 724 morsm-(319rz'vrzqotzeeirsvs'
646 689 689 723 με
717 673 774 710 διὰ
794 671 856 718 τὴν
885 676 946 736 τῇς
972 674 1111 730 ἀγαπης

88 716 299 776 φιλοτιμίαν.
321 724 436 770 Πένης
450 725 518 777 γὰρ
533 736 580 762 ων
594 725 770 769 πλουσίοις
783 726 1039 789 ἐπεκτεινομαι,
1050 739 1112 786 ομκ

90 775 288 820 ἀλαζονείας
307 777 515 827 ὑποθέμενος
530 778 641 824 νόσον,
659 778 750 815 ἀλλὰ
764 780 826 822 τῆς
842 777 998 828 φιλοθεου
1014 779 1111 838 ὑμων

88 832 203 880 ψυχῆς
219 830 431 880 ἀποπληρῶν
448 831 506 868 τὸν
528 830 654 882 ἔρωτα.
675 830 856 882 Τέρπεσθε
877 829 946 879 γάρ
960 843 1025 891 μου
1041 844 1112 872 τοις

87 874 220 932 λόγοις,
239 882 357 927 ἐπειδὴ
389 882 486 934 κάγὼ
506 881 732 934 εὐφραίνομαι
753 883 850 930 ὑμῶν
870 887 941 923 τοῖς
959 895 1110 946 τρόποις.

87 936 163 971 Οὐκ
184 929 260 972 οἶδά
278 949 342 983 μου
361 933 422 980 τὴν
452 934 642 986 πτωχείαν,
652 934 712 971 καὶ
729 933 916 984 μογιλάλον
930 949 1071 988 φωνηνλ.
1074 949 1112 972 το

85 986 190 1024 καλὸν
222 989 323 1023 τοῦτο
350 986 409 1024 καὶ
440 987 628 1039 ἐπέραστον
665 989 801 1039 θεωρῶν
837 985 992 1038 θέατρον.
1021 988 1113 1050 Οἰοῖα

85 1038 151 1088 γὰρ
163 1067 172 1084 ,
194 1041 240 1082 ὡς
258 1040 296 1074 οὖ
313 1038 430 1090 κριταί
449 1054 514 1089 μου
534 1043 601 1077 τῶν
617 1038 743 1090 λόγων,
759 1037 781 1084 ἢ
803 1038 922 1076 θεαταὶ
936 1041 1003 1075 τῶν
1020 1041 1112 1088 ἀγω-

84 1107 151 1128 νων
171 1090 396 1142 συνέρχεσθε,
418 1093 494 1129 ἀλλ’
521 1090 578 1129 ἵνα
599 1094 649 1143 τῷ
671 1091 769 1129 παιδὶ
800 1093 847 1133 ὡς
865 1090 1111 1156 πατέρεςκσυν-

84 1144 310 1195 επισχύσητε.
331 1143 426 1194 Ἐγὼ
448 1143 515 1196 γὰρ
533 1147 575 1195 τῇ
597 1143 736 1202 γλώττῃ
756 1144 882 1207 λαλῶ,
895 1146 992 1205 ὑμεῖς
1012 1159 1047 1180 οε
1067 1148 1108 1207 τῇ

83 1189 210 1248 καρδίᾳ
229 1195 416 1249 φθέγγεσθε
437 1197 522 1249 πρὸς
538 1198 595 1234 τὸν
615 1199 705 1235 Θεον
724 1201 842 1241 τοῦτο,
863 1199 1005 1264 οοθηγαι
1021 1200 1109 1261 ’ᾑμιν

82 1248 182 1298 λόγον
207 1252 240 1287 ἐν
263 1249 387 1294 ἀνοίξει
406 1253 465 1286 τοῦ
483 1250 654 1300 στόματος
668 1265 675 1272 ·
697 1248 896 1301 φιλόπαιδες
916 1264 989 1311 ’γαρ
1016 1264 1109 1314 οντες

82 1302 142 1338 καὶ
161 1302 354 1353 φιλότεκνοι
375 1300 451 1344 τοὺς
475 1302 662 1354 ἡμετέρους
689 1302 812 1344 πόνους
838 1303 982 1365 οἶκειους
1009 1302 1107 1365 λογι-

82 1355 179 1397 ζεσθε
204 1354 401 1406 στεφάνους.
424 1354 488 1391 Διὸ
507 1357 568 1393 οὐκ
588 1358 678 1393 ὀκνῶ
702 1354 787 1406 πρὸς
815 1353 854 1391 τὸ
872 1355 985 1404 λεγειν
1002 1355 1106 1418 ·Ιλυει

80 1405 148 1457 γάρ
170 1422 235 1456 μου
262 1407 319 1444 τὸν
342 1408 439 1445 ὄκνον
467 1410 484 1445 ὁ
514 1407 593 1460 περὶ
623 1409 713 1458 ὑμᾶς
744 1406 1106 1474 πόθοςκμεταὸδαλλγει

82 1473 146 1508 μου
167 1459 229 1506 τὴν
257 1459 426 1509 ἀμάθειαν
448 1461 494 1503 εἷς
516 1461 674 1512 ἐνάρετον
695 1460 920 1497 διδασκαλιαν
940 1461 962 1503 ἡ
980 1474 1106 1524 ευαγης

79 1512 271 1563 προσευγῆ.
304 1511 409 1550 Ἀλλὰ
440 1515 551 1550 ταῦτα
580 1511 641 1562 μὲν
675 1514 708 1550 ἐν
740 1510 914 1562 προοιμίῳ
943 1513 1105 1562 εἰρησθω.

81 1562 176 1615 Ἐγὼ
196 1557 237 1602 δὲ·
251 1563 403 1616 σήμερον
425 1564 704 1616 περιζωσάμενος
722 1563 785 1610 τὴν
802 1562 908 1614 ὀσφὺν
931 1566 992 1608 τῆς
1014 1566 1106 1629 [ἀλη-

81 1616 174 1660 θείας
187 1646 196 1662 ,
219 1618 279 1655 καὶ
299 1617 524 1667 ἐνδυσάμενος
544 1618 601 1655 τὸν
622 1617 763 1669 θώρακα
785 1618 844 1662 τῆς
867 1616 1083 1663 ἕικαιοσυνης
1096 1647 1105 1664 ,

80 1669 140 1706 καὶ
159 1670 420 1719 ὑποδησάμενος
439 1670 516 1712 τοῦς
535 1671 643 1714 πόδας
662 1672 696 1708 ἐν
725 1668 910 1720 ἑτοιμασίᾳ
925 1673 985 1707 τοῦ
1006 1672 1107 1722 εὐαγ-

79 1721 195 1770 γελίου
229 1726 291 1769 τῆς
324 1723 480 1774 εἰρήνης,
508 1722 664 1775 ἄρχομαι
697 1722 788 1759 κατὰ
821 1724 888 1759 τῶν
921 1725 1104 1787 αἱρετικῶν

80 1774 329 1824 ἀναδεξάμενος
364 1777 495 1825 ἀγῶνα.
528 1775 755 1826 Ἐφάπτομαι
791 1776 866 1814 τῶν,
889 1776 1045 1838 ἀγωνιον,
1068 1778 1106 1813 οὗ

78 1826 192 1877 λόγοις
211 1827 331 1877 λόγους
351 1828 547 1874 συνάπτων,
568 1827 644 1866 οὐδὲ
665 1829 831 1880 ῥητορικῇ
853 1828 1023 1873 δεινοτητι
1042 1827 1105 1891 τὰς

79 1878 197 1932 σειρὰς
225 1883 294 1917 τῶν
328 1880 529 1931 προτάσεων
563 1880 711 1918 διαλύων
723 1910 732 1927 ,
763 1879 853 1917 ἀλλὰ
889 1882 931 1930 τῇ
963 1881 1105 1943 τελειως

78 1931 382 1983 ἐπαναγνωσθείοῃ
406 1935 503 1985 φωνῇ
531 1932 573 1970 τὰ
608 1933 789 1984 εὐμήχανα
819 1935 888 1969 τῶν
919 1934 1102 1997 αξρετικυέν

77 1984 314 2036 προὲλήματα
330 2015 340 2030 ,
361 1987 407 2028 ὡς
427 1985 520 2024 ἱστὸν
552 1986 706 2037 ἀράχνης
720 2016 728 2032 ,
749 1986 916 2022 διασπῶν.
958 1986 1046 2022 Εστι
1067 1986 1101 2023 οὲ

78 2038 306 2076 ἀποστολικὸν
336 2038 549 2089 ἀνάγνωσμα
576 2042 693 2076 τοῦτο·
713 2038 761 2075 *Ω
794 2037 896 2088 βάθος
927 2037 1075 2101 πλούτου
1091 2069 1100 2086 ,

76 2089 135 2126 καὶ
158 2090 278 2142 σοφίας
291 2121 300 2137 ,
316 2089 375 2128 καὶ
394 2089 553 2141 γνώσεως
577 2094 668 2129 Θεοῦ
685 2107 692 2114 ·
722 2093 768 2133 ὡς
789 2089 1035 2141 ἀνεξερευνητα
1054 2090 1100 2156 τοι

75 2141 230 2193 κρίματα
251 2146 354 2181 αὐτοῦ
369 2172 377 2188 ,
404 2143 464 2180 καὶ
487 2143 741 2196 ἀνεξιχνίαστοι
762 2145 796 2180 αἱ
820 2144 891 2181 ὁδοὶ
911 2144 1032 2190 αὐτοῦ,
1052 2146 1098 2182 'lt

75 2195 187 2245 λέγεις
205 2188 232 2232 ἶ)
252 2197 390 2240 Παῦλε,
405 2199 422 2233 ὁ
441 2197 587 2238 πλοῦτος
602 2200 661 2234 τοῦ
679 2198 770 2234 Θεοῦ
791 2197 825 2232 ἐν
844 2196 946 2260 βάθει
963 2201 1094 2244 κεῖται5

75 2247 135 2284 καὶ
151 2250 184 2285 ἐν
202 2248 281 2299 ὕψει
296 2248 521 2299 γνωρίζεται5
541 2249 631 2296 Ναὶ,
651 2249 754 2300 φησὶ,
770 2248 831 2286 καὶ
851 2252 884 2286 ἐν
902 2250 1001 2314 βαθέι
1013 2279 1022 2295 ,
1039 2250 1098 2314 καὶ

76 2302 110 2337 ἐν
131 2299 208 2338 ὕψει
219 2315 226 2323 ·
246 2303 280 2338 ἐν
294 2300 391 2351 βάθει
404 2300 466 2350 μὲν
481 2300 536 2338 διὰ
548 2300 877 2353 τὴνρνθρωπότητα
888 2331 897 2348 ,
917 2303 950 2338 ἐν
968 2302 1048 2353 υψει
1062 2302 1096 2340 οὲ

75 2351 132 2389 διὰ
151 2339 212 2399 τὴν
235 2355 381 2400 θεότητα
413 2353 517 2391 Οὕτω
547 2353 615 2406 γὰρ
641 2353 698 2391 διὰ
716 2359 776 2392 τοῦ
801 2353 979 2407 προφήτου
1005 2356 1093 2392 ἀπο-

74 2405 257 2443 καλύπτων
273 2406 334 2453 τὴν
367 2406 564 2453 οἰκονομίαν
594 2406 694 2458 ἔλεγε
725 2408 810 2459 πρὸς
832 2405 959 2458 Ἄχαζ·
980 2407 1095 2453 Αἴτη-

74 2473 132 2494 σαι
154 2461 288 2509 σεαυτῷ
318 2465 461 2508 σημεῖον
488 2459 586 2511 παρὰ
606 2459 733 2511 Κυρίου
759 2464 818 2498 τοῦ
844 2461 935 2497 Θεοῦ
962 2462 1096 2523 σουιεῖς

76 2510 178 2559 βάθος
192 2541 202 2558 ,
223 2509 245 2555 ἢ
263 2513 311 2553 εἷς
329 2510 412 2562 ὕψος
424 2526 431 2533 ·
453 2513 499 2554 εἰς
519 2512 621 2561 βάθος
638 2512 716 2561 μὲν,
730 2511 786 2549 διὰ
804 2511 868 2558 τὴν
885 2513 1095 2562 οἷκονομιαν,

72 2564 120 2605 εἷς
139 2561 223 2613 ὕψος
242 2562 277 2599 δὲ
290 2593 299 2609 ,
315 2563 371 2601 διὰ
387 2562 448 2610 τὴν
466 2563 655 2614 θεολογίαν.
676 2563 769 2601 Βαθὺ
787 2563 848 2613 μὲν
866 2563 934 2616 γὰρ
953 2570 1095 2614 σημεῖον

71 2615 111 2652 τὸ
129 2617 168 2652 ἐκ
189 2615 366 2667 Παρθένου
386 2619 550 2667 τε-χθῆναι
563 2646 572 2663 ,
588 2616 771 2670 ὑψηλὸνὲὲ
792 2615 959 2667 κήρυγμα
982 2617 1040 2653 καὶ
1056 2618 1095 2656 τὸ

71 2670 110 2705 ἐκ
127 2668 219 2706 Θεοῦ
235 2668 324 2707 Θεὸν
344 2661 562 2716 γεννηθῆναι.
583 2667 676 2706 Οὔτε
704 2673 760 2706 οὖν
780 2668 817 2706 τὸ
837 2668 937 2719 ὕψος,
958 2669 1094 2722 ἄνθρω-

70 2736 114 2757 πε
127 2749 137 2764 ,
157 2720 467 2773 περιεργαζόμενος
500 2721 782 2770 καταλαμὲάνεις
796 2752 804 2768 ,
825 2721 902 2759 οὔτε
922 2721 961 2758 τὸ
992 2722 1095 2771 βάθος

70 2773 370 2824 πολυπραγμονῶν
400 2773 580 2825 εὑρίσκεις.
598 2774 733 2811 Σεπταὶ
750 2773 816 2825 γάρ
850 2775 934 2837 εἰσιν
971 2776 1005 2811 αἱ
1035 2779 1093 2813 τοῦ

70 2825 223 2876 Χριστοῦ
242 2826 433 2876 γεννήσεις·
453 2830 474 2872 ἦ
494 2826 555 2875 μὲν
584 2825 650 2876 γάρ
675 2828 748 2863 ἐστι
768 2825 859 2864 κατὰ
879 2841 993 2877 φυσιν,
1013 2831 1034 2873 ἡ
1059 2828 1094 2867 δὲ

70 2876 166 2928 παρὰ
187 2877 300 2928 φύσιν.
326 2877 431 2930 Παρὰ
452 2879 551 2930 φύσιν
574 2879 641 2929 γὰρ
670 2880 703 2915 ἐν
726 2878 879 2930 ὑστέροις
904 2886 1036 2931 καιροῖς
1055 2883 1094 2918 ἐκ

68 2932 130 2974 τῆς
148 2930 325 2981 Παρθένου
347 2930 490 2981 ἐτέχθη,
512 2931 603 2968 κατὰ
623 2930 721 2982 φύσιν
750 2931 873 2986 δὲαπρὸ
901 2931 1033 2970 αἰώνων
1055 2937 1093 2971 ἐκ

68 2985 128 3018 τοῦ
148 2982 287 3034 Πατρός
306 2982 428 3034 ἐτέχθη
443 3013 452 3029 ,
472 2987 518 3026 ὡς
546 2987 563 3021 ὁ
581 2984 749 3034 γεννήσας
775 2986 858 3022 οἶδε.
881 2984 951 3022 Καὶ
978 2987 998 3030 ἡ
1021 2986 1092 3025 α”νω

67 3033 224 3082 γέννησις
252 3035 415 3085 ἀψευδής.
435 3035 586 3082 Ἀληθῶς
606 3035 674 3088 γὰρ
694 3038 732 3073 ἐκ
759 3038 852 3075 Θεοῦ
879 3037 967 3080 Θεὸς
996 3041 1092 3089 ἐγεν-

68 3086 153 3131 νήθη
164 3116 172 3131 ,
183 3087 318 3132 ἀληθῶς
336 3089 374 3124 ἐκ
388 3089 452 3132 τῆς
466 3089 645 3139 Παρθένου
664 3088 842 3138 ἅνθρωπος
860 3092 877 3126 ὁ
894 3089 983 3133 Θεὸς
1002 3091 1090 3140 μετὰ

68 3137 258 3189 ἀνθρώπων
280 3138 422 3189 ἐτέχθη·
456 3140 527 3177 ἅνω
548 3141 648 3190 μόνος
676 3143 714 3178 ἐκ
745 3142 848 3191 μόνου
868 3143 1066 3194 Μονογενὴς
1079 3174 1088 3191 ‚

66 3190 125 3227 καὶ
147 3190 242 3227 κάτω
261 3191 361 3240 μόνος
381 3194 419 3228 ἐκ
436 3192 542 3242 μόνης
574 3195 769 3243 Μονογενής
782 3210 789 3216 ·
811 3193 869 3231 καὶ
894 3195 1013 3247 ὥσπερ
1031 3197 1088 3234 ἐπὶ

65 3246 127 3287 τῆς
149 3242 219 3280 ἄνω
242 3243 431 3294 γεννήσεως
454 3244 575 3288 ἀσεὲές
602 3248 692 3283 ἐστιν
725 3249 915 3291 ὑπονοῆσαι
934 3249 1091 3301 μητέρα,

67 3293 156 3331 οὕτω
190 3295 248 3332 καὶ
272 3297 327 3333 ἐπὶ
359 3300 421 3341 τῆς
438 3297 616 3348 Παρθένου
639 3298 847 3349 βλάσφημόν
879 3301 970 3337 ἐστιν
1000 3304 1089 3339 ὑπο-

1128 392 1177 457 ²5³3
1193 394 1341 430 Contra
1373 395 1570 434 haereticos
1603 407 1639 436 et
1667 402 1709 436 in
1739 411 1917 440 sanctam
1945 406 2172 457 Deiparam.

1242 514 1277 548 1.
1294 513 1431 551 Rursus
1447 514 1601 566 Spiritui
1614 526 1734 556 sancto
1749 518 1881 569 fidens,
1896 521 2102 572 ignorantiae
2119 541 2175 564 ca-

1188 572 1284 601 tenas
1304 565 1497 604 avulsurus
1517 568 1552 605 in
1572 568 1742 608 doctrinae
1767 572 1896 610 solium
1917 576 2067 614 ascendo
2080 608 2090 627 ,
2114 593 2176 617 nec

1185 630 1301 653 meam
1330 618 1504 657 reveritus
1531 620 1702 673 inopiam.
1736 624 1827 662 Cum
1855 626 1949 664 enim
1975 643 2175 682 pauperum

1185 678 1342 706 amantes
1369 669 1466 719 sitis,
1503 673 1647 712 caritate
1680 676 1769 714 moti
1804 678 1874 715 mei
1904 679 2172 721 miserebimini.

1185 722 1326 773 Pauper
1355 736 1437 760 cum
1467 724 1559 774 sim,
1591 726 1722 766 divites
1752 728 1862 778 adeo,
1882 745 1946 769 nee
1965 737 2174 786 arrogantiae

1186 775 1309 811 morbo
1338 774 1486 825 labor03
1508 778 1572 816 sed
1595 779 1751 831 religiosi
1773 781 1881 820 animi
1902 787 2007 822 vestri
2030 787 2175 826 deside-

1184 826 1279 864 rium
1290 827 1434 879 impleo.
1448 830 1539 867 Nam
1548 840 1581 868 et
1592 846 1654 869 vos
1663 847 1840 872 sermones
1852 836 1932 884 mei,
1944 847 1977 875 et
1991 853 2046 878 me
2059 855 2174 878 mores

1185 879 1293 917 vestri
1311 879 1499 920 delectant.
1521 884 1594 921 Nec
1610 895 1864 937 paupertatem,
1882 902 1945 926 nec
1964 890 2001 928 in
2021 892 2173 931 dicendo

1184 931 1342 984 inopiam
1358 947 1471 971 meam
1491 937 1620 986 sentio,
1636 951 1717 975 cum
1737 939 1803 977 hoc
1822 941 2015 991 pulchrum
2030 954 2063 982 et
2082 945 2172 983 desi-

1183 983 1342 1022 derabile
1361 986 1540 1025 theatrum
1556 991 1744 1042 conspicio.
1761 992 1842 1029 Scio
1862 994 2010 1047 quippe,
2026 1011 2090 1035 vos
2104 1013 2172 1036 non

1183 1036 1362 1075 dictorum
1390 1039 1548 1090 judices,
1577 1056 1640 1080 nec
1673 1058 1828 1095 agonum
1861 1057 2072 1098 spectatores
2103 1051 2173 1089 huc

1184 1091 1390 1141 convenire,
1412 1092 1475 1130 sed
1504 1102 1542 1131 ut
1561 1097 1661 1145 quasi
1692 1106 1810 1148 patres
1839 1113 1921 1136 cum
1949 1101 2026 1139 filio
2054 1117 2172 1142 corro-

1183 1142 1376 1181 boremini.
1408 1144 1488 1196 Ego
1517 1160 1670 1198 namque
1697 1150 1821 1201 lingua
1847 1151 1994 1203 loquor,
2020 1169 2084 1194 vos
2109 1171 2172 1194 au-

1183 1203 1252 1232 tem
1273 1196 1378 1234 corde
1397 1198 1516 1249 petitis
1537 1214 1556 1236 a
1578 1203 1670 1250 Deo,
1698 1212 1736 1240 ut
1755 1203 1861 1241 detur
1880 1206 1982 1244 nobis
2001 1222 2114 1246 sermo
2135 1210 2170 1248 in
2185 1220 2294 1258 Eplzes.
2313 1223 2344 1252 6.

1181 1248 1361 1299 apertione
1381 1250 1453 1288 oris
1472 1267 1479 1287 :
1504 1266 1587 1289 nam
1606 1267 1688 1291 cum
1713 1255 1872 1295 filiorum
1896 1270 2053 1298 amantes
2071 1261 2168 1313 sitis,
2190 1270 2236 1301 ’9-

1179 1300 1318 1339 labores
1336 1312 1490 1352 nostros,
1508 1314 1642 1344 vestras
1660 1309 1794 1359 putatis
1813 1324 1886 1348 esse
1908 1326 2064 1351 coronas.
2086 1315 2171 1353 Ideo

1180 1366 1248 1391 non
1268 1356 1384 1406 segnis
1404 1370 1483 1394 sum
1503 1357 1550 1395 ad
1569 1358 1787 1409 loquendum
1805 1378 1812 1398 ε
1832 1364 2019 1414 segnitiem
2039 1367 2171 1420 quippe

1180 1419 1295 1444 meam
1315 1409 1423 1447 solvit
1452 1411 1562 1447 vestri
1587 1410 1828 1464 desiderium3
1854 1416 2032 1455 inscitiam
2055 1434 2171 1459 meam

1179 1458 1214 1496 in
1236 1459 1380 1499 virtutis
1399 1461 1597 1501 doctrinam
1625 1466 1732 1503 vertit
1754 1467 1814 1519 pia
1835 1470 2002 1520 precatio.
2032 1473 2170 1513 Verum

1180 1510 1254 1549 haec
1282 1512 1318 1550 in
1340 1515 1489 1553 exordio
1513 1516 1607 1553 dicta
1627 1528 1741 1556 sunto.
1768 1520 1846 1572 Ego
1867 1535 1950 1560 vero
1978 1523 2085 1563 hodie
2112 1541 2170 1565 ac-

1181 1564 1342 1616 cingente
1360 1567 1501 1606 lumbos
1523 1569 1691 1620 veritate,
1714 1572 1859 1611 indutus
1880 1575 1990 1614 lorica
2007 1577 2169 1628 justitiae,

1180 1626 1212 1654 et
1228 1618 1403 1656 calceatus
1418 1620 1525 1671 pedes
1543 1621 1580 1659 in
1598 1625 1853 1675 praeparatione
1865 1630 2038 1679 evangelii
2053 1632 2166 1682 pacis,

1180 1679 1301 1708 contra
1334 1671 1518 1710 haereticos
1555 1684 1730 1714 certamen
1764 1680 1965 1730 aggredior.
2005 1685 2166 1735 Pugnan]

1179 1732 1297 1760 autem
1329 1724 1406 1762 ineo
1422 1756 1434 1775 ,
1468 1740 1537 1763 non
1571 1729 1679 1765 verba
1713 1731 1831 1768 verbis
1865 1733 2019 1785 addens⁷
2055 1751 2168 1787 neque

1178 1775 1354 1814 rhetorica
1382 1780 1557 1829 gravitate
1578 1782 1842 1833 propositorum
1867 1786 2010 1824 vincula
2039 1788 2167 1828 dissol-

1177 1842 1264 1866 vens
1276 1844 1288 1878 3
1311 1829 1371 1868 sed
1392 1845 1436 1868 ex
1456 1842 1619 1870 accurata
1640 1834 1737 1873 vocis
1754 1836 1888 1875 divinae
1907 1839 2056 1878 lectione
2070 1842 2164 1880 levia

1177 1880 1423 1920 haereticorum
1443 1885 1661 1936 problemata
1686 1889 1785 1938 quasi
1808 1890 1916 1928 telam
1935 1906 2070 1932 araneae
2090 1895 2163 1933 dis-

1177 1934 1309 1985 sipans.
1334 1935 1397 1973 Est
1417 1946 1535 1974 autem
1554 1937 1632 1976 haec
1653 1942 1847 1991 apostolica
1867 1943 1970 1982 lectio
1989 1962 1996 1982 :
2020 1949 2052 1984 Ο
2074 1949 2163 1986 alti·
2177 1964 2255 1992 Rom

1176 1988 1268 2024 tudo
1289 1989 1514 2027 divitiarum
1538 1999 1573 2027 et
1592 1995 1793 2043 sapientia?
1813 2004 1851 2032 et
1872 2000 2042 2036 scientia?
2063 2001 2160 2047 Dei,
2177 2005 2229 2036 33·

1140 2039 1149 2068 ἶ
1175 2053 1293 2090 quam
1308 2043 1712 2093 incomprehensibilia
1727 2056 1816 2084 sunt
1828 2050 1981 2099 judicia
2000 2054 2100 2103 ejus,
2128 2063 2164 2091 et

1174 2094 1459 2144 investigabiles
1467 2098 1543 2133 vioe
1552 2096 1652 2148 ejus!
1667 2098 1764 2144 Quid
1776 2099 1880 2144 dicis,
1895 2103 2059 2141 oPaule?
2072 2105 2165 2144 divi-

1172 2144 1230 2182 tiae
1252 2147 1319 2183 Dei
1334 2146 1370 2183 in
1390 2147 1568 2198 profundo
1580 2149 1698 2200 jacent
1714 2181 1724 2199 ,
1749 2161 1782 2189 et
1798 2152 1835 2189 in
1851 2154 1923 2192 alto
1936 2167 2130 2196 noscuntur
2145 2160 2162 2196 Ξ)

1172 2197 1306 2248 Etiam,
1328 2198 1458 2249 inquit,
1481 2209 1514 2238 et
1540 2200 1573 2238 in
1595 2204 1771 2253 profundo
1785 2214 1818 2242 et
1838 2206 1874 2244 in
1901 2207 1972 2245 alto
1996 2224 2003 2244 :
2026 2210 2062 2247 in
2079 2225 2161 2262 pro-

1171 2250 1281 2288 fundo
1296 2262 1443 2303 propter
1463 2253 1722 2294 humanitatem
1735 2272 1745 2305 3
1765 2258 1802 2295 in
1817 2259 1889 2297 alto
1908 2271 2053 2314 propter
2067 2263 2162 2302 divi-

1171 2302 1330 2341 nitatem.
1370 2306 1424 2342 Ita
1461 2306 1556 2344 enim
1591 2322 1655 2359 per
1682 2310 1892 2362 prophetam
1929 2316 2161 2355 oeconomiam

2262 1974 2334 1993 ,11.

1170 2357 1331 2395 revelans
1348 2357 1437 2396 dicit
1449 2358 1497 2396 ad
1510 2359 1628 2397 Achaz
1643 2377 1650 2396 :
1672 2363 1768 2400 Pete
1787 2366 1858 2401 tihi
1875 2368 2026 2417 signum
2040 2383 2065 2406 a
2080 2371 2160 2407 Do·
2177 2384 2254 2412 lsai.
2273 2392 2300 2420 7.
2312 2392 2320 2412 ι
2334 2394 2357 2412 ι.

1172 2412 1278 2446 mino
1307 2412 1392 2448 Deo
1413 2420 1478 2448 tuo
1505 2414 1545 2448 in
1564 2415 1822 2467 profundum,
1849 2420 1917 2455 vel
1937 2422 1978 2455 in
2000 2422 2125 2459 allum
2145 2440 2159 2467 ,-

1170 2461 1206 2499 in
1225 2463 1464 2514 profundum,
1487 2474 1630 2516 propter
1651 2468 1881 2506 oeconomiam
1904 2470 1979 2509 sive
1998 2472 2160 2512 incarna-

1169 2514 1299 2552 tionem
1315 2531 1325 2564 3
1345 2516 1381 2552 in
1397 2516 1509 2553 altum
1525 2527 1672 2569 propter
1686 2519 1914 2572 theologiam.
1935 2524 2161 2565 Profundum

1169 2567 1263 2604 enim
1277 2567 1419 2618 signum
1434 2577 1496 2617 est,
1511 2570 1607 2607 nasci
1619 2585 1664 2608 ex
1680 2572 1847 2623 Virgine3
1859 2575 1927 2612 alta
1943 2587 2060 2616 autem
2072 2594 2161 2631 prae-

1168 2619 1299 2657 dicatio
1315 2629 1379 2667 est,
1395 2622 1512 2658 Deum
1531 2636 1576 2659 ex
1598 2624 1673 2661 Deo
1688 2625 1795 2662 nasci.
1821 2627 1881 2664 Tu
1896 2628 2028 2680 igitur,
2051 2645 2072 2669 o
2095 2632 2159 2669 ho-

1169 2686 1227 2709 mo
1237 2702 1248 2718 ,
1266 2686 1377 2723 neque
1391 2673 1503 2710 altum
1518 2677 1788 2728 comprehendis
1804 2680 1940 2719 curiose
1955 2685 2158 2730 scrutandi,

1169 2738 1280 2774 neque
1295 2726 1512 2776 profundum
1528 2729 1749 2777 quantolibet
1765 2742 1891 2770 conatu
1916 2736 2063 2787 reperis.
2089 2740 2158 2777 Ve-

1168 2778 1333 2815 nerandae
1351 2793 1502 2829 namque
1518 2790 1600 2818 sunt
1614 2781 1749 2821 Christi
1767 2788 2026 2836 generationes:
2047 2790 2156 2828 altera

1168 2830 1300 2882 quippe
1315 2840 1366 2869 est
1381 2832 1577 2870 secundum
1590 2843 1769 2886 naturam,
1784 2837 1895 2876 altera
1910 2850 2040 2892 praeter
2053 2852 2154 2880 natu—

1168 2897 1260 2922 ram„
1275 2884 1366 2921 Nam
1382 2894 1508 2936 praeter
1527 2895 1692 2925 naturam
1710 2889 1746 2925 in
1764 2891 1967 2931 novissimis
1988 2897 2156 2947 tempori-

1167 2935 1235 2972 bus
1257 2936 1455 2987 exVirgine
1470 2947 1573 2975 natus
1598 2949 1668 2989 cst;
1691 2942 1885 2981 secundum
1910 2955 2073 2985 naturam
2092 2963 2155 2985 au-

1168 2997 1236 3025 tem
1255 2998 1334 3026 ante
1344 2989 1472 3027 saecula
1490 3005 1535 3028 ex
1551 2992 1655 3030 Patre
1671 3003 1774 3032 natus
1790 3005 1853 3041 est,
1868 3007 1907 3035 ut
1924 2999 2023 3036 novit
2043 3001 2154 3038 Geni-

1164 3049 1232 3078 tor.
1257 3043 1417 3093 Superna
1438 3052 1554 3081 autem
1572 3047 1748 3095 generatio
1767 3048 1951 3087 verissima
1972 3061 2035 3089 est.
2060 3055 2153 3090 Vere

1162 3108 1314 3144 namque
1337 3109 1380 3132 ex
1401 3096 1476 3133 Deo
1498 3098 1595 3134 Deus
1614 3108 1717 3137 natus
1736 3109 1808 3148 est,
1827 3116 1910 3140 vere
1929 3117 1974 3140 ex
1995 3105 2153 3155 Virgine

1162 3146 1268 3184 homo
1302 3149 1398 3185 Deus
1427 3162 1506 3186 cum
1539 3149 1745 3189 hominibus
1765 3162 1866 3191 natus
1896 3164 1957 3192 est.
1993 3156 2150 3207 Superne

1163 3213 1254 3236 unus
1285 3214 1329 3237 ex
1348 3215 1418 3238 uno
1440 3202 1677 3253 Unigenitus3
1708 3204 1742 3241 in
1768 3214 1858 3242 terra
1886 3221 1977 3244 unus
2005 3221 2048 3245 ex
2079 3223 2148 3246 una

1162 3252 1376 3304 Unigenitus
1395 3269 1403 3289 :
1423 3268 1463 3291 ac
1485 3255 1787 3305 quemadmodum
1814 3258 1848 3295 in
1870 3273 2019 3310 superna
2041 3275 2145 3311 gene-

1163 3304 1297 3342 ratione
1325 3305 1477 3357 impium
1508 3317 1595 3345 esset
1629 3318 1777 3346 matrem
1807 3311 1976 3361 suspicari
1993 3343 2001 3359 ,
2033 3313 2083 3350 sic
2115 3324 2146 3351 et
