2481 3678
243 218 339 278 494
661 228 700 258 S·

240 312 386 366 potestis
415 325 509 349 nunc
535 310 676 359 venire;
699 308 760 348 sed
779 317 917 347 tantum
946 308 1137 346 verborum
1159 307 1226 344 eir-

242 375 378 412 cuitum
396 372 533 423 intulit,
548 381 599 410 tot
610 371 903 423 interrogationes
917 378 950 407 et
964 368 1225 421 responsiones?

240 434 374 474 Judaeis
402 447 555 486 namque
584 433 709 471 merito
733 446 802 470 non
831 431 900 469 boe
929 430 1040 480 dixit3
1061 430 1117 467 his
1144 443 1227 468 vero

241 497 374 548 quare?
397 496 546 535 Dixerat
572 494 717 546 quidem
741 503 775 531 et
801 493 857 530 his
882 501 916 529 et
941 491 1089 540 Judaeis,
1121 505 1157 529 se
1183 505 1226 528 ex

238 560 314 596 Deo
333 558 502 606 exivisse,
525 566 558 594 et
576 555 623 593 ad
637 557 753 593 Deum
774 554 826 591 ire
846 569 853 589 z
877 562 910 590 ct
923 566 1017 590 nune
1039 551 1079 590 id
1097 551 1228 589 clarius

238 620 340 670 dicit,
360 633 467 671 quam
488 618 598 671 prius.
623 619 668 654 At
689 615 825 655 Judaeis
845 628 914 652 non
935 613 983 651 ita
1000 613 1093 651 clarc
1120 613 1226 650 dixit.

238 683 329 719 Nam
353 682 381 719 si
403 680 568 729 dixisset,
596 680 674 717 Non
706 677 852 730 potestis
872 676 919 714 ad
938 677 1081 713 Patrem
1106 675 1227 715 venire

238 742 305 780 nisi
333 757 395 794 per
422 755 492 785 me,
522 740 561 778 id
587 754 631 778 ex
654 740 747 777 fastu
774 738 846 776 diei
874 736 1094 790 putavissent
1116 752 1123 772 :
1145 751 1227 774 cum

236 804 325 841 celat
349 816 449 851 vero,
468 801 597 840 dubios
620 799 752 838 reddit.
774 800 840 847 At,
862 797 1014 849 inquies,
1034 811 1097 835 cur
1117 796 1226 835 disci—

236 864 332 915 pulis
351 872 384 901 et
402 864 507 901 Petro
528 862 576 900 ita
597 861 716 900 dixit?
738 859 936 899 Fervidum
959 867 1105 897 noverat
1130 859 1225 896 Petri

235 924 408 969 animum,
429 933 463 962 et
489 923 535 961 ad
565 922 769 961 instandum
794 920 1117 972 inquirendumque
1145 934 1227 972 pro-

236 999 333 1023 num.
366 986 417 1023 Ut
441 998 524 1036 ergo
554 984 657 1022 illum
689 992 837 1033 avertat,
875 982 1023 1020 obscure
1054 981 1224 1031 loquitur.

235 1048 431 1097 Postquam
461 1055 580 1083 autem
613 1044 651 1082 id
676 1044 774 1095 quod
800 1043 943 1082 volebat
972 1056 1033 1094 per
1055 1042 1226 1079 sermonis

235 1108 486 1146 obscuritatem
513 1106 644 1155 effecit,
677 1105 807 1142 iterum
832 1103 871 1141 id
893 1104 1037 1141 revelat.
1062 1103 1154 1140 Cum
1170 1102 1226 1140 di-

90 1186 223 1214 Christus
234 1169 344 1207 sisset
369 1169 479 1218 enim,
512 1169 586 1205 Ubi
606 1181 704 1213 sum,
724 1178 834 1203 nemo
853 1173 977 1217 potest
996 1167 1143 1214 venire,
1165 1163 1228 1214 ad-

33 1229 162 1277 ‘¹¹⁷Joedsfim
178 1228 221 1254 ὤ·
235 1230 290 1269 dit
311 1247 318 1267 :
339 1233 388 1268 In
417 1231 529 1267 domo
570 1230 704 1267 Patris
739 1230 814 1264 mei
845 1228 1066 1264 mansiones
1097 1226 1228 1263 multoe

32 1270 157 1338 {ffiffilffl
173 1278 340 1341 ῗς-ςιιητῑ
362 1300 395 1329 et
424 1303 548 1328 rursus
568 1305 576 1326 ε
596 1290 720 1327 Nemo
745 1290 858 1326 ven-it
879 1287 933 1325 acl
954 1288 1128 1333 Patrem,
1153 1288 1228 1324 nisi

32 1362 66 1379 ¹¹⁰
98 1353 126 1378 ³¹¹
147 1361 222 1397 ‚¹¹¹,92-
231 1367 300 1404 per
317 1365 386 1390 me.
407 1351 485 1389 Hoc
506 1350 627 1401 itaque
645 1349 786 1387 nolebat
806 1348 879 1386 illis
904 1347 1007 1385 initio
1033 1346 1165 1396 dicere,
1182 1360 1226 1384 ne

33 1403 128 1461 ’ςρηῖὲζη
147 1403 217 1431 ΠΨ-
234 1415 269 1452 111
287 1427 475 1452 moerorem
491 1412 662 1465 maj0rem
681 1410 864 1449 induceret
881 1424 888 1446 :
904 1418 1094 1462 postquam
1107 1418 1226 1447 autem

232 1476 314 1513 illos
338 1474 537 1513 consolatus
561 1482 632 1522 est,
651 1471 720 1510 hoc
740 1471 840 1509 dicit.
872 1469 1016 1508 Etenim
1041 1469 1086 1506 ab
1112 1469 1224 1507 incre-

233 1537 374 1588 patione
398 1536 494 1574 Petri
512 1534 668 1573 multum
689 1532 852 1572 moeroris
877 1531 1039 1582 abstulit,
1060 1541 1222 1569 metuen—
1238 1550 1285 1575 432

1250 1586 1275 1615 A

233 1607 353 1648 tesque
375 1611 418 1635 ne
439 1611 479 1634 ea
505 1595 582 1648 ipsa
602 1595 782 1644 audirent,
804 1593 888 1632 hinc
909 1592 1023 1643 magis
1053 1592 1224 1644 reprime—

233 1658 379 1695 bantur.
404 1660 490 1709 Ego
516 1671 601 1695 sum
618 1659 701 1694 via.
725 1655 811 1692 Haee
840 1663 891 1691 est
913 1652 1104 1705 explicatio
1126 1652 1224 1690 illius

234 1719 337 1770 dieti,
359 1721 484 1757 Nemo
504 1720 628 1764 venit,
653 1720 727 1755 nisi
741 1730 810 1769 per
828 1729 888 1753 me
907 1730 916 1751 :
939 1714 1031 1752 illud
1051 1728 1150 1763 vero,
1171 1715 1225 1752 Et

235 1784 384 1820 veritas
398 1790 433 1819 et
449 1783 550 1827 vita,
567 1778 746 1831 signifieat
760 1778 836 1815 haec
846 1790 990 1829 prorsus
1004 1776 1123 1813 futura
1138 1790 1221 1813 esse.

235 1843 272 1881 Si
303 1843 448 1892 veritas,
483 1841 575 1879 nihil
594 1855 614 1878 a
633 1855 689 1878 me
716 1839 847 1876 salsum
873 1837 1038 1875 exhibit:
1062 1836 1092 1875 si
1119 1837 1226 1874 etiam

235 1905 327 1955 vita,
350 1918 392 1942 ne
412 1918 506 1942 mors
520 1903 667 1954 quidem
688 1915 752 1940 vos
776 1899 950 1952 impedire
972 1900 1118 1952 poterit,
1139 1898 1224 1949 quin

236 1966 497 2019 ingrediamini.
511 1964 679 2015 Alioquin
687 1976 783 2012 verO,
800 1962 830 2000 si
844 1964 929 2014 Ego
943 1975 1028 2000 sum
1041 1963 1122 2007 via,
1137 1959 1227 1997 duce

235 2042 304 2066 non
324 2027 472 2080 egebitis
492 2042 500 2063 z
522 2027 551 2064 si
571 2026 702 2064 veritas
721 2039 814 2074 sum,
830 2037 901 2061 non
919 2024 1045 2074 loquor
1065 2022 1152 2060 falsa
1173 2037 1180 2058 :
1197 2022 1227 2060 si

235 2089 327 2137 vita,
348 2088 485 2126 etiamsi
509 2085 729 2135 moriamini,
753 2085 929 2137 promissa
953 2083 1224 2134 consequemini.

235 2150 343 2197 Quod
368 2149 413 2188 de
442 2150 503 2189 via
538 2148 701 2196 dicebat,
737 2147 988 2184 intellexerunt
1019 2154 1052 2182 et
1078 2144 1227 2182 confessi

234 2220 317 2248 sunt
339 2226 347 2247 :
370 2210 508 2261 reliqua
520 2222 604 2248 vero
618 2207 828 2259 ignorabant
850 2222 857 2242 :
878 2220 947 2243 non
965 2214 1080 2243 tamen
1094 2204 1138 2242 de
1154 2204 1226 2242 illis

235 2270 414 2309 audebant
429 2268 613 2308 sciscitari.
633 2269 798 2304 Attamen
820 2266 975 2303 multum
998 2280 1043 2303 ex
1063 2265 1121 2303 via
1140 2278 1224 2302 con-

236 2330 418 2370 solationis
436 2337 660 2382 acceperunt.
679 2328 719 2366 Si
735 2341 818 2379 ergo
834 2327 870 2364 in
886 2341 964 2365 mea
978 2335 1150 2378 potestate
1164 2335 1226 2375 est,

237 2393 366 2445 iuquit,
388 2392 435 2429 ad
454 2392 595 2429 Patrem
620 2389 812 2440 adducere,
832 2389 924 2426 istuc
945 2388 1089 2425 omnino
1109 2388 1227 2426 venie-

237 2456 293 2492 tis.
315 2455 437 2505 Neque
452 2452 546 2491 enim
560 2452 631 2489 alia
651 2450 772 2489 venire
800 2450 947 2502 potestis
964 2449 1035 2488 via.
1054 2450 1145 2487 Cum
1165 2463 1228 2486 au-

137 2539 224 2580 5‘44·
240 2526 310 2554 tem
327 2515 476 2553 dixisset
498 2523 614 2563 antea,
636 2514 759 2551 Nemo
783 2520 909 2563 potest
928 2514 1064 2549 venire
1083 2512 1137 2549 ad
1151 2525 1224 2558 me,

242 2581 315 2615 nisi
330 2579 451 2614 Pater
465 2577 627 2613 traxerit
646 2587 748 2618 611171,-
759 2587 800 2611 ac
815 2587 973 2619 rursum,
991 2573 1031 2611 Si
1044 2586 1110 2624 ego
1122 2573 1228 2610 exal-

243 2647 345 2675 tatus
375 2638 487 2688 suero
518 2650 542 2673 a
578 2644 695 2681 terra,
725 2647 853 2672 omnes
884 2635 1040 2671 traham
1077 2635 1131 2671 ad
1153 2648 1229 2672 me-

243 2702 382 2750 ipsum;
403 2707 436 2735 et
452 2711 544 2734 nunc
564 2697 707 2743 iterum,
727 2697 850 2733 Nemo
864 2696 1035 2733 venitad
1052 2697 1225 2743 Patrem,

39 2777 175 2804 Christus
201 2786 229 2804 se
245 2763 318 2797 nisi
330 2773 398 2810 per
413 2773 484 2804 me,
504 2772 538 2795 sc
553 2757 651 2795 Patri
666 2756 838 2808 aequalem
852 2756 1018 2794 ostendit.
1039 2757 1230 2804 Quomodo

40 2818 232 2887 ξ’ρᾝῑζζὶιῖἓζ
244 2830 362 2858 autem
380 2833 461 2857 cum
480 2818 627 2868 dixerit,
653 2818 737 2868 Quo
756 2818 905 2855 vadam
921 2820 1041 2864 scitis,
1065 2826 1102 2855 et
1124 2821 1231 2856 viam

42 2881 96 2927 (1η,
244 2884 363 2926 scitis,
387 2878 508 2917 subdit
531 2896 538 2916 :
562 2880 599 2915 7.
630 2879 670 2916 Si
689 2881 959 2929 cognovissetis
987 2892 1060 2925 me,
1090 2887 1126 2916 et
1149 2881 1230 2917 Pa-

245 2953 340 2981 trem
369 2954 493 2979 meum
526 2942 657 2991 utique
684 2941 959 2990 cognovissetis
986 2955 997 2975 :
1023 2949 1060 2978 et
1088 2942 1229 2978 amodo

243 3004 476 3056 cognoscetis
493 3014 592 3043 eum,
615 3008 651 3037 et
671 3001 825 3037 vidistis
841 3005 952 3037 eum?
966 3001 1044 3038 Non
1061 3000 1131 3038 sibi
1146 3015 1229 3038 con-

242 3064 387 3103 tradicit
407 3080 414 3099 :
437 3070 606 3101 noverant
646 3060 740 3098 enim
778 3060 900 3108 illum,
933 3075 1002 3099 non
1038 3071 1155 3100 tamen
1190 3072 1229 3100 ut

243 3127 436 3180 oportebat.
450 3127 566 3163 Deum
579 3123 674 3161 enim
686 3132 868 3172 noverant,
887 3124 1027 3162 Patrem
1041 3139 1124 3163 vero
1141 3140 1228 3164 non-

38 2541 126 2569 Joan.

38 2602 127 2630 Jnan.
150 2611 195 2630 12.

41 2642 90 2670 32.

286 3279 302 3302 ι]
321 3275 493 3319 [Additum
517 3286 533 3307 e
550 3273 650 3308 Savil.
678 3279 701 3308 εἰ
723 3279 767 3316 μὴ
791 3276 827 3308 δι’
854 3278 936 3316 ἐμοῦ.
963 3273 1055 3305 Infra
1081 3273 1168 3307 idem
1199 3283 1252 3315 τὴν

243 3334 356 3367 πολλὴν
368 3330 440 3374 πμ]

286 3394 297 3407 ³.
316 3382 374 3415 Λιῑῑ
397 3385 539 3424 &gemo-:m
559 3387 590 3411 et
609 3377 709 3421 paulo
731 3386 806 3420 post
827 3383 843 3415 ἡ
862 3380 943 3416 όῦός’
964 3385 1130 3420 τουτέστιν,
1150 3384 1194 3413 ὅτι
1213 3382 1247 3413 διδ

736 226 925 257 JOANNIS
962 225 1205 256 CHRYSOST.
1246 223 1451 254 ARCntEl‘.

1490 222 1850 252 CONSTANTINOP.

1299 309 1396 356 ὑμεῖς
1424 304 1458 343 δὲ
1488 306 1525 342 οὐ
1550 303 1693 341 δύνασθε
1714 305 1823 341 ἐλθεῖν
1847 308 1929 341 νῦν·
1954 302 2044 340 ἀλλὰ
2077 302 2248 341 τοσούτων
2269 304 2325 340 ἐν-

1300 366 1420 404 έὸαλεν
1439 365 1551 416 λόγων
1567 364 1740 417 περίοδον,
1757 364 1942 416 ἐρωτήσεις
1957 364 2015 402 καὶ
2029 364 2230 415 ἀποκρίσεις
2245 379 2322 402 συν-

1250 436 1275 465 D
1300 427 1420 475 τιθείς,
1449 426 1628 469 Ἰουδαίοις
1658 425 1718 475 μὲν
1750 424 1818 477 γὰρ
1835 426 1976 468 εἰκότως
1995 429 2097 463 τοῦτο
2129 427 2191 463 οὐκ
2209 424 2322 475 ἔλεγε·

1299 486 1431 530 τούτοις
1448 486 1483 525 δὲ
1501 486 1611 533 διατί,
1629 481 1717 524 Eine
1739 486 1801 536 μὲν
1823 486 1881 524 καὶ
1897 486 2028 529 τούτοις
2046 485 2106 524 καὶ
2120 485 2301 528 Ἰουδαίοις
2313 516 2324 532 ,

1299 551 1351 586 ὅτι
1378 550 1416 586 ἐκ
1448 552 1506 586 τοῦ
1524 551 1616 586 (θεοῦ
1639 547 1779 595 ἐξῆλθε,
1799 548 1858 586 καὶ
1888 548 1974 599 πρὸς
1991 548 2050 585 τὸν
2070 546 2160 586 Θεὸν
2176 546 2302 598 ὑπάγει
2319 563 2326 570 ·

1299 608 1356 646 καὶ
1379 614 1436 647 νῦν
1456 608 1491 647 δὲ
1510 608 1593 646 αὐτὸ
1616 608 1711 660 λέγει
1732 608 1941 661 σαφέστερον
1959 607 1981 653 ἢ
1997 607 2179 660 πρότερον.
2194 605 2325 650 Ἄλλως

1300 669 1352 716 δὲ,
1369 670 1428 708 καὶ
1448 669 1626 712 Ἰουδαίοις
1645 669 1706 720 μὲν
1729 672 1847 721 σαφῶς
1862 668 1969 712 οὕτως
1985 669 2047 706 οὐκ
2069 662 2176 706 εἶπεν.
2194 668 2239 705 Εἰ
2257 667 2325 720 γὰρ

1298 725 1471 779 εἷπεν,ὁ’τι
1487 733 1523 769 οὐ
1547 731 1690 769 δύνασθε
1710 731 1794 782 πρὸς
1813 731 1870 769 τὸν
1896 729 2041 781 Πατέρα
2061 731 2182 776 ἐλθεῖν,
2204 727 2258 765 “ei
2275 727 2323 779 μὴ

1298 793 1344 830 δι’
1363 796 1460 843 ἐμοῦ,
1481 792 1605 835 εὐθέως
1632 793 1672 829 διν
1701 796 1806 844 τῦφον
1834 792 1872 830 τὸ
1892 797 2039 844 πρᾶγμα
2066 789 2248 840 ἐνόμισαν·
2266 793 2324 827 νῦν

1299 854 1334 892 δὲ
1356 854 1576 906 ἀποκρύψας,
1595 856 1640 897 εἷς
1661 853 1810 905 ἀγωνίαν
1832 852 1952 895 αὐτοὺς
1969 851 2144 889 ἐνέὸαλεν.
2167 850 2237 888 Καὶ
2256 856 2326 892 τοῖς

1300 918 1472 966 μαθηταῖς
1504 915 1538 952 δὲ
1569 914 1659 958 τίνος
1689 915 1803 953 ἕνεκεν
1825 913 1934 956 οὕτως
1959 907 2054 958 εἷπε,
2076 912 2182 964 φησὶ,
2201 911 2326 962 καὶτῷ

1298 976 1447 1027 Πέτρῳ,
1465 975 1567 1029 ’ᾘδει
1587 978 1691 1014 αὐτοῦ
1712 975 1846 1022 πολλὴν
1861 974 2071 1027 προθυμίαν,
2088 974 2146 1012 καὶ
2165 974 2218 1012 ὅτι
2239 974 2327 1023 μᾶλ-

1299 1037 1357 1074 λον
1384 1038 1538 1074 ἐντεῦθεν
1567 1036 1782 1074 ἐπικείσεται
1809 1038 1974 1088 ἐνοχλῶν.
1995 1034 2108 1073 ςΏστε
2138 1027 2195 1073 οῦν
2225 1033 2327 1072 αὐτὸν

1301 1100 1511 1148 ἀπαγαγεῖν,
1542 1096 1699 1148 κρύπτει.
1730 1097 1962 1149 Κατορθώσας
1993 1097 2029 1134 δὲ
2053 1096 2138 1148 ὅπερ
2163 1095 2326 1135 {Consta-:0

1302 1158 1358 1196 διὰ
1390 1159 1452 1202 τῆς
1478 1156 1645 1208 ἀσαφείας
1668 1157 1728 1194 καὶ
1755 1161 1813 1194 τοῦ
1842 1157 1972 1209 κρύψαι
1991 1158 2048 1195 τὸν
2079 1157 2192 1208 λόγον,
2221 1157 2326 1195 πάλιν

1302 1218 1386 1256 αὐτὸ
1403 1216 1626 1255 ἕκκαλύπτει.
1654 1216 1778 1256 Εἰπὼν
1795 1217 1875 1269 γὰρ,
1895 1217 1947 1255 ὅτι
1962 1215 2080 1255 ζὈπου
2099 1218 2170 1268 εἰμὶ
2187 1247 2196 1265 ,
2219 1217 2328 1261 οὐδεὶς

1300 1278 1443 1316 δύναται
1465 1279 1586 1325 ἐλθεῖν,
1608 1277 1781 1329 ἐπήγαγεν
1797 1293 1805 1301 ·
1825 1277 1886 1316 Ἐν
1917 1281 1960 1329 τῇ
1990 1278 2081 1330 οἰκίᾳ
2111 1283 2170 1316 τοῦ
2188 1277 2329 1330 Πατρός

1301 1355 1365 1391 μου
1390 1338 1492 1389 μοναὶ
1522 1338 1650 1376 πολλαί
1680 1341 1763 1377 εἰσι·
1790 1339 1849 1377 καὶ
1879 1339 1997 1386 πάλιν,
2032 1339 2157 1383 Οὐδεὶς
2186 1341 2329 1391 ἔρχεται

1298 1401 1384 1452 πρὸς
1411 1400 1467 1438 τὸν
1504 1399 1672 1452 Πατέρα,
1705 1402 1734 1438 εἰ
1764 1400 1813 1451 μὴ
1846 1402 1888 1439 δι’
1917 1403 2013 1451 ἐμοῦ.
2047 1402 2160 1440 Τοῦτο
2186 1395 2244 1439 οῧν
2265 1402 2330 1438 οὐκ

1299 1462 1460 1500 ἐδούλετο
1483 1463 1599 1504 αὐτοῖς
1624 1461 1721 1514 παρὰ
1736 1461 1798 1507 τὴν
1822 1461 1935 1514 ἀρχὴν
1951 1464 2072 1509 εἰπεῖν,
2093 1461 2185 1499 ὥστε
2213 1461 2261 1513 μὴ
2281 1463 2328 1504 εἰς

1299 1522 1442 1578 πλείονα
1470 1522 1620 1573 ἀθυμίαν
1648 1522 1836 1573 ἐμέἶαλεῖν·
1864 1523 1984 1570 ἐπειδὴ
2018 1522 2052 1560 δὲ
2075 1521 2195 1566 αὐτοὺς
2224 1538 2329 1561 κατε-

1299 1584 1450 1636 πράϋνε,
1479 1584 1556 1621 τότε
1579 1583 1688 1634 λέγει.
1711 1584 1796 1623 Ἀπὸ
1822 1584 1889 1636 γὰρ
1910 1589 1972 1632 τῆς
2002 1586 2237 1636 ἐπιτιμήσεως
2268 1587 2327 1622 τοῦ

1298 1645 1435 1697 Πέτρου
1454 1645 1493 1683 τὸ
1511 1645 1600 1683 πολὺ
1619 1648 1682 1690 τῆς
1701 1645 1849 1696 ἀθυμίας
1868 1646 2066 1694 δέξέὸαλεν,
2097 1649 2144 1689 εἷς
2169 1646 2273 1698 φόὲον
2292 1661 2328 1683 τε

1295 1705 1504 1756 ἐμπεσόντες
1521 1706 1658 1757 μήποτε
1675 1705 1719 1743 τὰ
1736 1706 1824 1744 αὐτὰ
1842 1705 2038 1754 ἀκούσωσι,
2056 1706 2329 1745 κατεστέλλοντο

1297 1770 1444 1818 μᾶλλον.
1467 1767 1562 1818 Ἐγώ
1582 1770 1655 1818 εἶμι
1674 1770 1696 1814 ἡ
1715 1767 1805 1811 ὁδός.
1828 1770 1941 1806 Τοῦτο
1963 1767 2135 1811 ἀπόδειξις
2149 1771 2209 1805 τοῦ
2222 1797 2231 1815 ,
2251 1769 2328 1807 Οὐ-

1298 1829 1366 1873 δεὶς
1387 1829 1545 1882 ἔρχεται,
1565 1831 1593 1867 εἷ
1615 1828 1663 1880 μὴ
1684 1830 1726 1867 δι’
1754 1830 1838 1880 ἐμοῦ
1854 1845 1861 1852 ·
1883 1830 1922 1868 τὸ
1941 1828 1996 1873 δὲ,
2017 1828 2086 1866 Καὶ
2106 1828 2251 1875 ἀλήθεια
2271 1828 2330 1866 καὶ

1297 1894 1318 1937 ἡ
1340 1890 1434 1939 ζωὴ,
1465 1894 1544 1937 τοῦ,
1569 1890 1622 1929 ὅτι
1655 1890 1795 1934 πάντως
1815 1894 1926 1928 ταῦτα
1947 1891 2057 1930 ἔσται.
2087 1890 2198 1929 Οὐδὲν
2216 1889 2328 1928 τοίνυν

1297 1954 1379 2003 παρ’
1410 1953 1495 2002 ἐμοῦ
1512 1953 1655 2003 ψεῦδος,
1683 1954 1712 1990 εἷ
1736 1952 1882 1999 ἀλήθεια
1900 1967 1907 1974 ·
1939 1955 1969 1990 εἰ
1995 1952 2030 1990 δὲ
2053 1952 2111 1990 καὶ
2136 1950 2228 1998 ζωὴ,
2250 1950 2329 1989 οὔτε

1299 2013 1400 2057 αὐτὸς
1420 2017 1436 2051 ὁ
1454 2013 1595 2058 θάνατος
1612 2017 1704 2066 ὑμᾶς
1722 2017 1877 2053 κωλῦσαι
1895 2015 2078 2061 δυνήσεται
2097 2016 2220 2052 ἐλθεῖν.
2243 2012 2324 2052 Ἄλ-

1298 2075 1367 2118 λως
1396 2075 1431 2113 δὲ
1444 2105 1453 2122 ,
1474 2075 1493 2094 *
1510 2078 1539 2113 εἰ
1565 2075 1661 2127 Ἐγώ
1687 2079 1759 2127 εἰμι
1782 2079 1804 2122 ἠ
1818 2076 1893 2119 ὁδὸς
1908 2105 1917 2122 ,
1937 2077 1976 2114 οὐ
1995 2076 2157 2122 δεήσεσθε
2175 2078 2235 2114 τοῦ
2253 2091 2331 2127 χει-

1301 2141 1553 2188 ραγωγοῦντος·
1575 2139 1605 2175 εἰ
1640 2137 1675 2176 δὲ
1706 2137 1765 2175 καὶ
1784 2140 1806 2183 ἡ
1828 2137 1992 2184 ἀλήθεια,
2013 2139 2051 2174 οὐ
2071 2137 2193 2188 ψεῦδος
2210 2135 2255 2174 τὰ
2273 2140 2330 2174 λε-

1299 2196 1446 2247 γόμενα·
1470 2199 1498 2234 εἰ
1519 2195 1554 2233 δὲ
1574 2196 1632 2234 καὶ
1653 2196 1744 2244 ζωὴ,
1764 2196 1828 2235 κᾶν
1849 2196 2066 2243 ἀποθάνητε,
2086 2195 2242 2239 τεύξεσθε
2260 2197 2329 2233 τῶν

1300 2257 1503 2309 εἰρημένων.
1523 2257 1576 2295 Τὸ
1594 2257 1655 2307 μὲν
1674 2252 1731 2295 οῦν
1750 2261 1811 2304 τῆς
1826 2258 1903 2296 ὁδοῦ
1923 2258 1982 2295 καὶ
1998 2261 2148 2303 συνῆκαν
2165 2256 2223 2294 καὶ
2239 2259 2331 2306 ὡμο-

1298 2317 1450 2368 λόγησαν
1467 2333 1474 2339 ·
1495 2317 1539 2355 τὰ
1570 2316 1604 2353 δὲ
1625 2317 1732 2354 λοιπὰ
1751 2316 1895 2367 ἠγνόουν
1913 2333 1919 2340 ·
1949 2319 1986 2354 οὖ
2007 2316 2075 2366 μὴν
2106 2316 2261 2366 ἐτόλμων
2283 2316 2333 2352 εἰ-

1299 2383 1375 2416 πεῖν
1401 2378 1489 2429 ἅπερ
1517 2377 1676 2428 ἠγνόουν.
1698 2377 1788 2416 Ἀλλ’
1811 2378 1904 2427 ὅμως
1923 2376 2057 2424 πολλὴν
2084 2376 2152 2415 ἀπὸ
2168 2379 2231 2422 τῆς
2251 2376 2329 2414 ὁδοῦ

1298 2439 1361 2486 τὴν
1376 2439 1598 2491 παραμυθίαν
1618 2438 1753 2476 ἔλαθον.
1774 2437 1789 2458 b
1805 2440 1849 2477 Εἰ
1870 2439 1982 2476 τοίνυν
1999 2436 2066 2489 ἐγὼ
2088 2437 2215 2488 Κύριός
2234 2439 2330 2488 εἰμι,

1300 2500 1402 2554 φησὶ,
1434 2504 1494 2538 τοῦ
1525 2501 1608 2552 πρὸς
1628 2500 1684 2538 τὸν
1706 2499 1852 2552 Πατέρα
1882 2503 2038 2551 ἀγαγεῖν,
2062 2490 2201 2541 πάντως
2230 2497 2331 2545 ἥξετε

1300 2565 1384 2600 ἐκεῖ,
1418 2561 1510 2600 Οὐδὲ
1540 2561 1607 2614 γάρ
1627 2562 1720 2598 ἐστιν
1744 2560 1864 2612 ἑτέραν
1895 2562 2005 2598 ἐλθεῖν
2034 2558 2124 2598 ὁδόν.
2153 2558 2273 2597 Εἰπὼν
2293 2557 2330 2598 δὲ

1300 2625 1508 2676 ἔμπροσθεν,
1530 2623 1655 2666 Οὐδεὶς
1682 2622 1826 2660 δύναται
1856 2624 1965 2660 ἐλθεῖν
1991 2621 2078 2674 πρός
2108 2638 2174 2673 με,
2201 2620 2257 2659 ἐὰν
2280 2619 2328 2671 μὴ

1301 2689 1318 2724 ὃ
1332 2684 1463 2736 Πατὴρ
1489 2683 1616 2735 ἑλκύσῃ
1641 2685 1742 2723 αὐτόν
1755 2701 1762 2709 ·
1781 2685 1840 2723 καὶ
1867 2683 1987 2731 πάλιν,
2007 2683 2093 2721 Ἐὰν
2115 2682 2183 2733 ἐγὼ
2203 2683 2331 2733 ὑψωθῶ

1301 2746 1371 2784 ἀπὸ
1395 2748 1457 2791 τῆς
1476 2747 1556 2796 γῆς,
1576 2745 1709 2789 πάντας
1741 2746 1878 2784 ἑλκύσω
1896 2745 1980 2796 πρὸς
2000 2743 2149 2794 ἐμαυτόν
2166 2758 2173 2766 ·
2192 2742 2250 2780 καὶ
2270 2745 2328 2779 νῦν

1302 2807 1419 2855 πάλιν,
1439 2807 1564 2849 Οὐδεὶς
1591 2807 1732 2858 ἔρχεται
1766 2807 1851 2858 πρὸς
1882 2806 1939 2843 τὸν
1960 2804 2128 2855 Πατέρα,
2150 2805 2180 2841 εἷ
2213 2802 2261 2850 μὴ
2283 2804 2325 2840 δι’

1302 2871 1388 2920 ἐμοῦ
1401 2899 1412 2914 ,
1430 2868 1599 2906 δείκνυσιν
1619 2869 1690 2906 ἴσον
1713 2867 1834 2906 ἑαυτὸν
1862 2870 1911 2919 τῷ
1933 2866 2169 2917 γεγεννηκότι.
2189 2866 2272 2906 Πῶς
2292 2863 2328 2901 δὲ

1270 2937 1276 2946 =
1321 2933 1331 2945 9
1369 2930 1377 2944 ἱ
1439 2928 1456 2944 cl
1583 2931 1593 2943 ‹
1643 2929 1652 2941 Ι
1756 2928 1787 2941 *lx
1954 2927 1961 2939 x
2029 2926 2037 2941 x
2119 2926 2145 2938 ‘xx
2212 2925 2244 2938 §lx

1268 2956 1277 2967 1
1303 2947 1421 2978 ειπων,
1457 2932 1551 2968 Οποι
1581 2944 1705 2978 υπαγω
1736 2944 1877 2975 οιοατε,
1908 2943 1966 2965 και
2001 2943 2064 2973 την
2095 2929 2171 2964 ὁοον
2192 2940 2328 2972 οιοατε,

1301 2992 1494 3042 ἐπήγαγεν·
1522 2992 1566 3028 Εἰ
1603 2989 1665 3040 ἐμὲ
1691 2988 1895 3037 ἐγνώκειτε,
1928 2989 1988 3026 καὶ
2009 2989 2066 3026 τὸν
2094 2986 2238 3037 Πατέρα
2263 3001 2327 3035 μου

1300 3057 1482 3110 ἐγνώκειτε
1502 3056 1554 3104 ἂν,
1579 3057 1638 3095 καὶ
1657 3056 1788 3108 ἀπάρτι
1807 3054 1982 3106 γνώσεσθε
2000 3055 2115 3100 αὐτὸν,
2135 3053 2194 3091 καὶ
2211 3051 2326 3103 ἑωρά-

1299 3142 1383 3164 κατε
1419 3124 1541 3163 αὐτόνῑ
1576 3123 1668 3175 Οὐχὶ
1700 3123 1971 3172 ἐναντιολογῶν·
2003 3122 2131 3172 ᾔδεσαν
2166 3119 2227 3169 μὲν
2261 3120 2327 3171 γὰρ

1318 3283 1390 3319 ἐμοῦ
1407 3281 1527 3321 ἔρχεσθε
1541 3285 1548 3293 '
1567 3281 1601 3309 τὸ
1618 3279 1648 3308 δὲ
1664 3280 1711 3309 καὶ
1728 3280 1745 3313 ἡ
1762 3279 1897 3314 ἀλήθεια,
1917 3280 1961 3309 ἔτι
1979 3281 2104 3312 πάντως.

1360 3330 1374 3345 *
1389 3330 1428 3370 [εἰ
1441 3327 1593 3360 additum
1607 3337 1623 3359 e
1639 3326 1740 3360 savit.
1764 3325 1872 3359 Codd.
1889 3328 1993 3359 nostri
2008 3331 2111 3360 ἐλθεῖν.
2133 3332 2156 3360 εἰ
2170 3332 2227 3371 γὰρ
2241 3330 2297 3367 ἐγώ
2315 3326 2327 3366 ]

1362 3382 1375 3404 ¹¹
1394 3380 1453 3413 Alii
1471 3386 1495 3415 εἶ
1510 3386 1566 3425 γὰρ
1583 3386 1639 3423 ἐγὼ
1657 3382 1750 3425 κύριός
1767 3385 1838 3422 εἰμι,
