2481 3678
656 188 698 215 ux
736 176 944 216 somnii&
985 186 1141 216 uoiuu„
1180 185 1337 216 χχχιχ.
1376 168 1437 213 al.
1475 184 1667 214 xxxviii.

124 271 201 315 τοὺς
217 271 480 320 ἀποδημοῦντας
501 270 579 312 τούς
598 286 636 308 τε
657 270 820 320 μένοντας
835 301 845 319 ,
861 271 938 314 τοὺς
956 271 1123 314 πλέοντας
1135 298 1145 316 ,

124 331 201 376 τοὺς
220 335 476 384 γεωργοῦντας,
501 329 579 374 τοὺς
597 331 632 369 ἓν
657 338 728 375 τοῖς
757 334 893 384 ἀγροῖς,
912 331 991 375 τοὺς
1014 333 1049 370 ἐν
1067 336 1143 374 ταῖς

123 393 265 439 πόλεσι,
286 392 419 435 πάντας
438 392 568 435 ἁπλῶς.
587 392 652 436 Τίς
668 386 725 431 οὖν
744 397 828 444 ἡμῖν
853 393 950 436 ἐλπὶς
969 391 1144 443 σωτηρίας

2107 174 2196 236 2139

1216 268 1319 307 nobis
1342 281 1420 319 spes
1443 268 1568 307 salutis
1590 269 1677 319 erit,
1704 269 1845 319 quando
1865 271 1932 307 Dei
1957 280 2083 310 terrain
2102 275 2195 313 inco-

1215 329 1342 377 lentes,
1362 327 1453 365 nihil
1473 342 1513 366 ea
1536 343 1615 379 quae
1635 329 1703 367 Dei
1725 338 1808 367 sunt
1825 343 2010 380 curamus,
2038 333 2100 371 scd
2118 348 2197 372 cuni

1212 389 1403 441 jubeamur
1413 389 1473 426 hic
1488 389 1665 441 peregrini
1683 404 1775 438 csse,
1794 391 1972 442 peregrini
1986 391 2023 429 in
2037 394 2121 431 caelo
2140 409 2196 431 su-

122 454 242 503 ἔσται,
261 454 341 492 ὅταν
369 453 432 500 τὴν
453 457 516 505 γῆν
540 456 709 498 οἰκοῦντες
735 458 794 492 τοῦ
813 456 922 500 Θεοῦ,
952 453 1000 503 μὴ
1020 452 1064 490 τὰ
1081 455 1141 489 τοῦ
1155 483 1203 508 225
1218 464 1316 498 mus,
1345 459 1378 487 ct
1410 450 1538 489 mundi
1581 450 1711 489 cives?
1753 451 1851 498 Quid
1884 452 1951 490 hac
1995 453 2201 505 stupiditate

122 517 214 553 Θεοῦ
242 517 433 567 φρονῶμεν,
465 514 556 553 ἀλλὰ
585 515 822 558 κελευσθέντες
847 508 934 551 εἶναι
965 512 1052 556 ξένοι
1072 516 1142 550 τῶν
1167 523 1192 550 Α
1216 509 1397 548 deterius?
1421 511 1595 557 Quotidie
1609 511 1791 564 judicium
1805 522 1839 551 et
1854 526 2005 564 regnum
2017 514 2201 563 audimus,

121 577 284 624 ἐνταῦθα,
307 575 394 620 ξένοι
412 579 480 614 τῶν
503 578 654 628 οὐρανῶν
684 569 792 626 ῶμεν,
813 574 872 612 καὶ
896 576 965 612 τῶν
995 575 1143 612 ἐνταῦθα

120 638 285 683 πολῖται,
313 636 361 676 Τί
384 636 512 684 ταύτης
542 641 604 684 τῆς
635 635 860 683 ἀναισθησίας
880 641 997 687 χεῖρον
1016 634 1141 686 γένοιτ’

121 697 174 746 ἂν,
202 697 283 735 ὅταν
313 701 390 736 καθ’
413 698 563 745 ἑκάστην
591 697 725 749 ἡμέραν
752 695 796 734 τὰ
822 698 887 741 τῆς
916 696 1081 748 κρίσεως,
1099 695 1144 734 τὰ

122 762 184 805 τῆς
200 759 378 811 βασιλείας
393 758 591 804 ἀκούοντες,
606 757 684 800 τοὺς
700 756 758 794 ἐπὶ
776 760 835 794 τοῦ
853 758 934 795 Νῶε
955 756 1146 807 μιμώμεθα

122 820 181 858 καὶ
200 820 279 864 τοὺς
300 822 335 858 ἐν
357 819 526 870 Σοδόμοις
539 849 549 866 ,
570 821 613 869 τῇ
634 817 739 871 πείρᾳ
757 819 826 855 τῶν
846 816 1063 869 πραγμάτων
1080 816 1146 868 μέ-

121 896 236 924 νοντες
263 880 380 918 πάντα
408 883 550 930 μαθεῖν,
583 878 708 917 Καίτοι
734 894 774 930 γε
809 879 866 916 διὰ
896 882 998 916 τοῦτο
1030 878 1146 916 πάντα

121 943 238 978 ἐκεῖνα
261 940 474 993 γέγραπται,
496 940 552 978 ἵνα
570 940 603 977 εἴ
624 955 677 983 τις
694 946 764 983 τοῖς
782 940 966 991 μέλλουσιν
986 942 1146 988 ἀπιστεῖ,

123 1002 192 1041 ἀπὸ
211 1004 281 1040 τῶν
299 1003 367 1050 ἤδη
385 1001 625 1054 γεγενημένων
645 1003 738 1054 σαφῆ
757 1001 850 1053 λάὸῃ
879 1001 939 1040 καὶ
970 1002 1051 1054 περὶ
1077 1003 1147 1039 τῶν

124 1063 321 1114 μελλόντων
347 1063 412 1110 τὴν
432 1063 619 1108 ἀπόδειξιν.
639 1065 765 1101 Ταῦτα
783 1056 840 1101 οἶν
859 1065 1067 1110 ἐννοοῦντες,
1087 1063 1148 1102 καὶ

121 1125 166 1164 τὰ
184 1125 450 1178 παρεληλυθότα
468 1125 527 1164 καὶ
546 1125 591 1162 τὰ
610 1124 782 1175 μέλλοντα
795 1156 805 1173 ,
826 1125 948 1177 μικρὸν
963 1128 1044 1176 γοῦν
1064 1128 1148 1164 ἀνα-

121 1187 326 1238 πνεύσωμεν
345 1190 408 1234 τῆς
438 1188 598 1239 χαλεπῆς
623 1185 752 1232 ταύτης
783 1186 956 1234 δουλείας,
985 1186 1045 1224 καί
1070 1202 1149 1224 τινα

123 1249 183 1288 καὶ
213 1251 274 1295 τῆς
304 1250 419 1300 ψυχῆς
447 1247 677 1298 ποιησώμεθα
701 1247 816 1299 λόγον,
836 1247 893 1285 ἰ’να
912 1247 1059 1285 καὶτῶν
1077 1263 1150 1285 πα-

123 1310 251 1362 ρόντων
271 1310 330 1348 καὶ
349 1312 418 1347 τῶν
440 1308 636 1360 μελλόντων
663 1308 886 1360 ἓπιτύχωμεν
913 1310 1065 1359 ἀγαθῶν,
1083 1309 1150 1361 ypi-
1175 1321 1198 1350 Β

122 1387 191 1423 ριτι
217 1372 276 1410 καὶ
296 1370 538 1423 φιλανθρωπίᾳ
564 1374 624 1408 τοῦ
646 1369 776 1421 Κυρίου
797 1372 899 1420 ἡμῶν
924 1369 1040 1416 Ἰησοῦ
1058 1371 1149 1421 Χρι-

122 1436 205 1471 στοῦ
221 1461 230 1478 ,
249 1426 278 1484 ᾧ
298 1435 319 1478 ἡ
340 1431 422 1475 δόξα
452 1431 512 1468 καὶ
538 1431 578 1468 τὸ
603 1430 730 1483 κράτος
749 1433 796 1473 εἰς
815 1430 894 1474 τοὺς
925 1432 1053 1473 αἰῶνας
1081 1434 1149 1469 τῶν

123 1493 271 1531 αἰώνων.
289 1492 413 1543 Ἀμήν.

1216 581 1250 610 et
1267 586 1325 610 eos
1341 572 1403 623 qui
1422 573 1457 611 in
1481 573 1609 612 diebus
1628 574 1705 612 Noe
1721 584 1821 612 erant
1847 589 1982 613 necnon
2001 576 2203 614 sodomitas

1218 633 1420 683 imitamur,
1455 644 1490 672 et
1510 635 1753 687 experimento
1775 635 1894 674 omnia
1917 635 2071 675 ediscere
2100 638 2203 676 volu-

1218 710 1308 733 mus.
1328 695 1438 746 Atqui
1456 695 1535 734 ideo
1550 696 1611 734 illa
1628 697 1747 735 omnia
1761 696 1894 749 scripta
1908 707 1990 735 sunt
2000 728 2009 746 ,
2031 707 2069 736 ut
2082 698 2113 736 si
2126 699 2204 749 quis

1218 757 1338 795 futura
1359 771 1430 796 non
1449 758 1586 807 credat,
1609 773 1655 798 ex
1680 759 1870 811 prseteritis
1901 760 2034 797 claram
2056 760 2206 813 accipiat

1218 819 1425 857 futurorum
1443 819 1618 858 notitiam.
1644 820 1728 858 Haec
1750 821 1870 871 itaque
1892 821 2106 873 cogitantes,
2134 832 2206 861 tam

1219 880 1398 933 praeterita
1407 910 1420 931 ,
1441 895 1550 932 quam
1567 882 1707 932 sutura,
1726 882 1875 934 paulum
1893 897 1938 920 ex
1952 883 2019 920 hac
2036 884 2208 922 servitute

1218 941 1433 994 respiremus
1442 972 1453 990 ‚
1478 951 1513 980 et
1539 942 1698 993 aliquam
1722 943 1849 981 animae
1877 943 2049 982 rationem
2076 944 2206 983 habea-

1221 1017 1322 1053 mus,
1339 1013 1379 1041 ut
1395 1013 1428 1041 et
1446 1004 1635 1056 praesentia
1645 1014 1679 1042 et
1693 1005 1814 1042 futura
1830 1019 2086 1056 consequamur
2097 1006 2207 1055 bona,

1222 1064 1336 1116 gratia
1353 1074 1387 1103 ct
1405 1065 1623 1117 benignitate
1651 1066 1798 1105 Domini
1817 1066 1928 1105 nostri
1943 1068 2028 1106 Jesu
2053 1067 2206 1115 Christi,

1222 1127 1281 1165 cui
1311 1127 1423 1178 gloria
1455 1137 1489 1166 et
1529 1128 1721 1181 imperium
1751 1129 1788 1167 in
1820 1129 1948 1168 saecula
1984 1130 2207 1169 saeculorum.

1223 1190 1349 1227 Amen.

507 1761 687 1801 ΟΜΙΛΙΑ
712 1759 778 1798 λθ’.

119 1882 165 1921 ‘O
180 1884 307 1937 Πατήρ
335 1897 402 1934 μου
419 1885 457 1921 οὗ
477 1883 586 1935 κρίνει
602 1882 722 1921 οὐδένα
734 1912 744 1929 ,
764 1882 854 1920 ἀλλὰ
869 1881 932 1929 τὴν
953 1881 1066 1933 κρίσιν
1080 1888 1149 1919 πᾶ-

175 1960 239 1982 σαν
256 1945 385 1983 ’δέδωκε
404 1946 454 1997 τῷ
474 1945 550 1996 Υἱῷ
562 1973 571 1990 ,
592 1944 649 1982 ἵνα
667 1942 795 1987 πάντες
821 1946 953 1994 τιμῶσι
971 1944 1029 1981 τὸν
1048 1943 1146 1990 Υἷὸν,

173 2003 287 2048 καθὼς
306 2008 436 2055 τιμῶσι
465 2003 525 2042 τὸν
547 2002 706 2055 Πατέρα.

347 2191 357 2202 f
393 2193 406 2199 *-
446 2189 461 2202 R
481 2194 493 2200 -
532 2191 553 2199 Ν

173 2188 316 2234 Πολλῆς
340 2204 424 2238 ημιν
442 2202 493 2226 οει
511 2203 574 2235 της
597 2189 750 2234 σπουδῆς
781 2189 816 2225 ἐν
845 2187 988 2235 ἅπασιν,
1008 2189 1145 2238 ἀγαπη-
1167 2192 1192 2222 C

120 2249 187 2287 τοί.
206 2249 275 2287 Καὶ
303 2249 370 2301 γὰρ
402 2248 502 2300 λόγον
532 2249 701 2300 δώσομεν,
721 2249 781 2288 καὶ
801 2248 942 2292 εὐθύνας
976 2247 1144 2301 ὑφέξομεν

120 2310 275 2362 ἀκριόεῖς
290 2341 299 2359 ,
320 2310 378 2348 καὶ
409 2310 574 2365 ῥημάτων
593 2311 652 2349 καὶ
675 2309 906 2362 πραγμάτων.
924 2312 977 2348 Οὐ
997 2310 1065 2361 γὰρ
1084 2310 1146 2360 μέ-

119 2386 181 2422 χρι
205 2374 265 2408 τοῦ
293 2371 462 2423 παρόντος
490 2371 563 2409 at&
589 2371 746 2424 ἡμέτερα
777 2371 937 2419 ἔστηκεν,
965 2370 1054 2408 ἀλλὰ
1086 2370 1146 2408 καὶ

120 2430 222 2482 ἑτέρα
241 2447 293 2474 τις
321 2435 414 2482 ἡμᾶς
430 2434 584 2471 ἐντεῦθεν
604 2432 778 2475 ἐκδέξεται
799 2434 888 2478 ζωῆς
909 2432 1146 2478 κατάστασις,

121 2491 180 2529 καὶ
195 2492 408 2545 δικαστηρίῳ
425 2493 723 2544 παραστησόμεθα
736 2493 885 2545 φοὸερῷ.
901 2495 963 2530 Δεῖ
975 2493 1042 2544 γὰρ
1054 2495 1148 2542 ἡμᾶς

121 2555 343 2603 παραστῆναι
378 2553 571 2604 ἔμπροσθεν
602 2557 661 2591 τοῦ
698 2554 853 2604 βήματος
886 2557 944 2591 τοῦ
975 2556 1146 2606 Χριστοῦ,

121 2613 206 2665 φησὶ
225 2613 386 2659 Παῦλος,
406 2613 463 2651 ἵνα
477 2614 667 2664 κομίσηται
686 2614 830 2657 ἕκαστος
853 2613 897 2651 τὰ
919 2613 975 2651 διὰ
998 2618 1057 2651 τοῦ
1076 2612 1147 2651 σώ-

123 2689 244 2724 ματος,
257 2673 343 2726 πρὸς
361 2674 383 2711 ἃ
402 2674 560 2726 ἔπραξεν,
579 2675 648 2712 εἴτε
660 2676 800 2727 ἀγαθὸν,
821 2675 887 2713 εἴτε
903 2674 1020 2713 κακόν.
1034 2675 1148 2712 Τοῦτο

121 2734 234 2772 τοίνυν
248 2735 287 2772 τὸ
299 2735 521 2786 δικαστήριον
533 2737 701 2786 ἐννοῶμεν
718 2736 789 2785 ἀεὶ,
804 2736 863 2774 καὶ
881 2735 970 2773 οὕτω
989 2735 1046 2773 διὰ
1060 2751 1148 2773 παν-

121 2796 178 2840 τὸς
205 2800 265 2833 τοῦ
297 2796 423 2848 χρόνου
455 2796 672 2846 δυνησόμεθα
700 2791 787 2835 εἶναι
814 2799 848 2835 ἐν
869 2798 987 2849 ἀρετῇ.
1010 2796 1146 2848 “Ώσπερ

121 2856 188 2908 γὰρ
208 2860 226 2896 ὅ
245 2860 307 2902 τῆς
328 2859 442 2910 ψυχῆς
462 2857 618 2896 ἐκῧαλὼν
635 2858 698 2904 τὴν
718 2858 853 2910 ἡμέραν
871 2859 1018 2905 ἐκείνην,
1036 2858 1145 2895 καθά-
1167 2871 1193 2900 D

123 2932 189 2969 περ
204 2917 308 2961 ἵππος
326 2919 384 2956 τὸν
402 2920 544 2970 χαλινὸν
561 2919 770 2972 ἀπορρήξας,
787 2922 835 2962 εἰς
857 2920 1030 2971 κρημνοὺς
1051 2920 1146 2972 φέρε·

124 2994 182 3015 ται
199 2979 458 3030 (Βεῧηλοῦνται
473 2979 560 3032 γὰρ,
578 2981 694 3033 φησὶν,
717 2984 753 3019 αἱ
773 2982 845 3019 ὁδοὶ
865 2983 969 3019 αὐτοῦ
990 2984 1024 3019 ἐν
1043 2981 1147 3019 παντὶ

124 3043 251 3092 καιρῷ·
276 3041 326 3078 διὸ
346 3041 404 3077 καὶ
432 3041 496 3087 τὴν
525 3041 639 3079 αἰτίαν
666 3042 788 3090 τιθεὶς,
808 3042 1003 3093 ἐπήγαγεν·
1023 3043 1149 3080 Ἀντα-

124 3107 293 3153 ναιρεῖται
315 3102 358 3139 τὰ
378 3102 533 3154 κρίματα
551 3118 611 3141 σου
629 3104 698 3142 ἀπὸ
715 3103 903 3155 προσώπου
931 3105 1072 3152 αὖτοῦ)·
1087 3104 1149 3143 οὕ-

125 3178 191 3206 τως
219 3166 236 3201 6
269 3163 454 3206 διαπαντὸς
474 3168 593 3202 τοῦτον
617 3164 706 3216 ἔχων
736 3164 794 3202 τὸν
814 3164 930 3216 φόὸον,
961 3165 1146 3216 σωφρόνως

127 3224 310 3272 βαδιεῖται.
341 3224 623 3275 Ἀναμιμνήσκου
643 3225 729 3277 γὰρ,
751 3225 849 3277 φησὶ,
863 3224 907 3262 τὰ
925 3224 1060 3276 ἔσχατα
1070 3241 1145 3276 σου,

172 3369 182 3383 ⁹
198 3359 301 3392 ΞεινὶΙἱ
334 3368 371 3395 τ’).
391 3365 524 3405 ἡμέτερα
549 3366 677 3401 ἕστηκεν.
703 3361 818 3394 Mox-cl.
845 3368 884 3397 τὰ
908 3367 1042 3409 ἡμέτερά
1059 3369 1128 3398 ἐττε-

1510 1757 1721 1796 HOMILIA
1754 1757 1932 1797 XXXIX.

1222 1881 1289 1918 5⁹22
1319 1882 1442 1920 Pater
1461 1896 1566 1921 meus
1589 1897 1667 1921 non
1687 1884 1844 1936 judicat
1863 1898 2113 1937 quemquam,
2145 1888 2212 1924 secl

1275 1955 1388 1980 omne
1407 1945 1602 1996 judicium
1631 1946 1738 1983 dedit
1756 1946 1884 1992 Filio,
1919 1947 1983 1984 25.
2011 1956 2053 1984 ut
2081 1961 2210 1985 omnes

1274 2005 1531 2058 honorificent
1559 2008 1731 2054 Filium,
1767 2017 1808 2045 ut
1836 2008 2095 2059 honorificant
2130 2011 2208 2047 Pa—

1272 2075 1382 2105 trem.

1272 2191 1308 2226 1.
1326 2190 1445 2228 Multa
1463 2190 1567 2229 nobis
1578 2206 1667 2245 opus
1681 2200 1733 2230 est
1751 2193 1789 2231 in
1811 2193 1977 2231 omnihus
1996 2193 2203 2244 diligentia,
2228 2246 2232 2249 “
2255 2206 2407 2233 ,ΙωιῑειιηἈ

1217 2249 1363 2301 dilecti3
1401 2261 1605 2290 accuratam
1650 2253 1785 2306 quippe
1822 2254 1994 2292 rationem
2040 2254 2205 2292 dabimus
2219 2247 2357 2315 1]ῗὲἓέἱὲ
2363 2249 2413 2314 ’Ψ

1216 2321 1251 2351 et
1282 2313 1476 2353 verborum
1508 2323 1542 2352 et
1569 2328 1734 2367 operum.
1761 2316 1830 2353 Res
1855 2315 1949 2353 enim
1981 2324 2110 2352 nostrae
2135 2330 2205 2353 non

1219 2382 1301 2412 sunt
1318 2374 1501 2425 praesentis
1516 2374 1599 2414 vitae
1616 2375 1797 2412 limitibus
1820 2374 2118 2426 circumscriptae,
2144 2375 2206 2413 scd

1217 2434 1288 2472 alia
1304 2448 1367 2472 nos
1389 2445 1581 2487 exceptura
1595 2444 1645 2473 est
1655 2435 1739 2474 vitae
1753 2435 1910 2472 conditio
1920 2465 1930 2479 ,
1950 2435 2205 2486 tremendoque

1215 2495 1354 2547 judicio
1377 2495 1555 2532 sistemur.
1585 2497 1725 2533 Omnes
1743 2498 1846 2532 enim
1862 2509 1949 2542 nos,
1973 2495 2088 2545 inquit
2108 2497 2203 2534 Pau-
2219 2524 2249 2544 2,
2264 2514 2335 2544 00„
2355 2515 2371 2543 ς,

1220 2555 1298 2603 lus,
1317 2557 1564 2608 rizarzi'festctri
1583 2564 1729 2607 oportet
1742 2565 1834 2594 ante
1853 2557 2028 2594 tribunal
2044 2558 2202 2605 Christi,
2224 2564 2270 2586 ¹0·

1221 2625 1264 2654 ut
1281 2617 1427 2668 referat
1443 2619 1723 2668 unusquisque,
1753 2630 1837 2669 quae
1855 2631 1925 2668 per
1950 2631 2087 2669 corpus
2107 2621 2202 2669 egit,

1218 2685 1331 2729 prout
1345 2679 1559 2728 gessit,sive
1568 2680 1808 2725 bonum,sive
1821 2679 1983 2716 malum.
2000 2679 2077 2717 Hoc
2089 2679 2205 2717 tribu-

1220 2738 1279 2775 nal
1307 2751 1443 2789 semper
1469 2738 1682 2789 cogitemus,
1706 2748 1741 2776 et
1758 2739 1810 2777 sic
1835 2754 1973 2792 semper
1997 2740 2126 2779 virtuti
2149 2740 2203 2779 in-

1219 2798 1385 2835 cumbere
1404 2798 1612 2850 poterimus.
1636 2800 1727 2837 Nam
1745 2799 1839 2838 sicut
1855 2799 1886 2838 is
1905 2801 1967 2851 qui
1983 2801 2083 2838 illam
2107 2801 2203 2838 diem

1218 2859 1264 2896 ab
1275 2859 1393 2897 animo
1406 2859 1518 2911 ejicit,
1535 2860 1635 2910 quasi
1648 2875 1760 2911 equus
1779 2875 1926 2900 excusso
1944 2862 2042 2900 freno
2060 2862 2097 2900 in
2111 2877 2202 2914 prae-

1216 2920 1340 2972 cipitia
1358 2921 1430 2958 ruit
1448 2923 1735 2975 (profanantur
1746 2923 1856 2973 enim,
1874 2923 2008 2974 inquit,
2027 2927 2106 2961 ‘vice
2120 2926 2201 2976 ejus
2216 2945 2302 2973 Psal.
2321 2954 2353 2975 Q,

1216 2985 1258 3019 in
1277 2987 1383 3021 omni
1403 2993 1568 3036 tempore
1575 3002 1590 3030 ‚·
1610 2994 1645 3023 et
1664 3000 1806 3023 causam
1822 2986 1970 3024 afferens
1989 2987 2056 3032 ait,
2072 2987 2115 3024 A
2118 2988 2200 3038 ufe-
2215 2995 2265 3022 27·
2323 2977 2333 2982 ⁸

1216 3052 1356 3082 runtur
1365 3046 1520 3098 judicia
1539 3055 1608 3084 tua
1626 3048 1773 3099 afacie
1791 3049 1908 3099 eju5):
1929 3047 1978 3084 ita
1990 3047 2051 3098 qui
2064 3061 2202 3099 semper

1216 3104 1284 3142 hoc
1308 3105 1436 3145 timore
1466 3117 1626 3157 tenetur,
1652 3116 1890 3159 temperanter
1918 3108 2066 3146 incedet.
2090 3109 2200 3156 Nam,

1217 3168 1447 3216 Recordare,
1469 3168 1604 3219 inquit,
1629 3171 1837 3206 novissima
1857 3177 1942 3210 tua,
1968 3178 2005 3206 et
2033 3172 2074 3206 in
2093 3177 2200 3206 oeter-
2216 3185 2308 3213 Effla-
2336 3196 2350 3225 7

1219 3243 1312 3268 num
1331 3243 1408 3268 non
1424 3232 1614 3281 peccabis.
1637 3229 1710 3277 Qui
1732 3229 1827 3269 enim
1844 3243 1939 3268 nunc
1965 3229 2115 3268 dimittit
2137 3244 2197 3267 no-
2212 3224 2263 3266 4⁰1
