2507 3673
542 139 720 168 CONTRA
756 140 1009 170 nAERETlcos
1049 142 1105 169 1⁴:⁴1*

94 219 317 265 ἀναδησεται.
339 219 400 265 Μὴ
419 219 533 269 μάτην
556 235 612 256 ουν
633 221 649 256 6
666 220 805 263 Παῦλος
820 221 877 258 τὸν
894 223 1042 260 πλοῦτον
1060 226 1119 260 τοῦ

91 273 184 310 Θεοῦ
203 272 384 322 θαυμάζει,
400 270 568 317 τουτέστι,
586 271 684 318 τὴν”
665 287 831 323 ενσαρκον
846 273 1046 324 οἰκονομίαν
1058 277 1117 311 τοῦ

92 325 257 376 Χριστοῦ.
275 325 351 362 Φεῦ
366 326 427 370 τῆς
440 323 604 366 ἀπιστίας
616 326 684 361 τῶν
700 327 894 376 αἱρετικῶν,
909 330 971 378 φεῦ
986 325 1116 364 τούτων

90 380 153 423 τῆς
175 377 304 424 λύσσης
327 376 386 414 καὶ
416 376 589 428 θεομάχοι)
610 362 783 428 γλώσσης.
806 379 965 426 Παῦλος,
998 381 1016 416 6
1047 382 1116 416 τῶν

91 432 243 482 οὐρανῶν
270 428 432 477 πολίτης,
460 432 477 467 6
505 434 566 467 τοῦ
596 430 809 481 παραδείσου
840 431 986 479 θεατὴς,
1014 434 1031 469 6
1057 435 1116 469 τοῦ

90 483 243 548 Χριστοῦ
270 481 434 548 διάπυρος
459 481 627 533 ἐραστὴς,
649 485 666 520 6
686 499 752 521 των
774 484 958 530 ἀλαλητιι)ν
981 499 1116 534 μυστη-

91 534 172 586 ρίων
185 533 375 585 ἀκροατης,
390 550 450 572 και
468 534 532 581 τὴν
548 535 744 585 οἰκονομίαν
761 536 913 583 ζητήσας
927 535 1041 601 ἔφριξε
1055 536 1113 573 καὶ

91 586 282 638 ἰλιγγίασε·
307 587 367 624 καὶ
388 590 485 639 ὑμεῖς
515 587 578 633 τὴν
599 587 786 634 θεότητα
768 588 1046 653 οιερμηνεύοντες
1074 589 1111 626 οὐ

87 639 263 691 φρίττετε;
285 641 424 683 Παῦλος
441 640 485 678 τὰ
498 640 660 704 κρίματα
675 646 734 679 τοῦ
752 643 844 679 Θεοῦ
865 640 1112 706 ἀνεξερεύνητα

86 692 198 743 λέγει·
216 692 276 730 καὶ
296 691 337 729 σὺ
364 692 429 738 τὴν
446 693 565 759 φύσιν
598 697 657 731 τοῦ
687 694 826 747 Πατρὸς
855 697 902 737 ὥς
926 693 1112 745 εὐθήρατον

87 747 241 798 ἐρευνᾷς·
234 775 243 792 ,
269 745 436 796 Καιρὸς
418 745 455 784 οέ
471 761 510 783 σε
524 745 688 793 καλέσαι,
709 745 1042 811 σκυθρωπάσαντα’
1027 761 1112 784 επα-

86 785 278 864 ναστρέψαι
297 798 387 835 κατὰ
407 800 476 836 τῶν
496 799 563 837 ὑπὸ
598 801 658 835 σοῦ
694 799 878 865 ἀφράστως
906 797 1111 865 εἰρημένων.

86 850 208 894 Imm*
190 867 304 889 ετεκεν
322 854 344 897 ἡ
362 851 541 917 Παρθένος
556 853 617 889 οὐκ
637 844 730 894 οἶδας
743 879 752 897 ,
767 867 827 889 και
842 867 915 894 πως
931 850 1111 902 ἐγεννησεν

85 905 103 940 6
141 903 229 947 Θεὸς
260 904 385 941 εἰδέναι
416 903 552 955 βούλει;
585 902 648 949 τὴν
685 904 720 940 ἐν
751 919 793 954 τῃ
823 902 982 955 Ηρι3δου
1021 903 1112 942 κατὰ

84 955 199 1025 σάρκα
230 955 389 1007 γέννησιν
419 961 478 994 τοῦ
488 957 664 1023 Χριστοῦ
699 957 832 1006 ἀγνοεῖς
866 958 942 1000 πῶς
971 956 1110 1008 γέγονε,

83 1008 142 1046 καὶ
161 1007 223 1056 την
243 1010 282 1046 ἐκ
293 1008 447 1075 Πατρὸς
480 1008 640 1060 ἀνάρχως
670 1008 730 1046 καὶ
758 1010 815 1046 ἀνε
801 1024 910 1061 ,ρμην
914 1008 1021 1053 εύτως
1052 1010 1111 1048 καὶ

83 1064 218 1105 σεπτῶς
247 1077 306 1099 και
334 1061 516 1129 ἀλαλήτοκ
546 1077 628 1127 προ
648 1061 763 1109 πάσης
791 1062 920 1106 ἐννοίας
947 1078 1006 1100 και
1036 1078 1112 1101 και·

84 1117 151 1166 ρῶν
187 1113 246 1152 καὶ
284 1113 419 1152 αἰώνων
464 1113 700 1165 ἀμεσιτεύτως
730 1115 963 1167 γεγενημένην
998 1116 1110 1166 ἑρμη-

82 1167 189 1206 νεύειν
228 1168 382 1234 τρλμδιίς,
419 1167 479 1205 καὶ
511 1167 709 1217 δοκιμάζειν
748 1170 848 1220 ἐπιγε
854 1173 961 1221 ιρεῖς,
998 1169 1040 1206 Εἰ
1072 1168 1112 1206 τὸ

82 1219 260 1271 σταυριιὲιθ
263 1237 279 1257 ν
317 1222 420 1270 σῶμα
453 1223 512 1258 τοῦ
549 1222 708 1287 Χριστοῦ
735 1221 870 1270 Θωμᾶς
899 1221 1111 1286 ψηλαφησας

80 1271 358 1316 δάναπαίδευτος
390 1274 451 1310 οὐκ
485 1273 621 1322 ἔμεινε,
648 1272 708 1310 καί
741 1289 780 1325 γε
814 1273 1004 1317 ἀπόστολος
1038 1273 1109 1312 ὤν·

80 1325 182 1369 ποίας
203 1325 455 1378 εἰσὶτιμωρίας
471 1326 558 1370 αξιοι
584 1329 614 1364 οἱ
636 1341 684 1375 μη
705 1325 851 1390 ’χειριτὸ
872 1329 975 1377 σῶμα
997 1328 1069 1378 ψηλ
1072 1343 1110 1364 α-

79 1381 210 1429 φῶντες
227 1381 287 1416 τοῦ
291 1379 476 1444 Χριστοῦ,
497 1378 588 1416 ἀλλὰ
606 1380 648 1429 τῆ
669 1377 807 1444 γλώττῃ
832 1379 896 1425 τὴν
923 1378 1031 1416 ἀίδιον
1049 1383 1110 1426 τῆς

81 1430 242 1476 θεότητος
264 1432 366 1469 αὐτοῦ
381 1433 582 1496 διερευνῶντ
586 1447 619 1474 ες
637 1431 760 1488 φύσιν;
789 1434 923 1500 Θωμας
943 1431 1022 1486 γὰρ
1051 1432 1110 1470 καὶ

80 1483 98 1522 ὃ
123 1484 190 1521 εἶδε
211 1487 334 1533 σῶμα,
358 1484 598 1536 ἐὺηλάΰτσεν·
619 1490 713 1523 οὑτοι
739 1483 773 1522 83
797 1485 838 1530 ἣν
861 1484 909 1534 μὴ
931 1487 1019 1521 εἶδον
1037 1484 1110 1523 θεό-

80 1552 187 1584 τητα,
205 1539 251 1580 ὡς
285 1537 477 1588 ἑωρακότες
503 1536 745 1588 ἐξτρεύνησαν.
768 1538 857 1574 Εἰπε
878 1536 933 1583 83,
965 1539 993 1573 ὠ
1021 1537 1108 1575 δεινε

80 1589 139 1626 καὶ
161 1589 338 1641 εὖμηγανε
356 1593 469 1655 ρῆτορ
481 1590 650 1640 Εὐνόμιε,
675 1592 692 1626 6
718 1591 848 1641 τριγῶς
873 1588 935 1636 τὴν
952 1591 1014 1634 τῆς
1035 1589 1108 1628 θεό-

79 1657 182 1688 τητος
213 1642 396 1709 διακρίνων
427 1642 542 1694 φύσιν,
564 1645 582 1680 6
604 1645 728 1696 μικροῦ
755 1644 860 1680 πάλιν
896 1641 1108 1694 βραγύτερον

78 1695 216 1732 ἀναπλ
196 1711 308 1733 αττο)ν
324 1694 474 1742 θεους,
458 1695 514 1733 ot&
530 1694 563 1732 τί
580 1697 730 1747 κτίσμ,α
746 1711 804 1733 και
824 1697 861 1733 06
877 1695 1033 1746 γέννημα
1051 1711 1108 1733 τον

78 1748 229 1812 Χριστον
259 1748 310 1785 λε’
300 1764 395 1799 γεις,
408 1748 487 1785 Ἵνα
509 1748 578 1798 μὴ,
601 1750 705 1800 φησὶ,
736 1747 884 1799 ρεύσεως
911 1747 1042 1786 ἔννοιαν
1063 1763 1106 1799 τῃ

78 1799 232 1839 ἀκτίστιι)
248 1805 308 1838 τοῦ
322 1803 413 1839 Θεοῦ
428 1801 641 1853 προσὺαύσω
655 1802 772 1866 φύσει·
786 1800 843 1838 τὸν
854 1800 920 1852 γὰρ
934 1804 1107 1851 γεννῶντα

78 1853 212 1920 ἀνάγκη
226 1855 411 1904 ὑπομεῖναι
426 1857 552 1917 ῥεῦσιν.
563 1855 698 1892 Οὐκοῦν
715 1853 773 1890 καὶ
790 1853 949 1897 κτιζοντα
964 1853 1050 1891 ἀκόλ
1052 1869 1108 1890 06-

78 1909 161 1943 0ον
150 1912 334 1957 υπομεῐναι
355 1906 470 1944 πόνον
499 1905 543 1943 ‘O
565 1922 631 1958 γαρ
662 1906 800 1953 κτίζων,
821 1905 959 1948 οἰκότως
977 1908 1014 1943 οὐ
1031 1905 1086 1943 κτί

1143 142 1184 169 ΙΝ
1225 141 1436 170 stCissxM
1474 143 1578 171 Dlill’
1588 143 1730 172 mm.
2087 149 2179 195 OM)

1193 221 1329 267 Jessae,
1355 221 1482 279 etflos
1499 236 1545 259 ει
1561 236 1607 259 ecc
1621 224 1813 263 ascendet.
1830 224 1907 262 Non
1923 225 2077 263 frusua'
2069 227 2178 277 igitur

1193 272 1325 310 Paulus
1361 272 1506 310 divitias
1537 274 1601 310 Dei
1636 275 1801 324 miiatur,
1834 276 1872 313 id
1902 286 1965 325 est,
2002 279 2176 318 carnalem

1193 324 1326 361 Christi
1347 324 1595 362 oeconomiam.
1618 326 1650 362 O
1671 326 1918 366 haereticorum
1945 329 2175 369 incredulita-

1191 375 1282 415 tem.
1307 390 1328 413 ο
1346 376 1482 413 rabiem
1499 385 1531 414 et
1545 377 1707 426 linguam
1726 380 1823 416 Deo
1815 381 2019 421 inimicam.
2011 382 2019 403 '
2043 384 2175 422 Paulus

1190 429 1358 466 caelorum
1379 428 1483 473 civis,
1506 429 1663 479 paradisi
1682 434 2016 489 spectat01,Cluisti
2035 436 2110 474 fers
2115 451 2175 475 ens

1189 489 1338 530 amator,
1372 480 1609 518 ineffabilium
1649 484 1900 534 mysteriorum
1935 486 2087 536 auditor,
2112 489 2174 527 ubi

1189 532 1420 570 oeconomiam
1441 534 1651 585 exploravit·
1675 535 1854 573 inhorruit
1868 546 1901 574 et
1920 538 2071 589 caligine
2096 555 2175 591 pei-

1138 597 1163 626 1)
1186 585 1287 623 fusus
1306 594 1374 634 est3
1394 594 1427 623 et
1448 600 1511 625 vos
1530 585 1756 625 divinitatem
1775 589 1991 640 explicantes
2019 605 2088 629 non
2113 607 2174 631 ex·

1186 615 1415 676 horiescitis?
1432 638 1566 676 Paulus
1582 639 1721 691 judicia
1740 642 1807 678 Dei
1837 641 2100 694 investigabilia
2120 645 2174 682 di-

1187 690 1245 739 cit,
1276 700 1310 728 et
1333 699 1372 728 tu
1406 691 1521 729 Patris
1542 701 1705 730 naturam
1723 702 1763 730 ut
1793 672 2015 746 apprehensu
2033 697 2174 736 facilem

1187 744 1381 781 scrutaris?
1399 744 1560 795 Tempus
1581 753 1631 783 est
1660 754 1694 782 te
1712 760 1756 783 ει
1759 746 1897 795 mandi,
1920 757 1959 785 ut
1977 758 2123 786 moestus
2141 759 2175 788 te

1188 806 1370 834 convertas
1393 805 1514 834 contra
1534 797 1595 834 illa
1615 798 1824 847 ineffabilia,
1851 814 1930 850 quae
1963 809 2001 838 tu
2033 801 2171 840 dixisti.

1187 849 1376 896 Quomodo
1398 849 1514 901 Virgo
1533 851 1693 901 genuerit
1718 865 1787 889 non
1807 853 1912 900 nosti,
1936 862 1970 890 et
1991 854 2046 891 vis
2073 868 2176 894 nosse

1185 901 1362 952 quomodo
1389 903 1487 939 Deus
1518 903 1706 953 genuclit?
1724 904 1816 942 Eam
1840 919 1919 955 quae
1939 906 2006 943 sub
2034 907 2175 946 Herode

1186 954 1254 992 fuit
1270 954 1405 993 Christi
1423 954 1618 993 secundum
1633 970 1775 995 carnem
1786 971 1892 1009 gene1
1893 958 2062 1009 ationem,
2086 974 2171 1010 quo-

1185 1007 1293 1046 modo
1310 1021 1437 1066 nempe
1454 1008 1545 1045 facta
1564 1009 1624 1057 sit,
1644 1010 1805 1061 ignoras;
1817 1020 1851 1048 et
1871 1010 1971 1049 illam
1998 1025 2043 1049 ex
2070 1013 2175 1051 Patie

1184 1060 1259 1098 sine
1276 1074 1466 1112 princ1p10‚
1480 1061 1784 1113 inexplicabilem,
1805 1063 2045 1102 venerandam
2059 1074 2092 1102 et
2118 1066 2172 1104 in-

1184 1113 1376 1163 effabilem,
1396 1122 1476 1151 ante
1494 1127 1634 1151 omnem
1659 1115 1893 1166 intellectum,
1913 1126 1994 1155 ante
2013 1126 2173 1176 tempoia

1184 1175 1217 1203 et
1233 1166 1377 1213 saecula,
1395 1166 1470 1204 sine
1488 1166 1606 1204 medio
1632 1168 1773 1217 factam,
1801 1169 2025 1220 interpretari
2046 1171 2170 1222 audes,

1184 1228 1217 1256 et
1243 1219 1429 1271 explorare
1462 1219 1600 1256 tentas?
1629 1220 1667 1258 Si
1688 1221 1847 1259 Thomas
1876 1222 2011 1260 Christi
2042 1237 2171 1276 corpus

1184 1273 1399 1310 crucifixum
1416 1281 1637 1324 tangensnon
1655 1273 1730 1312 sine
1740 1274 2011 1326 repiehensione
2031 1277 2171 1325 mansit,

1134 1332 1158 1361 F
1184 1325 1248 1362 etsi
1263 1324 1442 1377 apostolus
1469 1333 1570 1373 esset,
1590 1339 1660 1376 quo
1681 1336 1763 1364 sunt
1778 1327 1953 1379 supplicio
1977 1328 2092 1380 digni,
2109 1330 2171 1379 qui

1184 1391 1255 1415 non
1267 1392 1374 1415 manu
1389 1377 1522 1415 Christi
1535 1392 1662 1429 corpus
1677 1388 1838 1430 tangunt,
1857 1379 1919 1417 sed
1934 1358 2056 1432 lingua
2071 1391 2170 1419 aeter—

1184 1443 1267 1467 nam
1291 1430 1492 1468 divinitatis
1525 1430 1600 1482 ejus
1630 1440 1796 1469 naturam
1815 1434 2047 1470 scrutantur?
2066 1434 2168 1472 Tho-

1184 1496 1259 1520 mas
1271 1483 1404 1535 quippe
1419 1482 1514 1533 quod
1529 1492 1630 1520 norat
1647 1498 1706 1521 cor
1708 1499 1775 1536 pus
1792 1485 1974 1537 tangebat3
1990 1486 2044 1524 illi
2060 1501 2171 1547 quam

1183 1548 1253 1572 non
1271 1544 1398 1573 norant
1417 1535 1657 1585 divinitatem,
1683 1551 1723 1574 ac
1751 1552 1779 1575 Sl
1813 1538 1986 1586 viderent,
2021 1540 2169 1578 sciutati

1184 1597 1277 1624 sunt
1299 1589 1378 1636 Dic,
1398 1602 1528 1638 quaeso,
1549 1594 1668 1639 glavis
1682 1598 1715 1627 et
1733 1591 1845 1642 perite
1860 1591 1981 1628 rhetor
1996 1592 2167 1651 Ειιιιοιιιί,

1183 1640 1247 1689 qui
1268 1640 1455 1692 tripliciter
1474 1640 1680 1679 dixinitates
1706 1652 1870 1680 natulam
1889 1643 2084 1695 dijudicas,
2107 1660 2169 1695 qul

1184 1706 1310 1744 parum
1324 1694 1422 1731 abest
1441 1693 1526 1752 quin
1543 1693 1650 1731 deos
1642 1703 1771 1732 iterum
1785 1696 1977 1747 confingas,
1998 1711 2062 1734 Cul
2074 1712 2169 1736 elea-

1182 1754 1275 1795 tum,
1296 1760 1366 1783 non
1398 1746 1558 1797 genitum
1581 1746 1764 1784 Christum
1798 1748 1918 1786 dicis.o
1936 1750 2002 1799 Ne,
2035 1749 2166 1800 inquit,

1182 1776 1304 1836 fluxiis
1326 1802 1499 1836 lationem
1533 1799 1697 1837 inmeatae
1724 1800 1793 1838 Dei
1813 1810 1948 1838 naturae
1979 1802 2164 1840 tiibuam:

1182 1860 1407 1901 generantem
1437 1851 1571 1903 quippe
1604 1867 1742 1890 necesse
1774 1863 1825 1891 cst
1859 1854 2000 1891 fluxum
2035 1856 2166 1894 subire

1183 1904 1280 1955 Ergo
1296 1904 1406 1941 etiam
1427 1914 1603 1942 creantem
1624 1919 1762 1943 necesse
1780 1916 1831 1944 est
1853 1907 1974 1944 subire
1992 1907 2094 1945 13])01
2087 1922 2165 1946 em.

78 1960 147 2001 ζει·
140 1987 149 2004 ,
169 1960 214 1996 Εἰ
232 1959 345 1998 τοίνυν
361 1962 424 2005 τῆς
439 1959 584 2011 ῥεύσεως
601 1962 731 1998 ἔννοιαν
748 1974 790 2010 ιρι)
794 1974 879 2011 γ(ι,)ν
894 1974 951 1996 τον
964 1959 1146 2022 Πατέρα
1121 1984 1150 2009 2
1153 1984 1168 2008 0
1182 1958 1275 1994 Nam
1295 1957 1356 2007 qui
1376 1965 1480 2005 ei'7eat
1500 1971 1570 1994 non
1590 1957 1663 1995 sine
1684 1957 1804 1996 labore
1830 1959 1950 1997 creat?
1971 1961 2009 1998 Si
2025 1974 2109 2012 eigo
2129 1971 2168 1999 ut

77 2011 222 2079 Πατέρα
242 2014 350 2050 εἰπεῖν
376 2027 524 2063 παραιτε
529 2018 577 2057 ῖς,
607 2029 695 2063 μητε
716 2010 925 2063 δηυιουργὸν
947 2010 1047 2049 αὐτὸν
1063 2012 1107 2049 εἴ-

77 2079 163 2114 πῃς,
188 2080 242 2102 ινα
271 2064 319 2115 μὴ
344 2064 458 2103 πόνων
475 2065 534 2102 καὶ
553 2065 707 2116 ἱδρώτων
722 2064 885 2102 ὑπόνοιαν
908 2064 1104 2130 επιρρίαῃς.

77 2115 168 2154 Αλλ’
190 2119 256 2169 οὐχ
272 2133 365 2164 οιαν,
383 2118 489 2182 φησὶ,
519 2117 619 2161 δόξαν
646 2133 727 2170 περι
756 2116 983 2168 ἀνθρώπιι)ν”
965 2133 1104 2169 εγομεν,

76 2169 239 2216 τοιαύτην
262 2186 322 2208 και
344 2170 424 2221 περὶ
444 2172 535 2209 Θεοῦ
557 2171 789 2221 ἐκλαμοάνειν
805 2170 1000 2221 ὀφείλομεν.
1025 2170 1104 2208 Ἄν-

77 2225 210 2304 θρωποι
225 2222 292 2275 γὰρ
304 2223 491 2269 κτίζοντες,
507 2223 603 2275 πόνῳ
614 2225 673 2262 καὶ
691 2225 812 2275 ἱδρῶτι
828 2222 999 2267 κτίζουσι·
1016 2223 1105 2267 Θεὸς

77 2290 113 2311 οε
132 2275 271 2320 κτίζων,
287 2275 423 2319 ἀπόνως
441 2275 566 2321 κτίζει·
588 2276 771 2319 ἀσύνθετος
788 2275 856 2327 γάρ
871 2278 946 2314 ἐστι
962 2275 1024 2322 τὴν
1044 2275 1105 2314 ὀύ-

77 2342 143 2366 σιν.
164 2328 266 2366 Ἐπεὶ
286 2332 360 2375 οὖν,
382 2345 410 2366 ω
406 2345 502 2396 σορε
519 2345 578 2367 και
600 2329 818 2396 ἐπιστημῶν,
838 2331 856 2366 6
874 2328 998 2372 κτίζων
1017 2329 1104 2371 Θεος

76 2379 184 2425 κτίζει
205 2380 353 2428 ἀπόνως,
358 2382 570 2446 ἀρρεόστως
587 2398 707 2435 γενναν
727 2384 764 2420 06
781 2380 886 2419 δύνατ
890 2397 937 2429 αι,
953 2382 1030 2420 ἀλλ’
1049 2380 1105 2419 ὅτε

78 2431 141 2482 μὲν
155 2433 279 2481 κτίζει,
297 2434 432 2477 ἀπόνως
448 2438 465 2472 6
479 2435 568 2478 Θεὸς
582 2435 711 2483 κτίζει,
726 2451 783 2473 οτε
799 2433 834 2471 83
846 2450 970 2486 γεννα,
991 2437 1037 2478 ὡς
1049 2434 1104 2472 ἄν·

78 2488 244 2536 θρωποςε
232 2486 396 2536 υποαένει
414 2490 548 2537 ρεῦσιν;
568 2503 627 2524 και
643 2489 893 2552 δημιουργῶν
888 2487 948 2524 μὲν
968 2487 1105 2533 ἀπαθὴς

79 2537 326 2588 μένει,γεννῶν
337 2539 372 2577 83
391 2538 596 2607 ἀνθρωπίνῳ
606 2540 809 2605 περιπίπτει
820 2538 935 2586 πάθας
945 2539 1103 2602 Φρίττω,

77 2605 135 2627 και
161 2591 280 2636 δεδιῶ,
301 2607 361 2629 και
380 2606 450 2642 τρει-
430 2590 499 2628 ’μω
518 2591 581 2638 τὴν
598 2593 823 2643 βλασφημον,
837 2590 900 2637 τὴν
915 2590 1104 2642 ἀθύρωτον,

76 2658 137 2688 την
159 2643 377 2707 ἀγαλίνωτον
403 2648 471 2682 τῶν
496 2647 676 2696 αἱρετικῶν
695 2646 869 2693 γλῶτταν,
891 2645 1027 2689 ἐννοῶν,
1049 2659 1101 2681 οτι

77 2694 290 2747 οἷ’,ῡθοίρτωςε
273 2712 294 2742 η
316 2696 525 2762 Παρθενος
506 2713 620 2742 ετεκε,
635 2696 858 2743 πιστεύουσι,
873 2712 934 2734 και
950 2695 1102 2740 ὁτιΘεος

76 2748 306 2799 ἀρρεόστως’
292 2765 306 2786 3
309 2749 483 2799 κέννησεν,
505 2749 794 2802 ἀωριῧάλλουσιν.
811 2748 857 2786 H
876 2749 1022 2800 ἄφθορος
1040 2764 1102 2795 της

75 2800 255 2865 Παρθένου
279 2818 397 2853 μητρα
415 2802 474 2840 καὶ
500 2787 588 2853 μετὰ
608 2803 648 2840 τὸ
665 2806 776 2840 τεκεῖν
807 2802 970 2845 ἄλυτος”
951 2816 1100 2852 εμεινεν,

75 2851 254 2903 ἄνθρωπε,
277 2870 336 2892 και
365 2858 386 2901 ἡ
412 2859 471 2892 τοῦ
494 2855 631 2907 Πατρος
650 2853 750 2907 φύσις
772 2856 806 2892 ἐν
826 2857 876 2891 τῶ
898 2869 1018 2906 γενναν
1039 2870 1101 2900 την

77 2907 190 2955 ῥεῦσιν
212 2909 249 2943 οὗ
262 2906 448 2973 διέφνηυγει
468 2908 558 2946 Ἀλλ’
575 2911 596 2953 ἡ
612 2906 790 2975 Παρθενος
808 2923 866 2944 και
889 2906 978 2957 μετὰ
992 2906 1031 2944 τὸ
1046 2922 1101 2943 τε-

75 2962 146 2994 κεῖν
161 2958 484 3009 παρθένοςέμεινεν,
497 2962 537 2998 ἐκ
550 2963 608 2998 τοῦ
622 2965 733 2997 τεκεῖν
748 2959 797 3010 μὴ
812 2945 1026 3010 ζημίωθεῖσα
1037 2959 1101 3005 τὴν

74 3011 283 3062 παρθενίαν·
314 3013 373 3050 καὶ
392 3015 410 3050 6
430 3012 556 3082 Πατηρ
581 3028 669 3063 μετα
700 3013 740 3050 τὸ
770 3015 944 3075 γεννῆσαι
959 3015 977 3049 6
1002 3012 1101 3054 αὐτὸς

75 3077 118 3127 μέ
104 3068 191 3100 εῖναι
211 3065 272 3101 οὐκ
297 3063 467 3111 ἠδύνατο,
486 3068 553 3133 ἀρρ
537 3065 678 3131 ῥεύστου
697 3081 756 3102 και
779 3063 1011 3102 ἀναλλοιωτου
1038 3079 1100 3109 της

74 3114 193 3157 οὐσίας
215 3116 403 3165 μενούσης;
430 3118 499 3156 Καὶ
522 3119 606 3156 ὅπου
629 3116 691 3167 μὲν
711 3117 810 3168 ὄγκος
831 3116 1010 3182 σιι3γματος,
1033 3131 1096 3166 με-

73 3168 178 3205 λῶν
162 3168 330 3219 αρμονία,
346 3169 474 3208 ὀστέων
494 3170 665 3219 σύνθεσις,
685 3172 814 3221 νευρῶν
829 3169 942 3217 τάξις,
962 3171 1008 3220 φλ
1011 3169 1099 3207 εὸῶν

1182 2009 1303 2047 fluxus
1336 2010 1508 2047 lationem
1534 2009 1685 2059 (lesnes,
1708 2013 1850 2049 Patrem
1867 2012 1984 2050 dicere
2010 2027 2166 2057 recusas,

1181 2075 1224 2099 ne
1242 2062 1443 2100 Cieatorem
1472 2062 1582 2110 dicas,
1601 2072 1639 2100 ut
1667 2077 1710 2101 ne
1737 2064 1902 2102 laborum
1929 2074 1962 2102 ct
1991 2065 2167 2104 sudorum

1181 2114 1417 2166 suspicionem
1437 2115 1589 2166 injicias.
1616 2115 1689 2153 Sed
1725 2130 1793 2154 non
1822 2117 1997 2165 eamdem,
2032 2118 2162 2168 inquit,

1179 2181 1286 2217 quam
1307 2168 1352 2205 de
1370 2168 1576 2206 hominibus
1596 2168 1767 2207 habemus
1787 2170 2007 2229 sententiam,
2027 2170 2071 2208 de
2090 2173 2166 2209 Deo

1178 2219 1349 2258 debemus
1378 2221 1521 2258 habere
1554 2221 1723 2259 Homines
1754 2223 1886 2275 quippe
1918 2237 2001 2260 cum
2035 2234 2164 2273 creant,

1179 2272 1254 2310 sine
1284 2274 1405 2311 labore
1425 2282 1458 2311 et
1489 2272 1617 2312 sud01e
1635 2284 1776 2323 creant3
1799 2277 1895 2313 Deus
1923 2289 2008 2313 xero
2031 2290 2164 2325 creans,

1179 2325 1253 2363 sine
1282 2326 1404 2364 labore
1436 2335 1556 2364 oleat:
1577 2336 1703 2364 natura
1743 2305 1874 2380 qilippe
1908 2329 2164 2381 incompositus

1179 2387 1242 2417 est
1254 2379 1380 2430 Igitur,
1397 2394 1417 2417 0
1431 2379 1589 2431 sophista
1615 2389 1647 2417 et
1661 2380 1813 2440 erudite3
1829 2383 1925 2419 Deus
1939 2395 2071 2429 creans,
2090 2383 2166 2420 sine

1178 2431 1300 2470 labore
1319 2442 1425 2481 meat,
1446 2446 1514 2469 non
1537 2441 1650 2484 potest
1675 2447 1759 2470 xero
1785 2434 1860 2470 sine
1887 2434 1988 2471 fluxu
2009 2435 2164 2486 gignere,

1178 2484 1240 2521 sed
1255 2484 1396 2535 quando
1410 2494 1516 2531 creat,
1530 2494 1569 2522 ut
1586 2486 1683 2523 Deus
1701 2486 1775 2523 sine
1787 2486 1908 2524 labore
1919 2487 2037 2524 creat?
2051 2502 2163 2562 quoan-

1178 2536 1225 2574 do
1250 2547 1369 2574 autem
1402 2537 1530 2596 gignit,
1561 2546 1599 2574 ut
1632 2538 1739 2576 homo
1770 2538 1911 2575 fluxum
1943 2539 2107 2598 patitur.⁰
2131 2549 2163 2577 et

1178 2603 1298 2627 cleans
1312 2590 1387 2627 sine
1403 2591 1565 2641 passione
1581 2599 1684 2635 creat,
1705 2590 1853 2641 gignens
1867 2606 1952 2630 veio
1972 2606 2007 2629 ιιι
2026 2592 2161 2644 passio-

1176 2655 1257 2679 nem
1286 2642 1413 2680 incidit
1432 2643 1652 2680 humanam.o
1674 2643 1917 2691 Exhorresco‚
1949 2645 2069 2690 timeo,
2093 2654 2162 2683 tre-

1177 2709 1248 2743 mo,
1265 2695 1526 2746 blasphemam,
1546 2695 1799 2747 impudentem,
1814 2706 1847 2734 et
1867 2674 2033 2735 effrenem
2050 2676 2163 2736 liaere-

1176 2748 1329 2807 ticorum
1347 2749 1508 2807 linguam
1521 2778 1532 2797 ,
1561 2748 1649 2786 dum
1675 2749 1803 2799 cogito,
1823 2750 1903 2788 illos
1923 2751 2064 2788 credere
2079 2751 2161 2800 qui-

1174 2800 1256 2838 dem
1266 2801 1312 2839 V
1304 2801 1453 2851 irginem
1463 2815 1538 2839 Sine
1550 2801 1777 2853 coriuptione
1791 2803 1980 2854 peperisse,
1998 2803 2060 2840 sed
2074 2817 2161 2841 num

1127 2857 1150 2886 B
1175 2855 1272 2891 Deus
1298 2867 1373 2891 sine
1400 2854 1504 2891 fluxu
1539 2855 1699 2905 genuerit
1733 2854 1909 2893 dubitare
1949 2857 2158 2907 Incorrupta

1175 2906 1338 2957 Virginis
1352 2906 1460 2944 vulva
1478 2916 1555 2958 post
1575 2916 1722 2958 partum
1744 2909 1880 2960 integra
1899 2908 2039 2955 mansit,
2054 2922 2074 2945 o
2093 2909 2159 2945 ho-

1174 2972 1246 2996 mo.
1267 2967 1300 2995 et
1317 2959 1431 2996 Patris
1442 2968 1567 2997 natura
1587 2972 1746 3011 gignens,
1762 2938 1904 2998 fluxum
1919 2975 1988 2998 non
2009 2939 2159 3011 effugit?

1174 3010 1243 3048 Sed
1260 3011 1374 3062 Virgo
1390 3021 1468 3064 post
1480 3021 1621 3063 partum
1636 3027 1740 3064 virgo
1754 3014 1897 3060 mansit,
1915 3028 1978 3051 nec
1996 3028 2041 3051 ex
2054 3021 2157 3065 paitu

1172 3063 1418 3114 virginitatem
1444 3064 1623 3116 perdidit;
1644 3066 1748 3103 Pater
1780 3080 1863 3104 vero
1892 3075 2119 3126 postquam„
2101 3079 2158 3101 oe-

1172 3117 1264 3165 nuit,
1279 3116 1374 3154 idem
1390 3131 1530 3155 manere
1548 3131 1616 3155 non
1637 3118 1764 3170 potuit,
1785 3119 1832 3156 ita
1847 3127 1885 3156 ut
1902 3120 1977 3170 ejus
1991 3118 2157 3155 substan-

1171 3169 1220 3206 tia
1239 3169 1314 3206 sine
1336 3169 1438 3207 ssuxu
1454 3179 1488 3208 et
1507 3171 1700 3209 mutatione
1719 3171 1915 3209 manserit?
1939 3171 1983 3207 Et
2003 3170 2062 3207 uhi
2082 3184 2158 3205 cor»

1131 2021 1154 2049 Α

119 3292 134 3315 b
159 3292 387 3333 [αἶ-κεπαέδευτος
411 3291 496 3327 Cod.
513 3293 616 3327 Savil.
633 3298 671 3327 ἴσ-
692 3295 894 3330 ἀννπεὺθυνος.
915 3292 992 3325 Mox
1020 3303 1080 3334 pro
1097 3298 1146 3326 καί
1162 3307 1193 3334 7³
1210 3291 1288 3326 fort.
1309 3294 1432 3334 καίτοι]
