2522 3683
148 791 237 819 Psal.
265 789 333 819 105.

147 831 198 862 35.

169 2946 277 2984 Ephes.
302 2942 333 2983 [1.

172 2997 218 3024 ¹7·
247 2985 292 3014 18.

171 3109 252 3137 leid.
271 3117 321 3137 20.

355 175 445 220 712

344 255 401 292 lus
411 254 486 291 sive
500 250 645 301 semina,
656 248 781 288 Simul
794 251 835 286 in
847 262 965 286 unum
985 248 1090 286 dives
1106 255 1142 285 et
1155 259 1323 297 pauper:

345 306 451 344 dietis
468 303 652 352 attendite,
663 316 781 353 quaeso
799 317 806 338 :
826 302 907 339 volo
919 300 1022 339 vobis
1039 299 1235 346 ostendere,
1249 312 1329 336 vos-

346 373 414 410 que
457 372 502 396 cx
529 356 636 394 sacris
669 354 866 406 Scripturis
897 353 1061 390 certiores
1104 352 1234 395 facere,
1257 364 1327 387 non

345 424 465 449 01111105
483 409 546 459 qui
575 407 768 446 Christiani
793 405 1031 458 appellantur,
1058 418 1130 441 esse
1154 403 1327 441 Christia—

345 478 428 511 nos;
448 462 508 499 sed
527 461 599 498 solo
630 474 771 497 nominc
799 458 1032 501 Christianos,
1054 456 1149 494 nuda
1169 456 1328 507 appella-

346 517 440 554 tione
459 514 586 565 decipi.
605 513 754 550 Nomine
770 509 964 547 Christiani
990 509 1093 546 multi
1113 518 1206 557 sunt,
1221 508 1327 545 mori-

346 569 414 606 bus
439 568 563 619 pauci;
581 565 704 602 habitu
727 563 827 613 quasi
847 562 1039 599 Christiani
1060 570 1093 598 et
1119 561 1251 598 Christi
1272 560 1327 598 di-

347 621 489 673 scipuli,
512 618 672 655 moribus
690 615 908 667 proditorcs;
929 614 1039 651 verbo
1059 613 1110 665 pii
1130 628 1172 651 ac
1190 613 1328 650 miseri-

347 673 479 719 cordes,
502 670 660 707 moribus
687 667 791 719 impii
817 675 850 703 et
873 665 1189 714 immisericordes,
1205 665 1328 717 appel-

346 727 475 764 latione
501 721 709 770 Christiani,
727 719 894 772 operibus
926 718 1070 767 ethnici,
1093 727 1131 755 ut
1163 717 1331 770 praedixit

348 778 518 831 propheta
539 773 660 813 David
681 789 688 808 :
712 773 921 810 Commirti
948 781 1037 810 sunt
1064 774 1164 808 inter
1182 779 1325 822 gentes,

346 840 383 868 et
407 831 626 866 didicerunt
653 839 768 877 opera
788 837 931 862 eorum.
952 826 1046 864 Vere
1068 823 1166 876 apud
1184 837 1247 861 1105
1262 823 1330 860 im—

346 883 441 935 pleta
462 890 513 919 cst
542 881 615 916 haee
643 878 841 931 prophetia.
858 878 956 924 Quot
976 876 1168 914 Christiani
1188 875 1330 914 Judaeo-

346 951 426 973 rum
442 933 697 986 gentiliumque
714 931 845 968 fabulis
865 929 1087 978 incumbunt,
1103 928 1330 980 genealogiis,

346 987 539 1029 vaticiniis,
560 984 731 1036 auguriis,
755 982 948 1033 veneficiis,
968 982 1210 1034 phylacteriis.
1239 981 1331 1017 111110

346 1040 609 1079 observationes
635 1037 775 1073 dierum
795 1045 828 1072 et
846 1048 1036 1083 annorum,
1070 1033 1240 1086 auspicia,
1276 1046 1330 1070 so-

347 1094 460 1143 mnia,
475 1092 599 1129 axium
612 1103 726 1127 voces.
738 1090 778 1125 In
787 1087 1113 1125 sontibuslucernas
1128 1085 1334 1138 appendunt

349 1146 495 1197 quidam
515 1153 546 1181 et
569 1158 603 1180 se
622 1143 784 1189 abluunt,
799 1149 832 1177 et
853 1153 1019 1176 occursus
1033 1139 1234 1183 abservant‚
1253 1137 1332 1174 ido-

350 1200 394 1237 lis
419 1197 600 1236 immolata
626 1193 830 1242 comedunt,
853 1201 886 1229 01
905 1192 1116 1242 sanguinem
1143 1190 1333 1228 suffocato-

351 1266 444 1299 rum,
462 1263 595 1287 necnon
609 1262 661 1295 ea,
673 1261 749 1297 quae
762 1246 806 1282 ab
821 1245 949 1283 avibus
966 1245 1117 1281 lacerata
1136 1252 1229 1291 sunt,
1241 1242 1334 1279 mul-

351 1314 457 1354 taque
477 1303 547 1340 alia
568 1301 623 1338 his
648 1299 790 1337 similia.
808 1297 999 1345 Quomodo
1031 1296 1226 1334 Christiani
1257 1294 1335 1332 exi—

352 1357 540 1394 stimentur
558 1353 619 1404 qui
631 1353 715 1390 talia
731 1351 863 1402 agunt?
878 1365 946 1401 qua
963 1349 1095 1387 fiducia
1109 1363 1145 1387 sc
1165 1348 1335 1386 Christia-

354 1423 417 1446 nos
455 1407 633 1460 appellare
669 1403 878 1442 audebunt?
909 1402 1087 1453 quomodo
1132 1401 1248 1439 ausint
1289 1400 1336 1438 acl

351 1462 475 1499 divina
495 1459 664 1512 mysteria
692 1456 865 1505 accedere,
885 1456 947 1507 qui
974 1456 1108 1507 pejores
1141 1463 1223 1492 sunt
1246 1468 1332 1504 gen-

352 1515 503 1552 tilibus?
527 1516 684 1550 Rursum
712 1510 856 1547 audite:
889 1517 973 1559 quot
998 1508 1191 1545 Christiani
1223 1507 1335 1558 genti-

352 1567 444 1605 lium
474 1565 597 1604 modos
627 1563 831 1611 imitantur,
856 1562 960 1598 facies
989 1574 1068 1598 suas
1096 1561 1332 1597 exterminan-
1351 1592 1380 1617 81

355 1629 425 1665 tes,
451 1617 738 1664 acclamationes,
761 1614 976 1659 saltationes,
991 1613 1136 1664 plausus
1164 1627 1335 1649 manuum
1357 1631 1382 1659 Α

356 1672 576 1718 adhibentes,
586 1669 655 1708 viri
666 1668 876 1704 muliebrem
891 1665 1074 1702 induentes
1086 1666 1244 1703 vestem?
1259 1666 1335 1702 Ta—

354 1725 404 1762 lia
424 1733 564 1775 agentes
586 1721 677 1759 nihil
690 1721 793 1771 juvat
814 1718 1033 1756 Christianos
1051 1718 1182 1755 vocari.
1203 1719 1336 1763 Quem-

356 1777 552 1815 admodum
584 1774 678 1812 enim
704 1772 823 1824 puella
854 1771 957 1821 virgo
981 1769 1091 1808 donec
1121 1779 1237 1808 servat
1265 1770 1337 1809 vir-

358 1830 556 1881 ginitatem,
574 1828 654 1879 jure
679 1840 719 1863 ac
743 1823 868 1861 merito
894 1826 996 1873 virgo
1018 1832 1178 1871 vocatur,
1204 1832 1236 1860 et
1266 1831 1335 1871 est;

357 1892 545 1935 postquam
566 1889 684 1917 autem
702 1877 748 1914 ab
768 1877 889 1926 aliquo
908 1876 1053 1926 decepta
1073 1884 1106 1912 et
1123 1875 1254 1914 violata
1272 1884 1337 1924 est,

356 1934 668 1986 virginitatemque
686 1928 855 1982 perdidit,
878 1942 946 1964 nou
969 1927 1123 1978 amplius
1141 1927 1243 1978 virgo
1263 1936 1314 1964 est
1331 1942 1339 1963 ε

358 1988 409 2025 510
426 1997 459 2024 01
478 1987 538 2037 qui
558 1993 704 2023 vocatur
724 1981 958 2028 Christianus,
976 1980 1005 2016 si
1023 1989 1127 2031 pacta
1146 1994 1209 2017 sua
1223 1980 1340 2019 viola—

357 2041 462 2083 verit,
490 2039 518 2076 si
543 2037 716 2089 promissa
742 2033 1013 2079 conculcaverit,
1035 2033 1210 2083 evangelii
1232 2033 1342 2072 verba

358 2091 571 2144 despexerit,
589 2088 843 2141 gentiliumque
872 2099 977 2137 opera
997 2085 1132 2134 fecerit,
1154 2099 1223 2123 non
1248 2086 1343 2122 ultra

358 2145 461 2183 debet
476 2144 593 2183 vocari
610 2141 846 2188 Christianus,
866 2147 905 2175 ut
917 2138 993 2189 jam
1009 2138 1180 2175 diximus.
1203 2138 1341 2175 Intelli-

359 2198 430 2250 gite
457 2198 567 2248 igitur
596 2209 735 2242 omnes,
758 2191 952 2238 carissimi,
972 2190 1094 2242 paucis
1119 2191 1191 2227 illis
1224 2190 1343 2228 verbis

359 2266 424 2288 nos
460 2249 595 2287 eunctis
622 2248 694 2285 illis
732 2243 1008 2291 abrenuntiasse,
1039 2257 1120 2280 cum
1146 2242 1307 2281 diximus
1331 2258 1338 2278 :

359 2303 580 2341 Abrenuntio
599 2310 742 2348 satana),
762 2307 794 2335 et
808 2296 972 2334 omnibus
987 2296 1154 2347 operibus
1169 2296 1254 2347 ejus.
1271 2297 1340 2333 Co-

360 2357 432 2408 gita
451 2355 538 2407 quid
568 2353 725 2391 dixeris:
744 2350 922 2388 Omnibus
952 2348 1119 2400 operibus
1147 2349 1222 2399 ejus
1238 2364 1245 2384 ε
1261 2347 1344 2386 vide

361 2424 442 2448 eum
458 2423 527 2459 quo
546 2416 647 2460 pacta
662 2404 782 2443 inieris
806 2418 813 2437 ι
833 2416 901 2440 11011
917 2415 999 2438 cum
1018 2401 1158 2452 angelo,
1172 2415 1241 2438 non
1261 2415 1343 2439 cum

360 2476 440 2513 rege
459 2471 609 2507 terreno,
630 2473 700 2496 non
720 2470 799 2496 cum
822 2454 978 2508 principe
996 2454 1115 2491 saeeuli
1131 2454 1258 2505 hujus3
1282 2453 1343 2491 sed

361 2529 443 2552 cum
457 2516 550 2564 Rege
563 2526 700 2563 regum,
710 2519 743 2548 et
757 2523 837 2548 cum
850 2507 1013 2558 Principe
1028 2507 1241 2558 principum.
1252 2507 1344 2544 Cum

362 2568 424 2604 illo
445 2576 568 2618 pactus
586 2580 632 2613 es,
652 2573 686 2601 et
702 2560 936 2615 spopondisti,
957 2569 989 2597 et
1007 2559 1138 2597 foedere
1150 2560 1295 2611 junctus
1310 2574 1345 2597 es

364 2634 480 2657 coram
500 2618 622 2656 multis
643 2617 792 2654 testibus
808 2630 815 2650 :
829 2614 903 2665 jam
921 2613 957 2649 in
977 2626 1084 2649 manu
1110 2613 1184 2664 ejus
1204 2627 1239 2650 05
1253 2621 1286 2649 et
1306 2621 1345 2649 tu

365 2681 397 2709 ct
413 2673 517 2709 xerba
541 2681 609 2708 tua.
624 2672 704 2709 ι111111
722 2668 900 2718 reliquum
919 2674 969 2702 est
986 2674 1024 2702 ut
1043 2674 1220 2718 exspectes
1242 2665 1345 2703 illum

366 2733 553 2763 venturum
569 2724 613 2760 de
632 2722 780 2769 010115,01
793 2720 996 2757 afferentem
1011 2718 1188 2755 rationum
1203 2727 1346 2755 tuarum

365 2777 570 2815 schedulam
589 2785 621 2812 et
641 2775 748 2813 verba
769 2774 840 2811 oris
860 2772 926 2819 tui,
944 2785 1062 2807 coram
1077 2770 1211 2821 angelis
1230 2779 1262 2807 et
1284 2771 1346 2808 ho-

366 2829 523 2867 minibus
548 2827 734 2865 recitanda.
756 2826 862 2875 Vide,
884 2824 1002 2871 frater,
1023 2832 1056 2861 et
1084 2837 1168 2862 cave
1182 2822 1347 2875 deinceps

367 2883 412 2919 ab
438 2882 602 2932 operibus
631 2880 826 2929 gentilium.
850 2876 978 2914 Audite
1003 2876 1203 2927 apostolum
1229 2876 1348 2913 dicen—

368 2944 437 2972 tem
455 2950 462 2970 :
481 2936 565 2970 lloe
577 2935 694 2983 igitur·
706 2934 849 2977 (1100,οι
866 2929 1049 2980 testificor
1061 2932 1102 2966 in
1112 2931 1294 2974 Domino,
1307 2937 1348 2966 ut

362 2990 449 3040 jam
464 3000 540 3023 non
563 2985 778 3030 ambuletis,
794 2987 892 3021 sieut
908 2990 942 3018 et
958 2990 1103 3019 caeteroe
1121 2990 1251 3033 gentes
1268 2995 1349 3018 [ιιηψ

371 3041 507 3077 balant
525 3041 565 3074 ιίι
584 3039 763 3074 vmzitate
784 3049 915 3072 sensus
935 3035 1009 3079 sni,
1030 3037 1194 3071 tenebris
1212 3036 1346 3071 obscu-

369 3102 497 3131 ratum
523 3092 706 3128 habentes
736 3089 986 3124 intellectum.
1005 3088 1078 3124 Vos
1111 3095 1240 3123 alitem
1271 3100 1349 3123 non

370 3149 426 3183 ita
449 3145 636 3182 didicistis
655 3142 861 3178 Clu-istum.
880 3137 992 3175 Dictis
1013 3138 1197 3186 attendite,
1214 3138 1348 3187 dilecti,

371 3208 403 3236 et
419 3212 460 3236 ne
474 3192 769 3235 commisceamini
792 3205 872 3228 cum
892 3191 950 3238 115,
967 3190 1028 3238 qui
1045 3191 1127 3227 talia
1145 3200 1346 3242 operantur.

415 3316 428 3329 a
453 3308 648 3347 ysvsaiomu
674 3300 727 3332 hie
750 3306 831 3342 puto
849 3297 1000 3339 imperite
1024 3297 1103 3339 poni
1119 3308 1180 3338 pro
1199 3301 1384 3338 γενεθλιαλο-

372 3362 453 3398 γίαις.
466 3351 727 3396 Genethlialogia
743 3358 854 3383 autem
866 3349 1067 3392 frequentius
1082 3359 1138 3390 per
1152 3352 1270 3390 γένεσιν,
1280 3349 1385 3380 tiene-

1333 165 1506 195 SPURIA.

1401 245 1519 297 μικροὶ
1547 246 1606 283 καὶ
1634 245 1798 296 μεγάλοι,
1828 245 1898 284 εἴτε
1925 246 2026 296 άρσεν
2057 243 2125 282 εἴτε
2141 246 2246 290 θ’ἧλυ,
2275 243 2359 282 Ἐπὶ
2375 245 2425 295 τῷ

1400 301 1494 350 αὐτῷ
1512 297 1674 342 πλούσιος
1692 298 1751 336 καὶ
1773 297 1896 344 πένης·
1915 297 2106 349 προσέχετε
2124 301 2194 340 τοῖς
2205 296 2403 347 λεγομένοις
2415 327 2424 344 ,

1398 353 1612 402 παρακαλῶ·
1633 351 1802 402 βούλομαι
1821 351 1887 402 γὰρ
1909 351 2085 394 ἀποδεῖξαι
2105 348 2164 386 καὶ
2196 350 2424 401 πληροφορῆ-

1399 418 1455 440 σαι
1472 405 1561 453 ὑμᾶς
1578 405 1617 440 ἐκ
1632 406 1701 441 τῶν
1721 403 1827 452 ἁγίων
1857 405 2021 454 Γραφῶν,
2037 405 2090 440 ὅτι
2109 403 2146 439 οὐ
2166 400 2293 445 πάντες
2312 404 2343 438 οἱ
2369 402 2424 438 λε-

1396 455 1536 505 γόμενοι
1557 457 1777 506 Χριστιανοὶ,
1795 455 1998 507 Χριστιανοί
2018 457 2115 502 εἰσιν,
2137 455 2224 491 ἀλλὰ
2255 453 2356 504 μόνον
2386 454 2426 491 τὸ

1397 508 1505 557 ὄνομα
1534 507 1742 558 καλούμενοι
1760 508 1963 559 Χριστιανοὶ
1984 510 2272 560 φρεναπατῶνται
2291 505 2349 544 ἐπὶ
2381 509 2423 555 τῆ

1396 561 1481 612 ψιλῇ
1499 560 1725 615 προσηγορίᾳ.
1741 563 1803 613 Τῷ
1820 561 1881 612 μὲν
1900 560 1992 612 λόγῳ
2010 560 2211 611 Χριστιανοὶ
2225 558 2359 604 πολλοὶ,
2375 561 2425 609 τῷ

1398 613 1433 651 δὲ
1454 613 1573 665 τρόπῳ
1606 615 1716 664 ὀλίγοι
1745 615 1804 650 καὶ
1833 613 1991 651 σπάνιοι·
2012 616 2062 666 τῷ
2092 612 2251 663 σχήματι
2272 614 2318 655 ὡς
2338 613 2423 658 Χρι-

1399 666 1531 704 στιανοὶ
1557 666 1615 703 καὶ
1630 670 1676 709 ὡς
1695 668 1845 717 Χριστοῦ
1864 665 2036 715 μαθηταὶ,
2057 667 2106 716 τῷ
2135 665 2170 703 δὲ
2188 665 2307 718 τρόπῳ
2333 656 2423 716 προ-

1400 718 1514 756 δόται·
1548 722 1597 770 τῷ
1626 719 1718 771 λόγῳ
1749 719 1897 761 εὐσεὸεῐς
1936 718 1995 756 καὶ
2025 716 2280 770 εὔσπλαγχνοι,
2307 720 2357 768 τῷ
2389 715 2423 754 δὲ

1399 770 1518 824 τρόπῳ
1539 773 1674 816 ἀσεδεῖς
1693 771 1752 810 καὶ
1770 771 1997 821 ἀνελεήμονες
2012 786 2019 793 ·
2041 773 2083 819 τῇ
2101 770 2315 823 προσηγορίᾳ
2330 770 2423 821 Χρι-

1402 824 1553 872 στιανοὶ,
1581 831 1652 867 τοῖς
1682 825 1717 862 δὲ
1752 823 1862 875 ἔργοις
1894 823 2040 871 ἐθνικοὶ,
2068 822 2182 866 καθὼς
2210 828 2374 874 προεῖπεν
2408 825 2426 859 ὁ

1401 876 1582 928 προφήτης
1601 877 1727 924 Δαυὶδ,
1747 876 1799 913 ὅτι
1819 875 2017 926 Ἐμίγησαν
2048 878 2080 913 ἐν
2112 882 2183 919 τοῖς
2215 876 2347 923 ἔθνεσι,
2368 874 2428 912 καὶ

1402 928 1530 978 ἔμαθον
1547 931 1589 967 τὰ
1618 930 1702 982 ἔργα
1737 930 1861 966 αὐτῶν.
1886 929 1955 966 Καὶ
1983 931 2120 974 ἀληθῶς
2143 931 2176 966 ἐν
2207 932 2290 978 ἡμῖν
2319 930 2427 975 ἐπλη-

1405 980 1497 1031 ρώθη
1519 985 1539 1028 ἠ
1564 982 1759 1034 προφητεία
1792 981 1893 1027 αὕτη.
1915 981 2075 1019 Ποταποὶ
2107 980 2308 1033 Χριστιανοὶ
2335 981 2428 1018 Ἴου-

1404 1034 1533 1076 δαϊκοῖς
1552 1036 1610 1072 καὶ
1630 1034 1849 1079 Ἑλληνικοῖς
1867 1034 2096 1085 προσέχοντες
2113 1034 2248 1084 μύθοις,
2266 1033 2325 1071 καὶ
2344 1039 2357 1054 ²¹
2374 1049 2429 1084 γε·

1403 1086 1616 1137 νεαλογίαις,
1649 1087 1708 1123 καὶ
1748 1086 1943 1136 μαντείαις,
1978 1087 2038 1124 καὶ
2077 1086 2337 1140 ἀστρολογίαις,
2371 1086 2430 1123 καὶ

1404 1138 1655 1189 φαρμακείαις,
1690 1138 1749 1176 καὶ
1778 1137 2043 1189 φυλακτηρίοις·
2078 1139 2138 1175 καὶ
2166 1138 2429 1190 παρατηρήσεις

1405 1193 1545 1243 ἡμερῶν
1564 1191 1623 1229 καὶ
1653 1193 1833 1238 ἐνιαυτῶν,
1855 1189 2107 1241 κληδονισμοὺς
2134 1191 2192 1228 καὶ
2213 1191 2348 1244 ὄνειρα,
2371 1191 2430 1228 καὶ

1405 1243 1531 1296 ὀρνέων
1554 1243 1686 1296 φωνάς·
1707 1243 1766 1281 καὶ
1790 1245 1823 1280 ἐν
1844 1249 1974 1293 πηγαῖς
1993 1243 2137 1294 λύχνους
2172 1244 2339 1287 ἅπτοντες
2369 1244 2429 1281 καὶ

1406 1296 1674 1347 ἀπολουόμενοι,
1691 1296 1751 1334 καὶ
1768 1296 2016 1346 συναντήματα
2032 1295 2355 1348 παρατηρούμενοι,
2371 1296 2430 1333 καὶ

1406 1349 1628 1387 εἰδωλόθυτον
1651 1348 1837 1393 ἐσθίοντες,
1858 1349 1917 1386 καὶ
1938 1343 2025 1399 αἷμα
2054 1352 2207 1386 πνικτῶν
2232 1350 2290 1387 καὶ
2310 1354 2430 1400 θηρια-

1405 1401 1539 1450 λώτων,
1559 1403 1617 1440 καὶ
1637 1401 1898 1454 ὂρνεοπάτακτα
1912 1430 1921 1446 ,
1950 1401 2008 1439 καὶ
2031 1401 2145 1439 πολλὰ
2170 1400 2271 1453 ἕτερα
2298 1402 2428 1440 τούτων

1405 1453 1533 1505 ὅμοια;
1554 1457 1637 1498 Πῶς
1660 1453 1862 1505 Χριστιανοὶ
1881 1457 2063 1505 εὑρεθῶσιν
2095 1456 2125 1491 οἱ
2152 1459 2295 1492 τοιαῦτα
2316 1456 2429 1507 πράσ-

1407 1522 1541 1555 σοντες;
1562 1507 1646 1560 ποίᾳ
1668 1508 1703 1546 δὲ
1730 1506 1909 1558 παρρησίᾳ
1927 1508 2102 1556 τολμῶσιν
2137 1507 2274 1550 ἑαυτοὺς
2301 1509 2428 1559 ὀνομά-

1407 1562 1474 1604 ζειν
1496 1559 1743 1612 Χριστιανούς,
1769 1561 1844 1602 πῶς
1874 1559 1908 1596 δὲ
1938 1560 2095 1609 τολμῶσι
2124 1561 2324 1610 προσελθεῖν
2359 1570 2431 1606 τοῖς

1407 1612 1508 1656 θείοις
1533 1612 1734 1663 μυστηρίοις
1767 1615 1798 1650 οἱ
1831 1612 1984 1663 χείρονες
2012 1614 2079 1648 τῶν
2111 1611 2289 1659 Ἑλλήνων
2320 1615 2430 1666 ὑπάρ-

1406 1681 1547 1716 χοντες,
1574 1666 1686 1703 Πάλιν
1713 1664 1894 1711 ἀκούσατε,
1923 1663 2074 1701 ποταποὶ
2093 1665 2295 1716 Χριστιανοὶ
2322 1668 2353 1703 οἱ
2387 1668 2431 1706 τὰ

1406 1721 1475 1755 τῶν
1491 1719 1596 1755 ἐθνῶν
1613 1718 1782 1769 σχήματα
1797 1721 1993 1764 ποιοῦντες,
2012 1716 2204 1768 ἀφανισμὸν
2220 1718 2430 1769 προσώπων,

1407 1769 1429 1816 ἢ
1451 1770 1691 1822 ἐπιφωνήσεις,
1710 1769 1731 1815 ἢ
1752 1769 1914 1821 ὀρχήσεις
1927 1799 1936 1816 ,
1956 1768 1978 1814 ἢ
1995 1768 2135 1820 κρότους
2155 1774 2295 1823 χειρῶν,
2314 1771 2336 1818 ἢ
2354 1788 2432 1811 στο-

1408 1823 1532 1873 λισμὸν
1549 1826 1721 1874 γυναικῶν
1739 1823 1773 1859 ἐν
1794 1821 1959 1874 ἀνδράσι;
1978 1823 2061 1865 Τοῖς
2079 1821 2124 1859 τὰ
2151 1829 2294 1862 τοιαῦτα
2317 1825 2430 1878 πράτ-

1409 1890 1506 1913 τουσι
1532 1875 1625 1914 οὐδὲν
1643 1875 1763 1927 ὄφελος
1781 1873 1820 1911 τὸ
1845 1874 2005 1923 λέγεσθαι
2041 1874 2164 1917 αὐτοὺς
2191 1877 2433 1928 Χριστιανούς.

1408 1928 1549 1979 ςΏσπερ
1568 1927 1635 1980 γὰρ
1651 1931 1673 1973 ἡ
1686 1926 1772 1980 κόρη
1792 1925 1814 1972 ἢ
1835 1927 2019 1979 παρθένος,
2037 1927 2100 1970 ἕως
2114 1927 2169 1965 ὅτε
2185 1928 2353 1980 φυλάσσει
2370 1930 2432 1977 τὴν

1409 1980 1599 2033 παρθενίαν
1631 1982 1760 2028 αὐτῆς,
1778 1979 1926 2030 εὐλόγως
1955 1979 2014 2016 καὶ
2047 1979 2149 2023 ἀξίως
2182 1981 2349 2034 παρθένος
2368 1998 2434 2020 κα-

1410 2035 1541 2080 λεῖται,
1559 2032 1617 2070 καὶ
1644 2033 1738 2070 ἔστιν
1755 2048 1762 2055 ·
1781 2032 1866 2070 ἐπὰν
1889 2032 1923 2069 δὲ
1951 2032 2114 2084 ἄπατηθῇ
2143 2033 2210 2071 ὑπὸ
2238 2034 2350 2079 τινὸς,
2373 2035 2434 2072 καὶ

1412 2090 1546 2139 φθαρῇ,
1563 2085 1622 2123 καὶ
1636 2085 1700 2131 τὴν
1716 2084 1904 2137 παρθενίαν
1925 2085 2097 2137 ἀπολέσῃ,
2118 2087 2179 2123 οὐκ
2200 2085 2252 2123 ἔτι
2264 2088 2436 2139 Ίπαρθένος

1413 2138 1524 2177 ἐστίν·
1552 2138 1643 2176 οὕτω
1673 2138 1732 2176 καὶ
1768 2140 1785 2174 ὃ
1815 2137 2025 2187 καλούμενος
2054 2139 2259 2189 Χριστιανὸς
2286 2139 2346 2177 ἐὰν
2376 2140 2436 2183 τὰς

1412 2190 1585 2237 συνθήκας
1608 2192 1752 2242 παραδῇ
1766 2221 1776 2238 ,
1790 2191 1849 2227 καὶ
1871 2190 1933 2232 τὰς
1959 2190 2166 2240 ἐπαγγελίας
2182 2193 2436 2240 καταπατήση,

1413 2244 1544 2281 καὶτὸν
1566 2242 1667 2294 λόγον
1695 2247 1754 2280 τοῦ
1784 2242 1983 2293 εὐαγγελίου
1999 2243 2175 2291 ἀθετήσῃ,
2203 2244 2262 2281 καὶ
2290 2244 2335 2282 τὰ
2367 2235 2436 2283 τῶν

1415 2298 1517 2334 ἐθνῶν
1538 2295 1675 2348 πράττῃ
1687 2324 1695 2340 ,
1716 2296 1809 2333 οὐδὲν
1828 2294 1946 2346 ὄφελος
1964 2295 2003 2332 τὸ
2030 2297 2210 2333 καλεῖσθαι
2226 2297 2327 2335 αὐτὸν
2344 2298 2436 2348 Χρι-

1416 2349 1566 2396 στιανὸν,
1602 2348 1715 2391 καθὼς
1748 2346 1966 2400 προείρηται.
2006 2347 2134 2385 Σύνετε
2177 2341 2234 2386 οὖν
2266 2349 2437 2397 ἅπαντες,

1416 2400 1681 2452 ἀγαπητοὶ,ὁ’τι
1705 2402 1746 2438 δι’
1779 2399 1902 2451 ὀλίγων
1939 2400 2106 2452 ῥημάτων
2138 2401 2268 2438 ἅπασιν
2297 2402 2438 2445 ἐκείνοις

1417 2453 1665 2503 ἀπεταξάμεθα
1681 2453 1838 2504 λέγοντες
1853 2468 1860 2475 ·
1879 2452 2124 2503 ἀποτάσσομαι
2141 2455 2190 2505 τῷ
2211 2461 2344 2506 σατανᾷ
2356 2485 2365 2502 ,
2380 2455 2438 2492 καὶ

1416 2514 1504 2544 πᾶσι
1523 2512 1593 2549 τοῖς
1611 2506 1721 2559 ἔργοις
1747 2508 1862 2544 αὐτοῦ.
1878 2505 2064 2551 Ἐννόησον
2079 2505 2113 2543 τί
2130 2500 2223 2550 εἶπες
2236 2535 2245 2552 ,
2263 2513 2351 2544 πᾶσι
2369 2514 2440 2550 τοῖς

1417 2559 1529 2610 ἔργοις
1549 2561 1651 2597 αὐτοῦ
1668 2575 1676 2582 ·
1706 2559 1812 2610 βλέπε
1840 2557 1907 2595 τίνι
1937 2557 2075 2596 συνέθου
2092 2587 2101 2604 ,
2131 2561 2192 2596 οὐκ
2221 2559 2375 2610 ἀγγέλω,
2403 2562 2440 2598 οὖ

1419 2614 1556 2664 βασιλεῖ
1591 2611 1750 2664 ἐπιγείῳ,
1785 2613 1846 2649 οὐκ
1877 2610 2020 2662 ἄρχοντι
2050 2615 2108 2648 τοῦ
2141 2613 2265 2655 αἰῶνος
2296 2599 2439 2659 τοῧτου,

1418 2665 1508 2703 ἀλλὰ
1523 2667 1572 2716 τῷ
1598 2666 1735 2716 βασιλεῖ
1762 2667 1829 2702 τῶν
1850 2662 2099 2714 βασιλευόντων
2123 2664 2181 2700 καὶ
2203 2664 2344 2717 ἄρχον-τι
2373 2667 2440 2702 τῶν

1418 2717 1595 2770 ἀρχόντων
1610 2734 1617 2741 ·
1638 2720 1731 2770 αὐτῷ
1752 2716 1890 2755 συνέθου
1916 2716 1974 2752 καὶ
1997 2715 2228 2766 ὡμολόγησας
2243 2746 2252 2763 ,
2265 2709 2330 2754 ’καὶ
2355 2732 2438 2754 συν-

1418 2771 1527 2814 ετάξω
1543 2770 1599 2808 ἐπὶ
1614 2772 1751 2808 πολλῶν
1774 2767 1975 2821 μαρτύρων·
1988 2768 2106 2806 λοιπὸν
2122 2770 2156 2805 ἐν
2171 2772 2213 2820 τῇ
2227 2769 2319 2821 χειρὶ
2337 2772 2440 2807 αὐτοῦ

1419 2823 1478 2860 καὶ
1495 2823 1535 2860 σὺ
1555 2823 1615 2859 καὶ
1635 2825 1665 2860 οἱ
1687 2822 1783 2873 λόγοι
1803 2837 1874 2859 σου.
1895 2821 1946 2858 Τὸ
1975 2821 2093 2857 λοιπὸν
2127 2814 2320 2874 προσδέχου
2337 2822 2440 2859 αὐτὸν

1420 2875 1604 2927 ἐρχόμενον
1624 2877 1662 2912 ἐκ
1678 2878 1745 2912 τῶν
1760 2876 1910 2927 οὐρανῶν
1926 2873 2170 2925 ἐπιφερόμενόν
2192 2870 2252 2911 σου
2267 2866 2306 2911 τὸ
2321 2889 2442 2924 γραμ-

1422 2935 1575 2978 ματεῖον,
1593 2927 1636 2964 τὰ
1654 2927 1794 2979 ῥήματα
1809 2929 1847 2963 ἐκ
1864 2929 1922 2963 τοῦ
1939 2925 2110 2975 στόματός
2131 2941 2190 2964 σου
2215 2926 2271 2964 ἐπὶ
2288 2926 2443 2976 ἀγγέλων

1422 2980 1482 3018 καί
1509 2978 1842 3032 ἀνθρώπο1ν.“ορα,
1870 2977 2015 3029 ἀδελφὲ,
2034 2982 2092 3015 καὶ
2113 2978 2259 3030 φύλαξον
2285 2982 2343 3015 τοῦ
2374 2979 2444 3016 λοι-

1422 3037 1487 3071 ποῧ
1524 3036 1593 3071 ἀπὸ
1629 3035 1697 3070 τῶν
1731 3033 1871 3070 ἐθνικῶν
1912 3030 2143 3084 πραγμάτων.
2172 3030 2355 3069 Ἀκούσατε
2385 3035 2445 3068 τοῦ

1423 3085 1616 3124 ἀποστόλου
1631 3084 1802 3134 λέγοντος·
1824 3085 1936 3120 Τοῦτο
1952 3087 2008 3119 οὖν
2025 3083 2133 3133 λέγω,
2149 3083 2207 3120 καὶ
2222 3082 2445 3133 μαρτύρομαι

1423 3140 1457 3175 ἐν
1487 3137 1623 3190 Κυρίῳ,
1655 3137 1779 3187 μηκέτι
1808 3138 1897 3186 ὑμᾶς
1929 3142 2146 3187 περιπατεῖν,
2174 3135 2289 3178 καθὼς
2317 3134 2376 3171 καὶ
2400 3133 2445 3171 τὰ

1423 3189 1530 3228 λοιπὰ
1545 3190 1623 3236 ἔθνη
1651 3195 1837 3240 περιπατεῖ
1859 3191 1892 3226 ἐν
1911 3187 2119 3238 ματαιότητι
2145 3191 2203 3226 τοῦ
2234 3192 2291 3226 νοῦ
2318 3188 2443 3233 αὐτῶν,

1447 3298 1522 3337 sim,
1538 3296 1744 3339 exprimitur.
