2522 3683
119 617 198 644 Joan
215 617 303 655 9⁷35.

125 1570 203 1598 [bid.
223 1577 246 1598 1.
264 1577 290 1597 1.

137 2512 319 2551 11,1'd.9.36.

142 2818 222 2847 Ibid.
236 2829 264 2846 v.
274 2818 325 2858 37.

316 174 408 237 690

316 271 399 309 cilio
434 268 720 321 malignantium.
739 269 790 304 Ae
824 265 1036 317 vide,quid
1067 266 1140 304 fiat.
1173 265 1296 303 Postea

315 338 422 374 quani
438 324 573 360 bonum
594 330 767 359 certamen
787 319 934 358 certavit
948 349 958 367 ‚
982 319 1048 357 Dei
1065 317 1216 369 gloriam
1236 316 1298 354 de-

315 376 446 423 fendit,
468 389 509 414 ac
528 375 638 413 multa
659 388 741 412 cum
760 372 890 410 fiducia
909 371 1120 422 dicendique
1137 371 1300 408 libertate

316 429 536 467 salvatorem
556 428 732 466 confessus
751 434 822 475 est3
837 426 913 475 jam
941 424 1113 461 absolutis
1137 423 1299 461 certami-

316 495 403 519 num
420 495 568 519 suorum
583 477 805 532 spectaculis,
826 478 920 514 foras
936 477 1066 527 eJ'ectus
1083 485 1133 514 est
1149 476 1299 522 athleta,

318 548 443 572 corona
470 534 617 571 mininie
635 540 797 582 accepta,
828 538 861 567 ct
887 528 972 566 soris
991 528 1047 565 illi
1072 529 1300 581 praemiorum

318 587 471 624 occurrit
484 586 707 623 distributor.
723 582 891 620 Audivit
909 581 1015 629 enim,
1032 581 1160 631 inquit,
1169 582 1297 627 Jesus,

318 643 412 692 quia
431 642 621 691 ejecerunt
655 636 868 688 enmsoras
887 649 897 669 :
916 642 952 671 et
980 647 1067 671 cum
1096 636 1302 671 invenisset

318 706 402 729 eum
415 722 422 733 ‚
461 693 552 728 dicit
580 692 627 727 ei.
661 691 692 727 O
730 687 880 725 verbum
914 685 1129 735 notandum,
1162 685 1303 724 Invenit

319 743 421 782 euni!
446 757 549 793 quein
571 741 727 794 perdidit
748 754 867 787 error,
901 739 1032 776 veritas
1062 738 1208 776 invenit.
1230 738 1304 775 Cur

318 806 435 834 autem
457 796 591 833 occurit
611 795 692 832 illi?
715 793 815 832 Vidit
830 791 995 831 Salvator
1010 791 1164 829 animam
1182 790 1302 842 probi-

319 849 400 887 tatis
418 849 557 900 plenam
575 847 689 887 :vidit
708 846 862 884 animam
885 858 947 895 pro
967 846 1042 882 Deo
1063 844 1172 883 verba
1191 843 1305 880 facere

318 901 476 940 nondum
496 901 661 938 scientem
677 931 686 947 ,
707 898 767 937 sed
783 913 848 951 pro
867 896 963 934 fideli
993 897 1113 947 aliquo
1132 896 1304 949 propheta

319 970 355 992 se
393 954 487 1006 loqui
521 954 783 991 existimantem
815 967 822 987 :
854 950 1092 1001 interrogatur
1129 946 1223 986 enim
1261 947 1306 985 de

320 1008 473 1045 Christo.
488 1007 534 1044 Et
553 1007 639 1057 quid
655 1006 699 1043 de
718 1006 779 1042 illo
798 1003 913 1041 dicit?
939 1003 1030 1048 Quia
1047 1001 1217 1053 propheta
1235 1009 1304 1047 est,

319 1061 484 1099 Salvator
498 1069 615 1097 autem
633 1059 709 1095 lioec
718 1058 784 1094 ait:
798 1057 850 1101 51,
862 1069 943 1092 cum
956 1069 1012 1092 me
1026 1055 1234 1106 prophetam
1249 1066 1308 1090 ar-

319 1113 355 1150 bi
365 1123 490 1157 tratur,
507 1121 539 1149 et
554 1111 732 1148 bominem
749 1123 822 1147 esse
835 1107 1051 1158 suspicatur,
1069 1109 1115 1143 ita
1132 1105 1305 1151 decertat,

321 1165 409 1216 quid
427 1180 492 1202 non
510 1164 632 1211 faciet,
654 1164 682 1201 si
698 1162 848 1213 gloriam
861 1159 1060 1197 divinitatis
1075 1157 1307 1209 cognoverit?

321 1219 361 1256 Si
383 1233 463 1255 cum
483 1218 662 1254 hominem
688 1230 761 1253 csse
782 1228 838 1251 me
863 1221 999 1260 censet,
1026 1225 1067 1249 ac
1097 1210 1307 1263 prophetam

322 1271 477 1323 appellat
491 1301 500 1317 ,
515 1279 651 1308 tantum
666 1267 803 1307 veritati
819 1265 1020 1304 subsidium
1035 1264 1130 1313 tulit,
1144 1272 1306 1300 tantum-

322 1338 391 1374 que
424 1332 598 1361 certamen
627 1321 779 1373 suscepit
818 1318 974 1357 nondum
1014 1316 1098 1354 fidei
1128 1315 1308 1354 elementis

322 1376 503 1424 imbutus,
526 1375 587 1413 sed
622 1375 696 1413 solo
722 1372 895 1411 beneficio
924 1369 1147 1408 illuminatus
1168 1385 1175 1405 ε
1194 1368 1308 1419 cogita

323 1443 386 1466 cur
404 1429 585 1467 hominem
614 1437 740 1480 putans
768 1440 804 1464 se
822 1423 1020 1478 patrocinio
1042 1422 1151 1467 tueri,
1171 1436 1191 1458 a
1209 1421 1307 1460 veri—

325 1490 394 1519 tate
408 1496 475 1520 non
493 1481 696 1530 deflexerit3
714 1480 742 1518 si
759 1477 954 1517 secundum
969 1475 1192 1526 evangelium
1210 1473 1310 1511 effari

324 1534 516 1573 didicerit:
537 1537 586 1571 In
608 1535 798 1586 principio
828 1539 913 1568 erat
946 1531 1132 1574 Verbum,
1156 1535 1192 1564 et
1220 1528 1310 1563 Ver-

327 1590 415 1625 bum
444 1597 527 1625 erat
548 1589 653 1639 apud
677 1588 818 1631 Deum,
837 1593 873 1621 et
891 1584 994 1620 Deus
1014 1589 1097 1618 erat
1117 1581 1282 1616 Verbum
1292 1595 1308 1625 ;

325 1641 414 1692 quid
435 1640 577 1678 tandem
596 1639 685 1677 erit?
706 1640 894 1689 Propterea
912 1634 1077 1685 deinceps
1097 1633 1172 1683 ejus
1191 1631 1308 1669 scien—

325 1694 411 1731 tiam
428 1693 592 1743 corrigit,
613 1693 757 1744 cjusque
775 1688 963 1727 certamine
982 1685 1182 1723 collaudato
1202 1683 1311 1721 fidem

325 1746 438 1798 ipsius
466 1746 640 1796 obsignat.
675 1742 841 1781 Occurrit
860 1741 891 1778 ei
913 1739 1078 1777 Salvator
1099 1753 1106 1774 :
1125 1751 1192 1774 non
1216 1737 1310 1774 enim

326 1814 406 1836 eum
426 1797 470 1835 (16
486 1799 572 1835 sacie
587 1806 732 1835 noverat
747 1796 821 1832 istc.
841 1791 994 1840 Quando
1006 1791 1100 1828 enim
1117 1789 1213 1827 misit
1228 1803 1309 1826 eum

327 1851 375 1889 ad
395 1851 529 1889 Siloam
548 1849 757 1887 natatoriam
779 1856 817 1884 ut
839 1847 993 1892 lavaret,
1023 1856 1154 1880 caecum
1182 1842 1279 1879 misit
1300 1857 1308 1877 ε

328 1914 368 1942 ut
394 1913 513 1941 autem
540 1902 664 1941 videns
693 1901 819 1948 rediit,
856 1898 1076 1936 Salvatorem
1097 1908 1177 1931 cum
1205 1894 1310 1931 turba

328 1957 484 1994 mixtum
499 1970 565 1992 non
576 1954 780 2007 aspexit3ac
796 1950 978 1989 confestim
989 1957 1176 1998 autequam
1188 1946 1311 1984 Domi-

328 2023 415 2046 num
434 2017 608 2055 cerneret,
642 2007 687 2044 ad
720 2014 894 2043 certamen
925 2010 1072 2040 vocatus
1105 1999 1308 2037 decertavit.

328 2063 438 2099 Porro
470 2061 586 2098 lutum
611 2059 692 2097 fecit
725 2057 925 2104 Dominus,
956 2063 1146 2104 antequam
1176 2052 1311 2089 lavaret

328 2114 403 2166 ipse
414 2145 423 2162 ‚
441 2123 544 2164 atque
566 2112 708 2150 inunxit
727 2111 849 2148 oculos
869 2109 964 2160 ejus7
984 2116 1022 2144 ut
1041 2106 1218 2143 defectum
1235 2119 1310 2142 sar-

329 2167 427 2205 ciret.
454 2165 605 2212 Quando
637 2165 747 2216 igitur
771 2169 946 2216 ejecerunt
973 2173 1054 2197 eum
1079 2159 1194 2207 10ιέ15,
1228 2172 1310 2195 cum

329 2219 520 2258 invenisset
540 2233 621 2256 eum
644 2217 823 2265 Christus,
852 2214 947 2252 dixit
976 2213 1006 2250 ei
1025 2227 1033 2248 τ
1052 2213 1084 2249 T
1085 2225 1108 2248 ιι
1127 2211 1249 2248 credis
1270 2212 1311 2247 in

330 2273 477 2310 Filium
507 2274 611 2309 Dei?
629 2272 707 2308 Non
737 2270 831 2307 enim
860 2277 892 2305 te
917 2265 1057 2303 credere
1086 2272 1242 2315 oportet,
1272 2271 1311 2300 ut

330 2325 512 2377 prophetae
533 2322 748 2369 decertanti,
778 2320 838 2359 sed
859 2329 898 2358 ut
922 2318 1014 2356 Filio
1042 2317 1123 2354 Dei.
1142 2315 1208 2352 Ille
1229 2329 1310 2352 cum

329 2378 455 2415 faciem
474 2392 542 2416 non
563 2386 696 2425 nosset,
718 2388 841 2413 vocem
869 2370 1026 2424 agnovit.
1054 2371 1109 2407 Τιι
1132 2368 1254 2406 credis
1271 2370 1312 2404 in

332 2432 481 2468 Filium
510 2433 612 2468 Dei?
629 2429 754 2479 inquit.
775 2429 911 2466 Vocem
936 2422 1103 2475 agnovit,
1126 2430 1159 2459 et
1175 2434 1312 2458 summa

334 2498 413 2521 cum
446 2484 564 2521 laetitia
597 2482 782 2527 clamavit,
819 2481 912 2530 Quis
942 2485 1018 2522 est,
1053 2476 1240 2519 Domine,
1272 2481 1312 2510 ιιε

335 2538 488 2574 credam
509 2539 551 2573 in
571 2539 680 2573 etun?
700 2535 773 2571 Cur
801 2531 916 2570 credis
938 2527 1068 2567 dicenti
1098 2527 1164 2564 tibi
1183 2525 1281 2563 fideli
1304 2540 1311 2561 :

342 2591 396 2626 Τιι
423 2590 544 2626 credis
564 2591 606 2625 in
631 2588 779 2625 Filium
801 2587 900 2623 Dei?
937 2582 1020 2620 Scio
1050 2593 1176 2619 verum
1212 2587 1311 2615 tuum

337 2655 408 2678 esse
430 2655 643 2689 εει-1110116111,
662 2654 702 2677 ac
725 2639 806 2676 licet
824 2638 916 2675 lianc
935 2633 1025 2672 mihi
1046 2642 1082 2670 tu
1104 2632 1166 2669 des
1193 2631 1314 2682 cogni-

337 2693 466 2730 tionem
480 2724 488 2739 ,
505 2708 571 2730 non
588 2693 760 2730 dubitabo
776 2700 890 2728 tamen
907 2687 973 2725 tibi
987 2685 1140 2724 credere.
1161 2684 1214 2721 Et
1229 2685 1315 2735 quis

337 2754 412 2791 est,
438 2747 624 2792 Domine,
655 2754 696 2782 ut
716 2744 871 2782 credam
896 2744 938 2778 in
964 2742 1079 2777 eum?
1103 2737 1201 2774 Tum
1219 2736 1315 2773 futu-

339 2811 459 2835 rorum
479 2798 638 2848 provisor
668 2795 874 2848 respondit:
895 2795 949 2831 Ec
974 2792 1110 2829 vidisti
1137 2803 1244 2837 eum,
1280 2797 1316 2826 et

340 2853 407 2902 qui
427 2851 596 2900 loquitur
617 2859 759 2897 tecum,
784 2851 864 2900 ipse
888 2854 957 2883 est.
983 2843 1054 2890 Qui
1077 2842 1316 2894 patrocinatus

340 2912 390 2940 est
407 2903 520 2947 intus,
540 2902 625 2939 soris
650 2901 841 2951 alloquitur
860 2915 867 2935 τ
891 2900 946 2936 Τιι
967 2897 1088 2934 credis
1105 2898 1147 2932 in
1167 2895 1316 2932 Filt'um

341 2956 444 2993 Dei?
465 2957 509 2991 At
523 2954 551 2990 is
570 2955 628 3003 qui
650 2954 685 2990 in
706 2966 848 3004 corpore
866 2960 899 2988 et
920 2950 1037 2987 animo
1054 2948 1167 2985 suerat
1183 2945 1318 2983 illumi-

341 3017 444 3045 natus
463 3007 535 3043 ait:
557 3008 609 3043 Et
630 3009 713 3057 quis
739 3014 806 3050 est,
834 3005 1013 3046 Domine,
1037 3010 1076 3039 ut
1102 3001 1258 3037 Credam
1276 3001 1318 3035 in

342 3074 428 3098 eum
440 3063 456 3095 P
478 3058 704 3110 Respondcns
727 3057 784 3093 1116
802 3055 895 3092 dixit
910 3055 938 3092 ei
956 3071 962 3090 z
981 3056 1032 3092 Et
1054 3053 1191 3090 vidisti
1205 3064 1291 3088 eum
1303 3080 1314 3096 ‚

344 3122 378 3150 et
399 3114 466 3164 qui
486 3112 654 3162 loquitur
671 3118 793 3146 tecum
820 3111 898 3158 ipse
923 3115 991 3143 est.
1015 3107 1113 3142 Tum
1130 3105 1219 3141 alter
1238 3103 1288 3140 ait
1309 3117 1316 3138 :

347 3165 491 3209 Credo,
513 3165 698 3207 Domine,
732 3169 768 3198 et
796 3160 973 3196 ador-avit
998 3171 1095 3194 eum.
1122 3157 1203 3194 Haec
1223 3170 1243 3192 a
1264 3168 1321 3191 me

343 3217 439 3255 dicta
464 3225 543 3255 sunt
557 3246 568 3267 ,
588 3225 626 3253 ut
643 3213 785 3252 discatis
803 3224 922 3249 omncs
949 3210 1082 3246 bonum
1111 3207 1320 3258 magistrum

1283 182 1457 213 setina.

1367 261 1617 314 νηρευομένων.
1646 260 1717 298 Καὶ
1736 260 1799 313 ὅρα
1815 260 1848 298 τί
1867 261 2010 311 γίνεται.
2030 260 2176 308 Ἐπειδὴ
2195 262 2391 311 ἠγωνισατο

1367 315 1425 352 τὸν
1455 313 1558 352 καλὸν
1579 315 1719 363 ἀγῶνα,
1749 313 1808 350 καὶ
1838 313 2052 365 συνηγόρησε
2081 315 2172 352 Θεοῦ
2204 313 2305 361 δόξη,
2334 314 2393 351 καὶ

1368 367 1426 405 τὸν
1458 368 1610 417 Σωτῆρα
1642 365 1866 420 ὡμολόγησεν
1891 366 2034 410 ἐνδόξως
2068 365 2156 416 μετὰ
2175 357 2306 412 πολλῆς
2331 369 2393 412 τῆς

1369 417 1585 471 παῤῥησίας·
1616 417 1676 455 καὶ
1702 421 1744 464 ἠν
1767 420 1868 455 αὐτοῦ
1889 419 1928 457 τὸ
1948 418 2088 471 θέατρον
2116 417 2391 471 πεπληρωμένον

1368 475 1437 509 τῶν
1465 470 1737 521 παλαισμάτων,
1770 470 1935 517 §ism-156⁷]
1966 471 2031 514 ἔξω
2056 475 2074 509 ὁ
2092 471 2310 518 παλαιστὴς,
2344 471 2391 521 μὴ

1369 523 1486 561 λαὸὼν
1515 524 1572 561 τὸν
1604 522 1785 574 στέφανον,
1807 523 1865 560 καὶ
1895 526 2032 575 ἀπαντᾶι
2066 526 2160 575 αὐτῷ
2189 524 2253 568 ἔξω
2272 527 2289 560 6
2310 525 2394 576 βρα-

1370 576 1504 623 ὅευτής.
1523 575 1680 614 ἼΙκουσε
1696 575 1762 627 γὰρ
1775 606 1784 623 ,
1803 574 1923 627 φησὶν,
1937 578 1954 612 ὃ
1968 576 2101 622 Ἰησοῦς
2116 607 2124 620 ,
2147 576 2200 614 ὅτι
2231 575 2393 620 ἐξέὸαλον

1371 629 1472 666 αὐτὸν
1492 628 1556 673 ἔξω
1569 644 1576 652 ·
1607 628 1664 666 καὶ
1695 627 1802 680 εὑρὼν
1822 627 1924 665 αὐτὸν
1938 627 2033 678 λέγει
2048 631 2154 681 αὐτῷ.
2177 629 2225 666 Ὢ
2248 631 2309 674 τῆς
2329 629 2394 681 ῥή-

1371 698 1457 725 σεως
1473 686 1533 720 τοῦ
1555 681 1708 734 εὑρόντος
1731 679 1833 718 αὐτόν
1850 696 1857 703 ·
1877 680 1914 718 ὃν
1934 680 2124 719 ἀπόλλυσιν
2140 684 2161 727 ἡ
2179 681 2313 727 πλάνη,
2334 684 2392 719 εὑ-

1374 734 1484 788 ρίσκει
1501 738 1522 781 ἡ
1540 735 1696 781 ἀλήθεια.
1713 734 1780 771 Διὰ
1800 733 1831 771 τί
1848 732 1883 771 δὲ
1903 735 1996 785 αὐτῷ
2018 733 2215 780 ἀπήντησεν
2231 750 2240 781 ,
2254 730 2357 772 Εἷδεν
2377 739 2395 773 6

1372 787 1498 839 Σωτὴρ
1524 786 1638 839 ψυχὴν
1667 785 1930 837 εὐγνιι1μοσύνης
1959 785 2156 837 γέμουσαν·
2180 780 2247 824 ε’ἷδε
2279 786 2395 838 quoy-hv

1373 839 1519 888 μηδέπω
1541 843 1752 891 γνωσθεῖσαν
1770 839 1855 890 ὑπὲρ
1875 840 1966 877 Θεοῦ
1984 839 2110 890 λέγειν,
2132 838 2222 876 ἀλλὰ
2241 832 2395 890 νομίζου-

1373 907 1435 930 σαν
1453 891 1539 945 ἱπὲρ
1558 891 1736 946 προφήτου
1760 891 1851 935 τινὸς
1870 895 1992 929 πιστοῦ
2009 907 2016 915 ·
2042 893 2215 943 ἐρωτᾶται
2231 891 2299 945 γὰρ
2316 892 2396 944 περὶ

1371 948 1430 982 τοῦ
1449 945 1614 996 Χριστοῦ.
1632 945 1702 982 Καὶ
1721 944 1754 982 τί
1773 943 1866 996 λέγει
1883 944 1961 995 περὶ
1978 946 2100 990 αὐτοῦ,
2117 943 2200 981 ςὈτι
2216 945 2397 996 προφήτης

1371 998 1477 1034 ἐστιν.
1494 997 1538 1035 Ὁ
1557 996 1591 1034 δὲ
1611 997 1738 1049 Σωτὴρ
1752 1002 1852 1034 τοῦτο
1869 990 1974 1034 εἶπεν·
1990 999 2019 1034 εἰ
2036 995 2218 1050 προφήτην
2235 997 2396 1048 νομίζων,

1371 1048 1430 1086 καὶ
1467 1049 1648 1101 ἄνθρωπον
1684 1052 1852 1092 ὑπονοῶν,
1886 1048 1993 1092 ου’-,ως
2027 1049 2255 1113 ἀγωνίζεται,
2291 1050 2324 1087 τί
2358 1052 2396 1088 οὐ

1371 1100 1529 1149 ποιήσει,
1544 1101 1602 1138 ἐὰν
1623 1101 1715 1152 μάθῃ
1733 1101 1795 1148 τὴν
1811 1100 1910 1144 δόξαν
1927 1104 1988 1147 τ’ῆς
2006 1104 2185 1149 θεοτητος,
2208 1104 2252 1139 Εἰ
2271 1102 2399 1140 ἅνθρω-

1373 1168 1438 1192 πον
1475 1154 1644 1200 ὑπονοῶν,
1675 1154 1736 1191 καὶ
1780 1152 1962 1204 προφήτην
2007 1155 2184 1204 ὀνομάζων
2226 1141 2398 1202 τοσαύτην

1372 1205 1514 1256 ἤνεγκεν
1535 1205 1622 1258 ὑπὲρ
1645 1203 1809 1251 ἀληθείας
1837 1204 2055 1256 συνηγορίαν,
2082 1206 2142 1244 καὶ
2165 1208 2283 1257 ἀγῶνα
2300 1209 2399 1254 τηλι-

1373 1262 1495 1296 κοῦτον
1524 1258 1706 1302 ἀνεδέξατο
1734 1258 1881 1309 μηδέπω
1898 1259 2130 1309 κατηχηθεὶς,
2153 1260 2228 1296 ἀλλ’
2248 1259 2316 1296 ἀπὸ
2337 1259 2400 1310 μό-

1373 1327 1434 1358 νης
1460 1315 1522 1357 τῆς
1542 1311 1738 1364 εὐεργεσίας
1766 1310 1968 1362 φωτισθείς·
1990 1311 2150 1358 ἐννόησον
2171 1312 2284 1360 αὐτὸν,
2302 1311 2354 1350 ὅτι
2371 1314 2400 1350 εἷ

1375 1364 1460 1415 ὑπὲρ
1489 1363 1671 1416 ἀνθρώπου
1689 1363 1839 1414 νομίζων
1867 1371 2079 1415 συνηγορεῖν,
2107 1366 2167 1402 οὐκ
2195 1364 2313 1411 ἐξέστη
2339 1368 2401 1411 τῆς

1377 1416 1560 1465 ἀληθείας,
1580 1417 1637 1455 ἐὰν
1655 1417 1748 1467 μάθῃ
1772 1418 2001 1470 εὖέγγελικῶς
2015 1416 2126 1467 λέγειν
2141 1432 2148 1440 ·
2169 1416 2230 1455 Ἔν
2248 1420 2340 1470 &pfl-j
2357 1413 2400 1465 ἦν

1376 1473 1399 1525 6·
1413 1469 1540 1522 Λόγος·
1568 1469 1627 1507 καί
1643 1471 1660 1506 6
1679 1468 1790 1519 Λόγος
1808 1472 1850 1515 ἠν
1877 1469 1961 1520 πρὸς
1979 1469 2035 1506 τὸν
2067 1468 2172 1518 Θεὸν,
2195 1470 2254 1507 καὶ
2276 1473 2293 1508 ὃ
2311 1463 2402 1513 Θεὸς

1376 1527 1419 1570 ἠν
1448 1525 1465 1560 6
1491 1522 1621 1573 Λόγος·
1641 1521 1676 1559 τί
1696 1522 1813 1568 ἔσται,
1839 1521 1908 1559 Διὰ
1937 1524 2039 1558 τοῦτο
2068 1522 2189 1559 λοιπὸν
2220 1521 2321 1560 αὐτὸν
2355 1526 2401 1565 εἷς

1377 1577 1503 1626 γνῶσιν
1524 1573 1768 1626 διωρθώσατο,
1799 1574 1856 1612 τὸν
1889 1572 1950 1623 μὲν
1981 1575 2099 1624 ἀγῶνα
2127 1575 2401 1624 ὑποδεξάμενος,

1376 1628 1440 1674 τὴν
1462 1626 1497 1665 δὲ
1515 1627 1632 1666 πίστιν
1655 1629 1749 1679 αὐτῷ
1776 1626 1979 1679 σφραγίσας.
2001 1627 2154 1678 Ἀτι-αντᾶΙ
2170 1630 2262 1679 αὐτῷ
2282 1631 2299 1666 ὃ
2319 1630 2402 1666 Σω-

1376 1680 1444 1733 τήρ
1459 1696 1467 1704 ·
1489 1682 1550 1718 οὐκ
1576 1679 1735 1732 ἐγνώριζε
1758 1679 1826 1731 γὰρ
1851 1679 1908 1716 τὸν
1941 1682 2151 1732 χαρακτῆρα
2174 1674 2282 1723 οὗτος.
2310 1680 2400 1719 ζὈτε

1377 1733 1445 1785 γὰρ
1465 1733 1667 1770 ἀπέστειλεν
1692 1731 1791 1769 αὐτὸν
1808 1733 1842 1768 ἐν
1859 1735 1901 1781 τῇ
1919 1730 2225 1783 κολυμῧήθρᾳποῦ
2253 1733 2401 1771 Σιλωὰυ.

1377 1790 1437 1824 τοῦ
1467 1784 1652 1837 νίψασθαι,
1679 1784 1803 1836 τυφλὸν
1831 1783 2051 1821 ἀπέστειλεν·
2086 1787 2131 1827 ὡς
2165 1784 2200 1822 δὲ
2229 1771 2401 1832 ἐπανῆλθε

1381 1838 1532 1889 βλέπων,
1562 1838 1619 1875 τὸν
1645 1836 1706 1888 μὲν
1734 1838 1887 1889 Σωτῆρα
1908 1838 1969 1874 οὐκ
2004 1831 2071 1874 εἶδε
2089 1839 2138 1889 τῷ
2169 1837 2293 1884 πλήθει
2320 1838 2402 1877 ὄντα.

1379 1890 1674 1941 ἀναμεμιγμένον,
1709 1889 1799 1927 ἀλλὰ
1834 1888 1977 1935 εὐθέως,
2007 1889 2087 1942 πρὶν
2129 1894 2188 1928 τοῦ
2220 1890 2402 1939 Δεσπότην

1379 1944 1474 1990 ἰδεῖν,
1503 1945 1550 1985 εἷς
1566 1943 1623 1980 τὸν
1640 1945 1759 1993 ἀγῶνα
1782 1941 1920 1987 κληθεὶς
1954 1942 2162 1992 ἠγωνίσατο.
2197 1942 2212 1962 ¹'
2226 1943 2346 1990 Πηλὸν
2366 1945 2402 1981 δὲ

1378 1996 1446 2047 πρὸ
1475 1999 1535 2033 τοῦ
1561 1995 1661 2033 αὐτὸν
1682 1995 1845 2045 νίψασθαι
1879 1994 2041 2040 ἐποίησεν
2069 1997 2085 2032 6
2116 1995 2320 2042 Δεσπότης,
2344 1997 2403 2034 καὶ

1379 2047 1517 2100 ἔχρισεν
1544 2046 1751 2102 αὒτοῦωτοῦς
1771 2047 1988 2098 ὀφθαλμοὺς,
2017 2046 2074 2084 ἵνα
2107 2048 2342 2101 ἀναπληρώση
2365 2050 2404 2088 τὸ

1379 2103 1510 2140 λεῖπον.
1529 2098 1620 2156 μΌξε
1639 2104 1695 2137 οὐν
1717 2099 1876 2144 ἐξέὸαλον
1897 2101 1997 2138 αὐτὸν
2023 2098 2088 2143 ἔξω
2104 2129 2113 2146 ,
2144 2100 2250 2151 εὑρὼν
2271 2093 2370 2140 αὐτὸν
2387 2106 2405 2141 6

1379 2154 1548 2206 Χριστος,
1570 2158 1665 2190 εἶπεν
1694 2154 1808 2205 αὐτῷ·
1830 2152 1880 2190 Σὺ
1902 2151 2076 2196 πιστεύεις
2093 2154 2140 2195 εἷς
2159 2153 2215 2190 τὸν
2239 2154 2322 2191 Υἷὸν
2345 2160 2406 2193 τοῦ

1379 2208 1491 2254 Θεοῦ,
1511 2208 1563 2243 Οὐ
1582 2207 1631 2244 δεῖ
1647 2205 1713 2257 γάρ
1733 2221 1770 2243 σε
1788 2207 1834 2248 ὡς
1853 2206 2014 2257 προφήτῃ
2033 2210 2216 2243 πιστεῦσαι
2237 2208 2405 2258 ἀγωνιζο-

1381 2259 1494 2311 μένῳ,
1523 2260 1599 2296 ἀλλ’
1620 2261 1666 2302 ὡς
1690 2259 1766 2309 Υἱῷ
1782 2262 1840 2295 τοῦ
1860 2260 1965 2295 Θεοῦ.
1988 2257 2141 2300 Ἐκεῖνος
2162 2258 2201 2295 τὸ
2219 2258 2406 2309 πρόσωπον

1382 2310 1429 2362 μὴ
1451 2311 1643 2363 γνωρίσας,
1664 2309 1726 2356 τὴν
1747 2309 1862 2361 φωνὴν
1893 2309 2114 2361 ἀνεγνώρισε.
2138 2310 2188 2347 Σὺ
2208 2311 2404 2360 πιστεύεις,

1381 2364 1496 2415 φησὶν,
1516 2366 1562 2407 εἷς
1585 2363 1642 2400 τὸν
1664 2363 1746 2400 Υἱὸν
1776 2367 1833 2399 τοῦ
1854 2364 1967 2409 Θεοῦ,
1997 2361 2158 2413 Ἔτι-ἔγνω
2187 2362 2250 2408 τὴν
2277 2363 2406 2412 ιοωνὴν,

1381 2417 1441 2454 καὶ
1451 2416 1540 2466 μετὰ
1553 2415 1779 2467 περιχαρείας
1793 2414 1932 2461 ἐὸόησε,
1952 2414 2010 2452 καὶ
2026 2415 2076 2456 τίς
2091 2416 2165 2452 ἐστι
2180 2444 2188 2461 ,
2209 2404 2333 2468 Κύριε,
2350 2416 2407 2455 ἵνα

1381 2468 1557 2506 πιστεύσω
1587 2471 1635 2511 εἰς
1663 2467 1763 2505 αὐτόν
1777 2483 1787 2515 ,
1802 2467 1870 2505 Διὰ
1888 2467 1922 2504 τί
1938 2466 2113 2510 πιστεύεις
2133 2467 2186 2505 σοὶ
2205 2466 2340 2518 λέγοντι
2357 2472 2407 2507 τῶ

1382 2524 1517 2573 πιστῷ·
1539 2520 1589 2559 Σὺ
1617 2519 1790 2563 πιστεύεις
1818 2522 1865 2562 εἰς
1886 2521 1944 2557 τὸν
1972 2520 2054 2557 Υἰὸν
2089 2524 2148 2558 τοῦ
2178 2522 2296 2568 Θεοῦ,
2317 2509 2408 2560 Οἶδα

1383 2573 1436 2611 ὅτι
1457 2577 1474 2611 6
1490 2574 1590 2626 λόγος
1609 2589 1668 2612 σου
1686 2572 1818 2620 ἀληθής
1838 2575 1930 2611 ἐστιν
1949 2588 1956 2594 ·
1977 2571 2071 2622 ὅμως
2091 2572 2126 2609 δὲ
2143 2571 2205 2609 κᾶν
2228 2572 2328 2620 εἴπης
2350 2590 2409 2624 μοι

1383 2626 1447 2672 τὴν
1467 2629 1607 2677 γνῶσιν,
1635 2628 1696 2664 οὐκ
1723 2625 1937 2676 ἀμφιδοὶλλιι)
1966 2639 2020 2661 σοι
2040 2628 2237 2663 πιστεῦσαι.
2261 2616 2329 2663 Καὶ
2359 2626 2410 2669 τίς

1386 2681 1459 2717 ἐστι
1473 2709 1482 2727 ,
1501 2678 1628 2730 Κύριε,
1643 2678 1700 2716 ἰ’να
1722 2677 1896 2716 πιστεύσω
1917 2679 1963 2719 εἷς
1988 2677 2088 2714 αὐτόν
2104 2693 2112 2723 ;
2134 2678 2203 2715 Καὶ
2222 2682 2239 2716 ὃ
2256 2678 2410 2731 προγνώ-

1386 2748 1470 2779 στης
1487 2732 1637 2783 ἀντέφη·
1662 2730 1730 2768 Καὶ
1754 2729 1910 2781 ἑώρακας
1936 2728 2051 2776 αὐτὸν,
2075 2729 2134 2766 καὶ
2155 2732 2300 2768 ὁλαλῶν
2321 2730 2410 2781 μετὰ

1386 2788 1446 2822 σοῦ
1467 2785 1593 2826 ἐκεῖνός
1613 2786 1719 2821 ἐστιν.
1740 2781 1784 2820 ‘O
1803 2782 1872 2820 ἔσω
1893 2781 2149 2833 συνηγορήσας,
2175 2782 2238 2826 ἔξω
2257 2783 2410 2835 διαλέγε-

1385 2852 1460 2874 ται·
1482 2836 1532 2875 Σὺ
1559 2835 1729 2878 πιστεύεις
1751 2837 1797 2877 εἷς
1816 2835 1872 2872 τὸν
1892 2834 1974 2872 Υῖὸν
1995 2839 2053 2871 τοῦ
2072 2836 2184 2881 Θεοῦ,
2215 2835 2259 2873 ‘O
2282 2835 2317 2874 δὲ
2342 2852 2409 2873 πε-

1387 2889 1603 2941 φωτισμένος
1620 2889 1678 2926 καὶ
1692 2889 1731 2925 τὸ
1748 2890 1850 2937 σῶμα
1864 2886 1923 2923 καὶ
1937 2886 2000 2932 τὴν
2018 2886 2185 2931 διάνοιαν,
2201 2887 2323 2940 ἔφησε·
2340 2887 2412 2926 Καὶ

1387 2942 1439 2985 τίς
1456 2944 1542 2996 ἐστι,
1561 2940 1679 2992 Κύριε,
1693 2939 1750 2977 ἵνα
1763 2938 1937 2977 πιστεύσω
1958 2941 2003 2982 εἷς
2014 2938 2136 2987 αὐτόν,
2156 2939 2200 2979 ‘O
2213 2940 2249 2978 δὲ
2264 2943 2413 2993 ἀποκρι-

1389 2995 1456 3038 θεὶς
1485 2999 1578 3031 εἶπεν
1609 2994 1702 3030 αὐτῶ
1719 3008 1726 3015 ·
1756 2992 1824 3029 Καὶ
1853 2989 2010 3043 ἑώρακας
2035 2991 2148 3039 αὐτὸν,
2181 2992 2240 3030 καὶ
2257 2996 2274 3031 ὁ
2296 2994 2411 3030 λαλῶν

1391 3046 1481 3098 μετὰ
1497 3050 1556 3084 σοῦ
1578 3031 1704 3087 ἐκεῖνός
1720 3047 1827 3082 ἐστιν.
1850 3042 1894 3081 ‘O
1917 3044 1951 3081 δὲ
1972 3043 2035 3095 ἔφη
2050 3059 2057 3067 ·
2083 3045 2242 3083 Πιστεύω
2258 3076 2266 3092 ,
2286 3044 2410 3097 Κύριε·

1389 3100 1449 3138 καὶ
1468 3097 1725 3150 προσεκύνησεν
1742 3098 1847 3147 αὐτῷ.
1863 3097 1987 3133 Ταῦτά
2007 3112 2065 3146 μοι
2086 3096 2236 3149 εἴρηται,
2259 3097 2314 3133 ἵνα
2341 3097 2413 3146 μά-

1390 3156 1471 3199 θητε
1498 3150 1623 3192 πάντες
1641 3151 1738 3201 καλῷ
1760 3148 1958 3201 διδασκάλῳ
1986 3149 2148 3196 ἕπεσθαι,
2179 3149 2237 3186 καὶ
2264 3149 2413 3199 ποιμένα

1392 3204 1518 3255 ἀγαθὸν
1540 3205 1741 3253 μιμεῖσθαι,
1760 3200 1819 3238 καὶ
1839 3200 1926 3253 ὑπὲρ
1946 3200 2108 3247 ἀληθείας
2133 3202 2378 3252 ἀγωνίζεσθαι·
2396 3204 2414 3238 6

394 3380 409 3401 ¹1
434 3375 525 3418 [Atia
542 3375 596 3407 1116
614 3374 714 3407 babet
730 3372 880 3413 Savilius,
899 3372 953 3414 qui
967 3381 1022 3412 per
1042 3376 1146 3402 totam
1164 3368 1347 3400 orationem
1366 3367 1398 3398 in
1412 3365 1523 3397 multis
1537 3363 1671 3403 variar]
