2481 3678
124 815 278 842 Samarita-

193 856 274 885 obse-

90 866 131 883 Hie

90 898 220 933 quentia.

75 2034 163 2060 Joun.
177 2045 191 2073 7
210 2034 259 2071 [48.

76 2074 124 2112 (29.

303 230 392 260 210
745 228 784 259 S.

299 323 403 361 aqua,
427 324 495 348 non
518 310 669 349 bibituri
696 311 725 349 si
746 310 854 349 aliam
870 311 1052 349 meliorem
1065 311 1285 349 habuissent.

298 371 356 409 Ex
370 372 436 409 hac
450 372 560 423 igitur
581 386 643 410 nec
665 381 703 410 tu
720 372 849 424 poteris
868 372 977 423 da1·;e
996 372 1103 410 aliam
1116 387 1199 413 vero
1215 387 1286 411 me-

819 229 997 260 JOANNIS
1033 230 1272 260 CHRYSOST.
1313 231 1514 262 ARCHlEP.
1552 234 1900 268 CONSTANTINOP-

1355 329 1428 362 τες,
1444 314 1477 352 εἴ
1488 330 1526 366 γε
1546 315 1704 366 βελτίονα
1724 310 1815 370 εἶχεν
1833 318 1965 370 ἑτέραν.
1981 319 2066 358 Ἀπὸ
2085 320 2213 367 ταύτης
2232 322 2293 374 μὲν
2314 317 2372 362 οὖν

1354 376 1430 414 οὐδὲ
1452 375 1553 419 αὐτὸς
1579 377 1708 428 δυνήσῃ
1743 379 1878 426 δουναι,
1909 380 2030 432 ἑτέραν
2060 380 2096 418 δὲ
2124 382 2282 432 βελτίονα
2311 386 2374 421 οὐκ

296 432 421 470 liorem
444 433 574 472 hahere
596 447 664 471 non
682 442 794 485 potes,
816 433 883 470 nisi
907 443 940 471 tc
961 434 1093 472 Jacobo
1116 435 1284 486 majotem
1307 445 1329 475 Β
1355 438 1428 476 ἔστι
1446 454 1483 477 σε
1503 438 1610 490 ἔχειν,
1626 439 1720 490 εἰμὴ
1741 440 1800 478 καὶ
1819 455 1878 478 του
1893 441 2023 480 ’laxe-‚6
2039 443 2217 494 ὁμολογεῖς
2234 443 2374 494 μείζονα

296 495 507 545 piofitearis.
519 494 648 533 Unde
639 495 749 546 igitur
762 508 869 545 quam
882 503 914 532 te
927 494 1285 547 datuiumpolliceris

295 569 423 604 aquam
443 555 571 592 habere
589 555 728 607 possis?
745 557 789 592 At
803 554 919 593 Judaei
935 569 1001 592 non
1018 564 1089 593 tam
1107 556 1186 593 miti
1202 570 1284 594 cum

295 615 357 653 illo
383 630 544 654 sermone
565 626 727 664 utuntur,
751 630 833 654 cum
860 616 981 655 eadem
1002 616 1046 655 de
1065 631 1100 655 re
1124 618 1283 668 loquere-

296 684 368 723 tur,
384 677 542 728 ejusdem
561 691 659 728 aquae
681 677 859 715 mentione
880 678 971 716 facta
988 694 995 715 :
1011 678 1071 716 sed
1091 679 1181 716 nihil
1198 679 1282 717 hine

294 735 383 773 lucri
402 738 609 788 consequuti
628 747 722 776 sunt.
740 738 893 785 Quando
907 748 1026 777 autem
1039 739 1191 777 Abrahae
1208 754 1281 777 me-

293 800 408 850 minit,
428 801 546 854 ipsum
566 802 749 854 lapidibus
771 803 939 855 impetere
958 804 1073 841 conati
1089 812 1181 841 sunt.
1200 806 1279 843 Ve-

291 875 370 899 rum
386 863 515 901 nonita
530 863 658 901 mulier
672 877 753 902 cum
765 863 827 902 illo
837 864 932 915 agit;
950 864 1009 902 sed
1021 878 1103 902 eum
1117 878 1278 903 mansue-

291 923 415 961 tudine
440 924 588 962 intanto
618 933 719 973 aestu,
736 924 771 962 in
791 925 949 973 meridie,
964 925 1081 962 omnia
1105 924 1280 977 patienter

290 984 482 1023 admodum
501 995 534 1024 01
556 985 645 1024 dicit
663 995 696 1024 et
714 986 825 1035 audit,
843 995 874 1024 et
894 986 985 1025 nihil
1005 1000 1128 1025 eorum
1148 986 1277 1037 cogitat

289 1060 367 1095 quae
394 1047 510 1086 Judaei
533 1047 776 1087 verisimiliter
794 1047 988 1097 dixissent,
1008 1048 1127 1100 ipsum
1153 1062 1277 1100 nempe

287 1108 450 1146 insanum
470 1117 503 1146 et
527 1117 644 1146 mente
670 1117 815 1160 captum
839 1122 924 1158 esse,
945 1109 1007 1158 qui
1036 1123 1072 1146 se
1092 1107 1276 1146 deluderet

287 1169 378 1205 eirea
401 1170 532 1207 fontem
554 1179 588 1207 et
605 1178 764 1221 puteum,
782 1183 844 1206 nee
869 1169 1065 1219 quidquam
1081 1177 1275 1220 praestaret,

285 1230 345 1267 sed
365 1230 603 1281 jactabundus
624 1230 839 1280 loqueretur.
854 1230 920 1267 Illa
942 1243 1025 1268 vero
1048 1242 1274 1282 perseveran-

284 1299 334 1327 ter
350 1291 539 1340 auscultat,
556 1289 645 1328 dum
666 1289 761 1341 quod
778 1290 906 1341 quaerit
922 1289 1092 1329 inveniat.

336 1357 370 1393 5.
401 1357 438 1395 Si
459 1371 542 1395 vero
568 1357 696 1395 mulier
712 1357 933 1395 Samaritana
959 1366 1096 1395 tantum
1123 1357 1272 1396 adhibet

281 1414 454 1461 studium,
474 1415 617 1467 utquid
638 1416 726 1454 utile
746 1415 892 1465 ediscat,
910 1425 943 1454 et
964 1416 1105 1454 Christo
1126 1415 1269 1464 assidet,

280 1475 417 1513 etiamsi
436 1476 540 1515 illum
560 1491 629 1515 non
648 1486 767 1515 noscat
783 1493 793 1526 ;
813 1492 920 1528 quam
940 1492 1002 1516 nos
1029 1477 1171 1517 veniam
1188 1490 1267 1514 con-

280 1550 478 1586 sequemur,
496 1537 557 1587 qui
577 1537 694 1589 ipsum
713 1537 892 1586 novimus,
912 1538 974 1588 qui
994 1552 1061 1576 non
1080 1553 1178 1578 secus
1199 1556 1267 1593 pu-

278 1606 386 1643 teum,
409 1613 476 1636 non
494 1599 530 1636 in
549 1599 686 1637 deserto
706 1609 853 1644 stamus,
872 1613 939 1637 non
963 1601 999 1638 in
1016 1602 1177 1652 meridie,
1196 1617 1265 1642 non

276 1657 393 1696 adusti
410 1659 584 1696 solaribus
610 1659 745 1709 radiis3
765 1659 826 1697 sed
847 1661 914 1697 5111)
938 1674 1063 1699 aurora
1078 1692 1088 1711 ,
1116 1664 1183 1700 sub
1199 1664 1266 1702 1100

277 1727 366 1756 10010
385 1720 510 1756 umbra
544 1720 696 1757 fruimur
724 1729 756 1758 01
776 1721 931 1760 suaviter
960 1722 1120 1773 agimus,
1154 1738 1266 1776 neque

275 1780 447 1830 patienter
473 1780 639 1819 audimus
662 1781 866 1833 quidpiam,
893 1782 954 1819 sed
981 1782 1115 1821 desidia
1147 1793 1264 1838 torpe-

275 1841 383 1877 mus?
413 1842 491 1878 Non
519 1842 569 1879 sic
602 1842 690 1892 illa,
721 1841 782 1880 sed
810 1842 857 1880 ita
887 1842 994 1880 dictis
1023 1844 1194 1895 attendit,
1226 1856 1265 1884 ut

275 1900 381 1938 etiam
407 1902 495 1939 alios
522 1901 682 1941 advocet.
706 1902 823 1942 Judaei
850 1917 933 1941 vero
958 1917 1027 1942 non
1055 1905 1162 1944 modo
1194 1921 1263 1945 non

275 1962 519 2014 advocabant,
543 1964 604 2002 sed
632 1964 738 2002 etiam
768 1978 826 2002 eos
848 1965 910 2016 qui
937 1965 1100 2004 accedere
1133 1968 1264 2007 vellent

277 2023 543 2076 impediebant,
576 2026 809 2076 quamobrem
835 2026 1000 2065 dicebant
1025 2044 1033 2065 t
1061 2031 1165 2068 Num
1189 2032 1263 2069 ali-

276 2088 359 2137 quis
383 2101 429 2123 ex
446 2088 682 2138 principibus
706 2089 828 2125 credit
849 2090 891 2125 in
919 2093 1033 2126 eum?
1053 2091 1127 2128 Sed
1148 2094 1263 2130 turba

275 2147 357 2183 lzcec
384 2160 469 2197 quse
498 2160 575 2183 non
605 2150 709 2185 novit
749 2149 891 2199 legem,
927 2150 1125 2187 maledicti
1154 2161 1257 2190 sunt.

273 2206 460 2244 Imitemur
484 2220 566 2257 ergo
599 2207 856 2244 Samaritanam
876 2223 883 2244 z
907 2208 1151 2259 colloquamur
1179 2225 1261 2249 eum

276 2266 428 2304 Christo.
454 2269 547 2305 Nam
567 2280 659 2304 nune
679 2267 786 2304 etiam
805 2268 840 2304 in
861 2267 977 2306 medio
996 2279 1154 2308 nostrum
1177 2281 1258 2323 stat,

273 2342 336 2379 per
354 2328 557 2380 prophetas,
580 2343 643 2381 per
665 2328 860 2380 discipulos
888 2343 951 2367 nos
968 2330 1164 2382 alloquens.
1190 2335 1260 2372 Au-

272 2389 413 2427 diamus
432 2403 514 2441 ergo
535 2399 568 2427 ct
593 2389 885 2442 obtemperemus.
906 2393 1100 2443 Usquequo
1130 2395 1260 2434 frustra

273 2459 306 2487 01
321 2451 493 2489 inutiliter
506 2451 696 2490 vivemus?
713 2453 804 2489 Nam
819 2451 881 2490 illa
896 2465 998 2503 agere
1011 2468 1089 2504 quae
1106 2457 1181 2494 Deo
1191 2471 1260 2496 non

1286 1799 1312 1828 D
1333 1790 1580 1838 καρτεροῦντες
1605 1785 1751 1824 ἀκοῦσαί
1776 1801 1811 1822 τι
1828 1787 1897 1823 τῶν
1916 1784 2127 1835 λεγομένων,
2144 1785 2220 1823 ἀλλ’

1354 503 1442 537 εἶναι
1463 500 1600 539 σαυτόν.
1621 500 1733 538 Πόθεν
1764 505 1820 539 οὖν
1847 501 1936 553 ἔχεις
1956 503 2001 541 τὸ
2030 502 2121 555 υδωρ
2141 504 2158 542 ὃ
2174 505 2372 557 ἐπαγγέλλῃ

1353 561 1476 599 δώσειν
1491 565 1593 612 ἡμῖν,
1604 561 1695 600 'm
1707 561 1787 613 οὐχὶ
1803 561 1962 600 Ἰουδαῖοι
1977 563 2066 601 ούτω
2081 568 2263 618 προσηνῶς
2278 568 2372 618 αὐτῷ

1352 622 1592 673 διαλέγονται,
1618 623 1732 661 καίτοι
1752 622 1811 661 καὶ
1831 624 1945 667 αὗτοῐς
1963 625 2044 677 περὶ
2067 627 2129 671 τῆς
2159 628 2266 673 αὐτῆς
2285 628 2372 666 ὕπο-

1351 683 1476 727 θέσεως
1503 683 1680 736 διελέχθη,
1704 687 1763 722 τοῦ
1793 683 1948 722 τοιούτου
1969 685 2209 735 μνημονεύσας
2228 685 2369 730 ὕδατος·

1350 745 1427 782 ἀλλ’
1447 745 1542 783 οὐδὲν
1559 746 1757 797 ἐκέρδαναν.
1776 744 1865 783 “Ὀτε
1890 745 1925 783 δὲ
1945 750 2002 785 τοῦ
2029 746 2189 800 Ἀδραὰμ
2216 747 2370 798 ἐμνημό-

1348 821 1460 853 νευσε,
1480 806 1539 844 καὶ
1554 806 1661 850 λίθοις
1688 805 1828 858 βάλλειν
1848 807 1949 845 αὐτὸν
1965 806 2176 859 ἐπεχείρουν.
2197 806 2287 846 Ἀλλ’
2305 812 2371 861 οὐχ

1347 870 1369 913 ἡ
1392 868 1476 918 γυνὴ
1497 871 1617 906 τοῦτον
1637 871 1732 921 αὐτῷ
1759 870 1817 908 τὸν
1836 868 1961 920 τρόπον
1990 869 2246 921 προσφέρεται,
2278 870 2369 908 ἀλλὰ

1347 928 1436 978 μετὰ
1455 930 1588 975 πολλῆς
1605 945 1667 975 της
1684 930 1869 972 ἐπιεικείας
1885 932 1918 968 εν
1941 930 2035 982 μέσω
2055 930 2234 981 καύμ,ατι
2253 946 2312 968 και
2333 934 2368 969 ἐν

1345 989 1461 1041 ἡμέρᾳ
1481 990 1589 1042 μέση,
1611 991 1669 1028 καὶ
1698 991 1792 1042 λέγει
1819 1005 1878 1029 και
1909 991 2026 1029 ἀκούει
2055 990 2170 1029 πάντα
2195 991 2283 1042 μετὰ
2300 1007 2366 1042 μα-

1344 1050 1535 1101 κροθυμίας
1557 1052 1709 1099 πολλῆς,
1733 1051 1793 1089 καὶ
1822 1052 1920 1090 οὐδὲν
1939 1054 2046 1091 ἐννοεῖ
2073 1067 2108 1090 τι
2123 1066 2275 1090 τοιουτον
2296 1057 2367 1090 οἷον

1343 1109 1433 1152 εἰκὸς
1457 1110 1642 1154 Ιουδαίους
1668 1114 1788 1160 εἰπεῖν,
1812 1113 1866 1152 ὅτι
1900 1112 2060 1163 μαίνεται
2093 1113 2154 1151 καὶ
2186 1112 2366 1160 ἐξέστηκεν

1296 1178 1320 1209 C
1344 1164 1459 1218 οὗτος,
1479 1172 1674 1223 προσέδησέ
1704 1189 1746 1223 με
1766 1177 1862 1226 πηγῇ
1880 1174 1939 1211 καὶ
1958 1173 2100 1225 φρέατι,
2115 1173 2281 1226 παρέχων
2302 1174 2366 1224 μὲν

1343 1231 1450 1279 οὐδὲν,
1478 1235 1595 1284 φυσῶν
1626 1233 1661 1270 δὲ
1690 1239 1761 1276 τοῖς
1791 1234 1961 1285 ῥήμασιν·
1991 1234 2083 1272 ἀλλὰ
2114 1242 2274 1287 καρτερεῖ
2304 1235 2364 1274 καὶ

1341 1293 1565 1345 προσεδρεύει
1579 1324 1589 1341 ,
1608 1293 1673 1337 ἕως
1692 1294 1732 1332 ἂν
1751 1294 1834 1346 εὕρῃ
1855 1295 1895 1334 τὸ
1914 1294 2134 1346 ζητούμενον.

1392 1357 1437 1393 Εἰ
1454 1354 1489 1392 δὲ
1509 1354 1593 1407 γυνὴ
1617 1356 1831 1407 Σαμαρεῖτις
1845 1356 2018 1402 τοσαύτην
2040 1361 2191 1411 ποιεῖται
2210 1357 2364 1406 σπουδὴν

1338 1415 1424 1468 ὑπὲρ
1453 1420 1513 1454 τοῦ
1534 1420 1653 1467 μαθεῖν
1668 1433 1701 1454 τι
1717 1417 1905 1469 χρήσιμον,
1923 1417 1983 1455 καὶ
2004 1416 2196 1469 παραμένει
2212 1420 2261 1469 τῷ
2278 1420 2363 1470 Χρι-

1336 1481 1407 1530 στῷ
1419 1509 1428 1526 ,
1449 1477 1562 1517 καίτοι
1581 1495 1620 1530 γε
1638 1482 1809 1530 ἀγνοοῦσα
1828 1477 1928 1517 αὐτόν
1946 1493 1953 1501 ·
1975 1477 2063 1522 τίνος
2079 1481 2183 1528 ἡμεῖς
2202 1479 2364 1530 τευξόμε-

1336 1543 1377 1577 θα
1395 1539 1622 1591 συγγνώμης,
1643 1539 1749 1578 οἱκαὶ
1770 1539 1923 1583 ιἐἰδότες
1943 1539 2057 1587 αὐτὸν,
2077 1539 2136 1577 καὶ
2159 1540 2249 1590 μήτε
2267 1540 2361 1583 ὄντες

1334 1601 1430 1653 παρὰ
1450 1601 1580 1655 φρέαρ,
1608 1601 1697 1652 μήτε
1714 1603 1748 1639 ἐν
1769 1600 1917 1655 ἐρημίᾳ,
1940 1601 2028 1651 μήτε
2056 1602 2091 1639 ἐν
2109 1600 2225 1653 ἡμέρᾳ
2251 1601 2360 1653 μέσῃ,

1334 1662 1423 1713 μήτε
1440 1665 1576 1706 ἀκτῖνος
1595 1663 1756 1709 καιούσης
1769 1679 1777 1686 ·
1795 1664 1871 1700 ἀλλ’
1893 1662 1959 1700 ὑπὸ
1980 1661 2042 1709 τὴν
2060 1661 2106 1699 ἕω
2124 1662 2182 1700 καὶ
2202 1662 2268 1700 ὑπὸ
2282 1679 2359 1702 τοι-

1333 1729 1429 1763 οῦτον
1450 1725 1571 1776 ὄροφον
1589 1731 1688 1767 σκιᾶς
1709 1724 1938 1766 ἀπολαύοντες
1957 1723 2015 1761 καὶ
2031 1723 2217 1775 εὐψυχίας,
2235 1723 2294 1762 καὶ
2309 1724 2358 1775 μὴ

2240 1790 2254 1805 ⁰
2268 1788 2358 1823 ἀπο-

1333 1845 1525 1892 κναίοντες,
1547 1845 1638 1884 Ἀλλ’
1673 1847 1736 1884 οὐκ
1755 1845 1869 1892 ἐκείνη
1890 1845 2054 1891 τοιαύτη,
2077 1846 2153 1882 ἀλλ’
2185 1844 2275 1884 οὕτω
2295 1862 2358 1884 κα-

1332 1907 1472 1958 τέχεται
1488 1911 1558 1949 τοῖς
1575 1906 1792 1957 λεγομένοις,
1807 1908 1853 1950 ὡς
1870 1906 1928 1944 καὶ
1947 1905 2082 1957 ἑτέρους
2099 1907 2257 1945 καλέσαι.
2274 1906 2359 1944 Ἰου-

1332 1968 1421 2006 δαῖοι
1443 1966 1478 2005 δὲ
1497 1968 1535 2004 οὐ
1557 1967 1658 2018 μόνον
1687 1969 1748 2004 οὐκ
1766 1966 1923 2012 ἐκάλουν,
1940 1965 2031 2004 ἀλλὰ
2057 1965 2115 2003 καὶ
2135 1965 2212 2010 τοὺς
2234 1968 2356 2018 βουλο-

1333 2028 1455 2078 μένους
1471 2027 1700 2079 (Ῑπροσελθεῖν
1721 2026 1872 2065 ἐκώλυον
1897 2027 1956 2065 καὶ
1979 2027 2171 2071 ἐνεπόδιζον
2185 2043 2192 2050 ·
2213 2027 2264 2065 διὸ
2296 2027 2356 2066 καὶ

1330 2088 1465 2139 ἔλεγον·
1490 2088 1552 2134 Μή
1571 2104 1622 2131 τις
1651 2089 1692 2126 ἐκ
1711 2089 1778 2125 τῶν
1800 2086 1977 2139 ἀρχόντων
2001 2087 2203 2126 ἐπίστευσεν
2223 2089 2270 2131 εἷς
2296 2091 2357 2127 αὔ-

1330 2148 1409 2194 τόν;
1436 2148 1527 2186 Ἀλλ’
1560 2148 1663 2200 ὄχλος
1692 2142 1789 2191 οὗτος
1817 2149 1833 2185 ὁ
1863 2148 1910 2198 μὴ
1933 2147 2112 2199 γινώσκων
2144 2147 2202 2185 τὸν
2233 2148 2352 2199 νόμον,

1330 2209 1580 2260 ἐπικατάρατοί
1610 2212 1691 2247 εἶσι.
1721 2209 1972 2259 Μιμησώμεθα
1999 2209 2112 2247 τοίνυν
2133 2210 2197 2256 τὴν
2225 2211 2352 2260 Σαμα-

1332 2276 1456 2322 ρεῖτιν·
1478 2271 1715 2322 διαλεχθῶμεν
1748 2272 1797 2321 τῷ
1829 2271 1984 2321 Χριστῷ.
2011 2270 2080 2307 Καὶ
2114 2269 2180 2322 γὰρ
2210 2270 2270 2308 καὶ
2296 2276 2353 2310 νῦν

1331 2330 1434 2381 μέσος
1460 2333 1560 2381 ἡμῶν
1586 2330 1730 2377 ἕστηκε,
1751 2330 1810 2368 καὶ
1833 2329 1888 2367 διὰ
1912 2331 1979 2366 τῶν
2000 2335 2188 2382 προφητῶν
2218 2331 2277 2369 καὶ
2296 2332 2354 2370 διὰ

1328 2407 1397 2429 των
1420 2393 1585 2441 μαθητῶν
1612 2395 1697 2441 ἡμῖν
1724 2389 1963 2442 φθεγγόμενος.
1981 2389 2196 2441 Ακούσωμεν
2216 2386 2273 2430 οὖν
2293 2392 2353 2430 καὶ

1328 2454 1538 2502 πεισθῶμεν.
1568 2451 1687 2504 Μέχρι
1717 2451 1806 2494 τίνος
1822 2452 1934 2500 ζωυ.εν
1957 2452 2032 2502 εἰκῇ
2062 2451 2119 2488 καὶ
2140 2452 2253 2502 μάτην
2271 2454 2352 2499 ;’1“ο

274 2512 436 2560 placent,
465 2513 557 2551 illud
577 2522 627 2551 est
646 2513 820 2551 inutiliter
838 2514 978 2564 vivere,
1003 2515 1076 2554 imo
1096 2531 1164 2556 non
1184 2527 1260 2557 tan-
1280 2523 1305 2554 E
1328 2513 1395 2566 γὰρ
1424 2513 1472 2563 μὴ
1492 2512 1536 2550 τὰ
1555 2513 1719 2551 Οθκθῧντα
1738 2527 1787 2548 τω
1811 2513 1892 2562 Θθω
1917 2516 2041 2559 '‘0²5³‘'
2063 2514 2138 2564 Εἷκΐι
2179 2517 2221 2565 ᾖν
2251 2515 2350 2551 ἐσῐῑ

276 2582 349 2609 111111
370 2573 555 2624 inutiliter,
582 2574 643 2612 scd
669 2575 706 2612 in
725 2574 909 2612 damnum.
933 2576 1024 2614 Cum
1046 2578 1140 2616 enim
1159 2580 1259 2618 nobis

274 2633 397 2671 datum
415 2644 550 2686 tempus
570 2635 741 2674 inutiliter
756 2651 900 2688 prorsus
915 2639 1259 2690 impendimus,'hinc

273 2695 509 2745 migrabimus
528 2705 702 2734 extremas
717 2696 833 2735 daturi
851 2713 971 2764 poenas
989 2700 1163 2739 inutiliter
1178 2716 1259 2741 con-

275 2755 732 2807 5111111110111110115.(]11111
724 2772 753 2794 15
798 2758 859 2808 qui
898 2760 1064 2810 petunias
1082 2760 1128 2798 ad
1153 2776 1259 2813 nego-

1330 2577 1461 2626 μᾶλλον
1481 2573 1516 2612 δὲ
1535 2576 1596 2612 οὐκ
1616 2575 1690 2624 εἰκῇ
1714 2572 1828 2623 μόνον,
1849 2550 1938 2610 ἀλλὰ
1959 2572 2017 2609 καὶ
2036 2573 2093 2610 ἐπὶ
2109 2577 2219 2627 κακῷ.
2235 2574 2349 2613 (Ὅταν

1327 2637 1394 2689 γὰρ
1415 2636 1472 2674 τὸν
1499 2635 1639 2673 δοθέντα
1658 2639 1742 2685 ἡμῖν
1759 2633 1880 2686 χρόνον
1914 2633 2148 2685 ἀναλώσωμεν
2179 2638 2225 2679 εἰς
2254 2637 2350 2674 οὐδὲν

1330 2699 1415 2744 δέον,
1439 2696 1698 2747 ἀπελευσόμεθα
1717 2695 1814 2741 δίκην
1835 2693 2000 2738 δώσοντες
2020 2695 2082 2742 τὴν
2108 2697 2262 2749 ἐσχάτην
2286 2700 2349 2744 της

1330 2759 1473 2812 ἀκαίρου
1494 2757 1660 2804 &motta-,02
1682 2757 1734 2794 Οὐ
1761 2755 1865 2807 γὰρ
1848 2754 1957 2800 οήπου
1976 2759 1994 2794 ὃ
2017 2755 2078 2805 μὲν
2098 2758 2266 2809 χρήματα
2287 2762 2349 2809 5³11.-

276 2815 435 2853 1111111111111
456 2817 596 2868 recepit,
616 2827 648 2854 et
668 2831 724 2855 015
744 2819 907 2857 insnmsit
927 2830 960 2858 et
978 2816 1707 2895 ᾱονοιεινίῑ,111-183πορευσασοαιλα6ων,
1724 2820 1828 2854 εἶτα
1841 2831 2065 2867 καταφαγὼν
2076 2816 2129 2853 λθ
2120 2832 2178 2867 (ον
2198 2820 2349 2865 ἀπαιτη-

274 2876 404 2914 tionem
432 2876 461 2913 ei
489 2877 551 2926 qui
573 2877 639 2913 sihi
669 2878 819 2916 0101111111
848 2879 997 2918 daturus
1016 2881 1086 2919 sit:
1112 2883 1141 2920 is
1168 2894 1260 2923 00110
1282 2892 1308 2920 Λ
1330 2883 1473 2930 θήσεται
1492 2878 1590 2930 παρὰ
1605 2882 1664 2915 του·
1683 2875 1950 2919 πιστεύσαντος·
1972 2880 1989 2915 ὃ
2014 2877 2048 2914 δὲ
2070 2877 2159 2923 ζωην
2184 2880 2349 2925 τΟῑαῦῒην

272 2937 333 2987 qui
350 2937 441 2974 lianc
459 2937 571 2975 vitam
592 2938 764 2976 inutiliter
777 2939 968 2991 impendit,
984 2956 1053 2979 non
1069 2943 1164 2981 erita
1176 2959 1258 2997 sup-

273 2998 380 3050 plicio
400 2998 501 3036 liber.
531 2999 611 3036 Non
639 2999 718 3037 ideo
750 3013 812 3038 nos
842 3002 936 3039 Deus
971 3002 1004 3039 in
1033 3003 1124 3042 hane
1146 3005 1258 3045 vitam

271 3059 445 3109 protulit,
464 3059 687 3109 animamque
713 3059 837 3107 dedit,
858 3071 897 3099 ut
924 3064 1084 3113 praesenti
1115 3074 1253 3105 tantum

272 3120 432 3157 fruamur
455 3120 544 3170 vita,
563 3120 626 3158 5011
648 3130 687 3158 111
708 3135 772 3172 ]11·11
793 3122 909 3159 sutura
935 3123 1006 3160 vita
1022 3127 1251 3175 negotiemur.

272 3180 380 3218 Bruta
399 3181 561 3232 praesenti
582 3190 718 3219 tantum
738 3181 817 3219 vita:
838 3182 916 3219 usui
936 3193 1015 3220 sunt
1030 3200 1041 3234 3
1059 3199 1119 3222 nos
1135 3197 1251 3225 autem

314 3300 330 3322 b
352 3297 496 3338 Quidam
515 3301 632 3335 ἰδόντες.
644 3298 762 3339 [Supra
776 3296 874 3331 Savil.
890 3306 921 3330 ct
935 3297 1043 3333 Codd.
1059 3302 1163 3332 nostri
1178 3308 1271 3336 καίτοι

268 3367 298 3392 γε
317 3351 388 3392 aba]

312 3408 322 3422 ⁰
342 3402 488 3442 Quidam
504 3408 705 3441 ἀποιιοῑντες.

312 3455 323 3472 ¹¹
341 3452 401 3485 Alii
420 3458 564 3487 εἰσὴθεὶμ,
595 3454 694 3487 Paulo
723 3463 795 3496 pez—t
830 3455 963 3498 quidam
997 3456 1070 3490 11»,
1102 3463 1265 3492 ἐκτέτεικεν,

1328 2942 1529 2989 δαπανήσας
1547 2939 1674 2991 μάτην,
1693 2938 1730 2975 οὐ
1750 2936 1851 2975 δώσει
1867 2936 2088 2983 δίκην.οὐ
2070 2938 2126 2976 οια
2140 2943 2240 2977 τοῦτο
2254 2944 2348 2991 ἡμᾶς

1327 3004 1446 3047 ὃΘεὸς
1464 3002 1592 3053 ἤγαγεν
1619 3001 1666 3042 εἷς
1691 2998 1749 3035 τὸν
1765 2997 1921 3049 παρόντα
1941 2997 2026 3049 βίον,
2046 2999 2105 3037 καὶ
2132 3000 2248 3051 ψυχὴν
2274 3001 2346 3038 ἐνέ-

1325 3081 1484 3112 πνευσεν,
1513 3062 1590 3100 ΰῖνα
1622 3062 1671 3112 τῷ
1700 3059 1846 3110 παρόντι
1875 3060 2088 3112 χρησώμεθα
2120 3061 2236 3111 μόνον,
2266 3063 2344 3099 ἀλλ’

1324 3129 1379 3166 ἵνα
1412 3125 1527 3165 πάντα
1553 3123 1636 3174 πρὸς
1670 3121 1733 3168 τὴν
1766 3120 1960 3171 μέλλουσαν
1993 3121 2343 3173 πραγματευσώμεθα

1325 3188 1428 3234 ζωήν,
1448 3186 1506 3226 Τὰ
1522 3185 1589 3238 γὰρ
1610 3183 1720 3235 ἄλογα
1738 3181 1825 3232 μόνα
1840 3184 1890 3234 τῷ
1908 3183 2053 3234 παρόντι
2070 3183 2229 3234 χρήσιμα
2251 3183 2316 3235 βίῳ
2334 3199 2342 3206 ·

1339 3308 1418 3346 αᾲτῷ
1432 3319 1438 3343 3
1458 3306 1522 3345 οὐχί
1538 3305 1552 3336 ὀ
1570 3304 1637 3338 λαὸς
1653 3303 1678 3333 οὶ
1695 3303 1739 3340 μὴ
1751 3299 1859 3334 εἰδότες
1870 3304 1930 3330 τὸν.

1381 3365 1394 3380 ²
1415 3354 1514 3388 Savil,
1536 3356 1726 3396 καταφαγὼν,
1739 3355 1986 3387 ἀπαιτηθήσεται.

1385 3418 1395 3431 ³
1415 3405 1528 3440 Morel.
1548 3411 1592 3439 ἵνα
1610 3409 1687 3439 κατὰ
1704 3408 1737 3437 τὸ
1753 3407 1848 3445 παρὸ-ι
1867 3408 2000 3442 ζήσωμεν
2015 3407 2114 3443 sadum.
