2507 3673
1044 209 1082 237 [λ
1124 208 1290 238 PASCUA
1326 208 1387 236 111.

2158 191 2242 249 {isit

178 292 316 341 ρισΟῆτε
336 290 419 342 πρὸς
440 289 540 326 αὐτὸν
556 289 822 334 ἀπιστήσαντες.
845 287 948 325 Ἀλλὰ
969 288 1027 325 καὶ
1044 288 1102 325 σὺν
1124 294 1193 330 τοῖς
1220 292 1242 321 E
1269 289 1390 332 beret,
1412 295 1446 323 et
1468 295 1611 323 avertet
1632 288 1766 336 impios
1785 300 1808 322 (ι
1829 287 1971 331 Jacob,
1999 285 2073 336 ipso
2090 294 2249 322 servante
2263 297 2351 324 Itum.
2388 303 2433 323 ιι.

174 350 391 393 ε’ντοσΟιδίοις
404 380 413 394 ‚
430 349 526 401 φησί.
544 348 591 387 Τί
609 353 707 387 τοῦτο
727 349 820 395 ἔστι,
835 348 895 394 Μὴ
918 349 1194 393 σκανδαλισθῆτε

174 410 252 461 περὶ
276 411 316 448 τὸ
335 409 552 461 φαινόμενον,
569 409 658 447 ἀλλὰ
689 408 748 446 καὶ
773 409 812 446 τὸ
838 408 1035 460 ἀπόκρυφον
1057 408 1191 460 θεωρή-

174 485 275 507 σατε·
297 470 345 520 μὴ
367 469 545 522 ἄνθρωπον
576 468 698 515 ἐπίσης
726 472 806 518 ὑμῖν
823 467 1008 517 νομίσητε,
1023 466 1110 505 διότι
1135 467 1193 504 καὶ

171 530 350 580 ἅνθρωπός
366 531 440 568 ἐστι
460 529 551 567 κατὰ
571 532 690 578 σῶμα·
711 528 801 566 ἀλλὰ
820 531 930 579 γνῶτε
949 529 1194 577 πνευματικῶς

172 589 287 637 αὐτὸν,
308 590 366 628 καὶ
382 589 554 639 γνώσεσθε
577 592 609 628 ἐν
636 591 729 640 αὐτῷ
749 589 806 626 τὸν
834 588 991 638 Πατέρα.
1011 585 1108 629 “Eme
1125 586 1192 637 γὰρ

172 649 212 686 ἂν
227 650 265 688 τὸ
285 651 377 693 ἐντὸς
393 650 440 701 μὴ
463 654 544 703 ὁρᾷς
556 680 565 697 ,
578 649 665 701 μηδὲ
682 649 832 702 μετέχῃς
852 647 1058 687 ἐντοσθιδίου
1071 676 1081 695 ,
1096 645 1193 684 οὔπω

172 711 322 761 Χριστὸν
344 711 501 763 ἑώρακας
513 742 521 757 ,
539 712 720 764 ἄνθρωπον
735 710 888 760 οἰόμενος
903 708 1017 753 αὐτὸν,
1034 709 1071 745 οὐ
1089 706 1192 745 Θεόν.

170 772 274 822 Λέγει
302 772 337 810 δὲ
366 772 483 815 αὐτός·
501 771 546 810 ‘O
569 771 732 825 ἑωρακὼς
763 770 847 822 ἐμὲ,
868 769 1000 821 ἑώρακε
1027 767 1085 805 τὸν
1116 769 1194 805 Πα-

168 832 264 884 τέρα.
293 833 469 871 Σκεπτέον
491 833 526 870 δὲ
552 832 611 870 καὶ
630 831 665 869 τί
694 832 752 879 τὸ,
788 832 866 869 Οὐκ
894 829 1101 881 ἀπολείψετε
1131 830 1191 866 ἀπ’

170 895 272 932 αὐτοῦ
292 896 338 937 εἷς
356 894 395 931 τὸ
422 892 526 944 πρωί.
548 893 618 931 Καὶ
644 896 746 930 τοῦτο
769 895 853 942 ἡμῖν
873 894 890 929 ὁ
911 893 1048 934 Παῦλος
1080 892 1192 940 ἑρμη-

166 954 292 991 νευέτω
316 955 439 1006 λέγων,
462 954 657 1005 ἀνάμνησιν
671 958 765 1005 ἡμᾶς
782 957 841 991 τοῦ
864 954 994 996 πάθους
1027 957 1086 990 τοῦ
1118 954 1193 1007 Κυζ-

168 1015 240 1067 ρίου
261 1019 461 1063 ποιεῖσθαι,
479 1015 542 1058 ἕως
565 1015 604 1052 ἂν
620 1014 715 1065 ἔλΟῃ.
743 1014 838 1061 Αὕτη
859 1014 926 1066 γὰρ
948 1014 1012 1057 ἕως
1031 1014 1192 1052 τοσούτου

166 1078 335 1125 τελεῖται,
355 1077 414 1115 καὶ
431 1077 533 1121 σώζει
563 1076 642 1120 τοὺς
669 1079 874 1121 τελοῦντας,
895 1075 959 1119 ἕως
979 1080 1000 1123 ἡ
1032 1079 1192 1127 παροῦσα

167 1137 222 1182 νὺξ
237 1139 396 1190 παρέλθῃ
411 1169 420 1186 ,
437 1138 496 1176 καὶ
516 1137 609 1192 πρωῒ
623 1137 766 1189 γένηται
780 1168 789 1185 ,
809 1137 870 1175 καὶ
889 1139 954 1181 ζῶν
974 1141 1059 1187 ἡμῖν
1077 1135 1112 1179 ἐξ
1135 1138 1193 1174 οὐ·

170 1203 271 1251 ρανοῦ
290 1198 439 1252 Χριστὸς
457 1199 658 1251 ἐπιλάμψῃ,
679 1198 735 1236 διὰ
755 1201 817 1243 τῆς
831 1200 921 1243 ζωῆς
937 1201 1059 1236 ἑαυτοῦ
1073 1197 1192 1240 σώζων

167 1264 278 1310 ἡμᾶς,
299 1263 317 1298 ὁ
338 1264 395 1298 νῦν
417 1259 473 1297 διὰ
503 1264 562 1297 τοῦ
583 1259 729 1297 Θανάτου
751 1258 882 1303 σώζων.
904 1260 947 1296 Εἰ
978 1258 1045 1309 γὰρ
1076 1258 1193 1309 ἐχθροὶ

167 1321 262 1363 ὄντες
274 1351 283 1365 ,
305 1321 404 1372 φησὶ,
426 1321 698 1372 κατηλλάγημεν
722 1323 773 1372 τῷ
793 1322 875 1372 Θεῷ
891 1319 948 1356 διὰ
967 1324 1027 1357 τοῦ
1046 1319 1192 1357 θανάτου

167 1386 226 1420 τοῦ
247 1383 332 1420 Υἱου
350 1385 472 1431 αὐτοῦ,
494 1383 613 1433 πολλῷ
635 1383 766 1432 μᾶλλον
788 1380 1064 1431 καταλλαγέντες
1080 1384 1193 1426 σωΟη-

167 1441 299 1492 σόμεθα
322 1445 355 1480 ἐν
379 1446 421 1494 τῇ
439 1445 508 1493 ζωῇ
525 1444 641 1480 αὐτοῦ.
661 1441 755 1489 ’Ἤδη
778 1447 898 1492 μενοῦν
928 1445 962 1480 ἐν
981 1444 1030 1492 τῷ
1056 1441 1193 1492 Θανάτῳ

168 1504 321 1554 Χριστοῦ
346 1503 538 1554 σωζόμεΟα,
554 1502 632 1540 τότε
657 1502 692 1540 δὲ
713 1504 746 1539 ἐν
763 1504 835 1552 ζωῇ
863 1503 977 1541 αὐτοῦ.
993 1504 1131 1540 Οἰκεῖον
1153 1503 1193 1540 τὸ

166 1563 340 1614 σύμῧολον
356 1564 395 1602 τὸ
415 1563 463 1613 μὴ
486 1563 816 1614 καταλιμπάνεσῦαι
835 1565 903 1600 τῶν
921 1566 1032 1615 κρεῶν
1056 1566 1115 1601 τοῦ
1135 1562 1192 1600 Ου’-

168 1640 276 1675 ματος
296 1627 344 1668 εἷς
369 1625 410 1663 τὸ
428 1623 532 1676 πρωί.
552 1624 623 1662 Καὶ
643 1623 711 1677 γὰρ
729 1627 830 1674 ἡμεῖς
856 1624 935 1663 τότε
963 1626 1087 1667 ζῶντες
1114 1623 1191 1662 ἐσό-

168 1688 276 1735 μεΟα,
295 1685 352 1723 καὶ
382 1688 404 1731 ἡ
435 1689 594 1737 παροῦσα
626 1685 791 1736 νέκρωσις
818 1687 919 1736 ἡμῶν
948 1686 1112 1737 πάρεισι,
1133 1689 1191 1722 νῦν

167 1744 229 1795 μὲν
249 1748 311 1783 οὐκ
332 1746 445 1789 ἄλλως
465 1744 683 1796 σωζομένων,
705 1748 734 1783 εἷ
757 1745 805 1796 μὴ
823 1745 1091 1798 νεκρωθείημεν,
1114 1746 1192 1784 τότε

166 1805 202 1844 δὲ
218 1807 367 1853 ζωτικὴν
387 1807 535 1859 ἐχόντων
555 1805 742 1859 σωτηρίαν.
763 1806 825 1853 Μὴ
841 1806 884 1844 τὰ
911 1807 1067 1859 ἐπίγεια,
1088 1807 1191 1860 φησὶ,

168 1874 344 1919 φρονεῖτε·
361 1869 511 1907 ἀπέθανε
529 1867 617 1920 γὰρ,
637 1867 696 1905 καὶ
721 1872 743 1914 ἡ
774 1867 844 1915 ζωὴ
872 1869 968 1918 ὑμῶν
999 1868 1192 1920 κέκρυπται

168 1929 227 1967 σὺν
244 1933 294 1982 τῷ
311 1932 452 1983 Χριστῷ
479 1933 512 1969 ἓν
534 1933 584 1983 τῷ
605 1932 700 1982 Θεῷ.
715 1929 829 1967 σΟταν
860 1933 877 1968 ὁ
913 1931 1062 1983 Χριστὸς
1091 1946 1192 1983 φανε-

170 1994 262 2042 ρωθῇ
279 1994 299 2037 ἡ
317 1991 387 2038 ζωὴ
405 1994 514 2042 ὑμῶν,
530 1991 606 2029 τότε
637 1991 697 2028 καὶ
728 1993 826 2042 ὑμεῖς
845 1990 905 2029 σὺν
927 1993 1021 2043 αὐτῷ
1041 2007 1194 2045 φανερω-

169 2053 314 2100 θήσεσθε
330 2053 364 2090 ἐν
386 2052 478 2104 δόξῃ.
496 2051 559 2090 Διὸ
587 2052 646 2090 καὶ
664 2052 696 2089 εἴ
709 2068 743 2089 τι
757 2055 826 2090 τῶν
853 2055 963 2103 κρεῶν
991 2057 1050 2090 τοῦ
1069 2053 1193 2105 ἱερείου

167 2117 388 2167 περισσεῦον,
407 2113 491 2165 πυρὶ
507 2113 760 2158 κατακαίεται,
778 2113 820 2151 ἵν’
837 2113 1022 2164 εἰδείημεν,
1041 2114 1092 2153 ὅτι
1105 2115 1195 2153 κατὰ

168 2174 224 2212 τὸν
242 2178 301 2212 νῦν
323 2176 432 2217 αἰῶνα
460 2175 611 2228 Χριστὸς
635 2173 780 2220 τέθνηκε
799 2177 842 2226 τῇ
860 2175 1014 2227 ἁμαρτίᾳ
1033 2175 1169 2226 ἐφάπαξ
1188 2192 1194 2199 ·

168 2235 284 2272 οὐκέτι
304 2234 339 2273 δὲ
353 2234 498 2278 θάνατος
522 2238 627 2273 αὐτοῦ
639 2235 811 2286 κυριεύει,
836 2235 926 2274 ἀλλὰ
946 2236 1135 2289 ἀπείρηται
1149 2239 1193 2288 τῇ

168 2295 311 2346 δυνάμει
332 2300 391 2333 τοῦ
422 2295 646 2346 Πνεύματος,
663 2295 814 2348 ὡσπερεὶ
829 2297 957 2349 πυρὸς,
980 2297 1024 2335 τὰ
1046 2301 1105 2335 τοῦ
1133 2301 1195 2335 θα-

168 2356 270 2395 νάτου
299 2363 448 2407 σημεῖα,
476 2361 539 2403 τ’ῆς
569 2359 659 2402 ζωῆς
696 2358 994 2411 ἐπικρατησάσης.
1009 2359 1062 2396 Τὸ
1093 2358 1128 2397 δὲ
1153 2359 1194 2405 δὴ

169 2419 288 2455 ὀστοῦν
310 2419 347 2454 οὔ
376 2417 643 2468 συντριὸήσεται
672 2420 733 2456 ἀπ’
753 2420 866 2456 αὐτοῦ.
886 2419 985 2465 Φησὶ
1006 2419 1068 2470 μὲν
1091 2424 1108 2458 ὃ
1129 2436 1196 2471 μα-

170 2477 288 2526 κάριος
306 2477 469 2523 Ἰωάννης
489 2477 548 2515 καὶ
562 2482 772 2527 σωματικῶς
796 2479 1037 2532 πεφυλάχθαι,
1061 2479 1108 2530 μὴ
1135 2496 1196 2519 κα-

170 2536 363 2586 τεαγέντων
386 2539 489 2575 αὐτοῦ
505 2539 572 2574 τῶν
593 2539 746 2576 σκελῶν·
764 2539 837 2590 ἔχει
857 2539 892 2577 δὲ
923 2540 982 2578 καὶ
1007 2539 1070 2586 τὴν
1090 2557 1194 2579 πνευ-

174 2596 326 2646 ματικὴν
343 2597 507 2644 δήλωσιν,
526 2600 578 2635 ὅτι
599 2598 638 2636 τὸ
652 2599 794 2652 στεῤῥὸν
808 2600 848 2638 τὸ
867 2603 901 2638 ἐν
922 2602 1016 2653 αὐτῷ
1041 2601 1196 2652 διέμενεν

174 2657 359 2705 ἀήττητον,
386 2659 445 2696 καὶ
483 2658 539 2696 διὰ
576 2663 677 2697 τοῦτο
708 2660 817 2711 φθορὰ
851 2665 911 2698 τοῦ
941 2662 1102 2712 σώματος
1135 2665 1199 2714 οὔχ

173 2717 308 2770 ἥψατο,
342 2720 574 2772 στεῤῥοτάτην
609 2718 669 2758 iod
699 2720 929 2773 ἀσύντριπτον
963 2723 1107 2775 σχόντος
1132 2723 1196 2770 τὴν

175 2780 375 2833 ὓποὸάΟραν
389 2811 398 2828 ,
420 2781 476 2819 διὰ
490 2782 529 2819 τὸ
552 2780 650 2825 Οείως
667 2782 726 2820 καὶ
750 2782 798 2833 μὴ
827 2787 1000 2836 σαρκικῶς
1031 2788 1199 2831 συστῆναι

175 2840 213 2878 τὸ
233 2844 355 2891 σῶμα,
383 2841 442 2880 καὶ
463 2842 556 2880 θείαν
576 2843 725 2894 {fffftlnbe
756 2843 818 2890 τὴν
851 2844 1010 2896 γέννησιν
1032 2844 1081 2895 μὴ
1116 2849 1198 2884 ὕπο,

176 2905 312 2939 κεῖσθαι
327 2905 370 2953 τῇ
397 2906 465 2940 τῶν
499 2902 690 2954 ἀνθρώπων
721 2907 845 2955 φθορᾷ.
880 2904 924 2942 Ἡ
961 2904 1046 2963 σὰρξ
1075 2907 1199 2954 αὐτοῦ,

176 2962 292 3014 φησὶν,
309 2965 370 3001 οὐκ
389 2957 457 3002 εἶδε
473 2964 673 3016 διαφθοράν.
693 2965 817 3003 Ταῦτα
834 2966 915 3018 περί
935 2983 972 3004 τε
999 2971 1060 3014 τῆς
1082 2983 1201 3013 σωτη·

178 3022 250 3073 ρίου
269 3022 428 3074 χρήσεως
448 3028 511 3071 τῆς
535 3027 630 3076 ἱερᾶς
667 3024 828 3078 βρώσεως
856 3026 1058 3073 ἐξητακότες
1072 3058 1082 3073 ,
1105 3045 1201 3066 παυ-

177 3083 319 3135 σώμεθα
343 3088 402 3123 τοῦ
422 3084 525 3137 λόγου
555 3086 614 3124 καὶ
644 3090 715 3134 νῦν,
751 3089 798 3130 εἷς
831 3087 952 3139 ἑτέραν
977 3088 1131 3132 ἐξέτασιν
1157 3088 1202 3126 τὰ

179 3145 268 3195 μετὰ
288 3150 388 3183 τοῦτο
411 3146 681 3195 καταλιπόντες,
703 3147 897 3198 αἰτούμενοι
928 3149 1026 3200 παρὰ
1050 3154 1108 3188 τοῦ
1130 3152 1201 3188 Κυ-

181 3203 252 3256 ρίου
277 3203 340 3251 τὴν
372 3204 523 3252 αἴτησιν,
557 3205 599 3252 ἣν
627 3205 740 3244 Δαυὶδ
766 3206 944 3257 ᾐτήσατο·
964 3208 1203 3261 Ἀποκάλυψον

178 3261 257 3305 τοὺς
271 3262 467 3314 ὀφθαλμούς
482 3279 561 3313 μου,
577 3263 637 3301 καὶ
662 3264 871 3311 κατανοήσω
886 3265 931 3303 τὰ
963 3266 1143 3317 θαυμάσια
1165 3268 1204 3304 ἐκ

179 3324 238 3358 τοῦ
261 3320 368 3371 νόμου
393 3336 473 3368 σου,
495 3321 538 3359 ἵν’
569 3325 653 3373 ἡμῖν
682 3322 731 3372 μὴ
763 3324 1059 3376 εὐκαταφρόνητος
1089 3329 1111 3372 ἡ
1134 3329 1202 3363 τῶν

182 3378 339 3429 νομίμων
367 3380 559 3432 ἀνάγνωσις
585 3375 627 3433 ἦ,
655 3381 814 3434 καθάπερ
847 3381 1023 3426 Ἰουδαίοις
1048 3383 1111 3427 ἕως
1134 3385 1200 3422 τῶν

1267 337 1450 375 residuum
1468 337 1614 389 populi,
1638 337 1697 387 qui
1719 337 1764 374 ad
1785 337 1887 374 illum
1907 336 2163 376 convertendus
2185 346 2247 374 est.
2265 338 2312 366 2¹3·

1268 390 1307 427 ln
1330 389 1445 440 primo
1468 398 1586 426 autem
1606 388 1762 427 adventu
1789 390 2004 426 contrarium
2022 389 2143 428 videas
2162 403 2247 426 con-

1268 441 1416 491 tigisse;
1446 441 1538 478 illud
1563 455 1705 492 nempe,
1735 442 1888 492 Reliqui
1916 443 2071 478 domum
2099 456 2247 487 meam,
2266 454 2339 483 [sm.
2355 452 2448 492 579·

1267 493 1397 531 dimisi
1417 493 1680 530 hoereclitcztem
1704 507 1830 529 meam
1839 509 1852 536 ‚·
1880 502 1912 530 et
1939 493 2047 541 illud,
2077 494 2251 531 Tradidit

1267 547 1403 596 impios
1414 559 1483 596 pro
1501 546 1697 596 sepultura
1713 548 1814 597 ejus,
1833 553 1868 582 et
1882 546 2017 582 divites
2033 559 2102 596 pro
2118 555 2249 583 morte.

1269 596 1361 634 Cum
1385 597 1473 635 dicit
1492 611 1595 648 crgo,
1619 599 1744 648 Caput
1763 611 1851 635 eum
1869 598 2029 648 pedibus
2045 627 2054 645 ,
2075 597 2142 635 hoc
2161 612 2252 649 prai-

1268 649 1409 687 nuntiat
1437 650 1572 689 Judaeis
1592 666 1599 686 :
1619 649 1817 700 Inglorium
1842 650 1986 687 Domini
2011 649 2204 687 adventum
2232 665 2252 687 a

1268 701 1422 752 glorioso
1438 716 1481 739 ne
1495 702 1681 754 separetis,
1699 712 1737 740 ut
1756 716 1798 739 ne
1812 701 1987 739 inereduli
2006 702 2051 739 ab
2070 703 2144 753 ejus
2160 716 2253 739 com-

1268 754 1435 792 munione
1452 754 1673 806 separemini.
1692 755 1767 792 Sed
1789 757 1905 792 etiam
1926 769 2013 792 eum
2036 755 2226 792 intestinis
2239 785 2249 799 ‚

1269 805 1394 857 inquit.
1416 807 1514 853 Quid
1545 807 1611 845 hoe
1632 807 1713 844 est?
1734 808 1786 845 Ne
1806 806 2091 845 scandalizemini
2110 807 2153 844 de
2173 807 2253 853 illo,

1268 858 1361 908 quod
1395 859 1597 911 apparebit,
1628 859 1689 897 sed
1715 859 1920 898 abscondita
1949 860 2056 897 etiam
2077 858 2252 910 dispicite.

1269 911 1323 948 Ne
1343 911 1523 949 hominem
1541 926 1634 960 esse,
1655 912 1747 949 sicut
1764 926 1827 950 vos
1842 912 1943 953 estis,
1969 912 2187 957 existimate,
2211 926 2256 948 ex

1207 983 1255 1007 ‘257
1268 976 1307 1000 eo
1324 963 1420 1014 quod
1436 964 1497 1002 ille
1513 964 1706 1003 secundum
1723 978 1849 1016 eorpus
1869 964 1913 1001 sit
1929 964 2035 1001 homo
2048 980 2059 1013 3
2077 963 2136 1001 sed
2153 963 2256 1000 illum

1221 1022 1243 1048 Α
1268 1015 1499 1067 spiritualiter
1519 1017 1732 1068 cognoscite,
1751 1027 1784 1055 et
1806 1017 1840 1054 in
1861 1017 1938 1069 ipso
1958 1019 2099 1055 Patrem
2121 1030 2254 1066 cogno-

1269 1068 1384 1106 scetis.
1417 1071 1539 1107 Donec
1557 1084 1651 1107 emm
1677 1069 1773 1120 quod
1795 1070 1890 1107 intus
1909 1078 1960 1107 est
1986 1083 2056 1107 non
2087 1069 2255 1120 respicis,

1269 1135 1379 1171 neque
1395 1121 1641 1161 intestinorum
1660 1136 1800 1161 consors
1816 1136 1873 1168 eS‚
1895 1121 2054 1160 nondum
2073 1121 2256 1159 Christum

1268 1173 1413 1224 vidisti,
1436 1174 1618 1213 hominem
1635 1175 1739 1212 illum
1761 1189 1834 1213 esse
1859 1184 2006 1227 putans,
2033 1188 2100 1212 non
2120 1175 2250 1212 Deum.

1268 1225 1365 1263 Dicit
1385 1236 1504 1265 autem
1528 1229 1610 1278 ille,
1639 1229 1712 1278 Qui
1732 1229 1834 1266 vidit
1853 1242 1931 1273 me,
1955 1228 2056 1265 vidit
2077 1228 2250 1265 Patrem.
2270 1234 2358 1281 {van-
2376 1230 2456 1270 14«)-

1269 1278 1577 1318 Considerandum
1597 1289 1715 1318 autem
1745 1290 1796 1318 est
1812 1310 1823 1330 ,
1852 1279 1939 1331 quid
1964 1279 2009 1317 sit
2033 1279 2144 1328 illud,
2164 1281 2254 1317 Non
2269 1274 2370 1301 1²³'0d-
2388 1281 2434 1300 ¹2·

1267 1332 1492 1383 relinquetis
1512 1334 1559 1371 de
1579 1347 1622 1370 eo
1641 1347 1761 1386 usque
1780 1347 1903 1370 mane.
1923 1332 2019 1370 Illud
2035 1332 2168 1371 Paulus
2184 1346 2252 1369 no—
2273 1321 2390 1384 ζέαν,
2409 1362 2456 1382 Η,

1267 1383 1323 1421 bis
1342 1383 1591 1437 interpretetur
1611 1385 1752 1435 dicens,
1774 1385 2153 1423 Commemorationem
2171 1399 2254 1437 pas·
2269 1396 2320 1429 26,

1268 1435 1375 1474 sionis
1395 1438 1540 1476 Domini
1560 1438 1656 1485 fieri,
1670 1438 1782 1477 donec
1801 1438 1932 1478 veniat.
1951 1438 2019 1476 Illa
2034 1437 2128 1476 enim
2144 1451 2256 1488 usque

1267 1488 1312 1525 ad
1332 1497 1469 1528 tantum
1490 1491 1659 1543 temporis
1687 1491 1840 1543 spatium
1860 1491 2064 1543 perficitur,
2086 1499 2120 1528 et
2139 1498 2257 1529 servat

1267 1555 1323 1578 eos
1347 1543 1408 1592 qui
1437 1543 1650 1595 perficiunt,
1674 1543 1786 1581 donee
1810 1558 1962 1595 praesens
1981 1558 2053 1582 nox
2074 1551 2252 1592 transeat,

1267 1603 1301 1631 et
1320 1598 1535 1633 matutinum
1551 1596 1735 1646 adveniat,
1763 1596 1995 1648 Christusque
2011 1596 2135 1635 vivens
2154 1595 2257 1633 nobis

1265 1646 1310 1683 de
1329 1647 1413 1685 ezelo
1429 1649 1629 1700 splendeat,
1652 1663 1716 1701 per
1737 1648 1849 1688 vitam
1873 1663 1973 1687 suam
1987 1649 2088 1686 nobis
2107 1648 2257 1686 salutem

1265 1699 1424 1751 pariens,
1439 1702 1500 1751 qui
1521 1715 1582 1738 nos
1601 1715 1694 1739 nune
1706 1715 1769 1754 per
1784 1711 1933 1739 mortem
1951 1711 2079 1739 servat.
2097 1701 2137 1739 Si
2155 1704 2256 1739 enim
2275 1706 2356 1734 Rom-
2370 1704 2386 1733 5
2410 1713 2456 1733 ¹0-

1265 1766 1351 1789 eum
1370 1755 1518 1792 inimici
1536 1768 1713 1802 essemus,
1729 1754 1857 1803 inquit,
1871 1755 2113 1792 reconciliati
2126 1768 2255 1792 sumus

1266 1818 1351 1842 cum
1372 1808 1453 1843 Deo
1472 1821 1541 1858 per
1560 1816 1719 1844 mortem
1740 1807 1838 1844 Filii
1858 1810 1938 1859 ejus
1950 1823 1964 1852 ,-
1986 1808 2107 1845 multo
2130 1811 2255 1859 magis

1266 1859 1530 1905 reconciliati,
1555 1860 1656 1897 salvi
1672 1862 1813 1897 erimus
1838 1862 1879 1897 in
1903 1863 1990 1898 vita
2021 1863 2149 1912 ipsius.
2176 1862 2256 1900 Jam

1268 1924 1351 1961 ergo
1381 1911 1418 1948 in
1437 1921 1549 1949 morte
1571 1912 1707 1950 Christi
1738 1927 1948 1963 servamur,
1977 1922 2063 1951 tunc
2098 1927 2182 1952 vero
2220 1914 2255 1950 in

1268 1963 1344 2015 ejus
1372 1963 1458 2001 vita.
1486 1964 1603 2016 Hujus
1629 1974 1747 2002 autem
1773 1965 1823 2003 rei
1846 1967 2032 2018 proprium
2051 1966 2256 2019 symbolum

1270 2024 1346 2066 est,
1377 2016 1473 2067 quod
1507 2017 1599 2056 nihil
1639 2027 1799 2056 servetur
1829 2018 1873 2056 de
1907 2019 2073 2057 carnibus
2101 2019 2256 2059 victimfe

1271 2083 1383 2119 usque
1402 2083 1518 2107 mane.
1548 2071 1640 2107 Nam
1668 2084 1730 2108 nos
1750 2079 1835 2108 tunc
1860 2070 2020 2109 viventes
2049 2072 2203 2120 erimus,
2224 2081 2258 2110 et

1270 2130 1389 2159 nostra
1401 2136 1496 2159 nunc
1512 2123 1707 2161 mortalitas
1721 2123 1867 2171 transit,
1884 2138 1967 2161 cum
1982 2139 2050 2163 non
2065 2125 2136 2162 alio
2152 2125 2257 2163 modo

1270 2188 1364 2212 nunc
1393 2174 1545 2212 salutem
1573 2175 1794 2215 obtineamus
1823 2205 1833 2225 ,
1870 2177 1938 2214 nisi
1968 2177 2173 2215 mortificati
2204 2178 2257 2216 si—

1270 2241 1369 2276 mus,
1390 2237 1474 2265 tunc
1492 2242 1576 2267 vero
1601 2229 1778 2269 viventem
1790 2229 1949 2267 habituri
1964 2230 2074 2268 simus
2095 2231 2257 2268 salutem.

1271 2281 1330 2317 Ne
1360 2288 1514 2318 terrena
1537 2310 1549 2330 ,
1577 2281 1693 2332 inquit
1715 2313 1724 2331 ,
1759 2285 1922 2334 sapiatis
1939 2299 1950 2318 :
1983 2287 2126 2321 mortui
2155 2287 2258 2321 enim
2278 2288 2343 2316 Col·
2364 2287 2390 2317 3·
2412 2297 2455 2317 10-

1271 2335 1384 2380 estis,
1405 2342 1440 2371 et
1457 2336 1695 2372 vitamestra
1710 2336 1940 2373 abscondita
1965 2345 2021 2375 est
2037 2350 2123 2374 eum
2140 2338 2257 2374 Chri-
2273 2332 2344 2369 *4-

1271 2394 1328 2424 sto
1348 2388 1388 2423 in
1405 2387 1502 2424 Deo.
1530 2388 1695 2437 Quando
1714 2389 1889 2426 Christus
1906 2392 2149 2440 apparuerit,
2172 2393 2259 2428 vita

1271 2447 1422 2485 vestra,
1453 2447 1545 2476 tunc
1572 2448 1608 2477 et
1636 2453 1708 2477 vos
1728 2454 1815 2478 cum
1848 2442 1930 2492 ipso
1958 2444 2192 2493 apparebitis
2217 2446 2260 2479 in

1269 2491 1407 2543 gloria.
1437 2491 1663 2543 Quapropter
1694 2492 1723 2529 si
1745 2492 1833 2543 quid
1851 2507 1897 2530 ex
1914 2494 2081 2532 carnibus
2102 2494 2260 2533 victimae

1271 2543 1442 2594 supersit,
1463 2543 1537 2594 igni
1564 2553 1759 2593 crematur3
1781 2553 1820 2582 ut
1845 2545 1997 2583 sciamus
2018 2546 2203 2585 Christum
2222 2548 2258 2585 in

1271 2596 1433 2647 praesenti
1472 2596 1602 2634 saeculo
1629 2606 1811 2635 mortuum
1841 2599 1950 2637 fuisse
1980 2608 2122 2651 peceato
2152 2600 2259 2638 semel

1271 2657 1303 2685 et
1324 2658 1473 2685 mortem
1491 2662 1562 2686 non
1585 2648 1639 2686 illi
1658 2650 1753 2688 ultra
1775 2649 1976 2702 dominari,
1998 2651 2059 2690 sed
2077 2653 2259 2691 exclusam

1270 2700 1380 2738 fuisse
1405 2701 1539 2739 virtute
1568 2701 1745 2753 Spiritus,
1775 2703 1878 2753 quasi
1904 2704 1987 2756 igne
2001 2721 2012 2755 3
2031 2719 2118 2743 cum
2135 2706 2259 2743 mortis

1271 2752 1370 2804 signa
1386 2753 1461 2792 vita
1473 2754 1705 2805 superaverit.
1721 2758 1772 2794 Os
1783 2766 1913 2794 autem
1931 2771 2008 2795 non
2027 2760 2258 2797 comminue-
2273 2762 2375 2790 Exml·
2400 2769 2445 2789 ¹2·

1273 2814 1336 2843 tur
1348 2821 1395 2844 ex
1413 2821 1470 2844 eo.
1497 2807 1558 2844 Ait
1571 2808 1715 2857 quidem
1732 2809 1857 2847 beatus
1873 2810 2027 2849 ,Ioannes
2045 2811 2137 2849 illud
2153 2814 2259 2849 etiam
2272 2804 2322 2872 25·

1273 2859 1308 2896 in
1324 2873 1470 2910 corpore
1492 2869 1673 2899 servatum
1696 2861 1818 2910 fuisse,
1842 2863 1940 2913 quod
1961 2877 2064 2902 crura
2092 2864 2168 2915 ejus
2189 2879 2257 2902 non
2274 2857 2360 2915 ἕρπω
2380 2855 2424 2884 ¹9·

1274 2912 1450 2949 confracta
1481 2912 1612 2950 fuerint
1622 2929 1635 2964 5
1664 2913 1726 2952 sed
1751 2914 1859 2952 habet
1897 2916 2004 2953 etiam
2036 2916 2259 2968 spiritualem

1273 2963 1592 3015 significationem,
1623 2967 1707 3017 quia
1734 2967 1884 3006 firmitas
1911 2968 1947 3006 in
1966 2969 2030 3006 illo
2054 2969 2183 3007 mansit
2199 2970 2259 3007 in-

1273 3017 1371 3055 victa
1388 3032 1395 3052 :
1415 3016 1563 3068 ideoque
1577 3019 1757 3071 corruptio
1776 3034 1904 3073 corpus
1922 3022 1997 3073 ejus
2016 3035 2084 3059 non
2105 3022 2258 3072 invasit,

1276 3068 1374 3120 quod
1400 3069 1643 3109 firmissimam
1675 3081 1709 3110 et
1734 3072 1919 3111 infractam
1948 3074 2093 3111 haberet
2117 3074 2234 3111 basim
2249 3104 2259 3121 ,

1276 3122 1360 3172 quia
1395 3122 1588 3172 divinitus,
1613 3138 1683 3162 non
1713 3134 1833 3163 autem
1863 3126 2052 3163 carnaliter
2078 3127 2261 3164 constabat

1277 3188 1424 3227 corpus,
1444 3185 1478 3213 et
1503 3176 1586 3227 quia
1613 3192 1696 3215 cum
1719 3177 1880 3215 divinam
1896 3178 2041 3214 haberet
2064 3179 2261 3228 generatio-

1277 3241 1379 3275 nem,
1405 3228 1593 3267 hominum
1616 3230 1832 3281 corruptioni
1855 3230 2053 3280 subjectum
2080 3243 2149 3267 non
2169 3240 2258 3268 erat.
2280 3242 2345 3269 «lt-e.
2360 3247 2388 3266 2.
2410 3239 2442 3267 31
2467 3263 2473 3271 ‚

1280 3281 1380 3317 Caro
1394 3283 1496 3333 ejus,
1517 3281 1647 3332 inquit,
1671 3296 1747 3318 non
1763 3283 1866 3318 vidit
1885 3284 2178 3334 corruptionem.
2197 3283 2261 3321 His

1278 3331 1322 3369 de
1344 3333 1433 3370 sacri
1463 3333 1534 3371 cibi
1564 3348 1629 3371 usu
1651 3334 1797 3371 salutari
1823 3333 2010 3383 discussis,
2026 3335 2102 3386 jam
2120 3335 2262 3373 dicendi

1279 3385 1385 3423 finem
1400 3386 1582 3436 faciamus,
1600 3385 1645 3424 ad
1656 3385 1752 3424 aliud
1768 3400 1914 3424 examen
1930 3396 2051 3425 caetera
2065 3388 2264 3438 relinquen-
