2481 3678
90 2688 162 2713 lsai.
178 2687 228 2714 (313.

91 2729 134 2754 iffi.

88 3177 165 3201 Jnar!
189 3174 273 3202 (idiss.

91 3239 272 3276 mmmm.

297 207 390 267 546

295 304 342 342 ad
372 304 561 342 necessaria
583 313 739 353 utamur,
761 318 831 343 non
854 313 893 343 ut
919 304 1160 343 custodiamus
1183 304 1278 343 defo-

294 365 506 415 diamusque
529 381 536 402 :
557 365 627 403 hoc
643 366 738 403 enim
757 380 826 403 non
846 374 897 403 est
912 364 1103 417 possidere,
1123 365 1183 403 sed
1195 379 1275 417 pos-

294 426 416 464 sideri.
438 427 477 465 Si
497 427 591 465 enim
610 427 830 465 considerare
846 427 1078 475 voluerimus,
1100 426 1276 477 quomodo

293 487 374 525 illas
395 489 670 537 accumulemus,
691 503 759 526 non
781 497 822 526 ut
849 488 892 526 iis
914 488 960 525 ad
981 487 1173 526 necessaria
1192 497 1276 525 uta-

295 563 353 585 mu
360 563 393 598 r;
410 559 501 586 certe
514 549 676 587 inversus
689 548 775 586 ordo
794 558 857 597 est,
875 558 908 586 et
923 548 995 586 illae
1009 562 1071 586 nos
1084 548 1275 600 possident,

294 623 363 647 non
387 625 448 648 nos
466 611 560 648 illas.
582 611 637 647 Ah
655 610 721 647 hac
742 624 826 662 ergo
845 610 947 661 gravi
966 610 1136 649 servitute
1148 611 1276 648 libere·
1300 624 1323 654 c

294 685 388 719 mur,
411 681 443 708 et
464 670 656 720 aliquando
678 670 782 708 liberi
804 670 1010 709 evadamus.
1037 671 1138 717 Quid
1169 671 1274 708 innu-

294 746 389 769 mera
407 741 439 769 et
454 732 595 769 divorsa
611 732 712 770 nohis
733 732 878 770 vincula
895 732 1168 783 excogitamus?
1197 733 1274 770 Non

293 793 427 830 suflicit
443 793 508 830 tibi
531 802 664 830 naturae
684 793 884 843 vinculum,
904 802 938 831 et
956 793 1038 832 vitre
1070 793 1272 843 necessitas,

292 852 630 904 innumerarumque
650 867 770 891 rerum
790 854 892 891 turba
908 869 918 903 ;
946 855 1009 891 sed
1028 854 1090 891 illa
1118 853 1185 891 tibi
1206 854 1275 906 ipsi

291 913 401 950 nectis
429 914 527 961 retia,
545 923 576 951 et
611 913 654 951 iis
674 913 779 965 pedes
808 913 1048 965 constringis?
1068 914 1116 951 Et
1133 914 1275 964 quando

292 974 417 1012 caelum
441 974 697 1026 apprehendes,
719 983 753 1011 et
780 974 815 1011 in
834 983 931 1011 tanta
947 974 1166 1011 sublimitate
1184 984 1275 1012 stare

291 1035 422 1085 poteris
438 1036 455 1072 Ξ)
471 1034 680 1086 Optandum
703 1042 805 1081 certe,
820 1033 1016 1085 optandum
1033 1034 1153 1083 utiquc
1172 1044 1273 1082 esset,

291 1095 347 1133 his
362 1096 507 1132 succisis
527 1095 684 1140 funibus,
710 1108 899 1145 supernam
917 1093 1015 1130 adire
1032 1108 1133 1145 posse
1151 1094 1274 1132 civita-

289 1165 370 1193 tem.
394 1157 465 1193 Tot
494 1156 563 1193 alia
584 1164 714 1192 restant
750 1154 1121 1206 impedimenta5quae
1156 1155 1275 1192 omnia

290 1226 330 1254 ut
359 1231 565 1269 superemus
579 1246 590 1266 ,
628 1224 873 1268 paupertatem
914 1215 1182 1267 amplectamur.
1214 1216 1275 1253 Sic

289 1277 383 1315 enim
401 1287 567 1315 aeternam
584 1291 839 1327 consequemur
852 1276 979 1322 vitam,
998 1276 1109 1328 gratia
1125 1286 1158 1314 et
1175 1276 1275 1314 beni-
1299 1278 1322 1307 D

289 1340 424 1391 gnitate
449 1339 594 1377 Domini
620 1338 731 1377 nostri
749 1340 834 1377 Jesu
854 1338 1002 1388 Christi,
1022 1338 1078 1376 cui
1102 1338 1215 1390 gloria
1236 1339 1272 1378 in

290 1401 417 1438 safcula
434 1400 655 1439 saeculorum.
676 1402 801 1438 Amen.

742 224 779 253 S.
817 224 1001 254 JOANMS
1037 223 1280 254 CllRYSOST.

337 1580 349 1594 '‘
375 1579 446 1621 [Ita
469 1578 573 1611 Savil.
603 1578 787 1621 Legebatur
814 1584 1027 1624 ἀντέτραπται.
1054 1576 1163 1610 Codd.
1191 1578 1295 1609 nostri

290 1632 535 1676 ἀντέστ,εεπται.]

574 1874 783 1912 HOMILIA
808 1871 981 1911 LXXXI.

288 2002 377 2038 Ciu»,
398 1998 519 2037 XVII.
536 2011 572 2035 v.
589 1998 626 2035 6.
650 1997 910 2050 Manifestavi
925 2008 1063 2032 nomen
1081 2002 1188 2032 tumn
1205 1995 1274 2032 ho·-

340 2062 520 2105 minibus,
540 2073 633 2111 quos
646 2059 786 2096 dedisti
799 2059 895 2095 mihi
910 2058 957 2094 de
974 2057 1130 2094 mundo.
1143 2058 1180 2094 7.
1203 2059 1274 2095 Tui

339 2129 463 2166 erant,
499 2128 535 2157 et
572 2120 668 2156 mihi
695 2133 758 2157 eos
793 2119 946 2165 dedisti,
989 2126 1025 2155 et
1062 2131 1273 2156 sermonem

340 2190 446 2219 tuum
466 2188 728 2218 servaverunt.

340 2307 374 2340 1.
400 2302 523 2353 Magni
552 2301 690 2339 consilii
716 2300 872 2352 Angelus
896 2299 1029 2337 dicitur
1054 2299 1169 2337 Filius
1189 2300 1271 2350 Dei,

285 2374 317 2403 et
339 2364 492 2401 aliorum
517 2377 596 2413 quie
625 2361 744 2399 docuit
773 2360 899 2412 gratia,
927 2370 961 2398 et
988 2360 1166 2412 praecipue
1191 2360 1274 2411 quia

284 2427 424 2463 Patrem
440 2424 647 2462 hominibus
666 2422 893 2460 annuntiavit
917 2438 924 2458 :
944 2422 1040 2472 quod
1061 2431 1094 2459 et
1113 2436 1207 2460 nunc
1221 2422 1274 2460 di-

283 2487 344 2534 cit,
369 2487 627 2538 M‘arzg‘sestcwi
648 2498 787 2520 nomen
807 2492 914 2520 tuum
934 2484 1164 2520 hominibus.
1182 2484 1274 2520 Nam

283 2562 363 2585 cum
379 2547 527 2585 dixisset
539 2560 574 2583 se
582 2544 768 2597 perfecisse
782 2558 871 2596 opus
885 2544 995 2592 illius,
1010 2553 1129 2581 narrat
1144 2544 1274 2582 deinde

283 2609 372 2659 qnid
400 2607 492 2645 illud
517 2621 605 2659 opus
634 2606 689 2643 sit.
716 2605 823 2656 Atqui
851 2605 1076 2643 manifestum
1100 2615 1174 2644 erat
1206 2620 1271 2644 no-

1324 223 1527 253 Ancumr.
1567 223 1922 255 CONSTANTINOP.

1349 308 1450 343 τοῦτο
1468 304 1637 357 χρήματα
1664 305 1825 358 λέγεται,
1852 307 1908 345 ἵνα
1934 306 2100 360 χρώμεθα
2133 309 2179 351 εἰς
2199 306 2285 357 δέον,
2304 310 2368 361 οὔχ

1349 364 1404 403 ἵνα
1423 366 1650 418 φυλάττωμεν
1679 367 1738 404 καὶ
1771 366 2038 419 κατορύττωμεν
2056 383 2063 391 ·
2092 371 2193 406 τοῦτο
2211 368 2278 420 γὰρ
2305 372 2368 408 οὐκ

1350 425 1423 463 ἔστι
1447 426 1662 472 κτήσασθαι,
1684 427 1773 464 ἀλλὰ
1801 431 1984 474 κτηθῆναι.
2012 429 2057 466 Εἰ
2075 428 2142 480 γὰρ
2163 434 2263 467 τοῦτο
2283 428 2368 479 μέλ-

1348 490 1468 538 λοιμεν
1486 493 1639 534 σκοπεῖν,
1656 487 1749 531 ὅπως
1766 488 1854 526 αὐτὰ
1867 489 1979 527 πολλὰ
1995 489 2217 540 ποιήσαιμεν,
2232 490 2298 541 οὐχ
2311 488 2368 528 ἵνα

1349 548 1601 600 ἀπολαύσωμεν
1634 551 1680 592 εἷς
1706 549 1792 598 δέον,
1813 551 1832 569 *
1846 549 2102 602 ἀντέστραπται
2121 554 2141 597 ἡ
2161 549 2255 593 τάξις
2270 578 2280 597 ,
2308 549 2368 588 καὶ

1348 612 1462 648 ἐκεῖνα
1488 613 1582 660 ἡμᾶς
1601 609 1792 657 κέκτηται,
1822 612 1888 662 οὐχ
1908 613 2009 660 ἡμεῖς
2037 613 2164 649 ἐκεῖνα.
2185 612 2366 648 'Amma-

1348 674 1464 723 γῶμεν
1483 671 1595 710 τοίνυν
1620 674 1682 716 τῆς
1706 672 1865 723 χαλεπῆς
1882 671 2011 718 ταύτης
2031 671 2201 719 δουλείας,
2230 670 2288 718 καὶ
2307 686 2367 722 γε-

1347 731 1487 807 νώμεΟοί
1505 749 1589 771 ποτε
1603 732 1783 784 ἐλεύθεροι.
1797 731 1844 769 Τί
1865 731 2006 785 μυρίους
2020 734 2150 775 ἑαυτοῖς
2166 733 2367 781 ἐπινοοῦμεν

1348 794 1407 831 καὶ
1428 793 1604 837 ποικίλους
1629 793 1792 843 δεσυούς;
1816 794 1894 830 Οὐκ
1919 795 2016 844 ἀρκεῖ
2036 807 2089 831 σοι
2115 809 2147 830 τ
2137 795 2176 838 ἧς
2199 791 2330 844 φύσεως
2350 795 2368 830 ὁ

1349 855 1492 905 δεσμος,
1513 871 1571 893 και
1599 859 1661 901 τῆς
1691 856 1778 900 ζωῆς
1798 858 1819 900 ἡ
1841 854 1995 906 &vnis-11⁷1,
2027 854 2087 892 καὶ
2111 858 2214 916 οβων
2235 869 2316 906 μυρι
2311 869 2366 891 ,ων

1348 931 1420 967 πρα
1422 931 1564 967 γματων
1583 916 1703 968 ὅγ’λος
1734 915 1824 953 ἀλλὰ
1849 932 1908 953 και
1938 915 2038 967 ἕτεροί
2070 931 2203 953 σεαυτω
2227 914 2368 957 πλέκεις

1348 976 1489 1024 δίκτυα,
1510 993 1568 1014 και
1583 983 1654 1020 τοῖς
1672 992 1754 1014 ποσι
1769 976 2007 1028 περιέοίλ)εις;
2025 976 2093 1015 Καὶ
2113 976 2196 1014 πότε
2210 977 2289 1014 ἐπιλ
2291 974 2364 1026 ήὼῃ

1346 1052 1405 1074 του
1421 1039 1584 1088 οὐρανου,
1604 1053 1662 1074 και
1677 1037 1761 1089 πρὸς
1776 1053 1815 1075 το
1828 1036 1940 1088 ὕῙαοςῦ
1950 1041 2073 1084 στῆναι
2088 1039 2196 1075 ἐκεῖνο
2210 1036 2361 1087 δυνήσῃ·
2354 1066 2363 1083 ,

1346 1096 1540 1148 Ἀγαπητὸν
1565 1097 1650 1150 γὰρ,
1670 1097 1861 1149 ἀγαπητὸν,
1878 1098 1994 1135 πάντα
2020 1102 2131 1135 ταῦτα
2151 1097 2367 1149 διακόψαντα

1346 1157 1390 1196 τὰ
1411 1157 1546 1209 σχοινία
1567 1159 1752 1203 δυνηθῆναι
1781 1157 2007 1196 ε’πιλαὸέσθαι
2033 1162 2095 1204 τῆς
2124 1158 2194 1196 ἅνω
2213 1160 2346 1201 πόλεως
2360 1173 2367 1179 ·

1346 1224 1499 1257 τοσαῦτα
1514 1218 1614 1270 ἕτεροί
1639 1217 1772 1256 ἐστιτὰ
1791 1218 1981 1269 κωλύματα
2000 1235 2007 1242 ·
2032 1218 2120 1271 ἅπερ
2135 1217 2191 1256 ἵνα
2211 1219 2365 1264 νικήσω-

1349 1295 1411 1330 μεν
1427 1279 1566 1317 ἅπαντα
1579 1309 1588 1326 ,
1608 1281 1670 1324 τῆς
1690 1278 1862 1322 εὐτελείας
1881 1278 2054 1331 ἐχώμεθα.
2071 1278 2176 1318 Οὕτω
2194 1278 2262 1331 γὰρ
2284 1281 2365 1317 ἐπι-

1347 1340 1530 1392 ληψόμεθα
1559 1339 1616 1378 καὶ
1642 1342 1704 1385 τ’ἧς
1729 1339 1867 1378 αἰωνίου
1886 1342 1975 1387 ζωῆς
1990 1371 2000 1388 ,
2015 1340 2135 1391 χάριτι
2167 1339 2226 1378 καὶ
2244 1341 2362 1392 φιλαν-

1348 1401 1484 1454 θρωπία
1502 1406 1560 1440 τοῦ
1586 1400 1716 1453 Κυρίου
1742 1404 1841 1452 ἡμῶν
1858 1401 1974 1448 Ἰησοῦ
2006 1402 2175 1455 Χριστοῦ,
2193 1394 2221 1452 ᾧ
2241 1403 2261 1447 ἡ
2286 1399 2367 1445 δόξα

1347 1463 1393 1505 εἷς
1409 1460 1485 1504 τοὺς
1505 1463 1632 1503 αἰῶνας
1651 1463 1718 1498 τῶν
1739 1458 1885 1497 αἰώνων.
1906 1458 2027 1510 Ἀμήν.

1407 1578 1423 1600 h
1447 1575 1508 1608 Alii
1523 1582 1695 1613 ἀναστῆναι.

1714 1873 1893 1911 ΟΜΙΛΙΑ
1922 1871 1994 1910 πα’.

1345 1995 1573 2049 Ἐφανέρωσά
1598 2011 1658 2034 σου
1675 1995 1714 2033 τὸ
1728 1995 1837 2045 ὄνομα
1850 2000 1920 2039 τοῖς
1937 1994 2129 2048 ἀνθρώποις
2141 2025 2150 2042 ,
2166 1993 2222 2038 οὒς
2237 1993 2370 2036 ἔδωκάς

1401 2073 1459 2107 μοι
1473 2059 1511 2094 ἐκ
1526 2056 1673 2106 κόσμου.
1701 2056 1764 2094 Σοὶ
1782 2050 1884 2102 ἦσαν,
1903 2055 1962 2094 καὶ
1977 2056 2054 2106 ἐμοὶ
2070 2054 2193 2098 αὐτοὺς
2212 2055 2342 2097 ἔδωκας
2357 2084 2369 2101 ,

1400 2118 1458 2156 καὶ
1474 2117 1530 2156 τὸν
1550 2117 1650 2169 λόγον
1670 2133 1730 2155 σου
1746 2132 1827 2164 τετη
1835 2117 1972 2170 ρήκασι.

1398 2302 1567 2353 Μεγάλης
1584 2302 1709 2352 βουλῆς
1730 2300 1873 2351 ἄγγελος
1892 2298 2030 2350 λεγεται
2049 2301 2067 2336 ὃ
2081 2299 2138 2337 Υε
2117 2315 2163 2342 ιος
2181 2303 2241 2336 τοῦ
2261 2300 2368 2346 Θεοῦ,

1345 2380 1414 2403 των
1436 2380 1474 2401 τε
1496 2364 1644 2400 ἄλλων
1633 2377 1727 2399 ενεκε
1730 2377 1746 2398 ν
1774 2365 1820 2398 ὡν
1843 2359 1996 2407 ἐδίδαξε,
2021 2376 2081 2398 και
2100 2359 2369 2412 προηγουμένως

1346 2425 1398 2463 ὅτι
1413 2441 1469 2463 τον
1493 2423 1638 2474 Πατέρα
1660 2425 1707 2465 εἷς
1737 2421 1937 2474 ἀνθρώπους
1956 2421 2186 2472 κατήγγειλε·
2205 2420 2290 2472 ὅπερ
2310 2423 2367 2458 οὖν

1346 2486 1405 2525 καὶ
1420 2491 1476 2524 νῦν
1492 2501 1595 2537 φησιν
1614 2500 1621 2507 ·
1643 2483 1872 2535 Ἐφανέρωσά
1893 2499 1952 2520 σου
1967 2481 2004 2520 τὸ
2019 2482 2128 2531 ὄνομα
2146 2488 2216 2524 τοῖς
2238 2481 2368 2534 ἀνθρώ-

1347 2564 1434 2591 ποις.
1458 2545 1579 2584 Εἰπὼν
1596 2545 1661 2597 γὰρ
1674 2576 1682 2592 ,
1700 2544 1753 2583 ὅτι
1773 2541 1988 2581 Ἐτελείωσοί
2005 2558 2063 2580 σου
2080 2542 2119 2580 τὸ
2139 2542 2249 2593 ἔργον,
2266 2541 2368 2586 ἐπεξ-

1347 2614 1482 2659 ηγεῖται
1511 2606 1616 2644 πάλιν
1659 2605 1763 2651 αὐτὸ,
1797 2603 1907 2656 λέγων
1937 2608 2035 2640 ποῖον
2063 2602 2173 2655 ἔργον.
2202 2602 2270 2640 Καὶ
2298 2601 2368 2652 μὴν

286 2684 378 2706 men
397 2671 488 2707 Nun
503 2668 572 2705 lsai
577 2682 613 2705 is
629 2667 710 2704 ait.
729 2666 883 2706 Jmastis
904 2668 1021 2704 Deum
1043 2681 1178 2705 verum.
1197 2669 1271 2706 Ve-
1287 2691 1334 2715 [⁴78
1349 2670 1481 2715 δηλον
1465 2684 1506 2714 ην
1520 2667 1559 2706 τὸ
1574 2667 1695 2717 ὄνομα.
1714 2665 1784 2703 Καὶ
1798 2664 1893 2716 γὰρὸ
1907 2663 2071 2710 Ἥσαίας,
2086 2662 2207 2714 φησίν
2219 2665 2369 2714 ὠμεῖσθε

287 2745 380 2773 ium
409 2739 446 2765 ut
472 2744 560 2780 sepe
584 2728 679 2777 dixi,
707 2737 740 2765 et
768 2741 862 2765 nunc
888 2727 1020 2775 dicam,
1048 2728 1273 2766 manifestum
1300 2730 1323 2755 A
1348 2746 1405 2767 τοι
1426 2729 1515 2767 Θεον
1531 2727 1587 2765 τὸν
1606 2725 1779 2773 ἀληθινόν.
1804 2724 1894 2762 Ἀλλ’
1916 2724 1932 2762 ὃ
1948 2723 2117 2765 πολλάκις
2140 2727 2250 2771 εἶπον,
2268 2727 2370 2762 τουτο

285 2791 371 2838 suit,
388 2790 449 2827 sed
474 2790 554 2828 ,alud
559 2790 624 2837 ris3
643 2803 755 2839 neque
779 2789 850 2826 illis
871 2758 1068 2826 omnibtis:
1089 2804 1183 2828 nunc
1205 2805 1272 2828 au-

288 2861 356 2888 tem
362 2822 420 2888 >de
437 2851 627 2899 gentilibus
646 2850 818 2900 loquitur.
839 2850 961 2899 Neque
980 2849 1047 2887 hoc
1063 2858 1202 2888 tantum
1221 2850 1271 2888 si-

287 2913 445 2963 gnificat,
469 2911 529 2948 sed
548 2912 642 2963 quod
657 2912 794 2948 Patrem
812 2911 917 2948 illum
935 2925 1008 2949 esse
1028 2922 1178 2950 nossent.
1195 2914 1273 2951 Non

289 2974 381 3011 idem
414 2986 498 3009 vero
531 2980 581 3007 cst
611 2971 698 3007 seire
723 2971 841 3022 ipsum
872 2985 944 3008 esse
970 2972 1191 3020 Creatorem,
1223 2982 1271 3022 et,

287 3035 421 3072 Filium
442 3032 582 3069 habere.
604 3031 845 3068 Manifestavit
865 3041 981 3068 autem
1000 3046 1125 3070 nomen
1147 3034 1221 3085 ejus
1240 3043 1273 3071 et

288 3095 420 3136 verbis,
444 3102 476 3130 et
497 3092 612 3129 rebus.
638 3092 739 3140 Quos
766 3091 906 3128 dedisti
932 3094 1028 3129 mihi
1046 3094 1093 3130 de
1113 3095 1268 3132 mundo.

289 3153 601 3202 Quemadmodum
617 3166 722 3203 supra
738 3150 845 3199 dixit,
868 3153 989 3188 Nemo
1005 3157 1111 3191 venit
1127 3155 1269 3201 adme,

290 3221 364 3256 nisi
382 3221 416 3254 ei
435 3215 726 3267 tlatmnfuert‘t;
742 3221 788 3259 ct,
806 3213 894 3249 Nisi
910 3217 1069 3251 traxerit
1088 3229 1173 3252 eum
1193 3218 1273 3254 Pa-

289 3287 346 3314 ter
373 3288 477 3313 meus
498 3289 507 3310 :
530 3273 580 3310 sic
599 3280 632 3309 et
652 3271 720 3308 hoc
748 3270 837 3316 loeo,
868 3270 969 3319 Quos
995 3271 1134 3308 dedisti
1162 3275 1270 3311 mihi.

289 3337 393 3388 Atqui
422 3350 457 3373 sc
485 3334 582 3373 viam
612 3346 684 3370 esse
712 3331 817 3368 dixit.
842 3330 947 3368 Unde
971 3331 1090 3382 palam
1118 3342 1168 3369 est
1190 3348 1271 3371 eum

289 3401 360 3439 duo
377 3401 429 3437 hia
443 3398 657 3449 siguificare,
677 3393 772 3446 quod
792 3407 915 3445 nempe
931 3407 999 3432 non
1016 3395 1061 3432 sit
1078 3395 1170 3433 Patri
1188 3410 1271 3434 con-

1347 2807 1405 2828 και
1434 2795 1489 2828 νῦν
1518 2789 1571 2827 λε
1560 2804 1630 2861 γω,
1655 2787 1708 2826 ὅτι
1728 2789 1758 2824 εἰ
1778 2802 1837 2824 και
1855 2787 1957 2832 δῆλον
1985 2788 2040 2831 ἠν,
2070 2786 2145 2822 ἀλλ’
2169 2784 2368 2834 Ἰουδαίοις,

1347 2852 1406 2890 καὶ
1429 2850 1504 2889 ουδὲ
1521 2849 1653 2891 τούτοις
1678 2853 1786 2886 πᾶσι·
1814 2846 1888 2883 νυνὶ
1904 2845 1940 2884 δὲ
1959 2845 2039 2897 περὶ
2057 2848 2125 2883 τόν
2145 2847 2250 2882 ἐθνῶν
2271 2861 2368 2898 φησι.

1349 2911 1417 2949 Καὶ
1433 2913 1470 2949 οὐ
1489 2913 1589 2948 τοῦτο
1610 2907 1710 2959 μόνον
1739 2908 1859 2952 δηλοῖ,
1886 2907 1960 2943 ἀλλ’
1980 2905 2032 2943 ὅτι
2055 2905 2114 2943 καὶ
2135 2904 2280 2958 Πατέρα
2302 2907 2365 2942 αὖ-

1347 2973 1403 3010 τὸν
1424 2971 1589 3023 ἔγνωσαν.
1610 2971 1686 3007 Οὐκ
1698 2968 1771 3006 ἔστι
1787 2967 1822 3004 δὲ
1839 2967 1955 3017 ὅμοιον
1976 2970 2111 3017 μαθεῖν,
2133 2965 2185 3004 ὅτι
2206 2967 2369 3017 δημιουρ-

1348 3032 1405 3084 γός
1422 3035 1495 3070 ἐστι
1508 3062 1517 3078 ‚
1534 3031 1592 3078 καὶ
1609 3029 1660 3067 ὅτι
1676 3028 1759 3066 Υἱὸν
1780 3027 1865 3080 ἔχει.
1883 3027 2106 3080 Ἰζφανέρωσε
2128 3026 2163 3064 δὲ
2192 3029 2293 3064 αὐτοῦ
2324 3026 2364 3063 τὸ

1347 3095 1455 3143 ὄνομα
1489 3093 1548 3130 καὶ
1585 3090 1641 3128 διὰ
1658 3089 1781 3140 λόγων,
1798 3088 1856 3126 καὶ
1874 3088 1929 3126 διὰ
1949 3087 2177 3139 πραγμάτων.
2196 3086 2268 3128 Οὒς
2288 3087 2369 3124 ἔδω-

1347 3154 1409 3197 κάς
1423 3169 1482 3204 μοι
1496 3155 1534 3190 ἐκ
1547 3156 1606 3189 τοῦ
1620 3150 1761 3200 κόσμου.
1780 3148 1914 3200 εΏσπερ
1930 3148 2092 3199 ἀνωτέρω
2107 3146 2209 3199 φησίν
2221 3163 2228 3169 ·
2244 3147 2368 3190 Οὐδεὶς

1348 3216 1486 3267 ἔρχεται
1499 3212 1584 3265 πρός
1601 3228 1664 3262 με,
1681 3211 1738 3248 ἐὰν
1757 3209 1804 3259 μὴ
1818 3204 1840 3260 ἧ
1858 3208 2036 3258 δεδομένον
2053 3210 2165 3245 αὐτῶ·
2184 3206 2263 3254 καὶ,
2281 3206 2366 3245 Ἰέὰν

1349 3275 1396 3325 μὴ
1425 3272 1552 3324 ἑλκύσῃ
1581 3272 1683 3310 αὐτὸν
1705 3274 1722 3308 ὃ
1742 3269 1868 3320 Πατήρ
1899 3284 1980 3319 υ.·ου
2003 3268 2091 3305 ούτω
2111 3284 2170 3305 και
2201 3269 2368 3314 ἐνταῦθα,

1346 3336 1444 3378 (ὣς
1435 3334 1566 3377 ε’δωκοίς
1584 3349 1652 3383 μοι.
1672 3331 1738 3369 Koa
1760 3329 1827 3380 μὴν
1850 3328 1948 3371 αυτός
1968 3344 2071 3381 φησιν
2088 3328 2163 3366 ὁδὸν
2182 3330 2295 3365 εἰναι
2282 3343 2366 3365 εαυ-

1347 3411 1414 3433 τον
1435 3394 1541 3433 ὈΟεν
1566 3395 1690 3448 δηλον,
1711 3390 1763 3429 ὁτι
1795 3389 1854 3427 δύο
1875 3392 2019 3428 ἐνταῦθα
2041 3388 2289 3432 κατασκευάζει
2312 3387 2369 3425 διὰ
