2522 3683
82 2969 159 2994 lt'ml.
191 2979 214 2995 v.
235 2977 262 2995 2.

307 201 400 257 754

1266 213 1420 243 SPURIA

305 298 423 333 vineoe
442 297 658 334 custodiam
687 304 824 334 erasm
855 304 910 334 est
931 296 1114 334 dextera:
1131 309 1236 346 quam
1265 293 1450 332 historiam
1474 292 1640 345 pluribus
1667 292 1776 331 habes
1798 301 1996 330 enarratam
2015 292 2050 330 in
2074 292 2230 330 Homilia
2256 292 2373 345 Chry-

247 370 276 393 98
301 358 444 397 sostomi
464 358 508 396 de
526 359 724 407 Barlaamo,
739 359 853 396 Tomo
875 361 914 407 9,
933 372 969 411 p.
990 358 1078 397 559.
1103 357 1298 395 Antiochiae
1321 370 1402 395 vero
1424 356 1461 394 S.
1484 354 1663 394 Barlaami
1680 353 1756 393 dies
1782 355 1891 393 festus
1913 368 2042 407 magna
2061 354 2263 393 celebritate
2282 354 2374 393 cole-

298 421 415 470 batur,
435 430 475 459 ut
495 421 531 459 in
550 430 671 459 nostro
689 420 737 458 ad
752 420 852 457 illam
870 419 1057 458 homiliam
1070 419 1209 458 Monito
1222 418 1356 457 ibidem
1375 417 1628 471 deprehendas.

351 482 483 521 Habita
501 482 569 520 fuit
586 482 633 520 ad
653 480 922 532 illuminandos,
944 481 1020 519 sive
1038 480 1085 519 ad.
1104 495 1174 527 eos,
1190 481 1253 532 qni
1274 479 1493 532 baptismum
1511 477 1708 531 suscepturi
1725 487 1837 525 erant,
1854 477 1889 516 in
1904 492 2057 530 quorum
2073 492 2220 516 numero
2238 477 2375 529 aliquos

297 546 499 597 peregrinos
520 560 592 583 esse
609 544 697 582 dicit
724 544 761 582 in
784 544 861 596 ipso
879 544 1070 597 principio,
1090 547 1159 598 ὁρῶ
1174 547 1216 596 τῇ
1232 543 1362 594 ποίμνῃ
1390 546 1457 581 τῶν
1481 541 1633 581 εὐσεὸῶν
1656 541 1855 592 μεμιγμένα
1874 541 2033 595 πρόὸατα
2049 541 2126 586 ξένα
2141 557 2148 578 :
2161 542 2279 579 Video
2290 554 2375 592 per-

298 611 439 645 mixtas
456 610 608 676 pior-um
627 610 732 659 gregi
752 620 839 644 oves
857 608 1095 658 peregrinas,
1119 605 1195 645 sive
1214 605 1407 652 insolitas,
1431 613 1470 643 ut
1491 603 1597 644 vertit
1612 603 1744 641 Fronto
1761 604 1925 641 Dueaeus.
1950 603 2040 641 Cum
2055 617 2160 655 porro
2182 602 2373 656 φωτισμός,

296 683 354 706 sen
375 670 587 722 baptismus,
603 669 695 707 circa
713 678 852 721 tempus
877 668 1060 707 paschatis
1078 669 1228 707 conferri
1248 668 1393 717 solebat,
1414 668 1498 706 hinc
1518 666 1638 705 inferri
1659 680 1760 719 posse
1784 665 1930 706 videtur
1959 665 2054 704 illud
2077 665 2215 704 circiter
2233 674 2374 718 tempus

294 732 452 769 habitam
473 733 658 771 homiliam
676 732 794 770 fuisse.

348 792 595 843 Interpretatio
614 793 738 831 Latina
755 801 806 831 est
828 792 1015 830 Frontonis
1035 791 1168 829 Ducaei.

346 1119 430 1157 mile
445 1125 496 1156 cst
511 1129 659 1168 regnum
676 1113 843 1151 caelorum
858 1110 996 1148 homini
1011 1108 1275 1162 patrifamilias,

345 1181 406 1231 qui
428 1178 516 1218 exiit
543 1177 660 1230 primo
690 1187 791 1212 mane
820 1171 1014 1210 conducere
1042 1170 1220 1224 operarios
1241 1170 1277 1207 in

343 1243 484 1281 vineam
503 1253 620 1289 suam5
637 1246 674 1276 et
696 1250 780 1288 qzcoe
799 1241 1022 1286 sequuntur.

343 1374 377 1409 1.
396 1369 512 1410 Video
524 1365 722 1421 permixtas
732 1364 874 1417 piorum
890 1361 987 1414 gregi
1002 1375 1086 1401 oves
1100 1360 1273 1412 insolitas,

288 1438 404 1463 reeens
420 1422 576 1461 Pastoris
593 1418 741 1458 caelestis
755 1418 898 1469 signum
914 1415 950 1453 in
971 1414 1146 1453 frontibus
1162 1414 1276 1452 feren—

287 1487 359 1523 tes;
383 1485 417 1514 et
448 1474 617 1514 doetrinae
644 1472 798 1512 virentes
825 1469 954 1507 herbas
981 1466 1137 1506 nancisei
1169 1467 1274 1517 volo,

287 1545 365 1583 quae
388 1528 598 1569 conveniant
616 1523 699 1564 etim
717 1524 803 1572 illis,
819 1522 883 1574 qui
902 1521 1052 1573 gratiam
1067 1521 1142 1572 jam
1159 1528 1275 1571 gusta-

285 1592 428 1630 verunt,
452 1591 529 1620 tum
556 1580 617 1628 iis,
645 1577 707 1629 qui
733 1575 880 1628 spiritus
900 1588 1045 1625 gramen
1072 1572 1273 1625 decerpturi

285 1646 367 1674 sunt
383 1653 390 1672 :
407 1644 447 1672 ut
465 1633 623 1687 ejusdem
642 1628 831 1669 catechesis
851 1637 884 1665 et
903 1626 1135 1664 institutionis
1151 1634 1273 1678 pastus

284 1689 333 1727 eis
352 1688 514 1740 quidem,
535 1685 598 1738 qui
625 1681 795 1736 baptizati
817 1689 898 1719 sunt
919 1688 952 1717 et
972 1678 1183 1727 illuminati,
1207 1678 1272 1715 do-

283 1757 410 1780 norum
430 1740 499 1779 Dei
517 1737 726 1778 memoriam
740 1734 880 1772 refricet
886 1748 896 1783 3
917 1746 975 1770 eos
994 1746 1090 1780 vero,
1110 1731 1171 1782 qui
1190 1731 1255 1768 illu

283 1794 445 1833 minandi
467 1802 560 1842 sunt,
588 1791 633 1829 ad
660 1788 881 1841 baptismum
909 1785 1025 1823 aerius
1050 1784 1266 1822 cohortetur.

282 1849 342 1886 Sic
362 1848 457 1887 enim
487 1853 638 1898 oportet,
666 1851 704 1880 ut
729 1841 775 1878 ad
797 1848 964 1889 utrosque
985 1837 1131 1875 habitus
1157 1851 1270 1874 sermo

281 1902 328 1939 sit
346 1902 480 1939 mixtus
498 1893 808 1950 :quandoquidem
823 1891 928 1929 turba
947 1891 1014 1928 Dei
1030 1891 1209 1928 cultorum
1227 1904 1272 1928 ex

282 1954 386 2003 viris,
410 1953 471 2004 qni
503 1948 682 2004 mysteriis
709 1945 840 1985 initiati
869 1953 965 1994 sunt7
987 1952 1021 1981 et
1051 1957 1096 1980 ex
1123 1943 1178 1991 iis,
1208 1943 1270 1993 qui

281 2007 483 2055 initiantur,
504 2013 555 2042 est
573 2003 698 2041 mixta.
717 2001 853 2038 Nactus
881 2011 962 2034 sum
980 1995 1092 2047 igitur
1112 1995 1208 2033 unde
1237 2005 1271 2033 et

282 2075 344 2098 >vos
357 2073 476 2098 omnes
492 2066 627 2097 veteres
641 2051 776 2092 Christi
785 2064 912 2092 vernas
921 2049 1026 2102 epulo
1038 2049 1227 2101 excipiam,
1237 2058 1271 2086 et

281 2128 350 2163 qno
368 2121 471 2164 paeto
490 2119 628 2149 nostros
649 2120 764 2158 nuper
779 2113 890 2143 emtos
909 2116 1030 2141 servos
1046 2101 1094 2139 ad
1110 2101 1269 2142 vocatio-

281 2167 334 2204 nis
350 2166 550 2204 libertatem
566 2156 978 2200 cohortabor:enarrabo
995 2154 1166 2192 fratribus
1183 2154 1270 2192 meis

280 2219 377 2257 dicta
396 2216 596 2263 dominica,
617 2227 694 2264 quae
714 2218 860 2263 possunt
879 2218 912 2246 et
936 2222 1011 2257 eos,
1030 2207 1092 2258 qui
1111 2207 1197 2245 olim
1217 2221 1269 2245 re-

281 2272 377 2321 giam
393 2271 535 2310 vineam
562 2271 803 2318 occuparunt,
824 2261 1034 2314 promtiores
1054 2260 1206 2308 efficere,
1237 2268 1270 2297 et

281 2322 352 2373 eos,
396 2323 457 2374 qui
494 2334 562 2360 non
590 2319 639 2357 ita
657 2315 798 2371 pridem
835 2313 882 2352 ad
919 2327 995 2351 eam
1014 2312 1269 2364 inspiciendam

281 2378 537 2423 incubuerunt,
567 2372 613 2411 ad.
642 2369 797 2409 similem
833 2367 951 2405 zelum
979 2364 1181 2403 accendere.
1212 2365 1269 2402 Si-

281 2432 370 2468 mile
392 2438 448 2467 est
474 2439 634 2478 regnum
657 2423 839 2462 coelorum
874 2421 1021 2458 homini
1044 2419 1269 2470 patrifami-

281 2485 369 2529 lias,
393 2485 458 2535 qui
485 2482 579 2518 exiit
601 2480 726 2530 primo
749 2486 864 2512 mane
891 2472 1103 2510 conducere
1131 2484 1266 2522 opera-

279 2540 355 2573 rios
380 2539 422 2572 in
446 2536 605 2572 vineam
627 2542 753 2568 suam.
784 2523 1094 2569 patremfamilias,
1117 2537 1178 2560 seu
1203 2522 1268 2560 do-

280 2588 418 2625 minum
436 2587 585 2633 domus,
609 2581 786 2621 Dominus
808 2577 964 2631 seipsum
989 2575 1145 2629 appellat
1162 2589 1267 2627 :ope-

281 2640 393 2678 rarios
409 2654 491 2678 vero
506 2638 597 2675 eirea
612 2635 753 2674 tertiam
765 2641 798 2670 ct
809 2640 946 2670 sextam
960 2638 993 2667 et
1003 2643 1132 2667 nonam
1144 2636 1177 2666 et
1193 2642 1266 2665 un-

280 2693 455 2731 decimam
475 2699 618 2730 vocatos
640 2693 822 2738 nuncupat
850 2697 972 2722 omnes
1005 2682 1099 2734 pios7
1121 2681 1184 2732 qui
1204 2681 1268 2718 ba-

280 2744 499 2798 ptismumin
514 2741 666 2781 (liversis
686 2738 847 2777 aetatibus
866 2743 1112 2787 susceperunt:
1125 2734 1267 2771 vineam

280 2797 449 2835 salutaria
486 2795 573 2833 dicit
603 2792 784 2839 mandata,
816 2789 946 2841 quibus
976 2801 1104 2840 parum
1134 2786 1267 2824 laboris

281 2852 383 2898 inest,
404 2859 440 2887 at
456 2849 609 2886 multum
627 2845 731 2883 lucri.
754 2843 886 2882 Simile
905 2850 961 2880 est
980 2853 1139 2892 regnum
1154 2839 1266 2877 coelo-

280 2919 365 2942 rum
385 2903 534 2940 homini
547 2897 843 2950 patrifamilias,
860 2897 926 2947 qui
941 2896 1033 2932 exiit
1046 2895 1170 2944 primo
1186 2906 1266 2929 ma-

282 2972 328 2995 nc
344 2957 556 2994 conducere
575 2953 768 3003 operarios
786 2951 827 2985 in
850 2950 1009 2985 vincam
1025 2959 1148 2983 snam.
1165 2946 1265 2983 Con-

283 3012 458 3048 ventione
486 3013 614 3044 autem
628 3005 749 3056 sacta
776 3015 864 3038 cum
883 3001 976 3046 illis,
1002 2998 1069 3036 hoe
1089 3007 1153 3046 est,
1183 3011 1265 3035 cum

280 3061 464 3115 operariis,
492 3073 538 3097 ei-
560 3058 719 3094 denario
739 3054 892 3099 diurno,
921 3054 1025 3089 misit
1049 3065 1113 3089 eos
1141 3053 1182 3088 in
1204 3052 1266 3087 vi-

282 3129 393 3153 ncam
414 3126 539 3152 suam.
559 3105 817 3147 Patcrfinnilias
836 3118 900 3156 ego
919 3102 1266 3149 sum.Que1nadmo-

279 3170 366 3206 ‹lnm
390 3166 484 3205 enim
510 3161 674 3202 dominus
702 3159 843 3206 domus,
873 3165 980 3208 prout
1006 3156 1114 3205 libet,
1139 3155 1264 3192 domos

325 3284 335 3296 ·'=
362 3271 490 3304 Conana
508 3278 582 3300 enm
594 3272 735 3308 quatuor
750 3262 824 3293 Mss.
845 3261 916 3292 Duo
932 3263 1039 3302 σχολὴν
1056 3262 1159 3303 εὑρεῖν,
1173 3257 1281 3299 [Infra

277 3328 353 3357 Sar.
384 3323 470 3365 conj·
501 3324 607 3355 πλείων
632 3321 798 3362 προτροπή.
815 3313 908 3344 Fon.
926 3309 1048 3342 excidit
1067 3309 1201 3343 verbum
1220 3308 1280 3341 ali-

279 3376 365 3421 qnml
383 3383 455 3417 post
472 3379 642 3418 βάπτισμα,
657 3367 745 3399 velut
756 3365 903 3410 παρέχῃζξ

323 3431 337 3451 ¹·
361 3427 442 3460 Tres
457 3426 534 3457 Mss.
556 3428 601 3456 καὶ
618 3425 704 3463 ὑμᾶς,
723 3416 811 3450 Edu}
831 3421 875 3450 καὶ
894 3421 981 3457 ἡμᾶς·

1297 1795 1317 1823 ss

1428 934 1444 945 r
1884 935 1893 937 τ
2081 929 2367 948 ,Ξῖ-’1

93 1066 207 1095 Mum„
229 1076 275 1097 20.
296 1060 430 1096 Oratio
454 1057 692 1095 catechetica
718 1056 760 1090 in
781 1053 925 1089 dictum
953 1050 1190 1102 Evangelii:
1223 1049 1279 1087 Si·
1300 1048 1329 1112 ⁵}
1352 1050 1462 1101 Λόγος
1481 1053 1718 1104 κατηχητικὸς
1754 1054 1801 1096 εἷς
1829 1052 1868 1090 τὸ
1900 1052 2003 1104 ῥητὸν
2040 1056 2099 1091 τοῦ
2135 1052 2370 1105 Εὖαγγελίου.

97 1115 120 1133 l.

1403 1111 1533 1163 Ὁμοία
1560 1113 1652 1151 ἐστὶν
1685 1116 1706 1159 ἡ
1737 1112 1897 1164 βασιλεία
1924 1115 1992 1151 τῶν
2025 1115 2176 1165 οὐρανῶν
2200 1113 2372 1166 ἀνθρώπῳ

1402 1173 1626 1226 οἰκοδεσπότῃ
1640 1205 1649 1222 ,
1669 1174 1762 1218 ὅστις
1778 1173 1915 1221 ἐξῆλθεν
1932 1174 2006 1225 ἅμα
2022 1174 2115 1227 πρωῒ
2131 1174 2373 1226 μισθώσασθαι

1402 1235 1551 1287 ἐργάτας
1570 1237 1616 1278 εἰς
1636 1234 1693 1272 τὸν
1712 1236 1903 1286 ἀμπελῶνα
1923 1235 2028 1273 αὐτοῦ
2045 1250 2053 1258 ·
2072 1233 2190 1273 καὶτὰ
2209 1234 2298 1282 ἑξῆς.

1401 1359 1498 1413 ‘Opi-“3
1515 1362 1557 1411 τῇ
1582 1358 1713 1410 ποίμνῃ
1730 1361 1798 1397 τῶν
1819 1357 1967 1397 εὒσεὸῶν
1989 1357 2188 1410 μεμιγμένα
2210 1359 2372 1410 πρόὸατα

1349 1412 1426 1456 ξένα
1439 1443 1449 1461 ,
1468 1411 1547 1451 νέαν
1565 1411 1628 1459 τὴν
1645 1413 1820 1466 σφραγῖδα
1836 1414 1895 1449 τοῦ
1912 1410 2115 1465 ἐπουρανίου
2134 1411 2296 1461 ποιμένος
2312 1412 2370 1450 ἐπὶ

1345 1467 1413 1504 τῶν
1431 1465 1602 1516 μετώπων
1619 1465 1869 1517 ἐπιφερόμενα·
1887 1464 1946 1502 καὶ
1963 1463 2129 1515 βούλομαι
2146 1465 2370 1509 διδασκαλίας

1343 1518 1477 1585 ἔ’γνλοήν
1499 1520 1608 1570 εὑρεῖν
1625 1518 1844 1564 κατάλληλον
1871 1523 1941 1560 τοῖς
1970 1516 2196 1568 γευσαμένοις
2220 1517 2286 1565 ἤδη
2307 1521 2369 1565 τῆς

1345 1587 1503 1624 χαριτος,
1522 1571 1665 1614 καὶτοῖς
1684 1571 1847 1622 μέλλουσι
1869 1575 1984 1623 κρῖναι
1999 1569 2063 1616 τὴν
2081 1569 2170 1608 πόαν
2185 1574 2245 1607 τοῦ
2262 1570 2369 1608 πνεύ-

1345 1639 1472 1674 ματος·
1494 1623 1550 1661 ἵνα
1574 1626 1637 1670 τῆς
1667 1626 1770 1670 αὐτῆς
1797 1622 2028 1676 κατηχήσεως
2048 1625 2068 1669 ἡ
2093 1622 2181 1673 νομὴ
2202 1628 2273 1666 τοῖς
2305 1623 2367 1674 μὲν

1343 1676 1617 1729 πεφωτισμένοις
1637 1676 1832 1726 ὑπόμνησις
1849 1675 1993 1726 γένηται
2012 1677 2080 1713 τῶν
2101 1678 2160 1712 τοῦ
2187 1677 2279 1714 Θεοῦ
2298 1677 2368 1714 δω-

1342 1733 1441 1781 ρεῶν,
1473 1736 1544 1772 τοῖς
1580 1729 1615 1767 δὲ
1642 1728 1957 1781 φωτισθησομένοις
1987 1727 2131 1766 πλείονα
2167 1727 2367 1779 προτροπὴν

1340 1782 1426 1833 πρὸς
1444 1783 1483 1820 τὸ
1504 1781 1700 1833 βάπτισμα.
1719 1783 1780 1819 Δεῖ
1798 1781 1865 1834 γὰρ
1879 1781 1964 1833 πρὸς
1982 1779 2163 1831 ἑκατέρους
2178 1784 2368 1834 κεκρᾶσθαι

1340 1834 1397 1872 τὸν
1419 1835 1532 1886 λόγον,
1553 1834 1608 1872 διὰ
1626 1835 1665 1873 τὸ
1687 1838 1878 1887 κεκρᾶσθαι
1899 1834 1956 1871 τὸν
1976 1832 2130 1884 φιλόθεον
2151 1835 2259 1884 δῆμον
2280 1832 2319 1871 ἔκ
2330 1850 2368 1872 τε

1342 1887 1575 1938 μεμυημένων
1605 1887 1663 1925 καὶ
1701 1886 1904 1937 μυουμένων
1934 1887 2079 1937 ἀνδρῶν.
2114 1880 2225 1938 Εἶρον
2255 1885 2368 1924 τοίνυν

1340 1940 1443 1978 πόθεν
1474 1940 1624 1979 ἑστιάσω
1651 1939 1667 1960 ¹'
1679 1939 1739 1977 καὶ
1768 1943 1857 1990 ὑμᾶς
1888 1937 1965 1982 τοὺς
1999 1940 2181 1989 οἰκογενεῖς
2200 1938 2368 1992 ἀργαίους

1341 1993 1497 2036 ἅπαντας
1515 1997 1575 2031 τοῦ
1599 1994 1776 2046 Χριστοῦ,
1798 1992 1857 2030 καὶ
1881 1994 1955 2034 πῶς
1974 1990 2053 2034 τοὺς
2077 1984 2271 2038 νεωνήτους
2285 1992 2366 2030 δού-

1339 2047 1417 2090 λους
1436 2049 1536 2097 ἡμῶν
1562 2045 1748 2098 προτρέψω
1778 2045 1863 2097 πρὸς
1881 2043 1944 2090 τὴν
1966 2042 2158 2094 ἐλευθερίαν
2188 2047 2251 2091 τῆς
2281 2044 2367 2091 κλή-

1341 2113 1427 2143 σεως
1444 2115 1451 2122 ·
1473 2101 1662 2150 ἀπαγγελῶ
1683 2103 1754 2140 τοῖς
1774 2100 1869 2149 ἐμοῖς
1894 2098 2052 2148 ἀδελφοῖς
2072 2096 2188 2148 ῥήσεις
2206 2097 2366 2135 δεσποτι-

1340 2151 1403 2195 κὰς
1424 2151 1616 2202 δυναμένας
1635 2151 1693 2189 καὶ
1712 2150 1790 2194 τοὺς
1807 2151 1918 2188 πάλαι
1937 2149 2200 2194 καταλαὸόντας
2218 2149 2276 2188 τὸν
2299 2152 2366 2201 βα-

1341 2204 1473 2243 σιλικὸν
1506 2205 1698 2254 ἀμπελῶνα
1734 2201 2009 2256 προθυμοτέρους
2043 2201 2277 2254 ἐργάσασθαι,
2306 2203 2366 2240 καὶ

1340 2256 1416 2300 τοὺς
1437 2257 1516 2309 ἄρτι
1535 2256 1807 2308 παρακύψαντας
1828 2257 1875 2298 εἷς
1896 2254 1996 2292 αὐτὸν
2014 2255 2180 2307 διεγεῖραι
2203 2255 2288 2305 πρὸς
2306 2254 2364 2292 τὸν

1341 2309 1458 2360 ὅμοιον
1479 2311 1594 2356 ζῆλον.
1610 2307 1740 2359 Ὁμοία
1758 2307 1848 2346 ἐστὶν
1877 2311 1898 2353 ἡ
1926 2306 2086 2358 βασιλεία
2112 2310 2180 2344 τῶν
2210 2308 2364 2358 οὐρανῶν

1342 2361 1514 2416 ἀνθρώπῳ
1533 2360 1778 2412 οἰκοδεσπότῃ,
1807 2360 1903 2403 ὅστις
1922 2359 2061 2404 ἐξῆλθεν
2090 2359 2164 2410 ἅμα
2184 2359 2278 2412 πρωῒ
2300 2376 2363 2410 μι-

1341 2414 1542 2453 σθώσασθαι
1562 2413 1709 2466 ἐργάτας
1727 2417 1773 2457 εἷς
1792 2412 1848 2450 τὸν
1870 2413 2061 2463 ἀμπελῶνα
2078 2414 2193 2450 αὐτοῦ.
2214 2414 2363 2451 Οἷκοδε-

1341 2467 1473 2515 σπότην
1493 2471 1510 2506 ὃ
1530 2466 1710 2513 Δεσπότης
1732 2465 1852 2504 ἑαυτὸν
1872 2464 2048 2516 ὀνομάζει·
2065 2464 2212 2516 ἐργάτας
2232 2465 2267 2502 δὲ
2283 2465 2364 2517 περὶ

1340 2520 1460 2573 τρίτην
1477 2520 1536 2558 καὶ
1552 2518 1655 2566 ἕκτην
1672 2520 1732 2557 καὶ
1752 2518 1894 2565 ἐννάτην
1910 2517 1970 2556 καὶ
1986 2518 2171 2564 ἑνδεκάτην
2186 2518 2363 2568 καλουμέ-

1340 2589 1415 2617 νους
1430 2572 1681 2625 προσαγορεύει
1698 2571 1830 2614 πάντας
1844 2570 1922 2614 τοὺς
1946 2570 2096 2613 εὐσεὸεῖς
2109 2600 2119 2618 ,
2139 2570 2215 2614 τοὺς
2235 2572 2267 2608 ἐν
2285 2572 2364 2608 δια-

1340 2626 1455 2678 φόροις
1474 2625 1626 2674 ἡλικίαις
1649 2624 1851 2675 δεξαμένους
1878 2623 1918 2661 'to
1946 2622 2149 2674 βάπτισμα·
2172 2624 2364 2674 ἀμπελῶνα

1339 2678 1382 2717 τὰ
1396 2679 1552 2732 σωτήρια
1565 2677 1660 2727 λέγει
1673 2675 1948 2730 προστάγματα,
1968 2675 2089 2726 μικρὸν
2106 2674 2230 2727 ἔχοντα
2246 2675 2362 2723 πόνον,

1338 2737 1424 2777 πολὺ
1442 2737 1478 2776 δὲ
1497 2737 1537 2775 τὸ
1552 2736 1683 2790 κέρδος.
1702 2735 1833 2786 Ὁμοία
1850 2734 1940 2773 ἐστὶν
1958 2737 1980 2781 ἡ
1999 2734 2159 2785 βασιλεία
2176 2736 2245 2772 τῶν
2265 2736 2362 2788 οὐρα-

1336 2801 1402 2836 νῶν
1419 2796 1589 2851 ἀνθρώπῳ
1602 2793 1842 2847 οἷκοδεσπότῃ,
1853 2793 1947 2837 ὅστις
1957 2791 2095 2840 ἐξῆλθεν
2108 2793 2182 2843 ἅμα
2195 2792 2289 2847 πρωῒ
2303 2809 2361 2844 μι-

1338 2854 1694 2906 σΟώσασΟαιέργάτας
1704 2855 1751 2897 εἷς
1759 2853 1815 2891 τὸν
1830 2853 2023 2903 ἀμπελῶνα
2035 2854 2151 2890 αὐτοῦ.
2163 2851 2363 2904 Συμφωνή-

1337 2932 1399 2959 σας
1414 2914 1448 2953 δὲ
1467 2916 1541 2965 μετ’
1555 2916 1680 2962 αὐτῶν,
1702 2912 1860 2951 τουτέστι
1876 2913 1943 2948 τῶν
1956 2913 2123 2963 ἐργατῶν,
2145 2913 2184 2948 ἐκ
2200 2909 2362 2962 δηναρίου

1335 2974 1398 3021 τὴν
1413 2977 1434 3020 ἡ
1440 2973 1483 3024 μέ
1488 2988 1561 3026 ραν,
1574 2971 1776 3010 ἀπέστειλεν
1787 2968 1907 3012 αὐτοὺς
1918 2971 1963 3011 εἷς
1975 2969 2032 3006 τὸν
2045 2970 2236 3019 ἀμπελῶνα
2247 2970 2361 3006 αὐτοῦ.

1337 3033 1381 3069 Ὁ
1401 3030 1648 3076 οἰκοδεσπότης
1666 3028 1734 3081 ἐγώ
1750 3030 1823 3079 εἰμι
1834 3044 1841 3051 ·
1858 3027 1977 3079 ὥσπερ
1991 3026 2057 3079 γὰρ
2069 3029 2086 3064 ὃ
2102 3025 2361 3073 οἰκοδεσπότης,

1336 3090 1446 3135 οἰκίας
1456 3121 1465 3137 ,
1476 3091 1523 3132 ὡς
1549 3088 1723 3140 βούλεται,
1738 3091 1751 3107 ⁰
1763 3088 1953 3137 οἰκοδομεῖ,
1966 3085 2073 3128 οὕτως
2084 3084 2151 3136 ἐγὼ
2160 3085 2217 3123 τὸν
2231 3084 2360 3135 κόσμον

1336 3151 1427 3196 ὅλον,
1444 3150 1490 3191 ὡς
1505 3146 1593 3185 θέλω
1612 3145 1795 3183 διατάττω.
1806 3143 1901 3195 Ἐγὼ
1920 3147 1937 3182 ὃ
1952 3147 2013 3190 τῆς
2025 3141 2244 3189 δικαιοσύνης
2262 3141 2360 3188 ἥλιος

1392 3264 1404 3278 0
1427 3254 1555 3284 Fronto
1585 3251 1721 3282 Ducaeus
1746 3248 1920 3291 legendnm
1950 3255 2046 3290 putat.
2072 3253 2234 3290 οἰκονομεῖ,
2258 3258 2358 3289 qnam

1351 3305 1525 3337 lectionem
1552 3312 1774 3345 sequeremur,
1793 3302 1818 3331 si
1836 3300 1884 3331 vel
1906 3311 1987 3332 nnus
2008 3297 2121 3332 Codex
2147 3299 2192 3330 sic
2209 3296 2357 3330 liaberet.

1352 3356 1482 3389 Ibidem
1494 3354 1608 3387 Codex
1621 3365 1701 3387 nnus
1710 3365 1726 3384 c
1734 3354 1854 3385 nostris
1869 3358 1957 3389 οἰκίας
1971 3357 2038 3389 ἕσας
2046 3354 2187 3395 [cossai-21
2196 3353 2354 3391 οἰκοδομεῖ.
