2481 3678
91 742 167 769 lsai.
183 743 232 777 41.
249 743 258 778 2

94 785 188 820 0143
215 793 259 811 10.

83 1673 160 1700 Deus
182 1675 268 1701 idoli-

82 1725 142 1741 CUS.

83 2160 174 2186 mm.
194 2169 219 2195 5.
238 2159 264 2186 1.

73 3012 159 3039 Psal.
172 3010 257 3050 89.2.

287 214 346 272 54
729 231 766 260 5.

284 314 397 348 erat?
415 311 481 348 hoc
503 311 596 349 enim
616 313 832 350 contrarium
855 323 905 352 est
931 314 1004 363 illi;
1035 327 1074 351 ac
1095 315 1176 366 jure
1194 327 1267 352 1110-

284 371 364 409 rito.
385 372 480 409 Deus
495 372 589 410 enim
606 387 716 424 neque
730 373 782 423 fit,
798 388 910 424 neque
927 374 1014 424 quid
1040 388 1076 412 se
1088 374 1269 424 antiquius

286 431 392 469 habet
405 448 416 482 3
439 447 561 470 verum
582 433 657 471 haec
684 434 869 484 gentilium
897 434 1004 472 verba
1034 442 1125 471 sunt.
1147 433 1215 471 Die
1236 442 1269 470 et

287 492 379 530 illud
393 493 480 530 mihi
499 510 506 530 ε
531 496 652 532 Annon
675 494 809 532 dixeris
828 502 1018 532 creatorem
1045 494 1169 531 creatis
1189 508 1270 546 ope-

289 553 388 592 ribus
411 555 732 608 incomparabiliter
757 554 1041 593 excellentiorem
1060 555 1158 593 esse?
1180 556 1270 593 Cum

291 629 372 666 ergo
387 616 474 668 ipsis
493 616 607 654 simile
625 618 713 654 soret
733 616 769 653 id
789 616 881 667 quod
900 631 944 654 ex
960 630 1030 655 non
1052 617 1271 655 exstantibus

291 686 401 725 esset,
429 677 490 714 ubi
519 687 605 714 esset
634 677 695 714 illa
722 677 1010 730 incomparabilis
1034 678 1271 716 excellentia?

269 764 274 769 -
292 738 388 785 Quid
408 748 524 776 autem
540 748 590 776 est
609 739 700 776 illud
719 770 728 787 ‚
757 741 841 791 Ego
860 742 1018 792 primus,
1045 749 1080 778 et
1103 754 1170 793 ego
1187 749 1272 792 post

292 803 384 849 Izoec,
402 811 446 852 01,
465 802 573 839 Ante
588 816 647 838 me
664 803 837 855 nonfuit
857 803 958 840 alius
982 803 1085 841 Deus
1101 807 1117 840 Ρ
1136 804 1224 841 Nam
1245 803 1272 841 si

291 862 405 900 Filius
420 877 488 901 non
505 864 549 902 sit
570 878 614 901 ex
629 862 750 901 eadem
770 863 978 914 substantia,
989 864 1079 902 alius
1095 874 1145 902 est
1165 866 1273 913 Deus;

292 924 319 961 si
342 937 409 961 non
432 934 624 962 coaeternus
639 955 648 973 ,
671 934 721 962 051
740 933 819 977 post
849 925 951 962 illum
973 941 980 962 :
1002 940 1042 963 ac
1072 926 1100 963 si
1128 939 1197 963 11011
1230 940 1272 963 ex

291 986 487 1024 substantia
505 986 661 1039 prodiit,
684 987 802 1039 palam
824 996 874 1025 est
894 987 1011 1040 ipsum
1035 988 1168 1026 factum
1189 1002 1269 1026 esse.

291 1049 396 1096 Quod
429 1049 456 1087 si
491 1049 646 1087 dixerint
664 1050 739 1087 haee
767 1049 809 1087 ad
831 1049 1068 1088 differentiam
1097 1050 1271 1089 idolorum

290 1109 385 1148 dieta
402 1111 523 1159 fuisse,
543 1109 719 1161 quomodo
740 1125 808 1148 0011
829 1111 1019 1148 concedent
1037 1111 1081 1149 ad
1101 1111 1271 1150 differen-

291 1173 377 1210 tiam
396 1172 573 1210 idolorum
604 1172 717 1210 solum
747 1186 870 1210 verum
898 1174 1014 1210 Deum
1043 1172 1140 1209 dici?
1168 1173 1273 1219 Quod

291 1235 317 1271 si
334 1234 399 1271 1100
419 1234 524 1271 etiam
544 1233 589 1270 ad
608 1232 841 1270 differentiam
862 1232 1041 1270 idolorum
1062 1232 1198 1270 dietum
1216 1234 1273 1281 sit,

289 1295 463 1346 quomodo
482 1303 592 1332 totam
615 1292 823 1331 sententiam
845 1292 1157 1345 interpretaberis?
1176 1296 1273 1332 Post

289 1369 348 1392 me
368 1355 461 1393 enim
478 1386 487 1403 ‚
518 1354 647 1405 inquit,
679 1368 755 1391 non
782 1363 835 1391 es!
860 1354 961 1392 alius
983 1355 1100 1392 Deus.
1118 1355 1195 1393 Non
1209 1356 1271 1408 eji-

288 1418 380 1455 ciens
400 1417 531 1454 Filium
552 1416 618 1453 hoe
637 1415 739 1464 dicit,
762 1415 822 1454 sed
841 1415 1030 1466 significat,
1050 1417 1148 1454 Deus
1166 1417 1271 1454 idoli-
1292 1424 1315 1454 E

286 1493 346 1516 0115
367 1488 446 1530 post
472 1492 528 1516 me
556 1491 624 1515 non
652 1486 728 1527 est;
756 1491 824 1514 non
848 1476 945 1528 quod
973 1477 1086 1515 Filius
1117 1492 1186 1516 non
1213 1479 1269 1517 sit.

285 1540 418 1590 Etiam,
433 1540 579 1590 inquies.
595 1538 693 1585 Quid
712 1539 849 1590 igitur?
868 1538 972 1589 illud,
992 1539 1098 1578 Ante
1113 1555 1172 1578 me
1192 1556 1269 1578 non

283 1599 363 1646 fuit
384 1600 485 1636 alius
510 1599 627 1644 Deus,
649 1597 694 1634 ita
715 1598 876 1649 accipies,
895 1597 989 1648 quod
1016 1612 1141 1651 nempe
1159 1599 1267 1637 idoli-

285 1674 346 1697 0115
359 1660 446 1698 (10115
467 1674 534 1697 11011
552 1659 675 1709 1110111,
693 1668 726 1696 at
746 1659 851 1696 fuerit
867 1659 990 1697 saltem
1009 1668 1088 1697 ante
1113 1674 1194 1698 eum
1208 1661 1267 1698 Fi·
1290 1673 1313 1700 A

283 1721 381 1758 lius?
401 1721 532 1772 Ecquis
550 1720 689 1758 dzemon
705 1720 780 1757 liaec
797 1719 929 1757 dixerit
940 1720 956 1756 ἱ)
980 1721 1032 1758 Ne
1052 1721 1169 1773 ipsum
1188 1722 1267 1772 qui-

283 1784 362 1821 dem
396 1783 580 1821 diabolum
602 1782 637 1819 id
664 1790 750 1833 puto
780 1780 960 1818 dicturum
993 1795 1075 1819 0550.
1102 1782 1266 1834 Alioquin

286 1855 416 1890 antem,
433 1845 460 1883 si
482 1858 550 1881 non
575 1853 625 1881 est
645 1851 836 1880 coaeternus
854 1842 966 1893 Pau-i,
984 1843 1162 1893 quomodo
1183 1845 1266 1883 infi-

285 1907 395 1944 nitam
425 1907 499 1958 ejus
536 1905 645 1943 vitam
675 1903 838 1942 dixeris?
867 1904 959 1941 Nam
990 1904 1017 1941 si
1049 1905 1265 1959 principium

282 1967 436 2004 anterius
468 1966 595 2015 habet3
615 1965 752 2002 etiamsi
781 1964 941 2002 infinitus
960 1964 1028 2013 sit,
1060 1980 1127 2004 non
1150 1977 1263 2005 tamen

284 2030 474 2066 immensus
491 2028 556 2065 erit
572 2043 579 2063 :
600 2027 811 2064 immensum
828 2026 920 2064 enim
937 2027 1102 2078 utrinque
1119 2028 1266 2067 immen-

285 2104 361 2126 sum
390 2102 462 2127 esse
482 2097 641 2140 oportet3
671 2087 707 2124 id
728 2087 824 2138 quod
855 2087 960 2125 etiam
989 2088 1121 2126 Paulus
1150 2089 1267 2127 deela-

285 2164 364 2188 rans
388 2150 553 2187 dicebat:
578 2151 711 2200 Neque
739 2151 969 2200 principium
997 2151 1163 2198 dierum,
1201 2166 1264 2188 ne-

285 2213 483 2264 quesinem
506 2214 589 2249 vitoe
610 2212 769 2256 habens,
782 2219 814 2248 et
829 2211 1004 2263 principio
1020 2221 1052 2249 et
1070 2212 1137 2250 fine
1153 2228 1268 2251 carere

283 2273 476 2311 declarans.
493 2271 803 2319 Quemadmodum
822 2271 915 2309 enim
936 2272 1013 2322 1100,
1028 2273 1077 2310 510
1097 2288 1205 2325 neque
1225 2276 1266 2313 il-

282 2333 346 2370 lud
367 2333 475 2371 finem
494 2333 623 2384 habet3
641 2346 722 2370 eum
743 2345 853 2383 neque
870 2332 928 2370 hic
955 2333 1036 2370 finis
1058 2334 1102 2371 511
1120 2366 1128 2383 ,
1156 2349 1267 2387 neque

283 2394 355 2432 11110
375 2394 525 2432 initium.

336 2458 372 2493 5.
391 2455 579 2501 Quomodo
599 2464 715 2493 autem
737 2469 815 2493 011111
836 2456 910 2493 vita
929 2456 984 2506 511,
1003 2457 1107 2495 fuerit
1127 2467 1265 2511 tempus

284 2531 362 2554 eum
381 2531 449 2553 non
470 2518 583 2555 esset?
599 2517 722 2555 Vitam
740 2517 832 2554 enim
852 2531 999 2568 semper,
1019 2532 1059 2555 ae
1076 2519 1150 2556 sine
1169 2521 1264 2572 prin-

283 2577 377 2628 cipio
398 2586 430 2613 et
450 2577 519 2613 fine
547 2590 618 2613 0550
640 2590 741 2615 nemo
768 2591 836 2615 non
859 2578 1020 2627 fateatur,
1050 2579 1079 2616 si
1105 2579 1165 2617 ille
1186 2595 1266 2618 vere

281 2638 353 2675 vita
374 2637 430 2685 sit,
448 2646 485 2674 ut
506 2650 623 2675 revera
646 2647 706 2674 est.
730 2638 767 2676 Si
788 2652 870 2676 vero
887 2638 954 2676 fuit
973 2639 1162 2691 aliquando
1182 2656 1263 2680 cum

281 2712 348 2737 non
364 2707 462 2746 05501,
477 2697 654 2748 quomodo
669 2697 742 2735 vita
758 2698 909 2736 aliorum
927 2700 984 2747 sit,
1004 2715 1080 2751 quae
1098 2701 1256 2754 aliquan-
1286 2717 1307 2745 ιι

280 2760 326 2797 (10
353 2773 420 2797 000
447 2758 541 2796 fuit?
563 2757 749 2804 Quomodo
777 2759 887 2810 igitur
903 2791 915 2811 ,
936 2761 1076 2812 inquit,
1109 2765 1260 2803 Joannes

277 2821 493 2873 principium
517 2819 634 2871 posuit
653 2818 773 2856 dicens
786 2849 795 2867 ,
817 2823 863 2856 In
877 2824 1064 2873 principio
1084 2834 1166 2863 erat
1182 2830 1198 2863 Ξ)
1214 2826 1258 2863 11-

277 2881 348 2919 11110
359 2881 449 2929 voci,
464 2894 596 2931 qnaeso,
613 2882 655 2917 In
672 2882 871 2931 principio,
888 2889 920 2918 01
936 2881 1001 2929 1111,
1019 2884 1130 2933 Erat,
1149 2895 1260 2925 atten-

275 2942 330 2979 dis
343 2958 352 2991 3
366 2952 397 2980 01
412 2943 524 2990 illam,
542 2943 706 2979 Verbum
720 2951 816 2990 erat,
833 2955 901 2978 non
918 2943 1073 2993 cogitas?
1087 2946 1184 2990 Quid
1199 2962 1259 2987 ve-

274 3019 330 3053 ro,
361 3003 501 3055 qnando
528 3002 572 3041 de
588 3004 689 3040 Patre
718 3001 805 3040 (11011
832 3003 1026 3054 propheta:
1048 3005 1089 3041 A
1118 3010 1257 3046 soeculo

272 3074 308 3103 et
329 3078 448 3117 usque
468 3067 509 3102 in
537 3064 720 3102 soeculum
741 3071 780 3100 ῑιι
797 3077 857 3100 es:
878 3077 921 3100 an
957 3062 1012 3100 1115
1039 3065 1157 3103 verbis
1187 3078 1252 3105 ter-

271 3126 384 3163 minos
412 3124 477 3177 ipsi
505 3123 631 3176 ponit?
657 3124 906 3174 Nequaquam3
930 3124 988 3161 sed
1022 3127 1250 3166 roton-nitatem

313 3268 323 3279 ‹·
350 3255 464 3289 Morel.
493 3262 520 3289 τὶ
545 3259 651 3289 ἑαυτοῦ
675 3258 893 3300 πρεσθὺτερον,
921 3254 977 3287 sed
1003 3260 1108 3290 ἑαυτοῦ
1134 3256 1225 3289 deest
1250 3260 1280 3290 in

270 3307 371 3341 Savil.
392 3315 423 3340 01
443 3309 474 3340 111
491 3305 728 3349 Manuscriptis
746 3317 826 3348 pene
845 3305 1010 3340 omuibus.

315 3360 330 3383 ‘¹
348 3359 461 3391 Morel.
490 3362 537 3393 οὖν
562 3364 661 3398 ἀλλοις
688 3365 799 3401 ὅμοιον.
828 3359 928 3394 savit.
953 3367 983 3392 ct
1012 3360 1085 3393 Mss.
1113 3363 1160 3394 οὖν
1185 3366 1277 3399 αὐτοι,

271 3416 382 3451 &flosor-

803 232 982 262 JOANNJS
1018 232 1238 262 CHRYSOST
1247 253 1255 261 .
1296 233 1481 263 ARCHIEI’
1491 255 1499 263 .

1288 1633 1318 1656 30

1327 3008 1391 3052 ἕως
1420 3024 1479 3046 του
1499 3009 1620 3050 αἰ(Ν)νος
1649 3006 1689 3044 συ
1717 3011 1769 3044 εἰ·

1325 3069 1451 3121 φησίν
1443 3099 1452 3116 ,
1470 3069 1661 3119 Οὐοαμῦς,
1677 3068 1766 3106 ἀλλὰ
1785 3068 1823 3106 τὸ
1846 3066 1953 3106 ἀίδιον
1970 3070 2094 3116 δηλῶν.
2115 3069 2219 3108 Οὕτω
2237 3069 2350 3107 τοίνυν

1541 235 1887 267 CONSTANTINOP-

1341 313 1418 352 οὔτε
1440 315 1513 367 ἔχει
1533 317 1850 371 ετιπρεσὸύτερον·
1878 318 1967 357 ἀλλὰ
1981 322 2091 357 ταυτα
2110 317 2287 365 Ελληνων
2305 319 2362 370 ῥή

1343 390 1448 451 μάτα
1471 376 1562 415 Εἰπὲ
1584 377 1624 424 δή
1643 393 1701 428 μοι
1721 381 1877 418 κάκεῖνο·
1902 380 1959 418 τὸν
1979 379 2122 427 κτίστην
2153 381 2221 417 τῶν
2254 378 2362 431 ἔργων

2134 438 2295 478 “⁶va
2306 443 2363 477 οὖν

1341 436 1417 488 οὐχὶ
1446 438 1661 491 ἀσυγκρίτως
1691 440 1870 492 ὑπερέχειν
1899 441 2006 484 εἴποις
2036 441 2100 488 ἄν,

1341 499 1454 540 αὐτοῖς
1468 496 1585 548 ὅμοιον
1604 503 1626 551 ᾐ
1650 500 1689 538 τὸ
1717 499 1750 544 ἐξ
1777 503 1837 539 οὐκ
1866 501 1990 549 ὅντων,
2006 505 2072 540 ποῦ
2108 504 2130 548 ἡ
2160 500 2365 554 ἀσύγκριτος

1340 558 1512 611 ὑπεροχή,
1528 559 1575 597 Τί
1594 560 1631 598 δέ
1649 563 1740 599 ἐστιν
1758 561 1887 605 ὅλως
1856 578 1895 599 το
1906 592 1916 609 ,
1933 560 2028 614 Ἐγὼ
2046 565 2199 616 πρῶτος,
2217 578 2276 600 και
2297 561 2365 613 ἐγω

1342 618 1430 669 μετὰ
1447 626 1576 670 ταῦτα,
1605 622 1683 670 καὶ,
1703 621 1927 675 ’Έμπροσθέν
1951 639 2014 674 μου
2030 625 2091 661 οὐκ
2114 622 2247 674 ἐγένετο
2263 622 2366 666 ἄλλος

1341 682 1446 729 Θεός,
1467 682 1591 736 Εἷγὰρ
1615 687 1632 721 5
1652 684 1732 728 Υἱὸς
1752 683 1799 735 μὴ
1818 683 1869 731 εἴη
1892 686 1954 730 τ’ῆς
1974 685 2079 730 αὐτῆς
2098 683 2233 732 οὐσίας,
2251 683 2365 737 ἕτερός

1342 745 1415 783 ἐστι
1435 743 1539 787 Θεός·
1560 744 1620 782 καὶ
1639 747 1668 782 εἰ
1688 744 1736 795 μὴ
1760 743 1946 793 συναίδιος,
1967 744 2040 783 ἔστι
2063 744 2139 796 μετ’
2158 744 2280 782 αὐτόν·
2305 745 2365 782 καὶ

1343 807 1371 843 εἰ
1400 804 1449 855 μὴ
1471 808 1510 843 ἐκ
1537 808 1599 851 τῆς
1618 805 1734 849 οὐσίας
1758 808 1942 859 προῆλθεν,
1971 806 2110 853 εὔδηλον
2138 805 2190 843 ὅτι
2218 804 2364 857 ἐγένετο.

1342 867 1386 904 Εἰ
1408 865 1443 905 δὲ
1458 866 1603 918 λέγοιεν,
1615 867 1701 919 πρὸς
1721 866 1982 914 ἀντιδιαστολὴν
1998 870 2065 905 τῶν
2088 865 2238 905 εἰδώλων
2254 871 2363 905 ταῦτα

1342 930 1519 979 εἰρῆσθαι,
1535 930 1610 971 πῶς
1626 930 1662 966 οὗ
1681 932 1896 982 συγχωροῦσι
1914 929 1999 982 πρὸς
2014 926 2275 974 ἀντιδιαστολὴν
2294 930 2363 965 τῶν

1342 987 1492 1027 εἰδώλων
1518 987 1629 1041 λέγειν
1648 990 1704 1028 τὸν
1736 989 1838 1040 μόνον
1868 990 2026 1037 ἀληθινὸν
2046 989 2154 1036 Θεόνς,
2176 991 2221 1027 Εἰ
2248 987 2282 1025 δὲ
2304 988 2365 1026 καὶ

1339 1051 1424 1103 πρὸς
1447 1050 1709 1097 ἀντιδιαστολὴν
1738 1054 1805 1089 τῶν
1837 1050 1986 1089 εἰδώλων
2002 1050 2137 1104 εἴρηται
2154 1054 2275 1097 τοῦτο,
2290 1052 2365 1093 πῶς

1342 1112 1561 1164 ἕρμηνεύσεις
1574 1111 1636 1159 τὴν
1659 1116 1757 1164 ῥ’ἧσιν
1777 1112 1936 1160 ἅπασαν,
1952 1114 2037 1150 Μετ’
2059 1112 2122 1163 ἐμὲ
2139 1111 2227 1164 γὰρ,
2248 1110 2364 1163 φησὶν,

1341 1175 1401 1210 οὐκ
1421 1173 1512 1211 ἔστιν
1534 1172 1636 1216 ἄλλος
1658 1172 1742 1216 θεός.
1768 1175 1845 1211 Οὐκ
1871 1174 2049 1212 ἓκὸάλλων
2077 1173 2134 1211 τὸν
2151 1173 2247 1220 Υἱὸν,
2263 1171 2365 1210 τοῦτό

1340 1248 1455 1283 φησιν,
1479 1231 1556 1269 ἀλλ’
1585 1230 1638 1269 ὅτι
1669 1232 1741 1275 θεὸς
1775 1233 1949 1276 εἷδωλικὸς
1974 1234 2048 1284 μετ’
2074 1232 2135 1283 ἐμὲ
2162 1235 2222 1271 οὐκ
2249 1232 2362 1270 ἔστιν·

1340 1296 1403 1345 οὐχ
1434 1292 1486 1331 ὅτι
1514 1294 1597 1337 Υἱὸς
1614 1294 1701 1331 ροῦκ
1730 1292 1815 1331 ἔστι.
1840 1293 1911 1331 Ναὶ
1936 1293 2032 1346 φησί.
2059 1293 2106 1332 Τί
2128 1287 2201 1341 οὖν,
2226 1292 2286 1331 καὶ
2305 1293 2363 1340 τὸ,

1338 1353 1561 1407 Ἔμπροσθέν
1582 1370 1647 1406 μου
1663 1355 1724 1392 οὐκ
1739 1353 1872 1405 ἐγένετο
1892 1355 1995 1399 ἄλλος
2011 1354 2117 1402 Θεὸς,
2137 1352 2244 1397 οὕτως
2260 1353 2364 1399 ἐκλή-

1338 1418 1410 1469 ψῃ,
1437 1415 1490 1454 ὅτι
1515 1415 1689 1459 εἶδωλικὸς
1724 1414 1785 1466 μὲν
1811 1417 1872 1454 οὐκ
1903 1415 2057 1467 ἐγένετο,
2086 1415 2218 1467 ἐγένετο
2248 1415 2275 1451 δ’
2306 1407 2362 1452 οὖν

1337 1476 1432 1527 ὅμιι1ς
1447 1477 1530 1520 Υἱὸς
1549 1476 1741 1528 ἔμπροσθεν
1763 1478 1885 1523 oti-37:033
1913 1477 1982 1514 Καὶ
2000 1482 2096 1520 ποῖος
2117 1476 2155 1513 ἂν
2169 1479 2268 1514 τοῦτο
2287 1475 2363 1513 δαί-

1339 1554 1412 1588 μων
1434 1537 1542 1585 εἴποι,
1566 1536 1657 1576 Οὐδὲ
1684 1537 1752 1588 γὰρ
1772 1538 1871 1576 αὐτὸν
1892 1531 1990 1588 οἶμαι
2011 1537 2069 1575 τὸν
2091 1535 2249 1575 διάὸολον
2264 1540 2363 1574 τοῦτο

1336 1597 1412 1651 Ῑέρε
1399 1605 1458 1637 ῖν.
1474 1597 1605 1642 Ἀλλως
1631 1598 1685 1648 δὲ,
1717 1602 1746 1637 εἰ
1768 1601 1829 1636 οὐκ
1859 1598 1931 1636 ἔστι
1958 1596 2128 1640 συναίδιος
2144 1613 2194 1649 τῳ
2222 1597 2363 1648 Πατρὶ,

1337 1662 1410 1703 πῶς
1441 1659 1581 1713 ἄπειρον
1615 1662 1718 1699 αὐτου
1751 1660 1813 1707 τὴν
1842 1658 1932 1706 ζωὴν
1953 1660 2055 1713 ἐρεῖς,
2085 1660 2129 1696 Εἰ
2158 1657 2225 1710 γὰρ
2248 1657 2360 1712 ἀρχὴν

1337 1721 1507 1759 ἅνωθεν”
1489 1737 1579 1774 εχει,
1602 1720 1664 1759 κᾶν
1695 1721 1918 1768 ἀτελεύτητος
1936 1725 1980 1773 ᾖ,
2003 1720 2143 1772 ἄπειρος
2172 1719 2268 1771 ὅμως
2299 1723 2362 1758 οὐκ

1336 1782 1424 1821 ἔστι·
1452 1782 1491 1820 τὸ
1510 1783 1576 1836 γὰρ
1604 1783 1763 1836 ἄπειρον,
1779 1783 1991 1835 ἑκατέρωθεν
2011 1781 2151 1834 ἄπειρον
2173 1786 2259 1820 εἶναι
2277 1782 2360 1835 χρή.

1334 1844 1451 1898 ἒὈπερ
1470 1848 1527 1883 οὖν
1555 1845 1613 1883 καὶ
1633 1847 1651 1882 5
1669 1845 1807 1889 Παῦλος
1836 1846 1949 1890 δτλῶν
1978 1843 2094 1895 ἔλεγε·
2118 1843 2219 1890 Μήτε
2248 1843 2360 1897 ἀρχὴν

1334 1910 1486 1959 ἡαερῧν,
1506 1907 1594 1957 μήτε
1621 1909 1709 1953 ζωῆς
1737 1922 1773 1944 τε
1766 1906 1833 1950 λος
1862 1905 1970 1958 εχων,
1998 1904 2037 1943 τό
2064 1920 2102 1942 τε
2130 1904 2281 1958 ἄναρχον
2301 1921 2360 1943 και

1333 1967 1582 2014 θάτελεύτητον
1618 1966 1747 2011 δεικνὺς
1774 1967 1894 2019 ταύτῃ.
1920 1966 2060 2018 (Ὠσπερ
2081 1965 2149 2018 γὰρ
2180 1970 2280 2005 τοῦτο
2299 1968 2361 2005 οὐκ

1335 2028 1407 2080 ἔχει
1429 2028 1559 2080 πέρας,
1593 2028 1698 2073 οὕτως
1719 2028 1795 2067 οὐδὲ
1813 2031 1936 2067 ἐκεῖνο·
1953 2027 2032 2067 οὔτε
2048 2027 2116 2080 γὰρ
2135 2030 2279 2066 ἐνταῦθα
2303 2028 2357 2067 τέ-

1335 2090 1411 2135 λος,
1432 2087 1507 2126 οὔτε
1536 2092 1605 2126 ἐκεῖ
1629 2088 1733 2140 ἀρχή.

1388 2461 1468 2504 Πῶς
1486 2461 1521 2497 δὲ
1544 2461 1602 2498 καὶ
1633 2460 1703 2508 ζωὴ
1726 2460 1785 2508 ὢν,
1802 2456 1844 2508 ἦν
1859 2477 1942 2499 ποτε
1967 2461 2023 2499 ὅτε
2040 2463 2100 2499 οὐκ
2116 2455 2175 2508 ἦν,
2192 2459 2268 2507 Τὴν
2288 2460 2355 2512 γὰρ

1331 2521 1421 2569 ζωὴν
1444 2520 1498 2559 ἀεί
1515 2537 1552 2559 τε
1583 2515 1689 2569 εἶναι,
1707 2522 1767 2560 καὶ
1789 2521 1949 2575 ἀνάρχως
1980 2515 2066 2559 εἶναι
2087 2521 2145 2560 καὶ
2174 2522 2356 2567 ἀτελευτή-

1331 2599 1398 2626 τως
1425 2582 1551 2626 πάντες
1576 2582 1615 2620 ἂν
1638 2583 1901 2634 ὁμολογήσαιεν,
1929 2581 2024 2636 εἴπερ
2049 2582 2153 2627 ὅντως
2178 2582 2229 2630 ε’ίη
2259 2582 2354 2629 ζωὴ,

1330 2643 1449 2696 ὥσπερ
1471 2637 1526 2681 οὖν
1543 2643 1603 2682 καὶ
1617 2643 1720 2681 ἔστιν.
1740 2645 1785 2682 Εἰ
1802 2642 1836 2681 δὲ
1856 2643 1946 2682 ἔστιν
1967 2643 2022 2682 ὅτε
2038 2645 2099 2682 οὐκ
2115 2644 2187 2682 ἔστι
2202 2674 2211 2691 ,
2228 2646 2302 2687 πῶς
2315 2642 2354 2680 ἂν

1332 2704 1382 2751 εἴη
1412 2704 1481 2752 ζωὴ
1501 2707 1567 2742 τῶν
1591 2704 1717 2752 ἄλλων,
1739 2704 1824 2752 αὐτή
1855 2720 1939 2743 ποτε
1960 2707 2019 2742 οὐκ
2038 2698 2139 2752 οῧσα,
2164 2706 2246 2748 Πῶς
2278 2698 2353 2751 οὖν,

1330 2765 1445 2817 φησὶν,
1472 2765 1584 2819 ἀρχὴν
1606 2764 1726 2812 ἔθηκεν
1743 2768 1760 2803 ὃ
1781 2765 1945 2812 Ἰωάννης
1971 2764 2089 2813 εἰπὼν,
2104 2765 2165 2803 Ἐν
2184 2768 2275 2818 ἀρχῇ
2291 2759 2332 2811 ἦν
2342 2780 2352 2814 ;

1330 2828 1413 2878 Τῷ,
1430 2826 1492 2863 Ἔν
1523 2828 1635 2877 ἀρχῇ,
1660 2825 1868 2878 προσέσχες,
1896 2825 1956 2863 καὶ
1978 2828 2048 2877 τῷ,
2073 2819 2157 2873 ΝΗν,
2174 2825 2248 2864 εἶπέ
2275 2841 2353 2877 μοι·

1329 2887 1455 2934 καὶτὸ,
1488 2885 1532 2923 Ὁ
1560 2885 1670 2936 Λόγος
1690 2881 1750 2934 ἦν,
1771 2901 1831 2924 ουκ
1859 2888 2001 2934 εννοεῖς,
2022 2886 2068 2923 Τί
2096 2885 2151 2934 δὲ,
2171 2887 2251 2924 ὅταν
2273 2903 2352 2939 περι

1328 2953 1386 2986 τού
1402 2947 1540 3000 Πατρὸς
1559 2951 1576 2985 5
1595 2947 1775 2999 προφήτης
1799 2946 1838 2984 λε’
1823 2963 1904 2998 εγῃ·
1936 2946 2019 2985 Ἀπὸ
2037 2952 2096 2985 τοῦ
2124 2949 2246 2991 αἰῶνος
2260 2977 2269 2994 ,
2293 2948 2352 2986 καὶ

1801 3001 1868 3059 ἄρα
1900 3007 1997 3059 ὅρους
2026 3010 2119 3045 αὐτῶ
2140 3008 2244 3051 τιΟεὶς
2263 3007 2351 3047 οὕτω

1324 3131 1383 3169 καὶ
1411 3133 1553 3169 ἐνταῦθα
1567 3129 1648 3167 νόει.
1665 3131 1719 3167 Οὐ
1734 3129 1802 3181 γὰρ
1822 3129 1919 3182 ὅρους
1933 3130 2037 3174 τιθεὶς
2048 3160 2057 3178 ,
2072 3134 2171 3169 τοῦτο
2198 3131 2346 3183 εἴρηκεν.

1393 3267 1402 3277 '
1429 3259 1540 3293 Morcl.
1559 3266 1591 3291 et
1606 3258 1705 3292 Savil.
1723 3262 1771 3291 οὐκ
1793 3264 1863 3292 ἔστι.
1882 3266 1926 3293 ναί
1941 3275 2017 3304 φησι.
2038 3260 2099 3292 Alii
2116 3264 2164 3294 οὐκ
2183 3266 2272 3297 ἔστιν,
2289 3265 2349 3295 ἔστι

1351 3317 1403 3353 ,ἀρ
1420 3327 1513 3355 φησιν.

1390 3364 1403 3385 s
1428 3361 1487 3393 Alii
1504 3368 1591 3406 ἐρεῖν.
1608 3365 1681 3399 ὅλως
1698 3363 1738 3394 δέ.

1388 3423 1400 3435 ³
1427 3412 1486 3444 Alii
1499 3415 1694 3449 ἀτελεύτητον
1710 3415 1814 3450 δηλῶν.
1835 3416 1941 3447 dinzio.
