2481 3678
740 183 780 211 IN
818 180 1025 211 JOANNEM
1061 177 1220 208 nomn„

1269 176 1373 205 va.
1411 161 1470 205 al.
1512 176 1633 204 Lxlv.
2130 159 2212 218 431

142 268 202 312 τῆς
221 268 331 318 ὄψεως
361 269 420 303 τοῦ
452 264 596 316 χρυσίου
630 264 690 302 καὶ
720 266 782 310 τῆς
813 261 997 313 ἐπιθυμίας
1030 261 1159 304 ἐπιπη-
1178 283 1225 308 39³
1238 256 1499 306 obsequuntur,
1513 269 1621 306 quam
1639 255 1744 293 idolis
1757 257 1832 294 alii.
1851 259 1896 294 lli
1914 272 2062 308 namque
2079 259 2112 295 in
2130 259 2218 295 inul-

493 323 592 339 mm!

143 327 256 366 δῶντά
275 343 335 364 σου
356 329 398 377 τῇ
418 328 514 377 ψυχῃ
537 340 695 375 οαιμονα.
716 324 888 374 Δαίμονος
917 322 984 374 γὰρ
1002 318 1166 373 χαλεπώ-

142 405 238 439 τερον
258 391 321 433 τῆς
347 386 574 440 φιλαργυρίας
593 391 614 432 ἡ
636 385 803 436 ἐπιθυμία
819 385 905 431 ,καὶ
933 381 1042 432 ταύτῃ
1075 380 1165 418 πολ-

142 450 194 487 λοὶ
213 451 343 500 μᾶλλον
361 448 535 486 πείθονται
550 479 559 494 ,
576 447 598 492 ἢ
619 447 729 500 ἕτεροι
744 452 814 490 τοῖς
832 444 995 487 εἰδώλοις.
1013 443 1165 480 Ἐκεῖνοι

143 512 205 560 μὲν
224 510 291 561 γὰρ
312 509 424 548 πολλὰ
449 509 718 561 παρακούουσιν,
739 510 885 545 ἐνταῦθα
906 506 938 543 δὲ
970 505 1085 542 πάντα
1114 500 1164 538 εἴ-

141 587 261 616 κουσι,
277 571 335 608 καὶ
360 570 445 623 ὅπερ
472 571 512 608 Ξιν
539 570 620 622 εἴπῃ
646 572 814 615 ποιῆσαι,
835 567 1024 604 πείθονται.
1039 563 1086 601 Τί
1103 561 1161 600 λέ-

140 647 215 683 γει,
233 631 408 681 Πολέμιος
426 632 484 670 ἔσο
501 662 510 678 ,
531 631 647 683 φησιν,
681 630 800 682 ἐχθρὸς
832 627 994 665 ἁπάντων
1009 642 1016 648 ·
1047 623 1163 675 ἀγνόει

141 692 204 738 τὴν
225 691 339 744 φύσιν,
360 692 568 745 καταφρόνει
588 694 698 738 Θεοῦ,
716 688 909 728 κατάθυσόν
929 702 988 737 μοι
1014 685 1140 723 σαυτόν
1153 700 1161 708 ·

142 753 201 790 καὶ
219 753 335 790 πάντα
349 753 540 791 πείθονται.
563 753 632 790 Καὶ
651 757 721 794 τοῖς
749 749 810 801 μὲν
837 749 966 793 ξοάνοις
998 750 1078 799 βοῦς
1105 745 1163 784 καὶ

141 814 303 866 πρόὸατα
319 815 479 852 θύουσιν·
497 818 519 860 ἡ
551 814 585 852 δὲ
607 811 817 865 φιλαργυρία
845 810 960 860 λέγει,
984 809 1083 848 θῦσόν
1105 824 1164 858 μοι

141 876 204 922 τὴν
227 881 354 914 σαυτοῦ
372 875 501 927 ψυχὴν,
530 875 588 912 καὶ
607 873 729 912 πείθει.
749 872 858 924 (Ορδιὶς
886 870 975 914 οἵους
995 871 1068 923 ἔχει
1093 872 1162 921 βω-

143 937 251 987 μούς;
279 932 334 974 οἷα
359 936 499 988 δέχεται
519 936 673 987 θύματα,
688 933 875 972 Βασιλείαν
896 935 988 972 Θεοῦ
1020 935 1058 972 οὐ
1076 934 1163 978 κλη-

143 998 390 1050 ρονομήσουσιν
420 1001 451 1036 οῖ
481 997 705 1035 πλεονέκται·
736 996 795 1034 καὶ
827 997 901 1036 οὐδὲ
933 995 1022 1035 οὕτω
1054 994 1165 1033 δεδοί*

141 1075 235 1098 κασι.
253 1059 376 1098 Καίτοι
391 1076 430 1111 γε
443 1059 584 1098 πάντων
599 1063 620 1105 ἡ
638 1057 804 1108 ἐπιθυμία
821 1058 908 1105 αὕτη
925 1056 1165 1109 ἀσθενεστέρα.

141 1122 195 1158 Οὐ
214 1121 281 1172 γὰρ
303 1121 464 1173 ἔμφυτος,
484 1120 560 1158 οὐδὲ
581 1120 728 1173 φυσική·
749 1114 771 1166 ἦ
804 1120 870 1171 γὰρ
905 1119 943 1157 ἂν
975 1117 1073 1171 παρὰ
1104 1117 1166 1164 τὴν

144 1181 257 1235 ἀρχὴν
280 1182 433 1228 ἐνετέθη·
455 1184 513 1218 νῦν
534 1181 569 1219 δὲ
600 1180 742 1233 χρυσίον
762 1182 825 1219 οὐκ
859 1175 901 1227 ἦν
930 1181 1072 1227 ἄνωθεν,
1092 1178 1167 1217 οὐδὲ

143 1243 214 1295 ἤρα
234 1260 283 1287 τις
303 1243 459 1296 χρυσίου.
477 1243 568 1281 Ἀλλ’
597 1245 626 1280 εἷ
648 1243 829 1294 βούλεσθε,
849 1242 942 1294 λέγω
970 1243 1072 1280 πόθεν
1094 1244 1168 1279 εἰσ-

144 1308 227 1351 ῆλθε
258 1306 298 1343 τὸ
324 1305 442 1343 κακόν.
464 1304 638 1348 Ἕκαστος
665 1304 722 1342 τὸν
753 1306 822 1358 πρὸ
855 1306 959 1342 αὐτοῦ
990 1305 1168 1349 ζηλοῦντες

144 1367 319 1405 ἐπέτεινον
341 1367 380 1404 τὸ
400 1366 630 1416 νόσημα,καὶ
657 1366 713 1404 τὸν
740 1369 778 1404 οὐ
810 1365 1017 1418 βουλόμενον
1050 1368 1068 1403 ὃ
1088 1381 1171 1416 προ-

143 1428 260 1466 λαὸὼν
294 1428 448 1481 ἐρεθίζει.
465 1426 582 1465 εὈταν
611 1428 677 1479 γὰρ
700 1428 819 1466 ἴδωσιν
846 1427 955 1470 οἰκίας
986 1426 1168 1479 λαμπρὰς,

143 1489 204 1527 καὶ
223 1491 353 1535 πλῆθος
374 1491 503 1541 ἀγρῶν,
523 1488 581 1526 καὶ
602 1489 826 1540 ἀνδραπόδων
844 1489 992 1540 ἀγέλας,
1011 1488 1071 1526 καὶ
1104 1491 1169 1539 ἀρ-

143 1558 234 1602 γυρᾶ
278 1550 383 1597 σκεύη
397 1580 405 1596 ,
440 1550 500 1588 καὶ
538 1549 646 1588 πολὺν
677 1549 826 1600 ἱματίων
858 1550 1016 1602 φορυτὸν,
1055 1549 1169 1587 πάντα

144 1611 369 1665 πράττουσιν,
386 1611 475 1650 ὥστε
495 1611 754 1665 ὑπερέαλέσθαι
770 1627 777 1634 ·
794 1611 885 1649 ὥστε
902 1614 932 1649 οἱ
952 1615 1084 1663 πρῶτοι
1101 1614 1170 1648 τῶν

145 1673 311 1724 δευτέρων
335 1673 439 1710 αἴτιοι
463 1673 635 1724 γίνονται,
657 1675 810 1711 κάκεῖνοι
825 1676 893 1711 τῶν
926 1675 1001 1723 μετ’
1034 1672 1168 1716 αὐτούς.

144 1736 189 1772 Εἰ
206 1734 240 1772 δὲ
256 1734 436 1773 ἐξούλοντο
450 1740 650 1787 σωφρονεῖν,
666 1737 726 1773 οὐκ
743 1734 783 1772 ἂν
800 1741 870 1778 τοῖς
887 1734 1004 1777 ἄλλοις
1019 1732 1170 1785 ἐγίνοντο

147 1795 373 1841 διδάσκαλοι,
397 1798 526 1847 μᾶλλον
556 1796 591 1834 δὲ
610 1796 687 1835 οὐδὲ
715 1795 848 1839 τούτοις
868 1795 961 1834 ἔστιν
987 1795 1168 1847 ἀπολογία,

146 1857 229 1894 Εἰσὶ
251 1856 317 1910 γὰρ
338 1857 398 1895 καὶ
417 1858 528 1910 ἕτεροι
556 1859 750 1910 χρημάτων
773 1862 1079 1911 καταφρονοῦντες.
1101 1857 1169 1895 Καὶ

146 1917 217 1964 τίς,
241 1919 345 1970 φησί,
368 1925 600 1972 καταφρονεῖ;
621 1921 674 1958 Τὸ
692 1920 759 1974 γὰρ
779 1921 900 1967 δεινὸν,
929 1918 981 1957 ὅτι
1004 1919 1072 1957 ὑπὸ
1089 1920 1171 1958 πολ-

145 1980 208 2025 λῆς
227 1980 352 2024 κακίας
371 1983 416 2025 εἷς
440 1981 604 2020 ἀδύνατον
627 1983 720 2020 δοκεῖ
739 1982 986 2033 περιεστάναι,
1014 1982 1074 2019 καί
1093 1981 1169 2020 οὐδὲ

147 2040 350 2079 πιστεύεταί
367 2059 418 2086 τις
438 2046 629 2094 κατορθῶν.
650 2044 752 2081 Εἴπω
783 2043 896 2082 τοίνυν
924 2041 1072 2087 πολλοὺς
1093 2042 1170 2087 τοὺς

146 2104 178 2140 ἐν
212 2109 286 2146 ταῖς
315 2104 457 2150 πόλεσι,
479 2105 537 2142 καὶ
564 2104 641 2148 τοὺς
670 2107 704 2142 ἐν
728 2111 798 2147 τοῖς
829 2105 947 2156 ὄρεσι,
970 2104 1039 2142 Καὶ
1071 2104 1104 2141 τί
1129 2103 1169 2142 τὸ

143 2164 284 2216 κέρδος,
304 2166 379 2203 οὗῗὲ
398 2166 463 2217 γὰρ
497 2165 566 2204 ἀπὸ
592 2165 723 2204 τούτων
745 2165 862 2204 ἔσεσθε
890 2166 1056 2217 βελτίους.
1083 2165 1167 2204 Ἀλ-

141 2228 209 2269 λως
229 2226 263 2264 δὲ
277 2256 286 2272 ,
306 2230 343 2265 οὐ
364 2228 443 2279 περὶ
469 2227 600 2265 τούτων
621 2231 704 2278 ἡμῖν
732 2230 749 2265 ὁ
768 2227 869 2278 λόγος
903 2232 972 2276 νῦν,
993 2227 1083 2266 ὥστε
1105 2244 1165 2265 κε-

961 2291 970 2303 9
1038 2290 1052 2302 N

141 2289 250 2325 νῶσαι
269 2288 313 2326 τὰ
332 2289 432 2327 ὅντα·
453 2289 646 2340 ε’ἕουλόμην
669 2288 722 2326 δέ·
737 2289 828 2335 πλὴν
849 2291 925 2328 ἀλλ’
956 2289 1074 2336 επειοὴ
1094 2296 1168 2340 μεῖ-

142 2349 197 2392 ζον
218 2351 314 2400 ὑμῶν
333 2349 372 2388 το
392 2351 543 2404 φορτίον,
561 2353 648 2390 ὓοῦκ
678 2351 862 2403 ἀναγκάζω
877 2367 884 2374 ·
905 2352 981 2388 ἀλλ’
1011 2351 1100 2389 ὥστε
1117 2351 1165 2402 μὴ

142 2412 210 2447 τῶν
245 2412 435 2463 ἀλλοτρίων
457 2412 612 2465 ἐφίεσθαι
640 2416 821 2464 παραινῶ,
844 2412 934 2451 ὥστε
958 2416 997 2452 ἐκ
1024 2416 1092 2451 τῶν
1114 2415 1168 2451 ὄν-

141 2487 209 2508 των
239 2474 472 2521 μεταδιδόναι.
503 2473 661 2517 Πολλοὺς
695 2474 730 2512 δὲ
759 2473 931 2517 τοιούτους
964 2476 1168 2527 εὑρήσομεν,

140 2537 214 2575 τοῖς
233 2533 372 2577 οἰκείοις
401 2534 653 2586 ἀρκουμένους,
670 2538 739 2573 τῶν
777 2539 908 2574 ἑαυτῶν
931 2538 1164 2588 ἐπιμελουμέ-

142 2609 238 2641 νους,
259 2595 317 2632 καὶ
337 2596 406 2633 ἀπὸ
426 2596 567 2634 δικαίων
595 2599 724 2641 ζῶντας
743 2596 868 2635 πόνων.
885 2597 989 2635 Διατί
1017 2597 1065 2648 μὴ
1086 2598 1164 2636 τού-

143 2671 220 2698 τους
258 2658 428 2707 ζηλοῦμεν
461 2658 519 2695 καὶ
552 2657 770 2709 μιμούμεθα,
804 2658 1048 2708 Ἐννοήσωμεν
1087 2657 1166 2705 τοὺς

143 2717 210 2769 πρὸ
233 2720 353 2768 ἡμῶν·
374 2719 452 2770 οὐχὶ
480 2719 524 2757 τὰ
544 2720 710 2770 κτήματα
741 2722 854 2757 αὐτῶν
887 2719 1029 2768 ἕστηκε,
1061 2720 1162 2771 μόνον

141 2778 185 2816 τὰ
205 2778 361 2830 ὀνόματα
379 2782 492 2818 αὐτῶν
513 2780 531 2799 *
545 2780 777 2827 διασώζοντος,
794 2785 852 2819 τοῦ
873 2782 978 2825 δεῖνος
997 2782 1037 2820 τὸ
1057 2784 1161 2834 βαλα·

142 2845 244 2887 νεῖον,
262 2841 321 2879 καὶ
335 2846 393 2880 τοῦ
408 2843 514 2886 δεῖνος
532 2843 571 2881 τὸ
585 2843 805 2896 προάστειον,
825 2844 884 2882 καὶ
902 2844 941 2881 τὸ
955 2845 1161 2896 κατάλυμα,

142 2900 219 2951 οὐχὶ
253 2903 376 2946 εὐθέως
401 2905 612 2955 θεασάμενοι
634 2904 810 2955 στένομεν,
838 2908 1026 2950 ἐννοοῦντες
1056 2907 1162 2946 πόσον

142 2962 246 2999 πόνον
261 2964 423 3014 ὑπέμεινε
435 2994 444 3012 ,
464 2966 575 3009 πόσας
592 2965 752 3018 ἁρπαγὰς
767 2967 922 3019 ἥρπασε,
943 2969 1001 3006 καὶ
1016 2970 1164 3020 οὐδαμοῦ

142 3023 322 3075 φαίνεται,
353 3028 430 3064 ἀλλ’
466 3029 675 3080 ἐντρυφῶσιν
703 3028 814 3081 ἕτεροι
832 3036 903 3073 τοῖς
927 3030 1076 3077 ἐκείνου,
1108 3031 1165 3074 οὒς

143 3089 220 3127 οὐδὲ
240 3091 495 3142 προσεδόκησε,
516 3094 609 3146 τάχα
641 3096 675 3133 δὲ
696 3097 754 3134 καὶ
780 3097 919 3149 ἐχθροὶ,
940 3097 1068 3137 ἐκείνου
1100 3099 1164 3145 τὴν

142 3157 296 3209 ἔσχ-ἄτην
318 3159 467 3203 διδόντος
483 3161 593 3209 δίκην.
615 3164 738 3202 Ταῦτα
758 3164 816 3202 καὶ
829 3169 922 3214 ἡμᾶς
944 3164 1050 3215 μένει.
1070 3166 1166 3204 Πάν-

143 3240 210 3267 τως
242 3225 308 3278 γὰρ
329 3228 609 3279 ἀποθανούμεθα,
626 3230 764 3273 πάντως
782 3231 821 3268 τὸ
851 3231 935 3268 αὐτὸ
961 3231 1058 3275 τέλος
1085 3235 1167 3270 ὑπο-

189 3360 202 3373 ='¹
221 3349 278 3381 Alii
299 3363 365 3384 uon
379 3356 476 3395 pauci
491 3360 522 3388 οὗ
536 3363 766 3399 καταναγκάζω.

188 3403 200 3413 “
221 3403 422 3446 [διασῴζοντα
438 3406 601 3440 edidimus
614 3420 630 3442 e
645 3408 745 3442 smil.
762 3417 793 3442 et
810 3409 918 3444 Codd.
939 3412 1070 3445 uostris.
1094 3412 1156 3446 Le-

1189 319 1215 348 Α
1238 316 1282 354 tis
1308 330 1377 353 non
1408 326 1557 367 parent;
1590 316 1645 354 illi
1671 331 1754 356 vero
1775 317 1811 355 in
1831 318 1996 355 omuibus
2015 318 2159 365 cedunt,
2188 330 2221 356 et

1237 376 1414 427 quidquid
1428 377 1629 415 faciendum
1645 387 1828 429 suggerat,
1851 378 2105 428 obsequuntur.
2125 378 2221 424 Quid

1236 439 1326 477 dicit
1344 439 1523 478 avaritia?
1542 440 1627 478 Esto
1646 441 1810 478 omnibus
1842 440 1953 478 hostis
1977 449 2010 477 et
2035 440 2220 489 inimicus,

1236 510 1399 539 naturam
1427 501 1656 551 obliviscere,
1687 504 1802 539 Deum
1829 511 2034 549 contemne,
2064 501 2222 538 sacrifica

1236 562 1325 599 mihi
1360 563 1512 615 teipsum
1539 579 1546 600 τ
1573 573 1606 601 et
1632 563 1668 601 iu
1688 564 1852 601 omnibus
1879 563 1933 600 illi
1963 563 2218 614 obtemperant.

1237 624 1347 662 Idolis
1361 625 1508 675 quidem
1526 626 1635 664 boves
1652 635 1684 663 et
1701 640 1784 663 oves
1806 625 2035 662 immolantur
2053 640 2060 660 :
2075 624 2223 662 avaritia

1237 695 1354 724 autem
1369 686 1457 724 dicit
1472 717 1483 735 ,
1498 688 1648 725 lmmola
1664 687 1753 724 mihi
1770 687 1926 724 animam
1942 696 2040 724 tuam
2064 702 2071 722 :
2092 695 2125 723 et
2139 700 2222 723 ava-

1237 762 1297 785 rus
1314 762 1448 785 morem
1463 749 1563 799 gerit.
1578 749 1708 788 Viden’
1726 749 1847 799 quales
1861 763 1940 786 aras
1964 748 2114 785 habeat?
2134 762 2223 798 qua—

1238 808 1286 847 lia
1317 811 1473 862 excipiat
1499 811 1698 849 sacrificia?
1725 812 1891 862 Regnum
1926 810 1990 848 Dei
2022 810 2120 847 avari
2155 824 2222 847 non

1238 870 1470 923 possidebunt
1486 888 1494 908 ε
1509 887 1550 910 ac
1568 873 1657 910 nihil
1672 882 1788 910 tamen
1807 872 2010 910 formidant.
2028 871 2136 922 Atqui
2150 871 2225 909 haec

1239 935 1418 986 cupiditas
1440 936 1599 975 omnium
1629 937 1872 975 infirmissima
1904 945 1966 974 est.
1987 936 2108 986 Neque
2133 934 2227 972 enim

1239 995 1375 1045 innata,
1396 1011 1510 1047 neque
1529 998 1699 1036 naturalis
1714 1008 1765 1036 est
1784 1014 1792 1035 :
1808 998 1964 1049 alioquin
1979 997 2074 1035 enim
2091 996 2193 1034 nobis
2206 1011 2226 1034 a

1240 1059 1418 1112 principio
1431 1060 1602 1099 adfuisset
1617 1077 1624 1097 ε
1639 1070 1675 1099 at
1693 1061 1796 1099 initio
1819 1075 1948 1098 aurum
1966 1075 2036 1098 non
2055 1069 2128 1098 erat
2140 1089 2150 1108 ,
2164 1074 2227 1097 nec

1241 1136 1369 1159 aurum
1387 1122 1566 1175 quispiam
1587 1125 1739 1162 amabat.
1753 1126 1798 1161 At
1811 1124 1841 1162 si
1853 1123 1984 1173 vultis,
1998 1123 2116 1161 dicam
2135 1121 2228 1159 unde

1242 1183 1378 1221 malum
1410 1184 1600 1236 irrepserit.
1627 1185 1769 1236 Singuli
1797 1199 1855 1222 eos
1886 1184 1948 1235 qui
1979 1193 2230 1236 praecesserant

1243 1244 1417 1293 aemulati,
1437 1246 1603 1284 morbum
1621 1256 1821 1294 auxerunt,
1847 1256 1879 1284 et
1898 1247 1955 1285 vel
1974 1247 2128 1285 invitum
2144 1246 2231 1283 inci-

1243 1314 1294 1343 tat
1318 1306 1348 1344 is
1369 1308 1429 1358 qui
1447 1309 1634 1360 praecessit.
1650 1309 1742 1346 Cum
1764 1308 1888 1347 vident
1904 1309 1999 1347 enim
2024 1308 2230 1361 splendidas

1245 1367 1352 1414 aedes,
1371 1383 1539 1420 agrorum
1563 1371 1720 1422 copiam,
1737 1385 1920 1408 servorum
1944 1384 2086 1422 greges,
2107 1383 2230 1421 argen-

1244 1438 1299 1466 tea
1315 1443 1415 1479 vasa,
1432 1439 1465 1467 et
1481 1431 1631 1469 multam
1646 1432 1798 1469 vestium
1815 1432 2014 1483 congeriem
2027 1462 2036 1480 ‚
2053 1432 2145 1469 nihil
2162 1446 2231 1470 non

1245 1500 1355 1542 agunt
1369 1501 1408 1529 ut
1422 1492 1501 1529 illos
1516 1503 1702 1544 superent:
1723 1502 1762 1530 ut
1792 1493 1900 1545 primi
1916 1493 2096 1541 secundis,
2119 1494 2158 1531 hi
2178 1509 2230 1533 se-

1245 1551 1554 1605 quentibusgcausa
1564 1554 1729 1606 cupiendi
1742 1555 1923 1592 exsistant.
1934 1554 2040 1600 Quod
2053 1554 2083 1592 si
2098 1556 2232 1594 voluis-

1245 1624 1320 1652 sent
1345 1615 1523 1654 moderate
1541 1630 1662 1667 agere,
1684 1630 1752 1654 non
1774 1617 1854 1654 aliis
1875 1616 2035 1654 doctores
2062 1617 2210 1655 fuissent
2218 1633 2230 1667 5

1245 1676 1317 1714 imo
1332 1691 1446 1727 neque
1465 1677 1520 1715 his
1536 1678 1609 1715 ulla
1622 1687 1671 1716 est
1684 1678 1875 1716 excusatio.
1893 1678 1984 1715 Sunt
1997 1678 2092 1716 enim
2102 1678 2162 1715 alii
2172 1679 2231 1729 qui

1245 1740 1411 1792 pecunias
1425 1749 1600 1791 spernant.
1618 1740 1665 1777 Et
1679 1739 1759 1790 quis
1773 1740 1928 1792 spernit,
1946 1739 2107 1790 inquies?
2124 1740 2233 1786 Quod

1245 1802 1339 1840 enim
1356 1802 1501 1853 gravius
1516 1811 1568 1840 est
1578 1833 1587 1851 ,
1602 1811 1698 1840 tanta
1713 1802 1822 1855 hujus
1832 1802 1913 1840 vitii
1927 1802 1983 1841 vis
1996 1811 2046 1839 est
2058 1833 2069 1852 ‚
2087 1811 2127 1839 ut
2139 1801 2233 1840 vide-

1245 1873 1326 1901 atur
1353 1878 1422 1901 non
1434 1877 1537 1916 posse
1551 1863 1735 1916 superari,
1762 1877 1825 1901 nec
1855 1863 2018 1901 credatur
2030 1865 2233 1917 quempiam

1245 1940 1318 1963 esse
1355 1926 1417 1976 qui
1446 1927 1659 1966 contrariam
1691 1926 1863 1965 virtutem
1899 1935 2062 1964 sectetur.
2099 1927 2233 1965 Multos

1244 1995 1361 2026 tamen
1384 1988 1590 2041 hujusmodi
1612 2003 1798 2027 numerare
1816 2003 1961 2041 possum
1978 1998 2012 2026 et
2028 1989 2063 2027 in
2082 1989 2234 2027 urbibus

1245 2059 1278 2087 et
1297 2050 1333 2087 in
1357 2050 1549 2089 montibus.
1572 2051 1618 2089 Et
1643 2051 1729 2102 quid
1751 2050 1833 2089 inde
1852 2051 1975 2089 lucri?
1998 2066 2111 2102 neque
2137 2052 2231 2089 enini

1243 2111 1328 2149 hinc
1346 2112 1509 2150 meliores
1523 2112 1692 2151 evadetis.
1709 2112 1878 2164 Alioquin
1897 2122 2016 2151 autem
2031 2127 2099 2150 non
2114 2113 2159 2150 de
2172 2113 2229 2151 his

1242 2174 1345 2212 nobis
1363 2189 1478 2213 sermo
1498 2190 1591 2213 nunc
1607 2185 1670 2224 est,
1687 2189 1750 2214 nec
1762 2175 1915 2214 dicimus
1935 2175 2080 2213 divitias
2092 2175 2228 2213 effundi

1243 2246 1405 2289 oportere
1421 2253 1428 2274 :
1442 2238 1572 2276 vellem
1588 2237 1733 2288 utique3
1751 2237 1812 2275 sed
1826 2237 1909 2289 quia
1923 2239 2038 2290 majus
2052 2252 2124 2276 esse
2138 2252 2226 2276 onus

1242 2299 1405 2351 videtur,
1428 2314 1496 2337 non
1520 2314 1663 2351 cogam,
1684 2299 1745 2338 sed
1764 2300 1887 2337 hortor
1906 2314 1948 2337 ne
1969 2300 2082 2338 aliena
2097 2314 2226 2338 concu-

1241 2361 1386 2413 piscatis
1396 2391 1407 2411 7
1427 2370 1531 2411 atque
1545 2375 1590 2398 ex
1614 2361 1845 2399 facultatibus
1862 2362 2076 2413 largiamini.
2091 2361 2226 2400 Multos

1241 2434 1359 2463 autem
1373 2425 1592 2463 inveniemus
1606 2425 1712 2463 rebus
1728 2425 1800 2462 suis
1813 2434 2009 2473 contentos,
2022 2440 2085 2463 sua
2100 2439 2226 2463 curan-

1242 2496 1309 2536 tes,
1335 2495 1369 2524 et
1393 2500 1439 2523 ex
1463 2486 1570 2538 justis
1588 2486 1773 2523 laboribus
1790 2485 1926 2524 victum
1956 2496 2128 2538 parantes.
2152 2487 2227 2526 Cur

1243 2563 1311 2586 non
1338 2549 1403 2585 hos
1431 2547 1614 2585 imitamur
1635 2556 1668 2584 et
1691 2548 1926 2585 aemulamur?
1943 2549 2146 2600 Cogitemus
2167 2564 2226 2588 eos

1240 2610 1302 2660 qui
1319 2619 1399 2647 ante
1414 2623 1477 2646 nos
1491 2609 1634 2645 fuerunt
1649 2624 1657 2644 :
1673 2622 1788 2646 annon
1803 2608 1948 2647 illorum
1965 2611 2099 2662 praedia
2110 2621 2224 2659 stant,

1238 2673 1326 2710 dum
1336 2672 1493 2723 ipsorum
1506 2670 1579 2707 sola
1591 2671 1733 2708 nomina
1748 2671 2075 2711 circumferuntur?
2090 2673 2145 2711 En
2158 2674 2224 2711 hu-

1234 2735 1295 2786 jus
1313 2733 1480 2770 balneum
1491 2762 1502 2782 ‚
1528 2731 1626 2769 illius
1648 2731 1894 2770 suburbanum
1911 2743 1944 2771 et
1960 2733 2197 2774 diversorium
2216 2753 2224 2773 τ

1237 2809 1353 2833 annon
1380 2793 1496 2831 statim
1519 2802 1626 2844 atque
1643 2793 1718 2831 baec
1736 2793 1917 2844 videmus,
1938 2795 2223 2848 ingemiscimus,

1238 2857 1430 2909 cogitantes
1443 2864 1527 2906 quot
1539 2855 1676 2893 labores
1687 2856 1913 2906 sustinuerit,
1927 2868 2013 2908 quot
2025 2870 2225 2912 quantaque

1238 2919 1427 2972 rapuerit?
1454 2927 1486 2956 et
1511 2932 1686 2970 nusquam
1711 2918 1773 2957 ille
1788 2929 1954 2972 appare13
1986 2921 2047 2959 sed
2067 2923 2129 2960 alii
2148 2925 2224 2976 ejus

1191 2968 1212 2997 E
1238 2982 1467 3021 facultatibus
1494 2980 1729 3030 delectantur,
1747 2996 1836 3033 quos
1860 2982 1920 3020 ille
1937 2997 2131 3035 numquam
2152 3001 2221 3038 pu—

1239 3054 1360 3093 tasset;
1384 3053 1418 3081 et
1446 3044 1534 3080 forte
1557 3042 1663 3080 etiam
1687 3043 1844 3092 inimici,
1863 3043 1951 3082 dum
1972 3054 2147 3084 extremas
2164 3047 2224 3084 ille

1239 3107 1299 3146 dat
1320 3120 1453 3159 poenas.
1475 3104 1612 3143 Eadem
1633 3119 1696 3143 nos
1715 3114 1867 3143 manent.
1888 3107 1980 3143 Nam
2009 3107 2084 3145 sine
2113 3107 2223 3145 dubio

1240 3168 1433 3206 moriemur
1443 3197 1453 3216 ,
1472 3166 1706 3217 eumdemque
1723 3166 1830 3204 finem
1844 3167 2044 3206 sortiemur.
2057 3169 2197 3215 Quanta
2208 3199 2219 3219 ,

1231 3244 1350 3284 quaeso
1361 3259 1371 3279 ,
1387 3228 1487 3277 odia,
1504 3237 1653 3279 quantos
1667 3237 1825 3277 sumtus,
1848 3238 1997 3279 quantas
2018 3229 2222 3267 inimicitias

1220 3359 1358 3404 gebatur
1381 3361 1568 3398 διασώζεται,
1586 3356 1692 3398 Supra
1714 3355 1800 3391 Cod.
1819 3357 1882 3388 709
1903 3359 2040 3394 ἑστήκασι
2061 3357 2225 3402 frequenti

1221 3413 1254 3445 in
1268 3409 1378 3445 Codd.
1395 3409 1630 3454 Chrysostomi
1646 3408 1772 3442 numeri
1791 3410 1977 3451 varietate]

2242 826 2266 844 1.
2290 814 2353 843 Cot:
2371 817 2401 844 fi.

2240 866 2288 888 10,
