<?xml version="1.0" encoding="UTF-8"?>
<!DOCTYPE html PUBLIC "-//W3C//DTD XHTML 1.0 Transitional//EN"
    "http://www.w3.org/TR/xhtml1/DTD/xhtml1-transitional.dtd">
<html xmlns="http://www.w3.org/1999/xhtml" xml:lang="en" lang="en">
 <head>
  <title>
</title>
<meta http-equiv="Content-Type" content="text/html;charset=utf-8" />
  <meta name='ocr-system' content='tesseract 3.04.00' />
  <meta name='ocr-capabilities' content='ocr_page ocr_carea ocr_par ocr_line ocrx_word'/>
</head>
<body>
  <div class='ocr_page' id='page_1' title='image "./operaomniaquaeex08johnuoft/operaomniaquaeex08johnuoft_0352.png"; bbox 0 0 2481 3678; ppageno 0'>
   <div class='ocr_carea' id='block_1_1' title="bbox 273 181 1308 1801">
    <p class='ocr_par' dir='ltr' id='par_1_1' title="bbox 273 181 1307 1793">
     <span class='ocr_line' id='line_1_1' title="bbox 283 181 972 232; baseline 0.007 -6"><span class='ocrx_word' id='word_1_1' title='bbox 283 181 373 227; x_wconf 74' lang='lat'>326</span> <span class='ocrx_word' id='word_1_2' title='bbox 706 200 744 230; x_wconf 84' lang='lat' dir='ltr'>s.</span> <span class='ocrx_word' id='word_1_3' title='bbox 785 201 972 232; x_wconf 74' lang='lat' dir='ltr'><strong>JOANNIS</strong></span> 
     </span>
     <span class='ocr_line' id='line_1_2' title="bbox 279 278 1261 333; baseline 0.002 -16"><span class='ocrx_word' id='word_1_4' title='bbox 279 278 540 317; x_wconf 82' lang='lat' dir='ltr'>interfecerunt.</span> <span class='ocrx_word' id='word_1_5' title='bbox 562 279 638 319; x_wconf 82' lang='lat' dir='ltr'>Hoc</span> <span class='ocrx_word' id='word_1_6' title='bbox 655 280 839 319; x_wconf 85' lang='lat' dir='ltr'>declarans</span> <span class='ocrx_word' id='word_1_7' title='bbox 858 282 1073 333; x_wconf 81' lang='lat' dir='ltr'>evangelista</span> <span class='ocrx_word' id='word_1_8' title='bbox 1092 282 1232 321; x_wconf 87' lang='lat' dir='ltr'>dicebat</span> <span class='ocrx_word' id='word_1_9' title='bbox 1253 299 1261 319; x_wconf 88' lang='lat'>:</span> 
     </span>
     <span class='ocr_line' id='line_1_3' title="bbox 279 341 1262 381; baseline 0.005 -5"><span class='ocrx_word' id='word_1_10' title='bbox 279 342 374 377; x_wconf 78' lang='lat' dir='ltr'>Post</span> <span class='ocrx_word' id='word_1_11' title='bbox 396 341 479 377; x_wconf 78' lang='lat' dir='ltr'>haec</span> <span class='ocrx_word' id='word_1_12' title='bbox 511 342 735 379; x_wconf 76' lang='lat' dir='ltr'><em>ambulabat</em></span> <span class='ocrx_word' id='word_1_13' title='bbox 764 343 878 380; x_wconf 81' lang='lat' dir='ltr'>Jesns</span> <span class='ocrx_word' id='word_1_14' title='bbox 900 345 941 379; x_wconf 83' lang='lat' dir='ltr'>in</span> <span class='ocrx_word' id='word_1_15' title='bbox 966 343 1137 381; x_wconf 64' lang='lat' dir='ltr'>Galilaea</span> <span class='ocrx_word' id='word_1_16' title='bbox 1156 359 1166 379; x_wconf 91' lang='lat'><em>:</em></span> <span class='ocrx_word' id='word_1_17' title='bbox 1186 357 1262 381; x_wconf 85' lang='lat' dir='ltr'>non</span> 
     </span>
     <span class='ocr_line' id='line_1_4' title="bbox 279 404 1263 457; baseline 0.004 -18"><span class='ocrx_word' id='word_1_18' title='bbox 279 404 380 439; x_wconf 84' lang='lat' dir='ltr'>enim</span> <span class='ocrx_word' id='word_1_19' title='bbox 402 411 551 453; x_wconf 73' lang='lat' dir='ltr'>poterat</span> <span class='ocrx_word' id='word_1_20' title='bbox 569 405 610 439; x_wconf 85' lang='lat' dir='ltr'>in</span> <span class='ocrx_word' id='word_1_21' title='bbox 625 404 767 440; x_wconf 79' lang='lat' dir='ltr'>Judoea</span> <span class='ocrx_word' id='word_1_22' title='bbox 794 404 1007 450; x_wconf 80' lang='lat' dir='ltr'>ambulare,</span> <span class='ocrx_word' id='word_1_23' title='bbox 1038 407 1134 456; x_wconf 80' lang='lat' dir='ltr'>quia</span> <span class='ocrx_word' id='word_1_24' title='bbox 1161 420 1263 457; x_wconf 81' lang='lat' dir='ltr'>quoe-</span> 
     </span>
     <span class='ocr_line' id='line_1_5' title="bbox 278 464 1264 516; baseline 0.005 -16"><span class='ocrx_word' id='word_1_25' title='bbox 278 465 415 501; x_wconf 80' lang='lat' dir='ltr'>rebant</span> <span class='ocrx_word' id='word_1_26' title='bbox 434 478 519 501; x_wconf 77' lang='lat' dir='ltr'>eum</span> <span class='ocrx_word' id='word_1_27' title='bbox 536 464 667 501; x_wconf 80' lang='lat' dir='ltr'>Judoei</span> <span class='ocrx_word' id='word_1_28' title='bbox 682 465 908 516; x_wconf 76' lang='lat' dir='ltr'>interficere.</span> <span class='ocrx_word' id='word_1_29' title='bbox 931 465 1030 511; x_wconf 84' lang='lat' dir='ltr'><strong>Quid</strong></span> <span class='ocrx_word' id='word_1_30' title='bbox 1042 465 1148 516; x_wconf 87' lang='lat' dir='ltr'>dicis,</span> <span class='ocrx_word' id='word_1_31' title='bbox 1164 467 1264 505; x_wconf 79' lang='lat' dir='ltr'>beate</span> 
     </span>
     <span class='ocr_line' id='line_1_6' title="bbox 277 525 1264 578; baseline 0.003 -16"><span class='ocrx_word' id='word_1_32' title='bbox 277 525 451 563; x_wconf 71' lang='lat' dir='ltr'>Joannes?</span> <span class='ocrx_word' id='word_1_33' title='bbox 470 526 547 562; x_wconf 91' lang='lat' dir='ltr'>Non</span> <span class='ocrx_word' id='word_1_34' title='bbox 567 534 700 576; x_wconf 82' lang='lat' dir='ltr'>poterat</span> <span class='ocrx_word' id='word_1_35' title='bbox 718 525 780 575; x_wconf 90' lang='lat' dir='ltr'>qui</span> <span class='ocrx_word' id='word_1_36' title='bbox 799 534 913 577; x_wconf 86' lang='lat' dir='ltr'>potest</span> <span class='ocrx_word' id='word_1_37' title='bbox 928 526 1045 564; x_wconf 84' lang='lat' dir='ltr'>omnia</span> <span class='ocrx_word' id='word_1_38' title='bbox 1060 541 1137 578; x_wconf 77' lang='lat' dir='ltr'>quae</span> <span class='ocrx_word' id='word_1_39' title='bbox 1154 528 1264 565; x_wconf 75' lang='lat' dir='ltr'>vult?</span> 
     </span>
     <span class='ocr_line' id='line_1_7' title="bbox 277 584 1263 640; baseline 0.006 -19"><span class='ocrx_word' id='word_1_40' title='bbox 277 585 338 635; x_wconf 87' lang='lat' dir='ltr'>qui</span> <span class='ocrx_word' id='word_1_41' title='bbox 369 584 478 634; x_wconf 82' lang='lat' dir='ltr'>dixit,</span> <span class='ocrx_word' id='word_1_42' title='bbox 518 586 638 635; x_wconf 80' lang='lat' dir='ltr'>Quem</span> <span class='ocrx_word' id='word_1_43' title='bbox 673 588 856 637; x_wconf 69' lang='lat' dir='ltr'>(steteritis,</span> <span class='ocrx_word' id='word_1_44' title='bbox 887 595 920 624; x_wconf 83' lang='lat' dir='ltr'>et</span> <span class='ocrx_word' id='word_1_45' title='bbox 949 601 1006 625; x_wconf 88' lang='lat' dir='ltr'>eos</span> <span class='ocrx_word' id='word_1_46' title='bbox 1034 597 1127 625; x_wconf 87' lang='lat' dir='ltr'>retro</span> <span class='ocrx_word' id='word_1_47' title='bbox 1143 588 1263 640; x_wconf 87' lang='lat' dir='ltr'>pulsos</span> 
     </span>
     <span class='ocr_line' id='line_1_8' title="bbox 277 645 1308 702; baseline 0.007 -21"><span class='ocrx_word' id='word_1_48' title='bbox 277 645 500 697; x_wconf 69' lang='lat' dir='ltr'>prostravit?</span> <span class='ocrx_word' id='word_1_49' title='bbox 520 645 581 695; x_wconf 88' lang='lat' dir='ltr'>qui</span> <span class='ocrx_word' id='word_1_50' title='bbox 598 659 750 697; x_wconf 72' lang='lat' dir='ltr'>praesens</span> <span class='ocrx_word' id='word_1_51' title='bbox 770 660 838 684; x_wconf 92' lang='lat' dir='ltr'>non</span> <span class='ocrx_word' id='word_1_52' title='bbox 858 646 1017 698; x_wconf 82' lang='lat' dir='ltr'>videtur,</span> <span class='ocrx_word' id='word_1_53' title='bbox 1039 648 1178 687; x_wconf 86' lang='lat' dir='ltr'>hiccine</span> <span class='ocrx_word' id='word_1_54' title='bbox 1194 659 1308 702; x_wconf 77' lang='lat' dir='ltr'>po—(,</span> <span class='ocrx_word' id='word_1_55' title='bbox 1285 659 1308 690; x_wconf 80' lang='lat' dir='ltr'>C</span> 
     </span>
     <span class='ocr_line' id='line_1_9' title="bbox 276 707 1263 762; baseline 0.006 -18"><span class='ocrx_word' id='word_1_56' title='bbox 276 716 434 745; x_wconf 79' lang='lat' dir='ltr'>testatem</span> <span class='ocrx_word' id='word_1_57' title='bbox 459 721 527 745; x_wconf 89' lang='lat' dir='ltr'>non</span> <span class='ocrx_word' id='word_1_58' title='bbox 553 707 704 745; x_wconf 68' lang='lat' dir='ltr'>habuit?</span> <span class='ocrx_word' id='word_1_59' title='bbox 732 708 920 755; x_wconf 83' lang='lat' dir='ltr'>Quomodo</span> <span class='ocrx_word' id='word_1_60' title='bbox 944 719 1064 762; x_wconf 84' lang='lat' dir='ltr'>postca</span> <span class='ocrx_word' id='word_1_61' title='bbox 1089 711 1125 748; x_wconf 92' lang='lat' dir='ltr'>in</span> <span class='ocrx_word' id='word_1_62' title='bbox 1144 712 1263 751; x_wconf 87' lang='lat' dir='ltr'>medio</span> 
     </span>
     <span class='ocr_line' id='line_1_10' title="bbox 276 767 1263 826; baseline 0.006 -21"><span class='ocrx_word' id='word_1_63' title='bbox 276 783 398 806; x_wconf 89' lang='lat' dir='ltr'>eorum</span> <span class='ocrx_word' id='word_1_64' title='bbox 410 798 420 817; x_wconf 86' lang='lat'>,</span> <span class='ocrx_word' id='word_1_65' title='bbox 441 768 477 806; x_wconf 86' lang='lat' dir='ltr'>in</span> <span class='ocrx_word' id='word_1_66' title='bbox 499 767 650 821; x_wconf 87' lang='lat' dir='ltr'>templo,</span> <span class='ocrx_word' id='word_1_67' title='bbox 666 769 702 807; x_wconf 91' lang='lat' dir='ltr'>in</span> <span class='ocrx_word' id='word_1_68' title='bbox 725 770 948 821; x_wconf 81' lang='lat' dir='ltr'>solennitate,</span> <span class='ocrx_word' id='word_1_69' title='bbox 969 771 1056 824; x_wconf 84' lang='lat' dir='ltr'>ipsis</span> <span class='ocrx_word' id='word_1_70' title='bbox 1075 787 1263 826; x_wconf 85' lang='lat' dir='ltr'>congrega-</span> 
     </span>
     <span class='ocr_line' id='line_1_11' title="bbox 276 831 1262 886; baseline 0.005 -18"><span class='ocrx_word' id='word_1_71' title='bbox 276 831 335 881; x_wconf 88' lang='lat' dir='ltr'>tis,</span> <span class='ocrx_word' id='word_1_72' title='bbox 366 831 601 882; x_wconf 77' lang='lat' dir='ltr'>praesentibus</span> <span class='ocrx_word' id='word_1_73' title='bbox 624 831 832 883; x_wconf 86' lang='lat' dir='ltr'>homicidis,</span> <span class='ocrx_word' id='word_1_74' title='bbox 870 848 910 871; x_wconf 80' lang='lat' dir='ltr'>ea</span> <span class='ocrx_word' id='word_1_75' title='bbox 941 834 1155 885; x_wconf 79' lang='lat' dir='ltr'>loquebatur</span> <span class='ocrx_word' id='word_1_76' title='bbox 1185 850 1262 886; x_wconf 79' lang='lat' dir='ltr'>quae</span> 
     </span>
     <span class='ocr_line' id='line_1_12' title="bbox 276 892 1264 946; baseline 0.006 -17"><span class='ocrx_word' id='word_1_77' title='bbox 276 892 390 944; x_wconf 81' lang='lat' dir='ltr'>magis</span> <span class='ocrx_word' id='word_1_78' title='bbox 421 893 501 931; x_wconf 87' lang='lat' dir='ltr'>illos</span> <span class='ocrx_word' id='word_1_79' title='bbox 535 895 810 946; x_wconf 75' lang='lat' dir='ltr'>exasperarent?</span> <span class='ocrx_word' id='word_1_80' title='bbox 843 894 918 932; x_wconf 89' lang='lat' dir='ltr'>Hoc</span> <span class='ocrx_word' id='word_1_81' title='bbox 951 895 1006 933; x_wconf 92' lang='lat' dir='ltr'>illi</span> <span class='ocrx_word' id='word_1_82' title='bbox 1040 896 1264 935; x_wconf 80' lang='lat' dir='ltr'>mirabantur</span> 
     </span>
     <span class='ocr_line' id='line_1_13' title="bbox 275 954 1261 1012; baseline 0.005 -21"><span class='ocrx_word' id='word_1_83' title='bbox 275 954 446 1004; x_wconf 77' lang='lat' dir='ltr'>dicentes,</span> <span class='ocrx_word' id='word_1_84' title='bbox 464 957 604 994; x_wconf 80' lang='lat' dir='ltr'>Nonne</span> <span class='ocrx_word' id='word_1_85' title='bbox 621 958 684 994; x_wconf 78' lang='lat' dir='ltr'>hic</span> <span class='ocrx_word' id='word_1_86' title='bbox 699 966 755 995; x_wconf 81' lang='lat' dir='ltr'>est</span> <span class='ocrx_word' id='word_1_87' title='bbox 775 973 887 1010; x_wconf 80' lang='lat' dir='ltr'>quem</span> <span class='ocrx_word' id='word_1_88' title='bbox 904 967 1082 1010; x_wconf 70' lang='lat' dir='ltr'>quaerunt</span> <span class='ocrx_word' id='word_1_89' title='bbox 1111 960 1241 1012; x_wconf 75' lang='lat' dir='ltr'>interf</span> <span class='ocrx_word' id='word_1_90' title='bbox 1244 983 1261 988; x_wconf 92' lang='lat'>-</span> 
     </span>
     <span class='ocr_line' id='line_1_14' title="bbox 275 1018 1262 1070; baseline 0.004 -17"><span class='ocrx_word' id='word_1_91' title='bbox 275 1021 384 1054; x_wconf 75' lang='lat' dir='ltr'>cere?</span> <span class='ocrx_word' id='word_1_92' title='bbox 400 1018 453 1054; x_wconf 82' lang='lat' dir='ltr'>Et</span> <span class='ocrx_word' id='word_1_93' title='bbox 469 1031 553 1054; x_wconf 82' lang='lat' dir='ltr'>ecce</span> <span class='ocrx_word' id='word_1_94' title='bbox 575 1018 709 1068; x_wconf 80' lang='lat' dir='ltr'>palam</span> <span class='ocrx_word' id='word_1_95' title='bbox 735 1019 918 1070; x_wconf 80' lang='lat' dir='ltr'>loquitur,</span> <span class='ocrx_word' id='word_1_96' title='bbox 950 1028 987 1056; x_wconf 83' lang='lat' dir='ltr'>et</span> <span class='ocrx_word' id='word_1_97' title='bbox 1008 1021 1107 1070; x_wconf 74' lang='grc' dir='ltr'>11ίᾷἱῖ</span> <span class='ocrx_word' id='word_1_98' title='bbox 1128 1020 1262 1057; x_wconf 77' lang='lat' dir='ltr'><em>illidi-</em></span> 
     </span>
     <span class='ocr_line' id='line_1_15' title="bbox 274 1079 1263 1132; baseline 0.004 -16"><span class='ocrx_word' id='word_1_99' title='bbox 274 1088 378 1116; x_wconf 82' lang='lat' dir='ltr'>cunt.</span> <span class='ocrx_word' id='word_1_100' title='bbox 396 1079 483 1124; x_wconf 82' lang='lat' dir='ltr'>Quae</span> <span class='ocrx_word' id='word_1_101' title='bbox 500 1088 583 1117; x_wconf 89' lang='lat' dir='ltr'>sunt</span> <span class='ocrx_word' id='word_1_102' title='bbox 600 1079 674 1117; x_wconf 79' lang='lat' dir='ltr'>haec</span> <span class='ocrx_word' id='word_1_103' title='bbox 689 1080 902 1130; x_wconf 66' lang='lat' dir='ltr'>aenigmata?</span> <span class='ocrx_word' id='word_1_104' title='bbox 922 1082 1042 1132; x_wconf 82' lang='lat' dir='ltr'>Apage</span> <span class='ocrx_word' id='word_1_105' title='bbox 1057 1097 1065 1116; x_wconf 92' lang='lat'><strong>:</strong></span> <span class='ocrx_word' id='word_1_106' title='bbox 1079 1095 1147 1119; x_wconf 87' lang='lat' dir='ltr'>non</span> <span class='ocrx_word' id='word_1_107' title='bbox 1167 1082 1263 1120; x_wconf 84' lang='lat' dir='ltr'>enim</span> 
     </span>
     <span class='ocr_line' id='line_1_16' title="bbox 274 1138 1263 1192; baseline 0.005 -17"><span class='ocrx_word' id='word_1_108' title='bbox 274 1138 349 1175; x_wconf 73' lang='lat' dir='ltr'>lucc</span> <span class='ocrx_word' id='word_1_109' title='bbox 377 1139 485 1185; x_wconf 81' lang='lat' dir='ltr'>dixit,</span> <span class='ocrx_word' id='word_1_110' title='bbox 515 1149 553 1177; x_wconf 87' lang='lat' dir='ltr'>ut</span> <span class='ocrx_word' id='word_1_111' title='bbox 578 1140 766 1190; x_wconf 79' lang='lat' dir='ltr'>aenigmata</span> <span class='ocrx_word' id='word_1_112' title='bbox 788 1154 862 1178; x_wconf 87' lang='lat' dir='ltr'>esse</span> <span class='ocrx_word' id='word_1_113' title='bbox 888 1150 1116 1192; x_wconf 79' lang='lat' dir='ltr'>putarentur3</span> <span class='ocrx_word' id='word_1_114' title='bbox 1132 1142 1195 1180; x_wconf 91' lang='lat' dir='ltr'>sed</span> <span class='ocrx_word' id='word_1_115' title='bbox 1223 1152 1263 1180; x_wconf 91' lang='lat' dir='ltr'>ut</span> 
     </span>
     <span class='ocr_line' id='line_1_17' title="bbox 273 1199 1261 1254; baseline 0.005 -18"><span class='ocrx_word' id='word_1_116' title='bbox 273 1199 468 1237; x_wconf 79' lang='lat' dir='ltr'>declararet</span> <span class='ocrx_word' id='word_1_117' title='bbox 482 1208 514 1237; x_wconf 86' lang='lat' dir='ltr'>et</span> <span class='ocrx_word' id='word_1_118' title='bbox 530 1199 733 1237; x_wconf 75' lang='lat' dir='ltr'>divinitatis</span> <span class='ocrx_word' id='word_1_119' title='bbox 749 1209 783 1237; x_wconf 86' lang='lat' dir='ltr'>et</span> <span class='ocrx_word' id='word_1_120' title='bbox 805 1200 1038 1239; x_wconf 83' lang='lat' dir='ltr'>humanitatis</span> <span class='ocrx_word' id='word_1_121' title='bbox 1067 1216 1173 1254; x_wconf 81' lang='lat' dir='ltr'>opera</span> <span class='ocrx_word' id='word_1_122' title='bbox 1199 1217 1261 1241; x_wconf 79' lang='lat' dir='ltr'>cx-</span> 
     </span>
     <span class='ocr_line' id='line_1_18' title="bbox 274 1260 1262 1311; baseline 0.006 -15"><span class='ocrx_word' id='word_1_123' title='bbox 274 1260 386 1298; x_wconf 86' lang='lat' dir='ltr'>hibita</span> <span class='ocrx_word' id='word_1_124' title='bbox 407 1260 527 1299; x_wconf 76' lang='lat' dir='ltr'>fuisso.</span> <span class='ocrx_word' id='word_1_125' title='bbox 552 1262 642 1299; x_wconf 91' lang='lat' dir='ltr'>Cum</span> <span class='ocrx_word' id='word_1_126' title='bbox 671 1260 765 1298; x_wconf 87' lang='lat' dir='ltr'>enim</span> <span class='ocrx_word' id='word_1_127' title='bbox 792 1262 901 1311; x_wconf 79' lang='lat' dir='ltr'>dixit,</span> <span class='ocrx_word' id='word_1_128' title='bbox 926 1265 1164 1302; x_wconf 81' lang='lat' dir='ltr'>Potestatem</span> <span class='ocrx_word' id='word_1_129' title='bbox 1184 1279 1262 1302; x_wconf 87' lang='lat' dir='ltr'>non</span> 
     </span>
     <span class='ocr_line' id='line_1_19' title="bbox 274 1322 1261 1375; baseline 0.006 -16"><span class='ocrx_word' id='word_1_130' title='bbox 274 1323 453 1370; x_wconf 79' lang='lat' dir='ltr'>habebat,</span> <span class='ocrx_word' id='word_1_131' title='bbox 465 1324 566 1374; x_wconf 81' lang='lat' dir='ltr'>quasi</span> <span class='ocrx_word' id='word_1_132' title='bbox 588 1323 632 1361; x_wconf 89' lang='lat' dir='ltr'>de</span> <span class='ocrx_word' id='word_1_133' title='bbox 651 1322 794 1363; x_wconf 89' lang='lat' dir='ltr'>homine</span> <span class='ocrx_word' id='word_1_134' title='bbox 817 1325 988 1375; x_wconf 84' lang='lat' dir='ltr'>loquitur,</span> <span class='ocrx_word' id='word_1_135' title='bbox 1006 1327 1119 1364; x_wconf 86' lang='lat' dir='ltr'>multa</span> <span class='ocrx_word' id='word_1_136' title='bbox 1135 1326 1261 1365; x_wconf 82' lang='lat' dir='ltr'>huma-</span> 
     </span>
     <span class='ocr_line' id='line_1_20' title="bbox 274 1385 1260 1438; baseline 0.005 -17"><span class='ocrx_word' id='word_1_137' title='bbox 274 1398 319 1422; x_wconf 88' lang='lat' dir='ltr'>no</span> <span class='ocrx_word' id='word_1_138' title='bbox 336 1398 433 1421; x_wconf 89' lang='lat' dir='ltr'>more</span> <span class='ocrx_word' id='word_1_139' title='bbox 450 1393 574 1434; x_wconf 78' lang='lat' dir='ltr'><strong>agente</strong></span> <span class='ocrx_word' id='word_1_140' title='bbox 593 1400 600 1420; x_wconf 91' lang='lat'>:</span> <span class='ocrx_word' id='word_1_141' title='bbox 620 1398 703 1422; x_wconf 89' lang='lat' dir='ltr'>cum</span> <span class='ocrx_word' id='word_1_142' title='bbox 721 1399 804 1424; x_wconf 80' lang='lat' dir='ltr'>vero</span> <span class='ocrx_word' id='word_1_143' title='bbox 827 1385 915 1423; x_wconf 88' lang='lat' dir='ltr'>dicit</span> <span class='ocrx_word' id='word_1_144' title='bbox 937 1385 1056 1438; x_wconf 86' lang='lat' dir='ltr'>ipsum</span> <span class='ocrx_word' id='word_1_145' title='bbox 1079 1387 1115 1424; x_wconf 91' lang='lat' dir='ltr'>in</span> <span class='ocrx_word' id='word_1_146' title='bbox 1141 1388 1260 1426; x_wconf 91' lang='lat' dir='ltr'>medio</span> 
     </span>
     <span class='ocr_line' id='line_1_21' title="bbox 274 1446 1307 1499; baseline 0.004 -17"><span class='ocrx_word' id='word_1_147' title='bbox 274 1460 395 1483; x_wconf 89' lang='lat' dir='ltr'>eorum</span> <span class='ocrx_word' id='word_1_148' title='bbox 416 1446 566 1496; x_wconf 79' lang='lat' dir='ltr'>stetisse,</span> <span class='ocrx_word' id='word_1_149' title='bbox 588 1460 650 1484; x_wconf 90' lang='lat' dir='ltr'>nec</span> <span class='ocrx_word' id='word_1_150' title='bbox 664 1447 925 1499; x_wconf 85' lang='lat' dir='ltr'>apprehensum</span> <span class='ocrx_word' id='word_1_151' title='bbox 943 1447 1064 1497; x_wconf 88' lang='lat' dir='ltr'>fuisse,</span> <span class='ocrx_word' id='word_1_152' title='bbox 1087 1448 1260 1487; x_wconf 81' lang='lat' dir='ltr'>divinita-</span> <span class='ocrx_word' id='word_1_153' title='bbox 1282 1453 1307 1483; x_wconf 93' lang='lat' dir='ltr'>D</span> 
     </span>
     <span class='ocr_line' id='line_1_22' title="bbox 276 1507 1262 1560; baseline 0.005 -17"><span class='ocrx_word' id='word_1_154' title='bbox 276 1507 318 1544; x_wconf 87' lang='lat' dir='ltr'>tis</span> <span class='ocrx_word' id='word_1_155' title='bbox 341 1508 463 1558; x_wconf 89' lang='lat' dir='ltr'>utique</span> <span class='ocrx_word' id='word_1_156' title='bbox 491 1517 701 1560; x_wconf 84' lang='lat' dir='ltr'>potestatem</span> <span class='ocrx_word' id='word_1_157' title='bbox 728 1508 875 1546; x_wconf 84' lang='lat' dir='ltr'>indicat.</span> <span class='ocrx_word' id='word_1_158' title='bbox 911 1509 1004 1546; x_wconf 86' lang='lat' dir='ltr'>Nam</span> <span class='ocrx_word' id='word_1_159' title='bbox 1035 1510 1193 1560; x_wconf 79' lang='lat' dir='ltr'>fugiebat</span> <span class='ocrx_word' id='word_1_160' title='bbox 1223 1519 1262 1548; x_wconf 90' lang='lat' dir='ltr'>ut</span> 
     </span>
     <span class='ocr_line' id='line_1_23' title="bbox 274 1568 1262 1624; baseline 0.005 -20"><span class='ocrx_word' id='word_1_161' title='bbox 274 1568 395 1617; x_wconf 90' lang='lat' dir='ltr'>homo,</span> <span class='ocrx_word' id='word_1_162' title='bbox 417 1569 610 1620; x_wconf 79' lang='lat' dir='ltr'>apparebat</span> <span class='ocrx_word' id='word_1_163' title='bbox 625 1578 665 1606; x_wconf 88' lang='lat' dir='ltr'>ut</span> <span class='ocrx_word' id='word_1_164' title='bbox 682 1570 779 1607; x_wconf 86' lang='lat' dir='ltr'>Deus</span> <span class='ocrx_word' id='word_1_165' title='bbox 792 1584 802 1618; x_wconf 87' lang='lat'>;</span> <span class='ocrx_word' id='word_1_166' title='bbox 825 1578 1017 1620; x_wconf 88' lang='lat' dir='ltr'>utrumque</span> <span class='ocrx_word' id='word_1_167' title='bbox 1036 1585 1119 1609; x_wconf 79' lang='lat' dir='ltr'>vere</span> <span class='ocrx_word' id='word_1_168' title='bbox 1132 1585 1262 1624; x_wconf 76' lang='lat' dir='ltr'>reprae-</span> 
     </span>
     <span class='ocr_line' id='line_1_24' title="bbox 274 1630 1261 1671; baseline 0.004 -5"><span class='ocrx_word' id='word_1_169' title='bbox 274 1638 426 1666; x_wconf 82' lang='lat' dir='ltr'>sentans.</span> <span class='ocrx_word' id='word_1_170' title='bbox 453 1631 542 1667; x_wconf 91' lang='lat' dir='ltr'>Cum</span> <span class='ocrx_word' id='word_1_171' title='bbox 571 1630 719 1668; x_wconf 88' lang='lat' dir='ltr'>enimin</span> <span class='ocrx_word' id='word_1_172' title='bbox 738 1630 866 1668; x_wconf 88' lang='lat' dir='ltr'>mediis</span> <span class='ocrx_word' id='word_1_173' title='bbox 895 1631 1164 1670; x_wconf 77' lang='lat' dir='ltr'>insidiatoribus</span> <span class='ocrx_word' id='word_1_174' title='bbox 1193 1647 1261 1671; x_wconf 92' lang='lat' dir='ltr'>non</span> 
     </span>
     <span class='ocr_line' id='line_1_25' title="bbox 275 1690 1263 1745; baseline 0.004 -18"><span class='ocrx_word' id='word_1_175' title='bbox 275 1690 497 1742; x_wconf 77' lang='lat' dir='ltr'>rapiebatur,</span> <span class='ocrx_word' id='word_1_176' title='bbox 530 1691 701 1729; x_wconf 83' lang='lat' dir='ltr'>invictam</span> <span class='ocrx_word' id='word_1_177' title='bbox 726 1701 934 1743; x_wconf 82' lang='lat' dir='ltr'>potestatem</span> <span class='ocrx_word' id='word_1_178' title='bbox 957 1707 1057 1730; x_wconf 83' lang='lat' dir='ltr'>suam</span> <span class='ocrx_word' id='word_1_179' title='bbox 1081 1693 1263 1745; x_wconf 80' lang='lat' dir='ltr'>significa-</span> 
     </span>
     <span class='ocr_line' id='line_1_26' title="bbox 276 1751 1263 1801; baseline 0.004 -13"><span class='ocrx_word' id='word_1_180' title='bbox 276 1751 309 1788; x_wconf 89' lang='lat' dir='ltr'>b</span> <span class='ocrx_word' id='word_1_181' title='bbox 313 1761 356 1801; x_wconf 72' lang='lat' dir='ltr'>it·</span> <span class='ocrx_word' id='word_1_182' title='bbox 379 1767 459 1790; x_wconf 88' lang='lat' dir='ltr'>cum</span> <span class='ocrx_word' id='word_1_183' title='bbox 475 1767 558 1792; x_wconf 74' lang='grc'>1010</span> <span class='ocrx_word' id='word_1_184' title='bbox 577 1753 766 1801; x_wconf 84' lang='lat' dir='ltr'>secederet,</span> <span class='ocrx_word' id='word_1_185' title='bbox 787 1753 1021 1792; x_wconf 83' lang='lat' dir='ltr'>incarnationi</span> <span class='ocrx_word' id='word_1_186' title='bbox 1033 1754 1142 1792; x_wconf 87' lang='lat' dir='ltr'>fidem</span> <span class='ocrx_word' id='word_1_187' title='bbox 1159 1754 1263 1793; x_wconf 82' lang='lat' dir='ltr'>facie-</span> 
     </span>
    </p>
   </div>
   <div class='ocr_carea' id='block_1_2' title="bbox 75 1784 1259 1882">
    <p class='ocr_par' dir='ltr' id='par_1_2' title="bbox 75 1784 1259 1882">
     <span class='ocr_line' id='line_1_27' title="bbox 75 1784 1259 1882; baseline 0.003 -32.007"><span class='ocrx_word' id='word_1_188' title='bbox 75 1856 92 1880; x_wconf 68' lang='lat' dir='ltr'>s</span> <span class='ocrx_word' id='word_1_189' title='bbox 157 1812 357 1882; x_wconf 46' lang='lat' dir='ltr'>Psslsslsssbass</span> <span class='ocrx_word' id='word_1_190' title='bbox 383 1824 423 1851; x_wconf 91' lang='lat' dir='ltr'>ut</span> <span class='ocrx_word' id='word_1_191' title='bbox 456 1829 516 1852; x_wconf 88' lang='lat' dir='ltr'>nec</span> <span class='ocrx_word' id='word_1_192' title='bbox 547 1815 679 1852; x_wconf 84' lang='lat' dir='ltr'>Paulus</span> <span class='ocrx_word' id='word_1_193' title='bbox 712 1784 973 1865; x_wconf 78' lang='lat' dir='ltr'>Sainosatenus,</span> <span class='ocrx_word' id='word_1_194' title='bbox 998 1830 1061 1853; x_wconf 91' lang='lat' dir='ltr'>ncc</span> <span class='ocrx_word' id='word_1_195' title='bbox 1083 1816 1259 1867; x_wconf 84' lang='lat' dir='ltr'>Maicion,</span> 
     </span>
     <span class='ocr_line' id='line_1_28' title="bbox 96 1865 240 1882; baseline 0.007 -1"><span class='ocrx_word' id='word_1_196' title='bbox 96 1865 188 1882; x_wconf 75' lang='lat' dir='ltr'>amosa</span> <span class='ocrx_word' id='word_1_197' title='bbox 207 1867 240 1882; x_wconf 59' lang='grc' dir='ltr'>(Β-</span> 
     </span>
    </p>
   </div>
   <div class='ocr_carea' id='block_1_3' title="bbox 76 1876 976 1928">
    <p class='ocr_par' dir='ltr' id='par_1_3' title="bbox 76 1876 976 1928">
     <span class='ocr_line' id='line_1_29' title="bbox 76 1876 976 1928; baseline 0.002 -16"><span class='ocrx_word' id='word_1_198' title='bbox 76 1897 261 1924; x_wconf 64' lang='lat' dir='ltr'>11u&gt;etMa¹</span> <span class='ocrx_word' id='word_1_199' title='bbox 278 1890 339 1913; x_wconf 88' lang='lat' dir='ltr'>nec</span> <span class='ocrx_word' id='word_1_200' title='bbox 379 1876 441 1926; x_wconf 86' lang='lat' dir='ltr'>qui</span> <span class='ocrx_word' id='word_1_201' title='bbox 478 1876 602 1919; x_wconf 83' lang='lat' dir='ltr'>eodem</span> <span class='ocrx_word' id='word_1_202' title='bbox 638 1876 762 1914; x_wconf 89' lang='lat' dir='ltr'>morbo</span> <span class='ocrx_word' id='word_1_203' title='bbox 799 1876 976 1928; x_wconf 83' lang='lat' dir='ltr'>labor,ant</span> 
     </span>
    </p>
   </div>
   <div class='ocr_carea' id='block_1_4' title="bbox 75 1939 150 1964">
    <p class='ocr_par' dir='ltr' id='par_1_4' title="bbox 75 1939 150 1964">
     <span class='ocr_line' id='line_1_30' title="bbox 75 1939 150 1964; baseline 0 0"><span class='ocrx_word' id='word_1_204' title='bbox 75 1939 150 1964; x_wconf 67' lang='lat' dir='ltr'>Cion.</span> 
     </span>
    </p>
   </div>
   <div class='ocr_carea' id='block_1_5' title="bbox 271 1877 1305 2294">
    <p class='ocr_par' dir='ltr' id='par_1_5' title="bbox 271 1877 1305 2294">
     <span class='ocr_line' id='line_1_31' title="bbox 1021 1877 1263 1917; baseline 0.012 -3"><span class='ocrx_word' id='word_1_205' title='bbox 1021 1877 1263 1917; x_wconf 80' lang='lat' dir='ltr'>contiadiceie</span> 
     </span>
     <span class='ocr_line' id='line_1_32' title="bbox 276 1937 1259 1989; baseline 0.004 -16"><span class='ocrx_word' id='word_1_206' title='bbox 276 1946 427 1987; x_wconf 78' lang='lat' dir='ltr'>possent.</span> <span class='ocrx_word' id='word_1_207' title='bbox 458 1937 522 1973; x_wconf 85' lang='grc'>1115</span> <span class='ocrx_word' id='word_1_208' title='bbox 548 1937 658 1989; x_wconf 81' lang='lat' dir='ltr'>igitur</span> <span class='ocrx_word' id='word_1_209' title='bbox 686 1937 830 1974; x_wconf 80' lang='grc'>1110111111</span> <span class='ocrx_word' id='word_1_210' title='bbox 855 1937 1016 1975; x_wconf 89' lang='lat' dir='ltr'>omnium</span> <span class='ocrx_word' id='word_1_211' title='bbox 1033 1953 1070 1976; x_wconf 93' lang='lat' dir='ltr'>os</span> <span class='ocrx_word' id='word_1_212' title='bbox 1092 1939 1259 1977; x_wconf 86' lang='lat' dir='ltr'>obstruit.</span> 
     </span>
     <span class='ocr_line' id='line_1_33' title="bbox 275 1999 1258 2052; baseline 0.004 -18"><span class='ocrx_word' id='word_1_213' title='bbox 275 1999 367 2035; x_wconf 74' lang='lat' dir='ltr'>Post</span> <span class='ocrx_word' id='word_1_214' title='bbox 392 2000 473 2035; x_wconf 70' lang='lat' dir='ltr'>lzoec</span> <span class='ocrx_word' id='word_1_215' title='bbox 499 2000 727 2052; x_wconf 73' lang='lat' dir='ltr'>eratfestus</span> <span class='ocrx_word' id='word_1_216' title='bbox 753 1999 994 2044; x_wconf 67' lang='lat' dir='ltr'>Judoeorum,</span> <span class='ocrx_word' id='word_1_217' title='bbox 1014 2000 1258 2052; x_wconf 79' lang='lat' dir='ltr'>Scenopegia.</span> 
     </span>
     <span class='ocr_line' id='line_1_34' title="bbox 274 2058 1305 2111; baseline 0.004 -16"><span class='ocrx_word' id='word_1_218' title='bbox 274 2059 356 2096; x_wconf 54' lang='lat' dir='ltr'>llaec</span> <span class='ocrx_word' id='word_1_219' title='bbox 374 2059 563 2110; x_wconf 77' lang='lat' dir='ltr'>particula,</span> <span class='ocrx_word' id='word_1_220' title='bbox 586 2060 680 2096; x_wconf 80' lang='lat' dir='ltr'>Post</span> <span class='ocrx_word' id='word_1_221' title='bbox 701 2060 795 2105; x_wconf 77' lang='lat' dir='ltr'>lzaec,</span> <span class='ocrx_word' id='word_1_222' title='bbox 818 2058 909 2095; x_wconf 86' lang='lat' dir='ltr'>nihil</span> <span class='ocrx_word' id='word_1_223' title='bbox 934 2060 1035 2097; x_wconf 81' lang='lat' dir='ltr'>aliud</span> <span class='ocrx_word' id='word_1_224' title='bbox 1059 2060 1260 2111; x_wconf 78' lang='lat' dir='ltr'>significat,</span> <span class='ocrx_word' id='word_1_225' title='bbox 1282 2063 1305 2092; x_wconf 75' lang='grc' dir='ltr'>Ε</span> 
     </span>
     <span class='ocr_line' id='line_1_35' title="bbox 274 2120 1265 2171; baseline 0.005 -16"><span class='ocrx_word' id='word_1_226' title='bbox 274 2134 380 2169; x_wconf 84' lang='lat' dir='ltr'>quam</span> <span class='ocrx_word' id='word_1_227' title='bbox 401 2120 564 2169; x_wconf 76' lang='lat' dir='ltr'>multum}</span> <span class='ocrx_word' id='word_1_228' title='bbox 580 2129 700 2171; x_wconf 82' lang='lat' dir='ltr'>postea</span> <span class='ocrx_word' id='word_1_229' title='bbox 720 2120 889 2171; x_wconf 84' lang='lat' dir='ltr'>temporis</span> <span class='ocrx_word' id='word_1_230' title='bbox 910 2120 1156 2159; x_wconf 77' lang='lat' dir='ltr'>intercessisse.</span> <span class='ocrx_word' id='word_1_231' title='bbox 1177 2123 1265 2161; x_wconf 86' lang='lat' dir='ltr'>Inde</span> 
     </span>
     <span class='ocr_line' id='line_1_36' title="bbox 271 2180 1262 2232; baseline 0.002 -14"><span class='ocrx_word' id='word_1_232' title='bbox 271 2194 357 2218; x_wconf 67' lang='lat' dir='ltr'>vcro</span> <span class='ocrx_word' id='word_1_233' title='bbox 375 2181 502 2231; x_wconf 77' lang='lat' dir='ltr'>liquet,</span> <span class='ocrx_word' id='word_1_234' title='bbox 522 2181 619 2232; x_wconf 85' lang='lat' dir='ltr'>quod</span> <span class='ocrx_word' id='word_1_235' title='bbox 643 2195 725 2218; x_wconf 88' lang='lat' dir='ltr'>cum</span> <span class='ocrx_word' id='word_1_236' title='bbox 749 2180 783 2217; x_wconf 89' lang='lat' dir='ltr'>in</span> <span class='ocrx_word' id='word_1_237' title='bbox 810 2190 928 2218; x_wconf 86' lang='lat' dir='ltr'>monte</span> <span class='ocrx_word' id='word_1_238' title='bbox 954 2182 1110 2230; x_wconf 84' lang='lat' dir='ltr'>sederet,</span> <span class='ocrx_word' id='word_1_239' title='bbox 1133 2183 1262 2221; x_wconf 87' lang='lat' dir='ltr'>festum</span> 
     </span>
     <span class='ocr_line' id='line_1_37' title="bbox 271 2242 1262 2294; baseline 0.002 -15"><span class='ocrx_word' id='word_1_240' title='bbox 271 2252 360 2279; x_wconf 79' lang='lat' dir='ltr'>esset</span> <span class='ocrx_word' id='word_1_241' title='bbox 376 2242 544 2291; x_wconf 80' lang='lat' dir='ltr'>Paschae3</span> <span class='ocrx_word' id='word_1_242' title='bbox 570 2242 630 2279; x_wconf 90' lang='lat' dir='ltr'>hic</span> <span class='ocrx_word' id='word_1_243' title='bbox 649 2251 767 2279; x_wconf 82' lang='lat' dir='ltr'>autem</span> <span class='ocrx_word' id='word_1_244' title='bbox 786 2243 1010 2294; x_wconf 81' lang='lat' dir='ltr'>Scenopegiae</span> <span class='ocrx_word' id='word_1_245' title='bbox 1034 2244 1208 2293; x_wconf 80' lang='lat' dir='ltr'>meminit,</span> <span class='ocrx_word' id='word_1_246' title='bbox 1228 2254 1262 2282; x_wconf 89' lang='lat' dir='ltr'>et</span> 
     </span>
    </p>
   </div>
   <div class='ocr_carea' id='block_1_6' title="bbox 1008 201 1900 236">
    <p class='ocr_par' dir='ltr' id='par_1_6' title="bbox 1008 201 1900 236">
     <span class='ocr_line' id='line_1_38' title="bbox 1008 201 1900 236; baseline 0.004 -5"><span class='ocrx_word' id='word_1_247' title='bbox 1008 201 1248 232; x_wconf 86' lang='lat' dir='ltr'>CHRYSOST.</span> <span class='ocrx_word' id='word_1_248' title='bbox 1287 202 1493 233; x_wconf 79' lang='lat' dir='ltr'><strong>ARCHIEP.</strong></span> <span class='ocrx_word' id='word_1_249' title='bbox 1533 204 1882 236; x_wconf 81' lang='lat' dir='ltr'><strong>CONSTANTINOP</strong></span> <span class='ocrx_word' id='word_1_250' title='bbox 1891 225 1900 235; x_wconf 84' lang='lat'><strong>.</strong></span> 
     </span>
    </p>
   </div>
   <div class='ocr_carea' id='block_1_7' title="bbox 1328 285 2359 2295">
    <p class='ocr_par' dir='ltr' id='par_1_7' title="bbox 1328 285 2359 1377">
     <span class='ocr_line' id='line_1_39' title="bbox 1331 285 2356 341; baseline 0.005 -19"><span class='ocrx_word' id='word_1_251' title='bbox 1331 285 1401 322; x_wconf 75' lang='grc' dir='ltr'>λῶν</span> <span class='ocrx_word' id='word_1_252' title='bbox 1420 287 1437 322; x_wconf 84' lang='grc' dir='ltr'>ὁ</span> <span class='ocrx_word' id='word_1_253' title='bbox 1458 285 1705 337; x_wconf 83' lang='grc' dir='ltr'>εὖαγγελιστὴς</span> <span class='ocrx_word' id='word_1_254' title='bbox 1727 286 1825 339; x_wconf 82' lang='grc' dir='ltr'>ἔλεγε</span> <span class='ocrx_word' id='word_1_255' title='bbox 1837 302 1844 310; x_wconf 90' lang='grc'><em>·</em></span> <span class='ocrx_word' id='word_1_256' title='bbox 1867 286 1969 325; x_wconf 79' lang='grc' dir='ltr'>Μετὰ</span> <span class='ocrx_word' id='word_1_257' title='bbox 1983 290 2094 325; x_wconf 75' lang='grc' dir='ltr'>ταῦτα</span> <span class='ocrx_word' id='word_1_258' title='bbox 2113 288 2315 341; x_wconf 78' lang='grc' dir='ltr'>περιεπάτει</span> <span class='ocrx_word' id='word_1_259' title='bbox 2340 293 2356 328; x_wconf 88' lang='grc' dir='ltr'><strong><em>ὃ</em></strong></span> 
     </span>
     <span class='ocr_line' id='line_1_40' title="bbox 1331 341 2355 402; baseline 0.006 -20.089"><span class='ocrx_word' id='word_1_260' title='bbox 1331 344 1500 392; x_wconf 83' lang='grc' dir='ltr'>Ιησους’</span> <span class='ocrx_word' id='word_1_261' title='bbox 1485 362 1518 383; x_wconf 91' lang='grc' dir='ltr'>εν</span> <span class='ocrx_word' id='word_1_262' title='bbox 1540 349 1583 398; x_wconf 78' lang='grc' dir='ltr'>τῇ</span> <span class='ocrx_word' id='word_1_263' title='bbox 1601 347 1793 384; x_wconf 87' lang='grc' dir='ltr'>Γαλιλαία·</span> <span class='ocrx_word' id='word_1_264' title='bbox 1815 348 1878 385; x_wconf 61' lang='grc' dir='ltr'>ὃ*οὓ</span> <span class='ocrx_word' id='word_1_265' title='bbox 1889 346 1957 399; x_wconf 80' lang='grc' dir='ltr'>γὰρ</span> <span class='ocrx_word' id='word_1_266' title='bbox 1985 341 2075 399; x_wconf 63' lang='grc' dir='ltr'>εἶχεν</span> <span class='ocrx_word' id='word_1_267' title='bbox 2096 347 2278 392; x_wconf 79' lang='grc' dir='ltr'>ἐξουσίαν’</span> <span class='ocrx_word' id='word_1_268' title='bbox 2263 364 2297 387; x_wconf 88' lang='grc' dir='ltr'>εν</span> <span class='ocrx_word' id='word_1_269' title='bbox 2313 353 2355 402; x_wconf 80' lang='grc' dir='ltr'>τῇ</span> 
     </span>
     <span class='ocr_line' id='line_1_41' title="bbox 1331 407 2356 460; baseline 0.003 -15.039"><span class='ocrx_word' id='word_1_270' title='bbox 1331 407 1483 446; x_wconf 80' lang='grc' dir='ltr'>Ἰουδαία</span> <span class='ocrx_word' id='word_1_271' title='bbox 1509 415 1725 460; x_wconf 83' lang='grc' dir='ltr'>περιπατεῖν,</span> <span class='ocrx_word' id='word_1_272' title='bbox 1756 409 1809 447; x_wconf 78' lang='grc' dir='ltr'>ὅτι</span> <span class='ocrx_word' id='word_1_273' title='bbox 1837 408 1976 455; x_wconf 83' lang='grc' dir='ltr'>ἐζήτουν</span> <span class='ocrx_word' id='word_1_274' title='bbox 2013 409 2114 447; x_wconf 80' lang='grc' dir='ltr'>αὐτὸν</span> <span class='ocrx_word' id='word_1_275' title='bbox 2145 410 2176 447; x_wconf 86' lang='grc' dir='ltr'>οἱ</span> <span class='ocrx_word' id='word_1_276' title='bbox 2196 409 2356 448; x_wconf 83' lang='grc' dir='ltr'>Ἰουδαῖοι</span> 
     </span>
     <span class='ocr_line' id='line_1_42' title="bbox 1333 468 2355 522; baseline 0.003 -16"><span class='ocrx_word' id='word_1_277' title='bbox 1333 473 1545 507; x_wconf 87' lang='grc' dir='ltr'>ἀποκτεῖναι.</span> <span class='ocrx_word' id='word_1_278' title='bbox 1564 468 1611 507; x_wconf 88' lang='grc' dir='ltr'>Τί</span> <span class='ocrx_word' id='word_1_279' title='bbox 1629 468 1669 507; x_wconf 80' lang='grc' dir='ltr'>λε’</span> <span class='ocrx_word' id='word_1_280' title='bbox 1653 485 1758 521; x_wconf 87' lang='grc' dir='ltr'>εγεις,</span> <span class='ocrx_word' id='word_1_281' title='bbox 1777 471 1805 506; x_wconf 86' lang='grc' dir='ltr'>ὠ</span> <span class='ocrx_word' id='word_1_282' title='bbox 1822 469 1973 522; x_wconf 83' lang='grc' dir='ltr'>μακάριε</span> <span class='ocrx_word' id='word_1_283' title='bbox 1991 468 2154 517; x_wconf 69' lang='grc' dir='ltr'>Ἰωάννη,</span> <span class='ocrx_word' id='word_1_284' title='bbox 2172 471 2248 508; x_wconf 74' lang='grc' dir='ltr'>Οὐκ</span> <span class='ocrx_word' id='word_1_285' title='bbox 2263 474 2355 521; x_wconf 74' lang='grc' dir='ltr'>εἷγεν</span> 
     </span>
     <span class='ocr_line' id='line_1_43' title="bbox 1332 528 2355 580; baseline 0.001 -12"><span class='ocrx_word' id='word_1_286' title='bbox 1332 528 1484 573; x_wconf 79' lang='grc' dir='ltr'>ἐξουσίαν</span> <span class='ocrx_word' id='word_1_287' title='bbox 1510 534 1526 568; x_wconf 80' lang='grc' dir='ltr'>ὃ</span> <span class='ocrx_word' id='word_1_288' title='bbox 1551 530 1703 577; x_wconf 75' lang='grc' dir='ltr'>δυνηθεὶς</span> <span class='ocrx_word' id='word_1_289' title='bbox 1737 530 1850 569; x_wconf 87' lang='grc' dir='ltr'>πάντα</span> <span class='ocrx_word' id='word_1_290' title='bbox 1865 530 1931 569; x_wconf 80' lang='grc' dir='ltr'>ὅσα</span> <span class='ocrx_word' id='word_1_291' title='bbox 1965 531 2150 579; x_wconf 80' lang='grc' dir='ltr'>ἦθέλησεν;</span> <span class='ocrx_word' id='word_1_292' title='bbox 2177 534 2194 568; x_wconf 87' lang='grc' dir='ltr'>ὁ</span> <span class='ocrx_word' id='word_1_293' title='bbox 2231 530 2355 580; x_wconf 85' lang='grc' dir='ltr'>εἷπων,</span> 
     </span>
     <span class='ocr_line' id='line_1_44' title="bbox 1333 591 2356 644; baseline 0.001 -15"><span class='ocrx_word' id='word_1_294' title='bbox 1333 591 1379 629; x_wconf 90' lang='lat' dir='ltr'><strong>T</strong></span> <span class='ocrx_word' id='word_1_295' title='bbox 1370 607 1423 630; x_wconf 89' lang='grc' dir='ltr'>ινα</span> <span class='ocrx_word' id='word_1_296' title='bbox 1443 594 1597 639; x_wconf 86' lang='grc' dir='ltr'>ζητεῖτε,</span> <span class='ocrx_word' id='word_1_297' title='bbox 1620 608 1678 630; x_wconf 84' lang='grc' dir='ltr'>και</span> <span class='ocrx_word' id='word_1_298' title='bbox 1703 592 1804 644; x_wconf 77' lang='grc' dir='ltr'>ῥίψας</span> <span class='ocrx_word' id='word_1_299' title='bbox 1826 591 1946 636; x_wconf 89' lang='grc' dir='ltr'>αυτους</span> <span class='ocrx_word' id='word_1_300' title='bbox 1965 594 2011 636; x_wconf 87' lang='grc' dir='ltr'>εἷς</span> <span class='ocrx_word' id='word_1_301' title='bbox 2030 591 2074 630; x_wconf 85' lang='grc' dir='ltr'>τὰ</span> <span class='ocrx_word' id='word_1_302' title='bbox 2093 591 2228 641; x_wconf 69' lang='grc' dir='ltr'>ὀπίσω,</span> <span class='ocrx_word' id='word_1_303' title='bbox 2250 595 2267 630; x_wconf 83' lang='grc' dir='ltr'><strong><em>ὃ</em></strong></span> <span class='ocrx_word' id='word_1_304' title='bbox 2286 608 2356 630; x_wconf 86' lang='grc' dir='ltr'>πα-</span> 
     </span>
     <span class='ocr_line' id='line_1_45' title="bbox 1334 651 2357 707; baseline 0 -17"><span class='ocrx_word' id='word_1_305' title='bbox 1334 651 1400 703; x_wconf 89' lang='grc' dir='ltr'>ρὼν</span> <span class='ocrx_word' id='word_1_306' title='bbox 1417 669 1474 690; x_wconf 90' lang='grc' dir='ltr'>και</span> <span class='ocrx_word' id='word_1_307' title='bbox 1491 653 1539 703; x_wconf 87' lang='grc' dir='ltr'>μὴ</span> <span class='ocrx_word' id='word_1_308' title='bbox 1557 653 1728 707; x_wconf 76' lang='grc' dir='ltr'>ὃρωμενος</span> <span class='ocrx_word' id='word_1_309' title='bbox 1740 684 1749 701; x_wconf 94' lang='grc'>,</span> <span class='ocrx_word' id='word_1_310' title='bbox 1772 656 1869 697; x_wconf 76' lang='grc' dir='ltr'>οὗτος</span> <span class='ocrx_word' id='word_1_311' title='bbox 1885 655 1946 691; x_wconf 80' lang='grc' dir='ltr'>οὐκ</span> <span class='ocrx_word' id='word_1_312' title='bbox 1962 657 2053 705; x_wconf 83' lang='grc' dir='ltr'>εἶχεν</span> <span class='ocrx_word' id='word_1_313' title='bbox 2078 652 2254 700; x_wconf 53' lang='lat' dir='ltr'>{tondum</span> <span class='ocrx_word' id='word_1_314' title='bbox 2273 655 2357 698; x_wconf 80' lang='grc' dir='ltr'>Πῶς</span> 
     </span>
     <span class='ocr_line' id='line_1_46' title="bbox 1331 712 2356 768; baseline 0.002 -17"><span class='ocrx_word' id='word_1_315' title='bbox 1331 712 1365 752; x_wconf 79' lang='grc' dir='ltr'>δὲ</span> <span class='ocrx_word' id='word_1_316' title='bbox 1379 729 1439 752; x_wconf 86' lang='grc' dir='ltr'>και</span> <span class='ocrx_word' id='word_1_317' title='bbox 1456 713 1595 768; x_wconf 78' lang='grc' dir='ltr'>ὕστερον</span> <span class='ocrx_word' id='word_1_318' title='bbox 1617 717 1665 759; x_wconf 85' lang='grc' dir='ltr'>εἰς</span> <span class='ocrx_word' id='word_1_319' title='bbox 1680 714 1783 753; x_wconf 66' lang='grc' dir='ltr'>μέσον</span> <span class='ocrx_word' id='word_1_320' title='bbox 1797 717 1908 753; x_wconf 78' lang='grc' dir='ltr'>αὐτων</span> <span class='ocrx_word' id='word_1_321' title='bbox 1929 713 2158 768; x_wconf 53' lang='lat' dir='ltr'>mapekfflv&#39;w,</span> <span class='ocrx_word' id='word_1_322' title='bbox 2144 731 2178 752; x_wconf 90' lang='grc' dir='ltr'>εν</span> <span class='ocrx_word' id='word_1_323' title='bbox 2197 714 2293 767; x_wconf 82' lang='grc' dir='ltr'>μέσι)</span> <span class='ocrx_word' id='word_1_324' title='bbox 2307 732 2356 768; x_wconf 90' lang='grc' dir='ltr'>τῳ</span> 
     </span>
     <span class='ocr_line' id='line_1_47' title="bbox 1330 775 2357 829; baseline 0.003 -17"><span class='ocrx_word' id='word_1_325' title='bbox 1330 776 1430 827; x_wconf 84' lang='grc' dir='ltr'>ἱερῷ,</span> <span class='ocrx_word' id='word_1_326' title='bbox 1455 777 1488 814; x_wconf 82' lang='grc' dir='ltr'>ἐν</span> <span class='ocrx_word' id='word_1_327' title='bbox 1510 775 1598 829; x_wconf 79' lang='grc' dir='ltr'>μέσῃ</span> <span class='ocrx_word' id='word_1_328' title='bbox 1617 780 1660 828; x_wconf 73' lang='grc' dir='ltr'>τῇ</span> <span class='ocrx_word' id='word_1_329' title='bbox 1685 779 1806 829; x_wconf 68' lang='grc' dir='ltr'>ἑορτῇ,</span> <span class='ocrx_word' id='word_1_330' title='bbox 1826 775 1968 814; x_wconf 82' lang='grc' dir='ltr'>συνόδου</span> <span class='ocrx_word' id='word_1_331' title='bbox 1986 775 2108 824; x_wconf 81' lang='grc' dir='ltr'>οὔσης,</span> <span class='ocrx_word' id='word_1_332' title='bbox 2139 775 2281 814; x_wconf 73' lang='grc' dir='ltr'>καὶτῶν</span> <span class='ocrx_word' id='word_1_333' title='bbox 2297 792 2357 829; x_wconf 82' lang='grc' dir='ltr'>φο-</span> 
     </span>
     <span class='ocr_line' id='line_1_48' title="bbox 1328 834 2358 890; baseline 0.004 -18"><span class='ocrx_word' id='word_1_334' title='bbox 1328 834 1466 873; x_wconf 80' lang='grc' dir='ltr'>νώντων</span> <span class='ocrx_word' id='word_1_335' title='bbox 1486 836 1681 890; x_wconf 82' lang='grc' dir='ltr'>παρόντων,</span> <span class='ocrx_word' id='word_1_336' title='bbox 1701 837 1871 890; x_wconf 80' lang='grc' dir='ltr'>διελέγετο</span> <span class='ocrx_word' id='word_1_337' title='bbox 1888 841 2000 875; x_wconf 59' lang='grc' dir='ltr'>ταῦτα</span> <span class='ocrx_word' id='word_1_338' title='bbox 2012 868 2021 885; x_wconf 92' lang='grc'>,</span> <span class='ocrx_word' id='word_1_339' title='bbox 2039 837 2060 874; x_wconf 85' lang='grc' dir='ltr'>ἃ</span> <span class='ocrx_word' id='word_1_340' title='bbox 2080 839 2212 888; x_wconf 81' lang='grc' dir='ltr'>μᾶλλον</span> <span class='ocrx_word' id='word_1_341' title='bbox 2235 837 2358 882; x_wconf 73' lang='grc' dir='ltr'>αὐτοὺς</span> 
     </span>
     <span class='ocr_line' id='line_1_49' title="bbox 1328 895 2359 951; baseline 0.002 -18"><span class='ocrx_word' id='word_1_342' title='bbox 1328 895 1526 948; x_wconf 74' lang='grc' dir='ltr'>παρώξυνε,</span> <span class='ocrx_word' id='word_1_343' title='bbox 1549 899 1663 937; x_wconf 77' lang='grc' dir='ltr'>Τοῦτο</span> <span class='ocrx_word' id='word_1_344' title='bbox 1692 902 1772 951; x_wconf 78' lang='grc' dir='ltr'>γοῦν</span> <span class='ocrx_word' id='word_1_345' title='bbox 1795 899 1854 937; x_wconf 80' lang='grc' dir='ltr'>καὶ</span> <span class='ocrx_word' id='word_1_346' title='bbox 1877 898 2066 949; x_wconf 76' lang='grc' dir='ltr'>ἐθαύμαζον</span> <span class='ocrx_word' id='word_1_347' title='bbox 2086 897 2262 949; x_wconf 78' lang='grc' dir='ltr'>λέγοντες,</span> <span class='ocrx_word' id='word_1_348' title='bbox 2278 899 2359 950; x_wconf 84' lang='grc' dir='ltr'>Οὐχ</span> 
     </span>
     <span class='ocr_line' id='line_1_50' title="bbox 1329 951 2358 1012; baseline 0.002 -18"><span class='ocrx_word' id='word_1_349' title='bbox 1329 951 1426 1002; x_wconf 71' lang='grc' dir='ltr'>οῧτός</span> <span class='ocrx_word' id='word_1_350' title='bbox 1439 960 1530 997; x_wconf 82' lang='grc' dir='ltr'>ἐστιν</span> <span class='ocrx_word' id='word_1_351' title='bbox 1546 959 1581 997; x_wconf 81' lang='grc' dir='ltr'>ὃν</span> <span class='ocrx_word' id='word_1_352' title='bbox 1597 962 1755 1007; x_wconf 77' lang='grc' dir='ltr'>ζητοῦσιν</span> <span class='ocrx_word' id='word_1_353' title='bbox 1775 963 1976 998; x_wconf 87' lang='grc' dir='ltr'>ἀποκτεῖναι</span> <span class='ocrx_word' id='word_1_354' title='bbox 1993 976 2001 1007; x_wconf 90' lang='grc'><strong>;</strong></span> <span class='ocrx_word' id='word_1_355' title='bbox 2019 959 2090 997; x_wconf 80' lang='grc' dir='ltr'>Καὶ</span> <span class='ocrx_word' id='word_1_356' title='bbox 2109 958 2159 996; x_wconf 82' lang='grc' dir='ltr'>ἴδε</span> <span class='ocrx_word' id='word_1_357' title='bbox 2178 958 2358 1012; x_wconf 71' lang='grc' dir='ltr'>παῤῥησίᾳ</span> 
     </span>
     <span class='ocr_line' id='line_1_51' title="bbox 1329 1019 2358 1073; baseline 0 -17"><span class='ocrx_word' id='word_1_358' title='bbox 1329 1019 1447 1066; x_wconf 88' lang='grc' dir='ltr'>λαλεῖ,</span> <span class='ocrx_word' id='word_1_359' title='bbox 1472 1019 1531 1056; x_wconf 81' lang='grc' dir='ltr'>καὶ</span> <span class='ocrx_word' id='word_1_360' title='bbox 1549 1019 1644 1059; x_wconf 77' lang='grc' dir='ltr'>οὐδὲν</span> <span class='ocrx_word' id='word_1_361' title='bbox 1662 1023 1754 1073; x_wconf 80' lang='grc' dir='ltr'>αὐτῷ</span> <span class='ocrx_word' id='word_1_362' title='bbox 1773 1020 1924 1071; x_wconf 83' lang='grc' dir='ltr'>λέγουσι.</span> <span class='ocrx_word' id='word_1_363' title='bbox 1945 1020 2037 1058; x_wconf 86' lang='grc' dir='ltr'>Τίνα</span> <span class='ocrx_word' id='word_1_364' title='bbox 2069 1021 2109 1067; x_wconf 86' lang='grc' dir='ltr'>δή</span> <span class='ocrx_word' id='word_1_365' title='bbox 2137 1023 2210 1058; x_wconf 81' lang='grc' dir='ltr'>ἐστι</span> <span class='ocrx_word' id='word_1_366' title='bbox 2247 1023 2358 1057; x_wconf 75' lang='grc' dir='ltr'>ταῦτα</span> 
     </span>
     <span class='ocr_line' id='line_1_52' title="bbox 1329 1079 2357 1133; baseline 0.002 -17"><span class='ocrx_word' id='word_1_367' title='bbox 1329 1079 1372 1117; x_wconf 86' lang='grc' dir='ltr'>τὰ</span> <span class='ocrx_word' id='word_1_368' title='bbox 1388 1080 1596 1131; x_wconf 84' lang='grc' dir='ltr'>αἷνίγματα;</span> <span class='ocrx_word' id='word_1_369' title='bbox 1611 1080 1628 1100; x_wconf 84' lang='lat'>¹&#39;</span> <span class='ocrx_word' id='word_1_370' title='bbox 1639 1081 1772 1132; x_wconf 81' lang='grc' dir='ltr'>Ἄπαγε</span> <span class='ocrx_word' id='word_1_371' title='bbox 1784 1097 1791 1105; x_wconf 95' lang='grc'><em>·</em></span> <span class='ocrx_word' id='word_1_372' title='bbox 1808 1085 1873 1133; x_wconf 81' lang='grc' dir='ltr'>οὐχ</span> <span class='ocrx_word' id='word_1_373' title='bbox 1893 1081 1948 1120; x_wconf 82' lang='grc' dir='ltr'>ἵνα</span> <span class='ocrx_word' id='word_1_374' title='bbox 1968 1081 2156 1133; x_wconf 81' lang='grc' dir='ltr'>αἰνίγματα</span> <span class='ocrx_word' id='word_1_375' title='bbox 2170 1080 2283 1132; x_wconf 80' lang='grc' dir='ltr'>λέγειν</span> <span class='ocrx_word' id='word_1_376' title='bbox 2303 1096 2357 1118; x_wconf 92' lang='grc' dir='ltr'>νο-</span> 
     </span>
     <span class='ocr_line' id='line_1_53' title="bbox 1331 1135 2357 1194; baseline 0.001 -16"><span class='ocrx_word' id='word_1_377' title='bbox 1331 1144 1437 1192; x_wconf 81' lang='grc' dir='ltr'>μισθῃ</span> <span class='ocrx_word' id='word_1_378' title='bbox 1450 1171 1459 1188; x_wconf 89' lang='grc'>,</span> <span class='ocrx_word' id='word_1_379' title='bbox 1479 1156 1588 1185; x_wconf 89' lang='grc' dir='ltr'>ουτως</span> <span class='ocrx_word' id='word_1_380' title='bbox 1613 1135 1720 1190; x_wconf 57' lang='grc' dir='ltr'>εἶπεν,</span> <span class='ocrx_word' id='word_1_381' title='bbox 1744 1144 1820 1180; x_wconf 79' lang='grc' dir='ltr'>ἀλλ’</span> <span class='ocrx_word' id='word_1_382' title='bbox 1842 1142 1899 1179; x_wconf 87' lang='grc' dir='ltr'>ι’να</span> <span class='ocrx_word' id='word_1_383' title='bbox 1914 1142 2087 1194; x_wconf 81' lang='grc' dir='ltr'>δηλώσῃ</span> <span class='ocrx_word' id='word_1_384' title='bbox 2076 1143 2128 1180; x_wconf 81' lang='grc' dir='ltr'>ότι</span> <span class='ocrx_word' id='word_1_385' title='bbox 2153 1142 2212 1181; x_wconf 82' lang='grc' dir='ltr'>καὶ</span> <span class='ocrx_word' id='word_1_386' title='bbox 2230 1141 2273 1180; x_wconf 85' lang='grc' dir='ltr'>τὰ</span> <span class='ocrx_word' id='word_1_387' title='bbox 2294 1158 2357 1188; x_wconf 90' lang='grc' dir='ltr'>της</span> 
     </span>
     <span class='ocr_line' id='line_1_54' title="bbox 1329 1201 2356 1255; baseline 0.001 -16"><span class='ocrx_word' id='word_1_388' title='bbox 1329 1201 1515 1249; x_wconf 76' lang='grc' dir='ltr'>θεότητος’</span> <span class='ocrx_word' id='word_1_389' title='bbox 1501 1202 1737 1249; x_wconf 83' lang='grc' dir='ltr'>επεδείκνυτο,</span> <span class='ocrx_word' id='word_1_390' title='bbox 1751 1203 1933 1249; x_wconf 77' lang='grc' dir='ltr'>καὶτὰτῆς</span> <span class='ocrx_word' id='word_1_391' title='bbox 1947 1203 2224 1255; x_wconf 80' lang='grc' dir='ltr'>ἀνθρωπότητος.</span> <span class='ocrx_word' id='word_1_392' title='bbox 2241 1202 2356 1242; x_wconf 52' lang='grc' dir='ltr'>(Ὀταν</span> 
     </span>
     <span class='ocr_line' id='line_1_55' title="bbox 1331 1262 2358 1317; baseline 0.002 -18"><span class='ocrx_word' id='word_1_393' title='bbox 1331 1263 1373 1313; x_wconf 79' lang='grc' dir='ltr'>μὲ</span> <span class='ocrx_word' id='word_1_394' title='bbox 1377 1278 1393 1299; x_wconf 93' lang='grc' dir='ltr'>ν</span> <span class='ocrx_word' id='word_1_395' title='bbox 1411 1262 1478 1316; x_wconf 83' lang='grc' dir='ltr'>γὰρ</span> <span class='ocrx_word' id='word_1_396' title='bbox 1502 1263 1645 1316; x_wconf 82' lang='grc' dir='ltr'>λέγῃ,</span> <span class='ocrx_word' id='word_1_397' title='bbox 1633 1280 1685 1302; x_wconf 92' lang='grc' dir='ltr'>οτι</span> <span class='ocrx_word' id='word_1_398' title='bbox 1714 1264 1895 1309; x_wconf 81' lang='grc' dir='ltr'>Ἑξουσίαν</span> <span class='ocrx_word' id='word_1_399' title='bbox 1915 1268 1976 1301; x_wconf 82' lang='grc' dir='ltr'>οὐκ</span> <span class='ocrx_word' id='word_1_400' title='bbox 2004 1268 2107 1316; x_wconf 80' lang='grc' dir='ltr'>ειχεν,</span> <span class='ocrx_word' id='word_1_401' title='bbox 2129 1266 2175 1308; x_wconf 80' lang='grc' dir='ltr'>ὡς</span> <span class='ocrx_word' id='word_1_402' title='bbox 2194 1263 2274 1317; x_wconf 86' lang='grc' dir='ltr'>περὶ</span> <span class='ocrx_word' id='word_1_403' title='bbox 2296 1268 2358 1301; x_wconf 83' lang='grc' dir='ltr'>ἀν-</span> 
     </span>
     <span class='ocr_line' id='line_1_56' title="bbox 1330 1323 2356 1377; baseline 0.002 -16"><span class='ocrx_word' id='word_1_404' title='bbox 1330 1323 1467 1376; x_wconf 72' lang='grc' dir='ltr'>θρώπου</span> <span class='ocrx_word' id='word_1_405' title='bbox 1490 1325 1703 1376; x_wconf 83' lang='grc' dir='ltr'>διαλέγεται,</span> <span class='ocrx_word' id='word_1_406' title='bbox 1720 1325 1833 1364; x_wconf 82' lang='grc' dir='ltr'>πολλὰ</span> <span class='ocrx_word' id='word_1_407' title='bbox 1851 1341 1908 1363; x_wconf 91' lang='grc' dir='ltr'>και</span> <span class='ocrx_word' id='word_1_408' title='bbox 1923 1324 2145 1377; x_wconf 73' lang='grc' dir='ltr'>ἀνθρωπίνως</span> <span class='ocrx_word' id='word_1_409' title='bbox 2159 1340 2356 1369; x_wconf 84' lang='grc' dir='ltr'>ποιουντος·</span> 
     </span>
    </p>

    <p class='ocr_par' dir='ltr' id='par_1_8' title="bbox 1328 1385 2358 2295">
     <span class='ocr_line' id='line_1_57' title="bbox 1330 1385 2357 1438; baseline 0.002 -16"><span class='ocrx_word' id='word_1_410' title='bbox 1330 1385 1411 1423; x_wconf 74' lang='grc' dir='ltr'>ὅταν</span> <span class='ocrx_word' id='word_1_411' title='bbox 1434 1385 1469 1425; x_wconf 79' lang='grc' dir='ltr'>δὲ</span> <span class='ocrx_word' id='word_1_412' title='bbox 1494 1386 1577 1438; x_wconf 80' lang='grc' dir='ltr'>λέγῃ</span> <span class='ocrx_word' id='word_1_413' title='bbox 1592 1417 1600 1433; x_wconf 85' lang='grc'>,</span> <span class='ocrx_word' id='word_1_414' title='bbox 1621 1385 1672 1424; x_wconf 75' lang='grc' dir='ltr'>ὅτι</span> <span class='ocrx_word' id='word_1_415' title='bbox 1693 1389 1726 1425; x_wconf 80' lang='grc' dir='ltr'>ἓν</span> <span class='ocrx_word' id='word_1_416' title='bbox 1753 1386 1869 1437; x_wconf 83' lang='grc' dir='ltr'>μέσοις</span> <span class='ocrx_word' id='word_1_417' title='bbox 1891 1390 2005 1430; x_wconf 80' lang='grc' dir='ltr'>αὐτοῖς</span> <span class='ocrx_word' id='word_1_418' title='bbox 2034 1385 2205 1432; x_wconf 80' lang='grc' dir='ltr'>εἱστήκει,</span> <span class='ocrx_word' id='word_1_419' title='bbox 2234 1386 2293 1424; x_wconf 81' lang='grc' dir='ltr'>καὶ</span> <span class='ocrx_word' id='word_1_420' title='bbox 2320 1389 2357 1424; x_wconf 83' lang='grc' dir='ltr'>οὐ</span> 
     </span>
     <span class='ocr_line' id='line_1_58' title="bbox 1329 1447 2358 1500; baseline 0 -14"><span class='ocrx_word' id='word_1_421' title='bbox 1329 1454 1490 1500; x_wconf 79' lang='grc' dir='ltr'>κατεῖχον</span> <span class='ocrx_word' id='word_1_422' title='bbox 1509 1448 1623 1496; x_wconf 80' lang='grc' dir='ltr'>αὐτὸν,</span> <span class='ocrx_word' id='word_1_423' title='bbox 1643 1452 1705 1495; x_wconf 74' lang='grc' dir='ltr'>τῆς</span> <span class='ocrx_word' id='word_1_424' title='bbox 1725 1448 1884 1496; x_wconf 82' lang='grc' dir='ltr'>Θεότητος</span> <span class='ocrx_word' id='word_1_425' title='bbox 1900 1448 1962 1496; x_wconf 85' lang='grc' dir='ltr'>τὴν</span> <span class='ocrx_word' id='word_1_426' title='bbox 1983 1448 2124 1498; x_wconf 81' lang='grc' dir='ltr'>δύναμιν</span> <span class='ocrx_word' id='word_1_427' title='bbox 2147 1447 2358 1486; x_wconf 80' lang='grc' dir='ltr'>ἐνδείκνυται</span> 
     </span>
     <span class='ocr_line' id='line_1_59' title="bbox 1331 1508 2358 1564; baseline 0.001 -17"><span class='ocrx_word' id='word_1_428' title='bbox 1331 1508 1498 1556; x_wconf 86' lang='grc' dir='ltr'>δηλονότι.</span> <span class='ocrx_word' id='word_1_429' title='bbox 1515 1509 1584 1547; x_wconf 72' lang='grc' dir='ltr'>Καὶ</span> <span class='ocrx_word' id='word_1_430' title='bbox 1603 1510 1670 1564; x_wconf 86' lang='grc' dir='ltr'>γὰρ</span> <span class='ocrx_word' id='word_1_431' title='bbox 1686 1510 1826 1562; x_wconf 76' lang='grc' dir='ltr'>ἔφευγεν</span> <span class='ocrx_word' id='word_1_432' title='bbox 1842 1512 1887 1554; x_wconf 84' lang='grc' dir='ltr'>ὡς</span> <span class='ocrx_word' id='word_1_433' title='bbox 1907 1510 2086 1560; x_wconf 79' lang='grc' dir='ltr'>ἄνθρωπος</span> <span class='ocrx_word' id='word_1_434' title='bbox 2099 1539 2108 1557; x_wconf 92' lang='grc'>,</span> <span class='ocrx_word' id='word_1_435' title='bbox 2123 1509 2182 1547; x_wconf 80' lang='grc' dir='ltr'>καὶ</span> <span class='ocrx_word' id='word_1_436' title='bbox 2201 1508 2358 1561; x_wconf 74' lang='grc' dir='ltr'>ἐφαίνετο</span> 
     </span>
     <span class='ocr_line' id='line_1_60' title="bbox 1329 1569 2358 1624; baseline -0.002 -15"><span class='ocrx_word' id='word_1_437' title='bbox 1329 1573 1375 1614; x_wconf 82' lang='grc' dir='ltr'>ὡς</span> <span class='ocrx_word' id='word_1_438' title='bbox 1408 1570 1520 1614; x_wconf 80' lang='grc' dir='ltr'>Θεός·</span> <span class='ocrx_word' id='word_1_439' title='bbox 1543 1570 1721 1624; x_wconf 72' lang='grc' dir='ltr'>ἀμφότερα</span> <span class='ocrx_word' id='word_1_440' title='bbox 1748 1570 1936 1618; x_wconf 77' lang='grc' dir='ltr'>ἀληθεύων.</span> <span class='ocrx_word' id='word_1_441' title='bbox 1955 1570 2008 1608; x_wconf 84' lang='grc' dir='ltr'>Τό</span> <span class='ocrx_word' id='word_1_442' title='bbox 2028 1586 2066 1608; x_wconf 94' lang='grc' dir='ltr'>τε</span> <span class='ocrx_word' id='word_1_443' title='bbox 2086 1569 2153 1622; x_wconf 86' lang='grc' dir='ltr'>γὰρ</span> <span class='ocrx_word' id='word_1_444' title='bbox 2176 1572 2209 1608; x_wconf 82' lang='grc' dir='ltr'>ἐν</span> <span class='ocrx_word' id='word_1_445' title='bbox 2241 1570 2358 1620; x_wconf 82' lang='grc' dir='ltr'>μέσοις</span> 
     </span>
     <span class='ocr_line' id='line_1_61' title="bbox 1330 1630 2358 1684; baseline -0.002 -14"><span class='ocrx_word' id='word_1_446' title='bbox 1330 1632 1411 1670; x_wconf 75' lang='grc' dir='ltr'>ὄντα</span> <span class='ocrx_word' id='word_1_447' title='bbox 1430 1639 1500 1677; x_wconf 84' lang='grc' dir='ltr'>τοῖς</span> <span class='ocrx_word' id='word_1_448' title='bbox 1519 1631 1779 1671; x_wconf 64' lang='grc' dir='ltr'>ἕπιὸουλεύουσι</span> <span class='ocrx_word' id='word_1_449' title='bbox 1801 1631 1848 1684; x_wconf 78' lang='grc' dir='ltr'>μὴ</span> <span class='ocrx_word' id='word_1_450' title='bbox 1869 1631 2098 1684; x_wconf 80' lang='grc' dir='ltr'>κατέχεσθαι,</span> <span class='ocrx_word' id='word_1_451' title='bbox 2115 1631 2155 1669; x_wconf 80' lang='grc' dir='ltr'>τὸ</span> <span class='ocrx_word' id='word_1_452' title='bbox 2174 1630 2358 1683; x_wconf 82' lang='grc' dir='ltr'>ἀκαταγώ-</span> 
     </span>
     <span class='ocr_line' id='line_1_62' title="bbox 1331 1691 2357 1746; baseline -0.001 -16"><span class='ocrx_word' id='word_1_453' title='bbox 1331 1708 1443 1743; x_wconf 87' lang='grc' dir='ltr'>νιστον</span> <span class='ocrx_word' id='word_1_454' title='bbox 1462 1697 1563 1731; x_wconf 74' lang='grc' dir='ltr'>αὐτοῦ</span> <span class='ocrx_word' id='word_1_455' title='bbox 1583 1693 1643 1732; x_wconf 79' lang='grc' dir='ltr'>καὶ</span> <span class='ocrx_word' id='word_1_456' title='bbox 1662 1694 1801 1746; x_wconf 71' lang='grc' dir='ltr'>ἄμαχον</span> <span class='ocrx_word' id='word_1_457' title='bbox 1827 1694 1949 1740; x_wconf 79' lang='grc' dir='ltr'>ἐδήλου</span> <span class='ocrx_word' id='word_1_458' title='bbox 1965 1709 1972 1716; x_wconf 96' lang='grc'>·</span> <span class='ocrx_word' id='word_1_459' title='bbox 2003 1693 2041 1730; x_wconf 84' lang='grc' dir='ltr'>τό</span> <span class='ocrx_word' id='word_1_460' title='bbox 2070 1709 2106 1730; x_wconf 91' lang='grc' dir='ltr'>τε</span> <span class='ocrx_word' id='word_1_461' title='bbox 2144 1691 2357 1730; x_wconf 80' lang='grc' dir='ltr'>ὑποστέλλε-</span> 
     </span>
     <span class='ocr_line' id='line_1_63' title="bbox 1331 1753 2358 1806; baseline 0 -15"><span class='ocrx_word' id='word_1_462' title='bbox 1331 1758 1427 1801; x_wconf 86' lang='grc' dir='ltr'>σθαι,</span> <span class='ocrx_word' id='word_1_463' title='bbox 1455 1754 1516 1803; x_wconf 84' lang='grc' dir='ltr'>τὴν</span> <span class='ocrx_word' id='word_1_464' title='bbox 1548 1754 1746 1806; x_wconf 80' lang='grc' dir='ltr'>οἰκονομίαν</span> <span class='ocrx_word' id='word_1_465' title='bbox 1781 1754 1940 1793; x_wconf 63' lang='grc' dir='ltr'>ἐῧεέαίου</span> <span class='ocrx_word' id='word_1_466' title='bbox 1972 1754 2031 1792; x_wconf 82' lang='grc' dir='ltr'>καὶ</span> <span class='ocrx_word' id='word_1_467' title='bbox 2066 1756 2270 1801; x_wconf 74' lang='grc' dir='ltr'>ε’πιστοῧτο,</span> <span class='ocrx_word' id='word_1_468' title='bbox 2303 1753 2358 1791; x_wconf 79' lang='grc' dir='ltr'>ἵνα</span> 
     </span>
     <span class='ocr_line' id='line_1_64' title="bbox 1333 1814 2357 1868; baseline -0.001 -15"><span class='ocrx_word' id='word_1_469' title='bbox 1333 1815 1422 1867; x_wconf 89' lang='grc' dir='ltr'>μήτε</span> <span class='ocrx_word' id='word_1_470' title='bbox 1438 1818 1577 1861; x_wconf 81' lang='grc' dir='ltr'>Παῦλος</span> <span class='ocrx_word' id='word_1_471' title='bbox 1595 1820 1611 1854; x_wconf 84' lang='grc' dir='ltr'>ὁ</span> <span class='ocrx_word' id='word_1_472' title='bbox 1627 1815 1854 1868; x_wconf 77' lang='grc' dir='ltr'>Σαμοσατεὺς</span> <span class='ocrx_word' id='word_1_473' title='bbox 1872 1816 1935 1867; x_wconf 77' lang='grc' dir='ltr'>ἔχῃ</span> <span class='ocrx_word' id='word_1_474' title='bbox 1951 1832 1984 1853; x_wconf 78' lang='grc' dir='ltr'>τι</span> <span class='ocrx_word' id='word_1_475' title='bbox 2000 1814 2112 1866; x_wconf 83' lang='grc' dir='ltr'>λέγειν</span> <span class='ocrx_word' id='word_1_476' title='bbox 2125 1844 2134 1861; x_wconf 88' lang='grc'>,</span> <span class='ocrx_word' id='word_1_477' title='bbox 2156 1815 2245 1866; x_wconf 81' lang='grc' dir='ltr'>μήτε</span> <span class='ocrx_word' id='word_1_478' title='bbox 2257 1817 2357 1868; x_wconf 88' lang='grc' dir='ltr'>Μαρ-</span> 
     </span>
     <span class='ocr_line' id='line_1_65' title="bbox 1330 1875 2357 1925; baseline -0.002 -10"><span class='ocrx_word' id='word_1_479' title='bbox 1330 1876 1431 1925; x_wconf 86' lang='grc' dir='ltr'>κίων,</span> <span class='ocrx_word' id='word_1_480' title='bbox 1449 1876 1509 1915; x_wconf 82' lang='grc' dir='ltr'>καὶ</span> <span class='ocrx_word' id='word_1_481' title='bbox 1526 1880 1557 1916; x_wconf 80' lang='grc' dir='ltr'>οἱ</span> <span class='ocrx_word' id='word_1_482' title='bbox 1573 1876 1615 1915; x_wconf 86' lang='grc' dir='ltr'>τὰ</span> <span class='ocrx_word' id='word_1_483' title='bbox 1636 1877 1774 1915; x_wconf 78' lang='grc' dir='ltr'>ἐκείνων</span> <span class='ocrx_word' id='word_1_484' title='bbox 1790 1880 1980 1920; x_wconf 71' lang='grc' dir='ltr'>νοσοῦντες.</span> <span class='ocrx_word' id='word_1_485' title='bbox 1999 1875 2067 1914; x_wconf 83' lang='grc' dir='ltr'>Διὰ</span> <span class='ocrx_word' id='word_1_486' title='bbox 2081 1875 2199 1914; x_wconf 80' lang='grc' dir='ltr'>τούτου</span> <span class='ocrx_word' id='word_1_487' title='bbox 2219 1875 2357 1913; x_wconf 55' lang='grc' dir='ltr'>ετοίνυν</span> 
     </span>
     <span class='ocr_line' id='line_1_66' title="bbox 1328 1932 2356 1992; baseline -0.001 -16"><span class='ocrx_word' id='word_1_488' title='bbox 1328 1939 1468 1977; x_wconf 84' lang='grc' dir='ltr'>πάντων</span> <span class='ocrx_word' id='word_1_489' title='bbox 1489 1939 1682 1992; x_wconf 72' lang='grc' dir='ltr'>ἐμφράττει</span> <span class='ocrx_word' id='word_1_490' title='bbox 1719 1939 1763 1978; x_wconf 83' lang='grc' dir='ltr'>τὰ</span> <span class='ocrx_word' id='word_1_491' title='bbox 1797 1938 1965 1990; x_wconf 86' lang='grc' dir='ltr'>στόματα.</span> <span class='ocrx_word' id='word_1_492' title='bbox 1991 1937 2093 1976; x_wconf 86' lang='grc' dir='ltr'>Μετὰ</span> <span class='ocrx_word' id='word_1_493' title='bbox 2122 1942 2232 1976; x_wconf 70' lang='grc' dir='ltr'>ταῦτα</span> <span class='ocrx_word' id='word_1_494' title='bbox 2265 1932 2305 1984; x_wconf 68' lang='grc' dir='ltr'>ἦν</span> <span class='ocrx_word' id='word_1_495' title='bbox 2334 1942 2356 1985; x_wconf 84' lang='grc' dir='ltr'>ἡ</span> 
     </span>
     <span class='ocr_line' id='line_1_67' title="bbox 1328 1999 2357 2052; baseline 0 -15"><span class='ocrx_word' id='word_1_496' title='bbox 1328 2000 1428 2052; x_wconf 77' lang='grc' dir='ltr'>ἑορτὴ</span> <span class='ocrx_word' id='word_1_497' title='bbox 1443 2004 1510 2039; x_wconf 81' lang='grc' dir='ltr'>τῶν</span> <span class='ocrx_word' id='word_1_498' title='bbox 1531 2000 1722 2048; x_wconf 81' lang='grc' dir='ltr'>Ἰουδαίων,</span> <span class='ocrx_word' id='word_1_499' title='bbox 1737 2004 1758 2047; x_wconf 81' lang='grc' dir='ltr'>ἡ</span> <span class='ocrx_word' id='word_1_500' title='bbox 1777 2000 2009 2051; x_wconf 85' lang='grc' dir='ltr'>σκηνοπηγία.</span> <span class='ocrx_word' id='word_1_501' title='bbox 2029 1999 2099 2047; x_wconf 85' lang='grc' dir='ltr'>Τὸ,</span> <span class='ocrx_word' id='word_1_502' title='bbox 2115 1999 2216 2037; x_wconf 80' lang='grc' dir='ltr'>Μετὰ</span> <span class='ocrx_word' id='word_1_503' title='bbox 2233 2005 2357 2045; x_wconf 79' lang='grc' dir='ltr'>ταῦτα,</span> 
     </span>
     <span class='ocr_line' id='line_1_68' title="bbox 1329 2060 2356 2114; baseline 0 -16"><span class='ocrx_word' id='word_1_504' title='bbox 1329 2060 1424 2099; x_wconf 82' lang='grc' dir='ltr'>οὐδὲν</span> <span class='ocrx_word' id='word_1_505' title='bbox 1446 2062 1530 2100; x_wconf 76' lang='grc' dir='ltr'>ἄλλο</span> <span class='ocrx_word' id='word_1_506' title='bbox 1563 2063 1680 2110; x_wconf 87' lang='grc' dir='ltr'>δηλοῖ,</span> <span class='ocrx_word' id='word_1_507' title='bbox 1705 2062 1726 2107; x_wconf 85' lang='grc' dir='ltr'>ἢ</span> <span class='ocrx_word' id='word_1_508' title='bbox 1747 2060 1799 2099; x_wconf 74' lang='grc' dir='ltr'>ὅτι</span> <span class='ocrx_word' id='word_1_509' title='bbox 1818 2060 1925 2108; x_wconf 68' lang='grc' dir='ltr'>πολὺν</span> <span class='ocrx_word' id='word_1_510' title='bbox 1949 2060 2075 2112; x_wconf 81' lang='grc' dir='ltr'>μεταξὺ</span> <span class='ocrx_word' id='word_1_511' title='bbox 2103 2061 2227 2114; x_wconf 79' lang='grc' dir='ltr'>χρόνον</span> <span class='ocrx_word' id='word_1_512' title='bbox 2243 2062 2356 2099; x_wconf 78' lang='grc' dir='ltr'>ἐπιτε-</span> 
     </span>
     <span class='ocr_line' id='line_1_69' title="bbox 1329 2121 2358 2175; baseline 0.001 -16"><span class='ocrx_word' id='word_1_513' title='bbox 1329 2122 1403 2173; x_wconf 82' lang='grc' dir='ltr'>μὼν</span> <span class='ocrx_word' id='word_1_514' title='bbox 1429 2122 1685 2175; x_wconf 80' lang='grc' dir='ltr'>ὑπερεπήδησε.</span> <span class='ocrx_word' id='word_1_515' title='bbox 1709 2123 1776 2160; x_wconf 79' lang='grc' dir='ltr'>Καὶ</span> <span class='ocrx_word' id='word_1_516' title='bbox 1787 2126 1889 2161; x_wconf 73' lang='grc' dir='ltr'>τοῦτο</span> <span class='ocrx_word' id='word_1_517' title='bbox 1903 2123 2005 2168; x_wconf 76' lang='grc' dir='ltr'>δῆλον</span> <span class='ocrx_word' id='word_1_518' title='bbox 2019 2125 2146 2161; x_wconf 81' lang='grc' dir='ltr'>ἐκεῖθεν</span> <span class='ocrx_word' id='word_1_519' title='bbox 2159 2138 2166 2146; x_wconf 91' lang='grc'>·</span> <span class='ocrx_word' id='word_1_520' title='bbox 2192 2121 2270 2160; x_wconf 58' lang='grc' dir='ltr'>ᾶὸτε</span> <span class='ocrx_word' id='word_1_521' title='bbox 2290 2121 2358 2174; x_wconf 84' lang='grc' dir='ltr'>γὰρ</span> 
     </span>
     <span class='ocr_line' id='line_1_70' title="bbox 1329 2178 2356 2237; baseline 0.001 -16"><span class='ocrx_word' id='word_1_522' title='bbox 1329 2186 1374 2227; x_wconf 87' lang='grc' dir='ltr'>εἷς</span> <span class='ocrx_word' id='word_1_523' title='bbox 1406 2184 1444 2221; x_wconf 80' lang='grc' dir='ltr'>τὸ</span> <span class='ocrx_word' id='word_1_524' title='bbox 1466 2184 1541 2235; x_wconf 85' lang='grc' dir='ltr'>ὅρος</span> <span class='ocrx_word' id='word_1_525' title='bbox 1566 2184 1733 2232; x_wconf 79' lang='grc' dir='ltr'>ἐκάθητο,</span> <span class='ocrx_word' id='word_1_526' title='bbox 1755 2184 1872 2237; x_wconf 76' lang='grc' dir='ltr'>φησὶν,</span> <span class='ocrx_word' id='word_1_527' title='bbox 1893 2178 1935 2230; x_wconf 65' lang='grc' dir='ltr'>ἦν</span> <span class='ocrx_word' id='word_1_528' title='bbox 1960 2188 1981 2230; x_wconf 81' lang='grc' dir='ltr'>ἡ</span> <span class='ocrx_word' id='word_1_529' title='bbox 2004 2183 2105 2236; x_wconf 79' lang='grc' dir='ltr'>ἑορτὴ</span> <span class='ocrx_word' id='word_1_530' title='bbox 2126 2189 2186 2222; x_wconf 77' lang='grc' dir='ltr'>τοῦ</span> <span class='ocrx_word' id='word_1_531' title='bbox 2213 2184 2356 2236; x_wconf 83' lang='grc' dir='ltr'>πάσχα·</span> 
     </span>
     <span class='ocr_line' id='line_1_71' title="bbox 1328 2243 2356 2295; baseline 0 -13"><span class='ocrx_word' id='word_1_532' title='bbox 1328 2247 1473 2282; x_wconf 75' lang='grc' dir='ltr'>ἐνταῦθα</span> <span class='ocrx_word' id='word_1_533' title='bbox 1495 2244 1530 2283; x_wconf 77' lang='grc' dir='ltr'>δὲ</span> <span class='ocrx_word' id='word_1_534' title='bbox 1561 2247 1622 2290; x_wconf 70' lang='grc' dir='ltr'>τῆς</span> <span class='ocrx_word' id='word_1_535' title='bbox 1654 2243 1892 2295; x_wconf 81' lang='grc' dir='ltr'>σκηνοπηγίας</span> <span class='ocrx_word' id='word_1_536' title='bbox 1919 2244 2113 2295; x_wconf 81' lang='grc' dir='ltr'>μέμνηται,</span> <span class='ocrx_word' id='word_1_537' title='bbox 2134 2245 2192 2282; x_wconf 81' lang='grc' dir='ltr'>καὶ</span> <span class='ocrx_word' id='word_1_538' title='bbox 2223 2247 2257 2282; x_wconf 80' lang='grc' dir='ltr'>ἐν</span> <span class='ocrx_word' id='word_1_539' title='bbox 2287 2251 2356 2288; x_wconf 86' lang='grc' dir='ltr'>τοῖς</span> 
     </span>
    </p>
   </div>
   <div class='ocr_carea' id='block_1_8' title="bbox 272 2303 2356 2359">
    <p class='ocr_par' dir='ltr' id='par_1_9' title="bbox 272 2303 2356 2359">
     <span class='ocr_line' id='line_1_72' title="bbox 272 2303 2356 2359; baseline 0.002 -20"><span class='ocrx_word' id='word_1_540' title='bbox 272 2303 429 2354; x_wconf 83' lang='lat' dir='ltr'>quinque</span> <span class='ocrx_word' id='word_1_541' title='bbox 455 2304 631 2341; x_wconf 81' lang='lat' dir='ltr'>mensium</span> <span class='ocrx_word' id='word_1_542' title='bbox 657 2304 771 2355; x_wconf 84' lang='lat' dir='ltr'>spatio</span> <span class='ocrx_word' id='word_1_543' title='bbox 791 2304 998 2342; x_wconf 86' lang='lat' dir='ltr'>nihilaliud</span> <span class='ocrx_word' id='word_1_544' title='bbox 1025 2305 1184 2343; x_wconf 81' lang='lat' dir='ltr'>narravit</span> <span class='ocrx_word' id='word_1_545' title='bbox 1202 2306 1259 2343; x_wconf 83' lang='lat' dir='ltr'>vel</span> <span class='ocrx_word' id='word_1_546' title='bbox 1269 2333 1316 2359; x_wconf 54' lang='lat'>234</span> <span class='ocrx_word' id='word_1_547' title='bbox 1326 2305 1428 2344; x_wconf 79' lang='grc' dir='ltr'>πέντε</span> <span class='ocrx_word' id='word_1_548' title='bbox 1449 2306 1554 2356; x_wconf 89' lang='grc' dir='ltr'>μησὶν</span> <span class='ocrx_word' id='word_1_549' title='bbox 1576 2305 1669 2344; x_wconf 75' lang='grc' dir='ltr'>οὐδὲν</span> <span class='ocrx_word' id='word_1_550' title='bbox 1699 2304 1812 2358; x_wconf 77' lang='grc' dir='ltr'>ἕτερον</span> <span class='ocrx_word' id='word_1_551' title='bbox 1836 2310 1919 2355; x_wconf 77' lang='grc' dir='ltr'>ἡμῖν</span> <span class='ocrx_word' id='word_1_552' title='bbox 1948 2305 2161 2356; x_wconf 85' lang='grc' dir='ltr'>διηγήσατο,</span> <span class='ocrx_word' id='word_1_553' title='bbox 2179 2305 2255 2343; x_wconf 79' lang='grc' dir='ltr'>οὔτε</span> <span class='ocrx_word' id='word_1_554' title='bbox 2289 2305 2356 2343; x_wconf 80' lang='grc' dir='ltr'>ἐδί-</span> 
     </span>
    </p>
   </div>
   <div class='ocr_carea' id='block_1_9' title="bbox 272 2363 1306 2902">
    <p class='ocr_par' dir='ltr' id='par_1_10' title="bbox 272 2363 1306 2902">
     <span class='ocr_line' id='line_1_73' title="bbox 272 2363 1306 2416; baseline 0.004 -17"><span class='ocrx_word' id='word_1_555' title='bbox 272 2363 408 2413; x_wconf 76' lang='lat' dir='ltr'>docuit,</span> <span class='ocrx_word' id='word_1_556' title='bbox 437 2379 545 2414; x_wconf 82' lang='lat' dir='ltr'>quam</span> <span class='ocrx_word' id='word_1_557' title='bbox 573 2378 708 2416; x_wconf 85' lang='lat' dir='ltr'>panum</span> <span class='ocrx_word' id='word_1_558' title='bbox 738 2364 968 2414; x_wconf 75' lang='lat' dir='ltr'>miraculum,</span> <span class='ocrx_word' id='word_1_559' title='bbox 994 2374 1027 2403; x_wconf 90' lang='lat' dir='ltr'>et</span> <span class='ocrx_word' id='word_1_560' title='bbox 1057 2365 1259 2404; x_wconf 85' lang='lat' dir='ltr'>concionem</span> <span class='ocrx_word' id='word_1_561' title='bbox 1282 2371 1306 2399; x_wconf 83' lang='lat' dir='ltr'><strong>A</strong></span> 
     </span>
     <span class='ocr_line' id='line_1_74' title="bbox 273 2425 1258 2475; baseline 0.004 -14"><span class='ocrx_word' id='word_1_562' title='bbox 273 2425 430 2462; x_wconf 77' lang='lat' dir='ltr'>habitam</span> <span class='ocrx_word' id='word_1_563' title='bbox 448 2425 491 2462; x_wconf 89' lang='lat' dir='ltr'>iis</span> <span class='ocrx_word' id='word_1_564' title='bbox 511 2425 571 2475; x_wconf 89' lang='lat' dir='ltr'>qui</span> <span class='ocrx_word' id='word_1_565' title='bbox 594 2425 819 2463; x_wconf 82' lang='lat' dir='ltr'>comederant</span> <span class='ocrx_word' id='word_1_566' title='bbox 837 2441 845 2461; x_wconf 89' lang='lat'>:</span> <span class='ocrx_word' id='word_1_567' title='bbox 863 2426 1001 2464; x_wconf 86' lang='lat' dir='ltr'>etiamsi</span> <span class='ocrx_word' id='word_1_568' title='bbox 1021 2426 1081 2464; x_wconf 90' lang='grc'>1110</span> <span class='ocrx_word' id='word_1_569' title='bbox 1099 2441 1167 2465; x_wconf 85' lang='grc'>11011</span> <span class='ocrx_word' id='word_1_570' title='bbox 1186 2442 1258 2465; x_wconf 86' lang='lat' dir='ltr'>ces-</span> 
     </span>
     <span class='ocr_line' id='line_1_75' title="bbox 272 2486 1259 2537; baseline 0.004 -15"><span class='ocrx_word' id='word_1_571' title='bbox 272 2486 403 2523; x_wconf 74' lang='lat' dir='ltr'>saverit</span> <span class='ocrx_word' id='word_1_572' title='bbox 421 2486 519 2537; x_wconf 72' lang='lat' dir='ltr'>signa</span> <span class='ocrx_word' id='word_1_573' title='bbox 540 2487 651 2524; x_wconf 83' lang='lat' dir='ltr'>facere</span> <span class='ocrx_word' id='word_1_574' title='bbox 670 2496 704 2524; x_wconf 88' lang='lat' dir='ltr'>et</span> <span class='ocrx_word' id='word_1_575' title='bbox 719 2487 934 2537; x_wconf 80' lang='lat' dir='ltr'>concionari,</span> <span class='ocrx_word' id='word_1_576' title='bbox 956 2502 1025 2525; x_wconf 92' lang='lat' dir='ltr'>non</span> <span class='ocrx_word' id='word_1_577' title='bbox 1043 2487 1101 2526; x_wconf 86' lang='lat' dir='ltr'>die</span> <span class='ocrx_word' id='word_1_578' title='bbox 1120 2497 1259 2527; x_wconf 80' lang='lat' dir='ltr'>tantum</span> 
     </span>
     <span class='ocr_line' id='line_1_76' title="bbox 273 2548 1260 2601; baseline 0.006 -19"><span class='ocrx_word' id='word_1_579' title='bbox 273 2555 306 2583; x_wconf 86' lang='lat' dir='ltr'>et</span> <span class='ocrx_word' id='word_1_580' title='bbox 326 2561 484 2598; x_wconf 76' lang='lat' dir='ltr'>vespera,</span> <span class='ocrx_word' id='word_1_581' title='bbox 513 2548 575 2585; x_wconf 87' lang='lat' dir='ltr'>sed</span> <span class='ocrx_word' id='word_1_582' title='bbox 600 2548 705 2585; x_wconf 84' lang='lat' dir='ltr'>etiam</span> <span class='ocrx_word' id='word_1_583' title='bbox 727 2563 819 2600; x_wconf 57' lang='lat' dir='ltr'>saepe</span> <span class='ocrx_word' id='word_1_584' title='bbox 848 2558 961 2586; x_wconf 85' lang='lat' dir='ltr'>nocte.</span> <span class='ocrx_word' id='word_1_585' title='bbox 986 2549 1040 2586; x_wconf 86' lang='lat' dir='ltr'>Ad</span> <span class='ocrx_word' id='word_1_586' title='bbox 1063 2549 1260 2601; x_wconf 79' lang='lat' dir='ltr'>discipulos</span> 
     </span>
     <span class='ocr_line' id='line_1_77' title="bbox 274 2607 1258 2661; baseline 0.006 -18"><span class='ocrx_word' id='word_1_587' title='bbox 274 2607 368 2644; x_wconf 83' lang='lat' dir='ltr'>enim</span> <span class='ocrx_word' id='word_1_588' title='bbox 385 2607 435 2644; x_wconf 90' lang='lat' dir='ltr'>sic</span> <span class='ocrx_word' id='word_1_589' title='bbox 453 2609 616 2656; x_wconf 74' lang='lat' dir='ltr'>advenit,</span> <span class='ocrx_word' id='word_1_590' title='bbox 640 2618 677 2646; x_wconf 90' lang='lat' dir='ltr'>ut</span> <span class='ocrx_word' id='word_1_591' title='bbox 707 2623 827 2647; x_wconf 89' lang='lat' dir='ltr'>omncs</span> <span class='ocrx_word' id='word_1_592' title='bbox 854 2611 1078 2661; x_wconf 74' lang='lat' dir='ltr'>evangelistae</span> <span class='ocrx_word' id='word_1_593' title='bbox 1103 2621 1258 2649; x_wconf 80' lang='lat' dir='ltr'>narrant.</span> 
     </span>
     <span class='ocr_line' id='line_1_78' title="bbox 276 2668 1262 2723; baseline 0.006 -19"><span class='ocrx_word' id='word_1_594' title='bbox 276 2668 348 2704; x_wconf 89' lang='lat' dir='ltr'>Cur</span> <span class='ocrx_word' id='word_1_595' title='bbox 383 2683 465 2719; x_wconf 81' lang='lat' dir='ltr'>ergo</span> <span class='ocrx_word' id='word_1_596' title='bbox 500 2669 590 2707; x_wconf 88' lang='lat' dir='ltr'>illud</span> <span class='ocrx_word' id='word_1_597' title='bbox 621 2670 838 2708; x_wconf 71' lang='lat' dir='ltr'>omiserunt?</span> <span class='ocrx_word' id='word_1_598' title='bbox 872 2670 968 2718; x_wconf 87' lang='lat' dir='ltr'>Quia</span> <span class='ocrx_word' id='word_1_599' title='bbox 1001 2685 1069 2709; x_wconf 90' lang='lat' dir='ltr'>non</span> <span class='ocrx_word' id='word_1_600' title='bbox 1099 2681 1262 2723; x_wconf 80' lang='lat' dir='ltr'>potcrant</span> 
     </span>
     <span class='ocr_line' id='line_1_79' title="bbox 275 2731 1257 2784; baseline 0.004 -17"><span class='ocrx_word' id='word_1_601' title='bbox 275 2731 391 2767; x_wconf 80' lang='lat' dir='ltr'>omnia</span> <span class='ocrx_word' id='word_1_602' title='bbox 412 2746 601 2769; x_wconf 81' lang='lat' dir='ltr'>recensere.</span> <span class='ocrx_word' id='word_1_603' title='bbox 622 2732 787 2782; x_wconf 85' lang='lat' dir='ltr'>Alioquin</span> <span class='ocrx_word' id='word_1_604' title='bbox 808 2732 869 2770; x_wconf 83' lang='lat' dir='ltr'>illa</span> <span class='ocrx_word' id='word_1_605' title='bbox 889 2733 1006 2770; x_wconf 87' lang='lat' dir='ltr'>dicere</span> <span class='ocrx_word' id='word_1_606' title='bbox 1030 2733 1257 2784; x_wconf 87' lang='lat' dir='ltr'>studuerunt,</span> 
     </span>
     <span class='ocr_line' id='line_1_80' title="bbox 275 2791 1261 2844; baseline 0.006 -17"><span class='ocrx_word' id='word_1_607' title='bbox 275 2791 462 2841; x_wconf 79' lang='lat' dir='ltr'>exquibus</span> <span class='ocrx_word' id='word_1_608' title='bbox 479 2792 639 2842; x_wconf 66' lang='lat' dir='ltr'>quzrdam</span> <span class='ocrx_word' id='word_1_609' title='bbox 658 2793 880 2844; x_wconf 77' lang='lat' dir='ltr'>reprehensio</span> <span class='ocrx_word' id='word_1_610' title='bbox 899 2794 956 2832; x_wconf 83' lang='lat' dir='ltr'>vcl</span> <span class='ocrx_word' id='word_1_611' title='bbox 969 2795 1200 2832; x_wconf 82' lang='lat' dir='ltr'>contradictio</span> <span class='ocrx_word' id='word_1_612' title='bbox 1217 2809 1261 2833; x_wconf 80' lang='lat' dir='ltr'>ex</span> 
     </span>
     <span class='ocr_line' id='line_1_81' title="bbox 275 2852 1260 2902; baseline 0.003 -12"><span class='ocrx_word' id='word_1_613' title='bbox 275 2852 411 2890; x_wconf 79' lang='lat' dir='ltr'>Judaeis</span> <span class='ocrx_word' id='word_1_614' title='bbox 432 2862 688 2902; x_wconf 81' lang='lat' dir='ltr'>consequutura</span> <span class='ocrx_word' id='word_1_615' title='bbox 711 2863 794 2891; x_wconf 87' lang='lat' dir='ltr'>erat.</span> <span class='ocrx_word' id='word_1_616' title='bbox 820 2856 937 2893; x_wconf 85' lang='lat' dir='ltr'>Multa</span> <span class='ocrx_word' id='word_1_617' title='bbox 954 2856 1048 2893; x_wconf 88' lang='lat' dir='ltr'>enim</span> <span class='ocrx_word' id='word_1_618' title='bbox 1067 2856 1143 2893; x_wconf 89' lang='lat' dir='ltr'>istis</span> <span class='ocrx_word' id='word_1_619' title='bbox 1163 2855 1260 2894; x_wconf 84' lang='lat' dir='ltr'>simi-</span> 
     </span>
    </p>
   </div>
   <div class='ocr_carea' id='block_1_10' title="bbox 273 2991 1285 3401">
    <p class='ocr_par' dir='ltr' id='par_1_11' title="bbox 273 2991 1285 3401">
     <span class='ocr_line' id='line_1_82' title="bbox 318 2991 1280 3041; baseline 0.004 -16"><span class='ocrx_word' id='word_1_620' title='bbox 318 3004 332 3019; x_wconf 73' lang='lat' dir='ltr'>a</span> <span class='ocrx_word' id='word_1_621' title='bbox 358 2993 419 3025; x_wconf 79' lang='lat' dir='ltr'>llic</span> <span class='ocrx_word' id='word_1_622' title='bbox 435 2993 572 3024; x_wconf 84' lang='lat' dir='ltr'>omuino</span> <span class='ocrx_word' id='word_1_623' title='bbox 590 2991 702 3032; x_wconf 69' lang='lat' dir='ltr'>legisse</span> <span class='ocrx_word' id='word_1_624' title='bbox 719 2995 865 3034; x_wconf 73' lang='lat' dir='ltr'>arguitur</span> <span class='ocrx_word' id='word_1_625' title='bbox 881 2994 1152 3038; x_wconf 73' lang='lat' dir='ltr'>ChrysostomUS,</span> <span class='ocrx_word' id='word_1_626' title='bbox 1173 3000 1204 3030; x_wconf 66' lang='lat' dir='ltr'>o)</span> <span class='ocrx_word' id='word_1_627' title='bbox 1222 3001 1280 3041; x_wconf 74' lang='grc' dir='ltr'>γὰρ</span> 
     </span>
     <span class='ocr_line' id='line_1_83' title="bbox 274 3044 1280 3091; baseline -0.002 -10"><span class='ocrx_word' id='word_1_628' title='bbox 274 3049 350 3091; x_wconf 78' lang='grc' dir='ltr'>εἶχεν</span> <span class='ocrx_word' id='word_1_629' title='bbox 371 3051 500 3086; x_wconf 57' lang='lat' dir='ltr'>§gomez-a</span> <span class='ocrx_word' id='word_1_630' title='bbox 523 3050 551 3078; x_wconf 79' lang='grc' dir='ltr'>ἐν</span> <span class='ocrx_word' id='word_1_631' title='bbox 579 3053 616 3089; x_wconf 75' lang='grc' dir='ltr'>τῇ</span> <span class='ocrx_word' id='word_1_632' title='bbox 641 3044 774 3087; x_wconf 65' lang='grc' dir='ltr'>ἰουῦαἰᾳ,</span> <span class='ocrx_word' id='word_1_633' title='bbox 793 3053 857 3077; x_wconf 86' lang='lat' dir='ltr'>etc.</span> <span class='ocrx_word' id='word_1_634' title='bbox 884 3058 957 3088; x_wconf 79' lang='lat' dir='ltr'>quae</span> <span class='ocrx_word' id='word_1_635' title='bbox 978 3047 1078 3079; x_wconf 73' lang='lat' dir='ltr'>lectio</span> <span class='ocrx_word' id='word_1_636' title='bbox 1103 3060 1120 3079; x_wconf 87' lang='lat' dir='ltr'>a</span> <span class='ocrx_word' id='word_1_637' title='bbox 1145 3047 1280 3079; x_wconf 82' lang='lat' dir='ltr'>librario</span> 
     </span>
     <span class='ocr_line' id='line_1_84' title="bbox 274 3096 1281 3142; baseline 0.002 -12"><span class='ocrx_word' id='word_1_638' title='bbox 274 3106 400 3130; x_wconf 79' lang='lat' dir='ltr'>mutata</span> <span class='ocrx_word' id='word_1_639' title='bbox 416 3097 514 3129; x_wconf 72' lang='lat' dir='ltr'>fuerit</span> <span class='ocrx_word' id='word_1_640' title='bbox 530 3099 562 3129; x_wconf 88' lang='grc'>111</span> <span class='ocrx_word' id='word_1_641' title='bbox 581 3097 688 3128; x_wconf 80' lang='lat' dir='ltr'>titulo.</span> <span class='ocrx_word' id='word_1_642' title='bbox 712 3096 858 3141; x_wconf 75' lang='lat' dir='ltr'>Vulgata</span> <span class='ocrx_word' id='word_1_643' title='bbox 875 3099 970 3140; x_wconf 76' lang='lat' dir='ltr'>olim,</span> <span class='ocrx_word' id='word_1_644' title='bbox 990 3101 1096 3142; x_wconf 80' lang='lat' dir='ltr'>inquit</span> <span class='ocrx_word' id='word_1_645' title='bbox 1111 3101 1184 3133; x_wconf 81' lang='lat' dir='ltr'>Jac.</span> <span class='ocrx_word' id='word_1_646' title='bbox 1203 3099 1281 3132; x_wconf 51' lang='lat' dir='ltr'>Mil-x</span> 
     </span>
     <span class='ocr_line' id='line_1_85' title="bbox 274 3148 1280 3188; baseline 0.002 -6"><span class='ocrx_word' id='word_1_647' title='bbox 274 3150 334 3182; x_wconf 81' lang='lat' dir='ltr'>lius</span> <span class='ocrx_word' id='word_1_648' title='bbox 352 3150 395 3182; x_wconf 82' lang='lat' dir='ltr'>ad</span> <span class='ocrx_word' id='word_1_649' title='bbox 413 3149 499 3181; x_wconf 89' lang='lat' dir='ltr'>hunc</span> <span class='ocrx_word' id='word_1_650' title='bbox 519 3148 646 3188; x_wconf 87' lang='lat' dir='ltr'>locum,</span> <span class='ocrx_word' id='word_1_651' title='bbox 671 3149 746 3180; x_wconf 82' lang='lat' dir='ltr'>Non</span> <span class='ocrx_word' id='word_1_652' title='bbox 762 3148 891 3180; x_wconf 64' lang='lat' dir='ltr'>valebat</span> <span class='ocrx_word' id='word_1_653' title='bbox 904 3172 913 3186; x_wconf 90' lang='lat'>‚</span> <span class='ocrx_word' id='word_1_654' title='bbox 938 3152 985 3180; x_wconf 81' lang='lat' dir='ltr'>uti</span> <span class='ocrx_word' id='word_1_655' title='bbox 1000 3152 1108 3182; x_wconf 71' lang='lat' dir='ltr'>visum</span> <span class='ocrx_word' id='word_1_656' title='bbox 1125 3159 1173 3183; x_wconf 81' lang='lat' dir='ltr'>est</span> <span class='ocrx_word' id='word_1_657' title='bbox 1189 3152 1280 3183; x_wconf 80' lang='lat' dir='ltr'>Era-</span> 
     </span>
     <span class='ocr_line' id='line_1_86' title="bbox 273 3201 1282 3244; baseline 0.001 -11"><span class='ocrx_word' id='word_1_658' title='bbox 273 3213 342 3233; x_wconf 82' lang='lat' dir='ltr'>smo</span> <span class='ocrx_word' id='word_1_659' title='bbox 355 3209 387 3232; x_wconf 82' lang='lat' dir='ltr'>et</span> <span class='ocrx_word' id='word_1_660' title='bbox 403 3201 540 3242; x_wconf 71' lang='lat' dir='ltr'>Dmsio,</span> <span class='ocrx_word' id='word_1_661' title='bbox 555 3211 616 3244; x_wconf 79' lang='lat' dir='ltr'>pro</span> <span class='ocrx_word' id='word_1_662' title='bbox 629 3211 694 3243; x_wconf 76' lang='lat' dir='ltr'>qno</span> <span class='ocrx_word' id='word_1_663' title='bbox 708 3207 834 3241; x_wconf 76' lang='lat' dir='ltr'>postea,</span> <span class='ocrx_word' id='word_1_664' title='bbox 851 3201 927 3232; x_wconf 80' lang='lat' dir='ltr'>Non</span> <span class='ocrx_word' id='word_1_665' title='bbox 946 3201 1102 3234; x_wconf 69' lang='lat' dir='ltr'>xolelmt..</span> <span class='ocrx_word' id='word_1_666' title='bbox 1115 3204 1282 3235; x_wconf 65' lang='grc' dir='ltr'>ΔῘίΤιιΙαίιιιη</span> 
     </span>
     <span class='ocr_line' id='line_1_87' title="bbox 275 3252 1282 3295; baseline 0 -10"><span class='ocrx_word' id='word_1_667' title='bbox 275 3262 382 3285; x_wconf 75' lang='lat' dir='ltr'>autem</span> <span class='ocrx_word' id='word_1_668' title='bbox 403 3255 436 3284; x_wconf 80' lang='lat' dir='ltr'>in</span> <span class='ocrx_word' id='word_1_669' title='bbox 453 3256 502 3287; x_wconf 67' lang='grc' dir='ltr'>οὐκ</span> <span class='ocrx_word' id='word_1_670' title='bbox 520 3256 634 3291; x_wconf 68' lang='grc' dir='ltr'>ἤθελεν,</span> <span class='ocrx_word' id='word_1_671' title='bbox 651 3253 842 3283; x_wconf 63' lang='lat' dir='ltr'>existumant</span> <span class='ocrx_word' id='word_1_672' title='bbox 858 3252 1021 3284; x_wconf 76' lang='lat' dir='ltr'>Erasmus</span> <span class='ocrx_word' id='word_1_673' title='bbox 1039 3261 1068 3284; x_wconf 81' lang='lat' dir='ltr'>eL</span> <span class='ocrx_word' id='word_1_674' title='bbox 1089 3254 1240 3295; x_wconf 75' lang='lat' dir='ltr'>Grotius,</span> <span class='ocrx_word' id='word_1_675' title='bbox 1261 3268 1282 3287; x_wconf 82' lang='grc' dir='ltr'>(ι</span> 
     </span>
     <span class='ocr_line' id='line_1_88' title="bbox 275 3304 1285 3349; baseline 0.004 -14"><span class='ocrx_word' id='word_1_676' title='bbox 275 3306 440 3343; x_wconf 73' lang='lat' dir='ltr'>delicatis,</span> <span class='ocrx_word' id='word_1_677' title='bbox 454 3306 553 3348; x_wconf 75' lang='lat' dir='ltr'>(suasi</span> <span class='ocrx_word' id='word_1_678' title='bbox 566 3304 857 3349; x_wconf 74' lang='lat' dir='ltr'>Clzristipotentioe</span> <span class='ocrx_word' id='word_1_679' title='bbox 869 3304 1169 3348; x_wconf 48' lang='lat' dir='ltr'>injuriam·sice-eret.</span> <span class='ocrx_word' id='word_1_680' title='bbox 1183 3308 1285 3339; x_wconf 84' lang='lat' dir='ltr'>Recte</span> 
     </span>
     <span class='ocr_line' id='line_1_89' title="bbox 276 3356 1284 3401; baseline 0.004 -14"><span class='ocrx_word' id='word_1_681' title='bbox 276 3365 384 3388; x_wconf 78' lang='lat' dir='ltr'>autem</span> <span class='ocrx_word' id='word_1_682' title='bbox 403 3357 524 3398; x_wconf 78' lang='lat' dir='ltr'>probat</span> <span class='ocrx_word' id='word_1_683' title='bbox 548 3357 806 3401; x_wconf 77' lang='lat' dir='ltr'>Chrysostomus</span> <span class='ocrx_word' id='word_1_684' title='bbox 823 3357 855 3389; x_wconf 81' lang='lat' dir='ltr'>id</span> <span class='ocrx_word' id='word_1_685' title='bbox 875 3356 997 3390; x_wconf 76' lang='lat' dir='ltr'>Christi</span> <span class='ocrx_word' id='word_1_686' title='bbox 1015 3358 1199 3400; x_wconf 81' lang='lat' dir='ltr'>potentiam</span> <span class='ocrx_word' id='word_1_687' title='bbox 1219 3371 1284 3391; x_wconf 87' lang='lat' dir='ltr'>non</span> 
     </span>
    </p>
   </div>
   <div class='ocr_carea' id='block_1_11' title="bbox 1327 2365 2355 2909">
    <p class='ocr_par' dir='ltr' id='par_1_12' title="bbox 1327 2365 2355 2909">
     <span class='ocr_line' id='line_1_90' title="bbox 1328 2365 2354 2422; baseline -0.001 -17"><span class='ocrx_word' id='word_1_688' title='bbox 1328 2367 1426 2411; x_wconf 78' lang='grc' dir='ltr'>δαξεν</span> <span class='ocrx_word' id='word_1_689' title='bbox 1446 2370 1541 2418; x_wconf 74' lang='grc' dir='ltr'>ἡμᾶς</span> <span class='ocrx_word' id='word_1_690' title='bbox 1560 2367 1644 2404; x_wconf 72' lang='grc' dir='ltr'>ἄλλο</span> <span class='ocrx_word' id='word_1_691' title='bbox 1666 2383 1717 2414; x_wconf 88' lang='grc' dir='ltr'>τι,</span> <span class='ocrx_word' id='word_1_692' title='bbox 1738 2365 1759 2412; x_wconf 82' lang='grc' dir='ltr'>ἢ</span> <span class='ocrx_word' id='word_1_693' title='bbox 1786 2366 1825 2404; x_wconf 74' lang='grc' dir='ltr'>τὸ</span> <span class='ocrx_word' id='word_1_694' title='bbox 1845 2365 1935 2404; x_wconf 83' lang='grc' dir='ltr'>κατὰ</span> <span class='ocrx_word' id='word_1_695' title='bbox 1958 2365 2036 2409; x_wconf 77' lang='grc' dir='ltr'>τοὺς</span> <span class='ocrx_word' id='word_1_696' title='bbox 2056 2365 2177 2422; x_wconf 78' lang='grc' dir='ltr'>ἄρτους</span> <span class='ocrx_word' id='word_1_697' title='bbox 2198 2372 2354 2417; x_wconf 85' lang='grc' dir='ltr'>σημεῖον,</span> 
     </span>
     <span class='ocr_line' id='line_1_91' title="bbox 1328 2426 2352 2480; baseline 0 -14"><span class='ocrx_word' id='word_1_698' title='bbox 1328 2429 1386 2467; x_wconf 79' lang='grc' dir='ltr'>καὶ</span> <span class='ocrx_word' id='word_1_699' title='bbox 1406 2428 1468 2476; x_wconf 84' lang='grc' dir='ltr'>τὴν</span> <span class='ocrx_word' id='word_1_700' title='bbox 1491 2429 1576 2479; x_wconf 76' lang='grc' dir='ltr'>πρὸς</span> <span class='ocrx_word' id='word_1_701' title='bbox 1604 2427 1681 2471; x_wconf 69' lang='grc' dir='ltr'>τοὺς</span> <span class='ocrx_word' id='word_1_702' title='bbox 1704 2427 1876 2480; x_wconf 82' lang='grc' dir='ltr'>φαγόντας</span> <span class='ocrx_word' id='word_1_703' title='bbox 1908 2426 2095 2479; x_wconf 77' lang='grc' dir='ltr'>γενομένην</span> <span class='ocrx_word' id='word_1_704' title='bbox 2116 2427 2352 2480; x_wconf 81' lang='grc' dir='ltr'>δημηγορίαν·</span> 
     </span>
     <span class='ocr_line' id='line_1_92' title="bbox 1327 2488 2355 2541; baseline -0.001 -12"><span class='ocrx_word' id='word_1_705' title='bbox 1327 2490 1440 2529; x_wconf 87' lang='grc' dir='ltr'>καίτοι</span> <span class='ocrx_word' id='word_1_706' title='bbox 1462 2490 1561 2533; x_wconf 80' lang='grc' dir='ltr'>αὐτὸς</span> <span class='ocrx_word' id='word_1_707' title='bbox 1580 2493 1617 2527; x_wconf 81' lang='grc' dir='ltr'>οὐ</span> <span class='ocrx_word' id='word_1_708' title='bbox 1638 2488 1841 2540; x_wconf 81' lang='grc' dir='ltr'>διελίμπανε</span> <span class='ocrx_word' id='word_1_709' title='bbox 1857 2493 1986 2539; x_wconf 86' lang='grc' dir='ltr'>σημεῖα</span> <span class='ocrx_word' id='word_1_710' title='bbox 2002 2492 2110 2526; x_wconf 75' lang='grc' dir='ltr'>ποιῶν</span> <span class='ocrx_word' id='word_1_711' title='bbox 2125 2489 2184 2526; x_wconf 80' lang='grc' dir='ltr'>καὶ</span> <span class='ocrx_word' id='word_1_712' title='bbox 2200 2489 2355 2541; x_wconf 81' lang='grc' dir='ltr'>διαλεγό-</span> 
     </span>
     <span class='ocr_line' id='line_1_93' title="bbox 1330 2550 2355 2604; baseline -0.001 -14"><span class='ocrx_word' id='word_1_713' title='bbox 1330 2568 1447 2602; x_wconf 82' lang='grc' dir='ltr'>μενος,</span> <span class='ocrx_word' id='word_1_714' title='bbox 1458 2555 1519 2589; x_wconf 81' lang='grc' dir='ltr'>οὐκ</span> <span class='ocrx_word' id='word_1_715' title='bbox 1531 2553 1563 2588; x_wconf 77' lang='grc' dir='ltr'>ἐν</span> <span class='ocrx_word' id='word_1_716' title='bbox 1574 2550 1706 2604; x_wconf 74' lang='grc' dir='ltr'>ἡμέρᾳ,</span> <span class='ocrx_word' id='word_1_717' title='bbox 1722 2552 1782 2588; x_wconf 77' lang='grc' dir='ltr'>οὐκ</span> <span class='ocrx_word' id='word_1_718' title='bbox 1793 2553 1825 2589; x_wconf 78' lang='grc' dir='ltr'>ἐν</span> <span class='ocrx_word' id='word_1_719' title='bbox 1840 2551 1983 2603; x_wconf 80' lang='grc' dir='ltr'>ἑσπέρᾳ,</span> <span class='ocrx_word' id='word_1_720' title='bbox 1996 2551 2162 2595; x_wconf 85' lang='grc' dir='ltr'>πολλάκις</span> <span class='ocrx_word' id='word_1_721' title='bbox 2175 2550 2210 2588; x_wconf 79' lang='grc' dir='ltr'>δὲ</span> <span class='ocrx_word' id='word_1_722' title='bbox 2227 2551 2285 2589; x_wconf 83' lang='grc' dir='ltr'>καὶ</span> <span class='ocrx_word' id='word_1_723' title='bbox 2300 2568 2355 2589; x_wconf 93' lang='grc' dir='ltr'>νυ-</span> 
     </span>
     <span class='ocr_line' id='line_1_94' title="bbox 1328 2611 2355 2666; baseline -0.001 -14"><span class='ocrx_word' id='word_1_724' title='bbox 1328 2612 1418 2657; x_wconf 86' lang='grc' dir='ltr'>κτός.</span> <span class='ocrx_word' id='word_1_725' title='bbox 1432 2614 1515 2656; x_wconf 86' lang='grc' dir='ltr'>Γοῖς</span> <span class='ocrx_word' id='word_1_726' title='bbox 1531 2615 1612 2662; x_wconf 80' lang='grc' dir='ltr'>γουν</span> <span class='ocrx_word' id='word_1_727' title='bbox 1630 2617 1801 2662; x_wconf 81' lang='grc' dir='ltr'>μαθηταῖς</span> <span class='ocrx_word' id='word_1_728' title='bbox 1813 2611 1918 2656; x_wconf 81' lang='grc' dir='ltr'>οὕτως</span> <span class='ocrx_word' id='word_1_729' title='bbox 1933 2613 2059 2659; x_wconf 77' lang='grc' dir='ltr'>επέστη</span> <span class='ocrx_word' id='word_1_730' title='bbox 2070 2629 2134 2658; x_wconf 85' lang='grc' dir='ltr'>,ως</span> <span class='ocrx_word' id='word_1_731' title='bbox 2153 2613 2279 2656; x_wconf 90' lang='grc' dir='ltr'>πάντες</span> <span class='ocrx_word' id='word_1_732' title='bbox 2293 2629 2355 2666; x_wconf 84' lang='grc' dir='ltr'>φα-</span> 
     </span>
     <span class='ocr_line' id='line_1_95' title="bbox 1330 2673 2355 2725; baseline 0 -13"><span class='ocrx_word' id='word_1_733' title='bbox 1330 2691 1381 2713; x_wconf 88' lang='grc' dir='ltr'>σιν</span> <span class='ocrx_word' id='word_1_734' title='bbox 1398 2677 1429 2712; x_wconf 80' lang='grc' dir='ltr'>οἱ</span> <span class='ocrx_word' id='word_1_735' title='bbox 1456 2673 1708 2725; x_wconf 82' lang='grc' dir='ltr'>εὖαγγελισταί.</span> <span class='ocrx_word' id='word_1_736' title='bbox 1724 2673 1771 2711; x_wconf 89' lang='grc' dir='ltr'>Γί</span> <span class='ocrx_word' id='word_1_737' title='bbox 1787 2673 1915 2720; x_wconf 87' lang='grc' dir='ltr'>δήποτε</span> <span class='ocrx_word' id='word_1_738' title='bbox 1937 2678 1993 2712; x_wconf 78' lang='grc' dir='ltr'>οὖν</span> <span class='ocrx_word' id='word_1_739' title='bbox 2013 2673 2241 2725; x_wconf 76' lang='grc' dir='ltr'>παρέλιπον</span> <span class='ocrx_word' id='word_1_740' title='bbox 2226 2680 2355 2721; x_wconf 82' lang='grc' dir='ltr'>εκεῖνο;</span> 
     </span>
     <span class='ocr_line' id='line_1_96' title="bbox 1327 2733 2355 2784; baseline -0.001 -10.981"><span class='ocrx_word' id='word_1_741' title='bbox 1327 2736 1413 2774; x_wconf 65' lang='grc' dir='ltr'>εὈτι</span> <span class='ocrx_word' id='word_1_742' title='bbox 1428 2738 1489 2774; x_wconf 82' lang='grc' dir='ltr'>οὐκ</span> <span class='ocrx_word' id='word_1_743' title='bbox 1500 2737 1577 2780; x_wconf 74' lang='grc' dir='ltr'>ἐνῆν</span> <span class='ocrx_word' id='word_1_744' title='bbox 1590 2733 1727 2771; x_wconf 81' lang='grc' dir='ltr'>ἅπαντα</span> <span class='ocrx_word' id='word_1_745' title='bbox 1741 2734 1956 2784; x_wconf 83' lang='grc' dir='ltr'>καταλέγειν.</span> <span class='ocrx_word' id='word_1_746' title='bbox 1968 2733 2126 2778; x_wconf 50' lang='grc' dir='ltr'>ΗΑλλως</span> <span class='ocrx_word' id='word_1_747' title='bbox 2109 2734 2144 2772; x_wconf 77' lang='grc' dir='ltr'>ὀὲ</span> <span class='ocrx_word' id='word_1_748' title='bbox 2157 2734 2233 2782; x_wconf 83' lang='grc' dir='ltr'>,καὶ</span> <span class='ocrx_word' id='word_1_749' title='bbox 2245 2739 2355 2773; x_wconf 83' lang='grc' dir='ltr'>ταυτα</span> 
     </span>
     <span class='ocr_line' id='line_1_97' title="bbox 1328 2790 2354 2849; baseline -0.001 -13"><span class='ocrx_word' id='word_1_750' title='bbox 1328 2797 1440 2849; x_wconf 82' lang='grc' dir='ltr'>λέγειν</span> <span class='ocrx_word' id='word_1_751' title='bbox 1460 2796 1734 2843; x_wconf 84' lang='grc' dir='ltr'>ἐσπουδάκασιν,</span> <span class='ocrx_word' id='word_1_752' title='bbox 1764 2795 1848 2847; x_wconf 78' lang='grc' dir='ltr'>ὑπὲρ</span> <span class='ocrx_word' id='word_1_753' title='bbox 1869 2790 1953 2841; x_wconf 61' lang='grc' dir='ltr'>31νῆ</span> <span class='ocrx_word' id='word_1_754' title='bbox 1976 2795 2107 2848; x_wconf 79' lang='grc' dir='ltr'>μέμψις</span> <span class='ocrx_word' id='word_1_755' title='bbox 2132 2796 2154 2842; x_wconf 84' lang='grc' dir='ltr'>ἢ</span> <span class='ocrx_word' id='word_1_756' title='bbox 2177 2797 2354 2848; x_wconf 88' lang='grc' dir='ltr'>ἀντιλογία</span> 
     </span>
     <span class='ocr_line' id='line_1_98' title="bbox 1329 2855 2354 2909; baseline -0.002 -13"><span class='ocrx_word' id='word_1_757' title='bbox 1329 2874 1380 2902; x_wconf 86' lang='grc' dir='ltr'>τις</span> <span class='ocrx_word' id='word_1_758' title='bbox 1398 2857 1494 2909; x_wconf 83' lang='grc' dir='ltr'>παρὰ</span> <span class='ocrx_word' id='word_1_759' title='bbox 1508 2859 1575 2894; x_wconf 80' lang='grc' dir='ltr'>τῶν</span> <span class='ocrx_word' id='word_1_760' title='bbox 1591 2855 1790 2894; x_wconf 69' lang='grc' dir='ltr'>ἷιἸουδαίων</span> <span class='ocrx_word' id='word_1_761' title='bbox 1806 2857 1928 2906; x_wconf 82' lang='grc' dir='ltr'>ἔμελλε</span> <span class='ocrx_word' id='word_1_762' title='bbox 1945 2859 2228 2908; x_wconf 74' lang='grc' dir='ltr'>παρακολουθεῖν.</span> <span class='ocrx_word' id='word_1_763' title='bbox 2243 2858 2354 2896; x_wconf 85' lang='grc' dir='ltr'>Ἐκεί-</span> 
     </span>
    </p>
   </div>
   <div class='ocr_carea' id='block_1_12' title="bbox 1347 2989 2356 3347">
    <p class='ocr_par' dir='ltr' id='par_1_13' title="bbox 1347 2989 1477 3023">
     <span class='ocr_line' id='line_1_99' title="bbox 1347 2989 1477 3023; baseline -0.015 0"><span class='ocrx_word' id='word_1_764' title='bbox 1347 2989 1477 3023; x_wconf 73' lang='lat' dir='ltr'>laedere.</span> 
     </span>
    </p>

    <p class='ocr_par' dir='ltr' id='par_1_14' title="bbox 1348 3039 2356 3131">
     <span class='ocr_line' id='line_1_100' title="bbox 1391 3039 2356 3083; baseline 0.002 -11"><span class='ocrx_word' id='word_1_765' title='bbox 1391 3043 1407 3067; x_wconf 86' lang='lat' dir='ltr'>b</span> <span class='ocrx_word' id='word_1_766' title='bbox 1432 3039 1492 3072; x_wconf 84' lang='lat' dir='ltr'>Alii</span> <span class='ocrx_word' id='word_1_767' title='bbox 1519 3044 1570 3074; x_wconf 66' lang='grc' dir='ltr'>οὐκ</span> <span class='ocrx_word' id='word_1_768' title='bbox 1586 3044 1663 3073; x_wconf 75' lang='grc' dir='ltr'>ἔστιν</span> <span class='ocrx_word' id='word_1_769' title='bbox 1684 3044 1858 3081; x_wconf 69' lang='grc' dir='ltr'>αἰνίγματα,</span> <span class='ocrx_word' id='word_1_770' title='bbox 1875 3046 1920 3082; x_wconf 81' lang='grc' dir='ltr'>μὴ</span> <span class='ocrx_word' id='word_1_771' title='bbox 1941 3044 2070 3083; x_wconf 72' lang='grc' dir='ltr'>γένοιτο,</span> <span class='ocrx_word' id='word_1_772' title='bbox 2087 3045 2155 3075; x_wconf 73' lang='grc' dir='ltr'>ἀλλ’</span> <span class='ocrx_word' id='word_1_773' title='bbox 2173 3047 2262 3076; x_wconf 75' lang='grc' dir='ltr'>ἐκεῖνό</span> <span class='ocrx_word' id='word_1_774' title='bbox 2279 3046 2356 3075; x_wconf 74' lang='grc' dir='ltr'>ἐστιν</span> 
     </span>
     <span class='ocr_line' id='line_1_101' title="bbox 1348 3097 1647 3131; baseline -0.023 -2"><span class='ocrx_word' id='word_1_775' title='bbox 1348 3099 1448 3131; x_wconf 79' lang='grc' dir='ltr'>εἰπεῖν,</span> <span class='ocrx_word' id='word_1_776' title='bbox 1469 3098 1514 3127; x_wconf 79' lang='grc' dir='ltr'>ὅτι</span> <span class='ocrx_word' id='word_1_777' title='bbox 1531 3097 1580 3126; x_wconf 76' lang='grc' dir='ltr'>καὶ</span> <span class='ocrx_word' id='word_1_778' title='bbox 1597 3097 1647 3125; x_wconf 76' lang='grc' dir='ltr'>τά.</span> 
     </span>
    </p>

    <p class='ocr_par' dir='ltr' id='par_1_15' title="bbox 1391 3144 1988 3189">
     <span class='ocr_line' id='line_1_102' title="bbox 1391 3144 1988 3189; baseline -0.002 -12"><span class='ocrx_word' id='word_1_779' title='bbox 1391 3156 1404 3170; x_wconf 77' lang='lat'><strong>⁰</strong></span> <span class='ocrx_word' id='word_1_780' title='bbox 1429 3144 1491 3177; x_wconf 82' lang='lat' dir='ltr'>Alii</span> <span class='ocrx_word' id='word_1_781' title='bbox 1507 3150 1601 3179; x_wconf 72' lang='grc' dir='ltr'>τοίνυν</span> <span class='ocrx_word' id='word_1_782' title='bbox 1615 3149 1792 3189; x_wconf 71' lang='grc' dir='ltr'>ἀμφοτέρων</span> <span class='ocrx_word' id='word_1_783' title='bbox 1809 3149 1988 3189; x_wconf 54' lang='grc' dir='ltr'>ἐμφράττει.</span> 
     </span>
    </p>

    <p class='ocr_par' dir='ltr' id='par_1_16' title="bbox 1352 3195 2352 3296">
     <span class='ocr_line' id='line_1_103' title="bbox 1392 3195 2352 3242; baseline 0.002 -13"><span class='ocrx_word' id='word_1_784' title='bbox 1392 3198 1408 3222; x_wconf 85' lang='lat' dir='ltr'>d</span> <span class='ocrx_word' id='word_1_785' title='bbox 1434 3195 1547 3229; x_wconf 82' lang='lat' dir='ltr'>Morel.</span> <span class='ocrx_word' id='word_1_786' title='bbox 1563 3201 1612 3230; x_wconf 80' lang='grc' dir='ltr'>ὅτε</span> <span class='ocrx_word' id='word_1_787' title='bbox 1627 3200 1683 3239; x_wconf 80' lang='grc' dir='ltr'>μὲν</span> <span class='ocrx_word' id='word_1_788' title='bbox 1696 3201 1753 3241; x_wconf 76' lang='grc' dir='ltr'>γὰρ</span> <span class='ocrx_word' id='word_1_789' title='bbox 1767 3200 1932 3238; x_wconf 70' lang='grc' dir='ltr'>καθήμενον</span> <span class='ocrx_word' id='word_1_790' title='bbox 1949 3200 2036 3231; x_wconf 78' lang='grc' dir='ltr'>αὐτὸν</span> <span class='ocrx_word' id='word_1_791' title='bbox 2053 3202 2090 3235; x_wconf 78' lang='grc' dir='ltr'>εἰς</span> <span class='ocrx_word' id='word_1_792' title='bbox 2104 3202 2138 3232; x_wconf 81' lang='grc' dir='ltr'>τὸ</span> <span class='ocrx_word' id='word_1_793' title='bbox 2155 3200 2221 3242; x_wconf 70' lang='grc' dir='ltr'>ὄρος</span> <span class='ocrx_word' id='word_1_794' title='bbox 2235 3199 2352 3236; x_wconf 72' lang='grc' dir='ltr'>ἐδείκνυ,</span> 
     </span>
     <span class='ocr_line' id='line_1_104' title="bbox 1352 3255 1536 3296; baseline -0.005 -7"><span class='ocrx_word' id='word_1_795' title='bbox 1352 3255 1444 3296; x_wconf 64' lang='grc' dir='ltr'>φησὶν,</span> <span class='ocrx_word' id='word_1_796' title='bbox 1458 3255 1491 3288; x_wconf 69' lang='grc' dir='ltr'>ἦν</span> <span class='ocrx_word' id='word_1_797' title='bbox 1508 3255 1536 3288; x_wconf 80' lang='grc' dir='ltr'>ἡ·</span> 
     </span>
    </p>

    <p class='ocr_par' dir='ltr' id='par_1_17' title="bbox 1395 3300 1965 3347">
     <span class='ocr_line' id='line_1_105' title="bbox 1395 3300 1965 3347; baseline 0 -14"><span class='ocrx_word' id='word_1_798' title='bbox 1395 3317 1408 3333; x_wconf 73' lang='lat' dir='ltr'>a</span> <span class='ocrx_word' id='word_1_799' title='bbox 1433 3300 1536 3336; x_wconf 76' lang='lat' dir='ltr'>Savil.</span> <span class='ocrx_word' id='word_1_800' title='bbox 1553 3301 1686 3336; x_wconf 73' lang='grc' dir='ltr'>ἰουδαίων</span> <span class='ocrx_word' id='word_1_801' title='bbox 1702 3304 1965 3347; x_wconf 74' lang='grc' dir='ltr'>παρηκολουθήκει.</span> 
     </span>
    </p>
   </div>
  </div>
 </body>
</html>
