2481 3678
279 188 366 244 2248
725 203 763 232 ε.
801 201 984 233 JoANMS
1021 198 1264 230 cnnrsosr.

273 283 397 334 afficis,
417 283 504 321 dum
524 283 693 322 honorem
712 291 813 321 tuum
845 283 943 321 illius
968 282 1093 320 honori
1116 290 1254 333 antepo-

275 345 330 382 nis
350 361 357 381 τ
377 345 542 396 quodque
562 345 813 396 gravissimum
838 353 902 392 est,
921 344 1037 383 levem
1062 351 1166 396 putas
1184 356 1257 381 esse

275 407 428 458 culpam,
448 407 529 444 licet
553 406 712 444 omnium
739 405 929 444 deterrima
957 405 1014 443 sit.
1038 405 1131 442 Nam
1150 404 1178 442 si
1197 403 1257 441 des

275 467 545 518 eleemosynam,
566 466 595 504 si
625 466 763 517 vigiles,
784 466 813 503 si
838 465 988 517 jejunes,
1008 465 1168 504 omnium
1188 478 1259 502 sce-

274 527 507 565 leratissimus
535 541 582 574 es,
603 527 691 565 dum
720 527 821 564 fratri
849 527 996 566 invideS.
1019 526 1062 564 Id
1091 526 1148 564 vel
1177 525 1260 563 inde

275 598 420 626 constat.
443 589 625 626 Scortatus
646 598 696 627 est
716 589 894 641 quispiam
918 589 1017 641 apud
1035 588 1258 638 Corinthios,

275 649 337 687 sed
362 659 565 687 acccusatus
585 649 654 687 cito
683 650 843 702 resipuit.
873 650 972 689 Abeli
1005 651 1095 688 Ca'i'n
1115 649 1260 699 invidit,

275 720 308 748 et
324 725 520 762 numquam
553 711 760 749 emendatus
779 720 846 760 est3
874 712 936 750 sed.
964 712 1045 749 licet
1069 713 1164 749 Deus
1195 711 1263 763 ipsi

275 773 474 823 frequenter
497 773 565 810 hoc
591 772 691 809 uleus
712 782 934 821 memoraret,
956 773 1018 810 ille
1033 772 1145 823 magis
1165 772 1261 809 intu-

276 836 509 881 inescebat‚et
521 834 568 873 ad
587 835 719 873 caedem
739 835 968 887 properabat:
986 835 1034 872 ita
1053 834 1121 872 hoc
1133 834 1264 872 vitium

275 897 337 943 jllo
367 897 492 935 fortius
507 906 573 945 est⁷
586 910 695 947 neque
715 896 817 934 facile
848 895 1087 941 curam-,nisi
1106 894 1264 932 attenda-

275 957 564 996 111115.Radicitus
589 972 672 1009 ergo
699 957 817 1009 ipsum
830 958 1038 1001 evellamus,
1058 956 1148 994 illud
1172 957 1267 1007 cogi-

276 1029 402 1067 tantes,
416 1034 478 1057 nos
491 1028 530 1057 ut
542 1021 659 1057 Deum
672 1017 898 1066 ostendimus,
906 1017 993 1055 dum
1000 1018 1152 1055 aliorum
1165 1017 1268 1055 bonis

276 1080 492 1127 invidemus,
509 1080 557 1117 ita
577 1080 755 1131 placemus
779 1079 859 1130 ipsi,
874 1092 955 1115 cum
968 1077 1267 1128 congratulamur,

278 1151 309 1179 et
325 1142 370 1179 ita
389 1150 566 1178 consortes
581 1139 758 1177 efficimur
774 1139 949 1176 bonorum
967 1151 1047 1187 quae
1073 1146 1164 1174 reete
1183 1150 1269 1188 ope*—

280 1202 370 1241 ranti
386 1211 508 1254 parata
528 1209 621 1238 sunt.
642 1199 727 1237 Ideo
747 1199 880 1236 Paulus
898 1198 1074 1247 hortatur,
1092 1198 1271 1236 Gaudere

280 1278 365 1302 cum
397 1263 675 1315 gaudentibus,
699 1268 734 1297 et
747 1259 852 1313 flere
888 1273 975 1297 cum
994 1259 1206 1313 flerztibzc55
1229 1268 1270 1296 ut

280 1338 449 1375 magnum
464 1323 629 1373 utrinque
648 1322 789 1359 lucrum
809 1329 1041 1373 reportemus.
1068 1320 1270 1369 Cogitantes

280 1386 402 1437 igitur,
439 1385 502 1423 etsi
530 1398 599 1421 non
631 1383 845 1430 laboremus,
873 1382 903 1419 si
929 1395 1011 1433 erga
1049 1381 1271 1419 laborantem

281 1456 372 1484 recte
392 1445 605 1495 afficiamur,
630 1443 726 1481 illius
755 1457 819 1481 nos
847 1456 1057 1480 coronarum
1080 1441 1271 1494 participes

282 1508 388 1557 effici,
411 1507 564 1545 livorem
592 1519 732 1543 omnem
751 1504 950 1556 ejiciamus,
972 1512 1005 1541 et
1034 1503 1214 1541 caritatem
1234 1504 1270 1542 in

283 1568 411 1606 animis
430 1567 559 1605 nostris
579 1567 794 1614 inseramus,
818 1573 857 1601 ut
876 1564 963 1602 dum
981 1563 1153 1601 fratribus
1180 1579 1270 1616 prae·

285 1631 378 1668 clare
416 1628 601 1681 agentibus
628 1626 846 1678 plaudimus,
868 1634 901 1662 et
931 1625 1119 1677 praesentia
1144 1634 1178 1662 et
1212 1626 1269 1662 fu-

285 1701 365 1729 tura
389 1703 642 1740 consequamur
656 1689 762 1735 bona,
779 1687 893 1739 gratia
917 1696 950 1724 et
964 1686 1181 1737 benignitate
1201 1687 1272 1724 Do-

288 1752 373 1790 mini
394 1751 503 1789 nostri
533 1752 616 1790 Jesu
643 1749 788 1798 Christi,
808 1763 870 1800 per
891 1762 996 1799 quem
1022 1756 1054 1785 et
1091 1761 1173 1785 cum
1204 1762 1273 1799 quo

288 1813 384 1851 Patri
414 1812 545 1864 gloria,
578 1823 718 1861 unaque
754 1809 905 1862 Spiritui
941 1818 1076 1859 sancto,
1109 1823 1204 1848 nunc
1240 1818 1275 1848 et

289 1888 439 1926 semper,
459 1882 493 1911 et
515 1873 551 1910 in
579 1871 704 1909 saecula
734 1870 959 1909 saeculorum.
985 1871 1106 1907 Amen.

77 1202 167 1231 Rom.
198 1213 241 1232 12,

83 1245 128 1273 15.
1294 1253 1320 1283 D

337 2193 352 2217 h
374 2191 434 2223 Alii
451 2194 568 2229 Παῦλος
586 2195 660 2233 λέγει
677 2195 802 2235 χαίρειν.

1308 200 1523 228 auertit-11³.

1562 199 1920 229 CONSTANTQOP.

1333 283 1459 320 ἐκεῖνον
1480 280 1627 333 ὓῧρίζεις
1638 309 1647 327 ,
1663 280 1726 328 τὴν
1747 285 1871 320 σαυτοῦ
1891 281 1995 332 τιμὴν
2010 283 2071 327 τῆς
2088 281 2215 320 ἐκείνου
2230 298 2349 336 προτι-

1334 341 1412 385 θείς.
1433 342 1501 380 Καὶ
1520 341 1560 379 τὸ
1580 341 1620 387 δὴ
1642 341 1779 379 πάντων
1799 342 2057 394 χαλεπώτερον,
2077 341 2130 380 ὅτι
2160 342 2219 380 καὶ
2247 343 2349 380 ἀδιά·

1335 419 1435 457 φορόν
1457 404 1602 441 δοκεῖτὸ
1621 403 1815 455 ἁμάρτημα
1835 397 1940 451 εἶναι,
1959 402 2074 441 καίτοι
2092 419 2131 454 γε
2148 405 2217 440 τῶν
2238 404 2352 441 ἄλλων

1335 464 1407 504 ἐστὶ
1433 463 1691 518 χαλεπώτερον.
1717 462 1791 501 Κᾶν
1818 463 1886 516 γὰρ
1914 465 2034 515 ἐλεῇς,
2060 463 2124 501 κᾶν
2152 467 2352 516 ἀγρυπνῇς,

1336 525 1399 565 κᾶν
1421 524 1605 576 νηστεύῃς,
1634 523 1796 562 ἁπάντων
1813 523 2032 575 ἐναγέστερος
2050 524 2192 575 γέγονας
2223 527 2354 576 φθονῶν

1337 590 1387 639 τῷ
1407 587 1556 639 ἀδελφῷ.
1579 585 1649 623 Καὶ
1676 589 1776 622 τοῦτο
1796 585 1898 629 δῆλον
1918 586 2056 622 ἐκεῖθεν.
2075 584 2288 637 Ἔπόρνευσέ
2304 600 2356 627 τις

1338 644 1435 697 παρὰ
1455 642 1647 695 Κορινθίοις
1678 642 1783 680 ποτέ·
1808 643 1883 680 ἀλλ’
1908 642 2074 689 ἐνεκλήθη
2095 643 2155 680 καὶ
2175 641 2354 693 διωρθώθη

1337 705 1484 758 ταχέως.
1505 705 1699 756 Ἐφθόνησε
1727 707 1776 756 τῷ
1790 704 1894 742 ”Max
1908 707 1925 741 ὃ
1942 705 2042 751 Κάϊν,
2063 706 2140 742 ἀλλ’
2163 706 2224 741 οὐκ
2241 707 2356 756 ἐθερα-

1339 767 1465 814 πεύθη,
1487 765 1576 804 ἀλλὰ
1601 765 1659 802 καὶ
1687 769 1746 802 τοῦ
1774 768 1864 803 Θεοῦ
1881 768 2032 817 συνεχῶς
2051 765 2234 816 ἐπάδοντος
2255 767 2356 803 αὐτοῦ

1338 831 1388 881 τῷ
1419 827 1535 873 ἕλκει,
1565 828 1696 877 μᾶλλον
1716 826 1816 864 ὤδινε
1835 826 1895 864 καὶ
1923 829 2156 877 ἐκυματοῦτο,
2186 826 2244 864 καὶ
2274 826 2359 877 πρὸς

1340 889 1397 927 τὸν
1417 888 1516 940 φόνον
1536 887 1711 938 ἠπείγετο.
1737 887 1842 925 Οὕτω
1863 891 1964 926 τοῦτο
1993 887 2122 925 ἐκείνου
2146 890 2205 925 τοῦ
2231 886 2360 930 πάθους

1341 949 1600 1001 χαλεπώτερον,
1629 949 1687 986 καὶ
1717 951 1778 986 οὐκ
1802 948 1951 991 εὐκόλως
1983 948 2068 986 εἴκει
2098 952 2140 999 τῇ
2173 947 2360 1001 θεραπείᾳ,

1342 1010 1401 1048 ἐὰν
1422 1009 1470 1061 μη
1490 1009 1731 1063 προσέχωμεν.
1753 1009 1942 1062 Πρόρῤιζον
1964 1009 2075 1047 τοίνυν
2096 1009 2177 1046 αὐτὸ
2192 1008 2359 1046 πάντοθεν

1343 1070 1613 1120 ἀνασπάσωμεν,
1645 1071 1753 1108 ἐκεῖνο
1785 1071 1997 1115 ἐννοοῦντες,
2027 1071 2079 1108 ὅτι
2106 1069 2225 1123 ὥσπερ
2250 1085 2361 1122 προσ-

1343 1130 1510 1182 κρούομεν
1530 1132 1580 1180 τῷ
1602 1132 1697 1181 Θεῷ,
1720 1130 1907 1180 τηκόμενοι
1925 1136 1995 1174 τοῖς
2015 1131 2208 1182 ἀλλοτρίοις
2223 1133 2340 1174 καλοῖς
2353 1160 2362 1178 ,

1344 1191 1451 1233 οὕτως
1491 1191 1740 1240 εὐδοκιμοῦμεν
1784 1191 2041 1243 συγχαίροντες,
2076 1192 2135 1230 καὶ
2183 1192 2364 1235 κοινωνοὺς

1346 1249 1488 1294 ἑαυτοὺς
1514 1254 1679 1300 ποιοῦμεν
1705 1253 1772 1288 τῶν
1791 1251 2030 1302 ἀποκειμένων
2059 1255 2109 1305 τῷ
2141 1257 2365 1304 κατορθοῦντι

1345 1314 1474 1351 καλῶν.
1510 1311 1578 1350 Διὰ
1604 1316 1706 1350 τοῦτο
1735 1313 1794 1350 καὶ
1827 1312 1991 1357 ι’Παῦλος
2013 1321 2186 1367 παραινεῖ,
2221 1314 2365 1366 Χαίρειν

1347 1374 1435 1425 μετὰ
1468 1373 1674 1426 χαιρόντων,
1703 1374 1763 1412 καὶ
1795 1373 1929 1412 κλαίειν
1960 1375 2049 1425 μετὰ
2076 1375 2278 1424 κλαιόντων,
2309 1375 2366 1414 ἵνα

1346 1435 1557 1488 ἑκατέρωθεν
1578 1435 1668 1487 μέγα
1685 1435 1954 1487 καρπωσώμεθα
1972 1436 2101 1488 κέρδος.
2119 1437 2368 1484 Ἔννοήσαντες

1345 1497 1471 1542 τοίνυν,
1487 1496 1539 1534 ὅτι
1555 1496 1618 1535 κᾶν
1638 1495 1686 1547 μὴ
1703 1498 1874 1546 πονῶμεν,
1897 1500 1946 1549 τῷ
1959 1503 2117 1536 πονοῦντι
2131 1498 2365 1548 συνηδόμενοι,

1348 1557 1508 1609 μερισταὶ
1552 1556 1717 1608 γινόμεθα
1755 1560 1824 1594 τῶν
1856 1557 1986 1596 ἐκείνου
2023 1558 2212 1610 στεφάνων,
2251 1566 2366 1597 πᾶσαν

1347 1619 1550 1669 ἓκὸάλωμεν
1576 1618 1781 1670 βασκανίαν,
1800 1619 1859 1657 καὶ
1885 1619 1948 1666 τὴν
1969 1619 2108 1670 ἀγάπην
2129 1622 2164 1658 ἐν
2187 1627 2262 1665 ταῖς
2282 1624 2367 1659 ἑαυ-

1346 1684 1415 1719 τῶν
1447 1680 1670 1732 φυτεύσωμεν
1698 1682 1845 1732 ψυχαῖς,
1876 1681 1932 1719 ἵνα
1963 1681 2258 1733 ἀσυγκροτοῦντες
2290 1682 2369 1726 τοὺς

1349 1742 1613 1791 εὐδοκιμοῦντας
1632 1744 1701 1779 τῶν
1729 1742 1899 1794 ἀδελφῶν,
1927 1742 1986 1779 καὶ
2012 1745 2081 1779 τῶν
2102 1742 2283 1794 παρόντων
2309 1744 2369 1782 καὶ

1348 1804 1416 1840 τῶν
1437 1802 1632 1852 μελλόντων
1662 1801 1884 1854 ἓπιτύχωμεν
1908 1804 2058 1853 ἀγαθῶν,
2077 1803 2198 1856 χάριτι
2228 1804 2286 1843 καὶ
2313 1822 2365 1857 φι-

1349 1862 1552 1915 λανθρωπίᾳ
1580 1868 1640 1902 τοῦ
1658 1863 1787 1914 Κυρίου
1811 1865 1911 1913 ἡμῶν
1936 1863 2054 1910 Ἰησοῦ
2072 1866 2244 1917 Χριστοῦ,
2264 1868 2307 1904 δι’
2327 1861 2365 1905 οῦ

1351 1925 1409 1963 καὶ
1441 1927 1515 1975 μεθ’
1548 1918 1585 1962 οῦ
1610 1927 1659 1977 τῷ
1686 1925 1803 1978 Πατρὶ
1823 1928 1844 1971 ἡ
1862 1924 1962 1973 δόξα,
1981 1925 2055 1977 ἅμα
2073 1929 2123 1979 τῷ
2151 1927 2237 1979 ἁγίῳ
2258 1928 2368 1966 Πνεύ-

1352 2001 1458 2036 ματι,
1483 1989 1540 2024 νῦν
1570 1984 1629 2023 καὶ
1645 1984 1718 2032 ἀεὶ,
1738 1985 1797 2024 καὶ
1817 1988 1864 2029 εἷς
1886 1985 1964 2030 τοὺς
1984 1989 2110 2032 αἰῶνας
2131 1991 2200 2026 τῶν
2221 1987 2367 2027 αἰώνων.

1350 2047 1384 2086 Ἀ
1390 2046 1437 2097 μή
1441 2062 1468 2085 ν.

1410 2195 1422 2209 c
1439 2182 1584 2225 Quidam
1604 2188 1841 2230 συγκρατοῦντες.

1293 2443 1339 2468 216

559 2451 770 2490 HOMILIA
798 2448 1012 2488 XXXVIII.
1305 2481 1330 2510 A

299 2578 358 2613 14.
382 2578 524 2613 Postea
543 2578 689 2613 invenit
708 2587 794 2612 eum
813 2574 926 2611 Jesus
946 2574 988 2609 in
1007 2571 1160 2622 templa,
1171 2577 1206 2607 et
1224 2569 1281 2606 di-

350 2641 406 2675 xit
428 2641 463 2674 ei
485 2653 494 2673 .-
516 2639 618 2675 Ecce
637 2636 898 2687 sanussactus
917 2647 972 2678 es;
988 2634 1076 2685 jam
1097 2631 1178 2669 noli
1194 2643 1281 2683 pec-

352 2712 453 2745 care,
478 2712 524 2735 ne
539 2699 702 2735 deterius
718 2695 872 2748 aliquid
887 2696 957 2732 tibi
973 2695 1187 2745 contingat.

356 2823 390 2857 1.
421 2821 488 2856 Res
508 2819 625 2869 gravis
647 2827 829 2870 peccatum
854 2826 917 2867 est,
933 2830 988 2854 res
1007 2824 1099 2853 certe
1114 2814 1233 2868 gravis
1252 2823 1286 2852 et

303 2884 427 2922 animae
438 2882 609 2935 pernicies
623 2897 632 2929 ;
646 2881 693 2918 ita
713 2889 752 2918 ut
767 2895 812 2918 cx
826 2878 1060 2918 redundantia
1074 2888 1166 2930 saepe
1181 2877 1287 2915 etiam

303 2959 449 2997 corpora
470 2942 586 2981 laedat.
607 2941 699 2987 Quia
719 2941 812 2978 enim
832 2950 869 2977 ut
885 2940 1081 2992 plurimum
1098 2947 1288 2990 :egrotante

304 3007 433 3055 anima,
448 3004 546 3043 nullo
565 3001 742 3040 afficimur
758 3000 898 3049 dolore;
923 3000 951 3037 si
966 3014 1050 3039 vero
1063 3014 1191 3052 corpus
1206 3009 1286 3037 tan-

306 3068 424 3105 tillum
435 3066 582 3113 laboret,
590 3076 728 3102 omnem
742 3061 953 3098 adhibemus
967 3075 1109 3113 operam
1121 3068 1161 3098 ut
1172 3060 1290 3112 ipsum

307 3129 351 3166 ab
379 3126 583 3166 infirmitate
612 3124 814 3170 liberemus,
834 3135 873 3158 eo
903 3121 1000 3171 quod
1027 3121 1127 3158 illam
1157 3120 1287 3158 sentia-
1316 3132 1338 3162 Β

142 3208 217 3233 licus
232 3215 292 3231 cor-
308 3204 386 3227 mus
397 3205 408 3239 3
427 3187 504 3226 ideo
520 3187 616 3224 Deus
636 3197 763 3236 corpus
781 3181 929 3232 castigat
947 3181 992 3218 ob
1011 3181 1136 3218 animae
1162 3194 1287 3232 pccca-

110 3258 161 3315 l‘j*
180 3247 293 3292 ⁰³⁵¹,³7⁴³‘
310 3261 355 3296 ta,
377 3259 412 3288 ut
430 3246 604 3286 inferioris
623 3244 733 3297 partis
746 3241 986 3293 castigatione,
1000 3241 1171 3292 superiori
1189 3241 1287 3278 vale-

110 3301 124 3314 (ι
139 3301 145 3314 )
197 3297 296 3315 :immin

111 3334 235 3366 peccata.

358 3390 367 3402 a
390 3376 489 3410 Saffss,
510 3381 593 3410 OEJYO,
614 3378 659 3408 ῧῖὰ
678 3382 764 3408 *FT-AT?
782 3378 840 3406 καὶ.
861 3369 948 3403 Ibld.
966 3366 1079 3401 Morel.
1101 3372 1217 3407 1025}ss
1234 3371 1359 3409 μᾶλλον,

1739 2447 1917 2485 ΟΜΙΛΙΑ
1944 2445 2011 2493 λη’.

1354 2568 1456 2607 Μετὰ
1485 2573 1593 2607 ταῦτα
1627 2568 1778 2620 εὑρίσκει
1806 2568 1908 2606 αὐτὸν
1930 2571 1948 2606 ὁ
1971 2568 2104 2615 Ἰησοῦς
2127 2571 2161 2608 ἐν
2188 2573 2237 2623 τῷ
2271 2572 2373 2623 ἱερῷ,

1407 2629 1466 2667 καὶ
1482 2623 1577 2667 εἶπεν
1598 2630 1693 2680 αὐτῷ
1709 2644 1716 2652 ·
1735 2629 1783 2666 ἴδε
1806 2629 1905 2680 ὑγιὴς
1930 2629 2072 2681 γέγονας
2085 2647 2092 2654 ·
2115 2631 2242 2681 μηκέτι
2262 2632 2374 2684 ἁμάρ-

1407 2706 1486 2728 τανε
1499 2718 1508 2736 ,
1526 2690 1582 2728 ἵνα
1603 2689 1651 2740 μὴ
1671 2689 1787 2741 χεῖρόν
1807 2706 1840 2727 τι
1860 2706 1912 2729 σοι
1928 2691 2082 2742 γένηται.

1410 2812 1528 2851 Δεινὸν
1552 2817 1573 2860 ἡ
1595 2812 1751 2866 ἁμαρτία
1766 2843 1775 2859 ,
1797 2813 1905 2850 δεινὸν
1932 2813 1991 2851 καὶ
2015 2815 2130 2865 ψυχῆς
2152 2813 2246 2865 λύμη
2261 2830 2268 2837 ·
2289 2817 2377 2853 πολ-

1357 2872 1457 2915 λάκις
1474 2872 1509 2910 δὲ
1525 2874 1563 2910 ἐκ
1582 2871 1780 2924 περιουσίας
1808 2872 1866 2910 καὶ
1884 2873 2056 2922 σωμάτων
2070 2873 2185 2925 ἥψατο
2213 2874 2252 2912 τὸ
2271 2875 2377 2914 κακὸν

1359 2933 1590 2986 ὒπερὸλύσαν.
1613 2933 1759 2980 Ἐπειδὴ
1785 2933 1852 2985 γὰρ
1875 2933 1920 2971 τὰ
1947 2933 2061 2972 πολλὰ
2089 2938 2150 2982 τῆς
2177 2934 2239 2986 μὲν
2265 2939 2379 2989 ψυχῆς

1360 2999 1444 3047 ἡμῖν
1475 2995 1695 3046 καμνούσης,
1726 2995 1929 3047 ἀναλγήτ(ι)ς
1959 2995 2108 3047 ἔχομεν’
2139 2997 2178 3035 τὸ
2212 2997 2247 3036 δὲ
2276 3000 2379 3049 σῶμα

1362 3057 1426 3094 κᾶν
1453 3056 1580 3109 μικρὰν
1607 3055 1743 3102 δέξηται
1765 3055 1911 3106 βλάὸην,
1926 3063 2043 3094 πᾶσαν
2058 3057 2248 3108 ποιούμεθα
2269 3074 2379 3097 σπου-

1363 3118 1437 3167 δὴν,
1455 3117 1547 3156 ὥστε
1571 3119 1798 3170 ἐλευθερῶσαι
1818 3120 1880 3163 τῆς
1903 3118 2097 3170 ἀρρωστίας
2115 3122 2130 3138 ³
2144 3119 2244 3166 αὐτὸ,
2267 3119 2323 3158 διὰ
2341 3120 2381 3157 τὸ

1363 3184 1424 3227 τῆς
1452 3179 1646 3232 ἀῤῥωστίας
1679 3177 1916 3217 αἰσθάνεσθαι·
1948 3179 2004 3217 διὰ
2037 3184 2137 3218 τοῦτο
2166 3179 2224 3217 καὶ
2250 3182 2267 3217 ὃ
2292 3181 2381 3224 Θεὸς

1366 3244 1465 3278 τοῦτο
1495 3239 1633 3284 κολάζει
1655 3238 1822 3282 πολλάκις
1842 3239 1928 3289 ὑπὲρ
1948 3242 2015 3278 τῶν
2034 3239 2144 3291 ἐκείνῃ
2165 3242 2380 3292 πεπλημμε-
