2481 3678
778 162 819 190 [N
856 161 1067 192 JOANNEM
1104 161 1260 193 norun.
1303 164 1349 194 u.
1388 150 1450 194 al.
1492 167 1522 194 1.
2163 178 2192 222 9

114 258 174 290 της
198 242 317 286 πενίας
331 239 408 290 ἦν),
427 243 533 285 οὕτως
552 241 712 280 ἐκάλεσεν
734 245 752 279 6
774 242 934 294 Χριστός.
965 241 1135 286 Παιδείας

116 300 150 340 δὲ
165 301 278 340 ἕνεκεν
300 305 361 348 τῆς
382 300 551 348 ἔξωθεν,
533 312 606 338 εστι
626 299 687 351 μὲν
709 300 769 338 καὶ
795 303 832 338 ἐκ
844 300 972 338 τούτων
1001 304 1133 351 μαθεῖν,

1208 243 1414 282 illiteratum
1443 245 1573 294 suisse3
1593 255 1626 283 et
1648 248 1730 298 jule
1761 248 1918 298 quidem
1950 252 2039 291 Nam
2059 256 2118 304 qui
2144 256 2190 293 ita
2263 264 2390 291 suanum

1207 317 1342 355 pauper
1365 314 1465 355 erat,
1488 314 1527 343 ut
1546 319 1656 357 neque
1675 308 1728 344 soi
1733 322 1790 345 um
1810 308 1948 359 adiret,
1973 325 2081 379 neque
2110 305 2392 373 ςιιιῐιᾟξᾞωῑᾞ

113 361 165 399 ὅτι
185 363 253 400 οὐδ’
280 364 390 400 ὁτιοῦν
412 364 504 414 αὐτῷ
503 365 640 438 <’,μετ’-ῆν.
659 360 791 406 Ἄλλως
818 361 854 400 δὲ
882 378 942 400 και
962 365 979 400 6
999 364 1134 406 Λουκᾶς
1159 378 1183 408 Ε
1207 363 1362 402 honestis
1376 365 1515 405 civibus
1530 377 1744 419 versaretur,
1766 368 1826 407 sed
1842 384 1923 408 cum
1942 372 2026 410 solis
2042 374 2191 425 piscium
2206 356 2370 413 iilugraius.

1206 426 1427 478 cauponibus
1457 437 1490 466 et
1515 430 1660 480 coquis,
1682 445 1751 481 qua
1781 431 1815 469 in
1846 446 1883 470 re
1910 433 1993 471 seris
2018 444 2051 472 et
2081 436 2195 474 brutis

1206 487 1365 538 praeferri
1385 489 1568 540 potuerit?
1595 492 1772 541 quomodo
1803 506 1872 530 non
1902 494 2055 545 piscium
2086 496 2196 534 instar

1206 558 1326 587 mutus
1347 550 1485 588 fuerit?
1506 551 1573 589 Hic
1593 562 1708 591 tamen
1728 554 1903 606 piscator,
1924 556 1985 606 qui
2005 557 2095 595 circa
2125 568 2194 595 sta-

1206 622 1287 660 gna,
1306 611 1393 649 retia
1411 621 1444 649 et
1463 612 1575 664 pisces
1593 615 1824 665 versabatur,
1845 630 1887 654 ex
1909 617 2102 656 Bethsaida
2118 620 2195 657 Ga-

1166 701 1181 725 3
1204 670 1316 722 lilaeae,
1336 682 1435 724 patre
1450 674 1626 726 piscatore
1644 690 1811 728 paupere,
1830 686 1988 716 extrema
2008 679 2126 731 inopia
2146 680 2196 717 la-

1160 737 1185 766 Α
1205 732 1366 784 homme,
1384 735 1447 785 qui
1467 735 1567 774 rudis
1589 746 1662 774 erat
1686 747 1719 775 et
1747 752 1884 777 summe
1904 739 2089 792 imperitus
2104 771 2113 789 ‚
2134 743 2193 791 qui

1205 794 1326 834 literas
1345 810 1409 834 nec
1424 806 1518 848 ante,
1537 812 1601 836 nec
1620 807 1809 850 postquam
1826 800 1968 838 Christo
1987 801 2101 850 haesit,
2121 803 2195 840 edi-

1204 854 1315 905 dicit,
1333 856 1518 895 videamus
1537 859 1625 909 quid
1651 860 1816 911 loquatur
1829 891 1838 909 ,
1864 871 1897 899 et
1915 862 2047 912 quihus
2074 862 2119 900 de
2137 876 2194 900 re-

1205 917 1273 955 bus
1298 917 1476 957 edisserat.
1500 920 1596 958 Num
1612 919 1658 958 de
1687 922 1803 973 agris,
1822 922 1867 960 de
1886 923 2098 961 fluminibus
2114 954 2123 972 ‚
2153 924 2197 961 de

1204 977 1358 1029 piscium
1374 981 1612 1019 commercio?
1632 982 1716 1020 ‘talia
1736 984 1831 1021 enim
1847 985 2005 1023 fortassis
2021 999 2065 1023 ex
2083 985 2195 1037 pisca-

1204 1048 1279 1078 tore
1307 1040 1433 1080 audire
1459 1042 1539 1093 quis
1568 1053 1756 1095 exspectet.
1778 1047 1917 1083 Verum
1946 1060 1989 1083 ne
2018 1045 2194 1093 timeatis;

1203 1100 1296 1138 nihil
1314 1102 1448 1154 quippe
1477 1103 1684 1156 hujusmodi
1713 1105 1926 1156 audiemu53
1956 1106 2017 1145 sed
2045 1107 2195 1145 caelestia

1201 1171 1356 1214 tantum,
1369 1174 1403 1202 et
1416 1180 1494 1216 quae
1510 1180 1612 1204 nemo
1627 1167 1796 1206 hactenus
1812 1169 2067 1207 edidicit.Tam
2084 1168 2195 1207 subli-

1202 1224 1273 1261 mia
1293 1225 1386 1262 enim
1406 1225 1593 1277 dogmata,
1616 1237 1689 1265 tam
1707 1229 1920 1280 praeclarum
1949 1230 2030 1268 vitae
2052 1230 2195 1267 institu-

1201 1293 1293 1335 tum,
1312 1294 1515 1337 tantamque
1530 1286 1794 1340 philosophiam
1810 1290 1914 1328 nohis
1930 1290 2065 1339 afferet,
2085 1304 2195 1340 quan-

1201 1354 1273 1383 tam
1292 1361 1356 1397 par
1371 1356 1422 1384 est
1447 1361 1552 1396 eum,
1575 1349 1636 1398 qui
1659 1363 1704 1387 ex
1730 1349 1905 1388 thesauris
1927 1350 2083 1402 Spiritus
2106 1351 2195 1388 hau-

1199 1405 1265 1453 sit;
1280 1415 1460 1456 tamquam
1474 1407 1580 1445 modo
1594 1422 1638 1445 ex
1653 1409 1738 1446 caelo
1749 1409 1987 1460 descenderit3
2001 1411 2073 1449 imo
2083 1426 2195 1463 neque

1199 1478 1320 1503 omnes
1338 1466 1401 1516 qui
1416 1467 1454 1504 in
1471 1468 1554 1505 caelo
1571 1477 1669 1505 erant
1684 1469 1759 1506 haec
1773 1469 1919 1508 scivisse
1935 1471 2116 1509 versimile
2129 1482 2192 1521 est,

1201 1535 1239 1564 ut
1255 1527 1332 1578 jam
1359 1527 1452 1565 dixi.
1472 1528 1661 1580 Haeccine‚
1681 1544 1799 1581 quaeso
1813 1561 1823 1580 ,
1846 1531 2034 1583 piscatoris
2064 1534 2194 1570 erant?

1198 1602 1244 1626 an
1266 1589 1416 1627 rhetoris
1429 1590 1447 1627 Ξ)
1465 1604 1509 1628 an
1530 1591 1698 1642 sophistae
1723 1593 1780 1631 vel
1798 1593 2037 1646 philosophi?
2061 1609 2105 1633 an
2126 1609 2191 1632 cu-

1192 1649 1351 1701 juspiam
1385 1659 1529 1689 externa
1558 1651 1620 1690 illa
1654 1652 1784 1691 imbuti
1814 1654 2015 1706 sapientia?
2046 1657 2192 1706 Nequa—

1197 1723 1317 1759 quam.
1333 1712 1455 1761 Neque
1470 1711 1565 1749 enim
1585 1712 1751 1751 humanae
1768 1715 1897 1752 mentis
1916 1730 2062 1768 prorsus
2083 1725 2134 1754 est
2150 1716 2193 1755 de

1198 1770 1391 1808 immortali
1419 1771 1481 1809 illa
1503 1781 1537 1809 ct
1558 1772 1661 1811 beata
1689 1784 1816 1814 natura
1846 1775 1895 1813 ita
1923 1776 2192 1829 philosophari,

1197 1845 1309 1882 neque
1323 1832 1367 1870 de
1384 1833 1620 1884 potestatibus
1640 1849 1718 1885 quae
1738 1845 1818 1888 post
1843 1836 1944 1874 illam
1960 1847 2055 1887 sunt,
2072 1839 2130 1877 vel
2149 1838 2193 1876 de

1196 1892 1463 1931 immortalitate
1487 1904 1520 1932 et
1550 1895 1624 1933 vita
1642 1905 1772 1934 aeterna
1792 1927 1800 1945 ‚
1831 1897 1888 1937 vel
1908 1897 1953 1936 de
1982 1900 2192 1951 corporibus

1197 1953 1430 2003 mortalibus,
1453 1969 1533 2005 quae
1555 1955 1773 1995 immortalia
1803 1968 1924 2010 postea
1943 1959 2063 1997 futura
2082 1970 2190 2009 sunt,

1197 2014 1241 2052 de
1267 2015 1457 2067 supplicio,
1477 2016 1522 2054 de
1543 2018 1663 2055 futuro
1694 2018 1891 2068 tribunali,
1922 2020 1967 2058 de
1992 2021 2190 2060 rationibus

1197 2076 1382 2127 exigendis
1414 2090 1562 2129 operum
1584 2108 1594 2126 ‚
1640 2078 1830 2117 verborum
1853 2110 1863 2130 ,
1907 2081 2187 2133 cogitationum3

1197 2137 1286 2174 scire
1310 2137 1398 2188 quid
1429 2138 1475 2175 sit
1505 2139 1637 2187 homo,
1666 2140 1755 2190 quid
1786 2141 1964 2192 mundus;
1995 2143 2082 2194 quid
2109 2157 2190 2182 vere

1196 2200 1302 2238 homo
1331 2201 1375 2239 sit
1396 2231 1408 2252 ‚
1437 2202 1526 2253 quid
1562 2203 1655 2241 illud
1686 2204 1782 2254 quod
1811 2204 1954 2244 videtur
1985 2220 2078 2255 esse,
2108 2220 2188 2244 cum

1195 2271 1312 2301 tamen
1332 2277 1401 2301 non
1428 2264 1497 2314 sit3
1526 2264 1615 2316 quid
1643 2265 1813 2316 nequitia,
1839 2266 1928 2318 quid
1954 2266 2079 2307 virtus.

113 426 308 496 ιἴμαρτυρεῐ
326 421 481 475 γράφων,
500 422 552 461 ὅτι
581 425 618 461 οὐ
647 421 748 474 μόνον
777 421 937 470 ἰδιώτης,
960 422 1049 460 ἀλλὰ
1075 438 1134 460 και

113 482 342 534 ἀγράμματος
365 487 428 530 ἠν·
455 482 606 527 εἰκότως.
633 483 678 522 ‘O
706 482 774 559 γὰρ
801 482 891 522 οὕτω
919 482 1046 530 πένης,
1074 498 1134 520 και

112 542 200 593 μήτε
226 545 273 587 εἷς
302 543 430 597 ἀγορὰς
456 544 654 596 ἐμὸάλλων,
675 544 764 596 μήτε
787 543 1034 588 ἀξιοπίστοις
1019 558 1134 593 εντυγ-

109 603 225 655 χάνων
246 606 424 658 ἀνδράσιν,
445 605 534 644 ἀλλὰ
563 609 606 658 τῇ
635 605 735 659 ἁλείᾳ
763 604 1051 658 προσηλωμένος,
1081 603 1132 641 εἴ-

109 680 193 702 ποτε
223 665 260 704 δέ
291 667 440 704 τινικαὶ
469 666 683 719 συνεγένετο,
712 666 883 713 κατι-ἥλοις
913 666 1040 717 ἰχθύων
1075 664 1134 702 καὶ

109 724 286 778 μαγείροις
301 729 444 777 ὁμιλῶν,
464 726 498 765 τί
515 731 583 766 τῶν
612 726 739 780 θηρίων
757 726 816 764 καὶ
840 725 975 777 ἀλόγων
992 725 1133 774 ἔμελλεν

107 785 247 836 ἄμεινον
265 787 480 835 διακεῖσθαι,
494 789 568 831 πῶς
584 787 619 826 δὲ
638 787 716 840 οὐχὶ
731 790 843 825 αὐτῶν
865 789 1050 838 μιμεῖσθαι
1064 788 1132 823 τῶν

106 845 232 897 ἰχθύων
247 846 309 894 τὴν
327 847 481 900 ἀφωνίαν
495 864 505 895 ,
517 841 630 892 Οῧτος
642 847 683 895 δὴ
700 842 757 886 οὖν
771 851 788 885 6
807 847 921 891 ἁλιεὺς
933 877 942 894 ,
956 851 974 886 6
990 847 1070 898 περὶ
1082 846 1134 884 λί-

106 923 194 957 μνας
204 907 432 960 στρεφόμενος
447 909 506 947 καὶ
516 909 637 947 δίκτυα
652 909 713 947 καὶ
728 911 834 961 ἰχθῦς,
845 911 863 946 6
873 907 943 946 ἀπὸ
952 906 1134 954 Βηθσαϊδὰ

105 971 166 1015 τ’ῆς
180 969 391 1018 Γαλιλαίας,
403 974 421 1009 6
441 971 594 1023 πατρὸςᾶ
606 970 730 1013 ἁλιέως
739 969 884 1017 πένητος
895 969 974 1017 ,καὶ
989 967 1135 1014 πένητος

104 1029 224 1068 πενίαν
244 1030 307 1078 τὴν
328 1032 531 1084 εοχάτην,ὃ
553 1031 694 1078 ἰδιώτης
719 1030 891 1070 ἷδιωτείαν
917 1031 977 1069 καὶ
1003 1031 1132 1078 ταύτην

104 1091 167 1138 τὴν
181 1093 345 1144 ἐσχάτην,
356 1095 374 1130 ὁ
389 1093 584 1168 γράμματα
600 1092 688 1144 μήτε
706 1092 872 1147 πρότερον
888 1091 1022 1144 μαθὼν,
1041 1093 1131 1144 μήτε

105 1152 242 1206 ὕστερον
260 1154 349 1204 μετὰ
368 1154 408 1193 τὸ
425 1154 650 1229 συγγενέσθαι
677 1157 727 1206 τῷ
761 1155 924 1206 Χριστῷ,
945 1154 1072 1205 ἴδωμεν
1098 1154 1134 1192 τί

105 1214 311 1265 φθέγγεται,
327 1215 386 1252 καὶ
405 1231 485 1268 περι
500 1215 602 1253 τίνων
617 1219 700 1265 ἡμῖν
720 1215 929 1266 διαλέγεται.
950 1217 1032 1267 Ἀρα
1051 1215 1132 1268 περὶ

104 1277 172 1312 τῶν
195 1278 228 1313 ἐν
252 1278 390 1328 ἀγροῖς,
411 1275 491 1328 περὶ
516 1278 585 1313 τῶν
613 1278 647 1314 ἐν
676 1281 866 1326 ποταμοῖς,
893 1274 973 1328 περὶ
998 1276 1129 1326 συμὸο-·

104 1335 211 1374 λαίων
243 1337 396 1388 ἰχθύων,
419 1341 529 1375 ταῦτα
554 1336 621 1390 γὰρ
640 1336 723 1380 ἴσως
745 1335 843 1389 παρὰ
870 1337 994 1380 ἁλιέως
1029 1336 1129 1375 ἀκού-

105 1402 224 1436 σεσθαι
253 1398 432 1450 προσδοκᾷ
446 1413 510 1441 τις.
530 1397 635 1436 Ἀλλὰ
664 1397 712 1449 μὴ
734 1397 870 1444 δείσητε
886 1412 893 1419 ·
908 1396 1037 1435 τούτων
1065 1397 1127 1448 μὲν
1154 1404 1177 1433 Β

103 1457 170 1511 γὰρ
188 1457 283 1496 οὐδὲν
305 1458 541 1508 ἀκουσόμεθα·
557 1457 601 1496 τὰ
617 1457 653 1496 δὲ
670 1460 703 1495 ἐν
731 1464 801 1501 τοῖς
826 1460 1004 1510 οὐρανοῖς,
1025 1458 1086 1495 καὶ
1106 1457 1128 1495 ἃ

105 1520 224 1569 μηδεὶς
258 1519 404 1570 μηδέπω
433 1519 540 1570 ἔμαθε
569 1519 638 1571 πρὸ
657 1517 789 1557 τούτου.
822 1517 926 1556 Οὕτω
946 1518 1014 1571 γὰρ
1041 1522 1126 1569 ἡμῖν

103 1579 220 1631 ὑψηλὰ
240 1579 398 1631 δόγματα
411 1610 420 1626 ,
445 1579 504 1617 καὶ
529 1578 706 1617 πολιτείαν
730 1578 888 1632 ἀρίστην,
901 1579 971 1626 ,καὶ
988 1581 1124 1631 φιλοσο-

103 1641 182 1693 φίαν
201 1640 280 1686 ἥκει
308 1640 474 1691 κομίζων,
491 1642 538 1683 ὡς
551 1686 555 1690 ‚
570 1640 658 1684 εἰκὸς
686 1640 743 1678 τὸν
760 1641 821 1678 ἀπ’
843 1642 955 1678 αὐτῶν
974 1640 1123 1717 φθεγγό-

104 1702 217 1754 μενον]
236 1705 304 1740 τῶν
333 1719 392 1741 του
418 1702 623 1753 Πνεύματος
636 1701 891 1778 Μθησαυρων,”
900 1705 946 1745 ὡς
975 1704 1035 1740 ἀπ’
1063 1704 1126 1740 αὖ-

102 1780 169 1802 των
201 1764 279 1817 ἄρτι
309 1763 588 1817 παραγενόμενος
612 1779 679 1801 των
706 1765 884 1825 ουρανῶν
915 1765 1045 1814 μᾶλλον
1081 1762 1116 1802 δὲ

98 1823 176 1863 οὐδὲ
208 1840 285 1867 τους
312 1826 381 1862 ἐκεῖ
418 1823 551 1867 πάντας
579 1823 668 1867 εἰκὸς
704 1827 745 1870 ἠν
780 1823 923 1872 εἰδέναι,
953 1824 1038 1877 ὅπερ
1063 1825 1122 1862 καὶ

100 1884 204 1937 ἔφθνν
229 1883 347 1922 εἰπών.
368 1886 492 1923 Ταυτα
513 1887 570 1922 οὐν
594 1884 738 1932 ἁλιεως,
761 1883 837 1922 εἶπέ
872 1901 948 1935 μοι,
983 1885 1125 1938 ῥήτορος

100 1945 134 1984 δὲ
150 1945 254 1992 ὅλως,
270 1949 430 1997 σοφιστοῦ
446 1945 481 1984 δὲ
495 1944 517 1991 ἢ
534 1945 735 1998 φιλοσόφου,
750 1949 764 1966 ⁰
778 1946 909 1989 παντὸς
924 1945 960 1984 δὲ
979 1950 1038 1984 τοῦ
1060 1945 1123 1992 τὴν

98 2005 220 2051 ἔξωθεν
252 2006 527 2057 πεπαιδευμένου
571 2006 719 2059 σοφίαν,
752 2008 940 2057 Οὐδαμῶς.
975 2009 1029 2045 Οὐ
1056 2006 1124 2060 γὰρ

98 2067 317 2121 ἀνθρωπίνης
351 2069 470 2112 ἁπλῶς
501 2070 616 2120 ψυχῆς
647 2068 727 2120 περὶ
764 2071 826 2114 τῆς
856 2067 1031 2120 ἀκηράτου
1064 2068 1124 2106 καὶ

97 2128 273 2182 μακαρίας
303 2128 435 2176 ἐκείνης
463 2128 596 2182 φύσεως
626 2132 772 2167 τοιαῦτα
805 2131 1013 2181 φιλοσοφεῖν,
1043 2129 1124 2182 περὶ
1150 2135 1173 2165 C

97 2191 165 2227 τῶν
187 2191 262 2240 μετ’
283 2190 415 2238 ἐκείνην
431 2189 611 2241 δυνάμεων
625 2221 634 2238 ,
650 2190 731 2243 περὶ
751 2189 942 2234 ἀθανασίας
958 2190 1018 2228 καὶ
1034 2191 1123 2236 ζωῆς

96 2249 260 2302 ἀπείρου,
281 2249 362 2303 περὶ
387 2249 519 2303 φύσεως
541 2251 715 2302 σωμάτων
747 2252 878 2298 θνητῶν
898 2266 936 2289 τε
957 2251 1016 2289 καὶ
1036 2254 1120 2289 ἀθα-

93 2310 205 2350 νάτων
234 2311 373 2365 ὕστερον
405 2312 591 2364 ἐσομένων,
620 2313 700 2365 περὶ
730 2312 923 2359 κολάσεως,
945 2312 1024 2365 περὶ
1058 2317 1116 2351 τοῦ

95 2371 277 2422 μέλλοντος
305 2372 552 2426 δικαστηρίου,
574 2371 680 2427 άπερὶ
708 2375 776 2411 τῶν
811 2373 984 2424 ἐσομένων
1020 2375 1120 2411 εὔθυ-

92 2435 172 2480 νῶν,
190 2435 258 2471 τῶν
290 2435 324 2472 ἐν
342 2433 494 2486 ῥήμασι,
519 2437 588 2472 τῶν
611 2436 645 2472 ἐν
678 2434 843 2487 πράξεσι,
865 2437 933 2472 τῶν
962 2436 996 2472 ἐν
1015 2436 1116 2486 λογι-

91 2500 192 2543 σμοῖς
209 2494 269 2532 καὶ
283 2494 416 2547 διανοίᾳ
429 2511 436 2518 ·
458 2495 518 2533 καὶ
535 2495 570 2533 τί
587 2494 647 2546 μὲν
668 2495 873 2549 ἄνθρωπος,
890 2499 904 2515 ⁰
915 2495 1041 2534 εἰδέναι
1054 2525 1063 2543 ,
1086 2494 1120 2532 τί

91 2554 127 2591 δὲ
146 2554 274 2604 κόσμος
287 2570 294 2578 ·
316 2555 375 2592 καὶ
387 2555 422 2592 τί
443 2555 504 2605 μὲν
523 2559 541 2593 6
561 2556 666 2600 ὅντως
681 2556 866 2608 ἄνθρωπος
879 2586 889 2604 ,
910 2554 944 2593 τί
970 2554 1006 2593 δὲ
1026 2559 1043 2593 6
1065 2557 1119 2593 δο-

91 2616 160 2651 κῶν
186 2614 247 2665 μὲν
263 2608 372 2663 εἶναι,
399 2618 461 2654 οὐκ
486 2615 533 2653 ὢν
559 2616 618 2654 δέ·
647 2615 681 2653 τί
706 2615 834 2663 κακία,
866 2616 926 2653 καὶ
946 2615 981 2653 τί
998 2616 1116 2668 ἀρετή.

141 2675 283 2713 Τούτων
298 2675 365 2727 γὰρ
385 2676 458 2714 ἔνια
469 2676 638 2723 ἐζήτησαν
655 2675 715 2727 μὲν
729 2679 759 2714 Οἳ
773 2675 852 2728 περὶ
867 2675 1042 2714 Πλάτωνα
1056 2676 1116 2713 καὶ
1242 2683 1278 2718 9.
1310 2680 1447 2718 Horum
1466 2679 1628 2731 quaedam
1649 2680 1750 2717 Plato
1770 2689 1803 2718 et
1823 2681 2045 2734 Pythagoras
2061 2683 2179 2721 rimati
2248 2680 2384 2707 P¹¹5¹0⁵⁰·

2149 2745 2154 2751 ·
2195 2729 2246 2766 plui
2271 2731 2384 2756 externi

91 2741 275 2795 Παγόραν·
305 2744 374 2780 τῶν
407 2741 476 2795 γὰρ
507 2742 622 2781 ἄλλων
658 2741 733 2781 οὐδὲ
767 2743 886 2787 ἁπλῶς
916 2758 1111 2794 μνημονευ-
1192 2751 1297 2779 sunt:
1316 2742 1428 2779 caeteri
1448 2755 1603 2792 namque
1622 2741 1828 2794 philosophi
1848 2757 1917 2780 non
1937 2744 2179 2794 memorand13

131 2883 144 2905 g
169 2871 274 2914 [cod.
300 2874 363 2905 706
388 2881 539 2919 μαρτυρεῖ
567 2878 669 2916 λέγων.
692 2871 880 2916 Legebatur
917 2872 951 2905 in
973 2872 1098 2905 Montf.

86 2925 282 2970 Auupwpztm]

130 2988 144 3002 ²¹
168 2977 246 3009 MSS.
262 2986 329 3008 non
348 2977 444 3018 pauci
460 2981 581 3018 ἁλιέως,
596 2980 682 3015 πένης
697 2983 820 3016 πένητος
835 2983 948 3012 πενίαν.

130 3030 147 3053 ¹1
171 3029 253 3068 Quae
274 3037 467 3071 sequuntur,
487 3033 526 3067 ὡς
540 3033 593 3064 ἀπ’
618 3033 770 3064 adram...
793 3035 882 3073 ἔφθην
904 3035 1003 3071 εἰπών,
1017 3029 1098 3061 dee-

85 3088 161 3113 rant
181 3082 214 3112 in
233 3081 333 3113 Savil.
350 3088 383 3112 et
407 3079 524 3114 Morel.
546 3080 613 3113 Sed
635 3092 675 3112 ex
703 3093 769 3114 uno
796 3081 921 3114 Codice
947 3081 1099 3114 desumta

84 3141 178 3175 sunt,
196 3140 230 3165 et
254 3132 337 3165 lecta
364 3132 495 3165 fuerant
511 3145 530 3166 a
545 3133 727 3166 Francisco
746 3135 880 3166 Aretino
904 3136 1094 3176 interprete.

84 3185 185 3226 Quod
201 3193 310 3217 autem
325 3185 407 3217 dicit
423 3185 700 3230 Chrysostomus‚
719 3198 755 3219 ea
770 3199 842 3229 quae
859 3195 973 3219 narrat
991 3188 1095 3220 Joan-

83 3249 140 3270 nes
162 3237 378 3280 evangelista,
402 3249 468 3270 uon
487 3237 641 3270 omnihus
657 3238 780 3282 angelis
797 3246 875 3271 nota
890 3246 966 3272 ante
982 3237 1078 3272 fuisse
1089 3267 1097 3280 ,

87 3293 155 3333 jam
173 3289 302 3322 dixerat
319 3300 417 3331 supra
434 3291 467 3321 in
479 3288 657 3324 Prooemio.

1210 2881 1222 2896 ⁰
1247 2877 1363 2909 πάντως
1388 2869 1564 2914 legendum
1592 2871 1779 2912 suspicatur
1806 2870 1968 2912 Savilius,
1987 2873 2044 2905 sed
2072 2882 2181 2913 παντὸς

1166 2924 1291 2966 optime
1315 2922 1429 2957 habet.
1447 2922 1539 2954 Infra
1555 2928 1623 2968 περὶ
1642 2932 1701 2957 τῶν
1722 2927 1791 2966 μετ’
1809 2929 1918 2963 ἐκείνην
1935 2929 2095 2968 δυνάμεων.
2120 2928 2181 2959 In-

1166 2983 1291 3018 ter-pres
1305 2975 1419 3019 legisse
1440 2974 1571 3007 videtur
1584 2979 1653 3018 μετ’
1670 2981 1795 3017 ἐκείνης,
1808 2975 1866 3008 sed
1883 2988 1997 3010 omnes
2014 2979 2089 3011 Mss.
2107 2985 2180 3022 μετ’

1166 3034 1275 3067 ἐκείνην
1300 3027 1436 3060 habent.
1454 3028 1604 3069 Utraque
1627 3026 1726 3059 lectio
1749 3028 1916 3070 quadrat:
1935 3041 2013 3061 nam
2030 3043 2179 3073 supernae

1166 3080 1228 3113 illae
1253 3089 1435 3124 potestates
1454 3079 1520 3112 dici
1541 3087 1681 3122 possunt
1704 3088 1736 3111 et
1751 3088 1828 3122 post
1846 3082 1952 3113 Deum
1970 3090 2003 3114 et
2019 3095 2094 3115 cum
2110 3085 2179 3116 Deo

1163 3145 1244 3167 esse.

1208 3187 1224 3210 d
1250 3185 1305 3218 Sic
1319 3184 1420 3218 savit.
1431 3192 1463 3216 et
1477 3193 1592 3216 omnes
1605 3193 1687 3224 pene
1701 3184 1776 3215 Mss.
1791 3184 1904 3216 Morel.
1916 3198 1926 3218 ι
1937 3197 1993 3218 cro
2006 3196 2064 3220 τῶν
2080 3203 2179 3232 xpm-

1166 3245 1297 3280 τομένων
1320 3242 1454 3271 εὐθυνῶν.

1210 3300 1223 3315 ‘-
1247 3289 1364 3322 Morel.
1383 3297 1415 3321 et
1432 3289 1566 3332 quidam
1590 3285 1665 3317 Mss.
1685 3289 1804 3323 εἰδέναι.
1820 3290 1920 3325 Saxil.
1940 3298 1972 3323 et
1996 3291 2052 3324 alii
2078 3298 2175 3329 εἰπεῖν,
