2481 3678
656 200 695 228 is
736 199 939 229 JoANNEM
978 196 1137 227 noun„
1182 193 1364 224 Lxxvun
1404 178 1465 223 aL

123 282 223 331 αὕπη.
254 284 419 325 Κάκεῖνος
454 280 515 332 μὲν
534 279 612 324 τοὺς
643 281 797 333 φύλακας
829 282 932 318 αὐτοῦ
965 279 1112 317 δέδοικεν
1130 305 1139 324 ,

121 339 216 388 οὗτος
249 345 285 382 δὲ
316 343 449 386 τούτοις
479 344 608 393 μᾶλλον
640 341 662 387 ἢ
692 345 803 394 ἑαυτῷ
838 343 973 394 θαρρεῖ,
998 339 1057 377 καὶ
1085 337 1142 376 διὰ

119 405 258 449 τούτους
283 404 402 443 οὐδένα
421 405 489 441 τῶν
512 402 801 440 ε’πιὲουλευόντων
821 401 982 440 δέδοικεν.
1004 399 1142 449 Ἔμπο-

122 465 323 517 ρευσώμεθα
341 465 453 502 τοίνυν
470 464 533 510 τὴν
557 464 725 517 ἐμπορίαν
742 463 885 509 ταύτην,
902 464 919 499 ὁ
938 460 1044 506 πένης
1056 490 1065 507 ,
1085 458 1142 496 ἰ’να

119 528 182 571 τῆς
209 525 328 570 πενίας
360 525 424 577 ἔχῃ
461 525 703 576 παραμυθίαν·
733 527 750 561 ὁ
783 522 966 566 πλούσιος,
994 519 1051 558 ἵνα
1083 519 1141 557 τὸν

119 589 263 625 πλοῦτον
280 589 313 624 ἐν
324 586 495 638 ἀσφαλείᾳ
508 586 718 637 κεκτημένος
736 579 759 636 ἦ
773 601 780 608 ·
801 588 819 622 ὁ
837 584 968 636 ἅρχων,
983 581 1038 618 ἵνα
1054 582 1143 631 μετὰ

120 647 309 700 ἀσφαλείας
329 649 439 700 ἄρχῃ·
464 652 481 686 ὁ
500 648 691 701 ἀρχόμενος
704 677 712 691 ,
735 649 790 684 ἳνα
813 647 964 695 εὐμενεῖς
981 642 1045 694 ἔχῃ
1065 641 1144 684 τοὺς

119 708 300 760 ἄρχοντας.
316 710 429 746 Τοῦτο
444 707 659 759 ἡμερότητος
686 705 825 758 ἀφορμὴ
839 735 848 752 ,
865 709 965 742 τοῦτο
990 703 1144 755 πραότη-

118 784 175 811 τος
208 769 380 812 ὑπόθεσις.
413 769 515 807 Ἐπεὶ
547 768 608 806 καὶ
633 771 667 805 ἐν
691 773 762 809 τοῖς
783 764 914 817 θηρίοις
935 767 1049 802 ἐκεῖνα
1069 764 1142 815 μά·-

118 830 220 868 λιστά
251 833 325 869 ἔστι
352 830 492 882 χαλεπὰ
513 829 572 867 καὶ
592 828 784 874 ἀτίθασσα,
813 827 857 864 τὰ
878 826 926 877 μὴ
948 828 1143 878 συναγελα-

119 891 260 942 ζόμενα.
292 892 361 930 Διὰ
385 897 484 930 τοῦτο
511 890 627 933 πόλεις
648 891 820 939 οἰκοῦμεν,
839 887 898 925 καὶ
921 886 1048 940 ἀγορὰς
1067 886 1144 938 ἔχο-

120 969 194 1003 μεν,
215 953 271 990 ἵνα
301 953 463 999 ἀλλήλοις
500 950 755 1003 συγγινώμεθα.
782 951 895 987 Τοῦτο
919 949 979 986 καὶ
1006 950 1145 992 Παῦλος

118 1013 274 1052 ἐκέλευσε
293 1013 403 1065 λέγων
416 1029 423 1036 ·
444 1012 506 1058 Μὴ
536 1011 898 1063 ἓγκαταλιμπάνοντες
912 1010 975 1057 τὴν
1001 1012 1145 1049 ἐπισυν-

119 1075 260 1125 αγωγὴν
281 1076 425 1112 ἑαυτῶν.
455 1073 567 1112 Οὐδὲν
586 1073 653 1126 γὰρ
672 1072 780 1115 οὕτως
797 1075 842 1115 ὡς
861 1072 1010 1122 μόνωσις
1023 1072 1144 1116 κακὸν,

119 1135 178 1173 καὶ
199 1136 238 1174 τὸ
261 1136 429 1174 ἄσπονδον
449 1135 508 1172 καὶ
538 1133 737 1185 ἀπρόσιτον.
771 1132 818 1171 Τί
839 1127 897 1170 οὖν
917 1136 948 1170 οἱ
979 1133 1144 1184 μοναχοὶ,

120 1197 222 1249 φησὶ,
251 1197 310 1234 καὶ
342 1199 372 1234 οἳ
396 1195 457 1239 τὰς
485 1195 635 1248 κορυφὰς
661 1197 730 1232 τῶν
750 1194 855 1245 ὀρέων
878 1193 1146 1245 κατειληφότες,

119 1256 211 1295 Οὐδὲ
228 1259 351 1294 ἐκεῖνοι
369 1256 475 1308 φίλων
494 1256 559 1294 εἶσὶ
574 1255 680 1307 χωρὶς
692 1286 701 1302 ,
724 1255 814 1293 ἀλλὰ
829 1254 904 1298 τοὺς
922 1254 983 1305 μὲν
1008 1254 1065 1292 ἐπὶ
1084 1256 1146 1299 τῆς

122 1320 250 1370 ἀγορᾶς
276 1318 400 1370 ἔφυγον
428 1316 608 1370 θορύὸους,
633 1314 779 1358 πολλοὺς
797 1315 832 1353 δὲ
864 1315 999 1367 ἔχουσιν
1019 1314 1146 1366 ὁμοψύ-

119 1396 218 1432 χους,
244 1379 303 1416 καὶ
328 1378 481 1431 ἀκριὲῶς
512 1378 676 1424 ἀλλήλοις
701 1377 978 1427 συνδεδεμένους·
1003 1376 1062 1413 καὶ
1091 1376 1146 1414 ἵνα

118 1445 218 1479 τοῦτο
237 1439 516 1491 κατορθώσωσιν,
538 1437 777 1491 ἀνεχώρησαν.
792 1437 938 1483 Ἐπειδὴ
954 1437 1020 1488 γὰρ
1039 1441 1061 1483 ἡ
1078 1440 1147 1474 τῶν

119 1501 336 1554 πραγμάτων
366 1500 557 1552 φιλονεικία
576 1499 705 1543 πολλὰς
730 1504 822 1537 ποιεῖ
842 1497 903 1541 τὰς
933 1498 1066 1551 ἔριδας,
1091 1497 1148 1535 διὰ

118 1567 218 1601 τοῦτο
239 1565 276 1600 ἐκ
294 1559 399 1612 μέσον
419 1561 597 1612 γενόμενοι
613 1559 677 1607 τὴν
697 1559 835 1612 ἀγάπην
850 1561 1044 1610 γεωργοῦσι
1060 1557 1148 1608 μετὰ

119 1622 298 1677 ἀκριὸείας
331 1623 477 1668 πολλῆς.
497 1621 545 1660 Τί
573 1615 643 1668 οὖν,
665 1619 695 1658 εἴ
725 1637 776 1663 τις
808 1619 909 1671 μόνος
941 1619 1016 1667 εἴη,
1040 1619 1146 1671 φησὶ,

119 1684 276 1724 κάκεῖνος
310 1680 449 1732 μυρίους
468 1680 540 1732 ἔχει
561 1679 696 1732 φίλους
729 1679 824 1730 Ἐγὼ
843 1679 904 1730 μὲν
932 1679 998 1731 γὰρ
1023 1679 1147 1730 βούλο-

123 1759 207 1793 μαι,
233 1744 263 1779 εἷ
290 1741 444 1788 δυνατὸν,
464 1741 524 1779 καὶ
545 1740 797 1793 συνδιατρίὲειν
819 1741 982 1787 ἀλλήλοις
1003 1740 1146 1779 εἰδέναι·

118 1808 131 1823 ³
147 1803 233 1846 τέως
256 1803 290 1841 δὲ
310 1802 441 1854 μενέτω
453 1802 498 1840 ’τὰ
513 1806 575 1849 τῆς
594 1802 708 1854 φιλίας
729 1802 889 1849 ἀκίνητα.
909 1804 962 1840 Οὐ
977 1801 1045 1855 γὰρ
1060 1805 1077 1840 ὁ
1094 1802 1146 1840 τό·

118 1879 180 1906 πος
209 1869 302 1902 ποιεῖ
319 1865 398 1906 τοὺς
416 1863 544 1914 φίλους.
569 1861 724 1907 Πολλοὺς
738 1867 817 1915 γοῦν
837 1863 956 1915 ἔχουσι
971 1863 1048 1905 τοὺς
1062 1867 1146 1901 θαυ-

121 1925 310 1975 μάζοντας·
341 1927 401 1963 οὐκ
419 1924 458 1962 ἂν
478 1925 514 1963 δὲ
545 1924 758 1975 ἐθαύμασαν,
781 1928 810 1963 εἷ
830 1925 878 1976 μὴ
900 1925 1050 1977 ἐφίλουν.
1075 1925 1145 1963 Καὶ

120 1986 216 2024 αὐτοὶ
246 1987 351 2025 πάλιν
371 1985 457 2037 ὑπὲρ
485 1986 624 2032 ἁπάσης
650 1985 811 2038 εὔχονται
837 1989 898 2032 τῆς
918 1986 1143 2037 οἰκουμένης,

119 2048 204 2101 ὅπερ
221 2048 382 2099 μέγιστον
403 2048 517 2100 φιλίας
533 2047 604 2085 ἐστὶ
623 2047 822 2099 τεκμήριον.
839 2047 907 2086 Διὰ
922 2053 1021 2086 τοῦτο
1035 2049 1095 2086 καὶ
1110 2051 1143 2086 ἐν

119 2115 189 2153 τοῖς
210 2109 414 2161 μυστηρίοις
432 2108 660 2159 ἀσπαζόμεθα
687 2110 876 2156 ἀλλήλους,
899 2108 955 2146 ἵνα
975 2111 1005 2147 οἱ
1025 2109 1148 2147 πολλοὶ

118 2169 298 2221 γενώμεθα
314 2170 348 2207 ἕν
363 2186 370 2193 ·
391 2170 451 2208 καὶ
471 2169 527 2207 ε’πὶ
547 2173 615 2208 τῶν
637 2169 802 2221 ἀμυήτων
820 2169 935 2213 κοινὰς
955 2170 1147 2221 ποιούμεθα

117 2231 178 2274 τὰς
212 2231 334 2283 εὐχὰς,
368 2231 601 2274 λιτανεύοντες
630 2231 718 2283 ὑπὲρ
744 2231 955 2279 νοσούντων,
985 2232 1044 2269 καὶ
1078 2234 1146 2270 τῶν

118 2294 262 2342 καρπῶν
280 2293 342 2337 τῆς
362 2291 583 2341 οἰκουμένης,
598 2291 658 2328 καὶ
677 2294 741 2342 γ’ἧς
760 2291 820 2329 καὶ
840 2292 1024 2337 Θαλάττης.
1040 2291 1148 2343 “Ορᾷς

118 2358 234 2388 πᾶσαν
254 2354 315 2397 τῆς
338 2351 477 2402 ἀγάπης
498 2351 560 2398 τὴν
587 2351 753 2402 δύναμιν,
787 2354 820 2390 ἐν
840 2358 915 2396 ταῖς
950 2355 1091 2404 εὐχαῖς;
1114 2355 1148 2390 ἐν

118 2415 188 2452 τοῖς
211 2411 429 2463 μυστηρίοις,
457 2414 492 2450 ἓν
513 2418 588 2456 ταῖς
610 2411 856 2464 παραινέσεσι,
870 2415 984 2451 Τοῦτο
1008 2414 1147 2451 πάντων

120 2470 229 2509 αἴτιον
246 2475 313 2509 τῶν
335 2475 486 2523 ἀγαθῶν.
505 2471 564 2510 Ἂν
587 2472 716 2519 ταύτης
740 2472 901 2524 ἐχώμεθα
937 2473 1025 2523 μετὰ
1052 2476 1149 2523 ἀκρι-

120 2531 234 2578 ὃείας,
255 2532 315 2570 καὶ
331 2532 374 2570 τὰ
391 2533 548 2586 παρόντα
562 2535 677 2576 καλῶς
696 2534 984 2583 οἷκονομήσομεν,
1012 2533 1072 2570 καὶ
1089 2536 1150 2579 τῆς

122 2592 301 2642 βασιλείας
321 2592 569 2643 ἐπι-τευξόμεθα
581 2609 588 2617 ·
612 2588 652 2638 ἧς
667 2592 801 2643 γένοιτο
817 2594 949 2637 πάντας
963 2597 1057 2644 ἡμᾶς
1077 2595 1150 2631 ἐπι-

118 2659 249 2705 τυχεῖν,
275 2654 397 2706 χάριτι
429 2654 489 2692 καὶ
522 2652 766 2706 φιλανθρωπίᾳ
799 2658 858 2691 τοῦ
891 2653 1018 2706 Κυρίου
1047 2656 1148 2703 ἡμῶν
1174 2670 1198 2699 Ε

120 2712 238 2760 Ἰησοῦ
254 2715 430 2766 Χριστοῦ,
453 2716 496 2752 δι’
522 2709 560 2753 οὗ
579 2715 637 2752 καὶ
658 2716 733 2765 μεθ’
754 2709 792 2751 οῧ
818 2718 867 2767 τῷ
887 2715 1003 2769 Πατρὶ
1029 2718 1050 2760 ἦ
1073 2714 1152 2759 δόξα

120 2775 195 2826 ἅμα
223 2779 272 2827 τῷ
293 2776 381 2829 ἁγίῳ
399 2776 597 2828 Πνεύματι,
615 2779 661 2820 εἷς
679 2774 758 2820 τοὺς
777 2778 904 2821 αἰῶνας
919 2779 986 2815 τῶν
1003 2776 1149 2815 αἰώνων.

120 2836 241 2887 Ἀμήν.

165 2974 177 2987 -Ί
203 2963 261 2996 Alli
279 2971 350 3001 τέως
369 2972 494 3007 μενέτω.

1504 193 1674 223 Lxxvu.
2107 175 2189 222 531

1211 287 1318 324 quam
1351 273 1419 310 sibi
1438 272 1530 320 fidit,
1552 281 1584 309 et
1603 272 1660 309 his
1682 271 1791 309 fultus
1813 271 1986 309 neminem
2015 271 2199 309 insidiato-

1211 349 1286 372 rem
1308 333 1490 372 formidat.
1524 333 1596 370 Has
1627 345 1710 383 ergo
1731 346 1862 369 merces
1888 332 1989 369 nohis
2019 347 2199 384 compare-

1212 410 1310 432 mus:
1330 409 1480 446 pauper,
1496 403 1535 431 ut
1559 393 1592 430 in
1613 401 1820 445 paupertate
1846 392 2117 430 consolationem
2136 394 2199 430 lia-

1212 455 1308 503 beat3
1327 455 1442 502 dives,
1466 464 1503 492 ut
1521 453 1668 491 divitias
1693 454 1728 490 in
1750 462 1825 490 tuto
1854 453 1999 501 habeat,
2020 453 2197 504 princeps,

1213 525 1253 552 ut
1278 530 1360 553 eum
1378 515 1563 553 securitate
1590 516 1756 567 imperet3
1779 514 1956 561 subditus,
1985 522 2023 550 ut
2046 513 2201 551 benevo-

1213 576 1265 613 los
1282 577 1408 614 habeat
1423 577 1612 629 principes.
1630 577 1715 613 Haec
1730 575 1995 621 benevolentiae,
2014 575 2089 611 haec
2104 589 2202 611 man-

1214 636 1410 675 suetudinis
1420 638 1556 675 occasio
1569 646 1632 675 est.
1652 637 1743 673 Nam
1755 636 1844 673 inter
1859 637 1949 673 seras
1963 635 2032 672 illae
2047 634 2204 672 maxime

1214 714 1314 737 saevae
1338 708 1371 737 et
1391 699 1632 737 intractabiles
1662 708 1755 747 sunt,
1780 713 1858 749 qnae
1890 712 1959 735 non
1990 697 2025 734 in
2059 711 2202 747 gregem

1214 769 1353 798 coeunt.
1375 760 1462 797 Ideo
1492 760 1596 797 urbes
1626 759 1827 808 incolimus,
1854 760 1929 796 fora
1951 759 2137 805 babemus,
2164 766 2203 794 ut

1214 835 1284 858 una
1301 835 1492 859 versemur.
1512 821 1555 859 Id
1572 822 1706 859 Paulus
1729 820 1832 872 jubet
1863 820 2000 870 dicens,
2033 820 2123 856 Non
2139 820 2203 856 de-
2218 819 2308 848 Heln.
2334 829 2380 850 10·

1215 892 1381 921 serentes
1407 883 1674 920 collectionem
1693 891 1877 920 nostram.
1903 881 2003 918 Nihil
2032 880 2125 917 enim
2143 894 2204 931 pe-
2217 861 2266 890 25'

1211 945 1270 996 jus
1294 944 1499 992 solitudine,
1522 959 1562 982 ac
1582 944 1758 981 societatis
1784 952 1818 980 et
1843 943 1962 980 aditus
1989 941 2201 995 privatione.

1217 1006 1319 1055 Quid
1339 1020 1422 1058 ergo
1450 1007 1637 1053 monaehi,
1662 1005 1812 1056 inquies,
1832 1015 1865 1042 et
1895 1005 1921 1041 ii
1939 1004 1998 1055 qui
2020 1004 2203 1041 cacumina

1215 1067 1390 1105 montium
1404 1067 1606 1119 occupant?
1627 1068 1751 1117 Neque
1768 1066 1820 1103 illi
1835 1074 1963 1103 vacant
1983 1064 2126 1112 amicis3
2143 1064 2205 1102 sed

1216 1129 1304 1167 dum
1323 1129 1390 1167 fori
1410 1129 1588 1167 tumultus
1608 1128 1763 1179 fugiunt,
1783 1128 1915 1165 multos
1930 1127 2061 1164 hahent
2078 1126 2203 1173 socios,

1216 1200 1249 1228 et
1261 1191 1391 1228 amoris
1404 1190 1549 1229 vinculo
1565 1190 1792 1241 conjunct0s;
1811 1188 1908 1240 quod
1922 1197 1961 1225 ut
1976 1201 2205 1237 assequeren-

1183 1262 1191 1271 “
1217 1261 1288 1300 tur,
1308 1261 1534 1290 secesserunt.
1558 1251 1654 1299 Quia
1686 1252 1780 1289 enim
1812 1250 2035 1301 negotiorum
2064 1258 2207 1286 conten-

1217 1314 1329 1352 tiones
1350 1314 1480 1351 multas
1502 1314 1646 1366 pariunt
1669 1314 1788 1351 rixas:
1812 1312 1891 1350 ideo
1915 1311 2128 1359 secedentes,
2150 1310 2207 1347 di-

1216 1375 1400 1412 lectionem
1427 1374 1691 1412 accuratissime
1714 1373 1844 1411 colunt.
1862 1372 1909 1410 Et
1929 1371 2031 1423 quid,
2054 1371 2206 1422 inquies,

1217 1435 1247 1472 si
1267 1435 1347 1485 quis
1368 1435 1464 1472 solus
1483 1435 1541 1483 sit,
1560 1449 1647 1473 num
1663 1435 1866 1471 innumeros
1885 1433 2031 1470 habebit
2047 1431 2208 1469 amicos?

1219 1495 1297 1546 Ego
1317 1505 1410 1533 certe
1435 1496 1579 1544 vellem,
1599 1496 1627 1533 si
1646 1495 1724 1532 fieri
1756 1503 1883 1547 posset,
1906 1503 1944 1530 ut
1969 1494 2075 1530 etiam
2100 1492 2207 1529 simul

1218 1556 1354 1595 versari
1381 1556 1502 1594 liceret
1524 1572 1531 1592 ε
1554 1556 1698 1593 interim
1725 1569 1810 1593 vero
1836 1555 1939 1591 firma
1963 1562 2100 1590 maneat
2118 1553 2208 1590 ami-

1219 1617 1311 1655 citia.
1328 1619 1407 1655 Non
1430 1617 1524 1655 enim
1542 1617 1641 1655 locus
1664 1617 1794 1654 amieos
1813 1615 1908 1652 facit.
1922 1615 2058 1653 Multos
2072 1614 2125 1651 illi
2144 1614 2208 1650 ha-

1218 1681 1303 1717 bent
1325 1679 1538 1729 laudatores,
1558 1679 1619 1730 qui
1639 1693 1709 1717 non
1728 1678 1931 1726 laudarent,
1949 1677 2016 1714 nisi
2032 1685 2204 1714 amarent.

1220 1742 1268 1780 Et
1283 1742 1351 1794 ipsi
1369 1756 1512 1779 rursum
1527 1756 1592 1794 pro
1610 1751 1683 1778 toto
1704 1741 1788 1778 orbe
1802 1738 2109 1792 precantur,quod
2128 1752 2206 1774 ma-

1218 1803 1358 1841 ximum
1378 1812 1430 1840 est
1447 1802 1611 1840 amicitiae
1630 1811 1891 1853 argumentum.
1914 1799 1998 1838 Ideo
2018 1801 2054 1836 in
2074 1808 2207 1851 myste-

1218 1865 1282 1903 riis
1301 1880 1362 1903 nos
1382 1874 1507 1902 mutuo
1528 1864 1790 1916 amplectimur,
1815 1872 1854 1900 ut
1874 1862 1978 1899 multi
1998 1876 2110 1899 unum
2130 1862 2205 1898 effi-

2271 1010 2406 1041 Mouachi

2219 1066 2249 1082 in
2298 1061 2406 1082 monu-

2218 1098 2284 1125 bus.

2252 1809 2286 1837 In
2300 1816 2408 1848 myste-

2221 1853 2271 1879 riis
2320 1852 2406 1878 Chri-

2219 1894 2302 1920 sliani

2378 1903 2408 1919 ΞΘ

1219 1927 1356 1964 eiamur
1380 1942 1386 1961 z
1409 1936 1442 1964 et
1462 1941 1527 1979 pro
1557 1941 1626 1964 non
1659 1925 1804 1963 initiatis
1825 1938 2028 1962 communes
2053 1923 2204 1961 effundi·
2219 1940 2322 1961 mnino
2344 1944 2406 1960 am-

1219 2003 1298 2026 mus
1317 2002 1450 2040 preces,
1466 2003 1530 2040 pro
1549 1987 1713 2035 infirmis,
1731 2002 1795 2039 pro
1815 1987 1911 2024 orbis
1928 1986 2117 2031 fructibus,
2141 2001 2205 2037 pro

1218 2059 1311 2087 terra
1326 2059 1358 2087 et
1374 2050 1476 2087 mari.
1491 2049 1621 2088 Vidcn’
1638 2057 1747 2086 totam
1766 2047 1967 2085 dilectionis
1977 2047 2112 2093 vim,in
2128 2061 2206 2084 ora-

1219 2111 1387 2158 tionibus,
1410 2111 1446 2148 in
1477 2110 1670 2162 mysteriis,
1702 2111 1737 2147 in
1763 2108 2091 2147 admonitionibus?
2122 2108 2207 2145 Haec

1219 2171 1382 2209 omnium
1401 2181 1451 2209 est
1471 2186 1575 2208 eausa
1591 2163 1782 2208 bonorum.
1796 2170 1834 2208 Si
1853 2170 1937 2206 huic
1947 2168 2135 2220 diligenter
2154 2168 2204 2205 in*

1218 2233 1436 2282 haereamus,
1460 2233 1646 2284 praesentia
1677 2241 1769 2269 recte
1802 2231 2148 2278 administrabimus,
2174 2238 2207 2266 et

1218 2308 1370 2346 regnum
1395 2308 1649 2344 consequemur
1670 2309 1678 2330 ι
1699 2293 1794 2343 quod
1823 2293 1959 2330 utinam
1984 2304 2102 2328 omnes
2133 2288 2206 2326 adi-

1218 2355 1410 2408 piscamur,
1420 2355 1531 2406 gratia
1547 2365 1580 2393 et
1592 2355 1809 2406 benignitate
1824 2352 1969 2392 Domini
1992 2351 2102 2389 nostri
2123 2353 2207 2390 Jesu

1220 2417 1365 2465 Christi,
1382 2431 1445 2468 per
1465 2431 1570 2467 quem
1590 2426 1623 2453 et
1646 2431 1726 2454 eum
1753 2430 1823 2467 quo
1843 2415 1940 2453 Patri
1965 2413 2093 2465 gloria,
2115 2426 2207 2449 una-

1220 2491 1288 2528 que
1307 2486 1426 2515 sancto
1454 2477 1667 2530 Spiritui,in
1696 2477 1825 2516 saecula
1847 2476 2067 2514 saeculorum.
2083 2476 2206 2511 Amen.

2244 1975 2407 2011 plecteban-

2222 2022 2279 2044 tur.
