2481 3678
643 246 683 275 IN
722 246 926 276 JoANNEM
963 246 1116 277 HOMIL.

90 331 201 365 ταῦτα
220 331 262 379 τῇ
283 327 509 379 κολυμὸηθρᾳ
536 328 594 364 καὶ
614 327 742 379 ἑτέροις
761 327 908 366 πλείοσι.
930 327 999 366 Καὶ
1024 331 1120 378 πρῶ-

88 399 148 426 τον
169 388 231 440 μὲν
264 389 412 427 δέδωκεν
431 387 544 440 ὕδωρ,
572 393 736 440 καθαῖρον
759 388 932 439 σωμάτων
953 389 1118 436 κηλῖδας,

89 449 148 486 καὶ
169 449 368 500 μολυσμοὺς
384 451 446 487 οὐκ
466 449 586 495 ὄντας,
611 449 701 488 ἀλλὰ
721 451 904 493 δοκοῦντας
921 443 1028 496 εἶναι,
1050 443 1118 486 οἷον

89 510 168 553 τοὺς
185 511 255 549 ἀπὸ
277 509 417 556 κηδείας
431 539 440 555 ,
457 509 534 553 τοὺς
555 510 624 548 ἀπὸ
637 510 786 563 λέπρας,
809 510 886 552 τοὺς
915 508 984 546 ἀπὸ
1000 507 1118 546 τοιού-

89 586 157 609 των
174 571 300 623 ἑτέρων
312 587 319 594 ·
337 570 396 608 καὶ
415 571 529 608 πολλὰ
547 571 587 608 ἄν
602 587 653 614 τις
672 571 737 609 ἴδοι
755 572 798 608 δι’
815 570 936 613 ὕδατος
953 569 1119 620 γεγονότα

90 631 149 670 ἐπὶ
168 635 230 679 τῆς
250 633 428 679 Παλαιᾶς,
443 631 572 678 ταύτης
589 631 702 670 ἕνεκεν
712 634 774 677 τῆς
789 630 1005 682 προφάσεως.
1016 629 1117 676 Πλὴν

90 693 180 730 ἀλλὰ
194 691 280 744 πρὸς
300 691 339 729 τὸ
361 698 566 743 κατεπεῖγον
585 692 690 743 ἴωμεν
708 694 781 729 νῦν.
803 692 951 742 Πρῶτον
971 690 1032 741 μὲν
1047 685 1117 736 οὖν,

88 755 136 796 ὡς
152 752 256 805 ἔφθην
276 752 397 799 εἰπὼν,
415 752 614 803 μολυσμοὺς
633 751 817 803 σωμάτων,
838 751 959 789 ἔπειτα
991 750 1026 789 δὲ
1059 752 1117 789 καὶ

91 814 355 866 ἀρρωστήματα
371 814 518 865 διάφορα
537 815 580 851 δι’
600 813 721 855 ὕδατος
742 818 834 850 ποιεῖ
853 811 1007 850 λύεσθαι.
1027 814 1118 850 Βου-

89 873 233 924 λόμενος
251 874 319 926 γὰρ
347 877 440 924 ἡμᾶς
458 877 476 911 ὁ
497 873 588 916 Θεὸς
611 873 794 925 ἐγγύτερον
816 875 959 925 ἀγαγεῖν
979 875 1041 919 τῆς
1059 878 1119 911 τοῦ

88 935 357 986 ςβαπτίσματος
374 936 523 986 δωρεᾶς,
542 935 604 971 οὐκ
631 933 683 971 ἔτι
705 933 904 985 μολυσμοὺς
921 935 1041 977 ἁπλῶς
1059 933 1120 984 μό-

89 1011 158 1043 νον,
176 995 266 1033 ἀλλὰ
281 995 339 1033 καὶ
356 996 474 1039 νόσους
490 998 597 1033 ἰᾶται.
616 998 661 1033 Αἱ
676 995 741 1048 γὰρ
762 995 944 1048 ἐγγύτεραι
958 999 1020 1042 τῆς
1034 996 1121 1040 ἀλη-

90 1055 183 1099 θείας
210 1056 357 1103 εἰκόνες,
378 1055 436 1094 καὶ
456 1056 514 1094 ἐπὶ
538 1060 598 1094 τοῦ
627 1056 870 1108 βαπτίσματος
883 1087 892 1104 ,
912 1056 971 1094 καὶ
988 1056 1044 1094 ἐπὶ
1062 1060 1123 1093 τοῦ

90 1117 239 1164 πάθους,
256 1118 315 1155 καὶ
335 1117 417 1155 ’ῑέπὶ
436 1120 505 1155 τῶν
522 1117 649 1166 ἄλλων,
670 1118 875 1169 τρανότεραι
902 1121 969 1156 τῶν
996 1119 1123 1170 ἀρχαι-

91 1179 218 1232 οτέρων
237 1174 342 1227 ἦσαν.
358 1180 605 1232 Καθάπεργὰρ
625 1183 656 1219 οἱ
672 1184 730 1218 τοῦ
752 1179 921 1232 βασιλέως
937 1179 1037 1231 ἐγγὺς
1055 1183 1123 1217 τῶν

93 1241 269 1294 πόρρωθέν
290 1244 358 1279 εἰσι
376 1241 615 1294 λαμπρότεροι
636 1242 853 1294 δορυφόρων·
874 1242 964 1280 οὕτω
992 1242 1032 1289 δὴ
1064 1242 1122 1279 καῖ1

93 1303 153 1340 ἐπὶ
172 1305 240 1341 τῶν
256 1302 373 1341 τύπων
388 1302 529 1353 ἐγίνετο.
550 1302 621 1340 Καὶ
642 1303 787 1354 ἅγγελος
810 1302 1030 1341 καταὸαίνων
1044 1302 1126 1340 ἐτά-

95 1379 199 1415 ραττε
233 1365 272 1403 τὸ
307 1363 418 1416 ὕδωρ,
438 1364 497 1402 καὶ
520 1364 708 1414 ἷαματικὴν
728 1364 871 1402 ἐνετίθει
890 1363 1047 1415 δύναμιν,
1066 1364 1124 1402 ἵνα

93 1425 250 1474 μάθωσιν
269 1426 451 1470 Ἰουδαῖοι,
475 1424 528 1463 ὅτι
551 1426 671 1476 πολλῷ
689 1427 820 1476 μᾶλλον
842 1429 859 1463 ὃ
876 1428 944 1463 τῶν
967 1425 1121 1477 ἀγγέλων

93 1487 276 1533 Δεσπότης
291 1486 407 1523 πάντα
430 1485 473 1523 τὰ
498 1485 683 1536 νοσήματα
708 1489 770 1532 τῆς
788 1488 902 1538 ψυχῆς
922 1489 1040 1524 ἰᾶσθαι
1060 1486 1121 1523 δύ-

91 1564 206 1586 ναται.
229 1547 320 1587 Ἀλλ’
340 1546 460 1599 ὥσπερ
481 1548 626 1585 ἐνταῦθα
646 1548 710 1599 οὐχ
726 1548 845 1590 ἁπλῶς
866 1549 942 1585 ἰᾶτο
958 1550 1026 1585 τῶν
1044 1548 1123 1585 ὑδά-

90 1625 158 1647 των
179 1613 200 1656 ἡ
220 1609 320 1662 φύσις
340 1604 382 1658 (ἦ
404 1609 471 1661 γὰρ
493 1609 532 1647 ἂν
550 1610 735 1653 διαπαντὸς
751 1614 852 1647 τοῦτο
872 1610 1028 1662 sylvam)-
1045 1612 1121 1648 ἀλλ’

91 1671 148 1709 ἐπὶ
180 1674 224 1723 τῇ
245 1674 326 1709 evo&
358 1671 506 1723 ἀγγέλου
536 1670 692 1724 ἐνεργείᾳ
708 1689 714 1695 ·
736 1670 826 1710 οὕτω
857 1671 915 1710 καὶ
948 1673 1000 1725 ἐφ’
1020 1675 1121 1722 ἡμῶν

90 1733 157 1784 οὐχ
188 1733 308 1775 ἁπλῶς
336 1732 376 1770 τὸ
407 1732 499 1784 ὕδωρ
529 1732 731 1783 ἐργάζεται,
765 1733 840 1770 ἀλλ’
868 1732 951 1772 ὅταν
980 1732 1043 1780 τὴν
1061 1736 1120 1770 τοῦ

91 1793 297 1844 Πνεύματος
316 1793 454 1840 δέξηται
475 1793 592 1846 χάριν,
610 1793 689 1831 τότε
706 1794 844 1832 ἅπαντα
860 1794 935 1832 λύει
950 1794 994 1833 τὰ
1010 1795 1122 1847 ἁμαρ-

91 1853 247 1904 τήματα.
276 1854 366 1906 Περὶ
400 1854 530 1901 ταύτην
553 1856 617 1901 τὴν
650 1855 899 1907 κολυμὸήθραν
929 1855 1123 1894 Κατέκειτο

91 1914 223 1958 πλῆθος
245 1913 332 1951 πολὺ
352 1916 420 1951 τῶν
441 1913 691 1960 ἀσθενούντων,
715 1917 866 1966 τυφλῶν,
883 1916 1021 1968 χωλῶν,
1038 1914 1121 1962 ί’ξη-

92 1975 175 2023 ρῶν,
199 1971 436 2024 ἐκδεχομένων
454 1972 517 2019 τὴν
532 1976 592 2010 τοῦ
616 1972 739 2017 ὕδατος
758 1972 907 2020 κίνησιν.
924 1974 1029 2012 Ἀλλὰ
1044 1974 1122 2012 τότε

97 2029 160 2079 μὲν
181 2033 202 2076 ἡ
224 2030 381 2069 ἀσθένεια
398 2030 547 2082 κώλυμα
568 2035 618 2084 τῷ
645 2032 844 2085 βουλομένῳ
871 2036 1124 2084 θεραπευθῆναι

94 2087 244 2139 ἐγίνετο·
264 2094 322 2128 νῦν
343 2090 378 2128 δὲ
404 2090 520 2143 κύριος
550 2090 694 2135 ἔκαστός
731 2094 804 2129 ἐστι
835 2093 1050 2142 προσελθεῖν.
1071 2094 1124 2131 Οὔ

92 2148 161 2200 γὰρ
195 2147 339 2200 ἄγγελός
361 2150 454 2188 ἐστιν
482 2153 500 2188 ὃ
519 2152 719 2203 ταράσσων,
736 2149 826 2189 ἀλλὰ
844 2154 862 2190 ὃ
878 2154 947 2189 τῶν
968 2152 1125 2204 ἀγγέλων

92 2207 273 2256 Δεσπότης
286 2212 304 2247 ὃ
323 2209 362 2247 τὸ
377 2216 445 2247 πᾶν
462 2211 703 2263 ἐργαζόμενος.
718 2211 789 2250 Καὶ
814 2213 876 2249 οὐκ
899 2211 991 2250 ἔστιν
1015 2214 1125 2250 εἰπεῖν

90 2271 108 2294 g
117 2268 189 2316 [νῦν
198 2267 255 2305 τὸν
265 2267 455 2318 κάμνοντα,
465 2269 645 2324 ἄνθρωπον
653 2269 806 2322 οὗκέχω·
816 2272 877 2308 οὐκ
885 2269 977 2309 ἔστιν
987 2273 1125 2323 εἶπεῖν,]

92 2329 127 2365 ἐν
144 2322 173 2380 ᾧ
190 2328 341 2381 ἔρχομαι
360 2332 554 2379 κατελθεῖν,
578 2331 681 2375 ἄλλος
710 2330 778 2383 πρὸ
804 2333 888 2382 ἐμοῦ
905 2332 1121 2371 καταξαίνει.

92 2448 252 2486 λίσκεται
268 2478 278 2496 ,
300 2449 378 2487 οὐδὲ
398 2453 419 2496 ἡ
438 2449 593 2502 ἐνέργεια
612 2451 828 2496 δαπανᾶται,
843 2452 920 2489 ἀλλ’
938 2452 1040 2502 ὁμοία
1060 2452 1119 2502 με’-

91 2523 162 2553 νει,
181 2507 241 2544 καὶ
265 2507 432 2554 τοιαύτη,
456 2507 511 2546 οἵα
541 2508 600 2546 καὶ
620 2509 688 2561 πρὸ
716 2508 852 2547 τούτου.
878 2509 948 2548 Καὶ
964 2510 1121 2562 καθάπερ

92 2569 128 2604 αἱ
154 2565 300 2611 ἡλιακαὶ
322 2568 456 2609 ἀκτῖνες
470 2568 547 2604 καθ’
567 2565 719 2612 ἑκάστην
741 2566 929 2618 φωτίζουσι
947 2567 1009 2615 τὴν
1026 2569 1115 2618 ἡμέ-

95 2641 169 2676 ραν,
190 2624 248 2662 καὶ
272 2626 310 2661 οὐ
333 2625 574 2671 δαπανῶνται,
595 2624 673 2663 οὐδὲ
696 2626 766 2663 ἀπὸ
784 2629 847 2671 τῆς
862 2627 994 2672 πολλῆς
1012 2642 1122 2678 χορη-

91 2683 170 2733 γίας
185 2682 328 2721 ἔλαττον
346 2685 467 2725 αὐταῖς
485 2683 618 2734 γίνεται
640 2683 679 2721 τὸ
701 2687 772 2736 φῶς
786 2699 793 2706 ·
815 2683 905 2721 οὕτω
921 2685 980 2722 καὶ
1000 2688 1120 2738 πολλῷ

95 2742 228 2791 μᾶλλον
262 2744 284 2787 ἧ
315 2744 374 2779 τοῦ
398 2741 603 2792 Πνεύματος
621 2742 773 2794 ἐνέργεια
801 2742 897 2781 οὐδὲν
917 2745 1119 2781 ἐλαττοῦται

90 2799 213 2852 *Ίπαρὰ
234 2800 274 2838 τὸ
292 2802 423 2847 πλῆθος
449 2804 517 2838 τῶν
542 2800 786 2838 ἀπολαυόντων
812 2803 929 2848 αὐτῆς.
949 2803 1064 2840 Τοῦτο
1083 2803 1118 2841 δὲ

93 2857 315 2911 ἐγίνετο,ὶ’να
339 2863 370 2898 οἱ
401 2859 566 2911 μαθόντες
595 2859 648 2899 ὅτι
669 2862 702 2898 ἐν
724 2860 823 2899 ὕδατι
847 2861 1030 2912 νοσήματα
1049 2861 1117 2899 σώ-

93 2934 200 2968 ματος
219 2917 269 2956 ἔνι
289 2922 517 2970 θεραπεῦσαι,
529 2918 589 2957 καὶ
603 2918 715 2971 τούτῳ
734 2918 842 2958 πολὺν
858 2919 1116 2972 ἐγγυμνασθέν-

90 2992 146 3019 τες
164 2975 299 3028 χρόνον,
322 2977 446 3029 ῥᾳδίως
461 2976 694 3016 πιστεύσωσιν
700 2978 770 3025 ,ὅτι
783 2977 842 3015 καὶ
857 2978 1038 3028 νοσήματα
1048 2981 1112 3030 ψυ-

90 3038 156 3086 χῆς
175 3036 291 3073 ἰᾶσθαι
306 3034 459 3073 δύναται.
476 3035 547 3073 Καὶ
560 3036 594 3073 τί
609 3036 739 3082 δήποτε
754 3036 886 3080 πάντας
901 3036 998 3088 ἀφεὶς
1016 3039 1033 3074 ὃ
1049 3037 1117 3083 Ἰη-

91 3096 192 3141 σοῦς,
211 3093 269 3130 ἐπὶ
285 3094 342 3132 τὸν
362 3094 641 3146 τριακονταοκτὼ
661 3095 721 3142 ἔτη
749 3098 874 3147 ἔχοντα
893 3090 997 3143 ἦλθε,
1026 3095 1060 3134 τί
1081 3095 1116 3134 δὲ

92 3151 151 3189 καὶ
186 3153 317 3204 ἐρωτᾷ,
349 3152 475 3196 Θέλεις
502 3153 600 3206 ὑγιὴς
626 3154 803 3206 γενέσθαι,
823 3157 904 3206 Οὐχ
937 3154 993 3192 ἵνα
1021 3154 1114 3206 μάθῃ

138 3276 151 3289 0
169 3264 270 3299 Savil.
291 3273 502 3311 βαπτίσματος
518 3275 653 3308 πίστεως.

141 3317 156 3341 ‘¹
179 3317 292 3349 Morel.
312 3325 359 3354 ἐπὶ
382 3330 441 3354 τῶν
467 3325 566 3355 ἄλλων
587 3325 706 3364 μᾶλλον
729 3329 786 3355 τῶν
810 3325 989 3366 ἀρχετύττων
1008 3337 1111 3368 χειρα-

99 3376 202 3411 γωγεῖν
215 3371 362 3405 δύνανται.
382 3372 456 3403 Mox
474 3373 575 3405 Savil.
593 3382 651 3406 τῶν
666 3377 844 3417 estha-24:050&-

145 3426 156 3439 ⁰
173 3420 284 3452 florei·
306 3428 358 3456 τοῦ
374 3428 499 3466 ἄγγε’)ου
516 3429 689 3458 καταέάσεε.

1157 245 1312 274 xxxvi.
1353 229 1414 273 al.
1460 246 1597 275 xxxv.

2082 241 2170 300 235]

1191 324 1309 361 omnia
1328 323 1502 374 ablueret,
1519 325 1610 374 quod
1639 339 1683 362 ex
1703 327 1848 364 mortuis
1877 328 1976 366 vivos
2000 332 2172 371 redderet.

1190 385 1272 423 Haec
1286 398 1370 437 ergo
1388 395 1426 422 ut
1446 385 1482 422 in
1506 386 1658 437 imagine
1678 386 1917 439 depinguntur
1937 389 1973 427 in
1994 391 2126 442 piscina
2144 404 2174 430 et

1191 445 1225 483 in
1245 445 1326 483 aliis
1358 445 1492 482 multis.
1524 445 1569 483 Et
1599 445 1712 498 primo
1741 447 1883 498 quidem
1903 463 2032 500 aquam
2062 452 2174 492 dedit.

1188 520 1266 557 qum
1297 521 1487 558 corporum
1521 508 1678 545 maculas
1707 509 1877 558 ablueret,
1900 512 2088 563 sordesque
2110 529 2176 552 non

1188 581 1304 618 veras,
1326 567 1386 605 sed
1408 569 1495 606 tales
1514 569 1754 620 existimata53
1774 585 1819 609 ex
1836 573 1958 610 sunere
1976 588 2112 626 nempe,
2133 592 2177 613 ex

1139 631 1162 660 C
1187 629 1297 682 lepra,
1319 639 1352 668 et
1373 630 1524 668 similes:
1549 633 1730 683 multaque
1764 634 1882 672 videre
1916 645 1963 673 est
1987 637 2107 675 eadem
2135 638 2179 676 de

1189 706 1292 730 causa
1312 692 1348 730 in
1361 693 1470 732 veteri
1491 693 1567 744 lege
1585 709 1647 746 per
1676 710 1806 745 aquam
1830 697 2014 735 mundata.
2040 699 2110 737 Sed
2130 700 2175 737 ad

1190 753 1411 805 propositum
1423 754 1498 806 jam
1521 754 1717 793 redeamus.
1736 756 1855 794 Primo
1875 758 2004 808 itaque,
2028 769 2065 796 ut
2085 759 2179 797 dixi-

1190 829 1282 864 mus,
1303 830 1491 868 corporum
1514 818 1683 867 maculas,
1705 819 1832 856 deinde
1853 821 1970 858 varias
1991 822 2179 860 infirmita-

1191 887 1321 931 tes'per
1339 894 1469 930 aquam
1486 881 1575 919 solvi
1604 891 1717 919 curat.
1745 884 1793 920 Ut
1821 883 1913 920 enim
1930 898 1993 922 nos
2022 887 2119 923 Deus
2135 886 2179 923 ad

1190 941 1359 993 baptismi
1377 942 1527 993 gratiam
1544 943 1690 995 propius
1706 943 1903 993 reduceret,
1926 961 1994 984 non
2012 948 2087 999 jam
2108 962 2182 985 ma-

1193 1003 1290 1041 culas
1311 1004 1441 1053 solum,
1462 1004 1523 1042 sed
1543 1015 1575 1042 et
1592 1006 1737 1044 morbos
1753 1017 1862 1045 sanat.
1890 1009 2068 1060 Imagines
2088 1011 2182 1048 enini

1194 1078 1272 1115 quae
1288 1065 1435 1117 propius
1451 1066 1495 1104 ad
1522 1067 1705 1105 veritatem
1736 1068 1921 1115 accedunt,
1943 1080 1975 1108 et
1995 1071 2030 1108 in
2057 1072 2180 1124 bapti—

1194 1136 1307 1164 smate
1322 1137 1355 1165 et
1373 1127 1409 1165 in
1433 1128 1594 1180 passione
1615 1139 1647 1166 et
1679 1130 1714 1167 in
1741 1130 1821 1167 aliis
1847 1132 1961 1183 magis
1986 1134 2181 1185 conspicuae

1194 1195 1288 1236 sunt,
1306 1202 1413 1238 quam
1433 1190 1655 1228 vetustiores.
1681 1191 1995 1237 Quemadmodum
2009 1194 2102 1231 enim
2121 1195 2182 1245 qui

1194 1262 1304 1300 prope
1317 1262 1435 1299 regem
1454 1259 1535 1287 sunt
1555 1251 1736 1296 satellites,
1758 1253 2006 1291 remotioribus
2025 1264 2107 1292 sunt
2120 1255 2183 1292 ho-

1194 1309 1405 1347 noratiores:
1425 1310 1471 1347 ita
1492 1319 1525 1348 et
1541 1310 1574 1347 in
1593 1311 1719 1362 figuris
1732 1313 1867 1351 factum
1884 1323 1945 1352 est.
1968 1315 2015 1352 Et
2036 1316 2183 1367 angelus

1193 1370 1408 1410 descendens
1427 1373 1593 1411 turbabat
1622 1388 1766 1424 aquam,
1797 1385 1831 1413 et
1859 1376 2009 1414 sanandi
2034 1378 2109 1416 vim
2129 1378 2182 1415 in‹

1193 1431 1299 1470 debat
1324 1433 1406 1485 ipsi,
1428 1443 1466 1471 ut
1481 1434 1654 1472 discerent
1673 1436 1802 1483 Judaei,
1820 1438 2028 1488 angelorum
2057 1440 2183 1478 Domi-

1193 1508 1280 1532 num
1300 1495 1413 1532 multo
1433 1495 1546 1546 magis
1561 1510 1661 1547 posse
1677 1497 1802 1535 animae
1822 1499 1963 1537 morbos
1977 1515 2098 1539 omnes
2121 1516 2182 1539 cu-

1193 1570 1282 1593 rare.
1299 1555 1369 1594 Sed
1385 1556 1687 1607 quemadmodum
1698 1558 1761 1596 hic
1775 1573 1948 1610 aquarum
1970 1572 2094 1599 natura
2111 1577 2180 1601 non

1193 1615 1403 1669 simpliciter
1432 1618 1594 1667 curabat,
1615 1619 1773 1670 alioquin
1799 1621 1894 1658 enim
1915 1636 2054 1674 semper
2078 1623 2115 1660 id
2130 1624 2181 1661 fa-

1193 1688 1301 1727 ceret,
1321 1677 1382 1715 sed
1401 1679 1518 1730 angeli
1535 1680 1736 1731 operatione
1751 1680 1788 1719 id
1807 1682 1931 1720 fiebat:
1955 1684 2006 1721 sic
2030 1684 2065 1722 in
2082 1686 2182 1723 nobis

1192 1753 1261 1776 non
1285 1753 1376 1789 aqua
1395 1739 1604 1791 simpliciter
1620 1751 1795 1793 operatur,
1812 1742 1872 1781 sed
1898 1754 2086 1796 postquam
2106 1747 2185 1799 Spi-

1192 1800 1283 1838 ritus
1302 1800 1453 1852 gratiam
1466 1802 1652 1853 acceperit,
1670 1812 1752 1841 tnnc
1765 1805 1883 1842 omnia
1903 1806 2009 1844 solvit
2028 1818 2182 1859 peccata.

1195 1863 1301 1900 Circa
1321 1863 1413 1901 hanc
1429 1863 1603 1916 piscinam
1617 1866 1786 1903 ⁴Iacebat
1812 1868 2018 1906 multitudo
2039 1885 2187 1922 magna

1194 1925 1453 1978 infirmorum,
1477 1940 1678 1973 coecorum,
1702 1928 1944 1975 claudorum,
1967 1932 2180 1978 aridorum,

1195 1999 1306 2037 aquoe
1326 1995 1472 2023 motum
1492 1991 1809 2038 e.rspectantimn.
1831 1989 1901 2028 Sed
1927 2000 2011 2028 tunc
2031 1992 2185 2031 infirmi-

1194 2057 1246 2085 tas
1267 2047 1521 2100 impedimento
1542 2059 1628 2099 erat,
1649 2051 1840 2100 quominus
1860 2051 1890 2090 is
1907 2053 1969 2103 qui
1998 2054 2105 2092 vellet
2128 2070 2182 2093 sa-

1193 2117 1336 2146 naretur
1356 2125 1364 2145 :
1383 2123 1476 2146 nunc
1497 2118 1614 2147 autem
1636 2111 1881 2163 unusquisque
1896 2123 2106 2166 potestatem
2126 2131 2184 2154 ac-

1195 2170 1343 2209 cedendi
1360 2170 1477 2208 babet.
1503 2172 1581 2209 Non
1601 2172 1696 2209 enim
1717 2174 1865 2225 angelus
1894 2184 1945 2213 est
1967 2176 2028 2226 qui
2053 2191 2182 2228 aquam

1194 2241 1327 2280 movet,
1342 2231 1403 2270 sed
1423 2232 1630 2284 angelorum
1645 2234 1820 2272 Dominus
1834 2236 1953 2274 omnia
1976 2238 2095 2275 efficit.
2112 2241 2184 2277 Nec

1193 2291 1311 2331 dicere
1330 2306 1530 2345 possumus,
1547 2295 1642 2331 Dum
1662 2308 1725 2345 ego
1747 2295 1896 2345 accedo,
1917 2297 2008 2335 alius
2028 2308 2107 2336 ante
2126 2314 2182 2338 me

1143 1307 1168 1335 D

1134 2356 1179 2380 ²0⁸
1193 2353 1387 2392 descendit.
1406 2353 1475 2392 Sed
1502 2354 1531 2391 si
1552 2363 1645 2391 totus
1670 2355 1765 2393 orbis
1792 2357 1927 2394 venerit
1970 2358 2080 2396 aratia
2111 2374 2182 2398 non

92 2387 197 2427 Ἀλλὰ
217 2389 283 2427 κᾶν
306 2392 327 2436 ἡ
346 2390 531 2441 οἰκουμένη
550 2397 647 2428 πᾶσα
667 2391 748 2442 ἔλθῃ
761 2420 770 2437 ,
791 2393 812 2437 ἡ
833 2391 936 2443 χάρις
956 2394 1019 2430 οὐκ
1039 2395 1122 2430 ἀνα·
1144 2394 1169 2422 Α

1929 2387 1939 2405 7
1969 2386 1988 2408 t>

1194 2417 1427 2465 consumitur,
1438 2431 1549 2467 neque
1564 2417 1617 2455 vis
1631 2418 1686 2455 vel
1703 2419 1860 2469 operatio
1875 2419 1978 2456 defici
1985 2429 2007 2470 t,
2019 2421 2078 2458 sed
2092 2436 2180 2461 sem·

1193 2493 1255 2530 per
1276 2477 1399 2515 eadem
1415 2487 1545 2514 manet.
1576 2480 1626 2515 Ac
1644 2478 1947 2528 quemadmodum
1966 2482 2097 2520 solares
2123 2499 2180 2523 ra-

1192 2541 1243 2578 dii
1265 2540 1423 2591 quotidie
1444 2540 1661 2587 illuminant,
1681 2554 1744 2578 nec
1775 2542 2028 2592 absumuntur,
2066 2559 2180 2597 neque

1192 2601 1286 2652 quod
1297 2601 1420 2638 multis
1432 2600 1759 2652 subministrentur,
1775 2602 1866 2641 lucis
1876 2603 2061 2657 quidpiam
2077 2608 2178 2646 amit-

1193 2672 1291 2700 tunt:
1312 2662 1375 2711 sic,
1396 2662 1468 2699 imo
1484 2662 1597 2699 multo
1615 2663 1732 2701 minus
1760 2664 1917 2716 Spiritus
1936 2668 2093 2719 operatio
2112 2671 2179 2708 mi-

1193 2724 1317 2761 nuitur
1347 2737 1368 2760 a
1403 2723 1635 2761 multitudine
1665 2725 1928 2777 accipientium.
1959 2728 2035 2766 Hoc
2061 2740 2178 2768 autem

1190 2786 1324 2822 factum
1337 2793 1400 2832 est,
1420 2793 1459 2821 ut
1477 2784 1538 2835 qui
1557 2784 1730 2823 discerent
1744 2786 1779 2824 in
1799 2801 1890 2838 aqua
1915 2790 2089 2828 curandos
2105 2806 2179 2830 esse

1192 2847 1348 2900 corporis
1367 2845 1523 2896 morbos,
1538 2857 1571 2885 et
1587 2847 1653 2885 hac
1670 2848 1705 2886 in
1720 2864 1757 2887 re
1775 2850 1837 2888 diu
1858 2853 2040 2891 exercitati
2052 2866 2177 2903 essent,

1189 2909 1329 2946 facilius
1347 2907 1528 2946 crederent
1549 2908 1656 2946 etiam
1684 2910 1828 2949 morbos
1850 2912 1961 2950 animi
1981 2928 2083 2965 posse
2113 2929 2175 2953 cu-

1190 2970 1272 3007 rari.
1299 2970 1372 3007 Cur
1399 2983 1504 3021 porro
1525 2969 1642 3007 missis
1666 2971 1799 3009 caeteris
1822 2973 1988 3011 omnibus
2007 2976 2110 3014 Jesus
2132 2977 2177 3014 ad

1189 3046 1285 3082 eum,
1300 3030 1363 3083 qui
1380 3031 1525 3082 triginta
1540 3040 1617 3069 octo
1631 3046 1740 3070 annos
1756 3034 1961 3084 aegrotabat,
1976 3036 2074 3073 venit
2087 3036 2103 3073 9
2116 3052 2179 3074 cur

1190 3094 1394 3145 interrogat,
1417 3095 1482 3131 Vis
1500 3107 1619 3132 sanus
1629 3095 1750 3146 fieri?
1765 3096 1844 3133 Non
1872 3105 1911 3133 ut
1943 3096 1980 3134 id
2009 3097 2178 3145 disceret3

1189 3153 1281 3192 illud
1293 3154 1386 3192 enim
1399 3169 1698 3206 supervacaneum
1710 3155 1829 3194 suisset
1837 3172 1846 3205 ;
1857 3157 1916 3194 sed
1931 3167 1969 3196 ut
1983 3158 2090 3209 hujus
2106 3174 2180 3210 per-

1220 3272 1234 3295 f
1249 3269 1309 3302 Alii
1328 3275 1434 3314 ξηρῶν,
1455 3277 1649 3313 ἀναμένοντες
1666 3279 1729 3309 τήν.

1221 3332 1234 3355 s
1247 3322 1373 3365 [Verba
1392 3324 1484 3355 uncis
1500 3322 1624 3355 inclusa
1642 3334 1680 3355 ex
1694 3324 1751 3356 sau
1763 3322 1794 3357 il.
1815 3331 1847 3355 et
1859 3323 1967 3356 Codd.
1988 3328 2108 3358 nostris
2125 3327 2185 3359 ad-

1179 3372 1352 3416 didimus]

1223 3435 1235 3450 ἱ·
1253 3425 1399 3467 Quidam
1418 3432 1562 3473 παρατοῖ
1583 3430 1722 3464 πλήθους,

1943 3483 2000 3518 17.

2270 1579 2382 1606 Piscina

2237 1621 2389 1648 probatica

2195 1662 2332 1697 baptismi
2349 1663 2384 1688 fi·-

2196 1712 2278 1740 guva.
