2481 3678
105 513 139 540 In
157 513 273 540 Christo

105 556 169 582 duze
191 554 295 581 volun-

105 602 195 627 tates,
222 605 295 632 quo-

106 637 204 664 modo.

115 1148 188 1176 Gal.
203 1154 230 1174 2.
246 1155 296 1175 20.

307 198 395 246 268
757 209 794 240 s.

303 294 499 335 secundum
517 293 616 332 illam
635 291 834 345 opinionem
855 289 975 328 datam
996 287 1152 340 accipere
1169 302 1177 323 ε
1199 285 1287 323 alio-

303 366 389 416 quin
418 365 531 404 multa
566 371 792 415 sequerentur
822 359 987 398 absurda.
1020 355 1286 405 Animadverte,

304 450 422 486 quaeso
432 451 442 485 3
461 435 569 485 dixit,
598 435 688 472 Non
718 444 846 484 quoero
877 430 1121 467 voluntatem
1147 439 1285 463 meam.

306 506 403 558 Ergo
423 506 492 544 alia
517 515 569 543 est
581 505 658 556 ejus
676 503 854 550 voluntas,
869 509 903 538 et
918 500 1021 549 longe
1044 496 1205 543 inferlm-3
1225 509 1289 532 nec

308 574 413 614 modo
429 574 587 623 inferior,
613 571 676 611 sed
700 572 805 609 etiam
829 583 899 608 non
925 578 998 606 tam
1019 566 1127 604 utilis.
1148 566 1239 603 Nam
1259 564 1289 602 si

306 643 471 681 salutaris
495 650 596 691 esset,
626 650 660 678 et
690 639 719 677 si
748 646 953 677 consonaret
991 649 1073 673 eum
1108 634 1290 672 voluntate

306 713 435 759 Patris,
476 726 539 749 cur
575 710 675 748 illam
698 722 767 746 non
793 706 944 758 quaeris‘?
965 705 1133 743 Homines
1159 703 1292 755 quippe

301 783 382 834 jure
406 782 473 819 hoc
491 781 610 834 ipsum
639 779 816 826 dixerint,
842 777 961 829 utqui
987 777 1116 814 multas
1140 775 1292 812 habeant

307 852 507 890 voluntates
538 860 664 904 praetcr
684 849 751 888 Dei
777 848 962 901 placitum.
982 848 1040 885 Tu
1057 860 1140 885 vero
1160 860 1229 896 qua
1248 844 1293 882 de

309 937 412 961 causa
431 923 481 961 sic
498 922 670 973 loqueris,
685 921 746 972 qui
764 934 829 972 per
842 919 959 957 omnia
976 917 1074 955 Patri
1094 916 1222 954 similis
1237 915 1292 953 es?

309 992 385 1029 Hoc
401 991 495 1030 enim
508 991 659 1030 verbum
676 1003 776 1027 nemo
789 987 923 1026 dixerit
941 1001 1014 1025 esse
1032 985 1105 1024 viri
1120 984 1290 1035 accurati,

309 1060 417 1111 etqui
438 1060 634 1098 crucifixus
654 1059 710 1097 sit.
731 1059 770 1097 Si
789 1070 942 1107 namque
957 1056 1090 1094 Paulus
1109 1055 1157 1091 ita
1179 1068 1214 1091 se
1232 1068 1297 1092 vo-

312 1130 440 1169 luntati
453 1130 520 1168 Dei
533 1129 687 1181 copulat,
696 1137 736 1165 ut
745 1127 854 1177 dicat,
871 1128 917 1164 Vi
921 1139 965 1164 νο
977 1134 1106 1163 autem
1110 1126 1198 1176 jam
1211 1136 1292 1174 ego,

312 1202 412 1237 vivit
440 1212 534 1236 vero
562 1201 603 1235 in
626 1211 685 1235 me
717 1198 904 1241 Christus,
933 1193 1112 1245 quomodo
1136 1192 1298 1230 omnium

313 1269 488 1308 Dominus
498 1267 646 1316 dixerit,
661 1269 750 1305 Non
761 1279 890 1319 quoero
900 1265 1145 1302 voluntatem
1155 1276 1295 1308 meam,

312 1340 381 1377 sed
395 1341 475 1391 ejzts
489 1340 555 1390 qui
571 1340 673 1375 misit
689 1351 760 1383 me,
775 1349 815 1373 ac
830 1335 860 1373 si
873 1334 942 1372 alia
955 1335 1010 1372 sit.
1020 1333 1120 1380 Quid
1134 1347 1216 1385 ergo
1229 1332 1299 1370 sihi

314 1411 418 1448 vult?
435 1409 549 1458 Quasi
564 1409 673 1446 homo
692 1407 867 1459 loquitur,
883 1415 918 1443 et
936 1405 1136 1443 secundum
1151 1404 1298 1442 audito—

314 1495 395 1517 rum
415 1479 628 1531 opinionem.
647 1479 739 1516 Cum
757 1477 852 1514 enim
867 1475 1032 1528 superius
1045 1475 1115 1512 alia
1130 1483 1170 1512 ut
1183 1476 1297 1524 Deus,

314 1551 384 1588 alia
398 1559 437 1587 ut
450 1550 557 1587 homo
568 1548 702 1586 dixisse
713 1547 987 1595 demonstretur,
1003 1559 1127 1582 rursus
1141 1553 1180 1581 ut
1192 1544 1300 1582 homo

314 1622 389 1658 haec
408 1621 541 1672 profert
560 1628 594 1656 et
612 1619 675 1668 ait,
697 1619 893 1656 Judicium
919 1629 1044 1653 meum
1056 1618 1204 1667 justum
1227 1622 1296 1652 est.

316 1689 363 1727 Et
382 1688 477 1726 unde
510 1688 579 1726 hoc
597 1687 734 1738 liquet?
759 1687 859 1736 Quia
874 1698 952 1722 non
969 1698 1097 1736 quaero
1114 1684 1299 1721 volunta-

317 1767 392 1795 tem
411 1772 549 1804 meam,
568 1758 636 1795 sed
654 1756 899 1793 voluntatem
917 1756 998 1806 ejus
1019 1756 1084 1806 qui
1105 1756 1208 1791 misit
1223 1766 1296 1790 me.

316 1829 418 1866 Sicut
442 1827 536 1866 enim
565 1827 687 1876 homo,
706 1825 769 1876 qui
789 1825 834 1862 ab
856 1824 985 1862 affectu
1019 1823 1110 1861 liber
1136 1832 1201 1872 est,
1231 1836 1299 1860 non

317 1907 430 1950 potest
443 1898 539 1949 juste
557 1895 715 1935 accusari
734 1894 832 1946 quod
856 1903 983 1947 praeter
1000 1894 1052 1931 fas
1066 1893 1300 1945 judicaverit:

317 1968 367 2005 sic
386 1981 449 2005 nec
470 1981 526 2004 me
546 1968 623 2019 jam
647 1965 807 2018 poteritis
836 1964 1101 2017 reprehendere.
1128 1965 1221 2002 Nam
1239 1965 1303 2015 qui

317 2038 397 2074 vult
429 2051 492 2075 sua
524 2036 696 2084 stabilire,
713 2036 795 2087 jure
822 2034 976 2083 fortassis
1000 2033 1037 2071 in
1066 2032 1303 2086 suspicionem

318 2107 451 2158 veniat,
470 2106 570 2158 quod
588 2106 654 2143 hac
670 2105 714 2143 de
734 2119 838 2144 causa
852 2103 1029 2156 justitiam
1053 2103 1303 2155 pessumdede-

319 2180 377 2216 rit.
395 2178 469 2226 Qui
489 2192 574 2216 vero
595 2192 658 2215 sua
684 2190 752 2214 non
777 2175 935 2228 respicit,
957 2189 1027 2225 qua
1047 2175 1092 2212 de
1111 2189 1215 2212 causa
1234 2188 1304 2212 non

314 2258 410 2301 Juste
432 2248 611 2286 calculum
636 2247 748 2284 ferat?
768 2246 845 2283 Hoc
873 2245 992 2296 itaque
1017 2244 1202 2282 ratiocinio
1228 2257 1305 2294 quae

320 2319 365 2356 ad
385 2333 440 2356 me
460 2326 619 2370 spectant
632 2316 824 2368 explorate.
840 2315 933 2352 Nam
949 2314 979 2351 si
994 2313 1149 2352 dicerem
1165 2327 1221 2350 me
1236 2326 1305 2350 non

321 2404 339 2426 a
369 2390 473 2426 Patre
503 2387 651 2425 missum
675 2400 762 2430 esse,
791 2398 854 2423 nec
878 2393 1059 2435 gestorum
1088 2383 1238 2435 gloriam
1261 2382 1307 2421 ad

322 2458 426 2494 illum
445 2457 625 2505 referrem,
648 2462 807 2493 vestrum
832 2454 976 2490 fortasse
995 2452 1174 2504 quispiam
1192 2452 1306 2504 suspi-

325 2533 477 2573 caretur,
499 2538 555 2561 me
569 2520 830 2575 jactabundum
848 2535 933 2560 vera
952 2535 1020 2559 non
1040 2520 1156 2558 dicere
1174 2536 1181 2557 :
1198 2520 1227 2558 si
1246 2535 1308 2558 au-

326 2602 395 2630 tem
422 2592 521 2629 alteri
542 2602 575 2630 et
590 2607 669 2643 quae
690 2592 782 2629 facta
803 2599 886 2628 sunt
904 2590 1031 2637 refero,
1052 2604 1117 2627 cur
1135 2589 1229 2628 dicta
1247 2590 1309 2627 illa

327 2670 486 2713 suspecta
511 2661 695 2699 habeatis?
724 2660 855 2700 Viden’
878 2675 949 2711 quo
976 2673 1172 2699 sermonem
1198 2659 1311 2697 (ledu-

329 2732 437 2780 xerit,
453 2740 486 2768 et
499 2731 593 2768 unde
607 2730 784 2783 judicium
804 2744 908 2767 suum
921 2731 1057 2782 justum
1071 2743 1143 2767 esse
1157 2727 1311 2767 asserat?

331 2802 435 2840 Unde
465 2801 632 2840 videlieet
658 2801 776 2852 quivis
794 2815 813 2838 e
831 2801 939 2853 vulgo
957 2800 1197 2838 defensionem
1210 2812 1313 2851 para-

332 2881 394 2910 ret.
420 2871 552 2911 Viden'
578 2870 675 2921 quod
700 2884 789 2921 saepe
815 2870 907 2915 dixi,
931 2869 1112 2920 quomodo
1141 2868 1235 2907 clare
1258 2882 1314 2906 re-

332 2937 538 2992 splendeat?
555 2936 654 2983 Quid
672 2936 763 2973 illud
775 2945 824 2973 est
837 2936 934 2986 quod
946 2936 1049 2974 dixi?
1064 2936 1168 2973 Illam
1180 2943 1316 2972 tantam

334 3009 525 3047 verborum
554 3006 795 3044 humilitatem
827 3019 917 3042 sanae
950 3005 1076 3043 mentis
1108 3004 1316 3044 hominibus

334 3079 495 3129 suadere,
510 3092 553 3116 ne
565 3077 659 3114 dicta
679 3075 798 3113 statim
815 3074 860 3111 ad
880 3075 1003 3112 infima
1022 3075 1237 3127 deprimant,
1256 3073 1317 3112 sed

337 3149 454 3202 potius
474 3149 510 3186 in
530 3146 774 3185 sublimiorem
801 3158 940 3183 sensum
974 3145 1123 3195 ducant5
1154 3146 1225 3184 imo
1255 3146 1317 3198 qui

382 3286 397 3301 '¹
422 3286 509 3327 [Pro
526 3287 603 3320 εἶπεν
619 3290 654 3319 ἄν
669 3282 769 3317 Savil.
788 3290 820 3315 ct
836 3281 921 3316 Cod.
938 3284 1001 3314 706
1019 3284 1136 3326 φησιν.]

382 3348 394 3361 2·
420 3337 520 3370 Savil.
538 3342 672 3384 προάγει.
690 3334 763 3379 [Ita
779 3345 908 3377 quoque
925 3333 1009 3366 Cod.
1028 3335 1104 3373 706,
1118 3334 1233 3374 reete]

1308 992 1355 1058 ²23
1364 1014 1478 1050 Τοῦτο
1493 1011 1559 1063 γὰρ
1576 1011 1651 1049 οὐδὲ
1668 1010 1788 1063 ἀνδρὸς
1802 1010 2043 1063 ἠκριὸωμένου
2054 1010 2112 1048 καὶ
2123 1010 2388 1062 ἐσταυρωμένου

833 207 1009 239 JOANNIS
1045 204 1285 236 CnRYSOST.
1325 203 1527 233 ARCfflEP.
1567 200 1917 232 CONSTANTINOP.

1361 284 1515 334 μάλιστα
1533 284 1568 320 ἐν
1587 287 1659 326 τοῖς
1694 281 1860 324 τοιούτοις
1887 281 1935 332 μὴ
1962 280 2007 318 τὰ
2022 280 2192 331 λεγόμενα
2211 282 2376 327 ἐξετάζειν

1360 344 1475 396 μόνον,
1495 343 1584 382 ἀλλὰ
1603 343 1661 381 καὶ
1680 342 1741 390 τὴν
1764 342 1925 380 ὑπόνοιαν
1943 345 2012 380 τῶν
2032 342 2261 393 ἀκροωμένων
2274 359 2378 393 προσ-

1358 406 1510 453 τιθέναι,
1538 403 1597 442 κοιλι
1622 404 1712 441 οὕτω
1736 407 1803 442 τῶν
1829 404 2026 454 λεγομένων
2048 403 2198 451 ἀκούειν,
2217 406 2263 447 ὡς
2295 405 2380 456 πρὸς

1359 466 1493 512 ἐκείνην
1513 464 1704 517 εἰρημένων
1733 464 1916 502 ὑπόνοιαν·
1943 463 2020 502 ἐπεὶ
2052 463 2166 501 πολλὰ
2195 463 2316 516 ἕψεται
2335 465 2380 502 τὰ

1360 527 1485 565 ἄτοπα.
1509 525 1641 564 Σκόπει
1666 524 1751 576 γάρ·
1781 518 1892 572 εἶπεν,
1911 526 1963 563 Οὔ
1992 526 2086 571 ζητῶ
2111 524 2150 562 τὸ
2179 524 2314 575 θέλημα
2342 525 2383 562 τὸ

1360 587 1455 638 ἐμόν.
1474 589 1610 626 Οὐκοῦν
1630 586 1745 639 ἔτερόν
1768 587 1843 623 ἐστι
1863 585 1902 622 τὸ
1922 586 2026 623 αὑτοῦ
2045 585 2200 635 θέλημα,
2220 585 2278 623 καὶ
2296 585 2383 638 σφό-

1362 651 1425 701 δρα
1445 648 1588 686 ἀποδέον
1601 664 1609 671 ·
1629 648 1688 686 καὶ
1703 646 1780 685 οὐδὲ
1796 647 1915 689 ἁπλῶς
1929 645 2087 691 ἀποδέον,
2109 639 2187 684 ἀλλ’
2202 647 2278 685 οὐδὲ
2293 646 2384 699 ὠφέ-

1360 711 1462 759 λιμον
1484 708 1604 751 οὕτως.
1628 707 1730 746 Ἐπεὶ
1750 710 1780 745 εἷ
1803 708 2023 758 σωτηριῶδες
2044 700 2085 752 ἦν
2105 706 2166 744 καὶ
2193 707 2384 757 συμὸαἷνον

1361 772 1411 822 τῷ
1429 773 1488 807 τοῦΙ
1507 769 1665 821 Πατρὸς,
1686 768 1776 812 τίνος
1793 768 1906 806 ἕνεκεν
1928 767 2010 805 αὐτὸ
2027 768 2065 804 οὗ
2086 770 2217 815 ζητεῖς;
2233 767 2384 820 Ἄνθρω-

1362 846 1422 869 ποι
1442 830 1504 881 μὲν
1528 834 1595 882 γὰρ
1615 829 1756 873 εἰκότως
1785 829 1825 866 ἂν
1845 832 1946 866 τοῦτο
1961 827 2107 879 λέγοιεν,
2134 831 2181 871 ὡς
2198 828 2312 866 πολλὰ
2327 831 2385 868 θε-

1362 892 1504 942 λήματα
1529 890 1666 943 ἔχοντες
1689 889 1786 942 παρὰ
1814 888 1857 927 τὰ
1875 892 1925 942 τῷ
1953 891 2036 941 Θεῷ
2059 890 2246 926 δοκοῦντα·
2273 888 2314 927 σὺ
2350 888 2385 927 δὲ

1363 951 1454 994 τίνος
1468 951 1582 989 ἕνεκεν
1598 954 1700 988 τοῦτο
1715 950 1782 1003 φῂς
1792 980 1802 998 ,
1820 951 1910 989 κατὰ
1925 950 2041 988 πάντα
2056 949 2176 992 ἐοικὼς
2192 952 2242 1002 τῷ
2258 949 2388 1002 Πατρί;

1365 1073 1457 1110 εἴποι
1478 1088 1528 1114 τις
1559 1071 1598 1109 ἂν
1624 1066 1711 1110 εἶναι
1730 1071 1769 1109 τὸ
1790 1074 1896 1124 ῥῆμα.
1925 1073 1970 1109 Εἰ
1985 1071 2051 1123 γὰρ
2075 1073 2092 1108 ὃ
2111 1072 2252 1114 Παῦλος
2280 1070 2388 1114 οὕτως

1367 1134 1487 1170 ἑαυτὸν
1508 1131 1652 1184 ἐκέρασε
1669 1135 1718 1184 τῷ
1735 1132 1906 1182 θελήματι
1919 1137 1978 1170 τοῦ
1996 1134 2088 1171 Θεοῦ
2100 1161 2110 1179 ,
2129 1135 2175 1176 ὡς
2189 1135 2309 1180 εἰπεῖν,
2329 1135 2388 1170 Ζῶ

1367 1194 1402 1231 δὲ
1422 1194 1484 1230 οὐκ
1500 1192 1551 1230 ἔτι
1570 1191 1639 1243 ἐγὼ
1651 1222 1660 1240 ,
1677 1194 1717 1244 ζῇ
1739 1192 1774 1230 δὲ
1791 1194 1825 1230 ἐν
1843 1193 1921 1243 ἐμοὶ
1940 1192 2091 1244 Χριστὸς
2104 1221 2113 1237 ,
2129 1196 2203 1236 πῶς
2219 1196 2236 1231 ὃ
2249 1193 2389 1231 πάντων

1366 1253 1548 1300 Δεσπότης
1562 1245 1685 1291 Ἃ““εἷπεν
1708 1252 1761 1300 ἂν,
1781 1253 1835 1292 ὅτι
1851 1255 1904 1292 Οὖ
1922 1255 2015 1299 ζητῶ
2029 1253 2068 1290 τὸ
2085 1253 2222 1303 θέλημα
2240 1256 2280 1291 τὸ
2293 1253 2389 1304 ἐμὸν,

1368 1313 1458 1352 ἀλλὰ
1482 1313 1521 1351 τὸ
1547 1312 1684 1364 θέλημα
1710 1318 1770 1352 τοῦ
1794 1312 2003 1366 πέμψαντός
2016 1329 2078 1364 με,
2095 1317 2141 1357 ὡς
2159 1314 2276 1365 ἑτέρου
2295 1315 2390 1358 ὄντος

1367 1374 1515 1423 ἐκείνου;
1547 1374 1594 1413 Τί
1624 1369 1680 1412 οὖν
1711 1377 1805 1413 ἐστιν
1830 1375 1851 1414 δ’
1877 1391 2003 1428 φησιν;
2034 1375 2096 1418 Ὡς
2126 1377 2180 1412 ἐπ’
2209 1375 2390 1427 ἀνθρώπου

1366 1436 1561 1487 ’Ἱπροσοίγει
1593 1434 1651 1473 τὸν
1680 1435 1794 1487 λόγον,
1826 1435 1886 1474 καὶ
1915 1435 2001 1488 πρὸς
2035 1435 2097 1482 τὴν
2125 1435 2288 1474 ὑπόνοιαν
2321 1438 2390 1474 τῶν

1369 1495 1599 1547 ἀκροωμένων
1615 1496 1812 1548 φθέγγεται.
1830 1496 1975 1543 Ἐπειδὴ
1994 1495 2061 1548 γὰρ
2081 1496 2150 1534 ἀπὸ
2168 1500 2238 1534 τῶν
2257 1496 2392 1548 ἔμπρο-

1370 1559 1449 1594 σθεν
1470 1555 1627 1600 ἀπέδειξε
1644 1556 1688 1594 τὰ
1702 1556 1876 1608 λεγόμενα
1887 1587 1897 1605 ,
1913 1557 1957 1595 τὰ
1974 1557 2037 1607 μὲν
2056 1559 2257 1609 θεοπρεπῶς
2269 1586 2278 1603 ,
2295 1557 2338 1595 τὰ
2356 1557 2391 1594 δὲ

1371 1616 1590 1668 ἀνθρωπίνως
1620 1617 1812 1668 διαλεχθεὶς
1825 1648 1835 1665 ,
1858 1617 1963 1655 πάλιν
1994 1619 2040 1660 ὣς
2072 1617 2251 1669 ἅνθρωπος
2279 1633 2391 1654 κατα-

1371 1678 1531 1722 σκευάζει
1549 1678 1592 1716 τὰ
1607 1678 1694 1716 αὐτὰ
1706 1708 1715 1726 ,
1736 1678 1795 1716 καὶ
1810 1678 1925 1730 λέγει,
1944 1678 1998 1716 ὅτι
2017 1678 2064 1716 ‘H
2082 1677 2194 1730 κρίσις
2211 1681 2233 1723 ἡ
2254 1677 2321 1727 ἐμὴ
2339 1679 2392 1715 δι-

1370 1739 1454 1778 καία
1473 1738 1558 1776 ἐστί.
1574 1738 1643 1777 Καὶ
1659 1738 1762 1777 πόθεν
1781 1740 1906 1785 δῆλον;
1926 1738 2010 1777 ςΌτι
2030 1741 2068 1776 οὗ
2088 1740 2181 1786 ζητῶ
2202 1737 2241 1775 τὸ
2257 1738 2394 1789 θέλημα

1372 1799 1411 1837 τὸ
1430 1799 1526 1850 ἐμὸν,
1543 1799 1633 1837 ἀλλὰ
1656 1800 1696 1838 τὸ
1715 1799 1851 1850 θέλημα
1875 1803 1934 1837 τοῦ
1954 1798 2156 1851 πέμψαντός
2177 1815 2233 1850 με.
2253 1798 2394 1850 υΩο-περ

1372 1860 1439 1912 γὰρ
1453 1861 1508 1898 ἐπ’
1528 1859 1717 1911 ἀνθρώπων
1733 1863 1749 1898 ὁ
1763 1859 1946 1912 φιλαυτίας
1963 1859 2232 1910 ἀπηλλαγμένος
2244 1889 2253 1905 ,
2274 1861 2337 1897 οὐκ
2353 1859 2394 1896 ἂν

1373 1921 1448 1972 ἔχοι
1469 1920 1609 1963 δικαίως
1633 1922 1854 1972 ἐγκαλεῖσθαι
1878 1923 1925 1964 ὡς
1950 1919 2047 1972 παρὰ
2073 1921 2112 1959 τὸ
2132 1921 2204 1959 δέον
2232 1920 2394 1964 δικάσας·

1374 1982 1479 2025 οὕτως
1498 1980 1575 2020 οὐδὲ
1592 1981 1670 2032 ἐμοὶ
1695 1985 1752 2019 νῦν
1772 1981 1961 2027 δυνήσεσθε
1977 1984 2153 2034 ἐπιτιμᾷν.
2179 1980 2224 2019 ‘O
2248 1981 2310 2031 μὲν
2328 1981 2395 2032 γὰρ

1375 2043 1482 2082 Οέλων
1500 2043 1544 2080 τὰ
1568 2044 1690 2080 ἑαυτοῦ
1711 2046 1839 2089 στ’ἧσαι
1849 2072 1861 2089 ,
1879 2043 1962 2086 ἴσως
1980 2041 2212 2088 ὑποπτευθείη
2237 2042 2276 2079 ἂν
2298 2041 2396 2094 παρὰ

1374 2106 1513 2143 πολλῶν
1541 2104 1650 2156 ταύτῃ
1680 2103 1927 2156 παραφθείρειν
1944 2104 1984 2142 τὸ
2004 2103 2136 2142 δίκαιον
2150 2119 2158 2127 ·
2179 2106 2198 2141 ὑ
2212 2103 2249 2142 δὲ
2276 2103 2327 2154 μὴ
2352 2102 2397 2140 τὰ

1376 2168 1499 2203 ἑαυτοῦ
1522 2167 1675 2212 σκοπῶν,
1696 2164 1775 2202 τίνα
1791 2164 1830 2202 ἂν
1851 2165 1927 2216 ἔχοι
1946 2165 2119 2217 πρόφασιν
2138 2168 2198 2202 τοῦ
2216 2165 2267 2215 μὴ
2284 2163 2328 2201 τὰ
2345 2162 2395 2201 δί-

1375 2242 1459 2265 καια
1490 2225 1729 2277 ψηφίσασΟαι,
1757 2226 1889 2263 Τοῦτον
1915 2225 2029 2262 τοίνυν
2056 2225 2114 2262 τὸν
2143 2224 2308 2275 λογισμὸν
2338 2223 2398 2261 καὶ

1375 2287 1392 2307 ¹’
1407 2289 1460 2325 ἐπ’
1482 2288 1566 2337 ἐμοῦ
1585 2284 1770 2329 ἐξετάζετε.
1792 2286 1836 2322 Εἰ
1855 2284 1918 2334 μὲν
1938 2285 2006 2336 γὰρ
2024 2285 2140 2336 ἔλεγον
2158 2285 2206 2334 μὴ
2225 2283 2398 2322 ἀπεστάλ-

1376 2351 1434 2385 Οαι
1452 2346 1548 2398 παρὰ
1567 2349 1625 2384 τοῦ
1642 2345 1801 2396 Πατρὸς,
1819 2344 1908 2395 μηδὲ
1922 2347 1970 2388 εἷς
1986 2347 2112 2383 ἐκεῖνον
2128 2345 2192 2392 τὴν
2210 2345 2306 2389 δόξαν
2329 2346 2396 2382 τῶν

1376 2408 1566 2461 γινομένων
1584 2408 1759 2459 ἀνέφερον,
1778 2407 1861 2451 ἴσως
1882 2408 1923 2445 ἄν
1940 2423 1992 2451 τις
2010 2410 2108 2459 ὑμῶν
2121 2408 2324 2455 ὑπενόησεν,
2344 2407 2398 2446 ὅτι

1380 2476 1587 2529 βουλόμενος
1614 2473 1761 2524 ἐμαυτὸν
1791 2477 1936 2520 ποιῆσαι
1962 2473 2138 2526 λαμπρὸν,
2169 2475 2206 2512 οὐ
2235 2473 2327 2524 λέγω
2355 2473 2399 2511 τὰ

1333 2548 1357 2578 C
1379 2544 1479 2582 ὅντα·
1497 2544 1528 2580 εἷ
1556 2540 1591 2580 δὲ
1617 2539 1723 2593 ἑτέρῳ
1741 2539 1923 2590 λογίζομαι
1951 2541 2010 2578 καὶ
2030 2540 2217 2591 ἀνατίθημι
2240 2540 2285 2578 τὰ
2302 2540 2398 2592 γινό-

1383 2624 1488 2660 μενα,
1513 2607 1603 2650 τίνος
1622 2606 1748 2653 ἕνεκεν,
1764 2605 1786 2652 ἢ
1803 2606 1906 2644 πόθεν
1933 2607 1973 2644 ἂν
1990 2607 2105 2658 ἔχοιτε
2127 2607 2334 2645 ὑποπτεύειν
2355 2607 2399 2644 τὰ

1381 2676 1552 2727 λεγόμενα
1562 2690 1572 2722 3
1588 2674 1717 2725 ““Ορᾷς
1738 2667 1773 2710 οῗ
1783 2673 1840 2710 τὸν
1860 2672 1962 2723 λόγον
1975 2673 2185 2711 κατεὸίὸασε
2196 2703 2205 2720 ,
2223 2674 2282 2712 καὶ
2298 2673 2400 2712 πόθεν

1383 2743 1446 2790 τὴν
1465 2741 1578 2794 κρίσιν
1596 2740 1660 2787 τὴν
1680 2743 1802 2778 ἑαυτοῦ
1823 2739 1958 2777 δικαίαν
1981 2733 2066 2776 εἶναι
2093 2739 2232 2791 ἔφησεν,
2255 2739 2331 2778 ὅθεν
2362 2740 2403 2777 ἂν

1383 2809 1442 2848 καὶ
1459 2811 1528 2847 τῶν
1542 2809 1679 2846 πολλῶν
1698 2801 1745 2849 εἷς
1762 2805 2037 2856 ἀπολογούμενος
2056 2799 2163 2852 εἶπεν,
2193 2809 2274 2857 ὁρᾷς
2290 2806 2406 2844 ὃπολ-

1386 2875 1486 2919 λοίκις
1511 2868 1620 2920 εἶπον,
1648 2876 1722 2915 πῶς
1752 2871 1943 2922 διαλάμπει
1967 2873 2101 2924 σαφῶς,
2124 2871 2171 2910 Τί
2199 2871 2236 2909 δέ
2266 2873 2359 2911 ἐστιν
2390 2873 2410 2910 ὃ

1389 2938 1599 2989 εἶπον;“Οτι
1618 2942 1639 2986 ἡ
1658 2937 1832 2990 ὑπερὸολὴ
1845 2941 1907 2984 τῆς
1922 2938 2169 2984 ταπεινότητος
2183 2939 2250 2975 τῶν
2269 2937 2409 2982 λέξεων,

1388 3009 1476 3056 αὕτη
1501 3008 1654 3060 μάλιστα
1678 3005 1789 3043 πείθει
1819 3004 1896 3048 τοὺς
1926 3009 2005 3042 νοῦν
2030 3004 2173 3056 ἔχοντας
2194 3003 2241 3055 μὴ
2264 3006 2305 3042 ἐκ
2321 3020 2407 3056 προ-

1388 3076 1506 3130 χείρου
1534 3073 1740 3126 δεχομένους
1768 3072 1812 3109 τὰ
1840 3070 2012 3122 λεγόμενα
2042 3071 2287 3118 καταπίπτειν,
2318 3070 2408 3108 ἀλλὰ

1388 3141 1662 3196 παρασκευάζειν
1696 3140 1827 3190 μᾶλλον
1860 3138 1918 3176 ἐπὶ
1949 3139 1989 3177 τὸ
2016 3138 2096 3194 ὕψος
2126 3141 2194 3176 τῶν
2224 3137 2408 3188 νοημάτων

1450 3282 1466 3306 ι,
1491 3278 1612 3313 Amare
1629 3282 1706 3321 ἐμοὶ.

1448 3343 1460 3357 ‘-
1485 3330 1585 3363 Snvil.
1605 3336 1673 3376 ὁρᾷς
1689 3329 1737 3363 οὖν
1753 3336 1812 3365 πῶς
1829 3335 1887 3361 τόν.
