2481 3678
758 166 800 195 ΙΝ
837 164 1043 194 JOANNEM
1082 164 1244 194 HOMIL.
1283 166 1331 194 11.
1371 151 1432 194 ssl.
1474 168 1503 195 Ι.
2121 175 2162 200 11

89 249 148 296 θὴς
169 251 313 287 τοιαῦτα
335 250 549 300 φθέγγηται,
571 247 592 284 ἃ
621 246 740 296 μηδεὶς
768 249 838 283 τῶν
866 246 923 283 ἐπὶ
953 248 1017 297 γῆς
1045 248 1110 283 ἀν-

88 309 234 362 θρώπων
256 308 386 348 συνεῖδέ
398 323 501 354 ποτε,
522 307 580 344 καὶ
601 305 649 357 μὴ
670 305 862 357 φθέγγηται
887 305 1003 356 μόνον,
1022 305 1113 344 ἀλλὰ

87 371 146 409 καὶ
176 370 298 421 πείθῃ·
319 368 432 407 καίτοι
463 370 492 406 εἷ
521 367 580 405 καὶ
607 371 706 405 τοῦτο
737 367 838 416 μόνον
868 361 925 414 ἦν,
957 366 1047 418 μέγα
1075 366 1115 404 τὸ

89 436 206 481 θαῦμα
221 425 262 476 ἦν
280 445 286 452 ·
310 432 367 466 ν’ὔν
384 428 419 467 δὲ
443 428 528 480 πρὸς
550 427 662 480 τούτῳ
683 428 744 466 καὶ
765 426 880 480 ἕτερον
901 427 1021 466 τούτου
1041 433 1114 478 μεῖ-

87 496 142 537 ζον
158 490 295 543 παρέχῃ
311 489 512 542 τεκμήριον,
531 493 590 527 τοῦ
605 488 815 527 θεόπνευστα
837 482 925 526 εἶναι
944 488 989 526 τὰ
1013 487 1115 539 λεγό-

89 568 196 603 μενα,
223 551 263 588 τὸ
294 549 372 593 τοὺς
401 549 589 594 ἀκούοντας
622 549 751 588 πείθειν
782 549 939 593 ἅπαντας
968 548 1025 586 διὰ
1056 553 1115 587 τοῦ

86 611 211 664 χρόνου
248 611 398 658 παντὸς,
426 610 477 654 τίς
505 612 542 648 οὐ
574 610 791 661 θαυμάσεται
822 608 885 656 τὴν
917 611 1114 648 ἐνοικοῦσαν

88 675 181 724 αὐτῷ
212 672 376 722 δύναμιν;
411 672 480 710 Καὶ
510 671 578 724 γὰρ
611 671 671 709 καὶ
698 675 797 709 τοῦτο
827 670 1001 722 μέγιστον,
1030 669 1115 724 ὅπερ

86 735 184 786 ἔφην,
211 733 398 785 τεκμήριον
425 738 484 771 τοῦ
503 732 610 783 μηδὲν
628 732 758 771 οἴκοθεν
787 732 887 770 αὐτὸν
907 735 1115 782 νομοθετεῖν.

86 790 198 838 Οὗτος
220 793 261 840 δὴ
289 788 346 832 οἶν
375 797 393 832 ὁ
416 794 610 847 βάρὲαρος,
633 797 675 844 τῇ
706 793 768 844 μὲν
802 797 861 831 τοῦ
890 792 1115 844 εεύαγγελίου

85 859 201 908 γραφῇ
221 855 283 902 τὴν
307 855 511 906 οἰκουμένην
538 855 730 893 κατέλαὸεν
745 854 898 902 ἅπασαν,
914 857 964 906 τῷ
993 853 1028 892 δὲ
1049 853 1116 892 σώ-

87 933 173 967 ματι
210 916 318 967 μέσην
352 916 502 968 κατέσχε
529 918 591 963 τὴν
624 916 753 964 Ἀσίαν,
783 916 864 954 ἔνθα
897 915 937 953 τὸ
965 915 1114 953 παλαιὸν

87 977 307 1030 ἐφιλοσόφουν
339 980 370 1015 οἱ
391 981 453 1024 τῆς
484 978 695 1024 Ἑλληνικῆς
719 976 916 1029 συμμορίας
943 976 1114 1023 ἅπαντες,

86 1038 101 1058 ‘¹
115 1043 272 1078 κάκεῖθεν
306 1045 376 1083 τοῖς
401 1039 560 1090 δαίμοσίν
582 1042 655 1077 ἐστι
675 1038 839 1092 φοῧερὸς,
862 1041 895 1077 ἐν
919 1037 1015 1090 μέσῳ
1046 1041 1113 1075 τῶν

87 1103 218 1153 ἐχθρῶν
234 1101 456 1150 διαλάμπων,
477 1100 536 1138 καὶ
552 1100 609 1138 τὸν
636 1100 734 1152 ζόφον
747 1102 858 1138 αὐτῶν
876 1098 1018 1143 σέεννὺς
1029 1129 1038 1146 ,
1056 1097 1115 1136 καὶ

86 1161 148 1208 τὴν
173 1161 361 1215 ἀκρόπολιν
382 1165 449 1199 τῶν
475 1161 648 1212 δαιμόνων
674 1161 876 1198 καταλύων·
892 1164 934 1212 τῇ
960 1161 995 1198 δὲ
1018 1162 1113 1211 ψυγῆ

88 1223 172 1274 πρὸς
187 1223 243 1261 τὸν
269 1226 382 1275 χῶρον
402 1221 623 1273 ἀνεχώρησεν
646 1224 786 1268 ἐκεῖνον,
809 1222 866 1259 τὸν
896 1221 1116 1274 ἁρμόττοντα

88 1286 136 1334 τῷ
160 1283 204 1321 τὰ
231 1290 373 1322 τοιαῦτα
407 1283 647 1335 ἐργασαμένῳ.
668 1281 737 1320 Καὶ
768 1282 812 1320 τὰ
842 1281 903 1332 μὲν
936 1281 1115 1328 Ἑλλήνων

88 1341 249 1378 ἔσὸεσται
264 1342 402 1379 ἅπαντα
415 1341 473 1379 καὶ
489 1339 745 1393 ἦφάνισται,τὰ
761 1339 796 1378 δὲ
808 1340 928 1378 τούτου
940 1341 1018 1378 καθ’
1035 1340 1117 1378 ἑκά-

89 1417 172 1447 στην
200 1402 427 1454 λαμπρότερα
443 1401 586 1452 γίνεται.
604 1400 664 1444 Ἓξ
681 1400 759 1438 ὅτου
782 1400 849 1452 γὰρ
864 1401 924 1438 καὶ
945 1395 1042 1444 οὗτος
1056 1401 1116 1438 καὶ

87 1465 118 1499 οἱ
137 1462 250 1500 λοιποὶ
268 1463 385 1508 ἁλιεῖς,
407 1462 439 1506 ἐξ
462 1461 590 1500 ἐκείνου
602 1461 647 1499 τὰ
670 1462 730 1512 μὲν
748 1461 952 1514 Πυθαγόρου
973 1461 1114 1513 σεσίγη-

87 1540 143 1561 ται
176 1523 234 1560 καὶ
266 1522 309 1559 τὰ
333 1523 542 1569 Πλάτωνος,
574 1523 739 1560 δοκοῦντα
762 1521 928 1575 πρότερον
960 1528 1113 1574 κρατεῖν,

87 1583 147 1621 καὶ
170 1583 244 1621 οὐδὲ
264 1583 297 1626 ἐξ
317 1582 484 1633 ὀνόματος
499 1581 619 1626 αὐτοὺς
647 1582 760 1620 ἴσασιν
783 1585 814 1620 οἱ
841 1582 982 1620 πολλοί·
1000 1581 1114 1619 καίτοι

87 1645 238 1682 Πλάτων
269 1644 328 1681 καὶ
358 1643 533 1695 τυράννοις
563 1643 760 1693 συνεγένετο
793 1642 1042 1694 μετακληθεὶς,
1068 1641 1114 1685 ὥς

87 1721 170 1757 φασι
185 1736 194 1752 ,
217 1705 277 1743 καὶ
295 1704 442 1748 πολλοὺς
471 1705 570 1755 ἔσχεν
602 1703 775 1756 ἑταίρους,
798 1705 858 1742 καὶ
879 1706 925 1747 εἰς
947 1703 1112 1742 Σικελίαν
1139 1715 1163 1744 Ε

86 1767 230 1804 ἔπλευσε
246 1782 252 1789 ·
271 1767 480 1818 Πυθαγόρας
500 1766 535 1805 δὲ
558 1766 619 1813 τὴν
643 1766 808 1818 μεγίστην
831 1766 987 1804 Ἑλλάδα
1006 1782 1114 1804 κατα-

86 1826 216 1873 Meam,
249 1827 309 1865 καὶ
338 1827 497 1879 γοητείας
529 1828 696 1874 Βκινήσας
723 1827 795 1873 εἴδη
824 1826 943 1879 μυρία.
974 1828 1026 1865 Τὸ
1047 1825 1114 1878 γὰρ
1137 1861 1167 1885 10

87 1886 184 1937 βουσὶ
199 1886 418 1938 διαλέγεσθαι
434 1887 511 1934 (καὶ
530 1886 597 1938 γὰρ
613 1886 672 1924 καὶ
695 1885 795 1924 τοῦτό
809 1902 912 1937 φασιν
931 1887 1033 1924 αὐτὸν
1057 1901 1116 1923 πε·
1141 1898 1167 1927 A

85 1948 289 1998 ποιηκέναι)
302 1948 395 1987 οὐδὲν
414 1947 528 2000 ἕτερον
545 1947 567 1993 ἢ
582 1947 741 1999 γοητείας
757 1941 812 1993 ἦν.
835 1947 906 1986 Καὶ
921 1949 1024 1994 δῆλον
1044 1948 1115 1997 μά-

84 2010 187 2046 λιστα
207 2011 346 2047 ἐκεῖθεν.
367 2008 412 2047 Ὀ
432 2009 500 2062 γὰρ
527 2015 598 2052 τοῖς
625 2008 763 2059 ἀλόγοις
788 2007 877 2046 οὕτω
904 2008 1113 2059 διαλεγόμε-

84 2084 160 2117 νος,
177 2070 216 2108 τὸ
228 2072 296 2106 τῶν
318 2069 508 2123 ἀνθρώπων
525 2069 618 2108 οὐδὲν
636 2068 794 2120 ὠφέλησε
816 2069 931 2121 γένος,
947 2069 1036 2107 ἀλλὰ
1053 2070 1112 2107 καὶ

83 2129 128 2168 τὰ
151 2129 299 2181 μέγιστα
327 2130 470 2182 ἔβλαψε.
506 2130 631 2168 Καίτοι
660 2146 699 2181 γε
731 2129 990 2183 ἐπιτηδειοτέρα
1026 2130 1112 2183 πρὸς

83 2190 286 2242 φιλοσοφίας
302 2191 402 2242 λόγον
422 2195 444 2238 ἧ
466 2190 563 2242 φύσις
589 2195 610 2237 ἡ
641 2194 708 2228 τῶν
738 2190 929 2243 ἀνθρώπων
949 2185 1011 2237 ἦν·
1035 2192 1111 2229 ἀλλ’

82 2250 178 2300 ὅμως
198 2253 324 2295 ἐκεῖνος
346 2255 457 2294 ἀετοῖς
477 2251 538 2302 μὲν
555 2252 613 2289 καὶ
632 2253 728 2303 βουσὶ
744 2253 914 2303 διελέγετο
927 2283 936 2299 ,
952 2251 1111 2305 καθάπερ

82 2311 184 2361 φασὶ,
201 2312 387 2363 γοητεύων.
399 2312 490 2351 Οὐδὲ
512 2312 579 2365 γὰρ
593 2312 655 2359 τὴν
673 2313 795 2364 ἄλογον
810 2313 954 2364 λογικὴν
970 2312 1112 2360 ἐποίησε

82 2371 180 2422 φύσιν
196 2378 206 2419 ξ
222 2372 297 2411 οὐδὲ
317 2373 384 2425 γὰρ
406 2374 546 2411 δυνατὸν
568 2372 742 2425 ἀνθρώπῳ
756 2374 876 2424 τοῦτο)
887 2404 896 2421 ,
913 2373 1002 2412 ἀλλὰ
1021 2390 1112 2425 μαγ-

82 2432 235 2483 γανείαις
250 2433 328 2477 τοὺς
351 2433 516 2479 ἀνοήτους
544 2434 666 2479 ἠπάτα
680 2449 687 2456 ·
709 2434 767 2472 καὶ
793 2433 995 2487 ἀνθρώπους
1014 2435 1112 2487 ἀφεὶς

83 2489 219 2533 διδάξαι
243 2507 277 2528 τι
306 2495 373 2529 τῶν
406 2491 605 2544 χρησίμινψ,
640 2491 840 2530 ἐπαίδευσεν
871 2493 924 2531 ὅτι
962 2492 1035 2531 ἴσον
1069 2487 1110 2539 ἦν

83 2550 235 2601 κυάμους
257 2558 376 2602 φαγεῖν
396 2552 456 2589 καί
473 2552 536 2594 τὰς
555 2555 623 2589 τῶν
650 2553 914 2603 γεννησαμένων
938 2554 1089 2605 κεφαλάς
1101 2569 1108 2576 ·

83 2611 143 2649 καί
159 2611 237 2655 τοὺς
253 2613 416 2656 συνόντας
436 2612 582 2660 ἔπειθεν,
603 2612 655 2650 ὅτι
687 2612 728 2659 δὴ
758 2618 780 2659 ἡ
812 2617 872 2651 τοῦ
902 2615 1111 2652 διδασκάλου

82 2673 200 2725 ψυχὴ,
220 2673 304 2712 ποτὲ
327 2673 387 2724 μὲν
409 2674 537 2725 θάμνος
565 2673 695 2725 ἐγίνετο
708 2704 717 2721 ,
738 2673 820 2712 ποτὲ
848 2674 884 2713 δὲ
903 2676 988 2728 κόρη
1002 2706 1011 2722 ,
1027 2675 1110 2714 ποτὲ

82 2733 118 2772 δὲ
137 2733 242 2785 ἰχθύς.
262 2727 338 2785 Ἆρ’
360 2736 421 2771 οὐκ
443 2734 584 2777 εἰκότως
601 2734 717 2772 πάντα
738 2735 885 2781 §aggeo-rt
904 2739 1030 2783 ἐκεῖνα,
1051 2736 1111 2774 καὶ

82 2794 253 2846 ἠφανίσθη
274 2795 388 2833 τέλεον
399 2812 408 2843 3
431 2795 588 2840 Εἰκότως
603 2827 612 2844 ,
631 2796 690 2834 καὶ
714 2796 805 2834 κατὰ
832 2796 944 2848 λόγον.
963 2797 1054 2835 Ἀλλ’
1073 2800 1110 2835 οὗ

81 2855 125 2893 τὰ
141 2860 199 2894 τοῦ
219 2855 357 2894 ἰδιώτου
380 2856 440 2894 καὶ
462 2857 698 2909 ἀγραμμάτου
713 2856 837 2901 οὕτως·
860 2857 949 2896 ἀλλὰ
968 2859 1027 2896 καὶ
1043 2858 1111 2896 Σύ-

84 2933 154 2969 ροι,
172 2917 231 2954 καὶ
252 2916 436 2969 Αἰγύπτιοι
452 2947 461 2965 ,
484 2918 544 2956 καὶ
572 2918 696 2966 Ἰνδοὶ,
717 2918 776 2956 καὶ
797 2918 952 2971 Πέρσαι,
969 2919 1029 2956 καὶ
1049 2921 1110 2957 Αἷ-

124 3042 136 3055 2
161 3030 262 3063 Savil.
290 3036 458 3074 εὐαγγελίου
488 3041 659 3079 συγγραφῇ,
692 3045 775 3065 unus
800 3037 969 3075 εὐαγγελίου
994 3041 1091 3079 φωνῇ,

80 3083 193 3114 Morel.
210 3090 243 3114 et
259 3085 401 3116 maxima
419 3095 494 3126 pars
511 3085 587 3116 Mss.
604 3090 772 3127 εὐαγγελίου
791 3094 903 3131 γραφῇ.

124 3134 137 3153 ‘³
152 3135 229 3167 Post
244 3139 372 3174 ἅπαντες
386 3136 498 3168 Morel.
516 3145 550 3168 et.
566 3137 703 3179 quidam
716 3138 793 3171 MSS.
808 3143 939 3171 κάκεῖθεν
955 3145 1014 3176 τοῖς
1029 3141 1094 3172 δαί-

80 3192 166 3229 μοσίν
180 3192 241 3220 ἐστι
258 3192 390 3233 φοέερός.
408 3188 490 3228 Quae
512 3187 612 3220 verba
628 3190 662 3220 in
687 3188 790 3221 Savil.
808 3196 841 3220 et
863 3188 934 3220 aliis
959 3187 1090 3223 desunt.

80 3238 203 3269 Verum
223 3249 242 3268 a
265 3239 444 3270 Francisco
460 3238 595 3271 Aretino
615 3241 795 3282 interprete
817 3239 900 3271 lecta
926 3248 1014 3272 sunt.

125 3298 139 3313 e
162 3288 263 3321 Savil.
276 3297 309 3321 et
323 3301 439 3322 omnes
454 3301 537 3332 pene
558 3291 635 3323 Mss.
654 3300 782 3330 κινήσας.
799 3292 917 3323 Morel.
937 3295 1089 3332 ἐπιδείξας.

84 3341 130 3372 De
144 3339 290 3372 Platonis
307 3339 339 3373 in
356 3340 503 3374 Siciliam
520 3341 657 3384 appulsu
677 3342 770 3375 multi
795 3351 1026 3376 narraverunt.
1046 3344 1093 3375 De

1183 244 1357 282 divinitus
1384 244 1555 296 inspirata
1582 245 1674 294 sint,
1699 246 1782 295 quia
1803 260 1927 298 nempe
1949 249 2170 290 auditoribus

1183 313 1349 351 omnihus
1375 327 1514 365 semper
1540 313 1742 351 doctrinam
1765 328 1865 352 suam
1885 318 2120 366 persuaserint
2136 324 2172 366 3)

1183 380 1263 431 quis
1279 380 1530 418 immanentem
1552 380 1588 417 in
1607 394 1648 418 eo
1668 380 1839 418 virtutem
1863 394 1932 419 non
1956 382 2144 421 mirabitur
2155 386 2172 421 ζ’

1183 447 1280 485 Illud
1296 447 1404 495 enim,
1420 457 1459 485 ut
1473 448 1549 499 jam
1568 447 1659 498 dixi,
1676 449 1834 486 maximo
1855 449 1955 501 signo
1975 459 2038 499 est,
2056 450 2173 502 ipsum

1184 529 1253 553 non
1282 529 1326 553 ex
1358 515 1473 568 seipso
1499 515 1700 554 doctrinam
1726 527 1759 555 et
1787 517 1881 569 leges
1912 519 2078 570 proferre.
2110 518 2176 556 Hic

1183 581 1303 633 itaque
1317 582 1492 619 barbarus
1505 583 1689 633 evangelio
1708 597 1772 621 suo
1790 583 1997 622 universum
2016 599 2174 636 compre-

1184 647 1309 686 hendit
1320 649 1457 699 orbem,
1470 663 1614 702 corpore
1625 659 1743 688 autem
1754 650 1907 688 inediam
1918 651 2027 688 tenuit
2041 652 2174 699 Asiam,

1187 714 1249 752 ubi
1276 714 1364 752 olim
1384 715 1732 768 philosophabantur
1763 730 1883 755 omnes
1909 718 2044 756 Graecae
2069 718 2176 756 disci-

1186 782 1290 834 plinae
1310 783 1498 834 homines,
1520 783 1673 835 hincque
1692 784 1914 822 daemonibus
1936 795 1987 823 est
2006 786 2176 823 sormida-

1186 849 1282 899 bilis,
1299 850 1395 901 quod
1413 850 1449 888 in
1472 850 1634 888 hostium
1653 851 1769 889 medio
1790 852 1934 903 fulgeat,
1956 852 2102 889 illorum
2122 867 2176 889 ca-

1185 915 1334 967 liginem
1357 917 1572 969 exstinguat,
1595 917 1868 969 daemonumque
1887 933 2004 956 arcem
2032 918 2175 956 diruat:

1140 988 1165 1017 D
1186 982 1304 1020 anima
1320 993 1440 1022 autem
1457 984 1491 1021 in
1512 999 1595 1022 eum
1610 985 1750 1023 secessit
1765 985 1897 1035 locum,
1912 986 1975 1037 qui
1992 986 2075 1023 talia
2096 999 2178 1038 ope—

1187 1049 1281 1087 ranti
1299 1059 1522 1102 competeret.
1539 1054 1591 1088 Ac
1610 1053 1819 1090 Graecorum
1835 1052 1980 1103 quidem
1998 1053 2179 1105 opiniones

1188 1117 1370 1155 exstinctae
1388 1118 1580 1170 deletaeque
1600 1129 1704 1168 sunt3
1722 1120 1830 1172 hujus
1851 1134 1935 1159 vero
1951 1134 2006 1158 res
2021 1121 2179 1171 quotidie

1190 1185 1447 1235 splendidiores
1460 1187 1626 1226 evadunt.
1644 1187 1701 1225 Ex
1716 1202 1785 1238 quo
1801 1189 1895 1226 enim
1916 1189 1973 1225 hic
1991 1197 2025 1226 et
2052 1188 2178 1240 reliqui

1190 1251 1381 1302 piscatores
1400 1254 1562 1304 fuerunt,
1585 1255 1797 1307 Pythagorae
1821 1256 2054 1306 ‘Platonisque
2073 1255 2178 1294 disci-

1191 1319 1296 1370 plinae
1312 1350 1323 1369 ,
1344 1334 1422 1371 quae
1448 1321 1549 1373 prius
1580 1322 1738 1359 obtinere
1770 1322 2008 1371 videbantur,
2037 1323 2177 1361 silentio

1190 1387 1304 1425 missae
1326 1398 1431 1434 sunt,
1461 1403 1502 1426 ac
1529 1403 1572 1426 ne
1590 1390 1732 1427 nomine
1762 1390 1906 1440 quidem
1934 1391 2015 1428 illos
2048 1400 2180 1428 norunt

1189 1453 1359 1504 plerique.
1383 1455 1489 1505 Atqui
1514 1456 1616 1493 Plato
1646 1465 1814 1507 tyrannos
1840 1456 1929 1493 adiit
1953 1457 2112 1506 accitus,
2139 1468 2178 1496 ut
2230 1474 2275 1501 De
2311 1474 2378 1502 Pia-

1189 1519 1312 1568 aiunt,
1343 1521 1476 1559 amicos
1494 1522 1621 1559 habuit
1648 1522 1804 1571 multos,
1828 1531 1933 1573 atque
1951 1523 1987 1560 in
2016 1523 2177 1561 Siciliam
2189 1521 2305 1585 ξῖἓξοῖὲ
2318 1516 2378 1555 Py-

2240 1580 2254 1593 „
2311 1582 2318 1588 .

1187 1589 1371 1639 navigavit
1389 1604 1396 1625 ε
1415 1589 1640 1642 Pythagoras
1652 1604 1736 1629 vero
1750 1604 1917 1642 magnam
1932 1590 2054 1629 adiens
2074 1593 2175 1630 Grae-
2189 1603 2320 1644 ᾎιεγίστη

2188 1645 2286 1679 Ἑλλάς
2329 1649 2378 1673 cst

2191 1696 2289 1722 magna
2300 1686 2376 1715 Grae-

1188 1736 1269 1760 eum
1291 1722 1408 1760 bobus
1426 1722 1629 1773 loqueretur
1645 1724 1707 1773 (id
1723 1723 1818 1762 enim
1835 1724 1880 1763 de
1893 1725 1955 1763 illo
1973 1732 2175 1777 narratur),
2191 1729 2244 1754 fiss-

1188 1655 1280 1692 ciam
1296 1685 1306 1704 ,
1329 1655 1526 1707 przestigias
1557 1655 1701 1694 induxit
1730 1657 1958 1707 innumeras3
1980 1672 2062 1696 nam
2082 1659 2176 1710 quod

1188 1804 1257 1828 non
1287 1789 1356 1828 nisi
1384 1790 1521 1842 magica
1553 1800 1627 1828 arte
1654 1792 1815 1844 praestari
1845 1801 1991 1844 poterat.
2017 1794 2178 1845 Hincque

1189 1856 1346 1894 maxime
1363 1857 1483 1909 palam
1498 1866 1561 1905 est,
1579 1857 1674 1908 quod
1694 1857 1723 1895 is
1741 1858 1803 1908 qui
1822 1858 1928 1896 bruta
1948 1859 1998 1897 sic
2022 1860 2178 1911 alloque-

1188 1923 1307 1973 batur,
1336 1923 1431 1960 nihil
1457 1922 1624 1961 utilitatis
1648 1923 1855 1962 hominibus
1883 1935 2078 1977 praestaret,
2107 1927 2178 1964 imo

1188 1991 1274 2044 ipsis
1307 1992 1462 2030 multum
1493 2001 1642 2031 noceret.
1671 1993 1773 2030 Certe
1803 1993 1916 2045 aptior
1946 1994 1991 2031 ad
2020 1994 2175 2046 philoso-

1186 2059 1311 2111 phiam
1338 2069 1412 2097 erat
1441 2059 1629 2097 hominum
1658 2069 1783 2098 natura
1803 2076 1810 2096 ε
1830 2069 1984 2098 attamen
2009 2061 2069 2098 ille
2097 2075 2177 2098 cum

1186 2128 1317 2178 aquilis
1341 2137 1375 2166 et
1397 2128 1528 2177 bobus,
1551 2137 1591 2166 ut
1615 2128 1727 2177 aiunt,
1752 2143 1815 2180 per
1838 2129 2035 2181 praestigias
2058 2129 2179 2180 loque-

1186 2194 1304 2232 batur.
1326 2196 1404 2234 Non
1434 2195 1494 2232 ille
1512 2195 1659 2233 rationis
1684 2205 1864 2248 expertem
1888 2206 2050 2234 naturam
2071 2197 2179 2234 ratio-

1187 2262 1306 2301 nalem
1336 2263 1476 2312 effeci13
1510 2261 1546 2299 id
1586 2262 1683 2313 quod
1710 2262 1817 2301 homo
1846 2277 1915 2304 non
1946 2272 2087 2314 potest:
2117 2263 2177 2300 sed

1185 2330 1377 2382 praestigiis
1405 2330 1532 2367 stultos
1564 2329 1774 2381 decipiebat.
1797 2331 1876 2368 Non
1911 2329 1991 2366 utili
2015 2329 2176 2366 doctrina

1186 2397 1348 2435 homines
1368 2396 1574 2434 instituebat
1590 2411 1602 2445 3
1625 2396 1687 2434 sed
1705 2396 1853 2433 docebat
1872 2395 1967 2433 idem
1985 2409 2058 2432 esse
2076 2395 2176 2433 fabas

1185 2466 1287 2503 edere
1309 2475 1342 2502 et
1369 2473 1556 2516 pareutum
1576 2463 1691 2514 capita
1714 2463 1906 2511 devorare;
1934 2462 2175 2501 auditoribus-

1183 2547 1251 2582 que
1273 2530 1520 2583 persuadebat,
1539 2529 1694 2566 doctoris
1714 2529 1769 2567 sui
1788 2530 1956 2579 animam,
1973 2530 2080 2568 modo
2102 2531 2176 2568 fru-

1184 2599 1300 2647 ticem,
1325 2597 1432 2635 modo
1453 2597 1628 2649 puellam,
1648 2597 1753 2635 modo
1770 2597 1902 2650 piscem
1922 2597 2027 2635 effici.
2048 2600 2174 2636 Annon

1181 2667 1262 2718 jure
1279 2665 1340 2702 illa
1367 2664 1539 2702 exstincta
1565 2664 1706 2716 penitus
1733 2663 1917 2716 deletaque
1946 2665 2057 2702 sunt?
2075 2666 2175 2703 Certe

1180 2735 1262 2785 jure
1277 2746 1317 2770 ac
1332 2731 1472 2780 merito,
1491 2740 1530 2768 ut
1549 2731 1638 2769 ratio
1663 2732 1876 2782 postulabat.
1898 2734 1943 2769 At
1956 2746 2025 2769 non
2042 2732 2092 2769 sic
2110 2732 2172 2769 illa
2242 2748 2373 2776 Barbarae

1184 2809 1261 2846 quae
1280 2794 1325 2831 ad
1349 2793 1476 2830 rudem
1493 2792 1595 2830 illum
1615 2801 1648 2830 et
1664 2792 1872 2830 illiteratum
1899 2793 2095 2845 pertinent:
2112 2807 2170 2832 ve-
2184 2795 2373 2857 gqutesssrjam‘

1183 2871 1264 2894 sum
1283 2855 1380 2908 Syri,
1401 2854 1577 2906 AEgypffia
1596 2854 1687 2902 Indi,
1709 2855 1736 2891 P
1739 2868 1838 2901 ersae,
1855 2855 2053 2907 AEthiopes,
2066 2855 2171 2892 innu-
2238 2842 2272 2857 ¹⁸¹
2305 2841 2372 2857 '⁴¹¹³

2240 2869 2372 2908 philoso-

1183 2931 1356 2968 meraeque
1372 2916 1448 2954 aliae
1464 2924 1606 2967 gentes,
1623 2915 1791 2967 dogmata
1813 2916 1860 2954 ab
1892 2916 1953 2955 illo
1973 2916 2118 2955 inducta
2135 2917 2170 2954 in
2183 2914 2322 2950 rhssfflur-

1159 3033 1356 3077 Pythagorae
1370 3043 1445 3063 cum
1459 3029 1567 3062 bobus
1583 3037 1615 3062 et
1632 3030 1749 3073 aquilis
1763 3030 1928 3073 colloquio
1943 3043 2104 3073 nusquam
2120 3042 2172 3062 nie

1159 3084 1263 3127 legere
1280 3084 1433 3123 memini3
1450 3084 1510 3114 nisi
1525 3082 1612 3114 forte
1629 3082 1790 3114 referatur
1803 3081 1846 3113 ad
1860 3082 1894 3113 id
1918 3082 2007 3124 quod
2023 3081 2071 3113 ait
2089 3083 2169 3114 Dio-

1158 3147 1255 3178 genes
1279 3133 1430 3168 Laertius
1449 3135 1482 3166 in
1505 3133 1670 3176 principio
1696 3135 1771 3165 vitae
1794 3132 2008 3177 Pythagorae,
2026 3134 2170 3165 animam

1159 3188 1225 3229 ejus
1242 3188 1274 3218 in
1289 3198 1371 3230 quas
1388 3186 1483 3218 vellet
1498 3185 1633 3217 arbores
1645 3184 1694 3217 vel
1712 3186 1896 3217 animantes
1913 3186 2167 3229 commigrasse,

1160 3247 1277 3271 caetera
1291 3250 1363 3282 quae
1387 3236 1428 3270 de
1442 3237 1633 3281 Pythagora
1649 3244 1842 3279 sequuntur,
1858 3237 1931 3270 ride
1948 3235 2036 3279 apud
2049 3239 2171 3281 Dioge-

1159 3302 1233 3324 nem
1256 3291 1437 3324 Laenium.
