2522 3683
150 451 260 478 Mindi.
287 450 330 478 15.

148 491 196 518 23.

140 1348 323 1388 Itum.9.18.

143 1397 187 1427 19.

349 192 440 249 849,

348 301 367 324 a
382 287 589 337 cognatione
603 287 745 326 laudem
765 297 966 327 mutuantes
982 288 1107 328 dicunt
1123 306 1130 326 ι
1152 292 1234 328 Fili
1246 293 1330 329 Da-

351 340 425 385 vid,
446 341 621 377 miserere
634 343 709 378 mei
718 344 734 376 P
752 343 886 380 Verum
903 355 970 380 non
987 351 1040 381 cst
1052 343 1087 380 in
1098 343 1160 380 illa
1173 358 1261 382 voce
1275 344 1329 381 in-

1295 212 1473 242 sptium.

1401 296 1464 340 τῆς
1489 293 1661 346 ἱστορίας,
1676 295 1729 332 ὅτι
1750 295 1859 334 Δαυὶδ
1879 299 1922 348 τῇ
1941 297 2123 348 ἀκολουθίᾳ
2136 297 2199 344 τὴν
2220 297 2320 349 ἁγίαν
2342 299 2423 337 ἀνα-

1403 346 1609 401 κρουόμεγος
1627 347 1733 399 λύραν
1754 348 1933 394 ἀπήλαυνε
1956 353 2015 387 τοῦ
2037 350 2154 388 Σαοὺλ
2179 350 2238 387 τὸν
2266 350 2423 400 δαίμονα.

347 391 556 440 sistendum,
567 392 626 430 sed
641 393 686 431 ab
698 393 758 431 illa
772 393 817 431 ad
829 394 1029 445 digniorem
1041 405 1178 447 oportet
1193 396 1331 434 deduci.
1356 404 1378 433 B
1405 399 1507 437 Ἐπεὶ
1524 403 1582 438 οὐν
1602 400 1660 437 καὶ
1692 400 1804 438 Δαυὶδ
1823 401 1950 447 ἤλαυνε
1977 402 2055 446 τοὺς
2076 402 2238 453 δαίμονας
2257 402 2313 441 διὰ
2338 418 2427 452 μου-

347 444 498 482 Sanam
514 453 569 483 est
583 446 682 498 filia
707 448 789 498 ejus
804 448 852 484 ab
885 447 958 484 illa
980 448 1089 485 liora.
1113 448 1179 486 Dei
1199 449 1332 501 quippe

348 510 421 535 vox
438 497 573 548 prolata
592 498 749 549 puellam
769 499 907 537 sanavit
923 514 931 534 :
949 513 1022 537 vox
1036 500 1234 539 Servatoris
1258 499 1331 539 dae-

348 563 470 587 monas
497 550 605 602 ejicit,
625 550 806 601 quidquid
824 560 875 589 est
900 550 1145 591 adversarium
1173 553 1330 607 depellit.

398 920 436 954 52.
466 918 603 955 Verum
622 917 698 955 haec
713 917 748 955 in
765 918 940 969 evangelii
956 919 1121 970 gratiam,
1134 934 1203 958 non
1217 933 1329 970 quan-

344 978 419 1007 tum
436 983 501 1021 par
520 969 601 1019 suit,
622 970 683 1007 sed
703 984 767 1022 pro
783 971 881 1010 virili
900 980 1019 1009 nostra
1035 972 1208 1010 diximus.
1231 973 1330 1010 Licet

342 1036 426 1059 vero
446 1031 618 1071 quantum
645 1023 829 1071 debemus,
852 1037 922 1060 non
954 1024 1149 1075 possimus,
1173 1024 1220 1062 ad
1246 1039 1329 1076 pro-

342 1075 450 1112 missa
484 1075 705 1124 exsequenda
736 1075 935 1124 veniamus,
969 1089 1012 1113 ne
1037 1077 1329 1128 procrastinantes

342 1127 547 1164 auditorum
564 1126 778 1164 desiderium
808 1128 970 1165 hebetius
1000 1128 1202 1167 reddamus.
1221 1130 1329 1167 Tem-

341 1194 407 1229 pus
429 1192 511 1229 ergo
531 1188 595 1226 est,
618 1188 656 1216 ut
676 1181 850 1231 promissa
875 1180 1021 1218 reddere
1040 1181 1240 1232 aggrediar,
1262 1196 1328 1221 vo—

340 1231 465 1281 bisque
483 1231 710 1269 audientibus
735 1231 897 1269 debitum
917 1233 1131 1285 persolvam.
1155 1236 1209 1272 De
1228 1234 1327 1272 Pha-

340 1298 445 1321 raone
464 1297 567 1334 agere
581 1284 652 1321 orsi
672 1299 805 1333 sumus,
822 1284 1000 1335 quomodo
1017 1300 1143 1338 nempe
1159 1288 1256 1325 Deus
1268 1300 1327 1325 cor

339 1338 413 1388 ejus
426 1336 669 1384 obduraverit,
684 1351 818 1375 necnon
832 1337 876 1375 de
891 1337 987 1375 dicto
1003 1338 1065 1376 illo
1081 1354 1088 1375 :
1105 1340 1224 1392 Cujus
1237 1341 1327 1377 vult

339 1392 549 1432 miseretur,
570 1397 606 1427 et
622 1403 733 1440 quem
750 1391 837 1427 vult
853 1391 1026 1429 indurat.
1047 1393 1164 1430 Dices
1195 1395 1326 1444 itaque

338 1444 457 1479 milii:
484 1443 586 1491 Quid
616 1443 744 1480 adhuc
774 1445 976 1494 queritur?
996 1445 1198 1482 ‘voluntati
1222 1448 1325 1483 enim

336 1496 417 1546 ejus
438 1497 523 1546 quis
541 1497 714 1532 resistit?
734 1496 882 1547 Oportet
901 1505 1020 1534 autem
1041 1505 1073 1534 et
1099 1511 1157 1535 eos
1181 1498 1242 1548 qui
1267 1498 1324 1536 di-

334 1548 436 1584 vinas
455 1547 642 1585 sententias
661 1547 838 1599 explicare
856 1548 1126 1600 aggrediuntur,
1140 1559 1174 1587 et
1189 1564 1245 1588 eos
1261 1550 1322 1601 qui

335 1599 498 1647 audiunt,
518 1613 587 1636 non
604 1600 723 1637 statim
735 1600 781 1637 ad
796 1600 1119 1652 interpretationem
1133 1604 1266 1651 venire,
1280 1617 1323 1641 ne

334 1651 523 1690 videantur
542 1653 720 1690 sententiae
740 1652 815 1690 vim
837 1652 966 1690 inferre
977 1669 987 1702 3
1009 1654 1069 1691 sed
1091 1655 1196 1693 altius
1215 1669 1322 1695 evan-

335 1704 456 1754 gelicae
488 1703 607 1754 gratiae
636 1713 885 1756 argumentum
922 1716 1098 1758 repetere,
1132 1717 1164 1745 et
1191 1707 1242 1746 sic
1277 1723 1322 1746 ex

334 1756 580 1806 consequentia
601 1756 731 1794 claram
751 1771 814 1795 nec
830 1758 1011 1796 confusam
1026 1759 1164 1797 tradere
1179 1761 1228 1798 rei
1243 1775 1321 1813 spe-

334 1809 558 1846 culationem.
578 1810 628 1847 Ut
640 1810 749 1861 igitur
758 1811 883 1861 paucis
899 1811 1077 1850 exordiar.
1100 1813 1141 1850 In
1158 1813 1321 1865 Epistola

333 1861 379 1898 ad
401 1862 579 1899 Romanos
606 1862 672 1900 hoc
698 1862 835 1901 dictum
855 1863 1021 1901 habetur.
1049 1866 1218 1903 Romanis
1237 1880 1320 1905 vero

332 1913 488 1951 scribens
518 1914 664 1964 Paulus,
687 1928 768 1952 cum
797 1915 908 1953 multa
935 1916 1006 1953 alia
1037 1918 1171 1956 monita
1190 1919 1319 1968 hahet,

332 1975 408 2003 tum
427 1965 605 2017 praeeipue
622 1980 694 2004 rem
714 1968 899 2005 emendare
918 1968 1050 2019 studet,
1071 1983 1149 2020 quae
1169 1972 1320 2010 multam

330 2018 630 2069 perturbationem
646 2033 687 2056 ac
702 2019 955 2058 dissensionem
972 2031 1124 2073 pareret,
1140 2025 1318 2074 quomodo

329 2080 447 2108 autem
460 2101 469 2119 ,
492 2085 614 2108 aurem
639 2073 770 2124 praebe.
794 2074 915 2111 Romae
936 2074 1041 2111 multi
1061 2085 1159 2113 erant
1177 2077 1294 2115 Judaei
1307 2108 1317 2128 ,

330 2123 434 2160 multi
449 2137 589 2174 quoque
605 2124 764 2174 gentiles,
782 2126 844 2176 qui
860 2125 896 2163 in
913 2126 1135 2166 Servatorem
1154 2129 1316 2168 credide-

329 2185 430 2212 rant:
446 2188 632 2227 pugnaque
660 2177 750 2215 inter
777 2177 857 2216 illos
882 2188 956 2216 erat
977 2189 1010 2217 et
1028 2181 1216 2232 tumultus,
1248 2197 1315 2220 non

329 2241 374 2264 ex
400 2228 541 2279 pictatis
571 2229 703 2279 studio,
731 2229 793 2267 sed
820 2245 865 2268 cx
891 2231 1065 2282 primatus
1085 2235 1314 2273 contentione.

329 2280 506 2318 Volebant
547 2281 609 2330 qui
639 2295 684 2318 ex
720 2283 884 2333 gentibus
916 2295 1145 2333 accesserant,
1184 2288 1316 2338 primas

329 2341 445 2382 partes
475 2341 611 2382 tenere;
632 2333 789 2386 idipsum
819 2337 838 2374 J
844 2335 932 2373 udaei
965 2337 1033 2374 sibi
1066 2338 1311 2378 vindicabant.

328 2384 374 2421 Hi
386 2385 623 2423 obtendebant
637 2396 817 2438 paternam
833 2388 1065 2439 nobilitatem,
1079 2390 1316 2443 dicebantque

328 2437 519 2485 gentilibus
538 2454 544 2474 :
563 2440 826 2477 P1·aestantieres
847 2441 949 2478 vobis
977 2456 1100 2480 sumus
1117 2459 1124 2480 ε
1143 2458 1225 2483 nam
1252 2460 1313 2483 an-

328 2489 458 2539 tiquior
472 2491 568 2542 apud
586 2505 648 2529 nos
668 2500 718 2529 est
736 2492 795 2544 pia
812 2493 937 2544 religio
947 2509 958 2543 3
981 2495 1190 2546 patriarchae
1204 2498 1313 2536 nostri

326 2551 407 2579 sunt
429 2543 622 2591 Abraham,
641 2545 739 2582 isaac
758 2555 791 2582 et
804 2547 932 2596 Jac0b3
956 2549 1166 2598 patriarchae
1181 2550 1313 2588 scilicet

325 2607 445 2631 omnes
455 2605 487 2632 et
502 2596 682 2648 propheta*>
699 2613 707 2633 :
720 2611 781 2635 nos
794 2599 947 2650 priscam
962 2596 1134 2639 habemus
1145 2603 1313 2641 nobilita-

323 2653 411 2691 tem;
424 2661 486 2684 vos
500 2662 618 2686 recens
636 2649 849 2688 beneficium
864 2652 1061 2704 accepistis.
1075 2655 1235 2693 Gentiles
1249 2657 1309 2706 qui

322 2698 556 2746 crediderant,
578 2710 696 2738 eontra
716 2702 879 2741 (licebant
893 2720 900 2740 :
914 2706 991 2742 Non
1012 2717 1157 2756 possunt
1177 2708 1310 2760 primas

321 2758 438 2788 tenere
452 2752 511 2801 qui
529 2753 711 2791 Christum
725 2754 959 2806 abnegarunt,
976 2772 1038 2795 nec
1052 2760 1185 2810 primas
1205 2775 1309 2798 oecu-

320 2816 405 2852 pare
422 2813 537 2853 partes
556 2806 616 2854 qui
644 2820 783 2844 erucem
812 2808 968 2847 fixerunt
992 2820 1026 2848 et
1050 2821 1170 2850 contra
1191 2814 1307 2852 Deum

320 2868 543 2905 pugnavere:
559 2871 620 2893 vos
640 2859 758 2908 rejecti
778 2860 907 2909 fuistis,
923 2871 956 2899 et
974 2876 1093 2901 omnes
1113 2875 1231 2915 gentes
1245 2880 1307 2905 vo-

319 2915 405 2943 cata}
426 2916 517 2944 sunt.
537 2910 608 2945 Nos
624 2909 834 2949 beneficium
856 2915 1055 2966 rapuimus,
1078 2931 1140 2955 vos
1168 2918 1305 2956 benefi-

318 2972 399 2995 cum
419 2961 629 2997 contumelia
649 2963 829 3001 affecistis.
848 2966 943 3003 Tum
963 2969 1141 3019 apostolus
1156 2970 1305 3009 multam

315 3010 438 3048 videns
449 3013 760 3062 perturbatioueui,
776 3017 1036 3069 tumultumque
1052 3036 1220 3073 magnum
1233 3025 1306 3061 Ro-

313 3076 379 3100 mae
398 3063 611 3113 excitatum,
635 3067 874 3118 cogitansque,
897 3071 1017 3121 ingens
1030 3075 1162 3112 malum
1179 3076 1213 3113 in
1229 3091 1304 3114 ma-

310 3128 380 3163 gna
407 3116 494 3153 urbe
509 3127 686 3166 exortum,
710 3134 808 3170 posse
830 3135 891 3171 pei·
912 3132 1024 3161 totum
1043 3127 1166 3165 orbem
1181 3129 1300 3166 effun—

308 3167 358 3214 di,
373 3169 646 3215 contentionem,
660 3171 759 3220 quasi
780 3186 823 3209 ex
841 3174 961 3211 radice
976 3178 1147 3227 reprimit,
1159 3195 1201 3218 ne
1216 3182 1300 3219 hinc

307 3220 480 3257 dissensio
503 3235 566 3272 per
585 3223 787 3261 universam
805 3234 934 3263 terram
953 3240 1172 3277 grassaretur
1179 3248 1189 3280 ;
1207 3248 1296 3271 sesc-

306 3286 373 3321 que
392 3273 549 3311 inedium
572 3275 816 3327 interponens,
837 3291 872 3314 se
895 3292 961 3316 non
987 3289 1023 3316 ut
1041 3282 1213 3332 judicem,
1233 3286 1296 3324 sed

303 3333 340 3360 ut
359 3325 617 3375 pacificatorem
641 3328 745 3380 gerit,
774 3342 905 3378 guarus
933 3334 1190 3373 contentionem
1223 3350 1290 3375 non

299 3376 394 3426 piam
415 3378 622 3427 religionem
641 3382 865 3432 constituere,
886 3384 943 3421 sed
968 3385 1064 3436 piam
1082 3387 1288 3439 religionem

1405 455 1505 498 σικῆς
1538 452 1729 505 ἐνεργείας,
1765 457 1934 503 μουσικῆς
1962 457 2024 493 οὐκ
2067 455 2303 507 ἀνθρωπίνης,
2335 455 2427 493 ἀλλὰ

1404 504 1494 546 θείας
1507 535 1516 552 ,
1533 504 1591 543 καὶ
1615 505 1685 544 ἀπὸ
1703 505 1801 557 ἁγίου
1817 506 2022 558 Πνεύματος
2038 508 2310 559 ἀνακρουόμενος
2322 537 2331 554 ,
2357 506 2426 545 ἀπὸ

1403 560 1464 603 τῆς
1503 557 1700 609 συγγενείας
1737 558 1910 610 εὐφημίαν
1950 559 2113 604 λαὸόντες
2153 559 2330 611 λέγουσιν,
2364 558 2427 598 Υἱὲ

1405 611 1515 648 Δαυὶδ
1531 640 1540 658 ,
1562 609 1701 658 ἐλέησόν
1724 627 1778 662 με.
1804 611 1905 658 Πλὴν
1932 614 1969 649 οὐ
1999 614 2049 650 δεῖ
2065 618 2215 664 στοιχεῖν
2243 612 2352 664 ταύτῃ
2381 615 2425 662 τῇ

1405 667 1523 715 φωνῇ,
1543 664 1620 702 ἀλλ’
1637 667 1690 703 ἐπ’
1713 663 1844 711 ἐκείνην
1862 664 1923 714 μὲν
1938 665 2158 716 ὃδηγεῖσθαι,
2182 666 2368 715 ἀνοίγεσθαι
2388 665 2423 702 δὲ

1403 717 1461 753 ἐπὶ
1480 716 1543 763 τὴν
1564 716 1674 760 ἀξίαν.
1691 717 1824 764 Ἰάθηὴ
1846 722 1928 761 παῖς
1949 718 2052 765 αὐτῆς
2069 718 2138 756 ἀπὸ
2155 722 2215 764 τῆς
2234 717 2326 769 ὥρας
2341 717 2426 755 ἐκεί-

1402 783 1474 814 νης.
1492 772 1583 808 Θεοῦ
1600 770 1667 821 γὰρ
1692 769 1787 822 φωνὴ
1807 771 2046 822 προσελθοῦσα
2073 769 2136 816 τὴν
2158 771 2267 808 παῖδα
2283 769 2424 808 ἰάσατο·

1402 820 1541 873 ἐξορίζει
1566 822 1729 873 δαίμονας
1744 853 1752 867 ,
1774 822 1908 860 ἐλαύνει
1926 826 1948 870 ἡ
1966 826 2025 861 τοῦ
2045 824 2209 873 Σωτῆρος
2228 821 2324 875 φωνὴ
2353 828 2425 860 πᾶ-

1402 889 1464 912 σαν
1486 875 1641 912 ἐναντίαν
1657 876 1885 914 κατάστασιν.

1456 926 1560 965 Ἀλλὰ
1589 931 1700 965 ταῦτα
1724 927 1786 979 μὲν
1813 930 1859 970 εἰς
1878 927 1940 975 τὴν
1976 926 2201 979 εὖαγγελικὴν
2223 925 2339 978 χάριν,
2359 929 2425 979 οὐχ

1401 978 1478 1018 ὅσον
1507 982 1615 1018 εἰπεῖν
1645 983 1764 1032 ἐχρῆν,
1795 981 1870 1018 ἀλλ’
1894 982 1971 1019 ὅσον
1991 982 2099 1018 εἰπεῖν
2120 979 2299 1031 ἷσχύομεν.
2320 979 2423 1017 Ἐπεὶ

1404 1031 1439 1069 δὲ
1467 1032 1545 1070 ὅσον
1567 1032 1747 1084 ὀφείλομεν
1767 1035 1828 1071 οὐκ
1848 1035 2034 1085 ἀρκοῦμεν,
2055 1032 2111 1071 ἐπὶ
2132 1033 2194 1079 τὴν
2215 1032 2424 1083 ἐπαγγελίαν

1403 1084 1569 1135 ἔλθωμεν,
1588 1085 1645 1122 ἵνα
1672 1085 1720 1135 μὴ
1753 1085 1888 1137 ἡμέραν
1920 1085 1953 1128 ἐξ
1987 1085 2121 1136 ἡμέρας
2149 1084 2425 1135 ἀναδαλλόμενοι

1402 1140 1471 1175 τῶν
1490 1137 1744 1175 ἐπιποθούντων
1762 1137 1825 1183 τὴν
1848 1137 2012 1188 ἀκρόασιν
2030 1136 2262 1188 ἀμὸλύνωμεν
2278 1137 2334 1174 τὸν
2354 1136 2423 1175 πό-

1404 1193 1472 1227 θον.
1493 1190 1623 1241 Καιρὸς
1642 1184 1697 1226 οὖν
1721 1189 1827 1240 κάμοὶ
1849 1189 2002 1241 ἅψασθαι
2020 1194 2082 1236 τῆς
2103 1189 2345 1241 ὑποσχέσεως,
2365 1189 2423 1227 καὶ

1402 1243 1483 1292 ὑμῖν
1498 1243 1715 1294 παραδοῦναι
1733 1242 1772 1280 τὸ
1794 1243 1927 1293 ὀφεῖλον
1945 1245 2005 1288 τῆς
2023 1242 2232 1294 ἀκροάσεως.
2251 1241 2341 1292 Περὶ
2363 1246 2424 1280 τοῦ

1400 1293 1539 1346 Φαραὼ
1564 1297 1708 1333 ἐκινεῖτο
1726 1294 1844 1346 λόγος,
1876 1296 1950 1337 πῶς
1978 1295 2184 1346 ἐσκλήρυνεν
2206 1297 2223 1332 ὃ
2242 1294 2329 1337 Θεὸς
2359 1293 2423 1341 τὴν

1399 1346 1544 1398 καρδίαν
1567 1346 1723 1399 Φαραὼ,
1744 1348 1803 1385 καὶ
1832 1348 1996 1399 περὶτῆς
2023 1351 2137 1400 φωνῆς
2164 1349 2227 1392 τῆς
2255 1346 2422 1397 λεγούσης

1399 1399 1531 1447 ἐκείνης
1543 1430 1554 1447 ,
1572 1399 1639 1438 “Ον
1658 1400 1748 1439 θέλει
1762 1402 1867 1448 ἐλεεῖ,
1885 1400 1920 1438 ὃν
1942 1400 1976 1440 δὲ
1991 1401 2080 1438 θέλει
2100 1398 2296 1451 σκληρύνει.
2308 1398 2422 1452 Ἐρεῖς

1398 1446 1456 1490 οῧν
1480 1468 1555 1502 μοι,
1573 1452 1606 1490 τί
1634 1452 1685 1490 ἔτι
1712 1453 1908 1505 μέμφεται,
1930 1453 2031 1505 φησί,
2053 1455 2102 1504 τῷ
2135 1452 2202 1504 γὰρ
2224 1451 2422 1503 βουλήματι

1399 1507 1501 1543 αὐτοῦ
1521 1505 1572 1548 τίς
1593 1504 1801 1552 ἀνθέστηκε,
1837 1509 1898 1544 Δεῖ
1935 1508 1970 1544 δὲ
1999 1504 2077 1548 τοὺς
2108 1503 2322 1555 ἁπτομένους
2350 1507 2418 1542 τῶν

1397 1557 1496 1595 θείων
1515 1558 1712 1608 νοημάτων,
1742 1558 1800 1596 καὶ
1819 1559 1896 1603 τοὺς
1917 1558 2104 1601 ἀκούοντας
2117 1586 2126 1601 ,
2150 1556 2197 1608 μὴ
2219 1556 2342 1600 εὐθέως
2363 1559 2417 1595 ἐπ’

1396 1610 1503 1657 αὐτὴν
1513 1610 1657 1653 ἐξελθεῖν
1672 1611 1736 1657 τὴν
1753 1611 1952 1663 ἑρμηνείαν,
1968 1611 2023 1649 ἵνα
2039 1610 2086 1661 μὴ
2104 1610 2183 1661 δόξῃ
2203 1609 2417 1660 βεὸιασμένη

1395 1656 1482 1701 εἶναι
1502 1666 1523 1709 ἡ
1541 1663 1652 1701 ἔννοια
1664 1692 1673 1709 ,
1690 1665 1766 1701 ἀλλ’
1789 1664 1917 1702 ἄνωθεν
1935 1664 1997 1711 τὴν
2016 1662 2177 1701 ὑπόθεσιν
2197 1665 2258 1708 τῆς
2275 1664 2418 1713 εὐαγγε-

1393 1716 1493 1761 λικῆς
1511 1715 1653 1768 χάριτος
1673 1716 1865 1755 ἐκλαδόντα
1882 1746 1891 1763 ,
1912 1715 2018 1759 οὕτως
2049 1715 2197 1760 ἀπὸ-τῆς
2216 1714 2419 1758 ἀκολουθίας

1392 1767 1521 1820 τρανὴν
1546 1768 1605 1806 καὶ
1625 1768 1817 1820 ἀσύγχυτον
1843 1767 2059 1821 παραδοῦναί
2092 1784 2134 1818 με
2162 1767 2225 1814 τὴν
2260 1766 2418 1818 θεωρίαν.

1393 1819 1469 1858 Ἵνα
1484 1820 1596 1858 τοίνυν
1616 1822 1791 1872 συντέμω,
1808 1821 1938 1869 ταύτην
1954 1820 2147 1870 ποιήσομαι
2163 1823 2222 1858 τοῦ
2235 1818 2338 1871 λόγου
2354 1819 2417 1867 τὴν

1393 1873 1519 1924 ἀρχήν.
1543 1873 1605 1912 Ἔν
1637 1877 1678 1925 τῆ
1712 1874 1796 1925 πρὸς
1826 1874 2024 1925 Ῥωμαίους
2044 1875 2237 1923 Ἐπιστολῇ
2263 1876 2280 1910 ὃ
2297 1872 2411 1927 λόγος.

1392 1924 1582 1976 Ῥωμαίοις
1610 1925 1644 1963 δὲ
1675 1926 1800 1978 γράφει
1819 1930 1836 1965 ὃ
1857 1929 2022 1975 Παῦλος,
2053 1925 2167 1964 πολλὰ
2195 1925 2256 1976 μὲν
2280 1929 2335 1962 οὐν
2357 1926 2416 1963 καὶ

1391 1976 1493 2029 ἕτερα
1520 1981 1715 2030 παραινῶν,
1736 1979 1920 2031 ἐξαιρέτως
1941 1979 1976 2018 δὲ
1999 1986 2146 2031 πρᾶγμα
2174 1977 2416 2030 διορθούμενος

1390 2030 1522 2078 πολλὴν
1536 2032 1614 2083 ἔχον
1629 2031 1802 2084 ταραχὴν,
1821 2033 1880 2070 καὶ
1895 2031 2027 2078 πολλὴν
2045 2031 2124 2083 ἔχον
2136 2030 2198 2076 τὴν
2215 2032 2414 2068 ἀκαταστα-

1391 2082 1468 2121 σίαν
1483 2099 1490 2106 ·
1512 2084 1570 2121 καὶ
1590 2083 1682 2127 ὅπως
1694 2085 1810 2123 ἄκουε.
1826 2085 1888 2123 Ἓν
1904 2088 1946 2137 τῆ
1962 2084 2085 2136 ζΡώμῃ
2099 2082 2221 2122 πολλοί
2236 2098 2323 2125 τινες
2343 2082 2413 2134 ἐγέ·ν

1390 2150 1487 2173 νοντο
1508 2138 1577 2176 ἀπὸ
1604 2136 1781 2175 Ἰουδαίων
1803 2139 1849 2181 εἷς
1868 2137 1926 2176 τὸν
1946 2139 2111 2191 ΣωτῆραΝ
2121 2135 2412 2181 πεπιστευκότες,

1389 2188 1511 2227 πολλοὶ
1532 2189 1566 2228 δὲ
1584 2189 1643 2227 καὶ
1672 2189 1705 2233 ἐξ
1722 2191 1826 2228 ἐθνῶν
1847 2190 2072 2228 ἐπίστευσαν.
2097 2190 2162 2226 Ἠν
2180 2188 2216 2226 δὲ
2236 2187 2333 2240 μάχη
2353 2188 2413 2226 καὶ

1390 2241 1531 2294 θόρυὸος
1552 2241 1679 2292 μεταξὺ
1698 2245 1766 2279 τῶν
1789 2245 1916 2295 μερῶν,
1933 2245 1998 2295 οὐχ
2016 2241 2083 2280 ὑπὸ
2097 2242 2199 2288 ζήλου
2218 2239 2411 2287 εὖσεὸείας,

1389 2295 1465 2331 ἀλλ’
1487 2294 1572 2346 ὑπὲρ
1596 2295 1776 2347 πρωτείων
1805 2295 2025 2347 φιλονεικίας.
2045 2293 2254 2332 Ἐὅούλοντο
2286 2292 2354 2344 γὰρ
2382 2295 2412 2331 οἳ

1389 2345 1457 2383 ἀπὸ
1488 2348 1592 2384 ἐθνῶν
1614 2346 1711 2384 αὐτοὶ
1743 2348 1852 2385 δοκεῖν
1875 2347 2078 2399 πρωτεύειν,
2104 2345 2283 2385 ἐὸούλοντο
2305 2345 2365 2382 καὶ
2381 2349 2412 2384 οἱ

1387 2398 1456 2436 ἀπὸ
1475 2398 1651 2437 Ἰουδαίων
1672 2399 1769 2437 αὐτοὶ
1786 2393 1871 2438 εἶναι
1893 2402 2039 2452 πρῶτοι.
2064 2398 2134 2437 Καὶ
2150 2397 2360 2449 προσέφερον
2381 2400 2412 2436 οἱ

1386 2451 1456 2489 ἀπὸ
1484 2453 1552 2489 τῶν
1576 2451 1751 2490 Ἰουδαίων
1774 2451 1835 2499 τὴν
1853 2452 2025 2506 πατρικὴν
2047 2450 2232 2503 εὐγένειαν,
2252 2450 2312 2488 καὶ
2330 2448 2406 2488 ἔλε-

1385 2518 1443 2554 γον
1463 2509 1533 2548 τοῖς
1553 2505 1622 2542 ἀπὸ
1642 2505 1760 2552 ἐθνῶν,
1780 2505 1833 2543 ὅτι
1856 2508 1956 2555 ἡμεῖς
1983 2507 2079 2555 ὑμῶν
2103 2501 2322 2555 τιμιώτερον
2344 2505 2410 2555 ἀρ-

1384 2556 1550 2609 χαιοτέρα
1577 2556 1644 2609 γὰρ
1671 2560 1770 2607 ἡμῶν
1791 2561 1812 2603 ἡ
1833 2557 2010 2596 εὖσέὸεια·
2029 2557 2088 2595 καὶ
2109 2558 2209 2606 ἡμῶν
2230 2558 2260 2593 οἱ
2282 2570 2408 2608 πατρι-

1385 2607 1508 2660 άρχαι,
1525 2609 1692 2661 ἡμέτερος
1711 2613 1729 2648 ὁ
1745 2610 1922 2661 Ἀδραὰμ,
1940 2609 2109 2661 ἡμέτερος
2125 2612 2142 2646 ὁ
2164 2607 2305 2654 Ἰσαὰκ,
2320 2607 2408 2657 ἡμέ-

1383 2677 1480 2713 τερος
1516 2665 1533 2700 ὁ
1568 2661 1698 2700 Ἰακὼὸ
1712 2693 1721 2709 ,
1758 2665 1789 2700 οἱ
1829 2662 2046 2715 πατριάρχαι
2087 2659 2236 2704 πάντες,
2276 2659 2335 2697 καὶ
2377 2663 2408 2698 οἱ

1380 2717 1575 2766 προφῆται·
1610 2714 1669 2752 καὶ
1706 2718 1807 2764 ἡμεῖς
1833 2714 1895 2764 μὲν
1935 2714 2084 2766 ἀρχαίαν
2117 2712 2242 2779 ἔχομεν
2273 2712 2336 2758 τὴν
2352 2714 2404 2750 εὗ-

1378 2765 1526 2815 γένειαν,
1547 2769 1645 2817 ὑμεῖς
1666 2766 1701 2805 δὲ
1720 2767 1919 2820 πρόσφατον
1938 2767 2080 2805 ἐλάὸετε
2107 2780 2170 2810 την
2191 2763 2401 2830 εὐεργεσίαν.

1379 2820 1425 2856 Οἱ
1453 2819 1488 2863 ἐξ
1519 2819 1699 2866 Ἑλλήνων
1727 2818 1841 2871 ἔλεγον
1874 2821 1937 2871 οὐχ
1964 2813 2034 2871 οῗόχ
2052 2834 2090 2855 τε
2108 2832 2310 2870 -πρωτευειν
2328 2815 2406 2860 τοὺς

1380 2873 1400 2908 ἀ
1426 2871 1638 2921 νησαμένους
1658 2872 1714 2909 τὸν
1732 2871 1895 2925 Χριστὸν,
1916 2873 1981 2923 οὐχ
1999 2869 2066 2908 οἱόν
2091 2886 2125 2907 τε
2146 2873 2179 2908 ἐν
2199 2869 2323 2921 πρώτῃ
2347 2885 2404 2919 με-

1379 2887 1447 2974 ρίδι
1486 2925 1652 2976 τετάχθαι
1696 2923 1772 2968 τοὺς
1821 2924 1878 2962 τὸν
1916 2923 2061 2974 σταυρὸν
2100 2921 2300 2969 πήξαντας,
2345 2921 2404 2958 καὶ

1341 2989 1352 3009 “ι
1377 2975 1454 3018 τοὺς
1484 2977 1792 3028 θεομαχήσαντας·
1828 2975 2049 3022 ἀπεῧλήθητε
2082 2974 2151 3027 γὰρ
2195 2976 2310 3024 ὑμεῖς,
2346 2974 2404 3011 καὶ

1376 3028 1573 3076 ἐκλήθησαν
1601 3029 1716 3066 πάντα
1737 3029 1780 3067 τὰ
1807 3029 1885 3074 ἔθνη
1901 3044 1908 3051 ·
1941 3027 2000 3066 καὶ
2025 3031 2127 3077 ἡμεῖς
2148 3027 2209 3077 μέν
2245 3028 2349 3076 ἐσμεν
2372 3029 2402 3063 οἱ

1376 3081 1437 3128 τὴν
1464 3081 1663 3133 εὐεργεσίαν
1684 3081 1922 3133 ἁρπάσαντες,
1943 3082 2042 3130 ὑμεῖς
2062 3079 2097 3117 δὲ
2119 3082 2150 3118 οἳ
2175 3078 2238 3124 τὴν
2261 3081 2400 3130 εὐεργε-

1374 3133 1451 3170 σίαν
1472 3133 1686 3185 ὑδρίσαντες.
1709 3134 1753 3171 ‘O
1776 3132 1967 3175 ἀπόστολος
1996 3131 2207 3181 θεασάμενος
2240 3129 2398 3182 ταραχὴν

1371 3185 1519 3232 πολλὴν,
1541 3187 1600 3224 καὶ
1620 3185 1761 3236 θόρυὸον
1780 3185 1988 3235 ἀκμάσαντα
2007 3183 2115 3222 πολὺν
2135 3186 2168 3221 ἐν
2185 3187 2228 3248 τῇ
2245 3182 2369 3233 (Ρώμῃ
2387 3211 2396 3227 ,

1370 3238 1429 3275 καὶ
1448 3238 1632 3285 ἐννοήσας,
1651 3237 1704 3276 ὅτι
1722 3237 1827 3275 κακὸν
1848 3237 1887 3275 τὸ
1904 3240 1936 3275 ἐν
1957 3239 2000 3288 τῇ
2019 3235 2152 3287 μεγάλῃ
2172 3237 2271 3272 πολει
2291 3235 2397 3272 πλεο-

1368 3290 1480 3338 νάζον,
1499 3290 1638 3328 δύναται
1658 3289 1725 3341 γὰρ
1746 3290 1934 3340 ἐκχυθῆναι
1962 3292 2010 3332 εἰς
2030 3294 2146 3326 πᾶσαν
2164 3287 2230 3333 τὴν
2251 3289 2310 3323 ὑπ’
2332 3287 2394 3324 οὖ-

1368 3342 1479 3392 ρανὸν,
1505 3342 1708 3380 ἀναστέλλει
1727 3341 1846 3392 ὥσπερ
1867 3341 1935 3379 ἀπὸ
1964 3341 2054 3383 τινὸς
2075 3340 2169 3392 ῥίζης
2204 3338 2267 3385 τὴν
2290 3340 2392 3390 φιλο-

1366 3393 1507 3441 νεικίαν,
1528 3395 1582 3431 ἵνα
1616 3394 1663 3445 μὴ
1693 3396 1820 3432 ἐκεῖθεν
1849 3396 1896 3436 εἷς
1930 3400 2045 3432 πᾶσαν
2085 3392 2146 3439 τὴν
2181 3394 2243 3442 γῆν
2277 3391 2393 3441 ἐξέλθῃ
