2481 3678
716 260 755 289 ix
794 259 1006 290 Jomxim
1043 257 1197 288 uomit..
1237 255 1343 284 xxxi
1379 238 1439 283 al.
1479 255 1585 282 xxx.

118 342 284 394 ὑμετέρας
304 344 501 393 παρακοῆς,
517 341 610 391 ὅμως
634 343 868 392 ἐπιθυμοῦμεν
897 344 1016 378 τοῦτον
1033 341 1137 377 ἐλατ-

117 405 268 448 τωθῆναι
295 403 439 451 μᾶλλον,
455 402 513 439 καὶ
534 402 595 447 τὴν
615 401 784 453 ὑμετέραν
804 401 993 447 αὐξηθῆναι
1022 414 1137 443 σωτη-

119 462 209 513 ρίαν,
246 463 366 513 μισθὸν
392 463 499 513 μέγαν
531 462 592 509 τὴν
620 462 789 513 ὑμετέραν
812 461 1034 510 εὐδοκίμησιν
1052 452 1140 495 εἶναι

117 523 321 573 νομίζοντες.
343 523 412 560 Καὶ
430 527 539 560 ταῦτα
568 523 716 574 λέγομεν
735 526 807 566 νῦν,
825 523 891 572 οὐχ
917 520 973 557 ἵνα
1002 519 1138 569 ἐπαχθῆ

117 583 175 621 καὶ
198 584 304 635 βαρὺν
321 583 524 634 ποιήσωμεν
545 583 602 622 τὸν
628 583 742 634 λόγον,
763 583 838 620 ἀλλ’
859 580 915 618 ἵνα
941 580 1005 625 τὴν
1026 579 1139 629 ἀλγη-

117 645 199 683 δόνα
225 647 304 695 ὑμῖν
321 645 587 696 οέπιδείξιιψεν,
605 645 646 691 ἣν
667 644 792 695 ἔχομεν
813 641 869 680 διὰ
887 641 950 686 τὴν
968 639 1139 690 ὑμετέραν

118 705 299 759 ῥαθυμίαν·
317 700 357 751 ἧς
373 706 506 756 γένοιτο
521 705 653 748 πάντας
673 709 765 755 ἡμᾶς
783 702 1059 753 ἀπαλλαγέντας,
1079 703 1140 746 τῆς

2109 259 2186 285 201

1212 333 1384 372 mercedis
1409 334 1486 371 loco
1505 333 1691 370 habemus.
1719 333 1764 370 Et
1786 333 1860 369 haec
1892 347 1984 371 nunc
2018 334 2170 373 dicimus
2186 367 2194 382 ,

1212 408 1281 432 non
1314 402 1352 430 ut
1385 392 1522 430 molesti
1548 402 1580 429 et
1609 393 1747 429 onerosi
1766 392 1869 430 vobis
1901 393 2011 430 simus
2022 423 2033 442 ‚
2067 395 2124 430 scd
2158 406 2196 432 ut

1212 454 1371 491 dolorem
1391 462 1549 491 nostrum
1582 453 1626 491 de
1656 453 1803 504 segnitie
1839 462 1955 491 vestra
1987 464 2195 506 conceptum

1211 517 1443 554 exhibeamus
1474 531 1482 552 :
1515 530 1585 567 qua
1615 516 1753 553 utinam
1790 530 1853 553 nos
1886 529 2007 554 omnes
2038 516 2196 566 liberati,

1213 576 1453 629 spiritualium
1474 590 1593 613 rerum
1613 576 1730 614 studio
1759 577 1973 626 haereamus,
1992 586 2025 614 et
2050 578 2198 616 caelestia

1212 640 1305 678 bona
1323 653 1604 690 consequamur,
1627 640 1740 691 gratia
1763 649 1796 677 et
1812 639 2033 690 benignitate
2054 640 2196 677 Domini

1214 701 1325 738 nostri
1344 702 1427 740 Jesu
1448 700 1603 751 Christi,
1633 701 1777 751 quicum
1798 701 1895 738 Patri
1919 700 2031 751 gloria
2061 714 2199 752 unaque

115 769 354 816 πνευματικῆς
366 766 508 818 ἔγεσθαι
522 767 690 812 σπουδῆς,
708 764 767 802 καὶ
781 766 849 801 τῶν
865 763 1031 815 οὐρανίων
1049 765 1139 813 ἀγα-
1165 764 1188 795 C
1213 762 1365 814 Spiritui
1387 771 1525 812 sancto,
1548 762 1583 799 in
1605 762 1732 800 sarcula
1751 762 1972 801 saeculorum.
1995 763 2117 800 Amen.

116 830 183 865 Οῶν
200 829 389 879 ἐπιτυχεῖν,
417 827 536 879 χάριτι
558 827 616 866 καὶ
646 824 887 878 φιλανθρωπίᾳ
914 827 973 861 τοῦ
1008 824 1137 875 Κυρίου

115 892 215 939 ἡμῶν
235 889 350 935 Ἰησοῦ
371 890 522 939 Χριστοῦ
537 919 545 934 ,
566 890 639 939 μεθ’
661 881 698 925 οῧ
715 890 764 939 τῷ
780 886 896 939 Πατρὶ
911 889 932 932 ἡ
951 885 1049 930 δόξα,
1064 886 1137 936 ἅμα

116 952 165 1000 τῷ
177 949 264 1001 ἁγίῳ
280 949 473 1000 Πνεύματι,
484 953 531 994 εἷς
543 948 619 993 τοὺς
636 951 761 991 αἰῶνας
774 952 842 986 τῶν
859 946 1003 986 αἰώνων.
1016 947 1136 998 Ἀμήν.

147 1093 158 1107 ‘
180 1082 392 1126 ἰύποδείξωμεν
405 1083 463 1115 δατ
473 1082 507 1116 il.
527 1090 560 1114 et
572 1081 658 1116 Cod.
676 1084 752 1122 706,
773 1080 919 1125 melius.]

493 1343 670 1380 OMIAIA
705 1341 770 1379 λα’.

930 1466 982 1480 *xl-x

119 1465 162 1503 ‘O
179 1466 305 1517 Πατὴρ
335 1468 454 1519 ἀγαπᾷ
475 1469 533 1505 τὸν
554 1468 649 1513 Υἱὸν,
685 1468 744 1506 καὶ
777 1467 892 1505 πάντα
926 1482 1073 1505 οεοωκεν
1107 1469 1142 1505 ἐν

169 1529 213 1576 τῇ
246 1527 338 1578 χειρὶ
366 1529 482 1566 αὐτοῦ.
504 1527 548 1566 ‘O
568 1528 739 1566 πιστεύων
762 1530 809 1570 εἷς
843 1528 900 1565 τὸν
935 1528 1037 1574 Υἱὸν,
1071 1528 1143 1580 ἔχει

170 1587 260 1633 ζωὴν
292 1587 450 1625 αἰώνιον·
480 1592 497 1626 ὁ
534 1589 569 1626 δὲ
595 1589 751 1626 ἀπιστῶν
784 1590 834 1639 τῷ
857 1589 953 1639 Υἱῷ,
977 1589 1039 1626 οὐκ
1061 1589 1144 1640 ὄψε-

171 1663 228 1686 ται
255 1648 318 1695 τὴν
348 1648 452 1697 ζωὴν,
476 1651 551 1687 ἀλλ’
582 1653 604 1696 ἦ
634 1649 717 1701 ὀργὴ
754 1653 813 1687 τοῦ
845 1651 937 1688 Θεοῦ
970 1648 1063 1700 μένει
1089 1651 1133 1687 ἐπ

170 1708 285 1747 αὐτόν.

169 1838 266 1876 Πολὺ
295 1842 356 1886 τῆς
385 1839 679 1891 συγκαταὸάσεως
700 1840 739 1879 τὸ
759 1839 878 1892 κέρδος
895 1841 929 1878 ἐν
945 1840 1056 1878 ἅπασι
1077 1841 1142 1879 δεί-

117 1914 239 1936 κνυται
257 1899 472 1951 πράγμασιν.
494 1901 599 1938 Οὕτω
615 1901 676 1945 τὰς
701 1902 824 1953 τέχνας
847 1900 1142 1952 κατωρθώσαμεν,

117 1962 178 1998 οὐκ
194 1959 316 2011 ἀθρόον
330 1961 426 2013 παρὰ
442 1964 510 1999 τῶν
529 1962 746 2000 διδασκάλων
762 1962 876 1999 πάντα
892 1961 1121 2012 μανθάνοντες
1134 1977 1141 1985 ·

117 2020 207 2058 οὕτω
226 2021 343 2065 πόλεις
360 2022 572 2073 ἐδειμάμεθα
585 2052 594 2070 ,
610 2022 726 2075 ἠρέμα
746 2024 806 2061 καὶ
821 2023 912 2060 κατὰ
930 2023 1054 2074 μικρὸν
1075 2025 1141 2061 αὖ-

117 2082 178 2126 τὰς
200 2087 444 2126 συνιστῶντες·
466 2083 557 2121 οὕτω
575 2084 638 2131 τὴν
671 2083 761 2130 ζωὴν
796 2085 1048 2136 διακρατοῦμεν
1078 2083 1141 2131 τὴν

117 2144 305 2195 ἡμετέραν.
329 2144 398 2182 Καὶ
422 2144 469 2194 μὴ
487 2145 670 2195 Θαυμάσῃς
693 2147 723 2183 εἷ
740 2145 796 2184 ἐπὶ
814 2148 882 2182 τῶν
916 2147 1088 2196 βιωτικῶν
1105 2145 1144 2182 τὸ

116 2211 263 2256 πρᾶγμα
282 2204 453 2252 τοσαύτην
471 2204 543 2257 ἔχει
566 2206 627 2252 τὴν
649 2205 763 2258 ἰσχὺν,
783 2206 868 2244 ὅπου
884 2221 922 2256 γε
943 2205 1002 2243 καὶ
1021 2207 1056 2243 ἐν
1072 2211 1143 2248 τοῖς

115 2271 362 2316 πνευματικοῖς
377 2267 509 2313 πολλὴν
527 2267 568 2304 ἄν
592 2283 643 2310 τις
663 2266 756 2319 εὕροι
774 2266 903 2312 ταύτης
932 2270 994 2312 τῆς
1022 2266 1143 2319 σοφίας

115 2320 220 2364 οὖσαν
240 2327 302 2373 τὴν
320 2326 476 2377 δύναμιν.
497 2327 603 2366 Οὕτω
618 2328 686 2380 γὰρ
702 2328 762 2365 καὶ
780 2327 1001 2375 ’ἠδυνήθησαν
1023 2329 1141 2365 ἀπαλ-

114 2387 264 2437 λαγῆναι
276 2390 338 2433 τῆς
353 2388 634 2440 εἷδωλολατρείας
652 2387 958 2440 Ἰουδαῖοι,ἠρε’μα
976 2388 1035 2426 καὶ
1052 2387 1142 2425 κατὰ

116 2448 238 2498 μικρὸν
259 2449 476 2499 ἓναγόμενοι,
491 2449 550 2486 καὶ
570 2449 676 2500 μηδὲν
699 2449 734 2493 ἐξ
751 2451 861 2501 ἀρχῆς
881 2449 1013 2500 ὑψηλὸν
1034 2447 1142 2486 ἀκού-

115 2522 209 2551 οντες
223 2537 231 2553 ,
254 2508 342 2558 μήτε
359 2509 554 2560 δογμάτων,
583 2509 671 2559 μήτε
691 2509 868 2552 πολιτείας
885 2510 1011 2547 ἕνεκεν.
1038 2508 1142 2547 Οὕτω

119 2568 207 2618 μετὰ
225 2569 287 2615 τὴν
304 2573 362 2606 τοῦ
390 2571 543 2621 Χριστοῦ
563 2569 769 2620 παρουσίαν,
794 2570 851 2608 ὅτε
880 2570 939 2608 καὶ
967 2569 1142 2620 ὑψηλοτέ-

121 2645 188 2681 ρων
210 2630 391 2681 δογμάτων
411 2633 428 2668 ὃ
448 2631 566 2682 καιρὸς
598 2625 652 2676 ἦν,
674 2631 830 2674 ἅπαντας
862 2630 1080 2681 προσήγοντο
1111 2633 1141 2668 οἱ

118 2691 325 2739 ἀπόστολοι,
357 2690 454 2729 οὗῗὲν
495 2693 532 2728 ἐκ
565 2691 706 2742 πρώτης
737 2690 869 2742 ὑψηλὸν
899 2690 1138 2742 φθεγγόμενοι.

1136 1651 1143 1663 ’
1164 1658 1188 1687 D

1165 2274 1189 2303 E

1516 1345 1724 1383 HOMILIA
1754 1346 1895 1385 XXXI.

1213 1464 1278 1503 55.
1310 1467 1434 1503 Pater
1461 1467 1587 1518 diligit
1607 1469 1779 1514 Filiam,
1816 1478 1852 1506 et
1872 1472 2003 1506 omnia
2027 1470 2131 1508 dedit
2160 1472 2201 1507 in

1267 1539 1387 1563 manu
1412 1529 1506 1579 ejus.
1527 1528 1591 1565 56.
1621 1529 1695 1578 Qui
1713 1529 1834 1566 credit
1864 1532 1906 1565 in
1934 1530 2105 1575 Filium,
2132 1531 2201 1567 ha-

1271 1587 1331 1623 bet
1359 1589 1478 1624 vitam
1505 1595 1689 1625 oeternam
1708 1604 1719 1624 :
1738 1591 1805 1640 qui
1824 1598 1953 1627 autem.
1982 1591 2202 1627 incredulus

1265 1654 1321 1683 est
1344 1647 1473 1694 Filio,
1499 1661 1577 1684 non
1598 1649 1749 1686 videbit
1773 1652 1922 1696 vitam,
1948 1651 2017 1688 sed
2044 1652 2104 1687 ira
2128 1651 2204 1687 Dei

1266 1715 1398 1744 manet
1416 1721 1529 1759 super
1549 1722 1648 1745 eum.

1265 1832 1302 1868 1.
1346 1832 1522 1882 Magnum
1561 1831 1863 1884 attemperationis
1900 1841 1933 1870 et
1970 1832 2202 1885 indulgentiae

1211 1893 1352 1932 lucrum
1385 1894 1421 1931 in
1452 1894 1618 1932 omnibus
1650 1895 1755 1933 rebus
1781 1896 2003 1947 experimur.
2027 1896 2087 1934 Sic
2108 1906 2200 1934 artes

1214 1954 1448 2007 perfecimus,
1487 1969 1557 1993 non
1586 1965 1727 2008 repente
1759 1956 1878 1994 omnia
1898 1971 1917 1994 a
1939 1957 2117 2008 magistris
2143 1957 2200 1995 di-

1209 2025 1342 2053 scentes
1356 2031 1366 2064 ;
1386 2015 1436 2053 sic
1452 2016 1557 2054 urbes
1572 2017 1856 2065 construximus,
1871 2017 2001 2055 sensim
2019 2027 2052 2056 et
2073 2018 2202 2070 paula-

1209 2076 1275 2114 tim
1311 2076 1527 2115 aedjficantes
1539 2093 1550 2127 3
1602 2078 1653 2115 sic
1691 2078 1805 2116 vitam
1845 2087 2091 2117 sustentamus.
2131 2080 2204 2117 Nec

1210 2139 1350 2177 mireris
1368 2139 1397 2176 si
1417 2140 1478 2177 hic
1494 2139 1622 2177 modus
1644 2139 1679 2177 in
1701 2140 1810 2192 hujus
1832 2140 1914 2178 vitae
1941 2141 2047 2178 rebus
2068 2150 2204 2179 tantam

1211 2199 1287 2238 vim
1314 2199 1443 2237 habeat
1460 2230 1469 2249 ,
1488 2200 1632 2250 quando
1652 2200 1687 2237 in
1707 2200 1954 2252 spiritualibus
1976 2215 2118 2252 quoque
2137 2202 2204 2240 boc

1210 2259 1368 2311 prudens
1389 2270 1705 2312 temperamentum
1721 2261 1769 2297 ita
1787 2260 1893 2298 valet.
1911 2261 1970 2299 Sic
1983 2262 2029 2298 ab
2046 2261 2202 2299 idolola—

1212 2322 1280 2360 tria
1308 2332 1453 2375 potuere
1481 2322 1599 2361 Judaei
1619 2322 1727 2374 eripi,
1758 2322 1888 2359 sensim
1913 2323 2072 2372 reducti3
2103 2323 2164 2373 qui
2183 2337 2204 2360 a

1213 2384 1388 2436 principio
1413 2384 1503 2421 nihil
1533 2383 1687 2421 sublime
1707 2383 1917 2432 audierunt,
1949 2398 2061 2434 neque
2091 2398 2203 2434 quan-

1212 2452 1290 2481 tum
1309 2444 1355 2482 ad
1373 2444 1540 2494 dogmata
1552 2474 1562 2493 ,
1582 2458 1696 2494 neque
1709 2453 1880 2494 quantum
1893 2443 1939 2480 ad
1958 2444 2040 2482 vitae
2057 2444 2202 2482 institu-

1215 2512 1302 2540 tum.
1324 2504 1384 2541 Sic
1405 2504 1511 2541 etiam
1537 2512 1617 2555 post
1649 2504 1783 2540 Christi
1807 2503 2022 2554 adventum,
2059 2505 2203 2556 quando

1213 2563 1465 2601 sublimiorum
1476 2562 1685 2614 dogmatum
1700 2572 1840 2615 tempus
1851 2573 1939 2611 erat,
1956 2579 2075 2603 omnes
2090 2565 2204 2603 addu-

1213 2625 1338 2662 cebant
1351 2624 1502 2676 apostoli
1515 2653 1524 2671 ,
1547 2624 1638 2661 nihil
1654 2624 1809 2662 sublime
1825 2640 1844 2662 a
1862 2625 2040 2678 principio
2056 2627 2204 2677 loquen-

1214 2697 1276 2725 tes.
1297 2688 1357 2725 Sic
1385 2697 1419 2725 et
1439 2687 1605 2725 Christus
1636 2688 1759 2726 multis
1778 2703 1799 2726 a
1819 2689 1995 2741 principio
2015 2691 2124 2728 verba
2152 2692 2204 2728 sa-

117 2751 223 2790 Οὕτω
237 2752 296 2790 καὶ
315 2755 332 2790 ὁ
351 2752 502 2804 Χριστὸς
516 2759 587 2795 τοῖς
606 2752 742 2790 πλείοσι
757 2751 951 2802 ὃδιελέγετο
965 2750 1062 2803 παρὰ
1079 2751 1142 2798 τὴν
1166 2765 1191 2793 Α
1215 2748 1339 2786 ciebat.
1361 2747 1420 2786 Sic
1454 2749 1607 2786 Joannes
1626 2762 1720 2786 nunc
1752 2749 1831 2787 fecit
1861 2749 1906 2787 de
1938 2750 2000 2787 illo
2029 2752 2130 2801 quasi
2159 2751 2204 2789 de

118 2813 241 2865 ἀρχήν.
264 2813 370 2851 Οὕτω
391 2813 450 2851 καὶ
473 2813 637 2860 Ἰωάννης
654 2813 796 2859 ἐποίησε
820 2816 890 2859 νῦν,
919 2815 965 2855 ὡς
984 2812 1064 2864 περὶ
1085 2814 1144 2850 ἇν-

117 2874 255 2926 Θρώπου
276 2874 518 2925 διαλεγόμενός
537 2891 627 2918 τινος
644 2877 844 2925 Θαυμαστοῧ
858 2905 867 2921 ,
889 2874 948 2912 καὶ
966 2873 1010 2911 τὰ
1028 2874 1146 2926 ὑψηλὰ

117 2935 418 2985 συνεσκιασμένως
448 2936 678 2987 παρεντιθείς.
698 2935 904 2988 Ἀρχόμενος
925 2938 1006 2986 γοῦν
1036 2935 1144 2978 οὕτως

116 2996 252 3047 ἔλεγεν·
269 2998 322 3034 Οὐ
350 2996 491 3034 δύναται
514 2997 690 3049 ἅνθρωπος
719 2998 776 3049 ἀφ’
809 2999 932 3034 ἑαυτοῦ
950 2996 1144 3047 λαμὸάνειν

116 3057 224 3095 οὐδέν.
244 3051 332 3094 Εἶτα
348 3056 479 3109 ὑψηλόν
500 3073 533 3095 τι
553 3058 708 3109 συνάψας
737 3058 796 3095 καὶ
819 3056 938 3104 εἰπὼν,
960 3056 1005 3095 ‘O
1025 3059 1064 3095 ἐκ
1086 3062 1145 3096 τοῦ

115 3118 258 3169 οὐρανοῦ
279 3117 466 3168 ἐρχόμενος
484 3148 493 3165 ,
527 3118 644 3156 ἐπάνω
677 3118 817 3156 πάντων
852 3118 948 3165 ἐστὶ,
972 3117 1077 3155 πάλιν
1099 3120 1145 3160 εἷς

116 3177 160 3215 τὰ
172 3178 320 3215 ταπεινὰ
336 3177 394 3215 τὸν
413 3177 514 3228 λόγον
535 3179 694 3230 κατάγει,
712 3178 823 3229 λέγων
845 3178 934 3215 ἄλλα
952 3194 990 3215 τε
1008 3178 1121 3216 πολλὰ
1134 3208 1143 3225 ,

116 3238 176 3276 καὶ
199 3238 272 3286 ὅτι,
292 3241 344 3277 Οὐ
360 3238 427 3289 γὰρ
447 3239 486 3276 ἐκ
509 3239 636 3290 μέτρου
670 3239 806 3276 δίδωσιν
826 3242 843 3277 ὃ
863 3238 952 3281 Θεὸς
970 3239 1009 3277 τὸ
1027 3241 1143 3277 Πνεῦ-

118 3314 167 3347 μα
183 3315 189 3321 ·
207 3293 306 3336 ιἐἶτα
325 3299 467 3349 ἐπάγει,
487 3299 597 3350 λέγων
612 3316 618 3323 ·
635 3300 680 3338 ‘O
690 3299 818 3351 Πατὴρ
834 3301 956 3350 ἀγαπᾷ
971 3299 1028 3337 τὸν
1044 3300 1143 3348 Υἱὸν,

163 3420 174 3433 ³
192 3408 292 3443 Savil.
310 3413 514 3454 διαλεγόμενος
529 3418 613 3456 παρὰ.
630 3419 682 3450 τὴν
699 3417 796 3456 ἀρχὴν
810 3416 954 3457 ἐραίνετα
972 3416 1058 3446 οὕτω.

1215 2809 1373 2846 mirabili
1404 2808 1572 2861 quopiam
1593 2809 1736 2847 homine
1766 2810 1937 2861 loquens,
1967 2811 2203 2863 sublimiaque

1215 2871 1399 2909 obscurius
1444 2871 1666 2909 interserens.
1703 2871 1811 2910 Initio
1846 2887 1999 2924 namque
2036 2874 2176 2912 dicebat
2194 2892 2201 2911 :

1215 2934 1306 2971 Non
1322 2941 1447 2985 potest
1463 2934 1577 2970 homo
1593 2947 1619 2971 a
1637 2937 1759 2986 seipso
1784 2938 1958 2987 accipere
1977 2937 2200 2988 quidquam.

1216 2994 1352 3032 Deinde
1379 3003 1567 3046 postquam
1585 2994 1724 3045 aliquid
1750 3010 1919 3048 magnum
1947 2996 2094 3048 adjecit,
2130 2999 2203 3047 Qui

1220 3057 1268 3094 de
1311 3057 1404 3094 caelo
1433 3059 1564 3103 venit,
1603 3070 1721 3108 supra
1751 3071 1881 3095 omnes
1919 3067 1975 3096 est
1986 3075 2001 3103 ;
2015 3073 2136 3096 rursus
2157 3058 2203 3096 ad

1218 3117 1370 3155 humilia
1386 3116 1581 3168 descendit,
1598 3127 1726 3170 praeter
1741 3118 1809 3156 alia
1828 3119 1939 3156 multa
1957 3118 2076 3157 dicens
2095 3121 2204 3156 :Non

1215 3182 1318 3217 enim
1346 3193 1393 3217 ex
1413 3193 1595 3217 mensura
1628 3180 1697 3216 dat
1729 3181 1836 3217 Deus
1854 3181 2062 3231 Spiritum‚·
2082 3189 2202 3231 postea

1216 3254 1361 3288 rursus,
1388 3242 1509 3278 Pater
1535 3241 1663 3291 diligit
1691 3241 1861 3286 Filium,
1885 3249 1921 3277 et
1942 3242 2073 3277 omnia
2098 3242 2203 3278 dedit

1217 3303 1259 3338 in
1268 3314 1388 3338 manu
1402 3302 1497 3352 ejus.
1516 3299 1604 3338 Inde
1619 3313 1698 3339 cum
1716 3300 1942 3350 intelligeret,
1964 3309 2098 3337 metum
2118 3315 2202 3352 sup-

1256 3416 1271 3438 l’
1289 3414 1342 3445 Ita
1359 3412 1413 3445 {illi
1434 3421 1466 3445 el.
1480 3412 1578 3446 savii.
1597 3411 1714 3445 blorel.
1731 3416 1799 3454 μεθ’
1824 3417 1842 3445 ἃ
1859 3415 1946 3446 πάλιν
1964 3416 2064 3455 ἐπάγῖι
2078 3421 2084 3427 “
2106 3415 2206 3454 λέγων.
