2481 3678
279 257 302 284 2
318 257 326 283 ι
341 240 368 283 8
737 254 773 282 S.
812 252 997 283 JOANNJS
1033 251 1275 281 cunrsosr.

1319 249 1519 279 anctum).
1565 247 1925 278 CONSTANTlNOP.

275 334 354 371 lieet
374 334 409 372 in
431 334 622 372 satanicam
641 332 989 371 celebritatemflrcc
1003 333 1119 370 dicere
1135 341 1168 370 et
1187 331 1260 383 agi-
1284 337 1306 365 B
1331 330 1466 382 τρέχεις
1497 331 1544 373 εἰς
1573 328 1735 374 τοιαύτην
1766 328 1931 381 θεωρίαν;
1969 327 2039 366 Καὶ
2059 329 2133 370 πῶς
2165 326 2214 365 ἔνι
2251 331 2350 366 τοῦτο

274 403 349 432 tare
367 409 436 433 non
451 395 626 441 desinam,
645 393 756 430 donec
774 407 837 431 vos
856 402 1010 431 mutatos
1026 392 1158 431 videro.
1168 394 1260 430 Nam

77 465 210 503 Philipp.
229 462 260 492 3.
276 455 349 492 liaee
371 454 506 502 dicere,
531 455 633 491 Mihi
652 454 807 505 quidem
833 466 912 489 non
935 455 1105 504 pigrum,
1132 452 1260 502 inquit,

80 517 103 533 t.

91 2660 141 2685 pvr

90 2696 142 2717 est.

114 2607 185 2634 Fide
201 2615 276 2633 sem-

204 2656 276 2685 opus

276 518 387 554 vobis
415 523 544 552 autem
564 522 688 551 tzccum
709 522 775 551 est.
789 514 841 550 Ne
856 513 965 563 igitur
984 512 1259 551 admonitionem

274 590 365 627 aegre
382 575 513 613 seratis.
533 575 624 612 Nam
645 573 674 611 si
688 573 843 624 graviter
864 573 1060 622 ferendum,
1080 574 1170 611 mihi
1191 589 1260 626 po·-

274 637 346 674 tius
363 646 463 681 esset,
483 635 544 686 qui
565 650 634 673 non
649 635 786 683 audior,
803 650 910 686 quam
930 635 1030 674 vobis
1048 637 1109 686 qui
1125 651 1261 688 semper

274 698 419 746 auditis,
442 711 637 747 numquam
657 706 775 734 autem
794 697 1057 748 obtemperatis.
1079 697 1150 735 Sed
1171 698 1262 736 absit

275 769 314 797 ut
343 773 480 811 semper
498 773 561 797 vos
584 773 749 796 accusare
768 772 893 810 cogar3
912 759 1003 796 faxit
1020 760 1116 797 Deus
1136 769 1175 797 ut
1195 759 1261 797 hac

276 820 496 873 turpitudine
518 820 678 869 liberati,
702 819 880 872 spirituali
908 821 1107 872 spectaculo
1135 821 1263 872 digne—

275 881 376 928 mini,
395 890 428 918 et
458 882 577 919 futura
608 880 719 932 gloria
753 880 920 918 fruamini
940 882 1080 932 :gratia
1106 891 1139 919 et
1164 881 1262 919 beni-

276 941 409 992 gnitate
428 941 573 979 Domini
595 940 705 979 nostri
725 942 810 979 Jesu
831 941 976 990 Christi,
997 942 1143 993 quicum
1166 942 1261 980 Patri

276 1002 404 1053 gloria,
422 1017 560 1054 unaque
574 1003 724 1055 Spiritui
750 1003 935 1053 sancto,in
960 1005 1086 1043 saeeula
1111 1005 1257 1043 saeculo-

277 1078 368 1101 rum.
393 1066 515 1102 Amen.

324 1659 336 1672 *
355 1655 470 1699 [savit
490 1664 517 1687 et
538 1654 647 1689 Godd.
667 1656 722 1687 cit.
747 1653 877 1686 addunt
891 1657 944 1696 διὸ,
961 1658 1141 1699 παρακαλῶ,
1159 1663 1216 1688 τῶν
1233 1669 1286 1686 σα-

279 1720 401 1744 τανικῶν
425 1715 569 1753 ἀπέχεσθε
594 1708 664 1752 (vel
691 1708 880 1751 ἀπέχεσθαι)
906 1711 1097 1753 πανηγύρεων
1124 1705 1287 1738 Reddidit

280 1763 478 1803 Interpres]

325 1821 335 1833 ¹·
353 1814 413 1846 Alii
429 1819 524 1848 ταῦτα
542 1818 632 1855 λέγων
653 1816 684 1847 οὐ
708 1815 858 1855 παύσομαι
882 1820 1006 1855 συνεχῶς
1022 1814 1157 1855 διοχλῶν,
1183 1815 1234 1849 ἕως
1253 1815 1288 1844 ἂν

362 1997 593 2004 —.-———-

564 2109 771 2147 HOMILIA
805 2106 982 2145 XXXIII.

284 2236 346 2272 24.
379 2234 482 2270 Dicit
507 2236 542 2270 ei
567 2233 681 2270 Jesus
699 2247 709 2267 .·
727 2232 884 2277 Mulier,
908 2231 1019 2267 erede
1042 2231 1150 2275 milti,
1171 2232 1266 2280 quia

337 2297 444 2331 venit
462 2295 571 2339 hora,
592 2292 748 2345 quando
767 2304 887 2343 neque
902 2293 943 2327 in
956 2299 1084 2327 monte
1097 2291 1181 2335 hoc,
1203 2303 1266 2326 ne-

337 2369 410 2407 que
425 2354 680 2402 Jerosolymis
696 2353 908 2390 adorabitis
923 2352 1095 2388 Patrem.
1110 2353 1172 2388 QQ.
1193 2351 1267 2387 Vos

337 2417 511 2454 adoratis
532 2415 635 2466 quod
659 2415 812 2451 nescitis
828 2428 838 2448 .-
856 2426 923 2449 nos
944 2413 1151 2450 adoramus
1165 2412 1269 2462 quod

339 2480 594 2529 scimus‚quia
610 2477 716 2515 salus
731 2490 779 2513 ex
795 2476 945 2513 Judaeis
962 2483 1032 2513 est.

345 2602 360 2637 ’1
375 2630 381 2637 .
400 2600 544 2650 Ubique
562 2598 632 2637 fide
648 2598 749 2636 nobis
768 2612 858 2650 opus
872 2606 937 2646 est,
957 2596 1090 2646 dilecti,
1106 2596 1191 2647 fide,
1205 2596 1269 2634 bo-

291 2676 416 2700 norum
438 2670 561 2709 matre,
579 2660 702 2698 salutis
726 2659 914 2708 medicina,
937 2659 1010 2696 sine
1037 2673 1107 2710 qua
1133 2658 1270 2695 nullam

291 2735 499 2774 magnarum
512 2735 630 2758 rerum
647 2720 843 2758 doctrinam
861 2719 1042 2772 percipere
1063 2733 1252 2772 possumus
1259 2733 1270 2768 5

291 2782 352 2821 sed
366 2781 510 2834 perinde
522 2790 624 2831 atque
646 2781 700 2817 illi
715 2780 776 2831 qui
796 2781 870 2818 sine
892 2779 975 2818 navi
992 2794 1086 2818 mare
1110 2780 1271 2832 trajicere

293 2853 476 2892 conantur,
495 2842 675 2880 tantillum
690 2851 835 2893 possunt
859 2842 1024 2879 manibus
1048 2841 1272 2894 pedibusque

294 2915 428 2956 natare,
444 2903 505 2942 sed
525 2903 675 2958 ulterius
696 2903 883 2954 progressi,
900 2903 969 2940 cito
988 2918 1008 2940 a
1027 2902 1194 2940 fluctibus
1211 2902 1273 2940 de-

1331 390 1512 441 γενέσθαι,
1530 387 1645 440 φησίν.
1671 386 1732 425 Ἂν
1759 388 1799 425 τὸ
1826 387 1958 439 βιὲλίον
1995 387 2084 438 μετὰ
2100 393 2218 440 χεῖρας
2248 387 2350 440 ἔχεις.

1331 450 1438 502 Ὄψει
1452 449 1517 503 γὰρ
1539 452 1573 488 ἓν
1592 450 1685 500 αὐτῷ
1713 447 1772 486 καὶ
1798 448 1842 486 τὰ
1865 447 2080 498 σκάμματα,
2102 448 2160 485 καὶ
2189 447 2267 491 τοὺς
2286 463 2353 498 μα-

1333 510 1435 565 κροὺς
1455 510 1633 559 διαύλους,
1654 509 1712 548 καὶ
1738 509 1800 552 τὰς
1824 509 1936 552 λαὸὰς
1954 508 2016 553 τὰς
2044 508 2196 558 ἐκείνου,
2217 509 2276 545 καὶ
2295 513 2354 546 τοῦ

1335 572 1467 611 δικαίου
1487 572 1550 619 τὴν
1569 572 1708 624 τέχνην.
1728 572 1854 608 Ταῦτα
1882 569 1917 608 δὲ
1938 572 2089 621 θεωρῶν,
2110 569 2184 621 εἴσῃ
2214 569 2273 607 καὶ
2293 571 2355 606 αὐ-

1333 633 1390 677 τὸς
1409 632 1499 672 οὕτω
1519 633 1691 678 παλαίειν,
1716 631 1775 669 καὶ
1805 630 2038 682 ἀπαλλαγήσῃ
2069 629 2250 681 δαιμόνων.
2270 630 2355 666 Δαι-

1335 695 1447 746 μόνων
1469 694 1536 747 γὰρ
1564 693 1791 746 πανηγύρεις,
1824 694 1887 730 οὐκ
1919 692 2109 743 ἀνθρώπων
2141 691 2291 743 θέατρα,
2312 688 2356 727 τὰ

1335 755 1398 800 ἔξω
1408 756 1611 807 τελούμενα.
1626 755 1644 773 *
1656 756 1700 793 Εἰ
1713 754 1780 806 γὰρ
1795 754 1829 791 ἐν
1847 752 2011 804 εἷδωλείῳ
2030 754 2068 790 οὐ
2080 751 2176 803 θέμις
2196 751 2354 798 εἰσιέναι,

1335 819 1453 869 πολλῷ
1483 819 1613 868 μᾶλλον
1635 818 1683 859 εἷς
1704 815 1826 869 ἑορτὴν
1853 813 2056 860 σατανικήν.
2078 815 2228 851 εΤαῦτα
2244 812 2354 863 λέγων

1335 878 1394 916 καὶ
1414 879 1600 929 διενοχλῶν
1621 878 1659 916 οὐ
1683 875 1883 927 παύσομαι,
1905 875 1970 919 ἕως
1990 875 2029 912 ἂν
2053 874 2117 921 τὴν
2144 875 2357 926 ἐπιστροφὴν

1336 940 1409 978 ἴδω.
1428 941 1550 977 Ταῦτα
1567 939 1634 992 γὰρ
1650 938 1776 989 λέγειν,
1799 937 1876 988 ἐμοὶ
1897 937 1960 988 μὲν
1983 937 2046 975 οὐκ
2064 936 2223 987 ὀκνηρὸν,
2240 935 2356 987 φησὶν,

1336 1004 1416 1051 ὑμῖν
1436 1001 1470 1039 δὲ
1482 1000 1644 1052 ἀσφαλές.
1668 1000 1729 1047 Μὴ
1745 1000 1785 1047 δὴ
1803 998 1988 1051 βαρύνεσθε
2007 997 2069 1044 τὴν
2081 998 2298 1051 παραίνεσιν.
2313 1000 2357 1036 Εἰ

1337 1061 1404 1114 γὰρ
1420 1060 1624 1114 βαρύνεσθαι
1638 1060 1716 1108 ἔδει,
1734 1060 1794 1111 ἐμὲ
1805 1059 1872 1098 ἔδει
1888 1060 1945 1098 τὸν
1956 1059 2124 1102 πολλάκις
2138 1059 2284 1110 λέγοντα
2299 1062 2359 1097 καὶ

1307 1130 1312 1138 “
1339 1122 1428 1160 ᾱούκ
1445 1120 1667 1172 ἀκουόμενον,
1687 1124 1753 1174 οὐχ
1775 1125 1869 1172 ἡμᾶς
1888 1121 1965 1164 τοὺς
1982 1121 2034 1159 ἀεὶ
2064 1120 2126 1172 μὲν
2147 1120 2332 1164 ἀκούοντας
2347 1149 2356 1166 ,

1341 1182 1394 1220 ἀεὶ
1417 1181 1451 1219 δὲ
1482 1181 1755 1233 παρακούοντας.
1792 1182 1896 1220 Ἀλλὰ
1928 1182 1976 1233 μὴ
2009 1182 2143 1232 γένοιτο
2175 1181 2361 1224 διαπαντὸς

1339 1247 1451 1282 ταῦτα
1469 1245 1559 1294 ὑμᾶς
1579 1245 1817 1294 ἐγκαλεῖσθαι,
1837 1243 1927 1281 ἀλλὰ
1950 1243 2212 1293 ἀπαλλαγέντας
2230 1243 2360 1288 ταύτης

1340 1308 1402 1351 τῆς
1430 1303 1615 1356 αἰσχύνης,
1632 1302 1911 1350 θκαταξιωθῆναι
1931 1307 1994 1350 τῆς
2020 1306 2259 1354 πνευματικῆς
2276 1307 2360 1341 θεω-

1342 1367 1433 1419 ρίας,
1452 1366 1511 1404 καὶ
1530 1368 1591 1411 τῆς
1604 1364 1796 1415 μελλούσης
1816 1365 1914 1411 δόξης
1934 1366 2151 1411 ἀπολαῦσαι,
2164 1364 2285 1416 χάριτι
2301 1363 2361 1402 καὶ

1338 1426 1580 1481 φιλανθρωπίᾳ
1593 1430 1652 1465 τοῦ
1679 1426 1808 1479 Κυρίου
1828 1429 1929 1478 ἡμῶν
1947 1426 2062 1474 Ἰησοῦ
2085 1428 2260 1478 Χριστοῦ,
2283 1428 2357 1476 μεθ’

1338 1483 1376 1526 οῧ
1394 1491 1443 1541 τῷ
1459 1488 1574 1540 Πατρὶ
1589 1491 1610 1534 ἦ
1628 1487 1719 1534 δόξα,
1741 1487 1814 1538 ἅμα
1830 1490 1879 1540 τῷ
1896 1487 1984 1540 ἁγίῳ
2001 1487 2196 1538 Πνεύματι,
2220 1489 2267 1530 εἷς
2284 1485 2362 1530 τοὺς

1339 1552 1464 1593 αἰῶνας
1482 1551 1551 1587 τῶν
1570 1549 1717 1586 αἰώνων.
1737 1548 1859 1599 Ἀμήν.

1353 1658 1473 1695 γένηταί
1489 1667 1517 1685 τι
1533 1656 1635 1685 πλέον.
1654 1654 1720 1694 ἐμοὶ
1735 1654 1790 1693 μὲν
1807 1655 1865 1695 γὰρ
1882 1653 1943 1683 οὐκ.

1397 1705 1414 1729 (Ι
1432 1703 1545 1737 Morel.
1565 1711 1820 1750 παρακουόμενον.

1397 1763 1409 1776 ⁰
1426 1756 1538 1789 Morel.
1553 1761 1768 1796 καταξιωθῆναι
1782 1763 1840 1789 τῶν
1857 1758 1977 1788 αἰωνίων
1994 1757 2124 1795 ἀγαθῶν,
2139 1758 2251 1795 χάριτι-

1717 2105 1895 2143 OMIAIA
1922 2102 1987 2155 λγ’.

1345 2229 1447 2280 Λέγει
1465 2232 1550 2281 αὐτῇ
1571 2233 1588 2267 ὁ
1609 2230 1741 2277 Ἰησοῦς
1754 2245 1761 2253 ·
1781 2229 1905 2281 γύναι,
1933 2228 2118 2267 πίστευσόν
2140 2244 2198 2279 μοι
2212 2263 2222 2279 ‚
2240 2227 2292 2266 ὅτι
2311 2228 2364 2280 ἔρ-

1394 2305 1495 2341 χεται
1522 2290 1618 2342 ὥρα,
1651 2290 1707 2328 ὅτε
1735 2291 1812 2328 οὔτε
1840 2293 1874 2329 ἐν
1904 2292 1953 2341 τῷ
1982 2289 2054 2340 ὄρει
2078 2289 2212 2342 τούτῳ,
2232 2287 2311 2326 οὔτε
2331 2291 2365 2326 ἐν

1395 2351 1650 2404 Ἱεροσολύμοις
1689 2351 1950 2403 προσκυνήσετε
1996 2352 2045 2402 τῷ
2082 2350 2210 2402 Πατρί.
2243 2349 2365 2400 Ὑμεῖς

1396 2418 1622 2464 προσκυνεῖτε
1653 2412 1671 2451 ὃ
1699 2413 1759 2450 οὒκ
1788 2411 1924 2449 οἴδατε·
1952 2414 2053 2461 ’ἡμεῖς
2072 2411 2367 2462 προσκυνοῦμενδ

1396 2475 1549 2525 οἴδαμεν,
1569 2473 1622 2511 ὅτι
1641 2477 1662 2520 ἡ
1681 2472 1838 2525 σωτηρία
1858 2474 1896 2510 ἐκ
1915 2475 1983 2509 τῶν
2003 2471 2180 2509 Ἰουδαίων
2198 2472 2304 2509 ἐστίν.

1395 2600 1585 2651 Πανταχοῦ
1605 2597 1753 2640 πίστεως
1773 2599 1857 2647 ἡμῖν
1881 2597 1953 2643 δεῖ,
1976 2593 2170 2646 ἀγαπητοὶ,
2193 2594 2343 2637 πίστεως
2357 2623 2367 2639 ,

1343 2662 1405 2707 τῆς
1423 2659 1552 2711 μητρὸς
1567 2660 1635 2696 τῶν
1651 2660 1802 2709 ἀγαθῶν,
1820 2661 1879 2695 τοῦ
1895 2659 1958 2702 τ’ῆς
1973 2655 2146 2707 σωτηρίας
2163 2655 2365 2708 φαρμάκου·

1295 2723 1320 2754 Ε
1345 2721 1404 2760 καὶ
1423 2720 1552 2766 ταύτης
1578 2719 1658 2757 ἄνευ
1676 2717 1773 2756 οὐδέν
1793 2717 1889 2756 Ῑέστι
1905 2721 2097 2768 κατασχεῖν
2117 2719 2186 2754 τῶν
2205 2715 2365 2767 μεγάλων

1347 2781 1539 2834 δογμάτων.
1560 2781 1652 2818 Ἀλλ’
1674 2778 1808 2817 ἐοίκασι
1823 2783 1893 2820 τοῖς
1912 2776 2062 2828 πέλαγος
2078 2777 2157 2823 νηὸς
2171 2776 2278 2828 χωρὶς
2294 2779 2368 2814 ἐπι-

1345 2847 1500 2895 χειροῦσι
1512 2842 1690 2892 διαπερᾷν,
1704 2839 1737 2877 οἳ
1753 2837 1858 2891 μέχρι
1869 2837 1931 2888 μὲν
1946 2837 2061 2889 ὀλίγου
2072 2835 2257 2888 νηχόμενοι
2273 2838 2368 2888 διαρ-

1346 2908 1443 2942 κοῦσι
1461 2901 1581 2955 χερσὶν
1600 2904 1686 2952 ὁμοῦ
1706 2899 1763 2937 καὶ
1789 2899 1870 2937 ποσὶ
1888 2897 2088 2950 χρώμενοι,
2117 2897 2313 2950 περαιτέρω
2333 2897 2368 2935 δὲ

294 2975 519 3019 merguntur3
535 2965 585 3002 sir,
602 2973 635 3002 et
650 2964 710 3014 qui
727 2964 880 3015 propriis
897 2973 1046 3001 utuntur
1062 2963 1270 3012 ratiociniis,
1288 2999 1335 3024 190
1347 2963 1591 3015 προελθόντες,
1612 2961 1748 3013 ταχέως
1766 2960 1832 2998 ὑπὸ
1852 2962 1920 2997 τῶν
1940 2958 2105 3009 κυμάτων
2124 2959 2367 3010 βαπτίζονται·

295 3039 483 3079 antequam
497 3025 700 3072 didicerint,
716 3024 940 3074 naufragium
966 3025 1101 3062 faciunt
1125 3040 1132 3061 ε
1154 3038 1274 3075 quem-
1301 3036 1326 3065 Λ
1349 3023 1437 3063 οὕτω
1456 3023 1514 3062 καὶ
1541 3026 1571 3061 οἱ
1590 3028 1660 3065 τοῖς
1678 3020 1815 3063 οἰκείοις
1834 3020 2008 3072 χρώμενοι
2027 3022 2226 3072 λογισμοῖς,
2247 3020 2328 3072 πρὶν
2346 3020 2368 3066 ἤ

296 3090 490 3128 admodum
511 3096 544 3126 et
565 3085 697 3124 Paulus
725 3084 788 3134 ait,
815 3085 889 3134 Qui
910 3086 1152 3136 cit-cafidem
1180 3099 1276 3122 nazc-

286 3154 515 3205 sragarunt.
533 3145 637 3195 Quod
651 3159 764 3184 nenos
778 3159 918 3195 quoque
934 3145 1123 3196 patiamur,
1142 3160 1278 3184 sacram

300 3222 478 3251 teneamus
508 3222 686 3256 ancoram,
710 3221 772 3258 per
789 3220 894 3256 quain
910 3205 1072 3243 Christus
1087 3206 1278 3244 Samarita-

301 3289 383 3312 nam
401 3287 493 3311 nune
505 3271 615 3309 ducit.
628 3270 720 3307 Nam
740 3281 821 3305 eum
838 3267 898 3304 illa
912 3267 1057 3315 diceret,
1081 3268 1278 3318 Quomodo

305 3349 374 3373 vos
385 3336 511 3373 dicitis
526 3336 617 3385 quia
629 3335 669 3369 in
684 3329 939 3378 ,Ιονοςοζγηιίς
951 3337 1003 3366 est
1019 3329 1135 3373 locus,
1151 3331 1278 3379 inquo

347 3447 355 3467 1
378 3441 478 3475 savit.
500 3446 547 3474 ἑίιι.
564 3439 665 3472 Paulo
683 3446 758 3480 post
774 3436 860 3471 idem
881 3440 1056 3481 ἐπιχειρῶσι
1073 3439 1230 3471 διαδωεῑν,

1348 3102 1382 3123 τι
1403 3088 1539 3136 μαθεῖν,
1559 3083 1720 3135 ναυάγιον
1737 3081 1978 3132 ὑπομένουσιν·
1993 3080 2106 3123 καθὼς
2122 3081 2180 3119 καὶ
2197 3084 2214 3119 ὁ
2230 3081 2370 3123 Παῧλός

1350 3162 1468 3199 φησιν,
1491 3144 1627 3188 Οἵτινες
1661 3143 1740 3195 περὶ
1772 3142 1832 3189 τὴν
1864 3141 1981 3179 πίστιν
2009 3140 2238 3193 ἐναυάγησαν.
2255 3141 2369 3192 (Όπερ

1349 3207 1406 3246 ἵνα
1435 3206 1482 3258 μὴ
1513 3206 1572 3244 καὶ
1603 3209 1706 3256 ἡμεῖς
1737 3203 1915 3253 πάθωμεν,
1942 3202 2005 3250 τὴν
2039 3202 2134 3253 ἱερὰν
2165 3202 2369 3254 κατέχιι)μεν

1351 3268 1519 3320 ἄγκυραν,
1540 3268 1582 3304 δι’
1603 3260 1643 3312 ἧς
1663 3265 1722 3303 καὶ
1741 3263 1802 3311 τὴν
1832 3265 2045 3314 Σαμαρεῖτιν
2067 3266 2084 3301 ὁ
2102 3263 2251 3314 Χριστὸς
2279 3262 2368 3301 ἐπά-

1350 3344 1447 3379 γεται
1469 3332 1541 3366 νῦν.
1571 3325 1748 3373 Εἰπούσης
1770 3324 1836 3376 γὰρ
1858 3324 1989 3369 ἐκείνης
2003 3325 2120 3377 LII&
2138 3326 2233 3374 ὑμεῖς
2253 3323 2367 3374 λέγετε
