2481 3678
321 191 408 237 262
758 209 796 238 s.
832 209 1016 240 Jomms
1052 210 1295 241 cunvsos‘r.

313 288 447 338 dicitis,
463 289 566 340 longe
587 288 733 327 inferior
750 291 825 329 est?
849 291 932 329 Haec
954 291 1048 330 enim
1069 291 1204 330 dixisse
1225 305 1294 330 non

313 359 512 402 contentus,
536 351 675 403 adjicit:
698 353 772 403 Qui
788 353 1107 406 nonlzonorzficat
1129 354 1290 399 Filium,

313 426 391 450 non
410 414 643 467 honorificat
656 416 830 460 Patrem,
859 418 925 467 qui
947 418 1049 453 misit
1077 415 1203 452 illum.
1225 414 1293 454 Vi-

309 473 390 512 den'
412 475 589 525 quomodo
606 475 719 513 honor
734 475 817 513 Filii
845 490 927 513 cum
947 475 1080 514 honore
1098 476 1213 514 Patris
1235 490 1292 514 co-

313 535 485 587 puletur?
510 535 557 572 Et
573 535 766 585 quidhoc?
778 536 872 574 dicet
886 536 1027 587 aliquis.
1050 535 1093 574 Id
1111 546 1144 575 ct
1157 537 1192 575 in
1208 552 1293 590 apo-

309 596 408 634 stolis
425 595 590 634 videmus
608 613 616 632 :
638 598 713 647 Qui
727 610 798 635 vos
813 601 982 650 suscipit,
999 597 1127 648 inquit,
1142 612 1202 636 me
1212 612 1293 637 sus—

307 661 412 709 cipit.
431 657 504 695 Sed
525 656 600 695 illic
621 671 807 697 servorum
830 672 885 696 res
907 667 946 696 ut
959 658 1027 696 sibi
1046 659 1208 711 proprias
1220 669 1293 698 tra—

311 728 396 769 ctat,
433 727 466 756 et
499 718 579 757 ideo
620 719 671 757 sic
707 719 889 770 loquitur-3
915 720 974 758 hic
1008 734 1092 760 vero
1118 721 1168 759 sic
1192 721 1292 771 dicit,

309 781 393 832 quia
431 790 483 819 est
509 795 581 819 una
607 781 823 831 substantia,
850 796 920 820 una
958 782 1084 833 gloria.
1123 782 1293 834 Alioquin

308 856 393 881 vero
415 842 585 894 apostolis
616 856 685 880 non
707 842 816 892 dixit,
853 851 894 880 ut
923 843 1171 881 honorificent.
1195 843 1226 881 E
1255 859 1293 883 re

306 913 426 942 autem
447 904 567 953 dixit,
597 906 671 956 Qui
694 919 770 943 non
788 906 1020 958 honorificat
1044 906 1203 953 Filium,
1215 920 1293 944 non

307 966 540 1018 honorificat
551 968 724 1004 Patrem.
734 968 826 1004 Nam
836 966 865 1004 si
877 981 920 1004 ex
929 966 1071 1004 duobus
1083 967 1228 1018 regibus
1240 968 1292 1004 al-

306 1035 361 1065 ter
385 1027 600 1065 contumelia
629 1028 822 1076 afficiatur,
838 1027 874 1064 in
893 1028 1046 1065 alterum
1067 1027 1174 1065 etiam
1196 1028 1293 1065 cadit

306 1089 535 1137 contumelia,
549 1088 773 1138 maximeque
789 1088 819 1125 si
832 1088 861 1125 is
873 1088 936 1137 qui
956 1087 1099 1125 laeditur
1110 1088 1207 1126 filius
1222 1089 1288 1127 sit:

305 1149 377 1187 imo
396 1150 504 1187 etiam
523 1149 637 1187 milite
658 1150 754 1198 laeso,
781 1149 995 1186 contumelia
1018 1149 1176 1187 afficitur
1198 1164 1263 1188 rex
1274 1166 1286 1200 ς

304 1223 431 1248 verum
447 1224 522 1249 non
536 1210 659 1249 eodem
675 1210 796 1258 modo,
809 1209 869 1247 sed
885 1225 948 1262 per
961 1210 1212 1249 intermedium
1223 1212 1290 1249 ali-

304 1286 424 1322 quem.
452 1272 521 1310 Hic
542 1286 629 1312 vero
655 1286 725 1310 non
747 1272 924 1321 similiter,
943 1272 1005 1310 sed
1026 1287 1090 1325 per
1114 1273 1285 1325 seipsum.

303 1332 387 1370 Ideo
410 1332 528 1371 dicere
550 1333 754 1385 occupavit,
776 1335 826 1371 Ut
846 1334 1103 1386 honorificent
1122 1336 1161 1372 F
1160 1335 1284 1381 ilium,

1337 212 1521 242 ARCHIEP
1531 233 1539 243 .
1579 214 1936 246 CONSTANTINOP.

1368 292 1474 340 αὐτὴν
1489 293 1595 344 τιμὴν
1621 297 1784 346 ἀπαιτεῖζ,
1806 296 1937 348 σφόδρα
1971 297 2239 352 καταδεέστερος
2259 301 2320 346 ὢν,
2339 302 2385 344 ὥς

1366 369 1473 406 φατε;
1494 355 1565 392 Καὶ
1581 355 1656 393 οὐδὲ
1677 358 1824 395 ἐνταῦθα
1836 357 2022 407 *io-rotroci,
2037 358 2144 404 οὕτως
2159 361 2279 409 εἰπὼν,
2296 363 2385 401 ἀλλὰ

1365 415 1424 453 καὶ
1446 416 1568 468 ἐπάγει
1585 416 1695 468 λέγων
1709 432 1716 441 ·
1737 417 1781 456 Ὁ
1799 418 1848 470 μὴ
1876 421 1987 470 τιμῶν
2023 420 2081 459 τὸν
2103 421 2200 470 Υἱὸν,
2225 424 2263 460 οὔ
2300 429 2387 474 τιμᾷ

1364 475 1421 514 τὸν
1440 477 1585 530 Πατέρα
1615 478 1671 516 τὸν
1693 479 1881 532 πέμψαντα
1899 481 2015 521 αὐτόν.
2027 481 2137 535 Ὁρᾷς
2155 485 2229 526 πῶς
2249 483 2387 534 συμπέ-

1364 540 1515 577 πλεκται
1536 543 1557 587 ἡ
1576 540 1660 591 τιμὴ
1683 545 1742 579 τοῦ
1764 542 1848 580 Υἱου
1867 559 1910 594 τῃ
1931 546 2017 620 τιμῇ
2046 560 2105 583 του
2138 544 2296 596 Πατρός,
2317 545 2388 583 Καὶ

1364 599 1399 637 τί
1417 616 1529 649 τουτο,
1550 602 1655 653 φησί,
1672 605 1786 641 Τουτο
1819 603 1887 662 γὰρ
1924 605 1983 643 καὶ
2003 606 2062 644 ἐπὶ
2088 609 2157 644 τῶν
2186 606 2388 645 ἀποστόλων

1365 661 1457 701 ἔστιν
1478 663 1572 700 ἰδεῖν·
1584 662 1653 702 ‘O
1642 663 1709 739 γὰρ
1727 660 1935 716 δεχόμενος,
1951 666 2068 718 φησιν,
2088 669 2192 717 ὑμᾶς,
2210 667 2273 718 ἐμὲ
2294 667 2390 720 δέχε-

1365 738 1438 762 ται.
1461 723 1553 761 ”Am
1574 726 1645 762 εκεῖ
1665 724 1740 775 μὲν,
1761 726 1880 773 ἐπειδὴ
1905 726 1948 764 τὰ
1963 730 2032 765 τῶν
2053 726 2183 765 δούλων
2204 730 2389 767 οἰκειοῦται

1314 793 1339 822 D
1364 800 1433 822 των
1452 788 1595 831 ἑαυτου,
1612 785 1669 823 διὰ
1678 800 1779 824 τουτο
1791 787 1896 832 οὕτως
1910 781 2003 827 εἶπεν
2014 805 2022 812 ·
2038 790 2185 826 ἐνταῦθα
2195 789 2231 827 δὲ
2241 820 2250 837 ,
2266 789 2387 837 ἐπειδὴ

1366 846 1430 896 μία
1449 847 1542 884 ἐστιν
1563 850 1582 894 ἡ
1606 847 1704 886 οὐσία
1733 864 1790 886 και
1818 852 1840 895 ἡ
1867 849 1960 894 δόξα.
1980 849 2020 869 **
2030 849 2163 893 Ἄλλως
2183 849 2219 888 δὲ
2251 850 2311 888 καὶ
2331 850 2389 888 ἐπὶ

1364 910 1432 945 τῶν
1450 908 1653 946 ἀποστόλων
1674 912 1736 947 οὐκ
1757 910 1912 961 εἴρηται,
1936 927 1990 949 ινα
2016 913 2158 961 τιμῶσι.
2194 912 2320 955 Καλῶς
2354 909 2389 949 δὲ

1365 963 1477 1015 εἶπεν,
1497 969 1542 1007 ‘O
1563 969 1612 1020 μὴ
1632 974 1744 1021 τιμῶν
1762 972 1820 1010 τὸν
1841 972 1938 1018 Υἱὸν,
1961 974 1998 1010 οὐ
2021 978 2107 1023 τιμᾷ
2142 971 2199 1009 τὸν
2228 971 2387 1024 Πατέρα.

1365 1030 1436 1068 Καὶ
1456 1029 1524 1082 γὰρ
1545 1032 1574 1067 εἷ
1590 1030 1647 1068 δύο
1668 1031 1838 1082 βασιλέων
1865 1032 1971 1070 ὅντων
1991 1036 2009 1071 ὁ
2029 1026 2076 1075 εἷς
2093 1032 2265 1085 ὑδρίζοιτο
2280 1061 2289 1080 ,
2307 1047 2390 1070 συν-

1363 1089 1542 1141 υδρίζεται
1567 1090 1628 1128 καὶ
1649 1094 1666 1128 ὁ
1688 1091 1824 1143 ἕτερος,
1847 1092 1906 1130 καὶ
1930 1092 2083 1142 μάλιστα
2112 1093 2194 1131 ὅταν
2214 1096 2232 1131 ὃ
2250 1092 2392 1144 ὑὲριζό-

1366 1165 1466 1199 μενος
1486 1149 1557 1194 υἱὸς
1574 1145 1610 1201 ᾗ.
1635 1150 1836 1201 Ὑδρίζεται
1858 1152 1920 1202 μὲν
1939 1153 2007 1204 γὰρ
2025 1153 2084 1191 καὶ
2103 1153 2244 1191 ὁπλίτου
2263 1168 2390 1204 παροι-

1363 1210 1540 1257 νηθέντος·
1572 1212 1648 1249 ἀλλ’
1679 1212 1745 1263 οὐχ
1782 1212 1930 1262 ὁμοίως,
1957 1215 2033 1251 ἀλλ’
2065 1217 2112 1257 ὡς
2147 1214 2205 1251 διὰ
2238 1213 2390 1263 μεσίτου.

1361 1271 1538 1310 Ἐνταῦθα
1553 1271 1589 1310 δὲ
1607 1272 1674 1323 οὐχ
1692 1271 1817 1319 οὕτως,
1837 1273 1980 1316 ἀλλ’-ὡς
1998 1274 2040 1310 δι’
2055 1276 2192 1311 ἑαυτοῦ.
2209 1274 2278 1311 Διὰ
2292 1279 2393 1312 τοῦτο

1360 1332 1549 1385 προλαὸὼν
1566 1327 1675 1380 εἶπεν,
1691 1332 1770 1371 Ἵνα
1791 1336 1922 1384 τιμῶσι
1940 1333 1997 1372 τὸν
2021 1334 2118 1383 Υἱὸν,
2134 1333 2248 1378 καθὼς
2262 1337 2391 1386 τιμῶσι

303 1404 345 1433 ut
364 1396 624 1449 honorificant
649 1398 811 1434 Patrem
817 1412 833 1441 ;
852 1405 893 1433 ut
921 1410 1003 1434 cum
1026 1395 1173 1445 dixerit,
1213 1398 1288 1448 Qui
1311 1400 1335 1429 E
1361 1395 1416 1433 τὸν
1442 1393 1589 1447 Πατέρα
1602 1410 1609 1417 ·
1632 1393 1707 1442 ἵνα,
1727 1393 1809 1432 ὅταν
1832 1393 1933 1445 εἴπῃ,
1950 1394 1995 1434 Ὁ
2016 1394 2064 1446 μὴ
2084 1397 2195 1446 τιμῶν
2214 1395 2273 1434 τὸν
2294 1394 2391 1444 Υἱὸν,

304 1472 384 1495 non
411 1458 644 1511 honorificat
663 1459 825 1505 Filium,
850 1472 927 1496 non
955 1459 1187 1511 honorificat
1206 1461 1287 1496 Pa-

1360 1459 1398 1495 οὖ
1431 1461 1517 1507 τιμᾶ
1543 1456 1601 1494 τὸν
1632 1455 1799 1508 Πατέρα,
1829 1455 1894 1502 τὴν
1924 1456 2064 1504 αυτὴν(3
2077 1456 2242 1508 ἐννοήσῃς
2268 1456 2389 1507 τιμήν.

306 1530 416 1567 trem,
441 1519 607 1558 eumdem
627 1520 807 1571 intelligas
826 1519 1010 1558 honorem.
1041 1520 1166 1569 Neque
1190 1520 1285 1558 enim
1299 1549 1348 1573 223
1361 1519 1415 1555 Οὔ
1431 1517 1498 1570 γὰρ
1517 1518 1667 1561 ἁπλῶς
1654 1534 1672 1555 ο
1692 1515 1740 1567 μὴ
1754 1520 1881 1567 τιμῶν,
1900 1518 2005 1555 ἀλλ’(
1991 1533 2009 1555 ο
2026 1516 2073 1568 μὴ
2093 1520 2205 1568 τιμῶν
2224 1517 2331 1560 ουτως
2345 1520 2391 1559 ὡς

305 1581 529 1633 simpliciter,
550 1579 625 1628 Qui
641 1594 709 1617 non
722 1579 949 1627 honorificat,
963 1577 1040 1629 sed,
1060 1580 1133 1626 Qui
1148 1594 1218 1619 non
1228 1581 1289 1619 ho-
1313 1586 1339 1615 A
1363 1584 1471 1626 εἶπον,
1492 1579 1609 1632 φησὶν,
1630 1579 1666 1617 οὐ
1686 1585 1773 1631 τιμᾷ
1794 1594 1851 1616 τον
1871 1577 2028 1630 Πατέρα.
2056 1578 2127 1616 Καὶ
2160 1580 2251 1624 πῶς,
2281 1578 2390 1630 φησὶ,

306 1641 472 1679 noiificat
483 1650 524 1678 ut
535 1640 627 1689 dixi,
645 1654 715 1677 non
728 1640 942 1678 honorificat
955 1641 1109 1678 Panem
1131 1641 1179 1679 Et
1201 1656 1289 1692 quo-

307 1702 415 1741 modo
420 1703 595 1753 ,inquies,
609 1702 769 1754 ejusdem
785 1702 990 1740 substantiae
1006 1713 1088 1741 sunt
1103 1704 1165 1754 qui
1180 1704 1292 1743 mittit

196 1766 250 1792 3¹¹
255 1765 296 1792 ⁰¹·
309 1774 342 1802 et
361 1764 425 1815 qui
458 1763 637 1801 mittitur?
673 1764 811 1801 Rulsus
840 1763 887 1801 ad
911 1763 1067 1802 humana
1094 1778 1292 1803 seimonem

107 1805 296 1875 Lixgffimffss'g
310 1826 482 1874 demittis,
500 1839 563 1863 nec
585 1824 717 1876 cogitas
734 1825 809 1862 haec
820 1825 939 1862 omnia
952 1839 1022 1862 non
1040 1825 1110 1864 alia
1129 1826 1173 1864 de
1187 1840 1292 1865 causa

106 1898 135 1914 ¹⁰
154 1890 214 1916 ⁰⁰⁰
231 1900 293 1926 ves·
309 1889 405 1927 dicta
427 1856 550 1935 fuisse,
567 1886 639 1929 nisi
664 1895 704 1923 ut
733 1900 875 1923 causam
897 1900 1163 1937 cognoscamus,
1186 1901 1227 1925 ac
1249 1903 1293 1927 ne

108 1940 219 1957 ‘mam'
309 1951 345 1988 in
366 1948 515 1987 Sabellii
538 1947 703 1985 morbum
718 1946 934 1998 incidamus,
948 1956 983 1984 et
1004 1947 1214 1987 Judaeorum
1236 1949 1292 1987 in-

307 2010 458 2048 firmitas
482 2009 550 2048 hoc
567 2008 676 2046 modo
694 2017 846 2058 curetur,
869 2017 909 2046 ut
936 2022 1006 2047 non
1028 2009 1104 2047 Deo
1125 2009 1293 2049 adversa-

307 2071 382 2110 rius
395 2071 494 2124 apud
507 2086 564 2109 eos
579 2085 652 2109 csse
664 2070 896 2109 existimetur.
911 2071 1004 2108 Nam
1020 2070 1196 2122 dicebant,
1216 2075 1294 2111 Hic

308 2146 386 2170 non
397 2141 453 2170 est
462 2146 508 2170 ex
519 2133 603 2169 Deo
605 2146 622 2179 5
633 2133 695 2169 hic
707 2145 732 2168 α
743 2132 828 2169 Deo
840 2144 916 2168 non
926 2133 1191 2171 venit.Utve1·0
1201 2132 1293 2171 hanc

306 2192 545 2245 suspicionem
555 2193 722 2241 auferret,
738 2205 807 2229 non
819 2201 894 2229 tam
911 2192 1083 2230 sublimia
1097 2207 1205 2243 quam
1224 2194 1292 2231 hu-

306 2255 407 2292 milia
417 2254 622 2292 adhibebat.
640 2253 780 2291 Idcirco
798 2253 1082 2304 frequentissime
1101 2253 1243 2292 dicebat
1257 2269 1293 2293 se

306 2315 455 2353 missum
472 2315 593 2363 fuisse,
604 2327 673 2352 non
687 2323 726 2351 ut
734 2313 820 2352 hinc
839 2323 983 2366 putares
991 2314 1192 2353 inferiorem
1201 2315 1289 2367 dici,

305 2376 369 2415 sed
378 2385 418 2414 ut
429 2376 575 2414 illorum
587 2390 649 2413 ora
663 2375 873 2413 obstrueret.
889 2375 974 2414 Ideo
986 2390 1076 2428 saepe
1088 2376 1136 2414 ad
1151 2377 1292 2415 Patrem

306 2438 477 2488 confugit,
507 2450 609 2474 suam
643 2444 759 2473 tamen
796 2435 1041 2474 auctoritatem
1070 2437 1290 2477 interserens.

307 2500 399 2537 Nam
413 2498 443 2535 si
459 2497 577 2535 omnia
600 2496 799 2535 secundum
816 2496 1029 2547 dignitatem
1047 2512 1150 2536 suam
1178 2499 1293 2537 dixis-

257 2564 260 2566 ’
307 2570 373 2610 set,
388 2560 483 2597 dieta
499 2571 569 2596 non
586 2557 813 2595 admisissent
826 2558 881 2595 illi
901 2575 908 2595 :
928 2557 1223 2610 quandoquidem
1235 2561 1293 2599 vel

308 2636 355 2659 ex
371 2619 493 2672 paucis
504 2619 600 2657 hisce
614 2619 733 2657 verbis
752 2620 1055 2670 persequebantur
1072 2621 1177 2660 illum
1187 2637 1292 2676 saepe,

309 2691 343 2720 et
356 2680 575 2732 lapidabant.
596 2679 704 2725 Quod
719 2679 748 2716 si
772 2678 819 2716 ad
835 2679 915 2717 illos
939 2680 1131 2732 respiciens
1156 2696 1294 2735 semper

311 2740 463 2778 humilia
481 2740 645 2785 dixisset,
662 2739 765 2776 multi
788 2749 908 2791 postea
925 2739 1008 2778 binc
1030 2741 1104 2779 laesi
1128 2743 1289 2782 fuissent.

311 2802 536 2854 Quapropter
563 2800 762 2837 doctrinam
793 2801 929 2849 miscet,
965 2817 1029 2854 per
1058 2803 1225 2853 humilia,
1253 2815 1293 2843 ut

310 2863 404 2912 dixi,
425 2862 497 2900 illis
519 2861 699 2898 silentium
714 2862 909 2914 imponens,
933 2872 966 2900 et
989 2878 1052 2915 per
1077 2878 1115 2901 ea
1133 2879 1211 2914 quie
1237 2865 1293 2903 di-

311 2924 484 2975 gnitatem
498 2921 760 2973 exprimebant,
780 2923 888 2960 vilem
909 2923 1087 2975 depellens
1111 2925 1295 2963 existima-

310 2986 443 3022 tionem
459 2982 555 3035 apud
570 2996 627 3019 eos
643 2981 704 3031 qui
725 2992 838 3019 niente
855 2984 1024 3033 valerent,
1041 2994 1080 3022 ut
1095 2986 1295 3025 ostenderet

312 3046 352 3084 id
372 3060 442 3083 non
458 3043 527 3081 sibi
543 3056 686 3095 prorsus
705 3052 913 3093 competere.
928 3046 1021 3082 Num
1038 3046 1186 3084 missum
1203 3061 1290 3097 esse,

359 3179 374 3195 ’⁴
393 3177 524 3222 [ἵσταται
536 3182 636 3219 μόνον,
655 3179 734 3208 ἀλλά
748 3173 849 3208 Savil.
865 3182 897 3206 et
912 3175 1021 3208 Codd.
1040 3179 1174 3220 nostrl.]

359 3230 394 3246 κ*
411 3231 472 3271 [διὰ
487 3232 574 3262 τοῦτο
588 3232 635 3262 ἐπὶ
647 3230 703 3269 μὲν
718 3235 776 3260 τῶν
788 3233 818 3260 ἀ.
834 3226 934 3259 Savil.
954 3235 986 3258 ct
1003 3227 1111 3260 codd.
1130 3230 1265 3271 nostri.]

359 3289 370 3302 ⁰
390 3280 490 3314 Savil.
509 3288 542 3312 et
554 3279 671 3312 Morei.
687 3284 830 3323 ἐννοήσῃς.
849 3277 910 3310 Alii
926 3281 1118 3323 ὑποπτεύσῃς,

362 3343 373 3357 '2
389 3332 503 3365 Mori-l.
519 3338 569 3366 τὸν
581 3339 703 3377 τρόπον.
721 3335 769 3364 καὶ
783 3336 841 3376 γὰρ
859 3335 890 3369 ἐξ
905 3335 1030 3373 ἐσχάτης
1046 3333 1250 3372 ἀγνωμοσύνης
1271 3338 1320 3364 ἀυ-

318 3390 411 3421 eclam,-
435 3390 584 3425 ἐνομίζετο
607 3387 679 3427 παρ’
699 3386 802 3420 αὐτοῖς.
829 3381 985 3414 sax-ilium
1003 3388 1035 3413 ct
1050 3380 1190 3413 Codices
1213 3384 1317 3424 sequi·

1362 1657 1426 1687 της
1439 1641 1545 1686 αὐτῆς
1565 1640 1682 1683 οὐσίας
1698 1642 1715 1677 ὃ
1730 1639 1880 1690 πέμπων
1897 1640 1956 1678 καὶ
1980 1642 1998 1678 ὅ
2016 1639 2257 1690 πεμπόμενος;
2274 1639 2389 1678 Πάλιν

1363 1702 1422 1740 ἐπὶ
1446 1702 1491 1740 τὰ
1516 1701 1715 1754 ἀνθρώπινα
1735 1702 1942 1756 καταφέρεις
1971 1702 2029 1739 τὸν
2047 1702 2162 1753 λόγον,
2182 1701 2241 1739 καὶ
2261 1703 2324 1739 οὐκ
2341 1703 2390 1739 ἐν·

1363 1771 1451 1808 νοεῖς
1472 1763 1523 1802 ὅτι
1542 1766 1653 1802 ταῦτα
1673 1763 1790 1801 πάντα
1816 1763 1860 1800 δι’
1879 1762 1976 1802 οὐδὲν
1996 1763 2111 1816 ἕτερον
2134 1762 2291 1815 εἴρηται,
2311 1763 2388 1801 ἀλλ’

1365 1826 1420 1864 ἵνα
1437 1825 1496 1864 καὶ
1518 1824 1577 1862 τὸν
1593 1824 1702 1862 αἴτιον
1721 1825 1880 1875 εἰδῶμεν,
1897 1825 1956 1863 καὶ
1977 1826 2023 1868 εἷς
2040 1823 2104 1871 τὴν
2125 1824 2319 1862 Σαὸελλίου
2340 1824 2388 1875 μὴ

1365 1887 1610 1939 περιπέσωμεν
1628 1885 1738 1932 νόσον,
1757 1885 1817 1923 καὶ
1830 1887 1897 1922 τῶν
1911 1884 2087 1923 Ἰουδαίων
2100 1887 2123 1931 ἡ
2139 1883 2298 1923 ἀσθένεια
2313 1888 2390 1922 τοῦ·

1363 1965 1422 1988 τον
1443 1951 1667 2001 θεραπευθῃει
1685 1963 1743 1985 τον
1758 1945 1898 1998 τρόπον,
1918 1945 2006 1984 ὥστε
2027 1945 2075 1996 μὴ
2094 1947 2301 1996 νομισθῆναι
2326 1947 2389 1983 αὖ-

1365 2011 1423 2049 τὸν
1458 2009 1611 2048 ἀντίθεον
1646 2001 1733 2046 εἶναι
1759 2010 1843 2060 παρ’
1881 2010 2010 2050 αὐτοῖς.
2053 2007 2124 2046 Καὶ
2153 2005 2221 2081 γὰρ
2258 2006 2390 2058 ἔλεγον,

1366 2074 1478 2115 Ουτος
1497 2074 1557 2109 οὐκ
1583 2071 1674 2108 ἔστιν
1695 2071 1735 2108 ἐκ
1753 2085 1812 2108 του
1841 2071 1954 2107 Θεου
1982 2072 2078 2111 οὗτος
2110 2067 2180 2107 ἀπὸ
2215 2070 2307 2107 Θεοῦ
2327 2069 2390 2106 οὐκ

1365 2132 1522 2178 ἐλήλυθε.
1539 2131 1633 2182 Πρὸς
1654 2129 1690 2168 δὲ
1704 2146 1743 2167 το
1761 2129 1824 2176 τὴν
1841 2128 1992 2180 υποψίαν
2012 2128 2140 2175 ταύτην
2162 2129 2307 2176 ἀνελεῖν,
2325 2129 2392 2179 οὐχ

1366 2192 1454 2232 οὕτω
1478 2192 1523 2230 τὰ
1551 2191 1694 2244 ὑψηλὰ,
1720 2193 1765 2233 ὡς
1795 2190 1838 2227 τὰ
1867 2189 2015 2227 ταπεινὰ
2045 2189 2287 2228 συνεὸάλλετο.
2323 2189 2391 2227 Διὰ

1365 2257 1467 2292 τοῦτο
1485 2254 1637 2304 συνεχῶς
1655 2251 1725 2290 ἄνω
1744 2251 1802 2289 καὶ
1823 2250 1919 2288 κάτω
1938 2250 2054 2301 ἔλεγεν
2074 2251 2310 2296 ἀπεστάλθαι,
2326 2253 2391 2303 οὐχ

1364 2315 1420 2354 ἵνα
1439 2313 1629 2352 ἐλάττωσίν
1650 2328 1727 2349 τινα
1745 2311 1874 2349 1ἀὐτοῦ
1907 2311 2053 2361 νομίσῃς
2084 2304 2170 2349 εἶναι
2195 2311 2236 2349 τὸ
2270 2315 2387 2363 ῥῆμα,

1367 2377 1443 2414 ἀλλ’
1463 2374 1519 2413 ἵνα
1537 2373 1694 2426 ἐμφράξῃ
1709 2372 1753 2410 τὰ
1772 2372 1914 2411 ἐκείκων
1931 2371 2101 2422 στόματα.
2123 2372 2191 2410 Διὰ
2211 2375 2313 2410 τοῦτο
2331 2372 2390 2410 καὶ

1366 2435 1576 2489 καταφεύγει
1595 2435 1746 2485 συνεχῶς
1780 2432 1837 2472 ἐπὶ
1863 2432 1920 2470 τὸν
1941 2432 2107 2484 Πατέρα,
2127 2433 2231 2476 τιθεὶς
2260 2433 2388 2482 μεταξὺ

1317 2504 1340 2534 Β
1365 2498 1424 2537 καὶ
1437 2497 1500 2544 τὴν
1516 2495 1642 2534 οἰκείαν
1662 2499 1676 2515 ⁰
1688 2493 1880 2532 αὐΟεντίαν.
1901 2493 1984 2531 Εἴτε
2004 2493 2072 2545 γὰρ
2093 2493 2207 2531 πάντα
2225 2494 2312 2546 πρὸς
2326 2494 2387 2542 τὴν

1366 2558 1462 2604 ἀξίαν
1487 2557 1584 2608 ἔλεγε
1602 2554 1666 2601 τὴν
1685 2557 1828 2600 ἑαυτοῦ,
1845 2556 1907 2591 οὐκ
1928 2553 1968 2591 ἂν
1985 2553 2141 2598 ἐδέξαντο
2158 2554 2203 2592 τὰ
2218 2554 2388 2606 λεγόμενα

1365 2622 1509 2666 ἐκεῖνοι,
1525 2616 1609 2655 ὅπου
1638 2631 1678 2666 γε
1707 2614 1764 2652 καὶ
1796 2614 1865 2652 ἀπὸ
1889 2613 2013 2666 ὀλίγων
2040 2614 2203 2653 τοιούτων
2221 2615 2386 2667 ῥημάτων

1366 2679 1507 2724 ἐδίωξάν
1528 2694 1566 2715 τε
1597 2676 1698 2714 αὐτὸν
1728 2675 1787 2713 καὶ
1811 2674 1972 2713 ἕλίθασαν
1992 2675 2176 2719 πολλάκις·
2197 2675 2266 2713 εἴτε
2302 2676 2389 2728 πρὸς

1366 2740 1515 2783 ἐκείνους
1532 2739 1667 2791 ἀφορῶν
1679 2736 1792 2774 πάντα
1802 2735 1986 2788 ἐφθέγγετο
1999 2735 2162 2784 ταπεινὰ,
2176 2735 2264 2785 μετὰ
2277 2739 2387 2773 ταῦτα

1366 2801 1489 2840 πολλοὶ
1507 2799 1708 2844 ἔὸλάὸησαν
1733 2797 1785 2834 ἄν.
1809 2795 1939 2848 Διόπερ
1964 2795 2172 2847 ἀναμίγνυσι
2200 2796 2259 2833 καὶ
2285 2804 2387 2848 κιρνᾷ

1367 2863 1429 2910 τὴν
1463 2858 1709 2904 διδασκαλίαν,
1732 2857 1790 2895 καὶ
1822 2857 1879 2894 διὰ
1910 2856 2056 2904 τούτων,
2079 2856 2164 2909 ὅπερ
2199 2857 2298 2910 ἔφην,
2318 2861 2386 2895 τῶν

1365 2925 1538 2963 ταπεινῶν
1563 2919 1770 2972 ἐμφράττων
1789 2917 1833 2956 τὰ
1866 2917 2004 2956 ἐκείνων
2025 2918 2204 2968 στόματα,
2240 2917 2299 2956 καὶ
2331 2917 2386 2956 διὰ

1366 2988 1434 3023 τῶν
1459 2983 1543 3036 πρὸς
1563 2981 1624 3029 τὴν
1647 2979 1742 3024 ἀξίαν
1761 2978 1954 3031 λεχθέντων
1974 2978 2036 3025 τὴν
2055 2980 2176 3025 εὐτελῆ
2197 2981 2265 3016 τῶν
2293 2981 2386 3030 εἰρη-

1369 3046 1479 3096 μένων
1502 3043 1517 3063 ‘¹
1530 3040 1806 3094 ἀποκρουόμενος
1836 3040 1967 3078 ἔννοιαν
1984 3040 2079 3091 παρὰ
2096 3046 2168 3083 τοῖς
2188 3043 2264 3077 νοῦν
2282 3040 2384 3090 ἔχου-

1384 3187 1470 3209 mur.
1487 3175 1608 3216 [Supra
1625 3176 1735 3215 ἴδωμεν
1748 3182 1808 3213 pro
1824 3173 1944 3213 εἰδῶμεν
1960 3168 2060 3202 Snvil.
2079 3176 2112 3201 et
2124 3167 2210 3202 Cod.
2226 3169 2318 3209 706]

1427 3230 1445 3254 b
1464 3225 1579 3259 Morel.
1597 3229 1686 3259 αὐτοῦ
1702 3227 1750 3258 διὰ
1763 3227 1865 3258 τούτου
1881 3228 2006 3269 &pair-dun,
2025 3225 2106 3257 ἀλλ’.

1426 3290 1439 3304 ¹²
1454 3278 1555 3312 Savil.
1574 3281 1728 3321 εὐγένειαν.

1429 3332 1446 3356 d
1462 3329 1576 3363 Morel.
1600 3330 1811 3374 διορθούμενος.
