2481 3678
755 231 794 261 ix
834 233 1042 262 sommam
1082 232 1235 261 nomn„
1275 231 1321 261 x.
1361 214 1421 260 al.
1459 231 1522 267 {x-

101 311 301 363 Πνεύματος
323 314 427 366 πυρὸς
441 313 538 359 δίκην
558 315 633 350 κατ’
647 316 772 351 ἐκεῖνον
787 314 843 352 τὸν
860 314 978 366 καιρὸν
997 316 1043 357 εἰς
1058 312 1119 357 τὰς

98 375 270 427 ἡμετέρας
291 375 497 425 ἐμπεσόντος
515 374 644 426 ψυχάς·
665 374 724 412 καὶ
750 373 812 421 τὴν
834 375 895 426 μὲν
926 374 1040 413 εἰκόνα
1059 379 1118 413 τοῦ

97 440 215 486 χοϊκοῦ
229 435 473 478 κατακαίοντος
483 465 492 482 ,
504 433 565 480 τὴν
582 434 616 472 δὲ
632 435 747 472 εἰκόνα
760 439 818 474 τοῦ
835 435 1035 487 ἐπουρανίου
1048 451 1119 473 νεο-

96 499 190 548 παγῆ
214 498 273 535 καὶ
298 496 481 547 λαμπρὰν,
510 496 569 534 καὶ
593 499 638 540 ὡς
670 498 739 534 ἀπὸ
765 495 996 548 χωνευτηρίου
1017 495 1118 534 στίλ-

95 557 220 596 &ouem
251 558 489 610 ἀναφέροντος.
521 557 591 596 Καὶ
621 557 655 594 τί
689 557 817 604 δήποτε
841 559 901 595 οὐκ
929 550 1035 603 εἶπεν,
1066 556 1119 595 ὅτι
1148 587 1154 591 .

93 619 251 665 ἐποίησεν
274 618 394 662 αὐτοὺς
425 619 529 657 τέκνα
561 620 672 664 Θεοῦ,
704 621 794 666 ἀλλ’,
813 617 970 656 ’Έόωκεν
1006 620 1119 661 αὐτοῖς

91 679 243 724 ἐξουσίαν
264 680 368 719 τέκνα
389 682 479 718 Θεοῦ
493 679 671 731 γενέσθαι,
690 678 830 723 Δεικνὺς
845 679 898 718 ὅτι
918 680 1049 723 πολλῆς
1069 680 1120 716 δεῖ

90 742 152 785 τῆς
171 741 339 787 σπουδῆς,
362 740 452 779 ὥστε
473 741 535 787 τὴν
557 743 590 779 ἐν
617 743 665 793 τῷ
686 740 905 792 βαπτίσματι
926 743 987 786 τῆς
1006 742 1118 777 υἱοθε-

90 799 166 843 σίας
197 805 282 852 ἡμῖν
302 804 553 840 ε’ντυπωθεῖσαν
575 801 688 839 εἰκόνα
701 832 710 848 ,
731 800 945 847 ἀκηλίδωτον
966 801 1009 837 δι’
1037 799 1116 838 ὅλου

91 863 299 914 διατηρῆσαι
320 863 380 901 καὶ
408 862 599 915 ἀνέπαφον·
623 864 698 914 ἅμα
723 863 759 900 δὲ
779 862 838 901 καὶ
858 861 1048 914 ἐμφαίνων,
1063 861 1117 900 ὅτι

89 922 151 969 τὴν
177 922 329 967 ἐξουσίαν
354 924 482 971 ταύτην
505 924 612 968 οὐδεὶς
638 928 733 975 ἡμᾶς
769 923 955 975 ἀφελέσθαι
976 922 1117 969 δυνήσε-

90 1000 168 1031 ται,
195 984 233 1022 ἂν
253 985 300 1036 μὴ
328 985 559 1038 προλαὸόντες
580 984 718 1028 ἑαυτοὺς
738 983 958 1036 ἀφελώμεθα.
979 985 1024 1022 Εἰ
1048 983 1115 1037 γὰρ

89 1048 119 1082 οἱ
145 1045 242 1099 παρὰ
270 1045 460 1098 ἀνθρώπιον
483 1051 583 1100 κῦρος
602 1049 704 1084 τινῶν
724 1045 943 1098 πραγμάτων
959 1049 973 1065 ³
987 1044 1115 1083 λαὸόν-

89 1122 163 1153 τες,
183 1107 352 1154 τοσαύτην
375 1106 492 1159 ἔχουσι
505 1107 567 1154 τὴν
589 1106 700 1160 ἰσχὺν,
716 1106 798 1154 ὅσην
821 1106 941 1158 σχεδὸν
960 1108 990 1144 οἳ
1012 1107 1115 1144 δεδω-

89 1166 186 1210 κότες
203 1167 321 1206 αὐτοί·
341 1169 460 1220 πολλῷ
484 1170 613 1219 μᾶλλον
636 1172 666 1207 οἱ
686 1167 784 1221 παρὰ
798 1172 857 1205 τοῦ
879 1168 970 1205 Θεοῦ
988 1166 1116 1213 ταύτης

87 1228 248 1280 τυχόντες
280 1233 342 1275 τῆς
368 1233 491 1280 τιμῆς,
517 1230 557 1267 ἂν
583 1230 689 1280 μηδὲν
718 1233 780 1275 τ’ῆς
811 1227 962 1272 ἐξουσίας
990 1227 1117 1274 ταύτης

89 1289 223 1334 ἀνάξιον
238 1290 438 1343 πράξωμεν,
459 1291 598 1329 πάντων
623 1290 772 1341 ἐσόμεθα
797 1288 1042 1340 δυνατώτεροι,
1060 1288 1116 1326 διὰ

88 1350 127 1388 τὸ
147 1350 206 1388 καὶ
230 1351 368 1389 πάντων
400 1345 488 1389 εἶναι
513 1350 619 1402 μείζω
652 1367 690 1388 τε
724 1350 783 1388 καὶ
813 1348 1031 1402 ἀγαθώτερον
1058 1349 1115 1387 τὸν

88 1411 217 1457 ταύτην
234 1415 319 1462 ἡμῖν
334 1411 576 1464 ε’γχειρίσαντα
591 1411 654 1458 τὴν
678 1411 797 1462 τιμήν.
813 1409 908 1460 Ἅμα
929 1408 964 1447 δὲ
983 1408 1043 1447 καὶ
1065 1412 1117 1448 ἐν·

89 1470 264 1514 ὃείξασθαι
282 1472 462 1522 βούλεται,
485 1471 538 1510 ὅτι
560 1474 623 1524 οὐχ
643 1473 761 1515 ἁπλῶς
776 1470 851 1509 οὐδὲ
865 1475 886 1517 ἡ
909 1470 1011 1523 χάρις
1027 1470 1118 1508 ἔπει-

88 1548 154 1579 σιν,
171 1531 261 1570 ἀλλὰ
279 1538 349 1576 τοῖς
371 1532 590 1583 βουλομένοις
622 1533 681 1570 καὶ
706 1531 937 1570 ἐσπουδακόσι
950 1547 957 1553 ·
974 1530 1034 1568 καὶ
1050 1531 1117 1582 γὰρ

86 1592 146 1630 καὶ
165 1594 198 1630 ἐν
216 1596 259 1644 τῇ
277 1591 413 1645 ἐξουσία
432 1598 543 1631 κεῖται
558 1595 600 1644 τῇ
616 1592 758 1640 τούτων,
773 1592 812 1630 τὸ
821 1591 979 1643 γενέσθαι
999 1590 1114 1629 τέκνα.

85 1649 145 1690 Ἂν
164 1652 231 1706 γὰρ
257 1651 305 1703 μὴ
331 1652 480 1691 ἕλωνται
517 1654 614 1694 αὐτοὶ
634 1653 813 1706 πρότερον,
843 1654 903 1690 οὐκ
932 1652 1062 1690 ἔπεισιν
1093 1655 1114 1697 ἡ

91 1713 224 1766 δωρεὰ,
250 1713 325 1752 οὐδὲ
343 1715 526 1767 ἐργάζεταί
549 1731 594 1753 τι.

135 1776 324 1827 Πανταχοῦ
351 1775 462 1814 τοίνυν
483 1777 523 1815 τὸ
557 1776 618 1827 μὲν
641 1776 975 1828 κατηναγκασμένον
1003 1776 1113 1815 ἐκδα-

83 1834 165 1882 λὼν,
180 1836 270 1874 τὸδὲ
291 1836 490 1889 αὐθαίρετον
513 1838 572 1876 καὶ
593 1837 808 1881 αὐτεξούσιον
834 1836 964 1880 δεικνύς
984 1853 990 1860 ·
1014 1842 1113 1876 τοῦτο

84 1896 143 1933 καὶ
167 1901 222 1935 νῦν
246 1897 372 1949 εἴρηκε.
390 1897 460 1936 Καὶ
484 1898 551 1951 γὰρ
571 1901 604 1936 ἐν
626 1900 740 1942 αὐτοῖς
761 1897 893 1941 τούτοις
911 1903 981 1940 τοῖς
999 1901 1111 1950 ἀποῤ-

85 1958 198 2010 ῥητοις
216 1958 286 1998 *τὸ
307 1958 369 2010 μέν
390 1962 462 1998 ἐστι
482 1965 541 1998 τοῦ
564 1962 673 2007 Θεοῦ,
702 1960 741 1997 τὸ
764 1960 882 1998 δοῦναι
900 1958 963 2006 τὴν
980 1959 1084 2012 χάριν
1102 1975 1108 1982 ·

80 2019 118 2058 τὸ
136 2019 170 2057 δὲ
189 2025 249 2059 τοῦ
264 2019 466 2072 ἀνθρώπου,
484 2021 523 2058 τὸ
543 2027 738 2073 παρασχεῖν
759 2019 823 2067 τὴν
842 2019 972 2058 πίστιν.
988 2020 1059 2058 Καὶ
1076 2023 1109 2058 ἓν

82 2083 131 2131 τῷ
154 2081 242 2131 μετὰ
258 2085 368 2119 ταῦτα
385 2081 420 2120 δὲ
434 2081 550 2135 χρόνῳ
561 2112 570 2130 ,
586 2084 717 2128 πολλῆς
734 2083 784 2119 δεῖ
798 2081 916 2119 λοιπὸν
931 2084 993 2128 τ’ἧς
1008 2098 1111 2120 σπου-

82 2143 153 2187 δῆς.
186 2144 238 2181 Οὐ
266 2142 334 2196 γὰρ
355 2146 453 2196 ἀρκεῖ
472 2143 558 2197 πρὸς
578 2142 640 2190 τὴν
673 2147 736 2190 τῆς
767 2141 1004 2195 καθαρότητος
1023 2146 1108 2194 ἡμῖν

80 2202 247 2254 φυλακὴν,
268 2204 307 2242 τὸ
328 2206 560 2254 βαπτισθῆναι
580 2204 640 2242 καὶ
662 2207 847 2241 πιστεῦσαι
872 2203 974 2253 μόνον
992 2219 1000 2226 ·
1020 2203 1109 2241 ἀλλὰ

80 2265 148 2311 δεῖ,
166 2266 194 2302 εἷ
216 2264 399 2316 μέλλοιμεν
416 2265 543 2312 ταύτης
563 2264 750 2308 διαπαντὸς
770 2263 1028 2302 ἀπολαύσεσθαι
1046 2268 1109 2311 τῆς

81 2324 326 2378 φαιδρότητος,
351 2326 443 2370 ἄξιον
466 2329 572 2373 αὐτῆς
591 2325 809 2379 παρέχεσθαι
836 2324 920 2376 βίον.
940 2327 1054 2364 Τοῦτο
1073 2325 1108 2364 δὲ

80 2389 131 2438 ἐφ’
149 2390 231 2437 ἡμῖν
248 2386 406 2434 ἐποίησεν
423 2391 440 2426 ὃ
453 2387 554 2431 Θεός.
571 2387 649 2426 1’Τὸ
665 2387 726 2439 μὲν
742 2387 810 2440 γὰρ
825 2387 1107 2438 γεννηθῆναιτὴν

81 2447 250 2497 μυστικὴν
280 2448 452 2499 γέννησιν,
479 2449 537 2486 καὶ
570 2449 711 2487 πάντων
747 2450 1005 2501 ἐκκαθαρθῆναι
1039 2451 1107 2486 τῶν

79 2508 243 2560 πρότερον
269 2510 528 2561 ἡμαρτημένιιΝ
551 2513 649 2560 ἡμῖν,
679 2509 748 2547 ἀπὸ
773 2514 833 2547 τοῦ
864 2507 1107 2559 βαπτίσματος

79 2569 230 2619 γίνεται·
246 2572 285 2607 τὸ
304 2569 339 2607 δὲ
362 2576 478 2619 μεῖναι
496 2571 543 2613 εἷς
561 2570 601 2607 τὸ
629 2569 707 2615 ἑξῆς
732 2569 922 2622 καθαροὺς,
953 2569 1013 2607 καὶ
1037 2586 1107 2619 μη-

81 2629 201 2679 δεμίαν
222 2628 310 2679 μετὰ
329 2634 438 2667 ταῦτα
465 2629 626 2673 δέξασθαι
648 2631 775 2676 κηλῖδα
800 2629 920 2676 πάλιν,
938 2632 1001 2675 τ’ἧς
1019 2633 1107 2680 ἡμε-

79 2691 180 2743 τέρας
194 2691 285 2728 ἐστὶν
307 2689 458 2734 ἐξουσίας
474 2707 511 2728 τε
527 2690 758 2736 καὶσπουδῆς.
777 2689 844 2727 Διά
855 2705 908 2726 τοι
927 2693 1028 2727 τοῦτο
1047 2690 1107 2727 καὶ

79 2756 136 2790 ταῦ
155 2750 283 2803 τρόπου
305 2754 366 2797 τῆς
393 2751 586 2801 γεννήσεως
610 2754 704 2801 ἡμᾶς
732 2749 904 2800 ἀνέμνησε
921 2779 930 2795 ,
956 2749 1016 2787 καὶ
1036 2750 1105 2787 ἀπὸ

78 2811 287 2864 συγκρίσεως
303 2814 371 2849 τῶν
392 2814 566 2864 σαρκικῶν
584 2810 715 2849 ὠδίνων
741 2810 802 2857 τὴν
822 2810 996 2862 ὑπεροχὴν
1017 2810 1105 2848 ἔδει-

79 2873 130 2916 ξεν
160 2872 264 2911 εἰπών
281 2888 288 2895 ·
310 2872 357 2910 Οἳ
385 2874 445 2910 οὐκ
474 2872 507 2916 ἐξ
537 2873 709 2923 αἱμάτων,
739 2870 814 2910 οὐδὲ
845 2874 883 2909 ἐκ
910 2871 1104 2922 θελήματος

78 2935 222 2986 σαρκὸς,
243 2934 318 2973 οὐδὲ
337 2936 376 2972 ἐκ
397 2934 591 2984 θελήματος
608 2934 746 2987 ἀνδρὸς,
766 2934 841 2971 ἀλλ’
857 2935 895 2971 ἐκ
907 2935 998 2972 Θεοῦ
1013 2934 1104 2983 ἐγεν-

77 2996 243 3042 νήθησαν.
262 2997 375 3033 Τοῦτο
404 2994 439 3033 δὲ
463 2994 637 3043 ἐποίησεν,
658 2994 715 3032 ἵνα
742 2994 782 3032 τὸ
796 2992 934 3037 ἐὐτελὲς
954 2993 1014 3031 καὶ
1033 3009 1100 3031 τα-

79 3058 193 3094 πεινὸν
212 3062 271 3095 τοῦ
291 3057 457 3109 προτέρου
475 3056 577 3095 τόκου
598 3055 882 3106 καταμαθόντες,
907 3058 965 3093 τοῦ
983 3055 1027 3092 δι’
1050 3057 1102 3092 αἱ·

80 3124 198 3173 μάτων
229 3123 288 3161 καὶ
321 3123 513 3173 θελήματος
542 3123 690 3175 σαρκὸς,
724 3121 783 3160 καὶ
816 3122 855 3160 τὸ
883 3123 1012 3173 ὑψηλὸν
1043 3122 1102 3159 καὶ

80 3189 207 3241 εὐγενὲς
229 3194 287 3228 τοῦ
310 3189 467 3242 δευτέρου
484 3193 542 3228 τοῦ
563 3189 620 3228 διὰ
637 3191 698 3235 τῆς
716 3189 858 3241 χάριτος
884 3189 1078 3240 ἐπιγνόντες
1092 3220 1100 3236 ,

130 3348 141 3361 ·’·
158 3337 258 3369 Sat-il.
277 3342 428 3376 λαθὸντες.
448 3338 562 3370 Morel.
585 3343 799 3382 λαμβάνοντες.

126 3389 137 3401 “
155 3388 427 3430 ίαγαθσῐςῆἀάιιιιι
441 3388 541 3422 Saxil.
561 3397 592 3421 et
609 3389 720 3422 Codd.
741 3392 818 3431 7⁴b5,
834 3391 925 3426 7⁰64

2116 217 2176 280 ὗε)

1193 327 1275 351 vam
1289 321 1321 350 et
1337 312 1562 364 splendidam
1581 311 1789 362 imaginem,
1807 314 1906 361 quasi
1926 327 1969 349 ex
1985 314 2175 351 conflatura

1192 373 1435 425 splendentem
1470 373 1650 411 referente.
1683 372 1728 410 Et
1763 387 1826 409 eur
1857 387 1925 410 uon
1945 373 2059 421 dixit,
2083 376 2177 413 Fecit

1192 436 1273 473 illos
1292 435 1384 472 filios
1405 435 1491 485 Dei3
1507 435 1589 485 sed,
1617 435 1732 472 Dedit
1744 435 1824 472 illis
1834 441 2060 484 potestatem
2073 437 2175 484 filios

1196 499 1270 536 Dei
1280 497 1366 548 fieri
1379 501 1395 534 Ρ
1418 498 1469 535 Ut
1498 497 1697 535 ostenderet
1733 498 1843 535 multa
1873 497 1975 534 nobis
1997 511 2086 549 opus
2105 511 2178 536 esse

1194 559 1395 610 diligentia,
1425 567 1464 596 ut
1480 559 1682 611 adoptionis
1700 559 1890 610 imaginem
1916 559 1951 596 in
1967 559 2179 611 baptismate

1193 623 1294 660 nobis
1317 623 1544 673 impressam,
1576 620 1841 659 immaculatam
1867 635 2004 672 semper
2026 631 2059 659 et
2088 622 2179 659 inta-

1193 692 1285 721 ctam
1303 697 1503 733 servemus;
1526 683 1703 733 simulque
1720 682 1933 731 declararet,
1968 681 2061 720 hanc
2080 693 2179 734 pote-

1189 753 1316 782 statem
1328 759 1348 782 a
1364 745 1504 782 nemine
1517 744 1618 782 nobis
1633 743 1765 781 auferri
1777 756 1892 795 posse,
1907 742 1975 780 nisi
1988 743 2088 795 prius
2109 744 2178 796 ipsi

1189 805 1289 843 illam
1310 806 1413 844 nobis
1431 805 1693 843 abstulerimus.
1712 805 1751 843 Si
1763 804 1858 842 enim
1877 803 1901 842 ii
1919 804 1982 855 qui
2000 805 2045 842 ab
2061 804 2178 843 hoini-

1189 866 1294 904 nibus
1310 867 1557 904 auctoritatem
1579 866 1775 918 quamdam
1791 875 2021 917 acceperunt,
2043 875 2178 904 tantum

1187 926 1288 964 illam
1300 927 1372 965 fere
1386 937 1549 977 servant,
1565 936 1740 978 quantum
1763 926 1824 977 qui
1848 926 2042 977 dederunt,
2066 928 2178 964 multo

1190 988 1302 1040 magis
1319 1003 1382 1026 nos
1407 989 1470 1039 qui
1493 1003 1513 1026 a
1533 990 1609 1026 Deo
1631 989 1728 1027 hune
1745 989 1952 1041 consequuti
1975 1003 2097 1027 sumus
2114 988 2179 1025 ho-

1189 1064 1310 1087 norem
1320 1080 1330 1100 ,
1346 1050 1375 1088 si
1389 1050 1481 1088 nihil
1492 1050 1559 1088 hac
1576 1049 1768 1101 indignum
1786 1059 1959 1103 potestate
1975 1049 2176 1099 fecerimus,

1188 1110 1349 1149 omnium
1374 1111 1612 1164 potentissimi
1640 1111 1791 1163 erimus,
1829 1125 1868 1150 eo
1896 1111 1994 1162 quod
2017 1111 2178 1148 omnium

1189 1173 1367 1211 maximus
1383 1173 1612 1226 optimusque
1634 1173 1680 1211 sit
1704 1174 1753 1224 is,
1776 1173 1838 1224 qui
1856 1188 1918 1211 nos
1948 1173 2016 1210 hoe
2046 1173 2181 1210 honore

1188 1233 1354 1285 dignatus
1373 1243 1436 1271 est.
1454 1235 1571 1272 Simul
1586 1244 1704 1272 autem
1720 1235 1800 1272 vult
1818 1234 2012 1281 declarare,
2028 1233 2178 1285 gratiam

1188 1308 1257 1332 non
1281 1294 1317 1332 in
1334 1294 1529 1345 quemlibet
1552 1304 1684 1333 temere
1704 1295 1869 1345 infundi,
1894 1295 1956 1332 sed
1972 1295 2009 1332 in
2040 1308 2097 1332 eos
2113 1295 2176 1344 qui

1187 1354 1381 1392 voluntatis
1398 1355 1623 1407 propositum
1636 1364 1669 1393 et
1688 1355 1914 1407 diligentiam
1927 1354 2099 1392 adhibent
2116 1370 2123 1390 z
2139 1354 2175 1391 in

1188 1416 1318 1453 horum
1339 1415 1435 1453 enim
1456 1424 1627 1467 potestate
1642 1416 1751 1454 situm
1774 1425 1826 1453 est
1842 1425 1881 1453 ut
1898 1415 1967 1452 filii
1985 1415 2053 1452 Dei
2070 1415 2172 1452 fiant.

1189 1476 1265 1513 Nisi
1298 1475 1393 1513 enim
1420 1475 1620 1523 voluerint,
1650 1475 1786 1513 donum
1818 1489 1887 1513 non
1919 1475 2084 1525 advenit,
2112 1488 2176 1512 nee

1190 1546 1356 1588 operatur
1370 1535 1572 1587 quidpiam.

1239 1774 1277 1809 5.
1311 1772 1454 1822 Ubique
1478 1771 1591 1823 igitur
1613 1770 1855 1808 necessitatem
1875 1769 1969 1807 tollit
1992 1778 2025 1806 et
2047 1769 2176 1807 volun-

1186 1834 1267 1871 tatis
1302 1833 1493 1871 arbitrium
1525 1832 1652 1880 effert5
1684 1831 1725 1869 id
1754 1830 1853 1882 quod
1881 1845 1976 1868 nune
1998 1830 2105 1868 dixit.
2135 1832 2176 1867 In

1183 1896 1240 1934 his
1263 1895 1357 1934 enim
1379 1894 1529 1943 arcanis,
1543 1893 1645 1932 aliud
1664 1893 1733 1930 Dei
1755 1902 1820 1943 est,
1846 1907 1972 1945 nempe
1995 1892 2081 1930 dare
2094 1906 2175 1943 gra-

1184 1958 1296 2007 tiam,
1323 1957 1426 1995 aliud
1447 1955 1616 2004 hominis,
1643 1954 1780 1993 scilicet
1801 1954 1912 1992 fidem
1933 1954 2115 1992 exhibere.
2134 1955 2175 1990 Iu

1182 2018 1410 2070 subsequenti
1443 2031 1527 2056 vero
1561 2026 1720 2068 tempore
1749 2015 1861 2052 multa
1890 2029 1978 2066 opus
2007 2024 2057 2052 est
2088 2014 2173 2052 dili-

1181 2080 1313 2132 gentia.
1340 2081 1421 2117 Non
1443 2079 1538 2116 enim
1559 2077 1693 2116 sufficit
1718 2076 1765 2114 ad
1782 2076 1949 2129 puritatis
1973 2075 2173 2113 custodiam

1181 2142 1355 2195 baptizari
1378 2141 1495 2179 solum
1517 2148 1550 2177 et
1573 2138 1738 2177 eredere:
1764 2137 1827 2175 sed
1854 2137 1884 2175 si
1906 2137 2059 2177 velimus
2082 2151 2174 2175 sem-

1181 2218 1246 2255 per
1266 2204 1347 2241 laeto
1366 2215 1512 2239 munere
1535 2200 1626 2250 frui,
1654 2199 1717 2237 illo
1741 2198 1890 2249 dignam
1912 2207 2049 2250 oportet
2071 2197 2174 2235 exhi—

1179 2265 1264 2303 bere
1283 2265 1409 2303 vitam.
1429 2263 1504 2300 Hoc
1527 2271 1645 2299 autem
1664 2260 1780 2299 voluit
1802 2262 1899 2297 Deus
1922 2259 1959 2297 in
1984 2269 2103 2297 nostra
2126 2259 2173 2296 si-

1180 2336 1258 2364 tum
1279 2341 1352 2365 esse
1375 2333 1557 2378 potestate.
1585 2325 1635 2361 Ut
1658 2322 1809 2375 mystica
1831 2322 1927 2359 enim
1950 2321 2173 2372 generatione

1179 2403 1380 2437 nascamur,
1407 2397 1441 2425 et
1463 2395 1606 2439 peecata
1628 2394 1707 2422 ante
1727 2383 1881 2421 admissa
1903 2383 2103 2428 abluamus,
2132 2382 2171 2419 id

1177 2464 1242 2502 per
1268 2449 1491 2501 baptismum
1514 2446 1669 2484 efficitur
1682 2461 1694 2494 3
1727 2453 1767 2481 ut
1789 2457 1874 2481 vero
1898 2442 2064 2494 deinceps
2088 2443 2170 2494 puri

1178 2525 1409 2559 maneamus,
1437 2517 1470 2546 et
1493 2508 1630 2545 nullam
1658 2506 1752 2542 ultra
1782 2503 2014 2541 admittamus
2049 2518 2170 2541 macu-

1176 2571 1263 2619 lam,
1281 2570 1320 2607 id
1343 2570 1379 2607 in
1398 2578 1517 2606 nostra
1533 2566 1642 2604 situm
1664 2574 1716 2603 est
1731 2573 1902 2617 potestate
1914 2578 1954 2602 ac
1966 2564 2165 2615 diligentia.

1177 2630 1316 2668 Idcirco
1340 2639 1373 2667 et
1397 2627 1632 2680 generationis
1654 2625 1804 2664 modum
1824 2635 2056 2673 memorat,et
2079 2627 2167 2663 faeta

1177 2705 1260 2729 cum
1285 2690 1418 2728 carnali
1443 2697 1550 2741 partu
1573 2687 1861 2740 comparatione,
1891 2687 1966 2738 ejus
1993 2687 2168 2725 excellen—

1176 2752 1263 2790 tiam
1291 2751 1509 2789 demonstrat
1530 2749 1587 2787 his
1618 2748 1738 2788 verbis
1769 2764 1776 2784 ε
1808 2750 1869 2787 45⁷
1909 2749 1983 2798 Qui
2009 2763 2087 2786 non
2120 2763 2168 2786 ex

1175 2815 1446 2865 sanguinibus,
1472 2824 1596 2864 neque
1618 2825 1665 2848 esc
1690 2811 1901 2848 voluntate
1920 2813 2071 2859 carnis,
2099 2825 2167 2848 ne-

1175 2888 1250 2926 que
1272 2889 1320 2912 ex
1341 2873 1549 2911 voluntate
1567 2873 1659 2918 viri,
1674 2872 1742 2909 sed
1771 2885 1818 2908 ex
1843 2871 1926 2908 Deo
1957 2873 2042 2908 nati
2059 2880 2162 2909 sunt.

1175 2937 1251 2974 Hoc
1273 2945 1393 2974 autem
1406 2934 1500 2984 fecit,
1525 2943 1565 2971 ut
1578 2932 1709 2986 prioris
1722 2941 1845 2985 partus
1863 2947 1908 2969 ex
1932 2932 2166 2983 sanguinibus

1173 3007 1206 3035 et
1221 3011 1267 3034 ex,
1284 2998 1466 3035 voluntate
1479 2995 1593 3033 carnis
1616 2994 1794 3033 vilitatem
1805 2993 1935 3043 edocti,
1955 3008 1995 3030 ae
2018 2993 2165 3031 secundi

1174 3062 1236 3113 qui
1253 3076 1317 3114 per
1332 3060 1484 3112 gratiam
1505 3059 1546 3097 fit
1568 3057 1788 3096 sublimitate
1811 3057 2067 3107 nobilitateque
2086 3072 2164 3109 per—

1171 3133 1284 3176 cepta,
1306 3123 1391 3161 hinc
1413 3135 1579 3173 magnam
1603 3120 1710 3172 hujus
1724 3129 1758 3157 et
1785 3119 1983 3171 generantis
1997 3119 2089 3157 dono
2108 3119 2165 3156 di-

1173 3201 1279 3239 gnam
1301 3185 1502 3238 opinionem
1526 3182 1781 3234 concipiamus,
1802 3182 2022 3231 multamque
2046 3190 2164 3232 postea

1203 3340 1216 3362 ¹³
1235 3335 1336 3371 Savil.
1355 3344 1387 3367 et
1405 3334 1457 3367 alii
1476 3340 1510 3368 τὸ
1527 3338 1581 3376 μὲν
1594 3339 1651 3377 γαρ
1670 3348 1743 3373 ’si-m.
1764 3329 1878 3362 Morel·
1900 3336 1931 3363 τὸ
1945 3334 1999 3372 μὲν
2015 3332 2073 3362 οὖν.
