2481 3678
618 216 660 248 IN
697 218 806 249 JOAN
817 218 908 248 NEM
944 217 1101 247 1103111„

78 297 138 337 καὶ
154 297 351 341 ἀνέπαυσας
363 328 373 345 ,
395 297 513 344 ἐπειδὴ
534 291 645 346 εἶπες,
661 298 705 337 ‘O
724 299 851 352 Πατὴρ
872 301 962 350 ὑμᾶς
981 300 1096 350 φιλεῖ,

76 360 130 398 ὅτι
158 360 219 410 ἐμὲ
249 359 473 411 πεφιλήκατε.
498 359 598 397 Μετὰ
624 364 776 398 τοσαῦτα
801 360 860 398 καὶ
884 362 1096 406 τηλικαῦτα,

76 420 153 458 τότε
169 421 325 472 λέγουσι,
343 422 412 458 Νῦν
434 419 586 469 οἴδαμεν.
608 419 715 473 εΟρξίς
738 424 812 464 πῶς
831 423 961 463 ἀτελῶς
981 414 1074 471 εἶχον
1086 434 1096 467 5

76 476 166 520 Εἶτα
186 481 303 527 ἐπειδὴ
326 480 445 532 ὥσπερ
464 481 543 519 τινὰ
562 482 665 534 χάριν
688 485 781 534 αὐτῷ
808 481 1019 533 παρέχοντες
1042 480 1098 518 λέ-

75 558 192 594 γουσι,
228 544 299 580 Νῦν
329 541 488 592 οἴδαμεν,
515 544 628 593 λέγει·
658 545 796 581 πολλῶν
817 543 927 579 δεῖσθε
960 541 1099 592 ἑτέρων,

74 602 164 642 ὥστε
184 603 240 641 ἐπὶ
261 603 300 641 τὸ
316 603 444 641 τέλειον
466 603 694 642 &fnum-33&
716 602 851 641 οὐδέπω
867 605 948 652 ὑμῖν
964 601 1097 655 κατώρ-

75 667 194 701 Οωται.
224 665 295 702 Νῦν
324 657 381 700 οῦν
403 663 602 717 προδώσετε-ί
623 680 666 714 με
691 670 762 706 τοῖς
786 665 939 716 ἐχθροῖς,
967 662 1026 700 καὶ
1046 678 1100 699 το-

74 728 191 766 σοῦτος
211 727 307 774 ὑμῶν
325 726 492 778 κρατήσει
515 725 618 777 φόὸος
632 755 641 771 ,
665 723 755 761 ὥστε
775 724 864 774 μηδὲ
885 725 960 773 μετ’
986 723 1100 770 ἀλλή-

72 787 141 823 λων
162 787 348 833 δυνηθῆναι
369 789 610 838 ἀναχωρῆσαι.
635 785 725 823 Ἀλλ’
752 784 847 822 οὐδὲν
872 784 941 822 ἀπὸ
969 784 1099 823 τούτων

72 846 239 897 πείσομαι
268 847 386 885 δεινόν.
410 846 518 898 εΟρξὶς
542 849 616 888 πῶς
636 845 741 883 πάλιν
766 845 1067 896 συγκαταὸατικὸς
1083 848 1101 883 ὁ

70 907 190 959 λόγος,
209 910 321 945 Τοῦτο
341 911 420 958 γοῦν
443 909 558 949 αὐτοῖς
582 906 642 943 καὶ
667 908 809 957 ἐγκαλεῖ
823 934 832 951 ,
848 906 901 945 ὅτι
922 922 1097 958 συγκατα-

71 968 205 1010 δοίσεως
225 968 359 1006 δέονται
388 968 565 1014 διηνεκῶς.
596 967 743 1014 Ἐπειδὴ
771 966 839 1019 γὰρ
869 967 999 1019 ἔλεγον,
1029 968 1100 1006 Ἴδε

70 1034 126 1067 νῦν
141 1029 322 1082 παρ’ῥησία
340 1030 471 1075 λαλεῖς,
493 1028 552 1066 καὶ
569 1028 764 1081 παροιμίαν
789 1029 951 1079 οὐδεμίαν
974 1029 1097 1081 λέγεις,

70 1090 130 1128 καὶ
146 1090 203 1128 διὰ
222 1094 322 1127 τοῦτο
350 1089 557 1140 πιστεύομεν
586 1105 662 1129 σοι·
684 1089 851 1128 δείκνυσιν
877 1089 930 1128 ὅτι
951 1095 1023 1139 νῦν,
1042 1090 1098 1128 ὅτε

70 1151 302 1198 πιστεύουσιν,
320 1150 414 1189 οὔπω
431 1150 662 1199 πιστεύουσιν,
685 1150 760 1189 οὐῗὲ
780 1150 963 1203 προσίεται
983 1153 1096 1189 αὐτῶν

69 1212 112 1249 τὰ
131 1212 283 1264 ῥήματα.
300 1214 423 1250 Ταῦτα
436 1211 542 1263 λέγει,
562 1214 608 1255 εἰς
630 1211 743 1263 ἕτερον
767 1211 889 1255 αὐτοὺς
910 1212 1098 1263 παραπέμ-

69 1290 144 1311 πων
176 1274 308 1324 καιρόν.
334 1273 386 1311 Τὸ
418 1272 476 1320 δὲ,
501 1273 544 1311 ‘O
570 1273 698 1326 Πατὴρ
726 1276 799 1323 μετ’

71 1334 190 1379 αὐτοὺς
221 1335 325 1373 πάλιν
367 1334 510 1372 τέθεικε·
546 1338 645 1372 τοῦτο
682 1334 750 1386 γὰρ
794 1333 864 1371 ἅνω
901 1334 961 1372 καὶ
999 1335 1095 1372 κάτω

828 1276 840 1296 2
889 1277 910 1285 Ν
936 1274 945 1286 3
992 1274 998 1287 l
1053 1275 1071 1311 δ
1088 1275 1095 1287 Ί

827 1289 910 1323 εμου
930 1289 1025 1318 εστι,
1076 1291 1085 1311 ι

68 1400 82 1415 ‘¹
96 1395 255 1434 ἐδούλετο
281 1399 414 1446 μαθεῖν.
446 1389 535 1433 Εἶτα
557 1395 688 1438 δεικνὺς
702 1425 712 1440 ,
745 1394 798 1432 ὅτι
815 1397 853 1431 οὐ
871 1394 932 1441 τὴν
959 1396 1093 1434 τελείαν

67 1459 194 1508 γνῶσιν
214 1456 399 1509 παρεδίδου
421 1459 534 1498 αὐτοῖς
552 1462 662 1494 ταῦτα
683 1455 809 1507 λέγων,
830 1457 905 1494 ἀλλ’
924 1456 1014 1494 ὥστε
1035 1457 1092 1494 τὸν
1106 1484 1152 1509 [068

66 1518 232 1569 λογισμὸν
248 1519 360 1559 αὐτοῖς
382 1516 430 1567 μὴ
453 1517 650 1560 στασιάζειν
681 1515 794 1563 (εἰκὸς
813 1516 880 1569 γὰρ
897 1517 1018 1560 αὐτοὺς
1032 1520 1092 1555 λο-

66 1576 220 1628 γίζεσθαι
241 1575 441 1629 ἀνθριῖπῑινά
463 1593 560 1622 τινα,
588 1576 648 1614 καὶ
667 1576 720 1614 ὅτι
746 1577 908 1627 οὐδεμιᾶς
936 1577 1093 1616 ἀπολαύ-

66 1654 164 1676 σουσι
191 1641 274 1690 παρ’
298 1641 399 1677 αὐτοῦ
427 1638 621 1689 βοηθείας),
643 1637 746 1690 φησί·
772 1640 895 1676 Ταῦτα
914 1639 1094 1686 λελάληκα

67 1701 160 1749 ὑμῖν,
192 1699 249 1737 ἵνα
269 1701 302 1737 ἐν
323 1699 401 1749 ἐμοὶ
428 1699 566 1751 εἰρήνην
595 1699 717 1751 ἔχητε·
737 1699 928 1747 τουτέστιν,
959 1699 1014 1737 ἵνα
1043 1700 1091 1750 μὴ

66 1759 240 1833 ἐκὸάλητέ
261 1776 304 1810 με
322 1763 384 1806 τῆς
407 1760 558 1804 διανοίας
583 1763 693 1811 ὑμῶν,
725 1759 814 1798 ἀλλὰ
839 1759 1091 1811 παραδέξησθε.

65 1820 127 1867 Μὴ
148 1820 258 1859 τοίνυν
282 1823 328 1863 εἷς
345 1820 382 1858 δο
384 1837 458 1871 γμα
472 1837 523 1864 τις
544 1822 672 1859 ἑλκετω
694 1821 738 1859 τὰ
754 1821 942 1872 λεγόμενα·
964 1823 1011 1864 εἷς
1025 1821 1093 1874 (ὰρ

65 1882 239 1935 ἡμετέραν
262 1882 357 1935 εἴρητ
346 1899 396 1919 αι
420 1883 642 1936 παρακλησιν
665 1883 725 1921 καὶ
744 1884 896 1935 alpi-my.
913 1882 1005 1921 Οὐδὲ
1025 1882 1092 1935 γὰρ

67 1959 171 1995 μεχρι
200 1943 338 1989 τούτου,
366 1943 474 1995 φησὶ,

64 2005 145 2054 ὑμῖν
172 2003 217 2041 τὰ
236 2007 304 2042 τῶν
327 2005 463 2042 δεινῶν·
482 2007 558 2042 ἀλλ’
580 2004 645 2048 ἕως
672 2005 711 2042 ἂν
728 2000 790 2052 ἦτε
819 2007 853 2042 ἐν
874 2007 923 2057 τῷ
949 2004 1091 2058 κόσμῳ,

503 1947 646 1982 τοιαῦτα
673 1945 874 1995 πάσχουσι·
903 1944 1092 1990 ἃστήσεται

112 2064 120 2077 t
201 2065 230 2079 cn-
351 2068 361 2080 φ
405 2071 426 2079 ω
465 2065 481 2079 et
641 2067 690 2080 *aa
826 2069 835 2081 a
890 2065 898 2081 x
969 2066 976 2079 ι
1074 2067 1082 2083 x

65 2067 179 2116 θλιψιν
198 2081 307 2111 εςετε,
329 2082 365 2103 ου
387 2082 444 2104 νυν
461 2082 517 2104 οτε
537 2082 798 2120 παραοιοομαι,
817 2068 907 2104 αλλα
923 2083 982 2104 και
1003 2083 1091 2116 μετα

63 2130 185 2163 ταῦτα.
207 2125 310 2164 Ἀλλὰ
327 2125 499 2172 ἀνάστητε
528 2130 578 2178 τῷ
604 2129 782 2179 λογισμῷ·
813 2126 908 2164 οὐδὲν
929 2126 996 2179 γὰρ
1016 2126 1091 2165 πεί-

64 2190 165 2224 σεσθε.
182 2187 301 2225 δεινόν.
327 2190 399 2225 Τοῦ
420 2188 485 2239 γὰρ
509 2188 717 2226 διδασκάλου
740 2188 1005 2240 περιγενομένου
1023 2191 1090 2225 τῶν

63 2248 209 2300 ἐχθρῶν,
237 2250 274 2285 οὐ
298 2248 366 2300 χρὴ
388 2248 466 2292 τοὺς
489 2249 647 2298 μαθητὰς
668 2249 794 2287 ἀλύειν.
816 2249 884 2286 Καὶ
907 2251 981 2292 πῶς
1001 2248 1088 2287 νενί-

63 2322 190 2354 κηκας,
208 2307 284 2345 εἰπέ
300 2325 380 2358 μοι,
409 2309 466 2346 τὸν
493 2308 642 2360 κόσμον,
664 2303 772 2348 Εἶπον
794 2309 862 2360 μὴν
878 2309 945 2356 ἤδη
966 2309 1019 2347 ὅτι
1032 2310 1089 2348 τὸν

63 2367 215 2419 ἄρχοντα
236 2371 338 2406 αὐτοῦ
359 2369 552 2408 κατέὲαλον
570 2371 667 2409 κάτω
683 2385 690 2393 ·
707 2370 840 2408 εἴσεσθε
861 2370 896 2409 δὲ
916 2371 975 2408 καὶ
992 2370 1088 2409 ὕστε-

63 2443 132 2480 ρον,
152 2428 291 2467 πάντων
312 2428 472 2467 εἰκόντων
493 2433 573 2480 ὑμῖν
595 2432 654 2469 καὶ
674 2431 990 2484 παραχωρούντων.

114 2685 127 2697 >1
145 2685 179 2710 „a

145 2685 256 2730 ξεστι
274 2685 309 2723 δὲ
327 2685 411 2724 1’και
430 2690 514 2737 ἡμῖν
531 2694 644 2739 νικᾷν,
665 2686 723 2725 εὰν
737 2686 954 2738 βουλώμεθα,
968 2688 1015 2730 εἷς
1029 2703 1086 2724 τον

62 2748 216 2801 ἀρχηγὸν
239 2751 301 2794 τῆς
320 2748 471 2792 πίστεως
493 2751 593 2799 ἡμων
622 2752 783 2824 ἇφορωντ
772 2764 849 2795 ας,
872 2764 930 2785 και
958 2748 1088 2795 ταύτην

62 2809 261 2858 βαδιζοντας
287 2808 350 2854 τὴν
373 2809 462 2856 ὃοον,
484 2810 525 2855 ἣν
557 2809 655 2852 αὐτὸς
687 2813 771 2860 ημῖν
798 2809 932 2859 ἔτεμεν.
965 2808 1089 2853 Ουτως

59 2886 135 2908 ουοε
152 2870 327 2913 θανατος“
311 2873 413 2919 ημῶν
438 2869 631 2923 περιέσται.
659 2871 706 2908 'lt'
726 2876 800 2917 οὖν,
817 2886 854 2908 ου
868 2870 1086 2921 τεθνηξουεν,

58 2928 182 2981 φησι’ν;
202 2931 272 2968 ἀπὸ
291 2930 359 2982 γὰρ
377 2931 496 2969 τούτου
521 2932 623 2977 δῆλον
651 2931 704 2969 ὅτι
727 2934 763 2970 οὐ
794 2931 986 2983 περιέσται.
1017 2931 1087 2969 Καὶ

60 2990 129 3040 μὴν
157 2990 234 3028 τότε
262 2994 279 3028 ὅ
311 2991 569 3042 ἀνταγωνιστὴς
589 2991 688 3030 ἔσται
720 2992 903 3043 λαμπρὸς,
924 2994 988 3043 οὐχ
1004 2991 1084 3030 ὅταν

60 3051 108 3100 μὴ
129 3053 320 3102 συμπλακῇ
346 3055 395 3103 τῷ
424 3055 561 3104 ἐχθρῷ,
591 3053 667 3090 ἀλλ’
688 3051 769 3090 ὅταν
797 3052 1015 3102 συμπλακεὶς
1037 3052 1084 3102 μὴ

58 3115 265 3163 κατέχηται.
295 3114 348 3150 Οὐ
378 3113 491 3150 τοίνυν
528 3113 585 3150 διὰ
616 3113 678 3159 τὴν
715 3113 921 3164 συμπλοκὴν
948 3113 1084 3160 θνητοὶ,

59 3172 148 3210 ἀλλὰ
164 3173 221 3211 διὰ
237 3172 299 3220 τὴν
322 3173 420 3219 νίκην
441 3173 617 3211 ἀθάνατοι.
641 3174 733 3212 Τότε
749 3174 816 3227 γὰρ
837 3174 875 3211 ἂν
896 3169 983 3224 ἦμεν
1006 3177 1084 3221 θνη-

728 3238 749 3246 fl.

57 3233 129 3281 τοὶ,
153 3235 182 3271 εἰ
203 3233 370 3284 ἐμένομεν
387 3236 470 3287 παρ’
490 3237 584 3287 αὐτῷ
605 3236 780 3282 διηνεκως.
794 3234 934 3287 ‘'ssa-‘step
948 3238 1005 3273 οὐν
1023 3237 1083 3273 οὐκ

101 3364 114 3379 ³
140 3354 240 3387 Saxil.
260 3359 428 3391 geomeo-aro.

102 3417 114 3430 «Ἰ
140 3408 256 3440 Moret.
278 3417 374 3447 στήσω
391 3413 469 3452 ὑμῖν.
486 3410 585 3451 [Mox
615 3410 671 3442 Sat
683 3408 714 3442 il.
731 3412 906 3447 ὅιανάστητε
922 3420 983 3452 pro
1001 3416 1073 3444 ἀνά-

2067 205 2158 252 535

1169 298 1388 347 interroget.
1412 295 1454 332 ld
1472 304 1544 344 est,
1565 298 1766 346 Antequam
1785 297 1929 347 audias,
1951 300 2050 339 vides
2070 302 2160 352 quid

1170 370 1232 394 nos
1247 356 1426 408 perturbet
1436 386 1448 406 7
1467 367 1500 394 et
1511 358 1672 394 recreasti
1688 372 1750 395 nos
1766 358 1916 396 dicendo
1926 389 1936 409 7
1951 363 2072 400 Pater
2087 379 2158 402 ‘vos

1121 417 1144 445 D
1171 427 1291 465 amat,
1317 421 1410 469 quia
1429 432 1500 456 vos
1525 433 1585 456 me
1604 422 1779 457 amastis.
1809 420 1893 457 Post
1910 429 1961 458 tot
1988 432 2020 459 et
2042 433 2158 473 tanta,

1169 487 1255 515 tunc
1270 478 1412 516 tandem
1428 478 1552 516 dicunt
1568 509 1580 529 7
1604 480 1722 518 Nunc
1735 483 1887 518 scimus.
1906 481 2036 520 Viden'
2054 498 2160 534 quam

1169 538 1278 576 rudes
1310 538 1430 576 adhuc
1461 540 1598 577 essent?
1629 540 1766 578 Deinde
1798 542 1901 592 quia,
1934 557 1997 580 ceu
2030 545 2162 595 gratias

1170 609 1323 651 agentes,
1343 600 1487 647 dicunt,
1513 603 1630 639 Nunc
1663 605 1822 650 scimus,
1847 604 1897 641 ait
1926 605 2005 654 ille,
2034 607 2161 645 Multis

1171 661 1250 698 aliis
1263 675 1354 713 opus
1372 662 1529 711 habetis,
1551 672 1589 700 ut
1604 663 1854 715 perfectionem
1874 666 2057 718 attingatis
2084 684 2090 704 :
2109 670 2161 707 ni-

1171 721 1224 758 hil
1244 722 1363 759 adhue
1383 737 1403 760 a
1419 723 1521 761 vobis
1536 725 1732 776 perfectum
1757 735 1819 763 est.
1851 728 1955 765 Nunc
1977 728 2088 779 igitur
2104 745 2160 768 me

1172 782 1328 820 inimicis
1361 785 1524 832 tradetis,
1550 794 1584 822 et
1605 795 1701 824 tanta
1728 801 1791 825 vos
1812 788 1954 826 invadet
1981 790 2160 839 formido,

1173 853 1212 881 ut
1234 858 1346 895 neque
1371 845 1479 883 simul
1497 846 1682 885 abscedere
1701 849 1854 900 possitis.
1878 850 1950 888 Sed
1969 851 2060 889 nihil
2080 852 2163 890 hinc

1172 919 1235 956 ego
1252 905 1374 943 damni
1391 907 1520 958 patiar.
1541 907 1672 947 Vidcn’
1689 909 1867 959 quomodo
1881 925 2026 949 rursum
2042 921 2163 950 attem-

1171 976 1316 1020 peratus
1335 982 1449 1006 sermo
1477 969 1551 1007 sit?
1568 970 1643 1008 Hac
1669 985 1751 1022 ergo
1769 973 1814 1010 de
1839 987 1877 1010 re
1899 973 1980 1011 illos
1998 984 2139 1012 accusat
2150 1005 2161 1024 7

1172 1031 1269 1081 quod
1286 1041 1456 1083 perpetuo
1485 1032 1707 1084 indulgentia
1742 1049 1830 1087 opus
1855 1036 2036 1074 haberent.
2071 1039 2161 1075 Cum

1170 1092 1261 1129 enim
1281 1092 1457 1141 dicerent,
1483 1095 1546 1131 29.
1571 1097 1674 1134 Ecce
1694 1110 1795 1135 nunc
1811 1099 1948 1149 palam
1969 1099 2156 1151 loqueris,

1171 1163 1206 1192 et
1222 1158 1469 1206 proverbium
1489 1157 1641 1194 nullum
1661 1159 1777 1205 dicis,
1801 1161 1865 1197 50.
1886 1169 1922 1198 et
1941 1160 2020 1199 ideo
2038 1163 2158 1199 credi-

1170 1232 1252 1255 mus
1267 1220 1337 1255 tibi
1350 1234 1365 1262 ,·
1382 1218 1534 1256 ostendit
1553 1220 1660 1257 etiam
1679 1235 1772 1259 nunc
1786 1236 1868 1259 cum
1889 1223 2052 1272 credunt,
2073 1238 2158 1261 non-

1167 1277 1255 1315 dum
1273 1278 1431 1326 credere,
1454 1293 1517 1317 nec
1534 1295 1570 1318 se
1583 1281 1729 1319 illorum
1744 1282 1839 1320 dicta
1858 1283 2058 1322 admittere.
2076 1285 2158 1322 Haec

1167 1352 1251 1377 Vero
1274 1339 1362 1377 dicit
1386 1340 1433 1378 ad
1452 1341 1552 1378 aliud
1572 1342 1652 1380 illos
1682 1352 1821 1396 tempus
1844 1345 2036 1383 remittens.
2061 1347 2157 1384 Illud

1168 1408 1309 1447 autem,
1331 1402 1395 1438 52.
1418 1403 1541 1439 Pater
1568 1417 1716 1441 mecum
1741 1415 1818 1451 est,
1842 1416 1986 1457 propter
2015 1422 2071 1444 eos
2094 1408 2159 1446 ite-

1168 1473 1248 1495 rum
1265 1459 1384 1510 posuit
1401 1475 1407 1495 :
1423 1460 1490 1498 hoc
1507 1462 1602 1499 enim
1622 1463 1703 1501 illos
1718 1464 1853 1502 discere
1872 1480 2008 1517 semper
2026 1468 2153 1506 voluit.

1168 1519 1306 1557 Deinde
1331 1529 1369 1557 ut
1389 1520 1550 1559 ostendat
1567 1536 1603 1559 se
1633 1523 1708 1561 haec
1727 1524 1877 1563 dicendo
1901 1527 2061 1564 nondum
2085 1528 2156 1566 illis

1166 1579 1359 1629 perfectam
1384 1579 1573 1618 tradidisse
1599 1582 1784 1632 notitiam3
1812 1584 1873 1620 sed
1898 1598 1941 1621 ne
1965 1586 2156 1625 ratiociniis

1167 1639 1433 1690 exagitarentur
1451 1642 1670 1689 <verisimile
1697 1644 1790 1681 enim
1816 1655 1889 1682 erat
1915 1660 1972 1683 eos
1998 1647 2158 1686 humana

1162 1701 1328 1750 quaedam
1353 1702 1546 1753 cogitasse,
1576 1705 1813 1756 metuisseque
1833 1721 1870 1744 se
1891 1707 2033 1744 nullum
2053 1708 2098 1745 ab
2116 1722 2156 1747 eo

1162 1762 1340 1800 auxilium
1358 1763 1543 1802 habituros
1562 1769 1668 1814 esse),
1690 1766 1738 1804 ait
1757 1782 1763 1803 :
1782 1768 1844 1805 55.
1860 1771 1955 1807 Haec
1976 1769 2157 1822 loquutus

1162 1837 1247 1861 sum
1273 1826 1409 1872 vobis,
1433 1834 1475 1863 ut
1502 1829 1544 1864 in
1569 1841 1629 1864 me
1645 1841 1780 1879 pacem
1800 1831 2000 1871 habeatis;
2020 1830 2057 1867 id
2079 1841 2153 1881 est,

1164 1886 1212 1922 Ut
1228 1900 1299 1923 non
1315 1886 1479 1925 excidam
1499 1902 1543 1926 ex
1563 1888 1681 1926 animo
1698 1900 1815 1929 vestro
1828 1921 1837 1939 7
1858 1891 1919 1929 sed
1938 1906 1994 1929 me
2006 1892 2156 1944 recipia-

1162 1945 1217 1983 tis.
1251 1948 1303 1984 Ne
1327 1948 1407 1998 quis
1428 1963 1512 2000 ergo
1542 1950 1618 1987 haec
1651 1950 1746 1988 dicta
1774 1951 1811 1989 in
1842 1952 1973 2004 dogma
2006 1953 2125 1991 trahat
2144 1969 2152 1989 ε

1162 2021 1244 2044 nam
1263 2008 1338 2046 haec
1357 2008 1405 2046 ad
1430 2018 1586 2047 nostram
1615 2011 1890 2050 consolationem
1908 2013 2154 2051 dilectionem-

1162 2082 1229 2118 que
1240 2068 1335 2106 dicta
1359 2079 1450 2107 sunt.
1471 2072 1595 2121 Neque
1614 2072 1709 2109 enim
1730 2072 1805 2110 haec
1824 2082 1963 2110 tantum
1990 2075 2153 2125 patiemi-

1161 2129 1197 2166 ni
1211 2145 1218 2165 :
1233 2144 1399 2168 cerumnae
1416 2140 1541 2169 vestrae
1557 2132 1700 2170 tandem
1714 2133 1947 2183 sedabuntur3
1965 2135 2028 2172 sed
2043 2135 2154 2173 donec

1162 2190 1197 2228 in
1210 2191 1343 2228 mundo
1362 2192 1460 2230 eritis
1476 2222 1485 2241 7
1502 2193 1537 2230 in
1555 2195 1722 2233 aerumnis
1741 2195 1969 2234 versabimini
1980 2226 1990 2244 7
2009 2210 2079 2234 non
2098 2211 2153 2234 so-

1161 2251 1238 2288 lum
1257 2266 1350 2289 nunc
1370 2267 1452 2290 cum
1477 2253 1611 2303 trador,
1632 2255 1692 2293 sed
1709 2256 1816 2293 etiam
1836 2266 1968 2308 postea.
1987 2256 2060 2295 Sed
2076 2257 2153 2294 ani-

1161 2327 1261 2350 mum
1296 2314 1421 2365 erigite
1438 2330 1445 2350 :
1462 2314 1555 2352 nihil
1572 2315 1666 2353 enim
1690 2330 1798 2368 grave
1824 2317 2020 2369 patiemini.
2046 2319 2152 2355 Post-

1160 2388 1268 2424 quam
1284 2375 1380 2413 enim
1400 2376 1573 2427 Magister
1588 2377 1752 2415 inimicos
1768 2378 1890 2416 vicerit
1898 2410 1908 2428 7
1926 2393 1994 2416 non
2015 2388 2153 2431 oportet

1160 2435 1357 2487 discipulos
1369 2437 1582 2474 contristari.
1600 2438 1647 2475 Et
1665 2439 1844 2489 quomodo
1858 2469 1868 2487 7
1889 2454 2008 2490 quaeso
2021 2469 2031 2487 7
2048 2453 2154 2476 mun-

1158 2497 1247 2534 dum
1269 2497 1413 2534 vicisti?
1433 2500 1513 2536 Jam
1543 2497 1621 2535 dixi
1638 2528 1647 2546 ,
1668 2513 1724 2536 me
1752 2500 1952 2552 principem
1983 2501 2059 2552 ejus
2083 2501 2153 2552 eje-

1159 2559 1248 2597 cisse
1280 2560 1373 2596 foras
1383 2574 1394 2608 3
1428 2560 1544 2597 scietis
1580 2569 1698 2598 autem
1732 2571 1853 2613 postea
1864 2592 1876 2613 7
1916 2577 1998 2600 cum
2032 2576 2153 2600 omnes

1158 2620 1281 2657 cedent
1300 2620 1421 2668 vobis,
1441 2628 1474 2657 et
1495 2620 1801 2673 obtemperabunt.

1212 2684 1250 2719 5.
1279 2681 1379 2719 Licet
1397 2681 1490 2719 enim
1511 2683 1613 2720 nobis
1631 2698 1771 2734 quoque
1791 2684 1933 2723 vincere
1940 2714 1951 2734 7
1973 2685 2004 2723 si
2023 2686 2151 2724 voluc—

1158 2742 1270 2780 rimus
1298 2742 1425 2780 ducem
1451 2742 1536 2780 fidei
1561 2753 1688 2781 nostrae
1716 2745 1907 2797 respicere,
1932 2755 1964 2783 et
1983 2746 2047 2784 illa
2072 2748 2129 2785 via
2144 2783 2153 2798 ‚

1159 2818 1265 2854 quam
1282 2803 1344 2840 ille
1369 2804 1529 2855 aperuit,
1554 2804 1729 2844 incedere.
1760 2807 1813 2844 Ita
1842 2821 1955 2858 neque
1975 2822 2069 2845 mors
2089 2823 2152 2845 nos

1143 215 1298 245 Lxxix.
1338 200 1398 245 al.
1441 216 1631 247 Lxxvm.

1118 1522 1143 1549 Α

1158 2864 1350 2916 superabit.
1368 2864 1470 2910 Quid
1484 2866 1592 2916 ergo?
1611 2866 1749 2917 inquies
1757 2883 1767 2917 ;
1785 2881 1828 2906 an
1848 2882 1917 2905 non
1932 2869 2152 2907 moriemur?

1157 2925 1241 2963 hinc
1270 2925 1365 2963 enim
1393 2935 1567 2964 constaret
1598 2937 1748 2966 mortem
1768 2943 1838 2967 non
1867 2929 2009 2967 vicisse.
2041 2930 2151 2981 Atqui

1159 2996 1241 3024 tunc
1274 2996 1424 3025 certator
1449 2988 1565 3026 clarus
1587 2998 1655 3038 est7
1675 3005 1745 3028 non
1764 2990 1908 3042 quando
1939 3005 2022 3029 cum
2052 2992 2152 3029 hoste

1158 3063 1227 3086 non
1252 3048 1410 3100 confligit
1425 3079 1435 3097 7
1455 3049 1517 3087 sed
1544 3050 1687 3100 quando
1715 3066 1922 3103 congressus
1945 3066 2014 3089 non
2038 3053 2151 3090 vinci-

1157 3120 1227 3148 tur.
1252 3112 1331 3147 Non
1355 3123 1439 3161 ergo
1460 3120 1605 3163 propter
1625 3126 1853 3163 congressum
1872 3113 2038 3150 mortales
2052 3143 2063 3162 7
2086 3112 2146 3150 sed

1156 3181 1300 3225 propter
1317 3172 1504 3211 victoriam
1526 3175 1756 3213 immortales.
1779 3177 1883 3214 Tunc
1905 3177 1999 3214 enim
2020 3186 2148 3213 morta-

1154 3234 1204 3272 les
1222 3248 1377 3272 essemus
1384 3264 1397 3285 7
1418 3235 1448 3272 si
1470 3245 1641 3287 perpetuo
1662 3237 1696 3275 in
1714 3247 1827 3276 morte
1844 3252 2076 3276 maneremus.
2098 3239 2147 3276 Ut

1142 3359 1260 3400 cra-ra]

1188 3412 1203 3435 ¹³
1229 3409 1290 3443 Alii
1308 3416 1355 3444 καὶ
1374 3416 1462 3453 ἡμᾶς.

2173 499 2200 516 ν.
2217 488 2268 518 3ο.

2209 3177 2350 3205 Homines

2201 3221 2349 3256 quomodo

2160 3267 2218 3287 sint
2233 3270 2351 3288 immor-

2163 3302 2243 3330 iales,
