2522 3683
820 230 857 260 S.
898 229 1082 261 JOANNIS
1119 230 1362 261 CHRYSOST.

353 214 446 277 594

351 320 436 350 erat.
461 311 534 350 Cur
551 319 670 350 autem
693 310 813 350 locum
842 310 1076 350 memoravit?
1095 313 1144 350 Ut
1161 313 1237 364 jam
1257 326 1339 350 eum

350 386 479 424 magna
493 381 652 425 exparte
673 382 808 411 metum
829 372 1019 410 abstulisse
1036 372 1210 423 ostendat,
1233 372 1280 410 ita
1301 382 1338 410 ut

345 434 422 486 jam
445 432 551 471 domo
569 434 721 480 exirent,
746 443 779 471 et
806 433 1080 483 circumquaque
1098 433 1333 470 ambularent.

349 498 428 535 Non
450 496 543 535 enim
568 497 722 549 amplius
749 495 847 534 domi
869 510 905 533 se
939 496 1183 545 continebant,
1211 496 1275 534 sed
1300 496 1337 534 in

351 559 541 598 Galilaeam
561 559 686 608 ierant,
711 567 749 595 ut
768 573 787 596 a
807 557 941 597 Judaeis
961 557 1162 610 periculum
1181 558 1337 596 deelina-

349 630 436 658 rent.
455 621 563 660 Venit
581 634 664 671 ergo
685 620 806 657 Simon
835 619 1019 671 piscatum.
1044 620 1136 657 Cum
1155 620 1248 657 enim
1268 634 1336 658 non

349 682 548 732 frequenter
573 695 654 718 eum
670 680 741 719 illis
765 690 980 731 versaretur,
1005 680 1158 718 necdum
1182 680 1338 732 Spiritus

348 743 452 781 datus
476 753 577 791 esset,
597 757 708 794 neque
732 742 850 781 adhuc.
871 743 1059 795 quidpiam
1084 743 1156 780 illis
1175 743 1339 781 commis-

347 820 428 843 sum
446 815 547 854 esset,
573 820 632 844 nec
658 805 747 856 quid
776 807 928 843 facerent
953 805 1136 855 haberent,
1158 804 1204 842 ad
1229 814 1339 843 artem

347 881 449 905 suam
465 867 655 905 redierant.
673 871 709 906 2.
724 869 776 905 Et
790 876 901 905 erant
913 867 1030 905 simul
1043 867 1174 905 Simon
1190 875 1227 904 et
1244 868 1276 903 T
1276 868 1340 904 Ιιο-

348 942 445 976 mas,
475 938 511 967 et
542 930 771 967 Natlzanael
804 931 871 981 qui
900 943 926 966 a
965 928 1148 979 Philippo
1177 935 1340 965 vocatus

347 999 445 1037 erat,
473 999 508 1028 et
522 990 610 1042 filii
633 991 824 1036 Zebedaei,
853 998 889 1026 et
912 990 984 1026 alii
1011 990 1100 1026 duo.
1133 988 1224 1025 Cum
1249 987 1341 1025 nihil

347 1065 430 1103 ergo
456 1051 626 1089 haberent
649 1050 743 1101 quod
761 1051 929 1099 facerent,
961 1050 1138 1101 piscatum
1162 1063 1198 1086 se
1217 1058 1341 1086 eontu-

346 1113 477 1162 lerunt,
497 1120 530 1148 et
548 1111 614 1149 hoc
636 1120 740 1149 noctu
762 1111 950 1157 faciebant,
972 1108 1068 1160 quod
1090 1109 1335 1147 formidarent.

349 1173 424 1210 Hoc
440 1173 547 1210 etiam
562 1173 676 1210 Lucas
691 1172 740 1209 ait
747 1187 757 1222 ;
776 1171 839 1209 sed
858 1186 927 1209 non
945 1171 1039 1208 idem
1057 1171 1192 1223 ipsum,
1215 1184 1340 1208 verum

346 1234 447 1271 aliud
481 1234 627 1272 indicat.
663 1234 736 1271 Alii
769 1248 853 1272 vero
883 1233 1054 1285 discipuli
1085 1231 1337 1282 sequebantur,
1365 1233 1387 1262 Ε

349 1297 445 1348 quod
470 1312 539 1335 una
570 1297 615 1335 de
645 1297 783 1347 reliquo
815 1297 994 1349 conjuncti
1024 1304 1150 1344 essent,
1179 1305 1211 1333 et
1234 1296 1341 1333 simul

347 1361 478 1400 vellent
506 1361 681 1413 piscantes
708 1359 844 1411 videre,
874 1369 979 1410 atque
1006 1359 1074 1396 hoe
1102 1359 1174 1396 otio
1199 1358 1341 1410 placide

346 1422 428 1459 frui.
455 1422 635 1460 Laborant
661 1436 759 1474 ergo,
781 1431 813 1459 et
830 1419 1036 1473 praepeditis
1060 1419 1197 1458 adstitit
1220 1421 1336 1470 Jesus,

345 1497 457 1534 neque
484 1484 605 1521 statim
623 1498 695 1522 sese
712 1481 997 1535 cognoscendum
1015 1481 1129 1532 dedit,
1153 1490 1192 1518 ut
1211 1481 1247 1518 in
1269 1481 1338 1519 col-

343 1544 507 1595 loquium
527 1545 702 1583 venirent.
726 1544 823 1582 Dicit
843 1557 926 1595 ergo
950 1543 1022 1580 illis
1046 1559 1054 1579 :
1079 1544 1113 1580 5.
1135 1543 1340 1594 Numquid

341 1606 646 1657 pulmentarium
685 1607 862 1643 habetis?
900 1603 1029 1641 Adhuc
1055 1603 1211 1640 humano
1241 1617 1337 1641 more
1349 1628 1394 1652 522

342 1667 517 1718 loquitur,
540 1681 580 1704 ac
601 1666 630 1704 si
649 1676 806 1704 emturus
826 1665 965 1717 aliquid
990 1674 1078 1703 esset
1098 1665 1143 1702 ab
1156 1664 1218 1702 eis.
1246 1665 1338 1702 Cum
1362 1665 1384 1693 A

344 1743 380 1766 se
398 1728 491 1766 nihil
510 1729 640 1766 habere
672 1727 843 1776 dicerent,
866 1727 972 1779 jussit
989 1725 1035 1763 ad
1051 1725 1235 1764 dexteram
1265 1734 1338 1763 rete

345 1788 439 1826 mitti
459 1804 466 1825 ε
493 1803 575 1826 eum
589 1788 779 1839 misissent,
806 1796 985 1840 ceperunt.
1006 1788 1057 1824 Ut
1072 1795 1189 1824 autem
1207 1800 1337 1837 cogno-

345 1858 474 1888 verunt
493 1850 611 1899 illum,
637 1859 721 1887 tunc
748 1849 912 1901 proprios
938 1847 1006 1885 sibi
1033 1861 1147 1885 mores
1167 1847 1338 1884 exhibent

1404 232 1607 263 ARCHIEP.
1648 233 2009 267 CONSTANTINOP.

1410 317 1469 352 τοῦ
1493 314 1620 362 τόπου;
1641 315 1783 360 Δεικνὺς
1801 317 1854 355 ὅτι
1881 318 1920 356 τὸ
1955 318 2059 356 πλέον
2089 319 2208 370 ἀφεῖλε
2235 322 2294 358 τοῦ
2318 320 2432 370 δέους,

1410 377 1456 418 ὡς
1474 376 1595 414 λοιπὸν
1615 375 1737 420 αὐτοὺς
1751 377 1810 415 καὶ
1824 378 2035 431 προκύπτειν
2051 382 2113 426 τῆς
2129 379 2256 428 οἰκίας,
2275 380 2336 418 καὶ
2350 396 2434 419 παν-

1410 440 1519 488 ταχοῦ
1550 437 1732 491 περιιέναι.
1750 439 1879 478 Οὐκέτι
1906 440 1972 492 γὰρ
1994 441 2051 479 ἐπὶ
2082 444 2144 487 τῆς
2173 440 2281 484 οἰκίας
2309 457 2435 493 συγκε-

1410 499 1605 549 κλεισμένοι
1633 494 1735 547 ἦσαν,
1757 501 1834 538 ἀλλ’
1862 500 1919 539 ἐπὶ
1945 502 2007 548 τὴν
2030 501 2221 540 Γαλιλαίαν
2241 501 2361 552 ᾔεσαν,
2375 502 2432 540 τὸν

1410 560 1563 598 κίνδυνον
1597 559 1809 604 ἐκκλίνοντες
1827 563 1895 599 τῶν
1911 561 2098 600 Ἰουδαίων.
2124 562 2295 615 ’Ἔρχεται
2321 563 2434 601 τοίνυν

1411 625 1428 660 6
1444 622 1564 673 Σίμων
1583 623 1749 661 ἁλιεῧσαι.
1764 622 1910 670 Ἐπειδὴ
1930 623 1998 677 γὰρ
2013 623 2090 662 οὔτε
2109 625 2210 668 αὐτὸς
2227 627 2341 668 αὐτοῖς
2357 640 2435 662 συν-

1412 686 1500 735 εχῶς
1520 687 1634 731 συνῆν,
1657 684 1734 722 οὔτε
1755 685 1792 723 τὸ
1811 686 1957 736 Πνεῦμα
1978 684 2072 723 δοθὲν
2095 680 2150 733 ἦν,
2170 685 2239 724 οὔτ’
2265 686 2316 723 ἔτι
2334 688 2434 737 ἐγκε-

1412 744 1627 797 χειρισμένοι
1646 745 1723 784 τότε
1755 746 1955 798 ἐτύγχανον,
1981 746 2074 785 οὐδὲν
2097 745 2231 798 ἔχοντες
2255 747 2435 799 πράττειν,

1413 805 1475 853 τὴν
1495 807 1620 858 τέχνην
1643 807 1826 859 μετῄεσαν.
1840 807 1910 846 Καὶ
1929 802 2017 854 ἦσαν
2034 807 2153 858 Σίμων
2171 810 2257 858 ὁμοῦ
2276 807 2336 846 καὶ
2352 810 2436 847 Θω-

1416 873 1482 916 μᾶς
1498 867 1557 904 καὶ
1577 868 1767 915 Ναθαναὴλ
1782 872 1799 906 6
1815 869 1882 906 ὑπὸ
1902 872 1961 905 τοῧ
1988 867 2171 906 Φιλίππου
2194 869 2354 916 κληθεὶς,
2376 868 2436 906 καὶ

1413 930 1444 965 οἱ
1464 927 1530 965 υἱοὶ
1551 928 1758 977 Ζεὸεδαίου,
1786 929 1845 967 καὶ
1865 930 1963 968 ἄλλοι
1983 929 2053 968 δύο.
2079 929 2188 968 Οὐδὲν
2219 923 2276 968 οὖν
2302 928 2437 981 ἔχοντες

1413 989 1576 1040 πράττειν
1597 990 1654 1028 ἐπὶ
1681 990 1744 1037 τὴν
1777 990 1894 1029 ἁλείαν
1919 991 2040 1042 ᾔεσαν,
2060 991 2119 1029 καὶ
2154 993 2187 1028 ἐν
2209 991 2306 1029 νυκτὶ
2337 994 2438 1029 τοῦτο

1414 1050 1498 1087 αὐτὸ
1528 1050 1676 1095 ἐποίουν,
1697 1050 1754 1088 ’διὰ
1780 1051 1820 1089 τὸ
1851 1053 2017 1104 περιδεεῖς
2051 1046 2149 1090 εἰναι.
2185 1054 2297 1090 Τοῦτο
2329 1051 2388 1090 καὶ
2419 1054 2437 1089 ὃ

1413 1112 1551 1154 Λουκᾶς
1570 1127 1674 1162 φησιν
1688 1127 1695 1135 ·
1716 1114 1792 1150 ἀλλ’
1811 1114 1871 1150 οὐκ
1890 1113 1962 1150 ἔστι
1982 1116 2083 1150 τοῦτο
2103 1116 2228 1160 ἐκεῖνο,
2259 1116 2334 1152 ἀλλ’
2364 1114 2437 1151 ἕτε-

1416 1189 1483 1224 ρον.
1505 1175 1551 1211 Οἱ
1571 1172 1606 1211 δὲ
1624 1173 1722 1211 ἄλλοι
1744 1174 1897 1224 μαθηταὶ
1924 1177 2060 1212 εἵποντο
2077 1173 2134 1212 διὰ
2152 1175 2192 1213 τὸ
2218 1176 2437 1214 συνδεδέσθαι

1414 1235 1532 1273 λοιπον
1556 1234 1740 1283 ἀλλήλοις,
1758 1235 1817 1273 καὶ
1844 1235 1918 1286 ἅμα
1943 1235 2144 1287 βουλόμενοι
2170 1236 2360 1275 Θεάσασθαι
2375 1236 2437 1284 τὴν

1415 1297 1533 1335 ἁλείαν
1551 1297 1611 1335 καὶ
1627 1295 1689 1343 τὴν
1713 1296 1842 1348 σχολὴν
1858 1296 1874 1316 ¹'
1892 1291 1928 1335 εὖ
1950 1296 2082 1335 Οέσθαι.
2109 1298 2295 1348 Κοίμνουσι
2315 1297 2444 1342 τοίνυν,

1414 1357 1473 1396 καὶ
1500 1358 1841 1411 ταλαιπωρουμένοις
1862 1360 2045 1410 ἐφίσταται
2069 1361 2086 1396 6
2105 1357 2259 1404 Ἰησοῦς,
2293 1357 2354 1396 καὶ
2384 1360 2444 1396 οὐκ

1415 1419 1536 1463 εὐθέως
1554 1420 1674 1458 ἑαυτὸν
1694 1419 1877 1467 δείκνυσιν,
1897 1418 1987 1457 ὥστε
2011 1419 2070 1457 καὶ
2091 1422 2138 1463 εἷς
2157 1418 2304 1463 διάλεξιν
2322 1421 2448 1458 ἐλθεῖν.

1414 1482 1518 1534 Λέγει
1539 1475 1596 1519 οῧν
1630 1483 1761 1524 αὐτοῖς·
1784 1480 1848 1526 Μή
1880 1497 1914 1518 τι
1947 1481 2162 1532 προσφάγιον
2196 1479 2314 1532 ἔχετε,
2345 1479 2444 1524 Τέως

1415 1542 1717 1596 ἀνθρωπινώτερον
1739 1542 1956 1593 διαλέγεται,
1975 1544 2020 1584 ὡς
2053 1541 2188 1592 μέλλων
2215 1557 2250 1578 τι
2274 1542 2437 1579 ὠνεῖσθαι

1412 1605 1495 1657 παρ’
1523 1606 1648 1642 αὐτῶν.
1666 1603 1727 1647 Ὡς
1749 1602 1784 1640 δὲ
1803 1602 1984 1641 ἀνένευσαν
2014 1601 2120 1653 μηδὲν
2152 1602 2256 1654 ἔχειν,
2283 1602 2444 1641 ἐκέλευσε

1413 1668 1530 1717 βαλεῖν
1544 1668 1591 1709 εἰς
1605 1664 1648 1703 τὰ
1665 1664 1774 1709 δεξιά·
1791 1663 1849 1701 καὶ
1872 1663 2034 1715 βαλόντες
2053 1663 2217 1715 ἐπέτυχον
2240 1665 2302 1709 τῆς
2319 1663 2444 1716 ἄγρας.

1412 1726 1476 1771 (Ως
1497 1726 1532 1765 δὲ
1552 1726 1750 1777 ἐπέγνωσαν
1773 1725 1887 1770 αὐτὸν,
1908 1723 2013 1761 πάλιν
2035 1723 2079 1761 τὰ
2106 1723 2281 1774 ἰδιώματα
2307 1725 2375 1761 τῶν
2392 1727 2445 1763 οἷ-

1412 1789 1513 1826 κείων
1535 1786 1787 1826 ἐπιδείκνυνται
1812 1785 1948 1837 τρόπων
1969 1786 2000 1822 οἱ
2031 1785 2204 1836 μαθηταὶ,
2223 1783 2356 1838 Πέτρος
2383 1785 2443 1823 καὶ

1413 1850 1587 1895 Ἰωάννης
1617 1848 1661 1886 ‘O
1683 1864 1743 1899 μεν
1770 1847 1836 1898 γὰρ
1867 1846 2093 1923 Οερμότερος,
2120 1849 2138 1884 ὃ
2173 1845 2208 1884 δὲ
2235 1846 2445 1900 ὑψηλότερος

227 1935 332 1962 Petrus
346 1911 537 1963 discipuli
562 1913 686 1949 Petrus
713 1920 746 1948 et
773 1912 937 1949 Joannes.
960 1909 1027 1946 Ille
1053 1908 1257 1956 ferxentior,
1278 1908 1338 1947 hic

146 1976 317 2011 ferventior
347 1973 536 2010 sublimior
560 1982 657 2010 erat.
676 1972 736 2010 ille
763 1971 939 2025 promtim
967 1979 1058 2019 erat,
1082 1969 1142 2007 hic
1162 1969 1337 2022 pelspica-

143 2018 333 2090 {J'ssi'gjfu‘
347 2033 432 2071 eior.
462 2033 546 2071 Ideo
569 2036 719 2073 ,Ioannes
746 2033 844 2085 prior
868 2034 990 2071 Jesum
1010 2030 1191 2082 cognovit,
1212 2033 1337 2069 Petrus

344 2096 442 2148 prior
475 2095 579 2132 illum
614 2095 702 2133 adiit
739 2112 745 2132 :
786 2109 899 2145 neque
932 2094 1027 2132 enim
1053 2061 1205 2131 Dmodica
1236 2093 1337 2144 signa

345 2166 456 2194 erant.
484 2157 658 2202 Quaenam
689 2156 775 2194 illa?
804 2157 938 2204 Primo,
967 2154 1063 2206 quod
1090 2155 1195 2192 multi
1224 2155 1337 2206 pisces

345 2219 439 2271 capti
460 2227 572 2256 essent
596 2235 604 2257 ε
621 2217 765 2268 deinde,
782 2217 879 2268 quod
897 2226 969 2254 rete
988 2230 1057 2254 non
1082 2216 1229 2254 scissum
1249 2216 1337 2253 suis-

344 2289 396 2317 set
413 2296 420 2316 :
440 2279 539 2327 hinc,
559 2279 655 2330 quod
672 2279 786 2331 prius,
805 2292 914 2328 quam
927 2277 1191 2325 exscendercnt,
1205 2291 1337 2328 prunas

1412 1916 1474 1959 ἠν·
1482 1927 1558 1949 και
1573 1913 1590 1948 6
1613 1909 1674 1961 μὲν
1692 1908 1847 1961 ὀξύτερος
1865 1912 1921 1956 ἠν,
1952 1910 1970 1945 ὃ
1992 1907 2027 1945 δὲ
2058 1906 2355 1961 διορατικώτερος.
2375 1908 2444 1946 Διὰ

1409 1978 1510 2012 τοῦτο
1525 1975 1541 2010 6
1561 1971 1621 2023 μὲν
1641 1970 1806 2016 Ἰωάννης
1826 1985 1962 2023 πρωτος
1984 1968 2116 2041 ἐπέγνω
2132 1984 2190 2006 τον
2211 1968 2358 2016 Ιησοῧν,
2371 1971 2389 2007 6
2406 1968 2442 2008 δὲ

1412 2034 1546 2087 Πέτρος
1567 2048 1703 2084 πρωτος
1720 2026 1805 2078 ἦλθε
1828 2030 1913 2083 πρὸς
1934 2029 2056 2068 αυτόν·
2078 2045 2137 2067 και
2162 2029 2228 2108 γὰρ
2248 2030 2286 2066 οὐ
2312 2028 2356 2067 τὰ
2382 2045 2442 2067 τυ-

1411 2095 1519 2148 γοντα
1535 2094 1717 2169 γενόμενα
1731 2097 1773 2139 ἠν
1791 2098 1932 2143 σημεῖα.
1955 2091 2084 2130 Τίνα
2066 2090 2101 2130 οὲ
2121 2095 2162 2138 ἠν
2181 2090 2225 2129 τὰ
2253 2090 2439 2142 γινόμενα,

1412 2159 1558 2208 Πρωτον
1584 2155 1671 2229 μὲν,
1686 2171 1726 2192 το
1754 2153 1904 2197 πολλους
1927 2153 2011 2191 συλλ
2013 2154 2165 2204 ηφθῆναι
2192 2167 2270 2195 τους
2299 2151 2438 2204 ἰχθύας·

1412 2218 1552 2263 ἔπειτα,
1569 2231 1608 2253 το
1629 2214 1677 2265 μὴ
1707 2218 1893 2266 σχισθῆναι
1915 2231 1954 2252 το
1980 2213 2136 2251 δίκτυον·
2156 2216 2256 2259 εἶτα,
2276 2212 2334 2259 τὸ,
2357 2227 2438 2263 πριν

1412 2278 1535 2323 ἐπιὲἧν
1519 2293 1576 2314 ναι
1590 2279 1797 2328 ,εὑρεθῆναι
1825 2291 1901 2317 τους
1930 2275 2121 2325 ἄνθρακας,
2157 2273 2215 2310 καὶ
2246 2288 2304 2310 τον
2342 2273 2439 2325 ἷχθυν

346 2343 560 2393 invenirent,
590 2343 791 2394 appositum
818 2342 952 2393 piscem
979 2349 1012 2378 et
1045 2354 1182 2392 panem.
1217 2341 1339 2390 Neque
1365 2343 1384 2371 Β
1412 2337 1628 2389 ἐπικείμενον
1648 2337 1707 2374 καὶ
1736 2336 1853 2388 ἄρτον.
1880 2334 2009 2372 Οὐκέτι
2036 2333 2104 2387 γὰρ
2130 2334 2163 2378 ἐξ
2191 2333 2274 2379 ὕλτς
2294 2337 2438 2372 ὑποκει-

346 2406 441 2443 enim
460 2420 504 2443 ex
523 2405 679 2456 subjecta
698 2403 845 2441 materia
866 2402 904 2439 id
923 2401 1091 2450 faciebat,
1108 2401 1204 2452 quod
1222 2411 1338 2438 tamen

347 2481 409 2518 per
429 2466 621 2516 quamdam
646 2464 944 2517 dispensationem
966 2472 1046 2500 ante
1067 2477 1207 2499 crucem
1230 2463 1340 2499 facere

347 2528 494 2565 solebat.
516 2527 583 2565 Ubi
600 2537 717 2564 autem
737 2526 839 2563 illum
860 2524 1021 2576 agnovit,
1038 2523 1154 2562 omnia
1176 2523 1338 2576 projecit,

347 2598 381 2625 et
400 2589 511 2640 pisces
538 2597 570 2626 et
596 2588 698 2638 retia,
719 2602 823 2638 seque
851 2586 1029 2624 succinxit
1047 2586 1183 2623 Petrus.
1206 2584 1337 2623 Viden’

347 2659 380 2686 et
415 2665 467 2688 rex
479 2651 647 2688 ert-utiam
689 2659 722 2688 et
761 2648 1001 2687 desiderium?
1034 2646 1143 2697 Atqui
1177 2646 1339 2684 ducentis

347 2711 477 2748 cubitis
506 2712 672 2762 aberant,
692 2711 754 2749 sed
783 2725 894 2761 neque
924 2710 1026 2747 illum
1047 2708 1130 2746 navi
1154 2707 1252 2745 adire
1275 2722 1339 2744 su-

348 2772 630 2819 stimiit,x‘e1·uin
658 2772 809 2810 natando
839 2772 947 2810 venit.
971 2770 1070 2817 Quid
1098 2784 1181 2820 crgo
1210 2770 1338 2808 Jcsus?

351 2835 411 2871 12.
437 2835 583 2878 Venite,
606 2834 734 2883 inquit,
747 2834 946 2884 prandete.
967 2834 1020 2870 Et
1044 2844 1153 2869 nemo
1170 2831 1335 2867 audebat

349 2908 434 2931 eum
453 2897 702 2945 interrogare.
727 2896 804 2932 Non
823 2895 898 2946 jam
920 2893 1060 2931 solitam
1086 2890 1254 2928 fiduciam
1274 2890 1336 2927 lia-

348 2955 479 2992 bebant
495 2963 527 2991 et
547 2954 713 3004 loquendi
733 2955 945 3001 libertatem,
969 2968 1081 3004 neque
1100 2951 1144 2990 ad
1164 2952 1269 2989 illum
1287 2966 1342 2989 ro-

349 3017 467 3068 gaturi
497 3016 730 3065 accedebant,
765 3016 826 3053 sed
854 3031 935 3053 cum
969 3015 1124 3064 silentio,
1156 3014 1280 3051 timore
1308 3022 1341 3051 et
1363 3020 1384 3048 C

348 3076 541 3116 reverentia
565 3090 690 3125 inagna
722 3076 887 3113 sedebant
909 3075 962 3112 illi
982 3075 1211 3112 attendentes.
1240 3075 1339 3112 Scie-

350 3143 441 3177 bant
458 3141 561 3176 enim
578 3139 790 3175 Dominum
819 3150 911 3174 esse.
930 3135 1083 3186 Ideoque
1102 3150 1171 3173 non
1190 3135 1338 3173 interro-

349 3201 490 3251 gabant,
505 3199 594 3245 Quis
618 3198 679 3236 es?
698 3198 917 3247 formamque
944 3196 1103 3234 videntes
1128 3197 1250 3246 aliam,
1270 3205 1337 3233 ter-

349 3264 437 3300 roris
452 3262 609 3313 plenam,
627 3258 823 3298 admodum
842 3257 995 3310 perculsi
1014 3266 1111 3295 crant
1123 3288 1131 3304 ,
1154 3257 1335 3294 volebant-

1413 2399 1518 2451 μένης
1543 2398 1671 2445 ἐποίει,
1692 2397 1809 2448 ὥσπερ
1827 2396 1882 2433 διά
1899 2396 1987 2434 ’τινα
2017 2394 2213 2445 οἰκονομίαν
2234 2394 2340 2433 ἐποίει
2371 2396 2439 2448 πρὸ

1411 2465 1469 2499 τοῦ
1490 2464 1651 2513 σταυροῦ.
1676 2458 1737 2501 (Ως
1761 2452 1816 2496 οὖν
1849 2457 1981 2508 ἐπέγνω
2015 2456 2127 2502 αὐτὸν,
2159 2456 2273 2494 πάντα
2298 2455 2436 2508 ἔρριψε,

1411 2523 1473 2561 καὶ
1497 2521 1575 2565 τοὺς
1593 2522 1688 2573 ἰχθῦς
1711 2518 1832 2557 καὶτὰ
1859 2518 2000 2566 δίκτυα,
2022 2517 2081 2555 καὶ
2105 2516 2292 2561 διεζώσατο
2319 2519 2336 2554 ὃ
2366 2516 2438 2554 Πέ-

1410 2600 1500 2635 τρος.
1518 2583 1626 2634 εΟρᾷς
1651 2580 1709 2618 καὶ
1728 2580 1790 2627 τὴν
1810 2580 1896 2617 αἰδῶ
1913 2579 1972 2617 καὶ
1993 2579 2050 2617 τὸν
2068 2577 2192 2625 πόθον,
2214 2577 2338 2616 Καίτοι
2366 2578 2435 2616 ἀπὸ

1413 2644 1596 2683 διακοσίων
1624 2646 1747 2695 πηχῶν
1773 2636 1881 2688 ἦσαν·
1901 2641 1975 2678 ἀλλ’
2002 2639 2077 2678 οὐδὲ
2098 2639 2204 2682 οὕτως
2222 2638 2434 2690 ἐκαρτέρησε

1409 2708 1458 2757 τῷ
1479 2704 1590 2757 πλοίῳ
1605 2705 1688 2755 πρὸς
1703 2702 1802 2741 αὐτὸν
1821 2704 1941 2745 ἐλθεῖν,
1961 2699 2049 2737 ἀλλὰ
2073 2700 2264 2751 νηχόμενος
2279 2698 2433 2752 παρεγέ-

1410 2783 1499 2805 νετο.
1522 2766 1568 2805 Ἰί
1600 2769 1657 2804 οὐν
1683 2768 1700 2802 6
1724 2764 1876 2810 Ιησοῦς,
1905 2763 2027 2808 Δευτε,
2058 2776 2174 2812 φησιν,
2205 2761 2431 2813 ἀριστήσατε.

1413 2829 1480 2866 Και
1506 2829 1579 2866 ουδε
1587 2843 1646 2870 ιςε
1633 2825 1764 2876 ἐτόλμα
1793 2825 1968 2875 ἐρωτῆσαι
1991 2821 2108 2859 αυτόν.
2130 2820 2290 2858 ()υκέτι
2280 2820 2348 2874 γὰρ
2369 2820 2431 2868 τὴν

1411 2889 1515 2936 αὐτὴν
1541 2885 1738 2940 παρρησίαν
1760 2888 1865 2936 εἰχον,
1896 2882 1972 2921 οὐδὲ
1992 2881 2118 2932 ὁυοίως
2146 2881 2330 2933 ἐθάρρουν,
2356 2881 2431 2919 οὐδὲ

1410 2951 1559 3004 ἤρχοντο
1585 2964 1671 3000 προς
1701 2962 1799 2984 αυτον
1832 2944 1891 2982 διὰ
1928 2943 2031 2995 λόγου
2063 2943 2196 2990 λοιπον,
2226 2942 2315 2981 ἀλλὰ
2344 2942 2432 2993 μετὰ

1410 3015 1509 3062 σιγῆς
1495 3025 1584 3054 ςκαι
1603 3008 1695 3051 δέους
1723 3008 1850 3045 πολλου
1880 3021 1939 3042 και
1969 3005 2083 3048 αἰδοῦς
2102 3004 2301 3048 ἐκαθέζοντο
2322 3018 2432 3054 προσ-

1410 3075 1544 3125 ἔχοντες
1570 3070 1655 3122 πρὸς
1672 3068 1785 3106 αὐτόν.
1806 3065 1972 3104 ἼΙδεισαν
2005 3064 2067 3115 μὲν
2095 3063 2162 3115 γὰρ
2187 3063 2240 3102 ὅτι
2267 3066 2284 3100 6
2306 3063 2431 3114 Κύριός

1407 3137 1492 3173 ἐστι.
1511 3132 1580 3172 Και
1603 3130 1659 3168 δια
1679 3132 1778 3167 τοῦτο
1797 3130 1857 3165 οὐκ
1886 3125 2043 3179 ἠρώτων,
2063 3125 2114 3169 τίς
2133 3129 2184 3171 εἰ;
2206 3123 2269 3170 τὴν
2290 3122 2324 3161 δὲ
2345 3140 2432 3175 μορ-

1407 3212 1471 3248 φην
1491 3191 1712 3244 ἀλλοιοτέραν
1731 3193 1875 3242 ὁρωντες
1889 3217 1898 3235 ,
1918 3203 1976 3225 και
1998 3188 2128 3231 πολλῆς
2155 3185 2349 3231 ἐκπλήξεως
2376 3184 2430 3235 γε’-

1408 3272 1552 3306 μουσαν,
1580 3252 1709 3304 σφόδρα
1741 3245 1828 3296 ἦσαν
1862 3246 2214 3297 καταπεπληγμένοι,
2245 3246 2302 3284 καὶ
2327 3245 2430 3283 ἐδού-

396 3413 411 3436 b
440 3408 497 3440 Alii
520 3410 547 3442 εὖ
565 3412 722 3442 διαθέσθαι4
