<?xml version="1.0" encoding="UTF-8"?>
<!DOCTYPE html PUBLIC "-//W3C//DTD XHTML 1.0 Transitional//EN"
    "http://www.w3.org/TR/xhtml1/DTD/xhtml1-transitional.dtd">
<html xmlns="http://www.w3.org/1999/xhtml" xml:lang="en" lang="en">
 <head>
  <title>
</title>
<meta http-equiv="Content-Type" content="text/html;charset=utf-8" />
  <meta name='ocr-system' content='tesseract 3.04.00' />
  <meta name='ocr-capabilities' content='ocr_page ocr_carea ocr_par ocr_line ocrx_word'/>
</head>
<body>
  <div class='ocr_page' id='page_1' title='image "./operaomniaquaeex08johnuoft/operaomniaquaeex08johnuoft_0220.png"; bbox 0 0 2481 3678; ppageno 0'>
   <div class='ocr_carea' id='block_1_1' title="bbox 278 200 1318 2175">
    <p class='ocr_par' dir='ltr' id='par_1_1' title="bbox 278 200 1318 2112">
     <span class='ocr_line' id='line_1_1' title="bbox 299 200 387 260; baseline -0.045 0"><span class='ocrx_word' id='word_1_1' title='bbox 299 200 387 260; x_wconf 73' lang='lat'>¹94</span> 
     </span>
     <span class='ocr_line' id='line_1_2' title="bbox 290 293 1318 346; baseline -0.002 -14"><span class='ocrx_word' id='word_1_2' title='bbox 290 293 500 332; x_wconf 82' lang='lat' dir='ltr'>tradendam</span> <span class='ocrx_word' id='word_1_3' title='bbox 533 308 605 331; x_wconf 86' lang='lat' dir='ltr'>esse</span> <span class='ocrx_word' id='word_1_4' title='bbox 632 307 795 346; x_wconf 82' lang='lat' dir='ltr'><strong>sponsam</strong></span> <span class='ocrx_word' id='word_1_5' title='bbox 827 310 834 330; x_wconf 79' lang='grc' dir='ltr'>ε</span> <span class='ocrx_word' id='word_1_6' title='bbox 865 308 970 345; x_wconf 85' lang='lat' dir='ltr'>seque</span> <span class='ocrx_word' id='word_1_7' title='bbox 1002 293 1205 332; x_wconf 87' lang='lat' dir='ltr'>ministrum</span> <span class='ocrx_word' id='word_1_8' title='bbox 1237 303 1270 331; x_wconf 88' lang='lat' dir='ltr'>et</span> <span class='ocrx_word' id='word_1_9' title='bbox 1294 295 1318 325; x_wconf 88' lang='lat' dir='ltr'>C</span> 
     </span>
     <span class='ocr_line' id='line_1_3' title="bbox 290 354 1270 406; baseline -0.002 -12"><span class='ocrx_word' id='word_1_10' title='bbox 290 370 433 395; x_wconf 86' lang='lat' dir='ltr'>servum</span> <span class='ocrx_word' id='word_1_11' title='bbox 453 368 536 403; x_wconf 88' lang='lat' dir='ltr'>esse,</span> <span class='ocrx_word' id='word_1_12' title='bbox 551 354 681 392; x_wconf 87' lang='lat' dir='ltr'>bonam</span> <span class='ocrx_word' id='word_1_13' title='bbox 700 369 798 406; x_wconf 87' lang='lat' dir='ltr'>spem</span> <span class='ocrx_word' id='word_1_14' title='bbox 820 369 920 393; x_wconf 87' lang='lat' dir='ltr'>suam</span> <span class='ocrx_word' id='word_1_15' title='bbox 939 364 1043 405; x_wconf 85' lang='lat' dir='ltr'>atque</span> <span class='ocrx_word' id='word_1_16' title='bbox 1061 354 1221 393; x_wconf 61' lang='lat' dir='ltr'>laetitiam</span> <span class='ocrx_word' id='word_1_17' title='bbox 1234 355 1270 392; x_wconf 76' lang='lat' dir='ltr'>In</span> 
     </span>
     <span class='ocr_line' id='line_1_4' title="bbox 292 415 1272 468; baseline -0.001 -14"><span class='ocrx_word' id='word_1_18' title='bbox 292 430 380 468; x_wconf 86' lang='lat' dir='ltr'>opus</span> <span class='ocrx_word' id='word_1_19' title='bbox 394 417 470 468; x_wconf 87' lang='lat' dir='ltr'>jam</span> <span class='ocrx_word' id='word_1_20' title='bbox 492 415 629 453; x_wconf 83' lang='lat' dir='ltr'>exiisse.</span> <span class='ocrx_word' id='word_1_21' title='bbox 649 415 732 453; x_wconf 87' lang='lat' dir='ltr'>Ideo</span> <span class='ocrx_word' id='word_1_22' title='bbox 751 415 801 453; x_wconf 88' lang='lat' dir='ltr'>sic</span> <span class='ocrx_word' id='word_1_23' title='bbox 815 416 928 467; x_wconf 83' lang='lat' dir='ltr'>pergit</span> <span class='ocrx_word' id='word_1_24' title='bbox 945 432 952 451; x_wconf 93' lang='lat'>:</span> <span class='ocrx_word' id='word_1_25' title='bbox 974 417 1059 452; x_wconf 84' lang='lat' dir='ltr'>Iloc</span> <span class='ocrx_word' id='word_1_26' title='bbox 1077 429 1165 467; x_wconf 82' lang='lat' dir='ltr'>ergo</span> <span class='ocrx_word' id='word_1_27' title='bbox 1177 429 1272 468; x_wconf 82' lang='lat' dir='ltr'>gau-</span> 
     </span>
     <span class='ocr_line' id='line_1_5' title="bbox 292 475 1273 528; baseline 0.002 -14"><span class='ocrx_word' id='word_1_28' title='bbox 292 478 398 514; x_wconf 81' lang='lat' dir='ltr'>dium</span> <span class='ocrx_word' id='word_1_29' title='bbox 418 491 542 514; x_wconf 82' lang='lat' dir='ltr'>meum</span> <span class='ocrx_word' id='word_1_30' title='bbox 563 477 759 528; x_wconf 79' lang='lat' dir='ltr'>impletum</span> <span class='ocrx_word' id='word_1_31' title='bbox 773 484 846 521; x_wconf 81' lang='lat' dir='ltr'>est,·</span> <span class='ocrx_word' id='word_1_32' title='bbox 867 475 903 512; x_wconf 89' lang='lat' dir='ltr'>id</span> <span class='ocrx_word' id='word_1_33' title='bbox 922 484 993 524; x_wconf 83' lang='lat' dir='ltr'>est,</span> <span class='ocrx_word' id='word_1_34' title='bbox 1010 475 1208 515; x_wconf 81' lang='lat' dir='ltr'><strong>Perfectum</strong></span> <span class='ocrx_word' id='word_1_35' title='bbox 1222 487 1273 516; x_wconf 86' lang='lat' dir='ltr'>est</span> 
     </span>
     <span class='ocr_line' id='line_1_6' title="bbox 292 535 1270 589; baseline 0 -14"><span class='ocrx_word' id='word_1_36' title='bbox 292 552 380 589; x_wconf 87' lang='lat' dir='ltr'>opus</span> <span class='ocrx_word' id='word_1_37' title='bbox 401 552 519 575; x_wconf 88' lang='lat' dir='ltr'>meum</span> <span class='ocrx_word' id='word_1_38' title='bbox 533 568 542 586; x_wconf 93' lang='lat'>,</span> <span class='ocrx_word' id='word_1_39' title='bbox 564 537 654 574; x_wconf 90' lang='lat' dir='ltr'>nihil</span> <span class='ocrx_word' id='word_1_40' title='bbox 676 537 767 574; x_wconf 87' lang='lat' dir='ltr'>ultra</span> <span class='ocrx_word' id='word_1_41' title='bbox 787 535 882 586; x_wconf 88' lang='lat' dir='ltr'>quod</span> <span class='ocrx_word' id='word_1_42' title='bbox 900 535 1068 573; x_wconf 79' lang='lat' dir='ltr'>faciamus</span> <span class='ocrx_word' id='word_1_43' title='bbox 1086 536 1270 576; x_wconf 89' lang='lat' dir='ltr'>habemus.</span> 
     </span>
     <span class='ocr_line' id='line_1_7' title="bbox 292 596 1272 650; baseline 0 -13"><span class='ocrx_word' id='word_1_44' title='bbox 292 599 429 637; x_wconf 81' lang='lat' dir='ltr'>Deinde</span> <span class='ocrx_word' id='word_1_45' title='bbox 454 613 522 637; x_wconf 92' lang='lat' dir='ltr'>non</span> <span class='ocrx_word' id='word_1_46' title='bbox 550 612 700 650; x_wconf 75' lang='lat' dir='ltr'>praesens</span> <span class='ocrx_word' id='word_1_47' title='bbox 731 597 859 646; x_wconf 83' lang='lat' dir='ltr'>modo,</span> <span class='ocrx_word' id='word_1_48' title='bbox 889 596 950 635; x_wconf 88' lang='lat' dir='ltr'>sed</span> <span class='ocrx_word' id='word_1_49' title='bbox 977 597 1084 635; x_wconf 87' lang='lat' dir='ltr'>etiam</span> <span class='ocrx_word' id='word_1_50' title='bbox 1111 598 1272 637; x_wconf 88' lang='lat' dir='ltr'>futurum</span> 
     </span>
     <span class='ocr_line' id='line_1_8' title="bbox 292 658 1272 711; baseline -0.001 -13"><span class='ocrx_word' id='word_1_51' title='bbox 292 660 425 699; x_wconf 88' lang='lat' dir='ltr'>doloris</span> <span class='ocrx_word' id='word_1_52' title='bbox 442 668 672 711; x_wconf 83' lang='lat' dir='ltr'>augmentum</span> <span class='ocrx_word' id='word_1_53' title='bbox 692 658 858 697; x_wconf 81' lang='lat' dir='ltr'>cohibens</span> <span class='ocrx_word' id='word_1_54' title='bbox 871 689 881 708; x_wconf 90' lang='lat'>,</span> <span class='ocrx_word' id='word_1_55' title='bbox 900 658 944 696; x_wconf 90' lang='lat' dir='ltr'>de</span> <span class='ocrx_word' id='word_1_56' title='bbox 964 659 1093 696; x_wconf 86' lang='lat' dir='ltr'>suturis</span> <span class='ocrx_word' id='word_1_57' title='bbox 1116 673 1272 711; x_wconf 85' lang='lat' dir='ltr'>pronun--</span> 
     </span>
     <span class='ocr_line' id='line_1_9' title="bbox 292 721 1272 772; baseline -0.001 -12"><span class='ocrx_word' id='word_1_58' title='bbox 292 724 357 760; x_wconf 84' lang='lat' dir='ltr'>tiat</span> <span class='ocrx_word' id='word_1_59' title='bbox 375 738 415 760; x_wconf 83' lang='lat' dir='ltr'>ea</span> <span class='ocrx_word' id='word_1_60' title='bbox 433 737 511 772; x_wconf 81' lang='lat' dir='ltr'>quae</span> <span class='ocrx_word' id='word_1_61' title='bbox 532 731 565 759; x_wconf 86' lang='lat' dir='ltr'>et</span> <span class='ocrx_word' id='word_1_62' title='bbox 583 736 626 758; x_wconf 79' lang='lat' dir='ltr'>ex</span> <span class='ocrx_word' id='word_1_63' title='bbox 647 721 752 759; x_wconf 86' lang='lat' dir='ltr'>dietis</span> <span class='ocrx_word' id='word_1_64' title='bbox 771 728 802 758; x_wconf 85' lang='lat' dir='ltr'>et</span> <span class='ocrx_word' id='word_1_65' title='bbox 819 735 863 758; x_wconf 79' lang='lat' dir='ltr'>ex</span> <span class='ocrx_word' id='word_1_66' title='bbox 882 721 983 758; x_wconf 84' lang='lat' dir='ltr'>factis</span> <span class='ocrx_word' id='word_1_67' title='bbox 1005 721 1191 759; x_wconf 82' lang='lat' dir='ltr'>confirmat</span> <span class='ocrx_word' id='word_1_68' title='bbox 1216 722 1272 760; x_wconf 84' lang='lat' dir='ltr'>his</span> 
     </span>
     <span class='ocr_line' id='line_1_10' title="bbox 291 783 1272 834; baseline -0.001 -12"><span class='ocrx_word' id='word_1_69' title='bbox 291 784 410 822; x_wconf 68' lang='lat' dir='ltr'>verbis</span> <span class='ocrx_word' id='word_1_70' title='bbox 433 799 439 818; x_wconf 91' lang='lat'>:</span> <span class='ocrx_word' id='word_1_71' title='bbox 463 784 524 820; x_wconf 81' lang='lat'>50.</span> <span class='ocrx_word' id='word_1_72' title='bbox 543 783 662 820; x_wconf 82' lang='lat' dir='ltr'>Illum</span> <span class='ocrx_word' id='word_1_73' title='bbox 685 790 830 834; x_wconf 76' lang='lat' dir='ltr'>oportet</span> <span class='ocrx_word' id='word_1_74' title='bbox 853 796 1032 829; x_wconf 78' lang='lat' dir='ltr'>crescere,</span> <span class='ocrx_word' id='word_1_75' title='bbox 1061 797 1120 820; x_wconf 87' lang='lat' dir='ltr'>me</span> <span class='ocrx_word' id='word_1_76' title='bbox 1144 792 1272 821; x_wconf 71' lang='lat' dir='ltr'>aretem</span> 
     </span>
     <span class='ocr_line' id='line_1_11' title="bbox 291 843 1273 894; baseline 0 -13"><span class='ocrx_word' id='word_1_77' title='bbox 291 846 413 881; x_wconf 84' lang='lat' dir='ltr'>minui</span> <span class='ocrx_word' id='word_1_78' title='bbox 436 860 445 881; x_wconf 89' lang='lat'>:</span> <span class='ocrx_word' id='word_1_79' title='bbox 467 843 535 881; x_wconf 86' lang='lat' dir='ltr'>hoe</span> <span class='ocrx_word' id='word_1_80' title='bbox 556 852 628 892; x_wconf 79' lang='lat' dir='ltr'>cst,</span> <span class='ocrx_word' id='word_1_81' title='bbox 660 844 786 881; x_wconf 76' lang='lat' dir='ltr'>Nostra</span> <span class='ocrx_word' id='word_1_82' title='bbox 820 853 1039 881; x_wconf 80' lang='lat' dir='ltr'>cessaverunt</span> <span class='ocrx_word' id='word_1_83' title='bbox 1059 859 1065 879; x_wconf 79' lang='grc' dir='ltr'>ε</span> <span class='ocrx_word' id='word_1_84' title='bbox 1083 857 1161 894; x_wconf 83' lang='lat' dir='ltr'>quae</span> <span class='ocrx_word' id='word_1_85' title='bbox 1189 857 1273 883; x_wconf 87' lang='lat' dir='ltr'>vero</span> 
     </span>
     <span class='ocr_line' id='line_1_12' title="bbox 289 904 1271 956; baseline 0 -14"><span class='ocrx_word' id='word_1_86' title='bbox 289 905 387 942; x_wconf 87' lang='lat' dir='ltr'>illius</span> <span class='ocrx_word' id='word_1_87' title='bbox 400 914 482 943; x_wconf 89' lang='lat' dir='ltr'>sunt</span> <span class='ocrx_word' id='word_1_88' title='bbox 495 913 681 956; x_wconf 79' lang='lat' dir='ltr'>augentur.</span> <span class='ocrx_word' id='word_1_89' title='bbox 701 904 777 941; x_wconf 85' lang='lat' dir='ltr'>Hoc</span> <span class='ocrx_word' id='word_1_90' title='bbox 793 905 911 955; x_wconf 87' lang='lat' dir='ltr'>itaque</span> <span class='ocrx_word' id='word_1_91' title='bbox 924 905 1022 955; x_wconf 87' lang='lat' dir='ltr'>quod</span> <span class='ocrx_word' id='word_1_92' title='bbox 1041 905 1185 956; x_wconf 88' lang='lat' dir='ltr'>timetis,</span> <span class='ocrx_word' id='word_1_93' title='bbox 1203 919 1271 943; x_wconf 91' lang='lat' dir='ltr'>non</span> 
     </span>
     <span class='ocr_line' id='line_1_13' title="bbox 288 965 1266 1017; baseline 0.001 -14"><span class='ocrx_word' id='word_1_94' title='bbox 288 966 395 1003; x_wconf 88' lang='lat' dir='ltr'>modo</span> <span class='ocrx_word' id='word_1_95' title='bbox 425 979 519 1003; x_wconf 92' lang='lat' dir='ltr'>nunc</span> <span class='ocrx_word' id='word_1_96' title='bbox 550 965 681 1015; x_wconf 85' lang='lat' dir='ltr'>aderit,</span> <span class='ocrx_word' id='word_1_97' title='bbox 703 965 762 1003; x_wconf 89' lang='lat' dir='ltr'>sed</span> <span class='ocrx_word' id='word_1_98' title='bbox 785 967 900 1017; x_wconf 85' lang='lat' dir='ltr'>majus</span> <span class='ocrx_word' id='word_1_99' title='bbox 925 966 1028 1003; x_wconf 85' lang='lat' dir='ltr'>etiam</span> <span class='ocrx_word' id='word_1_100' title='bbox 1052 966 1087 1003; x_wconf 91' lang='lat' dir='ltr'>in</span> <span class='ocrx_word' id='word_1_101' title='bbox 1101 966 1176 1004; x_wconf 89' lang='lat' dir='ltr'>dies</span> <span class='ocrx_word' id='word_1_102' title='bbox 1195 966 1266 1004; x_wconf 87' lang='lat' dir='ltr'>fiet.</span> 
     </span>
     <span class='ocr_line' id='line_1_14' title="bbox 288 1024 1270 1076; baseline 0 -15"><span class='ocrx_word' id='word_1_103' title='bbox 288 1024 384 1062; x_wconf 89' lang='lat' dir='ltr'>Illud</span> <span class='ocrx_word' id='word_1_104' title='bbox 407 1024 501 1063; x_wconf 84' lang='lat' dir='ltr'>enim</span> <span class='ocrx_word' id='word_1_105' title='bbox 520 1024 675 1062; x_wconf 73' lang='lat' dir='ltr'>maxime</span> <span class='ocrx_word' id='word_1_106' title='bbox 694 1033 744 1062; x_wconf 87' lang='lat' dir='ltr'>est</span> <span class='ocrx_word' id='word_1_107' title='bbox 759 1025 856 1075; x_wconf 88' lang='lat' dir='ltr'>quod</span> <span class='ocrx_word' id='word_1_108' title='bbox 880 1039 934 1062; x_wconf 90' lang='lat' dir='ltr'>res</span> <span class='ocrx_word' id='word_1_109' title='bbox 954 1034 1090 1062; x_wconf 81' lang='lat' dir='ltr'>nostras</span> <span class='ocrx_word' id='word_1_110' title='bbox 1116 1024 1270 1076; x_wconf 88' lang='lat' dir='ltr'>splendi-</span> 
     </span>
     <span class='ocr_line' id='line_1_15' title="bbox 287 1084 1270 1135; baseline -0.002 -12"><span class='ocrx_word' id='word_1_111' title='bbox 287 1085 404 1124; x_wconf 85' lang='lat' dir='ltr'>diores</span> <span class='ocrx_word' id='word_1_112' title='bbox 431 1086 596 1123; x_wconf 85' lang='lat' dir='ltr'>ostendit.</span> <span class='ocrx_word' id='word_1_113' title='bbox 631 1085 714 1123; x_wconf 88' lang='lat' dir='ltr'>Ideo</span> <span class='ocrx_word' id='word_1_114' title='bbox 741 1086 837 1134; x_wconf 86' lang='lat' dir='ltr'>veni,</span> <span class='ocrx_word' id='word_1_115' title='bbox 868 1094 902 1123; x_wconf 86' lang='lat' dir='ltr'>et</span> <span class='ocrx_word' id='word_1_116' title='bbox 936 1085 1070 1135; x_wconf 81' lang='lat' dir='ltr'>gaudeo</span> <span class='ocrx_word' id='word_1_117' title='bbox 1097 1084 1140 1122; x_wconf 87' lang='lat' dir='ltr'>de</span> <span class='ocrx_word' id='word_1_118' title='bbox 1174 1094 1270 1122; x_wconf 88' lang='lat' dir='ltr'>tanto</span> 
     </span>
     <span class='ocr_line' id='line_1_16' title="bbox 286 1145 1270 1197; baseline 0.001 -14"><span class='ocrx_word' id='word_1_119' title='bbox 286 1160 404 1184; x_wconf 89' lang='lat' dir='ltr'>rerum</span> <span class='ocrx_word' id='word_1_120' title='bbox 431 1146 479 1183; x_wconf 86' lang='lat' dir='ltr'>ad</span> <span class='ocrx_word' id='word_1_121' title='bbox 503 1146 684 1183; x_wconf 85' lang='lat' dir='ltr'>Christum</span> <span class='ocrx_word' id='word_1_122' title='bbox 709 1145 960 1197; x_wconf 85' lang='lat' dir='ltr'>pertinentium</span> <span class='ocrx_word' id='word_1_123' title='bbox 982 1145 1217 1193; x_wconf 84' lang='lat' dir='ltr'>incremento,</span> <span class='ocrx_word' id='word_1_124' title='bbox 1237 1155 1270 1184; x_wconf 89' lang='lat' dir='ltr'>et</span> 
     </span>
     <span class='ocr_line' id='line_1_17' title="bbox 286 1205 1269 1257; baseline 0.001 -14"><span class='ocrx_word' id='word_1_125' title='bbox 286 1207 383 1257; x_wconf 90' lang='lat' dir='ltr'>quod</span> <span class='ocrx_word' id='word_1_126' title='bbox 401 1222 439 1244; x_wconf 87' lang='lat' dir='ltr'>ea</span> <span class='ocrx_word' id='word_1_127' title='bbox 454 1207 647 1257; x_wconf 77' lang='lat' dir='ltr'>evenerint,</span> <span class='ocrx_word' id='word_1_128' title='bbox 667 1219 818 1256; x_wconf 89' lang='lat' dir='ltr'>quorum</span> <span class='ocrx_word' id='word_1_129' title='bbox 845 1205 956 1256; x_wconf 83' lang='lat' dir='ltr'>gratia</span> <span class='ocrx_word' id='word_1_130' title='bbox 983 1214 1099 1242; x_wconf 85' lang='lat' dir='ltr'>nostra</span> <span class='ocrx_word' id='word_1_131' title='bbox 1120 1219 1269 1256; x_wconf 86' lang='lat' dir='ltr'>praeces-</span> 
     </span>
     <span class='ocr_line' id='line_1_18' title="bbox 285 1265 1269 1318; baseline 0.001 -14"><span class='ocrx_word' id='word_1_132' title='bbox 285 1276 413 1304; x_wconf 85' lang='lat' dir='ltr'>serunt.</span> <span class='ocrx_word' id='word_1_133' title='bbox 451 1266 582 1306; x_wconf 89' lang='lat' dir='ltr'>Viden⁷</span> <span class='ocrx_word' id='word_1_134' title='bbox 617 1280 725 1316; x_wconf 84' lang='lat' dir='ltr'>quam</span> <span class='ocrx_word' id='word_1_135' title='bbox 756 1265 915 1317; x_wconf 87' lang='lat' dir='ltr'>placide,</span> <span class='ocrx_word' id='word_1_136' title='bbox 957 1279 1063 1316; x_wconf 83' lang='lat' dir='ltr'>quam</span> <span class='ocrx_word' id='word_1_137' title='bbox 1094 1265 1269 1318; x_wconf 79' lang='lat' dir='ltr'>sapienter</span> 
     </span>
     <span class='ocr_line' id='line_1_19' title="bbox 282 1326 1266 1378; baseline 0.001 -14"><span class='ocrx_word' id='word_1_138' title='bbox 282 1328 429 1366; x_wconf 89' lang='lat' dir='ltr'>illorum</span> <span class='ocrx_word' id='word_1_139' title='bbox 466 1327 566 1365; x_wconf 83' lang='lat' dir='ltr'>ulcus</span> <span class='ocrx_word' id='word_1_140' title='bbox 601 1326 809 1376; x_wconf 88' lang='lat' dir='ltr'>emollierit,</span> <span class='ocrx_word' id='word_1_141' title='bbox 847 1326 997 1366; x_wconf 86' lang='lat' dir='ltr'>livorem</span> <span class='ocrx_word' id='word_1_142' title='bbox 1033 1327 1266 1378; x_wconf 79' lang='lat' dir='ltr'>exstinxerit,</span> 
     </span>
     <span class='ocr_line' id='line_1_20' title="bbox 281 1387 1268 1441; baseline 0 -14"><span class='ocrx_word' id='word_1_143' title='bbox 281 1389 447 1441; x_wconf 86' lang='lat' dir='ltr'>ipsosque</span> <span class='ocrx_word' id='word_1_144' title='bbox 460 1387 693 1440; x_wconf 86' lang='lat' dir='ltr'>impossibilia</span> <span class='ocrx_word' id='word_1_145' title='bbox 708 1387 853 1439; x_wconf 76' lang='lat' dir='ltr'>aggredi</span> <span class='ocrx_word' id='word_1_146' title='bbox 867 1387 1186 1427; x_wconf 75' lang='lat' dir='ltr'>demonstraverit?</span> <span class='ocrx_word' id='word_1_147' title='bbox 1199 1403 1268 1440; x_wconf 82' lang='lat' dir='ltr'>qua</span> 
     </span>
     <span class='ocr_line' id='line_1_21' title="bbox 281 1448 1268 1502; baseline 0.001 -15"><span class='ocrx_word' id='word_1_148' title='bbox 281 1465 318 1487; x_wconf 87' lang='lat' dir='ltr'>re</span> <span class='ocrx_word' id='word_1_149' title='bbox 344 1450 499 1488; x_wconf 80' lang='lat' dir='ltr'>maxime</span> <span class='ocrx_word' id='word_1_150' title='bbox 515 1449 600 1487; x_wconf 85' lang='lat' dir='ltr'>solet</span> <span class='ocrx_word' id='word_1_151' title='bbox 630 1449 785 1500; x_wconf 79' lang='lat' dir='ltr'>nequitia</span> <span class='ocrx_word' id='word_1_152' title='bbox 809 1449 936 1487; x_wconf 79' lang='lat' dir='ltr'>sedari.</span> <span class='ocrx_word' id='word_1_153' title='bbox 966 1448 1121 1500; x_wconf 87' lang='lat' dir='ltr'>Ideoque</span> <span class='ocrx_word' id='word_1_154' title='bbox 1148 1451 1268 1502; x_wconf 87' lang='lat' dir='ltr'>provi-</span> 
     </span>
     <span class='ocr_line' id='line_1_22' title="bbox 281 1509 1267 1562; baseline 0.001 -14"><span class='ocrx_word' id='word_1_155' title='bbox 281 1525 359 1548; x_wconf 88' lang='lat' dir='ltr'>sum</span> <span class='ocrx_word' id='word_1_156' title='bbox 378 1519 450 1559; x_wconf 85' lang='lat' dir='ltr'>est,</span> <span class='ocrx_word' id='word_1_157' title='bbox 472 1520 511 1547; x_wconf 88' lang='lat' dir='ltr'>ut</span> <span class='ocrx_word' id='word_1_158' title='bbox 529 1510 592 1548; x_wconf 84' lang='lat' dir='ltr'>illo</span> <span class='ocrx_word' id='word_1_159' title='bbox 620 1509 738 1548; x_wconf 86' lang='lat' dir='ltr'>adhue</span> <span class='ocrx_word' id='word_1_160' title='bbox 763 1512 906 1549; x_wconf 83' lang='lat' dir='ltr'>vivente</span> <span class='ocrx_word' id='word_1_161' title='bbox 925 1519 957 1548; x_wconf 87' lang='lat' dir='ltr'>et</span> <span class='ocrx_word' id='word_1_162' title='bbox 976 1510 1175 1562; x_wconf 82' lang='lat' dir='ltr'>baptizante</span> <span class='ocrx_word' id='word_1_163' title='bbox 1192 1512 1267 1549; x_wconf 80' lang='lat' dir='ltr'>haee</span> 
     </span>
     <span class='ocr_line' id='line_1_23' title="bbox 279 1571 1266 1622; baseline 0.002 -13"><span class='ocrx_word' id='word_1_164' title='bbox 279 1572 422 1621; x_wconf 86' lang='lat' dir='ltr'>fierent,</span> <span class='ocrx_word' id='word_1_165' title='bbox 446 1581 483 1609; x_wconf 92' lang='lat' dir='ltr'>ut</span> <span class='ocrx_word' id='word_1_166' title='bbox 507 1572 610 1608; x_wconf 87' lang='lat' dir='ltr'>illum</span> <span class='ocrx_word' id='word_1_167' title='bbox 640 1581 743 1609; x_wconf 85' lang='lat' dir='ltr'>tantae</span> <span class='ocrx_word' id='word_1_168' title='bbox 771 1571 1028 1622; x_wconf 77' lang='lat' dir='ltr'>magnitudinis</span> <span class='ocrx_word' id='word_1_169' title='bbox 1058 1581 1181 1611; x_wconf 78' lang='lat' dir='ltr'>testem</span> <span class='ocrx_word' id='word_1_170' title='bbox 1207 1574 1266 1611; x_wconf 90' lang='lat' dir='ltr'>ha-</span> 
     </span>
     <span class='ocr_line' id='line_1_24' title="bbox 278 1632 1265 1688; baseline 0.002 -17"><span class='ocrx_word' id='word_1_171' title='bbox 278 1634 420 1683; x_wconf 84' lang='lat' dir='ltr'>berent,</span> <span class='ocrx_word' id='word_1_172' title='bbox 441 1642 474 1670; x_wconf 88' lang='lat' dir='ltr'>et</span> <span class='ocrx_word' id='word_1_173' title='bbox 495 1633 630 1670; x_wconf 88' lang='lat' dir='ltr'>nullam</span> <span class='ocrx_word' id='word_1_174' title='bbox 646 1633 927 1679; x_wconf 77' lang='lat' dir='ltr'>excusationem,</span> <span class='ocrx_word' id='word_1_175' title='bbox 951 1632 979 1670; x_wconf 92' lang='lat' dir='ltr'>si</span> <span class='ocrx_word' id='word_1_176' title='bbox 1000 1647 1069 1671; x_wconf 88' lang='lat' dir='ltr'>non</span> <span class='ocrx_word' id='word_1_177' title='bbox 1088 1635 1265 1688; x_wconf 87' lang='lat' dir='ltr'>obtempe-</span> 
     </span>
     <span class='ocr_line' id='line_1_25' title="bbox 278 1693 1262 1745; baseline 0.002 -14"><span class='ocrx_word' id='word_1_178' title='bbox 278 1703 408 1732; x_wconf 89' lang='lat' dir='ltr'>rarent.</span> <span class='ocrx_word' id='word_1_179' title='bbox 432 1694 554 1744; x_wconf 87' lang='lat' dir='ltr'>Neque</span> <span class='ocrx_word' id='word_1_180' title='bbox 576 1693 671 1730; x_wconf 88' lang='lat' dir='ltr'>enim</span> <span class='ocrx_word' id='word_1_181' title='bbox 691 1707 710 1730; x_wconf 84' lang='lat' dir='ltr'>a</span> <span class='ocrx_word' id='word_1_182' title='bbox 730 1693 842 1745; x_wconf 87' lang='lat' dir='ltr'>seipso</span> <span class='ocrx_word' id='word_1_183' title='bbox 861 1693 907 1731; x_wconf 86' lang='lat' dir='ltr'>ad</span> <span class='ocrx_word' id='word_1_184' title='bbox 926 1693 963 1730; x_wconf 89' lang='lat' dir='ltr'>id</span> <span class='ocrx_word' id='word_1_185' title='bbox 983 1693 1173 1733; x_wconf 84' lang='lat' dir='ltr'>dicendum</span> <span class='ocrx_word' id='word_1_186' title='bbox 1189 1697 1262 1734; x_wconf 89' lang='lat' dir='ltr'>im—</span> 
     </span>
     <span class='ocr_line' id='line_1_26' title="bbox 280 1753 1264 1807; baseline 0.002 -15"><span class='ocrx_word' id='word_1_187' title='bbox 280 1755 405 1806; x_wconf 88' lang='lat' dir='ltr'>pulsus</span> <span class='ocrx_word' id='word_1_188' title='bbox 420 1764 488 1804; x_wconf 90' lang='lat' dir='ltr'>est,</span> <span class='ocrx_word' id='word_1_189' title='bbox 506 1768 576 1792; x_wconf 90' lang='lat' dir='ltr'>non</span> <span class='ocrx_word' id='word_1_190' title='bbox 591 1754 670 1791; x_wconf 84' lang='lat' dir='ltr'>aliis</span> <span class='ocrx_word' id='word_1_191' title='bbox 685 1753 945 1792; x_wconf 79' lang='lat' dir='ltr'>sciscitantibus</span> <span class='ocrx_word' id='word_1_192' title='bbox 959 1755 1046 1807; x_wconf 87' lang='lat' dir='ltr'>(ipsi</span> <span class='ocrx_word' id='word_1_193' title='bbox 1061 1756 1154 1793; x_wconf 89' lang='lat' dir='ltr'>enim</span> <span class='ocrx_word' id='word_1_194' title='bbox 1167 1757 1264 1794; x_wconf 86' lang='lat' dir='ltr'>audi—</span> 
     </span>
     <span class='ocr_line' id='line_1_27' title="bbox 282 1815 1265 1867; baseline 0.002 -14"><span class='ocrx_word' id='word_1_195' title='bbox 282 1825 374 1853; x_wconf 82' lang='lat' dir='ltr'>tores</span> <span class='ocrx_word' id='word_1_196' title='bbox 387 1830 468 1853; x_wconf 90' lang='lat' dir='ltr'>eum</span> <span class='ocrx_word' id='word_1_197' title='bbox 486 1815 769 1865; x_wconf 79' lang='lat' dir='ltr'>interrogabant)</span> <span class='ocrx_word' id='word_1_198' title='bbox 793 1830 800 1850; x_wconf 91' lang='lat'>:</span> <span class='ocrx_word' id='word_1_199' title='bbox 818 1829 928 1866; x_wconf 88' lang='lat' dir='ltr'>neque</span> <span class='ocrx_word' id='word_1_200' title='bbox 947 1829 991 1853; x_wconf 85' lang='lat' dir='ltr'>ex</span> <span class='ocrx_word' id='word_1_201' title='bbox 1004 1830 1040 1854; x_wconf 90' lang='lat' dir='ltr'>se</span> <span class='ocrx_word' id='word_1_202' title='bbox 1050 1817 1206 1867; x_wconf 87' lang='lat' dir='ltr'>loquenti</span> <span class='ocrx_word' id='word_1_203' title='bbox 1217 1818 1265 1855; x_wconf 81' lang='lat' dir='ltr'>ita</span> 
     </span>
     <span class='ocr_line' id='line_1_28' title="bbox 285 1875 1266 1927; baseline 0.002 -13"><span class='ocrx_word' id='word_1_204' title='bbox 285 1876 530 1926; x_wconf 79' lang='lat' dir='ltr'>credidissent,</span> <span class='ocrx_word' id='word_1_205' title='bbox 548 1884 587 1913; x_wconf 87' lang='lat' dir='ltr'>ut</span> <span class='ocrx_word' id='word_1_206' title='bbox 606 1875 691 1927; x_wconf 84' lang='lat' dir='ltr'>ipsis</span> <span class='ocrx_word' id='word_1_207' title='bbox 714 1875 1000 1926; x_wconf 83' lang='lat' dir='ltr'>percontantibus</span> <span class='ocrx_word' id='word_1_208' title='bbox 1026 1890 1062 1914; x_wconf 87' lang='lat' dir='ltr'>se</span> <span class='ocrx_word' id='word_1_209' title='bbox 1081 1878 1266 1916; x_wconf 82' lang='lat' dir='ltr'>confutan—</span> 
     </span>
     <span class='ocr_line' id='line_1_29' title="bbox 283 1937 1266 1991; baseline 0.001 -15"><span class='ocrx_word' id='word_1_210' title='bbox 283 1948 353 1976; x_wconf 88' lang='lat' dir='ltr'>tem</span> <span class='ocrx_word' id='word_1_211' title='bbox 371 1937 613 1991; x_wconf 87' lang='lat' dir='ltr'>respondentis</span> <span class='ocrx_word' id='word_1_212' title='bbox 625 1937 830 1974; x_wconf 80' lang='lat' dir='ltr'>sententiam</span> <span class='ocrx_word' id='word_1_213' title='bbox 850 1946 1061 1989; x_wconf 76' lang='lat' dir='ltr'>exceperunt</span> <span class='ocrx_word' id='word_1_214' title='bbox 1068 1954 1079 1987; x_wconf 78' lang='lat'>3</span> <span class='ocrx_word' id='word_1_215' title='bbox 1099 1939 1266 1989; x_wconf 89' lang='lat' dir='ltr'>quemad-</span> 
     </span>
     <span class='ocr_line' id='line_1_30' title="bbox 284 1999 1317 2050; baseline 0.003 -12"><span class='ocrx_word' id='word_1_216' title='bbox 284 2001 429 2039; x_wconf 87' lang='lat' dir='ltr'>modum</span> <span class='ocrx_word' id='word_1_217' title='bbox 455 2009 488 2038; x_wconf 88' lang='lat' dir='ltr'>et</span> <span class='ocrx_word' id='word_1_218' title='bbox 510 1999 640 2050; x_wconf 75' lang='lat' dir='ltr'>Judaei,</span> <span class='ocrx_word' id='word_1_219' title='bbox 663 1999 818 2037; x_wconf 76' lang='lat' dir='ltr'>maxime</span> <span class='ocrx_word' id='word_1_220' title='bbox 839 1999 885 2037; x_wconf 87' lang='lat' dir='ltr'>ob</span> <span class='ocrx_word' id='word_1_221' title='bbox 907 2000 957 2047; x_wconf 86' lang='lat' dir='ltr'>id,</span> <span class='ocrx_word' id='word_1_222' title='bbox 980 1999 1076 2050; x_wconf 88' lang='lat' dir='ltr'>quod</span> <span class='ocrx_word' id='word_1_223' title='bbox 1097 2000 1143 2038; x_wconf 83' lang='lat' dir='ltr'>ad</span> <span class='ocrx_word' id='word_1_224' title='bbox 1162 2001 1265 2040; x_wconf 89' lang='lat' dir='ltr'>illum</span> <span class='ocrx_word' id='word_1_225' title='bbox 1293 2014 1317 2042; x_wconf 82' lang='grc' dir='ltr'>Α</span> 
     </span>
     <span class='ocr_line' id='line_1_31' title="bbox 285 2060 1266 2112; baseline 0.001 -13"><span class='ocrx_word' id='word_1_226' title='bbox 285 2063 474 2110; x_wconf 84' lang='lat' dir='ltr'>miseruut,</span> <span class='ocrx_word' id='word_1_227' title='bbox 514 2062 714 2111; x_wconf 86' lang='lat' dir='ltr'>talibusque</span> <span class='ocrx_word' id='word_1_228' title='bbox 748 2060 878 2098; x_wconf 84' lang='lat' dir='ltr'>auditis</span> <span class='ocrx_word' id='word_1_229' title='bbox 915 2074 982 2097; x_wconf 79' lang='lat' dir='ltr'>non</span> <span class='ocrx_word' id='word_1_230' title='bbox 1021 2061 1266 2112; x_wconf 81' lang='lat' dir='ltr'>crediderunt,</span> 
     </span>
    </p>

    <p class='ocr_par' dir='ltr' id='par_1_2' title="bbox 285 2120 1268 2175">
     <span class='ocr_line' id='line_1_32' title="bbox 285 2120 1268 2175; baseline 0.001 -14"><span class='ocrx_word' id='word_1_231' title='bbox 285 2138 425 2161; x_wconf 84' lang='lat' dir='ltr'>omnem</span> <span class='ocrx_word' id='word_1_232' title='bbox 457 2123 525 2161; x_wconf 84' lang='lat' dir='ltr'>sibi</span> <span class='ocrx_word' id='word_1_233' title='bbox 563 2121 703 2160; x_wconf 66' lang='lat' dir='ltr'>veniam</span> <span class='ocrx_word' id='word_1_234' title='bbox 741 2120 987 2174; x_wconf 57' lang='lat' dir='ltr'>praeciderunt.</span> <span class='ocrx_word' id='word_1_235' title='bbox 1026 2122 1123 2168; x_wconf 82' lang='lat' dir='ltr'>Quid</span> <span class='ocrx_word' id='word_1_236' title='bbox 1158 2124 1268 2175; x_wconf 84' lang='lat' dir='ltr'>igitur</span> 
     </span>
    </p>
   </div>
   <div class='ocr_carea' id='block_1_2' title="bbox 767 213 1302 243">
    <p class='ocr_par' dir='ltr' id='par_1_3' title="bbox 767 213 1302 243">
     <span class='ocr_line' id='line_1_33' title="bbox 767 213 1302 243; baseline 0 0"><span class='ocrx_word' id='word_1_237' title='bbox 767 213 786 242; x_wconf 86' lang='lat' dir='ltr'>S</span> <span class='ocrx_word' id='word_1_238' title='bbox 796 233 805 242; x_wconf 87' lang='grc'><strong>.</strong></span> <span class='ocrx_word' id='word_1_239' title='bbox 842 214 1019 243; x_wconf 70' lang='lat' dir='ltr'>JOANNIS</span> <span class='ocrx_word' id='word_1_240' title='bbox 1055 213 1302 243; x_wconf 77' lang='lat' dir='ltr'>CHRYSOST.</span> 
     </span>
    </p>
   </div>
   <div class='ocr_carea' id='block_1_3' title="bbox 88 2182 1269 2300">
    <p class='ocr_par' dir='ltr' id='par_1_4' title="bbox 88 2182 1269 2300">
     <span class='ocr_line' id='line_1_34' title="bbox 184 2182 1269 2223; baseline 0.001 -1"><span class='ocrx_word' id='word_1_241' title='bbox 184 2191 274 2218; x_wconf 52' lang='lat' dir='ltr'>Vanae</span> <span class='ocrx_word' id='word_1_242' title='bbox 287 2185 370 2222; x_wconf 87' lang='lat' dir='ltr'>hine</span> <span class='ocrx_word' id='word_1_243' title='bbox 400 2183 594 2222; x_wconf 72' lang='lat' dir='ltr'>docemur?</span> <span class='ocrx_word' id='word_1_244' title='bbox 623 2182 794 2219; x_wconf 84' lang='lat' dir='ltr'>Omnium</span> <span class='ocrx_word' id='word_1_245' title='bbox 822 2182 998 2220; x_wconf 85' lang='lat' dir='ltr'>malorum</span> <span class='ocrx_word' id='word_1_246' title='bbox 1028 2197 1170 2222; x_wconf 80' lang='lat' dir='ltr'>eausam</span> <span class='ocrx_word' id='word_1_247' title='bbox 1197 2199 1269 2223; x_wconf 84' lang='lat' dir='ltr'>esse</span> 
     </span>
     <span class='ocr_line' id='line_1_35' title="bbox 88 2233 275 2270; baseline -0.011 -11"><span class='ocrx_word' id='word_1_248' title='bbox 88 2234 182 2270; x_wconf 56' lang='lat' dir='ltr'>gloriae</span> <span class='ocrx_word' id='word_1_249' title='bbox 226 2233 275 2258; x_wconf 63' lang='lat' dir='ltr'>da&lt;</span> 
     </span>
     <span class='ocr_line' id='line_1_36' title="bbox 88 2284 164 2300; baseline 0 0"><span class='ocrx_word' id='word_1_250' title='bbox 88 2284 164 2300; x_wconf 73' lang='lat' dir='ltr'>mna.</span> 
     </span>
    </p>
   </div>
   <div class='ocr_carea' id='block_1_4' title="bbox 288 2242 1269 2354">
    <p class='ocr_par' dir='ltr' id='par_1_5' title="bbox 288 2242 1269 2354">
     <span class='ocr_line' id='line_1_37' title="bbox 288 2242 1269 2298; baseline -0.001 -14"><span class='ocrx_word' id='word_1_251' title='bbox 288 2260 417 2285; x_wconf 84' lang='lat' dir='ltr'>vanam</span> <span class='ocrx_word' id='word_1_252' title='bbox 439 2245 599 2297; x_wconf 78' lang='lat' dir='ltr'>gloriam.</span> <span class='ocrx_word' id='word_1_253' title='bbox 622 2243 689 2280; x_wconf 80' lang='lat' dir='ltr'>Illa</span> <span class='ocrx_word' id='word_1_254' title='bbox 711 2242 804 2280; x_wconf 88' lang='lat' dir='ltr'>enim</span> <span class='ocrx_word' id='word_1_255' title='bbox 820 2243 915 2294; x_wconf 86' lang='lat' dir='ltr'>ipsos</span> <span class='ocrx_word' id='word_1_256' title='bbox 934 2244 969 2281; x_wconf 90' lang='lat' dir='ltr'>in</span> <span class='ocrx_word' id='word_1_257' title='bbox 985 2244 1133 2282; x_wconf 83' lang='lat' dir='ltr'>livorem</span> <span class='ocrx_word' id='word_1_258' title='bbox 1153 2247 1269 2298; x_wconf 84' lang='lat' dir='ltr'>conje-</span> 
     </span>
     <span class='ocr_line' id='line_1_38' title="bbox 289 2305 1268 2354; baseline -0.001 -7"><span class='ocrx_word' id='word_1_259' title='bbox 289 2310 335 2347; x_wconf 90' lang='lat' dir='ltr'>cit</span> <span class='ocrx_word' id='word_1_260' title='bbox 353 2325 359 2345; x_wconf 89' lang='lat'><strong>:</strong></span> <span class='ocrx_word' id='word_1_261' title='bbox 376 2309 452 2346; x_wconf 89' lang='lat' dir='ltr'>haec</span> <span class='ocrx_word' id='word_1_262' title='bbox 471 2307 551 2344; x_wconf 88' lang='lat' dir='ltr'>illos</span> <span class='ocrx_word' id='word_1_263' title='bbox 567 2305 774 2354; x_wconf 74' lang='lat' dir='ltr'>concitavit,</span> <span class='ocrx_word' id='word_1_264' title='bbox 793 2313 831 2341; x_wconf 86' lang='lat' dir='ltr'>ut</span> <span class='ocrx_word' id='word_1_265' title='bbox 854 2306 976 2344; x_wconf 78' lang='lat' dir='ltr'>Jesum</span> <span class='ocrx_word' id='word_1_266' title='bbox 1004 2305 1141 2344; x_wconf 81' lang='lat' dir='ltr'>adirent</span> <span class='ocrx_word' id='word_1_267' title='bbox 1156 2322 1196 2345; x_wconf 87' lang='lat' dir='ltr'>ac</span> <span class='ocrx_word' id='word_1_268' title='bbox 1213 2308 1268 2346; x_wconf 89' lang='lat' dir='ltr'>di-</span> 
     </span>
    </p>
   </div>
   <div class='ocr_carea' id='block_1_5' title="bbox 90 2367 1269 2419">
    <p class='ocr_par' dir='ltr' id='par_1_6' title="bbox 90 2367 1269 2419">
     <span class='ocr_line' id='line_1_39' title="bbox 90 2367 1269 2419; baseline 0.003 -15"><span class='ocrx_word' id='word_1_269' title='bbox 90 2378 202 2405; x_wconf 68' lang='lat' dir='ltr'>Maah.</span> <span class='ocrx_word' id='word_1_270' title='bbox 244 2388 272 2416; x_wconf 85' lang='lat'>9.</span> <span class='ocrx_word' id='word_1_271' title='bbox 288 2378 402 2408; x_wconf 87' lang='lat' dir='ltr'>ccrent</span> <span class='ocrx_word' id='word_1_272' title='bbox 424 2385 430 2405; x_wconf 72' lang='grc' dir='ltr'>ε</span> <span class='ocrx_word' id='word_1_273' title='bbox 456 2370 583 2419; x_wconf 80' lang='lat' dir='ltr'>Quare</span> <span class='ocrx_word' id='word_1_274' title='bbox 606 2367 785 2417; x_wconf 79' lang='lat' dir='ltr'>discipuli</span> <span class='ocrx_word' id='word_1_275' title='bbox 803 2369 858 2404; x_wconf 79' lang='lat' dir='ltr'>tui</span> <span class='ocrx_word' id='word_1_276' title='bbox 878 2379 954 2402; x_wconf 77' lang='lat' dir='ltr'>non</span> <span class='ocrx_word' id='word_1_277' title='bbox 966 2369 1174 2419; x_wconf 75' lang='lat' dir='ltr'>jejunant?</span> <span class='ocrx_word' id='word_1_278' title='bbox 1194 2369 1269 2407; x_wconf 91' lang='lat' dir='ltr'>Hoe</span> 
     </span>
    </p>
   </div>
   <div class='ocr_carea' id='block_1_6' title="bbox 287 2425 1271 2968">
    <p class='ocr_par' dir='ltr' id='par_1_7' title="bbox 287 2425 1271 2968">
     <span class='ocr_line' id='line_1_40' title="bbox 288 2425 1267 2483; baseline 0.003 -18"><span class='ocrx_word' id='word_1_279' title='bbox 288 2445 370 2483; x_wconf 75' lang='lat' dir='ltr'>crgo</span> <span class='ocrx_word' id='word_1_280' title='bbox 386 2430 536 2477; x_wconf 86' lang='lat' dir='ltr'>vitium,</span> <span class='ocrx_word' id='word_1_281' title='bbox 557 2427 697 2477; x_wconf 87' lang='lat' dir='ltr'>dilecti,</span> <span class='ocrx_word' id='word_1_282' title='bbox 718 2425 908 2478; x_wconf 81' lang='lat' dir='ltr'>fugiamus.</span> <span class='ocrx_word' id='word_1_283' title='bbox 930 2427 968 2464; x_wconf 85' lang='lat' dir='ltr'>Si</span> <span class='ocrx_word' id='word_1_284' title='bbox 987 2427 1054 2465; x_wconf 89' lang='lat' dir='ltr'>hoe</span> <span class='ocrx_word' id='word_1_285' title='bbox 1074 2429 1267 2479; x_wconf 82' lang='lat' dir='ltr'>fugiamus,</span> 
     </span>
     <span class='ocr_line' id='line_1_41' title="bbox 288 2487 1270 2543; baseline -0.001 -14"><span class='ocrx_word' id='word_1_286' title='bbox 288 2510 306 2531; x_wconf 78' lang='lat' dir='ltr'>a</span> <span class='ocrx_word' id='word_1_287' title='bbox 338 2491 493 2543; x_wconf 80' lang='lat' dir='ltr'>gehenna</span> <span class='ocrx_word' id='word_1_288' title='bbox 531 2487 774 2527; x_wconf 80' lang='lat' dir='ltr'>liberabimur.</span> <span class='ocrx_word' id='word_1_289' title='bbox 804 2487 881 2524; x_wconf 82' lang='lat' dir='ltr'>Hoc</span> <span class='ocrx_word' id='word_1_290' title='bbox 915 2487 1007 2525; x_wconf 91' lang='lat' dir='ltr'>enim</span> <span class='ocrx_word' id='word_1_291' title='bbox 1040 2489 1088 2526; x_wconf 91' lang='lat' dir='ltr'>eis</span> <span class='ocrx_word' id='word_1_292' title='bbox 1116 2491 1270 2528; x_wconf 83' lang='lat' dir='ltr'>maxime</span> 
     </span>
     <span class='ocr_line' id='line_1_42' title="bbox 287 2547 1271 2604; baseline -0.001 -13"><span class='ocrx_word' id='word_1_293' title='bbox 287 2554 404 2604; x_wconf 84' lang='lat' dir='ltr'>ignem</span> <span class='ocrx_word' id='word_1_294' title='bbox 437 2549 587 2588; x_wconf 83' lang='lat' dir='ltr'>incendit</span> <span class='ocrx_word' id='word_1_295' title='bbox 613 2548 705 2586; x_wconf 85' lang='lat' dir='ltr'>:hoe</span> <span class='ocrx_word' id='word_1_296' title='bbox 736 2547 867 2598; x_wconf 86' lang='lat' dir='ltr'>ubique</span> <span class='ocrx_word' id='word_1_297' title='bbox 890 2547 1110 2587; x_wconf 85' lang='lat' dir='ltr'>dominatum</span> <span class='ocrx_word' id='word_1_298' title='bbox 1133 2562 1271 2590; x_wconf 82' lang='lat' dir='ltr'>exercet</span> 
     </span>
     <span class='ocr_line' id='line_1_43' title="bbox 287 2606 1270 2662; baseline 0 -14"><span class='ocrx_word' id='word_1_299' title='bbox 287 2625 411 2658; x_wconf 86' lang='lat' dir='ltr'>suum,</span> <span class='ocrx_word' id='word_1_300' title='bbox 429 2619 531 2659; x_wconf 83' lang='lat' dir='ltr'>atque</span> <span class='ocrx_word' id='word_1_301' title='bbox 554 2617 689 2645; x_wconf 67' lang='lat' dir='ltr'>{etatem</span> <span class='ocrx_word' id='word_1_302' title='bbox 710 2615 742 2644; x_wconf 78' lang='lat' dir='ltr'>et</span> <span class='ocrx_word' id='word_1_303' title='bbox 762 2606 972 2658; x_wconf 83' lang='lat' dir='ltr'>(lignitatem</span> <span class='ocrx_word' id='word_1_304' title='bbox 992 2622 1132 2647; x_wconf 88' lang='lat' dir='ltr'>omnem</span> <span class='ocrx_word' id='word_1_305' title='bbox 1148 2618 1270 2662; x_wconf 81' lang='lat' dir='ltr'>tyran-</span> 
     </span>
     <span class='ocr_line' id='line_1_44' title="bbox 287 2668 1271 2722; baseline 0 -12"><span class='ocrx_word' id='word_1_306' title='bbox 287 2673 365 2710; x_wconf 91' lang='lat' dir='ltr'>nice</span> <span class='ocrx_word' id='word_1_307' title='bbox 380 2679 527 2722; x_wconf 78' lang='lat' dir='ltr'>occupat</span> <span class='ocrx_word' id='word_1_308' title='bbox 551 2686 557 2706; x_wconf 92' lang='lat'>:</span> <span class='ocrx_word' id='word_1_309' title='bbox 575 2669 642 2707; x_wconf 85' lang='lat' dir='ltr'>hoe</span> <span class='ocrx_word' id='word_1_310' title='bbox 662 2668 837 2707; x_wconf 87' lang='lat' dir='ltr'>Ecclesias</span> <span class='ocrx_word' id='word_1_311' title='bbox 862 2669 1055 2720; x_wconf 83' lang='lat' dir='ltr'>subvertit,</span> <span class='ocrx_word' id='word_1_312' title='bbox 1073 2685 1126 2709; x_wconf 90' lang='lat' dir='ltr'>res</span> <span class='ocrx_word' id='word_1_313' title='bbox 1147 2672 1271 2711; x_wconf 84' lang='lat' dir='ltr'>civiles</span> 
     </span>
     <span class='ocr_line' id='line_1_45' title="bbox 287 2730 1268 2785; baseline -0.001 -13"><span class='ocrx_word' id='word_1_314' title='bbox 287 2734 493 2779; x_wconf 76' lang='lat' dir='ltr'>labefactat,</span> <span class='ocrx_word' id='word_1_315' title='bbox 507 2731 629 2769; x_wconf 86' lang='lat' dir='ltr'>domos</span> <span class='ocrx_word' id='word_1_316' title='bbox 643 2730 783 2780; x_wconf 76' lang='lat' dir='ltr'>evertit,</span> <span class='ocrx_word' id='word_1_317' title='bbox 800 2730 980 2781; x_wconf 85' lang='lat' dir='ltr'>civitates,</span> <span class='ocrx_word' id='word_1_318' title='bbox 999 2732 1150 2784; x_wconf 86' lang='lat' dir='ltr'>populos</span> <span class='ocrx_word' id='word_1_319' title='bbox 1163 2763 1173 2783; x_wconf 84' lang='lat'>,</span> <span class='ocrx_word' id='word_1_320' title='bbox 1187 2747 1268 2785; x_wconf 86' lang='lat' dir='ltr'>gen-</span> 
     </span>
     <span class='ocr_line' id='line_1_46' title="bbox 289 2792 1265 2847; baseline 0 -14"><span class='ocrx_word' id='word_1_321' title='bbox 289 2805 349 2834; x_wconf 88' lang='lat' dir='ltr'>tes.</span> <span class='ocrx_word' id='word_1_322' title='bbox 378 2793 520 2845; x_wconf 80' lang='lat' dir='ltr'>Ecquid</span> <span class='ocrx_word' id='word_1_323' title='bbox 550 2792 702 2838; x_wconf 86' lang='lat' dir='ltr'>miraris,</span> <span class='ocrx_word' id='word_1_324' title='bbox 730 2792 872 2841; x_wconf 84' lang='lat' dir='ltr'>quando</span> <span class='ocrx_word' id='word_1_325' title='bbox 891 2792 926 2829; x_wconf 90' lang='lat' dir='ltr'>in</span> <span class='ocrx_word' id='word_1_326' title='bbox 943 2792 1123 2831; x_wconf 84' lang='lat' dir='ltr'>desertum</span> <span class='ocrx_word' id='word_1_327' title='bbox 1154 2795 1265 2847; x_wconf 85' lang='lat' dir='ltr'>veuit,</span> 
     </span>
     <span class='ocr_line' id='line_1_47' title="bbox 288 2853 1268 2907; baseline 0.001 -13"><span class='ocrx_word' id='word_1_328' title='bbox 288 2868 522 2907; x_wconf 81' lang='lat' dir='ltr'>magnamquc</span> <span class='ocrx_word' id='word_1_329' title='bbox 537 2853 587 2890; x_wconf 88' lang='lat' dir='ltr'>ibi</span> <span class='ocrx_word' id='word_1_330' title='bbox 603 2861 807 2904; x_wconf 86' lang='lat' dir='ltr'>potestatem</span> <span class='ocrx_word' id='word_1_331' title='bbox 837 2866 939 2890; x_wconf 86' lang='lat' dir='ltr'>suam</span> <span class='ocrx_word' id='word_1_332' title='bbox 958 2854 1151 2893; x_wconf 73' lang='lat' dir='ltr'>exhibuit?</span> <span class='ocrx_word' id='word_1_333' title='bbox 1177 2857 1268 2894; x_wconf 81' lang='lat' dir='ltr'>Nam</span> 
     </span>
     <span class='ocr_line' id='line_1_48' title="bbox 287 2912 1269 2968; baseline 0.002 -15"><span class='ocrx_word' id='word_1_334' title='bbox 287 2918 348 2968; x_wconf 90' lang='lat' dir='ltr'>qui</span> <span class='ocrx_word' id='word_1_335' title='bbox 365 2915 504 2955; x_wconf 81' lang='lat' dir='ltr'>divitiis</span> <span class='ocrx_word' id='word_1_336' title='bbox 526 2913 606 2951; x_wconf 75' lang='lat' dir='ltr'>vale</span> <span class='ocrx_word' id='word_1_337' title='bbox 633 2912 815 2962; x_wconf 73' lang='lat' dir='ltr'>dixerant,</span> <span class='ocrx_word' id='word_1_338' title='bbox 833 2913 957 2950; x_wconf 89' lang='lat' dir='ltr'>mundi</span> <span class='ocrx_word' id='word_1_339' title='bbox 976 2914 1107 2953; x_wconf 89' lang='lat' dir='ltr'>fastum</span> <span class='ocrx_word' id='word_1_340' title='bbox 1128 2930 1269 2955; x_wconf 87' lang='lat' dir='ltr'>omnem</span> 
     </span>
    </p>
   </div>
   <div class='ocr_carea' id='block_1_7' title="bbox 285 2974 1267 3030">
    <p class='ocr_par' dir='ltr' id='par_1_8' title="bbox 285 2974 1267 3030">
     <span class='ocr_line' id='line_1_49' title="bbox 285 2974 1267 3030; baseline -0.001 -14"><span class='ocrx_word' id='word_1_341' title='bbox 285 2979 501 3030; x_wconf 84' lang='lat' dir='ltr'>abjecerant,</span> <span class='ocrx_word' id='word_1_342' title='bbox 518 2983 551 3012; x_wconf 89' lang='lat' dir='ltr'>et</span> <span class='ocrx_word' id='word_1_343' title='bbox 566 2974 758 3010; x_wconf 83' lang='lat' dir='ltr'>humanam</span> <span class='ocrx_word' id='word_1_344' title='bbox 780 2974 1090 3026; x_wconf 87' lang='lat' dir='ltr'>consuetudinem,</span> <span class='ocrx_word' id='word_1_345' title='bbox 1112 2977 1171 3027; x_wconf 87' lang='lat' dir='ltr'>qui</span> <span class='ocrx_word' id='word_1_346' title='bbox 1191 2977 1267 3016; x_wconf 88' lang='lat' dir='ltr'>vio-</span> 
     </span>
    </p>
   </div>
   <div class='ocr_carea' id='block_1_8' title="bbox 283 3109 1291 3415">
    <p class='ocr_par' dir='ltr' id='par_1_9' title="bbox 283 3109 1291 3415">
     <span class='ocr_line' id='line_1_50' title="bbox 325 3109 1291 3160; baseline 0.005 -19"><span class='ocrx_word' id='word_1_347' title='bbox 325 3128 337 3141; x_wconf 72' lang='lat' dir='ltr'>e</span> <span class='ocrx_word' id='word_1_348' title='bbox 356 3114 418 3148; x_wconf 82' lang='lat' dir='ltr'>llic</span> <span class='ocrx_word' id='word_1_349' title='bbox 435 3114 531 3156; x_wconf 83' lang='lat' dir='ltr'>longe</span> <span class='ocrx_word' id='word_1_350' title='bbox 547 3111 676 3144; x_wconf 82' lang='lat' dir='ltr'>variant</span> <span class='ocrx_word' id='word_1_351' title='bbox 693 3109 796 3143; x_wconf 77' lang='lat' dir='ltr'>Ediu.</span> <span class='ocrx_word' id='word_1_352' title='bbox 810 3110 926 3143; x_wconf 81' lang='lat' dir='ltr'>Morel.</span> <span class='ocrx_word' id='word_1_353' title='bbox 950 3116 1013 3146; x_wconf 66' lang='grc' dir='ltr'>εἶτα.</span> <span class='ocrx_word' id='word_1_354' title='bbox 1032 3118 1080 3147; x_wconf 70' lang='grc' dir='ltr'>οὐκ</span> <span class='ocrx_word' id='word_1_355' title='bbox 1107 3119 1158 3160; x_wconf 63' lang='grc' dir='ltr'>ἀφ’</span> <span class='ocrx_word' id='word_1_356' title='bbox 1175 3118 1213 3149; x_wconf 70' lang='grc' dir='ltr'>ὧν</span> <span class='ocrx_word' id='word_1_357' title='bbox 1230 3120 1291 3151; x_wconf 68' lang='grc' dir='ltr'>εἶπε</span> 
     </span>
     <span class='ocr_line' id='line_1_51' title="bbox 285 3165 1291 3207; baseline -0.004 -5"><span class='ocrx_word' id='word_1_358' title='bbox 285 3185 336 3206; x_wconf 65' lang='grc' dir='ltr'>την</span> <span class='ocrx_word' id='word_1_359' title='bbox 362 3172 513 3207; x_wconf 66' lang='grc' dir='ltr'>παροῦσαν</span> <span class='ocrx_word' id='word_1_360' title='bbox 532 3168 583 3197; x_wconf 70' lang='grc' dir='ltr'>τοῦ</span> <span class='ocrx_word' id='word_1_361' title='bbox 598 3168 708 3199; x_wconf 76' lang='grc' dir='ltr'>πάθους</span> <span class='ocrx_word' id='word_1_362' title='bbox 731 3165 848 3200; x_wconf 65' lang='grc' dir='ltr'>αὔξησιν</span> <span class='ocrx_word' id='word_1_363' title='bbox 865 3167 1034 3207; x_wconf 71' lang='grc' dir='ltr'>καθαιρῶν,</span> <span class='ocrx_word' id='word_1_364' title='bbox 1059 3169 1139 3199; x_wconf 66' lang='grc' dir='ltr'>ἀλλὰ.</span> <span class='ocrx_word' id='word_1_365' title='bbox 1165 3172 1212 3200; x_wconf 74' lang='grc' dir='ltr'>καὶ</span> <span class='ocrx_word' id='word_1_366' title='bbox 1238 3174 1291 3206; x_wconf 69' lang='grc' dir='ltr'>τὴν</span> 
     </span>
     <span class='ocr_line' id='line_1_52' title="bbox 284 3210 1286 3262; baseline -0.008 -8"><span class='ocrx_word' id='word_1_367' title='bbox 284 3210 450 3262; x_wconf 61' lang='grc' dir='ltr'>μέλλουσαν</span> <span class='ocrx_word' id='word_1_368' title='bbox 471 3221 596 3260; x_wconf 66' lang='grc' dir='ltr'>γίνεσθαι</span> <span class='ocrx_word' id='word_1_369' title='bbox 629 3220 755 3260; x_wconf 56' lang='grc' dir='ltr'>φθάνων,</span> <span class='ocrx_word' id='word_1_370' title='bbox 782 3216 817 3246; x_wconf 74' lang='grc' dir='ltr'>δι7</span> <span class='ocrx_word' id='word_1_371' title='bbox 843 3215 880 3246; x_wconf 75' lang='grc' dir='ltr'>ὧν</span> <span class='ocrx_word' id='word_1_372' title='bbox 907 3218 997 3249; x_wconf 71' lang='grc' dir='ltr'>ὠῦίνει</span> <span class='ocrx_word' id='word_1_373' title='bbox 1027 3222 1125 3256; x_wconf 76' lang='grc' dir='ltr'>εἰπεῖν,</span> <span class='ocrx_word' id='word_1_374' title='bbox 1160 3225 1286 3262; x_wconf 48' lang='grc' dir='ltr'>ἄρχεται</span> 
     </span>
     <span class='ocr_line' id='line_1_53' title="bbox 284 3271 1286 3318; baseline -0.009 -12"><span class='ocrx_word' id='word_1_375' title='bbox 284 3278 351 3318; x_wconf 67' lang='grc' dir='ltr'>περὶ</span> <span class='ocrx_word' id='word_1_376' title='bbox 367 3281 423 3305; x_wconf 71' lang='grc' dir='ltr'>τῶν</span> <span class='ocrx_word' id='word_1_377' title='bbox 436 3274 617 3313; x_wconf 39' lang='lat' dir='ltr'>siaha-arara,</span> <span class='ocrx_word' id='word_1_378' title='bbox 634 3271 681 3300; x_wconf 66' lang='lat' dir='ltr'>mi</span> <span class='ocrx_word' id='word_1_379' title='bbox 700 3272 904 3312; x_wconf 60' lang='lat' dir='ltr'>dnopzlverxc,</span> <span class='ocrx_word' id='word_1_380' title='bbox 925 3272 982 3301; x_wconf 66' lang='grc' dir='ltr'>ἀπὸ</span> <span class='ocrx_word' id='word_1_381' title='bbox 999 3276 1055 3301; x_wconf 82' lang='grc' dir='ltr'>τῶν</span> <span class='ocrx_word' id='word_1_382' title='bbox 1074 3274 1235 3314; x_wconf 64' lang='grc' dir='ltr'>εἰρημένων</span> <span class='ocrx_word' id='word_1_383' title='bbox 1255 3287 1286 3304; x_wconf 75' lang='lat' dir='ltr'>·r-:</span> 
     </span>
     <span class='ocr_line' id='line_1_54' title="bbox 283 3322 1283 3365; baseline -0.002 -8"><span class='ocrx_word' id='word_1_384' title='bbox 283 3330 329 3357; x_wconf 67' lang='grc' dir='ltr'>καὶ</span> <span class='ocrx_word' id='word_1_385' title='bbox 349 3328 544 3365; x_wconf 70' lang='grc' dir='ltr'>γεγενημένων</span> <span class='ocrx_word' id='word_1_386' title='bbox 566 3323 619 3358; x_wconf 66' lang='grc' dir='ltr'>ἤδη</span> <span class='ocrx_word' id='word_1_387' title='bbox 638 3324 683 3352; x_wconf 62' lang='grc' dir='ltr'>καὶ</span> <span class='ocrx_word' id='word_1_388' title='bbox 702 3325 795 3353; x_wconf 68' lang='grc' dir='ltr'>ταῦτα</span> <span class='ocrx_word' id='word_1_389' title='bbox 820 3322 1025 3361; x_wconf 67' lang='grc' dir='ltr'>πιστούμενος,</span> <span class='ocrx_word' id='word_1_390' title='bbox 1046 3324 1134 3354; x_wconf 70' lang='grc' dir='ltr'>οὕτως</span> <span class='ocrx_word' id='word_1_391' title='bbox 1157 3326 1283 3364; x_wconf 64' lang='grc' dir='ltr'>ἐπάγων,</span> 
     </span>
     <span class='ocr_line' id='line_1_55' title="bbox 285 3369 1220 3415; baseline 0 -11"><span class='ocrx_word' id='word_1_392' title='bbox 285 3382 330 3407; x_wconf 52' lang='grc' dir='ltr'>μοι</span> <span class='ocrx_word' id='word_1_393' title='bbox 349 3379 447 3415; x_wconf 60' lang='grc' dir='ltr'>λέγων.</span> <span class='ocrx_word' id='word_1_394' title='bbox 467 3371 565 3407; x_wconf 53' lang='lat' dir='ltr'>Sat-il.</span> <span class='ocrx_word' id='word_1_395' title='bbox 586 3379 617 3403; x_wconf 85' lang='lat' dir='ltr'>et</span> <span class='ocrx_word' id='word_1_396' title='bbox 634 3371 709 3403; x_wconf 78' lang='lat' dir='ltr'>Mss.</span> <span class='ocrx_word' id='word_1_397' title='bbox 730 3369 858 3403; x_wconf 60' lang='lat' dir='ltr'>brevius</span> <span class='ocrx_word' id='word_1_398' title='bbox 875 3378 905 3402; x_wconf 87' lang='lat' dir='ltr'>et</span> <span class='ocrx_word' id='word_1_399' title='bbox 923 3370 1042 3403; x_wconf 79' lang='lat' dir='ltr'>clarius</span> <span class='ocrx_word' id='word_1_400' title='bbox 1061 3380 1095 3403; x_wconf 87' lang='lat' dir='ltr'>ut</span> <span class='ocrx_word' id='word_1_401' title='bbox 1112 3383 1220 3414; x_wconf 82' lang='lat' dir='ltr'>supra.</span> 
     </span>
    </p>
   </div>
   <div class='ocr_carea' id='block_1_9' title="bbox 1279 1975 1325 2000">
    <p class='ocr_par' dir='ltr' id='par_1_10' title="bbox 1279 1975 1325 2000">
     <span class='ocr_line' id='line_1_56' title="bbox 1279 1975 1325 2000; baseline 0 0"><span class='ocrx_word' id='word_1_402' title='bbox 1279 1975 1325 2000; x_wconf 71' lang='lat'>169</span> 
     </span>
    </p>
   </div>
   <div class='ocr_carea' id='block_1_10' title="bbox 1339 212 1928 246">
    <p class='ocr_par' dir='ltr' id='par_1_11' title="bbox 1339 212 1928 246">
     <span class='ocr_line' id='line_1_57' title="bbox 1339 212 1928 246; baseline 0.007 -4"><span class='ocrx_word' id='word_1_403' title='bbox 1339 214 1363 242; x_wconf 80' lang='lat' dir='ltr'>A</span> <span class='ocrx_word' id='word_1_404' title='bbox 1370 212 1525 243; x_wconf 84' lang='lat' dir='ltr'>RCHIEP</span> <span class='ocrx_word' id='word_1_405' title='bbox 1533 234 1542 243; x_wconf 89' lang='lat'>.</span> <span class='ocrx_word' id='word_1_406' title='bbox 1581 214 1775 245; x_wconf 66' lang='lat' dir='ltr'><strong>CONSTAN</strong></span> <span class='ocrx_word' id='word_1_407' title='bbox 1782 215 1912 246; x_wconf 76' lang='lat' dir='ltr'>TlNOP</span> <span class='ocrx_word' id='word_1_408' title='bbox 1920 236 1928 245; x_wconf 87' lang='grc'><strong>.</strong></span> 
     </span>
    </p>
   </div>
   <div class='ocr_carea' id='block_1_11' title="bbox 1337 293 2369 3030">
    <p class='ocr_par' dir='ltr' id='par_1_12' title="bbox 1337 293 2369 3030">
     <span class='ocr_line' id='line_1_58' title="bbox 1343 293 2367 349; baseline 0.004 -18"><span class='ocrx_word' id='word_1_409' title='bbox 1343 293 1406 340; x_wconf 80' lang='grc' dir='ltr'>τὴν</span> <span class='ocrx_word' id='word_1_410' title='bbox 1427 294 1563 345; x_wconf 81' lang='grc' dir='ltr'>νύμφην</span> <span class='ocrx_word' id='word_1_411' title='bbox 1575 311 1582 318; x_wconf 89' lang='grc'><em>·</em></span> <span class='ocrx_word' id='word_1_412' title='bbox 1603 295 1663 333; x_wconf 78' lang='grc' dir='ltr'>καὶ</span> <span class='ocrx_word' id='word_1_413' title='bbox 1678 295 1732 334; x_wconf 76' lang='grc' dir='ltr'>ὅτι</span> <span class='ocrx_word' id='word_1_414' title='bbox 1749 297 1944 349; x_wconf 81' lang='grc' dir='ltr'>λειτουργός</span> <span class='ocrx_word' id='word_1_415' title='bbox 1955 300 2027 336; x_wconf 87' lang='grc' dir='ltr'>ἐστι</span> <span class='ocrx_word' id='word_1_416' title='bbox 2043 297 2102 335; x_wconf 79' lang='grc' dir='ltr'>καὶ</span> <span class='ocrx_word' id='word_1_417' title='bbox 2122 297 2290 346; x_wconf 84' lang='grc' dir='ltr'>διάκονος,</span> <span class='ocrx_word' id='word_1_418' title='bbox 2308 298 2367 337; x_wconf 85' lang='grc' dir='ltr'>καὶ</span> 
     </span>
     <span class='ocr_line' id='line_1_59' title="bbox 1345 354 2368 411; baseline 0.004 -19"><span class='ocrx_word' id='word_1_419' title='bbox 1345 354 1388 393; x_wconf 81' lang='grc' dir='ltr'>τὰ</span> <span class='ocrx_word' id='word_1_420' title='bbox 1418 357 1480 401; x_wconf 73' lang='grc' dir='ltr'>τῆς</span> <span class='ocrx_word' id='word_1_421' title='bbox 1503 358 1660 408; x_wconf 71' lang='grc' dir='ltr'>χρηστῆς</span> <span class='ocrx_word' id='word_1_422' title='bbox 1680 355 1816 401; x_wconf 81' lang='grc' dir='ltr'>ἐλπίδος</span> <span class='ocrx_word' id='word_1_423' title='bbox 1849 359 1943 410; x_wconf 78' lang='grc' dir='ltr'>αὐτῷ</span> <span class='ocrx_word' id='word_1_424' title='bbox 1973 359 2033 396; x_wconf 82' lang='grc' dir='ltr'>καὶ</span> <span class='ocrx_word' id='word_1_425' title='bbox 2063 360 2124 405; x_wconf 78' lang='grc' dir='ltr'>τ’ἥς</span> <span class='ocrx_word' id='word_1_426' title='bbox 2160 357 2368 411; x_wconf 74' lang='grc' dir='ltr'>εὐφροσύνης</span> 
     </span>
     <span class='ocr_line' id='line_1_60' title="bbox 1346 415 2368 470; baseline 0.001 -15"><span class='ocrx_word' id='word_1_427' title='bbox 1346 416 1484 463; x_wconf 73' lang='grc' dir='ltr'>ἐξῆλθεν</span> <span class='ocrx_word' id='word_1_428' title='bbox 1520 419 1567 460; x_wconf 82' lang='grc' dir='ltr'>εἷς</span> <span class='ocrx_word' id='word_1_429' title='bbox 1606 415 1715 470; x_wconf 86' lang='grc' dir='ltr'>ἔργον.</span> <span class='ocrx_word' id='word_1_430' title='bbox 1754 417 1818 456; x_wconf 82' lang='grc' dir='ltr'>Διὸ</span> <span class='ocrx_word' id='word_1_431' title='bbox 1851 418 1910 456; x_wconf 74' lang='grc' dir='ltr'>καὶ</span> <span class='ocrx_word' id='word_1_432' title='bbox 1937 419 2059 470; x_wconf 78' lang='grc' dir='ltr'>ἐπάγει</span> <span class='ocrx_word' id='word_1_433' title='bbox 2089 422 2191 457; x_wconf 84' lang='grc' dir='ltr'>τοῦτο</span> <span class='ocrx_word' id='word_1_434' title='bbox 2217 418 2368 462; x_wconf 85' lang='grc' dir='ltr'>δεικνύς·</span> 
     </span>
     <span class='ocr_line' id='line_1_61' title="bbox 1348 471 2369 532; baseline 0.002 -17"><span class='ocrx_word' id='word_1_435' title='bbox 1348 477 1443 524; x_wconf 77' lang='grc' dir='ltr'>Αὕτη</span> <span class='ocrx_word' id='word_1_436' title='bbox 1461 471 1518 516; x_wconf 69' lang='grc' dir='ltr'>οῦν</span> <span class='ocrx_word' id='word_1_437' title='bbox 1545 481 1566 525; x_wconf 82' lang='grc' dir='ltr'>ἡ</span> <span class='ocrx_word' id='word_1_438' title='bbox 1598 477 1666 529; x_wconf 78' lang='grc' dir='ltr'>ἐμὴ</span> <span class='ocrx_word' id='word_1_439' title='bbox 1699 478 1792 531; x_wconf 83' lang='grc' dir='ltr'>χαρὰ</span> <span class='ocrx_word' id='word_1_440' title='bbox 1812 479 2062 532; x_wconf 81' lang='grc' dir='ltr'>πεπλήρωται·</span> <span class='ocrx_word' id='word_1_441' title='bbox 2085 479 2271 528; x_wconf 82' lang='grc' dir='ltr'>τουτέστιν,</span> <span class='ocrx_word' id='word_1_442' title='bbox 2289 479 2369 526; x_wconf 81' lang='grc' dir='ltr'>ἥνυ-</span> 
     </span>
     <span class='ocr_line' id='line_1_62' title="bbox 1347 538 2367 592; baseline 0.003 -17"><span class='ocrx_word' id='word_1_443' title='bbox 1347 554 1427 576; x_wconf 89' lang='grc' dir='ltr'>σται</span> <span class='ocrx_word' id='word_1_444' title='bbox 1445 541 1528 591; x_wconf 87' lang='grc' dir='ltr'>παρ’</span> <span class='ocrx_word' id='word_1_445' title='bbox 1548 541 1630 590; x_wconf 86' lang='grc' dir='ltr'>ἐμοῦ</span> <span class='ocrx_word' id='word_1_446' title='bbox 1651 539 1689 577; x_wconf 81' lang='grc' dir='ltr'>τὸ</span> <span class='ocrx_word' id='word_1_447' title='bbox 1711 538 1821 592; x_wconf 83' lang='grc' dir='ltr'>ἔργον,</span> <span class='ocrx_word' id='word_1_448' title='bbox 1848 539 1866 578; x_wconf 78' lang='grc' dir='ltr'>ὃ</span> <span class='ocrx_word' id='word_1_449' title='bbox 1896 541 2054 592; x_wconf 87' lang='grc' dir='ltr'>γενέσθαι</span> <span class='ocrx_word' id='word_1_450' title='bbox 2075 541 2164 589; x_wconf 85' lang='grc' dir='ltr'>ἔδει,</span> <span class='ocrx_word' id='word_1_451' title='bbox 2187 541 2246 579; x_wconf 85' lang='grc' dir='ltr'>καὶ</span> <span class='ocrx_word' id='word_1_452' title='bbox 2262 540 2367 579; x_wconf 82' lang='grc' dir='ltr'>πλέον</span> 
     </span>
     <span class='ocr_line' id='line_1_63' title="bbox 1347 595 2368 654; baseline 0.003 -18"><span class='ocrx_word' id='word_1_453' title='bbox 1347 599 1441 638; x_wconf 76' lang='grc' dir='ltr'>οὐδὲν</span> <span class='ocrx_word' id='word_1_454' title='bbox 1464 600 1637 651; x_wconf 76' lang='grc' dir='ltr'>δυνάμεθα</span> <span class='ocrx_word' id='word_1_455' title='bbox 1658 600 1870 654; x_wconf 84' lang='grc' dir='ltr'>ἐργάσασθαι</span> <span class='ocrx_word' id='word_1_456' title='bbox 1898 601 2029 639; x_wconf 87' lang='grc' dir='ltr'>λοιπόν.</span> <span class='ocrx_word' id='word_1_457' title='bbox 2054 595 2169 640; x_wconf 61' lang='grc' dir='ltr'>οΕἶτα</span> <span class='ocrx_word' id='word_1_458' title='bbox 2198 601 2275 653; x_wconf 76' lang='grc' dir='ltr'>οὐχὶ</span> <span class='ocrx_word' id='word_1_459' title='bbox 2303 601 2368 648; x_wconf 88' lang='grc' dir='ltr'>τὴν</span> 
     </span>
     <span class='ocr_line' id='line_1_64' title="bbox 1345 660 2368 713; baseline 0.002 -15"><span class='ocrx_word' id='word_1_460' title='bbox 1345 665 1524 712; x_wconf 88' lang='grc' dir='ltr'>παροῦσαν</span> <span class='ocrx_word' id='word_1_461' title='bbox 1545 660 1664 712; x_wconf 88' lang='grc' dir='ltr'>μόνον,</span> <span class='ocrx_word' id='word_1_462' title='bbox 1685 661 1774 701; x_wconf 82' lang='grc' dir='ltr'>ἀλλὰ</span> <span class='ocrx_word' id='word_1_463' title='bbox 1793 663 1852 701; x_wconf 83' lang='grc' dir='ltr'>καὶ</span> <span class='ocrx_word' id='word_1_464' title='bbox 1870 662 1932 710; x_wconf 85' lang='grc' dir='ltr'>τὴν</span> <span class='ocrx_word' id='word_1_465' title='bbox 1954 662 2148 713; x_wconf 85' lang='grc' dir='ltr'>μέλλουσαν</span> <span class='ocrx_word' id='word_1_466' title='bbox 2165 666 2224 701; x_wconf 88' lang='grc' dir='ltr'>τοῦ</span> <span class='ocrx_word' id='word_1_467' title='bbox 2241 662 2368 706; x_wconf 80' lang='grc' dir='ltr'>πάθους</span> 
     </span>
     <span class='ocr_line' id='line_1_65' title="bbox 1347 721 2368 777; baseline 0.001 -17"><span class='ocrx_word' id='word_1_468' title='bbox 1347 721 1488 770; x_wconf 82' lang='grc' dir='ltr'>αὔξησιν</span> <span class='ocrx_word' id='word_1_469' title='bbox 1513 723 1667 775; x_wconf 83' lang='grc' dir='ltr'>γίνεσθαι</span> <span class='ocrx_word' id='word_1_470' title='bbox 1694 725 1848 774; x_wconf 83' lang='grc' dir='ltr'>κωλύων,</span> <span class='ocrx_word' id='word_1_471' title='bbox 1871 724 1931 762; x_wconf 85' lang='grc' dir='ltr'>καὶ</span> <span class='ocrx_word' id='word_1_472' title='bbox 1963 724 2042 777; x_wconf 80' lang='grc' dir='ltr'>περὶ</span> <span class='ocrx_word' id='word_1_473' title='bbox 2069 727 2136 762; x_wconf 86' lang='grc' dir='ltr'>τῶν</span> <span class='ocrx_word' id='word_1_474' title='bbox 2173 724 2368 775; x_wconf 85' lang='grc' dir='ltr'>μελλόντων</span> 
     </span>
     <span class='ocr_line' id='line_1_66' title="bbox 1348 784 2367 838; baseline 0.002 -17"><span class='ocrx_word' id='word_1_475' title='bbox 1348 784 1576 836; x_wconf 77' lang='grc' dir='ltr'>ἀποφαίνεται</span> <span class='ocrx_word' id='word_1_476' title='bbox 1600 784 1722 836; x_wconf 88' lang='grc' dir='ltr'>λέγων,</span> <span class='ocrx_word' id='word_1_477' title='bbox 1745 786 1814 824; x_wconf 81' lang='grc' dir='ltr'>ἀπὸ</span> <span class='ocrx_word' id='word_1_478' title='bbox 1831 789 1899 823; x_wconf 76' lang='grc' dir='ltr'>τῶν</span> <span class='ocrx_word' id='word_1_479' title='bbox 1917 785 2106 838; x_wconf 81' lang='grc' dir='ltr'>εἰρημένων</span> <span class='ocrx_word' id='word_1_480' title='bbox 2126 801 2163 823; x_wconf 87' lang='grc' dir='ltr'>τε</span> <span class='ocrx_word' id='word_1_481' title='bbox 2190 785 2250 823; x_wconf 83' lang='grc' dir='ltr'>καὶ</span> <span class='ocrx_word' id='word_1_482' title='bbox 2267 800 2367 837; x_wconf 46' lang='grc' dir='ltr'>γεγεα</span> 
     </span>
     <span class='ocr_line' id='line_1_67' title="bbox 1345 844 2366 898; baseline 0.002 -17"><span class='ocrx_word' id='word_1_483' title='bbox 1345 844 1501 894; x_wconf 85' lang='grc' dir='ltr'>νημένων</span> <span class='ocrx_word' id='word_1_484' title='bbox 1523 845 1590 892; x_wconf 81' lang='grc' dir='ltr'>ἤδη</span> <span class='ocrx_word' id='word_1_485' title='bbox 1605 845 1665 884; x_wconf 80' lang='grc' dir='ltr'>καὶ</span> <span class='ocrx_word' id='word_1_486' title='bbox 1685 849 1796 884; x_wconf 76' lang='grc' dir='ltr'>ταῦτα</span> <span class='ocrx_word' id='word_1_487' title='bbox 1824 845 2069 896; x_wconf 79' lang='grc' dir='ltr'>πιστούμενος·</span> <span class='ocrx_word' id='word_1_488' title='bbox 2091 845 2142 884; x_wconf 82' lang='grc' dir='ltr'>διὸ</span> <span class='ocrx_word' id='word_1_489' title='bbox 2164 845 2284 898; x_wconf 78' lang='grc' dir='ltr'>ἐπάγει</span> <span class='ocrx_word' id='word_1_490' title='bbox 2303 844 2366 883; x_wconf 85' lang='grc' dir='ltr'>λε’-</span> 
     </span>
     <span class='ocr_line' id='line_1_68' title="bbox 1345 906 2367 958; baseline 0 -14"><span class='ocrx_word' id='word_1_491' title='bbox 1345 922 1427 957; x_wconf 87' lang='grc' dir='ltr'>γων,</span> <span class='ocrx_word' id='word_1_492' title='bbox 1443 906 1598 946; x_wconf 84' lang='grc' dir='ltr'>Ἐκεῖνον</span> <span class='ocrx_word' id='word_1_493' title='bbox 1627 908 1677 946; x_wconf 86' lang='grc' dir='ltr'>δεῖ</span> <span class='ocrx_word' id='word_1_494' title='bbox 1693 907 1860 955; x_wconf 80' lang='grc' dir='ltr'>αὐξάνειν,</span> <span class='ocrx_word' id='word_1_495' title='bbox 1889 906 1951 958; x_wconf 78' lang='grc' dir='ltr'>ἐμὲ</span> <span class='ocrx_word' id='word_1_496' title='bbox 1970 906 2005 946; x_wconf 74' lang='grc' dir='ltr'>δὲ</span> <span class='ocrx_word' id='word_1_497' title='bbox 2031 909 2273 946; x_wconf 85' lang='grc' dir='ltr'>ἐλαττοῦσθαι·</span> <span class='ocrx_word' id='word_1_498' title='bbox 2290 923 2367 946; x_wconf 84' lang='grc' dir='ltr'>του-</span> 
     </span>
     <span class='ocr_line' id='line_1_69' title="bbox 1344 966 2366 1021; baseline 0.001 -17"><span class='ocrx_word' id='word_1_499' title='bbox 1344 966 1460 1014; x_wconf 82' lang='grc' dir='ltr'>τέστι,</span> <span class='ocrx_word' id='word_1_500' title='bbox 1476 966 1519 1005; x_wconf 83' lang='grc' dir='ltr'>τὰ</span> <span class='ocrx_word' id='word_1_501' title='bbox 1542 967 1603 1018; x_wconf 82' lang='grc' dir='ltr'>μὲν</span> <span class='ocrx_word' id='word_1_502' title='bbox 1631 967 1786 1021; x_wconf 85' lang='grc' dir='ltr'>ἡμέτερα</span> <span class='ocrx_word' id='word_1_503' title='bbox 1819 969 1921 1017; x_wconf 83' lang='grc' dir='ltr'>ἔστη,</span> <span class='ocrx_word' id='word_1_504' title='bbox 1945 968 2004 1006; x_wconf 80' lang='grc' dir='ltr'>καὶ</span> <span class='ocrx_word' id='word_1_505' title='bbox 2037 967 2212 1007; x_wconf 79' lang='grc' dir='ltr'>ἐπαύσατο</span> <span class='ocrx_word' id='word_1_506' title='bbox 2232 968 2366 1015; x_wconf 84' lang='grc' dir='ltr'>λοιπὸν,</span> 
     </span>
     <span class='ocr_line' id='line_1_70' title="bbox 1346 1023 2367 1081; baseline 0.002 -17"><span class='ocrx_word' id='word_1_507' title='bbox 1346 1027 1481 1071; x_wconf 82' lang='grc' dir='ltr'>αὐξάνει</span> <span class='ocrx_word' id='word_1_508' title='bbox 1510 1027 1545 1066; x_wconf 78' lang='grc' dir='ltr'>δὲ</span> <span class='ocrx_word' id='word_1_509' title='bbox 1563 1028 1607 1066; x_wconf 84' lang='grc' dir='ltr'>τὰ</span> <span class='ocrx_word' id='word_1_510' title='bbox 1624 1029 1764 1068; x_wconf 84' lang='grc' dir='ltr'>ἐκείνου.</span> <span class='ocrx_word' id='word_1_511' title='bbox 1799 1031 1910 1068; x_wconf 88' lang='grc' dir='ltr'>Τοῦτο</span> <span class='ocrx_word' id='word_1_512' title='bbox 1938 1023 1994 1068; x_wconf 71' lang='grc' dir='ltr'>οῦν</span> <span class='ocrx_word' id='word_1_513' title='bbox 2015 1029 2032 1067; x_wconf 81' lang='grc' dir='ltr'>ὃ</span> <span class='ocrx_word' id='word_1_514' title='bbox 2057 1028 2232 1067; x_wconf 83' lang='grc' dir='ltr'>δεδοίκατε</span> <span class='ocrx_word' id='word_1_515' title='bbox 2247 1058 2257 1075; x_wconf 89' lang='grc'>,</span> <span class='ocrx_word' id='word_1_516' title='bbox 2290 1028 2367 1081; x_wconf 74' lang='grc' dir='ltr'>οὐχὶ</span> 
     </span>
     <span class='ocr_line' id='line_1_71' title="bbox 1343 1088 2365 1142; baseline 0.002 -17"><span class='ocrx_word' id='word_1_517' title='bbox 1343 1092 1399 1126; x_wconf 84' lang='grc' dir='ltr'>νῦν</span> <span class='ocrx_word' id='word_1_518' title='bbox 1424 1088 1522 1126; x_wconf 84' lang='grc' dir='ltr'>ἔσται</span> <span class='ocrx_word' id='word_1_519' title='bbox 1556 1089 1671 1139; x_wconf 81' lang='grc' dir='ltr'>μόνον,</span> <span class='ocrx_word' id='word_1_520' title='bbox 1706 1089 1797 1128; x_wconf 82' lang='grc' dir='ltr'>ἀλλὰ</span> <span class='ocrx_word' id='word_1_521' title='bbox 1831 1090 1890 1128; x_wconf 82' lang='grc' dir='ltr'>καὶ</span> <span class='ocrx_word' id='word_1_522' title='bbox 1923 1092 2042 1141; x_wconf 84' lang='grc' dir='ltr'>πολλῷ</span> <span class='ocrx_word' id='word_1_523' title='bbox 2072 1091 2201 1140; x_wconf 82' lang='grc' dir='ltr'>μᾶλλον</span> <span class='ocrx_word' id='word_1_524' title='bbox 2232 1090 2365 1142; x_wconf 89' lang='grc' dir='ltr'>προϊόν.</span> 
     </span>
     <span class='ocr_line' id='line_1_72' title="bbox 1342 1149 2368 1204; baseline 0.003 -18"><span class='ocrx_word' id='word_1_525' title='bbox 1342 1150 1454 1187; x_wconf 90' lang='grc' dir='ltr'>Τοῦτο</span> <span class='ocrx_word' id='word_1_526' title='bbox 1480 1149 1548 1202; x_wconf 86' lang='grc' dir='ltr'>γάρ</span> <span class='ocrx_word' id='word_1_527' title='bbox 1575 1152 1666 1188; x_wconf 88' lang='grc' dir='ltr'>ἐστιν</span> <span class='ocrx_word' id='word_1_528' title='bbox 1683 1151 1699 1188; x_wconf 85' lang='grc' dir='ltr'>ὃ</span> <span class='ocrx_word' id='word_1_529' title='bbox 1720 1150 1873 1201; x_wconf 84' lang='grc' dir='ltr'>μάλιστα</span> <span class='ocrx_word' id='word_1_530' title='bbox 1890 1151 2037 1204; x_wconf 84' lang='grc' dir='ltr'>λαμπρὰ</span> <span class='ocrx_word' id='word_1_531' title='bbox 2053 1150 2204 1188; x_wconf 84' lang='grc' dir='ltr'>δείκνυσι</span> <span class='ocrx_word' id='word_1_532' title='bbox 2221 1150 2264 1189; x_wconf 82' lang='grc' dir='ltr'>τὰ</span> <span class='ocrx_word' id='word_1_533' title='bbox 2283 1150 2368 1201; x_wconf 76' lang='grc' dir='ltr'>’ἡμέ-</span> 
     </span>
     <span class='ocr_line' id='line_1_73' title="bbox 1341 1206 2367 1264; baseline 0.004 -18"><span class='ocrx_word' id='word_1_534' title='bbox 1341 1224 1436 1260; x_wconf 79' lang='grc' dir='ltr'>τερα.</span> <span class='ocrx_word' id='word_1_535' title='bbox 1457 1209 1524 1246; x_wconf 85' lang='grc' dir='ltr'>Διὰ</span> <span class='ocrx_word' id='word_1_536' title='bbox 1538 1215 1638 1249; x_wconf 83' lang='grc' dir='ltr'>τοῦτο</span> <span class='ocrx_word' id='word_1_537' title='bbox 1654 1210 1694 1258; x_wconf 82' lang='grc' dir='ltr'>δὴ</span> <span class='ocrx_word' id='word_1_538' title='bbox 1716 1212 1774 1249; x_wconf 81' lang='grc' dir='ltr'>καὶ</span> <span class='ocrx_word' id='word_1_539' title='bbox 1787 1206 1904 1258; x_wconf 63' lang='grc' dir='ltr'>ἦλθον,</span> <span class='ocrx_word' id='word_1_540' title='bbox 1923 1211 1983 1249; x_wconf 82' lang='grc' dir='ltr'>καὶ</span> <span class='ocrx_word' id='word_1_541' title='bbox 2001 1212 2114 1264; x_wconf 83' lang='grc' dir='ltr'>χαίρω</span> <span class='ocrx_word' id='word_1_542' title='bbox 2133 1211 2185 1250; x_wconf 76' lang='grc' dir='ltr'>ὅτι</span> <span class='ocrx_word' id='word_1_543' title='bbox 2198 1212 2243 1250; x_wconf 78' lang='grc' dir='ltr'>τὰ</span> <span class='ocrx_word' id='word_1_544' title='bbox 2263 1214 2367 1251; x_wconf 80' lang='grc' dir='ltr'>αὐτοῦ</span> 
     </span>
     <span class='ocr_line' id='line_1_74' title="bbox 1341 1269 2366 1325; baseline 0.002 -17"><span class='ocrx_word' id='word_1_545' title='bbox 1341 1269 1472 1317; x_wconf 78' lang='grc' dir='ltr'>πολλὴν</span> <span class='ocrx_word' id='word_1_546' title='bbox 1493 1269 1595 1309; x_wconf 67' lang='grc' dir='ltr'>ἕλαὸε</span> <span class='ocrx_word' id='word_1_547' title='bbox 1613 1270 1676 1318; x_wconf 84' lang='grc' dir='ltr'>τὴν</span> <span class='ocrx_word' id='word_1_548' title='bbox 1698 1271 1849 1310; x_wconf 74' lang='grc' dir='ltr'>ἐπίδοσιν</span> <span class='ocrx_word' id='word_1_549' title='bbox 1864 1302 1874 1320; x_wconf 89' lang='grc'>,</span> <span class='ocrx_word' id='word_1_550' title='bbox 1891 1271 1950 1309; x_wconf 83' lang='grc' dir='ltr'>καὶ</span> <span class='ocrx_word' id='word_1_551' title='bbox 1967 1271 2084 1324; x_wconf 89' lang='grc' dir='ltr'>γέγονε</span> <span class='ocrx_word' id='word_1_552' title='bbox 2099 1277 2206 1311; x_wconf 90' lang='grc' dir='ltr'>ταῦτα</span> <span class='ocrx_word' id='word_1_553' title='bbox 2222 1274 2264 1310; x_wconf 89' lang='grc' dir='ltr'>δι’</span> <span class='ocrx_word' id='word_1_554' title='bbox 2278 1273 2366 1325; x_wconf 81' lang='grc' dir='ltr'>ἅπερ</span> 
     </span>
     <span class='ocr_line' id='line_1_75' title="bbox 1340 1326 2367 1386; baseline 0.003 -17"><span class='ocrx_word' id='word_1_555' title='bbox 1340 1332 1456 1370; x_wconf 88' lang='grc' dir='ltr'>πάντα</span> <span class='ocrx_word' id='word_1_556' title='bbox 1475 1331 1519 1370; x_wconf 84' lang='grc' dir='ltr'>τὰ</span> <span class='ocrx_word' id='word_1_557' title='bbox 1543 1335 1625 1386; x_wconf 87' lang='grc' dir='ltr'>παρ’</span> <span class='ocrx_word' id='word_1_558' title='bbox 1649 1334 1749 1383; x_wconf 79' lang='grc' dir='ltr'>ἡμῶν</span> <span class='ocrx_word' id='word_1_559' title='bbox 1773 1332 1917 1384; x_wconf 83' lang='grc' dir='ltr'>ἐγένετο.</span> <span class='ocrx_word' id='word_1_560' title='bbox 1945 1326 2047 1376; x_wconf 64' lang='grc' dir='ltr'>Εἶδες</span> <span class='ocrx_word' id='word_1_561' title='bbox 2076 1335 2150 1376; x_wconf 82' lang='grc' dir='ltr'>πῶς</span> <span class='ocrx_word' id='word_1_562' title='bbox 2174 1333 2291 1386; x_wconf 79' lang='grc' dir='ltr'>ἠρέμα</span> <span class='ocrx_word' id='word_1_563' title='bbox 2307 1333 2367 1372; x_wconf 82' lang='grc' dir='ltr'>καὶ</span> 
     </span>
     <span class='ocr_line' id='line_1_76' title="bbox 1342 1392 2367 1447; baseline 0.002 -16"><span class='ocrx_word' id='word_1_564' title='bbox 1342 1393 1430 1444; x_wconf 77' lang='grc' dir='ltr'>μετὰ</span> <span class='ocrx_word' id='word_1_565' title='bbox 1444 1395 1575 1440; x_wconf 73' lang='grc' dir='ltr'>πολλῆς</span> <span class='ocrx_word' id='word_1_566' title='bbox 1594 1397 1657 1440; x_wconf 74' lang='grc' dir='ltr'>τῆς</span> <span class='ocrx_word' id='word_1_567' title='bbox 1672 1393 1791 1446; x_wconf 73' lang='grc' dir='ltr'>σοφίας</span> <span class='ocrx_word' id='word_1_568' title='bbox 1813 1393 1853 1432; x_wconf 89' lang='grc' dir='ltr'>τό</span> <span class='ocrx_word' id='word_1_569' title='bbox 1872 1409 1910 1431; x_wconf 86' lang='grc' dir='ltr'>τε</span> <span class='ocrx_word' id='word_1_570' title='bbox 1928 1392 2034 1437; x_wconf 85' lang='grc' dir='ltr'>πάθος</span> <span class='ocrx_word' id='word_1_571' title='bbox 2050 1396 2161 1432; x_wconf 80' lang='grc' dir='ltr'>αὐτῶν</span> <span class='ocrx_word' id='word_1_572' title='bbox 2186 1394 2367 1447; x_wconf 82' lang='grc' dir='ltr'>κατεπρά-</span> 
     </span>
     <span class='ocr_line' id='line_1_77' title="bbox 1340 1453 2367 1507; baseline 0.001 -15"><span class='ocrx_word' id='word_1_573' title='bbox 1340 1460 1416 1501; x_wconf 81' lang='grc' dir='ltr'>ϋνε,</span> <span class='ocrx_word' id='word_1_574' title='bbox 1433 1455 1492 1493; x_wconf 82' lang='grc' dir='ltr'>καὶ</span> <span class='ocrx_word' id='word_1_575' title='bbox 1510 1454 1573 1501; x_wconf 75' lang='grc' dir='ltr'>τὴν</span> <span class='ocrx_word' id='word_1_576' title='bbox 1592 1454 1783 1506; x_wconf 84' lang='grc' dir='ltr'>βασκανίαν</span> <span class='ocrx_word' id='word_1_577' title='bbox 1800 1453 1937 1502; x_wconf 69' lang='grc' dir='ltr'>ἔσὸεσε,</span> <span class='ocrx_word' id='word_1_578' title='bbox 1958 1454 2016 1492; x_wconf 79' lang='grc' dir='ltr'>καὶ</span> <span class='ocrx_word' id='word_1_579' title='bbox 2041 1454 2221 1498; x_wconf 80' lang='grc' dir='ltr'>ἀδυνάτοις</span> <span class='ocrx_word' id='word_1_580' title='bbox 2235 1457 2367 1507; x_wconf 82' lang='grc' dir='ltr'>ἐπιχει-</span> 
     </span>
     <span class='ocr_line' id='line_1_78' title="bbox 1342 1510 2366 1569; baseline 0.001 -16"><span class='ocrx_word' id='word_1_581' title='bbox 1342 1521 1480 1568; x_wconf 83' lang='grc' dir='ltr'>ροῦντας</span> <span class='ocrx_word' id='word_1_582' title='bbox 1496 1515 1633 1563; x_wconf 82' lang='grc' dir='ltr'>ἔδειξεν,</span> <span class='ocrx_word' id='word_1_583' title='bbox 1651 1510 1680 1569; x_wconf 66' lang='grc' dir='ltr'>ᾧ</span> <span class='ocrx_word' id='word_1_584' title='bbox 1702 1516 1856 1567; x_wconf 86' lang='grc' dir='ltr'>μάλιστα</span> <span class='ocrx_word' id='word_1_585' title='bbox 1869 1515 2019 1554; x_wconf 81' lang='grc' dir='ltr'>παύεται</span> <span class='ocrx_word' id='word_1_586' title='bbox 2036 1516 2159 1564; x_wconf 85' lang='grc' dir='ltr'>κακία;</span> <span class='ocrx_word' id='word_1_587' title='bbox 2179 1516 2248 1555; x_wconf 87' lang='grc' dir='ltr'>Διὰ</span> <span class='ocrx_word' id='word_1_588' title='bbox 2266 1522 2366 1556; x_wconf 89' lang='grc' dir='ltr'>τοῦτο</span> 
     </span>
     <span class='ocr_line' id='line_1_79' title="bbox 1337 1576 2366 1629; baseline 0.001 -14"><span class='ocrx_word' id='word_1_589' title='bbox 1337 1577 1406 1629; x_wconf 78' lang='grc' dir='ltr'>γὰρ</span> <span class='ocrx_word' id='word_1_590' title='bbox 1434 1576 1492 1615; x_wconf 77' lang='grc' dir='ltr'>καὶ</span> <span class='ocrx_word' id='word_1_591' title='bbox 1513 1577 1737 1629; x_wconf 82' lang='grc' dir='ltr'>ᾠκονομήθη,</span> <span class='ocrx_word' id='word_1_592' title='bbox 1760 1577 1810 1615; x_wconf 81' lang='grc' dir='ltr'>ἔτι</span> <span class='ocrx_word' id='word_1_593' title='bbox 1830 1580 1953 1622; x_wconf 81' lang='grc' dir='ltr'>ζῶντος</span> <span class='ocrx_word' id='word_1_594' title='bbox 1976 1579 2078 1616; x_wconf 80' lang='grc' dir='ltr'>αὐτοῦ</span> <span class='ocrx_word' id='word_1_595' title='bbox 2099 1577 2158 1614; x_wconf 85' lang='grc' dir='ltr'>καὶ</span> <span class='ocrx_word' id='word_1_596' title='bbox 2181 1576 2366 1629; x_wconf 82' lang='grc' dir='ltr'>βαπτίζον-</span> 
     </span>
     <span class='ocr_line' id='line_1_80' title="bbox 1337 1638 2366 1691; baseline 0 -16"><span class='ocrx_word' id='word_1_597' title='bbox 1337 1654 1411 1685; x_wconf 88' lang='grc' dir='ltr'>τος,</span> <span class='ocrx_word' id='word_1_598' title='bbox 1428 1642 1538 1676; x_wconf 82' lang='grc' dir='ltr'>ταῦτα</span> <span class='ocrx_word' id='word_1_599' title='bbox 1552 1638 1726 1690; x_wconf 87' lang='grc' dir='ltr'>γενέσθαι,</span> <span class='ocrx_word' id='word_1_600' title='bbox 1743 1638 1799 1677; x_wconf 74' lang='grc' dir='ltr'>ἵνα</span> <span class='ocrx_word' id='word_1_601' title='bbox 1816 1639 1917 1677; x_wconf 77' lang='grc' dir='ltr'>αὐτὸν</span> <span class='ocrx_word' id='word_1_602' title='bbox 1935 1638 2094 1691; x_wconf 86' lang='grc' dir='ltr'>μάρτυρα</span> <span class='ocrx_word' id='word_1_603' title='bbox 2113 1641 2174 1684; x_wconf 74' lang='grc' dir='ltr'>τῆς</span> <span class='ocrx_word' id='word_1_604' title='bbox 2191 1640 2366 1691; x_wconf 69' lang='grc' dir='ltr'>ὑπεροχῆς</span> 
     </span>
     <span class='ocr_line' id='line_1_81' title="bbox 1338 1698 2364 1751; baseline 0 -15"><span class='ocrx_word' id='word_1_605' title='bbox 1338 1698 1461 1751; x_wconf 78' lang='grc' dir='ltr'>ἔχωσι,</span> <span class='ocrx_word' id='word_1_606' title='bbox 1492 1698 1551 1737; x_wconf 80' lang='grc' dir='ltr'>καὶ</span> <span class='ocrx_word' id='word_1_607' title='bbox 1589 1698 1763 1750; x_wconf 84' lang='grc' dir='ltr'>μηδεμίαν</span> <span class='ocrx_word' id='word_1_608' title='bbox 1776 1729 1785 1747; x_wconf 84' lang='grc'>,</span> <span class='ocrx_word' id='word_1_609' title='bbox 1816 1701 1855 1736; x_wconf 83' lang='grc' dir='ltr'>εἷ·</span> <span class='ocrx_word' id='word_1_610' title='bbox 1881 1698 1928 1750; x_wconf 82' lang='grc' dir='ltr'>μὴ</span> <span class='ocrx_word' id='word_1_611' title='bbox 1961 1699 2154 1746; x_wconf 75' lang='grc' dir='ltr'>πείθοιντο,</span> <span class='ocrx_word' id='word_1_612' title='bbox 2176 1698 2364 1750; x_wconf 85' lang='grc' dir='ltr'>ἀπολογίαν</span> 
     </span>
     <span class='ocr_line' id='line_1_82' title="bbox 1339 1753 2364 1812; baseline 0 -15"><span class='ocrx_word' id='word_1_613' title='bbox 1339 1759 1442 1811; x_wconf 68' lang='grc' dir='ltr'>ἔχειν.</span> <span class='ocrx_word' id='word_1_614' title='bbox 1472 1760 1563 1797; x_wconf 78' lang='grc' dir='ltr'>Οὐδὲ</span> <span class='ocrx_word' id='word_1_615' title='bbox 1592 1759 1659 1812; x_wconf 83' lang='grc' dir='ltr'>γὰρ</span> <span class='ocrx_word' id='word_1_616' title='bbox 1687 1761 1743 1811; x_wconf 77' lang='grc' dir='ltr'>ἀφ’</span> <span class='ocrx_word' id='word_1_617' title='bbox 1766 1762 1888 1798; x_wconf 81' lang='grc' dir='ltr'>ἑαυτοῦ</span> <span class='ocrx_word' id='word_1_618' title='bbox 1917 1759 1972 1798; x_wconf 76' lang='grc' dir='ltr'>ἐπὶ</span> <span class='ocrx_word' id='word_1_619' title='bbox 1993 1760 2031 1797; x_wconf 85' lang='grc' dir='ltr'>τὸ</span> <span class='ocrx_word' id='word_1_620' title='bbox 2045 1764 2155 1798; x_wconf 83' lang='grc' dir='ltr'>ταῦτα</span> <span class='ocrx_word' id='word_1_621' title='bbox 2174 1761 2281 1798; x_wconf 83' lang='grc' dir='ltr'>εἰπεῖν</span> <span class='ocrx_word' id='word_1_622' title='bbox 2296 1753 2364 1806; x_wconf 69' lang='grc' dir='ltr'>ἧλ-</span> 
     </span>
     <span class='ocr_line' id='line_1_83' title="bbox 1340 1814 2364 1873; baseline 0 -15"><span class='ocrx_word' id='word_1_623' title='bbox 1340 1824 1407 1866; x_wconf 82' lang='grc' dir='ltr'>Οεν,</span> <span class='ocrx_word' id='word_1_624' title='bbox 1435 1819 1512 1858; x_wconf 79' lang='grc' dir='ltr'>οὔτε</span> <span class='ocrx_word' id='word_1_625' title='bbox 1543 1820 1667 1872; x_wconf 84' lang='grc' dir='ltr'>ἑτέρων</span> <span class='ocrx_word' id='word_1_626' title='bbox 1689 1820 1956 1873; x_wconf 83' lang='grc' dir='ltr'>ἐρωτησάντων·</span> <span class='ocrx_word' id='word_1_627' title='bbox 1980 1819 2076 1858; x_wconf 77' lang='grc' dir='ltr'>αὐτοὶ</span> <span class='ocrx_word' id='word_1_628' title='bbox 2104 1819 2172 1872; x_wconf 84' lang='grc' dir='ltr'>γὰρ</span> <span class='ocrx_word' id='word_1_629' title='bbox 2197 1814 2284 1866; x_wconf 67' lang='grc' dir='ltr'>ἦσαν</span> <span class='ocrx_word' id='word_1_630' title='bbox 2304 1820 2364 1858; x_wconf 80' lang='grc' dir='ltr'>καὶ</span> 
     </span>
     <span class='ocr_line' id='line_1_84' title="bbox 1340 1878 2365 1933; baseline -0.002 -14"><span class='ocrx_word' id='word_1_631' title='bbox 1340 1885 1370 1919; x_wconf 75' lang='grc' dir='ltr'>οἱ</span> <span class='ocrx_word' id='word_1_632' title='bbox 1391 1880 1618 1932; x_wconf 62' lang='grc' dir='ltr'>ιιπυθόμενοι,</span> <span class='ocrx_word' id='word_1_633' title='bbox 1653 1881 1710 1919; x_wconf 83' lang='grc' dir='ltr'>καὶ</span> <span class='ocrx_word' id='word_1_634' title='bbox 1738 1882 1769 1918; x_wconf 82' lang='grc' dir='ltr'>οἱ</span> <span class='ocrx_word' id='word_1_635' title='bbox 1799 1880 2017 1924; x_wconf 81' lang='grc' dir='ltr'>ἀκούσαντες.</span> <span class='ocrx_word' id='word_1_636' title='bbox 2045 1879 2136 1918; x_wconf 73' lang='grc' dir='ltr'>Οὐδὲ</span> <span class='ocrx_word' id='word_1_637' title='bbox 2156 1878 2224 1933; x_wconf 86' lang='grc' dir='ltr'>γὰρ</span> <span class='ocrx_word' id='word_1_638' title='bbox 2257 1878 2365 1924; x_wconf 75' lang='grc' dir='ltr'>οὕτως</span> 
     </span>
     <span class='ocr_line' id='line_1_85' title="bbox 1342 1940 2362 1994; baseline -0.002 -14"><span class='ocrx_word' id='word_1_639' title='bbox 1342 1945 1398 1994; x_wconf 80' lang='grc' dir='ltr'>ἀφ’</span> <span class='ocrx_word' id='word_1_640' title='bbox 1420 1945 1542 1980; x_wconf 76' lang='grc' dir='ltr'>ἑαυτοῦ</span> <span class='ocrx_word' id='word_1_641' title='bbox 1557 1940 1692 1993; x_wconf 85' lang='grc' dir='ltr'>λέγοντι</span> <span class='ocrx_word' id='word_1_642' title='bbox 1709 1940 1905 1989; x_wconf 78' lang='grc' dir='ltr'>ἐπείθοντο,</span> <span class='ocrx_word' id='word_1_643' title='bbox 1924 1943 1970 1984; x_wconf 83' lang='grc' dir='ltr'>ὡς</span> <span class='ocrx_word' id='word_1_644' title='bbox 1988 1940 2280 1992; x_wconf 81' lang='grc' dir='ltr'>αὐτοκατάκριτον</span> <span class='ocrx_word' id='word_1_645' title='bbox 2301 1940 2362 1988; x_wconf 84' lang='grc' dir='ltr'>τὴν</span> 
     </span>
     <span class='ocr_line' id='line_1_86' title="bbox 1341 1996 2366 2055; baseline -0.002 -14"><span class='ocrx_word' id='word_1_646' title='bbox 1341 2004 1453 2054; x_wconf 73' lang='grc' dir='ltr'>ψῆφον</span> <span class='ocrx_word' id='word_1_647' title='bbox 1473 1996 1579 2054; x_wconf 63' lang='grc' dir='ltr'>εἶχον,</span> <span class='ocrx_word' id='word_1_648' title='bbox 1604 2001 1693 2051; x_wconf 86' lang='grc' dir='ltr'>μετὰ</span> <span class='ocrx_word' id='word_1_649' title='bbox 1712 2001 1773 2048; x_wconf 83' lang='grc' dir='ltr'>τὴν</span> <span class='ocrx_word' id='word_1_650' title='bbox 1790 2001 1957 2053; x_wconf 79' lang='grc' dir='ltr'>ἐρώτησιν</span> <span class='ocrx_word' id='word_1_651' title='bbox 1980 2000 2158 2044; x_wconf 80' lang='grc' dir='ltr'>ἀκούοντες</span> <span class='ocrx_word' id='word_1_652' title='bbox 2179 2004 2366 2055; x_wconf 84' lang='grc' dir='ltr'>ἀποκρινο-</span> 
     </span>
     <span class='ocr_line' id='line_1_87' title="bbox 1344 2057 2364 2115; baseline -0.002 -13"><span class='ocrx_word' id='word_1_653' title='bbox 1344 2065 1465 2115; x_wconf 85' lang='grc' dir='ltr'>μένου·</span> <span class='ocrx_word' id='word_1_654' title='bbox 1499 2063 1617 2114; x_wconf 79' lang='grc' dir='ltr'>ὥσπερ</span> <span class='ocrx_word' id='word_1_655' title='bbox 1635 2057 1692 2101; x_wconf 70' lang='grc' dir='ltr'>οῦν</span> <span class='ocrx_word' id='word_1_656' title='bbox 1715 2063 1775 2101; x_wconf 90' lang='grc' dir='ltr'>καὶ</span> <span class='ocrx_word' id='word_1_657' title='bbox 1801 2062 1962 2101; x_wconf 87' lang='grc' dir='ltr'>Ἰουδαῖοι</span> <span class='ocrx_word' id='word_1_658' title='bbox 1987 2063 2046 2101; x_wconf 85' lang='grc' dir='ltr'>καὶ</span> <span class='ocrx_word' id='word_1_659' title='bbox 2066 2062 2123 2101; x_wconf 80' lang='grc' dir='ltr'>διὰ</span> <span class='ocrx_word' id='word_1_660' title='bbox 2150 2066 2250 2100; x_wconf 82' lang='grc' dir='ltr'>τοῦτο</span> <span class='ocrx_word' id='word_1_661' title='bbox 2271 2062 2364 2114; x_wconf 62' lang='grc' dir='ltr'>3μά·-</span> 
     </span>
     <span class='ocr_line' id='line_1_88' title="bbox 1341 2124 2366 2178; baseline -0.003 -14"><span class='ocrx_word' id='word_1_662' title='bbox 1341 2128 1443 2164; x_wconf 88' lang='grc' dir='ltr'>λιστα</span> <span class='ocrx_word' id='word_1_663' title='bbox 1459 2125 1499 2172; x_wconf 89' lang='grc' dir='ltr'>δὴ</span> <span class='ocrx_word' id='word_1_664' title='bbox 1512 2155 1522 2172; x_wconf 93' lang='grc'>,</span> <span class='ocrx_word' id='word_1_665' title='bbox 1536 2124 1575 2162; x_wconf 82' lang='grc' dir='ltr'>τὸ</span> <span class='ocrx_word' id='word_1_666' title='bbox 1591 2125 1721 2163; x_wconf 75' lang='grc' dir='ltr'>οἴκοθεν</span> <span class='ocrx_word' id='word_1_667' title='bbox 1739 2127 1944 2163; x_wconf 82' lang='grc' dir='ltr'>ἀποστεῖλαι</span> <span class='ocrx_word' id='word_1_668' title='bbox 1958 2125 2043 2178; x_wconf 80' lang='grc' dir='ltr'>πρὸς</span> <span class='ocrx_word' id='word_1_669' title='bbox 2059 2124 2173 2173; x_wconf 81' lang='grc' dir='ltr'>αὐτὸν,</span> <span class='ocrx_word' id='word_1_670' title='bbox 2188 2124 2247 2162; x_wconf 84' lang='grc' dir='ltr'>καὶ</span> <span class='ocrx_word' id='word_1_671' title='bbox 2263 2125 2366 2163; x_wconf 80' lang='grc' dir='ltr'>ἀκοῦ-</span> 
     </span>
     <span class='ocr_line' id='line_1_89' title="bbox 1343 2183 2366 2237; baseline -0.001 -13"><span class='ocrx_word' id='word_1_672' title='bbox 1343 2203 1401 2225; x_wconf 82' lang='grc' dir='ltr'>οαι</span> <span class='ocrx_word' id='word_1_673' title='bbox 1421 2186 1510 2237; x_wconf 79' lang='grc' dir='ltr'>άπερ</span> <span class='ocrx_word' id='word_1_674' title='bbox 1528 2185 1692 2233; x_wconf 79' lang='grc' dir='ltr'>ἤκουσαν,</span> <span class='ocrx_word' id='word_1_675' title='bbox 1708 2185 1767 2223; x_wconf 78' lang='grc' dir='ltr'>καὶ</span> <span class='ocrx_word' id='word_1_676' title='bbox 1791 2185 1840 2236; x_wconf 83' lang='grc' dir='ltr'>μὴ</span> <span class='ocrx_word' id='word_1_677' title='bbox 1866 2188 2067 2234; x_wconf 69' lang='grc' dir='ltr'>πεισθῆναι,</span> <span class='ocrx_word' id='word_1_678' title='bbox 2087 2184 2202 2232; x_wconf 88' lang='grc' dir='ltr'>πάσης</span> <span class='ocrx_word' id='word_1_679' title='bbox 2228 2183 2366 2227; x_wconf 75' lang='grc' dir='ltr'>ἑαυτοὺς</span> 
     </span>
     <span class='ocr_line' id='line_1_90' title="bbox 1344 2245 2366 2298; baseline -0.001 -14"><span class='ocrx_word' id='word_1_680' title='bbox 1344 2246 1530 2298; x_wconf 83' lang='grc' dir='ltr'>ἀπολογίας</span> <span class='ocrx_word' id='word_1_681' title='bbox 1541 2245 1714 2290; x_wconf 64' lang='grc' dir='ltr'>ἐξέὲαλον.</span> <span class='ocrx_word' id='word_1_682' title='bbox 1737 2246 1785 2283; x_wconf 79' lang='grc' dir='ltr'>Τί</span> <span class='ocrx_word' id='word_1_683' title='bbox 1812 2246 1925 2284; x_wconf 87' lang='grc' dir='ltr'>τοίνυν</span> <span class='ocrx_word' id='word_1_684' title='bbox 1942 2248 2092 2284; x_wconf 80' lang='grc' dir='ltr'>ἐντεῦθεν</span> <span class='ocrx_word' id='word_1_685' title='bbox 2113 2245 2366 2295; x_wconf 75' lang='grc' dir='ltr'>παιδευόμεθα,</span> 
     </span>
     <span class='ocr_line' id='line_1_91' title="bbox 1342 2305 2367 2352; baseline -0.001 -7"><span class='ocrx_word' id='word_1_686' title='bbox 1342 2307 1426 2345; x_wconf 64' lang='grc' dir='ltr'>εΌτι</span> <span class='ocrx_word' id='word_1_687' title='bbox 1443 2307 1581 2346; x_wconf 87' lang='grc' dir='ltr'>πάντων</span> <span class='ocrx_word' id='word_1_688' title='bbox 1604 2306 1710 2345; x_wconf 80' lang='grc' dir='ltr'>αἴτιον</span> <span class='ocrx_word' id='word_1_689' title='bbox 1741 2308 1808 2343; x_wconf 80' lang='grc' dir='ltr'>τῶν</span> <span class='ocrx_word' id='word_1_690' title='bbox 1837 2308 1953 2344; x_wconf 80' lang='grc' dir='ltr'>κακῶν</span> <span class='ocrx_word' id='word_1_691' title='bbox 1968 2305 2017 2352; x_wconf 50' lang='lat' dir='ltr'>bf]</span> <span class='ocrx_word' id='word_1_692' title='bbox 2047 2305 2231 2350; x_wconf 82' lang='grc' dir='ltr'>κενοδοξία.</span> <span class='ocrx_word' id='word_1_693' title='bbox 2254 2307 2367 2344; x_wconf 86' lang='grc' dir='ltr'>Τοῦτο</span> 
     </span>
     <span class='ocr_line' id='line_1_92' title="bbox 1343 2366 2365 2421; baseline -0.002 -15"><span class='ocrx_word' id='word_1_694' title='bbox 1343 2368 1410 2421; x_wconf 79' lang='grc' dir='ltr'>γὰρ</span> <span class='ocrx_word' id='word_1_695' title='bbox 1427 2367 1546 2411; x_wconf 75' lang='grc' dir='ltr'>αὐτοὺς</span> <span class='ocrx_word' id='word_1_696' title='bbox 1565 2367 1621 2406; x_wconf 81' lang='grc' dir='ltr'>ἐπὶ</span> <span class='ocrx_word' id='word_1_697' title='bbox 1645 2366 1708 2413; x_wconf 79' lang='grc' dir='ltr'>τὴν</span> <span class='ocrx_word' id='word_1_698' title='bbox 1736 2366 1945 2413; x_wconf 85' lang='grc' dir='ltr'>ζηλοτυπίαν</span> <span class='ocrx_word' id='word_1_699' title='bbox 1971 2366 2101 2418; x_wconf 79' lang='grc' dir='ltr'>ἤγαγε·</span> <span class='ocrx_word' id='word_1_700' title='bbox 2132 2370 2232 2405; x_wconf 88' lang='grc' dir='ltr'>τοῦτο</span> <span class='ocrx_word' id='word_1_701' title='bbox 2259 2367 2365 2405; x_wconf 87' lang='grc' dir='ltr'>πάλιν</span> 
     </span>
     <span class='ocr_line' id='line_1_93' title="bbox 1345 2426 2365 2481; baseline -0.001 -15"><span class='ocrx_word' id='word_1_702' title='bbox 1345 2428 1466 2472; x_wconf 78' lang='grc' dir='ltr'>αὐτοὺς</span> <span class='ocrx_word' id='word_1_703' title='bbox 1486 2428 1607 2481; x_wconf 75' lang='grc' dir='ltr'>μικρὸν</span> <span class='ocrx_word' id='word_1_704' title='bbox 1626 2427 1856 2478; x_wconf 70' lang='grc' dir='ltr'>λωφήσαντας</span> <span class='ocrx_word' id='word_1_705' title='bbox 1876 2426 2060 2479; x_wconf 83' lang='grc' dir='ltr'>διήγειρεν·</span> <span class='ocrx_word' id='word_1_706' title='bbox 2076 2428 2127 2466; x_wconf 86' lang='grc' dir='ltr'>διὸ</span> <span class='ocrx_word' id='word_1_707' title='bbox 2145 2427 2203 2465; x_wconf 85' lang='grc' dir='ltr'>καὶ</span> <span class='ocrx_word' id='word_1_708' title='bbox 2216 2429 2365 2480; x_wconf 86' lang='grc' dir='ltr'>προσελ-</span> 
     </span>
     <span class='ocr_line' id='line_1_94' title="bbox 1345 2487 2365 2540; baseline -0.002 -12"><span class='ocrx_word' id='word_1_709' title='bbox 1345 2490 1458 2532; x_wconf 82' lang='grc' dir='ltr'>Οόντες</span> <span class='ocrx_word' id='word_1_710' title='bbox 1471 2491 1520 2540; x_wconf 73' lang='grc' dir='ltr'>τῷ</span> <span class='ocrx_word' id='word_1_711' title='bbox 1540 2489 1655 2535; x_wconf 78' lang='grc' dir='ltr'>Ἰησοῦ</span> <span class='ocrx_word' id='word_1_712' title='bbox 1669 2488 1824 2539; x_wconf 82' lang='grc' dir='ltr'>λέγουσι·</span> <span class='ocrx_word' id='word_1_713' title='bbox 1839 2487 1942 2526; x_wconf 90' lang='grc' dir='ltr'>Διατί</span> <span class='ocrx_word' id='word_1_714' title='bbox 1956 2490 1987 2526; x_wconf 81' lang='grc' dir='ltr'>οἱ</span> <span class='ocrx_word' id='word_1_715' title='bbox 2002 2487 2156 2539; x_wconf 84' lang='grc' dir='ltr'>μαθηταί</span> <span class='ocrx_word' id='word_1_716' title='bbox 2178 2504 2238 2526; x_wconf 88' lang='grc' dir='ltr'>σου</span> <span class='ocrx_word' id='word_1_717' title='bbox 2258 2490 2295 2526; x_wconf 82' lang='grc' dir='ltr'>οὐ</span> <span class='ocrx_word' id='word_1_718' title='bbox 2306 2504 2365 2535; x_wconf 89' lang='grc' dir='ltr'>νη-</span> 
     </span>
     <span class='ocr_line' id='line_1_95' title="bbox 1345 2545 2363 2600; baseline -0.004 -10"><span class='ocrx_word' id='word_1_719' title='bbox 1345 2551 1519 2597; x_wconf 71' lang='grc' dir='ltr'>στεύουσι,</span> <span class='ocrx_word' id='word_1_720' title='bbox 1540 2549 1716 2600; x_wconf 78' lang='grc' dir='ltr'>Φύγωμεν</span> <span class='ocrx_word' id='word_1_721' title='bbox 1733 2548 1858 2597; x_wconf 87' lang='grc' dir='ltr'>τοίνυν,</span> <span class='ocrx_word' id='word_1_722' title='bbox 1880 2549 2074 2599; x_wconf 81' lang='grc' dir='ltr'>ἀγαπητοὶ,</span> <span class='ocrx_word' id='word_1_723' title='bbox 2103 2549 2142 2588; x_wconf 83' lang='grc' dir='ltr'>τὸ</span> <span class='ocrx_word' id='word_1_724' title='bbox 2159 2549 2278 2592; x_wconf 87' lang='grc' dir='ltr'>πάθος.</span> <span class='ocrx_word' id='word_1_725' title='bbox 2304 2545 2363 2586; x_wconf 87' lang='grc' dir='ltr'>Ἂν</span> 
     </span>
     <span class='ocr_line' id='line_1_96' title="bbox 1343 2609 2364 2665; baseline -0.004 -15"><span class='ocrx_word' id='word_1_726' title='bbox 1343 2611 1410 2665; x_wconf 84' lang='grc' dir='ltr'>γὰρ</span> <span class='ocrx_word' id='word_1_727' title='bbox 1451 2615 1549 2650; x_wconf 88' lang='grc' dir='ltr'>τοῦτο</span> <span class='ocrx_word' id='word_1_728' title='bbox 1580 2609 1756 2663; x_wconf 78' lang='grc' dir='ltr'>φύγωμεν,</span> <span class='ocrx_word' id='word_1_729' title='bbox 1779 2612 1840 2655; x_wconf 73' lang='grc' dir='ltr'>τῆς</span> <span class='ocrx_word' id='word_1_730' title='bbox 1876 2609 2013 2662; x_wconf 80' lang='grc' dir='ltr'>γεέννης</span> <span class='ocrx_word' id='word_1_731' title='bbox 2036 2609 2364 2662; x_wconf 80' lang='grc' dir='ltr'>ἀπολλαγησόμεοα.</span> 
     </span>
     <span class='ocr_line' id='line_1_97' title="bbox 1342 2669 2364 2726; baseline -0.005 -14"><span class='ocrx_word' id='word_1_732' title='bbox 1342 2676 1455 2712; x_wconf 84' lang='grc' dir='ltr'>Τοῦτο</span> <span class='ocrx_word' id='word_1_733' title='bbox 1464 2671 1531 2726; x_wconf 86' lang='grc' dir='ltr'>γὰρ</span> <span class='ocrx_word' id='word_1_734' title='bbox 1551 2673 1702 2723; x_wconf 85' lang='grc' dir='ltr'>μάλιστα</span> <span class='ocrx_word' id='word_1_735' title='bbox 1716 2672 1829 2713; x_wconf 80' lang='grc' dir='ltr'>αὐτοῖς</span> <span class='ocrx_word' id='word_1_736' title='bbox 1846 2669 1990 2708; x_wconf 85' lang='grc' dir='ltr'>ἀνάπτει</span> <span class='ocrx_word' id='word_1_737' title='bbox 2004 2671 2043 2708; x_wconf 83' lang='grc' dir='ltr'>τὸ</span> <span class='ocrx_word' id='word_1_738' title='bbox 2061 2675 2128 2723; x_wconf 91' lang='grc' dir='ltr'>πῦρ</span> <span class='ocrx_word' id='word_1_739' title='bbox 2142 2686 2149 2694; x_wconf 92' lang='grc'><em>·</em></span> <span class='ocrx_word' id='word_1_740' title='bbox 2166 2670 2255 2709; x_wconf 78' lang='grc' dir='ltr'>οὕτω</span> <span class='ocrx_word' id='word_1_741' title='bbox 2271 2685 2364 2708; x_wconf 92' lang='grc' dir='ltr'>παν-</span> 
     </span>
     <span class='ocr_line' id='line_1_98' title="bbox 1342 2730 2365 2786; baseline -0.004 -14"><span class='ocrx_word' id='word_1_742' title='bbox 1342 2737 1449 2786; x_wconf 86' lang='grc' dir='ltr'>ταχοῦ</span> <span class='ocrx_word' id='word_1_743' title='bbox 1464 2732 1526 2779; x_wconf 75' lang='grc' dir='ltr'>τὴν</span> <span class='ocrx_word' id='word_1_744' title='bbox 1543 2731 1653 2784; x_wconf 78' lang='grc' dir='ltr'>ἀρχὴν</span> <span class='ocrx_word' id='word_1_745' title='bbox 1670 2730 1811 2774; x_wconf 81' lang='grc' dir='ltr'>ἐξέτεινε</span> <span class='ocrx_word' id='word_1_746' title='bbox 1825 2730 1887 2778; x_wconf 77' lang='grc' dir='ltr'>τὴν</span> <span class='ocrx_word' id='word_1_747' title='bbox 1904 2733 2025 2768; x_wconf 83' lang='grc' dir='ltr'>ἑαυτοῦ</span> <span class='ocrx_word' id='word_1_748' title='bbox 2036 2761 2045 2779; x_wconf 88' lang='grc'>,</span> <span class='ocrx_word' id='word_1_749' title='bbox 2070 2732 2129 2769; x_wconf 79' lang='grc' dir='ltr'>καὶ</span> <span class='ocrx_word' id='word_1_750' title='bbox 2143 2731 2282 2778; x_wconf 83' lang='grc' dir='ltr'>ἡλικίαν</span> <span class='ocrx_word' id='word_1_751' title='bbox 2298 2737 2365 2768; x_wconf 77' lang='grc' dir='ltr'>πᾶ-</span> 
     </span>
     <span class='ocr_line' id='line_1_99' title="bbox 1343 2789 2365 2843; baseline -0.005 -10"><span class='ocrx_word' id='word_1_752' title='bbox 1343 2811 1405 2833; x_wconf 87' lang='grc' dir='ltr'>σαν</span> <span class='ocrx_word' id='word_1_753' title='bbox 1421 2794 1479 2832; x_wconf 78' lang='grc' dir='ltr'>καὶ</span> <span class='ocrx_word' id='word_1_754' title='bbox 1509 2792 1604 2837; x_wconf 82' lang='grc' dir='ltr'>ἀξίαν</span> <span class='ocrx_word' id='word_1_755' title='bbox 1624 2798 1739 2830; x_wconf 86' lang='grc' dir='ltr'>πᾶσαν</span> <span class='ocrx_word' id='word_1_756' title='bbox 1764 2791 1905 2842; x_wconf 76' lang='grc' dir='ltr'>κατέχει</span> <span class='ocrx_word' id='word_1_757' title='bbox 1924 2794 2145 2843; x_wconf 79' lang='grc' dir='ltr'>τυραννικῶς.</span> <span class='ocrx_word' id='word_1_758' title='bbox 2165 2793 2278 2829; x_wconf 88' lang='grc' dir='ltr'>Τοῦτο</span> <span class='ocrx_word' id='word_1_759' title='bbox 2303 2789 2365 2833; x_wconf 85' lang='grc' dir='ltr'>τὰς</span> 
     </span>
     <span class='ocr_line' id='line_1_100' title="bbox 1342 2851 2366 2901; baseline -0.006 -7"><span class='ocrx_word' id='word_1_760' title='bbox 1342 2854 1554 2901; x_wconf 81' lang='grc' dir='ltr'>Ἔκκλησίας</span> <span class='ocrx_word' id='word_1_761' title='bbox 1579 2852 1650 2890; x_wconf 83' lang='grc' dir='ltr'>ἄνω</span> <span class='ocrx_word' id='word_1_762' title='bbox 1674 2852 1733 2890; x_wconf 75' lang='grc' dir='ltr'>καὶ</span> <span class='ocrx_word' id='word_1_763' title='bbox 1759 2852 1855 2890; x_wconf 88' lang='grc' dir='ltr'>κάτω</span> <span class='ocrx_word' id='word_1_764' title='bbox 1881 2851 2073 2899; x_wconf 84' lang='grc' dir='ltr'>πεποίηκε,</span> <span class='ocrx_word' id='word_1_765' title='bbox 2098 2856 2197 2890; x_wconf 88' lang='grc' dir='ltr'>τοῦτο</span> <span class='ocrx_word' id='word_1_766' title='bbox 2216 2851 2275 2888; x_wconf 81' lang='grc' dir='ltr'>καὶ</span> <span class='ocrx_word' id='word_1_767' title='bbox 2295 2856 2366 2894; x_wconf 88' lang='grc' dir='ltr'>τοῖς</span> 
     </span>
     <span class='ocr_line' id='line_1_101' title="bbox 1342 2911 2365 2965; baseline -0.005 -11"><span class='ocrx_word' id='word_1_768' title='bbox 1342 2917 1530 2958; x_wconf 83' lang='grc' dir='ltr'>πολιτικοῖς</span> <span class='ocrx_word' id='word_1_769' title='bbox 1544 2912 1748 2965; x_wconf 84' lang='grc' dir='ltr'>λυμαίνεται</span> <span class='ocrx_word' id='word_1_770' title='bbox 1764 2912 1965 2964; x_wconf 84' lang='grc' dir='ltr'>πράγμασι,</span> <span class='ocrx_word' id='word_1_771' title='bbox 1981 2915 2080 2950; x_wconf 84' lang='grc' dir='ltr'>τοῦτο</span> <span class='ocrx_word' id='word_1_772' title='bbox 2091 2911 2151 2950; x_wconf 81' lang='grc' dir='ltr'>καὶ</span> <span class='ocrx_word' id='word_1_773' title='bbox 2168 2911 2276 2955; x_wconf 81' lang='grc' dir='ltr'>οἰκίας</span> <span class='ocrx_word' id='word_1_774' title='bbox 2289 2913 2365 2949; x_wconf 82' lang='grc' dir='ltr'>ὁλο-</span> 
     </span>
     <span class='ocr_line' id='line_1_102' title="bbox 1342 2971 2363 3030; baseline -0.006 -15"><span class='ocrx_word' id='word_1_775' title='bbox 1342 2976 1486 3030; x_wconf 84' lang='grc' dir='ltr'>κλήρους</span> <span class='ocrx_word' id='word_1_776' title='bbox 1509 2973 1693 3027; x_wconf 81' lang='grc' dir='ltr'>ἀνέτρεψε,</span> <span class='ocrx_word' id='word_1_777' title='bbox 1713 2972 1771 3011; x_wconf 84' lang='grc' dir='ltr'>καὶ</span> <span class='ocrx_word' id='word_1_778' title='bbox 1797 2973 1933 3017; x_wconf 80' lang='grc' dir='ltr'>πόλεις,</span> <span class='ocrx_word' id='word_1_779' title='bbox 1955 2973 2013 3010; x_wconf 73' lang='grc' dir='ltr'>καὶ</span> <span class='ocrx_word' id='word_1_780' title='bbox 2045 2972 2172 3022; x_wconf 73' lang='grc' dir='ltr'>δήμους</span> <span class='ocrx_word' id='word_1_781' title='bbox 2191 2972 2251 3010; x_wconf 84' lang='grc' dir='ltr'>καὶ</span> <span class='ocrx_word' id='word_1_782' title='bbox 2271 2971 2363 3019; x_wconf 80' lang='grc' dir='ltr'>ἔθνη.</span> 
     </span>
    </p>
   </div>
   <div class='ocr_carea' id='block_1_12' title="bbox 1354 3109 2364 3412">
    <p class='ocr_par' dir='ltr' id='par_1_13' title="bbox 1357 3109 2364 3212">
     <span class='ocr_line' id='line_1_103' title="bbox 1401 3109 2364 3158; baseline -0.008 -7"><span class='ocrx_word' id='word_1_783' title='bbox 1401 3117 1417 3140; x_wconf 79' lang='lat'>‘¹</span> <span class='ocrx_word' id='word_1_784' title='bbox 1437 3116 1609 3158; x_wconf 79' lang='grc' dir='ltr'>[πυθόμενοι</span> <span class='ocrx_word' id='word_1_785' title='bbox 1623 3111 1766 3146; x_wconf 64' lang='grc' dir='ltr'>5ηι·ἰ1.ει</span> <span class='ocrx_word' id='word_1_786' title='bbox 1782 3110 1890 3144; x_wconf 83' lang='lat' dir='ltr'>Codd.</span> <span class='ocrx_word' id='word_1_787' title='bbox 1910 3111 2026 3143; x_wconf 84' lang='lat' dir='ltr'>nostri.</span> <span class='ocrx_word' id='word_1_788' title='bbox 2047 3109 2231 3153; x_wconf 78' lang='lat' dir='ltr'>Legebatur</span> <span class='ocrx_word' id='word_1_789' title='bbox 2248 3113 2364 3144; x_wconf 67' lang='grc' dir='ltr'>πειθού-</span> 
     </span>
     <span class='ocr_line' id='line_1_104' title="bbox 1357 3169 1468 3212; baseline 0 -11"><span class='ocrx_word' id='word_1_790' title='bbox 1357 3169 1468 3212; x_wconf 74' lang='grc' dir='ltr'>μενοι.]</span> 
     </span>
    </p>

    <p class='ocr_par' dir='ltr' id='par_1_14' title="bbox 1401 3215 2272 3260">
     <span class='ocr_line' id='line_1_105' title="bbox 1401 3215 2272 3260; baseline -0.006 -8"><span class='ocrx_word' id='word_1_791' title='bbox 1401 3230 1412 3244; x_wconf 72' lang='lat'>³</span> <span class='ocrx_word' id='word_1_792' title='bbox 1433 3218 1535 3252; x_wconf 64' lang='lat' dir='ltr'>Saxil.</span> <span class='ocrx_word' id='word_1_793' title='bbox 1557 3218 1603 3260; x_wconf 84' lang='lat' dir='ltr'>[et</span> <span class='ocrx_word' id='word_1_794' title='bbox 1617 3215 1727 3251; x_wconf 83' lang='lat' dir='ltr'>codd.</span> <span class='ocrx_word' id='word_1_795' title='bbox 1748 3216 1867 3257; x_wconf 79' lang='lat' dir='ltr'>nostri]</span> <span class='ocrx_word' id='word_1_796' title='bbox 1880 3219 2026 3258; x_wconf 73' lang='grc' dir='ltr'>μάλιστα,</span> <span class='ocrx_word' id='word_1_797' title='bbox 2042 3218 2090 3248; x_wconf 79' lang='grc' dir='ltr'>διὰ</span> <span class='ocrx_word' id='word_1_798' title='bbox 2103 3219 2136 3248; x_wconf 86' lang='grc' dir='ltr'>τὸ</span> <span class='ocrx_word' id='word_1_799' title='bbox 2151 3219 2272 3248; x_wconf 70' lang='grc' dir='ltr'>οἴκοθεν.</span> 
     </span>
    </p>

    <p class='ocr_par' dir='ltr' id='par_1_15' title="bbox 1354 3265 2361 3412">
     <span class='ocr_line' id='line_1_106' title="bbox 1396 3265 2358 3313; baseline -0.006 -10"><span class='ocrx_word' id='word_1_800' title='bbox 1396 3273 1412 3296; x_wconf 67' lang='lat'>¹³</span> <span class='ocrx_word' id='word_1_801' title='bbox 1430 3270 1543 3304; x_wconf 72' lang='lat' dir='ltr'>Mox-el.</span> <span class='ocrx_word' id='word_1_802' title='bbox 1572 3276 1589 3308; x_wconf 79' lang='grc' dir='ltr'>ἡ</span> <span class='ocrx_word' id='word_1_803' title='bbox 1615 3271 1771 3308; x_wconf 73' lang='grc' dir='ltr'>κενοδοξία.</span> <span class='ocrx_word' id='word_1_804' title='bbox 1801 3273 1888 3301; x_wconf 71' lang='grc' dir='ltr'>τοῦτο</span> <span class='ocrx_word' id='word_1_805' title='bbox 1917 3273 1986 3313; x_wconf 75' lang='grc' dir='ltr'>γάρ.</span> <span class='ocrx_word' id='word_1_806' title='bbox 2013 3265 2113 3299; x_wconf 77' lang='lat' dir='ltr'>savit.</span> <span class='ocrx_word' id='word_1_807' title='bbox 2141 3271 2159 3303; x_wconf 82' lang='grc' dir='ltr'>ἡ</span> <span class='ocrx_word' id='word_1_808' title='bbox 2187 3268 2358 3310; x_wconf 66' lang='grc' dir='ltr'>δοξομανίκ.</span> 
     </span>
     <span class='ocr_line' id='line_1_107' title="bbox 1355 3317 2361 3365; baseline -0.01 -8"><span class='ocrx_word' id='word_1_809' title='bbox 1355 3331 1439 3357; x_wconf 64' lang='grc' dir='ltr'>τοῦτο</span> <span class='ocrx_word' id='word_1_810' title='bbox 1456 3328 1533 3365; x_wconf 73' lang='grc' dir='ltr'>γοῦν.</span> <span class='ocrx_word' id='word_1_811' title='bbox 1563 3320 1713 3363; x_wconf 80' lang='lat' dir='ltr'>Idipsum</span> <span class='ocrx_word' id='word_1_812' title='bbox 1740 3326 1787 3350; x_wconf 84' lang='lat' dir='ltr'>est</span> <span class='ocrx_word' id='word_1_813' title='bbox 1808 3324 1895 3360; x_wconf 71' lang='grc' dir='ltr'>ιγοῦν</span> <span class='ocrx_word' id='word_1_814' title='bbox 1917 3326 1949 3350; x_wconf 85' lang='lat' dir='ltr'>ct</span> <span class='ocrx_word' id='word_1_815' title='bbox 1977 3324 2034 3364; x_wconf 74' lang='grc' dir='ltr'>γάρ</span> <span class='ocrx_word' id='word_1_816' title='bbox 2051 3317 2136 3359; x_wconf 85' lang='lat' dir='ltr'>apud</span> <span class='ocrx_word' id='word_1_817' title='bbox 2160 3318 2361 3364; x_wconf 80' lang='lat' dir='ltr'>Chrysosto·</span> 
     </span>
     <span class='ocr_line' id='line_1_108' title="bbox 1354 3371 2153 3412; baseline -0.006 -6"><span class='ocrx_word' id='word_1_818' title='bbox 1354 3386 1441 3406; x_wconf 88' lang='lat' dir='ltr'>mum</span> <span class='ocrx_word' id='word_1_819' title='bbox 1459 3372 1748 3406; x_wconf 71' lang='lat' dir='ltr'>indiscriminat&#39;nn</span> <span class='ocrx_word' id='word_1_820' title='bbox 1764 3378 1962 3412; x_wconf 82' lang='lat' dir='ltr'>usurpantur</span> <span class='ocrx_word' id='word_1_821' title='bbox 1980 3381 2040 3411; x_wconf 86' lang='lat' dir='ltr'>pro</span> <span class='ocrx_word' id='word_1_822' title='bbox 2058 3371 2153 3401; x_wconf 79' lang='lat' dir='ltr'>enim.</span> 
     </span>
    </p>
   </div>
  </div>
 </body>
</html>
