2507 3673
657 224 699 252 ΙΝ
739 225 1027 255 cummim-Emi
1066 227 1119 255 ET
1153 226 1193 255 ln·
1228 224 1520 263 PHARAUNEM,

120 306 410 357 ταποκρινόμενος
423 306 471 356 τῷ
487 306 588 355 Θεῷ,
606 304 650 343 Ὁ
670 306 780 351 πηλὸς
795 309 971 356 νομοθετεῖ
987 309 1036 357 τῷ
1051 306 1138 344 πλά-

120 372 206 408 στῃ,
226 359 265 396 τὸ
284 358 421 407 ποίημα
436 358 700 409 περιεργάζεται
717 358 775 396 τὸν
791 359 1007 405 ποιήσαντας
1026 361 1043 396 6
1059 360 1136 396 δοῦ-

1562 224 1660 252 1.'rc.
2102 208 2137 252 8,

2148 212 2190 268 ἰ7

1210 303 1384 341 functorie
1417 311 1642 354 usurpatam,
1675 301 1724 338 ait
1762 318 1768 338 ε
1812 306 1843 338 ()
1872 304 2004 349 homo,
2039 312 2079 340 ta
2112 307 2197 354 quis

1210 369 1263 402 es,
1296 358 1364 407 qui
1384 355 1616 405 respondeas
1642 355 1755 391 Deo?
1781 356 1835 390 Au
1859 354 1974 391 lutum
2003 355 2117 406 legem
2137 355 2198 393 dat

118 410 175 453 λος
200 413 341 448 ἀπαιτεῖ
370 410 470 461 λόγον
496 411 592 461 παρὰ
610 414 669 448 τοῦ
701 411 885 458 δεσπότου,
904 411 990 450 Οὐδ’
1011 413 1049 448 ἐκ
1068 413 1136 448 τῶν
1151 429 1197 454 187
1210 407 1348 458 figulo?
1376 420 1420 444 an
1446 406 1630 457 opificium
1663 405 1708 442 (lc
1744 406 1872 457 opifice
1909 407 2044 443 curiose
2076 408 2198 458 inqui-

117 466 240 500 κοινῶν
268 463 483 515 πραγμάτων
510 463 677 515 διδάσκῃ,
699 462 752 501 ὅτι
774 465 928 516 καὶπερὶ
945 462 1137 514 ἐλευθερίας
1162 468 1187 496 Λ
1210 459 1284 497 rit?
1303 473 1347 497 an
1377 473 1501 496 servus
1522 458 1694 496 rationem
1720 457 1765 495 ab
1794 457 1879 495 hero
1905 459 2052 509 repetit?
2074 463 2196 498 Annon

119 514 367 566 ἀγωνιζόμενος
386 514 523 561 οἰκέτης
537 546 546 562 ,
566 518 706 554 ἐπειδὰν
728 519 776 560 εἷς
803 517 960 555 δουλείαν
979 515 1137 562 ἕλκηται,

116 569 154 604 οὐ
174 570 289 619 τολμᾷ
308 570 431 606 οἰκεῖον
452 573 580 615 στῆσαι
597 569 796 621 πρόσωπον,
814 569 891 608 ἀλλ’
910 568 1026 622 ἕτερον
1043 569 1138 617 λαμ-

119 619 215 658 &aiva
233 621 290 659 τὸν
307 621 636 673 συναγοΝιζόμενον,
651 621 707 660 ἵνα
728 621 776 672 μὴ
792 622 826 666 ἐξ
846 621 1001 664 ἐναντίας
1022 619 1136 670 πρόσ-

117 687 212 710 ωπον
240 674 360 712 δούλου
395 674 585 725 ἀντιστήσῃ
606 678 647 726 τῇ
669 675 856 725 δεσποτικῇ
889 673 986 725 ὄψει,
1016 671 1136 710 καὶσὺ

117 725 296 776 ἄνθρωπος
326 727 374 765 ὢν
394 728 514 774 θνητὸς
526 757 535 773 ,
557 727 642 779 πρὸς
665 726 728 773 τὴν
748 726 916 764 ἀθάνατον
935 724 1013 776 ὄψιν
1033 739 1136 762 σεαυ-

117 779 174 816 τὸν
196 778 402 829 ἐξεικάζεις,
431 781 495 824 Τίς
516 775 547 818 εἷ
568 783 585 817 ὁ
615 779 947 831 ἀνταποκρινόμενος
962 780 1012 830 τῷ
1032 779 1137 828 Θεῷ,

117 829 161 869 Ὁ
181 832 389 884 πρόσκαιρος
406 835 709 885 πολυπραγμονεῖς
727 832 784 870 τὸν
805 831 963 878 αἷώνιον;
982 833 1000 868 6
1016 832 1137 876 θνητὸς

116 883 173 921 τὸν
195 885 381 933 ἀθάνατον,
413 888 430 923 6
464 888 510 929 εἷς
530 885 638 936 τάφον
666 884 831 934 λυόμενος
856 883 913 921 τὸν
942 885 976 921 ἐν
1003 886 1137 938 οὐρανῷ

116 943 342 976 κατοικοῦντα
357 954 367 985 ;
397 941 414 975 6
432 938 502 976 ἀπὸ
516 940 579 988 γῆς
594 935 813 989 τρεφόμενος,
830 936 889 974 καὶ
905 938 953 980 εἰς
967 939 1032 987 γῆν
1047 940 1136 975 ἀπο·

116 989 294 1041 στρέφων,
319 990 377 1028 τὸν
400 990 639 1043 διαιωνίζονὶα
660 991 694 1028 ἐν
719 996 806 1034 πᾶσι
831 995 903 1033 τοῖς
923 989 1059 1044 χρόνοις
1075 990 1137 1029 λό-

114 1056 174 1092 γον
194 1043 372 1090 ἀπαιτεῖς,
390 1046 580 1095 Μενοῦνγε,
595 1045 624 1080 ὠ
645 1043 818 1094 ἄνθρωπε,
833 1042 874 1080 σὺ
890 1045 940 1085 τίς
956 1046 985 1080 εἰ
1002 1045 1020 1080 6
1035 1046 1138 1081 ἀντα-

115 1095 362 1148 ποκρινόμενος
380 1099 430 1148 τῷ
448 1098 551 1148 Θεῷ,
577 1098 654 1134 Οὐκ
676 1095 749 1147 ἔχει
766 1094 920 1139 ἐξουσίαν
937 1098 954 1133 6
966 1095 1139 1146 κεραμεὺς

116 1149 155 1185 ἐκ
179 1152 238 1186 τοῦ
256 1151 360 1187 αὐτοῦ
379 1152 492 1196 πηλοῦ
514 1150 660 1193 ποιῆσαι
677 1149 716 1186 τὸ
735 1147 797 1199 μὲν
817 1151 862 1191 εἷς
882 1147 987 1199 τιμὴν
1006 1151 1137 1196 σκεῦος,

115 1199 154 1237 τὸ
173 1200 209 1238 δὲ
232 1204 278 1244 εἰς
298 1201 464 1252 ἀτιμίαν,
495 1202 587 1248 Ναὶ,
615 1201 721 1253 φησί·
741 1202 864 1254 ’,καλῶς
884 1200 1137 1251 ἐπιστομίζεις·

115 1251 154 1290 τὸ
176 1253 211 1292 δὲ
234 1254 440 1305 ζητούμενον
469 1256 507 1292 οὐ
524 1253 636 1308 λύειςῶ
660 1253 720 1297 Ἐξ
737 1256 784 1291 ὧν
804 1254 871 1306 γὰρ
892 1253 1137 1304 ἐπιστομίζεις,

115 1307 312 1351 πλεονάζεις
332 1308 370 1345 τὸ
387 1308 560 1358 ἔγκλημα.
590 1308 679 1344 Eine
694 1307 774 1358 γὰρ,
792 1308 870 1344 Οὐκ
889 1307 962 1358 ἔχει
982 1306 1136 1350 ἐξουσίαν

115 1362 133 1396 ὁ
158 1359 331 1410 κεραμεὺς
360 1364 506 1406 ποιῆσαι
529 1360 568 1397 τὸ
594 1359 657 1409 μὲν
683 1363 803 1402 σκεῦος
822 1361 868 1403 εἷς
886 1359 1015 1409 τιμὴν,
1042 1359 1082 1397 τὸ
1102 1359 1138 1398 δὲ

114 1414 162 1454 εἰς
188 1412 348 1462 ἀτιμίαν,
380 1415 517 1451 Οὐκοῦν
546 1411 646 1455 αὐτός
675 1414 750 1449 ἐστι
777 1412 837 1450 καὶ
857 1415 874 1449 6
895 1410 972 1455 τοὺς
993 1410 1137 1462 ἀτίμους

115 1467 236 1502 ποιῶν.
265 1465 336 1502 Καὶ
360 1465 394 1503 τί
419 1464 470 1503 ἔτι
503 1463 623 1516 μέμφῃ
654 1481 732 1515 μοι,
756 1466 832 1510 Τῆς
853 1464 921 1516 γὰρ
944 1467 1060 1516 φωνῆς
1076 1480 1137 1503 σου

115 1516 245 1563 ταύτης
263 1520 326 1555 οὐκ
345 1518 533 1569 ἀνέχομαι·
551 1517 586 1560 ἐξ
605 1513 652 1556 ὧν
671 1517 738 1569 γὰρ
753 1519 790 1556 οὗ
805 1515 898 1560 λύεις
912 1516 951 1554 τὸ
965 1516 1137 1568 ἔγκλημα,

114 1569 312 1614 πλεονάζεις
337 1570 401 1618 τὴν
423 1569 583 1621 ἀπορίαν.
612 1569 682 1608 Διὰ
699 1575 801 1608 τοῦτο
816 1571 833 1606 6
849 1569 1041 1612 ἀπόστολος
1055 1597 1065 1614 ,
1082 1568 1138 1608 ὅτε

115 1623 324 1673 ἐπετίμησεν
343 1626 390 1667 ὡς
408 1622 760 1674 προπετευσαμένοις,
785 1622 863 1660 τότε
882 1623 1076 1675 διορθοῦται
1092 1624 1140 1665 ὡς

115 1675 396 1728 σφαλλομένους,
425 1675 483 1714 καὶ
502 1676 597 1726 λέγει
617 1675 679 1727 μὲν
699 1678 904 1728 ἀγανακτῶν
918 1691 925 1698 ·
948 1676 1137 1727 Μενοῦνγε,

115 1730 143 1765 ὠ
171 1729 331 1795 ἄνθρωπε
348 1760 356 1773 ,
386 1729 427 1767 σὺ
450 1727 501 1771 τίς
521 1738 551 1767 εἰ
572 1731 589 1766 6
612 1727 947 1781 ἀνταποκρινόμενος
965 1730 1015 1780 τῷ
1036 1730 1136 1780 Θεῷ;

151 1782 194 1818 ὐκ
223 1798 295 1833 εχει
323 1781 477 1826 ἐξουσίαν
503 1784 521 1818 6
551 1781 723 1834 κεραμεὺς
752 1785 791 1820 ἐκ
814 1784 875 1818 τοῦ
905 1782 1008 1818 αὐτοῦ
1026 1783 1139 1826 πηλοῦ

117 1836 263 1879 ποιῆσαι
285 1835 390 1881 σκεύη
402 1863 411 1879 ,
431 1833 476 1873 τὰ
498 1833 558 1885 μὲν
568 1837 625 1888 gie
639 1834 746 1885 τιμὴν
760 1864 770 1881 ,
788 1834 832 1872 τὰ
853 1833 889 1870 δὲ
905 1836 952 1876 εἷς
971 1833 1114 1884 ἀτιμίαν
1129 1849 1139 1881 3

117 1885 178 1929 ‘sse
198 1886 233 1924 δὲ
251 1888 420 1934 συνεῖδεν,
440 1886 493 1925 ὅτι
511 1886 544 1930 ἐξ
564 1890 611 1925 ὧν
631 1886 865 1937 ἐπιστομίζει,
883 1888 1014 1937 μᾶλλον
1033 1887 1139 1924 πλεο-

117 1939 212 1982 νάζει
235 1939 298 1986 τὴν
334 1940 533 1990 ἀντιλογίαν
550 1970 559 1987 ,
591 1940 713 1984 εὐθέως
738 1940 878 1991 ἐπάγει·
911 1941 955 1977 Εἰ
975 1938 1010 1976 δὲ
1031 1938 1138 1977 θέλων

115 1994 133 2029 6
150 1992 239 2035 Θεὸς
258 1992 494 2036 ἐπιδείξασθαι
509 1992 572 2040 τὴν
586 1993 705 2046 ὀργὴν,
725 1993 783 2030 καὶ
800 1991 967 2044 γνωρίσαι
984 1990 1023 2029 τὸ
1041 1993 1141 2029 δυνα-

116 2045 175 2082 τὸν
192 2046 310 2092 αὐτοῦ,
335 2045 478 2097 ἤνεγκεν
499 2047 534 2083 ἐν
555 2048 667 2092 πολλῆ
687 2045 923 2097 μακροθυμίᾳ.
953 2045 1055 2083 Κατὰ
1073 2044 1139 2095 μέ-

118 2113 175 2149 ρος
195 2097 402 2142 ἐξεταζέσθω)
429 2098 473 2136 τὰ
505 2098 664 2151 ῥῆματα’
686 2101 724 2136 οὗ
743 2098 810 2151 γάρ
829 2100 921 2135 ἐστιν
941 2096 1011 2136 ἀπὸ
1030 2099 1140 2149 ψιλῶν

117 2153 239 2203 φωνῶν
267 2150 500 2201 ἐκλαμὸάνειν
529 2151 592 2198 τὴν
623 2151 799 2197 ἀλήθειαν.
827 2150 964 2194 Ἔδειξε
993 2150 1053 2200 μὲν
1082 2150 1142 2188 καὶ

116 2203 331 2249 ἐπαίδευσεν,
351 2204 406 2242 ὅτι
425 2206 462 2241 οὐ
480 2205 530 2242 δεῖ
549 2205 646 2256 παρὰ
663 2207 722 2242 τοῦ
737 2206 829 2242 Θεοῦ
846 2203 946 2253 λόγον
967 2205 1141 2249 ἀπαιτεῖν,

115 2255 174 2293 καὶ
186 2257 422 2308 κατεχρήσατ’
438 2258 578 2300 Παῦλος
586 2261 628 2308 τῇ
644 2260 739 2309 φωνῇ
754 2261 813 2294 τοῦ
822 2259 914 2295 Θεοῦ
927 2255 984 2294 διὰ
995 2255 1142 2294 Ἡσαΐου
1176 2300 1179 2302 ,

115 2308 281 2361 λαλούσῃ.
306 2308 410 2361 Λέγει
435 2311 502 2361 γὰρ
527 2313 544 2348 ὁ
563 2311 652 2353 Θεὸς
677 2309 763 2362 πρὸς
789 2309 846 2347 τὸν
870 2309 1016 2347 παλαιὸν
1037 2308 1141 2347 λαόν·

116 2361 178 2408 Μὴ
209 2363 279 2412 ἐρεῖ
299 2362 338 2400 τὸ
365 2361 512 2413 πλάσμα
539 2365 588 2415 τῷ
614 2362 812 2409 πλάσαντι,
834 2360 869 2399 τί
888 2377 931 2412 με
953 2361 1142 2409 ἐποίησας;

118 2414 178 2461 Μὴ
213 2414 439 2465 ἀποκρίνεται
477 2419 494 2453 6
527 2416 638 2462 πηλὸς
667 2419 718 2468 τῷ
746 2420 915 2467 κεραμεῖ,
942 2414 976 2452 τί
1011 2421 1137 2463 ποιεῖς,

120 2466 168 2517 μὴ
186 2468 411 2519 ἀποκρίνεται
431 2467 469 2505 τὸ
483 2468 633 2518 πλάσμα
645 2471 695 2519 τῷ
709 2468 897 2515 πλάσαντι,
912 2467 946 2504 τί
964 2483 1007 2517 με
1022 2467 1142 2514 ἐποίη-

118 2535 202 2566 σας,
229 2518 350 2570 Ἵ“μεῖς
381 2519 416 2557 δὲ
445 2521 526 2572 περὶ
553 2524 621 2558 τῶν
649 2520 758 2573 ἔργων
780 2536 844 2571 μου
865 2518 1063 2558 ἐντέλλεσθέ
1082 2535 1141 2570 μοι

118 2571 178 2609 καὶ
195 2575 263 2609 τῶν
284 2575 366 2610 ὖιῶν
388 2588 467 2623 μου.
499 2575 532 2611 Τ
534 2572 575 2620 ὴν
597 2573 711 2625 φωνὴν
736 2578 795 2611 τοῦ
813 2571 959 2611 (Ησαίου
978 2572 1041 2618 τὴν
1059 2575 1140 2610 ἐπι-

119 2624 347 2675 στομίζουσαν
378 2626 520 2668 Παῦλος
551 2625 782 2675 ἐκλαμῧάνων
799 2656 808 2673 ,
852 2626 1046 2675 διορθοῦται
1079 2623 1142 2667 τὰς

119 2676 389 2730 ἀπεσφαλμένας
408 2677 561 2729 γνώμας.
598 2678 728 2716 Λοιπὸν
748 2677 792 2716 τὰ
810 2677 870 2727 μὲν
890 2680 952 2722 τῆς
971 2677 1139 2728 ἐπιτιμή-

118 2745 206 2773 σεως
227 2731 381 2782 ἐδείχθη,
395 2731 439 2769 τὰ
456 2730 491 2769 δὲ
511 2733 572 2776 τῆς
591 2730 722 2773 λύσεως
739 2729 986 2778 ἀκολουθείτω,
998 2729 1054 2767 ἵνα
1078 2729 1143 2779 μά-

118 2786 179 2832 θῃς
196 2812 206 2830 ,
220 2781 358 2835 ἀδελφὲ,
384 2783 438 2822 ὅτι
454 2784 594 2827 Παῦλος
614 2785 651 2821 οὐ
666 2784 751 2834 πρὸς
773 2783 835 2829 τὴν
869 2782 1048 2834 ἀκρίέειαν
1073 2784 1141 2820 τῶν

119 2834 338 2886 ζητουμένων
358 2836 562 2888 προσήγαγε
580 2835 640 2883 τὸ,
661 2836 712 2874 Σὺ
733 2836 785 2878 τίς
803 2831 834 2873 εἷ
858 2838 874 2873 ὃ
895 2834 1143 2887 ἀνταποκρινό-

120 2902 220 2937 μενος
239 2891 290 2940 τῷ
312 2890 415 2940 Θεῷ,
436 2888 526 2927 ἀλλὰ
548 2889 591 2926 δι’
614 2888 865 2940 ἀγανάκτησιν.
886 2889 1059 2926 Ἐνταῦθα
1080 2886 1141 2937 μὲν

117 2939 184 2992 γὰρ
207 2941 389 2994 ἐπιγράφει
410 2944 460 2992 τῷ
479 2941 618 2994 πλάστῃ
637 2941 681 2979 τὰ
700 2941 828 2988 πάντα,
851 2940 910 2978 καὶ
929 2940 1042 2992 λέγει·
1065 2942 1143 2978 Οὐκ

118 2993 192 3043 ἔχει
214 2991 367 3036 ἐξουσίαν
387 2996 405 3030 ὃ
424 2994 594 3045 κεραμεὺς
609 2997 648 3033 ἐκ
663 2997 722 3032 τοῦ
744 2996 846 3032 αὐτοῦ
862 2995 975 3040 πηλοῦ
996 2994 1141 3038 ποίῆσαι

118 3043 240 3092 σκεύη,
259 3045 304 3082 τὰ
324 3045 385 3096 μὲν
403 3047 450 3088 εἷς
463 3046 584 3097 τιμὴν,
599 3046 643 3085 τὰ
660 3046 695 3085 δὲ
713 3048 760 3089 εἷς
778 3045 944 3097 ἀτιμίαν;
966 3043 1141 3082 Ἐνταῦθα

118 3097 204 3149 πρὸς
223 3098 382 3136 ἔνστασιν
401 3098 524 3142 λαλεῖ,
552 3101 590 3136 οὐ
610 3099 695 3150 πρὸς
714 3098 777 3144 τὴν
799 3098 978 3150 ἀκρίδειαν
1003 3100 1063 3135 τοῦ
1082 3097 1139 3134 ὃό-
1158 3100 1162 3101 ’

119 3166 261 3202 γματος.
292 3151 461 3203 Ἀλλαχοῦ
487 3151 523 3188 δὲ
553 3151 757 3202 βουλόμενος
784 3150 912 3198 δεῖξαι,
944 3150 996 3188 ὅτι
1023 3153 1142 3192 σκεῦος

118 3206 243 3253 τιμῆς,
276 3203 336 3241 καὶ
364 3207 484 3247 σκεῦος
511 3204 652 3254 ἀτιμίας
673 3205 736 3242 οὐκ
753 3203 822 3241 ἀπὸ
840 3207 899 3241 τοῦ
919 3204 1010 3241 Θεοῦ
1029 3217 1141 3239 κατα-

121 3255 338 3303 σκευάζεται,
358 3255 435 3293 ἀλλ’
457 3256 526 3294 ἀπὸ
544 3260 606 3302 τῆς
627 3259 695 3294 τῶν
716 3255 954 3307 ἐργαζομένων
976 3253 1142 3307 προαιρέ-

122 3323 220 3355 σεως,
239 3308 261 3354 ἢ
280 3309 365 3361 πρὸς
382 3307 426 3345 τὰ
445 3311 559 3367 φαῦλα
577 3308 747 3362 ῥεπούσης
759 3339 768 3356 ,
787 3307 809 3354 ἢ
829 3308 914 3359 πρὸς
930 3307 992 3353 τὴν
1015 3306 1140 3359 ἀρετὴν

126 3360 341 3410 βλεπούσης,
371 3359 465 3412 λέγει
488 3363 538 3413 τῷ
566 3360 750 3411 Τιμοθέῳ·
774 3362 897 3398 Ταῦτα
916 3359 1039 3412 γράφω
1057 3359 1143 3405 πρὸς

124 3411 174 3459 σὲ,
190 3412 246 3450 ἵνα
262 3413 339 3463 ἴδῃς
352 3416 425 3456 πῶς
446 3415 495 3451 δεῖ
516 3416 549 3452 ἐν
566 3413 649 3465 οἴκῳ
665 3415 756 3452 Θεοῦ
773 3413 1058 3466 ἀναστρέφεσθαι.
1079 3415 1086 3427 ’
1097 3414 1142 3450 {iv

1169 2895 1190 2924 D

1210 525 1255 550 ex
1282 512 1426 563 vulgari
1459 525 1578 549 rerum
1619 525 1685 548 usu
1729 509 1912 548 edoceris?
1948 512 2039 547 Nam
2077 525 2197 550 servus

1211 564 1273 615 qui
1287 579 1352 617 pro
1367 565 1530 602 libertate
1544 563 1713 611 decertat,
1731 572 1919 615 postquam
1939 563 1974 600 in
1990 563 2197 601 servitutem

1211 616 1374 655 redactus
1395 626 1459 666 est,
1484 631 1551 653 uon
1572 616 1678 653 audet
1696 617 1772 668 ipse
1789 615 1958 653 obsistere
1973 646 1982 663 ,
2002 615 2061 652 sed
2085 616 2197 654 alium

1210 670 1359 708 assumit
1377 670 1438 720 qui
1458 684 1493 707 sc
1511 669 1692 719 defendat,
1720 683 1763 706 ne
1786 683 1974 719 personam
2001 668 2093 706 servi
2120 669 2196 707 heri

1210 723 1265 760 sui
1293 723 1494 774 conspectui
1523 730 1703 773 opponat:
1729 731 1762 759 ct
1796 730 1849 771 tu,
1886 721 2046 759 mortalis
2072 721 2193 770 hoino,

1211 776 1246 813 in
1266 775 1478 813 immortalis
1501 774 1598 812 illius
1630 783 1855 826 conspectum
1883 774 1983 824 quasi
2012 788 2075 824 par
2098 783 2130 811 tc
2151 774 2196 811 si-

1210 828 1301 866 stis?
1326 830 1420 879 Quis
1444 842 1482 866 es
1509 831 1576 880 qui
1602 828 1833 878 respondeas
1864 829 1968 865 Deo?
1996 827 2196 877 Tempora-

1211 895 1295 919 neus
1324 881 1510 919 AEternum
1536 880 1672 917 curiose
1700 880 1902 932 perquiris?
1930 879 2090 916 mortalis
2127 881 2180 917 Im

1211 934 1423 972 mortalem?
1438 933 1500 984 qui
1525 933 1561 970 in
1584 933 1746 984 sepulcro
1773 932 2008 984 corrumperis
2034 946 2113 970 eum
2135 932 2197 982 qui

1214 987 1249 1024 in
1277 987 1363 1025 caelo
1389 986 1553 1024 habitat?
1590 986 1651 1036 qui
1682 1000 1701 1023 a
1734 994 1825 1023 terra
1863 985 2072 1022 alimentum
2108 985 2198 1022 acci-

1213 1040 1268 1092 pis
1288 1048 1321 1077 et
1340 1040 1377 1077 in
1403 1049 1535 1077 terram
1554 1038 1753 1088 reverteris,
1771 1038 1817 1076 ab
1841 1052 1880 1076 eo
1907 1038 1968 1088 qui
1988 1037 2082 1074 omni
2105 1047 2196 1075 tem-

1212 1107 1298 1145 pore
1314 1092 1408 1131 vivit
1427 1092 1599 1129 rationem
1623 1091 1812 1143 exposcis?
1835 1093 1866 1129 0
1887 1092 2018 1137 homo,
2047 1099 2087 1128 τιι
2112 1093 2198 1142 quis
2215 1101 2331 1129 Μίαν,
2346 1109 2394 1128 21.

1213 1159 1264 1192 es,
1278 1148 1345 1198 qui
1357 1146 1589 1197 respondeas
1601 1145 1686 1181 Deo
1697 1148 1713 1181 P
1724 1145 1874 1182 Annon
1891 1145 2005 1181 habet
2023 1152 2196 1194 potesta-

1214 1207 1289 1236 tem
1302 1199 1446 1249 figulus
1469 1212 1516 1234 ex
1538 1198 1670 1234 eodem
1693 1198 1774 1234 luto
1802 1197 1914 1234 aliud
1930 1210 2006 1233 ‘vas
2018 1198 2060 1233 in
2073 1198 2196 1233 hono-

1212 1265 1306 1297 rem,
1327 1251 1439 1288 aliud
1460 1253 1502 1287 in
1525 1251 1948 1302 contwneliamsacere
1960 1253 1976 1285 P
1990 1248 2122 1295 Etiam,
2140 1250 2195 1286 in-

1211 1304 1322 1354 quiet,
1348 1303 1437 1341 bene
1461 1303 1628 1352 refrenas,
1654 1302 1715 1340 sed
1738 1302 1967 1352 quaestionem
1989 1316 2058 1339 non
2078 1302 2199 1340 solvis.

1213 1357 1311 1393 Dum
1336 1357 1490 1394 refrenas
1518 1356 1624 1403 enim,
1651 1355 1910 1393 accusationem
1939 1368 2060 1404 auges.
2092 1354 2199 1392 Dixit

1212 1409 1306 1447 enim
1325 1425 1333 1445 :
1354 1408 1505 1446 Annon
1526 1410 1641 1445 habet
1657 1416 1885 1459 potestatem
1902 1407 2198 1460 figulussacere

1213 1476 1287 1499 vas
1310 1463 1423 1499 aliud
1434 1464 1475 1497 in
1490 1462 1688 1510 honorem,
1704 1461 1816 1497 aliud
1838 1473 1932 1497 vero
1947 1463 1988 1496 in
2004 1468 2199 1497 contume-

1214 1515 1309 1552 liam
1321 1519 1337 1551 P
1352 1513 1470 1564 Igitur
1487 1513 1547 1550 ille
1567 1513 1819 1564 ignominiosos
1840 1512 1936 1549 facit.
1956 1513 2029 1549 Cur
2048 1527 2130 1564 ergo
2144 1527 2200 1551 mc

1213 1566 1472 1618 reprehendis?
1504 1566 1603 1603 Hanc
1629 1579 1754 1604 vocem
1784 1579 1853 1603 non
1886 1565 2040 1602 sustineo
2074 1581 2080 1601 :
2110 1565 2198 1603 dum

1213 1620 1308 1657 enim
1337 1619 1596 1656 accusationem
1627 1632 1697 1656 non
1721 1618 1847 1665 solvis,
1876 1631 1983 1667 auges
2007 1617 2201 1656 dubitatio-

1212 1686 1307 1718 nem.
1329 1672 1469 1710 Idcirco
1488 1672 1669 1723 apostolus
1690 1685 1772 1708 cum
1791 1679 1829 1707 ut
1850 1670 2048 1722 petulantes
2067 1685 2201 1722 repres-

1212 1725 1271 1771 sit,
1295 1734 1380 1762 tunc
1409 1733 1449 1762 ut
1474 1733 1630 1762 errantes
1656 1723 1834 1773 emendat,
1863 1732 1968 1773 atque
1995 1722 2202 1774 indignatus

1212 1777 1356 1828 quidem
1365 1777 1470 1815 dicit:
1485 1779 1517 1815 0
1531 1779 1657 1823 homo,
1676 1786 1716 1814 tu
1728 1779 1812 1828 quis
1823 1790 1876 1825 es,
1893 1779 1960 1827 qui
1973 1777 2202 1826 respondeas

1212 1831 1318 1868 Deo?
1328 1831 1371 1868 A
1375 1845 1480 1868 nnon
1488 1838 1612 1882 potest
1615 1830 1769 1882 figulus
1777 1844 1823 1866 ex
1834 1830 1966 1866 eodem
1980 1829 2068 1880 luto·
2074 1830 2205 1877 faeere

1213 1897 1328 1931 vasa,
1353 1884 1436 1921 alia
1455 1886 1496 1920 in
1518 1885 1716 1925 honorem,
1740 1883 1823 1920 alia
1836 1884 1878 1918 in
1896 1881 2203 1919 contumeliam?

1214 1937 1264 1974 Ut
1290 1945 1409 1973 autem
1437 1935 1690 1973 animadvertit
1709 1949 1767 1985 se,
1787 1935 1877 1972 dum
1906 1934 2082 1986 reprimit,
2109 1948 2205 1984 quec-

1213 1988 1362 2026 stionem
1378 1988 1492 2040 magis
1506 2001 1649 2039 augere,
1664 1988 1785 2025 statim
1803 1987 1990 2039 subjungit
2012 2003 2020 2022 :
2047 1988 2160 2037 Quod
2172 1988 2205 2025 si
2221 2002 2302 2033 md,
2315 2014 2341 2029 v,
2355 2011 2404 2030 22,

1215 2043 1323 2079 Deus
1345 2042 1482 2079 volens
1508 2041 1706 2078 ostendere
1733 2043 1847 2085 iram,
1867 2048 1901 2077 et
1921 2048 2054 2077 notam
2063 2041 2205 2091 facere

1212 2098 1427 2146 potentiam
1447 2107 1570 2140 suam,
1594 2095 1778 2131 sustinuit
1792 2095 1834 2129 in
1848 2092 1972 2129 multa
1994 2094 2201 2143 patientia.

1216 2147 1435 2199 Singillatim
1465 2146 1714 2183 examinentur
1744 2144 1855 2183 verba
1885 2160 1893 2180 z
1923 2157 1992 2182 non
2015 2153 2129 2196 potest
2159 2158 2205 2182 ex

1216 2200 1443 2252 simplicibus
1458 2199 1606 2237 vocibus
1625 2198 1756 2237 veritas
1774 2196 1921 2250 percipi.
1939 2197 2103 2234 Ostendit
2123 2197 2204 2247 qui-

1217 2252 1300 2290 dem
1317 2262 1352 2291 et
1370 2251 1491 2290 docuit
1515 2266 1585 2289 non
1612 2260 1773 2303 oportere
1789 2264 1809 2287 a
1827 2251 1905 2287 Deo
1931 2250 2102 2287 rationem
2129 2249 2204 2287 exi-

1217 2319 1322 2358 gere,
1340 2319 1495 2356 ususque
1515 2313 1566 2342 est
1582 2304 1715 2341 Paulus
1736 2316 1823 2340 voce
1843 2302 1911 2339 Dei
1926 2316 1989 2354 per
2002 2303 2134 2340 Isa'i‘am
2152 2302 2203 2340 lo-

1216 2358 1368 2410 quentis.
1403 2358 1503 2395 Dicit
1532 2356 1627 2394 enim
1656 2356 1754 2393 Deus
1781 2355 1891 2393 veteri
1917 2355 2051 2406 populo
2073 2371 2081 2391 :
2100 2357 2404 2406 M1m1511i.45.9.

1216 2413 1316 2449 dicet
1341 2412 1463 2449 lutum
1476 2410 1621 2463 flgulQ
1640 2410 1718 2447 Cur
1741 2422 1800 2445 me
1805 2409 1945 2460 fecisti
1957 2412 1973 2443 P
1987 2409 2083 2445 Num
2108 2407 2205 2446 dicet

1216 2464 1333 2501 lutum
1364 2464 1491 2513 figulo,
1521 2461 1619 2508 Quid
1648 2461 1764 2498 facis?
1787 2473 1874 2497 num
1903 2459 1994 2497 dicit
2017 2460 2203 2511 opificium

1215 2516 1351 2568 opifici,
1380 2517 1453 2553 Cur
1478 2529 1534 2552 me
1561 2513 1704 2551 fecisti?
1723 2515 1799 2552 Vos
1821 2512 1914 2549 circa
1939 2526 2043 2564 opera
2070 2527 2146 2550 mea
2171 2523 2204 2551 et

1215 2566 1310 2607 filios
1325 2568 1493 2606 mandata
1517 2566 1608 2604 mihi
1633 2565 1737 2603 datis.
1755 2566 1891 2604 Vocem
1909 2565 2010 2602 Isaiae
2026 2566 2204 2603 refrenan-

1215 2631 1287 2659 tem
1316 2621 1447 2658 Paulus
1472 2633 1661 2670 usurpans,
1680 2631 1843 2656 erroneas
1870 2618 2058 2656 sententias
2081 2633 2201 2656 emen-

1215 2673 1287 2711 dat.
1308 2675 1388 2712 Jam
1416 2671 1614 2710 emendatio
1638 2670 1832 2723 praecessit,
1854 2669 1983 2708 solutio
2008 2680 2201 2721 sequatur:

1217 2736 1256 2764 ut
1265 2727 1394 2775 discas,
1403 2726 1546 2775 dilecte,
1561 2725 1713 2762 Paulum
1722 2737 1791 2760 non
1807 2722 1850 2760 ad
1860 2731 2059 2760 accuratam
2076 2724 2203 2773 quaesi-

1216 2788 1335 2817 torum
1345 2778 1557 2817 solutionem
1570 2776 1759 2828 protulisse
1771 2775 1879 2825 illud,
1901 2777 1934 2813 T
1933 2789 1958 2813 u
1970 2778 2056 2827 quis
2068 2790 2121 2822 es,
2136 2779 2204 2828 qui

1216 2833 1447 2883 respondeas
1466 2832 1551 2868 Deo
1565 2834 1581 2866 Ξ)
1598 2828 1659 2867 sed
1677 2842 1723 2866 ex
1741 2828 2000 2879 indignatione.
2022 2828 2090 2866 Hic
2108 2828 2203 2866 enim

1216 2884 1337 2937 opifici
1353 2883 1472 2921 omnia
1492 2882 1679 2932 adscribit,
1697 2890 1731 2919 et
1749 2880 1839 2919 dicit
1856 2896 1864 2917 :
1882 2882 1973 2919 Non
1995 2882 2111 2918 hahet
2133 2894 2201 2932 po-

1217 2946 1392 2975 testatem
1415 2935 1560 2988 figulus
1587 2950 1634 2973 ex
1661 2935 1793 2972 eodem
1823 2934 1904 2971 luto
1919 2935 2061 2986 facere
2082 2947 2198 2980 vasa,

1215 2990 1298 3027 alia
1317 2992 1358 3026 in
1377 2990 1576 3038 honorem,
1600 2988 1683 3025 alia
1703 2989 1744 3024 in
1757 2986 2136 3024 contumeliam?Hic
2156 2984 2201 3023 ad

1215 3042 1266 3080 rei
1278 3042 1481 3093 institutum
1497 3040 1657 3091 loquitur
1669 3069 1679 3088 ‚
1701 3053 1769 3077 non
1784 3039 1830 3076 ad
1843 3047 2047 3076 accuratum
2058 3037 2198 3088 dogma.

1216 3094 1313 3132 Alibi
1332 3108 1417 3133 vero
1442 3102 1482 3131 ut
1507 3093 1669 3131 ostendat
1691 3107 1755 3132 vas
1772 3092 1807 3129 in
1826 3092 2010 3140 honorem,
2031 3099 2064 3128 et
2084 3104 2145 3127 vas
2163 3090 2198 3126 in

1215 3147 1465 3185 contumeliam
1484 3160 1551 3184 non
1568 3160 1589 3183 a
1608 3147 1684 3184 Deo
1704 3145 1812 3194 effici,
1829 3143 1891 3182 sed
1911 3144 1956 3181 ab
1976 3141 2200 3194 operantium

1215 3200 1412 3253 proposito,
1427 3199 1524 3250 quod
1541 3199 1599 3236 vel
1615 3198 1661 3236 ad
1678 3198 1772 3236 mala
1798 3197 1966 3242 declinat,
1985 3195 2041 3232 vel
2059 3193 2106 3231 ad
2124 3193 2195 3231 vir-

1215 3262 1327 3291 tutem
1345 3252 1503 3305 respicit,
1527 3251 1719 3289 Timotheo
1738 3249 1826 3287 dicit
1849 3265 1856 3284 :
1880 3249 1974 3285 Hoec
1991 3247 2044 3284 ad
2056 3255 2092 3283 te
2107 3249 2199 3283 scri-
2219 3268 2243 3286 x.
2270 3258 2345 3285 sz.
2367 3256 2398 3285 3,

1218 3308 1276 3353 b0,
1303 3314 1344 3343 ut
1367 3308 1467 3344 scias
1497 3304 1687 3356 quomodo
1718 3309 1889 3353 oporteat
1917 3302 1957 3336 in
1985 3300 2098 3335 domo
2123 3299 2199 3335 Dei
2218 3302 2262 3336 ¹4-
2285 3298 2332 3327 ¹5·

1216 3360 1450 3397 conversari.
1468 3359 1517 3394 In
1535 3370 1675 3407 magna
1700 3362 1825 3392 autem
1850 3353 1962 3388 domo
1983 3364 2059 3387 non
2075 3351 2199 3388 solum
2217 3372 2244 3391 2,
2267 3362 2346 3390 Tim.
2370 3370 2400 3390 2,

1217 3419 1306 3449 sunt
1328 3424 1429 3449 vasa
1454 3423 1573 3447 aurea
1589 3417 1621 3445 et
1640 3414 1836 3457 argentea,
1866 3405 1932 3442 sed
1954 3412 1989 3440 et
2010 3404 2136 3454 lignea
2165 3411 2202 3441 et
2216 3413 2265 3432 20-
