2481 3678
649 229 687 258 {N
725 228 929 258 JoxNNEM
968 228 1122 259 llOMlL.

88 316 129 365 τῇ
148 314 262 353 πίστει
279 315 501 368 προσάγεται.
527 314 594 353 Διὰ
614 319 711 352 τοῦτο
731 315 790 352 καὶ
810 315 909 358 αὐτὸς
936 314 1105 358 ἀκούσας,

88 374 149 420 Μὴ
179 375 303 426 μείζων
325 369 355 413 εἶ’
373 379 433 412 τοῦ
451 375 581 427 πατρὸς
601 378 701 425 ἡμῶν
722 376 870 424 Ἰακώὸς
889 376 946 414 τὸν
978 373 1108 413 'lambo'

87 436 184 486 ἀφεὶς
200 465 209 482 ,
232 436 311 487 περὶ
331 439 389 474 τοῦ
410 435 532 479 ὕδατος
553 436 750 487 διαλέγεται
768 436 878 487 λέγων
893 451 900 459 ·
916 437 994 477 Πᾶς
1013 438 1030 472 ὁ
1047 434 1106 471 πί-

86 511 153 532 νων
170 497 210 533 ἐκ
236 500 296 533 τοῦ
327 495 450 539 ὕδατος
469 496 609 542 τούτου,
631 496 769 548 διψήσει
797 496 923 533 πάλιν·
954 494 1014 532 καὶ
1044 493 1108 539 τὴν

87 557 267 607 σύγκρισιν
293 558 354 594 οὐκ
386 557 455 594 ἀπὸ
485 557 697 609 κατηγορίας
711 586 720 603 ,
755 558 832 593 ἀλλ’
865 555 899 599 ἐξ
933 555 1110 605 ὑπεροχῆς

86 623 249 655 ποιεῖται.
267 619 320 655 Οὐ
334 617 401 669 γὰρ
416 618 530 669 λέγει,
548 618 600 656 ὅτι
615 619 654 656 τὸ
668 617 759 669 ὕδωρ
772 619 874 653 τοῦτο
889 614 985 652 οὐδέν
1002 615 1110 661 ἐστιν,

87 677 160 716 οὐδ’
179 678 233 717 ὅτι
260 679 394 722 εὐτελὲς
413 679 471 716 καὶ
500 678 798 731 εὐκαταφρόνητον
814 692 821 699 ·
843 677 918 713 ἀλλ’
947 675 1032 726 ὅπερ
1052 674 1111 712 καὶ

87 743 108 784 ἡ
128 738 226 790 φύσις
246 745 435 792 μαρτυρεῖ,
453 744 553 779 τοῦτο
568 740 706 786 τίθησι·
726 739 804 781 Πᾶς
824 741 841 775 ὃ
862 736 972 775 πίνων
994 737 1033 773 ἐκ
1051 740 1111 774 τοῦ

88 799 210 843 ὕδατος
236 801 376 847 τούτου,
399 802 537 852 διψήσει
555 800 660 838 πάλιν
675 814 682 822 ·
702 799 737 842 ὃς
764 800 793 836 δ’
823 798 862 835 ἂν
885 797 946 849 πίῃ
979 798 1018 834 ἐκ
1050 799 1110 834 τοῦ

89 859 211 904 ὕδατος
237 857 274 899 οῧ
315 861 382 912 ἐγὼ
407 862 508 899 δώσω
533 863 648 913 αὐτῷ,
666 862 704 898 οὐ
725 859 772 910 μὴ
804 859 942 911 διψήσει
975 860 1024 901 εἰς
1054 857 1111 895 τὸν

93 924 213 959 αἰῶνα.
234 922 408 960 ’Ἤκουσεν
427 921 519 973 ὕδωρ
545 923 611 965 ζῶν
629 924 651 966 ἦ
674 920 760 971 γυνὴ
781 920 848 972 πρὸ
869 919 1009 964 τούτου,
1035 919 1112 956 ἀλλ’

89 985 148 1020 οὐκ
169 982 320 1030 ἐνόησεν.
338 982 484 1029 Ἐπειδὴ
505 982 572 1034 γὰρ
594 982 653 1019 καὶ
683 980 774 1033 ὕδωρ
802 983 868 1025 ζῶν
887 980 952 1017 ειτὸ
972 979 1112 1018 ἀένναον

89 1042 147 1080 καὶ
174 1042 361 1086 διαπαντὸς
389 1043 580 1088 ἀναὸλύζον
608 1042 771 1093 λέγεται,
800 1044 867 1079 τῶν
889 1044 1041 1093 κρουνῶν
1073 1042 1111 1078 οὗ

89 1104 382 1155 διακοπτομένων,
403 1109 503 1142 τοῦτο
523 1104 680 1154 ἐνόμισεν
698 1107 720 1150 ἡ
745 1102 830 1155 γυνὴ
851 1102 1024 1153 λέγεσθαι.
1044 1102 1113 1140 Διὰ

90 1165 131 1211 δὴ
154 1170 254 1204 τοῦτο
273 1166 483 1218 σαφέστερον
506 1168 592 1216 αὐτῇ
618 1166 738 1203 λοιπὸν
759 1165 776 1202 ὃ
798 1164 896 1214 ἔλεγε
923 1163 1112 1208 καθιστὰς,

89 1226 148 1263 καὶ
175 1226 244 1264 ἀπὸ
259 1226 471 1278 συγκρίσεως
498 1226 561 1273 τὴν
585 1225 761 1278 ὑπεροχὴν
780 1225 998 1274 ποιούμενος,
1018 1223 1111 1269 ἐπή-

89 1302 174 1337 γαγε
194 1287 324 1338 λέγων·
354 1287 422 1330 ὓΟς
454 1288 482 1324 δ’
514 1286 554 1324 ἂν
579 1286 642 1337 πίῃ
669 1288 708 1324 ἐκ
737 1290 797 1324 τοῦ
818 1285 942 1328 ὕδατος
980 1279 1019 1321 οἷ
1043 1283 1112 1335 ἐγὼ

90 1347 191 1385 δώσω
211 1350 321 1400 αὐτῷ,
339 1350 376 1386 οὐ
392 1348 440 1398 μὴ
457 1347 594 1400 διψήσει
614 1350 661 1390 εἷς
677 1346 736 1385 τὸν
751 1349 860 1384 αἰῶνα
872 1361 879 1369 ·
901 1345 956 1383 διὰ
975 1345 1110 1392 τούτου,

89 1424 208 1460 ωσπερ
227 1408 324 1460 ἔφην,
352 1409 386 1446 δε
373 1424 483 1451 =27.vue;
502 1408 566 1454 τὴν
585 1407 774 1459 ὑπεροχὴν,
793 1422 852 1445 και
871 1405 928 1443 διὰ
949 1408 1018 1443 τῶν
1035 1406 1112 1452 ἑξῆς

89 1472 210 1520 εἷρηυ.ε
197 1469 304 1506 ’ν·ων
325 1485 456 1507 τουτων
477 1469 543 1520 γὰρ
563 1468 658 1506 ουδεν
673 1469 747 1520 ἔχει
765 1469 805 1506 τὸ
823 1466 987 1512 αἰσθητὸν
1003 1467 1108 1518 ὕδωρ.

89 1529 216 1567 Τίνα
199 1529 236 1566 οέ
255 1531 329 1567 ἔστι
348 1545 392 1567 τα
411 1529 505 1576 ἑξῆς;
525 1529 748 1575 Γενησεται’
734 1544 768 1565 εν
789 1529 881 1578 αὖτῳ
902 1527 998 1578 πηγὴ
1024 1526 1112 1564 ὕδα-

88 1604 144 1632 τος
159 1589 351 1640 ἁλλομένου
371 1591 418 1633 εἷς
436 1589 526 1636 ζωὴν
547 1588 697 1626 αἰώνιον.
719 1587 859 1640 εὨσπερ
876 1587 943 1639 γὰρ
961 1590 978 1625 ὁ
994 1587 1110 1636 πηγὴν

88 1650 182 1688 ἔνδον
215 1651 305 1702 ἔχων
337 1650 584 1701 ἀποκειμένην,
612 1652 674 1688 οὐκ
706 1649 744 1686 ἂν
767 1648 866 1696 ἁλοίη
895 1649 977 1701 δίψῃ
1008 1648 1107 1687 ποτέ·

88 1711 195 1755 οὕτως
213 1711 289 1750 οὐδὲ
306 1715 322 1750 ὁ
337 1712 376 1749 τὸ
395 1711 486 1764 ὕδωρ
503 1716 605 1750 τοῦτο
625 1711 727 1763 ἔχων.
745 1710 815 1748 Καὶ
835 1710 1037 1748 ἐπίστευσεν
1055 1713 1109 1748 εὖ·

88 1772 172 1816 θέως
191 1776 212 1819 ἡ
235 1772 340 1824 γυνὴ,
373 1774 460 1811 πολὺ
492 1776 552 1811 τοῦ
574 1772 776 1822 Νικοδήμου
797 1771 1015 1823 συνετωτέρα
1043 1787 1109 1824 φα-

87 1839 184 1871 νεῖσα
196 1850 203 1857 ·
221 1836 258 1872 οὐ
275 1835 492 1887 συνετωτέρα
509 1834 544 1872 δὲ
562 1834 677 1884 μόνον,
694 1833 784 1871 ἀλλὰ
797 1833 856 1870 καὶ
876 1833 1110 1885 ἀνδρειοτέρα.

86 1896 242 1938 ΞΕκεῖνος
260 1894 322 1945 μὲν
347 1896 412 1948 γὰρ
444 1896 575 1948 μυρίων
595 1894 759 1932 τοιούτων
779 1893 926 1942 ἀκούων,
948 1893 1026 1932 οὔτε
1047 1895 1110 1932 ἅλ-

87 1958 146 1994 λον
163 1955 241 1993 τινὰ
257 1955 315 1993 ἐπὶ
335 1961 437 1994 τοῦτο
452 1957 471 1975 *
482 1956 658 2003 ἐκάλεσεν,
680 1954 757 1992 οὔτε
782 1954 882 1998 αὐτὸς
897 1956 1112 2007 ἐπαρρησιά-

88 2033 192 2056 σατο·
214 2016 300 2063 αὕτη
330 2017 365 2055 δὲ
391 2016 608 2055 ἀποστολικὰ
627 2016 863 2054 ἐπιδείκνυται
890 2016 1084 2067 πράγματα
1099 2047 1109 2066 ,

87 2080 220 2121 πάντας
234 2078 520 2129 εὖαγγελιζομένη
541 2078 599 2116 καὶ
618 2079 772 2116 καλοῦσα
787 2077 872 2128 πρὸς
890 2077 948 2115 τὸν
962 2077 1112 2125 Ἰησοῦν,

88 2140 145 2178 καὶ
162 2139 263 2178 πόλιν
280 2139 469 2190 ὁλόκληρον
486 2138 637 2177 ἕλκουσα
653 2139 717 2183 ἔξω
736 2138 821 2190 πρὸς
840 2137 953 2176 αὐτόν.
976 2140 1111 2177 Κάκεῖ-

88 2216 141 2243 νος
161 2200 223 2251 μὲν
244 2200 416 2247 ἀκούσας,
448 2199 545 2250 ἔλεγε
559 2216 566 2224 ·
596 2202 680 2243 Πῶς
713 2199 856 2237 δύναται
875 2202 985 2237 ταῦτα
1011 2201 1106 2252 γενέ-

87 2265 187 2308 σοα1;
208 2261 265 2299 καὶ
285 2266 344 2299 τοῦ
366 2262 520 2314 Χριστοῦ
549 2261 663 2304 θέντος
690 2260 916 2312 παράδειγμα
939 2260 1046 2312 σαφὲς
1071 2261 1110 2299 τὸ

87 2327 146 2361 τοῦ
165 2323 312 2373 ἀνέμου,
332 2321 408 2360 οὐδὲ
427 2322 516 2360 οὕτω
534 2321 592 2360 τὸν
608 2322 709 2374 λόγον
729 2320 953 2365 κατεδέξατο·
981 2325 1002 2368 ἡ
1023 2323 1110 2374 γυνὴ

87 2383 122 2421 δὲ
141 2385 207 2436 οὐχ
221 2384 326 2427 οὕτως
339 2413 349 2431 ,
366 2384 456 2422 ἀλλὰ
469 2385 509 2422 τὸ
529 2383 589 2434 μὲν
607 2386 745 2434 πρῶτον
756 2383 902 2434 ἠπόρει,
918 2382 1058 2435 ὕστερον
1074 2383 1110 2422 δὲ

87 2447 124 2482 οὐ
137 2445 226 2495 μετὰ
240 2447 458 2490 κατασκευῆς
474 2444 644 2494 δεξαμένη
662 2444 719 2482 τὸν
738 2443 852 2494 λόγον,
872 2445 948 2481 ἀλλ’
967 2446 1002 2481 ἐν
1023 2448 1109 2483 ἀπο-

88 2506 222 2557 φάσεως
235 2505 351 2551 τάξει,
366 2506 422 2543 ἐπὶ
439 2505 502 2551 τὴν
518 2506 623 2556 λῆψιν
641 2504 762 2547 εὐθέως
781 2506 970 2555 ἐπείγεται.
988 2505 1109 2544 Ἔπει-

88 2566 128 2612 δὴ
149 2567 216 2617 γὰρ
248 2561 342 2604 εἶπεν
363 2569 380 2604 ὁ
404 2566 554 2618 Χριστός
570 2581 577 2588 ·
610 2566 801 2611 Γενήσεται
836 2568 868 2603 ἐν
899 2568 992 2617 αὐτῷ
1013 2566 1109 2618 πηγὴ

87 2628 208 2670 ὕδατος
227 2627 418 2678 ἁλλομένου
438 2628 486 2669 εἷς
512 2625 602 2672 ζωὴν
632 2625 781 2662 αἰώνιον·
814 2625 936 2668 εὐθέως
967 2627 1071 2677 φησὶν
1088 2630 1110 2672 ἡ

87 2688 192 2740 γυνή·
214 2688 280 2731 Δός
314 2703 371 2738 μοι
401 2692 503 2726 τοῦτο
522 2687 560 2724 τὸ
587 2686 698 2738 ὕδωρ,
725 2684 780 2723 ἵνα
814 2685 862 2735 μὴ
894 2687 1002 2737 διψῶ,
1023 2686 1111 2736 μηδὲ

87 2750 248 2802 ἔρχωμαι
272 2749 390 2786 ἐνθάδε
412 2749 565 2785 ἀντλεῖν.

140 2810 249 2863 Ορας
263 2808 369 2852 πως”
399 2808 489 2848 κατὰ
513 2807 635 2860 μικρὸν
657 2824 742 2860 προς
768 2809 808 2846 τὸ
835 2824 904 2845 των
927 2808 1111 2880 δογμάτων

86 2871 168 2923 ὕψος
192 2870 375 2922 ἀναγεται;
409 2871 555 2921 Πρῶτον
591 2869 747 2907 ἐνόμισεν
780 2885 880 2907 αυτον
907 2868 1111 2920 παράνομον

87 2931 174 2969 εἰναί
202 2947 281 2969 τινα
301 2931 489 2969 Ιουδαῖον·
520 2934 596 2968 εἶτα
629 2930 749 2976 ἐπειδὴ
782 2930 910 2976 ταύτην
933 2928 1110 2982 ἀπεκρού-

87 3008 173 3030 σατο
186 2992 249 3038 τὴν
266 2991 477 3043 κατηγορίαν
492 2995 504 3039 (
517 2992 585 3030 ἔδει
599 2991 666 3043 γαρ
687 2991 735 3042 μὴ
755 2996 842 3029 εἰναι
864 2991 903 3029 τὸ
924 2990 1111 3042 πρόσωπον

86 3053 240 3091 ὕποπτον
265 3054 305 3091 τὸ
332 3053 456 3102 μέλλον
485 3056 629 3090 τοιαῦτα
651 3052 759 3099 αὐτὴν
790 3055 988 3103 κατηχεῖν),
1011 3050 1112 3089 ἀκού-

87 3128 178 3150 σασα
201 3112 292 3164 ὕδωρ
319 3116 398 3160 ζῶν,
413 3113 551 3164 ἐνόμισε
581 3113 662 3164 περὶ
691 3116 854 3159 αἰσθητοῦ
883 3115 983 3149 τοῦτο
1008 3111 1110 3161 λέγε-

87 3177 177 3212 σθαι.
197 3173 368 3226 Ἵ”στερον
387 3173 423 3212 δὲ
449 3177 603 3224 μαθοῦσα
616 3175 669 3212 ὅτι
689 3172 910 3225 πνευματικὰ
929 3167 970 3219 ἦν
990 3171 1033 3209 τὰ
1049 3173 1107 3210 λε-

132 3328 143 3342 ⁸
163 3317 222 3349 Alii
241 3324 287 3352 καὶ
303 3325 422 3353 &eb-2292·
441 3327 473 3355 το
491 3324 658 3361 διαπαντὸς·
676 3322 766 3364 [ΜΟΧ
780 3323 814 3355 in
828 3320 935 3354 *Ubi—5
951 3319 1093 3353 multum

91 3369 195 3402 xariat
214 3369 318 3406 Savil.
337 3370 446 3414 Edit.]

1343 212 1403 256 aL

1179 310 1346 356 creditis,
1368 313 1542 361 operibus
1561 313 1716 350 credite.
1734 313 1793 351 Sic
1807 321 1840 350 ct
1864 312 1992 350 mulier
2004 312 2049 350 ad
2066 313 2171 351 fidem

1131 374 1156 404 E
1179 368 1383 407 adducitur.
1413 370 1640 423 Quapropter
1666 386 1748 410 cum
1778 371 1949 418 audisset,
1973 374 2174 423 Numquid

1181 431 1307 481 major
1336 444 1375 467 es
1403 440 1516 482 patre
1547 441 1676 470 nostro
1703 434 1859 470 Jacob?
1879 432 2007 470 omisso
2028 433 2172 480 Jacobo,

1182 489 1227 527 de
1242 503 1334 540 aqna
1358 491 1516 542 loquitur
1534 493 1591 531 his
1617 494 1747 542 verbis,
1774 495 1907 531 Omnis
1926 497 1993 545 qui
2010 495 2109 530 bibet
2127 508 2174 530 ex·

1184 551 1259 588 hac
1295 566 1424 604 aqua,
1457 557 1559 592 sitiet
1579 557 1741 600 iterum,
1775 563 1808 592 et
1847 553 2144 606 comparationem
2162 584 2171 601 ,

1184 610 1290 649 missa
1321 614 1553 664 accusatione,
1581 629 1625 652 ex
1644 615 1879 667 przecellentia
1901 615 1998 653 facit.
2019 615 2097 651 Non
2119 613 2174 650 di-

1185 671 1232 708 cit
1252 673 1367 723 enim,
1390 674 1474 712 Haec
1494 689 1585 725 aqna
1615 676 1706 712 nihil
1730 685 1781 713 est
1796 706 1807 725 ,
1842 676 2031 726 omniaque
2056 673 2173 725 (lespi-

1186 732 1309 771 cienda
1327 750 1338 784 3
1361 734 1421 772 sed
1441 735 1531 773 illud
1551 737 1696 788 profert,
1714 736 1810 787 quod
1836 736 1911 788 ipsa
1927 745 2051 773 natura
2070 743 2174 772 testa-

1125 824 1172 848 185
1185 802 1264 831 tur:
1281 796 1414 833 Omnis
1429 799 1495 848 qui
1512 799 1606 834 bibit
1622 811 1668 834 ex
1683 799 1757 835 lzac
1771 811 1888 849 aqua,
1904 799 2005 835 sitiet
2020 801 2174 844 iterum,-

1137 862 1162 890 Α
1187 859 1252 907 qui
1271 865 1400 894 autem
1423 859 1558 895 biberit
1579 873 1625 895 ea:
1646 872 1763 911 aqua,
1787 872 1902 910 quam
1924 872 1991 909 ego
2008 861 2109 897 dabo
2123 863 2170 906 ei,

1188 930 1266 953 non
1283 920 1385 955 sitiet
1411 920 1451 955 in
1475 927 1672 956 (eternum.
1697 921 1776 958 ,lam
1796 919 1954 956 audierat
1973 934 2100 970 aquam
2119 921 2173 959 vi-

1186 992 1269 1015 vam
1284 978 1424 1028 mulier,
1443 980 1506 1017 sed
1534 994 1603 1017 non
1621 980 1852 1018 intellexerat.
1868 981 1960 1026 Quia
1978 981 2071 1018 enim
2085 996 2174 1032 aqua

1187 1038 1270 1076 viva
1289 1038 1421 1076 dicitur
1431 1070 1441 1089 ,
1454 1054 1534 1090 quae
1558 1041 1720 1092 perennis
1744 1050 1793 1078 cst
1811 1050 1844 1078 et
1863 1055 2001 1093 semper
2017 1043 2175 1090 scaturit,

1187 1113 1256 1136 non
1285 1099 1432 1151 praecisa
1463 1101 1700 1153 scaturigine,
1731 1101 1775 1139 de
1803 1101 1869 1139 liae
1905 1102 2175 1153 intelligendum

1189 1160 1319 1198 mulier
1336 1161 1495 1213 putabat.
1514 1163 1598 1200 Ideo
1620 1163 1749 1201 clarius
1772 1163 1809 1200 id
1828 1163 1881 1201 illi
1902 1163 2067 1216 deinceps
2094 1178 2175 1216 ape-

1185 1219 1247 1269 rit,
1269 1229 1302 1258 et
1330 1234 1375 1258 ex
1391 1222 1650 1274 comparatione
1676 1223 1752 1274 ejus
1766 1223 2010 1261 excellentiam
2029 1224 2175 1262 demon-

1185 1289 1299 1318 strans
1315 1280 1361 1318 ita
1374 1282 1490 1333 pergit
1506 1297 1513 1318 ε
1534 1284 1608 1333 Qui
1622 1285 1757 1320 biberit
1770 1297 1817 1320 ea:
1840 1297 1959 1335 aqua,
1978 1298 2093 1336 quam
2107 1298 2175 1336 ego

1186 1341 1287 1378 dabo
1314 1345 1361 1387 εἰ,
1386 1356 1463 1380 non
1484 1346 1586 1381 sitiet
1609 1346 1651 1380 in
1676 1353 1882 1389 oeternum5
1902 1345 1975 1393 sic,
2003 1355 2043 1382 ut
2070 1345 2148 1382 dixi
2164 1375 2173 1392 ‚

1186 1402 1433 1440 excellentiam
1457 1404 1655 1453 ostendens,
1682 1418 1814 1442 necnon
1841 1420 1886 1443 ex
1916 1406 2143 1456 sequentibus
2166 1421 2173 1441 :

1185 1461 1314 1499 horum
1345 1463 1477 1515 qnippe
1505 1465 1597 1501 nihil
1625 1464 1732 1502 habet
1759 1466 1918 1517 vulgaris
1946 1481 2048 1517 aqua.
2076 1465 2175 1512 Quid

1137 1544 1160 1573 B
1186 1535 1269 1559 vero
1295 1522 1482 1573 sequitur?
1509 1526 1597 1561 Fiet
1622 1527 1665 1561 in
1683 1526 1835 1577 eosons
1858 1539 1970 1577 (τιμία)
2000 1528 2175 1566 salientis

1186 1584 1228 1618 in
1248 1585 1376 1620 ‘vitam
1406 1592 1604 1621 (eternam.
1625 1584 1725 1622 Sicut
1758 1585 1853 1622 enim
1875 1585 1936 1636 qui
1960 1586 2092 1623 fontem
2122 1587 2175 1624 in-

1186 1651 1243 1680 tus
1262 1643 1381 1690 habet,
1411 1658 1607 1694 numquam
1630 1645 1724 1682 sitiet
1741 1661 1748 1681 :
1767 1645 1818 1682 sic
1843 1660 1906 1684 nec
1925 1646 1985 1683 ille
2001 1647 2063 1696 qui
2084 1647 2175 1684 hanc

1184 1718 1313 1755 aquam
1335 1704 1511 1742 habuerit.
1527 1706 1724 1757 Statimque
1740 1706 1870 1744 mulier
1882 1706 2044 1756 credidit,
2061 1708 2174 1746 multo

1186 1765 1378 1817 sapientior
1403 1765 1598 1804 Nicodemo
1615 1783 1627 1817 3
1649 1781 1713 1805 nec
1732 1767 1837 1805 modo
1868 1768 2083 1820 sapientior,
2112 1770 2174 1808 sed

1185 1836 1218 1864 et
1233 1827 1369 1864 fortior.
1387 1827 1453 1864 Ille
1470 1842 1621 1878 namque
1641 1828 1765 1866 multis
1793 1827 1926 1867 auditis
1950 1829 2172 1882 hujusmodi,

1185 1901 1248 1925 nec
1267 1888 1378 1925 alium
1399 1889 1603 1940 quempiam
1621 1889 1824 1939 advocavit,
1849 1903 1962 1941 neque
1988 1891 2064 1942 ipse
2082 1891 2175 1930 fidu-

1185 1949 1275 1986 ciam
1290 1949 1417 1986 habuit
1433 1965 1440 1985 :
1459 1949 1536 1987 haec
1553 1964 1637 1988 vero
1654 1950 1847 2002 apostolico
1868 1951 2030 2002 fungitur
2042 1952 2173 2003 officio,

1184 2010 1350 2048 omnibus
1369 2010 1596 2061 annuntians,
1618 2025 1738 2049 omnes
1758 2010 1804 2048 ad
1831 2013 1953 2051 Jesum
1978 2012 2170 2063 advocanS,

1183 2080 1363 2122 totamque
1383 2071 1560 2110 civitatem
1579 2072 1623 2110 ad
1653 2072 1756 2109 illum
1784 2073 2003 2125 pertrahens.
2025 2074 2089 2112 Ille
2110 2089 2172 2112 au-

1183 2132 1258 2170 dito
1271 2133 1427 2183 Christo,
1446 2133 1554 2183 dixit,
1569 2133 1768 2183 Quomodo
1781 2143 1942 2184 possunt
1965 2135 2146 2187 lzoecfieri
2157 2140 2173 2172 Ρ

1134 2216 1159 2248 C
1183 2208 1224 2232 ac
1243 2208 1324 2232 cum
1342 2194 1505 2232 Christus
1531 2194 1667 2232 clarum
1693 2194 1895 2245 exemplum
1922 2195 2017 2233 venti
2033 2196 2172 2234 attulis-

1184 2264 1263 2301 set,
1290 2269 1404 2305 neque
1435 2254 1483 2292 ita
1512 2268 1706 2292 sermonem
1737 2254 1894 2292 admisit.
1925 2256 2033 2293 Secus
2054 2267 2171 2294 autem

1367 2316 1426 2354 sed
1458 2316 1576 2368 primo
1606 2316 1815 2360 dubitabat,
1838 2316 1966 2353 deinde
1990 2331 2074 2354 vero
2102 2331 2171 2355 non

1184 2387 1280 2415 tanta
1296 2377 1457 2423 adhibita
1484 2378 1629 2427 cautela,
1643 2378 1704 2415 sed
1721 2378 1819 2428 quasi
1833 2378 1943 2414 latam
1965 2378 2172 2415 sententiam

1183 2439 1278 2477 dicta
1292 2439 1485 2490 excipiens,
1503 2439 1549 2476 ad
1563 2453 1638 2476 rem
1653 2437 1892 2489 accipiendam
1909 2437 2025 2475 statim
2043 2439 2167 2476 fertur.

1185 2500 1278 2546 Quia
1308 2499 1400 2536 enim
1416 2501 1518 2537 Jesus
1539 2499 1700 2547 dixerat,
1723 2501 1811 2535 Fiet
1830 2501 1870 2535 in
1886 2512 1930 2535 eo
1941 2500 2040 2551 fons
2060 2514 2172 2552 aquoe

1185 2561 1360 2599 salientis
1384 2562 1425 2595 in
1444 2562 1570 2596 'vitam
1591 2567 1774 2596 oeternam
1786 2576 1800 2604 ;
1821 2559 1941 2596 statim
1956 2559 2006 2597 ait·
2025 2560 2170 2609 mulier,

1188 2622 1247 2658 15.
1270 2621 1335 2657 Da
1356 2621 1451 2656 mihi
1473 2620 1575 2656 hanc
1599 2633 1756 2670 aquam,
1776 2629 1817 2657 ut
1845 2634 1922 2657 non
1941 2623 2085 2668 sitiam,
2108 2636 2171 2659 ne-

1186 2697 1259 2735 que
1274 2684 1433 2719 veniam
1454 2681 1528 2718 huc
1548 2681 1717 2719 haurire.

1160 228 1304 257 xxxn.
1444 227 1568 257 xxxn
2080 214 2168 257 213

1183 2316 1314 2353 mulier
1335 2331 1342 2352 :

1237 2805 1274 2840 Ξ).
1304 2801 1436 2841 Viden'
1471 2801 1650 2852 quomodo
1677 2802 1854 2854 paulatim
1889 2802 1934 2840 ad
1963 2804 2171 2855 dogmatum

1185 2863 1324 2900 culmen
1338 2861 1534 2900 deducatur
1544 2862 1560 2899 ἶ)
1570 2862 1691 2900 Primo
1706 2863 1847 2915 putavit
1861 2864 1965 2901 illum
1979 2874 2170 2916 transgres-

1186 2938 1299 2962 sorem
1317 2923 1521 2975 quempiam
1540 2923 1705 2962 Judaeum
1725 2939 1797 2962 esse
1807 2940 1818 2975 5
1836 2924 1964 2962 deinde
1978 2926 2059 2976 quia
2082 2927 2173 2963 lianc

1135 2995 1159 3023 D
1187 2986 1247 3023 illc
1260 2984 1543 3022 criminationem
1559 2984 1697 3036 depulit
1711 2989 1722 3033 (
1738 2999 1807 3023 non
1821 2985 1967 3023 decebat
1983 2986 2075 3023 enim
2090 3001 2170 3024 eum

1183 3046 1247 3097 qui
1274 3045 1374 3082 illam
1399 3044 1588 3082 edocturus
1615 3054 1702 3093 erat,
1735 3054 1937 3097 suspectum
1962 3052 2065 3094 esse),
2089 3060 2169 3082 cum

1183 3107 1340 3144 audisset
1372 3119 1500 3156 aquam
1527 3104 1665 3155 vivam,
1688 3106 1828 3157 putavit
1859 3105 1903 3143 de
1933 3107 2051 3144 sensili
2077 3121 2167 3157 aqua

1182 3169 1251 3207 hoc
1273 3167 1358 3206 dici.
1377 3168 1532 3206 Domum
1554 3179 1635 3203 cum
1663 3165 1818 3204 audisset
1844 3182 1882 3203 ea
1904 3181 1980 3218 quae
2001 3166 2168 3204 dicebau-

1206 3318 1219 3334 *
1238 3318 1454 3361 [παρεκάλεσεν
1471 3312 1572 3346 Suvll.
1594 3320 1626 3344 et
1642 3311 1752 3343 Codd.
1773 3310 1906 3351 nostri]

1205 3372 1220 3394 b
1238 3368 1338 3402 Savil.
1361 3374 1438 3403 κατὰ
1454 3371 1561 3411 μικρὸν
1579 3370 1617 3403 εἰς
1634 3370 1667 3398 τὸ
1686 3374 1753 3396 τῶν.

2220 1720 2373 1746 Samni-itai«

2188 1771 2222 1787 na
2250 1761 2376 1787 Rima-n

2189 1812 2235 1828 1110
2259 1803 2374 1839 sapien-

2190 1849 2256 1870 tior.

2187 2142 2280 2169 Joan.
2299 2137 2326 2166 3.
2341 2152 2372 2177 9.
