2481 3678
635 238 677 267 IN
713 236 923 267 JoANNJzM
960 234 1115 264 noun„
1155 231 1313 262 xxxut.
1354 216 1413 260 al.

116 322 169 361 ὅτι
186 325 220 360 ἐν
234 328 303 365 τοῖς
319 319 572 372 Ἱεροσολύμοις
589 318 680 356 ἐστὶν
694 320 712 355 ὃ
727 318 849 364 τόπος,
869 320 903 356 ἐν
919 311 948 368 ᾧ
965 317 1015 353 δεῖ
1027 329 1137 366 προσ-

115 389 228 422 κυνεῖν
246 401 255 431 ;
275 387 292 421 ὃ
312 382 461 433 Χριστὸς
476 380 591 432 ἔλεγεν
605 395 612 403 ·
629 379 824 417 Πίστευσόν
846 394 924 428 μοι,
943 376 1065 428 γύναι,
1084 373 1137 411 ὅτι

114 446 254 496 ἔρχεται
280 444 374 495 ὥρα,
397 443 451 481 ὅτε
472 442 549 481 οὔτε
576 445 610 481 ἐν
631 440 906 493 Ἱεροσολύμοις,
929 437 1006 475 οὔτε
1026 439 1059 474 ἐν
1090 436 1137 485 τῷ

112 506 184 556 ὄρει
201 505 312 556 τούτῳ
329 503 589 556 προσκυνήσετε
605 505 655 554 τῷ
674 501 804 552 Πατρί.
826 497 923 537 Πολὺ
943 496 1034 547 μέγα
1051 497 1136 544 αὐτῇ

112 566 225 617 δόγμα
245 565 449 617 ἀπεκάλυψε
464 596 473 613 ,
491 565 551 603 καὶ
567 564 652 616 ὅπερ
668 563 742 601 οὐδὲ
763 559 973 609 Νικοδήμῳ,
991 554 1067 593 οὐδὲ
1087 557 1137 607 τῷ

114 626 306 673 Ναθαναὴλ
324 620 432 664 εἶπεν.
462 626 559 672 Αὕτη
580 625 642 677 μὲν
661 619 717 664 οῧν
735 620 925 663 ἐσπούδαζε
944 617 1137 669 σεμνότερα

114 688 219 733 δεῖξαι
246 687 290 726 τὰ
310 689 416 733 αὐτῆς
436 690 504 725 τῶν
522 688 737 732 Ἰουδαϊκῶν,
755 682 814 721 καὶ
840 686 941 718 τοῦτο
971 679 1041 717 ἀπὸ
1068 680 1135 715 τῶν

112 749 271 801 πατέρων
293 749 486 801 ἐσοφίζετο·
519 752 537 787 ὃ
572 748 605 786 δὲ
642 745 790 798 Χριστὸς
820 745 858 780 οὐ
887 739 1135 804 πρὸςωταύτην

113 810 294 857 ἀπήντησε
312 810 375 857 τὴν
389 810 569 862 ἐρώτησιν.
589 806 772 859 Παρέλκον
787 804 854 856 γὰρ
871 802 957 846 τέως
974 806 1016 849 ἠν
1036 806 1136 839 τοῦτο

112 873 220 909 εἰπεῖν
251 871 311 909 καὶ
338 871 466 916 δεῖξαι,
487 869 579 908 διατί
599 869 660 919 μὲν
681 870 712 906 οἳ
730 867 878 917 πατέρες
899 867 932 903 ἐν
963 866 1013 916 τῷ
1039 864 1133 915 ὄρει,

110 933 202 970 διατί
215 932 249 969 δὲ
266 935 296 971 οἱ
313 932 474 970 Ἰουδαῖοι
489 934 523 969 ἐν
536 928 788 982 Ἱεροσολύμοις
809 925 1055 978 προσεκύνουν.
1071 925 1134 963 Διὸ

109 998 209 1031 τοῦτο
226 992 287 1043 μὲν
305 991 552 1037 ἀπεσιώπησεν
566 1007 573 1014 ·
596 989 802 1042 ἀμφοτέρων
819 987 853 1026 δὲ
869 990 938 1025 τῶν
955 986 1074 1024 τύπων
1090 986 1134 1025 τὰ

108 1053 278 1106 πρεσὸεῖα
300 1052 444 1101 ἀνελὼν,
466 1052 680 1099 διανίστησιν
702 1053 807 1096 αὖτ’ῆς
826 1049 889 1096 τὴν
909 1048 1039 1100 ψυχὴν,
1059 1050 1134 1086 δει-

109 1114 188 1157 κνὺς
218 1114 271 1152 ὅτι
290 1113 368 1152 οὐδὲ
394 1113 558 1152 Ἰουδαῖοι
585 1112 662 1151 οὐδὲ
695 1112 792 1150 αὐτοὶ
824 1110 943 1162 ἔχουσί
972 1126 1005 1147 τι
1044 1110 1134 1162 μέγα

108 1176 192 1227 πρὸς
219 1175 258 1213 τὸ
287 1174 412 1226 μέλλον
448 1176 656 1226 δωρεῖσθαι·
687 1173 746 1212 καὶ
777 1172 856 1210 τότε
882 1170 945 1218 τὴν
967 1170 1133 1224 διαφορὰν

107 1237 249 1287 εἰσάγει.
279 1236 381 1283 Πλὴν
408 1235 467 1274 καὶ
495 1234 584 1273 οὕτω
610 1234 834 1286 σεμνοτέρους
853 1232 932 1276 τοὺς
948 1233 1134 1276 Ἰουδαίους

108 1298 296 1350 ἀπέφηνεν,
316 1300 353 1335 οὒ
374 1296 479 1334 τόπον
499 1296 607 1334 τόπου
633 1296 829 1347 προτιμῶν,
853 1294 943 1333 ἀλλὰ
972 1294 1042 1333 ἀπὸ
1072 1297 1134 1340 τῆς

107 1358 258 1401 διανοίας
279 1358 411 1403 ἐκείνης
439 1357 503 1404 τὴν
527 1356 731 1410 προεδρείαν
756 1355 888 1403 διδοὺς,
914 1355 1041 1393 ὡσανεὶ
1061 1355 1134 1393 ἔλε-

106 1435 184 1470 γεν·
205 1419 310 1457 τόπου
340 1419 402 1469 μὲν
421 1418 548 1464 ἕνεκεν,
576 1418 671 1456 οὐδὲν
691 1419 741 1455 δεῖ
772 1416 894 1454 λοιπὸν
914 1418 1131 1468 φιλονεικεῖν.

107 1481 268 1518 Ἰουδαῖοι
290 1480 407 1530 μέντοι
433 1482 482 1531 τῷ
516 1479 634 1530 τρόπῳ
665 1479 704 1516 τὸ
736 1478 840 1516 πλέον
859 1479 926 1514 τῶν
952 1479 1131 1528 Σαμαρει-

104 1545 172 1580 τῶν
193 1541 307 1592 ἔσχον·
328 1540 450 1590 Ὑμεῖς
469 1539 530 1590 μὲν
549 1539 634 1591 γὰρ,
657 1539 761 1590 φησὶ,
780 1544 1006 1589 προσκυνεῖτε
1030 1539 1047 1577 ὃ
1071 1541 1132 1578 οὐκ

103 1602 240 1640 οἴδατε·
261 1605 364 1651 ἡμεῖς
389 1602 425 1639 δὲ
451 1603 713 1652 προσκυνοῦμεν
739 1600 756 1638 ὃ
782 1598 938 1649 οἴδαμεν.
968 1601 1052 1642 Πῶς
1074 1594 1132 1638 οὖν

103 1666 164 1703 οὐκ
181 1663 308 1714 ᾔδεσαν
325 1666 356 1701 οἱ
373 1664 594 1714 Σαμαρεῖται
614 1661 631 1700 ὃ
654 1660 909 1712 προσεκύνουν,
928 1660 1015 1699 εὈτι
1032 1677 1132 1700 τοπι-

103 1725 161 1763 κὸν
183 1724 241 1762 καὶ
257 1724 396 1776 μερικὸν
418 1723 508 1761 Θεὸν
529 1727 543 1743 ²¹
559 1722 714 1773 ἐνόμιζον
735 1716 823 1760 εἶναι
836 1738 843 1745 ·
862 1721 950 1759 οὕτω
966 1727 1045 1774 γοῦν
1067 1725 1131 1760 αὐ-

102 1785 160 1824 τὸν
185 1785 243 1823 καὶ
275 1785 498 1836 ἐθεράπευον’
530 1782 619 1821 οὕτω
652 1782 711 1820 καὶ
741 1782 898 1834 Πέρσαις
929 1782 1131 1835 πέμψαντες

104 1847 333 1899 ἀπήγγειλαν,
353 1845 406 1884 ὅτι
420 1848 507 1883 ὃτοῧ
528 1845 634 1883 τόπου
655 1844 776 1883 τούτου
795 1844 869 1887 θεὸς
887 1848 972 1894 ἡμῖν
995 1848 1129 1896 ἀγανα-

102 1914 193 1955 κτεῖ,
211 1907 305 1946 οὐδὲν
322 1907 427 1945 πλέον
444 1906 523 1958 περὶ
541 1908 643 1944 αὐτοῦ
664 1905 755 1943 κατὰ
771 1910 871 1943 τοῦτο
889 1909 958 1943 τῶν
979 1905 1130 1944 εἰδώλων

101 1968 365 2021 φανταζόμενοι.
391 1968 523 2020 Διόπερ
543 1966 662 2018 ἔμενον
683 1966 742 2004 καὶ
760 1966 926 2017 δαίμονας
946 1967 1006 2005 καὶ
1027 1968 1128 2006 αὐτὸν

100 2029 364 2082 θεραπεύοντες,
391 2028 450 2066 καὶ
468 2028 513 2066 τὰ
533 2028 665 2077 ἄμικτα
692 2027 882 2079 μιγνύντες.
900 2027 1063 2066 Ἰουδαῖοι
1092 2028 1128 2067 δὲ

100 2091 229 2138 ταύτης
259 2086 348 2138 ἦσαν
377 2088 644 2141 ἀπηλλαγμένοι
672 2092 734 2135 τῆς
763 2088 948 2133 ὑπονοίας,
975 2089 1034 2127 καὶ
1066 2092 1129 2136 τ’ἦς

100 2151 304 2203 οἰκουμένης
323 2153 425 2191 αὐτὸν
440 2151 594 2203 ῧῇδεσαν
615 2143 702 2188 εἶναι
721 2150 826 2199 Θεὸν,
840 2152 869 2188 εἷ
885 2150 944 2188 καὶ
966 2150 1014 2201 μὴ
1035 2151 1127 2189 πάν-

98 2229 165 2257 τες.
187 2213 255 2251 Διὰ
282 2213 381 2252 τοῦτό
414 2228 531 2265 φησιν,
546 2212 669 2263 ζΥμεῖς
701 2218 929 2263 προσκυνεῖτε
950 2212 967 2250 ὃ
986 2215 1048 2250 οὐκ
1072 2213 1126 2251 οἴ-

98 2276 198 2312 δατε·
219 2278 320 2325 ἡμεῖς
340 2274 375 2313 δὲ
401 2277 661 2326 προσκυνοῦμεν
683 2273 701 2312 δ
722 2273 876 2323 οἴδαμεν.
901 2273 963 2320 Μὴ
989 2275 1126 2325 θαυμοί-

98 2352 161 2389 σῃς
182 2336 217 2374 δὲ
238 2337 289 2375 ὅτι
311 2335 400 2388 μετὰ
426 2335 604 2375 Ἰουδαίων
628 2335 749 2374 ἑαυτὸν
774 2337 933 2386 ἀριθμεῖ·
954 2336 1039 2388 πρὸς
1056 2336 1124 2388 γὰρ

96 2399 159 2445 τὴν
183 2398 344 2437 ὑπόνοιαν
368 2401 430 2444 τῆς
448 2397 609 2449 γυναικὸς
629 2396 848 2448 διαλέγεται,
877 2399 922 2440 ὡς
944 2399 1124 2450 προφήτης

96 2459 167 2497 (ὢν
185 2459 375 2498 Ἰουδαίων.
397 2459 460 2497 Διὸ
479 2458 539 2497 καὶ
564 2457 618 2505 τὸ,
645 2460 930 2508 Προσκυνοῧμεν,
957 2458 1121 2498 τέθεικεν.

97 2520 181 2558 (Ότι
200 2520 267 2572 γὰρ
282 2523 349 2558 τῶν
367 2518 678 2570 προσκυνουμένων
690 2518 783 2566 ἐστὶ,
803 2518 908 2556 παντί
924 2535 990 2557 που
1007 2520 1121 2565 δῆλον.

96 2582 149 2619 Τὸ
172 2580 233 2631 μὲν
251 2581 316 2632 γὰρ
335 2585 554 2632 προσκυνεῖν,
580 2582 642 2625 τῆς
662 2578 808 2622 κτίσεως
823 2609 832 2625 ,
849 2579 888 2617 τὸ
909 2579 943 2616 δὲ
963 2595 1122 2632 προσκυ-

96 2646 248 2689 νεῖσθαι,
272 2646 331 2680 τοῦ
359 2644 420 2686 τῆς
450 2640 594 2682 κτίσεως
617 2639 809 2678 Δεσπότου.
830 2639 935 2677 Ἀλλὰ
963 2640 1049 2684 τέως
1076 2643 1122 2684 ὥς

96 2703 262 2746 Ἰουδαῖος
279 2702 491 2753 διαλέγεται.
514 2700 566 2739 Τὸ
586 2694 656 2747 οῧν,
679 2699 818 2751 (Ημεῖς,
842 2702 999 2748 ἐνταῦθα,
1020 2705 1123 2752 ἡμεῖς

94 2767 125 2804 οἱ
146 2765 325 2812 Ἰουδαῖοι,
341 2763 459 2816 φησίν.
479 2762 636 2814 Ἐποίρας
652 2761 764 2799 τοίνυν
784 2762 828 2800 τὰ
849 2762 1041 2811 Ἰουδαϊκὰ,
1058 2763 1125 2801 πά·

93 2827 148 2864 λιν
166 2825 366 2870 ἀξιόπιστον
387 2823 510 2862 ἑαυτὸν
534 2830 646 2871 ποιεῖ,
669 2823 727 2861 καὶ
758 2823 870 2860 πείθει
893 2825 1026 2874 μᾶλλον
1051 2829 1123 2867 τοῖς

93 2889 152 2925 ὑπ’
172 2888 276 2924 αὐτοῦ
293 2885 492 2937 λεγομένοις
506 2884 707 2937 προσέχειν,
727 2883 924 2922 ἀνύποπτον
939 2887 1049 2922 ποιῶν
1065 2884 1122 2922 τὸν

93 2948 210 2998 λόγον,
231 2947 290 2985 καὶ
308 2945 440 2989 δεικνὺς
460 2947 513 2984 ὅτι
532 2948 569 2984 οὐ
591 2949 633 2997 τῇ
664 2945 749 2997 πρὸς
771 2946 811 2984 τὸ
840 2945 1013 2998 ὁμόφυλον
1034 2961 1123 2996 συγ-

92 3007 207 3059 γενείᾳ
232 3007 276 3045 τὰ
304 3007 443 3045 ἐκείνων
469 3006 617 3058 ἐπαίρει.
638 3005 683 3044 ‘O
708 3005 775 3058 γὰρ
810 3006 891 3058 περὶ
920 3010 980 3044 τοῦ
1014 3006 1122 3043 τόπου

93 3072 204 3105 ταῦτα
232 3067 520 3120 ἀποφηνάμενος,
553 3069 605 3118 ἐφ’
637 3062 664 3119 ᾧ
697 3068 851 3117 μάλιστα
880 3067 1010 3118 ηὔχουν
1031 3066 1119 3104 Ἰου-

94 3131 183 3167 δαῖοι
203 3129 261 3167 καὶ
278 3130 497 3167 πλεονεκτεῖν
517 3128 657 3167 πάντων
673 3127 843 3178 ἐνόμιζον,
865 3128 923 3165 καὶ
942 3127 986 3164 τὰ
1009 3127 1120 3178 σεμνὰ

94 3189 224 3228 τούτων
244 3189 413 3237 καθελὼν,
433 3189 577 3236 εὔδηλον
597 3189 649 3227 ὅτι
683 3189 759 3227 οὐδὲ
777 3189 867 3227 κατὰ
893 3192 1003 3226 ταῦτα
1034 3188 1120 3240 πρὸς

347 3254 457 3303 λεγεν,
481 3251 570 3290 ἀλλὰ
592 3252 679 3301 μετὰ
701 3250 864 3297 ἀληθείας
883 3250 942 3288 καὶ
960 3252 1118 3303 προρρη-

96 3252 198 3303 χοίριν
218 3251 308 3295 τινὸς
328 3251 346 3289 ἕ

140 3380 152 3393 ³
171 3369 273 3401 Savil.
289 3374 424 3412 ἐνόμιζον
439 3373 522 3403 ὄντα.

146 3423 160 3444 ⁵*
178 3420 291 3454 Movet.
313 3424 416 3464 ᾔδεσαν
429 3425 510 3456 ὄντα.

1159 677 1182 706 Β

1155 1472 1179 1502 C

1147 2274 1171 2303 Ι)

1144 2889 1167 2918 E

1453 231 1596 261 xxxlt.
2098 238 2188 283 2¹0

1209 319 1355 362 oportet
1389 311 1579 348 adorare?
1611 311 1794 363 respondit
1832 312 1994 350 Christus
2029 330 2036 349 z
2071 317 2190 354 Crede

1209 372 1318 416 mihi,
1337 371 1487 416 mulier,
1504 373 1597 421 quia
1612 373 1724 408 venit
1751 372 1861 418 hora,
1890 374 2046 424 quando
2074 389 2192 426 neque

1208 434 1249 468 in
1265 431 1536 479 Jerosolymis,
1561 446 1682 484 neque
1693 434 1734 469 in
1747 441 1875 470 monte
1890 434 1962 471 hoc
1977 435 2194 474 adorabitis

1208 493 1383 529 Patrem.
1416 492 1619 530 Maximum
1640 492 1725 530 huic
1746 492 1875 544 dogma
1896 494 2079 543 revelavit,
2099 495 2194 545 quod

1209 566 1273 590 nec
1292 552 1498 602 Nicodem0‚
1518 567 1581 591 nec
1594 553 1806 591 Nathanaeli
1827 554 1934 592 dixit.
1951 554 2036 593 Haec
2050 569 2114 592 sua
2131 557 2195 595 Ju-

1208 611 1320 650 da'icis
1340 613 1583 665 praestantiora
1608 627 1682 652 esse
1705 613 1899 665 contendit,
1922 624 1954 652 et
1972 624 2115 667 patrum
2133 631 2196 653 au-

1209 674 1368 712 ctoritate
1389 675 1532 713 firmare
1565 675 1712 713 nititur:
1734 675 1898 714 Christus
1926 691 2010 715 vero
2032 677 2123 714 nihil
2150 677 2197 716 ad

1208 735 1275 773 hoc
1290 736 1483 789 respondit.
1502 738 1815 789 Supervacaneum
1844 738 1938 775 enim
1963 748 2047 776 tunc
2074 739 2197 778 suisset

1207 797 1401 847 ostendere,
1425 813 1488 836 cur
1500 808 1617 850 patres
1633 798 1669 836 in
1686 808 1820 847 monte,
1833 813 1895 836 cur
1914 799 2031 839 Judaei
2048 799 2083 837 in
2096 802 2196 840 Jero-

1207 858 1356 911 solymis
1372 859 1570 897 adorarent.
1587 859 1669 897 Ideo
1682 859 1775 898 illud
1793 861 1904 898 tacuit
1912 876 1923 909 3
1941 870 1975 899 et
1994 862 2133 899 sublata
2153 862 2197 900 de

1206 921 1394 971 utriusque
1406 921 1475 959 loci
1495 921 1696 973 praestantia
1716 921 1919 972 quaestione,
1939 923 2015 974 ejus
2039 923 2195 962 animam

1205 981 1324 1033 erigit,
1342 982 1527 1021 ostendens
1539 997 1651 1034 neque
1671 983 1814 1023 ¹ludaeos
1830 998 1944 1035 neque
1961 994 2076 1037 patres
2095 1000 2196 1037 posse

1204 1056 1375 1094 magnum
1403 1043 1591 1097 quidpiam
1627 1044 1663 1082 in
1700 1046 1821 1083 futuro
1845 1055 2030 1098 praestare3
2055 1056 2089 1084 et
2113 1056 2197 1086 tunc

1204 1102 1442 1142 differentiam
1462 1105 1613 1144 inducit.
1648 1108 1907 1147 Verumtamen
1936 1109 2197 1160 przcstantiores

1205 1166 1226 1203 J
1230 1164 1349 1204 udaeos
1371 1166 1563 1218 significat,
1581 1181 1650 1205 non
1665 1167 1783 1205 locum
1793 1168 1871 1206 loco
1890 1178 2118 1220 anteponens,
2136 1169 2197 1208 sed

1205 1225 1268 1263 illa
1288 1227 1404 1265 solum
1427 1228 1563 1265 ratione
1583 1228 1719 1267 Judaeis
1737 1229 1870 1281 primas
1885 1230 2088 1279 concedens,
2113 1244 2153 1268 ac
2166 1231 2195 1269 si

1204 1287 1340 1326 diceret
1363 1305 1372 1326 ε
1394 1289 1496 1327 Nihil
1513 1289 1648 1328 deloco
1663 1291 1740 1342 jam
1758 1290 2031 1342 disputandum.
2060 1293 2100 1329 In
2121 1292 2196 1330 cul-

1204 1357 1262 1387 tus
1277 1349 1422 1400 quidem
1441 1350 1547 1389 modo
1566 1351 1682 1390 Judaei
1709 1352 1916 1403 praeferendi
1945 1362 2044 1390 erant
2072 1354 2198 1392 Sama-

1204 1411 1346 1448 ritanis:
1360 1414 1447 1458 Vos,
1465 1412 1592 1463 inquit,
1615 1414 1790 1451 adoratis
1807 1415 1912 1464 quod
1930 1418 2081 1453 nescitis
2100 1432 2109 1452 :
2129 1430 2196 1455 nos

1205 1472 1415 1509 adoramus
1439 1474 1543 1524 quod
1554 1476 1708 1510 scimus.
1734 1473 1923 1519 Quomodo
1949 1489 2032 1526 ergo
2064 1476 2196 1514 nescie-

1204 1531 1289 1569 bant
1308 1533 1520 1570 Samaritani
1540 1533 1629 1583 quid
1642 1532 1857 1571 adorarent?
1872 1535 1967 1581 Quia
1986 1537 2104 1574 Deum
2118 1537 2196 1575 loco

1205 1592 1466 1643 circumscribi,
1489 1593 1561 1630 imo
1592 1593 1695 1644 quasi
1727 1593 1842 1633 dividi
1872 1609 1976 1646 posse
2011 1597 2195 1647 putabant.

1204 1653 1264 1691 Sic
1284 1653 1394 1705 igitur
1411 1654 1515 1691 illum
1549 1654 1728 1703 colebant3
1755 1653 1806 1693 sic
1835 1655 1951 1693 Persis
1973 1656 2195 1708 nuntiarunt,

1204 1714 1308 1752 istius
1329 1715 1397 1753 loci
1417 1715 1524 1753 deum
1544 1715 1613 1753 sihi
1633 1715 1764 1752 iratum
1784 1729 1869 1765 esse,
1887 1716 1980 1754 nihil
1999 1716 2043 1754 de
2064 1732 2103 1755 eo
2122 1732 2198 1756 am-

1202 1775 1298 1827 plius
1312 1791 1420 1827 quam
1439 1777 1483 1814 de
1514 1776 1610 1814 idolo
1635 1777 1714 1814 rati.
1747 1777 1974 1830 Quapropter
1997 1793 2198 1830 persevera-

1200 1837 1287 1876 bant
1311 1847 1344 1876 et
1370 1839 1476 1876 illum
1499 1847 1532 1876 et
1555 1838 1735 1876 daemonas
1753 1838 1879 1889 colere,
1901 1853 1940 1877 ea
1959 1854 2037 1891 quae
2057 1840 2198 1878 misceri

1200 1914 1270 1938 non
1294 1910 1454 1952 poterant
1474 1901 1743 1939 confundentes.
1777 1900 1896 1940 Judaei
1923 1915 2008 1941 vero
2033 1902 2101 1940 hac
2120 1903 2197 1955 opi-

1199 1963 1304 2001 nione
1324 1963 1429 2002 liberi
1444 1972 1558 2013 erant,
1581 1963 1769 2015 ipsumque
1798 1965 1973 2015 putabant
2002 1979 2076 2002 esse
2099 1966 2196 2003 orbis

1200 2026 1335 2074 Deum3
1353 2025 1491 2062 etiamsi
1511 2024 1550 2062 id
1565 2038 1634 2062 non
1647 2038 1767 2062 omnes
1793 2024 1983 2063 crederent.
2003 2026 2195 2078 Propterea

1197 2084 1286 2123 dicit
1307 2101 1314 2122 ε
1335 2088 1373 2123 V
1369 2099 1410 2124 os
1431 2087 1607 2124 adoratis
1628 2086 1733 2138 qaod
1746 2088 1899 2124 nescitis
1919 2102 1928 2123 :
1951 2100 2019 2124 nos
2047 2088 2192 2125 adora-

1198 2161 1282 2185 mus
1302 2147 1407 2199 quod
1420 2149 1576 2184 scimus.
1605 2147 1657 2184 Ne
1676 2145 1815 2183 mireris
1834 2155 1953 2184 autem
1970 2146 2067 2198 quod
2078 2162 2114 2185 se
2130 2150 2152 2187 J
2156 2163 2194 2185 u-

1196 2207 1283 2246 daeis
1301 2217 1530 2246 annumeret:
1552 2222 1634 2245 nam
1656 2207 1852 2245 secundum
1867 2209 2028 2247 mulieris
2050 2210 2190 2262 opinio-

1196 2284 1276 2308 nem
1285 2270 1456 2321 loquitur,
1466 2269 1566 2320 quasi
1578 2269 1750 2322 propheta
1758 2270 1779 2308 J
1783 2268 1979 2319 udaeorum;
1993 2270 2140 2321 ideoque
2150 2271 2190 2308 il-

1194 2332 1270 2382 lud,
1283 2332 1325 2370 A
1328 2333 1524 2379 dor-amus,
1544 2331 1673 2384 posuit.
1689 2330 1796 2377 Quod
1814 2331 1907 2368 enim
1926 2330 2107 2381 adoretur,
2125 2346 2185 2370 ne-

1194 2394 1281 2431 mini
1292 2408 1361 2431 non
1372 2403 1496 2431 notum
1506 2401 1574 2441 est;
1586 2391 1734 2429 adorare
1743 2392 1837 2428 enim
1849 2401 2015 2429 ereaturae
2026 2402 2088 2441 est,
2098 2392 2183 2431 ado-

1192 2456 1262 2493 rari
1270 2470 1365 2504 vero,
1389 2464 1630 2493 creaturarum
1648 2452 1805 2490 Domini.
1820 2453 2111 2491 Veruminterim
2121 2454 2183 2492 ille

1192 2526 1231 2554 ut
1248 2515 1394 2556 judaeus
1416 2514 1588 2565 loquitur.
1610 2512 1708 2550 Illud
1724 2526 1822 2563 erg0‚
1842 2514 1936 2560 lVos,
1966 2514 2006 2552 id
2021 2523 2087 2565 est,
2108 2516 2183 2553 Nos
2196 2516 2263 2551 ‘¹³⁰¹
2285 2506 2389 2534 Domi-

1191 2579 1213 2616 J
1218 2576 1321 2614 udaei.
1360 2578 1381 2615 J
1388 2575 1514 2612 uda'i'ca
1542 2574 1655 2625 igitur
1674 2573 1859 2622 extollens,
1880 2588 1916 2611 se
1936 2574 2010 2612 fide
2031 2575 2183 2626 dignum
2198 2558 2240 2576 m·

1191 2638 1339 2690 praebet,
1355 2646 1388 2674 ct
1406 2635 1511 2673 dictis
1524 2635 1596 2673 suis
1612 2634 1721 2672 fidem
1737 2635 1915 2684 conciliat,
1943 2636 2184 2689 suspicionem

1192 2712 1371 2746 amovens,
1401 2695 1655 2746 ostendensque
1677 2709 1713 2733 se
1732 2709 1802 2732 non
1822 2696 2044 2747 cognationis
2070 2698 2185 2749 gratia

1192 2760 1254 2797 illa
1271 2759 1450 2797 extollere.
1472 2757 1545 2803 Qui
1565 2757 1659 2794 enim
1678 2756 1772 2794 circa
1791 2756 1910 2794 locum
1929 2757 2036 2795 talem
2052 2759 2186 2810 profert

1193 2820 1413 2869 sententiam,
1433 2819 1477 2857 de
1495 2832 1566 2869 quo
1585 2817 1662 2856 loco
1673 2819 1695 2857 J
1699 2817 1790 2855 udaei
1806 2818 1963 2857 maxime
1982 2819 2184 2870 gloriaban-

1193 2892 1263 2932 tur,
1283 2897 1324 2920 ac
1360 2896 1396 2920 se
1430 2880 1564 2919 caeteris
1594 2879 1830 2932 praeferendos
1859 2880 2060 2929 censebant,
2096 2881 2184 2920 dum

1192 2943 1284 2981 hanc
1305 2943 1377 2980 illis
1392 2941 1632 2995 praestantiam
1650 2941 1782 3005 aufert,⁹
1796 2940 1916 2993 palam
1939 2950 1990 2979 est
2015 2956 2096 2979 eum
2108 2943 2184 2994 jam

1192 3019 1262 3043 non
1275 3003 1321 3042 ad
1341 3003 1493 3055 gratiam
1513 3002 1713 3055 cujuspiam
1735 3001 1859 3053 loqui,
1885 3002 1945 3040 sed
1974 3017 2019 3041 ex
2038 3003 2186 3042 veritate

1193 3075 1281 3103 etex
1291 3062 1660 3116 viprophetica.Quia
1680 3062 1791 3113 igitur
1811 3076 1829 3100 a
1852 3062 2185 3101 taliexistimatione

1193 3125 1345 3164 abduxit
1358 3125 1492 3175 dicens,
1509 3125 1630 3163 Crede
1651 3125 1759 3171 mihi,
1779 3124 1930 3171 muller,
1950 3133 2029 3173 etc.,
2044 3123 2181 3175 adjicit,

1198 3190 1300 3239 Quia
1315 3188 1419 3226 solus
1441 3201 1465 3224 a
1487 3187 1635 3225 Judaeis
1653 3194 1708 3224 est
1715 3203 1731 3232 ,·
1746 3185 1814 3223 hoc
1833 3193 1897 3233 est,
1918 3185 1976 3223 vel
1989 3183 2084 3235 quod
2100 3184 2185 3221 hinc

1193 3249 1272 3288 orbi
1283 3248 1377 3286 hona
1394 3247 1522 3286 collata
1541 3246 1610 3285 sint
1621 3249 1723 3293 (nam
1738 3245 1804 3284 Dei
1818 3245 1972 3296 cognitio
1984 3244 2183 3284 idolorum-

1222 3380 1235 3394 c
1253 3368 1355 3402 Savil.
1376 3372 1414 3401 ὢν
1430 3366 1568 3403 ἰουδαῖος,

2261 2340 2391 2369 Adorare

2250 2390 2391 2410 creaturae

2196 2429 2250 2456 est,
2263 2425 2390 2457 adm-ani,

2240 2472 2391 2492 creatura-
