2481 3678
155 1432 274 1460 Joannia

89 1473 170 1509 Napi.
196 1476 276 1503 testi-

89 1524 219 1542 monium
231 1538 238 1548 .,

86 1554 140 1581 Dvi
157 1563 215 1583 emt
232 1564 274 1585 te-

91 1600 271 1627 stimonium.

307 166 399 227 274
749 181 788 212 5.

304 275 373 300 non
388 262 559 300 miserunt
583 263 839 314 interrogatum
860 262 964 299 illum
986 261 1030 299 de
1050 260 1203 309 Christo,
1224 257 1283 296 sed
1307 259 1329 289 P»
1355 260 1506 311 Χριστοῦ
1521 263 1732 313 ἐρωτῶντες,
1753 266 1827 305 ἀλλ’
1849 266 1935 318 ὑπὲρ
1953 268 2090 306 ἑαυτοῦ·

304 323 348 361 de
367 323 498 376 seipso;
522 337 626 375 quem
653 323 724 361 fide
737 323 888 375 dignum
916 323 1087 375 putabant
1103 322 1146 359 de
1169 320 1283 372 seipso

305 385 545 423 testimonium
568 386 755 434 serentem,
781 384 894 422 multo
928 384 1042 435 magis
1062 383 1106 421 de
1137 382 1207 419 alio
1232 382 1283 418 lo-

303 458 478 498 quentem.
500 448 662 487 Solemus
681 447 774 485 enim
794 461 856 484 nos
872 447 1031 484 homines
1051 460 1119 483 non
1138 443 1284 497 perinde

303 509 442 547 credere
456 510 498 547 iis
520 508 638 560 quide
661 523 696 546 se
717 508 927 558 loquuntur,
951 521 1057 558 quam
1080 507 1124 544 iis
1150 506 1212 556 qui
1240 505 1285 543 de

302 572 393 609 aliis.
409 571 512 608 Hunc
523 584 606 609 vero
620 570 669 607 ita
688 583 847 608 veracem
866 569 1052 621 putabant,
1071 577 1109 606 ut
1124 568 1229 605 etiam
1240 566 1284 604 de

302 648 337 670 se
349 633 511 683 loquens,
524 631 668 669 alterius
687 630 886 668 testimonio
897 644 965 668 non
980 639 1105 681 egeret.
1119 630 1210 667 Nam
1222 629 1283 679 qui

300 694 398 732 missi
413 696 565 740 fueraut,
587 705 655 730 non
674 691 856 739 dixerunt,
875 691 971 738 Quid
997 691 1086 729 dicis
1110 689 1154 727 de
1175 689 1284 727 Chri-

300 754 376 792 sto?
390 754 462 802 sed,
479 755 535 791 Tu
562 755 647 805 quis
667 756 730 790 es?
751 753 845 803 quid
860 753 956 790 dicis
972 753 1018 789 de
1038 754 1180 803 teipso?
1192 751 1283 788 Tam

299 815 501 852 mirabilem
529 813 701 865 putabant
725 812 918 850 hominem.
954 812 1029 850 Hoc
1057 825 1139 863 ergo
1171 820 1284 848 totum

301 876 557 926 subindicavit,
577 889 658 913 cum
683 874 787 923 dixit,
814 876 888 912 Vos
916 877 1071 912 misistis
1091 875 1145 911 ad
1162 875 1284 911 Joan-

301 952 399 975 nem.
410 937 494 976 Ideo
514 935 728 987 evangelista
739 948 806 972 non
821 934 935 972 solum
946 934 1048 982 dicit,
1060 947 1119 971 eos
1132 933 1282 983 misisse7

297 998 357 1036 sed
374 998 417 1036 de
432 999 550 1036 missis
567 1010 730 1049 expresse
742 995 844 1045 dicit,
858 995 966 1033 fuisse
981 1009 1025 1032 ex
1041 993 1284 1032 sacerdotibus

296 1070 329 1097 et
349 1075 393 1098 ex
414 1059 612 1107 Pharisaeis,
626 1071 695 1094 non
708 1071 726 1094 e
739 1056 861 1106 vulgo,
874 1069 936 1092 uec
955 1055 1018 1104 qui
1033 1054 1211 1106 corrumpi
1226 1055 1283 1092 vel

294 1122 409 1173 decipi
427 1130 580 1173 possent,
602 1118 661 1156 sed
686 1117 746 1168 qui
774 1118 849 1168 ejus
868 1116 962 1153 dieta
984 1125 1145 1153 acciu-ate
1169 1116 1282 1166 perei-

1304 1059 1328 1089 C

293 1191 423 1232 perc-nt.
445 1182 507 1218 54.
526 1182 610 1231 Ego
631 1187 759 1216 alitem
777 1190 855 1213 non
875 1178 924 1213 ab
945 1178 1100 1213 homine
1121 1178 1285 1212 testimo-

291 1246 462 1281 monium
482 1245 642 1293 accipio.
669 1241 742 1277 Cur
767 1253 851 1290 ergo
873 1239 1019 1278 Joannis
1041 1237 1281 1288 testimonium

290 1305 444 1357 accipis?
468 1303 571 1341 Illius
604 1310 695 1339 eei-te
734 1300 997 1347 testimonium,
1027 1298 1184 1337 hominis
1214 1313 1282 1338 non

291 1377 374 1405 erat.
405 1369 478 1418 Qui
498 1369 601 1404 misit
622 1379 694 1409 me,
722 1363 854 1414 inquit,
879 1365 1078 1415 baptizare
1099 1365 1140 1400 in
1160 1377 1278 1415 aqua,

290 1430 357 1467 ille
379 1430 474 1466 mihi
494 1429 608 1464 dixit.
631 1427 754 1475 Itaque
773 1424 919 1463 Joannis
934 1423 1192 1472 testimonium,
1214 1426 1281 1462 Dei

290 1500 363 1528 erat
380 1489 623 1528 testimonium
648 1503 655 1523 ε
678 1487 724 1524 ab
750 1486 813 1523 illo
845 1486 938 1523 enim
954 1485 1130 1523 didicerat
1146 1500 1185 1523 ea
1202 1500 1279 1537 quae

290 1552 443 1589 dicebat.
470 1550 542 1588 Sed
572 1563 615 1586 ne
633 1548 803 1591 dicerent,
820 1545 926 1584 Unde
959 1555 1094 1583 constat
1122 1546 1227 1584 illum
1259 1562 1278 1585 a

289 1614 364 1650 Deo
385 1610 552 1649 didicisse
579 1618 613 1646 et
642 1608 726 1645 hinc
746 1607 934 1644 adversum
955 1615 1100 1656 starent,
1131 1607 1277 1645 illorum

288 1688 347 1711 ora
375 1673 600 1711 vehementer
628 1669 804 1721 reprimit,
838 1677 870 1706 et
899 1667 1016 1705 adhuc
1045 1677 1166 1706 contra
1196 1669 1276 1707 illo-

288 1749 368 1772 rum
401 1734 602 1786 opinionem
626 1730 799 1769 edisserit.
817 1731 940 1780 Neque
959 1729 1053 1767 enim
1082 1730 1276 1769 verisimile

287 1804 359 1833 erat
377 1794 508 1832 multos
526 1793 602 1830 haec
620 1791 777 1837 scivisse,
810 1790 870 1828 sed
886 1790 1013 1829 Joanni
1033 1789 1272 1841 attendebant,

285 1865 324 1893 ut
353 1870 397 1893 ex
421 1868 457 1892 se
483 1852 656 1904 loquenti.
677 1851 760 1889 Ideo
791 1851 839 1888 ait
873 1866 879 1886 :
913 1852 997 1902 Ego
1038 1853 1086 1887 ab
1119 1852 1273 1890 homine

285 1919 542 1956 testimonium
569 1928 646 1952 non
662 1916 821 1965 accipio.
837 1913 875 1951 Si
891 1913 936 1950 ab
950 1913 1094 1951 homine
1113 1914 1270 1953 testimo-

285 1979 383 2016 nium
399 1992 467 2016 non
482 1985 705 2028 accepturus,
727 1988 838 2024 neque
857 1973 919 2011 illo
948 1988 1077 2011 usurus
1091 1988 1181 2022 eras,
1206 1989 1270 2012 cur

284 2042 359 2092 ejus
378 2037 622 2077 testimonium
652 2035 861 2074 adduxisti?
893 2035 946 2072 Ne
979 2035 1089 2085 igitur
1118 2035 1193 2073 haec
1213 2036 1270 2073 di-

285 2110 423 2148 cerent,
451 2098 534 2137 audi
563 2095 742 2148 quomodo
775 2095 839 2132 tali
869 2095 1058 2146 objectioni
1095 2106 1268 2134 occurrat.

285 2163 374 2198 Cum
411 2159 562 2197 dixisset
592 2157 699 2205 enim,
728 2157 795 2194 Ab
831 2157 985 2193 homine
1013 2159 1269 2194 testimonium

283 2238 362 2260 non
390 2224 560 2272 (κείρω,-
578 2217 785 2270 subjunxit:
810 2217 884 2255 Sed
908 2219 988 2254 haec
1008 2218 1106 2263 dieo,
1138 2227 1179 2255 ut
1198 2232 1269 2255 vos

281 2285 383 2322 salvi
406 2285 500 2321 sitis.
531 2281 607 2318 Hoc
637 2288 711 2317 cst:
735 2278 812 2329 Ego
840 2279 948 2329 hujus
981 2278 1182 2316 testimonio
1200 2279 1268 2316 hu-

281 2359 385 2383 mano
398 2358 466 2382 non
487 2356 577 2396 opus
592 2341 781 2387 habebam,
796 2353 877 2376 cum
893 2340 989 2376 Deus
1003 2339 1086 2387 sim5
1108 2339 1171 2377 scd
1184 2341 1266 2390 quia

281 2408 384 2445 illum
403 2405 582 2459 suspicitis
610 2412 643 2441 et
664 2401 829 2440 omnibus
848 2400 920 2439 fide
943 2401 1143 2451 digniorem
1166 2412 1267 2454 puta-

282 2471 342 2517 tis;
364 2468 454 2506 etad
484 2468 587 2506 illum
606 2464 748 2516 quidem
770 2473 808 2501 ut
827 2463 875 2501 ad
906 2463 1117 2515 prophetam
1145 2478 1266 2502 accur-

282 2530 410 2567 rebatis
426 2533 436 2576 (
451 2529 574 2566 civitas
595 2526 689 2564 enim
705 2524 751 2562 ad
769 2524 960 2564 Jordanem
979 2524 1264 2575 effundebatur),

281 2591 371 2627 mihi
386 2604 468 2628 vcro
490 2602 531 2627 ne
554 2587 697 2639 quidem
726 2586 900 2624 miracula
932 2586 1089 2637 patranti
1110 2586 1265 2624 credidi-

283 2651 345 2687 stis
368 2666 375 2685 :
400 2649 476 2687 ideo
506 2649 574 2686 hoc
605 2647 709 2685 vobis
742 2646 983 2684 testimoninm
1017 2660 1263 2685 commemoro.

282 2712 343 2748 55.
377 2710 451 2747 Ille
472 2717 555 2746 erat
588 2709 745 2745 lucerna
783 2708 924 2744 ardens
943 2715 979 2744 et
1013 2707 1144 2745 lucens
1167 2723 1177 2743 .-
1195 2721 1267 2746 ‘vos

283 2780 411 2809 autem
445 2770 624 2806 voluistis
658 2768 853 2805 assultare
885 2768 937 2804 ad
961 2768 1096 2805 horam
1126 2771 1167 2805 in
1184 2769 1267 2806 luce

281 2834 376 2883 ejus
396 2831 449 2868 Ne
472 2829 626 2866 diemout
644 2828 749 2875 enim,
770 2828 878 2877 Quid,
894 2828 923 2865 si
945 2828 1004 2865 ille
1023 2828 1132 2875 dixit,
1149 2837 1182 2866 et
1203 2842 1265 2867 nos

283 2906 350 2929 non
366 2889 579 2942 iecepiinusf.
579 2888 700 2924 ‘dicta
723 2888 892 2939 ieeepisse
911 2888 990 2925 illos
1007 2888 1171 2926 ostendit.
1189 2890 1262 2928 Ne—

1275 2922 1320 2947 239

825 180 1010 211 JOANMS
1045 176 1287 211 CHRYSOST-
1326 176 1531 210 ARCIHEP.
1568 182 1922 216 CONSTANTINOP.

2110 267 2126 285 *
2141 267 2192 317 [ὃν
2203 267 2238 306 δὲ
2258 270 2290 307 ἐν
2307 275 2377 312 τοῖς

1354 319 1438 371 ὑπὲρ
1458 322 1596 372 ἑαυτοῦ]
1612 322 1809 367 ἀξιόπιστον
1828 319 1916 365 εἶναι
1934 327 2100 378 ἐνόμιζον,
2119 329 2238 379 πολλῷ
2248 331 2377 379 μᾶλλον

1354 381 1387 417 ἐν
1402 387 1472 425 τοῖς
1486 382 1573 435 ὑπὲρ
1591 383 1718 436 ἑτέρου.
1739 386 1949 438 Πεφύκαμεν
1969 389 2059 440 γὰρ,
2078 391 2124 432 ὡς
2143 390 2249 427 εἰπεῖν
2270 389 2376 427 ἅπαν-

1352 457 1407 486 τες
1429 443 1620 494 ἅνθρωποι,
1651 445 1699 496 μὴ
1731 446 1821 484 οὕτω
1848 449 2021 487 πιστεύειν
2035 456 2105 493 τοῖς
2135 449 2214 503 περὶ
2247 452 2378 488 ἑαυτῶν

1352 503 1522 554 λέγουσιν,
1551 507 1596 549 ὡς
1614 512 1684 550 τοῖς
1701 506 1780 558 περὶ
1801 507 1929 547 ἄλλων.
1958 511 2088 549 Τοῦτον
2107 510 2142 549 δὲ
2161 510 2269 554 οὕτως
2289 510 2378 555 ἀξιό-

1351 579 1472 603 πιστον
1504 559 1590 604 εἶναι
1605 567 1782 617 ἐνόμισαν,
1803 570 1849 612 ὡς
1865 569 1925 607 καὶ
1946 572 1980 608 ἐν
1999 577 2069 614 τοῖς
2087 571 2167 623 περὶ
2190 574 2312 610 ἑαυτοῦ
2327 571 2375 623 μὴ

1354 625 1517 700 δεηθῆναι
1531 628 1722 680 μαρτυρίας
1737 629 1867 681 ἑτέρας.
1884 632 1931 668 Οἱ
1950 630 2017 682 γὰρ
2041 628 2293 676 ἀποσταλέντες
2315 635 2379 671 οὐκ

1353 689 1460 734 εἷπον,
1473 687 1507 724 τί
1537 688 1646 740 λέγεις
1668 705 1748 741 περι
1761 705 1820 728 του
1842 691 2014 743 Χριστου,
2043 691 2154 740 ἀλλὰ,
2181 692 2232 730 Συ
2257 692 2309 737 τίς
2329 697 2379 742 εἷ;

1353 746 1387 784 τί
1413 747 1522 800 λέγεις
1547 765 1627 800 περι
1657 767 1823 799 σεαυτου,
1843 751 1946 790 Ούτω
1978 753 2068 804 μέγα
2092 769 2151 791 του
2184 754 2304 806 ἀνδρὸς
2338 754 2379 792 τὸ

1354 810 1470 859 θαυμα
1490 813 1593 861 εἰχον.
1611 813 1724 849 Τουτο
1741 806 1797 849 ουν
1817 811 1893 851 ὅλον
1915 812 2073 864 ᾐνίξατο,
2094 812 2151 851 διὰ
2169 818 2228 852 τοῦ
2244 816 2351 853 εἰπεῖν
2367 844 2379 862 ,

1353 867 1398 906 ‘Y
1401 875 1474 919 μεῖς
1494 871 1736 910 ἀπεστάλκατε
1757 873 1841 925 πρὸς
1864 873 2041 920 Ιωσίννην.
2062 874 2131 912 Διὰ
2151 878 2251 913 τοῦτο
2278 874 2338 913 καὶ
2361 879 2380 913 ὁ

1354 931 1613 982 εὐαγγελιστὴς,
1639 935 1704 985 οὐχ
1721 933 1773 972 ὅτι
1794 935 2014 982 ἀπέστειλαν,
2038 929 2113 973 εἷπε
2144 936 2258 986 μόνον,
2288 936 2379 975 ἀλλὰ

1353 1005 1412 1027 και
1441 991 1521 1043 περὶ
1551 1008 1619 1030 των
1652 995 1923 1046 ἀπεσταλμένων
1960 994 2288 1048 ιἰἶικριὸολογεῖται,
2325 997 2377 1035 ὅτι

1352 1054 1440 1096 ἦσαν
1471 1052 1531 1089 καὶ
1556 1055 1748 1106 ἱερεῖς,καὶ
1773 1057 1812 1093 ἐκ
1833 1059 1899 1094 τῶν
1924 1058 2144 1110 Φαρισαίων,
2163 1061 2227 1111 οὐχ
2254 1062 2286 1097 οἱ
2318 1075 2376 1097 τυ-

1352 1110 1489 1162 χόντες,
1509 1113 1584 1152 οὐδὲ
1604 1116 1872 1167 ἀπεῤῥιμμένοι,
1890 1117 1965 1156 οὐδὲ
1979 1123 2044 1157 οἷοι
2063 1119 2294 1173 διαφθαρηναι
2316 1136 2377 1158 και

1351 1175 1668 1224 παραλογισθῆναι,
1689 1175 1778 1214 ἀλλὰ
1796 1177 1884 1227 μετὰ
1908 1178 2086 1230 ἀκριὸείας
2119 1180 2230 1217 ἱκανοὶ
2256 1184 2375 1230 μαθεῖν

1352 1232 1395 1270 τὰ
1424 1236 1507 1285 παρ’
1534 1234 1661 1274 ἐκείνου
1692 1235 1876 1288 λεγόμενα.
1892 1236 1988 1289 Ἐγὼ
2010 1237 2044 1277 δὲ
2063 1237 2162 1290 παρὰ
2195 1239 2376 1292 ἀνθρώπου

1352 1294 1414 1342 τὴν
1445 1296 1638 1349 μαρτυρίαν
1675 1299 1713 1335 οὗ
1746 1298 1929 1349 λαμὸάνω.
1958 1299 2061 1343 Τίνος
2095 1292 2194 1337 οὖν’
2176 1316 2289 1339 ενεκεν
2311 1301 2374 1348 τὴν

1353 1356 1513 1396 Ἰωάννου
1533 1359 1752 1431 παρήγαγες,
1782 1359 1906 1397 Καίτοι
1930 1359 2005 1399 οὐδὲ
2024 1364 2045 1407 ἡ
2067 1359 2216 1408 ἐκείνου,
2238 1360 2375 1414 ἀνθρώ-

1351 1432 1416 1456 που
1449 1419 1622 1472 μαρτυρία
1652 1424 1707 1466 ἠν.
1734 1419 1779 1458 Ο
1804 1420 1872 1473 γὰρ
1899 1420 2042 1472 πέμψας
2074 1436 2116 1471 με
2138 1420 2316 1472 βαπτίζειν
2342 1425 2376 1461 ἐν

1351 1478 1468 1527 ὕδατι,
1485 1480 1599 1531 φησὶν,
1619 1480 1744 1525 ἐκεῖνός
1772 1497 1831 1531 μοι
1848 1486 1953 1519 εἶπεν.
1971 1481 2082 1520 εΏστε
2100 1482 2160 1520 καὶ
2182 1486 2203 1529 ἡ
2220 1488 2279 1521 τοῦ
2298 1483 2375 1521 Ἰω-

1350 1539 1450 1577 άννου
1474 1541 1648 1593 μαρτυρία
1679 1546 1738 1579 τοῦ
1760 1543 1852 1581 Θεοῦ
1880 1541 2054 1595 μαρτυρία
2081 1546 2146 1589 ἠν·
2178 1542 2277 1595 παρὰ
2307 1542 2376 1596 γὰρ

1348 1600 1476 1639 ἐκείνου
1500 1601 1620 1651 μαθὼν
1640 1601 1753 1654 ἔλεγεν
1780 1603 1868 1655 ἅπερ
1896 1603 2022 1655 ἔλεγεν.
2050 1603 2141 1641 Ἀλλ’
2159 1602 2215 1642 ἵνα
2239 1604 2287 1654 μὴ
2317 1605 2374 1642 λέ-

1347 1677 1434 1713 γωσι
1448 1692 1457 1710 ,
1472 1662 1575 1701 πόθεν
1597 1668 1697 1702 τοῦτο
1717 1665 1835 1710 δῆλον,
1853 1662 1905 1701 ὅτι
1932 1664 2030 1715 παρὰ
2049 1669 2109 1703 τοῦ
2136 1667 2227 1703 Θεοῦ
2242 1665 2374 1716 ἔμαθες

1346 1724 1404 1761 καὶ
1428 1723 1507 1776 περὶ
1533 1729 1642 1762 ταῦτα
1669 1723 1946 1774 καταγίνωνται,
1967 1726 2006 1762 ἐκ
2034 1729 2094 1763 τοῦ
2115 1724 2291 1776 περιόντος
2312 1729 2372 1764 αὖ·

1344 1782 1422 1827 τοὺς
1442 1784 1672 1835 ἐπιστομίζει,
1690 1784 1740 1823 ἔτι
1752 1785 1838 1837 πρὸς
1855 1784 1916 1832 τὴν
1934 1784 2097 1823 ὑπόνοιαν
2119 1788 2229 1823 αὐτῶν
2251 1786 2372 1824 διαλε-

1344 1844 1498 1896 γόμενος.
1526 1847 1616 1883 Οὐδὲ
1641 1845 1707 1898 γὰρ
1739 1840 1780 1892 ἦν
1802 1846 1891 1888 εἰκὸς
1912 1851 2023 1884 ταῦτα
2048 1845 2196 1890 πολλοὺς
2224 1847 2371 1895 εἰδέναι,

1344 1908 1419 1944 ἀλλ’
1447 1910 1492 1950 ὥς
1516 1906 1645 1946 οἴκοθεν
1663 1907 1816 1959 λέγοντι,
1835 1907 1920 1951 τέως
1935 1914 2118 1961 προσεῖχον
2135 1911 2185 1959 τῷ
2211 1907 2371 1960 Ἰωάννῃ.

1341 1966 1410 2005 Διὰ
1435 1968 1535 2006 τοῦτό
1565 1984 1684 2020 φησιν·
1708 1967 1804 2020 Ἐγὼ
1837 1971 1934 2020 παρὰ
1972 1967 2152 2020 ἀνθρώπου
2181 1968 2244 2014 τὴν
2273 1984 2368 2020 μαρ-

1341 2029 1458 2081 τυρίαν
1496 2032 1535 2068 οὐ
1569 2029 1752 2080 λαμὸοίνω.
1789 2030 1860 2068 Καὶ
1894 2031 1923 2068 εἰ
1951 2029 1999 2080 μὴ
2029 2029 2170 2081 ἔμελλες
2194 2029 2291 2082 παρὰ
2308 2032 2370 2068 ἀν-

1342 2089 1479 2141 θρώπου
1499 2089 1561 2136 τὴν
1580 2089 1771 2141 μαρτυρίαν
1795 2090 2004 2141 λαμὸοίνειν,
2019 2090 2079 2128 καὶ
2097 2092 2247 2128 ἐντεῦθεν
2271 2091 2368 2142 ἰσχυ-

1344 2151 1514 2203 ρίζεσθαι,
1532 2149 1622 2194 τίνος
1644 2150 1757 2189 ἕνεκεν
1778 2154 1933 2202 παρ’ῆγες
1953 2153 2057 2189 αὐτοῦ
2074 2150 2136 2198 τὴν
2157 2151 2369 2204 μαρτυρίαν,

1341 2209 1417 2248 Ἵνα
1438 2204 1495 2247 οὖν
1512 2209 1560 2261 μὴ
1576 2214 1685 2248 ταῦτα
1699 2211 1846 2258 λέγωσιν
1859 2238 1868 2256 ,
1886 2211 2032 2249 ἄκουσον
2047 2214 2121 2254 πῶς
2137 2211 2196 2249 καὶ
2210 2210 2274 2258 τὴν
2294 2228 2366 2250 τοι-

1342 2270 1446 2317 αύτην
1461 2271 1629 2310 ἀντίθεσιν
1643 2275 1685 2320 τῆ
1704 2273 1868 2323 ἐπαγωγῇ
1885 2270 2119 2323 διωρθώσατο.
2147 2270 2262 2309 Εἰπὼν
2279 2271 2366 2323 γὰρ,

1339 2332 1391 2369 ὅτι
1406 2332 1511 2383 Παρὰ
1532 2331 1714 2384 ἀνθρώπου
1729 2331 1792 2378 τὴν
1814 2332 2005 2384 μαρτυρίαν
2023 2334 2060 2370 οὗ
2075 2332 2264 2382 λαμὸοίνω,
2279 2334 2364 2379 ἐπή-

1338 2408 1459 2444 γαγεν·
1492 2391 1595 2430 Ἀλλὰ
1626 2397 1734 2431 ταῦτα
1754 2392 1865 2444 λέγω,
1886 2393 1943 2430 ἵνα
1964 2395 2060 2443 ὑμεῖς
2081 2395 2226 2439 σωθῆτε.
2246 2396 2294 2431 υΟ
2328 2392 2364 2432 δὲ

1337 2454 1444 2505 λέγει,
1465 2455 1614 2493 τοιοῦτόν
1635 2455 1737 2492 ἐστιν·
1754 2452 1821 2505 ἐγὼ
1843 2452 1903 2504 μὲν
1923 2455 1984 2491 οὐκ
2002 2453 2146 2504 ἐδεόμην
2165 2457 2227 2500 τῆς
2243 2454 2365 2493 τούτου

1339 2515 1547 2569 μαρτυρίας,
1563 2515 1651 2558 Θεὸς
1670 2514 1729 2560 ὢν,
1747 2517 1808 2560 τῆς
1829 2514 2061 2566 ἀνθρωπίνης·
2079 2514 2198 2561 ἐπειδὴ
2219 2514 2254 2553 δὲ
2273 2517 2361 2565 μᾶλ-

1336 2578 1395 2614 λον
1426 2579 1518 2628 αὐτῷ
1551 2575 1754 2629 προσείχετε
1770 2605 1779 2621 ,
1813 2574 1872 2612 καὶ
1907 2574 2046 2612 πάντων
2083 2574 2361 2628 ἀξιοπιστότερον

1336 2641 1496 2689 ἡγεῖσθε,
1520 2637 1579 2676 καὶ
1607 2636 1726 2688 ἐκείνῳ
1748 2635 1808 2686 μὲν
1840 2638 1885 2678 ὡς
1915 2635 2075 2687 προφήτῃ
2099 2638 2359 2690 προσεδροίμετε

1336 2699 1414 2747 (καὶ
1430 2698 1497 2751 γὰρ
1516 2702 1537 2745 ἡ
1553 2697 1652 2740 πόλις
1669 2696 1724 2735 ἐπὶ
1745 2697 1802 2734 τὸν
1825 2696 2001 2747 Ἰορδάνην
2024 2696 2207 2747 ἐξεχύθη),
2224 2697 2301 2747 ἐμοὶ
2324 2698 2360 2736 δὲ

1335 2759 1412 2799 οὐδὲ
1437 2761 1753 2810 Οαυματουργοῧντι
1787 2755 2031 2794 ἐπιστεύσατε·
2052 2757 2107 2794 διὰ
2138 2760 2239 2794 τοῦτο
2269 2760 2360 2807 ὑμᾶς

1335 2820 1590 2872 ἀναμιμνήσκω
1624 2821 1686 2863 τῆς
1722 2816 1912 2867 μαρτυρίας
1942 2815 2088 2864 ἐκείνης.
2111 2816 2264 2861 Ἐκεῖνος
2285 2813 2359 2866 {vo

1334 2882 1488 2934 λύχνος(
1475 2896 1493 2919 ο
1514 2879 1713 2929 καιόμενος,
1730 2877 1834 2928 φησὶ,
1852 2876 2068 2928 καιφπίνων·
2080 2880 2177 2927 ὑμεῖς
2190 2878 2225 2917 δὲ
2238 2880 2358 2927 ἐθελη-

280 2967 347 3003 que
369 2953 461 2990 enim
480 2951 645 3000 vulgales
671 2948 827 2985 homines
852 2963 958 2987 misci
961 2959 1034 2998 unt
1057 2951 1120 2989 sed
1143 2965 1260 2990 sacer-
1285 2960 1309 2988 A
1336 2959 1418 2983 σατε
1432 2957 1517 2994 προς
1536 2940 1629 2992 0>p0tv
1644 2939 1952 2989 ἆίαλλῑασοῆναῑ
1938 2953 1972 2974 ἓν
1989 2953 2137 2990 τωφωτι
2151 2941 2268 2978 αὐτου.
2280 2940 2357 2978 Ἵνα

279 3016 378 3053 dotes
395 3023 428 3052 et
450 3010 736 3050 Pl1a1isaeos.Sic
754 3009 931 3046 hominem
949 3011 1184 3062 mutabantur,
1200 3027 1262 3051 nec

277 3084 438 3128 poterant
463 3073 568 3111 dictis
599 3073 674 3123 ejus
695 3070 875 3108 obsistere.
904 3071 1000 3108 Illud
1027 3083 1164 3124 autem,
1191 3076 1263 3112 Ad

277 3140 424 3183 horam,
445 3134 591 3173 nimiam
611 3132 755 3169 illorum
776 3131 978 3168 facilitatem
997 3132 1142 3183 indicat,
1162 3135 1259 3184 quod

315 3267 328 3282 ⁴
355 3267 365 3306 [j
380 3263 483 3296 Verba
500 3261 624 3295 inclusa
649 3269 856 3295 accesserunt
875 3260 1001 3294 eSavil.
1033 3261 1188 3296 etCodd.
1210 3263 1275 3295 Ex-

270 3323 424 3357 presserat
441 3314 636 3356 interpres]

1334 3006 1401 3058 γὰρ
1419 3003 1467 3055 μὴ
1484 3002 1631 3052 λέγωσι,
1651 2999 1684 3036 τί
1710 2999 1821 3045 οὖν,εῖ
1840 2999 1967 3041 ἐκεῖνος
1989 2998 2030 3048 μὲ
2033 3014 2050 3036 ν
2069 3003 2178 3075 ejmv,
2199 3003 2245 3050 ἡμ
2244 3016 2299 3044 εις
2319 3000 2354 3038 δὲ

1334 3069 1395 3107 οὐκ
1416 3063 1620 3115 ἐδεξάμεθα,
1637 3059 1806 3098 δείκνυσιν
1824 3057 1878 3096 ὅτι
1894 3059 1952 3096 καὶ
1972 3059 2180 3103 ἀπεδέξαντο
2197 3060 2241 3098 τὰ
2261 3063 2354 3112 εἰρη-

1334 3150 1359 3183 μ
1363 3133 1434 3172 ένα.
1458 3130 1527 3170 Καὶ
1549 3128 1617 3180 γὰρ
1631 3126 1707 3166 ουδὲ
1725 3141 1803 3168 τους
1822 3124 1989 3176 τυχόντας
2009 3125 2182 3178 ἔπεμψαν,
2204 3128 2280 3165 ἀλλ’
2303 3131 2352 3165 ἱε

1387 3265 1400 3286 ¹·
1426 3259 1539 3293 Morel.
1560 3259 1793 3302 ἀκριέοὶογεῖτοιι
1814 3256 1907 3291 δηλῶν
1927 3259 1983 3287 ἐτι.
