2507 3673
683 264 725 292 ιΝ
762 263 970 294 JOANNEM
1006 260 1163 292 uomit..
1206 256 1378 286 Lxxxv.
1416 240 1478 284 al.

138 344 192 384 ὅτι
220 350 269 400 τῷ
302 350 417 403 οἰκείῳ
439 353 575 402 βασιλεῖ
595 352 848 401 ἐπανέστησαν,
871 353 991 405 ὥσπερ
1011 351 1069 391 ἐπὶ
1088 365 1165 403 τρο-

141 407 245 446 παίου
276 411 379 458 τινὸς,
413 411 501 450 οὕτω
533 413 576 450 τὰ
606 413 800 465 γράμματα
829 414 963 461 ἔθηκεν,
997 409 1165 462 λαμπρὰν

143 468 287 520 ἀφιέντα
306 472 435 524 φωνὴν,
456 473 515 511 καὶ
532 474 594 520 τὴν
612 474 709 522 νίκην
733 477 921 522 δηλοῦντα,
940 474 1000 511 καὶ
1020 472 1082 518 τὴν
1105 473 1167 522 {3oe-

143 529 273 568 σιλείαν
305 533 608 586 ἀνακηρύττοντα,
641 538 671 573 εἶ
698 537 758 574 καὶ
787 535 835 586 μὴ
865 533 1071 586 ὁλόκληρον·
1106 530 1167 568 καὶ

141 595 241 629 τοῦτο
257 594 294 630 οὐ
311 600 375 646 μιᾷ
388 595 525 647 γλώττῃ
537 626 545 641 ,
567 596 657 635 ἀλλὰ
674 596 767 649 τρισὶ
781 601 910 648 φωναῖς
924 596 1026 640 δῆλον
1049 591 1167 638 ἐποίη-

144 667 213 690 σεν.
233 653 378 702 Ἐπειδὴ
398 656 464 708 γὰρ
486 658 633 701 πολλοὺς
649 652 736 696 εἰναι
765 657 853 700 εἰκὸς
874 656 1024 707 μιγάδας
1044 656 1077 692 ἓν
1095 659 1167 695 τοῖς

145 712 326 760 Ἰουδαίοις
355 717 410 756 διὰ
426 717 490 765 τὴν
516 719 649 771 ἑορτὴν,
683 718 772 757 ὥστε
799 717 932 768 μηδένα
950 719 1085 768 ἀγνοεῖν
1103 713 1167 760 τὴν

147 777 350 828 ἀπολογίαν,
375 786 450 823 ταῖς
472 786 600 831 φωναῖς
626 780 779 823 ἁπάσαις
799 781 868 816 τῶν
892 776 1069 816 Ἰουδαίων
1103 775 1165 822 τὴν

148 837 274 886 μανίαν
292 840 522 886 ἐστηλίτευσε.
543 840 613 878 Καὶ
629 840 696 893 γὰρ
722 839 781 878 καὶ
806 838 1061 892 ἕσταυρωμένῳ
1084 837 1166 876 ἐδά-

146 914 297 937 σκαινον.
319 900 442 938 Καίτοι
458 900 604 939 τίτοῦτο
623 903 713 952 ὑμᾶς
743 900 938 946 ἔὸλαπτεν;
968 899 1093 938 Οὐδέν.
1124 899 1169 936 Εἰ

146 959 213 1012 γὰρ
232 960 350 1006 θνητὸς
373 956 415 1008 ἦν
435 962 494 1000 καὶ
510 962 656 1009 ἀσθενὴς
675 979 734 1000 και
755 962 986 1001 σὸεννυσθοιιε
974 961 1118 1012 ἰκελλε,
1136 959 1170 998 τί

146 1020 322 1058 δεδοίκατε
350 1021 394 1059 τὰ
412 1022 607 1074 γράμματα
625 1023 792 1074 λε’γοντα,
819 1023 873 1062 ότι
907 1021 1095 1098 βαοίλευςΝ
1097 1037 1170 1060 εστι

144 1097 212 1119 των
236 1081 426 1122 Ἰουδαίων.
452 1085 522 1122 Καὶ
541 1084 575 1123 τί
597 1100 727 1138 φασιν,
744 1083 892 1132 Εἷπὲ,“
871 1101 924 1122 οτι
947 1084 1049 1128 αυτὸς
1065 1087 1170 1121 εἶπεν.

145 1145 218 1181 Νυν
237 1144 299 1195 μὲν
326 1145 393 1198 γὰρ
411 1146 585 1199 ἀπόφασίς
605 1150 678 1185 ἐστι
703 1146 763 1185 καὶ
782 1146 879 1193 κοινὴ
906 1147 1038 1198 ψῆφος
1069 1162 1107 1183 αν
1137 1145 1171 1182 δὲ

145 1211 318 1258 προστεθῇ
334 1238 343 1254 ,
370 1207 423 1246 ὅτι
444 1208 527 1246 Ῥκε
514 1215 598 1252 εῖνος
616 1202 707 1256 εἰπε,
739 1211 802 1254 τῆς
832 1211 935 1246 αὐτου
964 1207 1173 1260 προπετείας

146 1267 206 1304 καὶ
228 1269 427 1313 ἀλαζονείας
450 1269 499 1308 δε’
471 1286 624 1308 εικνυται
642 1271 682 1310 τὸ
704 1269 904 1322 ἔγκλημα”
885 1286 932 1308 ον.
954 1270 1045 1308 Αλλ’
1070 1271 1135 1321 οὐχ
1156 1272 1173 1307 ὁ

147 1329 300 1372 Πιλοίτος
329 1331 538 1384 παρετράπη
553 1361 562 1378 ,
595 1333 670 1369 ἀλλ’
700 1332 757 1370 επὶ
790 1336 851 1379 τῆς
885 1347 990 1385 προτε
996 1347 1054 1384 ρας
1089 1331 1170 1377 ἔστη

147 1406 299 1441 γνωμης.
333 1393 386 1429 Οὐ
417 1393 538 1445 μικρὸν
573 1392 607 1430 δε
635 1393 695 1430 καὶ
724 1394 877 1430 ἐντευθεν
919 1394 1171 1442 οἰκονομεῖται,

148 1450 237 1488 ἀλλὰ
252 1451 291 1488 τὸ
306 1458 387 1490 πᾶν.
406 1452 551 1499 Ἐπειδὴ
573 1453 639 1504 γὰρ
663 1452 869 1505 κατεχώσθη
887 1458 946 1491 τοῦ
965 1457 1114 1505 σταυροῦ
1133 1452 1173 1490 τὸ

149 1510 256 1559 ξύλον,
276 1515 322 1555 ὡς
338 1513 470 1557 οὐδενὸς
491 1514 591 1551 αὐτὸν
613 1514 795 1552 ἀνελέσθαι
825 1514 1094 1560 σπουδάζοντος,
1123 1517 1172 1564 τῷ

147 1573 206 1610 καὶ
225 1573 329 1625 φόόον
354 1577 566 1620 ἐπικεῖσθαι,
597 1574 657 1612 καὶ
679 1575 764 1628 πρὸς
790 1574 890 1628 ἕτεροι
921 1574 1174 1623 κατεπείγοντα

146 1633 223 1678 τοὺς
238 1635 463 1680 πιστεύοντας
486 1637 657 1683 σπεύδειν,
676 1636 801 1688 ἔμελλε
820 1637 856 1674 δὲ
875 1636 1013 1690 χρόνοις
1033 1635 1173 1690 ὕστερον

148 1698 402 1746 ἐπιζητεῖσθαι,
430 1699 519 1743 εἰκὸς
538 1698 573 1736 δὲ
596 1698 674 1742 τοὺς
700 1705 791 1752 τρεῖς
808 1702 894 1751 ὁμοῦ
913 1702 1047 1737 κεῖσθαι
1068 1716 1172 1737 σταυ-

151 1758 226 1811 ρούς
243 1774 250 1781 ·
271 1758 327 1797 ἵνα
350 1760 398 1810 μὴ
420 1763 587 1812 ἀγνοῆται
611 1764 628 1799 ὃ
649 1766 709 1799 τοῦ
729 1760 929 1806 Δεσπότου,
954 1764 1090 1813 πρῶτον
1112 1760 1173 1811 μὲν

149 1821 219 1859 ἀπὸ
242 1825 301 1858 τοῦ
322 1820 425 1871 μέσον
448 1822 546 1860 αὐτὸν
566 1825 724 1870 κεῖσθαι,
746 1821 866 1860 ἔπειτα
888 1821 922 1861 δὲ
944 1822 1004 1860 καὶ
1027 1822 1096 1860 ἀπὸ
1115 1827 1175 1861 τοῦ

149 1881 266 1919 τίτλου
280 1882 381 1928 δῆλος
393 1890 498 1920 πᾶσιν
513 1882 664 1934 ἐγένετο·
682 1886 712 1922 οἱ
728 1882 796 1935 γὰρ
809 1886 877 1921 τῶν
891 1884 1029 1935 λῃστῶν
1041 1882 1177 1927 τίτλους

149 1946 211 1983 οὐκ
242 1938 347 1996 εἰχον.
367 1947 413 1983 Οἱ
436 1945 469 1983 δὲ
491 1949 704 1998 στρατιῶται
727 1945 943 1997 διενείμαντο
972 1946 1015 1983 τὰ
1032 1944 1176 1996 ἱμάτια,

149 2006 206 2044 τὸν
244 2005 259 2044 ὲ
276 2009 410 2057 χιτῶνα
430 2009 492 2044 οὐκ
512 2006 575 2045 ἔτι.
598 2006 694 2058 ΕὈροι
711 2012 892 2058 πανταχοῦ
915 2008 958 2044 δι’
979 2001 1026 2044 ὧν
1047 2009 1176 2053 ἐπονη-

153 2066 288 2120 ρεύοντο
316 2066 378 2110 τὰς
405 2068 616 2121 προφητείας
644 2067 899 2122 πληρουμένας.
934 2069 1003 2106 Καὶ
1031 2068 1097 2120 γὰρ
1119 2068 1178 2105 καὶ

150 2133 250 2166 τοῦτο
278 2128 407 2167 ἄνωθεν
427 2129 625 2182 προείρητο.
646 2129 771 2168 Καίτοι
789 2145 829 2180 γε
849 2135 941 2181 τρεῖς
958 2124 1048 2176 ἦσαν
1072 2145 1178 2167 σταυ-

154 2189 310 2242 ρούμενοι
324 2206 330 2212 ·
344 2189 460 2228 Βάλλὰ
477 2190 520 2228 τὰ
539 2192 607 2227 τῶν
632 2193 852 2243 προφητειῶν
872 2190 927 2229 ἐπἾ
947 2193 1051 2228 αὐτοῦ
1073 2192 1180 2236 ἐπλη-

153 2256 262 2303 ροῦτο.
282 2251 386 2290 Διατί
405 2252 472 2305 γὰρ
497 2252 544 2303 μὴ
571 2253 629 2291 ἐπὶ
656 2256 724 2290 τῶν
742 2253 857 2291 ἄλλων
877 2257 978 2291 τοῦτο
997 2252 1179 2300 ἐποίησαν,

153 2314 229 2350 ἀλλ’
255 2312 312 2351 ἐπὶ
326 2312 448 2351 τούτου
469 2313 592 2364 μόνου·
585 2344 594 2361 ,
615 2313 665 2352 Συ
684 2313 721 2352 δέ
748 2330 807 2365 μοι
824 2313 948 2352 σκόπει
967 2313 1180 2367 προφητείας

153 2374 345 2449 ἀκρίοειαν,
367 2376 421 2412 Ου
436 2374 503 2427 γὰρ
523 2375 562 2414 ὅτ
567 2392 575 2413 ι
598 2375 804 2428 ἐμερίσαντο
824 2391 940 2425 μονον,
961 2376 1037 2413 ἀλλ’
1053 2374 1105 2413 ὅτι
1120 2374 1180 2412 καὶ

153 2451 215 2473 ουκ
244 2434 450 2488 ἐμερίσαντο
480 2440 573 2474 εἶπεν
588 2439 605 2474 ὃ
623 2452 813 2489 προφητης.
831 2435 888 2473 Ιὰ
906 2435 966 2486 μὲν
987 2439 1044 2474 οὐν
1062 2435 1181 2474 διενεί-

155 2512 285 2546 μαντο,
309 2512 367 2533 τον
395 2495 431 2534 δὲ
449 2512 582 2548 χιτωνα
609 2499 647 2534 οὐ
678 2496 910 2546 διενείμαντο,
943 2495 1034 2534 ἀλλὰ
1061 2496 1181 2548 κλήρῳ

153 2557 192 2594 τὸ
228 2563 377 2609 πρᾶγμα
417 2557 622 2610 ἐπετρεψαν,
660 2557 713 2595 Τὸ
750 2556 806 2604 δὲ,
840 2556 906 2595 Ἐκ
944 2559 1012 2595 τῶν
1052 2557 1179 2596 ἄνωθεν

154 2621 316 2670 υφαντος,
337 2620 401 2670 οὐχ
420 2620 539 2662 ἁπλως
559 2618 785 2672 πρόσκειται·
811 2619 886 2656 ἀλλ’
914 2621 944 2657 οἱ
972 2635 1033 2670 μεν
1063 2634 1179 2671 φασιν,

155 2680 366 2731 ἀλληγορίαν
388 2681 430 2718 δι’
460 2681 564 2719 αὐτοῦ
582 2682 791 2727 δηλοῦσθαι,
823 2679 876 2717 ὅτι
898 2681 964 2732 οὐχ
985 2682 1103 2723 ἁπλῶς
1123 2680 1180 2718 ἄν·

155 2745 291 2794 θρωπος
304 2734 346 2786 ἦν
365 2743 382 2779 ὃ
398 2741 652 2794 σταυρούμενος
667 2771 676 2789 ,
694 2739 784 2779 ἀλλὰ
802 2740 861 2779 καὶ
885 2741 1013 2779 ἄνωθεν
1032 2740 1096 2787 τὴν
1110 2740 1181 2779 θεό-

153 2818 244 2849 τητα
261 2796 346 2854 εἶχε.

207 2864 309 2907 Τινὲς
329 2863 364 2902 δὲ
389 2865 471 2903 αὐτὸ
498 2864 538 2903 τὸ
567 2857 654 2908 εἶδος
683 2868 742 2903 τοῖ’)
772 2863 982 2916 χιτωνίσκου
1011 2863 1096 2917 φασὶ
1121 2865 1179 2903 τὸν

156 2925 400 2977 εὖαγγελιστὴν
417 2929 575 2979 ἱστορεῖν.
594 2925 740 2973 Ἐπειδὴ
753 2925 820 2978 γὰρ
835 2927 869 2963 ἓν
882 2925 1105 2978 Παλαιστίνη
1125 2924 1182 2964 δύο

158 2986 245 3038 ῥάκη
267 2986 536 3036 συμὸάλλοντες,
553 2986 661 3030 οὕτως
681 2987 861 3040 ὑφαίνουσι
882 2987 925 3025 τὰ
955 2986 1099 3038 ἱμάτια,
1120 2988 1182 3033 δη-

157 3051 226 3086 λῶν
243 3051 260 3085 ὃ
274 3047 453 3094 Ἰωάννης,
478 3047 530 3085 ὅτι
546 3054 697 3093 τοιοῦτος
721 3043 762 3095 ἦν
783 3052 800 3086 ὃ
826 3047 1042 3101 χιτωνίσκος,
1069 3047 1186 3100 φησὶν,

157 3108 224 3146 'En
246 3112 313 3146 τῶν
337 3108 465 3146 ἄνωθεν
483 3109 639 3160 ὑφαντός.
662 3112 775 3148 Τοῦτο
795 3109 830 3148 δὲ
848 3109 924 3159 ἐμοὶ
940 3110 1031 3147 δοκεῖ
1056 3109 1183 3160 λέγειν,
1206 3113 1231 3142 D

158 3169 390 3221 αἰνιττόμενος
411 3170 451 3207 το
466 3169 599 3213 εὐτελὲς
614 3174 681 3208 τῶν
699 3171 861 3222 ἱματίων,
882 3170 940 3208 καὶ
954 3172 1006 3208 ὅτι
1026 3170 1184 3221 καθάπερ

158 3234 192 3270 ἐν
211 3238 281 3275 τοῖς
303 3232 422 3274 ἄλλοις
437 3231 579 3279 ἅπασιν,
595 3231 685 3270 οὕτω
706 3232 766 3270 καὶ
785 3233 819 3269 ἐν
842 3235 883 3282 τῇ
904 3234 1008 3283 στολῇ
1031 3231 1071 3269 τὸ
1089 3231 1183 3269 λιτὸν

158 3291 280 3330 ἐδίωκε
301 3296 436 3344 σχῆμα.
459 3292 530 3330 Καὶ
546 3295 575 3331 οἱ
594 3293 655 3343 μὲν
677 3295 890 3344 στρατιῶται
910 3297 1020 3331 ταῦτα
1035 3291 1181 3331 ἐποίουν·

205 3440 216 3452 ³
243 3429 357 3461 Morel.
378 3434 458 3463 »HM
475 3436 508 3464 τὸ
526 3439 582 3464 τῶν
599 3440 800 3476 προφητικῶν.

1519 255 1705 284 Lxxxiv.
2131 242 2222 301 3375

1236 354 1290 383 tos
1301 346 1322 384 J
1326 344 1437 382 udaeis
1453 343 1667 382 commixtos
1683 343 1791 380 fuisse
1806 353 1949 395 propter
1964 345 2224 394 solennitatem,

1238 413 1278 442 ut
1299 418 1403 442 nemo
1422 405 1497 456 ejus
1517 404 1719 456 apologiam
1746 403 1944 453 ignoraret,
1972 405 2136 441 omnibus
2159 405 2226 443 lin-

1240 466 1320 517 guis
1339 465 1549 505 Judaeorum
1569 466 1725 502 furorem
1745 464 1939 502 denotarit.
1960 466 2051 502 Nam
2072 467 2127 503 vel
2147 481 2230 503 cru-

1241 528 1350 566 cifixo
1365 527 1588 566 invidebant.
1614 527 1720 577 Atqui
1741 527 1830 578 quid
1847 527 1915 564 boc
1933 526 2035 564 vobis
2055 528 2228 565 nocebat?

1241 588 1356 627 Nihil.
1386 589 1424 627 Si
1447 589 1541 627 enim
1563 588 1723 626 mortalis
1744 597 1841 638 erat,
1863 587 2086 637 imbecillus,
2111 597 2144 625 et
2164 604 2227 627 ex-

1242 652 1492 704 stinguendus,
1516 667 1579 690 cur
1600 652 1730 690 timetis
1750 652 1899 704 scriptas
1921 651 2056 689 litteras
2075 651 2231 689 dicentes

1243 713 1347 751 illum
1367 729 1440 751 esse
1459 715 1591 765 Regem
1619 713 1853 753 Judaeorum?
1885 714 1930 750 Et
1958 713 2049 763 quid
2075 713 2230 751 (licuntss‘

1242 775 1311 814 Die
1338 776 1434 827 quod
1465 777 1525 814 ille
1560 776 1705 814 dixerit.
1739 776 1832 813 Nam
1855 790 1948 813 nune
1971 776 2139 813 sententia
2181 786 2231 814 est
2248 794 2274 811 v.
2294 793 2328 814 21

1242 847 1275 875 et
1293 838 1492 876 communis
1505 839 1682 888 calculus,
1699 838 1728 876 si
1744 852 1830 877 vcro
1846 838 2058 890 adjiciatur,
2072 840 2157 890 Ipse
2177 840 2232 876 di-

1242 901 1303 936 xit
1316 929 1329 946 ,
1350 899 1446 937 illius
1460 900 1664 951 petulantia}
1680 909 1712 937 ct
1725 900 1933 951 arrogantiae
1951 899 1989 937 id
2004 899 2230 937 adscribitur.

1244 963 1367 1013 Neque
1401 972 1517 1001 tamen
1549 963 1760 1001 sententiam
1794 963 1948 1001 mutavit
1978 963 2137 1011 Pilatus,
2170 964 2233 1001 sed.

1242 1024 1412 1076 perstitit.
1430 1025 1523 1062 Hine
1548 1034 1665 1062 autem
1679 1038 1747 1062 non
1763 1039 1874 1077 parva
1888 1024 2066 1077 quaepiam
2080 1039 2155 1073 res,
2173 1025 2233 1062 sed

1245 1093 1360 1123 totum
1379 1084 1619 1138 dispensatur.
1646 1087 1737 1122 Cum
1758 1087 1852 1123 enim
1877 1086 1992 1124 crucis
2012 1085 2150 1137 lignum
2171 1087 2233 1125 de—

1246 1147 1378 1185 fossum
1397 1147 1519 1185 fuisset
1536 1179 1544 1197 ,
1559 1162 1622 1186 nee
1635 1148 1727 1186 illud
1746 1148 1926 1200 quispiam
1939 1163 2059 1186 eruere
2077 1149 2233 1198 auderet,

1248 1208 1400 1246 instante
1427 1219 1548 1259 metu,
1569 1219 1602 1247 et
1617 1210 1757 1259 fideles,
1776 1210 1857 1248 aliis
1878 1211 1983 1249 rebus
2005 1212 2232 1263 urgentibus,

1247 1268 1506 1321 incumberent,
1517 1280 1550 1308 et
1564 1280 1680 1309 tamen
1695 1272 1857 1310 futurum
1876 1282 1963 1323 erat,
1984 1282 2022 1309 ut
2038 1272 2233 1322 insequenti

1246 1340 1404 1383 tempore
1438 1347 1527 1370 crux
1558 1333 1840 1385 perquireretur,
1873 1343 1906 1371 et
1930 1344 1999 1371 tres
2025 1348 2145 1371 eruces
2163 1348 2234 1371 una

1243 1393 1400 1444 jacerent
1421 1410 1428 1430 :
1452 1408 1494 1431 ne
1512 1395 1736 1445 ignoraretur
1752 1410 1914 1446 quzenam
1929 1396 2075 1434 Domini
2094 1395 2232 1443 fuisset,

1245 1454 1364 1506 primo
1393 1456 1490 1505 quod
1519 1456 1554 1493 in
1584 1457 1702 1494 medio
1744 1468 1850 1505 esset,
1885 1458 2015 1495 deinde
2050 1473 2094 1496 ex
2130 1457 2233 1494 titulo
2250 1445 2438 1515 ξῗξΗὲῙιΐζί

1247 1516 1368 1567 agnita
1395 1517 1481 1566 fuit,
1501 1518 1680 1555 latronum
1705 1519 1839 1570 quippe
1869 1534 1988 1557 eluces
2019 1520 2141 1557 titulos
2165 1533 2233 1556 non
2251 1530 2363 1558 titulus.

1246 1578 1438 1615 habebant.
1467 1579 1603 1616 Milites
1625 1589 1745 1617 autem
1778 1580 1978 1618 diviserunt
2007 1581 2233 1630 vestimenta,

1247 1639 1309 1677 sed
1327 1654 1396 1678 non
1410 1640 1582 1678 tunicam.
1601 1641 1697 1680 Vide
1715 1656 1856 1679 rursum
1880 1657 1942 1694 per
1962 1657 2072 1694 prava
2090 1642 2235 1681 illorum

1249 1710 1345 1752 gesta
1364 1702 1570 1754 prophetias
1589 1703 1723 1754 ubique
1745 1704 1900 1756 impleri.
1929 1706 2022 1742 Nam
2036 1704 2131 1742 illud
2144 1719 2232 1755 quo-

1246 1777 1316 1814 que
1325 1764 1402 1815 jam
1427 1764 1514 1802 olim
1530 1764 1743 1816 praedictum
1757 1766 1883 1804 suerat.
1910 1766 2017 1817 Atqui
2042 1776 2112 1804 tres
2138 1776 2237 1804 erant

1248 1825 1435 1877 crucifixi,
1461 1826 1523 1864 sed
1540 1826 1735 1879 prophetiae
1756 1827 1791 1864 in
1811 1828 1874 1866 illo
1890 1828 2144 1881 implebantur.
2165 1829 2238 1866 Cur

1249 1886 1344 1924 enim
1366 1901 1436 1925 non
1455 1888 1492 1926 in
1512 1888 1593 1927 aliis
1621 1888 1718 1926 idem
1737 1890 1914 1940 fecerunt,
1942 1890 2002 1928 sed
2020 1891 2056 1929 in
2075 1891 2143 1929 hoc
2161 1900 2236 1928 tan-

2298 1403 2352 1430 Cui
2369 1404 2434 1430 usui

1250 1950 1353 1987 tum?
1387 1951 1446 1987 Tu
1473 1965 1558 1989 vero
1590 1952 1679 1989 mihi
1696 1952 1894 1990 consideres
1913 1954 2023 1992 velim
2041 1954 2238 2006 prophetiae

1250 2012 1522 2050 accurationem.
1541 2015 1621 2051 Non
1640 2015 1747 2052 modo
1767 2015 1860 2052 enim
1879 2016 2044 2054 divisisse
2057 2016 2145 2054 dicit
2158 2031 2238 2068 pro-

1250 2073 1357 2125 pheta
1372 2104 1381 2122 ,
1405 2074 1467 2112 sed
1492 2074 1599 2112 etiam
1627 2090 1696 2113 non
1716 2075 1883 2114 divisisse
1902 2094 1910 2113 :
1929 2077 1998 2115 alia
2018 2078 2237 2127 diviserunt,

1250 2136 1409 2174 tunicam
1428 2150 1496 2174 non
1517 2136 1737 2185 diviserunt,
1759 2137 1821 2174 sed
1850 2138 1934 2175 sorti
1954 2152 2028 2175 rem
2051 2139 2237 2176 commise-

1252 2207 1346 2235 runt.
1367 2197 1466 2235 Illud
1489 2212 1595 2245 vero,
1626 2200 1692 2236 25.
1724 2199 1899 2250 Desuper
1931 2208 2131 2246 contexta,
2166 2214 2235 2238 non

1251 2259 1326 2297 sine
1338 2273 1441 2297 eausa
1456 2260 1602 2312 ponitur
1610 2276 1622 2310 3
1637 2260 1700 2298 sed
1715 2260 1776 2298 alii
1792 2259 1917 2298 dieunt
1928 2260 2133 2311 allegoriam
2147 2275 2233 2309 esse,

1253 2319 1336 2372 quia
1353 2334 1422 2358 non
1435 2320 1645 2373 simpliciter
1654 2321 1761 2359 homo
1779 2331 1852 2359 erat
1863 2321 2057 2359 crucifixus
2075 2321 2154 2371 illc,
2176 2322 2237 2360 sed.

1251 2384 1350 2436 prius
1370 2383 1594 2424 divinitatem
1614 2384 1753 2422 habuit.

1307 2853 1344 2889 2.
1366 2849 1439 2887 Alii
1470 2849 1595 2889 dicunt
1628 2851 1720 2889 illud
1764 2853 1872 2893 vestis
1910 2867 2021 2906 genus
2041 2855 2241 2897 deseribcle
2311 2872 2366 2901 vc
2372 2874 2443 2899 uum

1255 2911 1519 2962 evangelistam.
1543 2913 1637 2959 Quia
1657 2914 1752 2952 enim
1778 2915 1813 2952 in
1841 2916 2025 2955 Palaestina
2048 2918 2137 2956 duos
2159 2933 2240 2956 con·
2255 2916 2327 2942 ”¹¹¹³
2341 2924 2370 2940 ¹¹¹
2395 2915 2446 2940 ω·

1255 2982 1394 3012 suentes
1409 2988 1555 3026 pannos,
1575 2975 1626 3014 sie.
1639 2977 1847 3016 vestimenta
1861 2988 1998 3029 texunt,
2018 2989 2056 3018 ut
2067 2980 2242 3032 significet
2255 2957 2374 2983 muna

1258 3038 1422 3086 Joannes,
1437 3037 1542 3075 talem
1555 3038 1662 3077 fuisse
1675 3039 1844 3089 tunicam,
1853 3041 1952 3090 dieit
1967 3043 2141 3094 Desuper
2155 3058 2242 3081 con-
2333 3058 2446 3087 Tunica

1258 3108 1377 3137 texta.
1395 3099 1439 3137 ld
1465 3114 1548 3139 vero
1575 3100 1692 3140 dicere
1712 3102 1802 3140 mihi
1837 3103 1991 3151 videtui,
2019 3114 2057 3142 ut
2091 3104 2422 3172 vestiunii¹¹⁰⁰¹¹⁵¹²¹¹·

1256 3161 1434 3201 vilitatem
1466 3163 1694 3202 subindicet:
1718 3174 1752 3202 et
1774 3165 1865 3203 sicut
1895 3166 1931 3203 in
1957 3134 2036 3203 aliis
2063 3168 2242 3219 omnibus,
2271 3155 2292 3173 ¹⁵

1256 3223 1308 3262 sic
1338 3224 1375 3262 in
1413 3233 1508 3263 veste
1549 3238 1631 3263 eum
1663 3226 1793 3264 vilitati
1838 3227 2027 3265 studuisse.
2075 3228 2121 3265 Et
2172 3230 2246 3267 haee

1257 3285 1405 3337 quidem
1421 3285 1565 3325 milites.
1583 3287 1664 3339 Ipse
1679 3301 1764 3326 vero
1780 3288 1973 3327 crucifixus
1987 3298 2133 3328 matrem
2145 3304 2245 3329 suam
2261 3304 2289 3325 v-
2315 3295 2354 3332 24
