2481 3678
764 194 801 223 ΙΝ
844 193 1055 223 JOANJAEM
1094 191 1245 220 HOMIL.
1284 192 1374 221 xm.

122 279 238 331 χανειν
261 280 419 329 ἀγαθῶν,
444 276 580 328 “Ώσπερ
613 275 681 328 γὰρ
707 279 729 322 ἡ
757 276 864 313 κακία
895 275 954 312 καὶ
986 274 1054 326 πρὸ
1079 275 1142 317 τῆς

123 340 260 391 γεέννης
280 338 358 382 τοὺς
383 340 530 376 ἐνταῦθα
558 336 665 384 αὐτὴν
686 337 865 388 μετιόντας
888 336 1042 378 κολάζειν
1063 333 1143 371 εἴω-

123 405 198 438 θεν·

123 463 268 499 ἐνταῦθα
304 460 410 506 αὐτὴν
442 459 686 512 ἐργαζομένους
716 457 970 512 παρασκευάζει
999 459 1144 506 τρυφᾶν,

123 522 239 560 ελπίσι
265 527 435 573 χρησταῖς
465 536 524 557 και
552 521 656 571 ἡδονῃ
689 521 828 569 διηνεκῃ
861 520 964 568 συζῇν
985 529 1144 553 ποιουσα.

232 399 322 438 οὕτω
341 399 400 437 καὶ
419 403 440 446 ἡ
462 398 567 450 ἀρετὴ
597 399 656 436 καὶ
676 398 743 451 πρὸ
770 400 831 444 τῆς
861 395 1039 448 βασιλείας
1067 392 1145 436 τοὺς

121 582 186 620 ε”Ιν
219 585 276 620 οὐν
307 581 436 629 ταύτης
457 581 675 633 ἐπι-τύχωμεν
695 580 754 618 καὶ
786 582 931 618 ἐνταῦθα
964 591 1024 614 και
1055 575 1146 613 κατὰ

123 642 185 689 τὴν
213 642 405 693 μέλλουσαν
432 642 535 690 ζωὴν,
561 640 809 691 ἐπιλαὸώμεθα
830 654 898 676 των
925 638 1063 686 ἀγαθῶν
1091 636 1145 688 ἔρ-

122 720 203 755 γων.
223 703 326 742 Οὕτω
345 704 412 758 γὰρ
427 719 487 742 και
502 719 569 741 των
588 701 782 753 μελλόντων
803 697 1048 748 ἐπιτευξόμεθα
1068 713 1143 736 στε-

123 781 258 817 φανων·
277 782 324 803 ων
341 765 473 817 γένοιτο
486 764 619 806 πάντας
634 765 727 812 ἡμᾶς
745 761 934 811 ἐπιτυχεῖν,
951 758 1072 811 χάριτι
1089 759 1148 796 καὶ

124 826 368 879 φιλανθρωπία
386 829 445 864 τοῦ
466 824 592 876 Κυρίου
612 825 711 872 ἡμῶν
728 821 845 868 Ἰησοῦ
867 822 1031 873 Χριστου,
1052 821 1094 857 δι’
1110 823 1147 858 οὗ

124 887 183 926 καὶ
205 891 278 938 μεθ’
301 890 338 925 οὗ
358 904 408 925 τω
428 884 543 938 Πατρι
573 888 596 929 ἦ
628 882 726 930 δόςα,
748 882 823 933 ἅμα
844 899 893 933 τῳ
923 881 1011 934 ἁγίω
1029 882 1147 920 Πνεύ-

126 965 210 998 ματι
226 979 235 995 ,
260 954 316 987 νῦν
339 927 398 987 mil.
418 948 491 995 ἀεὶ,
512 946 572 985 καὶ
592 947 639 988 εἷς
660 942 739 987 τοὺς
765 945 892 987 αἰῶνας
913 945 980 981 τῶν
1002 942 1149 981 αἰώνων.

124 1011 243 1061 Ἀμήν.

499 1282 677 1320 ΟΜῘᾹΙΑ
707 1279 778 1331 μα’.

126 1407 313 1458 Ἐρευνᾶτε
344 1404 406 1447 τὰς
438 1403 602 1456 Γραφὰς,
621 1402 675 1441 ὅτι
699 1404 798 1452 ὑμεῖς
819 1402 948 1439 δοκεῖτε
977 1402 1010 1438 ἕν
1032 1401 1150 1443 αὐταῖς

179 1466 269 1512 ζωὴν
289 1464 425 1503 αἰώνιον
442 1465 553 1516 ἔχειν·
572 1463 730 1501 κάκεῖναί
746 1465 830 1501 εἰσιν
855 1465 890 1499 αἱ
915 1465 1150 1514 μαρτυροῦσαι

176 1526 256 1579 περὶ
271 1528 355 1577 ἐμοῦ
368 1541 376 1549 ·
393 1526 504 1563 καὶού
526 1524 640 1563 θέλετε
661 1525 768 1562 ἐλθεῖν
791 1523 877 1577 πρός
900 1540 942 1574 με
954 1553 964 1571 ,
983 1523 1039 1561 ἵνα
1059 1522 1148 1569 ζωὴν

179 1587 317 1625 αἰώνιον
337 1586 453 1638 ἔχητε.

176 1779 292 1818 Πολὺν
314 1778 495 1830 ποιώμεθα
517 1781 584 1817 τῶν
601 1781 859 1829 πνευματικῶν,
878 1779 1069 1830 ἀγαπητοὶ,
1092 1778 1150 1817 λό-

124 1859 195 1894 γον,
217 1840 306 1892 μηδὲ
331 1844 449 1892 ἀρκεῖν
468 1844 553 1891 ἡμῖν
572 1839 768 1891 νομίζωμεν
795 1840 881 1893 πρὸς
902 1840 1090 1893 σωτηρίαν,
1110 1840 1150 1878 τὸ

124 1903 182 1942 καὶ
201 1906 355 1941 ὁπωσοῦν
377 1902 463 1940 αὐτὰ
493 1901 657 1952 μετιέναι.
678 1903 723 1939 Εἰ
743 1900 810 1955 γὰρ
830 1902 864 1939 ἔν
885 1907 954 1945 τοῖς
977 1904 1150 1952 βιωτικοῖς

123 1963 216 2003 οὐδὲν
239 1964 328 2015 μέγα
361 1962 554 2001 ἀπόνασθαι
577 1961 758 2008 δυνήσεταί
791 1978 859 2008 τις,
878 1962 1062 2014 παρέργως
1090 1962 1150 2000 καὶ

1414 176 1475 222 al.
1515 193 1588 221 xii.

2104 198 2195 242 270

1212 271 1320 322 plicio
1347 271 1488 309 afficere
1508 271 1616 309 solet:
1640 273 1690 311 sie
1716 281 1748 309 et
1768 273 1893 321 virtus,
1914 273 2020 310 etiam
2043 284 2122 312 ante
2145 290 2198 313 re-

1214 346 1341 383 gnum,
1373 332 1474 370 illam
1501 333 1748 371 exercentibus
1783 333 1931 372 delicias
1958 344 2084 385 parat,
2107 336 2199 373 bona

1214 407 1288 445 spe,
1306 393 1449 445 perenni
1466 394 1648 447 voluptate
1664 395 1773 434 vitam
1789 396 1956 434 afficiens.
1970 395 2119 434 Uthane.
2133 398 2200 435 ita—

1214 468 1284 504 que
1299 463 1331 491 et
1343 454 1402 492 hic
1416 464 1449 492 et
1460 455 1494 493 in
1511 456 1631 494 futura
1652 457 1727 496 vita
1743 471 2014 508 consequamur,
2030 457 2131 496 bonis
2149 459 2201 496 in-

1215 515 1424 554 cumbamus
1439 518 1615 569 operibus.
1637 518 1697 557 Sic
1714 519 1809 557 enim
1826 529 1859 557 et
1876 521 2013 558 futuras
2027 519 2086 557 adi
2090 520 2201 571 pisce-

1216 591 1298 615 mur
1328 592 1495 628 coronas;
1519 594 1606 630 quas
1635 580 1771 618 utinam
1799 594 2056 632 consequamur
2084 595 2205 618 omnes

1217 638 1330 690 gratia
1358 648 1391 676 ct
1418 639 1636 691 benignitate
1654 641 1800 679 Domini
1820 642 1931 679 nostri
1955 644 2038 681 Jesu
2059 641 2205 689 Christi,

1172 703 1196 732 D
1218 713 1281 750 per
1299 713 1405 750 quem
1433 709 1466 738 et
1488 715 1569 738 cum
1602 716 1671 752 quo
1694 702 1791 740 Patri
1815 703 1942 754 gloria,
1970 717 2110 754 unaque
2123 702 2206 754 Spi-

1218 760 1301 797 ritui
1320 770 1453 810 sancto,
1473 777 1566 800 nunc
1583 772 1616 800 et
1636 777 1787 815 semper,
1806 773 1839 802 ct
1858 765 1892 802 in
1910 766 2037 804 saecula
2060 765 2206 803 saeculo·

1217 837 1309 860 rum.
1331 824 1452 862 Amen.

1548 1278 1756 1318 HOMILIA
1790 1278 1886 1316 XLI.

1225 1399 1287 1435 59.
1316 1399 1556 1436 Scrutamini
1585 1400 1814 1451 Scripturas,
1849 1404 1941 1452 quia
1971 1415 2034 1440 vos
2065 1406 2212 1453 putatis

1175 1462 1198 1490 E
1280 1462 1321 1496 in
1342 1462 1432 1511 ipsis
1450 1462 1576 1497 vitam
1593 1469 1777 1498 aeternam
1797 1463 1938 1500 habere
1954 1479 1965 1498 :
1980 1473 2014 1501 el
2031 1465 2110 1501 illoe
2122 1474 2211 1503 sunt

1280 1536 1364 1574 quse
1391 1526 1650 1561 testimonium
1672 1526 1875 1576 perhibent
1894 1527 1942 1563 de
1966 1541 2025 1563 me
2043 1543 2053 1562 :
2074 1528 2140 1565 40.
2174 1538 2210 1567 et

1278 1598 1355 1622 non
1374 1585 1495 1623 vultis
1515 1588 1650 1624 venire
1670 1587 1724 1624 ad
1741 1601 1813 1633 me,
1825 1596 1867 1625 ut
1886 1590 2013 1626 vitam
2026 1597 2210 1627 (eternam

1275 1647 1465 1684 habeatis.

1277 1777 1311 1811 1.
1341 1775 1527 1826 Magnam,
1546 1773 1685 1825 dilecti,
1705 1775 1750 1813 de
1768 1775 2017 1828 spiritualibus
2040 1777 2210 1816 rationem

1222 1835 1438 1886 habeamus,
1469 1851 1582 1887 neque
1608 1847 1724 1876 tamen
1752 1838 1854 1876 nobis
1878 1838 1925 1876 ad
1947 1839 2096 1877 salutem
2128 1840 2212 1878 satis

1223 1912 1296 1935 esse
1313 1908 1495 1950 putemus,
1516 1899 1544 1936 si
1560 1914 1599 1937 ea
1622 1909 1814 1950 utcumque
1840 1909 2043 1938 tractemus.
2066 1903 2158 1939 Nam
2182 1902 2211 1939 si

1223 1959 1260 1997 in
1295 1960 1525 1999 saecularibus
1554 1961 1659 1999 rebus
1689 1976 1791 1999 nemo
1822 1975 1992 2013 magnum
2025 1963 2211 2015 quidpiam

124 2029 170 2069 ὡς
190 2025 309 2077 ἔτυχεν
343 2027 456 2067 αὐτοῖς
481 2023 715 2076 κεχρημένος,
735 2024 855 2076 πολλῷ
877 2025 1008 2075 μᾶλλον
1028 2027 1062 2062 ἐν
1079 2030 1148 2068 τοῖς
1161 2049 1209 2074 243
1223 2021 1354 2059 lucrari
1382 2021 1683 2074 deprehenditur,
1716 2023 1745 2060 si
1776 2023 1892 2060 obiter
1913 2033 1946 2061 et
1974 2024 2212 2075 perfunctorie

124 2093 371 2137 πνευματικοῖς
390 2091 489 2124 τοῦτο
513 2084 751 2135 συμδήσεται,
770 2085 888 2132 ἐπειδὴ
915 2085 974 2122 καὶ
993 2085 1149 2128 πλείονος
1173 2085 1199 2114 Α
1223 2095 1317 2136 agat,
1340 2085 1452 2123 multo
1471 2085 1585 2138 magis
1610 2086 1646 2123 in
1667 2086 1918 2138 spiritualibus
1942 2087 2047 2124 rebus
2072 2087 2110 2124 id
2132 2102 2212 2125 eve-

124 2153 234 2186 ταῢτα
265 2149 373 2185 δεῖται
394 2148 555 2192 σπουδῆς.
577 2145 646 2184 Διὰ
672 2149 773 2184 τοῦτο
792 2146 851 2184 καὶ
871 2150 888 2184 ὃ
907 2146 1056 2198 Χριστὸς
1077 2163 1149 2184 πα-

126 2208 320 2260 ραπέαπιη
355 2206 433 2251 τοὺς
462 2206 647 2250 Ιουδαίους
678 2213 755 2251 ταῖς
784 2209 964 2260 Γραφαῖς,
1002 2209 1065 2246 οὐκ
1103 2209 1150 2250 εἰς

126 2270 239 2314 ἇπλῆν
266 2268 471 2319 ἀνάγνωσι,ν
495 2269 571 2306 ἀλλ’
595 2271 641 2312 εἰς
662 2267 800 2320 ἔρευναν
821 2268 948 2321 ἀκριίῗῆ
970 2268 1030 2306 καὶ
1053 2274 1150 2306 ὃκα-

125 2329 376 2380 τανενοημένην
395 2329 515 2374 αὐτους
534 2329 774 2384 παρέπεμπεν.
795 2332 848 2367 Οὐ
861 2329 928 2382 γὰρ
944 2333 1053 2375 εἶπεν,
1070 2332 1152 2367 ἀνα-

126 2389 312 2440 γινώσκετε
335 2390 396 2434 τὰς
418 2391 585 2442 Γραφάς·
607 2393 696 2438 ἀλλ’,
717 2390 904 2444 Ἐρευνᾶτε
919 2390 980 2434 τὰς
997 2391 1150 2443 Γραφάς.

127 2451 272 2498 ’Ἐπειδὴ
295 2451 363 2504 γὰρ
381 2451 426 2489 τὰ
455 2452 535 2504 περὶ
568 2454 670 2490 αὐτοῦ
694 2452 865 2503 λεγόμενα
886 2455 1017 2498 πολλῆς
1045 2454 1152 2490 ἐδεῖτο

127 2515 187 2557 τῆς
207 2512 407 2563 ἐπιμελείας
430 2512 678 2560 (συνεσκίαστο
709 2512 777 2565 γὰρ
797 2513 926 2551 ἄνωθεν
959 2513 1153 2565 συμφερόν-

129 2588 195 2616 τως
223 2578 293 2616 τοῖς
323 2572 450 2621 τότε),
476 2572 533 2610 διὰ
561 2577 661 2611 τοῦτο
682 2573 742 2611 καὶ
772 2574 999 2612 διασκάπτειν
1033 2572 1154 2616 αὐτοὺς

131 2633 218 2684 μετὰ
242 2634 419 2687 ἀκριέείας
439 2634 570 2672 κελεύει
589 2639 660 2680 νῦν,
679 2633 736 2672 ἵνα
765 2634 809 2672 τὰ
838 2638 871 2673 ἐν
895 2637 945 2686 τῷ
967 2634 1064 2685 βάθει
1083 2634 1154 2672 κεί-

130 2711 217 2745 μενα
237 2696 408 2742 δυνηθῶσι
428 2699 550 2747 εὑρεῖν.
567 2694 659 2733 Οὐδὲ
679 2695 746 2746 γὰρ
773 2695 995 2746 ἐξζέπιπολῆς
1015 2695 1151 2748 εἴρητο,

129 2755 203 2793 οὐδὲ
227 2755 243 2776 ¹'
255 2761 264 2773 ⁶
304 2756 312 2771 x

253 2772 338 2809 υπερ
356 2756 418 2803 τὴν
447 2757 648 2808 ἐπιφάνειαν
675 2757 837 2809 ἔρριπτο·
859 2758 935 2794 ἀλλ’
965 2756 1084 2809 ὥσπερ
1102 2772 1154 2798 τις

129 2818 298 2870 θησαυρὸς
315 2820 348 2856 ἐν
368 2820 486 2871 πολλῷ
501 2820 550 2870 τῷ
568 2818 665 2868 βάθει
684 2818 873 2856 κατέκειτο.
889 2817 934 2856 ‘O
951 2817 986 2856 δὲ
1000 2817 1044 2856 τὰ
1058 2818 1153 2855 κάτω

130 2877 274 2928 κείμενα
293 2882 417 2926 ζητῶν,
438 2878 477 2916 ἂν
500 2878 548 2929 μὴ
571 2878 660 2929 μετὰ
680 2878 860 2930 ἀκριὲείας
887 2881 973 2931 ζητῇ
1001 2879 1060 2917 καὶ
1090 2879 1155 2918 πό-

130 2954 199 2986 νου,
217 2938 378 2977 οὐδέποτε
397 2940 580 2986 δυνήσεται
599 2943 709 2993 εὑρεῖν
728 2941 767 2979 τὸ
786 2939 1004 2991 ζητούμενον.
1025 2942 1093 2980 Ami
1103 2957 1155 2980 τοι

129 3005 229 3037 τοῦτο
250 3000 309 3037 καὶ
339 3000 462 3047 εἰπὼν,
482 3000 669 3054 Ἐρευνᾶτε
687 3001 750 3045 τὰς
770 3002 931 3055 Γραφὰς,
952 3003 1127 3054 ἐπήγαγεν
1146 3019 1154 3027 ·

127 3063 214 3102 “Ori
235 3067 334 3115 ὑμεῖς
355 3067 487 3104 δοκεῖτε
505 3068 539 3104 ἐν
557 3069 674 3110 αὐταῖς
693 3066 782 3113 ζωὴν
799 3066 936 3105 αἰώνιον
955 3067 1058 3119 ἔχειν.
1079 3070 1155 3106 Οὐκ

131 3123 236 3178 εἶπεν,
259 3131 378 3182 ἔχετε·
400 3132 508 3180 ἀλλὰ,
530 3134 691 3181 Δοκεῖτε,
714 3133 846 3177 δεικνὺς
862 3133 914 3172 ὅτι
934 3134 1026 3173 οὐδὲν
1048 3137 1155 3187 ἐκαρ-

132 3203 256 3236 ποῦντο
287 3197 376 3247 μέγα
408 3215 440 3236 τι
464 3200 522 3237 καὶ
547 3206 713 3250 γενναῖον,
747 3201 815 3239 ἀπὸ
843 3203 903 3247 τῆς
932 3200 1156 3252 ἀναγνώσεως

176 3345 188 3358 ⁸
215 3335 326 3367 ΑλῙωὊΙ.
349 3344 601 3379 affligammi-aqu.

1224 2149 1310 2199 niet,
1336 2149 1418 2200 quia
1444 2149 1498 2187 hae
1516 2150 1643 2202 majori
1664 2164 1752 2202 opus
1769 2150 1900 2188 habent
1918 2149 2114 2201 diligentia.
2126 2151 2211 2188 Ideo

1225 2211 1389 2249 Christus
1409 2211 1551 2250 Judaeos
1569 2211 1616 2249 ad
1635 2212 1838 2264 Scripturas
1859 2211 2052 2261 remittens,
2077 2226 2144 2249 non
2165 2227 2197 2249 a(

1223 2275 1422 2327 simplicem
1448 2275 1648 2325 lectionem,
1671 2274 1732 2312 sed
1757 2275 1803 2312 ad
1831 2284 2034 2312 accuratum
2064 2289 2210 2312 examen

1224 2339 1306 2377 illos
1324 2338 1484 2376 remittit.
1505 2340 1628 2388 Neque
1650 2338 1744 2375 enim
1761 2337 1878 2385 dixit,
1906 2337 2025 2387 Legite
2044 2337 2210 2388 Scriptu-

1225 2413 1305 2447 ras;
1326 2399 1401 2448 sed,
1422 2399 1659 2437 Scrutamini
1676 2399 1903 2449 Scripturas.
1927 2397 2021 2442 Quia
2050 2411 2102 2445 ea,
2134 2412 2212 2447 quae

1225 2460 1270 2498 de
1291 2461 1368 2512 ipso
1386 2461 1438 2498 ibi
1456 2460 1625 2497 dicuntur
1640 2490 1651 2509 ,
1673 2459 1787 2496 multa
1804 2473 1892 2510 opus
1910 2458 2042 2496 liabent
2065 2459 2214 2497 investi-

1227 2524 1368 2575 gatione
1391 2523 1480 2571 (sub
1495 2523 1620 2560 umbra
1640 2522 1735 2559 enim
1756 2521 1910 2572 quadam
1930 2522 2067 2559 occulta
2084 2523 2215 2560 veteri-

1227 2585 1293 2621 bus
1316 2587 1444 2632 erant),
1466 2583 1547 2620 ideo
1570 2583 1649 2619 illos
1666 2591 1827 2620 accurate
1846 2582 1967 2620 fodere
1982 2583 2099 2635 jubet,
2119 2592 2159 2620 ut
2179 2583 2214 2620 in

1225 2644 1402 2696 profundo
1430 2643 1544 2695 posita
1569 2642 1722 2694 reperire
1744 2642 1891 2694 possint.
1917 2645 2038 2694 Neque
2061 2643 2155 2681 enim
2178 2644 2214 2681 in

1226 2705 1415 2758 superficie
1432 2706 1490 2744 vel
1510 2705 1547 2743 in
1574 2714 1765 2757 conspeetu
1783 2706 1915 2757 jacent,
1938 2705 2002 2743 sed
2019 2706 2120 2757 quasi
2138 2706 2214 2744 the-

1226 2783 1351 2807 saurus
1382 2767 1563 2820 quispiam
1592 2768 1771 2821 profunde
1805 2768 2001 2806 admodum
2034 2769 2215 2807 recondita

1180 2839 1202 2868 B
1227 2840 1320 2869 sunt.
1340 2830 1413 2876 Qui
1432 2844 1516 2868 vero
1538 2829 1714 2882 profunde
1735 2829 1851 2882 posita
1873 2831 2012 2881 quaerit,
2037 2831 2105 2868 nisi
2135 2845 2216 2869 cum

1226 2891 1411 2943 diligentia
1428 2899 1462 2929 et
1479 2891 1599 2929 labore
1610 2901 1963 2943 quaerat,numquam
1977 2892 2074 2943 quod
2088 2893 2217 2943 quierit

1227 2953 1393 2993 inveniet.
1414 2953 1499 2991 Ideo
1518 2963 1709 3006 postquam
1727 2952 1845 3004 dixit,
1867 2955 2103 2992 Scrutamini
2119 2955 2218 2992 Scri-

1225 3025 1373 3067 pturas,
1400 3015 1536 3065 intulit,
1566 3016 1668 3065 Quia
1693 3028 1765 3052 vos
1778 3017 1925 3066 putatis
1960 3017 2002 3052 in
2027 3018 2118 3067 ipsis
2154 3018 2213 3052 vi-

1229 3087 1308 3115 tam
1341 3086 1524 3115 aeternam
1547 3078 1701 3114 habere.
1731 3077 1811 3114 Non
1835 3076 1943 3126 dixit,
1968 3076 2128 3121 Habetis,
2157 3076 2215 3114 sed

1228 3141 1383 3177 Putatis
1410 3139 1551 3176 habere
1563 3167 1574 3184 ,
1605 3136 1788 3175 ostendens
1810 3137 1905 3189 ipsos
1928 3137 2017 3174 nihil
2051 3151 2218 3189 magnum

1217 3200 1347 3239 lucrari
1354 3230 1364 3250 ,
1387 3198 1474 3237 dum
1495 3208 1659 3251 putarent
1679 3213 1714 3236 sc
1732 3213 1777 3237 ex
1795 3198 1866 3237 sola
1885 3198 2032 3237 lectione
2057 3198 2129 3236 sine
2148 3197 2221 3236 fide

1255 3341 1271 3366 l»
1298 3338 1358 3370 Α’ἰί
1376 3342 1447 3382 ὑπὲρ
1467 3345 1517 3376 τῆς
1537 3344 1714 3383 {rufa-azius.

2259 2165 2415 2202 Scriptus-‘t'

2226 2216 2283 2233 nou
2344 2218 2411 2243 pm·-

2270 2247 2414 2274 functoric

2225 2287 2364 2324 legendw.
