2450 3683
1031 197 1272 226 vuarnerio.
2145 208 2189 236 ‚x

99 292 213 331 erant,
228 283 287 334 qui
303 292 336 320 et
353 294 497 319 numero
514 281 616 330 longe
636 279 765 331 plures,
782 287 815 316 et
836 277 879 315 ad
902 278 976 315 haec
1000 276 1163 314 adeunda
1183 277 1375 314 certamina
1392 278 1544 315 acriores
1562 278 1804 330 insurgebant,
1823 298 1862 319 ae
1883 298 1959 333 quw
1973 286 2134 325 Christus
2151 299 2186 326 ut

105 348 209 385 homo
228 345 400 383 humilius
418 343 628 394 loquebatur
643 341 848 392 detorquere
865 340 1038 389 solebant,
1060 348 1098 376 ut
1113 340 1189 391 ejus
1206 339 1432 379 divinitatem
1457 340 1668 392 minuerent,
1685 352 1717 380 et
1742 343 1844 382 illum
1866 346 1968 383 Patre
1991 347 2092 399 longe
2112 352 2182 388 ini-

105 423 223 446 norem
245 422 317 445 csse
334 407 533 459 probarent.
557 405 616 443 Sic
632 404 787 442 llomilia
804 405 868 451 50,
891 419 927 455 p.
948 405 1037 451 171,
1059 403 1154 439 hunc
1169 403 1290 440 locum
1308 418 1315 438 :
1338 403 1415 454 Qui
1431 405 1479 441 de
1501 405 1597 442 coelo
1620 409 1744 454 venit,
1764 420 1875 459 super
1894 423 2023 448 omnes
2039 421 2105 448 est.
2135 413 2186 450 Et
2233 418 2315 445 ΛΜΗ.
2338 418 2388 446 ΒΛ-

102 472 206 521 quod
222 471 323 507 vidit
343 479 378 508 et
399 470 563 516 audivit,
586 471 657 506 hoc
679 468 930 519 testificatur,-
951 476 987 504 et
1009 468 1269 504 testimonium
1291 468 1372 518 ejus
1407 481 1516 504 nemo
1543 470 1707 519 accipit,·
1737 470 1852 519 hunc,
1883 472 2040 523 inquam,
2069 474 2184 513 locum
2203 461 2294 528 [¹1³¹ae
2324 471 2388 487 ‘⁰¹‘

99 533 373 583 contorquebant
393 531 573 583 lucifugae,
592 530 752 568 utillum
774 531 876 567 Patre
902 530 1075 567 minorem
1100 543 1173 567 esse
1198 539 1397 580 arguerent.
1428 532 1567 569 Verum
1597 532 1672 569 haee
1702 542 1735 570 et
1762 534 1894 572 similia
1923 536 2033 585 dieta,
2067 539 2185 588 inquit

102 594 391 646 Chrysostomus,
410 593 573 631 Ch1istus
588 592 752 630 utliomo
774 593 923 644 profert
946 592 1066 643 qualia
1085 601 1166 629 sunt
1187 592 1294 629 ctiam
1316 592 1426 641 istaee‚
1443 592 1549 631 Sicut
1578 596 1707 641 audzsto
1728 597 2085 649 jndie050t,Q1toe
2113 615 2182 638 αιι-
2197 614 2246 640 l
2231 626 2287 641 ιι
2302 615 2316 643 3
2336 616 2385 644 31.

100 658 181 695 divi
192 671 217 695 a
236 659 357 696 Patre
377 671 479 706 mee,
502 658 665 708 loquom
682 666 736 705 et,
762 657 856 706 Quae
876 656 1048 693 vidimus
1072 656 1276 706 loquimur.
1298 655 1391 693 Nam
1415 655 1600 694 Christum
1620 666 1659 695 ut
1678 658 1857 696 hominem
1879 674 1971 712 saepe
1995 655 2249 723 loq¹1111111113{j'
2300 697 2311 703 -

100 735 172 758 esse
186 720 424 759 certissimum
443 729 513 757 est·
504 719 724 772 ,sapissinle
739 720 844 758 etiam
870 729 908 757 ut
933 720 1049 756 Deum
1064 727 1097 756 et
1117 718 1213 756 Patri
1233 718 1404 770 aequalcm
1428 719 1541 757 multa
1568 720 1705 758 dixisse
1726 736 1795 759 non
1823 722 1940 760 minus
1969 734 2124 774 cer3tum
2146 736 2209 764 uti
2209 744 2226 764 ι
2228 709 2288 765 Is
2298 698 2384 767 ὐἷα

100 798 180 820 cum
192 784 293 832 dicit,
311 786 396 836 Ego
411 793 449 822 et
468 784 586 821 l’ater
606 797 726 821 unum
738 797 881 831 smnus,
904 792 952 831 et,
980 784 1043 834 Eg
1023 797 1066 819 σο
1088 784 1129 819 in
1154 783 1285 831 Patre,
1315 790 1350 819 et
1379 783 1501 820 Patet
1527 788 1567 820 in
1588 798 1671 829 me·
1693 794 1738 832 et,
1764 787 1814 823 Ut
1844 800 1974 825 omnes
1994 790 2205 829 lionorent‘
2200 782 2269 806 “”’·
2294 790 2337 807 ¹¹

100 849 137 883 F
137 847 260 895 ilium,
288 850 387 885 sicut
413 849 606 885 honorant
626 848 784 885 Patrem
797 863 811 891 ;
829 855 875 895 et,
902 847 1009 886 Sicut
1018 813 1139 883 t’novit
1161 860 1220 883 me
1244 847 1378 894 Pater,
1401 855 1436 884 et
1456 861 1523 899 ego
1552 861 1667 886 nosco
1690 849 1871 894 Patrem;
1898 859 1943 899 et,
1970 853 2046 902 Qui
2075 855 2183 891 videt

100 923 171 957 me,
192 912 301 948 videt
315 919 351 947 et
368 911 527 950 Patrem
536 927 549 955 ,-
570 919 623 958 et,
644 910 686 948 Si
707 912 978 961 cognovissetis
999 923 1077 957 me,
1109 910 1269 947 Patrem
1298 923 1423 948 meum
1446 913 1580 961 utique
1606 914 1893 962 cognovissetis.
1926 914 2021 952 Alibi
2043 930 2182 968 quoquc

99 986 190 1025 sape
210 988 245 1011 se
261 982 294 1011 et
310 974 406 1011 Patri
426 974 596 1024 aequalem
617 982 649 1011 et
667 975 784 1011 Deum
805 973 963 1010 exhibet.

151 1035 236 1074 Inde
249 1051 332 1075 vero
349 1046 422 1075 erat
437 1036 532 1088 quod
552 1036 669 1076 Judaei
685 1037 787 1074 illum
805 1046 1008 1088 arguerent,
1025 1036 1060 1074 in
1076 1036 1180 1073 illum
1203 1036 1526 1087 insu1ge1cnt,in1o
1543 1037 1645 1075 illum
1663 1038 1822 1076 occidere
1838 1040 1993 1078 vzellent
2014 1043 2104 1079 Non
2121 1057 2181 1081 so
2203 1045 2234 1070 Η
2241 1045 2310 1071 mil
2337 1045 2385 1073 3<-

100 1099 178 1137 lum
199 1103 292 1152 quia
307 1102 508 1138 sabbatum
528 1101 717 1150 solvebat,
736 1102 805 1138 sed
820 1110 855 1138 et
869 1103 963 1152 quia
989 1101 1148 1138 Patrem
1172 1113 1283 1137 sunm
1300 1101 1452 1139 dicebat
1471 1103 1598 1139 Deum
1612 1103 1830 1153 ,cequalem
1856 1117 1896 1141 se
1902 1105 2065 1157 faciens
2086 1106 2179 1143 Deo
2201 1096 2227 1122 “’
2255 1095 2315 1112 ¹

99 1161 162 1200 llic
176 1178 258 1202 velo
278 1163 536 1216 respondebant
555 1163 727 1212 haeretiei,
752 1178 820 1201 non
836 1163 1021 1201 Christum
1040 1177 1075 1200 se
1090 1165 1164 1200 Deo
1181 1163 1353 1213 aequalem
1368 1164 1510 1214 fecisse,
1539 1164 1600 1201 sed
1627 1164 1664 1202 id
1683 1165 1755 1204 Jud
1758 1180 1827 1203 {eos
1849 1167 2046 1218 suspicatos
2064 1169 2181 1207 fuisse.

99 1226 227 1264 Contra
242 1241 325 1265 vero
339 1227 631 1278 Chrysostomus,
649 1227 684 1263 in
700 1236 805 1278 caput
821 1226 1070 1263 haereticorum
1086 1226 1155 1262 tela
1172 1235 1392 1276 contorquet,
1410 1227 1574 1278 ipsosque
1592 1227 1640 1265 ita
1655 1228 1823 1280 depellit,
1840 1239 1880 1267 ut
1894 1231 2030 1269 nullam
2046 1233 2183 1270 subter-

99 1287 256 1338 fugiendi
274 1303 395 1326 ansam
412 1289 597 1339 relinquat.
616 1289 670 1325 Ita
684 1302 767 1327 vero
781 1288 910 1339 arguit.
929 1289 954 1324 F
957 1288 1144 1325 atcbantur
1170 1287 1331 1325 Anomoei
1354 1288 1497 1327 Judaeos
1522 1289 1702 1340 putavisse
1716 1291 1899 1329 Christum
1923 1307 1959 1330 se
1974 1295 2048 1331 Deo
2067 1310 2183 1345 aequa-

99 1348 166 1386 lem
182 1349 294 1387 facere
309 1366 316 1386 :
332 1364 444 1401 neque
457 1365 583 1401 negare
596 1360 757 1402 poterant
777 1350 957 1387 Christum
975 1349 1089 1387 multa
1109 1348 1242 1386 dixisse
1258 1363 1335 1399 quae
1350 1349 1442 1387 hanc
1460 1350 1604 1388 omnino
1618 1350 1823 1390 inducerent
1840 1354 2043 1405 opinionem
2057 1371 2066 1403 ;
2083 1359 2182 1396 verbi

97 1412 210 1461 gratia
229 1412 332 1459 illud,
353 1415 438 1464 Ego
456 1422 491 1450 et
511 1415 763 1451 Paterunum
782 1426 912 1450 sumus
927 1429 940 1456 ;
959 1422 1003 1460 et,
1023 1414 1108 1464 Ego
1124 1415 1164 1449 in
1180 1413 1313 1459 Patre,
1333 1421 1369 1449 et
1388 1414 1511 1450 Pater
1529 1416 1570 1450 in
1587 1428 1672 1458 me;
1694 1424 1739 1462 et,
1763 1416 1838 1464 Qui
1858 1419 1968 1455 videt
1983 1433 2056 1465 me,
2076 1422 2183 1460 videt

95 1481 130 1509 et
147 1474 303 1512 Patrem
316 1475 520 1525 :multaque
539 1475 685 1523 similia,
706 1489 784 1525 quae
800 1489 904 1526 supra
922 1475 1120 1511 attulimus.
1144 1474 1209 1511 His
1237 1474 1342 1512 etiam
1364 1475 1632 1526 quamplurima
1650 1476 1736 1513 addi
1757 1487 1909 1528 possent,
1925 1480 2056 1530 quibus
2071 1492 2104 1519 et
2120 1486 2183 1522 Ju-

95 1536 161 1574 daei
175 1545 207 1573 et
223 1537 436 1588 quicumque
451 1538 533 1588 alii,
550 1538 611 1589 qui
629 1537 811 1575 Christum
830 1537 1043 1585 audiebant,
1060 1537 1254 1575 necessario
1282 1546 1446 1588 putarent
1475 1537 1595 1589 ipsum
1617 1552 1652 1575 se
1671 1548 1704 1576 et
1725 1540 1799 1576 Deo
1822 1541 1918 1578 Patri
1944 1544 2130 1593 aequalem,
2150 1556 2183 1584 et

97 1613 175 1637 vere
190 1601 306 1638 Deum
325 1600 505 1638 exhibere.
522 1600 560 1637 Si
576 1613 659 1651 ergo
675 1612 744 1636 non
761 1598 857 1636 Patri
871 1598 1028 1649 aequalis,
1046 1611 1114 1635 non
1137 1612 1216 1636 vere
1233 1599 1329 1634 Deus
1346 1597 1468 1635 fuisset
1482 1613 1490 1634 t
1513 1612 1556 1635 an
1577 1608 1712 1651 poterat
1728 1599 1801 1649 ille,
1820 1615 1925 1652 quem
1938 1602 2006 1655 ipsi
2023 1607 2182 1645 Anomoei

94 1663 205 1714 pium,
223 1672 383 1701 sanctum
403 1672 435 1701 et
446 1663 585 1716 justum
602 1662 878 1714 profitebantur,
898 1663 919 1700 J
924 1661 1041 1699 udaeos
1058 1661 1094 1698 in
1110 1660 1172 1698 tali
1193 1660 1359 1712 opinione
1372 1660 1584 1712 relinquere,
1605 1662 1702 1713 quod
1716 1663 1883 1702 videlicet
1906 1665 1978 1716 ille,
1999 1682 2034 1705 se
2053 1678 2085 1705 et
2109 1671 2182 1708 Deo

94 1726 190 1764 Patri
209 1727 395 1777 aequalem,
417 1736 451 1764 et
470 1728 589 1764 Deum
607 1725 766 1764 diceret?
783 1728 909 1763 Annon
924 1725 1005 1762 illos
1025 1739 1044 1761 a
1068 1724 1130 1761 tali
1150 1724 1317 1776 opinione
1331 1725 1552 1773 removisset,
1568 1725 1799 1777 dixissetque,
1821 1743 1856 1766 se
1871 1743 1934 1766 nec
1949 1731 2047 1769 Patri
2061 1747 2180 1783 tequa-

93 1783 176 1836 lcm,
192 1804 254 1828 nec
269 1805 350 1829 vere
365 1792 482 1828 Deum
501 1790 598 1827 esse?
615 1790 694 1827 Non
717 1797 852 1841 poterat
878 1797 988 1836 certe,
1011 1788 1080 1825 nisi
1102 1786 1352 1825 fraudulentus
1367 1796 1399 1824 ct
1415 1787 1579 1840 deceptor
1601 1798 1703 1839 essct,
1721 1790 1818 1841 quod
1837 1792 1933 1830 nefas
1949 1792 2064 1845 dictu,
2080 1810 2099 1833 a
2121 1797 2181 1834 tali

92 1852 328 1891 declaratione
340 1853 526 1891 abstinere.
548 1852 612 1890 Ille
630 1866 714 1892 x‘ero
732 1861 853 1890 contra
880 1851 916 1889 in
938 1850 1063 1889 iisdem
1081 1864 1219 1904 semper
1239 1850 1386 1901 insistit,
1410 1859 1444 1888 et
1464 1864 1566 1889 suam
1587 1865 1668 1889 cum
1688 1852 1792 1890 Patre
1818 1854 2055 1905 aequalitatem
2081 1860 2182 1898 novis

91 1914 196 1954 dictis
215 1917 410 1955 confirmat.

145 1981 297 2027 Verum,
310 1990 427 2019 tamen
446 1991 498 2020 est
517 1981 699 2019 Christum
728 1980 835 2019 dictis
859 1980 951 2030 illis,
974 1995 1051 2031 quat
1072 1980 1186 2032 ipsius
1205 1979 1442 2030 divinitatem,
1463 1981 1701 2032 aequalitatem
1722 1996 1804 2020 cum
1831 1984 1955 2034 Patre,
1973 1993 2006 2021 et
2026 1986 2180 2023 consub-

92 2043 355 2082 stantialitatem
382 2045 549 2097 probant,
576 2044 729 2082 humilia
755 2045 868 2082 multa
895 2043 1102 2094 admiscere,
1134 2053 1211 2082 tum
1243 2044 1325 2095 quia
1347 2053 1384 2081 ut
1414 2044 1521 2082 homo
1553 2059 1644 2097 sccpe
1664 2045 1886 2096 loquebatur,
1910 2056 1942 2085 et
1969 2049 2181 2088 mortalibus

89 2107 254 2144 omnibus
274 2122 345 2145 sese
364 2108 544 2146 modestiae
564 2108 850 2158 humilitatisque
864 2107 1047 2159 exemplar
1063 2107 1275 2155 exhibebat;
1302 2117 1380 2144 tum
1402 2107 1522 2157 etiam,
1546 2107 1582 2145 id
1601 2108 1697 2159 quod
1713 2109 1829 2147 innuit
1856 2124 1948 2162 saepe
1965 2112 2179 2164 Chrysosto-

88 2183 179 2218 mus,
194 2179 233 2207 ut
250 2170 393 2210 Judaeos
410 2180 596 2223 protervos
614 2170 790 2220 homines,
813 2170 880 2208 sibi
901 2170 1067 2219 infensos,
1084 2170 1146 2221 qui
1174 2170 1393 2207 occasionem
1417 2170 1605 2222 captabant
1629 2171 1733 2209 illum
1750 2172 1958 2222 accusandi,
1981 2183 2014 2212 et
2030 2174 2121 2212 hanc
2137 2175 2182 2213 de

88 2230 275 2270 divinitate
289 2242 320 2270 et
335 2233 700 2271 consubstantialitate
714 2232 850 2270 Christi
872 2232 1071 2270 doctrinam
1088 2246 1157 2269 non
1172 2232 1343 2279 ferebant,
1359 2231 1488 2269 sensim
1509 2231 1704 2281 reduceret,
1720 2242 1823 2284 atque
1839 2233 1884 2271 ad
1906 2234 2087 2272 meliorem
2107 2237 2180 2273 fru-

87 2307 167 2345 gem
186 2306 375 2335 revocaret.
393 2298 514 2348 Neque
530 2305 647 2334 tamen
669 2296 809 2348 uspiam
825 2296 982 2347 aliquam
997 2310 1041 2333 ex
1060 2295 1134 2333 illis
1154 2295 1333 2333 sententiis
1354 2310 1432 2346 quae
1455 2296 1531 2347 ejus
1552 2310 1635 2333 cum
1655 2297 1759 2334 Patre
1777 2297 2014 2347 aequalitatem
2036 2307 2068 2335 ct
2096 2313 2177 2336 con-

86 2357 418 2398 substantialitatem
430 2359 719 2397 demonstrabant
733 2359 958 2408 retractavit,
975 2359 1097 2409 quales
1117 2368 1200 2396 sunt
1214 2359 1306 2408 illae,
1330 2361 1416 2411 Ego
1437 2368 1473 2397 et
1490 2360 1610 2398 Pater
1636 2374 1757 2397 unum
1781 2374 1933 2406 sumus,·
1961 2370 2005 2409 et,
2026 2364 2112 2413 Ego
2135 2365 2176 2399 in

86 2419 227 2469 Patre,
249 2431 284 2460 et
303 2424 424 2461 Pater
438 2426 480 2461 in
502 2438 562 2461 nze
579 2432 634 2462 est
642 2440 658 2469 ,-
675 2432 723 2473 et,
745 2425 796 2461 Ut
814 2436 944 2460 omnes
965 2422 1152 2460 honorent
1168 2423 1316 2460 Filium
1339 2424 1437 2459 sicut
1454 2423 1645 2460 honorant
1666 2423 1848 2466 Patrem,-
1863 2431 1911 2472 et,
1929 2424 2043 2460 Sicut
2066 2427 2177 2462 novit

86 2495 143 2519 me
160 2483 295 2533 Pater,
318 2494 355 2522 et
374 2498 441 2536 ego
457 2499 571 2523 nosco
592 2486 773 2529 Patrem,-
795 2494 840 2532 et,
862 2484 938 2534 Qui
954 2485 1062 2522 videt
1092 2498 1164 2530 me,
1185 2485 1293 2521 videt
1310 2492 1347 2521 et
1366 2484 1523 2520 Patrem
1537 2499 1552 2527 ;
1573 2492 1618 2531 et,
1638 2483 1679 2520 Si
1700 2487 1974 2536 cognovissetis
2003 2500 2076 2534 me,
2095 2488 2174 2524 Pa-

86 2550 180 2581 trem
195 2559 320 2583 meum
338 2549 470 2596 utique
481 2547 751 2595 cognovissetis
763 2562 777 2590 ;
793 2546 864 2582 imo
883 2546 948 2582 etsi
968 2545 1121 2583 humilia
1138 2544 1318 2582 interdum
1334 2544 1491 2592 misceat,
1509 2543 1578 2581 alia
1599 2543 1791 2582 identidem
1809 2545 1973 2598 adjungit
1995 2561 2072 2598 quae
2090 2563 2171 2587 vere

84 2606 201 2643 Deum
220 2621 293 2645 esse
312 2617 346 2645 et
366 2608 464 2645 Patri
483 2608 817 2646 consubstantialem
837 2607 1056 2645 confirment.
1074 2608 1317 2654 Quamobrem
1334 2607 1448 2644 multa
1471 2607 1633 2645 cautione
1651 2622 1741 2659 opus
1756 2617 1830 2657 est,
1854 2610 1990 2660 nequis
2005 2611 2041 2648 in
2062 2612 2171 2651 offen-

82 2670 202 2709 dicula
221 2672 391 2722 incurrat,
408 2686 495 2711 neve
512 2682 591 2710 ruat
610 2672 647 2709 in
661 2670 867 2723 praecipitia.
885 2671 978 2707 Nam
994 2671 1162 2721 utrinque
1181 2670 1379 2722 praecipitia
1399 2669 1515 2708 sensui
1532 2684 1596 2708 suo
1623 2669 1898 2716 confidentibus,
1916 2687 1978 2710 nec
2001 2674 2169 2713 Ecclesiae

84 2733 151 2770 Dei
168 2733 398 2785 haerentibus,
417 2735 524 2788 objici
539 2734 706 2787 probavit
725 2742 884 2773 eventus.
907 2733 1084 2770 Sabellius
1101 2733 1196 2770 enim
1221 2732 1358 2770 Christi
1387 2732 1481 2770 dicta
1504 2731 1698 2782 attendens,
1719 2733 1818 2784 queis
1833 2749 1868 2772 se
1888 2735 1983 2773 Patri
2000 2739 2171 2788 aequalem

81 2805 115 2833 et
131 2797 465 2836 consubstantialem
481 2798 682 2847 indicabat,
698 2812 743 2835 ex
762 2797 854 2834 male
876 2796 1055 2834 intellecta
1071 2796 1436 2834 consubstantialitate
1461 2795 1727 2833 distinctionem
1753 2811 1983 2848 personarum
2013 2802 2169 2852 sustulit,

82 2867 185 2908 atque
199 2873 311 2897 unum
325 2860 560 2911 eumdemque
579 2875 653 2898 esse
671 2861 833 2909 Patrem,
857 2869 890 2897 et
912 2859 1047 2896 Filium
1064 2868 1097 2896 et
1118 2858 1295 2910 Spiritum
1311 2867 1473 2896 sanctum
1498 2857 1610 2907 dixit,
1627 2858 1735 2896 Arius
1758 2869 1876 2897 autem
1900 2875 1945 2898 cx
1969 2862 2168 2904 humilibus

81 2920 214 2960 Christi
233 2922 351 2972 dictis,
367 2924 404 2961 in
419 2924 630 2961 contrariam
652 2923 797 2961 deflexit
811 2922 1046 2975 impietatem,
1066 2935 1148 2959 eum
1164 2921 1270 2959 aliam
1287 2921 1415 2971 Patris,
1438 2921 1547 2958 aliam
1561 2921 1645 2958 Filii
1670 2921 1904 2961 substantiam
1926 2924 2032 2975 dixit,
2060 2927 2166 2966 hanc-

79 2997 146 3034 que
165 2985 338 3023 minorem
352 2986 425 3023 illa.
446 2986 506 3024 Sic
523 3000 660 3038 semper
682 2986 726 3023 iis
744 2985 806 3036 qui
820 2984 988 3023 Ecclesiae
1009 2998 1176 3022 ancoram
1197 2998 1267 3022 non
1287 2993 1420 3033 tenent,
1443 2983 1671 3035 naufragium
1686 2985 1885 3023 timendum
1901 2997 1962 3025 est.

134 3047 218 3085 Haec
237 3049 322 3086 satis
336 3058 460 3087 sunto:
482 3049 512 3087 si
529 3049 623 3086 enim
640 3048 757 3086 omnia
776 3057 940 3086 annotata
963 3047 1038 3085 loca
1061 3062 1141 3098 quae
1168 3047 1272 3100 impii
1293 3047 1348 3084 illi
1372 3046 1534 3084 Anomoei
1559 3061 1603 3084 ex
1622 3047 1770 3086 ,loannis
1786 3048 1982 3100 Evangelio
2003 3051 2047 3088 ad
2066 3066 2167 3090 suani

81 3109 243 3148 haeresim
256 3111 423 3149 tuendam
439 3112 672 3164 excerpebant
690 3111 924 3161 adfert-emus,
946 3111 1090 3162 longius
1119 3120 1321 3148 excurreret
1345 3109 1468 3148 oratio.
1491 3109 1529 3147 Si
1552 3124 1590 3148 ea
1610 3125 1687 3161 quae
1711 3111 1813 3148 affert
1829 3112 2103 3165 Chrysostemus
2118 3116 2163 3153 ad

78 3172 286 3224 hujusmodi
300 3174 507 3226 depellenda
521 3175 590 3213 tela
604 3189 876 3223 recenseremus,
890 3174 1010 3212 nullus
1024 3174 1165 3212 dicendi
1181 3174 1263 3212 finis
1281 3182 1380 3211 esset.
1399 3175 1523 3211 Unum
1540 3183 1591 3211 est
1618 3173 1655 3211 in
1672 3188 1743 3224 quo
1766 3175 1913 3213 fortasse
1938 3191 2006 3213 non
2035 3178 2165 3216 frustra

78 3234 264 3274 desudaret
292 3237 481 3287 industria,
502 3238 538 3275 in
565 3237 754 3276 referendis
781 3238 930 3288 scilicet,
954 3237 1151 3275 asserendis
1183 3246 1289 3287 atque
1318 3236 1539 3274 illustrandis
1563 3236 1606 3273 iis
1638 3236 1745 3284 locis,
1764 3252 1840 3288 quae
1868 3238 1912 3275 ad
1941 3238 2165 3278 divinitatem

79 3297 224 3348 Christi,
244 3300 479 3351 aequalitatem
497 3315 579 3338 cum
598 3301 714 3350 Patre,
735 3299 1134 3338 consubstantialitatem
1149 3298 1371 3337 asserendam
1389 3312 1430 3335 ae
1445 3297 1760 3336 demonstrandam
1774 3298 1899 3337 idonea
1914 3299 1950 3337 in
1968 3300 2163 3353 Evangelio

82 3361 226 3400 Joannis
245 3362 567 3415 deprehenduntur.
586 3361 682 3400 Illud
697 3376 779 3400 vero
798 3362 1077 3414 Chrysostomus
1100 3375 1167 3400 non
1191 3361 1418 3411 indiligenter
1444 3370 1657 3411 exsequutus
1678 3370 1727 3398 est
1754 3360 1787 3398 in
1810 3362 1878 3399 hoc
1895 3364 2164 3413 commentarit),
