2481 3678
68 2143 180 2171 Manli.
206 2141 250 2172 18.

69 2194 166 2253 diarv.
195 2233 239 2253 10.

67 2266 118 2297 35.
140 2266 188 2304 37.

70 2627 162 2654 Joan.
190 2635 238 2665 19.

69 2668 119 2697 26.

269 226 356 254 229,
720 221 758 251 S.

265 318 333 341 non
351 303 442 340 clare
461 301 662 354 respondi13
685 300 769 338 huie
791 314 873 339 vero
895 299 1076 337 manifeste
1099 297 1193 335 dixit
1212 311 1248 335 se

265 363 449 401 Christum
477 376 571 400 esse:
593 375 675 399 nant
696 361 824 399 melius
845 360 968 397 affecta
999 359 1128 397 mulier
1157 366 1245 405 erat,

265 438 372 475 quam
387 423 513 463 Judaei.
536 421 700 459 1111011111]
720 435 789 458 non
818 420 862 457 ad
883 418 1093 457 discendum
1110 433 1247 469 quaere-

264 486 361 534 bant,
382 484 441 523 sed
467 494 504 522 ut
531 484 648 535 ipsum
678 495 814 533 semper
842 479 1073 517 traducerent.
1100 480 1191 517 Nam
1219 478 1247 516 si

263 546 398 584 discere
414 545 618 592 voluissent,
629 543 711 581 satis
724 542 847 579 suisset
859 540 1019 578 doctrina
1039 539 1244 588 verborum,

265 607 548 658 Scripturarum,
565 604 756 654 signorum.
770 601 836 638 Illa
856 615 938 639 vero
959 601 1114 653 simplici
1132 609 1248 638 mente
1269 610 1292 640 E

264 677 296 706 et
313 668 446 705 sincero
461 666 589 703 affeetu
617 663 838 714 loquebatur,
870 671 908 699 ut
930 662 1047 714 palam
1067 670 1118 699 est
1141 674 1185 699 cx
1205 661 1247 698 iis

264 743 340 780 quae
363 737 479 779 postea
501 726 591 763 feeit.
615 726 707 762 Nam
726 723 865 763 audivit
884 732 916 760 et
936 722 1100 771 credidit,
1113 731 1145 759 et
1159 721 1248 759 alios

265 790 311 827 ad
330 786 718 835 eredemluminduxit,
744 785 779 822 111
795 784 1029 834 omnibusque
1052 782 1172 822 videre
1197 791 1248 819 est

265 850 424 887 mulieris
449 847 673 899 diligentiam
691 856 724 883 et
749 845 866 883 fidem.
887 846 951 882 27.
982 846 1034 882 Et
1064 846 1247 882 continuo

265 908 645 959 veneruntdiscipuli
661 909 754 959 ejus.
774 905 1000 957 Tenipestive
1014 903 1247 949 advenerunt,

265 985 347 1009 cum
366 969 608 1019 doet1·inaj.¹un
627 967 777 1019 perfecte
795 966 924 1004 tradita
941 974 1042 1004 essct.
1061 966 1098 1002 E
1102 973 1115 1002 t
1132 967 1248 1001 mira-

268 1033 409 1068 bantur
433 1030 536 1081 quod
563 1042 649 1065 cum
679 1028 835 1064 muliere
865 1027 1094 1077 loqueretur.
1126 1025 1249 1061 Nemo

267 1101 395 1128 tamen
412 1091 523 1133 diet-ic,
552 1089 653 1137 Quid
672 1090 809 1138 qnoeris
823 1091 839 1123 :²¹
862 1095 943 1135 aut,
973 1086 1075 1135 Quid
1084 1085 1249 1135 loqueris

265 1165 349 1189 cum
372 1165 416 1188 ea
430 1156 445 1186 .³

316 1463 352 1498 5.
382 1461 478 1508 Quid
493 1461 733 1499 mir-abanim.
725 1460 742 1486 ’)
762 1459 997 1507 Iacilitatem,
1010 1457 1248 1496 humilitatem

263 1532 426 1560 tantam·
416 1522 546 1572 ,quod
577 1531 650 1559 tam
681 1520 892 1572 conspicuus
915 1533 995 1556 eum
1027 1527 1131 1567 esset,
1154 1531 1192 1555 eo
1213 1532 1248 1555 50

262 1583 447 1621 demittere
467 1583 693 1634 dignaretur,
719 1590 758 1618 ut
782 1580 967 1618 mulierem
993 1579 1146 1631 inopem,
1176 1579 1246 1616 Sa-

264 1643 473 1681 maritanam
494 1643 741 1692 alloqueretur.
766 1642 925 1678 Attamen
946 1639 1027 1677 licet
1046 1639 1245 1690 stupefacti,

265 1718 405 1741 eausam
424 1717 492 1740 non
511 1702 746 1753 quaesierunt,
764 1700 811 1738 ita
831 1714 955 1752 nempe
969 1698 1119 1737 instituti
1134 1707 1246 1749 erant,

265 1773 303 1802 ut
336 1764 594 1815 discipulorum
633 1776 770 1815 semper
806 1761 966 1799 ordinem
998 1769 1151 1798 tenerent
1157 1775 1169 1809 3
1202 1760 1249 1797 ita

265 1825 382 1876 ipsum
408 1825 580 1862 timebant
609 1838 650 1861 ae
679 1823 938 1862 reverebantur.
972 1821 1123 1859 Etiamsi
1153 1821 1248 1858 enim

265 1884 422 1922 nondum
437 1884 583 1935 dignam
604 1884 679 1935 ejus
695 1882 991 1920 existimationem
1009 1882 1191 1932 haberent,
1213 1890 1247 1919 at

264 1948 365 1997 quasi
381 1946 633 1984 admirandum
654 1945 845 1997 quemdam
862 1945 981 1984 virum
997 1944 1114 1996 ipsum
1134 1944 1248 1996 suspi-

265 2008 404 2045 ciebant
417 2007 731 2057 observabantque.
749 2007 911 2043 Attamen
927 2018 1017 2056 saepe
1028 2003 1249 2042 audentiores

266 2070 333 2108 visi
355 2079 453 2118 sunt,
477 2078 515 2106 ut
531 2083 611 2106 cum
628 2070 779 2108 Joannes
796 2081 902 2119 supra
918 2075 1041 2118 pectus
1059 2066 1133 2117 ejus
1152 2079 1249 2104 recu-

266 2132 366 2181 buit3
388 2140 518 2168 etcum
542 2139 761 2168 accesserunt
789 2129 833 2166 ad
857 2143 937 2166 eum
965 2127 1134 2176 dicentes,
1157 2128 1249 2178 Quis

269 2195 396 2245 major
408 2200 462 2229 est
485 2195 526 2228 in
541 2204 656 2242 regno
681 2190 886 2228 melorum?
903 2202 983 2226 cum
1004 2188 1069 2225 filii
1089 2187 1250 2225 Zebedaei

268 2261 393 2304 rogant
416 2261 455 2289 ut
482 2252 569 2289 alter
587 2250 771 2299 idextiis,
801 2249 887 2287 alter
907 2264 926 2286 a
944 2248 1095 2286 sinistris
1121 2248 1250 2286 sedeat.

269 2314 341 2351 Cur
360 2326 441 2364 ergo
468 2313 527 2349 hie
556 2326 624 2350 non
653 2309 936 2361 interrogarunt?
956 2309 1048 2356 Quia
1068 2318 1150 2346 tunc
1169 2323 1250 2347 cum

266 2373 311 2411 de
326 2373 431 2411 rebus
446 2373 519 2410 suis
538 2381 715 2424 ageretur,
738 2370 931 2408 necessario
960 2369 1249 2418 sciscitabantur,

267 2433 325 2470 hic
351 2442 469 2471 autem
502 2447 557 2470 res
588 2432 678 2469 nihil
709 2430 755 2468 ad
781 2444 838 2468 eos
864 2430 1071 2482 pertinebat.
1100 2431 1250 2469 Joanncs

268 2503 383 2531 autem
415 2494 528 2531 multo
564 2502 642 2545 post
676 2502 833 2544 tempore
864 2491 931 2528 hoc
961 2491 1074 2528 facere
1101 2490 1248 2539 solebat,

268 2554 408 2604 quando
435 2555 565 2592 Christi
595 2568 677 2605 erga
699 2568 734 2592 se
760 2552 949 2590 dilectione
975 2553 1107 2600 fr,etus
1136 2553 1294 2611 magis

270 2614 518 2652 fidel›1t:llic
542 2630 643 2652 emm
666 2624 762 2662 e1·,ac
791 2613 917 2664 inquit,
940 2627 1051 2665 quem
1066 2582 1296 2666 diligebat‘*

270 2677 396 2714 Jews
427 2674 524 2722 Quid
556 2676 640 2712 huie
667 2674 880 2713 beatitudini
907 2674 998 2726 par?
1020 2676 1156 2714 Verum
1181 2688 1249 2712 non

269 2736 329 2774 hic
347 2735 497 2786 gradum
517 2736 700 2785 sistamus,
723 2735 863 2785 dilecti,
890 2745 927 2773 ut
947 2736 1145 2787 apostolum
1165 2736 1249 2774 bea-

270 2806 347 2834 tum
360 2796 611 2848 praedicemus,
631 2796 690 2833 scd
706 2796 796 2833 nihil
811 2810 881 2834 non
895 2809 1041 2847 agamus
1061 2806 1100 2834 ut
1118 2797 1154 2834 in
1169 2797 1251 2834 bea-

271 2867 388 2896 torum
414 2871 559 2894 numero
583 2871 842 2906 accenseantur,
872 2857 1052 2895 imitemur
1078 2858 1253 2909 evangeli-

272 2928 361 2956 stam
372 2948 382 2967 ,
398 2927 430 2955 et
446 2917 630 2956 videamus
646 2917 731 2967 quid
745 2931 857 2954 eausa}
871 2918 993 2968 fuerit,
1010 2918 1106 2969 quod
1120 2928 1253 2956 tantam

272 2979 339 3016 sibi
361 2978 492 3016 Christi
506 2977 587 3014 dile‹
600 2978 729 3015 tionem
743 2978 941 3015 attraheret.
957 2979 1126 3025 Quaenam
1149 2993 1253 3016 causa

272 3040 367 3076 fuit?
387 3040 525 3076 Patrem
547 3037 689 3088 reliquit
713 3046 745 3074 et
765 3037 967 3076 naviculam
986 3048 1017 3076 et
1036 3049 1128 3089 rete,
1145 3049 1177 3077 ct
1195 3042 1251 3079 Je-

272 3113 351 3137 sum
370 3108 538 3149 sequutus
563 3106 623 3135 cst.
651 3099 787 3135 *Verum
810 3096 874 3133 hoe
896 3097 948 3133 illi
967 3112 1152 3137 commuue
1171 3114 1252 3137 eum

271 3160 377 3196 fratre
395 3173 458 3196 suo
477 3167 570 3207 erat,
599 3158 749 3208 itemque
771 3170 850 3194 cum
871 3156 973 3195 Petro
992 3167 1024 3196 et
1045 3159 1197 3210 Andrea,
1219 3169 1251 3198 et

313 3302 325 3316 ²
342 3291 455 3323 Morel.
473 3299 602 3334 ἀγαγών.

313 3344 329 3367 1³
347 3342 457 3374 Morel.
474 3348 560 3376 τοῦτο
573 3348 638 3385 μέν.

797 218 980 250 JOtNNts
1015 216 1254 247 CHRYSOST.
1296 216 1495 247 AncntEP.
1534 217 1882 247 CONSTANI'INOP.

1319 297 1460 348 μνήμην
1480 297 1609 348 ἶὀἷ’γιι1ν,
1629 297 1795 349 εὐκαίρως
1807 296 1928 335 ἑαυτὸν
1945 296 2158 348 ἀπεκάλυψε.
2184 296 2252 333 Καὶ
2274 303 2342 340 τοῖς

1319 359 1380 409 μὲν
1401 358 1581 402 Ἰουδαίοις
1599 362 1752 411 συνεχῶς
1779 357 1952 409 λέγουσιν,
1969 355 2065 400 Ἕως
2088 357 2172 394 πότε
2192 356 2253 403 τὴν
2274 359 2340 408 ψυ-

1317 418 1385 470 χὴν
1417 420 1517 470 ἡμῶν
1549 419 1676 471 αἴρεις,
1705 418 1778 456 εἰπὲ
1812 422 1909 468 ἡμῖν,
1937 419 1966 456 εἷ
1993 416 2034 455 σὺ
2064 411 2095 454 εἶ
2124 421 2141 456 ὃ
2171 417 2340 468 Χριστός·

1318 478 1477 522 ι’τούτοις
1497 479 1559 529 μὲν
1578 481 1639 517 οὐκ
1669 478 1882 531 ἀπεκρίνατο
1901 479 2040 530 σαφῶς,
2068 476 2178 529 ταύτῃ
2205 476 2240 514 δὲ
2267 471 2341 514 εἷπε

1318 541 1472 592 φανερῶς
1488 540 1588 583 αὐτὸς
1612 534 1710 578 εἶναι.
1730 538 2048 591 Εὐγνωμονεστέροι
2064 538 2131 591 γὰρ
2150 533 2192 584 ἦν
2213 542 2235 584 ἡ
2253 537 2338 589 γυνὴ

1320 603 1386 638 τῶν
1405 600 1594 639 Ἰουδαίων.
1614 602 1762 639 Ἐκεῖνοι
1786 600 1847 651 μὲν
1867 600 1933 652 γὰρ
1956 603 2022 651 οὐχ
2038 600 2125 651 ὑπὲρ
2141 603 2200 637 τοῦ
2218 602 2339 649 μαθεῖν

1318 661 1471 708 ἐζήτουν,
1492 664 1568 700 ἀλλ’
1588 662 1674 713 ὑπὲρ
1703 666 1762 699 τοῦ
1791 662 1973 713 κωμῳδεῖν
1994 660 2096 698 αὐτὸν
2118 661 2182 698 ἀεί.
2208 661 2249 698 Εἰ
2274 659 2341 711 γὰρ

1320 722 1500 761 ἐδούλοντο
1517 726 1652 773 μαθεῖν,
1671 722 1772 770 ἱκανὴ
1792 724 1849 760 καὶ
1866 727 1888 769 ἡ
1911 721 1967 760 διὰ
1989 723 2057 759 τῶν
2078 721 2256 773 ῥημάτων,
2283 720 2342 758 καὶ

1315 785 1336 828 ἡ
1355 783 1411 821 διὰ
1439 786 1508 821 τῶν
1529 785 1688 836 Γραφῶν,
1712 784 1771 822 καὶ
1790 788 1811 831 ἡ
1833 783 1889 821 διὰ
1909 785 1977 821 τῶν
1996 781 2150 833 σημείων
2172 783 2340 819 διδασκα-

1315 842 1374 880 λία
1389 838 1442 890 ἦν.
1464 843 1558 890 Αὕτη
1577 844 1611 881 δὲ
1628 843 1663 888 ἐξ
1684 843 1874 882 ἀδεκάστου
1890 843 2032 895 γνώμης
2051 843 2109 881 καὶ
2129 844 2242 889 ἁπλῆς
2263 843 2337 879 δια-

1315 903 1406 947 νοίας
1431 905 1615 956 ἐφθέγγετο
1646 906 1735 957 ἅπερ
1760 905 1965 957 ἐφθέγγετο·
1991 904 2049 942 καὶ
2078 905 2179 950 δῆλον
2213 905 2251 941 ἐκ
2273 904 2339 940 τῶν

1316 965 1404 1014 μετὰ
1432 968 1540 1002 ταῦτα
1572 968 1630 1003 ὑπ’
1663 969 1769 1012 αὐτῆς
1789 966 1992 1018 γενομένων.
2024 965 2091 1003 Καὶ
2111 965 2177 1017 γὰρ
2210 964 2339 1011 ἤκουσε

1319 1025 1378 1062 καὶ
1405 1025 1607 1074 ἐπίστευσε,
1641 1027 1700 1064 καὶ
1730 1027 1853 1070 ἄλλους
1887 1026 1944 1064 ἐπὶ
1967 1030 2068 1064 τοῦτο
2088 1025 2339 1077 ἐσαγήνευσεν·

1259 1115 1307 1140 ¹93
1319 1084 1378 1121 καὶ
1397 1090 1576 1136 πανταχοῦ
1593 1089 1654 1132 τῆς
1666 1087 1825 1138 γυναικὸς
1840 1087 1933 1125 ἔστιν
1947 1088 2029 1124 ἰδεῖν
2046 1087 2085 1125 τὸ
2103 1085 2341 1138 ἠκριὸωμένον

1272 1150 1295 1179 Α
1319 1144 1430 1182 καὶτὸ
1449 1145 1583 1183 πιστόν.
1614 1147 1682 1183 Καὶ
1699 1148 1756 1184 ἐπὶ
1782 1147 1896 1198 τούτῳ
1915 1141 2019 1193 ἦλθον
2040 1149 2070 1185 οἱ
2100 1146 2253 1197 μαθηταὶ
2274 1147 2340 1183 αὐ-

1319 1207 1390 1242 τοῦ.
1422 1204 1563 1256 Σφόδρα
1583 1207 1628 1248 εἰς
1657 1208 1775 1257 καιρὸν
1803 1207 2019 1254 ἀπήντησαν,
2037 1209 2098 1252 τῆς
2118 1207 2341 1250 διδασκαλίας

1319 1265 1605 1316 ἀπαρτισθείσης.
1623 1266 1692 1303 Καὶ
1708 1266 1897 1317 ἐθαύμαζον
1913 1266 1966 1304 ὅτι
1984 1265 2072 1317 μετὰ
2088 1267 2248 1317 γυναικὸς
2264 1267 2342 1303 ἐλά-

1317 1326 1382 1363 λει.
1403 1325 1526 1370 Οὐδεὶς
1546 1325 1664 1376 μέντοι
1694 1320 1787 1374 εἶπε,
1812 1326 1844 1364 τί
1870 1328 2004 1374 ζητεῖς,
2023 1325 2045 1373 ἢ
2065 1326 2098 1364 τί
2125 1327 2242 1370 λαλεῖς
2263 1329 2339 1378 μετ’

1319 1388 1448 1433 αὖτῆς;

1371 1447 1417 1484 Τί
1437 1447 1472 1485 δὲ
1501 1447 1714 1498 ἐθαύμαζον;
1745 1447 1797 1485 Τὸ
1821 1447 1966 1499 ἄτυφον,
1999 1446 2038 1485 τὸ
2070 1447 2233 1486 ταπεινὸν
2262 1449 2340 1497 μεθ’

1314 1508 1524 1560 ὑπερὸολῆς,
1546 1508 1598 1546 ὅτι
1625 1508 1713 1546 οὕτω
1739 1507 1969 1559 περίὸλεπτος
1986 1506 2046 1552 ὢν,
2066 1508 2224 1560 ἠνείχετο
2245 1508 2337 1559 μετὰ

1315 1569 1485 1617 τοσαύτης
1503 1568 1818 1621 ταπεινοφροσύνης
1836 1568 1973 1620 γυναικὶ
1999 1569 2216 1620 διαλέγεσθαι
2247 1585 2341 1607 πενι-

1316 1646 1386 1683 χρα
1417 1646 1475 1668 και
1505 1630 1747 1682 Σαμαρείτιδι.
1780 1630 1870 1667 Ἀλλ’
1904 1629 1999 1680 ομως
2026 1645 2084 1667 και
2113 1630 2341 1680 ἐκπλαγέντες

1317 1693 1379 1729 οὐκ
1398 1691 1583 1745 ἠρώτησαν
1602 1691 1665 1739 τὴν
1684 1690 1820 1728 αἰτίαν·
1842 1689 1947 1734 οὕτως
1961 1694 2051 1736 ἦσαν
2072 1689 2341 1740 πεπαιδευμενοι

1316 1750 1379 1798 την
1407 1753 1475 1789 τῶν
1494 1754 1660 1802 μαθητῶν
1680 1750 1774 1795 τάξιν
1806 1751 1994 1802 διατηρεῖν,
2022 1748 2127 1793 οὕτως
2148 1749 2250 1788 αὐτὸν
2270 1750 2343 1787 ἐδε-

1317 1811 1489 1849 δοίκεισαν
1512 1813 1570 1850 καὶ
1595 1813 1750 1863 ᾐδοῦντο.
1770 1813 1815 1849 Εἰ
1834 1811 1902 1864 γὰρ
1925 1809 1984 1848 καὶ
2001 1809 2146 1860 μηδέπω
2163 1810 2225 1857 τὴν
2245 1810 2341 1855 ἀξίαν

1316 1871 1395 1923 περὶ
1414 1874 1517 1910 αὐτοῦ
1544 1872 1643 1916 δόξαν
1661 1865 1765 1923 εἶχον,
1788 1873 1863 1910 ἀλλ’
1891 1871 1986 1922 ὅμως
2001 1873 2048 1913 ὡς
2068 1873 2257 1923 θαυμαστῷ
2275 1887 2342 1909 τινι

1314 1938 1513 1985 προσεῖχον,
1531 1933 1589 1971 καὶ
1604 1933 1737 1979 πολλὴν
1753 1933 1846 1984 αὐτῷ
1863 1931 2036 1981 ἀπένεμον
2053 1929 2116 1977 τὴν
2135 1932 2232 1970 αἰδῶ.
2255 1931 2342 1969 Καί-

1315 2008 1368 2030 τοι
1386 2009 1426 2045 γε
1450 1995 1628 2046 πολλαχοῦ
1654 1993 1833 2046 φαίνονται
1862 1991 1976 2031 πολλὰ
2003 1992 2340 2044 παρρησιαζόμενοι·

1316 2048 1398 2101 οἷον,
1430 2054 1545 2092 ὅτανὸ
1579 2055 1743 2102 Ἰωάννης
1777 2053 1948 2104 ἓπιπίπτῃ
1985 2054 2087 2090 αὐτοῦ
2119 2054 2169 2104 τῷ
2203 2053 2342 2099 στήθει·

1317 2114 1398 2152 ὅταν
1430 2117 1523 2152 αὐτῶ
1552 2115 1752 2167 προσιόντες
1770 2113 1919 2165 λέγωσι,
1942 2112 2007 2156 Τίς
2039 2112 2162 2163 μείζων
2188 2113 2280 2150 ἐστὶν
2308 2115 2342 2151 ἐν

1317 2177 1359 2226 τῇ
1388 2174 1549 2227 βασ11εία
1575 2177 1645 2212 τῶν
1674 2176 1850 2227 οὐρανῶν,
1876 2173 1958 2212 ὅταν
1991 2176 2022 2212 οἱ
2053 2174 2120 2212 υἱοὶ
2152 2175 2198 2211 Ζε
2202 2173 2339 2211 ὅεδαίου

1316 2238 1609 2287 παρακαλῶσιν,
1604 2235 1657 2272 ι’να
1677 2230 1752 2279 εἷς’
1739 2251 1777 2272 εκ
1795 2235 1912 2278 δεξιῶν
1933 2235 2034 2272 nocte
2021 2238 2068 2278 εἷς
2091 2234 2126 2278 ἐξ
2154 2234 2339 2284 ευωνύμων

1319 2295 1456 2347 καθίσῃ.
1472 2294 1575 2338 Ἰίνος
1590 2299 1647 2333 οὖν
1663 2295 1777 2333 ἕνεκεν
1792 2296 1938 2332 ενταυθα
1954 2296 2016 2332 οὐκ
2035 2294 2240 2346 ἠρώτησαν·
2233 2325 2242 2341 ,
2259 2294 2342 2333 ςΌτι

1319 2356 1431 2393 ἐκεῖνα
1462 2354 1522 2406 μὲν
1552 2355 1666 2393 πάντα
1690 2357 1736 2398 ὡς
1759 2356 1805 2398 εἷς
1832 2353 1954 2396 αὖτοὺς
1982 2354 2154 2400 ἀνήκοντα
2186 2354 2340 2404 ἀνάγκην

1319 2409 1413 2467 εἶχον
1447 2414 1635 2459 ἐξετάζειν·
1664 2416 1809 2452 ἐνταῦθα
1838 2413 1873 2451 δὲ
1898 2413 1994 2452 οὐδὲν
2030 2415 2145 2458 αὐτοῖς
2177 2418 2340 2452 τοσοῦτον

1320 2476 1452 2549 διέφερε
1471 2476 1510 2513 τὸ
1529 2476 1741 2528 γιγνόμενον.
1769 2475 1837 2513 Καὶ
1869 2474 2031 2521 Ἰωάννης
2055 2475 2090 2513 δὲ
2119 2474 2207 2525 μετὰ
2234 2474 2341 2513 πολὺν

1318 2536 1441 2589 χρόνον
1458 2541 1556 2575 τοῦτο
1577 2537 1718 2584 ἐποίησε
1733 2550 1817 2587 προς
1835 2537 1927 2573 αὐτῶ
1943 2537 1992 2572 τῶ
2012 2551 2047 2572 τε
2036 2534 2125 2582 ἕλει,
2149 2534 2205 2572 ὅτε
2223 2534 2342 2572 πλειο-

1321 2612 1375 2640 νος
1393 2597 1573 2644 ἀπήλαυσε
1590 2595 1803 2649 παρρησίας,
1824 2610 1882 2632 και
1911 2595 2047 2647 ἐθάρρει
2072 2597 2115 2645 τῇ
2142 2596 2260 2647 ἀγάπη
2282 2610 2341 2633 του

1321 2660 1494 2711 Χριστου·
1511 2660 1624 2701 Ουτος
1642 2657 1709 2709 γὰρ
1731 2660 1786 2704 ἠν,
1811 2655 1927 2708 φησὶν,
1955 2655 1991 2693 ὃν
2015 2655 2137 2706 ἠγάπα
2155 2659 2172 2694 ὁ
2194 2655 2337 2702 Ἰησους.

1322 2720 1369 2758 'li
1400 2720 1520 2758 τούτου
1553 2735 1612 2757 του
1641 2731 1863 2769 μακαρισμου
1894 2715 2017 2767 γένοιτ
2045 2717 2085 2753 ἂν
2113 2715 2207 2763 ἴσον,
2238 2715 2343 2754 Ἀλλὰ

1323 2781 1371 2831 μὴ
1393 2781 1496 2832 μέχρι
1514 2779 1635 2817 τούτου
1663 2781 1811 2829 στῶμεν,
1832 2776 2028 2827 ἀγαπητοὶ,
2050 2780 2109 2814 τοῦ
2139 2775 2341 2828 μακαρίζειν

1322 2843 1380 2880 τὸν
1411 2840 1615 2889 ἀπόστολον,
1641 2841 1717 2877 ἀλλ’
1746 2837 1836 2876 ὥστε
1863 2852 1922 2874 και
1950 2838 2018 2873 τῶν
2053 2837 2341 2888 μακαριζομένων

1321 2902 1499 2954 γενέσθαι,
1530 2901 1643 2939 πάντα
1671 2898 1895 2951 πράττωμεν,
1931 2911 1990 2934 και
2023 2897 2260 2947 μιμησώμεθα
2284 2898 2342 2935 τὸν

1325 2961 1585 3043 εὐαγγελιστὴν,
1617 2960 1675 2999 καὶ
1712 2960 1839 3008 ἴδωμεν
1871 2957 1947 2994 τίνα
1975 2951 2016 3002 ην
2049 2957 2071 2994 ἃ
2104 2957 2166 3004 την
2204 2957 2344 3009 ἀγάπην

1325 3024 1468 3070 ἐποίησε
1493 3022 1581 3069 ξιτὴν
1611 3019 1795 3065 τοσαύτην.
1817 3018 1907 3057 Τίνα
1926 3011 1983 3055 οὖν
2002 3022 2043 3065 ἠν
2063 3033 2195 3064 ταυτα;
2218 3017 2344 3070 Ἀφηκε

1324 3091 1478 3142 πατέρα,
1499 3088 1558 3127 καὶ
1582 3089 1713 3134 πλοῖον,
1743 3085 1834 3123 καὶ
1817 3085 1967 3132 οίκτυον,
1989 3084 2047 3121 καὶ
2062 3084 2277 3131 ἠκολούθησε
2294 3086 2344 3120 τιΝ)

1323 3160 1451 3206 Ἰησοῦ.
1467 3154 1571 3195 Ἀλλὰ
1590 3158 1690 3193 τοῦτο
1704 3152 1815 3192 κοινὸν
1836 3153 1929 3204 αὐτῷ
1943 3151 2001 3189 καὶ
2016 3151 2101 3203 πρὸς
2119 3151 2175 3190 τὸν
2196 3152 2341 3204 ἀδελφὸν

1385 3303 1398 3318 ¹·
1415 3291 1529 3327 Morel.
1548 3296 1600 3329 τὴν
1618 3294 1684 3336 περὶ
1700 3293 1787 3324 αὐτὸν
1802 3290 1958 3327 τοσαύτην.
1980 3288 2070 3329 [Mox
2087 3286 2142 3319 alii
2159 3286 2339 3327 ἠιολούθει-]
