2481 3678
322 223 415 281 428
781 239 818 269 S.
857 240 1044 271 JOANNIS
1081 240 1322 272 CHRYSOST.
1366 239 1568 270 ARCHIEP.
1610 239 1970 271 CONSTANTINOP-

318 327 353 357 te
367 319 403 357 in
420 319 536 357 medio
550 320 625 358 foro
641 320 793 372 turpiter
810 321 938 371 nudas,
956 336 1034 372 qua*
1050 323 1184 360 Christi
1198 337 1308 360 mem-
1379 322 1446 360 ὑπὸ
1461 321 1613 365 ἀσωτίας
1627 337 1634 344 ·
1649 321 1708 359 καὶ
1722 321 1801 365 τοὺς
1818 323 2006 376 βραχίονας
2019 325 2218 374 γυμνοῦσιν,
2235 325 2290 362 ἐπ’
2306 324 2405 376 ὄψεσι

318 379 425 417 brum
447 394 500 428 es,
520 379 625 431 idque
647 380 681 417 in
701 381 776 418 foro
797 381 884 419 viris
904 382 1162 433 praesentibus?
1186 383 1307 420 Crines
1333 386 1356 416 B
1378 381 1437 420 καὶ
1457 387 1566 420 ταῦτα
1579 382 1723 435 ἀνδρῶν.
1744 382 1791 421 Τί
1809 390 1932 432 ποιεῖς,
1951 378 1979 421 ῶ
1999 384 2100 433 γύναι
2112 399 2122 433 3
2144 390 2285 435 γυμνοῖς
2309 401 2407 423 σεαυ-

318 440 479 490 vellicas,
496 450 631 479 vestem
650 441 837 489 discindis,
860 456 1007 492 magnos
1027 443 1179 494 ejulatus
1206 444 1307 481 emit-
1378 442 1440 491 τὴν
1473 443 1703 495 ἀσχημόνως,
1733 443 1808 482 εἶπέ
1844 460 1923 495 μοι,
1950 444 2008 483 ἐπὶ
2037 444 2144 495 μέσης
2171 448 2235 492 τῆς
2260 448 2406 498 ἀγορᾶς,

317 501 385 550 tis,
406 502 569 539 choream
589 502 723 539 circum
745 502 871 549 efficis,
894 511 926 539 et
944 502 1146 541 mzenadum
1164 504 1308 541 illarum
1377 509 1436 542 τοῦ
1456 505 1609 557 Χριστοῦ
1631 503 1732 554 μέλος
1747 498 1833 543 οῧσα
1846 535 1855 552 ,
1878 506 2010 558 ἀνδρῶν
2030 504 2213 557 παρόντων
2234 505 2325 544 κατὰ
2344 505 2406 553 τὴν

319 561 511 613 imaginem
542 576 673 609 servas,
701 576 762 599 nec
780 571 813 599 tc
831 571 935 614 putas
964 564 1080 601 Deum
1103 564 1306 602 offendere?
1379 565 1507 618 ἀγοράν
1519 580 1529 613 3
1545 565 1605 603 καὶ
1619 565 1743 617 τρίχας
1767 563 1944 613 ι’τίλλεις,
1967 566 2027 604 καὶ
2044 566 2233 618 διασχίζεις
2253 569 2383 613 ἐσθῆτα
2397 597 2406 614 ,

317 623 406 668 Qua:
422 623 484 660 illa
500 622 663 660 insania?
678 624 803 660 Annon
818 623 965 674 gentiles
982 624 1177 662 ridebunt?
1193 639 1307 663 annon
1378 627 1438 664 καὶ
1466 626 1556 678 μέγα
1584 626 1749 673 κωκύεις,
1769 626 1828 664 καὶ
1849 626 1952 679 χορὸν
1981 633 2179 680 περιιστᾷς,
2201 626 2260 665 καὶ
2286 627 2408 677 μαινοί-

316 683 455 720 fabulas
474 691 593 719 nostra
613 697 686 720 esse
707 683 908 734 putabunt?
923 684 1050 722 Dicent
1065 685 1159 736 enini
1172 715 1181 731 ,
1201 687 1307 723 Nulla
1379 687 1446 724 διον
1462 690 1633 738 γυναικῶν
1653 686 1769 725 εἰκόνα
1784 685 1964 730 διασώζεις
1977 716 1986 733 ,
2011 686 2070 724 καὶ
2085 688 2148 738 οὐχ
2167 690 2236 738 ἡγῇ
2256 689 2306 739 τῷ
2323 688 2407 740 Θεῷ

315 753 367 781 est
387 743 616 793 1·csurrcctio;
640 743 701 781 sed
721 743 1007 782 Christianorum
1027 745 1193 796 dogmata
1214 746 1307 784 ridi-
1377 746 1621 800 προσκρούειν,
1640 746 1758 789 Πόσης
1771 750 1882 784 ταῦτα
1900 746 2045 797 μανίας;
2066 741 2119 797 ἆρ’
2136 749 2172 784 οὐ
2201 747 2405 798 γελάσονται

316 805 395 842 cula
428 814 523 853 sunt,
552 805 715 854 fraudes,
746 805 906 843 fallaciae.
938 809 988 844 Ac
1027 807 1056 844 si
1091 808 1185 845 enim
1217 807 1308 846 nihil
1377 807 1566 855 ζΈλληνες,
1584 802 1637 860 ἆρ’
1654 809 1690 845 οὐ
1706 807 1831 858 μύθους
1846 807 1890 845 τὰ
1909 807 2064 860 ἡμέτερα
2082 800 2169 845 εἶναι
2185 807 2406 858 νομίσωσιν,

315 875 395 917 post
421 867 512 903 hane
534 866 645 904 vitam
678 867 847 918 supersit,
874 867 921 905 ita
947 867 1070 919 lugent
1096 868 1193 921 apud
1226 869 1307 906 illos
1378 868 1519 921 Ἐροῧσι
1548 869 1636 921 γάρ·
1666 870 1728 906 οὐκ
1750 868 1841 907 ἔστιν
1871 868 2077 915 ἀνάστασις,
2102 867 2192 906 ἀλλὰ
2219 867 2327 920 χλεύη
2362 868 2406 907 τὰ

315 929 499 979 mutim-053
537 929 627 966 nihil
661 929 848 967 attendunt
887 930 1082 982 Scripturis
1123 931 1206 969 suis.
1247 931 1306 969 Fi·
1376 932 1444 967 τῶν
1467 931 1699 982 Χριστιανῶν,
1726 930 1844 976 ἀπάτη
1864 929 1924 967 καὶ
1950 929 2110 976 συσκευή.
2138 929 2306 981 Καθάπερ
2337 929 2405 982 γὰρ

314 1001 455 1042 gmenta
482 1001 563 1029 sunt
584 991 645 1029 illa
667 991 806 1040 omnia,
827 1001 864 1029 ut
884 991 968 1043 ipsae
997 992 1239 1044 comprobant.
1267 993 1305 1030 Si
1376 991 1508 1034 οὐδενὸς
1526 990 1620 1034 ὄντος
1645 990 1732 1041 μετὰ
1759 995 1888 1038 ταῦτα,
1917 989 2006 1028 οὕτω
2039 989 2231 1028 κωκύουσιν
2261 993 2296 1028 αἱ
2321 992 2405 1043 παρ’

313 1052 409 1089 enim
435 1051 615 1089 crederent
640 1066 721 1089 eum
755 1051 816 1102 qui
844 1060 1006 1088 mortuus
1034 1060 1103 1099 est,
1124 1066 1193 1088 non
1224 1066 1307 1090 vere
1377 1053 1490 1094 αὐτοῖς
1510 1057 1688 1100 γυναῖκες·
1708 1054 1746 1088 οὐ
1774 1050 1985 1103 προσέχουσι
2014 1056 2084 1095 τοῖς
2113 1051 2246 1102 ῥήμασι
2270 1057 2340 1094 τοῖς
2369 1053 2403 1089 ἐν

314 1122 496 1150 mortuum
521 1127 614 1161 csse,
642 1112 701 1150 sed
730 1112 774 1149 ad
809 1112 991 1149 meliorem
1018 1112 1130 1150 vitam
1154 1112 1304 1150 transla-
1331 1120 1354 1149 C
1376 1117 1446 1154 τοῖς
1467 1111 1612 1162 βιὸλίοις
1630 1114 1740 1149 αὐτῶν
1759 1111 2045 1163 κεχαραγμένοις.
2068 1111 2272 1162 Πλάσματα
2289 1113 2404 1150 ἐκεῖνα

312 1183 408 1223 tum3
438 1188 505 1211 non
538 1174 641 1211 illum
671 1173 772 1224 quasi
800 1174 877 1225 jam
905 1173 999 1210 ultra
1029 1187 1098 1210 non
1128 1182 1216 1210 esset
1245 1173 1303 1210 lu-
1377 1172 1510 1219 πάντα,
1531 1172 1591 1209 καὶ
1614 1172 1772 1218 δηλοῦσιν
1796 1171 1908 1209 αὐταί.
1930 1174 1974 1210 Εἰ
1999 1172 2067 1225 γὰρ
2088 1172 2276 1221 ἐπίστευον,
2310 1172 2364 1211 ὅτι
2388 1177 2405 1212 ὃ

313 1246 448 1287 gerent,
475 1250 544 1273 non
569 1236 617 1273 ita
645 1250 680 1273 se
701 1243 938 1283 macerarent,
958 1248 1028 1271 non
1058 1234 1137 1271 illas
1168 1234 1305 1272 emitte·
1376 1233 1629 1280 τετελευτηκὼς
1651 1236 1688 1271 οὐ
1703 1232 1957 1281 τετελεύτηκεν,
1975 1235 2050 1271 ἀλλ’
2070 1234 2127 1272 ἐπὶ
2140 1234 2298 1285 βελτίονα
2314 1236 2404 1283 ζωὴν

311 1307 389 1335 reut
412 1312 514 1336 voces
543 1296 800 1334 incredulitatis
825 1295 946 1348 plenas
970 1311 977 1331 :
998 1297 1076 1332 Non
1097 1304 1129 1333 te
1150 1295 1305 1347 amplius
1379 1294 1527 1345 μετέστη
1543 1325 1552 1341 ,
1569 1296 1630 1332 οὐκ
1647 1293 1686 1331 ἂν
1702 1293 1805 1332 αὐτὸν
1821 1296 1867 1338 ὡς
1884 1297 1943 1332 οὐκ
1959 1294 2008 1332 ἔτι
2024 1294 2106 1333 ὄντα
2123 1295 2328 1348 ἐθρήνησαν,
2345 1299 2406 1335 οὐκ

312 1360 456 1406 videbo,
494 1375 562 1398 non
596 1369 628 1397 te
661 1358 886 1411 recuperabo.
922 1357 1067 1395 Fabulae
1097 1357 1192 1410 apud
1225 1358 1306 1395 illos
1378 1355 1417 1393 ἂν
1439 1355 1528 1394 οὕτω
1542 1360 1556 1376 ⁰
1569 1355 1843 1403 κατεκόπτοντο,
1863 1358 1923 1393 οὐκ
1940 1355 1978 1393 ἂν
1995 1355 2156 1400 τοιαύτας
2173 1359 2309 1408 ἀφῆκαν
2330 1373 2406 1410 (ρω-

312 1423 429 1459 omnia
450 1431 542 1460 sunt.
564 1420 668 1467 Quod
689 1421 716 1458 si
742 1419 778 1457 id
793 1418 889 1470 quod
914 1428 1020 1471 caput
1052 1419 1214 1456 omnium
1244 1419 1308 1456 bo-
1375 1415 1436 1459 νὰς
1456 1416 1621 1460 ἀπιστίας
1639 1415 1812 1467 γεμούσας
1825 1433 1833 1440 ·
1850 1418 1910 1454 οὐκ
1932 1416 1982 1454 ἔτι
2002 1432 2040 1454 σε
2056 1416 2207 1468 ὄψομαι,
2225 1419 2286 1455 οὐκ
2302 1418 2351 1456 ἔτι
2368 1435 2405 1458 σε

313 1498 440 1522 norum
459 1493 509 1522 est
531 1498 599 1521 non
621 1482 784 1529 credunt,
805 1476 919 1518 multo
940 1480 1058 1518 minus
1080 1480 1222 1518 credent
1241 1494 1306 1518 cac·
1378 1477 1618 1529 ἀπολήψομαι.
1641 1479 1758 1520 Μῦθος
1778 1477 1916 1515 ἅπαντα
1938 1477 1982 1515 τὰ
2000 1479 2083 1530 παρ’
2103 1480 2228 1522 αὐτοῖς.
2248 1480 2291 1516 Εἰ
2315 1478 2349 1518 δὲ
2365 1479 2405 1517 τὸ

312 1555 397 1583 tera.
413 1547 490 1583 Nou
507 1554 579 1582 tam
599 1542 789 1581 effeminati
806 1542 951 1593 gentiles
968 1551 1050 1579 sunt
1069 1557 1075 1577 :
1091 1541 1195 1578 multi
1209 1541 1305 1593 apud
1378 1538 1567 1590 κεφάλαιον
1601 1540 1668 1575 τῶν
1706 1539 1844 1587 ἀγαθῶν
1877 1537 1967 1575 οὕτω
2001 1538 2234 1577 διαπιστεῖται
2247 1569 2256 1586 ,
2285 1541 2404 1591 πολλῷ

313 1606 393 1643 illos
418 1605 727 1657 philosophantur.
754 1603 912 1640 Audiens
943 1601 1084 1653 gentilis
1108 1602 1238 1639 mulier
1265 1603 1306 1639 fi·
1380 1601 1510 1650 μᾶλλον
1531 1598 1648 1637 καὶτὰ
1665 1599 1755 1637 ἀλλὰ
1774 1598 1817 1636 τὰ
1836 1600 1919 1651 παρ’
1936 1601 2050 1642 αὐτοῖς
2066 1599 2188 1650 σεμνά.
2205 1602 2284 1652 Οὐχ
2301 1600 2405 1644 οὕτως

314 1666 403 1703 lium
423 1666 457 1703 in
476 1679 595 1718 pugna
616 1664 798 1713 cecidisse,
817 1664 936 1701 statim
951 1663 1122 1701 sciscitata
1137 1672 1202 1711 est,
1218 1678 1306 1713 quo-
1378 1659 1546 1706 Ἵζλληνες
1561 1658 1835 1711 γυναικίζονται·
1856 1660 1978 1698 πολλοὶ
2002 1663 2085 1713 παρ’
2116 1663 2230 1704 αὐτοῖς
2250 1661 2405 1713 ἐφιλοσό-

313 1729 420 1766 modo
436 1742 539 1766 seres
555 1727 699 1779 publica
718 1726 861 1763 liaberet
877 1725 1053 1775 :aliusque
1072 1724 1307 1776 philosophus
1377 1737 1503 1772 φησαν.
1534 1721 1552 1739 *
1566 1721 1634 1759 Καὶ
1658 1719 1838 1759 ἀκούσασα
1859 1720 1991 1768 Ἕλλην
2013 1720 2097 1772 γυνὴ
2121 1721 2201 1774 περὶ
2225 1722 2348 1765 παιδὸς
2370 1725 2403 1760 ἐν

313 1799 499 1827 coronatus
513 1819 522 1837 ,
543 1799 580 1826 ut
601 1788 742 1826 audivit
762 1787 879 1824 filium
895 1801 960 1838 pro
980 1786 1094 1838 patria
1119 1785 1303 1835 cecidisse,
1376 1782 1521 1834 πολέμῳ
1545 1781 1727 1829 πεσόντος,
1758 1781 1881 1825 εὐθέως
1901 1782 2024 1834 ἤρετο·
2057 1781 2101 1820 τὰ
2121 1782 2156 1820 δὲ
2183 1785 2244 1828 τῆς
2272 1782 2405 1826 πόλεως

313 1853 450 1890 sublata
476 1866 603 1889 corona
635 1850 833 1888 sciscitatus
863 1857 940 1885 uter
966 1862 1010 1885 ex
1037 1847 1196 1895 duobus,
1226 1861 1306 1884 cum
1332 1848 1355 1877 D
1377 1846 1451 1886 πῶς
1467 1843 1640 1880 διάκειται
1663 1842 1876 1895 πράγματα,
1893 1843 1952 1880 καὶ
1970 1843 2072 1887 ἄλλος
2098 1842 2280 1895 φιλόσοφος
2308 1846 2405 1882 ἐστε-

311 1912 391 1963 quis
428 1921 515 1949 esset
551 1910 745 1958 didicisset,
781 1922 945 1947 coronam
980 1908 1099 1945 statim
1134 1907 1305 1959 reposuit.
1378 1903 1599 1956 φανωμένος,
1629 1904 1748 1950 ἐπειδὴ
1775 1903 1919 1949 ἤκουσεν
1940 1903 1992 1941 ὅτι
2015 1904 2102 1957 ὑπὲρ
2120 1906 2182 1949 τῆς
2204 1905 2369 1958 πατρίδος
2388 1909 2405 1943 ὁ

312 1973 421 2011 Multi
436 1973 470 2010 in
487 1972 635 2010 deorum
659 1985 804 2009 suorum
835 1970 1002 2007 honorem
1027 1968 1118 2006 filios
1143 1969 1306 2019 filiasque
1377 1972 1457 2009 παῖς
1479 1965 1611 2012 ἔπεσεν,
1636 1964 1845 2016 ἀφελόμενος
1867 1965 1924 2003 τὸν
1951 1965 2130 2017 στέφανον,
2159 1965 2217 2003 καὶ
2244 1964 2405 2018 ἐρόμενος

311 2032 878 2072 mactandostradidere.Laeaenae
895 2040 1013 2068 autem
1030 2030 1196 2068 mulieres
1212 2030 1305 2067 filios
1376 2026 1539 2079 ὁπότερος
1563 2032 1637 2064 τοῖν
1668 2027 1771 2073 δυοῖν,
1794 2025 1912 2073 ἐπειδὴ
1938 2026 2046 2077 ἔμαθε
2064 2026 2121 2064 τὸν
2151 2025 2322 2074 πεσόντα,
2345 2027 2402 2064 τὸν

310 2096 517 2144 hortantur,
540 2104 579 2132 ut
599 2103 739 2132 scutum
765 2107 809 2130 ex
830 2092 953 2144 praelio
978 2092 1147 2139 referant,
1169 2091 1226 2130 vel
1245 2105 1304 2128 su-
1377 2087 1541 2139 στέφανον
1558 2086 1655 2129 εὐθὺς
1671 2087 1776 2125 πάλιν
1796 2087 1954 2134 ἐπέθηκε.
1975 2086 2106 2126 Πολλοὶ
2123 2086 2158 2126 δὲ
2173 2087 2232 2126 καὶ
2247 2090 2328 2131 υἱεῖς
2344 2087 2403 2124 καὶ

310 2172 372 2209 per
391 2157 509 2209 ipsum
529 2156 660 2194 mortui
685 2156 892 2192 referantur.
919 2152 1032 2190 Pudet
1053 2164 1109 2190 me
1124 2152 1172 2189 ita
1189 2151 1303 2203 genti-
1376 2147 1565 2202 θυγατέρας
1586 2148 1763 2187 ἐπέδωκαν
1785 2150 1831 2192 εἰς
1852 2147 2003 2200 σφαγὴν,
2033 2148 2200 2199 δαίμονας
2223 2150 2403 2198 τιμῶντες.

310 2220 360 2257 les
386 2217 654 2270 philosophari,
679 2216 766 2254 dum
794 2230 857 2253 nos
883 2214 1033 2267 turpiter
1058 2213 1209 2264 agimus.
1231 2214 1302 2259 Qui
1376 2213 1421 2248 Αἱ
1438 2209 1473 2248 δὲ
1489 2209 1693 2248 Λακωνικαὶ
1710 2216 1869 2261 γυναῖκες
1885 2210 1944 2248 καὶ
1959 2215 2168 2263 παραινοῦσι
2183 2215 2254 2253 τοῖς
2269 2210 2403 2254 παισὶν,

310 2280 403 2317 nihil
416 2279 460 2317 (le
481 2277 735 2317 resurreetione
755 2286 903 2324 norunt,
923 2275 1070 2328 perinde
1089 2284 1200 2326 agunt
1217 2289 1258 2312 ae
1273 2275 1302 2312 si
1374 2272 1396 2317 ἢ
1416 2271 1478 2318 τὴν
1502 2271 1632 2309 ἀσπίδα
1653 2271 1823 2309 διασῶσαι
1847 2274 1886 2308 ἐκ
1909 2277 1967 2309 τοῦ
1989 2271 2160 2322 πολέμου,
2184 2271 2205 2316 ἢ
2226 2273 2279 2309 ἐπ’
2301 2274 2405 2318 αὐτῆς

312 2350 475 2379 nossent:
496 2340 557 2391 qui
577 2348 706 2376 norunt
723 2337 1032 2385 resurrectionem,
1055 2336 1105 2374 ita
1123 2350 1157 2373 se
1176 2345 1303 2387 gerunt
1374 2336 1556 2384 ἐνεχθῆναι
1571 2331 1703 2384 νεκρόν.
1727 2331 1794 2369 Διὰ
1811 2337 1920 2369 ταῦτα
1939 2331 2147 2383 αἰσχύνομαι
2164 2331 2217 2369 ὅτι
2236 2330 2405 2378 Ἕλληνες

310 2416 351 2439 ae
366 2402 393 2439 si
414 2401 512 2438 illam
532 2400 745 2452 ignorarent.
767 2397 874 2436 Multi
905 2397 1001 2448 quod
1022 2406 1165 2449 propter
1184 2397 1301 2434 Deum
1373 2397 1516 2430 τοιαῦτα
1529 2393 1785 2443 φιλοσοφοῦσιν,
1797 2395 1899 2441 ἡμεῖς
1916 2391 1952 2429 δὲ
1968 2394 2246 2442 ἀσχημονοῧμεν.
2263 2393 2308 2429 Οἱ
2325 2393 2405 2443 περὶ

310 2476 379 2500 non
400 2463 551 2499 facerent
571 2475 614 2498 ex
636 2461 794 2497 humano
818 2458 952 2511 pudore
978 2458 1124 2495 faciunt.
1142 2457 1301 2509 Opulen-
1376 2452 1596 2495 ἀναστάσεως
1613 2451 1708 2490 οὐδὲν
1724 2452 1850 2495 εἰδότες
1862 2482 1871 2499 ,
1884 2452 1928 2490 τὰ
1943 2455 2010 2489 τῶν
2027 2452 2164 2490 εἰδότων
2182 2453 2403 2505 πράττουσιν·

311 2523 417 2560 tiores
433 2522 527 2559 enim
542 2521 706 2558 mulieres
721 2520 868 2572 capillos
888 2533 957 2556 non
977 2519 1126 2565 vellunt,
1154 2518 1301 2556 brachia
1331 2520 1352 2550 F»
1376 2517 1406 2553 οἱ
1424 2513 1458 2552 δὲ
1481 2513 1623 2560 εἰδότες,
1643 2512 1686 2550 τὰ
1709 2516 1777 2551 τῶν
1798 2512 2023 2564 ἀγνοούντων.
2055 2514 2184 2552 Πολλοὶ
2217 2513 2276 2551 καὶ
2306 2514 2323 2551 ὃ
2347 2513 2403 2551 διὰ

313 2599 381 2621 non
397 2582 659 2634 nudaut3quod
681 2582 827 2633 quidem
855 2595 1077 2633 summopere
1098 2580 1303 2632 improban-
1376 2577 1465 2614 Θεὸν
1486 2577 1523 2614 οὐ
1542 2579 1698 2621 ποιοῦσι,
1717 2577 1818 2612 τοῦτο
1838 2575 1880 2610 δι’
1898 2573 2088 2625 ἀνθρώπιον
2107 2576 2191 2612 αἰδῶ
2213 2575 2403 2627 πράττουσι

312 2645 417 2688 dum⁷
435 2659 502 2681 non
520 2644 618 2695 quod
637 2658 706 2681 non
726 2643 876 2691 nudent,
892 2642 952 2680 sed
966 2641 1049 2692 quia
1069 2656 1138 2679 non
1158 2641 1302 2693 pietatis
1376 2637 1555 2679 πολλάκις.
1578 2638 1621 2673 Αἱ
1636 2635 1702 2687 γὰρ
1724 2634 1958 2687 εὐπορώτεραι
1978 2638 2046 2672 τῶν
2063 2638 2235 2687 γυναικῶν
2251 2635 2265 2656 ‘¹
2280 2635 2404 2687 τρίχας

314 2721 435 2754 eausa,
451 2721 492 2743 ac
510 2721 550 2743 ue
566 2716 685 2758 turpes
700 2705 906 2752 videantur,
926 2704 993 2741 hoc
1014 2704 1159 2741 faciunt.
1183 2703 1304 2741 Pudor
1318 2735 1365 2760 374
1377 2701 1414 2737 οὗ
1434 2697 1621 2743 τίλλουσιν,
1638 2698 1674 2734 οὐ
1694 2695 1882 2748 βραχίονας
1902 2701 2085 2747 γυμνοῦσιν
2101 2712 2108 2719 ·
2132 2697 2149 2734 ὃ
2168 2696 2227 2734 καὶ
2243 2696 2324 2734 αὐτὸ
2340 2711 2403 2733 κα-

314 2767 450 2804 luctum
472 2766 632 2811 cohibet,
657 2765 721 2803 Dei
742 2775 856 2803 metus
875 2778 944 2802 non
964 2765 1133 2802 cohibet?
1154 2773 1187 2802 et
1206 2778 1302 2815 quo-
1330 2771 1354 2800 A
1377 2758 1542 2812 τηγορίας
1574 2756 1741 2809 ἐσχάτης,
1775 2759 1837 2794 οὐκ
1869 2757 1987 2803 ἐπειδὴ
2016 2760 2053 2795 οὐ
2081 2761 2286 2808 γυμνοῦσιν,
2326 2758 2402 2794 ἀλλ’

315 2826 420 2864 modo
440 2827 514 2863 haee
534 2841 602 2863 non
623 2826 817 2863 admodum
834 2824 1097 2878 improbanda?
1116 2826 1304 2878 Oporteret
1380 2820 1499 2866 ἐπειδὴ
1523 2821 1560 2858 οὐ
1576 2819 1617 2856 δι’
1642 2817 1823 2856 εὐλάὸειαν
1847 2817 1929 2855 αὐτὸ
1945 2817 2169 2880 πραττουσιν,
2187 2817 2277 2854 ἀλλὰ
2292 2816 2349 2854 διὰ
2365 2817 2403 2854 τὸ

314 2901 398 2938 ergo
413 2886 509 2937 quod
525 2886 697 2938 opulentae
711 2886 845 2923 faciunt
858 2885 940 2936 quia
962 2886 1136 2937 opulentae
1156 2894 1250 2935 sunt,
1267 2884 1305 2922 id
1380 2881 1429 2934 μὴ
1446 2881 1540 2926 δόξαι
1551 2878 1793 2931 καταισχύνειν
1808 2878 1943 2922 ἑαυτάς.
1962 2880 2049 2916 Εἶτα
2067 2877 2169 2921 αἰδὼς
2185 2876 2245 2928 μὲν
2261 2877 2403 2919 πένθους

362 3017 377 3040 b
403 3012 463 3046 Alii
481 3017 607 3053 τίλλε-ις,
627 3017 674 3046 ναὶ
691 3017 835 3052 κωκυτούς
848 3019 965 3059 ἐγείρῃς
981 3017 1142 3057 χχλεποὺς,
1159 3019 1207 3048 καὶ
1223 3021 1324 3061 χορὸν,
1393 3023 1456 3055 gna
1474 3007 1630 3042 cecidisse
1643 3035 1651 3049 ,
1673 3007 1765 3041 Vide
1781 3009 2008 3050 mancipium,
2037 3004 2225 3048 respondit,
2247 3017 2313 3037 non
2343 3005 2403 3037 hoc

360 3079 374 3093 e
401 3066 461 3099 Alii
480 3070 719 3110 ἐυεπυρίσθησαν.
1396 3062 1613 3107 ([ιιωι·ε[)[ι1η,·
1631 3060 1691 3091 sed
1702 3071 1768 3102 quo
1784 3058 1855 3090 loco
1872 3066 1978 3090 essent
1995 3070 2043 3089 res
2057 3059 2194 3098 'palrian
2213 3057 2403 3098 Respondet

362 3122 378 3138 *
403 3122 552 3154 ἀκούσασα
575 3114 671 3153 finni-a
696 3124 807 3158 firmi...
824 3120 946 3159 πολέμῳ
968 3124 1106 3155 πεσόντος
1118 3144 1126 3156 ,
1153 3118 1198 3149 sic
1216 3128 1329 3148 omnes
1395 3114 1449 3147 ille
1467 3113 1638 3146 iictoriam
1655 3123 1752 3154 penes
1769 3111 1953 3152 Spartiatas
1971 3121 2049 3141 esse.
2070 3109 2191 3147 Nunc,
2211 3107 2317 3150 inquit
2333 3107 2399 3147 illa,

319 3184 401 3216 pene
427 3170 752 3214 Mss.[r12-pzn÷52'uro;
775 3166 875 3199 Savil.
910 3169 965 3209 qui
989 3165 1089 3205 ἐλληυ
1117 3169 1202 3199 inter
1228 3179 1331 3199 uncos
1390 3167 1545 3211 filiorum
1570 3165 1690 3196 coedem
1715 3175 1780 3194 ιιοη
1808 3164 1909 3194 invita
1936 3162 2045 3193 malso.
2074 3160 2160 3192 Alius
2187 3159 2403 3202 philosophus

319 3224 433 3264 habet,
451 3234 511 3254 nec
533 3226 717 3263 agnoscunt
734 3216 844 3249 Codd·
863 3217 998 3261 nostri.]
1022 3219 1098 3250 Ilaec
1117 3227 1198 3260 puto
1216 3218 1327 3250 referri
1394 3218 1449 3251 hic
1473 3224 1674 3249 memoratus
1690 3214 1878 3256 Xenophon
1903 3222 1961 3247 est.
1991 3215 2086 3245 Hanc
2111 3223 2212 3253 porro
2229 3211 2402 3244 historiam

321 3275 364 3307 ad
390 3273 471 3306 illud
488 3270 733 3315 apophthegma
752 3270 900 3301 Lacaenae
925 3268 1069 3301 mulieris
1085 3269 1173 3311 apud
1195 3269 1328 3301 Plutar-
1394 3270 1494 3303 refert
1510 3271 1605 3311 Diog.
1626 3266 1774 3299 Laertius
1791 3268 1823 3298 in
1839 3266 2061 3308 Xenophonte
2079 3275 2189 3297 versus
2207 3262 2319 3298 finem.
2337 3265 2401 3297 Hic

322 3327 421 3359 chum
447 3338 483 3368 p.
510 3326 567 3357 401
591 3322 682 3355 Edit.
702 3320 859 3362 Paris.‚s.
877 3332 908 3362 p.
929 3322 1003 3351 241.
1031 3322 1112 3361 Quae
1139 3333 1214 3353 cum
1246 3321 1328 3354 filios
1395 3322 1585 3354 memoriter
1614 3319 1750 3363 loquens
1774 3317 2050 3361 chrysostomus,
2079 3326 2146 3348 rem
2182 3314 2280 3358 paulo
2307 3326 2399 3348 secus

323 3378 467 3420 quinque
493 3375 536 3408 ad
564 3386 706 3419 pugnam
733 3372 914 3413 emisisset,
931 3380 964 3404 et.
989 3374 1019 3404 in
1038 3371 1196 3405 suburbio
1213 3385 1327 3415 pugnae
1394 3381 1520 3406 narrat..

321 3431 444 3462 exitum
464 3435 680 3471 exspectaret,
701 3426 868 3459 nuntianti
895 3424 976 3458 filios
993 3436 1067 3457 suos
1086 3437 1198 3458 omncs
1217 3427 1246 3458 in
1267 3438 1327 3468 pu-
1438 3427 1452 3450 1¹
1482 3424 1539 3457 Atii
1558 3429 1663 3470 τρίχας
1681 3426 1711 3458 ο)
1731 3426 1851 3456 λύουσιν.
