2481 3678
100 2497 284 2535 Psal.9.16.

756 227 794 256 S.
832 225 1017 256 JOANMS
1052 221 1302 255 CHRYSOST.

294 211 387 270 446

293 307 360 345 hoc
378 320 520 358 quoque
537 306 635 344 luctu
651 305 802 357 dignum
815 336 825 356 ,
854 307 936 358 quia
955 306 1070 344 rident
1085 305 1130 343 de
1146 304 1278 355 quibus

293 368 413 420 lugere
431 377 617 421 oporteret.
641 369 678 407 Si
696 369 778 406 ssetu
800 378 918 406 nostro
948 375 1190 414 moverentur,
1208 379 1280 403 ces·
1302 370 1327 400 D

294 431 445 469 sandum
465 446 483 469 a
506 432 605 469 luctu
621 441 729 479 esset,
747 446 828 469 cum
848 431 930 468 illi'
918 445 991 482 Jam
1008 429 1053 467 ad
1067 428 1281 467 emendatio-

295 506 375 530 nem
393 502 576 545 pergerent
593 508 600 528 :
617 507 739 530 verum
763 492 844 542 quia
868 491 921 528 illi
940 491 1014 529 sine
1035 505 1138 528 sensu
1162 488 1283 542 supini

291 554 426 604 jacent,
449 568 511 591 nos
534 553 648 591 flendo
679 554 930 605 persistamus,
960 567 1028 590 non
1049 552 1179 591 divites
1207 560 1282 588 tan-

295 621 392 659 tum,
425 612 486 650 sed
515 613 620 650 etiam
649 613 803 664 pecuniae
836 622 1006 661 amantes,
1032 625 1171 650 avaros.
1205 612 1283 648 Non

295 672 396 710 malae
413 682 493 710 sunt
515 672 650 711 divitiae
664 703 674 722 ,
694 674 828 726 quippe
857 673 988 724 quibus
1014 682 1052 711 ut
1074 687 1140 726 par
1161 681 1212 710 est
1232 671 1286 709 uti

297 750 482 788 possumus
497 736 532 774 in
548 750 740 788 egenorum
758 752 877 785 usum3
899 736 959 774 sed
978 737 1132 775 avaritia
1148 736 1283 773 malum

296 805 366 845 est,
383 812 461 847 quae
486 806 611 835 aeterna
633 798 726 850 parit
751 798 936 850 supplicia.
964 798 1166 848 Lugeamus
1187 811 1281 847 ergo.

297 859 401 896 Forte
420 859 581 910 quaedam
610 870 773 911 sequetur
793 861 1002 899 emendatio.
1024 861 1061 899 Si
1086 860 1202 912 qui'in
1219 860 1286 898 hoc

296 919 451 957 incidere
473 921 605 958 malum
626 935 693 959 non
713 930 900 970 eruantur,
918 921 978 958 alii
994 922 1083 959 forte
1104 921 1172 959 sibi
1187 935 1287 959 cave-

296 980 385 1017 bunt
401 994 443 1018 ne
458 981 491 1017 in
511 980 666 1033 idipsum
689 981 858 1019 incidant.
879 981 985 1018 Faxit
1000 983 1099 1019 Deus
1119 991 1159 1019 ut
1178 991 1212 1019 et
1230 981 1284 1018 illi

297 1057 315 1080 a
346 1043 470 1081 morbo
496 1043 710 1092 liberentur,
739 1053 773 1081 et
798 1058 899 1081 nemo
928 1052 1089 1081 nostrum
1113 1044 1150 1080 in
1178 1044 1282 1081 illum
1312 1051 1334 1079 E

298 1104 446 1153 incidat,
468 1114 506 1142 ut
525 1105 560 1141 in
580 1105 759 1142 communi
776 1119 895 1142 omnes
910 1105 1081 1156 promissa
1097 1118 1287 1154 consequa-

298 1181 378 1204 mur
391 1167 495 1215 bona,
508 1168 619 1217 gratia
635 1177 665 1205 et
683 1167 899 1218 benignitate
916 1167 1061 1205 Domini
1076 1167 1186 1205 nostri
1202 1169 1285 1207 Jesu

299 1230 452 1279 Christi,
473 1230 529 1269 cui
555 1230 667 1281 gloria
695 1230 730 1268 in
756 1230 882 1268 saecula
905 1230 1129 1269 saeeulorum.
1156 1233 1284 1270 Amen.

1343 221 1545 252 AncmEP.
1583 219 1944 250 CONSTANTlNOP.

1347 303 1404 341 τὸν
1423 303 1490 349 Ηῆδη
1508 301 1698 348 τεθνηκότα
1713 331 1722 349 ,
1740 301 1832 340 ἀλλὰ
1850 301 2025 352 κλαίωμεν
2047 299 2104 337 τὸν
2125 299 2293 352 ἅρπαγα,
2313 300 2370 338 τὸν

1349 363 1574 411 πλεονέκτην,
1608 363 1665 401 τὸν
1700 363 1921 416 φιλάργυρον,
1951 362 2008 399 τὸν
2045 361 2236 407 ἄπληστον.
2269 359 2372 398 Διατί

1351 441 1489 478 νεκρους
1506 429 1710 477 θρηνοῦμεν,
1730 424 1782 476 ἐφ’
1800 427 1847 461 ὡν
1867 425 1942 461 οὐδ;
1935 423 1961 460 ’ν
1981 426 2073 461 ἐστιν
2093 421 2218 460 ἀνύσαι
2232 420 2374 468 λοιπόν;

1352 486 1594 539 (·)ρηνησωμεν
1627 484 1789 533 τούτους,
1824 487 1875 538 ἐφ’
1909 488 1956 523 ὡν
1986 486 2060 522 ἐστι
2089 499 2149 522 και
2183 481 2374 534 μεταὸολή.

1353 547 1444 585 Ἀλλ’
1464 551 1564 598 ἡμῶν
1593 546 1821 599 θρηνούντων,
1847 546 1940 598 τάχα
1971 545 2066 584 αὐτοὶ
2086 546 2244 595 γελῶσιν.
2271 541 2375 581 Ἀλλὰ

1353 609 1411 647 καὶ
1431 613 1532 648 τοῦτο
1547 609 1680 662 θρήνων
1700 607 1805 655 ἄξιον,
1827 607 1879 646 ὅτι
1902 609 2049 658 γελῶσιν
2070 608 2120 658 ἐφ’
2136 600 2183 649 οἷς
2203 605 2272 643 ἔδει
2288 620 2376 641 πεν-

1353 674 1434 710 θεῖν.
1458 673 1500 709 Εἰ
1526 670 1587 721 μὲν
1620 670 1686 723 γὰρ
1706 669 1858 722 ἔπασχόν
1888 686 1921 708 τι
1949 669 2017 706 ἀπὸ
2036 670 2104 706 τῶν
2128 668 2286 721 ὀδυρμῶν
2307 668 2375 703 τῶν

1353 732 1546 785 ἡμετέρων,
1573 734 1678 784 ἐχρῆν
1699 731 1900 769 παύσασθαι
1925 729 2149 782 ὀδυρομένους
2168 731 2214 771 ὡς
2233 727 2375 778 μέλλον-

1354 809 1414 837 τας
1433 795 1671 847 διορθοῦσθαι·
1700 793 1818 840 ἐπειδὴ
1851 793 1885 830 δὲ
1913 791 2129 838 ἀναισθήτως
2159 790 2374 835 διάκεινται,

1355 854 1511 905 μένωμεν
1526 858 1626 906 ἡμεῖς
1640 854 1828 899 κλαίοντες,
1845 852 1892 904 μὴ
1905 853 1982 896 τοὺς
1997 854 2230 893 πλουτοῦντας
2243 851 2376 895 ἁπλῶς,

1356 917 1445 955 ἀλλὰ
1459 917 1535 960 τοὺς
1556 916 1801 970 φιλαργύρους,
1821 915 1900 959 τοὺς
1918 914 2126 957 πλεονέκτας
2143 941 2151 958 ,
2168 911 2245 955 τοὺς
2264 912 2378 964 ἅρπα-

1354 993 1428 1029 γας.
1444 980 1497 1015 Οὐ
1510 978 1614 1016 κακὸν
1632 981 1649 1016 ὁ
1665 980 1810 1020 πλοῦτος
1830 976 1918 1024 (ἔστι
1944 976 2012 1028 γὰρ
2040 977 2134 1027 αὐτῷ
2155 974 2212 1012 καὶ
2228 975 2276 1018 εἷς
2301 973 2376 1011 δέον

1354 1038 1571 1090 χρήσασθαι,
1596 1039 1678 1077 ὅταν
1707 1040 1754 1081 εἷς
1787 1037 1864 1081 τοὺς
1890 1037 2069 1088 δεομένους
2101 1035 2375 1086 ἀναλίσκιι)μεν)·

1356 1099 1446 1137 ἀλλὰ
1473 1099 1580 1137 κακὸν
1598 1104 1619 1146 ἡ
1640 1099 1839 1147 πλεονεξία,
1859 1099 1920 1142 τὰς
1953 1098 2142 1141 ἀθανάτους
2163 1097 2376 1150 προξενοῦσα

1356 1159 1527 1203 κολάσεις.
1547 1160 1790 1212 Θρηνήσωμεν
1808 1160 1933 1197 τοίνυν.
1951 1160 2055 1202 Ἴσως
2082 1159 2173 1211 Ογάρ
2203 1175 2254 1202 τις
2280 1159 2378 1197 ἔσται

1356 1220 1551 1274 διόρθωσις·
1582 1220 1603 1267 ἢ
1634 1221 1696 1259 κᾶν
1728 1224 1759 1259 οἳ
1786 1221 1994 1271 ἐμπεσόντες
2026 1220 2073 1270 μὴ
2113 1222 2376 1270 ἀπαλλαγῶσιν,

1354 1283 1466 1335 ἕτεροι
1486 1288 1566 1334 γοῦν
1586 1284 1623 1320 οὐ
1638 1286 1908 1336 περιπεσοῦνται
1927 1284 1976 1333 τῷ
2005 1282 2122 1332 δεινῷ,
2154 1280 2245 1318 ἀλλὰ
2269 1281 2378 1332 φυλά-

1355 1345 1479 1389 ξονται.
1497 1343 1637 1382 Γένοιτο
1656 1344 1692 1381 δὲ
1711 1344 1888 1386 κάκείνους
1913 1345 2184 1396 ἐλευθερωθῆναι
2202 1347 2261 1380 τοῦ
2277 1341 2380 1388 νοσή-

1357 1422 1464 1457 ματος
1477 1436 1485 1452 ,
1507 1405 1566 1444 καὶ
1585 1407 1684 1456 ἡμῶν
1708 1404 1842 1455 μηδένα
1863 1411 2059 1456 περιπεσεῖν
2087 1419 2170 1442 ποτε
2187 1435 2194 1448 ,
2211 1403 2269 1441 ἵνα
2282 1407 2378 1456 κοινῇ

1355 1467 1481 1510 πάντες
1507 1470 1575 1505 τῶν
1597 1466 1864 1519 ἐπηγγελμένων
1890 1466 2052 1518 τύχωμεν
2079 1467 2228 1517 ἀγαθῶν,
2261 1465 2380 1518 χάριτι

1355 1529 1415 1567 καὶ
1444 1528 1685 1582 φιλανθρωπίᾳ
1704 1533 1764 1566 τοῦ
1788 1527 1916 1580 Κυρίου
1936 1531 2037 1578 ἡμῶν
2057 1527 2174 1574 Ἰησοῦ
2201 1528 2374 1580 Χριστοῦ,

1446 1589 1497 1603 ml>-

1355 1593 1382 1640 ᾧ
1401 1593 1422 1636 ἦ
1443 1605 1523 1635 οοςα
1541 1591 1588 1634 εἷς
1604 1589 1682 1633 τους
1699 1591 1826 1633 αἰωνας
1847 1606 1915 1628 των
1931 1588 2077 1628 αἰώνων.
2096 1589 2216 1640 Αμην.

345 1737 358 1753 c
375 1725 435 1758 Alii
452 1732 510 1771 γάρ
527 1741 598 1761 ποτε
624 1732 720 1766 ἔσται,
744 1734 777 1758 ct
796 1737 870 1758 mox
886 1731 1109 1770 ἀπαλλαγῶσιν,
1128 1730 1196 1761 ἀλλ’
1214 1732 1309 1771 ἕτεροι
1327 1731 1358 1761 οὐ
1372 1734 1607 1774 περιπεσοῦνται-

1303 2000 1350 2024 389

616 1999 826 2037 HOMILIA
856 1997 972 2039 LXV.
1313 2038 1338 2065 A

300 2123 389 2161 CAP.
408 2122 473 2161 XI.
497 2137 530 2162 v.
551 2123 616 2160 49.
642 2124 750 2160 Unus
775 2130 905 2160 antem
926 2136 973 2159 ex
993 2122 1072 2163 illis
1091 2122 1285 2174 Cai'phas,

351 2198 438 2222 cum
459 2193 555 2222 esset
570 2184 748 2236 pontifex
767 2185 864 2220 anni
878 2183 998 2228 illius,
1011 2183 1111 2220 dixit
1125 2185 1198 2220 eis:
1215 2184 1289 2221 Vos

354 2247 507 2283 nescitis
527 2246 754 2298 quidquam,
779 2244 841 2281 50.
878 2257 946 2281 nec
987 2246 1164 2295 cogitatis
1195 2246 1287 2295 quia

352 2305 505 2356 expedit
537 2306 651 2342 vobis
661 2333 673 2350 ,
697 2311 738 2341 ut
754 2317 852 2341 unus
870 2304 1059 2341 moriatur
1086 2304 1199 2340 homo
1217 2316 1289 2354 pro

351 2366 514 2418 populo,
544 2374 609 2403 ete.

355 2498 390 2531 1,
412 2494 551 2546 Ιη]ι“.τα.>
574 2501 663 2531 sunt
681 2500 814 2544 gentes
835 2495 878 2529 in
896 2493 1077 2538 interitu,
1103 2492 1288 2544 quemse-
1314 2494 1338 2523 B

301 2564 435 2593 cerunt
456 2571 466 2590 .·
484 2557 526 2591 in
546 2554 685 2605 laqueo
714 2555 786 2590 isto
801 2582 812 2598 ‚
837 2566 948 2604 quem
977 2552 1261 2589 absconderunt
1273 2582 1286 2600 ,

302 2616 593 2666 comprehensus
608 2621 663 2651 est
681 2626 747 2664 pes
764 2625 908 2650 eornm.
933 2611 1009 2649 Hoc
1029 2611 1162 2650 Judaeis
1179 2613 1291 2650 conti-

302 2677 365 2727 git.
388 2675 459 2727 Ipsi
479 2689 629 2724 namque
651 2673 837 2721 dicebant,
865 2671 1098 2710 occidendum
1126 2687 1200 2711 esse
1227 2675 1289 2713 Je-

303 2751 401 2783 sum,
429 2750 471 2773 ne
499 2735 657 2774 venirent
676 2733 853 2784 Romani,
877 2742 911 2771 et
939 2733 1100 2772 tollerent
1132 2735 1291 2786 ipsorum

304 2806 442 2848 gentem
467 2805 500 2833 et
524 2796 712 2834 civitatem.
736 2796 927 2845 Postquam
949 2804 1067 2833 autem
1088 2796 1292 2834 oeciderunt

305 2873 404 2907 eum,
424 2858 500 2894 haec
518 2856 608 2908 passi
631 2865 711 2893 sunt
728 2871 734 2892 :
753 2865 786 2893 et
812 2855 908 2907 quod
930 2865 967 2893 ut
989 2857 1182 2908 effugerent
1201 2858 1291 2896 fece-

305 2928 395 2967 rant,
410 2919 476 2956 hoc
494 2917 578 2968 quia
597 2918 717 2965 fecere,
733 2930 801 2954 non
813 2918 1023 2968 effugerunt.
1041 2917 1110 2956 Sed
1131 2918 1293 2968 quiocci-

305 2995 364 3018 sus
380 2980 459 3028 fuit,
472 2988 523 3016 est
536 2978 571 3015 in
588 2978 700 3023 caelis;
715 2977 774 3027 qui
787 2987 903 3015 autern
919 2977 1145 3029 occiderunt,
1163 2980 1292 3031 gehen-

306 3057 388 3080 nam
402 3040 515 3079 sortiti
536 3048 616 3077 sunt
632 3054 639 3074 ε
660 3039 722 3076 etsi
739 3038 777 3076 id
791 3053 858 3076 non
877 3039 911 3076 in
927 3049 1009 3077 voto
1023 3040 1191 3080 haberent
1205 3058 1215 3091 3
1231 3041 1293 3080 sed

305 3102 417 3154 quid?
432 3101 628 3149 Volebant,
645 3099 775 3149 inquit,
797 3114 815 3135 a
833 3099 890 3136 die
908 3099 969 3137 illo
987 3101 1147 3139 oet-idere
1160 3103 1289 3155 ipsum.

304 3164 478 3202 Dicebant
499 3162 611 3209 enim,
635 3162 793 3197 Venient
812 3162 978 3197 Romani
993 3170 1027 3198 et
1049 3163 1185 3200 tollent
1200 3178 1290 3215 gen-

304 3235 379 3263 tem
401 3232 582 3261 nostram.
602 3191 645 3258 'U
644 3234 714 3258 nus
742 3228 872 3257 antem
900 3235 946 3256 ez·
978 3222 1058 3258 illm
1093 3224 1286 3274 Cn'tplzas,

304 3300 389 3323 cum
415 3292 508 3321 esset
528 3282 705 3333 pontt'·l'e.z
736 3283 831 3317 anni
850 3281 978 3325 illius,
1009 3282 1130 3327 dizit,
1157 3284 1288 3321 caeteris
1313 3292 1337 3321 C

303 3345 542 3398 impudentior
566 3359 572 3379 :
599 3344 672 3380 Vos
694 3344 846 3379 nescitis
864 3342 1089 3392 quidquam.
1110 3343 1167 3380 Illi
1190 3358 1289 3382 nem-

305 3422 344 3458 pe
360 3405 572 3444 dubitabant
583 3433 592 3451 ,
607 3412 640 3441 et
656 3400 883 3440 deliberando
903 3412 1156 3453 proposuerant
1176 3403 1288 3450 (diee-

1745 2003 1923 2041 ΟΜΙΛΙΑ
1953 2001 2010 2046 Ean.

1361 2126 1422 2168 Εῖς
1452 2125 1488 2163 δέ
1505 2142 1556 2169 τις
1575 2124 1611 2170 ἐξ
1636 2128 1747 2164 αὐτῶν
1771 2126 1979 2178 Καῖα-ρας,
1961 2142 2144 2178 αρχιερευς
2164 2126 2210 2164 ὢν
2230 2130 2310 2164 τοῦ
2298 2126 2384 2178 ξένι-

1415 2191 1517 2224 αυτού
1543 2186 1692 2233 ἐκείνου,
1715 2191 1809 2224 εἶπεν
1832 2190 1962 2230 αὐτοῖς·
1979 2190 2076 2237 ὑμεῖς
2102 2190 2165 2226 οὐκ
2191 2188 2307 2226 οἴδατε
2326 2189 2386 2225 οὐ-

1414 2246 1481 2293 δὲν,
1497 2246 1574 2284 οὐδὲ
1601 2247 1834 2298 διαλογίζεσθε
1863 2248 1917 2285 ὅτι
1942 2263 2056 2300 συμφε
2063 2264 2112 2301 ρει
2138 2251 2232 2299 ὑμῖν,
2260 2248 2316 2286 ἵνα
2337 2252 2385 2292 εἷς

1414 2308 1591 2360 ἄνθρωπος
1608 2308 1763 2360 ἀποθάνῃ
1784 2309 1871 2361 ὑπὲρ
1890 2313 1949 2347 τοῦ
1969 2311 2053 2347 λαοῦ
2067 2309 2156 2360 ,ἥκαὶ
2173 2309 2216 2347 τὰ
2242 2309 2330 2357 ἑξῆς.

1412 2483 1656 2536 Ἐνεπάγησαν
1672 2483 1751 2530 ἔθνη
1769 2485 1802 2521 ἐν
1823 2484 1992 2537 διαφθορᾷ
2010 2477 2034 2535 ᾗ
2055 2484 2220 2530 ἐποίησαν
2235 2500 2242 2508 ·
2257 2486 2292 2522 ἐν
2308 2500 2381 2523 πα-

1359 2545 1429 2598 γίδι
1444 2546 1553 2593 ταύτη
1570 2541 1593 2597 ᾗ
1610 2545 1774 2598 ἔκρυψαν,
1791 2545 1986 2597 συνελήφθη
2007 2549 2024 2584 ὁ
2045 2550 2129 2589 ποῦς
2146 2548 2269 2584 αὐτῶν.
2283 2548 2380 2584 Τοῦ-

1361 2623 1400 2645 το
1425 2607 1483 2646 ἐπὶ
1500 2606 1676 2645 Ἰουδαίων
1702 2605 1853 2657 γέγονεν.
1876 2606 1983 2644 Αὐτοὶ
2001 2606 2063 2657 μὲν
2079 2606 2145 2659 γὰρ
2164 2606 2280 2658 ἔλεγον
2303 2610 2382 2645 ἀνε-

1360 2670 1432 2707 λεῖν
1452 2668 1509 2706 τὸν
1530 2668 1679 2714 Ἰησοῦν,
1697 2667 1754 2704 ἵνα
1783 2666 1831 2718 μὴ
1866 2667 2011 2705 ἔλθωσιν
2038 2671 2069 2705 οἱ
2099 2668 2293 2719 Ῥωμαῖοι,
2322 2668 2381 2707 καὶ

1362 2731 1493 2782 ἄρωσιν
1523 2733 1634 2768 αὐτῶν
1665 2729 1724 2768 καὶ
1750 2728 1788 2765 τὸ
1822 2729 1914 2772 ἔθνος
1939 2728 1996 2766 καὶ
2018 2729 2080 2776 τὴν
2101 2729 2214 2768 πόλιν.
2232 2730 2379 2777 Ἐπειδὴ

1362 2790 1396 2828 δὲ
1418 2793 1562 2838 ἀνεῖλον,
1582 2795 1692 2828 ταῦτα
1711 2790 1854 2828 ἔπαθον·
1874 2789 1933 2827 καὶ
1955 2790 2044 2841 ἅπερ
2061 2792 2106 2833 ὡς
2126 2790 2383 2842 διαφευξόμενοι

1362 2851 1525 2904 ἔπραξαν,
1542 2855 1651 2888 ταῦτα
1670 2849 1789 2896 ἐπειδὴ
1810 2849 1974 2902 ἔπραξαν,
1990 2853 2027 2887 οὐ
2058 2851 2230 2903 διέφυγον.
2254 2853 2343 2890 Ἀλλ’
2365 2855 2383 2890 ὁ

1363 2912 1425 2964 μὲν
1451 2912 1658 2964 ἀναιρεθεὶς,
1677 2911 1769 2951 ἔστιν
1791 2913 1826 2949 ἓν
1859 2914 2030 2964 οὐρανοῖς·
2048 2915 2079 2950 οἱ
2111 2913 2147 2950 δὲ
2180 2913 2380 2962 ἀνελόντες,

1361 2973 1424 3020 τὴν
1445 2973 1586 3025 γέενναν
1620 2974 1893 3024 κληρονομοῦσι·
1922 2971 2036 3011 καίτοι
2071 2975 2108 3011 οὗ
2137 2977 2247 3011 ταῦτα
2280 2975 2380 3012 ἐσκέ-

1362 3036 1489 3085 ψαντο,
1512 3034 1602 3072 ἀλλὰ
1627 3033 1682 3081 τί,
1719 3033 1947 3081 Ἰῖἕούλοντο,
1969 3034 2086 3086 φησὶν,
2119 3037 2250 3072 ἀνελεῖν
2281 3035 2380 3073 αὐτὸν

1363 3096 1431 3134 ἀπὸ
1451 3099 1512 3143 τῆς
1531 3094 1662 3147 ἡμέρας
1678 3094 1821 3139 ἐκείνης.
1842 3089 1952 3132 Εἶπον
1977 3095 2066 3147 γὰρ,
2084 3094 2137 3133 ὅτι
2158 3095 2384 3133 Ἐλεύσονται

1361 3159 1392 3195 οἱ
1411 3156 1605 3208 Ῥωμαῖοι,
1626 3172 1684 3194 και
1705 3158 1844 3208 ἀροῦσιν
1873 3159 1973 3206 ἡμων
1991 3156 2029 3194 τὸ
2058 3156 2162 3199 ἔθνος.
2186 3151 2247 3199 Εἷς
2277 3157 2312 3194 δέ
2331 3173 2384 3200 τις

1361 3218 1394 3262 ἐς
1415 3222 1525 3257 αὐτων
1548 3218 1728 3271 Καϊάφας,
1745 3220 1885 3269 ἀργιερε
1872 3234 1926 3260 υς
1956 3233 2002 3254 ων
2025 3221 2084 3254 τοῦ
2117 3219 2272 3256 ἐνιαυτοῦ
2293 3220 2349 3255 ἐκε
2355 3218 2384 3255 ί-

1359 3295 1435 3326 νου,
1466 3284 1571 3328 εἶπεν,
1591 3278 1897 3331 ἀναισῄυντότερος
1920 3278 1968 3315 ὢν
1998 3281 2066 3315 τῶν
2086 3280 2236 3316 λοιπῶν·
2260 3277 2382 3329 Ὑμεῖς

1359 3357 1421 3379 ουκ
1446 3341 1560 3379 οιδατε
1577 3341 1684 3379 οὐδέν.
1706 3340 1815 3391 Ἃπερ
1834 3341 1957 3377 ἐκεῖνοι
1988 3338 2224 3391 ἀμφέὸαλλον,
2256 3356 2314 3378 και
2347 3343 2382 3378 ἐν

1359 3403 1454 3448 τάξει
1493 3406 1617 3455 βουλῆς
1651 3401 1887 3454 προετίθεσαν,
1905 3399 2048 3451 (ἔλεγον
2079 3399 2167 3451 γάρ·
2189 3399 2236 3438 Τί
2262 3404 2380 3437 ποιοῦ-
