<?xml version="1.0" encoding="UTF-8"?>
<!DOCTYPE html PUBLIC "-//W3C//DTD XHTML 1.0 Transitional//EN"
    "http://www.w3.org/TR/xhtml1/DTD/xhtml1-transitional.dtd">
<html xmlns="http://www.w3.org/1999/xhtml" xml:lang="en" lang="en">
 <head>
  <title>
</title>
<meta http-equiv="Content-Type" content="text/html;charset=utf-8" />
  <meta name='ocr-system' content='tesseract 3.04.00' />
  <meta name='ocr-capabilities' content='ocr_page ocr_carea ocr_par ocr_line ocrx_word'/>
</head>
<body>
  <div class='ocr_page' id='page_1' title='image "./operaomniaquaeex08johnuoft/operaomniaquaeex08johnuoft_0960.png"; bbox 0 0 2522 3683; ppageno 0'>
   <div class='ocr_carea' id='block_1_1' title="bbox 125 810 309 842">
    <p class='ocr_par' dir='ltr' id='par_1_1' title="bbox 125 810 309 842">
     <span class='ocr_line' id='line_1_1' title="bbox 125 810 309 842; baseline 0.016 -4"><span class='ocrx_word' id='word_1_1' title='bbox 125 811 203 840; x_wconf 78' lang='lat' dir='ltr'>lsai.</span> <span class='ocrx_word' id='word_1_2' title='bbox 218 810 267 842; x_wconf 85' lang='lat'>63.</span> <span class='ocrx_word' id='word_1_3' title='bbox 280 812 309 841; x_wconf 86' lang='lat'>3.</span> 
     </span>
    </p>
   </div>
   <div class='ocr_carea' id='block_1_2' title="bbox 121 1172 307 1240">
    <p class='ocr_par' dir='ltr' id='par_1_2' title="bbox 121 1172 307 1240">
     <span class='ocr_line' id='line_1_2' title="bbox 121 1172 307 1240; baseline 0.022 -42"><span class='ocrx_word' id='word_1_4' title='bbox 121 1172 226 1240; x_wconf 53' lang='lat' dir='ltr'>gud-&#39;tlt</span> <span class='ocrx_word' id='word_1_5' title='bbox 238 1195 245 1202; x_wconf 86' lang='lat'>.</span> <span class='ocrx_word' id='word_1_6' title='bbox 263 1173 307 1202; x_wconf 78' lang='lat'>16.</span> 
     </span>
    </p>
   </div>
   <div class='ocr_carea' id='block_1_3' title="bbox 118 1497 303 1535">
    <p class='ocr_par' dir='ltr' id='par_1_3' title="bbox 118 1497 303 1535">
     <span class='ocr_line' id='line_1_3' title="bbox 118 1497 303 1535; baseline 0.005 -11"><span class='ocrx_word' id='word_1_7' title='bbox 118 1497 303 1535; x_wconf 56' lang='lat' dir='ltr'>Lai-‚23.42.</span> 
     </span>
    </p>
   </div>
   <div class='ocr_carea' id='block_1_4' title="bbox 115 1708 301 1788">
    <p class='ocr_par' dir='ltr' id='par_1_4' title="bbox 115 1708 301 1788">
     <span class='ocr_line' id='line_1_4' title="bbox 115 1708 301 1788; baseline 0.011 -53"><span class='ocrx_word' id='word_1_8' title='bbox 115 1708 230 1788; x_wconf 52' lang='lat' dir='ltr'>glaub.</span> <span class='ocrx_word' id='word_1_9' title='bbox 253 1708 301 1737; x_wconf 84' lang='lat'>26.</span> 
     </span>
     <span class='ocr_line' id='line_1_5' title="bbox 138 1760 168 1787; baseline 0 -11"><span class='ocrx_word' id='word_1_10' title='bbox 138 1760 168 1787; x_wconf 70' lang='lat'>9.</span> 
     </span>
    </p>
   </div>
   <div class='ocr_carea' id='block_1_5' title="bbox 117 1864 301 1896">
    <p class='ocr_par' dir='ltr' id='par_1_5' title="bbox 117 1864 301 1896">
     <span class='ocr_line' id='line_1_6' title="bbox 117 1864 301 1896; baseline 0 -3"><span class='ocrx_word' id='word_1_11' title='bbox 117 1867 182 1894; x_wconf 76' lang='lat' dir='ltr'>lsai</span> <span class='ocrx_word' id='word_1_12' title='bbox 211 1864 262 1896; x_wconf 74' lang='grc'>66.</span> <span class='ocrx_word' id='word_1_13' title='bbox 275 1873 301 1894; x_wconf 81' lang='lat'>1.</span> 
     </span>
    </p>
   </div>
   <div class='ocr_carea' id='block_1_6' title="bbox 113 2759 298 2830">
    <p class='ocr_par' dir='ltr' id='par_1_6' title="bbox 113 2759 298 2830">
     <span class='ocr_line' id='line_1_7' title="bbox 114 2759 298 2789; baseline 0 -1"><span class='ocrx_word' id='word_1_14' title='bbox 114 2759 228 2788; x_wconf 68' lang='lat' dir='ltr'>Nalm.</span> <span class='ocrx_word' id='word_1_15' title='bbox 249 2759 298 2789; x_wconf 85' lang='lat'>26.</span> 
     </span>
     <span class='ocr_line' id='line_1_8' title="bbox 113 2801 164 2830; baseline -0.039 0"><span class='ocrx_word' id='word_1_16' title='bbox 113 2801 164 2830; x_wconf 81' lang='lat'>35.</span> 
     </span>
    </p>
   </div>
   <div class='ocr_carea' id='block_1_7' title="bbox 115 3382 303 3410">
    <p class='ocr_par' dir='ltr' id='par_1_7' title="bbox 115 3382 303 3410">
     <span class='ocr_line' id='line_1_9' title="bbox 115 3382 303 3410; baseline 0.005 -1"><span class='ocrx_word' id='word_1_17' title='bbox 115 3382 228 3410; x_wconf 61' lang='lat' dir='ltr'>Mauh.</span> <span class='ocrx_word' id='word_1_18' title='bbox 254 3389 303 3410; x_wconf 61' lang='grc' dir='ltr'>πο.</span> 
     </span>
    </p>
   </div>
   <div class='ocr_carea' id='block_1_8' title="bbox 117 3431 167 3450">
    <p class='ocr_par' dir='ltr' id='par_1_8' title="bbox 117 3431 167 3450">
     <span class='ocr_line' id='line_1_10' title="bbox 117 3431 167 3450; baseline -0.02 0"><span class='ocrx_word' id='word_1_19' title='bbox 117 3431 167 3450; x_wconf 79' lang='lat'>22.</span> 
     </span>
    </p>
   </div>
   <div class='ocr_carea' id='block_1_9' title="bbox 367 235 390 246">
    <p class='ocr_par' dir='ltr' id='par_1_9' title="bbox 367 235 390 246">
     <span class='ocr_line' id='line_1_11' title="bbox 367 235 390 246; baseline 0 0"><span class='ocrx_word' id='word_1_20' title='bbox 367 235 390 246; x_wconf 63' lang='grc' dir='ltr'><em>Π</em></span> 
     </span>
    </p>
   </div>
   <div class='ocr_carea' id='block_1_10' title="bbox 330 248 425 294">
    <p class='ocr_par' dir='ltr' id='par_1_10' title="bbox 330 248 425 294">
     <span class='ocr_line' id='line_1_12' title="bbox 330 248 425 294; baseline -0.011 0"><span class='ocrx_word' id='word_1_21' title='bbox 330 248 425 294; x_wconf 74' lang='lat'>900</span> 
     </span>
    </p>
   </div>
   <div class='ocr_carea' id='block_1_11' title="bbox 319 333 1315 1964">
    <p class='ocr_par' dir='ltr' id='par_1_11' title="bbox 319 333 1315 1964">
     <span class='ocr_line' id='line_1_13' title="bbox 330 333 1314 387; baseline 0.008 -17"><span class='ocrx_word' id='word_1_22' title='bbox 330 348 392 371; x_wconf 84' lang='lat' dir='ltr'>nee</span> <span class='ocrx_word' id='word_1_23' title='bbox 409 333 571 386; x_wconf 78' lang='lat' dir='ltr'>despexit</span> <span class='ocrx_word' id='word_1_24' title='bbox 586 334 892 387; x_wconf 68' lang='lat' dir='ltr'>deprecationem,</span> <span class='ocrx_word' id='word_1_25' title='bbox 912 337 975 377; x_wconf 83' lang='lat' dir='ltr'>sed</span> <span class='ocrx_word' id='word_1_26' title='bbox 1007 338 1192 378; x_wconf 81' lang='lat' dir='ltr'>inclinavit.</span> <span class='ocrx_word' id='word_1_27' title='bbox 1212 340 1314 378; x_wconf 86' lang='lat' dir='ltr'>caelos</span> 
     </span>
     <span class='ocr_line' id='line_1_14' title="bbox 332 386 1313 439; baseline 0.009 -17"><span class='ocrx_word' id='word_1_28' title='bbox 332 395 364 423; x_wconf 89' lang='lat' dir='ltr'>et</span> <span class='ocrx_word' id='word_1_29' title='bbox 385 386 563 424; x_wconf 82' lang='lat' dir='ltr'>descendit</span> <span class='ocrx_word' id='word_1_30' title='bbox 585 387 621 425; x_wconf 89' lang='lat' dir='ltr'>in</span> <span class='ocrx_word' id='word_1_31' title='bbox 642 397 786 439; x_wconf 87' lang='lat' dir='ltr'>terram,</span> <span class='ocrx_word' id='word_1_32' title='bbox 814 404 875 427; x_wconf 88' lang='lat' dir='ltr'>nee</span> <span class='ocrx_word' id='word_1_33' title='bbox 902 404 938 427; x_wconf 89' lang='lat' dir='ltr'>se</span> <span class='ocrx_word' id='word_1_34' title='bbox 958 405 1088 430; x_wconf 83' lang='lat' dir='ltr'>vacuos</span> <span class='ocrx_word' id='word_1_35' title='bbox 1107 393 1208 430; x_wconf 82' lang='lat' dir='ltr'>caelos</span> <span class='ocrx_word' id='word_1_36' title='bbox 1233 393 1313 431; x_wconf 89' lang='lat' dir='ltr'>reli-</span> 
     </span>
     <span class='ocr_line' id='line_1_15' title="bbox 329 439 1315 493; baseline 0.008 -18"><span class='ocrx_word' id='word_1_37' title='bbox 329 439 418 489; x_wconf 87' lang='lat' dir='ltr'>quit.</span> <span class='ocrx_word' id='word_1_38' title='bbox 444 440 640 492; x_wconf 82' lang='lat' dir='ltr'>Conceptus</span> <span class='ocrx_word' id='word_1_39' title='bbox 665 450 715 478; x_wconf 78' lang='lat' dir='ltr'>est</span> <span class='ocrx_word' id='word_1_40' title='bbox 742 442 777 479; x_wconf 88' lang='lat' dir='ltr'>in</span> <span class='ocrx_word' id='word_1_41' title='bbox 796 442 956 493; x_wconf 79' lang='lat' dir='ltr'>virginea</span> <span class='ocrx_word' id='word_1_42' title='bbox 982 444 1105 489; x_wconf 73' lang='lat' dir='ltr'>vulva,</span> <span class='ocrx_word' id='word_1_43' title='bbox 1137 454 1208 483; x_wconf 90' lang='lat' dir='ltr'>toto</span> <span class='ocrx_word' id='word_1_44' title='bbox 1230 446 1315 483; x_wconf 86' lang='lat' dir='ltr'>orbe</span> 
     </span>
     <span class='ocr_line' id='line_1_16' title="bbox 330 492 1312 549; baseline 0.008 -22"><span class='ocrx_word' id='word_1_45' title='bbox 330 492 515 543; x_wconf 85' lang='lat' dir='ltr'>ampliore.</span> <span class='ocrx_word' id='word_1_46' title='bbox 537 496 653 538; x_wconf 84' lang='lat' dir='ltr'>Quem</span> <span class='ocrx_word' id='word_1_47' title='bbox 675 494 767 531; x_wconf 87' lang='lat' dir='ltr'>enim</span> <span class='ocrx_word' id='word_1_48' title='bbox 793 508 915 546; x_wconf 80' lang='lat' dir='ltr'>capere</span> <span class='ocrx_word' id='word_1_49' title='bbox 938 509 1006 533; x_wconf 89' lang='lat' dir='ltr'>non</span> <span class='ocrx_word' id='word_1_50' title='bbox 1027 497 1141 548; x_wconf 87' lang='lat' dir='ltr'>potuit</span> <span class='ocrx_word' id='word_1_51' title='bbox 1160 499 1312 549; x_wconf 73' lang='lat' dir='ltr'>patriar-</span> 
     </span>
     <span class='ocr_line' id='line_1_17' title="bbox 330 544 1314 601; baseline 0.007 -21"><span class='ocrx_word' id='word_1_52' title='bbox 330 544 430 581; x_wconf 84' lang='lat' dir='ltr'>chale</span> <span class='ocrx_word' id='word_1_53' title='bbox 450 546 647 595; x_wconf 80' lang='lat' dir='ltr'>tugurium,</span> <span class='ocrx_word' id='word_1_54' title='bbox 670 546 829 597; x_wconf 80' lang='lat' dir='ltr'>virginea</span> <span class='ocrx_word' id='word_1_55' title='bbox 852 548 962 585; x_wconf 76' lang='lat' dir='ltr'>vulva</span> <span class='ocrx_word' id='word_1_56' title='bbox 978 549 1160 601; x_wconf 85' lang='lat' dir='ltr'>complexa</span> <span class='ocrx_word' id='word_1_57' title='bbox 1178 560 1238 588; x_wconf 83' lang='lat' dir='ltr'>est.</span> <span class='ocrx_word' id='word_1_58' title='bbox 1257 552 1314 587; x_wconf 89' lang='lat' dir='ltr'>In-</span> 
     </span>
     <span class='ocr_line' id='line_1_18' title="bbox 330 598 1315 654; baseline 0.008 -22"><span class='ocrx_word' id='word_1_59' title='bbox 330 606 494 634; x_wconf 78' lang='lat' dir='ltr'>carnatus</span> <span class='ocrx_word' id='word_1_60' title='bbox 521 607 584 643; x_wconf 80' lang='lat' dir='ltr'>cst,</span> <span class='ocrx_word' id='word_1_61' title='bbox 609 607 647 635; x_wconf 88' lang='lat' dir='ltr'>ut</span> <span class='ocrx_word' id='word_1_62' title='bbox 667 598 740 650; x_wconf 81' lang='lat' dir='ltr'>ipse</span> <span class='ocrx_word' id='word_1_63' title='bbox 764 599 874 644; x_wconf 89' lang='lat' dir='ltr'>novit,</span> <span class='ocrx_word' id='word_1_64' title='bbox 896 614 963 637; x_wconf 91' lang='lat' dir='ltr'>non</span> <span class='ocrx_word' id='word_1_65' title='bbox 981 611 1019 639; x_wconf 88' lang='lat' dir='ltr'>ut</span> <span class='ocrx_word' id='word_1_66' title='bbox 1040 601 1315 654; x_wconf 73' lang='lat' dir='ltr'>interpretantur</span> 
     </span>
     <span class='ocr_line' id='line_1_19' title="bbox 329 648 1314 706; baseline 0.007 -22"><span class='ocrx_word' id='word_1_67' title='bbox 329 648 494 697; x_wconf 79' lang='lat' dir='ltr'>liaeretiei,</span> <span class='ocrx_word' id='word_1_68' title='bbox 514 651 575 699; x_wconf 89' lang='lat' dir='ltr'>qui</span> <span class='ocrx_word' id='word_1_69' title='bbox 594 650 681 687; x_wconf 88' lang='lat' dir='ltr'>dum</span> <span class='ocrx_word' id='word_1_70' title='bbox 698 665 736 688; x_wconf 86' lang='lat' dir='ltr'>ea</span> <span class='ocrx_word' id='word_1_71' title='bbox 761 666 838 701; x_wconf 61' lang='lat' dir='ltr'>quse</span> <span class='ocrx_word' id='word_1_72' title='bbox 859 652 925 700; x_wconf 69' lang='lat' dir='ltr'>sibi</span> <span class='ocrx_word' id='word_1_73' title='bbox 948 655 1092 706; x_wconf 82' lang='lat' dir='ltr'>propria</span> <span class='ocrx_word' id='word_1_74' title='bbox 1113 665 1194 693; x_wconf 85' lang='lat' dir='ltr'>sunt</span> <span class='ocrx_word' id='word_1_75' title='bbox 1213 656 1314 706; x_wconf 83' lang='lat' dir='ltr'>igno-</span> 
     </span>
     <span class='ocr_line' id='line_1_20' title="bbox 329 701 1311 759; baseline 0.007 -21"><span class='ocrx_word' id='word_1_76' title='bbox 329 711 422 747; x_wconf 87' lang='lat' dir='ltr'>rant,</span> <span class='ocrx_word' id='word_1_77' title='bbox 443 701 566 739; x_wconf 77' lang='lat' dir='ltr'>divina</span> <span class='ocrx_word' id='word_1_78' title='bbox 587 703 795 741; x_wconf 83' lang='lat' dir='ltr'>metiuntur.</span> <span class='ocrx_word' id='word_1_79' title='bbox 816 705 929 743; x_wconf 79' lang='lat' dir='ltr'>Natus</span> <span class='ocrx_word' id='word_1_80' title='bbox 949 715 1013 757; x_wconf 84' lang='lat' dir='ltr'>est,</span> <span class='ocrx_word' id='word_1_81' title='bbox 1027 716 1063 744; x_wconf 86' lang='lat' dir='ltr'>ut</span> <span class='ocrx_word' id='word_1_82' title='bbox 1083 708 1151 745; x_wconf 83' lang='lat' dir='ltr'>sibi</span> <span class='ocrx_word' id='word_1_83' title='bbox 1167 708 1311 759; x_wconf 79' lang='lat' dir='ltr'>placuit.</span> 
     </span>
     <span class='ocr_line' id='line_1_21' title="bbox 329 754 1308 811; baseline 0.009 -21"><span class='ocrx_word' id='word_1_84' title='bbox 329 754 370 790; x_wconf 86' lang='lat' dir='ltr'>In</span> <span class='ocrx_word' id='word_1_85' title='bbox 392 754 529 804; x_wconf 78' lang='lat' dir='ltr'>lignum</span> <span class='ocrx_word' id='word_1_86' title='bbox 549 755 720 803; x_wconf 85' lang='lat' dir='ltr'>ascendit,</span> <span class='ocrx_word' id='word_1_87' title='bbox 745 756 806 806; x_wconf 87' lang='lat' dir='ltr'>qui</span> <span class='ocrx_word' id='word_1_88' title='bbox 826 756 964 808; x_wconf 81' lang='lat' dir='ltr'>lignum</span> <span class='ocrx_word' id='word_1_89' title='bbox 982 760 1140 811; x_wconf 73' lang='lat' dir='ltr'>paradisi</span> <span class='ocrx_word' id='word_1_90' title='bbox 1156 761 1308 807; x_wconf 76' lang='lat' dir='ltr'>sanavit,</span> 
     </span>
     <span class='ocr_line' id='line_1_22' title="bbox 329 807 1312 859; baseline 0.009 -17"><span class='ocrx_word' id='word_1_91' title='bbox 329 815 361 843; x_wconf 90' lang='lat' dir='ltr'>et</span> <span class='ocrx_word' id='word_1_92' title='bbox 386 807 515 843; x_wconf 81' lang='lat' dir='ltr'>clamat</span> <span class='ocrx_word' id='word_1_93' title='bbox 542 823 553 842; x_wconf 92' lang='grc'>.·</span> <span class='ocrx_word' id='word_1_94' title='bbox 590 809 778 846; x_wconf 77' lang='grc' dir='ltr'>Τονειιῖιιν</span> <span class='ocrx_word' id='word_1_95' title='bbox 804 811 956 848; x_wconf 71' lang='lat' dir='ltr'>calcavi</span> <span class='ocrx_word' id='word_1_96' title='bbox 984 813 1102 859; x_wconf 87' lang='lat' dir='ltr'>solus,</span> <span class='ocrx_word' id='word_1_97' title='bbox 1139 822 1175 851; x_wconf 84' lang='lat' dir='ltr'>et</span> <span class='ocrx_word' id='word_1_98' title='bbox 1202 828 1312 851; x_wconf 85' lang='lat' dir='ltr'>nemo</span> 
     </span>
     <span class='ocr_line' id='line_1_23' title="bbox 327 862 1311 915; baseline 0.01 -21"><span class='ocrx_word' id='word_1_99' title='bbox 327 873 474 896; x_wconf 82' lang='lat' dir='ltr'>mecum</span> <span class='ocrx_word' id='word_1_100' title='bbox 494 868 588 908; x_wconf 80' lang='lat' dir='ltr'>erat,</span> <span class='ocrx_word' id='word_1_101' title='bbox 613 874 681 897; x_wconf 93' lang='lat' dir='ltr'>non</span> <span class='ocrx_word' id='word_1_102' title='bbox 712 862 871 913; x_wconf 82' lang='lat' dir='ltr'>angelus,</span> <span class='ocrx_word' id='word_1_103' title='bbox 893 877 962 901; x_wconf 89' lang='lat' dir='ltr'>non</span> <span class='ocrx_word' id='word_1_104' title='bbox 993 864 1142 915; x_wconf 80' lang='lat' dir='ltr'>legatus,</span> <span class='ocrx_word' id='word_1_105' title='bbox 1163 879 1231 903; x_wconf 90' lang='lat' dir='ltr'>non</span> <span class='ocrx_word' id='word_1_106' title='bbox 1249 880 1311 903; x_wconf 86' lang='lat' dir='ltr'>ar·-</span> 
     </span>
     <span class='ocr_line' id='line_1_24' title="bbox 327 911 1312 970; baseline 0.008 -23"><span class='ocrx_word' id='word_1_107' title='bbox 327 911 531 962; x_wconf 79' lang='lat' dir='ltr'>changelus,</span> <span class='ocrx_word' id='word_1_108' title='bbox 549 926 617 950; x_wconf 89' lang='lat' dir='ltr'>non</span> <span class='ocrx_word' id='word_1_109' title='bbox 638 914 823 966; x_wconf 75' lang='lat' dir='ltr'>propheta,</span> <span class='ocrx_word' id='word_1_110' title='bbox 835 929 903 953; x_wconf 91' lang='lat' dir='ltr'>non</span> <span class='ocrx_word' id='word_1_111' title='bbox 923 930 1000 966; x_wconf 82' lang='lat' dir='ltr'>rex,</span> <span class='ocrx_word' id='word_1_112' title='bbox 1018 931 1121 954; x_wconf 88' lang='lat' dir='ltr'>nemo</span> <span class='ocrx_word' id='word_1_113' title='bbox 1134 918 1312 970; x_wconf 84' lang='lat' dir='ltr'>justorum</span> 
     </span>
     <span class='ocr_line' id='line_1_25' title="bbox 326 967 1312 1020; baseline 0.008 -20"><span class='ocrx_word' id='word_1_114' title='bbox 326 978 465 1001; x_wconf 81' lang='lat' dir='ltr'>mecum</span> <span class='ocrx_word' id='word_1_115' title='bbox 481 973 554 1002; x_wconf 82' lang='lat' dir='ltr'>erat</span> <span class='ocrx_word' id='word_1_116' title='bbox 576 981 583 1000; x_wconf 73' lang='grc' dir='ltr'>ε</span> <span class='ocrx_word' id='word_1_117' title='bbox 609 975 642 1003; x_wconf 80' lang='lat' dir='ltr'>et</span> <span class='ocrx_word' id='word_1_118' title='bbox 662 980 752 1003; x_wconf 88' lang='lat' dir='ltr'>unus</span> <span class='ocrx_word' id='word_1_119' title='bbox 775 967 870 1005; x_wconf 86' lang='lat' dir='ltr'>solus</span> <span class='ocrx_word' id='word_1_120' title='bbox 890 983 1027 1006; x_wconf 82' lang='lat' dir='ltr'>mecum</span> <span class='ocrx_word' id='word_1_121' title='bbox 1047 978 1134 1019; x_wconf 90' lang='lat' dir='ltr'>erat,</span> <span class='ocrx_word' id='word_1_122' title='bbox 1163 971 1223 1020; x_wconf 88' lang='lat' dir='ltr'>qui</span> <span class='ocrx_word' id='word_1_123' title='bbox 1244 985 1312 1008; x_wconf 88' lang='lat' dir='ltr'>non</span> 
     </span>
     <span class='ocr_line' id='line_1_26' title="bbox 325 1020 1313 1073; baseline 0.007 -20"><span class='ocrx_word' id='word_1_124' title='bbox 325 1030 463 1054; x_wconf 86' lang='lat' dir='ltr'>mecum</span> <span class='ocrx_word' id='word_1_125' title='bbox 485 1027 634 1055; x_wconf 82' lang='lat' dir='ltr'>mortem</span> <span class='ocrx_word' id='word_1_126' title='bbox 659 1020 840 1069; x_wconf 77' lang='lat' dir='ltr'>contrivit,</span> <span class='ocrx_word' id='word_1_127' title='bbox 868 1020 927 1058; x_wconf 83' lang='lat' dir='ltr'>sed</span> <span class='ocrx_word' id='word_1_128' title='bbox 948 1035 1086 1058; x_wconf 88' lang='lat' dir='ltr'>meeum</span> <span class='ocrx_word' id='word_1_129' title='bbox 1108 1023 1313 1073; x_wconf 81' lang='lat' dir='ltr'>paradisum</span> 
     </span>
     <span class='ocr_line' id='line_1_27' title="bbox 325 1068 1313 1124; baseline 0.007 -19"><span class='ocrx_word' id='word_1_130' title='bbox 325 1068 359 1105; x_wconf 88' lang='lat' dir='ltr'>in</span> <span class='ocrx_word' id='word_1_131' title='bbox 390 1069 632 1107; x_wconf 74' lang='lat' dir='ltr'>haeroditatmn</span> <span class='ocrx_word' id='word_1_132' title='bbox 659 1072 794 1123; x_wconf 74' lang='lat' dir='ltr'>acecpit</span> <span class='ocrx_word' id='word_1_133' title='bbox 824 1087 832 1108; x_wconf 93' lang='lat'><strong>:</strong></span> <span class='ocrx_word' id='word_1_134' title='bbox 864 1087 1003 1110; x_wconf 89' lang='lat' dir='ltr'>mecum</span> <span class='ocrx_word' id='word_1_135' title='bbox 1032 1073 1068 1110; x_wconf 87' lang='lat' dir='ltr'>in</span> <span class='ocrx_word' id='word_1_136' title='bbox 1100 1074 1209 1124; x_wconf 81' lang='lat' dir='ltr'>ligno,</span> <span class='ocrx_word' id='word_1_137' title='bbox 1245 1089 1313 1112; x_wconf 89' lang='lat' dir='ltr'>non</span> 
     </span>
     <span class='ocr_line' id='line_1_28' title="bbox 326 1123 1314 1177; baseline 0.007 -19"><span class='ocrx_word' id='word_1_138' title='bbox 326 1135 464 1159; x_wconf 87' lang='lat' dir='ltr'>mecum</span> <span class='ocrx_word' id='word_1_139' title='bbox 496 1123 531 1160; x_wconf 92' lang='lat' dir='ltr'>in</span> <span class='ocrx_word' id='word_1_140' title='bbox 560 1123 653 1160; x_wconf 78' lang='lat' dir='ltr'>bello</span> <span class='ocrx_word' id='word_1_141' title='bbox 688 1133 808 1161; x_wconf 86' lang='lat' dir='ltr'>contra</span> <span class='ocrx_word' id='word_1_142' title='bbox 838 1135 987 1163; x_wconf 88' lang='lat' dir='ltr'>mortem</span> <span class='ocrx_word' id='word_1_143' title='bbox 1016 1136 1189 1177; x_wconf 82' lang='lat' dir='ltr'>suscepto.</span> <span class='ocrx_word' id='word_1_144' title='bbox 1222 1128 1314 1165; x_wconf 79' lang='lat' dir='ltr'>Nam</span> 
     </span>
     <span class='ocr_line' id='line_1_29' title="bbox 327 1175 1313 1225; baseline 0.007 -15"><span class='ocrx_word' id='word_1_145' title='bbox 327 1176 541 1221; x_wconf 76' lang='lat' dir='ltr'>Dominus,</span> <span class='ocrx_word' id='word_1_146' title='bbox 574 1175 706 1225; x_wconf 86' lang='lat' dir='ltr'>inquit,</span> <span class='ocrx_word' id='word_1_147' title='bbox 735 1185 935 1215; x_wconf 81' lang='lat' dir='ltr'>conterens</span> <span class='ocrx_word' id='word_1_148' title='bbox 967 1179 1087 1224; x_wconf 85' lang='lat' dir='ltr'>bella,</span> <span class='ocrx_word' id='word_1_149' title='bbox 1120 1180 1313 1218; x_wconf 78' lang='lat' dir='ltr'>Dominus</span> 
     </span>
     <span class='ocr_line' id='line_1_30' title="bbox 327 1228 1312 1269; baseline 0.005 -5"><span class='ocrx_word' id='word_1_150' title='bbox 327 1241 466 1264; x_wconf 80' lang='lat' dir='ltr'>nomen</span> <span class='ocrx_word' id='word_1_151' title='bbox 485 1229 556 1265; x_wconf 84' lang='lat' dir='ltr'>illi.</span> <span class='ocrx_word' id='word_1_152' title='bbox 579 1230 681 1265; x_wconf 81' lang='lat' dir='ltr'>Unus</span> <span class='ocrx_word' id='word_1_153' title='bbox 707 1228 797 1266; x_wconf 87' lang='lat' dir='ltr'>latro</span> <span class='ocrx_word' id='word_1_154' title='bbox 828 1231 1005 1267; x_wconf 83' lang='lat' dir='ltr'>consessus</span> <span class='ocrx_word' id='word_1_155' title='bbox 1024 1240 1085 1268; x_wconf 86' lang='lat' dir='ltr'>est.</span> <span class='ocrx_word' id='word_1_156' title='bbox 1108 1232 1139 1269; x_wconf 92' lang='lat' dir='ltr'>O</span> <span class='ocrx_word' id='word_1_157' title='bbox 1165 1246 1219 1269; x_wconf 85' lang='lat' dir='ltr'>res</span> <span class='ocrx_word' id='word_1_158' title='bbox 1238 1241 1312 1269; x_wconf 79' lang='lat' dir='ltr'>stu-</span> 
     </span>
     <span class='ocr_line' id='line_1_31' title="bbox 324 1280 1312 1337; baseline 0.007 -21"><span class='ocrx_word' id='word_1_159' title='bbox 324 1280 456 1330; x_wconf 84' lang='lat' dir='ltr'>pendas</span> <span class='ocrx_word' id='word_1_160' title='bbox 475 1289 508 1317; x_wconf 87' lang='lat' dir='ltr'>et</span> <span class='ocrx_word' id='word_1_161' title='bbox 524 1294 631 1317; x_wconf 73' lang='lat' dir='ltr'>novas</span> <span class='ocrx_word' id='word_1_162' title='bbox 647 1280 655 1319; x_wconf 69' lang='lat' dir='ltr'>l</span> <span class='ocrx_word' id='word_1_163' title='bbox 674 1282 780 1319; x_wconf 84' lang='lat' dir='ltr'>Latro</span> <span class='ocrx_word' id='word_1_164' title='bbox 800 1296 880 1319; x_wconf 84' lang='lat' dir='ltr'>cum</span> <span class='ocrx_word' id='word_1_165' title='bbox 895 1283 1051 1332; x_wconf 83' lang='lat' dir='ltr'>Christo,</span> <span class='ocrx_word' id='word_1_166' title='bbox 1066 1293 1099 1321; x_wconf 88' lang='lat' dir='ltr'>et</span> <span class='ocrx_word' id='word_1_167' title='bbox 1113 1284 1312 1337; x_wconf 84' lang='lat' dir='ltr'>discipulus</span> 
     </span>
     <span class='ocr_line' id='line_1_32' title="bbox 323 1332 1310 1384; baseline 0.007 -16"><span class='ocrx_word' id='word_1_168' title='bbox 323 1332 435 1369; x_wconf 67' lang='lat' dir='ltr'>,hidas</span> <span class='ocrx_word' id='word_1_169' title='bbox 462 1346 541 1369; x_wconf 90' lang='lat' dir='ltr'>cum</span> <span class='ocrx_word' id='word_1_170' title='bbox 564 1332 707 1371; x_wconf 85' lang='lat' dir='ltr'>diabolo</span> <span class='ocrx_word' id='word_1_171' title='bbox 732 1350 738 1369; x_wconf 94' lang='lat'><strong>:</strong></span> <span class='ocrx_word' id='word_1_172' title='bbox 762 1335 827 1371; x_wconf 82' lang='lat' dir='ltr'>lux</span> <span class='ocrx_word' id='word_1_173' title='bbox 852 1335 886 1372; x_wconf 90' lang='lat' dir='ltr'>in</span> <span class='ocrx_word' id='word_1_174' title='bbox 909 1335 1079 1384; x_wconf 75' lang='lat' dir='ltr'>tenebras,</span> <span class='ocrx_word' id='word_1_175' title='bbox 1101 1346 1134 1374; x_wconf 88' lang='lat' dir='ltr'>ct</span> <span class='ocrx_word' id='word_1_176' title='bbox 1161 1337 1310 1375; x_wconf 77' lang='lat' dir='ltr'>tenebrae</span> 
     </span>
     <span class='ocr_line' id='line_1_33' title="bbox 323 1384 1310 1442; baseline 0.007 -22"><span class='ocrx_word' id='word_1_177' title='bbox 323 1384 359 1421; x_wconf 89' lang='lat' dir='ltr'>in</span> <span class='ocrx_word' id='word_1_178' title='bbox 391 1385 505 1422; x_wconf 80' lang='lat' dir='ltr'>lucem</span> <span class='ocrx_word' id='word_1_179' title='bbox 536 1394 678 1422; x_wconf 63' lang='lat' dir='ltr'>mutatae</span> <span class='ocrx_word' id='word_1_180' title='bbox 713 1396 794 1424; x_wconf 86' lang='lat' dir='ltr'>sunt</span> <span class='ocrx_word' id='word_1_181' title='bbox 824 1403 832 1425; x_wconf 91' lang='lat'>:</span> <span class='ocrx_word' id='word_1_182' title='bbox 864 1401 977 1439; x_wconf 82' lang='lat' dir='ltr'>agnus</span> <span class='ocrx_word' id='word_1_183' title='bbox 1004 1389 1125 1440; x_wconf 83' lang='lat' dir='ltr'>lupus,</span> <span class='ocrx_word' id='word_1_184' title='bbox 1153 1399 1185 1427; x_wconf 86' lang='lat' dir='ltr'>et</span> <span class='ocrx_word' id='word_1_185' title='bbox 1205 1390 1310 1442; x_wconf 88' lang='lat' dir='ltr'>lupus</span> 
     </span>
     <span class='ocr_line' id='line_1_34' title="bbox 323 1438 1309 1486; baseline 0.007 -13"><span class='ocrx_word' id='word_1_186' title='bbox 323 1451 435 1486; x_wconf 77' lang='lat' dir='ltr'>agnus</span> <span class='ocrx_word' id='word_1_187' title='bbox 454 1438 568 1475; x_wconf 83' lang='lat' dir='ltr'>factus</span> <span class='ocrx_word' id='word_1_188' title='bbox 584 1447 647 1475; x_wconf 83' lang='lat' dir='ltr'>cst.</span> <span class='ocrx_word' id='word_1_189' title='bbox 671 1439 778 1477; x_wconf 84' lang='lat' dir='ltr'>Latro</span> <span class='ocrx_word' id='word_1_190' title='bbox 797 1454 923 1478; x_wconf 86' lang='lat' dir='ltr'>manus</span> <span class='ocrx_word' id='word_1_191' title='bbox 942 1440 1076 1478; x_wconf 84' lang='lat' dir='ltr'>hahens</span> <span class='ocrx_word' id='word_1_192' title='bbox 1090 1442 1201 1480; x_wconf 86' lang='lat' dir='ltr'>clavis</span> <span class='ocrx_word' id='word_1_193' title='bbox 1222 1457 1309 1480; x_wconf 88' lang='lat' dir='ltr'>con-</span> 
     </span>
     <span class='ocr_line' id='line_1_35' title="bbox 322 1486 1311 1539; baseline 0.007 -13"><span class='ocrx_word' id='word_1_194' title='bbox 322 1486 425 1539; x_wconf 71' lang='lat' dir='ltr'>fixas,</span> <span class='ocrx_word' id='word_1_195' title='bbox 444 1490 543 1527; x_wconf 78' lang='lat' dir='ltr'>fideli</span> <span class='ocrx_word' id='word_1_196' title='bbox 558 1505 642 1529; x_wconf 85' lang='lat' dir='ltr'>voce</span> <span class='ocrx_word' id='word_1_197' title='bbox 658 1492 853 1529; x_wconf 81' lang='lat' dir='ltr'>Dominum</span> <span class='ocrx_word' id='word_1_198' title='bbox 874 1493 1047 1531; x_wconf 73' lang='lat' dir='ltr'>salutabat</span> <span class='ocrx_word' id='word_1_199' title='bbox 1062 1494 1203 1533; x_wconf 77' lang='lat' dir='ltr'>dicens:</span> <span class='ocrx_word' id='word_1_200' title='bbox 1223 1497 1311 1533; x_wconf 84' lang='lat' dir='ltr'>Me-</span> 
     </span>
     <span class='ocr_line' id='line_1_36' title="bbox 321 1545 1310 1600; baseline 0.007 -22"><span class='ocrx_word' id='word_1_201' title='bbox 321 1552 448 1580; x_wconf 80' lang='lat' dir='ltr'>mento</span> <span class='ocrx_word' id='word_1_202' title='bbox 469 1546 555 1589; x_wconf 82' lang='lat' dir='ltr'>mei,</span> <span class='ocrx_word' id='word_1_203' title='bbox 578 1545 766 1590; x_wconf 82' lang='lat' dir='ltr'>Domine,</span> <span class='ocrx_word' id='word_1_204' title='bbox 790 1559 876 1582; x_wconf 85' lang='lat' dir='ltr'>cum</span> <span class='ocrx_word' id='word_1_205' title='bbox 905 1550 1059 1584; x_wconf 65' lang='lat' dir='ltr'>‘veneri&#39;s</span> <span class='ocrx_word' id='word_1_206' title='bbox 1085 1550 1125 1584; x_wconf 88' lang='lat' dir='ltr'>in</span> <span class='ocrx_word' id='word_1_207' title='bbox 1150 1562 1310 1600; x_wconf 80' lang='lat' dir='ltr'>regnum</span> 
     </span>
     <span class='ocr_line' id='line_1_37' title="bbox 321 1596 1309 1649; baseline 0.007 -18"><span class='ocrx_word' id='word_1_208' title='bbox 321 1603 447 1637; x_wconf 82' lang='lat' dir='ltr'>tuum;</span> <span class='ocrx_word' id='word_1_209' title='bbox 464 1605 496 1633; x_wconf 88' lang='lat' dir='ltr'>et</span> <span class='ocrx_word' id='word_1_210' title='bbox 510 1596 710 1648; x_wconf 78' lang='lat' dir='ltr'>discipulus</span> <span class='ocrx_word' id='word_1_211' title='bbox 725 1597 830 1634; x_wconf 75' lang='lat' dir='ltr'>labiis</span> <span class='ocrx_word' id='word_1_212' title='bbox 843 1599 1004 1635; x_wconf 85' lang='lat' dir='ltr'>osculum</span> <span class='ocrx_word' id='word_1_213' title='bbox 1021 1600 1183 1649; x_wconf 82' lang='lat' dir='ltr'>offerens,</span> <span class='ocrx_word' id='word_1_214' title='bbox 1203 1601 1309 1638; x_wconf 87' lang='lat' dir='ltr'>corde</span> 
     </span>
     <span class='ocr_line' id='line_1_38' title="bbox 322 1648 1308 1700; baseline 0.008 -17"><span class='ocrx_word' id='word_1_215' title='bbox 322 1648 482 1695; x_wconf 70' lang='lat' dir='ltr'>gladium</span> <span class='ocrx_word' id='word_1_216' title='bbox 504 1651 666 1700; x_wconf 73' lang='lat' dir='ltr'>paravit:</span> <span class='ocrx_word' id='word_1_217' title='bbox 688 1650 792 1687; x_wconf 76' lang='lat' dir='ltr'>labiis</span> <span class='ocrx_word' id='word_1_218' title='bbox 808 1651 886 1687; x_wconf 75' lang='lat' dir='ltr'>laeta</span> <span class='ocrx_word' id='word_1_219' title='bbox 906 1651 1059 1699; x_wconf 72' lang='lat' dir='ltr'>dicebat,</span> <span class='ocrx_word' id='word_1_220' title='bbox 1071 1662 1104 1689; x_wconf 92' lang='lat' dir='ltr'>et</span> <span class='ocrx_word' id='word_1_221' title='bbox 1120 1654 1224 1691; x_wconf 82' lang='lat' dir='ltr'>corde</span> <span class='ocrx_word' id='word_1_222' title='bbox 1244 1653 1308 1691; x_wconf 87' lang='lat' dir='ltr'>do-</span> 
     </span>
     <span class='ocr_line' id='line_1_39' title="bbox 319 1700 1307 1751; baseline 0.007 -15"><span class='ocrx_word' id='word_1_223' title='bbox 319 1700 396 1737; x_wconf 88' lang='lat' dir='ltr'>lum</span> <span class='ocrx_word' id='word_1_224' title='bbox 416 1702 611 1750; x_wconf 80' lang='lat' dir='ltr'>eructabat,</span> <span class='ocrx_word' id='word_1_225' title='bbox 624 1702 744 1739; x_wconf 81' lang='lat' dir='ltr'>dicens</span> <span class='ocrx_word' id='word_1_226' title='bbox 762 1703 883 1751; x_wconf 70' lang='grc' dir='ltr'>εΑνθ,</span> <span class='ocrx_word' id='word_1_227' title='bbox 903 1706 1047 1747; x_wconf 79' lang='lat' dir='ltr'>Rabbi;</span> <span class='ocrx_word' id='word_1_228' title='bbox 1064 1704 1192 1743; x_wconf 80' lang='lat' dir='ltr'>deinde</span> <span class='ocrx_word' id='word_1_229' title='bbox 1207 1720 1307 1743; x_wconf 83' lang='lat' dir='ltr'>oscu-</span> 
     </span>
     <span class='ocr_line' id='line_1_40' title="bbox 320 1753 1306 1806; baseline 0.007 -17"><span class='ocrx_word' id='word_1_230' title='bbox 320 1753 414 1790; x_wconf 80' lang='lat' dir='ltr'>latur</span> <span class='ocrx_word' id='word_1_231' title='bbox 436 1768 529 1799; x_wconf 85' lang='lat' dir='ltr'>eum,</span> <span class='ocrx_word' id='word_1_232' title='bbox 550 1763 584 1791; x_wconf 78' lang='lat' dir='ltr'>rt</span> <span class='ocrx_word' id='word_1_233' title='bbox 608 1768 797 1791; x_wconf 73' lang='lat' dir='ltr'>conversus</span> <span class='ocrx_word' id='word_1_234' title='bbox 828 1755 916 1792; x_wconf 84' lang='lat' dir='ltr'>dicit</span> <span class='ocrx_word' id='word_1_235' title='bbox 938 1755 1073 1794; x_wconf 77' lang='lat' dir='ltr'>Judaeis</span> <span class='ocrx_word' id='word_1_236' title='bbox 1101 1767 1209 1806; x_wconf 89' lang='lat' dir='ltr'>nutu,</span> <span class='ocrx_word' id='word_1_237' title='bbox 1237 1773 1306 1796; x_wconf 87' lang='lat' dir='ltr'>non</span> 
     </span>
     <span class='ocr_line' id='line_1_41' title="bbox 319 1807 1305 1860; baseline 0.005 -17"><span class='ocrx_word' id='word_1_238' title='bbox 319 1819 417 1852; x_wconf 71' lang='lat' dir='ltr'>voce,</span> <span class='ocrx_word' id='word_1_239' title='bbox 454 1807 622 1856; x_wconf 73' lang='lat' dir='ltr'>Ligatum</span> <span class='ocrx_word' id='word_1_240' title='bbox 655 1807 759 1844; x_wconf 78' lang='lat' dir='ltr'>illum</span> <span class='ocrx_word' id='word_1_241' title='bbox 789 1807 967 1845; x_wconf 80' lang='lat' dir='ltr'>abducite.</span> <span class='ocrx_word' id='word_1_242' title='bbox 991 1809 1022 1846; x_wconf 91' lang='lat' dir='ltr'>O</span> <span class='ocrx_word' id='word_1_243' title='bbox 1043 1809 1163 1860; x_wconf 86' lang='lat' dir='ltr'>inique</span> <span class='ocrx_word' id='word_1_244' title='bbox 1198 1811 1305 1859; x_wconf 75' lang='lat' dir='ltr'>Juda,</span> 
     </span>
     <span class='ocr_line' id='line_1_42' title="bbox 319 1858 1306 1910; baseline 0.006 -16"><span class='ocrx_word' id='word_1_245' title='bbox 319 1872 389 1907; x_wconf 88' lang='lat' dir='ltr'>quo</span> <span class='ocrx_word' id='word_1_246' title='bbox 409 1858 608 1910; x_wconf 81' lang='lat' dir='ltr'>ducijubcs</span> <span class='ocrx_word' id='word_1_247' title='bbox 628 1873 709 1896; x_wconf 88' lang='lat' dir='ltr'>eum</span> <span class='ocrx_word' id='word_1_248' title='bbox 723 1859 781 1909; x_wconf 89' lang='lat' dir='ltr'>qui</span> <span class='ocrx_word' id='word_1_249' title='bbox 802 1859 909 1906; x_wconf 81' lang='lat' dir='ltr'>dixit,</span> <span class='ocrx_word' id='word_1_250' title='bbox 927 1862 1073 1898; x_wconf 67' lang='lat' dir='ltr'>Caelum</span> <span class='ocrx_word' id='word_1_251' title='bbox 1091 1865 1187 1900; x_wconf 58' lang='lat' dir='ltr'>milli</span> <span class='ocrx_word' id='word_1_252' title='bbox 1203 1865 1306 1900; x_wconf 79' lang='lat' dir='ltr'>thro-</span> 
     </span>
     <span class='ocr_line' id='line_1_43' title="bbox 320 1913 1253 1964; baseline 0.006 -16"><span class='ocrx_word' id='word_1_253' title='bbox 320 1924 393 1948; x_wconf 86' lang='lat' dir='ltr'>nus</span> <span class='ocrx_word' id='word_1_254' title='bbox 412 1920 481 1957; x_wconf 84' lang='lat' dir='ltr'>est,</span> <span class='ocrx_word' id='word_1_255' title='bbox 506 1920 541 1948; x_wconf 84' lang='lat' dir='ltr'>et</span> <span class='ocrx_word' id='word_1_256' title='bbox 559 1920 661 1949; x_wconf 80' lang='lat' dir='ltr'>terra</span> <span class='ocrx_word' id='word_1_257' title='bbox 676 1913 887 1949; x_wconf 74' lang='lat' dir='ltr'>scabellum</span> <span class='ocrx_word' id='word_1_258' title='bbox 898 1914 1039 1964; x_wconf 82' lang='lat' dir='ltr'>pedum</span> <span class='ocrx_word' id='word_1_259' title='bbox 1053 1916 1253 1953; x_wconf 75' lang='lat' dir='ltr'>meorum?</span> 
     </span>
    </p>
   </div>
   <div class='ocr_carea' id='block_1_12' title="bbox 313 2015 1304 3488">
    <p class='ocr_par' dir='ltr' id='par_1_12' title="bbox 313 2015 1304 3488">
     <span class='ocr_line' id='line_1_44' title="bbox 369 2015 1301 2071; baseline 0.004 -17"><span class='ocrx_word' id='word_1_260' title='bbox 369 2018 408 2054; x_wconf 64' lang='lat'>9.</span> <span class='ocrx_word' id='word_1_261' title='bbox 443 2015 512 2052; x_wconf 86' lang='lat' dir='ltr'>Sed</span> <span class='ocrx_word' id='word_1_262' title='bbox 535 2015 639 2053; x_wconf 77' lang='lat' dir='ltr'>video</span> <span class='ocrx_word' id='word_1_263' title='bbox 665 2016 847 2054; x_wconf 85' lang='lat' dir='ltr'>caritatem</span> <span class='ocrx_word' id='word_1_264' title='bbox 872 2028 1027 2056; x_wconf 86' lang='lat' dir='ltr'>vestram</span> <span class='ocrx_word' id='word_1_265' title='bbox 1047 2019 1301 2071; x_wconf 78' lang='lat' dir='ltr'>ardentiorem,</span> 
     </span>
     <span class='ocr_line' id='line_1_45' title="bbox 315 2068 1303 2121; baseline 0.006 -16"><span class='ocrx_word' id='word_1_266' title='bbox 315 2077 347 2105; x_wconf 87' lang='lat' dir='ltr'>et</span> <span class='ocrx_word' id='word_1_267' title='bbox 362 2082 489 2119; x_wconf 81' lang='lat' dir='ltr'>corpus</span> <span class='ocrx_word' id='word_1_268' title='bbox 506 2068 539 2104; x_wconf 90' lang='lat' dir='ltr'>in</span> <span class='ocrx_word' id='word_1_269' title='bbox 567 2069 759 2119; x_wconf 81' lang='lat' dir='ltr'>angustiis:</span> <span class='ocrx_word' id='word_1_270' title='bbox 782 2070 1017 2121; x_wconf 61' lang='lat' dir='ltr'>‘volebamque</span> <span class='ocrx_word' id='word_1_271' title='bbox 1036 2072 1096 2109; x_wconf 81' lang='lat' dir='ltr'>hic</span> <span class='ocrx_word' id='word_1_272' title='bbox 1116 2072 1223 2110; x_wconf 88' lang='lat' dir='ltr'>finem</span> <span class='ocrx_word' id='word_1_273' title='bbox 1249 2074 1303 2111; x_wconf 86' lang='lat' dir='ltr'>di-</span> 
     </span>
     <span class='ocr_line' id='line_1_46' title="bbox 316 2120 1302 2176; baseline 0.007 -19"><span class='ocrx_word' id='word_1_274' title='bbox 316 2120 418 2158; x_wconf 87' lang='lat' dir='ltr'>cendi</span> <span class='ocrx_word' id='word_1_275' title='bbox 438 2121 573 2169; x_wconf 71' lang='lat' dir='ltr'>facere,</span> <span class='ocrx_word' id='word_1_276' title='bbox 592 2121 653 2158; x_wconf 86' lang='lat' dir='ltr'>sed</span> <span class='ocrx_word' id='word_1_277' title='bbox 668 2122 752 2171; x_wconf 87' lang='lat' dir='ltr'>quia</span> <span class='ocrx_word' id='word_1_278' title='bbox 770 2132 931 2161; x_wconf 73' lang='lat' dir='ltr'>vesu-um</span> <span class='ocrx_word' id='word_1_279' title='bbox 947 2124 1116 2162; x_wconf 83' lang='lat' dir='ltr'>audiendi</span> <span class='ocrx_word' id='word_1_280' title='bbox 1129 2126 1302 2176; x_wconf 88' lang='lat' dir='ltr'>studium,</span> 
     </span>
     <span class='ocr_line' id='line_1_47' title="bbox 315 2173 1303 2225; baseline 0.008 -16"><span class='ocrx_word' id='word_1_281' title='bbox 315 2183 354 2210; x_wconf 87' lang='lat' dir='ltr'>ut</span> <span class='ocrx_word' id='word_1_282' title='bbox 385 2173 549 2224; x_wconf 83' lang='lat' dir='ltr'>pluribus</span> <span class='ocrx_word' id='word_1_283' title='bbox 568 2188 771 2225; x_wconf 77' lang='lat' dir='ltr'>persequar,</span> <span class='ocrx_word' id='word_1_284' title='bbox 795 2189 851 2212; x_wconf 81' lang='lat' dir='ltr'>me</span> <span class='ocrx_word' id='word_1_285' title='bbox 870 2176 1046 2224; x_wconf 85' lang='lat' dir='ltr'>hortatur,</span> <span class='ocrx_word' id='word_1_286' title='bbox 1066 2178 1113 2215; x_wconf 86' lang='lat' dir='ltr'>ad</span> <span class='ocrx_word' id='word_1_287' title='bbox 1132 2180 1303 2218; x_wconf 89' lang='lat' dir='ltr'>sermonis</span> 
     </span>
     <span class='ocr_line' id='line_1_48' title="bbox 315 2226 1302 2279; baseline 0.008 -17"><span class='ocrx_word' id='word_1_288' title='bbox 315 2226 439 2263; x_wconf 86' lang='lat' dir='ltr'>seriem</span> <span class='ocrx_word' id='word_1_289' title='bbox 461 2236 691 2263; x_wconf 68' lang='lat' dir='ltr'>revertamur.</span> <span class='ocrx_word' id='word_1_290' title='bbox 713 2228 815 2274; x_wconf 71' lang='lat' dir='ltr'>Ave,</span> <span class='ocrx_word' id='word_1_291' title='bbox 836 2228 961 2279; x_wconf 84' lang='lat' dir='ltr'>inquit,</span> <span class='ocrx_word' id='word_1_292' title='bbox 982 2232 1123 2268; x_wconf 83' lang='lat' dir='ltr'>Rabbi.</span> <span class='ocrx_word' id='word_1_293' title='bbox 1138 2232 1302 2270; x_wconf 80' lang='lat' dir='ltr'>Clemens</span> 
     </span>
     <span class='ocr_line' id='line_1_49' title="bbox 313 2279 1304 2334; baseline 0.006 -18"><span class='ocrx_word' id='word_1_294' title='bbox 313 2293 398 2317; x_wconf 83' lang='lat' dir='ltr'>vero</span> <span class='ocrx_word' id='word_1_295' title='bbox 412 2279 601 2324; x_wconf 79' lang='lat' dir='ltr'>Dominus,</span> <span class='ocrx_word' id='word_1_296' title='bbox 619 2279 791 2331; x_wconf 83' lang='lat' dir='ltr'>patientia</span> <span class='ocrx_word' id='word_1_297' title='bbox 807 2281 1001 2331; x_wconf 83' lang='lat' dir='ltr'>nequitiam</span> <span class='ocrx_word' id='word_1_298' title='bbox 1018 2283 1211 2334; x_wconf 82' lang='lat' dir='ltr'>proditoris</span> <span class='ocrx_word' id='word_1_299' title='bbox 1228 2285 1304 2323; x_wconf 89' lang='lat' dir='ltr'>vin-</span> 
     </span>
     <span class='ocr_line' id='line_1_50' title="bbox 314 2331 1300 2386; baseline 0.007 -19"><span class='ocrx_word' id='word_1_300' title='bbox 314 2345 407 2379; x_wconf 86' lang='lat' dir='ltr'>cens,</span> <span class='ocrx_word' id='word_1_301' title='bbox 426 2341 518 2369; x_wconf 80' lang='lat' dir='ltr'>recte</span> <span class='ocrx_word' id='word_1_302' title='bbox 531 2331 626 2368; x_wconf 74' lang='lat' dir='ltr'>dixit</span> <span class='ocrx_word' id='word_1_303' title='bbox 643 2347 650 2368; x_wconf 87' lang='lat'>:</span> <span class='ocrx_word' id='word_1_304' title='bbox 672 2332 825 2379; x_wconf 80' lang='lat' dir='ltr'>Amice,</span> <span class='ocrx_word' id='word_1_305' title='bbox 850 2335 904 2370; x_wconf 80' lang='lat' dir='ltr'>ad</span> <span class='ocrx_word' id='word_1_306' title='bbox 922 2337 1017 2386; x_wconf 79' lang='lat' dir='ltr'>quid</span> <span class='ocrx_word' id='word_1_307' title='bbox 1028 2339 1199 2373; x_wconf 75' lang='lat' dir='ltr'>venisti?</span> <span class='ocrx_word' id='word_1_308' title='bbox 1212 2338 1300 2374; x_wconf 92' lang='lat' dir='ltr'>Am-</span> 
     </span>
     <span class='ocr_line' id='line_1_51' title="bbox 314 2384 1302 2439; baseline 0.008 -20"><span class='ocrx_word' id='word_1_309' title='bbox 314 2384 449 2435; x_wconf 79' lang='lat' dir='ltr'>plector</span> <span class='ocrx_word' id='word_1_310' title='bbox 480 2393 525 2432; x_wconf 89' lang='lat' dir='ltr'>te,</span> <span class='ocrx_word' id='word_1_311' title='bbox 548 2384 655 2432; x_wconf 79' lang='lat' dir='ltr'>Juda,</span> <span class='ocrx_word' id='word_1_312' title='bbox 680 2398 748 2422; x_wconf 88' lang='lat' dir='ltr'>non</span> <span class='ocrx_word' id='word_1_313' title='bbox 771 2394 809 2422; x_wconf 89' lang='lat' dir='ltr'>ut</span> <span class='ocrx_word' id='word_1_314' title='bbox 835 2386 1018 2424; x_wconf 80' lang='lat' dir='ltr'>caritatem</span> <span class='ocrx_word' id='word_1_315' title='bbox 1037 2388 1172 2437; x_wconf 82' lang='lat' dir='ltr'>indam,</span> <span class='ocrx_word' id='word_1_316' title='bbox 1195 2403 1302 2439; x_wconf 83' lang='lat' dir='ltr'>quam</span> 
     </span>
     <span class='ocr_line' id='line_1_52' title="bbox 314 2436 1302 2491; baseline 0.008 -19"><span class='ocrx_word' id='word_1_317' title='bbox 314 2436 499 2487; x_wconf 71' lang='lat' dir='ltr'>abjecisti,</span> <span class='ocrx_word' id='word_1_318' title='bbox 534 2436 594 2474; x_wconf 85' lang='lat' dir='ltr'>sed</span> <span class='ocrx_word' id='word_1_319' title='bbox 626 2446 665 2474; x_wconf 90' lang='lat' dir='ltr'>ut</span> <span class='ocrx_word' id='word_1_320' title='bbox 694 2451 859 2475; x_wconf 75' lang='lat' dir='ltr'>evaeuem</span> <span class='ocrx_word' id='word_1_321' title='bbox 893 2440 1063 2490; x_wconf 80' lang='lat' dir='ltr'>gratiam,</span> <span class='ocrx_word' id='word_1_322' title='bbox 1089 2455 1194 2491; x_wconf 86' lang='lat' dir='ltr'>quam</span> <span class='ocrx_word' id='word_1_323' title='bbox 1216 2442 1302 2481; x_wconf 79' lang='lat' dir='ltr'>dedi</span> 
     </span>
     <span class='ocr_line' id='line_1_53' title="bbox 314 2489 1302 2541; baseline 0.007 -16"><span class='ocrx_word' id='word_1_324' title='bbox 314 2489 379 2526; x_wconf 86' lang='lat' dir='ltr'>tihi</span> <span class='ocrx_word' id='word_1_325' title='bbox 395 2505 402 2524; x_wconf 90' lang='lat'><strong>:</strong></span> <span class='ocrx_word' id='word_1_326' title='bbox 419 2503 482 2527; x_wconf 71' lang='lat' dir='ltr'>vas</span> <span class='ocrx_word' id='word_1_327' title='bbox 503 2489 597 2527; x_wconf 87' lang='lat' dir='ltr'>enim</span> <span class='ocrx_word' id='word_1_328' title='bbox 615 2489 803 2539; x_wconf 72' lang='lat' dir='ltr'>indignum</span> <span class='ocrx_word' id='word_1_329' title='bbox 822 2502 1043 2541; x_wconf 73' lang='lat' dir='ltr'>unguentum</span> <span class='ocrx_word' id='word_1_330' title='bbox 1057 2494 1190 2531; x_wconf 56' lang='lat' dir='ltr'>caeleste</span> <span class='ocrx_word' id='word_1_331' title='bbox 1212 2495 1302 2533; x_wconf 88' lang='lat' dir='ltr'>serre</span> 
     </span>
     <span class='ocr_line' id='line_1_54' title="bbox 313 2541 1302 2597; baseline 0.008 -20"><span class='ocrx_word' id='word_1_332' title='bbox 313 2541 549 2591; x_wconf 66' lang='lat' dir='ltr'>ncqustQuid</span> <span class='ocrx_word' id='word_1_333' title='bbox 561 2557 666 2593; x_wconf 90' lang='lat' dir='ltr'>porro</span> <span class='ocrx_word' id='word_1_334' title='bbox 678 2543 796 2580; x_wconf 80' lang='lat' dir='ltr'>dicam</span> <span class='ocrx_word' id='word_1_335' title='bbox 815 2543 986 2583; x_wconf 76' lang='lat' dir='ltr'>deJuda?</span> <span class='ocrx_word' id='word_1_336' title='bbox 1006 2547 1129 2584; x_wconf 89' lang='lat' dir='ltr'>Petrus</span> <span class='ocrx_word' id='word_1_337' title='bbox 1149 2547 1208 2597; x_wconf 85' lang='lat' dir='ltr'>qui</span> <span class='ocrx_word' id='word_1_338' title='bbox 1230 2548 1302 2585; x_wconf 83' lang='lat' dir='ltr'>cla-</span> 
     </span>
     <span class='ocr_line' id='line_1_55' title="bbox 314 2595 1300 2649; baseline 0.01 -20"><span class='ocrx_word' id='word_1_339' title='bbox 314 2607 395 2630; x_wconf 66' lang='lat' dir='ltr'>vem</span> <span class='ocrx_word' id='word_1_340' title='bbox 417 2595 513 2643; x_wconf 72' lang='lat' dir='ltr'>regni</span> <span class='ocrx_word' id='word_1_341' title='bbox 535 2595 699 2632; x_wconf 58' lang='lat' dir='ltr'>czolorum</span> <span class='ocrx_word' id='word_1_342' title='bbox 720 2596 865 2647; x_wconf 78' lang='lat' dir='ltr'>accepit,</span> <span class='ocrx_word' id='word_1_343' title='bbox 883 2598 1014 2649; x_wconf 80' lang='lat' dir='ltr'>Regem</span> <span class='ocrx_word' id='word_1_344' title='bbox 1036 2599 1156 2649; x_wconf 59' lang='lat' dir='ltr'>gloriae</span> <span class='ocrx_word' id='word_1_345' title='bbox 1176 2600 1300 2639; x_wconf 83' lang='lat' dir='ltr'>videns</span> 
     </span>
     <span class='ocr_line' id='line_1_56' title="bbox 315 2647 1298 2701; baseline 0.009 -19"><span class='ocrx_word' id='word_1_346' title='bbox 315 2647 550 2696; x_wconf 70' lang='lat' dir='ltr'>crucifixum,</span> <span class='ocrx_word' id='word_1_347' title='bbox 582 2648 728 2699; x_wconf 76' lang='lat' dir='ltr'>abjectis</span> <span class='ocrx_word' id='word_1_348' title='bbox 757 2648 916 2686; x_wconf 76' lang='lat' dir='ltr'>clavibus</span> <span class='ocrx_word' id='word_1_349' title='bbox 941 2651 1080 2701; x_wconf 84' lang='lat' dir='ltr'>aufugit</span> <span class='ocrx_word' id='word_1_350' title='bbox 1107 2667 1113 2687; x_wconf 96' lang='lat'><strong>:</strong></span> <span class='ocrx_word' id='word_1_351' title='bbox 1148 2662 1180 2690; x_wconf 89' lang='lat' dir='ltr'>et</span> <span class='ocrx_word' id='word_1_352' title='bbox 1208 2653 1298 2691; x_wconf 76' lang='lat' dir='ltr'>latro</span> 
     </span>
     <span class='ocr_line' id='line_1_57' title="bbox 314 2699 1296 2756; baseline 0.008 -21"><span class='ocrx_word' id='word_1_353' title='bbox 314 2699 373 2748; x_wconf 85' lang='lat' dir='ltr'>qui</span> <span class='ocrx_word' id='word_1_354' title='bbox 396 2699 580 2737; x_wconf 81' lang='lat' dir='ltr'>hominum</span> <span class='ocrx_word' id='word_1_355' title='bbox 596 2701 686 2737; x_wconf 76' lang='lat' dir='ltr'>sores</span> <span class='ocrx_word' id='word_1_356' title='bbox 704 2701 897 2751; x_wconf 82' lang='lat' dir='ltr'>aperiebat,</span> <span class='ocrx_word' id='word_1_357' title='bbox 919 2704 991 2754; x_wconf 82' lang='lat' dir='ltr'>ipse</span> <span class='ocrx_word' id='word_1_358' title='bbox 1008 2704 1124 2741; x_wconf 80' lang='lat' dir='ltr'>claves</span> <span class='ocrx_word' id='word_1_359' title='bbox 1140 2706 1296 2756; x_wconf 78' lang='lat' dir='ltr'>paradisi</span> 
     </span>
     <span class='ocr_line' id='line_1_58' title="bbox 316 2751 1300 2806; baseline 0.009 -19"><span class='ocrx_word' id='word_1_360' title='bbox 316 2751 446 2802; x_wconf 85' lang='lat' dir='ltr'>rapuit.</span> <span class='ocrx_word' id='word_1_361' title='bbox 470 2754 592 2789; x_wconf 74' lang='lat' dir='ltr'>Petrus</span> <span class='ocrx_word' id='word_1_362' title='bbox 615 2753 675 2801; x_wconf 80' lang='lat' dir='ltr'>qui</span> <span class='ocrx_word' id='word_1_363' title='bbox 697 2754 802 2802; x_wconf 81' lang='lat' dir='ltr'>(lixit,</span> <span class='ocrx_word' id='word_1_364' title='bbox 825 2755 864 2791; x_wconf 68' lang='lat' dir='ltr'>Si</span> <span class='ocrx_word' id='word_1_365' title='bbox 884 2760 1091 2806; x_wconf 76' lang='lat' dir='ltr'>oportuerit.</span> <span class='ocrx_word' id='word_1_366' title='bbox 1113 2772 1172 2795; x_wconf 84' lang='lat' dir='ltr'>me</span> <span class='ocrx_word' id='word_1_367' title='bbox 1201 2762 1300 2796; x_wconf 80' lang='lat' dir='ltr'>mori</span> 
     </span>
     <span class='ocr_line' id='line_1_59' title="bbox 318 2808 1297 2861; baseline 0.009 -22"><span class='ocrx_word' id='word_1_368' title='bbox 318 2812 454 2847; x_wconf 80' lang='lat' dir='ltr'>tecum,</span> <span class='ocrx_word' id='word_1_369' title='bbox 474 2818 551 2840; x_wconf 78' lang='lat' dir='ltr'>non</span> <span class='ocrx_word' id='word_1_370' title='bbox 571 2814 606 2841; x_wconf 83' lang='lat' dir='ltr'>te</span> <span class='ocrx_word' id='word_1_371' title='bbox 624 2808 783 2856; x_wconf 73' lang='lat' dir='ltr'>negabo,</span> <span class='ocrx_word' id='word_1_372' title='bbox 816 2815 870 2843; x_wconf 77' lang='lat' dir='ltr'>ter</span> <span class='ocrx_word' id='word_1_373' title='bbox 890 2809 1051 2858; x_wconf 71' lang='lat' dir='ltr'>negavit3</span> <span class='ocrx_word' id='word_1_374' title='bbox 1071 2819 1103 2846; x_wconf 87' lang='lat' dir='ltr'>ct</span> <span class='ocrx_word' id='word_1_375' title='bbox 1124 2810 1213 2847; x_wconf 89' lang='lat' dir='ltr'>latro</span> <span class='ocrx_word' id='word_1_376' title='bbox 1235 2812 1297 2861; x_wconf 90' lang='lat' dir='ltr'>qui</span> 
     </span>
     <span class='ocr_line' id='line_1_60' title="bbox 317 2857 1299 2912; baseline 0.009 -20"><span class='ocrx_word' id='word_1_377' title='bbox 317 2870 384 2892; x_wconf 89' lang='lat' dir='ltr'>non</span> <span class='ocrx_word' id='word_1_378' title='bbox 398 2870 482 2893; x_wconf 80' lang='lat' dir='ltr'>voce</span> <span class='ocrx_word' id='word_1_379' title='bbox 497 2857 714 2906; x_wconf 75' lang='lat' dir='ltr'>promiserat,</span> <span class='ocrx_word' id='word_1_380' title='bbox 728 2858 786 2895; x_wconf 77' lang='lat' dir='ltr'>sed</span> <span class='ocrx_word' id='word_1_381' title='bbox 802 2872 837 2895; x_wconf 92' lang='lat' dir='ltr'>re</span> <span class='ocrx_word' id='word_1_382' title='bbox 854 2873 934 2896; x_wconf 88' lang='lat' dir='ltr'>cum</span> <span class='ocrx_word' id='word_1_383' title='bbox 951 2861 1024 2912; x_wconf 84' lang='lat' dir='ltr'>ipsa</span> <span class='ocrx_word' id='word_1_384' title='bbox 1044 2863 1299 2901; x_wconf 77' lang='lat' dir='ltr'>resurrectione</span> 
     </span>
     <span class='ocr_line' id='line_1_61' title="bbox 316 2908 1293 2962; baseline 0.008 -17"><span class='ocrx_word' id='word_1_385' title='bbox 316 2908 551 2952; x_wconf 80' lang='lat' dir='ltr'>moriebatur,</span> <span class='ocrx_word' id='word_1_386' title='bbox 577 2909 717 2946; x_wconf 75' lang='lat' dir='ltr'>(licebat</span> <span class='ocrx_word' id='word_1_387' title='bbox 738 2926 745 2945; x_wconf 75' lang='grc' dir='ltr'>ι</span> <span class='ocrx_word' id='word_1_388' title='bbox 770 2913 955 2958; x_wconf 77' lang='lat' dir='ltr'>Domine,</span> <span class='ocrx_word' id='word_1_389' title='bbox 988 2924 1176 2951; x_wconf 81' lang='lat' dir='ltr'>memento</span> <span class='ocrx_word' id='word_1_390' title='bbox 1206 2920 1293 2962; x_wconf 81' lang='lat' dir='ltr'>mei,</span> 
     </span>
     <span class='ocr_line' id='line_1_62' title="bbox 315 2963 1297 3020; baseline 0.008 -23"><span class='ocrx_word' id='word_1_391' title='bbox 315 2975 402 2998; x_wconf 82' lang='lat' dir='ltr'>cum</span> <span class='ocrx_word' id='word_1_392' title='bbox 420 2963 571 2998; x_wconf 71' lang='lat' dir='ltr'>veneris</span> <span class='ocrx_word' id='word_1_393' title='bbox 592 2964 632 2997; x_wconf 80' lang='grc' dir='ltr'>ιἰι</span> <span class='ocrx_word' id='word_1_394' title='bbox 655 2976 812 3011; x_wconf 71' lang='lat' dir='ltr'>regnum</span> <span class='ocrx_word' id='word_1_395' title='bbox 836 2972 955 3002; x_wconf 76' lang='lat' dir='ltr'>tmtm.</span> <span class='ocrx_word' id='word_1_396' title='bbox 980 2967 1088 3003; x_wconf 89' lang='lat' dir='ltr'>Latro</span> <span class='ocrx_word' id='word_1_397' title='bbox 1118 2968 1297 3020; x_wconf 81' lang='lat' dir='ltr'>principa-</span> 
     </span>
     <span class='ocr_line' id='line_1_63' title="bbox 316 3017 1296 3072; baseline 0.009 -23"><span class='ocrx_word' id='word_1_398' title='bbox 316 3023 371 3050; x_wconf 81' lang='lat' dir='ltr'>tus</span> <span class='ocrx_word' id='word_1_399' title='bbox 402 3022 435 3049; x_wconf 88' lang='lat' dir='ltr'>et</span> <span class='ocrx_word' id='word_1_400' title='bbox 459 3022 645 3064; x_wconf 71' lang='lat' dir='ltr'>potestates</span> <span class='ocrx_word' id='word_1_401' title='bbox 672 3028 737 3051; x_wconf 88' lang='lat' dir='ltr'>nou</span> <span class='ocrx_word' id='word_1_402' title='bbox 771 3017 919 3063; x_wconf 79' lang='lat' dir='ltr'>metuit;</span> <span class='ocrx_word' id='word_1_403' title='bbox 950 3027 982 3054; x_wconf 91' lang='lat' dir='ltr'>et</span> <span class='ocrx_word' id='word_1_404' title='bbox 1015 3021 1138 3057; x_wconf 81' lang='lat' dir='ltr'>Petrus</span> <span class='ocrx_word' id='word_1_405' title='bbox 1169 3021 1296 3072; x_wconf 63' lang='lat' dir='ltr'>puellae</span> 
     </span>
     <span class='ocr_line' id='line_1_64' title="bbox 315 3065 1296 3118; baseline 0.009 -16"><span class='ocrx_word' id='word_1_406' title='bbox 315 3065 429 3102; x_wconf 77' lang='lat' dir='ltr'>minas</span> <span class='ocrx_word' id='word_1_407' title='bbox 450 3080 517 3102; x_wconf 84' lang='lat' dir='ltr'>uon</span> <span class='ocrx_word' id='word_1_408' title='bbox 539 3066 630 3102; x_wconf 85' lang='lat' dir='ltr'>tulit.</span> <span class='ocrx_word' id='word_1_409' title='bbox 652 3067 955 3118; x_wconf 69' lang='lat' dir='ltr'>Latiorlamabat,</span> <span class='ocrx_word' id='word_1_410' title='bbox 975 3072 1166 3116; x_wconf 79' lang='lat' dir='ltr'>Domine,·</span> <span class='ocrx_word' id='word_1_411' title='bbox 1185 3083 1217 3110; x_wconf 85' lang='lat' dir='ltr'>ct</span> <span class='ocrx_word' id='word_1_412' title='bbox 1233 3074 1296 3110; x_wconf 85' lang='lat' dir='ltr'>Pc-</span> 
     </span>
     <span class='ocr_line' id='line_1_65' title="bbox 315 3119 1297 3175; baseline 0.009 -21"><span class='ocrx_word' id='word_1_413' title='bbox 315 3128 401 3164; x_wconf 84' lang='lat' dir='ltr'>trus,</span> <span class='ocrx_word' id='word_1_414' title='bbox 422 3120 607 3155; x_wconf 64' lang='lat' dir='ltr'>lvonnowi</span> <span class='ocrx_word' id='word_1_415' title='bbox 627 3119 728 3154; x_wconf 74' lang='lat' dir='ltr'>leuno</span> <span class='ocrx_word' id='word_1_416' title='bbox 749 3121 954 3167; x_wconf 70' lang='lat' dir='ltr'>hominem,</span> <span class='ocrx_word' id='word_1_417' title='bbox 975 3138 1079 3172; x_wconf 80' lang='lat' dir='ltr'>quem</span> <span class='ocrx_word' id='word_1_418' title='bbox 1100 3125 1204 3175; x_wconf 87' lang='lat' dir='ltr'>paulo</span> <span class='ocrx_word' id='word_1_419' title='bbox 1219 3135 1297 3164; x_wconf 85' lang='lat' dir='ltr'>ante</span> 
     </span>
     <span class='ocr_line' id='line_1_66' title="bbox 316 3170 1296 3226; baseline 0.008 -19"><span class='ocrx_word' id='word_1_420' title='bbox 316 3171 449 3207; x_wconf 83' lang='lat' dir='ltr'>Filium</span> <span class='ocrx_word' id='word_1_421' title='bbox 470 3170 535 3207; x_wconf 63' lang='lat' dir='ltr'>Dei</span> <span class='ocrx_word' id='word_1_422' title='bbox 565 3170 727 3207; x_wconf 74' lang='lat' dir='ltr'>vocabat.</span> <span class='ocrx_word' id='word_1_423' title='bbox 756 3173 878 3207; x_wconf 77' lang='lat' dir='ltr'>Petrus</span> <span class='ocrx_word' id='word_1_424' title='bbox 898 3174 957 3222; x_wconf 80' lang='lat' dir='ltr'>qui</span> <span class='ocrx_word' id='word_1_425' title='bbox 980 3189 1084 3226; x_wconf 74' lang='lat' dir='ltr'>supra</span> <span class='ocrx_word' id='word_1_426' title='bbox 1108 3191 1203 3214; x_wconf 86' lang='lat' dir='ltr'>marc</span> <span class='ocrx_word' id='word_1_427' title='bbox 1222 3191 1296 3215; x_wconf 86' lang='lat' dir='ltr'>am-</span> 
     </span>
     <span class='ocr_line' id='line_1_67' title="bbox 315 3222 1296 3274; baseline 0.008 -15"><span class='ocrx_word' id='word_1_428' title='bbox 315 3223 468 3274; x_wconf 83' lang='lat' dir='ltr'>bulavit,</span> <span class='ocrx_word' id='word_1_429' title='bbox 492 3223 643 3272; x_wconf 74' lang='lat' dir='ltr'>cumqui</span> <span class='ocrx_word' id='word_1_430' title='bbox 664 3222 816 3274; x_wconf 74' lang='lat' dir='ltr'>pedibus</span> <span class='ocrx_word' id='word_1_431' title='bbox 838 3223 1021 3263; x_wconf 78' lang='lat' dir='ltr'>humidam</span> <span class='ocrx_word' id='word_1_432' title='bbox 1043 3237 1203 3266; x_wconf 88' lang='lat' dir='ltr'>naturam</span> <span class='ocrx_word' id='word_1_433' title='bbox 1226 3231 1296 3267; x_wconf 80' lang='lat' dir='ltr'>eal-</span> 
     </span>
     <span class='ocr_line' id='line_1_68' title="bbox 317 3275 1295 3329; baseline 0.007 -17"><span class='ocrx_word' id='word_1_434' title='bbox 317 3276 433 3321; x_wconf 86' lang='lat' dir='ltr'>cabat,</span> <span class='ocrx_word' id='word_1_435' title='bbox 465 3275 630 3324; x_wconf 70' lang='lat' dir='ltr'>iicgavit3</span> <span class='ocrx_word' id='word_1_436' title='bbox 653 3283 686 3311; x_wconf 87' lang='lat' dir='ltr'>ct</span> <span class='ocrx_word' id='word_1_437' title='bbox 718 3275 804 3312; x_wconf 78' lang='lat' dir='ltr'>latro</span> <span class='ocrx_word' id='word_1_438' title='bbox 827 3276 887 3325; x_wconf 75' lang='lat' dir='ltr'>qui</span> <span class='ocrx_word' id='word_1_439' title='bbox 919 3292 1024 3329; x_wconf 82' lang='lat' dir='ltr'>supra</span> <span class='ocrx_word' id='word_1_440' title='bbox 1055 3279 1156 3317; x_wconf 76' lang='lat' dir='ltr'>‹lorsa</span> <span class='ocrx_word' id='word_1_441' title='bbox 1189 3283 1295 3319; x_wconf 83' lang='lat' dir='ltr'>maris</span> 
     </span>
     <span class='ocr_line' id='line_1_69' title="bbox 318 3327 1294 3376; baseline 0.007 -12"><span class='ocrx_word' id='word_1_442' title='bbox 318 3342 385 3364; x_wconf 85' lang='lat' dir='ltr'>non</span> <span class='ocrx_word' id='word_1_443' title='bbox 409 3328 667 3376; x_wconf 82' lang='lat' dir='ltr'>ambulaverat,</span> <span class='ocrx_word' id='word_1_444' title='bbox 687 3327 747 3364; x_wconf 66' lang='lat' dir='ltr'>sod</span> <span class='ocrx_word' id='word_1_445' title='bbox 767 3328 922 3366; x_wconf 88' lang='lat' dir='ltr'>divitum</span> <span class='ocrx_word' id='word_1_446' title='bbox 944 3330 1033 3367; x_wconf 79' lang='lat' dir='ltr'>sores</span> <span class='ocrx_word' id='word_1_447' title='bbox 1053 3332 1200 3376; x_wconf 83' lang='lat' dir='ltr'>adierat,</span> <span class='ocrx_word' id='word_1_448' title='bbox 1223 3335 1294 3370; x_wconf 80' lang='lat' dir='ltr'>cla—</span> 
     </span>
     <span class='ocr_line' id='line_1_70' title="bbox 319 3380 1293 3431; baseline 0.005 -14"><span class='ocrx_word' id='word_1_449' title='bbox 319 3382 450 3425; x_wconf 80' lang='lat' dir='ltr'>mabat,</span> <span class='ocrx_word' id='word_1_450' title='bbox 472 3382 647 3417; x_wconf 70' lang='lat' dir='ltr'>Domine.</span> <span class='ocrx_word' id='word_1_451' title='bbox 669 3380 750 3417; x_wconf 83' lang='lat' dir='ltr'>Filii</span> <span class='ocrx_word' id='word_1_452' title='bbox 771 3381 928 3418; x_wconf 48' lang='lat' dir='ltr'>Zebedaei</span> <span class='ocrx_word' id='word_1_453' title='bbox 957 3380 1134 3431; x_wconf 85' lang='lat' dir='ltr'>dicebant,</span> <span class='ocrx_word' id='word_1_454' title='bbox 1153 3387 1293 3422; x_wconf 83' lang='lat' dir='ltr'>Possu-</span> 
     </span>
     <span class='ocr_line' id='line_1_71' title="bbox 320 3434 1292 3488; baseline 0.006 -19"><span class='ocrx_word' id='word_1_455' title='bbox 320 3447 403 3471; x_wconf 85' lang='lat' dir='ltr'>mus</span> <span class='ocrx_word' id='word_1_456' title='bbox 424 3435 547 3470; x_wconf 80' lang='lat' dir='ltr'>bibere</span> <span class='ocrx_word' id='word_1_457' title='bbox 563 3434 736 3479; x_wconf 78' lang='lat' dir='ltr'>calicem,</span> <span class='ocrx_word' id='word_1_458' title='bbox 755 3447 862 3485; x_wconf 81' lang='lat' dir='ltr'>quem</span> <span class='ocrx_word' id='word_1_459' title='bbox 880 3436 1063 3473; x_wconf 75' lang='lat' dir='ltr'>bibiturus</span> <span class='ocrx_word' id='word_1_460' title='bbox 1079 3450 1133 3477; x_wconf 80' lang='lat' dir='ltr'>es‚·</span> <span class='ocrx_word' id='word_1_461' title='bbox 1146 3436 1206 3474; x_wconf 76' lang='lat' dir='ltr'>hic</span> <span class='ocrx_word' id='word_1_462' title='bbox 1218 3437 1292 3488; x_wconf 83' lang='lat' dir='ltr'>jam</span> 
     </span>
    </p>
   </div>
   <div class='ocr_carea' id='block_1_13' title="bbox 1283 253 1457 284">
    <p class='ocr_par' dir='ltr' id='par_1_13' title="bbox 1283 253 1457 284">
     <span class='ocr_line' id='line_1_72' title="bbox 1283 253 1457 284; baseline 0.006 -1"><span class='ocrx_word' id='word_1_463' title='bbox 1283 253 1457 284; x_wconf 75' lang='lat' dir='ltr'><strong>SPURIA.</strong></span> 
     </span>
    </p>
   </div>
   <div class='ocr_carea' id='block_1_14' title="bbox 1366 338 2407 3491">
    <p class='ocr_par' dir='ltr' id='par_1_14' title="bbox 1366 338 2407 3491">
     <span class='ocr_line' id='line_1_73' title="bbox 1392 338 2406 399; baseline 0.005 -19"><span class='ocrx_word' id='word_1_464' title='bbox 1392 343 1429 381; x_wconf 79' lang='grc' dir='ltr'>σὲ</span> <span class='ocrx_word' id='word_1_465' title='bbox 1457 343 1608 381; x_wconf 78' lang='grc' dir='ltr'>ἀνελθεῖν</span> <span class='ocrx_word' id='word_1_466' title='bbox 1632 345 1669 381; x_wconf 77' lang='grc' dir='ltr'>οὐ</span> <span class='ocrx_word' id='word_1_467' title='bbox 1687 343 1872 394; x_wconf 80' lang='grc' dir='ltr'>δυνάμεθα.</span> <span class='ocrx_word' id='word_1_468' title='bbox 1904 338 2005 383; x_wconf 72' lang='grc' dir='ltr'>Εἷδεν</span> <span class='ocrx_word' id='word_1_469' title='bbox 2031 338 2101 394; x_wconf 66' lang='grc' dir='ltr'>οῦν,</span> <span class='ocrx_word' id='word_1_470' title='bbox 2132 346 2190 384; x_wconf 82' lang='grc' dir='ltr'>καὶ</span> <span class='ocrx_word' id='word_1_471' title='bbox 2209 348 2246 385; x_wconf 81' lang='grc' dir='ltr'>οὐ</span> <span class='ocrx_word' id='word_1_472' title='bbox 2265 349 2406 399; x_wconf 81' lang='grc' dir='ltr'>παρεῖδε</span> 
     </span>
     <span class='ocr_line' id='line_1_74' title="bbox 1387 394 2406 449; baseline 0.006 -17"><span class='ocrx_word' id='word_1_473' title='bbox 1387 394 1449 441; x_wconf 82' lang='grc' dir='ltr'>τὴν</span> <span class='ocrx_word' id='word_1_474' title='bbox 1476 395 1606 442; x_wconf 74' lang='grc' dir='ltr'>δέησιν,</span> <span class='ocrx_word' id='word_1_475' title='bbox 1630 396 1705 434; x_wconf 86' lang='grc' dir='ltr'>ἀλλ’</span> <span class='ocrx_word' id='word_1_476' title='bbox 1725 395 1853 434; x_wconf 82' lang='grc' dir='ltr'>ἔκλινεν</span> <span class='ocrx_word' id='word_1_477' title='bbox 1874 398 2056 449; x_wconf 77' lang='grc' dir='ltr'>οὐρανοὺς,</span> <span class='ocrx_word' id='word_1_478' title='bbox 2081 398 2140 436; x_wconf 83' lang='grc' dir='ltr'>καὶ</span> <span class='ocrx_word' id='word_1_479' title='bbox 2160 400 2327 445; x_wconf 73' lang='grc' dir='ltr'>κατῆλθεν</span> <span class='ocrx_word' id='word_1_480' title='bbox 2348 400 2406 438; x_wconf 83' lang='grc' dir='ltr'>ἐπὶ</span> 
     </span>
     <span class='ocr_line' id='line_1_75' title="bbox 1387 447 2407 505; baseline 0.006 -22"><span class='ocrx_word' id='word_1_481' title='bbox 1387 451 1467 497; x_wconf 72' lang='grc' dir='ltr'>γῆς,</span> <span class='ocrx_word' id='word_1_482' title='bbox 1484 447 1530 497; x_wconf 81' lang='grc' dir='ltr'>μὴ</span> <span class='ocrx_word' id='word_1_483' title='bbox 1549 448 1702 491; x_wconf 81' lang='grc' dir='ltr'>κενώσας</span> <span class='ocrx_word' id='word_1_484' title='bbox 1719 448 1797 491; x_wconf 79' lang='grc' dir='ltr'>τοὺς</span> <span class='ocrx_word' id='word_1_485' title='bbox 1816 449 1988 502; x_wconf 76' lang='grc' dir='ltr'>οὐρανούς.</span> <span class='ocrx_word' id='word_1_486' title='bbox 2009 451 2209 503; x_wconf 78' lang='grc' dir='ltr'>Συνελήφθη</span> <span class='ocrx_word' id='word_1_487' title='bbox 2232 454 2266 489; x_wconf 85' lang='grc' dir='ltr'>ἐν</span> <span class='ocrx_word' id='word_1_488' title='bbox 2290 452 2407 505; x_wconf 70' lang='grc' dir='ltr'>μήτρᾳ</span> 
     </span>
     <span class='ocr_line' id='line_1_76' title="bbox 1386 501 2406 557; baseline 0.005 -20"><span class='ocrx_word' id='word_1_489' title='bbox 1386 503 1577 550; x_wconf 76' lang='grc' dir='ltr'>παρθενικῇ</span> <span class='ocrx_word' id='word_1_490' title='bbox 1606 501 1808 553; x_wconf 77' lang='grc' dir='ltr'>πλατυτέρα</span> <span class='ocrx_word' id='word_1_491' title='bbox 1826 502 1941 548; x_wconf 82' lang='grc' dir='ltr'>πάσης</span> <span class='ocrx_word' id='word_1_492' title='bbox 1972 503 2127 546; x_wconf 84' lang='grc' dir='ltr'>κτίσεως.</span> <span class='ocrx_word' id='word_1_493' title='bbox 2150 503 2217 542; x_wconf 54' lang='grc' dir='ltr'>ζῸν</span> <span class='ocrx_word' id='word_1_494' title='bbox 2245 504 2313 557; x_wconf 80' lang='grc' dir='ltr'>γὰρ</span> <span class='ocrx_word' id='word_1_495' title='bbox 2343 506 2406 542; x_wconf 80' lang='grc' dir='ltr'>οὒκ</span> 
     </span>
     <span class='ocr_line' id='line_1_77' title="bbox 1387 552 2405 611; baseline 0.005 -22"><span class='ocrx_word' id='word_1_496' title='bbox 1387 552 1545 603; x_wconf 80' lang='grc' dir='ltr'>ἐχώρησε</span> <span class='ocrx_word' id='word_1_497' title='bbox 1596 553 1729 600; x_wconf 69' lang='grc' dir='ltr'>καλύὸη</span> <span class='ocrx_word' id='word_1_498' title='bbox 1780 554 2019 606; x_wconf 75' lang='grc' dir='ltr'>πατριαρχικὴ</span> <span class='ocrx_word' id='word_1_499' title='bbox 2038 586 2047 603; x_wconf 95' lang='grc'>,</span> <span class='ocrx_word' id='word_1_500' title='bbox 2094 557 2193 611; x_wconf 55' lang='grc' dir='ltr'>αὐτὸν</span> <span class='ocrx_word' id='word_1_501' title='bbox 2246 556 2405 608; x_wconf 82' lang='grc' dir='ltr'>ἐχώρησε</span> 
     </span>
     <span class='ocr_line' id='line_1_78' title="bbox 1388 604 2404 658; baseline 0.004 -16"><span class='ocrx_word' id='word_1_502' title='bbox 1388 604 1505 657; x_wconf 85' lang='grc' dir='ltr'>μήτρα</span> <span class='ocrx_word' id='word_1_503' title='bbox 1554 606 1756 658; x_wconf 86' lang='grc' dir='ltr'>παρθενική.</span> <span class='ocrx_word' id='word_1_504' title='bbox 1796 606 2005 658; x_wconf 84' lang='grc' dir='ltr'>Ἔσαρκώθη</span> <span class='ocrx_word' id='word_1_505' title='bbox 2020 638 2029 654; x_wconf 91' lang='grc'>,</span> <span class='ocrx_word' id='word_1_506' title='bbox 2066 610 2113 652; x_wconf 83' lang='grc' dir='ltr'>ὡς</span> <span class='ocrx_word' id='word_1_507' title='bbox 2157 609 2244 646; x_wconf 75' lang='grc' dir='ltr'>οἶδεν</span> <span class='ocrx_word' id='word_1_508' title='bbox 2281 609 2382 652; x_wconf 78' lang='grc' dir='ltr'>αὐτὸς</span> <span class='ocrx_word' id='word_1_509' title='bbox 2395 640 2404 656; x_wconf 91' lang='grc'>,</span> 
     </span>
     <span class='ocr_line' id='line_1_79' title="bbox 1386 658 2405 712; baseline 0.002 -17"><span class='ocrx_word' id='word_1_510' title='bbox 1386 660 1451 709; x_wconf 80' lang='grc' dir='ltr'>οὐχ</span> <span class='ocrx_word' id='word_1_511' title='bbox 1482 660 1528 700; x_wconf 80' lang='grc' dir='ltr'>ὡς</span> <span class='ocrx_word' id='word_1_512' title='bbox 1568 658 1810 712; x_wconf 79' lang='grc' dir='ltr'>ἑρμηνεύουσιν</span> <span class='ocrx_word' id='word_1_513' title='bbox 1848 661 1879 696; x_wconf 84' lang='grc' dir='ltr'>οἱ</span> <span class='ocrx_word' id='word_1_514' title='bbox 1919 660 2102 710; x_wconf 77' lang='grc' dir='ltr'>αἱρετικοὶ,</span> <span class='ocrx_word' id='word_1_515' title='bbox 2140 662 2171 699; x_wconf 82' lang='grc' dir='ltr'>οἱ</span> <span class='ocrx_word' id='word_1_516' title='bbox 2206 660 2251 698; x_wconf 80' lang='grc' dir='ltr'>τὰ</span> <span class='ocrx_word' id='word_1_517' title='bbox 2296 664 2405 699; x_wconf 83' lang='grc' dir='ltr'>οἰκεῖα</span> 
     </span>
     <span class='ocr_line' id='line_1_80' title="bbox 1387 711 2406 764; baseline 0.003 -17"><span class='ocrx_word' id='word_1_518' title='bbox 1387 711 1604 761; x_wconf 85' lang='grc' dir='ltr'>ἀγνοοῦντες,</span> <span class='ocrx_word' id='word_1_519' title='bbox 1640 711 1699 748; x_wconf 80' lang='grc' dir='ltr'>καὶ</span> <span class='ocrx_word' id='word_1_520' title='bbox 1729 711 1772 748; x_wconf 79' lang='grc' dir='ltr'>τὰ</span> <span class='ocrx_word' id='word_1_521' title='bbox 1805 715 1878 749; x_wconf 85' lang='grc' dir='ltr'>θεῖα</span> <span class='ocrx_word' id='word_1_522' title='bbox 1913 715 2126 764; x_wconf 75' lang='grc' dir='ltr'>μετροῦντες.</span> <span class='ocrx_word' id='word_1_523' title='bbox 2153 712 2328 764; x_wconf 80' lang='grc' dir='ltr'>Ἐτέχθη,</span> <span class='ocrx_word' id='word_1_524' title='bbox 2359 716 2406 756; x_wconf 79' lang='grc' dir='ltr'>ὡς</span> 
     </span>
     <span class='ocr_line' id='line_1_81' title="bbox 1385 763 2403 816; baseline 0.003 -17"><span class='ocrx_word' id='word_1_525' title='bbox 1385 763 1588 810; x_wconf 79' lang='grc' dir='ltr'>ηὐδόκησεν.</span> <span class='ocrx_word' id='word_1_526' title='bbox 1604 763 1740 810; x_wconf 69' lang='grc' dir='ltr'>Ἐπέὸη</span> <span class='ocrx_word' id='word_1_527' title='bbox 1759 767 1808 814; x_wconf 76' lang='grc' dir='ltr'>τῷ</span> <span class='ocrx_word' id='word_1_528' title='bbox 1826 763 1915 816; x_wconf 81' lang='grc' dir='ltr'>ξύλῳ</span> <span class='ocrx_word' id='word_1_529' title='bbox 1935 764 1974 802; x_wconf 81' lang='grc' dir='ltr'>τὸ</span> <span class='ocrx_word' id='word_1_530' title='bbox 1996 764 2091 808; x_wconf 80' lang='grc' dir='ltr'>ξύλον</span> <span class='ocrx_word' id='word_1_531' title='bbox 2114 768 2172 802; x_wconf 87' lang='grc' dir='ltr'>τοῦ</span> <span class='ocrx_word' id='word_1_532' title='bbox 2192 764 2403 816; x_wconf 78' lang='grc' dir='ltr'>παραδείσου</span> 
     </span>
     <span class='ocr_line' id='line_1_82' title="bbox 1387 815 2406 869; baseline 0.002 -16"><span class='ocrx_word' id='word_1_533' title='bbox 1387 815 1588 866; x_wconf 78' lang='grc' dir='ltr'>ἰασάμενος,</span> <span class='ocrx_word' id='word_1_534' title='bbox 1605 816 1664 854; x_wconf 75' lang='grc' dir='ltr'>καὶ</span> <span class='ocrx_word' id='word_1_535' title='bbox 1681 819 1763 869; x_wconf 77' lang='grc' dir='ltr'>βοᾷ·</span> <span class='ocrx_word' id='word_1_536' title='bbox 1780 817 1894 862; x_wconf 81' lang='grc' dir='ltr'>Ληνὸν</span> <span class='ocrx_word' id='word_1_537' title='bbox 1912 817 2072 864; x_wconf 79' lang='grc' dir='ltr'>ἐπάτησα</span> <span class='ocrx_word' id='word_1_538' title='bbox 2088 818 2206 867; x_wconf 82' lang='grc' dir='ltr'>μόνος,</span> <span class='ocrx_word' id='word_1_539' title='bbox 2223 817 2282 855; x_wconf 83' lang='grc' dir='ltr'>καὶ</span> <span class='ocrx_word' id='word_1_540' title='bbox 2297 818 2406 861; x_wconf 81' lang='grc' dir='ltr'>οὐδεὶς</span> 
     </span>
     <span class='ocr_line' id='line_1_83' title="bbox 1384 862 2405 923; baseline 0.002 -18"><span class='ocrx_word' id='word_1_541' title='bbox 1384 862 1425 914; x_wconf 67' lang='grc' dir='ltr'>ἦν</span> <span class='ocrx_word' id='word_1_542' title='bbox 1441 871 1515 918; x_wconf 87' lang='grc' dir='ltr'>μετ’</span> <span class='ocrx_word' id='word_1_543' title='bbox 1535 871 1641 919; x_wconf 86' lang='grc' dir='ltr'>ἐμοῦ,</span> <span class='ocrx_word' id='word_1_544' title='bbox 1660 870 1721 907; x_wconf 81' lang='grc' dir='ltr'>οὐκ</span> <span class='ocrx_word' id='word_1_545' title='bbox 1737 869 1879 921; x_wconf 80' lang='grc' dir='ltr'>ἅγγελος</span> <span class='ocrx_word' id='word_1_546' title='bbox 1891 900 1900 916; x_wconf 93' lang='grc'>,</span> <span class='ocrx_word' id='word_1_547' title='bbox 1919 870 1981 918; x_wconf 79' lang='grc' dir='ltr'>[οὐ</span> <span class='ocrx_word' id='word_1_548' title='bbox 1997 869 2171 920; x_wconf 67' lang='grc' dir='ltr'>πρέσὸυς,</span> <span class='ocrx_word' id='word_1_549' title='bbox 2191 871 2253 907; x_wconf 85' lang='grc' dir='ltr'>οὐκ</span> <span class='ocrx_word' id='word_1_550' title='bbox 2272 869 2405 923; x_wconf 78' lang='grc' dir='ltr'>ἀρχάγ-</span> 
     </span>
     <span class='ocr_line' id='line_1_84' title="bbox 1385 921 2406 976; baseline 0.001 -18"><span class='ocrx_word' id='word_1_551' title='bbox 1385 923 1528 970; x_wconf 87' lang='grc' dir='ltr'>γελος,]</span> <span class='ocrx_word' id='word_1_552' title='bbox 1553 924 1590 959; x_wconf 77' lang='grc' dir='ltr'>οὐ</span> <span class='ocrx_word' id='word_1_553' title='bbox 1617 923 1817 975; x_wconf 72' lang='grc' dir='ltr'>προφήτης,</span> <span class='ocrx_word' id='word_1_554' title='bbox 1833 924 1877 976; x_wconf 58' lang='grc' dir='ltr'>ρι’)</span> <span class='ocrx_word' id='word_1_555' title='bbox 1907 921 2086 973; x_wconf 78' lang='grc' dir='ltr'>βασιλεὺς,</span> <span class='ocrx_word' id='word_1_556' title='bbox 2119 922 2228 965; x_wconf 75' lang='grc' dir='ltr'>οὐδεὶς</span> <span class='ocrx_word' id='word_1_557' title='bbox 2254 925 2321 960; x_wconf 82' lang='grc' dir='ltr'>τῶν</span> <span class='ocrx_word' id='word_1_558' title='bbox 2356 923 2406 959; x_wconf 83' lang='grc' dir='ltr'>δι-</span> 
     </span>
     <span class='ocr_line' id='line_1_85' title="bbox 1385 973 2405 1026; baseline 0.002 -16"><span class='ocrx_word' id='word_1_559' title='bbox 1385 973 1493 1011; x_wconf 88' lang='grc' dir='ltr'>καίων</span> <span class='ocrx_word' id='word_1_560' title='bbox 1514 977 1589 1024; x_wconf 85' lang='grc' dir='ltr'>μετ’</span> <span class='ocrx_word' id='word_1_561' title='bbox 1611 977 1714 1025; x_wconf 84' lang='grc' dir='ltr'>ἐμοῦ·</span> <span class='ocrx_word' id='word_1_562' title='bbox 1741 975 1800 1012; x_wconf 80' lang='grc' dir='ltr'>καὶ</span> <span class='ocrx_word' id='word_1_563' title='bbox 1821 979 1867 1017; x_wconf 83' lang='grc' dir='ltr'>εἷς</span> <span class='ocrx_word' id='word_1_564' title='bbox 1890 974 1991 1026; x_wconf 84' lang='grc' dir='ltr'>μόνος</span> <span class='ocrx_word' id='word_1_565' title='bbox 2012 977 2087 1025; x_wconf 85' lang='grc' dir='ltr'>μετ’</span> <span class='ocrx_word' id='word_1_566' title='bbox 2118 977 2201 1026; x_wconf 84' lang='grc' dir='ltr'>ἐμοῦ</span> <span class='ocrx_word' id='word_1_567' title='bbox 2218 1005 2226 1020; x_wconf 91' lang='grc'>,</span> <span class='ocrx_word' id='word_1_568' title='bbox 2260 977 2297 1013; x_wconf 86' lang='grc' dir='ltr'>οὐ</span> <span class='ocrx_word' id='word_1_569' title='bbox 2327 975 2405 1025; x_wconf 75' lang='grc' dir='ltr'>μετ’</span> 
     </span>
     <span class='ocr_line' id='line_1_86' title="bbox 1385 1026 2402 1080; baseline 0.003 -18"><span class='ocrx_word' id='word_1_570' title='bbox 1385 1027 1468 1075; x_wconf 87' lang='grc' dir='ltr'>ἐμοῦ</span> <span class='ocrx_word' id='word_1_571' title='bbox 1489 1026 1669 1079; x_wconf 79' lang='grc' dir='ltr'>συνέτριψε</span> <span class='ocrx_word' id='word_1_572' title='bbox 1686 1028 1743 1065; x_wconf 83' lang='grc' dir='ltr'>τὸν</span> <span class='ocrx_word' id='word_1_573' title='bbox 1765 1028 1923 1075; x_wconf 87' lang='grc' dir='ltr'>θάνατον,</span> <span class='ocrx_word' id='word_1_574' title='bbox 1944 1027 2032 1066; x_wconf 83' lang='grc' dir='ltr'>ἀλλὰ</span> <span class='ocrx_word' id='word_1_575' title='bbox 2054 1030 2128 1078; x_wconf 87' lang='grc' dir='ltr'>μετ’</span> <span class='ocrx_word' id='word_1_576' title='bbox 2150 1029 2234 1077; x_wconf 88' lang='grc' dir='ltr'>ἐμοῦ</span> <span class='ocrx_word' id='word_1_577' title='bbox 2255 1029 2402 1080; x_wconf 82' lang='grc' dir='ltr'>ἐκληρο-</span> 
     </span>
     <span class='ocr_line' id='line_1_87' title="bbox 1384 1077 2402 1131; baseline 0.003 -17"><span class='ocrx_word' id='word_1_578' title='bbox 1384 1077 1514 1127; x_wconf 84' lang='grc' dir='ltr'>νόμησε</span> <span class='ocrx_word' id='word_1_579' title='bbox 1537 1079 1593 1116; x_wconf 75' lang='grc' dir='ltr'>τὸν</span> <span class='ocrx_word' id='word_1_580' title='bbox 1614 1080 1824 1131; x_wconf 76' lang='grc' dir='ltr'>παράδεισον</span> <span class='ocrx_word' id='word_1_581' title='bbox 1839 1095 1846 1102; x_wconf 94' lang='grc'>·</span> <span class='ocrx_word' id='word_1_582' title='bbox 1868 1082 1942 1130; x_wconf 85' lang='grc' dir='ltr'>μετ’</span> <span class='ocrx_word' id='word_1_583' title='bbox 1966 1083 2049 1129; x_wconf 89' lang='grc' dir='ltr'>ἐμοῦ</span> <span class='ocrx_word' id='word_1_584' title='bbox 2071 1080 2128 1118; x_wconf 80' lang='grc' dir='ltr'>ἐπὶ</span> <span class='ocrx_word' id='word_1_585' title='bbox 2147 1085 2206 1118; x_wconf 82' lang='grc' dir='ltr'>τοῦ</span> <span class='ocrx_word' id='word_1_586' title='bbox 2225 1079 2323 1123; x_wconf 80' lang='grc' dir='ltr'>ξύλου</span> <span class='ocrx_word' id='word_1_587' title='bbox 2337 1111 2347 1127; x_wconf 94' lang='grc'>,</span> <span class='ocrx_word' id='word_1_588' title='bbox 2364 1081 2402 1117; x_wconf 77' lang='grc' dir='ltr'>οὐ</span> 
     </span>
     <span class='ocr_line' id='line_1_88' title="bbox 1386 1131 2400 1186; baseline 0.004 -20"><span class='ocrx_word' id='word_1_589' title='bbox 1386 1132 1461 1179; x_wconf 83' lang='grc' dir='ltr'>μετ’</span> <span class='ocrx_word' id='word_1_590' title='bbox 1484 1132 1568 1180; x_wconf 84' lang='grc' dir='ltr'>ἐμοῦ</span> <span class='ocrx_word' id='word_1_591' title='bbox 1598 1133 1632 1169; x_wconf 86' lang='grc' dir='ltr'>ἐν</span> <span class='ocrx_word' id='word_1_592' title='bbox 1659 1134 1708 1183; x_wconf 81' lang='grc' dir='ltr'>τῷ</span> <span class='ocrx_word' id='word_1_593' title='bbox 1725 1131 1869 1184; x_wconf 85' lang='grc' dir='ltr'>πολέμῳ</span> <span class='ocrx_word' id='word_1_594' title='bbox 1887 1137 1945 1170; x_wconf 85' lang='grc' dir='ltr'>τοῦ</span> <span class='ocrx_word' id='word_1_595' title='bbox 1965 1131 2125 1170; x_wconf 84' lang='grc' dir='ltr'>θανάτου.</span> <span class='ocrx_word' id='word_1_596' title='bbox 2154 1132 2280 1183; x_wconf 86' lang='grc' dir='ltr'>Κύριος</span> <span class='ocrx_word' id='word_1_597' title='bbox 2306 1132 2400 1186; x_wconf 41' lang='grc' dir='ltr'>γὰρω,</span> 
     </span>
     <span class='ocr_line' id='line_1_89' title="bbox 1385 1182 2404 1237; baseline 0.003 -18"><span class='ocrx_word' id='word_1_598' title='bbox 1385 1182 1487 1233; x_wconf 77' lang='grc' dir='ltr'>φησὶ,</span> <span class='ocrx_word' id='word_1_599' title='bbox 1509 1184 1699 1237; x_wconf 64' lang='grc' dir='ltr'>συντρίὸων</span> <span class='ocrx_word' id='word_1_600' title='bbox 1721 1185 1894 1234; x_wconf 79' lang='grc' dir='ltr'>πολέμους</span> <span class='ocrx_word' id='word_1_601' title='bbox 1908 1215 1917 1232; x_wconf 90' lang='grc'>,</span> <span class='ocrx_word' id='word_1_602' title='bbox 1941 1184 2066 1235; x_wconf 86' lang='grc' dir='ltr'>Κύριος</span> <span class='ocrx_word' id='word_1_603' title='bbox 2091 1184 2199 1234; x_wconf 79' lang='grc' dir='ltr'>ὄνομα</span> <span class='ocrx_word' id='word_1_604' title='bbox 2219 1186 2324 1236; x_wconf 80' lang='grc' dir='ltr'>αὐτῷ.</span> <span class='ocrx_word' id='word_1_605' title='bbox 2342 1186 2404 1228; x_wconf 77' lang='grc' dir='ltr'>Εἰς</span> 
     </span>
     <span class='ocr_line' id='line_1_90' title="bbox 1383 1235 2402 1290; baseline 0.002 -18"><span class='ocrx_word' id='word_1_606' title='bbox 1383 1235 1515 1286; x_wconf 73' lang='grc' dir='ltr'>λῃστὴς</span> <span class='ocrx_word' id='word_1_607' title='bbox 1543 1236 1777 1287; x_wconf 77' lang='grc' dir='ltr'>ὡμολόγησεν.</span> <span class='ocrx_word' id='word_1_608' title='bbox 1795 1237 1842 1275; x_wconf 69' lang='grc' dir='ltr'>’Ὠ</span> <span class='ocrx_word' id='word_1_609' title='bbox 1871 1241 1939 1275; x_wconf 82' lang='grc' dir='ltr'>τῶν</span> <span class='ocrx_word' id='word_1_610' title='bbox 1969 1237 2071 1281; x_wconf 81' lang='grc' dir='ltr'>ξένων</span> <span class='ocrx_word' id='word_1_611' title='bbox 2105 1237 2165 1275; x_wconf 82' lang='grc' dir='ltr'>καὶ</span> <span class='ocrx_word' id='word_1_612' title='bbox 2198 1236 2402 1290; x_wconf 80' lang='grc' dir='ltr'>παραδόξων</span> 
     </span>
     <span class='ocr_line' id='line_1_91' title="bbox 1383 1288 2403 1342; baseline 0.003 -18"><span class='ocrx_word' id='word_1_613' title='bbox 1383 1288 1600 1340; x_wconf 66' lang='grc' dir='ltr'>πραγμάτων</span> <span class='ocrx_word' id='word_1_614' title='bbox 1617 1305 1624 1312; x_wconf 90' lang='grc'><em>·</em></span> <span class='ocrx_word' id='word_1_615' title='bbox 1647 1293 1664 1327; x_wconf 84' lang='grc' dir='ltr'><strong><em>ὃ</em></strong></span> <span class='ocrx_word' id='word_1_616' title='bbox 1682 1289 1814 1338; x_wconf 80' lang='grc' dir='ltr'>λῃστὴς</span> <span class='ocrx_word' id='word_1_617' title='bbox 1837 1290 1925 1340; x_wconf 84' lang='grc' dir='ltr'>μετὰ</span> <span class='ocrx_word' id='word_1_618' title='bbox 1944 1293 2002 1328; x_wconf 87' lang='grc' dir='ltr'>τοῦ</span> <span class='ocrx_word' id='word_1_619' title='bbox 2022 1291 2173 1342; x_wconf 87' lang='grc' dir='ltr'>Χριστοῦ</span> <span class='ocrx_word' id='word_1_620' title='bbox 2189 1320 2198 1336; x_wconf 93' lang='grc'>,</span> <span class='ocrx_word' id='word_1_621' title='bbox 2218 1289 2277 1327; x_wconf 79' lang='grc' dir='ltr'>καὶ</span> <span class='ocrx_word' id='word_1_622' title='bbox 2294 1293 2311 1327; x_wconf 85' lang='grc' dir='ltr'>ὁ</span> <span class='ocrx_word' id='word_1_623' title='bbox 2330 1305 2403 1340; x_wconf 82' lang='grc' dir='ltr'>μα·-</span> 
     </span>
     <span class='ocr_line' id='line_1_92' title="bbox 1384 1340 2404 1394; baseline 0.003 -17"><span class='ocrx_word' id='word_1_624' title='bbox 1384 1340 1489 1387; x_wconf 81' lang='grc' dir='ltr'>θητὴς</span> <span class='ocrx_word' id='word_1_625' title='bbox 1509 1341 1641 1385; x_wconf 86' lang='grc' dir='ltr'>Ἰούδας</span> <span class='ocrx_word' id='word_1_626' title='bbox 1661 1342 1749 1392; x_wconf 80' lang='grc' dir='ltr'>μετὰ</span> <span class='ocrx_word' id='word_1_627' title='bbox 1765 1347 1823 1380; x_wconf 87' lang='grc' dir='ltr'>τοῦ</span> <span class='ocrx_word' id='word_1_628' title='bbox 1852 1342 2012 1380; x_wconf 66' lang='grc' dir='ltr'>διαὸόλου</span> <span class='ocrx_word' id='word_1_629' title='bbox 2024 1358 2031 1365; x_wconf 91' lang='grc'><em>·</em></span> <span class='ocrx_word' id='word_1_630' title='bbox 2050 1343 2089 1380; x_wconf 79' lang='grc' dir='ltr'>τὸ</span> <span class='ocrx_word' id='word_1_631' title='bbox 2108 1345 2179 1394; x_wconf 77' lang='grc' dir='ltr'>φῶς</span> <span class='ocrx_word' id='word_1_632' title='bbox 2193 1341 2308 1393; x_wconf 84' lang='grc' dir='ltr'>γέγονε</span> <span class='ocrx_word' id='word_1_633' title='bbox 2324 1342 2404 1380; x_wconf 87' lang='grc' dir='ltr'>σκό-</span> 
     </span>
     <span class='ocr_line' id='line_1_93' title="bbox 1382 1394 2403 1447; baseline 0.004 -18"><span class='ocrx_word' id='word_1_634' title='bbox 1382 1407 1456 1438; x_wconf 86' lang='grc' dir='ltr'>τος,</span> <span class='ocrx_word' id='word_1_635' title='bbox 1472 1394 1580 1432; x_wconf 78' lang='grc' dir='ltr'>καὶτὸ</span> <span class='ocrx_word' id='word_1_636' title='bbox 1593 1394 1713 1437; x_wconf 86' lang='grc' dir='ltr'>σκότος</span> <span class='ocrx_word' id='word_1_637' title='bbox 1728 1398 1775 1437; x_wconf 85' lang='grc' dir='ltr'>εἷς</span> <span class='ocrx_word' id='word_1_638' title='bbox 1788 1398 1859 1447; x_wconf 67' lang='grc' dir='ltr'>φῶς</span> <span class='ocrx_word' id='word_1_639' title='bbox 1875 1395 2106 1446; x_wconf 66' lang='grc' dir='ltr'>μετεὸάλλετο</span> <span class='ocrx_word' id='word_1_640' title='bbox 2119 1410 2126 1418; x_wconf 87' lang='grc'><em>·</em></span> <span class='ocrx_word' id='word_1_641' title='bbox 2140 1398 2156 1432; x_wconf 85' lang='grc' dir='ltr'>ὁ</span> <span class='ocrx_word' id='word_1_642' title='bbox 2171 1395 2276 1445; x_wconf 83' lang='grc' dir='ltr'>ἀμνὸς</span> <span class='ocrx_word' id='word_1_643' title='bbox 2290 1394 2403 1442; x_wconf 88' lang='grc' dir='ltr'>λύκος,</span> 
     </span>
     <span class='ocr_line' id='line_1_94' title="bbox 1383 1445 2404 1500; baseline 0.001 -17"><span class='ocrx_word' id='word_1_644' title='bbox 1383 1445 1442 1483; x_wconf 84' lang='grc' dir='ltr'>καὶ</span> <span class='ocrx_word' id='word_1_645' title='bbox 1461 1448 1478 1483; x_wconf 84' lang='grc' dir='ltr'>ὃ</span> <span class='ocrx_word' id='word_1_646' title='bbox 1498 1446 1598 1491; x_wconf 81' lang='grc' dir='ltr'>λύκος</span> <span class='ocrx_word' id='word_1_647' title='bbox 1620 1447 1739 1498; x_wconf 86' lang='grc' dir='ltr'>ἀμνός.</span> <span class='ocrx_word' id='word_1_648' title='bbox 1761 1447 1805 1486; x_wconf 87' lang='grc' dir='ltr'>Ὁ</span> <span class='ocrx_word' id='word_1_649' title='bbox 1826 1448 1958 1500; x_wconf 78' lang='grc' dir='ltr'>λῃστὴς</span> <span class='ocrx_word' id='word_1_650' title='bbox 1976 1447 2037 1491; x_wconf 80' lang='grc' dir='ltr'>τὰς</span> <span class='ocrx_word' id='word_1_651' title='bbox 2054 1453 2173 1500; x_wconf 73' lang='grc' dir='ltr'>χεῖρας</span> <span class='ocrx_word' id='word_1_652' title='bbox 2205 1452 2275 1490; x_wconf 88' lang='grc' dir='ltr'>τοῖς</span> <span class='ocrx_word' id='word_1_653' title='bbox 2307 1447 2404 1493; x_wconf 83' lang='grc' dir='ltr'>ἥλοις</span> 
     </span>
     <span class='ocr_line' id='line_1_95' title="bbox 1383 1499 2403 1553; baseline 0.002 -18"><span class='ocrx_word' id='word_1_654' title='bbox 1383 1499 1667 1553; x_wconf 81' lang='grc' dir='ltr'>ἐμπεπαρμένος,</span> <span class='ocrx_word' id='word_1_655' title='bbox 1693 1504 1799 1552; x_wconf 77' lang='grc' dir='ltr'>πιστῇ</span> <span class='ocrx_word' id='word_1_656' title='bbox 1833 1505 1928 1553; x_wconf 80' lang='grc' dir='ltr'>φωνῇ</span> <span class='ocrx_word' id='word_1_657' title='bbox 1950 1501 2006 1538; x_wconf 77' lang='grc' dir='ltr'>τὸν</span> <span class='ocrx_word' id='word_1_658' title='bbox 2026 1499 2206 1546; x_wconf 85' lang='grc' dir='ltr'>Δεσπότην</span> <span class='ocrx_word' id='word_1_659' title='bbox 2227 1500 2403 1545; x_wconf 83' lang='grc' dir='ltr'>ἠσπάζετο</span> 
     </span>
     <span class='ocr_line' id='line_1_96' title="bbox 1382 1550 2400 1606; baseline 0.002 -19"><span class='ocrx_word' id='word_1_660' title='bbox 1382 1550 1506 1601; x_wconf 88' lang='grc' dir='ltr'>λέγων,</span> <span class='ocrx_word' id='word_1_661' title='bbox 1534 1553 1718 1600; x_wconf 83' lang='grc' dir='ltr'>Μνήσθητί</span> <span class='ocrx_word' id='word_1_662' title='bbox 1746 1568 1831 1604; x_wconf 86' lang='grc' dir='ltr'>μου,</span> <span class='ocrx_word' id='word_1_663' title='bbox 1856 1554 1982 1606; x_wconf 81' lang='grc' dir='ltr'>Κύριε,</span> <span class='ocrx_word' id='word_1_664' title='bbox 2000 1553 2080 1591; x_wconf 78' lang='grc' dir='ltr'>ὅταν</span> <span class='ocrx_word' id='word_1_665' title='bbox 2102 1552 2203 1604; x_wconf 82' lang='grc' dir='ltr'>ἔλθῃς</span> <span class='ocrx_word' id='word_1_666' title='bbox 2224 1555 2257 1590; x_wconf 84' lang='grc' dir='ltr'>ἐν</span> <span class='ocrx_word' id='word_1_667' title='bbox 2275 1555 2317 1604; x_wconf 81' lang='grc' dir='ltr'>τῇ</span> <span class='ocrx_word' id='word_1_668' title='bbox 2336 1554 2400 1603; x_wconf 85' lang='grc' dir='ltr'>βα-</span> 
     </span>
     <span class='ocr_line' id='line_1_97' title="bbox 1382 1604 2403 1658; baseline 0.003 -18"><span class='ocrx_word' id='word_1_669' title='bbox 1382 1604 1493 1654; x_wconf 82' lang='grc' dir='ltr'>σιλείᾳ</span> <span class='ocrx_word' id='word_1_670' title='bbox 1524 1620 1600 1643; x_wconf 91' lang='grc' dir='ltr'>σου·</span> <span class='ocrx_word' id='word_1_671' title='bbox 1633 1605 1898 1656; x_wconf 76' lang='grc' dir='ltr'>καὶὸμαθητὴς</span> <span class='ocrx_word' id='word_1_672' title='bbox 1927 1605 2063 1657; x_wconf 75' lang='grc' dir='ltr'>φίλημα</span> <span class='ocrx_word' id='word_1_673' title='bbox 2096 1605 2298 1658; x_wconf 76' lang='grc' dir='ltr'>προσφέρων</span> <span class='ocrx_word' id='word_1_674' title='bbox 2331 1611 2403 1649; x_wconf 84' lang='grc' dir='ltr'>τοῖς</span> 
     </span>
     <span class='ocr_line' id='line_1_98' title="bbox 1380 1656 2406 1710; baseline 0.003 -18"><span class='ocrx_word' id='word_1_675' title='bbox 1380 1656 1531 1706; x_wconf 69' lang='grc' dir='ltr'>χείλεσι,</span> <span class='ocrx_word' id='word_1_676' title='bbox 1551 1660 1594 1707; x_wconf 74' lang='grc' dir='ltr'>τῇ</span> <span class='ocrx_word' id='word_1_677' title='bbox 1614 1657 1738 1710; x_wconf 81' lang='grc' dir='ltr'>καρδίᾳ</span> <span class='ocrx_word' id='word_1_678' title='bbox 1767 1658 1805 1695; x_wconf 80' lang='grc' dir='ltr'>τὸ</span> <span class='ocrx_word' id='word_1_679' title='bbox 1826 1659 1917 1710; x_wconf 74' lang='grc' dir='ltr'>ξίφος</span> <span class='ocrx_word' id='word_1_680' title='bbox 1934 1658 2141 1710; x_wconf 79' lang='grc' dir='ltr'>ηὐτρέπισε,</span> <span class='ocrx_word' id='word_1_681' title='bbox 2175 1663 2244 1699; x_wconf 87' lang='grc' dir='ltr'>τοῖς</span> <span class='ocrx_word' id='word_1_682' title='bbox 2267 1656 2406 1708; x_wconf 75' lang='grc' dir='ltr'>χείλεσι,</span> 
     </span>
     <span class='ocr_line' id='line_1_99' title="bbox 1378 1708 2400 1763; baseline 0.001 -18"><span class='ocrx_word' id='word_1_683' title='bbox 1378 1708 1491 1761; x_wconf 77' lang='grc' dir='ltr'>χαρὰν</span> <span class='ocrx_word' id='word_1_684' title='bbox 1523 1709 1706 1761; x_wconf 70' lang='grc' dir='ltr'>ἐφθέγγετο</span> <span class='ocrx_word' id='word_1_685' title='bbox 1719 1739 1728 1756; x_wconf 95' lang='grc'>,</span> <span class='ocrx_word' id='word_1_686' title='bbox 1763 1711 1822 1748; x_wconf 80' lang='grc' dir='ltr'>καὶ</span> <span class='ocrx_word' id='word_1_687' title='bbox 1850 1715 1893 1763; x_wconf 75' lang='grc' dir='ltr'>τῇ</span> <span class='ocrx_word' id='word_1_688' title='bbox 1926 1710 2053 1761; x_wconf 80' lang='grc' dir='ltr'>καρδίᾳ</span> <span class='ocrx_word' id='word_1_689' title='bbox 2078 1710 2173 1747; x_wconf 84' lang='grc' dir='ltr'>δόλον</span> <span class='ocrx_word' id='word_1_690' title='bbox 2209 1709 2400 1760; x_wconf 82' lang='grc' dir='ltr'>ἠρεύξατο,</span> 
     </span>
     <span class='ocr_line' id='line_1_100' title="bbox 1380 1757 2400 1815; baseline 0.002 -18"><span class='ocrx_word' id='word_1_691' title='bbox 1380 1762 1489 1812; x_wconf 62' lang='grc' dir='ltr'>λἀῖρε</span> <span class='ocrx_word' id='word_1_692' title='bbox 1502 1792 1511 1808; x_wconf 84' lang='lat'>,</span> <span class='ocrx_word' id='word_1_693' title='bbox 1533 1762 1656 1813; x_wconf 83' lang='grc' dir='ltr'>λέγων,</span> <span class='ocrx_word' id='word_1_694' title='bbox 1675 1762 1779 1815; x_wconf 65' lang='grc' dir='ltr'>ῥαὸδί</span> <span class='ocrx_word' id='word_1_695' title='bbox 1792 1779 1799 1786; x_wconf 88' lang='grc'><em>·</em></span> <span class='ocrx_word' id='word_1_696' title='bbox 1819 1757 1892 1801; x_wconf 65' lang='grc' dir='ltr'>εἶτα</span> <span class='ocrx_word' id='word_1_697' title='bbox 1907 1763 1966 1801; x_wconf 80' lang='grc' dir='ltr'>καὶ</span> <span class='ocrx_word' id='word_1_698' title='bbox 1982 1764 2073 1814; x_wconf 74' lang='grc' dir='ltr'>φιλεῖ</span> <span class='ocrx_word' id='word_1_699' title='bbox 2091 1762 2205 1808; x_wconf 80' lang='grc' dir='ltr'>αὐτὸν,</span> <span class='ocrx_word' id='word_1_700' title='bbox 2224 1762 2282 1799; x_wconf 83' lang='grc' dir='ltr'>καὶ</span> <span class='ocrx_word' id='word_1_701' title='bbox 2298 1777 2400 1815; x_wconf 90' lang='grc' dir='ltr'>στρε-</span> 
     </span>
     <span class='ocr_line' id='line_1_101' title="bbox 1379 1812 2398 1869; baseline 0.002 -19"><span class='ocrx_word' id='word_1_702' title='bbox 1379 1812 1525 1863; x_wconf 81' lang='grc' dir='ltr'>φόμενος</span> <span class='ocrx_word' id='word_1_703' title='bbox 1555 1814 1651 1866; x_wconf 77' lang='grc' dir='ltr'>ἔλεγε</span> <span class='ocrx_word' id='word_1_704' title='bbox 1676 1820 1746 1859; x_wconf 87' lang='grc' dir='ltr'>τοῖς</span> <span class='ocrx_word' id='word_1_705' title='bbox 1773 1814 2161 1869; x_wconf 31' lang='grc' dir='ltr'>Ἰουδαίοιςκνεύματι,</span> <span class='ocrx_word' id='word_1_706' title='bbox 2184 1816 2220 1852; x_wconf 84' lang='grc' dir='ltr'>οὖ</span> <span class='ocrx_word' id='word_1_707' title='bbox 2251 1814 2398 1866; x_wconf 84' lang='grc' dir='ltr'>ῥήματι·</span> 
     </span>
     <span class='ocr_line' id='line_1_102' title="bbox 1380 1865 2399 1919; baseline 0.003 -17"><span class='ocrx_word' id='word_1_708' title='bbox 1380 1865 1544 1910; x_wconf 75' lang='grc' dir='ltr'>δήσαντες</span> <span class='ocrx_word' id='word_1_709' title='bbox 1579 1867 1680 1905; x_wconf 78' lang='grc' dir='ltr'>αὐτὸν</span> <span class='ocrx_word' id='word_1_710' title='bbox 1720 1868 1943 1919; x_wconf 85' lang='grc' dir='ltr'>ἀπενέγκατε.</span> <span class='ocrx_word' id='word_1_711' title='bbox 1979 1868 2024 1905; x_wconf 82' lang='grc' dir='ltr'><em>Ὠ</em></span> <span class='ocrx_word' id='word_1_712' title='bbox 2052 1867 2233 1919; x_wconf 86' lang='grc' dir='ltr'>παράνομε</span> <span class='ocrx_word' id='word_1_713' title='bbox 2268 1866 2399 1914; x_wconf 85' lang='grc' dir='ltr'>Ἰούδα,</span> 
     </span>
     <span class='ocr_line' id='line_1_103' title="bbox 1378 1919 2401 1972; baseline 0.004 -17"><span class='ocrx_word' id='word_1_714' title='bbox 1378 1923 1444 1956; x_wconf 88' lang='grc' dir='ltr'>ποῦ</span> <span class='ocrx_word' id='word_1_715' title='bbox 1459 1919 1690 1970; x_wconf 70' lang='grc' dir='ltr'>προστάσσεις</span> <span class='ocrx_word' id='word_1_716' title='bbox 1712 1920 1906 1971; x_wconf 79' lang='grc' dir='ltr'>ἀπάγεσθαι</span> <span class='ocrx_word' id='word_1_717' title='bbox 1927 1920 1985 1958; x_wconf 73' lang='grc' dir='ltr'>τὸν</span> <span class='ocrx_word' id='word_1_718' title='bbox 2009 1919 2176 1970; x_wconf 84' lang='grc' dir='ltr'>λέγοντα,</span> <span class='ocrx_word' id='word_1_719' title='bbox 2197 1919 2241 1957; x_wconf 88' lang='grc' dir='ltr'>Ὁ</span> <span class='ocrx_word' id='word_1_720' title='bbox 2260 1920 2401 1972; x_wconf 81' lang='grc' dir='ltr'>οὐρανός</span> 
     </span>
     <span class='ocr_line' id='line_1_104' title="bbox 1380 1971 2293 2023; baseline 0.002 -16"><span class='ocrx_word' id='word_1_721' title='bbox 1380 1985 1439 2020; x_wconf 88' lang='grc' dir='ltr'>μοι</span> <span class='ocrx_word' id='word_1_722' title='bbox 1458 1971 1572 2022; x_wconf 90' lang='grc' dir='ltr'>θρόνος</span> <span class='ocrx_word' id='word_1_723' title='bbox 1589 2003 1596 2017; x_wconf 89' lang='grc'>,</span> <span class='ocrx_word' id='word_1_724' title='bbox 1618 1976 1638 2018; x_wconf 77' lang='grc' dir='ltr'>ἡ</span> <span class='ocrx_word' id='word_1_725' title='bbox 1661 1972 1696 2011; x_wconf 78' lang='grc' dir='ltr'>δὲ</span> <span class='ocrx_word' id='word_1_726' title='bbox 1716 1976 1760 2023; x_wconf 78' lang='grc' dir='ltr'>γῆ</span> <span class='ocrx_word' id='word_1_727' title='bbox 1781 1973 1967 2012; x_wconf 80' lang='grc' dir='ltr'>ὑποπόδιον</span> <span class='ocrx_word' id='word_1_728' title='bbox 1984 1976 2052 2011; x_wconf 80' lang='grc' dir='ltr'>τῶν</span> <span class='ocrx_word' id='word_1_729' title='bbox 2073 1973 2188 2010; x_wconf 76' lang='grc' dir='ltr'>ποδῶν</span> <span class='ocrx_word' id='word_1_730' title='bbox 2210 1987 2293 2023; x_wconf 74' lang='grc' dir='ltr'>μου,</span> 
     </span>
     <span class='ocr_line' id='line_1_105' title="bbox 1429 2023 2407 2077; baseline 0 -16"><span class='ocrx_word' id='word_1_731' title='bbox 1429 2023 1521 2061; x_wconf 79' lang='grc' dir='ltr'>Ἀλλ’</span> <span class='ocrx_word' id='word_1_732' title='bbox 1539 2028 1607 2077; x_wconf 77' lang='grc' dir='ltr'>ὁρῶ</span> <span class='ocrx_word' id='word_1_733' title='bbox 1622 2024 1685 2071; x_wconf 86' lang='grc' dir='ltr'>τὴν</span> <span class='ocrx_word' id='word_1_734' title='bbox 1703 2025 1841 2077; x_wconf 77' lang='grc' dir='ltr'>ἀγάπην</span> <span class='ocrx_word' id='word_1_735' title='bbox 1860 2029 1958 2076; x_wconf 76' lang='grc' dir='ltr'>ὑμῶν</span> <span class='ocrx_word' id='word_1_736' title='bbox 1978 2024 2253 2077; x_wconf 80' lang='grc' dir='ltr'>προθυμοτέραν,</span> <span class='ocrx_word' id='word_1_737' title='bbox 2280 2023 2340 2062; x_wconf 87' lang='grc' dir='ltr'>καὶ</span> <span class='ocrx_word' id='word_1_738' title='bbox 2361 2024 2407 2062; x_wconf 79' lang='grc' dir='ltr'>τὸ-</span> 
     </span>
     <span class='ocr_line' id='line_1_106' title="bbox 1377 2077 2400 2130; baseline 0.001 -17"><span class='ocrx_word' id='word_1_739' title='bbox 1377 2079 1480 2126; x_wconf 78' lang='grc' dir='ltr'>σῶμα</span> <span class='ocrx_word' id='word_1_740' title='bbox 1504 2078 1820 2130; x_wconf 76' lang='grc' dir='ltr'>στενοχωρούμενον</span> <span class='ocrx_word' id='word_1_741' title='bbox 1837 2094 1844 2101; x_wconf 94' lang='grc'>·</span> <span class='ocrx_word' id='word_1_742' title='bbox 1866 2079 1925 2117; x_wconf 82' lang='grc' dir='ltr'>καὶ</span> <span class='ocrx_word' id='word_1_743' title='bbox 1953 2077 2152 2128; x_wconf 70' lang='grc' dir='ltr'>ἠὸουλόμην</span> <span class='ocrx_word' id='word_1_744' title='bbox 2173 2080 2318 2115; x_wconf 86' lang='grc' dir='ltr'>ἐνταῦθα</span> <span class='ocrx_word' id='word_1_745' title='bbox 2336 2091 2400 2115; x_wconf 89' lang='grc' dir='ltr'>κα-</span> 
     </span>
     <span class='ocr_line' id='line_1_107' title="bbox 1376 2129 2398 2182; baseline 0.002 -17"><span class='ocrx_word' id='word_1_746' title='bbox 1376 2134 1551 2167; x_wconf 83' lang='grc' dir='ltr'>ταπαῦσαι</span> <span class='ocrx_word' id='word_1_747' title='bbox 1566 2130 1624 2168; x_wconf 83' lang='grc' dir='ltr'>τὸν</span> <span class='ocrx_word' id='word_1_748' title='bbox 1639 2130 1752 2182; x_wconf 85' lang='grc' dir='ltr'>λόγον,</span> <span class='ocrx_word' id='word_1_749' title='bbox 1770 2131 1846 2169; x_wconf 74' lang='grc' dir='ltr'>ἀλλ’</span> <span class='ocrx_word' id='word_1_750' title='bbox 1862 2131 1980 2178; x_wconf 79' lang='grc' dir='ltr'>ἐπειδὴ</span> <span class='ocrx_word' id='word_1_751' title='bbox 1997 2131 2036 2169; x_wconf 86' lang='grc' dir='ltr'>τὸ</span> <span class='ocrx_word' id='word_1_752' title='bbox 2051 2129 2214 2182; x_wconf 78' lang='grc' dir='ltr'>ὑμέτερον</span> <span class='ocrx_word' id='word_1_753' title='bbox 2235 2129 2398 2182; x_wconf 77' lang='grc' dir='ltr'>φιλήκοον</span> 
     </span>
     <span class='ocr_line' id='line_1_108' title="bbox 1375 2181 2399 2235; baseline 0.001 -17"><span class='ocrx_word' id='word_1_754' title='bbox 1375 2181 1610 2233; x_wconf 78' lang='grc' dir='ltr'>προτρέπεται</span> <span class='ocrx_word' id='word_1_755' title='bbox 1626 2187 1720 2234; x_wconf 78' lang='grc' dir='ltr'>ἡμᾶς</span> <span class='ocrx_word' id='word_1_756' title='bbox 1739 2188 1889 2234; x_wconf 88' lang='grc' dir='ltr'>μηκῦναι</span> <span class='ocrx_word' id='word_1_757' title='bbox 1913 2183 1970 2221; x_wconf 80' lang='grc' dir='ltr'>τὸν</span> <span class='ocrx_word' id='word_1_758' title='bbox 1994 2183 2108 2234; x_wconf 86' lang='grc' dir='ltr'>λόγον,</span> <span class='ocrx_word' id='word_1_759' title='bbox 2125 2182 2211 2235; x_wconf 86' lang='grc' dir='ltr'>πρὸς</span> <span class='ocrx_word' id='word_1_760' title='bbox 2230 2181 2292 2229; x_wconf 83' lang='grc' dir='ltr'>τὴν</span> <span class='ocrx_word' id='word_1_761' title='bbox 2313 2185 2399 2220; x_wconf 85' lang='grc' dir='ltr'>ἀκο-</span> 
     </span>
     <span class='ocr_line' id='line_1_109' title="bbox 1374 2234 2397 2288; baseline 0.002 -18"><span class='ocrx_word' id='word_1_762' title='bbox 1374 2235 1513 2272; x_wconf 84' lang='grc' dir='ltr'>λουθίαν</span> <span class='ocrx_word' id='word_1_763' title='bbox 1532 2239 1591 2273; x_wconf 88' lang='grc' dir='ltr'>τοῦ</span> <span class='ocrx_word' id='word_1_764' title='bbox 1608 2235 1709 2287; x_wconf 86' lang='grc' dir='ltr'>λόγου</span> <span class='ocrx_word' id='word_1_765' title='bbox 1729 2236 1986 2287; x_wconf 81' lang='grc' dir='ltr'>ἐπανέλθωμεν.</span> <span class='ocrx_word' id='word_1_766' title='bbox 2004 2237 2114 2288; x_wconf 88' lang='grc' dir='ltr'>Χαῖρε</span> <span class='ocrx_word' id='word_1_767' title='bbox 2127 2265 2136 2283; x_wconf 94' lang='grc'>,</span> <span class='ocrx_word' id='word_1_768' title='bbox 2154 2234 2239 2286; x_wconf 72' lang='grc' dir='ltr'>φησὶ</span> <span class='ocrx_word' id='word_1_769' title='bbox 2252 2265 2261 2282; x_wconf 99' lang='grc'>,</span> <span class='ocrx_word' id='word_1_770' title='bbox 2279 2234 2397 2286; x_wconf 69' lang='grc' dir='ltr'>ῥαὸὅί.</span> 
     </span>
     <span class='ocr_line' id='line_1_110' title="bbox 1375 2285 2398 2342; baseline 0 -19"><span class='ocrx_word' id='word_1_771' title='bbox 1375 2285 1419 2324; x_wconf 78' lang='lat' dir='ltr'>‘O</span> <span class='ocrx_word' id='word_1_772' title='bbox 1442 2288 1476 2324; x_wconf 82' lang='grc' dir='ltr'>δὲ</span> <span class='ocrx_word' id='word_1_773' title='bbox 1495 2287 1735 2340; x_wconf 73' lang='grc' dir='ltr'>φιλάνθρωπος</span> <span class='ocrx_word' id='word_1_774' title='bbox 1763 2289 1961 2335; x_wconf 85' lang='grc' dir='ltr'>Δεσπότης,</span> <span class='ocrx_word' id='word_1_775' title='bbox 1994 2291 2165 2342; x_wconf 46' lang='grc' dir='ltr'>νικῶνωτῇ</span> <span class='ocrx_word' id='word_1_776' title='bbox 2198 2287 2398 2340; x_wconf 75' lang='grc' dir='ltr'>ἀνεξικακίᾳ</span> 
     </span>
     <span class='ocr_line' id='line_1_111' title="bbox 1373 2338 2394 2392; baseline 0.002 -17"><span class='ocrx_word' id='word_1_777' title='bbox 1373 2343 1432 2376; x_wconf 84' lang='grc' dir='ltr'>τοῦ</span> <span class='ocrx_word' id='word_1_778' title='bbox 1451 2340 1618 2391; x_wconf 85' lang='grc' dir='ltr'>προδότου</span> <span class='ocrx_word' id='word_1_779' title='bbox 1646 2340 1709 2387; x_wconf 76' lang='grc' dir='ltr'>τὴν</span> <span class='ocrx_word' id='word_1_780' title='bbox 1735 2341 1918 2392; x_wconf 89' lang='grc' dir='ltr'>πονηρίαν,</span> <span class='ocrx_word' id='word_1_781' title='bbox 1952 2342 2066 2383; x_wconf 79' lang='grc' dir='ltr'>καλῶς</span> <span class='ocrx_word' id='word_1_782' title='bbox 2093 2344 2199 2386; x_wconf 85' lang='grc' dir='ltr'>εἶπεν,</span> <span class='ocrx_word' id='word_1_783' title='bbox 2229 2338 2394 2392; x_wconf 86' lang='grc' dir='ltr'>Ἑταῖρε,</span> 
     </span>
     <span class='ocr_line' id='line_1_112' title="bbox 1375 2385 2395 2445; baseline -0.001 -17"><span class='ocrx_word' id='word_1_784' title='bbox 1375 2392 1425 2444; x_wconf 71' lang='grc' dir='ltr'>ἐφ’</span> <span class='ocrx_word' id='word_1_785' title='bbox 1441 2385 1468 2442; x_wconf 70' lang='grc' dir='ltr'>ᾧ</span> <span class='ocrx_word' id='word_1_786' title='bbox 1485 2392 1609 2445; x_wconf 73' lang='grc' dir='ltr'>πάρει,</span> <span class='ocrx_word' id='word_1_787' title='bbox 1633 2393 1849 2443; x_wconf 78' lang='grc' dir='ltr'>Ἀσπάζομαί</span> <span class='ocrx_word' id='word_1_788' title='bbox 1869 2410 1906 2431; x_wconf 87' lang='grc' dir='ltr'>σε</span> <span class='ocrx_word' id='word_1_789' title='bbox 1918 2424 1926 2440; x_wconf 89' lang='grc'>,</span> <span class='ocrx_word' id='word_1_790' title='bbox 1951 2392 2083 2440; x_wconf 86' lang='grc' dir='ltr'>Ἰούδα,</span> <span class='ocrx_word' id='word_1_791' title='bbox 2100 2395 2165 2444; x_wconf 71' lang='grc' dir='ltr'>οὐχ</span> <span class='ocrx_word' id='word_1_792' title='bbox 2179 2390 2235 2428; x_wconf 80' lang='grc' dir='ltr'>ἵνα</span> <span class='ocrx_word' id='word_1_793' title='bbox 2256 2391 2395 2442; x_wconf 85' lang='grc' dir='ltr'>ἀγάπην</span> 
     </span>
     <span class='ocr_line' id='line_1_113' title="bbox 1375 2443 2397 2496; baseline 0 -16"><span class='ocrx_word' id='word_1_794' title='bbox 1375 2443 1602 2496; x_wconf 81' lang='grc' dir='ltr'>δωρήσωμαι,</span> <span class='ocrx_word' id='word_1_795' title='bbox 1623 2444 1664 2490; x_wconf 82' lang='grc' dir='ltr'>ἣν</span> <span class='ocrx_word' id='word_1_796' title='bbox 1682 2445 1858 2483; x_wconf 67' lang='grc' dir='ltr'>ἀπεὸάλου</span> <span class='ocrx_word' id='word_1_797' title='bbox 1871 2475 1880 2489; x_wconf 82' lang='lat'>,</span> <span class='ocrx_word' id='word_1_798' title='bbox 1904 2447 1979 2484; x_wconf 84' lang='grc' dir='ltr'>ἀλλ’</span> <span class='ocrx_word' id='word_1_799' title='bbox 1996 2445 2052 2483; x_wconf 77' lang='grc' dir='ltr'>ἵνα</span> <span class='ocrx_word' id='word_1_800' title='bbox 2081 2444 2222 2483; x_wconf 82' lang='grc' dir='ltr'>κενώσω</span> <span class='ocrx_word' id='word_1_801' title='bbox 2242 2443 2306 2490; x_wconf 84' lang='grc' dir='ltr'>τὴν</span> <span class='ocrx_word' id='word_1_802' title='bbox 2328 2444 2397 2495; x_wconf 80' lang='grc' dir='ltr'>χοί-</span> 
     </span>
     <span class='ocr_line' id='line_1_114' title="bbox 1376 2496 2395 2549; baseline 0.001 -16"><span class='ocrx_word' id='word_1_803' title='bbox 1376 2513 1439 2549; x_wconf 88' lang='grc' dir='ltr'>ριν,</span> <span class='ocrx_word' id='word_1_804' title='bbox 1458 2497 1499 2543; x_wconf 77' lang='grc' dir='ltr'>ἣν</span> <span class='ocrx_word' id='word_1_805' title='bbox 1518 2497 1652 2535; x_wconf 83' lang='grc' dir='ltr'>δέδωκά</span> <span class='ocrx_word' id='word_1_806' title='bbox 1680 2514 1752 2536; x_wconf 88' lang='grc' dir='ltr'>σοι·</span> <span class='ocrx_word' id='word_1_807' title='bbox 1773 2498 1908 2542; x_wconf 84' lang='grc' dir='ltr'>ἀνάξιον</span> <span class='ocrx_word' id='word_1_808' title='bbox 1933 2497 1998 2549; x_wconf 81' lang='grc' dir='ltr'>γὰρ</span> <span class='ocrx_word' id='word_1_809' title='bbox 2028 2498 2162 2549; x_wconf 88' lang='grc' dir='ltr'>ἀγγεῖον</span> <span class='ocrx_word' id='word_1_810' title='bbox 2192 2496 2395 2547; x_wconf 82' lang='grc' dir='ltr'>ἐπουράνιον</span> 
     </span>
     <span class='ocr_line' id='line_1_115' title="bbox 1375 2549 2394 2602; baseline 0.001 -17"><span class='ocrx_word' id='word_1_811' title='bbox 1375 2549 1480 2600; x_wconf 87' lang='grc' dir='ltr'>μύρον</span> <span class='ocrx_word' id='word_1_812' title='bbox 1500 2550 1683 2600; x_wconf 83' lang='grc' dir='ltr'>βαστάζειν</span> <span class='ocrx_word' id='word_1_813' title='bbox 1701 2552 1739 2588; x_wconf 81' lang='grc' dir='ltr'>οὐ</span> <span class='ocrx_word' id='word_1_814' title='bbox 1758 2550 1913 2589; x_wconf 89' lang='grc' dir='ltr'>δύναται.</span> <span class='ocrx_word' id='word_1_815' title='bbox 1934 2551 1981 2589; x_wconf 88' lang='grc' dir='ltr'>Τί</span> <span class='ocrx_word' id='word_1_816' title='bbox 2000 2550 2034 2589; x_wconf 78' lang='grc' dir='ltr'>δὲ</span> <span class='ocrx_word' id='word_1_817' title='bbox 2053 2550 2144 2601; x_wconf 82' lang='grc' dir='ltr'>λέγω</span> <span class='ocrx_word' id='word_1_818' title='bbox 2165 2549 2245 2602; x_wconf 80' lang='grc' dir='ltr'>περὶ</span> <span class='ocrx_word' id='word_1_819' title='bbox 2264 2549 2394 2597; x_wconf 67' lang='grc' dir='ltr'>Ἰούδα,</span> 
     </span>
     <span class='ocr_line' id='line_1_116' title="bbox 1374 2601 2395 2654; baseline 0.001 -15"><span class='ocrx_word' id='word_1_820' title='bbox 1374 2601 1504 2653; x_wconf 83' lang='grc' dir='ltr'>Πέτρος</span> <span class='ocrx_word' id='word_1_821' title='bbox 1524 2606 1541 2640; x_wconf 85' lang='grc' dir='ltr'>ὃ</span> <span class='ocrx_word' id='word_1_822' title='bbox 1561 2603 1622 2649; x_wconf 76' lang='grc' dir='ltr'>τὴν</span> <span class='ocrx_word' id='word_1_823' title='bbox 1640 2604 1761 2641; x_wconf 84' lang='grc' dir='ltr'>κλεῖδα</span> <span class='ocrx_word' id='word_1_824' title='bbox 1777 2608 1840 2650; x_wconf 79' lang='grc' dir='ltr'>τῆς</span> <span class='ocrx_word' id='word_1_825' title='bbox 1867 2603 2044 2654; x_wconf 82' lang='grc' dir='ltr'>βασιλείας</span> <span class='ocrx_word' id='word_1_826' title='bbox 2072 2601 2253 2652; x_wconf 81' lang='grc' dir='ltr'>δεξάμενος</span> <span class='ocrx_word' id='word_1_827' title='bbox 2268 2632 2277 2649; x_wconf 92' lang='grc'>,</span> <span class='ocrx_word' id='word_1_828' title='bbox 2309 2601 2395 2652; x_wconf 80' lang='grc' dir='ltr'>βλέ-</span> 
     </span>
     <span class='ocr_line' id='line_1_117' title="bbox 1372 2653 2393 2707; baseline 0 -16"><span class='ocrx_word' id='word_1_829' title='bbox 1372 2670 1446 2692; x_wconf 85' lang='grc' dir='ltr'>πων</span> <span class='ocrx_word' id='word_1_830' title='bbox 1468 2654 1523 2692; x_wconf 81' lang='grc' dir='ltr'>τὸν</span> <span class='ocrx_word' id='word_1_831' title='bbox 1556 2656 1701 2706; x_wconf 81' lang='grc' dir='ltr'>βασιλέα</span> <span class='ocrx_word' id='word_1_832' title='bbox 1720 2660 1781 2702; x_wconf 71' lang='grc' dir='ltr'>τῆς</span> <span class='ocrx_word' id='word_1_833' title='bbox 1802 2656 1899 2702; x_wconf 79' lang='grc' dir='ltr'>δόξης</span> <span class='ocrx_word' id='word_1_834' title='bbox 1927 2654 2192 2707; x_wconf 86' lang='grc' dir='ltr'>σταυρούμενον,</span> <span class='ocrx_word' id='word_1_835' title='bbox 2212 2654 2313 2706; x_wconf 77' lang='grc' dir='ltr'>ῥίψας</span> <span class='ocrx_word' id='word_1_836' title='bbox 2332 2653 2393 2697; x_wconf 84' lang='grc' dir='ltr'>τὰς</span> 
     </span>
     <span class='ocr_line' id='line_1_118' title="bbox 1370 2706 2391 2759; baseline -0.001 -15"><span class='ocrx_word' id='word_1_837' title='bbox 1370 2709 1461 2749; x_wconf 83' lang='grc' dir='ltr'>κλεῖς</span> <span class='ocrx_word' id='word_1_838' title='bbox 1484 2706 1586 2759; x_wconf 74' lang='grc' dir='ltr'>ἔφυγε</span> <span class='ocrx_word' id='word_1_839' title='bbox 1599 2725 1606 2732; x_wconf 87' lang='grc'><em>·</em></span> <span class='ocrx_word' id='word_1_840' title='bbox 1625 2709 1683 2746; x_wconf 82' lang='grc' dir='ltr'>καὶ</span> <span class='ocrx_word' id='word_1_841' title='bbox 1699 2712 1715 2746; x_wconf 85' lang='grc' dir='ltr'><em>ὃ</em></span> <span class='ocrx_word' id='word_1_842' title='bbox 1734 2708 1865 2759; x_wconf 84' lang='grc' dir='ltr'>λῃστὴς</span> <span class='ocrx_word' id='word_1_843' title='bbox 1881 2712 1898 2746; x_wconf 84' lang='grc' dir='ltr'>ὃ</span> <span class='ocrx_word' id='word_1_844' title='bbox 1913 2709 1975 2752; x_wconf 77' lang='grc' dir='ltr'>τὰς</span> <span class='ocrx_word' id='word_1_845' title='bbox 1991 2708 2091 2759; x_wconf 88' lang='grc' dir='ltr'>θύρας</span> <span class='ocrx_word' id='word_1_846' title='bbox 2112 2706 2306 2756; x_wconf 81' lang='grc' dir='ltr'>ὑπανοίγων</span> <span class='ocrx_word' id='word_1_847' title='bbox 2322 2709 2391 2744; x_wconf 81' lang='grc' dir='ltr'>τῶν</span> 
     </span>
     <span class='ocr_line' id='line_1_119' title="bbox 1370 2759 2391 2811; baseline 0 -15"><span class='ocrx_word' id='word_1_848' title='bbox 1370 2759 1573 2811; x_wconf 81' lang='grc' dir='ltr'>ἀνθρώπων,</span> <span class='ocrx_word' id='word_1_849' title='bbox 1594 2760 1695 2804; x_wconf 78' lang='grc' dir='ltr'>αὐτὸς</span> <span class='ocrx_word' id='word_1_850' title='bbox 1714 2761 1776 2805; x_wconf 81' lang='grc' dir='ltr'>τὰς</span> <span class='ocrx_word' id='word_1_851' title='bbox 1800 2763 1892 2803; x_wconf 86' lang='grc' dir='ltr'>κλεῖς</span> <span class='ocrx_word' id='word_1_852' title='bbox 1917 2765 1977 2798; x_wconf 82' lang='grc' dir='ltr'>τοῦ</span> <span class='ocrx_word' id='word_1_853' title='bbox 2002 2759 2212 2811; x_wconf 84' lang='grc' dir='ltr'>παραδείσου</span> <span class='ocrx_word' id='word_1_854' title='bbox 2241 2759 2391 2811; x_wconf 78' lang='grc' dir='ltr'>ἥρπασε.</span> 
     </span>
     <span class='ocr_line' id='line_1_120' title="bbox 1370 2811 2390 2865; baseline 0 -16"><span class='ocrx_word' id='word_1_855' title='bbox 1370 2812 1502 2865; x_wconf 83' lang='grc' dir='ltr'>Πέτρος</span> <span class='ocrx_word' id='word_1_856' title='bbox 1522 2816 1539 2850; x_wconf 80' lang='grc' dir='ltr'><em>ὃ</em></span> <span class='ocrx_word' id='word_1_857' title='bbox 1557 2813 1680 2865; x_wconf 88' lang='grc' dir='ltr'>λέγων,</span> <span class='ocrx_word' id='word_1_858' title='bbox 1710 2814 1783 2852; x_wconf 74' lang='grc' dir='ltr'>Κᾶν</span> <span class='ocrx_word' id='word_1_859' title='bbox 1816 2813 1874 2865; x_wconf 83' lang='grc' dir='ltr'>δέῃ</span> <span class='ocrx_word' id='word_1_860' title='bbox 1898 2829 1940 2864; x_wconf 90' lang='grc' dir='ltr'>με</span> <span class='ocrx_word' id='word_1_861' title='bbox 1958 2811 2017 2850; x_wconf 69' lang='grc' dir='ltr'>σὺν</span> <span class='ocrx_word' id='word_1_862' title='bbox 2041 2813 2094 2851; x_wconf 85' lang='grc' dir='ltr'>σοὶ</span> <span class='ocrx_word' id='word_1_863' title='bbox 2126 2813 2320 2857; x_wconf 82' lang='grc' dir='ltr'>ἀποθανεῖν,</span> <span class='ocrx_word' id='word_1_864' title='bbox 2353 2813 2390 2849; x_wconf 81' lang='grc' dir='ltr'>οὐ</span> 
     </span>
     <span class='ocr_line' id='line_1_121' title="bbox 1371 2862 2391 2918; baseline -0.001 -17"><span class='ocrx_word' id='word_1_865' title='bbox 1371 2865 1418 2915; x_wconf 87' lang='grc' dir='ltr'>μή</span> <span class='ocrx_word' id='word_1_866' title='bbox 1435 2881 1472 2903; x_wconf 88' lang='grc' dir='ltr'>σε</span> <span class='ocrx_word' id='word_1_867' title='bbox 1490 2865 1755 2917; x_wconf 78' lang='grc' dir='ltr'>ἀπαρνήσομαι,</span> <span class='ocrx_word' id='word_1_868' title='bbox 1772 2865 1885 2918; x_wconf 85' lang='grc' dir='ltr'>τρίτον</span> <span class='ocrx_word' id='word_1_869' title='bbox 1902 2865 2143 2916; x_wconf 87' lang='grc' dir='ltr'>ἀπηρνήσατο·</span> <span class='ocrx_word' id='word_1_870' title='bbox 2160 2863 2218 2901; x_wconf 77' lang='grc' dir='ltr'>καὶ</span> <span class='ocrx_word' id='word_1_871' title='bbox 2231 2867 2248 2900; x_wconf 85' lang='grc' dir='ltr'>ὁ</span> <span class='ocrx_word' id='word_1_872' title='bbox 2261 2862 2391 2914; x_wconf 82' lang='grc' dir='ltr'>λῃστὴς</span> 
     </span>
     <span class='ocr_line' id='line_1_122' title="bbox 1369 2915 2390 2969; baseline -0.002 -15"><span class='ocrx_word' id='word_1_873' title='bbox 1369 2920 1406 2955; x_wconf 82' lang='grc' dir='ltr'>οὐ</span> <span class='ocrx_word' id='word_1_874' title='bbox 1425 2917 1537 2968; x_wconf 87' lang='grc' dir='ltr'>λόγοις</span> <span class='ocrx_word' id='word_1_875' title='bbox 1554 2918 1862 2968; x_wconf 78' lang='grc' dir='ltr'>ἐπαγγειλάμενος,</span> <span class='ocrx_word' id='word_1_876' title='bbox 1881 2919 1955 2956; x_wconf 89' lang='grc' dir='ltr'>ἀλλ’</span> <span class='ocrx_word' id='word_1_877' title='bbox 1974 2918 2084 2969; x_wconf 78' lang='grc' dir='ltr'>ἔργοις</span> <span class='ocrx_word' id='word_1_878' title='bbox 2100 2915 2390 2962; x_wconf 85' lang='grc' dir='ltr'>συναποθνήσκων</span> 
     </span>
     <span class='ocr_line' id='line_1_123' title="bbox 1368 2968 2390 3033; baseline -0.001 -26"><span class='ocrx_word' id='word_1_879' title='bbox 1368 2973 1410 3021; x_wconf 72' lang='grc' dir='ltr'>τῇ</span> <span class='ocrx_word' id='word_1_880' title='bbox 1442 2971 1632 3009; x_wconf 84' lang='grc' dir='ltr'>ἀναστάσει</span> <span class='ocrx_word' id='word_1_881' title='bbox 1672 2970 1787 3021; x_wconf 81' lang='grc' dir='ltr'>ἔλεγε·</span> <span class='ocrx_word' id='word_1_882' title='bbox 1824 2970 1947 3033; x_wconf 78' lang='grc' dir='ltr'>Κύριε,</span> <span class='ocrx_word' id='word_1_883' title='bbox 1983 2968 2155 3020; x_wconf 86' lang='grc' dir='ltr'>μνήσθητί</span> <span class='ocrx_word' id='word_1_884' title='bbox 2189 2984 2270 3018; x_wconf 88' lang='grc' dir='ltr'>μου,</span> <span class='ocrx_word' id='word_1_885' title='bbox 2308 2968 2390 3006; x_wconf 82' lang='grc' dir='ltr'>ὅταν</span> 
     </span>
     <span class='ocr_line' id='line_1_124' title="bbox 1370 3019 2388 3073; baseline 0 -15"><span class='ocrx_word' id='word_1_886' title='bbox 1370 3021 1471 3073; x_wconf 80' lang='grc' dir='ltr'>ἔλθῃς</span> <span class='ocrx_word' id='word_1_887' title='bbox 1491 3024 1523 3060; x_wconf 83' lang='grc' dir='ltr'>ἐν</span> <span class='ocrx_word' id='word_1_888' title='bbox 1543 3026 1585 3073; x_wconf 77' lang='grc' dir='ltr'>τῇ</span> <span class='ocrx_word' id='word_1_889' title='bbox 1608 3023 1765 3073; x_wconf 84' lang='grc' dir='ltr'>βασιλείᾳ</span> <span class='ocrx_word' id='word_1_890' title='bbox 1784 3039 1856 3061; x_wconf 90' lang='grc' dir='ltr'>σου.</span> <span class='ocrx_word' id='word_1_891' title='bbox 1888 3025 1919 3060; x_wconf 92' lang='lat' dir='ltr'>O</span> <span class='ocrx_word' id='word_1_892' title='bbox 1939 3024 2070 3069; x_wconf 80' lang='grc' dir='ltr'>λῃστὴς</span> <span class='ocrx_word' id='word_1_893' title='bbox 2090 3020 2200 3073; x_wconf 80' lang='grc' dir='ltr'>ἀρχὰς</span> <span class='ocrx_word' id='word_1_894' title='bbox 2219 3021 2277 3058; x_wconf 78' lang='grc' dir='ltr'>καὶ</span> <span class='ocrx_word' id='word_1_895' title='bbox 2291 3019 2388 3064; x_wconf 82' lang='grc' dir='ltr'>ἐξου-</span> 
     </span>
     <span class='ocr_line' id='line_1_125' title="bbox 1371 3073 2390 3126; baseline -0.001 -15"><span class='ocrx_word' id='word_1_896' title='bbox 1371 3074 1445 3117; x_wconf 84' lang='grc' dir='ltr'>σίας</span> <span class='ocrx_word' id='word_1_897' title='bbox 1466 3076 1528 3112; x_wconf 76' lang='grc' dir='ltr'>οῡκ</span> <span class='ocrx_word' id='word_1_898' title='bbox 1549 3075 1697 3126; x_wconf 79' lang='grc' dir='ltr'>ᾐδέσθη,</span> <span class='ocrx_word' id='word_1_899' title='bbox 1724 3075 1782 3113; x_wconf 81' lang='grc' dir='ltr'>καὶ</span> <span class='ocrx_word' id='word_1_900' title='bbox 1812 3079 1829 3112; x_wconf 88' lang='grc' dir='ltr'>ὁ</span> <span class='ocrx_word' id='word_1_901' title='bbox 1854 3075 1987 3126; x_wconf 88' lang='grc' dir='ltr'>Πέτρος</span> <span class='ocrx_word' id='word_1_902' title='bbox 2018 3074 2164 3120; x_wconf 85' lang='grc' dir='ltr'>ἀπειλὴν</span> <span class='ocrx_word' id='word_1_903' title='bbox 2193 3073 2297 3123; x_wconf 78' lang='grc' dir='ltr'>κόρης</span> <span class='ocrx_word' id='word_1_904' title='bbox 2327 3075 2390 3110; x_wconf 78' lang='grc' dir='ltr'>οὐκ</span> 
     </span>
     <span class='ocr_line' id='line_1_126' title="bbox 1370 3125 2386 3183; baseline -0.002 -19"><span class='ocrx_word' id='word_1_905' title='bbox 1370 3127 1559 3183; x_wconf 49' lang='grc' dir='ltr'>ὑπήνεγκεν</span> <span class='ocrx_word' id='word_1_906' title='bbox 1577 3144 1583 3150; x_wconf 92' lang='grc'>·</span> <span class='ocrx_word' id='word_1_907' title='bbox 1601 3131 1618 3165; x_wconf 79' lang='grc' dir='ltr'>ὃ</span> <span class='ocrx_word' id='word_1_908' title='bbox 1633 3127 1763 3178; x_wconf 77' lang='grc' dir='ltr'>λῃστὴς</span> <span class='ocrx_word' id='word_1_909' title='bbox 1795 3127 1935 3178; x_wconf 80' lang='grc' dir='ltr'>ἔκραξε,</span> <span class='ocrx_word' id='word_1_910' title='bbox 1966 3126 2072 3178; x_wconf 80' lang='grc' dir='ltr'>Κύριε</span> <span class='ocrx_word' id='word_1_911' title='bbox 2087 3156 2095 3172; x_wconf 91' lang='grc'>,</span> <span class='ocrx_word' id='word_1_912' title='bbox 2119 3125 2178 3164; x_wconf 80' lang='grc' dir='ltr'>καὶ</span> <span class='ocrx_word' id='word_1_913' title='bbox 2197 3128 2214 3163; x_wconf 86' lang='grc' dir='ltr'>ὁ</span> <span class='ocrx_word' id='word_1_914' title='bbox 2234 3125 2386 3177; x_wconf 85' lang='grc' dir='ltr'>Πέτρος,</span> 
     </span>
     <span class='ocr_line' id='line_1_127' title="bbox 1369 3176 2385 3231; baseline -0.001 -16"><span class='ocrx_word' id='word_1_915' title='bbox 1369 3181 1445 3217; x_wconf 81' lang='grc' dir='ltr'>Οὐκ</span> <span class='ocrx_word' id='word_1_916' title='bbox 1461 3181 1536 3217; x_wconf 84' lang='grc' dir='ltr'>οἰδα</span> <span class='ocrx_word' id='word_1_917' title='bbox 1556 3180 1612 3218; x_wconf 76' lang='grc' dir='ltr'>τὸν</span> <span class='ocrx_word' id='word_1_918' title='bbox 1634 3180 1812 3231; x_wconf 77' lang='grc' dir='ltr'>ἄνθρωπον</span> <span class='ocrx_word' id='word_1_919' title='bbox 1841 3184 1971 3225; x_wconf 88' lang='grc' dir='ltr'>τοῦτον,</span> <span class='ocrx_word' id='word_1_920' title='bbox 1991 3179 2026 3216; x_wconf 85' lang='grc' dir='ltr'>δν</span> <span class='ocrx_word' id='word_1_921' title='bbox 2056 3177 2123 3230; x_wconf 79' lang='grc' dir='ltr'>πρὸ</span> <span class='ocrx_word' id='word_1_922' title='bbox 2152 3182 2274 3229; x_wconf 87' lang='grc' dir='ltr'>μικροῦ</span> <span class='ocrx_word' id='word_1_923' title='bbox 2302 3176 2385 3215; x_wconf 81' lang='grc' dir='ltr'>Υἱὸν</span> 
     </span>
     <span class='ocr_line' id='line_1_128' title="bbox 1369 3230 2384 3284; baseline -0.002 -16"><span class='ocrx_word' id='word_1_924' title='bbox 1369 3234 1461 3269; x_wconf 60' lang='grc' dir='ltr'>(θεοῦ</span> <span class='ocrx_word' id='word_1_925' title='bbox 1481 3231 1610 3270; x_wconf 80' lang='grc' dir='ltr'>ἐκάλει.</span> <span class='ocrx_word' id='word_1_926' title='bbox 1640 3231 1774 3284; x_wconf 84' lang='grc' dir='ltr'>Πέτρος</span> <span class='ocrx_word' id='word_1_927' title='bbox 1797 3234 1814 3269; x_wconf 82' lang='grc' dir='ltr'>ὁ</span> <span class='ocrx_word' id='word_1_928' title='bbox 1838 3231 1894 3270; x_wconf 75' lang='grc' dir='ltr'>διὰ</span> <span class='ocrx_word' id='word_1_929' title='bbox 1922 3231 2097 3277; x_wconf 88' lang='grc' dir='ltr'>θαλάσσης</span> <span class='ocrx_word' id='word_1_930' title='bbox 2125 3230 2384 3283; x_wconf 89' lang='grc' dir='ltr'>περιπατήσας,</span> 
     </span>
     <span class='ocr_line' id='line_1_129' title="bbox 1367 3282 2385 3336; baseline -0.002 -16"><span class='ocrx_word' id='word_1_931' title='bbox 1367 3283 1424 3321; x_wconf 75' lang='grc' dir='ltr'>τὸν</span> <span class='ocrx_word' id='word_1_932' title='bbox 1446 3284 1658 3328; x_wconf 65' lang='grc' dir='ltr'>πεξεύσαντα</span> <span class='ocrx_word' id='word_1_933' title='bbox 1692 3285 1753 3331; x_wconf 75' lang='grc' dir='ltr'>τὴν</span> <span class='ocrx_word' id='word_1_934' title='bbox 1783 3283 1889 3335; x_wconf 79' lang='grc' dir='ltr'>ὑγρὰν</span> <span class='ocrx_word' id='word_1_935' title='bbox 1920 3283 2020 3335; x_wconf 73' lang='grc' dir='ltr'>φύσιν</span> <span class='ocrx_word' id='word_1_936' title='bbox 2054 3283 2248 3336; x_wconf 84' lang='grc' dir='ltr'>ἠρνήσατο·</span> <span class='ocrx_word' id='word_1_937' title='bbox 2280 3282 2339 3319; x_wconf 83' lang='grc' dir='ltr'>καὶ</span> <span class='ocrx_word' id='word_1_938' title='bbox 2367 3285 2385 3319; x_wconf 85' lang='grc' dir='ltr'>ὁ</span> 
     </span>
     <span class='ocr_line' id='line_1_130' title="bbox 1367 3333 2385 3387; baseline -0.002 -15"><span class='ocrx_word' id='word_1_939' title='bbox 1367 3337 1498 3387; x_wconf 82' lang='grc' dir='ltr'>λῃστὴς</span> <span class='ocrx_word' id='word_1_940' title='bbox 1514 3339 1574 3374; x_wconf 81' lang='grc' dir='ltr'>οὐκ</span> <span class='ocrx_word' id='word_1_941' title='bbox 1592 3337 1649 3374; x_wconf 84' lang='grc' dir='ltr'>ἐπὶ</span> <span class='ocrx_word' id='word_1_942' title='bbox 1668 3339 1761 3374; x_wconf 79' lang='grc' dir='ltr'>νῶτα</span> <span class='ocrx_word' id='word_1_943' title='bbox 1778 3336 1951 3383; x_wconf 88' lang='grc' dir='ltr'>θαλάσσης</span> <span class='ocrx_word' id='word_1_944' title='bbox 1969 3335 2129 3387; x_wconf 83' lang='grc' dir='ltr'>βαδίσας,</span> <span class='ocrx_word' id='word_1_945' title='bbox 2153 3335 2228 3372; x_wconf 84' lang='grc' dir='ltr'>ἀλλ’</span> <span class='ocrx_word' id='word_1_946' title='bbox 2247 3333 2304 3372; x_wconf 78' lang='grc' dir='ltr'>ἐπὶ</span> <span class='ocrx_word' id='word_1_947' title='bbox 2323 3333 2385 3377; x_wconf 86' lang='grc' dir='ltr'>τὰς</span> 
     </span>
     <span class='ocr_line' id='line_1_131' title="bbox 1366 3386 2385 3441; baseline -0.001 -17"><span class='ocrx_word' id='word_1_948' title='bbox 1366 3391 1434 3425; x_wconf 83' lang='grc' dir='ltr'>τῶν</span> <span class='ocrx_word' id='word_1_949' title='bbox 1458 3389 1632 3426; x_wconf 87' lang='grc' dir='ltr'>πλουσίων</span> <span class='ocrx_word' id='word_1_950' title='bbox 1650 3389 1778 3436; x_wconf 89' lang='grc' dir='ltr'>πύλας,</span> <span class='ocrx_word' id='word_1_951' title='bbox 1799 3389 1940 3441; x_wconf 82' lang='grc' dir='ltr'>ἔκραζε,</span> <span class='ocrx_word' id='word_1_952' title='bbox 1975 3388 2092 3441; x_wconf 87' lang='grc' dir='ltr'>Κύριε.</span> <span class='ocrx_word' id='word_1_953' title='bbox 2120 3389 2166 3425; x_wconf 80' lang='grc' dir='ltr'>Οἱ</span> <span class='ocrx_word' id='word_1_954' title='bbox 2191 3386 2255 3424; x_wconf 80' lang='grc' dir='ltr'>υἱοὶ</span> <span class='ocrx_word' id='word_1_955' title='bbox 2277 3387 2385 3424; x_wconf 64' lang='lat' dir='ltr'>Ze&amp;-</span> 
     </span>
     <span class='ocr_line' id='line_1_132' title="bbox 1367 3438 2385 3491; baseline 0.002 -15"><span class='ocrx_word' id='word_1_956' title='bbox 1367 3440 1483 3488; x_wconf 72' lang='grc' dir='ltr'>δαίου,</span> <span class='ocrx_word' id='word_1_957' title='bbox 1516 3443 1546 3478; x_wconf 85' lang='grc' dir='ltr'>οἱ</span> <span class='ocrx_word' id='word_1_958' title='bbox 1570 3441 1746 3491; x_wconf 72' lang='grc' dir='ltr'>λέγοντες,</span> <span class='ocrx_word' id='word_1_959' title='bbox 1765 3441 1949 3491; x_wconf 80' lang='grc' dir='ltr'>Δυνάμεθα</span> <span class='ocrx_word' id='word_1_960' title='bbox 1984 3446 2073 3480; x_wconf 68' lang='grc' dir='ltr'>πιεῖν</span> <span class='ocrx_word' id='word_1_961' title='bbox 2098 3438 2137 3478; x_wconf 81' lang='grc' dir='ltr'>τὸ</span> <span class='ocrx_word' id='word_1_962' title='bbox 2167 3438 2345 3491; x_wconf 86' lang='grc' dir='ltr'>ποτήριον,</span> <span class='ocrx_word' id='word_1_963' title='bbox 2367 3439 2385 3478; x_wconf 81' lang='grc' dir='ltr'>ὃ</span> 
     </span>
    </p>
   </div>
  </div>
 </body>
</html>
