2481 3678
636 193 675 221 lx
714 194 922 224 ,ΙΟΑΝΝΙΣΜ
962 194 1115 223 iioMtL.
1156 195 1329 224 Lxxvii.
1369 181 1430 225 [ll.

105 270 215 316 νεξίας
237 272 421 324 συνάγουσι
436 272 478 311 τὰ
501 274 603 320 ὄντα,
620 274 679 311 καὶ
698 275 783 327 πρὸς
807 275 869 322 τὴν
893 274 1127 325 ἐλεημοσύνην

103 333 188 370 εἰσὶν
207 333 346 384 ὀκνηροὶ
377 327 490 370 οῦτοι·
512 337 529 371 ὁ
555 333 622 386 γὰρ
653 335 742 372 οὕτω
774 335 894 386 μαθὼν
924 335 1128 388 κερδαίνειν,

102 394 299 432 ἀναλίσκειν
321 397 381 432 οὐκ
400 388 481 432 οἶδε.
502 396 585 439 Πῶς
604 395 670 447 γὰρ
693 397 732 434 ἄν
761 413 812 440 τις
841 396 1128 448 παρεσκευασμέ-

102 468 158 496 νος
175 456 222 496 εἰς
243 454 417 507 ἁρπαγὴν,
437 456 522 506 πρὸς
536 456 575 494 τὸ
592 456 742 494 ἐναντίον
761 457 880 494 ἑαυτὸν
912 455 1127 508 ῥυθμίσειεν;

101 517 119 551 ὃ
133 514 200 567 γὰρ
220 514 264 552 τὰ
285 518 371 567 παρ’
396 515 522 567 ἑτέρων
539 517 744 567 λαμῧάνων,
769 520 843 560 πῶς
872 517 1054 563 δυνήσεται
1082 515 1126 553 τὰ

102 577 223 613 ἑαυτοῦ
255 576 422 627 προέσθαι
456 577 578 631 ἑτέρῳ;
614 578 684 616 Καὶ
712 578 779 631 γὰρ
810 577 900 616 κύων
934 576 1126 627 μελετήσας

101 639 240 689 σαρκῶν
268 637 520 689 ἀπογεύεσθαι,
542 640 726 691 φυλάττειν
747 638 861 676 οὐκέτι
893 636 1034 674 δύναται
1063 637 1126 684 τὴν

102 697 247 745 ἀγέλην·
272 698 329 737 διὰ
349 703 447 737 τοῦτο
467 699 543 743 τοὺς
577 700 748 743 τοιούτους
776 698 835 737 καὶ
866 701 1063 750 ἀναιροῦσιν
1097 702 1127 736 οἱ

100 758 274 808 ποιμένες.
295 758 414 812 ”(.)περ
443 760 498 798 ἵνα
522 760 569 811 μὴ
590 761 648 798 καὶ
675 765 777 810 ἡμεῖς
797 760 1005 821 πάσχωμεν,
1035 762 1125 798 ἀπο-

100 818 269 870 σχώμεθα
291 823 352 866 τῆς
371 821 531 868 τοιαύτης
548 821 672 867 θοίνης.
692 821 760 859 Καὶ
777 820 917 874 γὰρκαὶ
933 823 1026 858 οὗτοι
1046 836 1128 872 σαρ-

100 882 171 916 κῶν
199 880 447 931 ἀπογεύονται,
471 884 502 919 οἱ
528 882 585 919 τὸν
617 881 673 919 διὰ
706 882 810 932 λιμοῦ
839 881 985 919 θάνατον
1013 884 1129 920 ἐπεισ-

106 939 257 990 άγοντες.
277 943 358 992 Οὐχ
376 944 458 994 ὁρᾷς
479 944 553 985 πῶς
580 941 696 980 πάντα
725 941 824 980 κοινὰ
854 946 938 991 ἡμῖν
961 943 1086 987 ἀνῆκεν
1111 946 1128 980 ὁ

99 999 212 1048 Θεός,
236 1002 279 1039 Εἰ
304 1001 371 1053 γὰρ
387 1005 420 1040 ἐν
436 1002 616 1054 χρήμασιν
641 1003 734 1041 εἴασε
760 1003 945 1051 πένεσθαι,
965 1003 1025 1040 καὶ
1047 1003 1128 1041 αὐτὸ

98 1063 161 1107 τῆς
186 1065 254 1099 τῶν
277 1061 515 1101 πλουτούντων
539 1063 639 1101 ἕνεκα
666 1064 911 1117 παραμυθίας,
931 1063 986 1102 ἵνα
1018 1065 1126 1116 ἔχωσι

99 1123 156 1159 διὰ
175 1126 236 1170 τῆς
252 1125 299 1167 εἷς
313 1123 460 1168 ἐκείνους
479 1124 712 1174 ἐλεημοσύνης
729 1125 938 1163 ἀποδύεσθαι
953 1125 996 1163 τὰ
1013 1125 1126 1177 ἆμαρ-

98 1183 252 1233 τήματα.
274 1184 324 1223 Σὺ
359 1185 394 1223 δὲ
413 1185 474 1223 καὶ
504 1189 536 1223 ἐν
557 1185 669 1238 τούτῳ
690 1186 784 1237 ὠμὸς
806 1186 864 1224 καὶ
895 1186 1125 1238 ἀπάνθρωπος

98 1245 254 1296 γέγονας.
273 1246 380 1284 ζὈθεν
398 1247 500 1293 δῆλον
521 1246 572 1284 ὅτι
593 1249 621 1284 εἶ
634 1247 694 1285 καὶ
710 1250 742 1286 ἐν
762 1253 833 1291 τοῖς
853 1247 983 1298 μείζοσι
997 1247 1124 1294 ταύτην

99 1305 219 1350 ἔλαὸες
239 1306 302 1354 τὴν
319 1307 486 1355 ἐξουσίαν,
509 1307 650 1360 μυρίους
671 1308 710 1346 ἂν
732 1309 885 1361 εἰργάσω
905 1308 1044 1359 φόνους,
1066 1309 1126 1346 καὶ

99 1367 138 1404 τὸ
152 1371 222 1419 φῶς
237 1368 295 1405 καὶ
314 1368 376 1415 τὴν
400 1368 489 1414 ζωὴν
520 1369 659 1407 ἅπασαν
689 1369 913 1412 ἀπέκλεισας.
930 1368 1049 1421 ἰὈπερ
1069 1368 1126 1406 ἵνα

100 1427 149 1478 μὴ
170 1428 335 1480 γένηται,
359 1430 495 1481 ἀνάγκη
516 1429 578 1476 τὴν
608 1432 643 1467 ἐν
664 1429 805 1472 ἐκείνοις
836 1430 1032 1476 ἀπληστίαν
1056 1430 1126 1468 διέ-

97 1491 214 1542 κοψεν.
234 1491 278 1528 Εἰ
304 1491 339 1528 δὲ
362 1493 499 1542 ἀλγεῖτε
524 1496 633 1529 ταῦτα
667 1490 846 1533 ἀκούοντες
860 1521 869 1538 ,
887 1492 1006 1543 πολλῷ
1037 1493 1125 1541 μᾶλ-

97 1553 155 1589 λον
178 1551 246 1603 ἐγὼ
261 1556 371 1590 ταῦτα
390 1552 555 1603 γινόμενα
570 1554 670 1604 ὁρῶν.
689 1551 810 1604 Μέχρι
828 1551 933 1589 8πότε
949 1549 990 1588 σὺ
1013 1551 1125 1589 πλού-

97 1627 187 1660 σιος,
203 1615 359 1657 κάκεῖνος
379 1613 504 1660 πένης;
525 1612 645 1665 Μέχρι
661 1617 722 1659 τῆς
743 1612 891 1665 ἑσπέρας
906 1643 915 1660 ,
927 1611 1124 1665 περαιτέρω

99 1673 134 1712 δὲ
151 1675 213 1712 οὐκ
233 1674 298 1712 ἔτι.
320 1674 425 1712 Οὕτω
444 1674 510 1728 γὰρ
527 1673 659 1726 βραχὺς
677 1674 696 1692 *
710 1677 728 1712 ὃ
749 1674 833 1725 βίος,
854 1673 914 1712 καὶ
935 1673 1123 1734 πάνταωὲπὶ

98 1734 216 1786 θύραις
232 1735 358 1782 ἕστηκε
372 1736 504 1783 λοιπὸν,
523 1738 569 1779 ὡς
595 1735 688 1789 ὥραν
705 1738 872 1788 βραχεῖαν
888 1736 926 1774 τὸ
942 1742 1010 1773 πᾶν
1034 1737 1121 1772 εἶναι

96 1796 309 1846 νομίζεσθαι.
342 1796 390 1834 Τί
419 1813 472 1834 σοι
505 1797 554 1833 δεῖ
583 1796 750 1847 ταμιείων
781 1796 1028 1851 ἐρευγομένων,
1061 1796 1121 1834 καὶ

98 1857 250 1903 πλήθους
288 1859 430 1895 οἰκετῶν
458 1856 518 1895 καὶ
551 1857 763 1908 οἰκονόμων,
796 1858 889 1895 διατί
909 1857 959 1908 μὴ
981 1857 1125 1910 μυρίους

96 1917 186 1970 ἔχεις
205 1918 359 1970 κήρυκας
379 1920 441 1964 τῆς
463 1917 783 1969 ἐλεημοσύνηςς-Τὸ
801 1918 863 1968 μὲν
879 1918 946 1970 γὰρ
965 1923 1119 1969 ταμιεῖον

95 1980 256 2030 οὐδεμίαν
281 1979 421 2032 ἀφίησιν
449 1979 578 2031 φωνὴν,
603 1980 692 2018 ἀλλὰ
721 1979 779 2017 καὶ
797 1979 944 2023 πολλοὺς
971 1979 1121 2018 ἐπισπά-

95 2057 193 2078 σεται
212 2041 342 2093 λῃστάς
354 2057 361 2064 ·
377 2041 421 2078 τὰ
437 2040 473 2079 δὲ
486 2044 554 2079 τῶν
581 2040 739 2087 πενήτων
754 2047 896 2091 ταμιεῖα
914 2041 997 2093 πρὸς
1019 2041 1119 2079 αὐτὸν

95 2102 309 2149 &vag-ficerat
326 2102 382 2140 τὸν
401 2102 507 2149 Θεὸν,
525 2101 584 2140 καὶ
609 2101 693 2149 ἡδὺν
718 2102 775 2140 τὸν
796 2101 952 2154 παρόντα
971 2102 1119 2155 ἐργάσε-

93 2178 151 2200 ται
173 2162 258 2213 βίον,
276 2163 336 2201 καὶ
351 2163 466 2202 πάντα
487 2162 585 2201 λύσει
604 2162 648 2200 τὰ
669 2163 925 2216 ἁμαρτήματα,
941 2164 1000 2202 καὶ
1021 2163 1119 2208 δόξαν

93 2223 192 2274 παρὰ
214 2226 315 2276 Θεῷ,
331 2224 391 2262 καὶ
409 2223 515 2275 τιμὴν
533 2223 631 2276 παρὰ
649 2223 844 2276 ἀνθρώποις
864 2224 961 2263 οἴσει.
983 2224 1030 2263 Τί
1043 2224 1119 2262 τοί-

92 2298 150 2321 νυν
173 2289 305 2337 φθονεῖς
333 2289 468 2338 σεαυτῷ
495 2285 666 2324 τοσούτων
689 2289 849 2338 ἀγαθῶν,
871 2289 924 2325 Οὐ
943 2287 1010 2339 γὰρ
1030 2286 1119 2325 ἐκεί-

91 2361 168 2389 νους
180 2376 190 2394 ,
208 2347 297 2385 ἀλλὰ
313 2347 437 2385 σαυτὸν
453 2347 647 2394 εὖποιήσεις
662 2348 827 2398 μειζόνως
838 2379 848 2396 ,
866 2348 1014 2393 ἐκείνους
1029 2352 1120 2402 εὔερ-

90 2408 211 2456 γετῶν.
249 2410 332 2451 Τοῖς
370 2408 431 2459 μὲν
466 2408 534 2462 γὰρ
568 2408 612 2446 τὰ
655 2409 813 2462 παρόντα
852 2409 1122 2464 ἐπανορθώσεις,

93 2470 210 2520 σαυτῷ
231 2468 266 2506 δὲ
293 2468 357 2515 τὴν
378 2469 571 2520 μέλλουσαν
594 2469 691 2514 δόξαν
725 2470 785 2508 καὶ
814 2471 1013 2522 παῤῥησίαν
1034 2486 1122 2523 προ-

93 2529 271 2581 αποθήσῃ·
295 2524 335 2575 ἧς
363 2529 495 2580 γένοιτο
518 2529 652 2573 πάντας
672 2533 765 2580 ἡμᾶς
796 2533 984 2583 ἐπιτυχεῖν,
1004 2532 1124 2584 χάριτι

92 2588 154 2627 καὶ
175 2590 417 2642 φιλανθρωπίᾳ
445 2594 504 2629 τοῦ
524 2590 654 2642 Κυρίου
677 2593 778 2640 ἡμῶν
813 2590 928 2637 Ἰησοῦ
949 2594 1121 2643 Χριστοῦ,

88 2644 120 2702 ᾧ
139 2654 160 2697 ἡ
182 2650 262 2695 δόξα
289 2651 348 2690 καὶ
380 2651 419 2690 τὸ
439 2651 565 2704 κράτος
579 2654 626 2696 εἷς
649 2651 727 2695 τοὺς
744 2654 883 2696 αἰῶνας.
905 2653 1027 2704 Ἀμήν.

133 2785 146 2799 a
171 2774 315 2816 Quidam
335 2784 407 2812 πότε
423 2780 569 2816 πλούσιος.

135 2827 150 2842 *
175 2826 327 2868 [Plenius
341 2828 442 2862 Savil.
463 2838 495 2863 et
511 2830 620 2864 Codd.
648 2833 751 2864 nostri
767 2836 780 2866 ὁ
796 2838 876 2876 βίος,
896 2838 943 2867 καὶ
960 2839 1058 2868 πάντα
1075 2839 1103 2867 ἐν

279 3396 367 3420 ὶυῆῑ.
403 3398 493 3421 Viti.

1152 947 1175 977 C

1475 198 1623 227 mxvi.
2104 189 2189 236 523

1203 289 1266 326 per
1279 277 1468 314 avaritiam
1487 278 1675 329 colligunt,
1696 280 1740 317 ad
1760 282 2019 334 eleemosynam
2037 295 2117 323 sunt
2135 288 2191 338 pi-

1203 336 1256 386 gri
1280 352 1287 372 :
1313 351 1395 374 nam
1426 339 1489 388 qui
1519 339 1567 376 ita
1588 339 1719 378 lucrari
1751 341 1891 392 didicit,
1912 346 2111 396 expendere
2134 363 2192 385 ne-

1201 396 1278 434 scit.
1303 398 1493 443 Quomodo
1513 400 1607 437 enim
1630 402 1681 438 sic
1705 401 1751 439 ad
1780 402 1941 454 rapinam
1967 416 2126 456 paratus,
2147 408 2192 445 ad

1200 459 1418 497 contrarium
1441 475 1476 498 se
1495 463 1735 500 converterit?
1753 463 1813 514 qui
1839 464 1954 502 aliena
1984 467 2091 517 rapit,
2108 483 2192 517 quo-

1199 520 1307 558 modo
1326 535 1389 558 sua
1410 521 1471 559 alii
1498 521 1625 560 dabit?
1642 523 1784 562 Etenim
1809 526 1906 563 canis
1936 527 1997 577 qui
2027 529 2193 567 carnibus

1207 581 1304 619 vesci
1321 582 1489 632 assuevit,
1503 598 1572 621 non
1590 585 1682 622 ultra
1699 595 1811 638 potest
1829 601 1970 639 gregem
1992 589 2169 627 custodire
2186 613 2192 632 ς

1201 640 1280 679 ideo
1307 656 1365 680 eos
1393 644 1455 694 qui
1483 644 1693 697 hujusmodi
1721 657 1803 684 sunt
1834 658 1992 700 pastores
2019 659 2187 688 mactant.

1202 702 1308 749 Quod
1329 718 1371 742 ne
1386 719 1449 743 nos
1469 706 1576 744 etiam
1595 707 1786 758 patiamur,
1801 723 1821 745 a
1839 709 1901 747 tali
1923 710 2003 748 cibo
2019 711 2194 750 abstinea-

1203 779 1293 803 mus.
1310 767 1402 803 Nam
1420 766 1459 804 hi
1479 768 1646 806 carnibus
1672 780 1877 823 vescuntur,
1897 773 1959 822 qui
1986 788 2048 825 per
2067 775 2195 812 famem

1203 836 1353 865 mortem
1369 827 1556 867 inducunt.
1568 831 1648 868 Non
1659 831 1760 870 vides
1775 833 1954 883 quomodo
1966 836 2083 872 omnia
2098 850 2194 874 com-

1203 888 1324 926 munia
1342 889 1444 927 nobis
1464 892 1560 929 Deus
1578 893 1766 944 permisit?
1778 895 1870 931 Nam
1884 895 1913 932 si
1935 910 2105 948 pauperes
2122 912 2195 935 esse

1201 950 1375 1001 permisit,
1391 950 1428 988 id
1449 952 1482 989 in
1504 952 1663 991 divitum
1686 955 1838 1006 gratiam
1872 956 1966 1005 feeit,
1988 967 2026 994 ut
2055 969 2193 1010 possent

1199 1024 1264 1062 per
1281 1011 1544 1066 eleemosynam
1566 1023 1711 1066 peccata
1732 1015 1921 1068 deponere.
1946 1018 2004 1055 Tu
2025 1033 2109 1057 vero
2129 1020 2194 1057 hae

1202 1071 1238 1109 in
1259 1087 1296 1110 re
1319 1073 1473 1113 crudelis
1492 1084 1526 1113 et
1540 1075 1758 1115 inhumanus
1771 1092 1817 1115 es.
1839 1078 1945 1116 Unde
1964 1080 2076 1131 liquet
2096 1090 2143 1130 te,
2165 1082 2193 1119 si

1201 1132 1237 1170 in
1257 1134 1454 1186 majoribus
1472 1135 1564 1174 hanc
1584 1136 1732 1175 haberes
1750 1147 1970 1190 potestatem,
1991 1141 2194 1180 innumeras

1200 1193 1443 1234 admissurum
1470 1197 1594 1246 caedes,
1615 1208 1648 1236 et
1674 1199 1790 1237 lucem
1812 1200 1997 1251 vitamque
2028 1203 2194 1241 omnibus

1201 1254 1479 1296 interclusurum
1507 1259 1628 1297 fuisse.
1651 1260 1758 1308 Quod
1778 1276 1822 1299 ne
1844 1263 1957 1313 fieret,
1980 1263 2193 1303 insatiabili—

1199 1317 1262 1355 tati
1289 1318 1351 1356 tali
1378 1319 1477 1357 viam
1501 1321 1677 1372 praecidit.
1711 1323 1821 1371 Quod
1845 1324 1874 1361 si
1906 1324 1982 1362 haec
2008 1326 2193 1365 audientes

1198 1391 1290 1428 aegre
1320 1379 1432 1430 fertis,
1449 1382 1562 1419 multo
1593 1383 1707 1434 magis
1742 1398 1818 1435 ego,
1836 1385 1899 1436 qui
1928 1385 2004 1423 haec
2037 1387 2190 1425 videam.

1198 1438 1393 1489 Quousque
1410 1449 1447 1477 tu
1465 1441 1582 1491 dives,
1602 1442 1662 1480 ille
1680 1458 1817 1496 pauper
1829 1445 1919 1483 erit?
1932 1448 2054 1497 Usque
2072 1447 2118 1484 ad
2133 1462 2192 1485 ve-

1198 1499 1521 1549 speram:ulterius
1544 1516 1615 1540 non
1645 1502 1739 1541 licet.
1761 1504 1857 1542 Adeo
1881 1505 1977 1542 enim
1996 1506 2117 1545 brevis
2142 1519 2193 1546 est

1198 1558 1285 1607 vita,
1310 1569 1343 1598 et
1361 1561 1482 1599 omnia
1497 1563 1574 1614 jam
1599 1562 1636 1601 in
1651 1564 1773 1616 januis
1793 1575 1891 1615 sunt,
1915 1576 1953 1604 ut
1973 1567 2093 1606 brevis
2106 1570 2193 1607 hora

1198 1620 1316 1658 omnia
1335 1621 1574 1662 existimanda
1591 1623 1672 1662 sint.
1690 1625 1790 1673 Quid
1805 1626 1872 1663 tibi
1889 1641 1978 1678 opus
1997 1637 2047 1665 est
2062 1629 2193 1667 redun-

1196 1679 1303 1718 dante
1333 1696 1427 1735 penu
1444 1713 1454 1731 ,
1494 1684 1584 1734 quid
1619 1699 1805 1724 servorum
1841 1696 1874 1724 et
1907 1686 2192 1740 dispensatorum

1192 1743 1323 1795 grege.o
1337 1757 1400 1781 cur
1420 1758 1489 1782 non
1509 1745 1627 1797 potius
1645 1746 1712 1784 tibi
1731 1747 1830 1785 mille
1848 1749 2078 1802 eleemosynae
2098 1766 2192 1804 prce-

1194 1816 1297 1840 cones
1313 1806 1521 1858 comparas?
1533 1807 1649 1845 Penus
1667 1808 1806 1846 nullam
1825 1810 1956 1848 emittit
1973 1825 2111 1860 vocem,
2127 1814 2189 1851 sed

1191 1864 1287 1903 fures
1299 1866 1430 1904 multos
1444 1866 1557 1906 allicit
1569 1883 1697 1921 :penus
1705 1884 1788 1909 vcro
1796 1885 1995 1923 pauperum
2012 1873 2058 1910 ad
2072 1875 2188 1912 Deum

1192 1926 1312 1978 ipsum
1332 1928 1503 1980 aseendit,
1525 1940 1734 1982 praesentem
1752 1932 1865 1971 vitam
1882 1933 2002 1971 reddit
2024 1949 2187 1983 suavem,

1193 1990 1383 2041 omniaque
1411 1991 1524 2030 solvet
1543 2003 1698 2044 peccata,
1713 2008 1755 2032 ac
1771 1995 1923 2046 gloriam
1941 1996 2038 2048 apud
2056 1999 2187 2047 Deum,

1193 2051 1363 2090 honorem
1384 2053 1480 2105 apud
1502 2054 1663 2092 homines
1688 2056 1821 2093 afferet.
1843 2057 1916 2094 Cur
1936 2072 2019 2109 ergo
2038 2059 2103 2096 tihi
2138 2068 2188 2099 tot

1192 2112 1284 2150 bona
1301 2113 1466 2152 invides?
1481 2115 1567 2153 Tibi
1587 2115 1810 2168 enim¹longe
1830 2118 1943 2169 magis
1959 2134 2066 2169 quam
2090 2135 2184 2172 pau-

1192 2174 1338 2226 peribus
1374 2176 1588 2214 beneficium
1615 2186 1782 2230 praestas:
1811 2177 1882 2216 illis
1912 2194 2065 2231 namque
2099 2196 2185 2233 prae-

1193 2236 1303 2274 sentia
1329 2237 1488 2290 largiris3
1519 2238 1585 2276 tibi
1618 2253 1701 2278 vero
1728 2240 1884 2278 futuram
1906 2242 2058 2293 gloriam
2079 2252 2113 2280 et
2134 2243 2183 2281 fi-

1192 2297 1336 2337 duciam
1360 2314 1511 2352 apparas
1531 2315 1538 2336 :
1559 2315 1667 2351 quam
1687 2315 1749 2339 nos
1775 2316 1896 2340 omnes
1924 2303 2061 2341 utinam
2090 2318 2182 2342 asse-

1194 2374 1358 2410 quamur,
1374 2360 1488 2411 gratia
1517 2370 1551 2398 et
1577 2361 1794 2413 benignitate
1807 2363 1951 2401 Domini
1968 2364 2077 2402 nostri
2097 2367 2182 2404 Jesu

1195 2421 1342 2472 Christi,
1358 2422 1415 2461 cui
1432 2423 1545 2476 gloria
1568 2432 1601 2462 et
1623 2423 1812 2476 imperium
1828 2425 1863 2464 in
1890 2427 2032 2465 saecula.
2057 2428 2177 2465 Amen.

1173 2788 1323 2825 ἐσχάτοις,
1344 2787 1392 2817 καὶ
1409 2781 1535 2826 πάντα]

1937 3395 1970 3433 voc

1970 3396 1985 3431 u(
