2481 3678
277 179 360 224 13ss
708 192 745 223 S.

269 285 321 314 rat
342 290 379 313 ea
399 289 478 326 quae
494 274 681 323 dixerant,
700 288 846 327 nempe,
866 275 908 313 A
935 277 1107 313 Nazaret
1124 282 1247 326 potest

268 337 422 389 aliquid
441 338 532 374 boni
550 340 657 373 esse?
671 350 742 386 quo
759 336 861 373 illum
875 336 943 374 sibi
963 336 1118 374 maxime
1135 334 1248 373 eonci-

267 396 369 435 liavit
378 412 390 447 3
412 405 444 434 et
461 396 555 446 quod
572 395 674 433 illum
692 396 740 434 ita
762 396 961 447 loquentem
977 410 1044 433 non
1069 394 1248 446 improba-

267 458 381 506 verit,
416 456 478 495 sed
506 456 724 505 laudaverit,
756 456 975 507 miratusque
1007 455 1123 493 suerit.
1145 453 1249 492 Unde

268 519 352 557 hinc
377 518 483 556 etiam
511 532 592 557 vere
624 517 806 555 Christum
827 517 931 555 illum
959 531 1032 555 esse
1065 515 1248 566 cognovit,

269 590 345 618 tum
367 594 386 617 a
407 579 594 631 prophetia
608 609 616 626 ,
638 587 716 615 tum
730 578 824 628 quod
840 578 915 630 ejus
929 579 1135 616 sententiam
1149 590 1250 614 accu-

269 650 342 678 rate
375 640 596 692 exploraret,
636 652 707 688 quo
743 637 947 675 ostendebat
982 652 1017 676 se
1053 638 1113 675 illa
1146 637 1252 675 etiam

269 716 347 752 qua:
375 702 408 738 in
432 710 545 738 mente
577 708 675 737 erant
712 699 938 750 intelligere:
963 699 1006 737 ad
1037 700 1111 736 haec
1146 699 1252 737 ctiam

269 763 364 813 quod
391 777 429 800 ea
460 776 536 813 quse
557 761 631 813 ipse
650 760 746 813 apud
782 775 818 798 se
850 760 1020 811 loquutus
1047 770 1142 809 erat,
1184 773 1251 798 non

269 833 430 875 argueret
445 853 456 873 ,
479 823 551 860 imo
569 821 741 860 laudaret.
765 822 872 868 Quod
889 836 908 859 a
924 822 1091 874 Philippo
1109 831 1253 860 vocatus

269 886 412 933 fuisset,
434 885 471 922 id
486 884 604 933 dixit;
626 898 665 921 ea
685 897 769 922 vero
787 897 864 934 quae
878 892 1003 920 mutuo
1023 883 1161 933 loquuti
1179 884 1254 919 sue-

271 956 348 984 rant
363 946 471 983 missa
485 945 567 983 fecit
576 975 586 994 ,
602 946 678 997 ejus
693 944 911 982 conscientiae
928 943 1147 994 relinquens,
1159 941 1255 993 quod

270 1010 377 1047 nollet
397 1023 477 1046 eum
493 1008 648 1060 amplius
667 1021 824 1058 arguere.

323 1073 358 1109 5.
389 1071 489 1117 Quid
509 1070 641 1122 igitur?
660 1083 704 1108 an
734 1070 850 1107 solum
866 1084 947 1107 cum
973 1069 1165 1121 Philippus
1186 1083 1252 1107 vo-

271 1133 378 1181 cavit,
399 1147 481 1169 eum
494 1131 610 1170 vidit?
631 1145 746 1168 annon
766 1130 878 1167 etiam
902 1138 1004 1166 antea
1026 1129 1177 1167 insomni
1193 1130 1256 1167 illo

271 1195 374 1231 oculo
404 1193 572 1232 viderat?
598 1191 748 1231 Viderat
769 1204 872 1239 sane;
898 1190 1009 1239 idque
1029 1204 1132 1227 nemo
1159 1190 1257 1227 diffi-

272 1265 385 1293 teatur
406 1271 412 1291 :
432 1255 493 1292 sed
510 1253 570 1290 hic
594 1252 686 1289 illud
710 1260 847 1289 tantum
876 1251 973 1301 quod
994 1265 1084 1303 opus
1110 1260 1182 1289 erat
1203 1251 1258 1289 di·

271 1315 419 1353 cendum
435 1314 514 1352 fuit.
532 1313 630 1360 Quid
645 1326 728 1364 ergo
743 1312 829 1350 ille?
845 1311 937 1358 Quia
952 1311 1093 1363 signum
1109 1326 1177 1350 non
1193 1312 1258 1350 du-

271 1377 371 1415 bium
387 1375 613 1430 praescientiae
633 1375 708 1426 ejus
728 1382 922 1426 acceperat,
945 1372 991 1410 ad
1006 1373 1259 1414 conffissionem

271 1439 383 1489 venit,
405 1447 439 1475 et
451 1452 515 1490 per
531 1435 790 1475 cunctationem
810 1434 979 1486 priorem,
1000 1434 1259 1472 accurationem

273 1514 373 1537 suam
387 1497 586 1546 ostendens,
608 1506 640 1534 et
655 1505 779 1548 postea
800 1509 863 1547 per
882 1509 1090 1533 consensum
1105 1495 1260 1547 probita-

274 1571 343 1598 tem
360 1575 460 1598 suam
478 1559 661 1597 exhibens.
676 1558 767 1595 Nam
782 1555 976 1608 respondit,
995 1555 1126 1606 inquit,
1141 1565 1175 1593 et
1195 1556 1258 1604 ait,

274 1622 338 1659 49.
367 1623 503 1666 Rabbi,
528 1628 567 1657 tu
584 1632 622 1656 es
639 1619 766 1655 Filius
788 1618 874 1663 Dei,
899 1625 939 1654 lu
959 1630 997 1654 es
1020 1618 1101 1654 Rex
1117 1618 1254 1654 Israel.

276 1682 406 1720 Viden’
427 1680 583 1718 animam
603 1678 732 1730 gaudio
747 1677 997 1725 exsultantem,
1019 1686 1052 1714 et
1071 1677 1190 1715 verbis
1203 1679 1260 1716 Je-

275 1757 353 1780 sum
372 1741 661 1794 amplexantem?
676 1740 734 1776 Tu
753 1753 803 1789 es,
828 1738 1025 1788 inquit,ille
1039 1747 1260 1790 exspectatus

276 1813 308 1841 ct
322 1803 553 1841 desideratus.
574 1801 706 1840 Viden’
730 1808 946 1852 stupentem,
971 1799 1177 1849 mirantem,
1197 1814 1259 1837 ex-

277 1865 480 1914 sultantem,
502 1863 684 1901 salientem
702 1876 774 1914 prae
790 1860 997 1912 voluptate?
1017 1861 1071 1897 Ita
1091 1874 1153 1897 nos
1172 1874 1260 1911 quo-

276 1940 343 1977 que
358 1924 511 1975 gaudere
528 1931 675 1975 oportet,
689 1921 819 1972 quibus
832 1919 917 1957 Filii
932 1919 998 1957 Dei
1010 1918 1163 1970 cognitio
1178 1919 1262 1958 data

277 1995 344 2034 est3
367 1984 533 2035 gaudere,
560 1983 718 2033 inquam,
733 1994 802 2018 non
824 1989 940 2017 mente
950 1988 1107 2029 tantum,
1131 1979 1193 2017 sed
1207 1994 1261 2018 re-

278 2048 345 2084 hus
361 2046 447 2098 ipsis
461 2044 632 2096 gaudium
643 2043 777 2081 efferre.
792 2040 890 2087 Quid
904 2049 1020 2078 autem
1033 2039 1263 2091 gaudentium

130 2121 153 2147 G
159 2120 266 2147 reden-
282 2107 356 2144 (δι’)
375 2106 628 2156 Obtempelare
648 2104 678 2140 ei
698 2116 805 2153 quem
824 2101 926 2139 nosti.
946 2100 1176 2138 C1edentium
1200 2116 1263 2138 au-

79 2168 217 2195 ²¹¹¹¹¹¹⁰⁵¹
222 2161 270 2189 ¹¹¹³
286 2177 354 2206 tem
369 2176 433 2217 est,
449 2180 485 2203 ea
507 2166 630 2212 facere,
645 2177 723 2213 quoe
745 2160 922 2213 ipsevelit.
935 2162 1026 2198 Nam
1045 2160 1073 2197 si
1087 2174 1126 2197 ea
1138 2161 1265 2198 facturi

81 2205 177 2229 laceio
209 2213 271 2239 quae

80 2244 215 2271 Christus

82 2285 164 2315 xelit.

284 2242 418 2278 sumus,
442 2241 519 2278 qum
545 2225 663 2277 ipsum
682 2222 756 2261 ad
747 2236 836 2259 nam
858 2230 1063 2273 provocent
1087 2221 1265 2259 undenam

283 2289 507 2329 ostendemus
522 2300 584 2325 nos
600 2284 775 2338 gaudere?
794 2284 886 2321 Cum
900 2282 981 2333 quis
996 2281 1093 2320 domi
1110 2282 1265 2319 amicum

281 2351 428 2404 excipit,
459 2363 527 2387 non
547 2347 678 2387 videtis
700 2344 876 2397 quomodo
893 2357 974 2382 cum
995 2343 1126 2396 gaudio
1148 2343 1266 2381 omnia

280 2412 404 2457 saciat,
424 2410 580 2461 undique
601 2408 893 2455 circumcursans,
918 2405 1010 2442 nulli
1034 2405 1083 2442 rei
1108 2420 1265 2457 parcens,

282 2473 419 2511 etiamsi
439 2486 528 2524 opus
548 2470 593 2509 sit
612 2468 795 2507 facultates
811 2480 931 2505 omnes
953 2466 1166 2519 profundere
1173 2483 1185 2518 3
1207 2467 1266 2506 id-

281 2550 349 2585 que
372 2533 534 2570 utamico
544 2530 704 2583 placeat?
718 2529 825 2576 Quod
842 2528 870 2566 si
886 2528 1027 2567 vocanti
1045 2542 1112 2566 non
1133 2529 1268 2567 obtem-

282 2603 433 2647 peraret,
466 2607 578 2643 neque
600 2591 644 2629 ad
675 2592 750 2643 ejus
780 2590 951 2643 placitum
975 2590 1093 2627 omnia
1122 2591 1265 2637 faceret,

784 194 968 224 JOANle
1004 193 1245 223 CHRYSOST.
1278 190 1482 221 Alterum).
1520 190 1882 221 CONSTANTINOP-

1324 273 1424 310 αὐτὸν
1443 271 1646 316 ἀπεδέξατο·
1667 271 1685 290 *
1697 272 1756 310 καὶ
1771 273 1822 310 ὅτι
1841 276 1950 310 ταῦτα
1967 274 2070 310 αὐτοῦ
2090 272 2318 324 φθεγξαμένου
2330 304 2338 320 ,

1323 336 1359 372 οὐ
1380 332 1552 384 κατέγνω,
1589 335 1665 371 ἀλλ’
1691 332 1837 385 ἐπῄνεσε
1867 333 1925 371 καὶ
1956 332 2141 383 ἐθαύμασε.
2181 333 2244 371 Διὸ
2281 334 2339 371 καὶ

1323 402 1361 437 ἐκ
1387 398 1506 436 τούτου
1529 399 1691 446 συνεῖδεν,
1710 398 1763 437 ὅτι
1793 401 1811 435 ὃ
1832 398 1982 451 Χριστὸς
2001 398 2109 442 ὅντως
2142 398 2246 445 ἐστὶν,
2273 397 2342 435 ἀπό

1323 476 1360 498 τε
1377 461 1439 505 τῆς
1464 459 1708 512 προρρήσεως,
1728 458 1797 497 ἀπό
1812 475 1849 497 τε
1861 463 1921 497 τοῦ
1933 459 1996 505 τὴν
2025 457 2167 510 γνώμην
2185 458 2343 502 ἐξετάσαι

1326 520 1413 572 μετὰ
1429 520 1607 573 ἀκριὸείας
1622 525 1635 540 ³
1648 522 1750 558 αὐτοῦ
1763 534 1770 542 ·
1785 518 1870 572 ὅπερ
1886 518 2074 564 δεικνύντος
2089 514 2143 567 ἦν,
2161 519 2213 558 ὅτι
2228 518 2344 557 καὶτὰ

1316 584 1358 620 ’ἓν
1376 585 1418 634 τῇ
1443 581 1576 634 διανοίᾳ
1597 583 1698 619 αὐτοῦ
1721 580 1896 627 ἠπίστατο
1910 596 1917 603 “
1938 580 2051 624 ἄλλως
2069 597 2106 618 τε
2129 581 2189 618 καὶ
2209 582 2248 620 τὸ
2267 583 2342 619 καθ’

1323 645 1444 681 ἑαυτοῦ
1478 641 1623 686 δόξαντα
1654 641 1782 694 λέγειν,
1823 640 1870 692 μὴ
1910 640 2134 692 μέμψασθαι,
2164 641 2254 680 ἀλλὰ
2287 641 2346 679 καὶ

1321 704 1513 743 ἐπαινέσαι.
1534 703 1621 742 ςὈτι
1639 702 1700 754 μὲν
1721 696 1778 741 οῧν
1796 701 1969 754 ἐφώνησεν
1993 702 2093 740 αὐτὸν
2109 705 2126 740 ὃ
2145 702 2346 750 Φίλιππος,

1321 759 1395 803 εἷπε
1411 780 1418 788 ·
1434 765 1468 803 τί
1488 764 1523 803 δὲ
1545 767 1638 816 αὐτῷ
1662 764 1821 815 διελέχθη
1834 794 1843 811 ,
1860 763 1920 801 καὶ
1953 762 1987 801 τί
2007 756 2103 806 οὗτος
2131 762 2262 815 ἐκείνῳ,
2278 779 2347 802 πα-

1324 829 1439 878 ρῆκεν,
1458 825 1555 876 ἀφεὶς
1580 824 1595 844 ¹'
1611 826 1713 862 αὐτοῦ
1732 827 1781 876 τῷ
1802 823 1992 872 συνειδότι,
2007 824 2067 862 καὶ
2085 825 2122 862 οὐ
2151 823 2348 874 »ουλόμενος

1323 887 1423 925 αὐτὸν
1447 886 1504 924 ἐπὶ
1525 886 1628 924 πλέον
1650 885 1816 937 ἐλέγχειν.

1377 1070 1423 1108 Τί
1443 1064 1521 1117 οὖν,
1536 1071 1616 1124 πρὶν
1631 1070 1653 1116 ἢ
1671 1071 1728 1109 τὸν
1752 1071 1932 1109 Φίλιππον
1949 1072 2108 1122 φωνῆσαι
2139 1063 2223 1108 εἶδεν
2250 1070 2348 1107 αὐτὸν

1326 1130 1441 1180 μόνον,
1477 1131 1554 1182 οὐχὶ
1585 1130 1621 1169 δὲ
1655 1132 1715 1169 καὶ
1740 1132 1808 1185 πρὸ
1827 1130 1948 1169 τούτου
1977 1129 2070 1183 ἑώρα
2098 1132 2148 1182 τῷ
2169 1130 2351 1182 ἀκοιμήτῳ

1325 1191 1477 1241 ὄμματι,
1506 1189 1646 1242 Ἑώρα,
1667 1192 1727 1229 καὶ
1760 1191 1867 1234 οὐδεὶς
1895 1191 1934 1228 ἂν
1956 1190 2131 1229 ἀντείποι·
2149 1190 2238 1229 ἀλλὰ
2267 1191 2351 1232 τέως

1325 1256 1424 1289 τοῦτο
1438 1251 1478 1288 τὸ
1497 1258 1700 1303 κατεπεῖγον
1717 1246 1758 1297 ἦν
1778 1253 1898 1289 εἰπεῖν.
1919 1250 1966 1288 Τί
1986 1244 2043 1288 οὖν
2071 1252 2213 1297 ἐκεῖνος,
2233 1251 2351 1288 Ἰζπειτ

1327 1312 1367 1359 δὴ
1385 1312 1572 1364 τεκμήριον
1589 1312 1899 1364 ἀναμφισὸήτητον
1913 1311 2016 1350 ἔλαθε
2030 1315 2091 1358 τῆς
2107 1311 2353 1365 προγνώσεως,

1326 1369 1427 1421 ἦλθεν
1449 1372 1505 1412 ἐπὶ
1523 1372 1585 1420 τὴν
1606 1373 1806 1426 ὁμολογίαν,
1823 1373 1883 1411 καὶ
1901 1376 1944 1424 τῇ
1966 1372 2119 1450 ἀνριὲολῇ
2139 1376 2182 1424 τῇ
2202 1372 2354 1425 προτέρᾳ

1327 1434 1388 1481 τὴν
1406 1433 1586 1486 ἀκρίὸειαν
1612 1435 1748 1481 δηλων,
1777 1433 1837 1472 καὶ
1862 1437 1905 1485 τῆ
1937 1433 2026 1484 μετὰ
2050 1449 2161 1471 ταυτα
2181 1449 2354 1485 συγκατα-

1329 1496 1418 1534 θέσει
1439 1493 1501 1541 τὴν
1530 1494 1806 1546 εὐγνωμοσύνην,
1826 1493 2012 1545 Ἀπεκριθη
2041 1493 2128 1547 γὰρ,
2149 1510 2265 1556 φησιν,
2294 1493 2354 1531 καὶ

1327 1556 1419 1608 λέγει
1436 1557 1540 1607 αὐτῳ·
1554 1554 1694 1603 Passe‘t,
1715 1572 1755 1594 συ
1775 1548 1832 1593 εἶ’
1820 1572 1837 1593 ο
1852 1555 1909 1593 Υε
1888 1571 1935 1599 ιος
1948 1571 2007 1593 του
2020 1557 2127 1593 Θεοῦ·
2145 1572 2184 1593 συ
2206 1558 2233 1592 εἰ
2249 1557 2266 1592 ὁ
2289 1557 2353 1605 βα-

1328 1616 1440 1661 σιλευς
1456 1621 1516 1655 τοῦ
1531 1615 1693 1670 Ἰσραήλ,
1718 1609 1798 1654 Et&
1785 1632 1817 1659 ες
1831 1615 1946 1668 ψυχὴν
1965 1631 2140 1690 περιγαρη
2165 1614 2352 1666 γενομένην

1330 1677 1465 1730 ἀθρόον,
1496 1677 1557 1715 καὶ
1582 1683 1653 1721 τοῖς
1689 1677 1820 1730 ῥημασι
1848 1675 2173 1729 περιπτυσσομένην
2201 1676 2259 1714 τὸν
2281 1676 2355 1723 Ιη-

1282 1751 1307 1780 D
1329 1743 1426 1787 <50't3v3
1448 1738 1500 1777 Συ
1527 1743 1578 1785 εἰ,
1594 1753 1709 1791 φησιν,
1732 1742 1750 1777 ὁ
1779 1737 2085 1791 προσδοκώμενος
2101 1740 2227 1781 εκεῖνος
2253 1740 2271 1774 ὁ
2295 1740 2354 1784 ζη-

1329 1799 1501 1851 τούμενος.
1532 1793 1632 1842 Εἶδες
1662 1798 1961 1849 ἐκπληττόμενον,
1989 1798 2227 1849 θαυμάζοντα,
2258 1814 2354 1851 σκιρ-

1329 1877 1466 1908 τωντα,
1480 1861 1647 1907 πηδῶντα
1661 1860 1728 1898 ὑπὸ
1740 1862 1804 1905 τ’ῆς
1817 1860 1959 1908 ἡδονῆς,
1974 1858 2080 1898 Οὕτω
2094 1859 2154 1897 καὶ
2168 1863 2261 1908 ἡμᾶς
2278 1860 2357 1912 χαί-

1333 1939 1400 1976 ρειν
1432 1923 1502 1969 δεῖ,
1523 1920 1798 1965 καταξιωθέντας
1820 1924 1940 1972 μαθεῖν
1970 1924 2029 1959 τοῦ
2052 1923 2144 1959 Θεοῦ
2171 1921 2227 1959 τὸν
2250 1921 2353 1960 Υἱόν·

1331 1983 1466 2036 χαίρειν
1485 1982 1538 2030 δὲ,
1554 1985 1591 2021 οὐ
1613 1981 1704 2020 κατὰ
1727 1981 1878 2021 διάνοιαν
1898 1981 2014 2033 μόνον,
2036 1981 2126 2020 ἀλλὰ
2141 1982 2200 2020 καὶ
2215 1982 2272 2020 ἐπὶ
2286 1985 2354 2021 τῶν

1333 2043 1549 2096 πραγμάτων
1566 2045 1678 2081 αὐτῶν
1698 2047 1798 2081 τοῦτο
1814 2042 1997 2081 δεικνύναι.
2017 2041 2065 2080 Τί
2080 2041 2115 2081 δὲ
2128 2045 2196 2080 τῶν
2215 2043 2355 2094 χαιρόν-

1333 2120 1401 2141 των
1421 2103 1512 2151 ἒστί,
1533 2102 1723 2142 Πείθεσθαι
1744 2106 1794 2156 τῷ
1821 2102 2057 2156 γνωρισθέντι.
2082 2103 2304 2154 Πειθομένων
2321 2103 2358 2142 δέ

1334 2167 1429 2212 ἐστι,
1455 2163 1495 2202 τὸ
1519 2169 1628 2201 ποιεῖν
1660 2164 1749 2216 ἅπερ
1777 2163 1817 2201 ἂν
1844 2166 1970 2207 ἐκεῖνος
2002 2163 2178 2215 βούληται.
2204 2163 2306 2202 Ἐπεὶ
2330 2165 2358 2202 εἰ

1337 2225 1521 2275 μέλλοιμεν
1539 2223 1584 2262 τὰ
1604 2224 1838 2277 παροξύνοντα
1861 2225 1960 2263 αὐτὸν
1975 2225 2152 2277 πράττειν,
2175 2224 2277 2262 πόθεν
2299 2226 2357 2271 δη-

1334 2284 1491 2335 λώσομεν
1505 2284 1558 2323 ὅτι
1573 2284 1764 2337 χαίρομεν;
1784 2286 1864 2337 Οὐχ
1882 2288 1984 2336 ὁρᾶτε
2003 2284 2062 2322 καὶ
2083 2287 2117 2322 ἐν
2138 2283 2262 2328 οἰκίαις
2276 2284 2356 2323 ὅταν

1334 2363 1386 2390 τις
1412 2344 1490 2383 τινὰ
1512 2344 1729 2397 ὑποδέχηται
1753 2347 1821 2383 τῶν
1844 2345 2077 2395 ποθουμένων,
2092 2348 2166 2388 πῶς
2184 2346 2271 2396 μετὰ
2292 2362 2358 2398 χα-

1289 2422 1313 2452 Ε
1339 2414 1398 2463 ρᾶς
1418 2407 1532 2446 πάντα
1548 2407 1694 2461 πράττει
1716 2410 1897 2460 πανταχοῦ
1912 2406 2140 2461 περιτρέχοΝ,
2157 2408 2219 2446 καὶ
2245 2410 2273 2445 εἰ
2290 2408 2358 2447 δέοι

1335 2470 1451 2509 πάντα
1476 2468 1520 2507 τὰ
1550 2469 1635 2507 ὅντα
1665 2468 1850 2522 προέσθαι,
1868 2468 2011 2519 μηδενὸς
2032 2468 2247 2520 φειδόμενος,
2269 2468 2359 2507 ὥστε

1337 2530 1459 2583 ἀρέσαι
1474 2532 1523 2582 τῷ
1537 2529 1808 2582 παραγενομένῳ
1820 2545 1830 2576 ;
1844 2529 1885 2548 **
1895 2530 1939 2567 Εἰ
1952 2528 1987 2567 δὲ
2005 2531 2119 2567 καλῶν
2139 2546 2190 2573 τις
2207 2529 2255 2580 μὴ
2270 2534 2357 2568 ὑπα-

1336 2590 1450 2638 κούοι,
1476 2590 1535 2627 καὶ
1566 2589 1611 2627 τὰ
1639 2589 1862 2628 ἀναπαύοντα
1895 2590 1996 2628 αὐτὸν
2032 2589 2080 2641 μὴ
2106 2589 2272 2643 πράττοι,
2293 2591 2356 2629 κᾶν

282 2655 419 2692 etiamsi
439 2653 568 2691 millies
581 2652 712 2689 diceret
726 2666 761 2689 se
783 2651 828 2689 de
842 2650 953 2702 ipsius
972 2649 1126 2689 adventu
1140 2651 1266 2701 laetari,
1279 2683 1325 2708 119
1339 2651 1498 2705 μυριάκις
1514 2651 1598 2701 λέγῃ
1615 2654 1657 2701 τῇ
1675 2650 1849 2704 παρουσίᾳ
1861 2650 2010 2704 χαίρειν,
2028 2653 2089 2689 οὐκ
2105 2650 2145 2688 ἂν
2160 2651 2357 2698 πιστευθείη

285 2731 351 2754 non
370 2716 491 2766 utique
504 2713 592 2750 fides
610 2713 640 2749 ei
655 2713 701 2749 ab
718 2712 856 2764 hospite
871 2711 1076 2762 haberetur3
1096 2720 1129 2749 et
1142 2712 1267 2750 merito
1290 2721 1315 2750 Α
1336 2711 1420 2750 ποτὲ
1448 2711 1544 2764 παρὰ
1570 2715 1628 2748 τοῦ
1652 2710 1880 2761 ξενιζομένου·
1907 2710 2059 2754 δικαίως.
2088 2710 2173 2748 Ἐπὶ
2198 2709 2265 2762 γὰρ
2289 2714 2358 2749 τῶν

283 2791 375 2815 sane.
394 2775 491 2814 Illud
503 2774 596 2812 enim
615 2772 781 2825 operibus
805 2771 1046 2810 exhibendum
1069 2781 1167 2810 esset.
1196 2773 1266 2810 Ita-

284 2853 351 2889 que
368 2837 452 2888 quia
472 2835 635 2872 Christus
655 2832 699 2870 ad
722 2847 784 2870 nos
817 2833 926 2881 venit,
946 2833 1175 2871 ostendamus
1202 2847 1265 2872 nos

285 2898 452 2949 gaudere,
471 2895 631 2945 nihilque
644 2893 741 2945 quod
759 2893 805 2930 ad
825 2893 1047 2931 iracundiam
1072 2908 1266 2946 provocare

286 2960 394 3012 possit
409 2958 599 3005 faciamus3
623 2968 786 2992 ornemus
813 2953 961 2991 domum
983 2955 1080 2992 illam
1102 2956 1136 2993 in
1159 2970 1266 3007 quam

285 3020 447 3058 advenit:
461 3018 526 3055 hoc
541 3014 773 3067 gaudentium
789 3022 840 3051 est
856 3029 862 3049 :
876 3027 1094 3065 apponamus
1111 3016 1146 3054 in
1161 3031 1267 3068 pran-

285 3082 387 3119 dium
408 3079 447 3118 id
462 3078 559 3130 quod
579 3076 645 3129 ipsi
666 3075 822 3113 maxime
836 3074 950 3126 placet
971 3090 978 3110 :
996 3075 1063 3113 hoc
1085 3077 1266 3114 exsultan-

333 3221 346 3234 ’‘'
365 3218 435 3262 [ὅτε
450 3221 498 3250 καί
514 3214 613 3249 Savil.
630 3222 661 3246 et
678 3212 873 3254 Codd.cit.1

331 3283 342 3295 ··
360 3269 474 3302 Morcl.
497 3271 587 3302 αὐτοῦ
607 3272 656 3302 τὸν
678 3271 848 3304 Ναθαναή).’
868 3270 1009 3310 ὃπερ.....

290 3327 501 3363 τρίλογίσατο.
521 3323 618 3357 άλλως
635 3333 665 3352 τε
682 3323 743 3351 καί.

331 3376 346 3398 ι’
364 3372 422 3405 Alli
437 3376 525 3413 2576).

1031 3271 1186 3302 'bimorum'
1204 3274 1289 3301 τοῦτο

1336 2773 1444 2826 ἔργων
1477 2775 1577 2810 τοῦτο
1611 2771 1842 2809 ἐπιδεικνύναι
1878 2771 1959 2823 χρή.
1983 2773 2116 2809 Οὐκοῦν
2150 2771 2223 2810 ἐπεὶ
2254 2771 2312 2809 καὶ
2341 2776 2359 2810 ὁ

1337 2834 1486 2887 Χριστὸς
1505 2832 1590 2885 πρὸς
1606 2836 1699 2882 ἡμᾶς
1717 2827 1818 2879 ἦλθε,
1839 2831 2001 2882 δείξωμεν
2030 2831 2083 2870 ὅτι
2104 2831 2284 2884 χαίρομεν,
2301 2834 2359 2871 καὶ

1339 2894 1445 2945 μηδὲν
1464 2896 1532 2931 τῶν
1558 2891 1817 2946 παροξυνόντων
1847 2892 1946 2930 αὐτὸν
1979 2891 2200 2944 πράττωμεν·
2226 2896 2359 2932 καλλω-

1337 2955 1494 3005 πίσωμεν
1523 2952 1585 3000 τὴν
1619 2951 1728 2991 οἰκίαν
1759 2954 1805 2996 εἷς
1837 2952 1879 2998 ἢν
1915 2952 2141 3005 παρεγένετο·
2162 2958 2260 2992 τοῦτο
2292 2954 2359 3006 γὰρ

1336 3015 1529 3069 χαιρόντων
1546 3030 1552 3037 ·
1572 3016 1785 3066 παραθῶμεν
1815 3013 1953 3066 ἄριστον
1984 3014 2001 3052 ὃ
2034 3014 2192 3064 βούλεται
2219 3022 2358 3067 φαγεῖν·

1337 3081 1435 3115 τοῦτο
1456 3075 1524 3128 γὰρ
1543 3074 1801 3126 ἀγαλλομένων.
1824 3075 1929 3112 Ποῖον
1956 3074 1992 3112 δέ
2016 3077 2088 3112 ἐστι
2108 3078 2207 3114 τοῦτο
2220 3076 2260 3114 τὸ
2285 3076 2359 3129 ἄρι-

1400 3214 1434 3231 ’“
1455 3219 1479 3247 εἰ
1495 3215 1524 3246 δὲ
1541 3216 1638 3247 καλῶν
1652 3217 1756 3255 τις,μὴ
1770 3214 1919 3246 ὑπακούοι.
1934 3211 1990 3244 S’1c
2003 3222 2117 3243 omnes
2133 3210 2221 3244 Editi
2237 3219 2269 3244 et
2282 3213 2357 3248 Μςς,

1355 3264 1420 3298 Sed
1446 3262 1619 3308 legendum
1645 3264 1782 3297 omnino
1809 3260 1939 3297 Videtur
1959 3268 1984 3298 εἰ
2006 3266 2036 3298 δὲ
2060 3267 2195 3297 καλοῦντι
2218 3270 2262 3306 μὴ
2285 3267 2360 3299 ὓπα-

1356 3332 1445 3351 noum.
