2481 3678
693 180 737 209 ΙΝ
774 178 985 209 JOANNEM
1022 176 1181 208 nomm.
1223 177 1362 206 Lxxn.
1402 163 1463 207 al.
1507 178 1631 208 LXX!-

121 261 266 312 ὁρῶντες
284 261 343 298 καὶ
366 260 484 312 Οηρίου
502 260 763 312 σπαράττοντας
782 263 876 311 ’ἡμᾶς
890 259 967 303 τοὺς
985 258 1146 306 πλησίον,

121 320 235 372 λύμην
250 324 343 372 ἡμᾶς
357 324 501 360 καλοῦσι
518 323 581 366 τῆς
600 323 693 359 οἴκου
699 321 814 372 μένης.
829 323 954 359 Ταῦτα
968 319 1147 366 εΈλληνας

2119 165 2213 228 489

1218 271 1328 308 quam
1346 267 1440 295 sunt.
1462 258 1533 296 sed
1560 272 1642 296 cum
1658 271 1721 296 nos
1739 259 1862 297 vident
1880 260 1962 311 plus
1988 273 2095 311 quam
2122 262 2212 300 seras

1215 318 1399 369 proximos
1424 328 1562 356 nostros
1581 319 1793 370 discerpere,
1812 334 1876 357 nos
1902 321 1998 358 orbis
2021 322 2212 373 perniciem

122 382 288 434 κατέγει,
324 382 383 420 καὶ
418 385 480 420 οὐκ
512 382 636 434 ἀφίησι
668 383 753 435 πρὸς
784 385 876 433 ἡμᾶς
913 384 1143 432 μεταστῆναι.
1168 387 1192 418 G
1215 387 1357 417 vocant.
1381 379 1466 417 Haec
1493 380 1642 430 gentiles
1673 380 1836 428 retinent,
1855 394 1898 418 ne
1928 381 1976 419 ad
2004 396 2067 420 nos
2097 392 2211 421 trans-

121 441 232 481 “sscrcs
246 446 347 493 ἡμεῖς
368 442 427 480 καὶ
445 442 576 480 τούτων
599 442 698 488 δίκην
724 442 893 493 δώσομεν,
909 444 975 493 οὐχ
990 441 1076 493 ὑπὲρ
1099 444 1146 478 ὧν

122 505 238 546 κακῶς
254 502 452 555 πράττομεν
475 502 588 554 μόνον,
610 503 700 541 ἀλλὰ
717 503 776 540 καὶ
797 501 884 555 ὑπὲρ
912 496 958 539 ὧν
981 503 1146 552 βλασφη*

123 570 238 615 μεῖται
265 564 304 601 τὸ
336 564 444 615 ὄνομα
466 567 524 601 τοῦ
557 566 665 602 Θεοῦ.
695 564 812 615 Μέχρι
845 562 936 606 τίνος
964 561 1146 614 χρήμασι,

119 624 178 662 καὶ
196 627 307 676 τρυφῇ
322 655 331 672 ,
352 625 411 662 καὶ
435 630 506 668 τοῖς
529 625 646 668 ἄλλοις
669 623 771 675 ἐσμὲν
789 622 1060 674 ἷιπροδεδομένοι
1078 622 1146 660 πά-

121 689 235 732 οεσιν;
264 685 485 736 Ἀποστῶμεν
514 680 570 724 οῦν
603 684 735 723 λοιπόν.
757 683 923 722 Ἄκουσον
950 683 984 721 τί
1003 699 1106 735 φησιν
1129 687 1146 722 ὃ

119 745 300 797 προφήτης
314 747 394 799 περὶ
409 750 510 785 τινῶν
528 746 681 792 ἀνοήτων
696 760 704 768 ·
721 744 900 796 Φᾶγωμεν
918 744 977 782 καὶ
992 744 1127 795 πίωμεν
1138 760 1145 768 ·

121 806 237 858 αὔριον
254 808 321 859 γὰρ
341 808 617 858 ἀποθνήσκομεν.
634 805 718 844 Ἐπὶ
735 806 770 843 δὲ
787 809 854 843 τῶν
871 805 1052 857 παρόντων
1069 804 1146 843 οὐδὲ

120 867 222 905 τοῦτό
255 869 347 905 ἔστιν
386 870 492 906 εἰπεῖν
510 883 518 891 ·
553 866 644 905 οὕτω
672 866 795 904 πολλοὶ
823 866 867 904 τὰ
886 869 954 904 τῶν
982 866 1145 904 ἁπάντων

121 927 406 979 περιὸάλλονται.
433 927 539 966 Οὕτω
574 928 633 966 καὶ
661 930 776 971 αὐτοῖς
796 927 967 971 ὀνειδίζων
993 927 1109 980 ἔλεγεν
1129 932 1147 966 ὃ

120 988 300 1039 προφήτης
316 1004 324 1012 ·
348 988 409 1036 Μὴ
429 988 587 1035 οἰκήσετε
610 988 708 1039 μόνοι
732 988 790 1027 ἐπὶ
816 992 878 1035 τ’ῆς
897 991 982 1040 γῆς;
1007 990 1071 1028 Διὸ
1087 990 1148 1028 καὶ

122 1049 259 1087 δέδοικα
287 1049 338 1100 μή
357 1065 392 1087 τι
409 1049 552 1101 γένηται
568 1051 735 1102 χαλεπὸν,
758 1050 818 1088 καὶ
836 1049 970 1096 πολλὴν
990 1053 1146 1089 ἐπισπα-

122 1110 263 1160 σώμεθα
280 1110 342 1158 τὴν
359 1110 457 1163 παρὰ
475 1114 534 1150 τοῦ
554 1113 647 1150 Θεοῦ
666 1111 853 1164 τιμωρίαν.
875 1110 993 1163 “O-step
1020 1111 1077 1150 ἵνα
1098 1111 1146 1163 μὴ
1168 1111 1193 1140 D

120 1170 286 1222 γένηται,
315 1175 376 1218 τῆς
396 1173 521 1225 ἀρετῆς
536 1169 812 1223 ι’ἐπιμε-;λο’)μεθοι
836 1172 974 1220 πάσης,
1002 1172 1058 1210 ἵνα
1088 1173 1147 1211 καὶ

119 1235 187 1270 τῶν
207 1232 403 1282 μελλόντων
432 1233 653 1285 ἐπιτύχωμεν
683 1235 834 1285 ἀγαθῶν,
854 1233 973 1286 χάριτι
1003 1233 1062 1271 καὶ
1091 1250 1149 1286 φι-

119 1293 320 1346 λανθρωπίᾳ
343 1296 403 1331 τοῦ
423 1293 552 1347 Κυρίου
572 1297 673 1345 ἡμῶν
698 1294 815 1341 Ἰησοῦ
838 1296 1011 1347 Χριστοῦ,
1032 1295 1076 1333 δι’
1109 1289 1147 1334 οῧ

120 1354 178 1390 καὶ
208 1355 283 1404 μεθ’
313 1347 352 1391 οῦ
368 1357 418 1407 τῷ
439 1355 555 1407 Πατρὶ
574 1358 595 1401 ἡ
613 1355 692 1400 δόξα
709 1384 719 1402 ,
749 1355 824 1405 ἅμα
846 1359 896 1408 τῷ
913 1356 1002 1408 ἁγίῳ
1024 1355 1144 1394 Πνεύ-

120 1430 222 1465 ματι,
249 1417 306 1451 νῦν
336 1415 395 1452 καὶ
429 1415 482 1454 ἀεὶ
506 1415 565 1453 καὶ
593 1418 640 1460 εἷς
658 1415 734 1460 τοὺς
758 1418 886 1460 αἰῶνας
904 1420 972 1455 τῶν
995 1416 1142 1455 αἰώνων.

121 1474 241 1525 Ἀμήν.

163 1619 176 1633 a
193 1608 293 1640 Putat
310 1610 438 1642 Boisius
463 1609 637 1654 legendum
667 1615 896 1658 προδεόεμένοι,
923 1624 1038 1647 verum
1062 1615 1133 1647 sine

123 1659 185 1692 ulla
202 1662 505 1705 Mauuscriptorum
522 1664 738 1698 auctoritate.

1215 449 1309 478 eant.
1332 441 1457 492 Itaque
1480 455 1542 479 nos
1562 442 1692 480 horum
1717 456 1837 494 poenas
1861 441 2045 492 dabimus,
2065 458 2133 482 non
2156 459 2213 483 so—

1214 499 1291 538 lum
1311 501 1406 551 quod
1427 502 1520 539 mala
1542 512 1800 555 perpetremus,
1822 503 1885 541 sed
1904 503 2010 541 etiam
2027 503 2126 554 quod
2145 519 2210 543 no-

1213 575 1294 599 men
1314 562 1382 599 Dei
1400 562 1683 615 blasphemetur.
1708 566 1907 615 Quousque
1926 564 2099 616 pecuniis,
2116 565 2209 603 deli-

1213 620 1277 658 ciis
1294 621 1446 673 aliisque
1459 623 1559 661 vitiis
1571 624 1685 662 dediti
1706 625 1863 663 erimus?
1883 624 2132 662 Abstineamus
2149 625 2212 664 de-

1212 683 1333 733 nique.
1354 684 1452 722 Audi
1482 685 1574 736 quid
1594 685 1640 724 de
1663 686 1880 737 quibusdam
1901 686 2088 724 insensatis
2115 687 2212 725 dicat

1214 745 1389 797 propheta
1414 761 1422 782 z

1214 810 1433 845 moriemur.
1452 810 1505 846 De
1527 809 1762 861 praesentibus
1781 810 1850 848 hoc
1866 810 1983 848 dicere
1998 825 2066 848 non
2084 825 2210 863 possu-
2226 796 2260 825 ¹3

1214 882 1293 906 mus
1311 884 1319 904 ε
1335 869 1384 906 ita
1399 869 1504 907 multi
1524 871 1685 908 omnium
1702 871 1795 909 bona
1813 872 2016 910 absorbent.
2036 872 2146 919 Quod
2162 873 2207 910 il-

1213 929 1259 967 lis
1276 931 1496 982 exprobrans
1520 931 1660 970 dicebat
1686 933 1858 985 propheta
1879 950 1886 970 ε
1908 935 2111 987 Numquid
2137 935 2211 972 soli
2224 940 2303 970 lsai.
2322 942 2351 972 5.
2379 941 2409 972 8.

1215 993 1446 1032 habitabitis
1467 999 1636 1032 terram?
1657 995 1900 1043 Quamobrem
1924 996 2032 1034 timeo
2055 1010 2098 1034 ne
2120 995 2211 1047 quid

1214 1053 1300 1090 mali
1319 1054 1473 1105 accidat,
1491 1065 1525 1093 et
1549 1056 1728 1107 ingentem
1760 1056 1862 1094 nohis
1889 1056 2111 1094 attrahamus
2143 1057 2211 1095 Dei

1214 1114 1398 1153 ultionem.
1435 1117 1545 1163 Quod
1581 1132 1624 1155 ne
1657 1118 1741 1167 fiat,
1774 1117 1942 1157 virtutem
1982 1132 2210 1156 exerceamus

1213 1189 1368 1226 omnem,
1389 1186 1428 1214 ut
1456 1178 1576 1215 futura
1605 1193 1865 1229 consequamur
1894 1179 2001 1229 bona,
2033 1179 2147 1230 gratia
2177 1188 2211 1217 et

1213 1235 1431 1288 benignitate
1450 1238 1596 1276 Domini
1624 1240 1735 1277 nostri
1759 1242 1842 1278 Jesu
1862 1240 2007 1289 Christi,
2024 1255 2087 1292 per
2104 1255 2211 1291 quem

1212 1306 1341 1335 etcum
1366 1312 1436 1348 quo
1457 1299 1555 1336 Patri
1578 1299 1703 1351 gloria,
1722 1314 1861 1351 unaque
1885 1300 2037 1353 Spiritui
2069 1309 2205 1352 sancto,

1214 1371 1308 1396 nunc
1324 1367 1357 1396 et
1376 1373 1513 1411 semper
1531 1369 1565 1398 et
1584 1359 1620 1398 in
1641 1361 1769 1399 saecula
1783 1361 2007 1400 saeeulorum.
2025 1364 2151 1401 Amen.

1245 1616 1262 1641 b
1280 1614 1426 1656 Quidam
1445 1620 1669 1660 ἐπιλαὸώμεθα.

1449 747 1706 786 comedamus
1724 757 1760 786 et
1781 751 1957 786 bibamus
1974 765 1985 784 .·
2001 763 2087 787 cras
2108 752 2211 787 enim
2225 753 2300 782 Isai.
2327 763 2377 784 22-
