2481 3678
744 217 784 246 IN
822 214 1030 245 JOANNEM
1068 212 1222 242 HOMH„
1264 210 1307 237 V.
1347 194 1409 238 (li.
1454 208 1516 237 IV.
2114 192 2172 253 ‘39

99 305 200 348 κότας
222 303 364 356 λέγομεν
385 301 570 343 πολλάκις·
597 301 615 336 ὁ
639 297 732 336 δεῖνά
764 312 806 347 με
832 295 983 349 ὕὸρισεν,
1002 297 1039 332 οὐ
1056 294 1119 333 σύ·

100 366 156 404 ἐπὶ
187 365 221 403 δὲ
249 368 307 403 τοῦ
333 366 424 402 Θεοῦ
443 360 518 400 οὐδὲ
536 359 663 405 ταύτην
685 358 803 409 ἕξομεν
832 357 894 405 τὴν
921 356 1122 404 εὐλάὸειαν,

100 427 169 465 Καὶ
199 426 282 465 ποία
300 429 384 475 ἡμῖν
415 422 512 461 ἔσται
540 418 749 472 συγγνώμη,
765 419 933 470 Εἴπωμεν
956 418 1015 456 καὶ
1037 417 1123 470 πρὸς

99 487 161 534 τὴν
184 486 356 539 ἡμετέραν
376 483 508 536 ψυχήν·
530 486 547 521 ὃ
564 482 652 525 Θεὸς
672 485 766 533 ἡμας
785 480 916 533 υέρίζει
933 485 1004 524 νῦν,
1021 482 1038 517 ὃ
1059 495 1121 516 κα·
1138 502 1171 529 31⁴

98 548 209 599 τέχων
229 549 328 597 ἡμῶν
350 544 411 588 τὰς
428 550 566 598 χεῖρας·
591 542 640 594 μὴ
661 543 870 594 σκιρτῶμεν,
893 539 981 591 μηδὲ
1000 540 1089 578 ἔστω
1106 543 1124 578 ὃ
1144 541 1168 570 Α

99 608 187 651 Θεὸς
211 605 401 659 ἀνθρώπιον
424 605 624 658 ἀτιμότερος
651 608 749 655 ἡμῖν.
770 601 958 656 Εφρίξατε
980 618 1065 655 προς
1085 601 1125 639 τὸ

101 671 219 720 ῥῆμα,
236 668 327 706 Ἀλλ’
347 667 424 720 οὐχὶ
453 668 538 721 πρὸς
566 665 611 704 τὰ
641 665 781 718 ῥήματα
812 663 980 715 βούλομαι
1010 662 1124 714 μόνον,

100 730 190 768 ἀλλὰ
219 731 278 768 καὶ
297 730 382 783 πρὸς
401 729 464 776 τὴν
484 728 606 782 πρᾶξιν
628 726 780 780 φρίττειν
796 731 809 747 ²¹
822 728 924 777 ὑμᾶς.
941 725 1126 764 Ἐκέλευσε

100 790 167 844 γὰρ
186 794 204 829 ὃ
225 792 313 836 Θεὸς
337 789 583 845 ῥαπιζομένους
602 789 650 841 μὴ
676 788 776 840 μόνον
803 787 931 840 φέρειν,
958 787 1048 826 ἀλλὰ
1066 786 1126 825 καὶ

100 853 266 906 παρέχειν
283 852 423 895 ἑαυτοὺς
441 852 526 904 πρὸς
545 852 584 890 τὸ
602 850 718 904 χεῖρόν
733 866 767 888 τι
789 853 922 888 παθεῖν.
944 848 1069 900 εΗμεῖς
1092 846 1126 886 δὲ

102 913 190 964 μετὰ
208 913 377 961 τοσαύτης
396 912 625 966 σφοδρότητος
641 911 887 962 ἐναντιούμεθα
901 941 911 959 ,
931 912 978 955 ὡς
999 909 1047 962 μὴ
1065 909 1126 961 μό-

99 991 156 1013 νον
167 974 214 1026 μὴ
231 975 398 1029 παρέχειν
415 973 553 1018 ἑαυτοὺς
570 976 617 1018 εἷς
629 974 669 1012 τὸ
681 975 799 1016 κακῶς
813 975 948 1019 παθεῖν,
964 972 1054 1011 ἀλλὰ
1068 972 1128 1011 καὶ

101 1035 342 1087 ι’ἀμύνασθαι,
369 1036 538 1080 πολλάκις
557 1035 593 1074 δὲ
612 1035 672 1074 καὶ
692 1035 811 1088 ἄρχειν
832 1037 958 1088 χειρῶν
985 1034 1127 1084 ἀδίκων,

102 1097 161 1136 καὶ
186 1099 411 1137 ἐλαττοῦσθαι
431 1098 595 1149 νομίζειν,
617 1097 656 1135 ἂν
684 1096 732 1149 μὴ
755 1096 942 1150 πράξωμεν
964 1096 1009 1134 τὰ
1027 1096 1126 1135 αὐτά.

103 1159 173 1197 Καὶ
191 1159 259 1213 γὰρ
279 1160 318 1198 τὸ
336 1160 443 1198 δεινὸν
457 1159 557 1199 τοῦτό
572 1162 676 1208 ἐστιν,
693 1158 745 1198 ὅτι
764 1159 824 1197 καὶ
844 1165 944 1211 νικᾷν
966 1158 1128 1210 οἰόμεθα,

103 1219 165 1267 τὴν
184 1220 335 1273 ἐσχάτην
352 1216 460 1267 ἧτταν
480 1219 676 1272 ἡττώμενοι
691 1221 751 1258 καὶ
766 1220 918 1271 κείμενοι
932 1220 1050 1268 κάτω,
1069 1221 1128 1259 καὶ

106 1282 231 1334 μυρίας
247 1281 574 1334 δεχόμενοιπληγὰς
594 1281 691 1334 παρὰ
712 1285 771 1320 τοῦ
788 1281 948 1320 διαὸόλου
961 1313 971 1330 ,
989 1288 1128 1333 κρατεῖν

106 1347 209 1383 αὐτοῦ
228 1343 424 1395 νομίζομεν.
453 1343 538 1391 Διὸ,
562 1344 782 1396 παρακαλῶ,
812 1343 978 1394 μάθωμεν
994 1342 1046 1388 τίς
1067 1347 1129 1391 τῆς

105 1405 202 1452 νίκης
220 1404 348 1450 ταύτης
361 1408 379 1443 ὃ
391 1404 535 1456 τρόπος,
551 1404 610 1442 καὶ
622 1408 722 1442 τοῦτο
739 1404 911 1455 μετίωμεν
925 1409 986 1443 τοῦ
1001 1406 1131 1458 τρόπου

105 1467 144 1505 τὸ
162 1460 258 1510 εἶδος.
279 1465 332 1503 Τὸ
349 1464 416 1518 γὰρ
432 1469 553 1503 παθεῖν
573 1467 689 1508 κακῶς
702 1494 712 1512 ,
731 1464 831 1503 τοῦτό
852 1467 925 1503 ἐστι
945 1465 985 1504 τὸ
1006 1482 1131 1518 στεφα-

104 1529 257 1565 νοῦσθαι.
276 1527 320 1564 Εἰ
342 1525 455 1563 τοίνυν
476 1525 671 1576 βουλόμεθα
694 1525 754 1562 καὶ
773 1528 875 1576 ἡμεῖς
895 1529 1131 1580 ἀναρρηθῆναι

106 1587 203 1642 παρὰ
218 1591 277 1625 τοῦ
293 1589 400 1635 Θεοῦ,
421 1585 469 1637 μὴ
486 1586 543 1624 τὸν
559 1589 627 1624 τῶν
651 1585 771 1631 ἔξωθεν
789 1586 945 1638 ἀγώνων,
969 1586 1059 1625 ἀλλὰ
1074 1587 1130 1626 τὸν

106 1645 203 1699 παρὰ
220 1650 280 1684 τοῦ
293 1647 385 1684 Θεοῦ
403 1645 507 1697 νόμον
527 1644 753 1697 φυλάττωμεν
771 1647 803 1684 ἐν
818 1652 888 1690 τοῖς
909 1646 1132 1698 παλαίσμασι

106 1707 259 1755 τούτοις,
290 1711 303 1727 ⁰
318 1707 379 1745 καὶ
405 1707 445 1745 τὸ
472 1706 588 1745 πάντα
618 1706 731 1759 φέρειν
761 1706 849 1758 μετὰ
879 1708 1131 1760 μακροθυμίας.

107 1767 213 1807 Οὕτω
237 1767 304 1820 γὰρ
335 1768 395 1807 καὶ
423 1771 491 1807 τῶν
521 1768 740 1807 παλαιόντων
765 1768 1046 1822 περιγινώμεθα,
1073 1770 1132 1808 καὶ

107 1832 176 1868 τῶν
193 1831 356 1877 ἐνταῦθα,
372 1829 432 1869 καὶ
446 1833 514 1868 τῶν
527 1829 793 1882 ἐπηγγελμένων
811 1830 1030 1884 ἐπιτύχωμεν
1048 1834 1133 1884 ἀγα-

109 1896 190 1941 θῶν,
205 1892 325 1945 χάριτι
343 1892 404 1931 καὶ
418 1891 662 1946 φιλανθρωπία
676 1897 735 1930 τοῦ
754 1891 882 1946 Κυρίου
898 1897 919 1940 ἡ
926 1896 999 1944 μῶν
1018 1893 1135 1940 Ἰησοῦ

108 1955 322 2007 Χριστοῦ,
304 1957 347 1992 σι’
370 1948 407 1992 οὗ
428 1953 487 1993 καὶ
509 1956 583 2006 μεθ’
607 1948 645 1993 οἷ
661 1970 711 2006 τῳ
730 1953 865 2008 Πατρὶ,
884 1954 958 2006 ἅμα
977 1957 1027 1993 τῖ)
1047 1955 1135 2010 ἆγίω

343 2014 396 2028 «tr

108 2015 317 2067 Πνεύαατι,
339 2028 444 2064 οοςα,
466 2015 609 2092 κράτος,
633 2014 743 2066 τιμὴ,
764 2019 822 2054 νῦν
839 2016 899 2054 καὶ
917 2016 992 2066 ἀεὶ,
1008 2017 1069 2056 καὶ
1090 2020 1136 2061 εἷς
1166 2029 1171 2033 ⁴

108 2094 184 2122 τ)υς
206 2080 336 2122 αἰῶνας
354 2094 423 2116 των
444 2076 592 2116 αἰώνων.
610 2076 732 2128 Ἀμήν.

153 2273 165 2286 '¹²
186 2265 274 2305 ὑμᾶς,
290 2261 345 2294 alii
358 2268 447 2305 ἡμᾶς.

152 2315 169 2339 b
185 2313 299 2348 Morel.
314 2315 359 2356 [et
369 2311 477 2346 Codd.
492 2314 569 2354 705,
584 2315 663 2357 706]
676 2317 849 2358 ἀμύνεσθαι.

154 2377 166 2391 c
183 2366 283 2399 Savil.
302 2373 335 2398 et
352 2367 427 2399 Mss.
445 2365 583 2410 quidam
600 2372 648 2401 καὶ
665 2371 698 2402 τὸ
711 2372 809 2402 πάντα
822 2392 830 2407 ,
855 2366 969 2400 Morel.
989 2371 1039 2400 καὶ
1058 2376 1113 2410 τῷ.

1189 291 1301 328 cimus
1321 289 1412 327 :Ille
1433 302 1488 326 me
1512 287 1704 335 lacessim,
1732 300 1799 324 non
1820 295 1857 323 tu
1878 288 1974 324 :Deo
1996 296 2112 324 auu-m
2131 302 2172 324 ne

1188 365 1310 403 parem
1330 348 1477 401 quidem
1496 347 1729 386 reverentiam
1747 346 2026 385 exhibebimus?
2052 347 2173 397 Ecqua

1188 411 1290 451 nobis
1308 411 1376 449 erit
1403 409 1531 448 venia?
1552 409 1688 447 Animae
1718 418 1844 447 nostrae
1874 407 2035 446 dicamus
2054 424 2060 444 :
2079 410 2175 446 Deus

1190 487 1251 511 nos
1272 486 1366 511 nunc
1396 472 1548 520 lacessit,
1570 471 1631 522 qui
1654 485 1778 509 manus
1796 479 1933 508 nostras
1952 469 2093 508 cohibet
2110 486 2116 506 :
2135 485 2176 507 ne

1190 535 1402 583 insiliamus,
1416 548 1480 572 nec
1496 533 1631 571 minore
1647 535 1763 571 Deum
1778 546 1885 583 quam
1896 531 2058 569 homines
2077 532 2176 569 obse-

1190 597 1332 648 quentia
1364 610 1633 649 prosequamur.
1657 594 1714 633 Ad
1730 594 1799 633 hoc
1816 594 1969 632 verbum
1986 594 2175 631 exhorrui-

1190 659 1282 698 stis?
1301 658 1373 698 Sed
1391 672 1460 696 non
1477 667 1615 695 tantum
1630 656 1677 695 ad
1690 657 1814 703 verba,
1826 655 1889 694 sed
1907 655 2013 693 etiam
2026 655 2073 693 ad
2089 669 2178 707 opus

1191 737 1255 760 vos
1285 721 1534 760 exhorrescere
1568 719 1686 771 cupio.
1720 718 1832 758 Jussit
1874 719 1968 755 Deus
1999 731 2062 755 nos
2085 718 2178 755 cola-

1191 784 1273 838 phis
1290 798 1410 831 caesos,
1433 797 1503 821 non
1523 781 1630 821 modo
1652 782 1757 831 ferre,
1782 780 1845 819 sed
1872 780 1980 818 etiam
2009 779 2056 818 ad
2078 780 2179 832 pejus

1192 844 1379 899 quidpiam
1399 843 1610 897 patiendum
1628 857 1691 881 nos
1712 843 1852 881 offerre.
1867 843 1941 880 Nos
1961 851 2079 880 autem
2098 856 2181 879 cum

1192 918 1290 948 tanta
1308 907 1478 947 violentia
1510 906 1729 955 obsistimus,
1750 915 1790 943 ut
1811 919 1880 943 non
1907 904 2014 943 modo
2043 918 2105 942 nos
2137 904 2184 942 ad

1194 970 1286 1009 male
1314 969 1526 1023 patiendum
1554 982 1623 1006 non
1654 968 1860 1016 offeramus,
1886 966 1950 1005 sed
1981 966 2088 1004 etiam
2120 980 2182 1004 nos

1194 1031 1409 1070 ulciscamur
1417 1046 1428 1081 3
1451 1030 1522 1068 imo
1545 1043 1638 1082 saepe
1659 1028 1795 1082 priores
1822 1042 1947 1066 manus
1967 1028 2182 1077 inferamus,

1197 1108 1330 1144 nosque
1348 1092 1447 1131 vinci
1478 1100 1657 1144 putemus,
1687 1089 1757 1129 nisi
1789 1089 1936 1143 paribus
1968 1089 2180 1127 afficiamus.

1196 1157 1288 1194 Nam
1307 1154 1401 1192 illud
1417 1153 1563 1206 gravius
1582 1161 1633 1190 est
1649 1151 1746 1203 quod
1765 1166 1828 1190 nos
1846 1151 1990 1190 vincere
2002 1150 2184 1188 existime-

1197 1231 1290 1265 mus,
1324 1215 1468 1267 quando
1500 1224 1658 1253 extrema
1683 1214 1784 1252 clade
1808 1213 2007 1263 afficimur,
2029 1222 2063 1250 et
2083 1213 2185 1251 humi

1198 1278 1366 1331 prostrati
1393 1278 1551 1330 jacemus
1566 1292 1576 1326 ;
1610 1290 1650 1314 ac
1680 1276 1780 1313 mille
1812 1275 1964 1327 acceptis
1990 1289 2010 1312 a
2041 1274 2186 1312 diabolo

1198 1339 1420 1388 vulneribus,
1433 1337 1478 1376 de
1489 1338 1551 1376 illo
1567 1337 1755 1376 victoriam
1769 1346 1965 1389 reportasse
1981 1336 2181 1375 credamus.

1200 1401 1456 1451 Quamobrem,
1480 1414 1587 1451 rogo,
1609 1399 1788 1437 discamus
1807 1399 1868 1449 qui
1886 1398 1932 1436 sit
1948 1398 2057 1450 hujus
2071 1398 2185 1437 victo-

1200 1461 1262 1499 riae
1278 1461 1419 1508 modus,
1434 1469 1468 1498 et
1487 1460 1580 1497 hanc
1598 1473 1741 1496 morum
1759 1458 1911 1510 speciem
1931 1458 2112 1496 adeamus.
2129 1458 2186 1496 Si-

1201 1522 1349 1573 quidem
1370 1522 1462 1559 male
1480 1520 1569 1573 pati,
1591 1520 1751 1572 idipsum
1767 1529 1818 1557 est
1834 1520 1931 1570 quod
1953 1520 2127 1558 coronari,
2150 1520 2187 1558 Si

1201 1598 1284 1636 ergo
1306 1583 1473 1623 volumus
1502 1595 1565 1620 nos
1587 1596 1608 1619 a
1626 1583 1702 1619 Deo
1724 1581 1876 1619 victores
1895 1581 2131 1634 proclamari,
2155 1581 2191 1619 in

1201 1645 1258 1683 his
1291 1642 1544 1683 certaminibus
1573 1657 1617 1681 ne
1643 1643 1758 1694 legem
1783 1642 2009 1680 saecularium
2040 1657 2194 1695 agonum

1202 1720 1384 1746 servemus
1391 1736 1402 1755 ,
1423 1705 1485 1744 sed
1504 1705 1618 1757 legem
1636 1719 1657 1742 a
1683 1705 1758 1742 Deo
1776 1718 1843 1756 pro
1864 1703 1921 1742 his
1943 1704 2196 1742 certaminibus

1203 1768 1370 1822 positam,
1390 1777 1430 1805 ut
1444 1766 1564 1805 omnia
1583 1780 1684 1817 aequo
1706 1765 1825 1803 animo
1839 1765 2007 1803 feramus.
2030 1767 2084 1804 Ita
2101 1766 2196 1804 enim

1204 1840 1238 1869 et
1265 1829 1489 1868 adversarios
1509 1837 1542 1866 et
1560 1827 1747 1880 praesentia
1781 1827 1899 1865 omnia
1929 1828 2197 1880 superabimus,

1203 1902 1238 1931 et
1250 1890 1426 1945 promissa
1445 1904 1700 1941 consequemur
1718 1889 1812 1927 bona
1823 1919 1833 1937 ,
1851 1889 1965 1941 gratia
1982 1898 2016 1927 et
2033 1888 2196 1940 benigni-

1206 1963 1277 1992 tate
1298 1952 1445 1991 Domini
1464 1951 1577 1990 nostri
1596 1953 1680 1991 Jesu
1702 1950 1849 1999 Christi,
1869 1964 1932 2003 per
1949 1965 2053 2001 quem
2066 1960 2099 1988 et
2115 1965 2197 1988 cum

1208 2029 1278 2067 quo
1299 2014 1397 2052 Patri
1413 2045 1422 2063 ,
1444 2013 1623 2064 simulque
1647 2011 1801 2065 Spiritui
1818 2021 1957 2059 sancto,
1974 2012 2087 2064 gloria
2099 2042 2109 2060 ,
2129 2011 2196 2048 im-

1208 2077 1363 2129 perium,
1382 2076 1509 2123 honor,
1526 2089 1621 2113 nunc
1645 2083 1680 2112 et
1701 2088 1851 2126 semper,
1874 2082 1908 2112 et
1928 2073 1965 2112 in
1985 2074 2114 2112 saecula
2132 2087 2196 2110 sae-

1210 2139 1384 2177 culorum.
1407 2139 1531 2175 Amen.

1187 2260 1283 2305 [Mox
1300 2259 1402 2294 Savil.
1418 2267 1451 2292 et
1461 2258 1571 2293 Codd.
1587 2261 1664 2301 705,
1678 2261 1742 2293 706
1759 2263 1897 2304 τύχωμεν
1918 2271 1980 2303 pro
1996 2262 2193 2303 ἐπιτύχωμεν.

1182 2312 1290 2346 Iidem
1307 2321 1397 2346 recte
1413 2319 1648 2360 περιγενώμεθα.
1662 2314 1673 2355 ]

508 2618 688 2655 ΟΜΙΛΙΑ
707 2615 746 2653 ε’.

116 2742 239 2780 Πάντα
275 2743 317 2779 δι’
352 2743 455 2779 αὐτοῦ
479 2740 632 2792 ἐγένετο,
662 2738 722 2777 καὶ
743 2737 850 2790 χωρὶς
883 2739 984 2774 αὐτοῦ
1007 2737 1140 2787 ἐγένετο

458 2799 534 2838 οὐδὲ
551 2798 585 2837 ἓν
607 2799 625 2837 ὃ
640 2798 790 2850 γέγονεν.

164 2928 318 2971 Μωῦσῆς
338 2923 399 2974 μὲν
421 2923 611 2975 ἀρχόμενος
630 2937 692 2968 της
707 2919 860 2973 ἱστορίας
875 2919 935 2957 καὶ
958 2934 1020 2965 της
1050 2933 1137 2969 συγ-

110 2989 243 3040 γραφῆς
259 3002 321 3032 της
349 2988 382 3023 ἐν
410 2988 453 3036 τῇ·
475 2985 639 3035 Παλαιᾷ,
659 2998 740 3035 περι
763 2984 831 3020 τῶν
860 2982 1032 3026 αἷσθητων
1053 2983 1138 3029 ἡμῖν

111 3047 325 3099 διαλέγεται,
339 3062 399 3084 και
418 3050 529 3084 ταῦτα
549 3022 800 3098 ἀπάριθμεῖται
817 3042 873 3081 διὰ
891 3042 1054 3080 πολλῶν·

113 3111 204 3161 ἀρχῇ
219 3107 307 3161 γὰρ,
323 3107 439 3158 φησὶν,
456 3105 616 3153 ἐποίησεν
634 3108 652 3143 ὃ
667 3104 755 3148 Θεος
769 3120 826 3142 τον
844 3102 984 3155 ουρανὸν
1002 3101 1060 3139 καὶ
1076 3099 1138 3146 τὴν

111 3185 193 3220 (ην·
215 3163 320 3207 εἰτα’
306 3168 373 3206 επά
376 3184 428 3219 γει
453 3167 506 3205 ὅτι
525 3167 584 3205 καὶ
614 3182 685 3218 φως
706 3164 856 3216 ἐγένετο,
878 3162 967 3201 *καὶ
989 3160 1141 3238 δεύτερος

111 3230 277 3283 ουρανὸς,
306 3229 365 3267 καὶ
402 3228 555 3281 ἀστέρων
583 3227 702 3279 φύσις,
731 3225 790 3264 καὶ
821 3222 1029 3263 παντοδαπὰ
1059 3222 1139 3273 γένη

113 3291 222 3339 ζώων,
239 3291 298 3328 καὶ
322 3289 365 3328 τὰ
385 3290 474 3328 ἄλλα
493 3290 608 3328 πάντα
621 3319 630 3336 ,
651 3288 708 3326 ἵνα
729 3287 777 3337 μὴ
802 3288 877 3324 καθ’
899 3284 1042 3323 ἕκαστον
1062 3287 1142 3323 ἐπε-

162 3423 176 3434 “
195 3428 243 3455 καὶ
260 3424 393 3464 δεύτερος
411 3425 549 3464 πρά-κάς,

1556 2610 1768 2649 HOMILIA
1804 2612 1848 2650 V.

1206 2736 1298 2773 Cap.
1315 2735 1344 2772 Ι.
1372 2749 1405 2773 v.
1428 2735 1465 2772 5.
1493 2735 1634 2771 Omnia
1659 2746 1729 2785 per
1746 2736 1871 2784 ipsum
1887 2734 2007 2787 facta
2030 2744 2134 2780 sunt,
2165 2744 2200 2771 et

1232 2798 1314 2834 sine
1340 2798 1420 2847 ipso
1436 2795 1595 2848 factum
1615 2803 1671 2833 est
1691 2795 1791 2832 nihil
1807 2796 1912 2847 quod
1919 2795 2079 2848 factum
2102 2804 2170 2832 est.

1261 2920 1294 2954 1.
1325 2918 1470 2970 Moyses
1485 2917 1672 2955 historiam
1685 2917 1826 2956 Veteris
1844 2916 2065 2955 Testamenti
2084 2931 2104 2954 a
2124 2930 2201 2954 scu—

1207 2977 1334 3016 silibus
1356 2977 1460 3016 nobis
1483 2977 1641 3026 orditui,
1668 2986 1702 3015 et
1724 2991 1764 3015 ea
1792 2977 1957 3030 pluribus
1988 2987 2199 3015 enumerat

1077 3040 1138 3078 Ἐν
1160 3048 1185 3077 D
1207 3053 1290 3077 nam
1312 3039 1376 3087 ait,
1396 3042 1445 3077 In
1461 3042 1650 3091 principio
1662 3040 1767 3092 fecit
1797 3041 1900 3076 Deus
1922 3039 2055 3077 coelum
2078 3047 2111 3076 et
2135 3048 2201 3076 ter·
2219 3054 2279 3081 601
2311 3061 2333 3079 1
2354 3061 2378 3079 1

1209 3115 1292 3139 ram
1317 3118 1325 3139 :
1350 3101 1479 3139 deinde
1516 3100 1640 3153 adjicit
1674 3100 1791 3137 lucem
1826 3101 1972 3149 factam,
2006 3099 2201 3138 secundum

1210 3162 1357 3212 caelum,
1373 3162 1559 3200 stellarum
1575 3170 1753 3211 naturam,
1775 3160 1959 3212 omnigena
1992 3159 2202 3197 animalium

1211 3237 1357 3274 genera,
1376 3236 1418 3260 ne
1443 3221 1580 3273 singula
1599 3230 1846 3274 prosequentes
1877 3220 2054 3271 longiores
2078 3219 2199 3257 simus.

1212 3284 1278 3322 Hic
1311 3293 1427 3323 autem
1457 3283 1672 3335 evangelista
1710 3297 1779 3321 uno
1812 3282 1920 3321 verbo
1958 3280 2203 3333 complectitur

569 3419 748 3451 secundum
767 3416 896 3457 crelam,
923 3414 958 3448 id
979 3422 1039 3458 est,
1066 3413 1324 3447 firmamentum.
