2481 3678
293 190 314 202 ,-

292 190 384 247 304
714 202 751 233 S.

89 294 175 320 Pani
192 294 255 322 site
289 288 395 324 vitoe.
422 286 540 336 Neque
573 285 666 323 enim
695 285 761 322 hoc
797 284 840 323 dc
873 297 1016 336 colpeio
1041 283 1179 320 dictum
1205 291 1270 331 est,

87 335 157 372 quid
174 337 220 363 sit.

289 351 300 394 (
320 346 364 384 de
382 346 472 384 1110
463 360 499 384 111
516 346 586 384 fine
604 346 783 397 loquitm:
798 348 850 384 Et
864 348 978 397 panis
995 358 1106 396 quem
1119 358 1186 396 ego
1202 346 1272 382 da-

289 409 349 454 bo,
373 420 465 445 earo
484 421 570 444 mea
589 414 683 456 est);
709 406 769 445 sed
788 405 905 443 adhuc
924 405 967 442 de
983 404 1170 444 divinitate
1184 404 1269 456 agit.

286 469 429 508 Etenim
439 470 498 507 ille
509 478 650 522 propter
662 470 778 506 Deum
787 468 948 508 Verbum
959 466 1060 519 panis
1072 476 1136 516 est,
1150 481 1271 518 quem-

284 531 478 569 admodum
488 531 547 569 hic
560 540 702 584 propter
713 530 957 569 advenientem
972 529 1148 581 Spiritum
1169 528 1270 581 panis

285 592 430 630 caelestis
446 592 613 630 efficitur.
635 592 704 629 Hic
721 605 825 644 porro
845 604 913 628 non
923 591 1038 628 utitur
1053 590 1215 640 testibus,
1231 598 1270 627 ut

284 654 318 691 iu
340 654 513 706 superiori
537 655 721 692 concione:
739 668 778 692 eo
811 653 907 704 quod
936 653 1081 690 baberet
1112 653 1270 691 testimo-

283 715 383 752 nium
403 729 547 767 panum,
570 725 601 753 et
622 716 675 753 illi
694 715 813 753 adhuc
827 729 863 753 se
882 714 1023 752 credere
1043 714 1265 752 simularent.

286 775 361 813 11110
378 790 459 813 vcro
471 776 769 825 contradicebant,
784 786 820 814 et
830 776 1037 828 arguebant;
1054 774 1202 827 ideoque
1212 775 1272 813 hie

282 837 489 876 sententiam
500 839 643 891 profert.
659 839 717 876 Illi
731 853 792 890 spe
805 837 957 876 carnalis
969 837 1038 875 cibi
1050 846 1202 886 manent,
1210 851 1267 875 ne-

282 900 559 949 queturbantur,
578 899 688 938 donec
707 909 824 952 postca
841 913 900 951 spe
913 899 1005 951 lapsi
1025 908 1118 936 sunt.
1133 901 1270 939 Verum

282 973 392 1010 neque
407 961 456 998 sic
468 961 574 998 etiam
587 960 751 999 Christus
766 961 888 1007 tacuit,
907 959 967 998 sed
978 959 1159 1010 redarguit
1175 960 1270 998 01111-
1296 969 1316 998 Β

281 1030 409 1072 crepat.
424 1021 481 1058 llli
504 1034 588 1060 vcro
607 1021 680 1071 qui,
700 1020 787 1057 dum
815 1020 1047 1067 comederent,
1062 1020 1270 1071 prophetam

280 1082 384 1119 illum
396 1092 579 1131 vocarant,
591 1082 731 1133 hicjam
747 1080 986 1128 offenduntur,
1004 1090 1036 1117 01
1047 1080 1139 1118 fabri
1156 1080 1270 1118 filium

280 1151 418 1179 vocant.
435 1143 515 1179 Non
530 1142 580 1179 510
596 1155 678 1180 vero
695 1155 777 1179 cum
797 1155 903 1193 panes
919 1139 1188 1190 manducarent,
1211 1138 1271 1179 sed

281 1202 456 1252 dicebant,
474 1205 550 1241 Ilio
570 1212 625 1241 est
639 1204 706 1240 ille
717 1204 919 1254 propheta,
943 1202 1132 1254 ipsumque
1153 1215 1271 1253 regem

278 1263 487 1301 constituere
506 1263 682 1302 volebant.
702 1262 886 1314 Indignari
909 1276 1015 1314 porro
1042 1261 1269 1312 videbantur,

277 1338 357 1362 cum
368 1325 499 1363 diceret
513 1339 548 1363 50
559 1324 602 1363 (10
615 1323 698 1362 caelo
711 1323 933 1362 descendisse
941 1339 952 1374 3
966 1322 1028 1361 sed
1037 1337 1106 1361 non
1120 1323 1196 1361 haec
1209 1338 1271 1363 ve-

278 1399 315 1422 ra
330 1395 404 1424 erat
419 1385 674 1438 indignationis
686 1399 802 1435 cansa,
816 1384 875 1423 sed
891 1383 986 1435 quod
997 1398 1067 1422 non
1083 1384 1177 1423 ultra
1192 1399 1267 1437 spe-

276 1456 392 1484 rarent
403 1461 438 1485 se
451 1460 570 1485 mensa
579 1460 746 1499 corporea
759 1445 931 1484 fruituros
944 1460 1028 1483 0550.
1042 1447 1135 1483 Nam
1146 1445 1174 1484 si
1188 1460 1270 1485 vere

274 1506 563 1559 indignabantur,
571 1508 800 1559 quaerendum
811 1516 883 1545 erat
892 1507 1068 1558 quomodo
1079 1506 1180 1558 panis
1186 1507 1270 1546 Vitae

274 1577 374 1618 esset,
384 1568 562 1620 quomodo
572 1568 616 1607 de
626 1569 709 1607 caelo
719 1568 954 1607 descendisset
967 1581 1074 1606 :nunc
1083 1582 1188 1620 porro
1199 1581 1267 1607 non

275 1629 311 1667 id
321 1630 466 1680 faciunt,
478 1630 538 1669 sed
549 1639 785 1668 murmurant.
800 1629 908 1676 Quod
931 1638 1048 1667 autem
1061 1642 1130 1667 non
1148 1629 1209 1667 illa
1223 1630 1268 1667 de

275 1705 380 1730 eausa
402 1692 679 1750 offenderentur,¹
694 1692 779 1729 hine
798 1691 916 1743 palam
932 1700 994 1740 est,
1011 1690 1108 1741 quod
1127 1690 1267 1729 dicente

278 1754 375 1803 Jesu,
396 1755 519 1792 Pater
533 1768 639 1792 meus
658 1754 726 1791 dat
760 1755 871 1791 vobis
893 1767 1048 1804 panem,
1072 1766 1142 1790 non
1163 1752 1264 1791 dixe-
1290 1761 1312 1791 C

275 1814 356 1863 rint,
377 1816 491 1866 Roga,
511 1824 549 1852 111
564 1814 640 1865 det3
661 1814 723 1852 sed
742 1814 854 1865 quid?
875 1815 941 1851 Da
972 1816 1081 1852 nobis
1097 1829 1258 1866 panem.

274 1876 383 1926 Atqui
399 1890 467 1914 non
481 1875 632 1923 dixerat,
649 1875 726 1926 Ego
742 1874 788 1913 do
798 1891 809 1925 3
829 1874 905 1924 sed,
920 1876 1044 1912 Pater
1059 1889 1165 1913 meus
1181 1877 1261 1915 dat.

272 1936 332 1974 Illi
350 1952 431 1976 vero
446 1952 491 1975 ex
505 1937 576 1975 cibi
589 1936 796 1988 cupiditate,
808 1936 912 1973 illum
926 1935 1010 1973 dare
1024 1936 1144 1974 eibum
1161 1951 1262 1989 posse

272 1997 546 2036 arbitrabantur.
568 1997 638 2045 Qui
655 2012 738 2037 vero
759 1997 807 2034 ita
838 1996 1039 2046 credebant,
1065 2012 1135 2048 quo
1156 2007 1260 2050 pacto

271 2059 402 2098 offendi
415 2059 628 2111 debuerunt,
645 2074 727 2097 011111
743 2059 918 2098 dicentem
931 2059 1106 2109 audirent,
1118 2062 1259 2099 Patrem

272 2135 344 2160 0550
358 2122 419 2173 qui
438 2122 566 2159 daret?
581 2122 668 2168 Quae
685 2121 795 2173 igitur
809 2135 913 2158 causa
935 2121 1010 2158 est?
1038 2121 1129 2158 Cum
1157 2122 1258 2160 audi-

272 2192 346 2221 rent
360 2197 429 2221 non
445 2183 539 2221 ultra
551 2182 808 2221 comedendum
825 2197 909 2231 esse,
923 2183 998 2234 jam
1013 2196 1082 2220 non
1097 2183 1256 2234 credunt,

269 2254 302 2282 et
319 2245 582 2283 incredulitatis
610 2259 753 2283 causam
784 2243 995 2293 obtendunt,
1022 2244 1118 2295 quod
1145 2245 1257 2283 subli-

268 2305 381 2343 miora
403 2306 619 2356 loqueretur.
641 2305 795 2357 Ideoque
812 2305 874 2356 ait,
890 2306 925 2342 E
930 2314 943 2343 t
956 2305 1114 2343 vidistis
1129 2320 1201 2352 me,
1221 2315 1257 2344 et

269 2382 346 2404 non
362 2368 515 2405 creditis
526 2385 539 2413 ;
556 2376 633 2405 tum
645 2367 756 2418 signa,
781 2376 858 2404 tum
871 2366 1139 2418 Scripturarum
1152 2367 1253 2405 testi—

268 2428 429 2466 monium
468 2427 710 2466 subindieaus.
741 2428 829 2465 Illoe
857 2430 960 2464 enim
988 2436 1091 2474 sunt,
1125 2427 1252 2478 inquit,
1278 2431 1304 2460 D

268 2503 351 2539 (luce
375 2491 633 2527 testimonium
663 2489 865 2540 perhibent
886 2489 932 2525 de
962 2501 1021 2525 me
1027 2503 1042 2532 ;
1062 2496 1107 2536 et,
1144 2489 1258 2539 Quod

267 2552 359 2586 ‘veni
375 2553 416 2586 in
437 2553 590 2587 nomine
619 2551 753 2587 Patris
782 2551 869 2595 mei,
905 2557 940 2586 et
976 2562 1054 2585 non
1079 2551 1255 2600 accipitis

267 2624 327 2646 7710
335 2627 348 2655 ,·
365 2619 412 2659 01,
433 2611 629 2660 Quomodo
641 2613 800 2661 potestis
816 2610 982 2656 credere,
1002 2612 1070 2661 qui
1091 2611 1139 2647 ab
1156 2612 1254 2648 invi-

267 2684 347 2707 cem
367 2671 530 2721 gloriam
560 2674 760 2722 accipitis?
792 2673 858 2709 57.
895 2672 1018 2709 Omne
1051 2672 1156 2723 quod
1185 2673 1255 2710 dat

268 2732 365 2767 mihi
384 2732 519 2777 Pater,
543 2733 597 2768 acl
629 2746 689 2769 me
708 2734 854 2779 veniet,
876 2740 911 2769 et
935 2745 1021 2769 eum
1053 2735 1119 2783 qui
1144 2735 1254 2771 venit

266 2795 407 2839 adme,
434 2806 510 2828 non
530 2794 817 2845 ejiciamsoras.
845 2792 941 2834 'Vide
954 2793 1134 2843 quomodo
1161 2794 1252 2832 nihil

266 2863 431 2905 nonagat
453 2852 700 2891 ι11111011111111111
715 2854 891 2893 salutem?
920 2854 1005 2892 Ideo
1038 2864 1155 2893 autem
1185 2856 1252 2894 hoc

263 2915 417 2960 addidit,
433 2928 476 2951 ne
494 2913 666 2951 curiosius
685 2927 798 2964 agere,
815 2923 848 2952 et
878 2924 1008 2954 temere
1022 2916 1118 2967 loqui
1151 2917 1252 2956 vide-

264 2984 372 3013 retur.
398 2974 496 3021 Quid
514 2983 632 3011 autem
651 2973 763 3011 dicit?
788 2977 910 3013 Omne
928 2978 1032 3028 quod
1052 2978 1121 3016 dat
1155 2980 1252 3017 mihi

263 3039 397 3083 Pater,
421 3037 552 3073 adme
577 3038 721 3080 veniet,
757 3045 791 3073 et
823 3040 1058 3075 resuscitabo
1086 3053 1173 3077 eum
1208 3042 1249 3077 in

263 3099 468 3135 novissimo
488 3097 564 3133 die.
589 3096 659 3133 Cur
677 3096 976 3145 resurrectionem,
1000 3099 1102 3149 cujus
1125 3108 1158 3136 01
1181 3099 1247 3137 1111-
1269 3109 1292 3138 Ε

259 3158 308 3210 pii
329 3166 504 3195 consortes
525 3165 638 3203 erunt,
671 3165 921 3193 commemorat
948 3165 986 3193 111
1013 3157 1146 3195 donum
1167 3173 1246 3196 cre-

257 3219 424 3256 dentibus
446 3219 480 3255 in
497 3232 532 3256 se
546 3218 774 3256 concessum?
796 3217 891 3263 Quia
923 3230 993 3254 non
1020 3220 1245 3258 resurrectio-

302 3365 313 3377 1*
339 3354 437 3387 Savtt,
459 3363 606 3398 παρ-κινῇς.
628 3358 674 3388 διὰ
693 3359 779 3389 τοῦτο
797 3358 844 3389 οὐκ
863 3359 1074 3399 ἐταράττοντο,
1094 3360 1154 3394 ἕως.

791 201 975 233 JotNle
1012 200 1257 232 CHRYSOST.
1295 202 1498 232 ARCHIEP.

1538 203 1893 235 (zoNs‘rANJ'tNoP.

1341 284 1478 334 λέγεται
1494 284 1618 335 λέγων,
1639 283 1733 336 Ἐγώ
1750 287 1822 336 εἶμι
1835 288 1852 323 6
1869 286 1970 337 ἄρτος
1989 287 2049 332 τῆς
2069 289 2170 333 ζωῆς.
2187 287 2278 326 Οὐδὲ
2296 287 2362 341 γὰρ

1342 345 1421 399 περὶ
1446 348 1505 383 τοῦ
1531 343 1691 395 σώματος
1719 349 1820 384 τοῦτο
1846 346 1979 400 εἴρηται
2009 347 2110 401 (περὶ
2139 346 2206 401 γὰρ
2233 349 2362 388 ἐκείνου

1342 406 1426 460 πρὸς
1446 408 1495 458 τῷ
1514 405 1606 444 τέλει
1621 406 1734 457 λέγει·
1762 406 1832 445 Καὶ
1850 410 1867 444 6
1893 408 1992 461 ἄρτος
2013 408 2069 456 δὲ,
2090 408 2125 446 ὃν
2153 409 2221 461 ἐγὼ
2241 409 2364 458 δώσω,

1341 471 1362 514 ἡ
1370 467 1469 544 σάρξ
1487 484 1551 541 μου
1567 467 1693 515 ἐστίν)
1717 467 1807 505 ἀλλὰ
1827 467 1912 512 τέως
1932 485 2012 523 περι
2029 473 2090 516 τῆς
2110 469 2279 517 θεότητος.
2295 471 2365 510 Και

1342 528 1409 581 γὰρ
1431 528 1543 575 εκείνη
1571 528 1626 566 διὰ
1653 528 1709 566 τὸν
1741 528 1830 566 Θεὸν
1854 528 2008 581 Λόγον”
1987 545 2088 584 αρτος
2107 530 2218 568 ἐστίν·
2246 530 2365 584 ὥσπερ

1341 593 1396 627 οὖν
1414 590 1473 628 καὶ
1489 585 1586 634 οῧτος
1602 593 1649 628 6
1636 590 1736 643 ἄρτος
1758 589 1815 627 διὰ
1829 590 1867 628 τὸ
1882 593 2067 643 ἐπιφοιτων
2100 594 2192 629 αὐτῶ
2217 593 2365 643 Πνεῦμα

1341 649 1442 703 ἄρτος
1456 652 1610 702 οὐράνιος
1628 651 1774 703 γίνεται.
1790 650 1997 693 Ἐνταυθα
1979 651 2015 689 οὲ
2032 653 2069 690 οὐ
2087 652 2258 704 κέχρηται
2279 653 2367 704 μάρ-

1340 726 1440 757 τυσι,
1481 712 1640 763 καθάπερ
1674 710 1730 749 ἐπι
1757 713 1820 756 τῆς
1841 712 2011 765 προτέρας
2034 711 2268 765 δημηγορίας·
2292 717 2365 764 εἶχε

1340 771 1407 824 γὰρ
1427 773 1511 811 αὐτὸ
1536 789 1731 826 μαρτυρουν
1762 774 1802 812 τὸ
1826 773 1923 826 ἔργον
1950 777 2018 812 τῶν
2044 774 2173 826 ἄρτων,
2194 774 2254 812 καὶ
2279 774 2367 818 τέως

1342 835 1631 887 ὑποκρινομένους
1658 837 1752 888 αὐτῷ
1777 835 1968 874 πείθεσθαι.
1984 836 2082 874 Ἐκεῖ
2115 835 2151 873 δὲ
2184 835 2364 887 ἀντέλεγον

1344 895 1403 932 καὶ
1432 896 1634 934 ἐνεκάλουν·
1658 896 1715 935 διὰ
1735 901 1835 935 τοῦτο
1856 899 2002 936 ἐνταῦθα
2030 897 2090 935 καὶ
2123 896 2364 948 ἀποφαίνεται.

1344 958 1390 994 Οἱ
1419 956 1454 994 δὲ
1476 956 1596 1003 ἐπειδὴ
1634 956 1854 1010 προσεδόκων
1884 958 2071 1001 ἑστιάσεως
2105 957 2363 996 ἂπολαύσεσθαι

1343 1020 1556 1070 “σαρκικῆς,
1588 1018 1746 1068 μένουσι,
1776 1019 1837 1057 καὶ
1866 1020 1903 1056 οὖ
1933 1019 2186 1072 ταράττονται,
2215 1018 2281 1063 ἕως
2309 1019 2366 1058 ὅτε

1342 1076 1431 1126 μετὰ
1447 1081 1556 1114 ταῦτα
1574 1078 1779 1128 ἀπέγνωσαν
1796 1081 1859 1124 τῆς
1875 1080 2024 1123 ἐλπίδος.
2041 1080 2141 1127 Πλὴν
2160 1079 2237 1118 οὐδὲ
2259 1079 2365 1124 οὕτως

1341 1136 1499 1187 ἐσίγησεν
1522 1140 1539 1174 6
1569 1139 1737 1190 Χριστὸς,
1777 1139 1867 1178 ἀλλὰ
1907 1140 1967 1177 καὶ
2007 1140 2122 1179 πολλὰ
2157 1141 2365 1194 ἐντρεπτικὰ

1339 1195 1444 1247 λέγει.
1459 1199 1505 1235 Οἱ
1529 1196 1577 1244 δὲ,
1597 1197 1700 1243 ἡνίκα
1719 1198 1852 1248 ἥσΟιον,
1870 1200 2053 1253 προφήτην
2076 1201 2177 1239 αὐτὸν
2193 1201 2364 1253 λέγοντες,

1340 1260 1485 1297 ἐνταῦθα
1514 1259 1823 1308 σκανδαλίζονται,
1851 1260 1910 1298 καὶ
1942 1266 2001 1299 τοῦ
2031 1261 2188 1305 τέκτονος
2220 1264 2365 1300 καλοῦσι

1339 1318 1434 1357 υἱόν·
1457 1321 1531 1358 ἀλλ’
1560 1322 1624 1373 οὐχ
1646 1320 1704 1359 ὅτε
1729 1320 1808 1365 τοὺς
1836 1321 1960 1375 ἄρτους
1979 1322 2111 1370 ἤσθιον,
2143 1323 2233 1370 ἀλλ’,
2253 1317 2366 1367 Οῧτός

1339 1383 1431 1419 ἐστιν
1455 1384 1472 1419 6
1490 1382 1691 1434 προφήτης,
1718 1381 1849 1434 ἔλεγον,
1875 1383 1935 1421 καὶ
1954 1383 2075 1429 ἤθελον
2097 1383 2199 1422 αὐτὸν
2218 1399 2364 1430 ποιησαι

1341 1443 1498 1493 βασιλεα.
1520 1442 1583 1481 Γ
1566 1443 1684 1482 οοκουν
1707 1444 1768 1495 μὲν
1784 1460 1840 1483 ουν
1859 1447 2081 1496 ἀγανακτεῖν,
2104 1445 2161 1484 ἐπὶ
2181 1447 2230 1498 τῷ
2252 1444 2363 1498 λέγειν

1339 1503 1438 1541 αὐτὸν
1464 1506 1502 1542 ἐκ
1524 1509 1583 1542 του
1605 1505 1748 1557 οὖρανου
1768 1505 2069 1552 καταὸεὸηκέναι·
2097 1506 2136 1544 τὸ
2156 1505 2190 1544 δὲ
2218 1506 2322 1553 ἀληθὲ
2328 1523 2364 1554 ς,

1338 1567 1375 1604 οὐ
1397 1569 1497 1604 τοῦτο
1520 1560 1561 1613 ἦν
1584 1566 1623 1604 τὸ
1642 1571 1759 1605 ποιοῦν
1783 1566 1845 1614 τὴν
1871 1568 2121 1619 ἀγανάκτησιν,
2148 1567 2238 1605 ἀλλὰ
2254 1567 2293 1606 τὸ
2313 1565 2363 1618 μὴ

2261 1628 2364 1667 Ἐπεὶ

1337 1690 1364 1726 εἷ
1384 1688 1490 1733 ὄντως
1508 1689 1738 1740 ἠγανάκτουν,
1759 1692 1863 1742 ἐχρῆν
1881 1692 2013 1743 ἐρωτᾷν
2029 1690 2089 1728 καὶ
2104 1690 2339 1728 πυνθάνεσθαι
2351 1721 2362 1739 ,

1336 1628 1531 1679 προσδοκᾷν
1548 1627 1806 1666 ἀπολαύσεσθαι
1826 1628 2001 1681 τραπέζης
2018 1631 2236 1680 σωματικῆς.

1336 1752 1408 1793 πῶς
1430 1750 1531 1803 ἄρτος
1560 1750 1649 1796 ζωῆς
1675 1752 1750 1788 ἐστι
1765 1780 1774 1797 ,
1802 1754 1876 1794 πῶς
1899 1753 1938 1788 ἐκ
1955 1755 2014 1789 τοῦ
2035 1753 2179 1803 οὐρανοῦ
2211 1751 2362 1789 καταδέ-

1335 1811 1439 1858 ἕηκε·
1466 1815 1523 1849 νῦν
1549 1811 1583 1849 δὲ
1608 1815 1708 1849 τοῦτο
1740 1811 1802 1862 μὲν
1832 1812 1871 1849 οὗ
1899 1815 2056 1857 ποιοῦσι,
2077 1811 2283 1864 γογγύζουσι
2312 1812 2359 1850 δέ.

1335 1872 1440 1910 Kat'
1420 1889 1473 1911 οτι
1493 1874 1529 1911 οὐ
1548 1889 1647 1911 τουτο
1675 1888 1797 1916 αυτους
1825 1872 2068 1918 ἓσκανδάλιζε,
2095 1874 2197 1919 δῆλον
2218 1874 2359 1912 ἐκεῖθεν.

1332 1932 1502 1977 Εἰπόντος
1529 1933 1597 1986 γὰρ
1623 1932 1678 1971 ὅτι
1693 1932 1738 1971 ‘O
1768 1933 1895 1987 Πατήρ
1926 1949 1991 1984 μου
2018 1933 2156 1972 δίδωσιν
2188 1937 2269 1985 ὑμῖν
2301 1935 2359 1973 τὸν

1331 1995 1446 2047 ἄρτον,
1469 2011 1529 2033 ουκ
1555 1999 1663 2042 εἷπον,
1682 1994 1964 2048 παρακάλεσον“
1951 2011 2004 2033 ινα
2025 1995 2092 2048 δῳ·
2114 1994 2204 2033 ἀλλὰ
2218 1995 2270 2043 τί,
2292 1996 2359 2039 Δὸς

1329 2058 1412 2105 ἡμῖν
1440 2056 1496 2094 τὸν
1528 2056 1646 2108 ἄρτον
1674 2056 1800 2094 Καίτοι
1820 2071 1880 2094 ουκ
1906 2060 2012 2104 εἶπεν,
2037 2056 2091 2095 οτι
2116 2055 2183 2107 ἐγὼ
2209 2026 2357 2108 δίδίυμι,

1330 2118 1419 2163 ἀλλ’,
1439 2116 1492 2155 ὅτι
1513 2116 1557 2154 Ὁ
1574 2117 1728 2169 Πατήρ
1723 2133 1787 2156 μου
1814 2117 1965 2156 δίδωσιν.
1988 2119 2033 2156 Οἱ
2055 2116 2090 2155 δὲ
2110 2117 2277 2170 ἐπιθυμίᾳ
2295 2134 2358 2165 της

1328 2192 1456 2229 τροφης
1478 2193 1537 2215 και
1559 2178 1660 2216 αὐτὸν
1682 2177 1880 2221 ἀξιόπιστον
1901 2181 2019 2216 εἰναιέ
2005 2178 2168 2229 ενόμισαν
2190 2179 2275 2231 πρὸς
2292 2179 2355 2226 τὴν

1329 2237 1510 2289 χορηγίαν.
1529 2240 1575 2277 Οἱ
1591 2238 1703 2276 τοίνυν
1722 2237 1919 2282 ἀξιοπιστον
1937 2242 2024 2276 εἰναι
2046 2238 2251 2289 νομίσαντες
2269 2240 2356 2293 πρὸς

1328 2300 1367 2337 τὸ
1387 2300 1523 2348 δουναι,
1539 2303 1613 2344 πώς
1637 2300 1781 2350 ἔμελλον
1804 2299 1893 2350 μετὰ
1909 2303 2018 2337 ταῦτα
2035 2299 2351 2346 σκανδαλίζεσθαι,

1328 2361 1512 2398 καὶταῦτα
1535 2359 1743 2404 ἀκούσαντες
1767 2360 1821 2399 ὅτι
1846 2360 1892 2398 ‘O
1913 2359 2040 2413 Πατὴρ
2065 2359 2206 2410 δίδωσι,
2228 2360 2275 2398 Τί
2295 2355 2353 2399 οὖν

1328 2424 1400 2460 ἐστι
1425 2422 1465 2459 τὸ
1484 2421 1613 2468 αἴτιον,
1636 2420 1783 2468 Ἐπειδὴ
1802 2420 1954 2467 ἥκουσαν
1978 2420 2030 2458 ὅτι
2053 2426 2172 2473 φαγεῖν
2199 2423 2261 2459 οὒκ
2280 2421 2352 2470 ἔνι,

1325 2483 1430 2521 πάλιν
1453 2482 1666 2530 ἠπίστησαν,
1690 2483 1750 2520 καὶ
1776 2483 2036 2534 προὸάλλονται
2066 2484 2166 2529 δῆθεν
2185 2485 2247 2530 τ’ἦς
2267 2485 2352 2522 ἀπι-

1326 2543 1422 2587 στίας
1449 2544 1690 2596 προκάλυμμα
1717 2543 1757 2582 τὸ
1781 2543 1911 2594 ὑψηλὸν
1943 2537 2030 2581 εἶναι
2058 2543 2115 2581 τὸν
2141 2542 2256 2594 λόγον.
2282 2544 2351 2583 Διὰ

1324 2604 1424 2643 τοῦτό
1451 2620 1556 2657 φησι,
1576 2604 1646 2642 Καὶ
1675 2602 1854 2655 ἑωράκατέ
1887 2619 1952 2654 με,
1987 2603 2046 2641 καὶ
2078 2606 2114 2641 οὐ
2145 2603 2347 2643 πιστεύετε·

1324 2665 1434 2717 τούτῳ
1454 2665 1515 2716 μὲν
1535 2664 1580 2704 τὰ
1596 2670 1726 2715 σημεῖα
1742 2664 1997 2715 αἰνιττόμενος,
2015 2664 2127 2717 τούτῳ
2144 2665 2179 2703 δὲ
2198 2664 2261 2712 τὴν
2280 2666 2348 2705 ἀπὸ

1321 2729 1389 2765 τῶν
1405 2728 1552 2779 Γραφῶν
1572 2724 1776 2777 μαρτυρίαν.
1793 2725 1949 2763 Ἐκεῖνα(
1971 2726 2039 2777 γάρ
2059 2728 2143 2772 εἶσι,
2164 2727 2282 2779 φησὶν,
2308 2730 2344 2765 αἵ

1325 2791 1560 2840 μαρτυροῦσαι
1580 2786 1660 2838 περὶ
1686 2788 1787 2836 ἐμοῦ·
1814 2785 1873 2823 καὶ
1886 2816 1895 2832 ,
1915 2784 2000 2823 ῑΌτι
2017 2781 2121 2832 ἦλθον
2146 2787 2181 2823 ἐν
2199 2789 2248 2838 τῷ
2271 2787 2346 2825 ὀνό-

1322 2863 1408 2898 ματι
1435 2851 1494 2884 τοῦ
1523 2845 1663 2899 Πατρός
1682 2862 1766 2896 μου,
1797 2845 1856 2884 καὶ
1878 2846 1916 2882 οὐ
1935 2845 2134 2896 λαμὸάνετέ
2169 2862 2231 2897 με·
2266 2846 2345 2892 καὶ,

1321 2910 1404 2951 Πῶς
1424 2907 1566 2945 δύνασθε
1591 2905 1779 2956 πιστεύειν,
1802 2905 1900 2950 δόξαν
1919 2905 2042 2960 ι’παρὰ
2061 2907 2220 2954 ἀλλήλων
2250 2909 2344 2958 λαμ-

1324 2968 1503 3015 &civetate-33
1526 2969 1602 3005 Πᾶν
1621 2967 1639 3006 ὃ
1656 2966 1775 3006 δίδωσί
1798 2983 1856 3018 μοι
1873 2970 1890 3005 6
1905 2967 2033 3020 Πατὴρ
2048 2998 2057 3015 ,
2073 2969 2160 3021 πρὸς
2176 2969 2237 3020 ἐμὲ
2254 2968 2342 3015 ἥξει,

1322 3029 1381 3067 καὶ
1395 3029 1452 3067 τὸν
1468 3028 1654 3082 ἐρχόμενον
1673 3028 1758 3081 πρός
1787 3044 1831 3078 με
1864 3030 1900 3066 οὐ
1925 3028 1973 3079 μὴ
1995 3028 2134 3067 ἐκὸάλω
2150 3028 2226 3073 ἔξω.
2243 3028 2340 3080 εὈρα

1319 3094 1393 3134 πῶς
1412 3090 1528 3129 πάντα
1555 3094 1646 3127 ποιεῖ
1666 3089 1723 3127 διὰ
1742 3087 1819 3132 τοὺς
1841 3089 2065 3140 σωζομένους.
2084 3089 2152 3128 Διὰ
2172 3089 2212 3136 δὴ
2238 3093 2339 3126 τοῦτο

1317 3151 1375 3190 καὶ
1392 3151 1579 3202 ἐπήγαγεν,
1606 3149 1661 3187 ἵνα
1683 3149 1730 3200 μὴ
1753 3150 1832 3202 δόξῃ
1849 3151 2157 3203 περιεργάζεσθαι,
2176 3149 2234 3188 καὶ
2261 3152 2336 3201 εἰκῇ

1315 3224 1424 3259 ταῦτα
1441 3219 1569 3270 λέγειν.
1587 3217 1634 3256 Τί
1652 3217 1688 3255 δέ
1712 3220 1804 3256 ἐστιν
1820 3217 1839 3256 ὅ
1859 3233 1961 3270 φησι,
1978 3220 2057 3257 Πᾶν
2077 3217 2094 3255 ὃ
2109 3217 2228 3256 δίδωσί
2246 3232 2304 3268 μοι
2318 3219 2335 3254 6

1370 3358 1385 3383 b
1409 3356 1510 3390 Savil.
1528 3362 1611 3402 παρὰ
1628 3360 1800 3400 ἀνθρώπων.
