2481 3678
595 199 637 229 m
676 197 882 230 JOANNEM
918 193 1075 226 nomn„
1118 193 1275 223 Lxxxi.
1313 177 1376 222 al.
1417 193 1556 223 Lxxx.
2040 178 2134 242 549

54 278 176 332 κόσμῳ
190 311 200 329 ,
231 284 290 321 καὶ
319 283 375 321 ὅτε
401 283 552 330 ἄπεισιν,
582 282 688 334 ..τέρῳ
719 280 841 324 αὐτοὺς
867 291 1073 330 παρακατα-
1147 273 1254 312 verba
1271 282 1353 311 sunt
1369 273 1526 311 hominis
1542 273 1728 324 simplicis,
1742 273 1801 323 qui
1818 283 1988 326 perpetuo
2004 275 2049 312 ab
2064 275 2138 312 illis

55 341 196 390 θέσθαι,
228 345 351 382 Ταῦτα
369 344 436 395 γὰρ
457 343 530 387 »ὡς
549 343 730 394 ἀνθρώπου
752 344 853 394 ψιλοῦ
879 334 1071 392 χωριζομέ-
1087 371 1132 395 48⁰
1148 343 1382 386 separareiur.
1403 333 1534 372 Viden’
1563 348 1644 371 eum
1676 333 1831 385 plurima
1858 334 2013 372 humano
2039 350 2136 373 more

54 418 112 440 νου
129 406 241 442 αὐτῶν
257 406 420 452 διηνεκῶς
435 399 476 451 ἦν
494 405 646 457 ῥήματα.
663 404 769 456 Ὁρᾷς
784 403 836 440 ὅτι
853 398 1075 452 ἀνθρωπίνως
1098 407 1122 435 Λ
1148 395 1260 446 loqui,
1277 408 1320 431 ac
1335 393 1533 431 seeundum
1547 394 1692 431 illorum
1709 403 1867 445 captum,
1887 394 1946 444 qui
1964 396 2137 446 putabant

55 465 98 502 τὰ
117 466 264 503 πλεῖστα
286 466 502 517 διαλέγεται,
520 466 678 517 καὶπρὸς
695 465 757 511 τὴν
777 465 889 501 αὐτῶν
910 458 1075 504 διάνοιαν,
1147 470 1183 494 se
1205 470 1250 493 ex
1276 455 1374 492 illius
1400 455 1585 507 praesentia
1610 454 1723 507 magis
1750 455 1785 492 in
1810 463 1886 491 tuto
1911 454 2011 491 esse?
2031 458 2136 502 Qua-

56 527 262 576 νομιζόντων
283 526 336 565 ὅτι
353 528 497 566 πλείονά
510 543 588 566 τινα
610 521 702 578 εἶχον
723 525 914 577 ἀσφάλειαν
932 520 1000 557 ἀπὸ
1014 522 1075 564 τῆς
1148 526 1295 569 propter
1315 516 1379 565 ait,
1407 517 1573 566 Quando
1602 531 1708 554 eram
1730 530 1817 554 cum
1843 518 1910 562 eis,
1935 517 2138 553 servabam
2151 523 2179 542 v.
2196 523 2240 543 ¹2-

54 588 247 639 παρῡυςςας
265 590 390 635 αὐτοῦ,
412 589 476 627 Διό
492 586 709 641 30⁷2&vassss
726 586 794 637 ἐγὼ
808 584 916 634 ἤμην,
932 580 1075 632 ἐτήρουν
1149 579 1252 616 illos.
1277 578 1385 629 Atqui
1406 577 1507 627 dicit,
1532 580 1651 616 Venio
1677 580 1730 616 ad
1750 592 1836 623 vos‚·
1863 587 1911 628 et,
1936 580 2139 615 Vobiscum
2156 591 2267 619 Manh.
2287 588 2336 619 28,

55 648 189 691 αὐτούς.
222 649 290 687 Καὶ
321 650 390 700 μὴν
417 650 530 701 λέγει,
559 649 611 687 ὅτι
637 648 816 700 Ἔρχομαι
842 642 927 695 πρὸς
967 643 1076 690 ὑμᾶς,
1148 655 1233 679 sum
1272 655 1392 694 usque
1432 642 1486 679 ad
1520 645 1903 680 consummationem.
1951 640 2140 690 Quomodo
2155 641 2205 661 ²⁰·

56 708 114 746 καὶ
126 737 135 753 ,
156 711 243 747 Μεθ’
256 713 353 762 ὑμῶν
369 714 440 762 εἰμι
462 711 526 754 ἕως
541 714 602 757 τῆς
616 707 824 749 συντελείας.
846 705 928 746 Πῶς
944 706 1014 749 νῦν,
1031 703 1077 743 ὡς
1149 716 1248 753 ergo,
1267 711 1449 753 tamquam
1463 702 1508 739 ab
1527 702 1599 740 illis
1612 702 1842 755 separandus,
1866 703 1941 740 haec
1954 702 2112 753 loquitur
2123 702 2141 739 Ξ)

56 770 265 823 γωρίζεσῡαι
298 773 448 823 μέλλων,
469 776 579 810 ταῦτα
608 771 721 821 λέγει,
745 768 850 814 Ἀλλ’,
875 764 959 817 ὅπερ
979 763 1077 816 ἔφην,
1150 764 1201 801 Ut
1218 762 1313 812 dixi,
1332 762 1527 801 secundum
1545 763 1690 801 illorum
1705 763 1921 816 opinionem,
1939 772 1977 800 ut
1993 763 2142 815 paulum

56 815 143 883 πρὸς
160 832 224 879 τὴν
241 835 378 872 ἐκείνων
396 834 574 879 ὑπόνοιαν,
587 832 644 869 ἵνα
662 830 785 882 μικρὸν
801 826 1076 872 ἀναπνεύσωσιν,
1150 824 1364 876 respirarent
1381 823 1562 862 audientes
1578 825 1683 862 illum
1701 825 1749 862 ita
1768 825 1990 875 loquentem,
2010 833 2042 862 et
2062 824 2143 861 illos

58 893 240 937 ἀκούοντες
269 896 373 933 αὐτοῦ
400 898 510 932 ταῦτα
529 893 688 943 λέγοντος
708 890 767 929 καὶ
790 891 1077 941 παρακατατιθε-
1151 886 1249 923 Patri
1281 885 1600 924 commendantem.
1633 886 1730 934 Quia
1759 887 1854 924 enim
1882 886 2004 924 multis
2032 885 2077 923 ab
2102 899 2143 923 eo

59 953 161 1002 μένου
192 957 243 1006 τῷ
272 955 402 1006 Πατρί.
437 953 584 1001 Ἐπειδὴ
606 952 673 1005 γὰρ
701 950 833 995 πολλὰς
862 951 944 1002 παρ’
972 950 1077 987 αὐτοῦ
1152 947 1284 985 auditis
1305 947 1548 985 consolatoriis
1575 948 1711 997 verbis,
1741 962 1811 985 non
1837 947 2141 999 obtemperabant,

57 1016 295 1066 παρακλήσεις
324 1017 506 1060 ἀκούοντες
534 1019 595 1055 οὐκ
623 1015 849 1062 ἐπείσθησαν,
876 1013 996 1052 λοιπὸν
1028 1015 1079 1064 τῷ
1102 1026 1125 1054 Β
1153 1009 1300 1046 demum
1321 1009 1463 1047 Patrem
1486 1010 1702 1061 alloquitur,
1731 1024 1832 1047 suam
1853 1024 1934 1061 erga
1954 1010 2034 1048 illos
2049 1010 2141 1048 dile-

59 1075 173 1128 Πατρὶ
193 1077 409 1129 διαλέγεται,
429 1077 492 1123 τὴν
513 1079 560 1121 εἷς
577 1077 697 1119 αὐτοὺς
718 1075 866 1127 στοργὴν
887 1073 1079 1112 ἐπιδεικνύ-
1155 1070 1308 1108 ctionem
1332 1071 1505 1109 exhibens
1513 1087 1522 1119 3
1543 1085 1583 1108 ae
1603 1071 1632 1108 si
1651 1071 1804 1120 diceret,
1834 1071 1930 1119 Quia
1960 1086 2016 1109 me
2045 1071 2090 1109 ad
2111 1081 2144 1109 te

58 1151 178 1185 μενος·
198 1138 326 1176 ὡσανεὶ
347 1139 462 1189 ἔλεγεν
477 1154 484 1161 ·
507 1138 626 1184 ἐπειδὴ
645 1138 730 1189 πρὸς
745 1137 866 1174 ἑαυτόν
883 1151 927 1186 με
943 1150 1079 1186 συγκα-
1153 1146 1277 1169 evocas
1291 1161 1301 1179 ,
1331 1131 1411 1169 11105
1444 1132 1480 1169 in
1509 1141 1585 1169 tuto
1612 1132 1796 1170 constitue.
1818 1131 1896 1183 Ego
1921 1132 2015 1170 enim
2043 1132 2088 1170 ad
2111 1142 2144 1170 te

56 1198 144 1244 λεῖς,
162 1198 382 1245 κατάστησον
401 1200 524 1243 αὐτοὺς
540 1202 574 1237 ἐν
596 1199 780 1251 ἀσφαλείᾳ,
803 1197 898 1249 Ἐγὼ
913 1197 980 1248 γὰρ
996 1197 1081 1248 πρὸς
1112 1189 1118 1193 ’
1153 1192 1267 1230 venio.
1290 1192 1389 1238 Quid
1414 1192 1530 1230 dicis?
1556 1207 1670 1230 nonne
1693 1202 1730 1229 tu
1751 1202 1849 1244 potes
1870 1193 1950 1230 illos
1976 1193 2142 1231 servare?

57 1257 95 1297 σὲ
115 1259 276 1311 ἔρχομαι.
296 1260 486 1312 ’1’ίλε’γεις;
507 1261 566 1299 καὶ
586 1264 623 1300 οὐ
644 1261 789 1298 δύνασαι
807 1265 924 1312 τηρεῖν
945 1258 1081 1305 αὐτούς
1154 1256 1286 1305 Etiam,
1308 1270 1465 1308 possum.
1485 1257 1558 1294 Cur
1570 1271 1652 1308 ergo
1667 1256 1742 1293 haec
1761 1255 1880 1293 dicis?
1904 1258 1954 1294 Ut
1969 1257 2142 1294 habeant
2156 1275 2184 1292 v.
2199 1264 2244 1293 13.

56 1321 139 1367 Ναὶ,
169 1321 328 1372 δύναμαι.
357 1322 460 1366 Τίνος
483 1317 541 1361 οὖν
571 1323 684 1361 ἕνεκεν
716 1326 826 1359 ταῦτα
858 1320 1081 1372 λέγειςςἽνα
1151 1320 1337 1369 gaudium
1355 1333 1480 1356 meum
1498 1319 1673 1370 piemon,-
1700 1317 1739 1354 id
1763 1326 1830 1365 est,
1858 1318 1910 1355 Ut
1937 1332 1980 1355 ne
2000 1327 2141 1370 pertur—

55 1381 162 1433 ἔχωσι
177 1382 239 1430 τὴν
254 1383 368 1435 χαρὰν
381 1384 444 1431 τὴν
460 1384 548 1434 ἐμὴν
564 1383 846 1436 πεπληρωμένην
863 1398 871 1405 ·
888 1381 1079 1428 τουτέστιν,
1151 1378 1296 1425 bemus,
1315 1378 1592 1431 imperfectiores
1609 1391 1690 1415 cum
1709 1377 1790 1414 sint.
1812 1377 1878 1414 His
1893 1378 2011 1416 verbis
2026 1388 2142 1416 osten-

54 1441 110 1479 ἵνα
123 1442 171 1493 μὴ
188 1444 403 1495 θορυέὤνται
418 1445 637 1496 ἀτελέστεροι
652 1445 758 1486 ὄντες.
771 1445 895 1481 Ταῦτα
910 1442 944 1479 δὲ
959 1441 1078 1486 εἰπὼν,
1151 1438 1205 1475 dit
1219 1453 1254 1476 se
1273 1439 1319 1476 ad
1338 1440 1482 1476 illorum
1500 1438 1655 1488 quietem
1682 1446 1716 1474 et
1735 1437 1908 1489 gaudium
1932 1438 2008 1476 haec
2023 1440 2141 1477 omnia

54 1504 227 1550 ἐδήλωσεν
248 1504 300 1542 ὅτι
317 1506 374 1543 διὰ
389 1505 452 1552 τὴν
473 1505 612 1543 ἐκείνων
633 1505 828 1543 ἀνάπαυσιν
848 1503 906 1540 καὶ
922 1503 986 1548 τὴν
1005 1518 1077 1554 χα-
1151 1500 1201 1537 sic
1213 1500 1402 1550 loquutum
1412 1513 1485 1537 esse
1500 1515 1507 1534 :
1523 1513 1604 1536 nam
1617 1497 1719 1535 aliter
1731 1499 1928 1536 contrarius
1941 1514 2014 1537 esse
2027 1515 2142 1538 sermo

55 1564 115 1618 ρὰν
136 1565 251 1603 πάντα
271 1571 381 1604 ταῦτα
403 1566 511 1609 οὕτως
530 1566 664 1618 ἔλεγεν·
690 1572 704 1587 ³
719 1565 794 1603 ἐπεὶ
818 1566 910 1602 δοκεῖ
927 1564 1079 1606 ἐναντίος
1150 1561 1306 1600 videtur.
1327 1564 1443 1599 Nunc
1460 1569 1591 1598 autem
1608 1574 1686 1597 non
1707 1574 1792 1597 sum
1811 1563 1852 1597 in
1868 1562 2025 1607 mundo,
2049 1571 2084 1599 et
2100 1564 2142 1599 hi

52 1628 70 1663 ὁ
88 1626 188 1678 λόγος
205 1620 304 1665 εἶναι.
328 1629 401 1666 Νῦν
425 1627 460 1666 δὲ
480 1631 543 1666 οὐκ
561 1628 633 1677 εἰμὶ
651 1630 684 1666 ἐν
708 1630 757 1680 τῷ
778 1627 900 1678 κόσμῳ
912 1657 921 1674 ,
945 1625 1005 1664 καὶ
1022 1621 1079 1663 οῧ-
1150 1625 1347 1661 inmundo
1362 1632 1464 1662 sunt.
1476 1624 1529 1660 Ita
1541 1621 1636 1659 enim
1651 1621 1890 1674 opinabantur
1902 1621 1958 1659 1111
1969 1637 1980 1671 3
1998 1622 2141 1662 interim

53 1703 106 1725 τοι
127 1691 160 1726 ἐν
187 1691 236 1740 τῷ
256 1688 378 1742 κόσμῳ
397 1689 474 1728 εἶσί.
496 1691 610 1728 Τοῦτο
625 1688 691 1741 γὰρ
707 1689 913 1727 ὑπώπτευον
931 1689 1077 1726 ἐκεῖνοι·
1148 1699 1232 1723 vero
1261 1685 1409 1723 illorum
1440 1684 1642 1722 infirmitati
1672 1697 1708 1720 se
1736 1692 1956 1735 attemperat.
1978 1684 2017 1722 Si
2044 1685 2139 1722 enim
2210 1699 2343 1727 Christus

52 1749 138 1792 τέως
155 1743 212 1786 οὖν
233 1753 347 1794 αὐτοῖς
365 1750 648 1802 συγκαταὸαίνει.
666 1752 710 1788 Εἰ
723 1750 790 1801 γὰρ
807 1743 917 1795 εἶπεν,
938 1748 991 1787 ὅτι
1007 1748 1076 1800 ἐγὼ
1098 1774 1122 1804 C
1146 1746 1314 1796 dixisset,
1336 1747 1414 1799 Ego
1432 1760 1533 1785 servo
1552 1746 1650 1795 illos,
1673 1759 1743 1782 non
1766 1744 2001 1783 credidissent
2022 1762 2030 1782 :
2052 1761 2139 1798 qua-
2154 1741 2344 1809 ωῗιῗρὶξζὲῗζ

51 1814 148 1862 τηρῶ
170 1810 290 1855 αὐτοὺς
303 1840 312 1856 ,
331 1814 393 1850 οὐκ
408 1812 446 1849 ἂν
462 1811 570 1854 οὕτως
587 1811 794 1850 ἐπίστευσαν
814 1827 821 1834 ·
843 1810 962 1862 διόπερ
979 1812 1076 1863 φησί·
1148 1819 1296 1861 propter
1326 1809 1376 1847 ait
1394 1824 1402 1845 :
1450 1810 1573 1846 Pater
1613 1816 1760 1853 sancte,
1809 1821 1921 1845 serva
1963 1808 2053 1846 illos
2097 1811 2138 1846 in
2154 1825 2287 1850 mimise
2303 1830 2344 1852 εἰ-

51 1871 171 1924 Πάτερ
187 1873 262 1924 ἅγιε
274 1902 284 1919 ,
304 1873 455 1926 τήρησον
473 1872 595 1916 αὐτοὺς
617 1876 650 1912 ἐν
669 1875 719 1924 τῷ
739 1872 884 1923 ὀνόματί
903 1888 964 1910 σου
977 1888 985 1896 ·
1001 1889 1077 1911 του·
1147 1876 1301 1911 nomine
1315 1882 1398 1918 t1c0‚·
1413 1872 1550 1921 honest,
1564 1872 1631 1910 Per
1640 1871 1818 1909 auxilium
1832 1881 1946 1909 tuum.
1964 1873 2024 1909 102.
2042 1874 2137 1910 Cum
2153 1871 2305 1903 ¹⁰mpes³²·

50 1931 146 1971 τέστι
161 1963 170 1980 ,
187 1934 244 1971 διὰ
258 1937 319 1980 τῆς
335 1938 397 1981 σῆς
417 1934 589 1986 βοηθείας.
611 1933 627 1949 ³
664 1950 700 1971 τε
714 1933 810 1984 ἥμην
827 1935 861 1971 ἐν
875 1936 924 1985 τῷ
938 1933 1073 1986 κόσμῳ,
1149 1949 1271 1973 essem
1287 1939 1328 1972 in
1347 1936 1504 1980 mundo,
1523 1949 1591 1986 ego
1606 1935 1808 1972 servabam
1825 1934 1914 1971 illos
1930 1935 1970 1970 in
1985 1937 2140 1972 nomine

49 1994 119 2046 ἐγὼ
151 1995 272 2039 αὐτοὺς
300 1997 444 2048 ἐτήρουν
467 1999 500 2034 ἐν
521 1999 570 2048 τῷ
602 1995 746 2046 ὀνόματί
775 2011 848 2033 σου.
880 1995 995 2033 Πάλιν
1027 1998 1074 2038 ὡς
1147 2005 1227 2034 tuo.
1260 1998 1400 2034 Rursus
1428 2006 1467 2034 ut
1493 1996 1600 2033 homo
1638 2004 1671 2033 et
1702 2004 1741 2032 ut
1765 1995 1937 2047 propheta
1954 1996 2138 2046 loquitur:

49 2057 228 2108 ἅνθρωπος
251 2058 446 2109 διαλέγεται
466 2058 524 2096 καὶ
543 2059 589 2101 ὡς
608 2057 806 2110 προφήτης·
827 2057 902 2095 ἐπεὶ
921 2057 1073 2106 οὐδαμοῦ
1144 2072 1321 2109 nusquam
1346 2058 1439 2095 enim
1456 2066 1601 2109 apparet
1614 2057 1650 2094 in
1664 2056 1804 2094 nomine
1818 2056 1884 2093 Dei
1900 2057 1990 2106 quid
2000 2058 2135 2097 fecisse.

49 2118 208 2170 φαίνεται
236 2119 332 2158 οὐδὲν
352 2121 387 2157 ἐν
412 2122 462 2171 τῷ
492 2118 636 2168 ὀνόματι
663 2123 722 2157 τοῦ
742 2121 833 2158 Θεοῦ
853 2117 1068 2164 πεποιηκώς.
1148 2120 1250 2170 Quos
1281 2120 1421 2156 dedisci
1443 2119 1551 2163 mihi,
1577 2118 1781 2163 custodivi,
1811 2125 1847 2154 et
1877 2131 1987 2154 nemo
2011 2132 2058 2154 ex
2084 2121 2139 2155 eis

49 2178 120 2222 Οὓς
136 2180 268 2223 ἔδωκάς
288 2196 369 2231 μοι,
390 2179 541 2233 ἐφύλαξα
558 2210 566 2227 ,
588 2180 647 2218 καὶ
667 2180 776 2224 οὐδεὶς
794 2179 829 2224 ἐξ
846 2181 958 2218 αὐτῶν
978 2178 1071 2217 ἀπώ-
1139 2183 1268 2232 periit,
1292 2182 1367 2217 nisi
1376 2180 1494 2232 filius
1515 2179 1756 2230 perditionis,
1785 2185 1826 2214 uc
1846 2177 2046 2228 Scriptura
2062 2180 2130 2215 im«

46 2241 145 2288 λετο,
172 2244 202 2279 εἷ
224 2241 272 2292 μὴ
291 2246 308 2280 ὁ
328 2243 397 2286 υἱὸς
415 2245 478 2288 τῆς
498 2241 690 2287 ἀπωλείας,
710 2241 767 2279 ἵνα
784 2246 807 2288 ἡ
826 2241 948 2295 Γραερὴ
976 2244 1070 2289 πλη-
1138 2243 1306 2294 pleatzir.
1332 2244 1377 2278 At
1392 2241 1479 2278 alibi
1499 2240 1547 2278 ait
1571 2256 1578 2276 ε
1600 2242 1721 2277 Omne
1741 2239 1846 2291 quod
1861 2237 1992 2276 dedisti
2022 2241 2131 2287 mihi,
2151 2247 2269 2277 Joan.6
2286 2248 2337 2285 39.

48 2305 152 2353 ρωθῇ.
177 2303 246 2340 Καὶ
267 2304 420 2355 ἀλλαχοῦ
447 2319 533 2355 φησι
550 2318 557 2326 ·
573 2304 651 2341 Πᾶν
671 2302 689 2340 ὃ
708 2303 840 2346 ἔδωκάς
860 2319 937 2354 μοι,
958 2304 995 2341 οὗ
1019 2303 1067 2354 μὴ
1142 2317 1220 2340 non
1236 2303 1396 2354 perdam
1416 2316 1462 2339 ex
1480 2315 1538 2339 eo.
1563 2299 1672 2350 Atqui
1692 2313 1761 2337 non
1783 2299 1843 2336 ille
1858 2308 1997 2337 tantum
2013 2299 2134 2351 periit3

47 2362 208 2401 ἀπολέσω
227 2363 260 2408 ἐξ
281 2366 396 2402 αὐτοῦ.
413 2363 537 2402 Καίτοι
551 2367 614 2403 οὐκ
627 2366 756 2408 ἐκεῖνος
773 2363 934 2402 ἀπώλετο
953 2365 1068 2414 μόνος,
1139 2363 1201 2402 sed
1220 2372 1253 2401 et
1270 2363 1332 2400 alii
1351 2362 1456 2400 multi
1480 2371 1611 2414 postea.
1631 2359 1820 2407 Quomodo
1848 2374 1931 2411 ergo
1953 2361 2020 2408 ait,
2043 2363 2134 2398 ,Non

45 2422 136 2461 ἀλλὰ
155 2424 214 2461 καὶ
231 2425 353 2463 πολλοὶ
367 2424 521 2477 ὕστερον.
539 2427 622 2468 Πῶς
641 2420 698 2464 οὖν
718 2441 835 2477 φησιν,
851 2427 904 2464 Οὐ
920 2425 968 2476 μὴ
985 2428 1069 2463 ἀπο·
1136 2427 1297 2477 perdam
1311 2428 1328 2460 P
1359 2426 1544 2472 Quantum
1577 2423 1614 2460 in
1647 2437 1703 2459 me
1740 2422 1827 2470 erit,
1858 2436 1927 2459 non
1960 2422 2129 2473 perdam3

44 2483 158 2522 λέσωῑ
180 2488 212 2523 T
215 2486 232 2523 ὸ
260 2486 343 2535 ἐμὸν
361 2486 483 2537 μέρος,
499 2487 536 2523 οὗ
559 2486 608 2536 μὴ
629 2487 803 2525 ἀπολέσω·
821 2487 907 2538 ὅπερ
928 2487 987 2524 καὶ
1001 2488 1068 2524 ἀλ-
1090 2495 1113 2524 D
1139 2486 1238 2537 quod
1250 2495 1283 2523 et
1298 2485 1384 2522 alibi
1403 2485 1534 2522 elarius
1559 2483 1700 2521 dicebat
1721 2498 1728 2518 :
1747 2484 1837 2520 Non
1862 2484 2014 2534 ejiciam
2047 2497 2132 2521 eum
2149 2490 2230 2518 [hid.
2244 2501 2270 2518 v.
2283 2491 2335 2528 37.

45 2547 155 2597 λαχοῦ
172 2546 381 2598 σαφέστερον
408 2548 523 2592 δηλῶν
548 2547 664 2598 ἔλεγεν
682 2563 688 2570 ·
705 2549 757 2585 Οὐ
779 2547 826 2597 μὴ
843 2548 982 2585 ἐκδοίλω
1004 2549 1065 2585 αὖ·
1134 2549 1248 2600 foras
1269 2563 1276 2583 :
1296 2561 1365 2584 non
1385 2545 1453 2582 mei
1473 2559 1594 2592 causa,
1615 2558 1684 2581 non
1704 2558 1760 2580 me
1776 2543 1980 2595 impellente
1998 2544 2056 2583 vel
2078 2560 2132 2583 re-

45 2606 103 2644 τον
131 2607 196 2650 ἔξω
208 2623 215 2630 ·
235 2609 272 2644 οὐ
292 2608 389 2659 παρὰ
407 2607 468 2655 τὴν
487 2608 574 2658 ἐμὴν
592 2609 719 2655 αἰτίαν,
742 2608 819 2647 οὐδὲ
840 2611 923 2658 ἐμοῦ
942 2611 1068 2647 ὠθοῦν-
1139 2609 1332 2658 linquente.
1351 2605 1460 2653 Quod
1478 2605 1506 2642 si
1527 2613 1650 2657 sponte
1664 2603 1843 2649 resiliant,
1860 2617 1929 2641 non
1949 2618 1995 2642 ex
2011 2619 2132 2644 neces-

45 2685 122 2716 τος,
150 2668 227 2707 οὐδὲ
246 2669 620 2721 ἐγκαταλιμποίνοντος.
638 2672 683 2709 Εἰ
700 2669 736 2708 δὲ
757 2671 814 2721 ἀφ’
835 2671 966 2707 ἑαυτῶν
984 2673 1069 2708 ἀπο·
1140 2669 1243 2707 sitate
1272 2667 1424 2705 traham.
1456 2667 1520 2703 12.
1546 2667 1663 2703 lemc
1684 2673 1814 2702 autem
1842 2666 1897 2701 ad
1929 2673 1965 2702 te
1997 2669 2129 2704 venio.

45 2730 202 2776 πηδῶσι,
235 2730 322 2782 πρὸς
350 2731 504 2781 ἀνάγκην
533 2733 598 2784 οὐχ
624 2730 728 2770 ἕλκω.
749 2733 822 2770 Νῦν
853 2730 889 2768 δὲ
916 2730 1001 2782 πρὸς
1030 2730 1068 2769 σὲ
1141 2729 1274 2768 Viden’
1294 2726 1504 2765 humaniore
1524 2725 1629 2763 modo
1649 2725 1893 2763 concinnatam
1911 2726 2134 2765 orationem?

36 2789 206 2844 {moyam
228 2790 336 2844 Ὁρᾷς
349 2791 654 2844 ἀνθρωπινώτερον
670 2791 900 2843 συγκειμένην
914 2790 976 2838 τὴν
997 2790 1069 2828 διά-
1141 2792 1265 2840 Itaque
1291 2789 1321 2826 si
1347 2787 1427 2838 quis
1453 2786 1541 2824 velit
1559 2801 1604 2824 ex
1622 2786 1678 2823 his
1697 2785 1832 2823 Filium
1859 2785 2033 2836 minuere,
2062 2788 2131 2825 mi-

46 2851 159 2900 λεξιν,
176 2851 291 2891 υΩστε
311 2853 343 2891 εἴ
369 2870 420 2897 τις
442 2853 602 2905 βούλοιτο
622 2856 786 2892 ἐλαττοῦν
810 2853 868 2891 τὸν
894 2853 979 2891 Trou
1001 2852 1070 2891 ἀπὸ
1143 2860 1227 2889 nuet
1243 2851 1395 2888 Patrem.
1411 2848 1665 2887 Animadverte
1678 2848 1773 2886 enim
1788 2862 1807 2885 a
1822 2848 2000 2900 principio
2015 2849 2134 2887 :aliud

1055 2913 1070 2926 r

45 2913 192 2961 τούτων,
212 2914 402 2953 ἐλαττώσει
432 2915 492 2953 καὶ
521 2915 578 2952 τὸν
597 2914 756 2968 Πατέρα.
787 2913 912 2966 ΜΟρα
935 2917 1016 2965 γοῦν
1037 2916 1070 2958 ἐς
1146 2911 1246 2963 quasi
1267 2911 1394 2948 docens
1421 2918 1454 2947 et
1484 2910 1665 2962 explicans
1693 2908 1799 2958 dicit,
1822 2909 1922 2946 aliud
1947 2918 1986 2946 ut
2008 2911 2134 2962 praeei-

47 2976 177 3027 ἀρχῆς,
194 2975 234 3013 τὸ
250 2975 312 3025 μὲν
331 2979 377 3019 ὡς
394 2975 565 3014 διδάσκων
584 2976 658 3015 ἐστὶ
673 2976 732 3013 καὶ
749 2976 944 3028 σαφηνίζων
961 2976 1069 3027 αὐτῷ,
1144 2974 1244 3026 piens
1265 2989 1272 3009 :
1291 2971 1397 3009 modo
1415 2970 1537 3019 docet,
1557 2980 1597 3008 ut
1612 2984 1692 3008 cum
1715 2969 1824 3018 dicit,
1842 2972 1931 3008 ZVon
1942 2984 2012 3021 pro
2026 2986 2136 3009 mun-

46 3036 86 3073 τὸ
104 3036 138 3074 δὲ
153 3039 200 3080 ὡς
217 3037 471 3089 παραγγέλλων
487 3052 494 3060 ·
510 3036 554 3074 τὰ
570 3036 631 3087 μὲν
650 3040 696 3080 ὡς
714 3037 900 3083 διδάσκων,
922 3040 968 3079 ὡς
986 3036 1067 3076 ὅταν
1147 3037 1196 3073 do
1211 3048 1319 3086 rog0;
1336 3032 1443 3071 modo
1459 3031 1622 3084 praeeipit
1637 3047 1645 3067 ε
1659 3031 1739 3081 Ego
1755 3030 1932 3068 custodivi
1948 3045 2005 3068 eos
2024 3046 2136 3082 usque

45 3096 129 3149 λέγῃ
143 3114 151 3121 ·
170 3100 223 3137 Οὐ
244 3099 324 3151 περὶ
342 3103 401 3137 τοῦ
429 3098 561 3149 κόσμου
586 3101 704 3150 ἐρωτῶ
720 3114 727 3121 ·
753 3097 798 3136 τὰ
816 3097 850 3135 δὲ
870 3102 915 3141 ὡς
933 3113 1070 3149 παραγ·
1147 3097 1269 3143 modo,
1289 3098 1343 3134 Et
1361 3109 1469 3133 nemo
1483 3097 1597 3147 periit
1604 3114 1613 3138 ;
1631 3103 1683 3141 et,
1705 3095 1738 3130 T
1738 3108 1761 3131 ιι
1779 3107 1891 3131 serva
1911 3107 1990 3137 eos;
2007 3103 2041 3131 et
2059 3109 2137 3131 rur-

47 3165 196 3216 γέλλων·
227 3166 296 3218 ἐγὼ
316 3167 471 3218 ἐτήρησα
505 3166 626 3209 αὐτοὺς
645 3167 709 3210 ἕως
728 3166 830 3220 ἄρτι,
860 3165 929 3204 Καὶ
961 3166 1070 3208 οὐδεὶς
1147 3173 1222 3206 5115,
1249 3160 1324 3197 Tui
1347 3165 1471 3203 erant,
1504 3165 1539 3194 et
1567 3157 1665 3193 mihi
1689 3155 1778 3192 illos
1797 3155 1952 3199 dedisci,·
1967 3164 2015 3203 et,
2038 3156 2134 3192 Cum

49 3232 228 3271 ἀπώλετο.
260 3234 341 3282 καὶ,
369 3232 420 3272 Σὺ
453 3233 567 3271 τοίνυν
600 3232 752 3286 τήρησον
792 3232 937 3281 αὐτοὺς,
973 3232 1068 3284 φησί.
1095 3240 1120 3271 E
1147 3234 1266 3260 essem
1278 3222 1320 3257 in
1336 3219 1494 3265 mundO,
1509 3218 1711 3256 servabam
1723 3217 1827 3254 illos.
1844 3215 1915 3253 Sed
1927 3216 2002 3253 haec
2016 3216 2134 3253 omnia

97 3341 110 3363 ²¹
138 3338 250 3372 Morel.
271 3345 308 3378 ὼς
324 3346 469 3385 ἀνθρώπῳ
487 3345 560 3383 ψιλῷ
577 3346 778 3386 χαριζομένου
795 3342 904 3376 αὐτοῖς.
1173 3338 1189 3361 b
1214 3334 1324 3367 Morel.
1346 3339 1402 3379 ὅρα
1424 3337 1479 3376 μὲν
1500 3339 1557 3378 γὰρ
1585 3337 1625 3372 ἐξ.
1646 3331 1744 3376 [Mox
1762 3329 1862 3364 Savil.
1882 3333 2021 3364 διδάσκων
2039 3339 2105 3373 φησι
2123 3332 2135 3372 ]

94 3406 105 3417 ³¹
132 3392 191 3425 Alii
212 3398 273 3427 ἐπεὶ
289 3395 390 3427 ἐδόκει.
