2522 3683
362 172 453 216 (332

360 277 552 316 Ascendit
563 275 668 313 Deus
679 271 1079 326 injubilo?A¹1tigitur
1100 270 1134 307 in
1165 269 1235 307 alio
1256 282 1344 320 quo-

359 331 457 382 piam
468 327 638 367 ostendite
652 326 852 379 prophetias
872 338 944 362 esse
959 323 1162 376 completas,
1177 331 1237 360 aut
1253 331 1342 359 tam-

359 397 467 433 qnam
474 383 590 419 Deum
602 380 815 417 crucifixum
827 378 983 415 adorate.
997 378 1089 414 Nam
1109 389 1171 414 vos
1184 374 1342 425 quidem,

326 486 328 488 q
359 450 380 473 o
391 435 505 481 stulti,
518 433 656 486 Moysis
669 431 891 484 prophetiam
902 430 1118 480 ignorantes,
1133 428 1269 465 nudum
1281 441 1344 464 vos

359 488 541 525 hominem
572 486 778 536 crucifigere
802 482 1002 535 putabatis:
1023 495 1146 520 verum
1168 480 1197 518 is
1218 480 1277 531 qui
1299 493 1343 518 ex

360 540 463 578 vobis
489 549 552 583 est,
575 539 630 577 vel
653 546 771 575 contra
800 550 863 574 vos
894 534 1025 586 potius,
1055 548 1118 571 vas
1151 532 1343 582 electionis,

165 613 189 633 1.
207 603 346 633 (ἔοι-αθ.
361 594 494 631 Paulus
526 592 654 629 clamat.
681 605 688 625 :
710 590 751 627 Si
774 590 876 626 enim
915 589 1194 638 cognovissent,
1234 598 1343 622 num-

361 661 475 698 quam
496 647 703 682 Dominum
723 642 857 693 glorioe
875 639 1170 691 crucifiasissent.
1195 639 1249 675 De
1266 638 1344 689 ipso

361 699 576 749 redarguens
604 709 666 734 vos
704 694 870 746 princeps
900 691 1142 743 apostolorum
1173 690 1343 728 dicebat:

159 757 230 787 Ace.
250 758 279 787 3.
300 757 346 797 ¹4·
364 753 437 789 Vos
457 758 587 787 antem
608 755 786 786 sanctum
805 754 841 783 et
855 747 1003 797 justum
1029 746 1210 794 negastis,
1227 752 1264 780 et
1279 757 1345 794 pe-

166 800 212 828 ἲς·
361 807 459 841 tistis
481 806 611 839 virum
628 800 862 838 homicidam
884 799 1023 835 donari
1045 798 1156 834 vobis
1178 811 1188 831 .-
1212 803 1344 833 ancto-

358 870 438 893 rem
454 868 548 893 vero
562 857 654 891 vitae
670 851 1104 904 interfecistis.Vestram
1117 848 1208 885 hanc
1221 861 1345 886 vocem

161 919 240 947 lsai.
253 917 343 948 5.20.
358 923 437 946 cum
459 908 570 945 multo
590 915 669 944 ante
703 905 856 943 novisset
876 904 1001 949 Isaias,
1032 901 1171 938 dicebat
1191 916 1198 936 :
1217 902 1279 940 Vae
1301 900 1344 938 iis

358 961 418 1013 qui
433 961 557 998 dicunt
572 972 732 997 amarum
748 957 863 1005 dulce,
883 964 916 993 et
935 954 1039 991 dulce
1058 967 1232 990 amarum.
1252 953 1344 990 Cum

357 1015 469 1065 igitur
489 1014 689 1065 Stephanus
703 1011 750 1047 ita
766 1008 1067 1054 dissererct‚Non
1085 1014 1266 1056 poterant
1285 1019 1344 1042 re·
1368 1003 1392 1034 C

357 1067 696 1117 sisterempientioe
711 1072 744 1100 et
758 1062 915 1113 Spiritui
926 1062 990 1110 qui
1008 1060 1250 1109 loquebatur.
1269 1058 1344 1094 Re-

357 1129 479 1169 cthue
497 1118 631 1154 dictum
650 1125 700 1153 est
715 1114 819 1161 illud⁷
834 1115 1033 1150 Resistere.
1059 1110 1149 1146 Nam
1171 1109 1254 1159 quia
1283 1123 1343 1146 su-

355 1172 475 1224 perius
503 1170 654 1216 dixerat,
689 1168 940 1206 Surrexerunt
972 1163 1133 1215 quidam
1153 1163 1200 1198 de
1223 1175 1346 1210 syna-

354 1239 467 1276 goga,
492 1223 549 1260 hic
567 1223 677 1267 dicit,
705 1222 796 1259 Non
813 1225 993 1271 poterant
1012 1217 1198 1252 resistere.
1219 1215 1346 1264 Itaque

355 1278 495 1315 silentio
520 1276 639 1327 lingua
671 1287 794 1311 eorum
814 1282 1012 1322 compressa
1039 1276 1125 1315 erat,
1142 1281 1205 1304 sua
1226 1280 1346 1305 omnes

355 1329 450 1368 labia
463 1328 731 1375 concludebant,
747 1337 948 1363 sermonum
963 1321 1109 1371 sagittas
1123 1320 1344 1369 inhibebant,

355 1383 546 1422 verborum
557 1395 658 1419 arcus
670 1378 950 1430 compescebant,
964 1375 1029 1413 5111)
1048 1373 1168 1424 tingua
1186 1372 1345 1410 lanceam

355 1435 596 1488 improbitatis
614 1432 851 1472 occultabant.
872 1431 963 1467 Non
972 1434 1151 1479 poterant
1170 1428 1346 1464 resistere

355 1491 555 1541 sapientise
571 1497 606 1525 et
636 1487 797 1538 Spiritui
810 1486 876 1534 qui
896 1483 1141 1534 loquebatur.
1160 1479 1190 1515 O
1213 1492 1268 1516 res
1285 1492 1345 1516 no-

356 1556 419 1581 vas
439 1551 472 1579 et
492 1538 694 1578 inusitatas!
715 1545 925 1588 quamrecte
938 1532 1076 1584 scripsit
1088 1530 1221 1569 Lucas!
1239 1545 1346 1581 quam

357 1604 450 1633 certo
469 1594 596 1638 effecit,
614 1602 653 1629 ut
668 1589 841 1643 promissa
860 1587 991 1625 Christi
1022 1583 1248 1637 apparerent!
1283 1583 1347 1621 Di-

159 1653 340 1682 L¹1c·21·15·
356 1649 411 1686 xit
439 1648 534 1685 enim
567 1645 733 1683 Christus
755 1658 762 1678 z
784 1643 898 1679 Dabo
930 1641 1041 1677 vobis
1074 1651 1114 1675 os
1137 1646 1173 1674 et·
1196 1639 1347 1688 sapien-

356 1705 467 1751 tiam,
486 1703 548 1738 cui
561 1713 636 1736 non
649 1703 829 1748 poterunt
842 1695 1016 1731 resistere
1023 1704 1152 1728 omnes
1167 1690 1220 1727 ad
1223 1703 1349 1727 versa-

357 1757 406 1792 rii
435 1755 571 1791 vestri.
607 1752 714 1788 Recte
745 1748 857 1799 igitur
888 1745 1003 1796 inquit
1026 1759 1033 1780 z
1052 1745 1141 1781 Non
1167 1750 1350 1794 poterant

357 1810 533 1845 resistere
548 1805 747 1856 sapientiae
768 1809 803 1838 et
822 1800 993 1850 Spiritui,
1019 1798 1085 1849 qui
1105 1797 1346 1854 loquebatur.

359 1860 425 1897 Cui
445 1859 586 1896 tandein
605 1853 809 1908 sapientiae?
830 1852 972 1890 Christo
987 1850 1049 1900 qui
1065 1850 1101 1886 in
1129 1862 1205 1900 ipso
1227 1848 1348 1897 loque·
1374 1855 1397 1884 D

358 1913 475 1950 batur.
499 1911 681 1948 Christum
700 1916 819 1945 autem
847 1904 1056 1956 sapientiam
1083 1915 1170 1946 esse,
1201 1899 1348 1952 prodeat

161 1985 186 2004 1.
206 1975 273 2004 Cor.
295 1984 321 2004 1.
359 1966 418 2016 qui
439 1965 524 2002 (licit
545 1963 700 2001 Paulus:
723 1959 886 1997 Christus
908 1956 974 1995 Dei
1000 1955 1126 2002 virtus,
1145 1962 1177 1990 et
1208 1952 1273 1990 Dei
1293 1966 1348 1990 sa-

158 2019 210 2055 24.
358 2018 504 2070 pientia.
524 2019 647 2069 Ipsum
666 2022 785 2051 autem
804 2010 901 2061 loqui
926 2010 963 2047 in
998 2008 1055 2057 iis,
1079 2006 1140 2057 qui
1162 2019 1197 2043 50
1228 2014 1348 2056 gratos

156 2095 186 2114 2.
203 2084 273 2113 Cor.
296 2083 341 2113 13.
358 2071 524 2123 proehcnt,
548 2079 587 2107 ut
611 2068 713 2113 scias,
734 2065 804 2102 alio
820 2064 897 2101 loco
917 2061 1075 2100 scribens
1102 2058 1218 2097 aiebat
1248 2074 1255 2094 z
1277 2057 1349 2095 An

158 2126 186 2154 3.
358 2126 660 2175 erperimentum
681 2119 850 2172 quceritis
864 2118 959 2168 ejus,
983 2116 1049 2166 qui
1086 2115 1127 2150 in
1143 2126 1202 2149 me
1223 2112 1348 2163 loqui-

358 2186 421 2214 tur
444 2178 633 2220 Christus,
655 2175 720 2225 qui
741 2174 780 2208 in
796 2172 906 2207 vobis
922 2182 999 2205 non
1020 2166 1256 2217 infirmatur,
1281 2164 1350 2200 sed

354 2239 491 2280 potens
511 2231 619 2266 estin
639 2227 781 2263 vobis?
802 2224 855 2260 Et
881 2235 959 2258 non
969 2226 1150 2271 poterant
1173 2219 1348 2254 resistere

357 2285 570 2334 sapientise,
606 2281 672 2317 hoc
693 2286 758 2326 est,
782 2274 937 2313 Christo.
969 2272 1059 2318 Quis
1088 2270 1181 2307 enim
1211 2269 1348 2306 resistet

358 2336 404 2381 ci,
430 2344 462 2373 et
482 2332 693 2372 sustinebit?
722 2332 774 2367 Et
806 2341 883 2365 non
897 2332 1075 2378 poterant
1094 2325 1268 2360 resistere
1285 2335 1348 2358 sa—

356 2391 511 2439 pientise
527 2396 563 2424 et
575 2386 745 2437 Spiritui,
768 2384 833 2434 qui
851 2381 1088 2432 loquebatur.
1111 2375 1263 2412 Cuinain
1277 2373 1348 2425 spi-

359 2439 676 2481 1·itui?l'aracleto‚
691 2435 735 2473 de
748 2448 817 2486 quo
832 2433 868 2470 in
883 2429 1164 2484 praecedentibus
1180 2427 1321 2464 dicebat
1337 2442 1344 2462 :

359 2494 576 2545 Stephanus
605 2500 736 2529 autem
762 2488 899 2539 plenus
933 2483 1003 2521 fide
1034 2481 1318 2534 etjbrtitucline
1336 2495 1347 2514 .-

161 2549 231 2621 ‘¹1⁶5‘
246 2559 276 2587 7·
295 2549 345 2578 55·
361 2560 400 2584 ac
419 2560 554 2593 rursus,
578 2546 675 2583 Cum
695 2550 823 2580 autem
838 2546 934 2577 esset
945 2537 1082 2589 plenus
1098 2534 1239 2585 Spiritu
1259 2546 1349 2570 san-

160 2602 175 2618 e
226 2614 232 2620 .
259 2600 304 2619 11.

368 2653 472 2689 Tunc
492 2652 609 2701 itaque
623 2650 894 2687 summiserunt
913 2646 1033 2688 viros,
1052 2643 1118 2692 qui
1132 2641 1301 2676 dicerent
1313 2651 1352 2675 se

363 2706 557 2741 audivisse
572 2717 659 2740 eum
679 2703 869 2738 dicentem
887 2698 1009 2734 verba
1043 2693 1290 2744 blasphemioe
1310 2692 1353 2727 in

364 2758 533 2804 Mqrsen
555 2765 589 2793 et
612 2757 751 2792 Deum.
773 2750 949 2790 Successit
971 2746 1116 2785 invidiae
1144 2745 1274 2782 falsum
1299 2752 1350 2780 te-

364 2809 582 2846 stimonium.
600 2809 878 2845 Smnmiserunt
895 2805 1016 2839 viros.
1034 2798 1184 2837 Pecunia
1205 2795 1352 2834 menda-

365 2861 460 2898 cium
498 2869 698 2897 coemerunt
719 2875 726 2894 :
757 2857 896 2902 Venite,
920 2855 1072 2900 aiebant,
1096 2866 1116 2889 o
1136 2849 1354 2889 venerabiles

365 2914 446 2961 viri,
461 2913 564 2950 rebus
586 2913 712 2949 nostris
727 2910 841 2947 studia
853 2917 968 2946 vestra
988 2903 1254 2944 subministrate
1272 2915 1354 2938 :co-

366 2966 486 3017 gitatis
505 2965 632 3001 nostris
654 2977 796 3015 operam
822 2962 942 3011 lingua
978 2967 1094 2997 vestra
1127 2964 1253 2994 navet:
1272 2968 1355 2992 con-

366 3019 456 3055 siliis
483 3017 611 3055 nostris
632 3030 670 3053 os
701 3024 858 3053 vestrum
881 3012 1060 3050 inserviat.
1099 3011 1225 3048 Novus
1261 3006 1355 3044 enim

368 3071 511 3109 Galilaei
527 3069 688 3107 defensor
720 3076 863 3104 exortus
885 3075 935 3103 cst
956 3081 963 3100 :
984 3071 1227 3116 propugnator
1257 3059 1357 3097 illius

368 3123 523 3162 surrexit
541 3136 582 3159 ac
603 3120 748 3160 vindex.
788 3121 899 3155 Deum
930 3117 963 3154 in
997 3116 1158 3167 sepulcro
1182 3115 1356 3165 jacentem

369 3177 452 3215 colit
473 3191 480 3213 :
503 3176 701 3213 Creatorem
729 3171 890 3224 sepulcro
921 3169 1126 3206 conclusum
1154 3164 1352 3218 praedicat:

416 3305 432 3328 b
456 3302 519 3334 nic
545 3300 705 3333 memoria
729 3297 851 3330 labitur
875 3293 1104 3334 concionator,
1132 3300 1167 3323 ut
1193 3292 1225 3324 in
1254 3289 1381 3322 Montio

373 3353 520 3398 pluribus
538 3352 664 3385 dictum
682 3358 742 3383 est.

1329 179 1508 210 SPURlA.

1418 261 1562 313 ρωμένῳ
1578 266 1814 312 προσκυνεῖτε.
1851 260 1970 310 Ὑμεῖς
1990 261 2068 312 γὰρ,
2088 252 2116 299 ὦ
2139 261 2293 311 ἀνόητοι,
2318 262 2366 314 μὴ
2384 280 2436 316 γι·

1415 313 1606 356 νώσκοντες
1625 312 1688 359 τὴν
1706 313 1921 366 προφητείαν
1939 313 2129 362 Μωϋσέως,
2150 315 2323 366 ἐνομίζετε
2337 317 2436 368 ψιλὸν

1417 366 1597 418 ἄνθρωπον
1622 369 1807 418 σταυροῦν·
1835 365 1939 404 1’ἀλλ’
1958 370 1975 405 ὁ
1997 365 2031 410 ἐξ
2056 369 2166 416 ὑμῶν,
2189 370 2264 406 καθ’
2284 370 2380 417 ὑμῶν
2402 369 2437 408 δὲ

1418 420 1549 469 μᾶλλον
1562 446 1571 463 ,
1590 418 1630 456 τὸ
1652 422 1772 462 σκεῦος
1796 421 1859 466 τῆς
1880 421 2044 471 ἐκλογῆς,
2063 420 2204 463 Παῦλος
2233 420 2370 473 κράζει·
2392 423 2437 460 Εἰ

1416 470 1484 522 γὰρ
1511 470 1686 522 ἔγνωσαν,
1719 474 1782 509 οὐκ
1814 470 1854 508 ἂν
1873 472 1930 510 τὸν
1953 471 2078 523 Κύριον
2101 475 2164 519 τῆς
2186 471 2283 520 δόξης
2308 472 2436 511 ἐσταύ-

1418 539 1545 576 ρωσαν.
1582 523 1671 574 Περὶ
1699 526 1803 561 αὐτοῦ
1824 523 1978 576 ἐλέγχων
2006 527 2094 574 ὑμᾶς
2122 527 2139 562 ὁ
2166 532 2350 578 κορυφαῖος
2368 528 2436 564 τῶν

1416 575 1617 615 ἀποστόλων
1644 575 1759 626 ἔλεγεν
1774 593 1781 600 ·
1816 575 1939 628 Ὑμεῖς
1966 575 2002 615 δὲ
2030 578 2087 615 τὸν
2110 577 2205 629 ἅγιον
2225 578 2285 616 καὶ
2305 578 2437 617 δίκαιον

1415 629 1635 682 ἠρνήσασθε,
1661 629 1721 667 καὶ
1753 629 1931 681 ᾐτήσασθε
1962 629 2072 682 ἄνδρα
2096 629 2201 681 φονέα
2225 635 2436 684 γαρισθῆναι

1416 685 1514 733 ὑμῖν,
1531 682 1587 720 τὸν
1606 681 1641 720 δὲ
1659 682 1812 734 ἀρχηγὸν
1834 685 1896 728 τῆς
1914 684 2004 728 ζωῆς
2024 676 2263 721 ἀπεκτείνατε.
2295 684 2436 731 Ταύτην

1416 736 1513 785 ὑμῶν
1528 734 1590 782 τὴν
1605 735 1720 786 φωνὴν
1738 734 1914 788 πόῤῥωθεν
1931 734 2028 778 εἰδὼς
2043 734 2192 779 εΗσαΐας
2208 735 2323 787 ἔλεγεν
2335 752 2342 760 ·
2363 738 2438 775 οὐαὶ

1415 794 1486 831 τοῖς
1504 786 1643 839 λέγουσι
1664 787 1704 825 τὸ
1733 788 1858 839 πικρὸν
1877 786 1986 840 γλυκὺ
2002 817 2011 834 ,
2038 788 2096 825 καὶ
2117 787 2156 826 τὸ
2172 786 2280 839 γλυκὺ
2301 789 2436 841 πικρόν.

1418 839 1521 878 Οὕτω
1551 839 1663 878 τοίνυν
1686 840 1929 891 διαλεγομένου
1948 845 2008 879 τοῦ
2023 840 2217 893 Στεφάνου,
2240 843 2300 879 οὐκ
2319 841 2438 893 ἴσχυον

1418 894 1620 938 ἀντιστῆναι
1637 897 1679 942 τῆ
1704 893 1806 945 σοφίᾳ
1822 893 1881 931 καὶ
1902 895 1949 945 τῷ
1965 893 2158 944 Πνεύματι,
2178 887 2206 945 ῷ
2223 893 2350 932 ἐλάλει.
2370 886 2439 933 Καὶ

1417 947 1532 999 κωαλῶς
1549 945 1684 997 εἴρηται
1700 946 1751 989 τὸ,
1767 947 1995 992 Ἀντιστῆναι.
2025 946 2173 992 Ἐπειδὴ
2194 946 2261 1000 γὰρ
2277 946 2440 1000 ἀνωτέρω

1416 1000 1528 1045 εἶπεν,
1548 997 1754 1044 Ἀνέστησάν
1772 1013 1861 1040 τινες
1879 1001 1946 1036 τῶν
1974 1001 2013 1036 ἐκ
2035 1000 2097 1043 τῆς
2116 1004 2338 1050 συναγωγῆς,
2367 994 2437 1037 ῷδε

1416 1049 1522 1100 λέγει,
1536 1052 1612 1087 Οὐκ
1627 1049 1744 1101 ἴσχυον
1763 1052 1976 1096 ἀντιστῆναι.
1994 1052 2055 1094 Εἰς
2070 1051 2206 1097 σιωπὴν
2219 1046 2276 1090 οῦν
2291 1054 2440 1090 ὠθοῦντο

1417 1101 1479 1148 τὴν
1506 1104 1691 1152 γλῶσσαν,
1719 1102 1912 1140 συνέκλειον
1938 1103 2086 1145 ἅπαντες
2113 1103 2157 1141 τὰ
2185 1107 2295 1142 οἰκεῖα
2325 1105 2440 1156 γείλη,

1420 1153 1620 1192 ἀνέστελλον
1651 1157 1720 1192 τῶν
1747 1154 1858 1206 λόγων
1880 1154 1924 1192 τὰ
1958 1154 2063 1205 βέλη,
2094 1147 2349 1207 ἀπεκράτησαῖ
2371 1161 2438 1195 τῶν

1421 1206 1586 1258 ῥημάτων
1608 1205 1653 1244 τὰ
1670 1206 1764 1253 τόξα,
1784 1206 1850 1244 ὑπὸ
1868 1205 1930 1253 τὴν
1945 1208 2106 1257 γλῶσσαν
2124 1207 2274 1261 ἔκρυψαν
2296 1213 2357 1256 τῆς
2374 1226 2435 1248 κα-

1419 1259 1497 1303 κίας
1515 1259 1554 1298 τὸ
1578 1258 1671 1310 δόρυ.
1711 1260 1794 1312 ρύκ
1819 1258 1936 1310 ἴσχυον
1966 1262 2168 1306 ἀντιστῆναι
2188 1264 2231 1306 τῆ
2257 1261 2361 1314 σοφία
2382 1262 2440 1300 καὶ

1419 1314 1467 1365 τῷ
1487 1310 1679 1361 Πνεύματι,
1703 1314 1732 1364 ᾧ
1752 1311 1877 1349 ἐλάλει.
1907 1312 1955 1349 ’Ὠ
1974 1313 2042 1349 τῷν
2063 1315 2190 1350 καινῶν
2211 1304 2440 1367 πραγμάτων·

1419 1367 1492 1408 πῶς
1523 1366 1638 1407 καλῶς
1679 1363 1913 1416 συγγράφεται
1943 1367 1960 1402 ὁ
1990 1364 2146 1415 ἀοίδιμος
2175 1351 2334 1413 Λουκᾶςς
2368 1370 2442 1412 πῶς

1418 1417 1481 1461 τὰς
1512 1416 1720 1468 ἐπαγγελίας
1749 1419 1808 1454 τοῦ
1829 1417 1981 1469 Χριστοῦ
2010 1419 2056 1460 εἷς
2081 1417 2189 1470 πέρας
2208 1418 2318 1467 ἕλκει,
2352 1414 2442 1459 Εἷπε

1419 1470 1486 1522 γὰρ
1508 1473 1525 1508 ὁ
1546 1469 1714 1522 Χριστὸς,
1736 1467 1788 1506 ὅτι
1805 1468 1919 1506 Δώσω
1943 1471 2025 1520 ὑμῖν
2048 1469 2162 1521 στόμα
2183 1472 2243 1509 καὶ
2266 1473 2400 1524 σοφίαν,
2419 1468 2442 1520 ἧ

1420 1526 1457 1561 οὐ
1499 1522 1704 1568 δυνήσονται
1723 1522 1953 1575 Νᾶντιστῆναι
1986 1522 2112 1565 πάντες
2143 1526 2174 1561 οἱ
2211 1516 2441 1564 ἀντικείυ.ενόι

1421 1580 1515 1626 ὑμῖν.
1550 1577 1677 1617 Καλῶς
1706 1577 1761 1612 οὐν
1793 1574 1908 1624 λέγει·
1939 1576 2016 1628 Οὐὶι
2037 1575 2154 1626 ἴσχυον
2176 1562 2378 1624 ἀντιστῆναι
2398 1582 2441 1625 τῆ

1422 1628 1550 1681 σοφίᾳ,
1587 1627 1646 1665 καὶ
1673 1630 1722 1679 τῷ
1753 1626 1951 1677 Πνεύματι,
1982 1631 2010 1680 ᾡ
2036 1628 2164 1665 ἐλάλει.
2195 1629 2289 1668 Ποία
2316 1622 2441 1669 σοφίαι·

1421 1684 1484 1733 Τῷ
1503 1682 1643 1734 Χριστῷ
1661 1683 1710 1733 τῷ
1731 1682 1764 1718 ἐν
1785 1681 1877 1730 αὐτῷ
1893 1679 2127 1732 φθεγγομένῳ.
2162 1682 2232 1720 Καὶ
2249 1670 2300 1720 ὅάτι
2317 1686 2335 1720 ὁ
2358 1663 2443 1736 xpi}

1423 1735 1500 1777 στὸς
1530 1732 1648 1785 σοφία,
1682 1731 1798 1778 ἡκέτω
1832 1733 1971 1775 Παῦλος
2003 1732 2138 1784 λέγων·
2178 1734 2327 1786 Χριστὸς
2352 1738 2444 1775 Θεοῦ

1423 1786 1587 1838 δύναμις,
1620 1785 1680 1824 καὶ
1711 1786 1802 1823 Θεοῦ
1837 1784 1954 1836 σοφία.
1993 1784 2079 1823 ‘'Ow-
2113 1784 2147 1823 δὲ
2178 1788 2278 1825 λαλεῖ
2313 1791 2347 1826 ἐν
2373 1795 2444 1833 τοῖς

1422 1842 1684 1893 εὐχαριστοῦσι,
1730 1836 1872 1890 γράφων
1914 1839 1947 1874 ἐν
1982 1837 2098 1881 ἄλλοις
2139 1837 2253 1891 ἔλεγεν
2269 1855 2276 1863 ·
2314 1842 2356 1879 Εἰ
2382 1843 2442 1879 δο-

1422 1893 1528 1943 κιμὴν
1564 1893 1696 1938 ζητεῖτε
1727 1893 1787 1927 τοῦ
1815 1892 1850 1927 ἐν
1884 1889 1962 1940 ἐμοὶ
1986 1892 2171 1935 λαλοῦντος
2204 1894 2374 1945 Χριστοῦ,
2409 1894 2444 1938 ὃς

1422 1948 1470 1989 εἷς
1489 1948 1579 1996 ὑμᾶς
1598 1947 1659 1982 οὐκ
1678 1945 1834 1986 ἀσθενεῖ,
1856 1942 1945 1980 ἀλλὰ
1962 1944 2098 1981 δυνατεῖ
2118 1945 2152 1981 ἐν
2171 1947 2262 1996 ὑμῖν.
2295 1946 2365 1984 Καὶ
2383 1950 2444 1985 οὐκ

1422 1998 1539 2050 ἰ’σχυον
1571 1998 1773 2041 ἀντιστῆναι
1803 1996 1846 2045 τῆ
1874 1994 1977 2049 σοφία
1991 2026 2001 2044 ,
2022 1995 2198 2045 τουτέστι,
2218 2001 2268 2036 τῷ
2288 1999 2444 2052 Χριστῷ.

1421 2051 1486 2094 Τίς
1507 2050 1573 2103 γὰρ
1599 2048 1845 2095 ἀντιστήσεται
1866 2049 1959 2100 αὐτῷ
1972 2077 1982 2093 ,
2008 2049 2068 2086 καὶ
2089 2038 2276 2099 ὑπομενεῖ,
2294 2051 2365 2089 Καὶ
2384 2038 2445 2090 ούκ

1421 2105 1539 2156 ἴσχυον
1561 2104 1764 2147 ἀντιστῆναι
1783 2102 1826 2151 τῆ
1845 2100 1949 2152 σοφίᾳ
1966 2101 2087 2154 καὶτῷ
2106 2102 2299 2154 Πνεύματι,
2321 2097 2350 2140 ῷ
2367 2104 2445 2142 ἐλά-

1419 2159 1483 2195 λει.
1523 2155 1620 2206 Ποίῳ
1651 2153 1844 2204 πνεύματι,
1878 2154 1941 2205 Τῷ
1972 2154 2222 2208 Παρακλήτῳ,
2243 2141 2390 2210 περὶιοῧ
2411 2159 2445 2196 ἐν

1420 2209 1570 2262 πρώτοις
1593 2207 1689 2258 ἔλεγε
1702 2221 1732 2260 ’Ν
1740 2205 1915 2257 Στέφανος
1931 2204 1965 2242 δὲ
1982 2207 2118 2259 πλήρης
2135 2207 2284 2252 πίστεως
2305 2209 2365 2246 καὶ
2385 2209 2446 2247 δυ-

1420 2262 1576 2312 νάμεως·
1603 2260 1663 2299 καὶ
1690 2261 1811 2305 αὖθις,
1843 2257 2033 2310 εΥποίρχων
2066 2259 2099 2297 δὲ
2123 2260 2327 2311 Πνεύματος
2348 2261 2445 2313 ἁγίου

1420 2315 1580 2367 πλήρης,
1609 2310 1767 2354 ἀτενίσας
1787 2313 1834 2353 εἰς
1862 2309 1920 2347 τὸν
1949 2311 2108 2363 οὐρανὸν,
2137 2306 2203 2350 εἶδε
2222 2312 2320 2356 δόξαν
2337 2316 2444 2352 Θεοῦ.

1421 2367 1512 2406 Τότε
1532 2369 1589 2404 οὐν
1611 2363 1785 2403 ὑπέὸαλον
1807 2363 1931 2414 ἄνδρας
1953 2364 2116 2414 λέγοντας
2130 2394 2139 2412 ,
2166 2363 2218 2403 ὅτι
2242 2365 2446 2417 ἀκηκόαμεν

1423 2423 1525 2458 αὐτοῦ
1548 2419 1731 2459 λαλοῦντος
1755 2415 1895 2467 ῥήματα
1929 2415 2122 2467 βλάσφημα
2143 2419 2188 2460 εἷς
2208 2420 2362 2465 Μωυσῆν
2387 2419 2446 2457 καὶ

1422 2474 1479 2511 τὸν
1519 2471 1623 2510 Θεόν.
1670 2468 1856 2513 Διεδέξατο
1896 2468 2180 2522 ψευδομαρτυρία
2212 2470 2270 2508 τὸν
2309 2470 2442 2522 φθόνον,

1424 2524 1624 2564 Ὑπέὸαλον
1657 2523 1795 2575 ἅνδραςω.
1823 2520 2023 2586 ΟΙἉργυρίου
2043 2521 2221 2575 ἠγόρασαν
2246 2523 2286 2560 τὸ
2313 2526 2446 2575 ψεῦδος,

363 2608 436 2642 cto,
458 2599 660 2636 intendens
682 2598 724 2632 in
748 2594 895 2637 ccelum,
928 2591 1030 2627 vidit
1062 2588 1229 2639 gloriam
1258 2586 1346 2622 Dei.
1376 2588 1399 2618 E
1425 2581 1532 2625 δεῦτε,
1562 2576 1717 2627 λέγοντες
1731 2604 1755 2637 ,Ι
1770 2576 1798 2611 ὠ
1818 2589 1927 2624 τιμιοι
1949 2574 2080 2625 ἄνδρες,
2106 2581 2177 2618 τοῖς
2198 2576 2382 2628 ἡμετέροις
2402 2576 2447 2614 τὰ

1425 2631 1577 2684 ὑμέτερα
1612 2631 1861 2673 διακονησατε·
1897 2629 1930 2664 ἐν
1960 2632 2030 2669 τοῖς
2062 2629 2162 2673 ἡμῶν
2199 2627 2396 2679 σκέμμασιν
2424 2632 2446 2674 ἡ

1425 2688 1520 2735 ὑμῶν
1536 2681 1766 2733 ὑπουργήσειε
1781 2680 1923 2731 γλῶσσα
1938 2695 1945 2702 ·
1962 2685 2032 2722 τοῖς
2048 2678 2230 2730 ’ἡμετέροις
2251 2680 2446 2732 βουλεύμα-

1426 2753 1479 2776 σιν
1506 2736 1737 2788 ὑπηρετήσειε
1769 2733 1808 2770 τὸ
1838 2730 2002 2783 ὑμέτερον
2030 2731 2155 2782 στόμα.
2195 2732 2360 2776 ’Έκδικος
2379 2736 2447 2785 γάρ

1425 2806 1477 2833 τις
1502 2793 1561 2827 τοῦ
1592 2785 1780 2825 Γαλιλαίου
1802 2784 1927 2830 ἀνέστη
1944 2814 1953 2832 ,
1974 2783 2176 2836 ὑπέρμαχος
2197 2785 2325 2824 ἐκείνου
2347 2786 2449 2838 7³]qu-

1427 2846 1468 2891 θη
1498 2841 1558 2880 καὶ
1581 2839 1783 2890 ἀντίμαχος.
1810 2837 1898 2876 Θεὸν
1926 2839 1960 2874 ἐν
1989 2835 2088 2888 τάφῳ
2108 2837 2263 2886 κείμενον
2282 2839 2448 2891 γεραίρει·

1428 2892 1638 2946 δημιουργὸν
1667 2891 1724 2929 τὸν
1755 2893 1788 2928 ἐν
1816 2888 1941 2940 τύμὸῳ
1970 2890 2238 2940 συγκλεισθέντα
2272 2891 2448 2942 κηρύττει.

1428 2950 1461 3003 ’ζ
1464 2949 1499 2986 ὸν
1520 2950 1553 2986 ἐν
1575 2943 1735 2996 μνημείῳ
1754 2942 1894 2980 τεθέντα
1917 2944 1950 2978 ἐν
1977 2948 2049 2984 τοῖς
2068 2944 2222 2993 οὐρανοῖς
2238 2944 2449 2994 φαντάζεται

1429 3005 1533 3040 εἶναι·
1571 2998 1628 3036 τὸν
1670 2996 1738 3034 ὑπὸ
1769 2997 1991 3048 στρατιωτῶν
2020 2995 2283 3047 ἕμπαιχθέντα,
2317 2995 2376 3034 σὺν
2405 2998 2448 3041 τῆ

1430 3057 1577 3105 στρατιᾷ
1615 3052 1674 3087 τοῦ
1715 3050 1857 3099 οὐρανοῦ
1895 3047 2037 3098 φημίζει
2082 3047 2356 3099 παραγενέσθαι·
2391 3038 2449 3086 τὸν

1431 3107 1519 3158 μήτε
1555 3103 1675 3141 ἑαυτὸν
1716 3101 1898 3145 ἐκδικῆσαι
1935 3099 2145 3151 ἰσχύσαντα,
2180 3099 2301 3153 κριτὴν
2338 3102 2449 3148 ἐπαγ-

1430 3160 1592 3214 γέλλεται
1621 3157 1682 3201 τῆς
1713 3151 1871 3195 κτίσεως.
1912 3152 2044 3204 Ἰωσὴφ
2082 3151 2229 3190 ἀπέθετο
2263 3152 2303 3190 τὸ
2327 3151 2448 3190 τούτου

1491 3295 1504 3309 υ
1529 3280 1619 3316 Editi
1637 3285 1799 3326 ἀργυρίου,
1819 3279 1897 3322 ch.
1916 3283 2065 3325 ἀργυρίοις
2082 3289 2088 3308 :
2108 3285 2141 3309 et
2161 3277 2260 3320 paulo
2275 3285 2352 3320 post
2367 3278 2447 3322 Reg.

1449 3344 1509 3374 τοῖς
1534 3340 1688 3378 ἡμετέροις
1706 3336 1799 3374 λόγοις
1824 3334 1975 3365 &ausim-e
1997 3336 2035 3366 τὰ.
2058 3332 2137 3372 ὦτα,
2153 3338 2212 3369 τοῖς
2229 3335 2383 3374 ἡμετέροις
2398 3336 2447 3365 τά.
