2481 3678
648 254 687 284 m
727 254 774 283 JO
781 253 936 284 AixNEM
974 249 1127 281 ΗΟΜΗ.

116 337 204 381 ζωης
226 337 351 379 αἰῶνας
374 335 416 373 τὰ
436 334 590 387 ἡμέτερα
612 334 732 373 διελὼν
756 337 773 372 ὁ
792 334 880 378 Θεος
898 333 1056 378 τούτους,
1075 331 1132 369 τὸν

2106 236 2189 279 183

1204 326 1294 365 vitas
1320 325 1410 363 duas
1445 334 1561 362 nostia
1597 326 1693 363 Deus
1725 325 1902 376 diviserit,
1940 328 2046 365 ssiam
2080 340 2189 368 certi-

1169 246 1325 277 xxvm.
1365 231 1427 274 al.
1468 245 1610 275 xxvii.

115 396 271 469 παρόντα
302 395 361 433 καὶ
392 409 448 433 τον
483 394 653 444 με’)ὶοντα
689 394 783 445 βίον,
821 394 880 432 καὶ
910 393 967 431 τὸν
998 391 1059 442 μὲν
1097 391 1131 426 ἐν
1156 400 1179 430 Ε
1204 387 1354 437 minum,
1381 386 1488 425 aliam
1519 401 1743 438 coronarum,
1785 387 1933 424 multam
1977 389 2042 426 hae
2081 389 2115 427 in
2154 406 2190 429 re

114 461 147 495 ἀ
145 457 255 508 (ώνων
277 456 388 503 τάξει,
404 471 461 493 τον
483 454 517 493 δε
540 458 572 493 ἐν
596 454 696 507 χώρᾳ
717 455 894 508 στεφάνων
914 452 1062 498 ποιήσας
1082 453 1132 487 εῖ-

111 534 188 564 ναι,
210 517 341 564 πολλην
362 518 542 555 κάντεῦθεν
563 517 624 564 τὴν
645 515 904 569 φιλανθρωπίαν
924 511 1130 555 ἐπεδείξατο.

111 580 194 621 Πῶς
222 579 282 617 καὶ
315 577 382 615 τίνι
402 577 544 631 τρόπῳ,
577 577 688 616 θυΟτι
721 575 919 630 πράξαντας
939 572 1052 612 πολλὰ
1071 571 1131 609 καὶ

108 639 247 692 χαλεπὰ
276 639 538 692 ἁμαρτήματα,
558 640 618 678 καὶ
644 640 681 677 οὐ
708 635 929 678 διαλιπόντας
957 632 1026 672 ἀπὸ
1054 632 1130 671 νεό-

107 716 209 748 τητος
228 702 274 744 εἷς
296 700 442 752 ἔσχατον
459 704 568 752 γῆρας
591 700 725 752 μυρίοις
745 698 807 744 τὴν
823 696 937 749 ψυχὴν
954 697 1131 747 καταῤῥυ-

106 761 240 800 παίνειν
258 763 388 799 ἑαυτῶν
410 768 547 807 κακοῖς,
568 760 700 803 οὐδενὸς
719 758 847 797 τούτων
869 756 1046 808 ἀπῄτησεν
1070 757 1129 793 εὐ-

106 821 207 865 θύνας
233 825 326 872 ἡμᾶς
356 825 423 859 τῶν
451 821 728 874 ἁμαρτημάτων,
755 820 830 857 ἀλλ’
863 818 988 856 ἔδωκεν
1017 818 1129 854 αὐτῶν

1203 462 1342 499 quoque
1356 448 1611 499 benignitatem
1625 448 1838 486 exhibueiit.
1861 449 2074 494 Quomodo?
2095 452 2187 496 Quia

1201 518 1390 560 postquam
1409 509 1594 548 innumera
1614 519 1756 562 peccata
1775 509 1995 559 admisimus,
2024 524 2087 548 nee
2116 526 2187 549 ces-

1201 569 1358 608 savimus
1377 585 1398 607 a
1411 570 1600 622 juventute
1617 570 1665 608 ad
1683 579 1879 608 extremam
1899 584 2008 621 usque
2032 581 2188 610 senectu-

1201 639 1272 668 tem
1292 631 1485 670 sceleribus
1505 632 1661 670 animam
1680 641 1835 670 nostram
1857 632 2056 682 inquinare,
2071 634 2188 672 nullas

1200 705 1322 729 eorum
1342 705 1462 744 poenas
1478 702 1625 745 repetat,
1640 692 1700 731 sed
1714 707 1777 745 per
1798 693 1981 731 lavacrum
2000 707 2186 744 regenera-

1199 753 1305 791 tionis
1317 753 1459 792 veniam
1472 753 1652 803 concedat,
1668 754 1739 791 imo
1753 753 1930 805 justitiam
1941 762 1974 790 et
1990 754 2187 792 sanctifica-

1200 813 1332 852 tionem
1370 813 1573 865 elargiatur
1605 814 1704 861 Quid
1718 827 1813 865 eigo,
1836 813 1985 865 inquies,
2014 814 2043 851 si
2068 815 2148 866 quis
2168 830 2187 854 a

106 883 224 935 ἄφεσιν
256 882 311 920 δια
340 885 482 936 λουτρου
503 880 791 933 παλιγγενεσίας,
813 896 873 918 και
906 875 1127 953 δικαιοσύνην
1140 902 1188 927 159
1201 877 1317 929 plima
1331 886 1432 916 aetate
1452 877 1632 929 mysteriis
1648 877 1826 928 dignatus,
1848 876 2046 928 posthaec
2036 890 2072 914 in
2089 878 2188 916 mille

105 944 163 982 καὶ
179 942 349 995 ἁγιασυ.ὸν
371 943 571 995 εχαρίσατο.
591 941 638 980 Τί
666 958 738 989 ουν,
759 940 874 993 φησὶν,
906 954 946 976 αν
972 941 1011 977 ἐκ
1029 936 1128 990 πρώ-
1151 939 1176 968 Α
1199 948 1340 991 peccata
1367 938 1524 976 incidat?
1551 938 1618 976 Hic
1650 947 1742 976 certe
1768 937 1894 989 majoli
1931 937 2107 976 obnoxius
2137 947 2188 976 est

105 1021 165 1051 της
194 1004 334 1051 ἡλικίας
358 1004 557 1058 μυστηρίων
580 1002 805 1047 καταξιωθείς
831 1017 882 1045 τις
913 1000 1002 1052 μετὰ
1019 1016 1128 1038 ταυτα

106 1065 211 1118 μυρία
232 1065 395 1118 ἁμάρτῃ,
414 1065 459 1103 ‘O
473 1070 623 1108 τοιοῦτος
642 1064 762 1104 λοιπὸν
783 1063 935 1115 μείζονος
955 1061 1129 1105 κολάσεως

103 1127 206 1171 ἄξιος.
231 1129 311 1165 Τῶν
346 1127 411 1179 γὰρ
440 1129 551 1165 αὐτῶν
581 1126 847 1179 ἁμαρτημάτων
879 1127 916 1164 οὗ
940 1123 1002 1168 τὰς
1024 1122 1128 1166 αὐτὰς

102 1189 259 1239 τίννυμεν
280 1188 376 1232 δίκας
388 1219 397 1235 ,
414 1188 504 1227 ἀλλὰ
519 1189 638 1239 πολλῷ
652 1186 902 1239 χαλεπωτέρας
913 1216 922 1233 ,
938 1184 1019 1224 ὅταν
1039 1183 1127 1234 μετὰ

105 1249 350 1301 μυσταγωγίαν
385 1249 710 1299 πλημμελήσωμεν.
745 1248 816 1286 Καὶ
857 1249 954 1294 δηλοῖ
989 1247 1127 1288 Παῦλος

103 1311 191 1349 οὕτω
224 1312 351 1363 λέγων·
371 1311 556 1357 Ἀθετήσας
583 1326 634 1353 τις
668 1309 772 1359 νόμον
799 1308 995 1354 Μωϋσέως,
1018 1307 1126 1359 χωρὶς

104 1374 291 1424 οἰκτιρμῶν
318 1372 375 1410 ἐπὶ
408 1371 484 1410 δυσὶ
512 1371 572 1410 καὶ
598 1386 691 1424 τρισι
723 1370 875 1422 μάρτυσι
897 1369 1124 1415 ἀποθνήσκει·

102 1432 200 1484 πόσῳ
229 1434 359 1471 δοκεῖτε
393 1432 545 1484 χείρονος
569 1431 798 1478 ἀςιι)θήσεται
827 1429 999 1483 τιμωρίας
1026 1433 1043 1467 ὃ
1067 1429 1124 1466 τὸν

102 1493 184 1531 Υἱὸν
223 1509 282 1531 του
321 1495 412 1531 Θεου
457 1492 730 1539 καταπατήσας,
763 1507 823 1528 και
863 1491 903 1528 τὸ
941 1494 1030 1540 αἱμα
1063 1506 1126 1536 της

101 1554 267 1601 διαθήκης
306 1554 418 1592 κοινὸν
454 1552 697 1605 ἡγησάμενος,
736 1567 795 1590 και
835 1550 898 1598 τὴν
926 1551 1029 1604 χάριν
1065 1568 1125 1591 του

99 1614 302 1665 Πνεύματος
329 1614 528 1668 ἐνυὸρίσας,
549 1612 739 1657 8Μείζονος
758 1606 815 1650 οὖν
835 1612 934 1650 ἔσται
949 1612 1124 1656 κολάσεως

99 1675 190 1720 ἄξιος
217 1679 234 1714 ὃ
265 1692 425 1719 τοιουτος.
452 1674 552 1722 Πλην
594 1674 683 1713 ἀλλὰ
715 1691 775 1712 και
809 1673 918 1726 τούτῳ
941 1673 1123 1725 μετανοίας

1198 1001 1386 1054 supplicio.
1416 994 1636 1039 Eorumdem
1657 1000 1748 1038 enim
1759 1009 1985 1069 peceatolum
2001 1014 2070 1038 non
2086 1015 2150 1052 pal
2153 1015 2189 1038 es

1196 1063 1278 1101 subi
1269 1077 1361 1101 mus
1380 1076 1513 1116 poenas,
1531 1063 1593 1101 sed
1613 1063 1753 1114 longet>
1734 1062 1934 1111 oravimes,
1956 1062 1985 1100 si
1999 1071 2188 1114 postquam

1197 1124 1329 1162 initiati
1357 1138 1492 1173 sumus,
1513 1124 1549 1162 in
1584 1124 1714 1163 sceleia
1748 1123 1900 1161 r.uimus
1941 1123 1984 1162 ld
2009 1124 2189 1175 significat

1198 1186 1330 1224 Paulus
1353 1186 1410 1223 his
1438 1185 1578 1223 v·e1bis:
1594 1188 1755 1223 Initum
1772 1187 1934 1237 faciens
1954 1188 2039 1237 quis
2067 1186 2186 1236 legem

1197 1249 1333 1294 Mosis,
1357 1250 1438 1285 sine
1456 1247 1541 1284 ulla
1557 1249 1804 1284 miseratione
1820 1247 1967 1283 duobus
1978 1247 2045 1283 vel
2065 1243 2218 1284 tribus²

1198 1311 1356 1347 testibus
1377 1310 1539 1346 moritur
1562 1323 1572 1343 :
1597 1315 1744 1359 quanto
1776 1309 1900 1358 magis
1918 1309 2064 1358 putatis
2083 1307 2186 1345 dete-

1197 1373 1304 1407 riora
1324 1372 1460 1407 mereri
1485 1369 1675 1420 supplicia
1688 1370 1755 1419 qui
1774 1368 1923 1405 Filium
1934 1369 2010 1405 Dei
2030 1369 2185 1406 concul-

1197 1434 1355 1478 caverit,
1375 1439 1412 1468 et
1428 1432 1654 1481 sanguinem
1675 1431 1892 1466 testamenti
1907 1429 2100 1480 pollutum
2115 1431 2184 1467 du-

1195 1494 1309 1537 xerit,
1333 1500 1369 1529 et
1385 1493 1522 1543 gratiae
1541 1490 1703 1541 Spiritus
1729 1490 2004 1526 contumeliam
2013 1491 2184 1541 fecerit?

1196 1552 1292 1603 Ergo
1314 1551 1441 1603 majori
1456 1551 1517 1588 ille
1531 1549 1661 1600 dignus
1685 1548 1751 1586 erit
1773 1548 1960 1600 supplicio.
1984 1550 2181 1588 Verumta-

1194 1627 1273 1651 men
1294 1613 1379 1650 huie
1410 1610 1623 1665 poenitentiae
1652 1618 1771 1662 portas
1800 1608 1950 1661 aperuit,
1981 1624 2022 1647 ae
2053 1610 2182 1648 multos

1193 1674 1512 1727 abluendipeeeata
1531 1671 1654 1710 modos
1674 1668 1969 1721 subministiavit,
1990 1671 2019 1709 si
2039 1671 2101 1709 ille
2122 1686 2182 1712 v-o

99 1736 221 1789 ἀνεῳξε
241 1737 361 1789 θύρας,
382 1737 442 1776 καὶ
471 1739 612 1780 πολλοῖς
632 1736 771 1789 τρόποις
796 1735 923 1773 ἔδωκεν
944 1734 1120 1787 ἀπονίψα-
1147 1751 1169 1781 B
1192 1737 1311 1775 luerit.
1337 1735 1478 1788 Cogites
1499 1734 1609 1775 velim
1631 1742 1761 1785 quanta
1793 1733 1861 1770 sint
1888 1732 1964 1771 haee
1989 1733 2182 1771 elementiae

96 1802 176 1837 σθαι
195 1799 239 1838 τα
268 1798 616 1850 πεπλημμελημένα,
637 1797 676 1835 ἂν
698 1796 837 1849 ὴέθέλῃ
854 1797 1047 1872 Εννόῃσον
1063 1813 1120 1835 ουν

94 1860 200 1907 ἡλίκα
219 1865 330 1899 ταυτα
354 1860 613 1913 φιλανθρωπίας
645 1859 834 1912 δείγματα,
856 1874 896 1896 το
915 1858 974 1896 καὶ
999 1858 1120 1912 χάριτι

94 1924 251 1973 ἀφεῖναι,
270 1922 329 1960 καὶ
344 1921 432 1973 μετὰ
450 1922 513 1969 τὴν
534 1921 635 1974 χάριν
651 1920 708 1959 τὸν
727 1919 930 1972 ἁμαρτόντα
945 1919 1004 1958 καὶ
1025 1919 1117 1964 ἄξιον

92 1983 173 2020 ὄντα
188 1983 362 2026 κολάσεως
384 1983 432 2033 μὴ
455 1983 624 2031 κολάςειν,
651 1982 741 2020 ἀλλὰ
763 1981 894 2020 διδόναι
917 1981 1037 2033 καιρὸν
1057 1983 1116 2020 καὶ

91 2044 304 2097 προθεσμίαν
336 2045 524 2096 ἀπολογίας
557 2046 664 2096 αὐτῷ.
706 2042 773 2082 Διὰ
804 2048 914 2082 ταῦτα
951 2043 1067 2082 πάντα
1099 2047 1116 2082 ὁ

91 2105 240 2157 Χριστὸς
258 2106 344 2158 πρὸς
362 2105 419 2144 τὸν
440 2106 641 2157 Νικόδημον
658 2105 790 2157 ἕλεγεν’
808 2107 884 2143 Οὐκ
913 2105 1114 2144 ἀπέστειλεν

89 2170 106 2204 ὃ
136 2165 225 2210 Θεὸς
253 2167 309 2204 τὸν
332 2167 415 2205 Υἱὸν
447 2169 550 2205 αὐτοῦ
563 2196 573 2215 ,
593 2166 648 2204 ἵνα
669 2166 768 2219 κρίνῃ
799 2166 856 2204 τὸν
876 2165 1019 2217 κόσμον,
1037 2168 1112 2205 ἀλλ’

88 2227 143 2265 ἵνα
165 2227 260 2279 σώσῃ
278 2228 335 2266 τὸν
358 2229 502 2279 κόσμον.
529 2228 600 2267 Δύο
618 2228 686 2281 γάρ
707 2230 791 2267 εἰσιν
819 2229 854 2266 αἱ
881 2232 941 2266 τοῦ
962 2228 1114 2279 Χριστοῦ

88 2289 294 2342 παρουσίαι,
313 2295 334 2337 ἦ
355 2289 422 2337 ἤδη
443 2289 656 2342 γεγενημένη
669 2321 679 2338 ,
711 2290 770 2328 καὶ
784 2293 806 2336 ἡ
826 2288 1022 2341 μέλλουσα·
1051 2291 1114 2329 οὐκ

88 2350 144 2388 ἐπὶ
161 2357 231 2395 τοῖς
247 2354 360 2396 αὐτοῖς
382 2352 417 2391 δὲ
437 2355 473 2390 αἱ
498 2352 574 2401 δύο,
605 2354 681 2391 ἀλλ’
705 2355 725 2398 ἡ
757 2350 818 2403 μὲν
840 2351 994 2404 προτέρα
1009 2351 1112 2404 γέγο-

86 2425 153 2457 νεν,
170 2413 234 2463 οὐχ
253 2411 309 2449 ἵνα
337 2412 478 2464 ἐξετάσῃ
507 2413 551 2451 τὰ
580 2412 813 2465 πεπραγμένα
826 2414 926 2463 ἡμῖν,
950 2414 1026 2451 ἀλλ’
1057 2411 1112 2450 ἵνα

86 2472 174 2523 ἀφῇ·
200 2475 222 2518 ἦ
244 2472 279 2510 δὲ
304 2473 461 2525 δευτέρα,
489 2475 555 2525 οὔχ
572 2473 628 2511 ἵνα
659 2476 750 2526 ἀφῇ,
773 2475 849 2511 ἀλλ’
871 2473 927 2511 ἵνα
952 2472 1111 2525 ἐξετάσῃ.

85 2533 153 2569 Διὰ
173 2537 274 2571 τοῦτο
292 2534 371 2585 περὶ
392 2534 453 2585 μὲν
475 2538 536 2580 τῆς
564 2534 736 2586 προτέρας
767 2534 890 2586 φησίν·
908 2536 987 2572 Οὔκ
1007 2529 1111 2581 ἦλθον
1136 2543 1159 2572 C

84 2597 138 2634 ἵνα
153 2597 260 2651 κρίνω
280 2599 336 2637 τὸν
350 2599 493 2650 κόσμον,
510 2601 586 2638 ἀλλ’
602 2600 658 2637 ἵνα
674 2599 777 2638 σώσω
793 2601 850 2638 τὸν
865 2600 995 2650 κόσμον
1007 2615 1014 2623 ·
1031 2600 1112 2651 περὶ

84 2665 119 2703 δὲ
136 2669 197 2711 τῆς
216 2667 389 2719 δευτέρας,
407 2667 518 2705 ζὈταν
541 2667 576 2706 δὲ
591 2667 672 2720 ἔλθῃ
694 2671 711 2705 ὃ
732 2668 815 2710 Υἱὸς
832 2670 865 2705 ἐν
888 2669 930 2716 τῇ
954 2666 1033 2718 δόξῃ
1051 2671 1110 2706 τοῦ

84 2733 221 2784 Πατρὸς
238 2735 356 2782 αὐτοῦ,
375 2735 495 2781 στήσει
513 2736 557 2774 τὰ
579 2734 640 2786 μὲν
657 2734 818 2787 πρόὸατα
841 2736 880 2772 ἐκ
900 2733 1030 2781 δεξιῶν,
1052 2733 1110 2771 καὶ

81 2800 125 2837 τὰ
148 2799 263 2852 ἐρίφια
283 2801 316 2845 ἐξ
341 2801 538 2853 εὐωνύμων.
560 2803 629 2840 Καὶ
660 2802 910 2840 ἀπελεύσονται
931 2804 960 2839 οἳ
982 2800 1044 2851 μὲν
1064 2803 1110 2845 εἷς

82 2866 184 2913 ζωὴν,
201 2870 231 2904 οἱ
247 2867 282 2905 δὲ
296 2870 343 2912 εἰς
363 2868 507 2907 κόλασιν
525 2868 675 2907 αἰώνιον.
697 2868 822 2907 Καίτοι
842 2883 880 2919 γε
905 2884 963 2905 και
979 2871 1000 2914 ἡ
1024 2884 1108 2919 προ-

81 2934 164 2986 τέρα
180 2935 354 2986 παρουσία
368 2936 514 2989 κρίσεως
530 2941 572 2984 ἠν
588 2936 678 2974 κατὰ
693 2936 750 2974 τὸν
765 2951 825 2974 του
845 2935 977 2974 δικαίου
993 2935 1045 2974 λό
1035 2951 1106 2983 γ,ον

81 3001 207 3047 Διατί,
226 3001 313 3040 Ὀτι
333 3018 401 3055 προ
419 3007 481 3050 τῆς
510 3006 611 3042 αὐτου
641 3003 834 3058 παρουσίας
854 3003 957 3053 νόμος
976 3006 1017 3049 ἠν
1039 3018 1106 3054 φυ-

81 3070 192 3117 σικὸς,
209 3070 267 3107 καὶ
292 3073 489 3122 προφῆται,
504 3071 562 3108 καὶ
579 3071 732 3123 γραπτος
763 3070 868 3108 πάλιν
898 3070 1016 3120 νόμος,
1049 3069 1106 3105 καὶ

81 3138 286 3176 διδασκαλία
299 3169 308 3185 ,
340 3139 397 3176 καὶ
439 3139 559 3192 μυρίαι
597 3139 825 3190 ἐπαγγελίαι,
863 3138 922 3176 καὶ
951 3136 1105 3186 σημείων

81 3203 274 3251 ἐπιδείξεις,
308 3206 366 3243 καὶ
405 3206 562 3249 κολάσεις
591 3207 649 3244 καὶ
678 3206 864 3258 τιμωρίαι,
902 3205 960 3243 καὶ
990 3204 1102 3242 πολλὰ

1034 3349 1087 3366 1⁵1.-

123 3344 133 3354 <·
152 3331 213 3362 Ain
236 3337 279 3364 ι”τι
310 3338 344 3365 ἐπ

79 3388 327 3428 τ’),ρρυπκι-ιονῐες
341 3394 448 3422 κακοῖς.

345 3338 481 3376 ,εαξκμεν
507 3338 602 3368 πολλοὶ
623 3360 644 3367 ..
673 3340 719 3367 καὶ
744 3338 774 3367 οὐ
800 3337 1006 3377 brehemont»...

129 3445 140 3457 ἕ)
160 3434 272 3466 Mon-1.
306 3442 364 3480 ἄρα.
390 3445 531 3479 μειζόνως
563 3442 775 3475 mammem
808 3444 887 3480 μέτα
924 3453 975 3477 την
1002 3442 1089 3480 χάριν

1190 1807 1410 1852 algumenta,
1441 1795 1539 1847 quod
1563 1794 1793 1848 pergratiam
1815 1794 2002 1844 lemiseiit,
2027 1803 2059 1832 et
2086 1793 2182 1845 quod

1190 1868 1299 1911 post„
1280 1873 1320 1896 01
1322 1858 1430 1896 atiani
1442 1865 1603 1909 peceatoi
1606 1870 1661 1894 em
1681 1855 1848 1908 supplicii
1863 1855 2011 1907 dignum
2031 1869 2099 1893 non
2114 1871 2181 1908 pu—

1188 1922 1280 1971 niat,
1295 1920 1359 1959 sed
1376 1919 1629 1959 emendationis
1656 1918 1812 1970 spatium
1831 1917 2009 1956 concedat.
2031 1918 2178 1970 Propte-

1188 1997 1244 2020 rea
1259 1982 1308 2020 ait
1334 1981 1498 2019 Christus
1514 1978 1709 2018 Nicoclemo
1724 1994 1731 2015 :
1747 1980 1838 2016 Non
1862 1981 1965 2017 misit
1987 1980 2093 2017 Deus
2113 1982 2152 2016 F
2151 1982 2180 2016 ι’-

1187 2046 1282 2082 lium
1294 2058 1405 2082 suum
1418 2043 1670 2088 inmundum,
1685 2049 1725 2079 ut
1736 2042 1885 2093 judicet
1907 2042 2181 2088 mundum,sed

1186 2115 1227 2144 ut
1247 2106 1371 2144 salvet
1383 2105 1578 2142 mundum.
1592 2104 1673 2140 Duo
1694 2102 1789 2139 enim
1806 2111 1888 2140 sunt
1900 2101 2033 2140 Christi
2047 2101 2177 2141 adven-

1184 2176 1252 2217 tus;
1264 2167 1327 2218 qui
1345 2168 1420 2219 jam
1434 2165 1513 2215 fuit,
1523 2174 1555 2203 et
1569 2164 1631 2215 qui
1645 2165 1786 2202 futurus
1803 2172 1871 2202 est:
1886 2163 1947 2201 sed
1962 2177 2031 2201 non
2051 2163 2177 2202 iisdem

1183 2227 1227 2266 de
1242 2228 1357 2266 causis
1377 2227 1482 2265 ambo
1490 2242 1500 2276 3
1520 2225 1580 2264 sed
1600 2225 1698 2278 prior
1710 2224 1791 2269 fuit,
1807 2238 1876 2263 non
1890 2234 1929 2263 ut
1939 2226 2093 2263 facinora
2108 2240 2175 2263 no-

1183 2298 1254 2328 stra
1275 2289 1470 2338 examinet,
1483 2287 1545 2326 sed
1564 2296 1603 2324 ut
1624 2286 1801 2335 dimittat3
1816 2285 1991 2324 secundus
2016 2288 2094 2335 erit,
2107 2300 2175 2324 non

1184 2356 1223 2386 ut
1233 2347 1404 2394 dimittat,
1416 2346 1477 2385 sed
1487 2355 1526 2384 ut
1542 2345 1730 2383 examinet.
1743 2344 1826 2382 Ideo
1845 2343 1889 2381 de
1903 2343 2021 2396 priore
2031 2343 2176 2394 quidem

1182 2408 1284 2446 dicit:
1297 2411 1387 2447 Non
1397 2410 1491 2445 veni
1510 2415 1550 2444 ut
1566 2407 1735 2457 judicem
1752 2406 1950 2450 mundum,
1965 2405 2083 2442 sedat
2095 2406 2174 2442 sal-

1185 2483 1266 2507 vem
1286 2470 1487 2518 mundum3
1507 2468 1551 2504 de
1569 2466 1722 2504 secundo
1741 2475 1872 2514 autem,
1901 2466 1998 2502 Cum
2023 2469 2174 2503 venerit

1182 2533 1221 2567 F
1221 2531 1310 2567 ilius
1326 2532 1367 2566 in
1381 2530 1507 2580 gloria
1519 2529 1653 2564 Patris
1666 2528 1739 2571 sui,
1751 2534 1894 2563 statuet
1910 2539 1996 2563 oves
2020 2527 2171 2578 quidem

1182 2606 1207 2629 a
1223 2592 1382 2636 dea-tris,
1403 2590 1531 2627 hoedos
1548 2595 1677 2624 autem
1694 2600 1719 2623 a
1731 2588 1911 2624 sinistris.
1933 2588 1969 2623 E
1973 2595 1988 2623 t
2009 2589 2172 2625 abibunt

1182 2651 1253 2688 alii
1273 2651 1426 2703 quidem
1443 2651 1484 2685 in
1501 2651 1633 2693 vitam,
1652 2647 1724 2684 alii
1736 2648 1777 2683 in
1789 2647 2020 2698 supplicium
2033 2651 2172 2700 sempi-

1182 2720 1345 2749 ternum.
1370 2708 1477 2760 Atqui
1493 2708 1592 2760 prior
1614 2707 1718 2744 etiam
1749 2706 1923 2746 adventus
1938 2706 2067 2758 judicii
2098 2717 2172 2745 erat

1181 2771 1376 2810 secundum
1400 2768 1548 2821 justitiae
1579 2767 1762 2805 rationem.
1791 2768 1936 2814 Quare?
1966 2768 2060 2814 Quia
2093 2778 2172 2806 ante

1180 2832 1372 2871 adventum
1388 2831 1463 2882 ejus
1485 2829 1544 2867 lex
1567 2838 1639 2867 erat
1664 2828 1848 2878 naturalis,
1871 2831 2064 2881 propheta),
2084 2844 2168 2867 rur—

1179 2906 1329 2943 sumque
1346 2892 1407 2929 lex
1425 2890 1567 2943 scripta,
1592 2889 1764 2939 doctrina,
1785 2889 1884 2928 mille
1904 2890 2168 2942 promissiones,

1178 2955 1294 3005 signa,
1311 2951 1500 3004 supplicia,
1516 2959 1548 2988 et
1564 2950 1635 2988 alia
1650 2950 1778 3000 multa,
1796 2965 1874 3001 quae
1891 2960 2033 3002 possent
2048 2965 2167 2988 emen-

1177 3017 1282 3066 dare3
1305 3027 1456 3066 quorum
1482 3012 1571 3050 ratio
1603 3012 1747 3049 omnino
1776 3011 1949 3062 exigenda
1989 3020 2076 3060 erat,
2108 3011 2169 3049 sed

1176 3078 1258 3129 quia
1281 3077 1432 3115 clemens
1451 3083 1515 3121 est,
1537 3088 1607 3111 non
1630 3086 1791 3122 examen,
1819 3071 1877 3110 sed
1900 3073 2040 3111 veniam
2061 3073 2165 3110 exhi-

1175 3141 1246 3179 bet.
1270 3140 1308 3179 Si
1327 3138 1421 3177 enim
1440 3136 1733 3190 perquisitionem
1752 3135 1904 3178 fecisset,
1926 3149 2045 3172 omnes
2062 3134 2166 3186 plane

2201 1193 2325 1273 ΙΙξξΙιιὲἑ9
2317 1203 2361 1221 10.

2238 1560 2384 1588 Poenuen-

2199 1603 2240 1629 tiae
2296 1608 2384 1638 porta:

2248 1644 2382 1670 omnibus

2195 1690 2310 1722 apertae.

2212 2112 2277 2139 Duo
2293 2112 2379 2139 Chri-

2191 2155 2225 2182 sti
2272 2155 2379 2182 adven»

2192 2202 2246 2224 lus.

2191 2479 2302 2506 Matth.
2324 2478 2372 2506 25.

2187 2522 2239 2551 31.
2256 2520 2308 2550 33.

2189 2598 2265 2625 lbicl.
2281 2608 2307 2624 v.
2320 2596 2370 2636 [1¹3.

1175 3204 1219 3240 de
1240 3200 1357 3240 medio
1373 3198 1503 3238 sublati
1523 3199 1673 3236 fuissent
1689 3214 1694 3233 :
1717 3199 1855 3235 Omnes
1870 3200 1967 3234 enim
1981 3209 2164 3246 peccave-
2179 3198 2268 3228 Rom.
2281 3200 2366 3229 3232

1154 3338 1311 3376 ἁμαρτών.

1198 3385 1213 3407 ¹²
1231 3381 1330 3416 Savil.
1362 3396 1371 3414 ε

1156 3435 1254 3478 paulo
1272 3442 1347 3468 ante
1367 3437 1490 3470 mmm
1509 3439 1634 3474 τρόπους
1652 3433 1691 3462 εὖ.
1713 3435 1748 3465 εἰς

1376 3386 1456 3417 Θέλη.
1489 3383 1574 3413 ταῦτ’
1605 3381 1651 3411 οὖν
1682 3383 1810 3413 {moena
1835 3381 1921 3412 ἡλίκα.
1962 3379 2021 3420 φιλ..
2050 3373 2162 3416 [Idem

1761 3434 1793 3462 τὸ
1811 3428 1912 3468 dmm]
