2522 3683
275 207 368 254 608
1117 220 1255 249 mnnx
1291 219 1558 249 SPURIORUM.

330 305 393 342 59.
414 304 455 341 In
471 303 507 342 S.
525 302 746 355 Stephanum
771 303 931 356 primum
950 310 1158 355 martyrem.
1182 301 1265 340 Init.
1285 300 1422 343 Πάντες
1441 299 1504 349 μὲν
1531 301 1560 337 οἱ
1587 298 1772 350 μαρτύρων
1790 301 1918 348 ἀγῶνες
1943 299 2091 343 ἐπίδοξοι
2106 329 2114 345 ,
2135 300 2193 337 καὶ
2216 300 2350 349 θαυμά-

278 370 384 412 ζεται.
402 381 438 418 Ρ.
461 367 552 404 227.
574 365 686 404 Savil.
703 364 749 403 Τ.
773 365 808 403 5.
823 380 857 418 Ρ.
875 364 964 403 871.

328 428 393 466 40.
418 429 459 466 In
488 427 644 466 mediam
667 427 930 466 hebdomadam
954 427 1185 479 jejuniorum.
1212 426 1293 464 Init.
1318 424 1515 476 Εὐλογητὸς
1535 427 1552 462 ὃ
1566 423 1654 466 Θεὸς
1673 426 1690 461 ὃ
1713 424 1949 475 χαρισάμενος
1968 432 2038 468 τοῖς
2065 427 2271 476 ἀγωνισταῖς
2290 426 2351 470 τῆς

277 489 447 537 νηστείας.
463 505 501 543 p.
519 491 608 528 229.
628 490 742 529 Savil.
763 490 808 527 T.
832 490 866 528 5.
887 504 923 541 p.
941 488 1030 527 876.

326 551 392 590 41.
414 553 456 590 In
478 567 594 590 ramos
620 551 832 605 palmarum.
864 550 946 589 Init.
977 550 1043 590 Ἐκ
1063 551 1248 603 θαυμάτων
1274 550 1331 588 ἐπὶ
1354 551 1517 601 θαύματα
1537 548 1664 601 Κυρίου
1686 548 1897 600 βαδίσωμεν.
1925 564 1959 601 p.
1992 549 2080 587 251.
2104 549 2217 588 Savil.
2248 549 2294 586 T.
2316 548 2351 586 5.

288 630 313 650 i.
335 613 425 653 882.

277 628 289 666 1
329 676 392 714 42.
410 677 451 713 In
468 684 626 714 sanctam
643 675 833 727 Virginem
848 684 881 714 et
900 674 1105 729 Deiparam.
1123 674 1206 713 Init.
1232 676 1354 713 Πᾶσαι
1375 673 1437 725 μὲν
1455 675 1490 712 αἱ
1523 672 1735 726 μαρτυρικαὶ
1756 672 1967 724 πανηγύρεις
1983 672 2193 723 θαυμασταί.
2211 687 2244 724 p.
2263 673 2352 711 256.

277 736 389 775 Savil.
409 737 453 774 T.
471 736 506 773 5.
528 751 562 788 p.
582 735 672 774 887.

328 799 391 835 45.
411 798 542 834 Contra
560 797 741 836 haereticos
758 806 792 835 et
814 798 851 836 in
868 807 1025 836 sanctam
1041 798 1246 851 Deiparam.
1268 798 1351 835 Init.
1368 796 1483 836 Πάλιν
1497 800 1540 849 τῇ
1556 796 1736 849 παρ’ῥησίᾳ
1760 801 1819 834 τοῦ
1842 796 1940 848 ἁγίου
1963 795 2168 847 Πνεύματος
2197 796 2353 834 διασπῶν

276 859 337 902 τὰς
358 857 484 912 σειράς.
508 873 542 910 p.
558 857 647 896 258.
665 857 776 897 Savil.
795 859 840 897 T.
857 859 891 896 5.
909 873 944 911 p.
965 857 1055 897 889.

325 922 387 959 44.
407 922 447 958 In
463 920 699 973 proditionem
715 922 935 972 servatoris,
956 932 990 960 et
1011 922 1047 959 in
1064 920 1234 959 lotionem
1248 920 1392 973 pedum.
1411 920 1495 958 Init.
1517 920 1740 972 Ἔόουλόμην
1757 920 1804 964 εἷς
1822 921 1920 964 τέλος
1941 919 2100 960 διανύσαι
2119 925 2178 959 τοῦ
2203 923 2354 972 σταυροῦ

276 985 319 1023 τὰ
339 984 563 1036 θεωρήματα.
582 1000 620 1037 Ρ.
646 985 735 1023 242.
753 985 867 1024 Savil.
893 986 937 1023 T.
956 985 991 1023 5.
1008 1000 1044 1037 Ρ.
1062 984 1151 1023 895.

328 1046 391 1084 45.
414 1047 455 1084 In
478 1046 651 1084 latronem
669 1056 702 1085 et
721 1046 757 1083 in
785 1045 1025 1098 proditionem
1049 1043 1258 1084 Servatoris.
1280 1043 1362 1082 Init.
1379 1041 1429 1082 ''⁴ss
1449 1043 1542 1090 πόση
1562 1043 1704 1095 δύναμις
1721 1048 1783 1092 τῆς
1798 1045 1970 1099 ἡμετέρας
1989 1045 2157 1090 πίστεως,
2183 1044 2211 1082 ὢ
2236 1044 2353 1083 πόσον.

278 1126 314 1162 Ρ.
335 1110 425 1148 247.
445 1110 555 1149 Savil.
577 1110 622 1147 T.
639 1110 674 1147 5.
691 1124 727 1162 p.
745 1109 835 1147 910.

329 1173 393 1210 46.
415 1173 538 1210 Sermo
566 1171 800 1210 eateeheticus
817 1171 853 1209 in
871 1172 910 1210 S.
933 1170 1080 1210 Pascha.
1103 1169 1186 1208 Init.
1201 1169 1249 1209 Εἴ
1264 1186 1315 1213 τις
1340 1169 1485 1218 εὐσεῧὴς
1506 1170 1565 1208 καὶ
1584 1170 1751 1222 φιλόθεος,
1776 1170 1982 1209 ἀπολαυέτω
2003 1174 2065 1218 τ’ῆς
2090 1174 2199 1218 καλῆς
2216 1170 2354 1218 ταύτης.

275 1251 309 1289 p.
331 1234 420 1273 250.
439 1234 550 1273 Savil.
570 1235 617 1273 T.
642 1234 676 1272 5.
692 1249 726 1286 p.
747 1235 843 1273 916.

327 1300 389 1338 47.
419 1299 461 1337 In
491 1299 527 1338 S.
555 1297 692 1336 Pascha
716 1298 745 1336 I.
771 1297 854 1338 Init.
875 1297 1007 1350 Πάσχα
1028 1297 1091 1349 μὲν
1110 1296 1229 1349 γήϊνον
1256 1296 1471 1349 ἑορτάζουσιν
1503 1296 1666 1335 Ἰουδαῖοι
1685 1296 1725 1335 τὸ
1748 1297 1916 1350 οὐράνιον.
1942 1312 1979 1350 p.
2001 1297 2091 1335 251.
2120 1296 2232 1337 Savil.
2254 1297 2298 1334 T.
2321 1296 2356 1334 5.

276 1374 311 1411 p.
330 1361 418 1398 917.

329 1420 392 1460 48.
419 1422 461 1459 In
480 1421 516 1460 S.
546 1419 683 1459 Pascha
705 1420 753 1458 II.
778 1419 863 1458 Init.
883 1420 936 1459 Τὸ
959 1421 1028 1459 τῶν
1055 1420 1207 1471 νομικῶν
1238 1418 1355 1457 τύπων
1384 1419 1537 1470 εὔλογον,
1563 1419 1621 1457 ἐπὶ
1650 1421 1713 1465 τῆς
1734 1418 1906 1467 ἀληθείας.
1927 1434 1962 1471 p.
1987 1418 2078 1457 254.
2110 1417 2223 1458 Savil.
2255 1419 2298 1455 T.
2322 1418 2355 1455 5.

286 1500 306 1521 1.
324 1484 414 1521 920.

272 1499 285 1536 Ι
326 1547 388 1585 49.
403 1548 444 1585 In
460 1546 496 1584 S.
515 1545 651 1584 Pascha
666 1546 737 1584 III.
755 1545 840 1583 Init.
860 1544 938 1593 Τὴν
956 1544 1018 1596 μὲν
1038 1544 1208 1597 ἇγιότητα
1223 1546 1390 1596 Χριστοῦ,
1403 1543 1442 1582 τὸ
1456 1547 1550 1595 θῦμα
1567 1547 1628 1582 τοῦ
1645 1543 1780 1596 πάσχα.
1796 1558 1833 1595 Ρ.
1850 1544 1941 1582 257.
1961 1542 2075 1581 Savil.
2096 1543 2142 1580 T.
2162 1542 2197 1580 5.
2214 1557 2247 1594 p.
2263 1543 2353 1581 925.

329 1611 390 1648 50.
411 1610 454 1647 In
472 1611 511 1648 S.
534 1609 670 1647 Pascha
696 1610 767 1649 IV.
795 1608 881 1647 Init.
901 1608 1037 1660 Πάσχα
1061 1607 1123 1659 μὲν
1144 1606 1363 1661 ἑορτάζουσιν
1380 1608 1561 1657 Ἰουδαῖοι,
1587 1609 1650 1654 τῆς
1669 1607 1703 1651 ἐξ
1732 1607 1910 1659 Αἰγύπτου
1939 1604 2113 1658 σωτηρίας
2144 1606 2353 1656 ἀνάμνησιν.

276 1690 313 1727 p.
338 1674 428 1711 259.
446 1672 557 1711 Savil.
577 1673 621 1710 T.
646 1671 682 1710 5.
701 1687 740 1724 Ρ.
759 1672 851 1710 925.

328 1736 389 1774 51.
409 1736 451 1773 In
473 1735 508 1773 S.
527 1734 663 1772 Pascha
677 1735 728 1773 V.
746 1734 829 1772 Init.
848 1733 909 1773 'Ev
927 1733 1108 1777 Ἰουδαίοις
1124 1736 1155 1773 οἳ
1172 1733 1294 1783 τύποι,
1310 1736 1393 1786 παρ’
1413 1738 1499 1785 ἡμῖν
1516 1733 1551 1773 δὲ
1564 1738 1586 1782 ἡ
1605 1733 1763 1780 ἀλήθεια.
1782 1747 1821 1785 Ρ.
1839 1734 1930 1771 261.
1958 1732 2069 1771 Savil.
2088 1731 2133 1768 T.
2154 1730 2188 1768 5.
2209 1745 2245 1782 p.
2266 1730 2355 1769 927.

328 1797 448 1836 52111
464 1797 501 1835 S.
528 1795 666 1834 Pascha
681 1797 747 1837 VI.
769 1795 853 1835 Init.
872 1795 980 1848 Ἱεραὶ
1004 1795 1066 1848 μὲν
1085 1796 1153 1843 ἤδη
1182 1796 1294 1849 φωτὸς
1320 1798 1556 1847 ὑπεραυγοῦσι
1582 1796 1735 1847 Χριστοῦ
1759 1795 1906 1837 ἀκτῖνες.
1934 1807 1972 1845 Ρ.
1992 1792 2081 1831 264.
2113 1790 2225 1831 Savil.
2253 1791 2298 1828 T.
2322 1791 2357 1828 5.

274 1876 308 1899 ·).
331 1862 421 1899 950.

274 1877 285 1913 l
327 1924 391 1961 55.
412 1923 454 1960 In
474 1923 510 1961 S.
529 1922 664 1960 Pascha
683 1922 766 1962 VII.
782 1921 866 1960 Init.
887 1920 977 1965 Χθὲς
998 1921 1072 1971 μὲν,
1094 1920 1254 1974 ἀδελφοὶ,
1273 1920 1353 1972 περὶ
1374 1924 1433 1968 τῆς
1459 1918 1677 1972 προθεσμίας
1700 1923 1760 1958 τοῦ
1782 1918 1898 1971 ἁγίου.
1919 1933 1954 1971 Ρ.
1973 1916 2062 1956 275.
2090 1915 2203 1955 Savil.
2231 1915 2279 1954 T.
2311 1915 2350 1953 5.

274 2000 312 2036 p.
334 1986 429 2024 940.

329 2052 393 2089 54.
415 2051 456 2088 In
472 2049 624 2103 synaxin
645 2049 954 2101 archangelorum.
971 2049 1054 2087 Init.
1073 2049 1253 2102 Ἀγγέλους
1271 2049 1501 2101 ἐγκωμιάζειν
1519 2048 1602 2101 χρή·
1618 2048 1676 2087 καὶ
1693 2047 1771 2100 γάρ.
1791 2062 1826 2099 p.
1843 2045 1935 2085 285.
1955 2044 2067 2083 Savil.
2088 2044 2133 2081 T.
2153 2044 2187 2082 5.
2203 2057 2239 2094 p.
2260 2041 2351 2079 997.

328 2113 376 2151 55
397 2114 450 2151 De
468 2112 693 2165 poenitentia,
710 2122 744 2151 et
764 2112 799 2150 in
821 2111 1020 2160 Herodem,
1046 2121 1079 2150 et
1097 2112 1134 2150 in
1156 2114 1330 2152 Joannem
1350 2111 1559 2164 Baptistam.
1576 2110 1659 2148 Init.
1676 2109 1771 2162 Φέρε
1797 2108 1833 2147 δὲ
1856 2108 2000 2147 καὶτῶν
2018 2105 2196 2157 ὑμετέρων
2216 2102 2355 2155 κρότων

271 2177 332 2222 τὴν
351 2176 519 2228 ὑμετέραν
540 2177 826 2229 προτιμήσωμεν.
843 2190 880 2227 Ρ.
905 2175 996 2215 287.
1020 2175 1129 2215 Savil.
1154 2176 1199 2214 T.
1216 2177 1252 2214 6.
1274 2190 1310 2227 p.
1334 2175 1423 2215 804.
1443 2174 1547 2213 Edita
1569 2174 1655 2212 item
1672 2188 1692 2211 a
1715 2172 1931 2212 combefisio
1947 2180 1980 2210 et
1997 2179 2116 2222 postea
2131 2183 2152 2206 a
2169 2166 2349 2206 Benzelio.
