2481 3678
691 218 733 248 IN
771 217 982 248 somnum
1020 214 1179 246 nomm.
1217 213 1329 245 xxv.
1368 200 1429 244 al,

106 318 210 347 σεως·
232 302 306 341 ἀλλ’
323 302 415 341 ἔστιν
443 300 500 339 ὅτι
522 300 581 339 καὶ
600 299 662 345 τὰς
685 299 809 344 νύκτας
829 299 1035 352 προστίθησι
1051 302 1127 339 ταῖς

104 364 270 417 ἡμέραις,
293 363 351 401 καὶ
381 366 490 400 ταῦτα
510 360 597 414 ὑπὲρ
624 361 799 413 ἐπικήρων
819 360 878 398 καὶ
906 358 1127 412 προσκαίρων

103 423 321 476 πραγμάτων
335 425 418 476 παρ’
436 423 532 472 ὑμῶν
563 420 796 472 ἀναγκάζεται
814 426 936 459 ποιεῖν.
956 419 1046 457 Ἀλλ’
1066 420 1130 468 οὐχ

103 488 193 535 ὑμᾶς
212 485 287 528 τοὺς
307 487 340 523 ἐν
357 482 698 536 ἡλικίᾳ«γενομένους
717 486 819 533 ἡμεῖς
840 485 998 519 τοσοῦτον
1017 481 1129 516 ἀπαι-

103 606 157 642 00
188 604 254 656 γὰρ
272 607 348 643 καθ’
373 604 522 651 ἑκάστην
554 604 702 657 ἡμέραν,
720 602 808 641 ἀλλὰ
840 601 898 639 δύο
931 600 1032 651 μόνον
1068 602 1131 645 τῆς

103 664 294 715 ἑὸδομάδος
314 666 449 718 ἡμέρας
470 667 744 718 παρακαλοῦμεν
763 660 948 715 προσέχειν
979 667 1048 704 τοῖς
1075 662 1130 698 λε-

103 725 261 776 γομένοις
278 726 362 779 πρὸς
385 724 498 778 βραχὺ
519 728 581 772 τῆς
607 724 741 777 ἡμέρας
762 723 882 776 μέρος,
898 720 988 760 ὥστε
1007 726 1130 773 κοῦφον

104 788 185 836 ὑμῖν
202 786 359 838 γενέσθαι
380 787 437 824 τὸν
459 785 574 824 πόνον.
591 784 659 822 Διὰ
677 788 777 822 τοῦτο
799 783 858 820 καὶ
888 781 980 820 κατὰ
1010 782 1132 835 μικρὸν

105 846 320 897 διαξαίνομεν
342 850 421 897 ὑμῖν
438 845 482 883 τὰ
505 847 539 883 ἐν
566 850 642 888 ταῖς
673 845 830 897 Γραφαῖς
849 842 865 862 ¹¹
880 842 1024 893 κείμενα
1038 873 1048 890 ,
1077 841 1133 880 ἵνα

106 909 181 956 μετ’
199 906 356 951 εὐκολίας
370 906 426 958 ἐξῇ
442 906 561 944 λαὸεῖν
578 907 659 956 ὑμῖν
679 904 785 953 αὐτὰ,
801 903 861 942 καὶ
875 909 946 947 τοῖς
964 903 1135 954 ταμιείοις

105 967 332 1005 ἕναποθέσθαι
350 970 412 1013 τῆς
434 965 608 1014 διανοίας,
628 965 688 1004 καὶ
714 964 805 1003 οὕτω
825 965 942 1003 πάντα
970 963 1028 1002 διὰ
1051 963 1137 1015 μνή-

105 1043 173 1077 μης
201 1032 372 1067 ποιεῖσθαι
401 1029 619 1076 σπουδάζειν,
633 1030 680 1072 ὡς
702 1027 866 1066 δύνασθαι
886 1027 946 1065 καὶ
962 1026 1138 1078 ἀπαγγέλ-

103 1090 173 1126 λειν
191 1088 279 1127 αὐτὰ
296 1089 383 1140 μετὰ
402 1088 582 1141 ἀκριὲείας
601 1092 707 1139 ὑμᾶς·
723 1087 813 1135 πλὴν
833 1090 862 1126 εἰ
881 1088 928 1139 μή
944 1104 996 1131 τις
1005 1087 1138 1140 σφόδρα

104 1149 252 1196 ὑπνηλὸς
275 1150 327 1197 εἴη
349 1150 408 1189 καὶ
427 1151 559 1198 νωθὴς,
578 1151 638 1188 καὶ
669 1149 808 1187 παιδίου
834 1152 958 1202 μικροῦ
988 1148 1137 1201 ῥαθυμό-

104 1226 211 1265 τερος.
233 1211 362 1249 ςἈλλὰ
391 1211 471 1264 φέρε
501 1211 607 1249 πάλιν
639 1209 810 1262 ἁψώμεθα
835 1213 898 1256 τῆς
935 1208 1138 1252 ἀκολουθίας

104 1274 171 1309 τῶν
192 1271 383 1325 ἔμπροσθεν
414 1271 619 1323 εἰρημένων,
639 1271 698 1308 καὶ
721 1270 848 1321 ἴδωμεν
863 1273 936 1313 πῶς
952 1274 1011 1308 τοῦ
1031 1271 1138 1308 Νικο-

106 1332 218 1383 δήμου
237 1332 513 1381 καταπεσόντος,
528 1332 588 1371 καὶ
610 1332 695 1384 πρὸς
722 1330 785 1378 τὴν
812 1331 1136 1382 ἐνταῦθα’γέννησιν

105 1392 264 1437 ἕλκοντος
290 1394 329 1431 τὸ
349 1393 542 1446 εἰρημένον,
571 1393 631 1431 καὶ
652 1393 832 1444 λέγοντος,
855 1391 1020 1430 ἀδύνατον
1049 1385 1137 1429 εἷναι

105 1454 250 1507 γέροντα
285 1457 492 1506 γεννηθῆναι
520 1455 663 1502 ἄνωθεν,
697 1457 714 1491 ὃ
746 1453 898 1506 Χριστὸς
928 1451 1136 1505 σαφέστερον

106 1515 344 1554 ἀποκαλύπτει
363 1518 426 1560 τῆς
452 1514 644 1566 γεννήσεως
664 1514 722 1551 τὸν
751 1513 891 1566 τρόπον,
921 1512 1045 1564 ἔχοντα
1075 1512 1136 1563 μὲν

83 1607 87 1613 .
105 1575 164 1614 καὶ
185 1575 275 1614 οὕτω
291 1575 475 1614 δυσκολίαν
487 1578 536 1628 τῷ
563 1577 721 1627 ψυχικῶς
738 1576 932 1628 ἐρωτῶντι,
948 1573 1135 1624 δυνάμενον

106 1636 140 1676 δὲ
159 1636 252 1688 ὅμως
273 1636 341 1675 ἀπὸ
362 1640 424 1683 τῆς
445 1636 693 1683 ταπεινότητος
716 1639 904 1688 ἀναγαγεῖν
931 1636 988 1673 τὸν
1009 1633 1024 1654 ‘¹
1037 1634 1138 1673 ἀκού-

105 1714 198 1737 οντα.
216 1698 263 1736 Τί
281 1698 349 1751 γάρ
369 1713 494 1750 <pv-,mm
512 1696 620 1748 Ἀμὴν
638 1696 730 1749 λέγω
747 1713 801 1735 σοι
816 1713 823 1720 ·
842 1696 900 1735 ἐὰν
930 1697 978 1748 μή
994 1713 1047 1740 τις
1061 1711 1137 1748 γεν-

104 1762 190 1811 νηθῇ
225 1759 260 1803 ἐξ
285 1758 407 1803 ὕδατος
438 1759 498 1797 καὶ
528 1758 752 1810 Πνεύματος,
782 1759 819 1796 οὖ
854 1758 996 1796 δύναται
1029 1759 1137 1796 εἰσελ-

715 1823 737 1831 Ν
781 1818 795 1834 εἱ

105 1826 173 1859 θεῖν
197 1823 244 1865 εἰς
264 1821 327 1868 τὴν
353 1820 532 1872 βασιλείαν
561 1824 620 1858 τοῦ
645 1822 750 1858 Θεου.
797 1822 829 1857 O
863 1818 898 1858 δὲ
928 1819 985 1858 διὰ
1016 1818 1136 1857 τούτου

105 1871 220 1930 δηλοῖ,
248 1882 348 1921 τοῦτο’
367 1886 440 1921 ἐστι
456 1898 464 1906 ·
482 1881 523 1921 σὺ
546 1881 607 1932 μὲν
634 1880 798 1919 ἀδύνατον
828 1881 913 1919 αὐτὸ
933 1879 1000 1933 φῂς
1029 1874 1136 1918 εἶναι·

105 1943 174 1995 ἐγὼ
191 1944 226 1983 δὲ
241 1944 348 1988 οὕτως
363 1944 445 1982 αὐτὸ
465 1942 598 1995 σφόδρα
615 1942 757 1980 δυνατὸν
775 1935 862 1980 εἶναι
882 1941 974 1994 λέγω
989 1972 999 1990 ,
1015 1944 1060 1985 ὡς
1078 1940 1137 1979 καὶ

105 2007 292 2057 ἀναγκαῖον
310 1998 410 2053 εἰναι,
426 2003 486 2043 καὶ
503 2002 591 2055 μηδὲ
613 2003 754 2040 δυνατὸν
773 2003 886 2046 ἄλλως
903 2006 1069 2050 σωθῆναι.
1080 2004 1136 2042 Τὰ

105 2067 172 2121 γὰρ
187 2070 361 2119 ἀναγκαῖα
371 2097 380 2114 ,
399 2071 413 2086 ⁸
425 2065 557 2118 σφόδρα
567 2068 651 2116 ἡμῖν
663 2063 789 2102 εὔκολα
804 2064 994 2112 πεποίηκεν
1008 2068 1025 2103 ὃ
1035 2065 1136 2109 Θεός.

103 2129 149 2165 ‘H
164 2127 226 2177 μὲν
238 2127 304 2179 γὰρ
329 2125 430 2179 γηίνη
448 2126 607 2179 γέννησις
618 2129 640 2172 ἡ
656 2125 747 2164 κατὰ
761 2124 875 2178 σάρκα
894 2126 962 2164 ἀπὸ
978 2131 1037 2164 τοῦ
1056 2126 1138 2178 χοός

105 2192 177 2227 ἐστι
191 2205 198 2212 ·
216 2189 268 2228 διὸ
286 2188 345 2227 καὶ
362 2186 644 2239 ἀποτετείχισται
660 2185 704 2223 τὰ
719 2188 752 2224 ἐν
771 2192 842 2230 τοῖς
855 2188 1010 2238 οὐρανοῖς
1028 2190 1115 2238 αὐτῇ
1129 2203 1136 2210 ·

103 2249 138 2287 τί
162 2249 229 2302 γὰρ
249 2250 361 2288 κοινὸν
383 2252 426 2300 τῇ
443 2251 487 2300 γῇ
508 2248 595 2300 πρὸς
624 2247 681 2285 τὸν
709 2246 872 2300 οὐρανόν;
893 2247 1005 2294 ἐκείνη
1031 2247 1066 2285 δὲ
1098 2251 1136 2286 ἐκ

104 2311 310 2363 Πνεύματος
329 2304 433 2358 οῧσα,
451 2309 576 2363 ῥᾳδίως
597 2312 682 2359 ἡμῖν
705 2308 767 2352 τὰς
797 2309 921 2361 ἁψῖδας
939 2310 1135 2348 ἀναπετάν*

104 2389 179 2411 νυσι
211 2372 274 2416 τὰς
302 2373 385 2411 ἄνω.
406 2371 592 2409 Ἀκούσατε
617 2370 691 2409 ὅσοι
728 2375 788 2408 τοῦ
816 2369 1040 2422 φωτίσματος
1060 2371 1136 2410 ἐστὲ

103 2433 217 2477 ἐκτός·
234 2433 374 2487 φρίξατε
386 2463 395 2481 ,
413 2431 598 2475 στενάξατε
613 2447 621 2454 ·
639 2430 769 2484 φοίῗερὰ
789 2431 856 2485 γὰρ
874 2435 896 2478 ἡ
917 2431 1062 2479 ἀπειλὴ,
1077 2447 1137 2484 φο-

104 2495 191 2547 Εερὰ
206 2499 227 2542 ἢ
250 2494 435 2546 ἀπόφασις.
452 2495 530 2531 Οὐκ
552 2492 644 2541 ἔστι,
663 2493 770 2545 φησὶ,
787 2493 843 2530 τὸν
863 2493 910 2543 μὴ
927 2493 1133 2540 γεννηθέντα

105 2556 138 2600 ἐξ
153 2555 273 2597 ὕδατος
292 2555 352 2593 καὶ
371 2554 593 2604 Πνεύματος,
616 2556 777 2592 εἰσελθεῖν
801 2556 847 2596 εἷς
865 2553 928 2599 τὴν
953 2554 1132 2604 βασιλείαν

104 2620 171 2654 τῶν
193 2618 358 2669 οὐρανῶν.
383 2613 482 2652 Διότι
506 2615 544 2652 τὸ
566 2619 625 2652 τοῦ
649 2614 796 2652 θανάτου
813 2620 908 2665 φορεῖ
928 2614 1075 2664 ἔνδυμα,
1093 2615 1132 2652 τὸ

104 2679 165 2723 τῆς
194 2676 366 2729 κατάρας,
385 2675 425 2713 τὸ
444 2678 506 2721 τῆς
534 2678 661 2727 φθορᾶς
675 2689 682 2696 ·
705 2673 839 2712 οὐδέπω
871 2674 910 2711 τὸ
930 2674 1131 2712 δεσποτικὸν

104 2738 209 2776 {vaes
229 2737 420 2788 σύμὸολον·
439 2735 530 2780 ξένος
560 2735 633 2773 ἐστὶ
662 2734 722 2772 καὶ
750 2734 950 2786 ἀλλότριος·
973 2736 1034 2772 οὐκ
1058 2735 1131 2786 ἔχει

103 2800 143 2838 τὸ
170 2799 329 2850 σύνθημα
353 2798 392 2836 τὸ
428 2796 620 2848 βασιλικόν.
643 2795 731 2834 Ἐὰν
757 2795 804 2846 μή
828 2811 898 2843 τις,
929 2795 1030 2847 φησὶ,
1055 2811 1130 2847 γεν-

103 2865 189 2911 νηθῇ
209 2860 244 2905 ἐξ
263 2859 383 2902 ὕδατος
412 2858 471 2896 καὶ
491 2857 717 2909 Πνεύματος,
743 2859 780 2896 οὐ
800 2856 943 2895 δύναται
965 2859 1127 2895 εἰσελθεῖν

2095 200 2179 247 165

1196 293 1272 332 dics
1290 293 1477 347 adjiciunt,
1498 294 1603 346 idque
1620 307 1684 347 pro
1707 294 1816 333 fluxis
1839 294 1944 333 rebus
1964 296 2073 333 facere
2087 312 2106 333 a
2122 312 2182 335 vo-

1197 354 1253 391 bis
1270 365 1455 406 coguntur.
1475 355 1548 393 Nos
1565 364 1683 392 autem
1702 369 1771 393 non
1791 370 1810 392 a
1829 355 1946 404 vohis,
1972 357 2034 406 qni
2053 357 2087 393 in
2104 372 2184 408 per-

1198 415 1342 453 fectiore
1361 425 1460 454 aetate
1486 417 1582 465 estis,
1602 416 1670 454 hoc
1697 416 1923 467 requirimus,
1954 417 2050 467 quod
2075 432 2138 456 vos
2165 432 2184 455 a

1471 214 1596 244 xxtv.

1197 475 1283 514 filiis
1314 477 1443 515 vestris
1475 477 1629 528 exigitis.
1653 479 1777 528 Neque
1805 477 1898 515 enim
1928 477 2100 528 quotidie,
2123 478 2185 516 scd
2212 500 2386 540 Chrysosio-

102 549 226 595 τοῦμεν
246 544 361 591 πόνον,
381 543 457 582 ὅσον
479 546 576 595 ὑμεῖς
590 543 668 587 τοὺς
688 544 815 586 παῖδας
830 540 908 584 τοὺς
932 539 1128 591 ὑμετέρους.
1150 545 1173 573 Β
1195 536 1252 574 bis
1272 546 1411 576 tantum
1427 538 1462 576 in
1481 538 1720 590 hebdomada,
1750 538 1858 589 idque
1876 553 1937 591 per
1952 539 2097 578 brevem
2113 539 2183 578 diei
2199 552 2260 568 ¹¹¹¹ss
2288 544 2331 570 ¹1¹⁵
2356 545 2386 570 in

1197 607 1348 650 partem,
1370 608 1410 636 ut
1427 599 1587 637 laborem
1606 601 1774 649 levemus,
1790 615 1852 638 vos
1876 601 2035 638 concioni
2065 600 2186 639 adesse

2205 584 2386 611 hebdomade

2234 627 2387 654 conciona-

1197 668 1230 696 et
1244 659 1423 698 attendere
1444 660 1640 699 hortamur.
1661 660 1745 699 Ideo
1772 661 1947 713 paulatim
1973 662 2076 701 vobis
2092 662 2186 700 Scri-
2198 666 2297 694 batur.

1198 729 1386 771 pturarum
1409 721 1505 761 dicta
1521 723 1758 776 decerpimus,
1776 732 1814 766 ut
1830 738 1869 761 ea
1888 724 2027 762 facilius
2053 740 2187 777 capere,

1199 791 1231 819 ct
1245 782 1281 820 in
1301 784 1428 822 mentis
1445 794 1569 823 vestrae
1584 785 1812 838 receptaculis
1827 785 2001 838 deponere
2018 787 2165 827 valeatis
2177 818 2188 837 ,

1200 851 1305 894 atque
1323 844 1359 882 in
1375 846 1545 883 memoria
1573 847 1736 896 retinere,
1762 857 1800 885 ut
1818 847 1962 899 possitis
1983 862 2020 885 ea
2040 848 2120 886 aliis
2135 863 2189 887 re-

1200 905 1300 943 ferre.
1317 907 1395 945 Nisi
1419 908 1567 946 fortasse
1591 909 1770 962 quispiam
1797 909 1993 948 admodum
2013 911 2191 949 somnicu-

1202 966 1298 1005 losus
1318 967 1362 1005 sit
1384 977 1416 1006 et
1448 969 1599 1020 ignavus
1624 971 1845 1022 pueruloque
1865 970 2037 1008 hebetior.
2063 971 2190 1010 Dicto-

1203 1042 1284 1066 rum
1306 1028 1425 1080 itaque
1456 1030 1581 1068 seriem
1608 1031 1845 1083 arripiamus,
1869 1032 2063 1070 Nicodemo
2093 1047 2191 1070 nam-

1203 1104 1273 1140 que
1295 1090 1330 1127 in
1346 1090 1539 1129 humiliora
1555 1092 1753 1142 decidente,
1771 1102 1803 1130 et
1826 1093 1959 1131 Christi
1986 1093 2123 1131 dictum
2146 1094 2192 1132 ad

1203 1158 1378 1189 terrenam
1409 1153 1667 1203 generationem
1701 1153 1940 1206 deprimente,
1980 1169 2019 1192 ac
2053 1154 2193 1193 dicente

1158 1219 1182 1248 C
1204 1211 1425 1264 impossibile
1443 1228 1516 1251 6556
1538 1228 1655 1251 senem
1676 1214 1793 1252 denuo
1808 1215 1903 1253 nasci
1915 1245 1925 1264 ,
1950 1215 2112 1253 Christus
2129 1230 2192 1267 ge-

1204 1273 1395 1312 nerationis
1417 1274 1515 1312 illius
1530 1275 1676 1313 modum
1695 1276 1825 1314 clarius
1847 1277 2017 1329 explicat,
2036 1279 2098 1328 qui
2122 1278 2192 1315 dif-

1203 1333 1299 1371 ficile
1330 1335 1473 1385 quidem
1509 1336 1766 1388 intelligeretur
1798 1337 1843 1375 ab
1880 1352 1932 1386 eo,
1953 1339 2015 1388 qui
2043 1339 2191 1377 animali

1204 1394 1309 1433 modo
1328 1395 1596 1448 interrogasset,
1620 1407 1805 1449 possetque
1833 1408 1949 1437 tamen
1970 1400 2014 1437 ab
2039 1401 2106 1438 hac
2128 1402 2192 1438 ab-

1198 1455 1291 1507 jecta
1308 1457 1517 1507 cogitatione
1535 1458 1809 1511 interrogantem
1825 1460 1968 1510 erigere.
1985 1461 2082 1506 Quid
2097 1462 2191 1499 enim

1202 1518 1320 1556 dicit?
1339 1519 1472 1556 Amen
1497 1520 1584 1556 dico
1605 1522 1687 1566 tibi,
1713 1522 1788 1557 nisi
1816 1523 1901 1571 quis
1931 1531 2044 1559 natus
2063 1524 2193 1574 ficerit

1204 1594 1251 1617 ex
1280 1593 1385 1632 aqua
1407 1588 1444 1617 et
1462 1580 1618 1631 Spiritu,
1644 1594 1721 1617 non
1737 1589 1862 1632 potest
1894 1584 2040 1620 intrare
2067 1587 2108 1620 in
2135 1598 2193 1621 re-

1202 1655 1321 1693 gnum.
1340 1642 1417 1679 Dei
1429 1657 1443 1685 ;
1464 1640 1501 1678 id
1529 1650 1580 1679 est
1599 1657 1606 1677 :
1627 1642 1685 1678 Tu
1709 1641 1853 1692 quidem
1877 1642 1944 1680 hoc
1973 1643 2195 1696 impossibile

1205 1716 1277 1740 esse
1297 1701 1388 1740 dicis
1413 1719 1421 1739 :
1440 1715 1504 1753 ego
1524 1717 1608 1742 vero
1630 1703 1827 1741 admodum
1853 1704 2022 1756 possibile
2039 1706 2138 1755 dico,
2154 1716 2193 1744 ut

1204 1764 1311 1802 etiam
1343 1765 1579 1802 necessarium
1595 1765 1654 1814 sit,
1689 1775 1723 1803 et
1753 1766 1827 1804 sine
1859 1767 1922 1804 illo
1943 1781 2045 1805 nemo
2073 1769 2194 1808 salvus

1205 1838 1278 1862 esse
1298 1825 1421 1877 possit.
1441 1826 1645 1863 Necessaria
1674 1827 1779 1876 enim,
1796 1827 1899 1865 nobis
1929 1827 2124 1867 admodum
2143 1831 2194 1868 sa-

1202 1886 1287 1924 cilia
1307 1887 1391 1925 fecit
1412 1888 1522 1925 Deus.
1547 1888 1640 1925 Nam
1654 1897 1790 1926 terrena
1821 1888 1966 1939 quidem
1996 1892 2189 1942 generatio,

1159 1955 1183 1984 D
1203 1948 1400 1986 secundum
1421 1963 1575 1999 carnem,
1591 1964 1636 1987 ex
1662 1950 1812 2002 pulvere
1838 1959 1888 1988 est
1906 1967 1913 1987 :
1935 1962 2153 2004 quapropter
2171 1968 2193 1991 a

1204 2009 1400 2048 caelestibus
1429 2010 1490 2047 illa
1526 2010 1776 2048 intercluditur
1804 2027 1810 2047 :
1843 2011 1932 2062 quid
1958 2012 2052 2050 enim
2086 2013 2193 2052 habet

1203 2079 1296 2108 terra
1313 2085 1395 2108 cum
1422 2071 1507 2108 caelo
1536 2072 1749 2109 commune?
1771 2071 1838 2109 Illa
1870 2086 1952 2112 vero
1976 2087 2020 2110 ex
2053 2074 2191 2126 Spiritu

1202 2131 1305 2169 facile
1327 2131 1428 2170 nobis
1452 2132 1603 2170 caelestes
1628 2132 1708 2170 illos
1734 2132 1884 2171 fornices
1912 2134 2035 2185 aperit.
2064 2135 2194 2173 Audite

1202 2201 1374 2243 quotquot
1405 2192 1563 2231 nondum
1588 2192 1783 2230 illuminati
1802 2193 1884 2231 estis
1905 2209 1913 2230 ε
1943 2194 2192 2244 exhorrescite,

1206 2253 1364 2305 gemite:
1391 2253 1571 2292 tremenda
1607 2254 1742 2306 quippe
1768 2262 1818 2291 est
1845 2255 2087 2305 comminatio,
2122 2265 2191 2294 ter—

1205 2313 1325 2351 ribilis
1356 2314 1549 2364 sententia,
1583 2316 1674 2352 Non
1692 2323 1831 2366 potest,
1870 2314 1997 2365 inquit,
2025 2319 2092 2367 qm'
2114 2330 2192 2353 non

1203 2383 1318 2413 natus
1343 2384 1398 2413 est
1420 2389 1468 2412 ex
1497 2389 1604 2427 aqua
1626 2383 1664 2411 et
1687 2375 1845 2426 Spiritu,
1879 2378 2027 2412 intrare
2057 2378 2099 2412 in
2126 2390 2190 2414 re-

1200 2450 1319 2488 gnum
1346 2437 1542 2474 caelorum.
1572 2435 1667 2481 Quia
1695 2434 1821 2472 mortis
1852 2434 2101 2473 indumentum
2131 2450 2191 2488 ge-

1202 2505 1280 2544 stat,
1310 2511 1436 2548 nempe
1466 2494 1725 2533 maledictionis
1752 2503 1785 2531 et
1807 2494 2044 2546 corruptionis
2068 2512 2075 2532 :
2103 2511 2192 2535 non·

1157 2563 1178 2591 E
1200 2556 1288 2593 dum
1308 2555 1538 2594 Dominicum
1568 2554 1702 2605 accepit
1732 2554 1959 2607 symbolum5
1982 2557 2191 2608 peregrinus

1201 2625 1303 2653 estet
1331 2616 1492 2664 alienus;
1517 2628 1587 2652 non
1616 2614 1723 2652 habet
1743 2614 1884 2665 regium
1916 2614 2070 2666 signum.
2104 2620 2193 2656 Nisi

1199 2680 1284 2729 quis
1311 2685 1426 2714 natus
1442 2677 1587 2729 fuerit,
1617 2675 1746 2726 inquit,
1765 2690 1812 2713 ex
1842 2689 1947 2728 aqua
1967 2686 2003 2714 et
2029 2678 2186 2730 Spiritu,

1200 2752 1277 2775 non
1289 2746 1413 2789 potest
1431 2739 1591 2775 introire
1610 2739 1651 2774 in
1667 2751 1827 2789 regnum
1842 2740 2037 2777 coelorum.
2053 2741 2190 2779 Verum

1197 2798 1412 2837 Nicodemus
1431 2812 1542 2849 neque
1565 2797 1615 2835 sic
1635 2798 1824 2836 intellexit.
1846 2800 1948 2837 Nihil
1977 2800 2071 2838 enim
2090 2801 2186 2840 dete—

1197 2860 1317 2909 terius,
1341 2874 1447 2912 quam
1475 2859 1642 2897 humanis
1667 2859 1863 2899 ratiociniis
1885 2861 2085 2913 spiritualia
2106 2878 2186 2915 per-

104 2925 150 2967 εἰς
171 2922 233 2969 τὴν
268 2920 446 2973 βασιλείαν
479 2923 546 2958 τῶν
570 2922 735 2972 οὐρανῶν.
756 2920 845 2956 Ἀλλ’
877 2921 894 2956 ὃ
928 2918 1184 2971 Νικόδημοςω,
1197 2921 1347 2959 mittere.
1376 2921 1452 2959 Hoc
1488 2920 1688 2973 impedivit,
1716 2922 1908 2973 quominus
1940 2923 2001 2960 ille
2031 2924 2184 2962 sublime

102 2983 179 3022 οὐδὲ
199 2982 289 3021 οὕτω
321 2985 480 3028 συνῆκεν.
497 2979 607 3018 Οὐδὲν
643 2979 710 3032 γὰρ
741 2986 858 3032 χεῖρον
885 2984 944 3018 τοῦ
972 2985 1041 3022 τοῖς
1072 2981 1127 3018 λο·
1150 2982 1175 3010 Α
1197 2982 1382 3034 quidpiam
1405 2991 1438 3020 et
1460 2995 1630 3034 magnum
1660 2983 1841 3034 cogitaret.
1865 2983 1948 3022 Ideo
1978 2998 2041 3022 nos
2060 2985 2183 3024 fideles

100 3050 237 3096 γισμοῐς
255 3042 299 3081 τὰ
320 3040 540 3092 πνευματικὰ
567 3040 775 3092 ἐπιτρέπειν.
795 3041 827 3077 T
830 3042 909 3077 οῧτο
930 3039 989 3077 καὶ
1009 3044 1126 3077 τοῦτον

103 3113 163 3150 οὔκ
195 3112 324 3162 ἀφῆκεν
356 3107 486 3159 ὑψηλόν
524 3123 558 3144 τι
588 3106 647 3144 καὶ
680 3106 770 3158 μέγα
794 3109 1043 3158 φαντασθῆναι.
1062 3106 1128 3145 Διὰ

149 3251 163 3272 ¹·
186 3246 304 3280 Morel.
319 3252 438 3289 κείμενα
449 3270 456 3284 ,
471 3243 573 3277 Savil.
592 3250 752 3288 εἰρημένα,
768 3243 912 3285 idipsum
930 3251 991 3277 est,

148 3307 157 3317 ¹*
184 3297 284 3331 sax-il.
306 3305 338 3329 et
354 3298 519 3330 Manuscr.
539 3295 674 3338 quidam
694 3294 827 3337 [Codd.
850 3295 926 3336 705,
946 3295 1023 3336 706]
1042 3299 1116 3337 ἐχώ-

106 3358 184 3392 μεθα
203 3357 296 3385 τοίνυν
321 3358 373 3387 τῆς
398 3353 640 3386 αιο).ον9ιάς,....
660 3354 832 3393 εἰρημένων.
850 3353 902 3381 τοῦ
919 3353 976 3392 γὰρ
994 3350 1115 3385 Νικοδή·

107 3419 163 3443 μοι
181 3411 434 3440 καταπεσόντος..
449 3407 505 3446 ἄρα
522 3410 580 3440 πῶς
598 3404 685 3436 mlh-2
704 3404 718 3434 ὁ
736 3405 860 3445 Χριστὲς
879 3406 1111 3445 παρέπεμψα..

1198 3057 1379 3093 vocamur,
1404 3051 1443 3080 ut
1466 3043 1705 3081 humanarum
1736 3044 1914 3083 rationum
1945 3044 2189 3084 imbecillitate

1199 3113 1385 3152 contemta,
1410 3104 1455 3143 ad
1485 3104 1570 3142 fidei
1601 3104 1856 3143 sublimitatem
1892 3106 2131 3156 ascendamus,
2155 3117 2189 3145 ct

1183 3242 1367 3275 Morellium
1386 3241 1564 3285 sequimur.

1226 3295 1243 3320 d
1253 3294 1355 3329 Savil.
1367 3302 1483 3337 ἀνάγειν
1496 3301 1545 3329 τὸν
1558 3298 1713 3328 ἀκούοντα-
1735 3300 1764 3328 τί
1775 3301 1832 3339 γάρ
1848 3310 1924 3340 φησι.
1945 3295 2057 3329 Morel.
2074 3304 2188 3339 ἀναγα-

1181 3356 1238 3388 γεῖν
1250 3353 1300 3382 τὸν
1313 3351 1469 3381 ἀκούοντα.
1483 3352 1530 3380 καὶ
1545 3351 1600 3392 ὅρα
1614 3352 1642 3379 τί
1658 3361 1749 3389 φησιν.

1223 3406 1234 3419 ²
1260 3398 1359 3432 Szuil,
1382 3401 1491 3444 γροδρα
1509 3404 1555 3431 καὶ
1574 3401 1678 3431 εὔκολα.
1696 3402 1838 3433 {noi-40:⁴7.
