2481 3678
675 213 717 242 lx
755 213 959 243 summm
992 214 1127 243 ttOMtL

100 294 266 343 νομίσητε
295 294 402 346 μέγαν
431 287 516 331 εἶναι
532 294 604 344 ἐμέ.
620 297 731 333 Τοῦτο
747 295 814 348 γὰρ
829 297 956 333 ἐκεῖνον
971 294 1121 332 δείκνυσι

102 354 222 403 μέγαν.
249 354 293 393 Ὁ
321 354 388 407 γὰρ
408 354 532 406 Κύριος
549 357 616 392 τῶν
636 356 853 408 πραγμάτων
870 355 994 399 ἐκεῖνός
1017 357 1119 393 ἐστιν.

99 412 148 451 ⁰0
168 414 227 452 καὶ
255 416 368 462 δηλῶν
388 415 492 453 πάλιν
516 415 635 467 ἐπάγει
666 416 725 454 καὶ
752 416 862 468 λέγει·
889 415 933 454 ‘O
953 415 1042 467 ἔχων
1057 413 1120 460 τὴν

99 475 247 527 νύμφην,
261 475 403 527 νυμφίος
423 475 530 513 ἐστίν’
547 479 564 514 ὁ
580 476 615 515 δὲ
630 476 725 529 φίλος
739 482 798 515 τοῦ
817 476 962 528 νυμφίου
982 479 999 513 ὃ
1018 478 1121 521 ἑστη-

100 535 169 580 κὼς
193 537 252 574 καὶ
286 536 417 574 ἀκούων
446 539 569 585 αὐτοῦ,
585 545 680 591 χαρᾷ
705 538 821 591 χαίρει
840 538 897 575 διὰ
923 536 984 584 τὴν
1004 534 1119 587 φωνὴν

100 600 158 634 τοῦ
186 596 344 648 νυμφίου.
374 597 444 636 Καὶ
465 601 538 641 πῶς
551 601 568 636 ὃ
584 598 702 647 εἰπὼν,
719 601 795 636 Οὐκ
812 597 883 647 εἰμὶ
899 596 990 640 ἄξιος
1017 598 1120 634 λ’ὔσαι

101 659 202 695 αὐτοῦ
222 657 278 695 τὸν
301 658 428 708 ἱμάντα
448 663 507 697 τοῦ
538 660 780 709 ὑποδήματος,
801 657 897 710 φίλον
931 659 1034 695 αὐτοῦ
1062 662 1119 695 νῦν

99 734 200 769 φησιν
222 720 339 757 ἑαυτὸν
365 714 469 765 εἷναι;
486 723 564 757 Οὐκ
576 719 726 772 ἐπαίρων
740 719 780 757 τὸ
799 721 874 757 καθ’
891 719 1023 766 ἑαυτὸν,
1046 717 1120 757 οὐδὲ

99 780 288 829 κομπάζων
318 783 428 818 ταῦτα
448 781 562 832 λέγει,
583 780 672 818 ἀλλὰ
692 779 798 824 δεῖξαι
829 778 1049 830 ΙΒουλόμενος,
1069 779 1122 818 ὅτι

99 839 156 877 καὶ
179 840 279 883 αὐτὸς
298 845 399 880 τοῦτο
424 842 577 893 μάλιστα
608 840 766 889 σπεύδει,
788 841 846 879 καὶ
872 840 949 879 οὔτε
983 841 1123 884 ἄκοντος

103 902 206 938 αὐτοῦ
226 901 302 940 οὐδὲ
319 902 532 953 λυπουμένου
548 906 657 940 ταῦτα
673 901 816 953 γίνεται,
828 901 906 940 om?
923 904 1126 953 ἐπιθυμοῦν-

100 978 155 1005 τος
185 963 244 999 καὶ
279 964 547 1011 σπουδάζοντος,
571 962 630 1001 καὶ
657 964 709 1001 ὅτι
735 963 846 1002 ταῦτά
869 966 961 1002 ἐστιν
976 963 1062 1016 ὑπὲρ
1077 957 1124 1000 ὧν

101 1022 253 1073 μάλιστα
275 1025 389 1062 πάντα
410 1025 619 1077 ῧέπραττεν·
641 1025 662 1062 ἃ
682 1025 740 1062 καὶ
762 1024 892 1077 σφόδρα
908 1027 1054 1067 συνετῶς
1070 1024 1126 1062 διὰ

99 1088 160 1132 τῆς
178 1090 238 1123 τοῦ
269 1085 367 1138 φίλου
394 1087 628 1140 προσηγορίας
649 1085 834 1133 ἐδήλωσεν.
861 1088 914 1124 Οὐ
934 1085 1002 1139 γὰρ
1019 1085 1126 1129 οὕτως

101 1150 131 1185 οἱ
151 1147 303 1185 διάκονοι
321 1151 380 1186 τοῦ
397 1148 545 1200 νυμφίου
558 1179 567 1196 ,
587 1152 633 1191 ὡς
653 1151 684 1186 οἱ
701 1148 792 1200 φίλοι
808 1147 969 1200 χαίρουσι
997 1147 1056 1185 καὶ
1073 1149 1126 1184 εὖ-

102 1207 302 1259 φραίνονται
319 1210 353 1246 ἐν
375 1215 446 1252 τοῖς
466 1208 643 1252 τοιούτοις.
671 1211 724 1247 Οὐ
744 1208 854 1246 τοίνυν
875 1209 914 1246 τὸ
938 1207 1104 1259 ὁμότιμον
1119 1224 1126 1232 ·

103 1269 218 1320 ἄπαγε
231 1285 239 1292 ·
256 1269 346 1308 ἀλλὰ
361 1271 400 1308 τὸ
421 1270 508 1308 πολὺ
535 1274 596 1317 τῆς
617 1271 741 1317 ἡδονῆς
768 1273 991 1323 παραστῆσαι
1011 1271 1129 1320 βουλό-

103 1346 221 1380 μενος,
237 1331 311 1382 ἅμα
332 1330 367 1369 δὲ
383 1331 442 1369 καὶ
458 1331 743 1383 συγκαταὲαίνων
764 1333 875 1368 αὐτῶν
892 1333 934 1382 τῇ
957 1331 1127 1384 ἀσθενείᾳ,

106 1391 203 1442 φίλον
237 1392 353 1430 ἑαυτὸν
387 1392 479 1444 λέγει
511 1387 609 1430 εἶναι.
627 1392 729 1430 Ἐπεὶ
761 1391 820 1429 καὶ
839 1391 902 1438 τὴν
930 1390 943 1412 f
953 1391 1127 1430 διακονίαν

105 1451 245 1502 ᾐνίξατο
262 1455 310 1504 τῷ
331 1455 452 1499 εἰπεῖν,
475 1452 528 1491 ὅτι
550 1452 823 1503 Ἀπεσταλμένος
844 1452 915 1503 εἰμὶ
935 1452 1128 1504 ἔμπροσθεν

104 1510 247 1548 ἐκείνου.
275 1510 344 1548 Διὰ
366 1510 407 1557 δὴ
439 1516 549 1549 ταῦτα
572 1511 630 1549 καὶ
662 1512 702 1549 τὸ
732 1510 880 1561 νομίζειν
905 1510 1027 1552 αὐτοὺς
1048 1511 1124 1548 ἶιδοί-

103 1576 243 1611 κνεσθαι
274 1579 343 1615 τοῖς
375 1572 566 1623 γινομένοις
578 1603 587 1619 ,
619 1572 714 1624 φίλον
747 1572 866 1610 ἑαυτὸν
897 1570 1039 1609 ἐκάλεσε
1068 1574 1128 1609 τοῦ

105 1633 273 1684 νυμφίου,
289 1633 420 1677 δεικνὺς
441 1633 494 1672 ὅτι
516 1635 553 1672 οὔ
572 1634 673 1685 μόνον
697 1635 734 1671 οὐ
757 1633 939 1681 δάκνεται,
961 1633 1050 1671 ἀλλὰ
1070 1633 1129 1671 καὶ

103 1695 233 1747 σφόδρα
249 1694 378 1747 χαίρει.
401 1693 416 1714 ¹³
428 1695 528 1733 Ἐπεὶ
544 1695 654 1733 τοίνυν
675 1699 776 1733 τοῦτο
791 1693 1032 1747 παρεγενόμην
1048 1693 1129 1733 ἀνύ-

102 1772 181 1804 σαι,
200 1759 360 1794 τοσοῦτον
378 1756 499 1809 ἀπέχω
514 1760 572 1795 τοῦ
594 1759 746 1809 ἀλγῆσαι
764 1762 834 1798 τοῖς
858 1755 1108 1808 πραττομένοις
1120 1786 1129 1803 ,

100 1816 154 1855 ὅτι
174 1817 253 1855 τότε
286 1817 440 1868 μάλιστα
462 1818 501 1855 ἂν
523 1817 680 1869 ἤλγησα,
710 1819 739 1855 εἷ
770 1816 819 1868 μὴ
852 1820 953 1855 τοῦτο
981 1816 1128 1867 ἐγένετο,

102 1879 147 1916 E}
168 1877 215 1928 μὴ
238 1878 305 1930 γὰρ
325 1880 517 1930 προσῆλθεν
545 1882 567 1925 ἠ
592 1878 710 1930 νύμφη
732 1881 782 1931 τῷ
807 1877 962 1930 νυμφίῳ,
982 1877 1060 1915 τότε
1088 1877 1128 1914 ἂν

103 1940 270 1991 ἐδήχθην·
286 1940 362 1976 ἀλλ’
381 1939 459 1990 οὐχὶ
477 1942 550 1986 νῦν,
574 1939 691 1991 φησὶν,
711 1938 790 1976 ὅταν
810 1938 854 1976 τὰ
873 1937 1028 1990 ἡμέτερα
1048 1938 1129 1984 ἤνυ-

104 2016 194 2037 σται.
215 2000 285 2038 Καὶ
300 2000 367 2052 γὰρ
387 2004 455 2038 τῶν
477 2000 606 2039 ἐκείνου
615 2001 895 2053 προκοπτόντων,
908 2003 1008 2050 ἡμεῖς
1024 2002 1127 2050 ἐσμεν

104 2064 134 2098 οἱ
169 2062 446 2112 εὐδοκιμοῦντες·
480 2062 498 2100 ὃ
533 2061 600 2115 γὰρ
633 2061 865 2112 ἐὸουλόμεθα,
893 2061 1011 2113 γέγονε
1023 2091 1032 2109 ,
1068 2061 1128 2099 καὶ

103 2121 324 2173 ἐπιγινώσκει
339 2123 396 2161 τὸν
411 2122 556 2175 νυμφίον
576 2127 598 2169 ἡ
618 2122 748 2175 νύμφη.
780 2122 850 2160 Καὶ
872 2125 968 2172 ὑμεῖς
985 2121 1021 2159 δὲ
1038 2138 1127 2175 μαρ-

103 2190 237 2234 τυρεῖτε
266 2184 362 2222 αὐτοὶ
396 2184 574 2236 λέγοντες,
603 2184 655 2222 ὅτι
688 2184 820 2227 Πάντες
848 2182 1009 2235 ἔρχονται
1043 2184 1130 2236 πρὸς

104 2245 217 2283 αὐτόν.
255 2247 368 2283 Τοῦτο
396 2245 463 2297 γὰρ
498 2246 557 2283 καὶ
588 2244 815 2292 ἐσπούδαζον,
852 2244 910 2282 καὶ
942 2245 998 2282 διὰ
1028 2247 1129 2283 τοῦτο

102 2305 216 2343 πάντα
243 2306 425 2358 ἔπραττον.
472 2306 580 2345 σΟθεν
618 2305 677 2344 καὶ
718 2309 821 2344 τοῦτο
848 2309 908 2343 ν’ὗν
939 2306 1129 2352 ἐκὸεὸηκὸς

102 2370 203 2419 ὁρῶν,
222 2368 336 2420 χαίρω
355 2369 414 2407 καὶ
435 2368 632 2420 ἀγάλλομαι
652 2367 711 2405 καὶ
730 2370 873 2419 σκιρτῶ.

155 2490 202 2528 Τί
223 2490 260 2528 δέ
279 2492 385 2537 ἐστιν,
399 2490 444 2529 ‘O
465 2490 620 2537 ἑστηκὼς
647 2491 706 2529 καὶ
737 2490 872 2529 ἀκούων
893 2492 1008 2537 αὐτοῦ,
1033 2498 1128 2543 χαρᾷ

102 2551 218 2605 χαίρει
235 2551 292 2590 διὰ
312 2552 374 2599 τὴν
391 2552 506 2604 φωνὴν
523 2557 582 2589 τοῦ
602 2551 768 2603 νυμφίου,
789 2551 872 2590 Ἀπὸ
891 2554 953 2597 τῆς
972 2552 1127 2603 παραὸο-

101 2615 164 2659 λῆς
182 2613 240 2651 τὸν
254 2613 355 2664 λόγον
376 2613 570 2664 μετήγαγεν
590 2612 648 2650 ἐπὶ
666 2613 705 2650 τὸ
722 2612 962 2665 προκείμενον.
980 2613 1125 2660 Ἐπειδὴ

101 2673 168 2726 γὰρ
187 2674 335 2727 νυμφίου
353 2674 411 2711 καὶ
442 2673 578 2725 νύμφης
604 2672 862 2723 ἐμνημόνευσε,
896 2673 1078 2721 δείκνυσιν,
1103 2677 1124 2720 ἠ

99 2735 330 2787 νυμφαγωγία
350 2738 423 2778 πῶς
442 2733 593 2785 γίνεται,
610 2734 663 2772 ὅτι
677 2733 733 2771 διὰ
752 2736 866 2784 φωνῆς
887 2733 945 2770 καὶ
962 2734 1124 2771 διδασκα-

100 2796 187 2840 λίας.
213 2795 319 2835 Οὕτω
334 2794 472 2847 γὰρκαὶ
495 2797 516 2840 ἠ
535 2793 733 2841 Ἐκκλησία
749 2794 939 2846 ἁρμόζεται
956 2796 1006 2845 τῷ
1031 2795 1125 2845 Θεῷ.

100 2856 163 2894 Διὸ
182 2856 241 2895 καὶ
253 2858 391 2899 Παῦλος
407 2872 422 2893 ε
450 2871 542 2907 εγεν·
563 2854 607 2893 ‘H
623 2854 738 2898 πίστις
755 2854 790 2898 ἐξ
809 2856 931 2901 ἀκοῆς,
944 2858 966 2902 ἡ
983 2854 1019 2893 δὲ
1039 2854 1126 2902 ἀκοὴ

100 2916 156 2955 διὰ
177 2917 332 2969 ῥήματος
350 2918 451 2955 Θεοῦ.
473 2917 541 2954 Διὰ
560 2916 688 2963 ταύτην
705 2918 825 2954 οὐκοῦν
845 2915 913 2967 ἐγὼ
932 2916 1046 2969 χαίρω
1064 2916 1127 2963 τὴν

99 2978 226 3030 φωνήν.
247 2980 317 3016 Καὶ
335 2978 375 3016 τὸ
395 2977 440 3015 ‘O
460 2977 617 3025 ἑστηκὼς
643 2977 695 3026 δὲ,
715 2980 779 3030 οὐχ
807 2979 927 3021 ἁπλῶς
958 2977 1124 3024 τέθεικεν,

98 3037 189 3077 ἀλλὰ
217 3040 330 3086 δηλῶν
349 3038 402 3076 ὅτι
419 3038 464 3076 τὰ
486 3041 590 3076 αὐτοῦ
614 3038 809 3086 πέπαυται,
845 3039 904 3076 καὶ
937 3039 990 3077 ὅτι
1023 3040 1126 3077 αὐτὸν

96 3098 217 3137 λοιπὸν
233 3099 375 3138 ἑστάναι
397 3099 466 3152 χρὴ
505 3099 563 3137 καὶ
596 3100 750 3148 ἀκούειν,
770 3099 890 3151 ἐκείνῳ
922 3098 1122 3151 παραδόντα

142 3241 153 3253 ⁶
170 3235 230 3267 Alii
249 3241 406 3282 ἔπραττεν·
424 3243 580 3272 καὶταῦτα
596 3244 695 3273 πάντα
711 3241 759 3272 διὰ
773 3247 823 3276 τῆς
837 3242 888 3272 τοῦ
905 3242 999 3282 φίλου.

142 3287 154 3310 f
173 3286 274 3319 Savll·
293 3291 438 3324 διακονίαν
454 3294 596 3329 ἐδήλωσεν
614 3294 719 3330 εἰπὼν,
739 3294 795 3324 ἔτι.

174 3335 274 3372 Saxil.
301 3348 332 3372 ct
350 3341 476 3375 Boisius
499 3341 672 3386 legendum
700 3349 819 3384 putant
842 3343 994 3376 δάκνεσθαι
1021 3344 1107 3376 αὑτὸν

1137 232 1143 242 .
1185 215 1311 244 xxix.
1349 199 1411 245 al.
1448 215 1609 244 xxviii.
2093 205 2173 267 19⁶3

1194 294 1310 332 Patris
1323 296 1398 346 ejus
1415 295 1474 344 qui
1491 309 1547 332 me
1561 295 1653 332 misit
1670 296 1905 333 ministerium
1922 298 2084 334 exhibeo.
2099 300 2175 336 Non

1192 368 1276 405 crgo
1294 355 1339 392 ad
1354 356 1503 408 gratiam
1520 357 1726 394 testificatus
1741 371 1833 406 sum,
1851 358 1911 395 sed
1928 358 1965 395 id
1978 359 2071 407 dixi,
2083 361 2177 410 quod

1192 424 1231 452 ut
1241 415 1393 454 dicerem
1415 416 1542 454 missus
1567 431 1657 454 sum.
1678 418 1731 454 Ne
1747 417 1865 467 itaque
1884 432 1938 455 me
1958 432 1996 456 ea
2015 418 2059 456 de
2074 434 2177 457 causa

1142 481 1166 509 D
1192 489 1362 527 magnum
1376 491 1449 514 esse
1464 478 1594 529 putetis
1616 493 1622 514 :
1639 478 1706 515 hoc
1718 478 1810 515 enim
1826 479 1923 515 illius
1937 479 2089 517 ostendit
2104 495 2177 517 ma-

1190 535 1423 587 gnitudinem.
1461 538 1526 575 Ille
1558 552 1709 590 namque
1741 552 1859 576 rerum
1898 541 2073 578 Dominus
2107 550 2178 590 est;

1191 597 1226 634 id
1267 598 1363 649 quod
1396 613 1540 638 rursum
1573 600 1751 652 significat
1784 601 1840 638 his
1869 600 2002 639 additis
2030 603 2149 641 verbis
2170 620 2177 640 :

1191 660 1254 696 029.
1284 661 1358 710 Qui
1381 662 1497 698 habet
1525 675 1719 713 sponsam,
1743 676 1903 713 sponsus
1926 672 1980 701 est
2004 680 2012 700 :
2033 668 2179 704 amiens

1193 729 1320 758 autem
1351 725 1495 774 sponsi,
1521 726 1587 775 qui
1612 732 1689 761 stat
1713 732 1748 760 et
1771 724 1879 761 audit
1907 739 2006 771 eum,
2037 728 2180 777 gaudio

1191 783 1334 832 gaudet
1358 793 1514 835 propter
1544 799 1679 822 vocem
1707 788 1849 837 sponsi.
1882 787 2001 831 Quare
2025 787 2086 837 qui
2114 789 2177 833 ait,

1194 843 1284 879 Non
1310 857 1393 880 sum
1422 845 1574 896 dignus,
1614 855 1653 883 ut
1691 847 1840 884 solvam
1872 849 1953 898 ejus
1977 851 2181 899 corrigiam

1194 903 1461 951 calceamenti,
1485 919 1521 942 se
1540 905 1695 943 amicum
1712 906 1787 957 ejus
1807 921 1899 945 nunc.
1915 907 2030 945 dicit?
2050 910 2129 947 Non
2144 920 2182 947 ut

1195 963 1341 1001 extollat
1363 971 1396 1002 et
1418 965 1537 1003 laudet
1559 981 1615 1015 se,
1638 967 1715 1004 haee
1737 967 1847 1016 dicit3
1875 968 1936 1006 sed
1962 979 1999 1006 ut
2024 970 2182 1008 ostendat

1197 1022 1232 1061 id
1251 1038 1286 1061 se
1302 1025 1458 1063 maxime
1486 1041 1625 1073 curare,
1647 1042 1758 1079 neque
1776 1043 1812 1066 se
1835 1029 1948 1067 invito
1966 1030 2021 1068 vel
2045 1031 2183 1069 nolente

1196 1085 1270 1122 hsce
1287 1085 1379 1133 fieri,
1403 1087 1464 1125 sed
1481 1088 1674 1126 admodum
1704 1090 1866 1142 cupiente
1885 1100 1917 1128 et
1938 1103 2183 1143 promovente,

1196 1155 1228 1183 et
1246 1145 1311 1184 hae
1329 1147 1373 1184 de
1393 1162 1496 1186 causa
1517 1164 1554 1186 se
1573 1150 1690 1187 omnia
1711 1151 1848 1199 fecisse3
1871 1152 1968 1202 quod
1990 1153 2184 1192 admodum

1148 1219 1171 1247 Ε
1196 1206 1388 1258 prudenter
1407 1210 1511 1247 amici
1532 1211 1672 1249 nomine
1686 1211 1912 1262 significavit.
1931 1215 2009 1251 Non
2025 1215 2118 1253 enim
2136 1217 2183 1253 ita

1198 1269 1289 1307 servi
1310 1271 1440 1322 sponsi,
1462 1280 1501 1309 ut
1520 1272 1624 1309 amici
1648 1272 1815 1323 gaudent,
1834 1283 1940 1324 atque
1953 1275 2009 1312 his
2026 1276 2061 1313 in
2078 1277 2183 1315 rebus

1196 1329 1372 1368 laetantur.
1395 1333 1472 1369 Non
1493 1346 1575 1383 ergo
1599 1347 1634 1370 se
1659 1333 1790 1372 honore
1816 1335 1987 1385 aequalem
2006 1335 2106 1385 dicit,
2122 1338 2185 1375 ab-

1198 1392 1263 1442 sit,
1286 1392 1347 1430 sed
1362 1402 1401 1430 ut
1419 1393 1541 1444 gaudii
1558 1394 1611 1432 sui
1632 1395 1919 1445 magnitudinem
1942 1397 2114 1448 declaret,
2130 1409 2183 1437 at·

1138 1480 1185 1504 153
1197 1466 1265 1502 que
1278 1462 1317 1489 ut
1337 1467 1372 1490 se
1387 1467 1508 1491 eorum
1525 1454 1725 1492 infirmitati
1741 1465 1962 1508 attemperet,
1981 1460 2134 1497 amicum
2148 1475 2184 1498 se

1150 1518 1174 1546 Λ
1197 1512 1295 1550 dicit.
1324 1514 1566 1552 Ministerium
1589 1515 1722 1566 quippe
1748 1516 2007 1568 subindicavit,
2029 1535 2109 1558 cum
2130 1521 2184 1559 di-

1199 1575 1265 1619 xit,
1282 1588 1317 1612 se
1335 1575 1484 1613 missum
1508 1576 1617 1613 fuisse
1632 1586 1711 1614 ante
1727 1576 1841 1614 illum.
1863 1578 1998 1617 Idcirco
2010 1582 2106 1631 quod
2118 1598 2185 1634 pu-

1197 1645 1285 1673 taret
1301 1636 1381 1674 illos
1400 1636 1476 1673 haec
1497 1651 1589 1688 segre
1608 1638 1711 1685 ferre,
1733 1653 1768 1676 se
1786 1640 1940 1678 amicum
1961 1643 2078 1693 sponsi
2099 1643 2187 1682 dicit

1198 1711 1290 1747 csse,
1311 1697 1497 1736 ostendens
1521 1713 1557 1737 se
1576 1713 1644 1736 non
1669 1699 1774 1737 inodo
1794 1715 1863 1739 non
1889 1716 1980 1753 :egre
2001 1704 2109 1752 ferre,
2128 1705 2188 1743 sed

1196 1755 1391 1794 admodum
1418 1756 1583 1808 gaudere.
1617 1758 1710 1804 Quia
1739 1759 1849 1810 igitur
1876 1761 1943 1799 hoc
1967 1764 2188 1814 perfecturus

1198 1816 1346 1866 adveni,
1380 1827 1520 1855 tantum
1553 1819 1650 1856 abest
1683 1829 1721 1857 ut
1753 1820 1797 1859 de
1824 1822 1931 1873 gestis
1963 1823 2120 1872 doleam,
2149 1835 2187 1862 ut

1197 1876 1356 1913 maximo
1395 1890 1543 1915 moerore
1581 1878 1741 1917 afficerer
1750 1910 1761 1929 1,
1798 1881 1827 1918 si
1865 1896 1933 1919 non
1976 1882 2109 1920 fierent.
2148 1884 2187 1922 Si

1197 1950 1324 1989 sponsa
1351 1936 1397 1974 ad
1418 1952 1587 1989 sponsum
1609 1953 1676 1977 non
1691 1941 1887 1991 accederet,
1905 1952 1987 1981 tune
2003 1943 2182 1993 dolerem;

1199 2011 1267 2035 non
1315 2011 1398 2036 vero
1439 2012 1550 2047 nunc,
1590 2014 1671 2037 cum
1711 2011 1829 2040 nostra
1866 2005 2040 2056 completa
2087 2016 2180 2045 sunt.

1200 2059 1290 2096 Nam
1302 2073 1384 2096 eum
1403 2073 1457 2097 res
1476 2061 1552 2112 ejus
1572 2071 1664 2099 recte
1678 2063 1873 2114 procedunt
1886 2095 1895 2113 ,
1915 2075 2000 2105 tunc
2019 2082 2082 2105 nos
2101 2084 2186 2121 pro-

1199 2133 1299 2171 spere
1329 2121 1493 2172 agimus;
1524 2122 1605 2172 quia
1636 2123 1732 2173 quod
1758 2125 1965 2165 volebamus
1992 2130 2125 2178 evenit,
2154 2141 2190 2168 et·

1199 2194 1326 2232 sponsa
1353 2196 1522 2233 sponsum
1545 2184 1715 2235 agnoscit.
1735 2184 1782 2223 Et
1800 2200 1864 2225 vos
1886 2188 1954 2238 ipsi
1975 2188 2041 2227 hoe
2060 2192 2185 2228 testifi-

1200 2243 1328 2280 camini
1358 2257 1440 2281 cum
1471 2243 1609 2294 dicitis,
1648 2247 1787 2285 Omnes
1813 2252 1974 2287 veniunt
2002 2253 2056 2288 ad
2082 2266 2180 2289 eum.

1153 2309 1174 2339 Β
1202 2304 1277 2343 Hoc
1301 2305 1396 2344 enim
1427 2306 1618 2355 curabam,
1642 2317 1675 2345 et
1699 2323 1739 2346 ea
1760 2308 1804 2346 de
1828 2324 1932 2348 causa
1962 2313 2078 2349 omnia
2106 2314 2183 2350 feci.

1201 2366 1319 2412 Quare
1343 2381 1425 2405 cum
1450 2366 1542 2405 illud
1561 2368 1635 2419 jam
1654 2369 1810 2407 evenisse
1826 2370 1980 2422 videam,
2003 2373 2138 2422 gaudeo
2152 2382 2184 2411 et

1198 2428 1349 2465 exsulto.

1251 2490 1287 2525 5.
1318 2488 1417 2534 Quid
1434 2503 1518 2527 vero
1539 2489 1716 2540 significat
1735 2490 1840 2537 illud,
1860 2494 1934 2543 Qui
1949 2503 2027 2532 stat
2043 2504 2079 2533 et
2114 2511 2182 2535 atc-

1198 2550 1256 2585 dit
1271 2562 1370 2594 eum,
1385 2549 1528 2599 gaudio
1541 2550 1685 2600 gaudet
1700 2560 1854 2603 propter
1870 2567 2005 2592 vocem
2025 2561 2154 2608 sponsi
2167 2563 2183 2595 9

2258 2511 2386 2540 Ecelesm

2237 2554 2386 2589 quomodo

2282 2604 2384 2631 sponsa

1198 2609 1256 2646 Ex
1276 2609 1445 2659 parabola
1460 2608 1506 2645 ad
1524 2623 1598 2646 rem
1617 2611 1835 2662 propositam
1855 2627 2051 2654 sermonem
2072 2627 2182 2657 trans·
2198 2633 2306 2662 cufim
2328 2635 2385 2663 sat.

1196 2670 1290 2707 tulit.
1308 2669 1401 2715 Quia
1426 2669 1519 2707 enim
1539 2684 1706 2722 sponsum
1722 2681 1755 2710 et
1771 2688 1935 2726 sponsam
1959 2681 2183 2729 memoravit,

1199 2732 1350 2770 ostendit
1380 2732 1558 2783 quomodo
1591 2735 1767 2785 sponsalia
1802 2737 1891 2776 fiant
1925 2755 1933 2775 :
1967 2755 2029 2792 per
2062 2757 2182 2781 vocem

1198 2808 1323 2846 nempe
1351 2803 1457 2845 atque
1486 2794 1684 2834 doctrinam
1705 2812 1713 2834 ε
1734 2797 1782 2836 ita
1807 2800 1902 2838 enim
1934 2802 2091 2842 Ecclesia
2121 2805 2183 2843 de-

1198 2855 1391 2907 spondetur
1405 2857 1490 2894 Deo.
1514 2856 1652 2895 Idcirco
1668 2859 1800 2898 Paulus
1815 2861 1955 2902 dicebat
1975 2881 1981 2901 :
2005 2867 2122 2905 Fides
2135 2882 2182 2905 ex
2197 2884 2223 2911 p

2215 2896 2283 2912 (0111.
2310 2896 2354 2914 10.

1198 2918 1349 2963 auditu,
1360 2919 1515 2956 auditus
1529 2927 1658 2956 autem
1668 2933 1738 2971 per
1751 2925 1909 2961 verbum
1922 2927 2011 2964 Dei.
2029 2927 2103 2966 Hae
2117 2942 2181 2979 ego
2202 2935 2246 2962 ¹7·

1197 2992 1283 3015 voce
1299 2977 1445 3029 gaudeo.
1461 2978 1558 3016 Illud
1576 2993 1680 3030 vero,
1700 2983 1774 3032 Qui
1787 2992 1878 3031 stat,
1903 3000 1972 3024 non
1988 2987 2063 3026 sine
2076 3002 2180 3026 causa

1197 3038 1316 3090 posuit
1329 3068 1340 3087 ,
1365 3038 1427 3076 sed
1445 3047 1483 3076 ut
1504 3039 1721 3090 ostenderet,
1742 3057 1797 3081 res
1817 3058 1897 3082 suas
1924 3048 2131 3097 cessavisse,
2147 3058 2180 3086 et

1197 3098 1265 3137 sibi
1279 3099 1355 3151 jam
1383 3098 1548 3137 standum
1567 3109 1600 3138 et
1619 3101 1837 3143 audiendum
1866 3119 1961 3157 esse,
1989 3122 2030 3145 ac
2053 3123 2180 3160 sponso

1215 3241 1232 3267 b
1255 3236 1371 3270 Morel.
1390 3243 1452 3273 ἐπεὶ
1463 3244 1556 3272 τοίνυν
1564 3244 1651 3273 τοῦτο
1664 3249 1868 3285 παρεγενόμην
1882 3246 1993 3278 ἀνύσαι.
2014 3249 2062 3277 καὶ
2076 3253 2178 3279 τοσοῦ-

1173 3305 1232 3324 τον.
1247 3290 1349 3323 Savil.
1365 3291 1463 3332 [cum
1476 3290 1585 3325 Codd.
1606 3293 1681 3333 705,
1691 3294 1768 3335 706]
1783 3299 1869 3328 τοῦτο
1885 3301 1941 3340 γὰρ
1955 3299 2043 3334 ἦλθον
2055 3300 2156 3331 ἀνύσαι
2169 3325 2176 3337 ,

1174 3349 1252 3386 φησὶ,
1272 3348 1319 3377 καὶ
1334 3348 1471 3378 τοσοῦτον
1488 3349 1540 3377 ἀπ.
1560 3343 1685 3375 Morelli
1697 3346 1792 3377 series
1809 3345 1928 3379 clarior
1942 3359 2009 3380 esse
2028 3347 2177 3392 xideturg

1175 3393 1327 3437 idemque
1345 3402 1393 3427 est
1410 3393 1586 3437 utrobique
1604 3406 1725 3428 seusus.
