2481 3678
63 508 156 536 llcbr.
179 515 225 535 10.

63 550 113 578 28.
135 557 185 587 29.

266 155 356 202 5ιῦ

261 253 419 303 quinant,
439 265 479 290 ae
504 252 532 290 si
556 251 806 301 discinderent,
820 251 1038 304 puniuntur:
1055 249 1144 300 quid
1173 249 1238 287 mi-

262 329 341 352 rum
362 315 391 353 si
413 315 438 352 ii
462 315 524 365 qui
552 314 736 352 immundo
763 314 881 352 animo
900 312 968 350 hoe
990 325 1119 364 eorpus
1149 311 1242 350 acci-

261 376 375 428 piunt,
391 375 483 413 idem
499 376 646 414 subeant
664 375 895 428 supplicium,
913 373 1008 425 quod
1029 374 1054 411 ii
1077 373 1139 424 qui
1152 372 1244 411 illud

262 451 390 490 corpus
418 438 529 476 clavis
552 436 834 475 transfixerunt?
850 435 945 475 Vide
965 449 1074 487 quam
1089 434 1246 473 terribile
1270 446 1294 476 C

264 500 396 537 Paulus
433 500 599 537 exhibeat
627 498 1037 551 supplicium:Irritam
1067 499 1152 549 quis
1183 499 1246 547 sa-

264 564 366 600 ciens
385 562 500 612 legem
523 562 669 608 Δίῳ-εἱ,
689 562 772 597 sine
790 559 875 596 nlla
892 559 1137 595 miseratione
1153 558 1246 594 duo-

266 624 334 660 bus
354 623 420 659 vel
438 624 556 659 tribus
579 622 736 658 testibus
752 621 915 657 moritur
932 634 942 654 .·
962 627 1108 671 quanto
1125 621 1247 669 magis

261 685 409 733 putatis
425 683 613 719 deteriora
631 683 764 718 mereri
781 680 984 731 supplicia,
1010 680 1077 731 qui
1099 678 1247 716 Filium

264 744 341 780 Dei
373 744 657 781 conculcaverit
672 772 682 788 ,
702 750 737 779 et
768 743 996 792 sangninem
1028 742 1247 777 testamenti

260 805 452 855 pollutum
468 805 634 849 du.1·erit‚
654 805 695 840 in
711 816 786 855 quo
803 801 1068 853 sanctificatus
1085 804 1165 838 est?
1184 802 1245 838 At-

261 865 448 903 tendamus
479 864 588 915 igitur
615 864 715 902 nobis
744 863 843 916 ipsis,
863 861 1003 910 dilecti,
1027 875 1108 899 eum
1141 861 1246 899 tantis

261 925 424 963 fruamur
436 924 539 962 bonis
549 940 559 973 ;
581 934 707 962 etcum
721 933 824 975 turpe
838 921 1022 974 quidpiam
1044 920 1141 972 loqui
1158 922 1244 959 sub-

262 986 288 1023 it
309 986 482 1035 animum,
502 985 559 1023 vel
587 984 727 1035 quando
756 984 822 1033 ira,
841 983 898 1022 vel
928 995 1040 1034 pravo
1073 981 1244 1033 quopiam

261 1047 386 1084 affeetu
407 1061 468 1084 nos
484 1046 614 1097 corripi
630 1045 816 1091 cernimus,
837 1042 1023 1080 nobiseum
1044 1050 1248 1093 reputemus

261 1107 393 1157 quibus
423 1106 559 1157 dignati
581 1106 691 1143 simus
720 1103 913 1151 benefieiis,
933 1117 1038 1153 quem
1071 1102 1248 1154 Spiritum

260 1167 510 1219 acceperimus.
526 1167 610 1203 Haec
625 1165 791 1216 cogitatio
813 1173 950 1202 nostros
965 1162 1177 1215 temperabit
1192 1162 1246 1199 af·
1273 1176 1298 1206 ι)

261 1229 382 1266 fectus.
407 1228 601 1277 Quousque
617 1226 712 1263 enim
724 1225 830 1262 rebus
843 1223 1078 1276 praesentibus
1094 1222 1247 1260 haerebi-

262 1289 369 1326 mus?
388 1302 571 1338 quousque
593 1301 662 1324 non
682 1285 949 1324 excitabimur?
969 1298 1153 1335 quousque
1169 1283 1248 1321 nul-

734 172 767 201 S.
806 168 991 201 JOANNIS
1026 167 1270 199 CHRYSOST.

262 1353 333 1389 lam
363 1351 488 1389 salutis
518 1360 647 1388 nostrae
680 1363 804 1387 curam
838 1348 1082 1386 habebimus?
1107 1347 1250 1399 Cogite—

263 1428 340 1450 mus
359 1413 574 1463 quibusnam
607 1425 670 1449 nos
694 1412 790 1448 Deus
823 1410 992 1461 dignatus
1024 1409 1085 1459 sit,
1118 1408 1249 1461 gratias

262 1489 423 1525 agamus,
443 1473 595 1525 gloriam
609 1473 816 1522 referamus,
836 1485 906 1509 non
923 1470 1029 1509 modo
1043 1485 1106 1522 per
1122 1469 1246 1520 fidem,

264 1537 326 1574 sed
339 1536 446 1573 etiam
458 1550 521 1587 per
534 1549 656 1586 opera:
673 1542 713 1571 ut
725 1535 845 1570 futura
862 1545 1121 1582 consequamur
1137 1532 1245 1580 bona,

265 1597 379 1647 gratia
401 1605 435 1633 et
455 1595 673 1646 benignitate
691 1593 837 1631 Domini
854 1593 965 1631 nostri
988 1594 1072 1632 Jesu
1096 1591 1246 1642 Christi,

266 1657 411 1707 (pnicum
450 1655 545 1693 Patri
578 1655 706 1706 gloria,
734 1669 802 1691 una
833 1669 915 1692 eum
944 1663 1063 1692 sancto
1097 1653 1248 1705 Spiritu,

268 1731 359 1755 nune
382 1726 413 1754 et
436 1731 573 1768 semper
595 1724 628 1753 et
656 1716 691 1753 in
721 1716 848 1753 saecula
867 1715 1091 1753 saeculorum.
1120 1716 1244 1752 Amen.

1275 1786 1297 1816 E

316 2230 328 2244 ι
353 2216 453 2250 Savil.
472 2218 553 2250 οὐδὲν
578 2219 704 2251 ἀπεικός.
732 2210 847 2244 Morel.
873 2215 901 2246 τί
917 2216 1055 2251 ἀπεικός,
1072 2216 1105 2242 et
1129 2209 1175 2242 sic
1198 2207 1276 2252 legit

268 2271 462 2304 Franciscus
478 2267 639 2300 Aretinus.

1315 168 1502 198 Ancmffl‘
1511 188 1521 198 .
1557 166 1911 198 CONSTANTINOP.

1313 249 1388 288 λεά.
1408 251 1499 289 Ἀλλ’
1516 250 1634 302 ὥσπερ
1651 250 1724 288 ἐστὶ
1741 250 1834 302 μέγα
1853 249 1912 288 καὶ
1932 251 2147 300 θαυμαστὸν,
2172 251 2278 294 οὕτως
2297 252 2337 288 ἂν

1318 309 1380 362 μὲν
1397 310 1485 362 μετὰ
1499 310 1734 363 καθαρότητος
1750 310 1954 364 προσέλθῃς,
1972 313 2018 355 εἷς
2049 310 2223 364 σωτηρίαν
2238 325 2346 362 προσ-

1318 374 1419 419 ἧλθες
1435 388 1442 396 ·
1471 371 1510 410 ἂν
1541 371 1576 410 δὲ
1603 372 1690 422 μετὰ
1709 375 1860 424 πονηροῦ
1887 372 2101 420 συνειδότος,
2127 373 2174 415 εἷς
2202 371 2344 410 κόλασιν

1321 433 1380 472 καὶ
1399 431 1587 486 τιμωρίαν.
1606 431 1650 472 Ὁ
1666 432 1732 484 γὰρ
1756 432 1892 482 ἐσθίων,
1919 432 2025 485 φησὶ,
2054 432 2114 471 καὶ
2153 431 2260 470 πίνων
2288 434 2345 470 ἀν-

1322 494 1424 540 αξίως
1441 499 1502 532 τοῦ
1525 493 1674 545 Κυρίου,
1691 493 1804 546 κρίμα
1827 496 1938 547 ἑαυτῷ
1964 494 2070 533 ἐσθίει
2090 494 2149 532 καὶ
2175 492 2276 531 πίνει.
2300 493 2345 531 Εἰ

1321 555 1433 593 τοίνυν
1453 559 1483 593 οἱ
1506 558 1687 608 ῥυποῧντες
1706 554 1770 601 τὴν
1793 554 1972 608 πορφύραν
1990 554 2052 602 τὴν
2076 552 2259 606 βασιλικὴν
2279 569 2343 592 κο-

1321 616 1481 661 λάζονται
1497 616 1641 668 ὁμοίως,
1664 615 1782 669 ὥσπερ
1798 617 1827 655 οἱ
1848 616 2132 669 διαῤῥηγνύντες·
2160 615 2218 653 ῧιτί
2241 617 2343 653 ἀπει-

1321 677 1379 721 κὸς
1398 677 1467 725 καὶ,
1483 677 1560 722 τοὺς
1581 677 1767 731 ἀκαθάρτῳ
1785 676 1920 730 διανοίᾳ
1937 676 2142 729 δεχομένους
2160 678 2199 716 τὸ
2219 679 2321 728 σῶμα
2333 707 2341 722 ,

1320 739 1383 786 τὴν
1407 738 1513 785 αὐτὴν
1533 743 1717 790 ὑπομεῖναι
1741 737 1912 792 τιμωρίαν
1939 744 2010 782 τοῖς
2035 738 2119 776 αὐτὸ
2138 736 2343 791 διαῤῥήξασι

1322 800 1377 838 διὰ
1392 803 1460 838 τῶν
1478 799 1571 846 ἥλων
1584 816 1593 847 ;
1604 798 1701 852 ιὈρα
1716 804 1796 852 γοῦν
1813 801 1887 842 πῶς
1903 798 2051 852 φοὸερὰν
2069 798 2191 842 ἔδειξεν
2206 801 2223 836 ὁ
2240 800 2342 836 Παῦ-

1320 863 1377 904 λος
1403 860 1466 908 τὴν
1483 860 1637 909 κόλασιν,
1667 859 1791 899 εἰπών·
1814 860 1999 907 Ἀθετήσας
2026 875 2077 902 τις
2107 859 2211 911 νόμον
2232 861 2341 898 Μωϋ-

1322 921 1428 971 σέως,
1456 922 1565 976 χωρὶς
1589 924 1777 975 οἰκτιρμῶν
1808 921 1866 961 ἐπὶ
1894 922 1988 960 δυσὶν
2015 921 2150 974 ἢτρισὶ
2172 920 2341 973 μάρτυσιν

1322 983 1550 1029 ἀποθνήσκει·
1565 983 1664 1036 πόσῳ
1679 1013 1688 1031 ,
1707 985 1854 1032 δοκεῖτε,
1869 983 2022 1037 χείρονος
2043 982 2271 1029 ἀξιωθήσεται
2292 998 2341 1021 τιῃ

1322 1044 1473 1095 μωρίας,
1493 1047 1511 1082 ὁ
1526 1045 1586 1082 τὸν
1615 1044 1700 1083 Υἱὸν
1722 1049 1781 1083 τοῦ
1808 1047 1900 1084 Θεοῦ
1925 1044 2197 1093 καταπατήσας,
2225 1044 2284 1082 καὶ
2303 1045 2342 1082 τὸ

1323 1099 1411 1154 αἷμα
1432 1107 1495 1150 τῆς
1521 1105 1688 1151 διαθήκης
1713 1107 1825 1144 κοινὸν
1845 1105 2062 1157 ἡγησάμενος
2079 1108 2112 1144 ἐν
2133 1099 2161 1157 ᾧ
2180 1105 2346 1157 ἠγιάσθη;

1323 1163 1560 1216 Προσέχωμεν
1594 1164 1705 1203 τοίνυν
1749 1168 1906 1213 ἑαυτοῖς,
1942 1165 2137 1217 ἀγαπητοὶ,
2182 1164 2344 1216 τοιούτων

1324 1224 1556 1268 ἀπολαύοντες
1576 1228 1713 1277 ἀγαθῶν
1728 1241 1736 1249 ·
1761 1226 1821 1264 καὶ
1844 1225 1925 1263 ὅταν
1953 1227 2175 1277 βουληθῶμεν
2203 1226 2346 1279 αἰσχρόν

1323 1303 1357 1324 τι
1391 1288 1511 1335 εἰπεῖν,
1537 1285 1559 1333 ἢ
1592 1286 1913 1341 συναρπαζομένους
1945 1285 2085 1330 ἑαυτοὺς
2115 1286 2243 1338 ἴδωμεν
2280 1287 2346 1325 ὑπὸ

1323 1350 1447 1402 ὀργῆς,
1469 1347 1491 1394 ἢ
1512 1348 1628 1401 ἑτέρου
1657 1349 1746 1392 τινὸς
1771 1348 1924 1387 τοιούτου
1947 1348 2097 1396 πάθους,
2124 1347 2346 1400 λογισώμεθα

1322 1409 1425 1448 τίνων
1447 1408 1724 1460 κατηξιώθημεν,
1740 1409 1819 1449 ὅσου
1846 1409 2050 1460 Πνεύματος
2072 1408 2324 1460 ἀπηλαύσαμεν
2337 1425 2344 1432 ·

1324 1470 1383 1508 καὶ
1418 1469 1542 1509 ιἜσται
1573 1471 1812 1525 σωφρονισμὸς
1842 1474 1926 1521 ἡμῖν
1952 1473 2021 1509 τῶν
2054 1469 2189 1521 ἀλόγων
2223 1471 2343 1508 παθῶν

1323 1526 1417 1575 οὗτος
1436 1535 1454 1570 ὁ
1469 1531 1644 1584 λογισμός,
1663 1531 1780 1584 Μέχρι
1795 1531 1863 1586 γὰρ
1880 1531 1969 1575 τίνος
1986 1537 2057 1575 τοῖς
2070 1535 2217 1584 παροῦσι
2240 1546 2344 1584 προσ-

1323 1592 1512 1644 ηλώμεοα;
1533 1592 1639 1646 μέχρι
1663 1592 1755 1636 τίνος
1775 1594 1812 1631 οὗ
1837 1592 2096 1645 διεγειρόμεθα,
2122 1591 2226 1644 μέχρι
2253 1591 2343 1634 τίνος

1323 1657 1360 1693 οὐ
1382 1653 1604 1707 φροντίζομεν
1632 1656 1693 1700 τ’ῆς
1724 1655 1853 1691 ἑαυτῶν
1882 1653 2074 1706 σωτηρίας,
2101 1652 2344 1702 Ἐννοήσωμεν

1323 1715 1423 1753 τίνων
1457 1719 1551 1765 ἡμᾶς
1582 1714 1795 1761 κατηξίωσεν
1828 1717 1845 1752 ὁ
1878 1714 1988 1761 Θεὸς,
2024 1713 2344 1766 εὖχαριστήσωμεν,

1325 1775 1537 1826 δοξάσωμεν,
1560 1776 1608 1827 μὴ
1629 1775 1686 1814 διὰ
1704 1775 1852 1818 πίστεως
1869 1774 1982 1826 μόνον,
2008 1775 2097 1812 ἀλλὰ
2116 1774 2174 1812 καὶ
2197 1773 2253 1812 διὰ
2276 1777 2344 1812 τῶν

1323 1836 1430 1889 ἔργων
1447 1839 1557 1875 αὐτῶν
1568 1852 1575 1860 ·
1591 1836 1646 1874 ἵνα
1664 1837 1806 1874 καὶτῶν
1837 1835 2032 1886 μελλόντων
2062 1837 2199 1887 ἀγαθῶν
2227 1834 2345 1874 ἐπιτύ-

1322 1915 1454 1951 χωμεν,
1475 1899 1595 1951 χάριτι
1635 1898 1694 1936 καὶ
1722 1896 1965 1950 φιλανθρωπίᾳ
1996 1901 2056 1935 τοῦ
2089 1896 2217 1949 Κυρίου
2244 1898 2345 1946 ἡμῶν

1324 1963 1438 2008 Ἰησοῦ
1459 1963 1633 2012 Χριστοῦ,
1661 1961 1734 2010 μεθ’
1773 1952 1810 1996 οὗ
1829 1961 1879 2009 τῷ
1899 1956 2051 2010 Πατρὶὴ
2073 1957 2166 2004 δόξα,
2193 1956 2266 2008 ἅμα
2292 1959 2342 2008 τῷ

1325 2022 1411 2074 ἁγίῳ
1439 2022 1644 2073 Πνεύματι,
1669 2025 1727 2059 νῦν
1757 2020 1816 2058 καὶ
1845 2018 1918 2066 ἀεὶ,
1948 2019 2008 2057 καὶ
2036 2021 2082 2062 εἷς
2112 2016 2190 2061 τοὺς
2218 2019 2346 2059 αἰῶνας

1324 2089 1392 2124 τῶν
1411 2083 1556 2125 αἰώνων.
1575 2083 1697 2135 Ἀμήν.

1386 2207 1402 2231 ¹³
1427 2204 1488 2239 Alii
1506 2210 1580 2240 ἔστω
1594 2211 1803 2252 σωφρονισμόε.
1822 2204 1918 2245 [Aule
1935 2201 2037 2235 Savil.
2058 2206 2117 2235 οἵου
2136 2202 2258 2243 maagal

565 2512 774 2550 HOMILIA
800 2510 956 2549 XVLII.

275 2639 365 2675 Cap,
384 2637 450 2676 VI.
472 2650 507 2675 v.
527 2636 590 2673 55.
615 2637 728 2673 Dixit
757 2648 844 2686 ergo
865 2635 919 2671 eis
952 2633 1065 2670 Jeszcs
1080 2646 1090 2668 .·
1108 2629 1252 2675 Amen,

328 2712 441 2736 arnen
454 2698 540 2734 dico
550 2699 755 2748 vohisflnisi
764 2695 1089 2733 manducaveritis
1100 2705 1257 2730 carnem

330 2761 426 2798 Filii
439 2760 603 2795 hominis
615 2767 649 2795 et
663 2759 828 2795 biberitis
838 2759 920 2809 ejus
935 2756 1256 2806 sanguinem,non

330 2822 517 2859 habebitis
533 2821 658 2855 vitam
684 2826 867 2856 aeternam
884 2820 926 2855 in
951 2818 1072 2854 vobis.
1091 2815 1160 2853 54.
1183 2814 1258 2863 Qui

331 2890 460 2920 autem
505 2881 714 2917 manducat
751 2893 873 2917 meam
895 2892 1064 2924 carnem,
1097 2885 1133 2914 et
1165 2877 1258 2913 bibit

331 2956 457 2980 meum
472 2943 709 2992 sanguinem,
721 2941 834 2977 habet
850 2943 973 2977 vitam
987 2942 1028 2976 in
1041 2940 1253 2988 semetipso.

333 3068 347 3102 1
363 3095 369 3102 .
403 3065 495 3101 Cum
511 3062 556 3101 (le
577 3062 682 3099 rebus
699 3061 945 3113 spiritualibus
961 3060 1182 3109 disserimus,
1202 3060 1256 3097 ni-

1698 2505 1875 2542 OMlAlA
1904 2502 1958 2553 μζ’
1967 2532 1974 2540 .

1329 2618 1437 2663 Εἶπεν
1457 2619 1513 2663 οὖν
1537 2627 1649 2668 αὐτοῖς
1668 2627 1685 2662 ὃ
1708 2622 1841 2670 Ἰησοῦς
1857 2639 1864 2647 ·
1886 2622 1993 2675 ἀμὴν,
2013 2622 2106 2674 ἀμὴν
2135 2621 2227 2672 λέγω
2254 2623 2347 2670 ὑμῖν,

1381 2687 1438 2725 ἐὰν
1464 2686 1512 2737 μὴ
1532 2686 1663 2738 φάγητε
1684 2686 1745 2732 τὴν
1766 2685 1879 2737 σάρκα
1895 2689 1954 2723 τοῦ
1970 2685 2054 2722 Υἱοῧ
2072 2687 2131 2721 τοῦ
2153 2682 2348 2735 ἀνΟρώπου,

1381 2746 1439 2785 καὶ
1458 2747 1560 2794 πίητε
1581 2749 1686 2784 αὐτοῦ
1705 2746 1744 2784 τὸ
1768 2741 1856 2797 αἷμα
1868 2776 1878 2793 ,
1901 2746 1963 2782 οὐκ
1983 2745 2080 2796 ἔχετε
2100 2743 2193 2790 ζωὴν.
2211 2742 2347 2780 αἰώνιον

1383 2809 1415 2845 ἐν
1433 2809 1575 2850 ἑαυτοῖς.
1588 2807 1632 2846 Ὁ
1647 2806 1682 2844 δὲ
1698 2807 1840 2859 τρώγων
1857 2821 1921 2856 μου
1936 2804 2000 2850 τὴν
2016 2805 2129 2856 σάρκα
2143 2834 2151 2852 ,
2167 2803 2225 2841 καὶ
2240 2802 2347 2840 πίνων

1380 2884 1447 2920 μου
1469 2869 1508 2907 τὸ
1527 2863 1613 2920 αἷμα
1625 2899 1635 2918 ,
1652 2869 1725 2921 ἔχει
1744 2867 1834 2914 ζωὴν
1849 2869 1884 2905 ἓν
1905 2869 2031 2919 ἑαυτῷ.

1382 3059 1496 3098 (Όταν
1512 3058 1589 3111 περὶ
1605 3058 1848 3108 πνευματικῶν
1864 3055 2100 3106 διαλεγώμεθα
2112 3085 2121 3102 ,
2139 3053 2245 3105 μηδὲν
2262 3052 2350 3091 ἔστω

280 3127 334 3165 bil
352 3125 518 3164 saeculare
536 3124 582 3161 sit
599 3123 635 3161 in
652 3122 780 3160 animis
796 3123 938 3171 nostris,
954 3122 1045 3159 nibil
1064 3132 1256 3169 terrenum,
1281 3140 1303 3170 Β
1333 3120 1492 3172 βιωτικὸν
1526 3122 1559 3158 ἐν
1589 3124 1665 3161 ταῖς
1694 3116 1880 3169 ἡμετέραις
1900 3119 2046 3168 ψυχαῖς,
2080 3114 2186 3165 μηδὲν
2209 3112 2325 3164 γήϊνον
2341 3129 2348 3136 ·

281 3190 343 3228 scd
372 3190 428 3227 his
457 3186 621 3226 omnibus
652 3184 827 3223 abdicatis
856 3198 896 3221 ae
926 3184 1098 3235 depulsis,
1124 3184 1258 3222 <livinis

325 3323 337 3337 ἰ·
349 3314 399 3344 Ita
413 3310 515 3344 Savil.
527 3309 749 3351 Μοτε1.;ἀ>.λὰ
762 3312 879 3343 πάντων
895 3307 1150 3351 ἀπαγορεύσαντες
1160 3306 1282 3343 τούτων,

286 3372 332 3401 ναὶ
358 3371 454 3399 πάντα
476 3369 654 3408 ἑξορίσκντες
678 3366 709 3395 ἐκ
734 3369 785 3398 τῆς
811 3363 936 3396 διανοίας
960 3365 1044 3400 ἡμῶν
1074 3361 1188 3395 τκῖτα,
1208 3360 1282 3390 daos.

1330 3188 1345 3203 ’Ἰ
1361 3181 1450 3222 ἀλλὰ
1465 3181 1580 3219 πάντα
1599 3177 1826 3230 ἀναχωρείτω
1837 3208 1847 3226 ,
1866 3177 1982 3215 πάντα
1999 3174 2197 3227 ἐξοριζέσθω
2213 3173 2257 3211 τὰ
2279 3189 2348 3211 τοι-

1349 3302 1451 3345 [Mox
1466 3299 1576 3334 Codd.
1597 3299 1700 3332 nostri
1715 3302 1911 3334 ἐήιςκὶνοντος
1935 3297 2002 3329 sine
2027 3300 2126 3335 πόλει,
2145 3291 2234 3336 quod
2258 3292 2349 3324 uncis

1352 3354 1512 3387 Inclusum
1532 3351 1630 3384 habet
1647 3349 1764 3392 Saxa]
