2507 3673
695 250 737 279 ιΝ
771 248 980 280 JOANNEM
1017 246 1173 277 norun.
1214 221 1396 274 kawi.
1436 229 1495 274 al.
1536 230 1716 276 mxxv(

162 328 227 368 Διὸ
258 330 452 381 ἐπήγαγεν·
492 322 563 367 Ἷὶν
593 329 633 367 ἂν
662 333 793 383 ἀφῆτε,
827 331 1023 383 ἀφέωνται,
1055 326 1186 368 δεικνὺς

161 398 260 429 ποῖον
281 386 367 435 εἶδος
385 390 557 443 ἐνεργείας
574 391 724 430 δίδωσιν.
758 395 856 431 Ἰῧκεῖ
875 391 909 430 δὲ
931 390 1019 442 μετὰ
1033 392 1183 426 ἃτεσσα-

164 452 314 503 ράκοντα
337 451 472 505 ἡμέρας
489 452 552 499 τὴν
578 455 646 489 τῶν
667 454 821 504 σημείων
848 452 970 491 ἔλαὸον
988 449 1162 501 ἐνέργειαν
1175 463 1182 470 ·

163 514 214 551 διό
247 530 331 565 φησι
344 530 351 537 ·
387 515 549 566 Ληψεσθε
585 515 729 565 δύναμιν
761 515 962 556 ἐπελθόντος
991 515 1050 549 τοῦ
1085 509 1182 561 ἁγίου

162 574 370 625 Πνεύματος
388 574 441 626 ἐφ’
461 577 572 626 ὑμᾶς,
602 576 662 613 καὶ
683 575 801 614 {oscos}
821 590 881 625 μοι
900 573 1072 626 μάρτυρες
1091 571 1124 608 ἔν
1146 586 1185 608 τε

162 633 394 686 Ἰερουσαλὴμ
422 636 480 673 καὶ
513 638 546 673 ἐν
574 636 670 688 πάσῃ
695 639 738 687 τῇ
762 634 935 686 Ἰουδαίᾳ·
958 632 1129 684 μάρτυρες
1149 630 1184 668 δὲ

163 694 219 732 διὰ
248 699 316 734 τῶν
350 696 505 747 σημείων
532 697 695 748 ἐγίνοντο.
739 696 808 734 Καὶ
830 695 897 747 γὰρ
925 695 1055 746 ἄφατος
1075 697 1096 739 ἦ
1125 696 1185 730 τοῦ

161 757 368 809 Πνεῦματος
396 758 498 810 χάρις
525 758 585 796 καὶ
611 756 796 802 πολυειδὴς
814 759 836 802 ἡ
858 755 982 808 δωρεά.
1016 756 1130 791 Τοῦτο
1151 752 1186 790 δὲ

161 819 308 871 γίνεται,
331 819 387 856 ἵνα
416 819 548 871 μάθῃς,
575 819 628 857 ὅτι
650 817 790 869 Πατρὸς
808 817 868 855 καὶ
887 819 973 855 Υἱοῦ
991 816 1050 854 καὶ
1071 815 1186 853 Πνεύ-

164 896 271 931 ματος
295 880 392 931 ἁγίου
413 879 476 930 μία
495 883 515 925 ἦ
533 879 643 932 δωρεὰ
661 879 720 916 καὶ
742 879 889 924 ἐξουσία.
929 878 970 916 Ἃ
998 878 1066 929 γὰρ
1096 879 1188 915 δοκεῖ

164 942 335 985 ἰδιάζοντα
358 935 445 977 εἶναι
466 945 526 978 τοῦ
544 940 695 991 Πατρὸς,
718 943 829 978 ταῦτα
847 939 906 977 καὶ
922 944 981 978 τοῦ
998 940 1082 977 rto&
1100 932 1187 976 εἶναι

161 1002 321 1053 φαίνεται
337 1032 345 1044 ,
372 1001 431 1040 καὶ
449 1006 508 1039 τοῦ
531 1001 629 1053 ἁγίου
648 1001 864 1052 Πνεόματος.
900 1002 985 1044 Πῶς
1003 994 1060 1038 οῦν
1079 999 1187 1042 οὐδεὶς

162 1063 301 1114 ἔρχεται
327 1063 412 1114 πρὸς
431 1063 489 1101 τὸν
513 1062 612 1110 Υἱὸν,
631 1062 748 1115 φησὶν,
774 1062 860 1100 Ἐὰν
879 1061 927 1113 μὴ
948 1065 965 1100 ὃ
984 1061 1111 1112 Πατὴρ
1128 1063 1189 1099 ἑλ-

162 1124 251 1176 κύσῃ
271 1123 393 1170 αὐτόν;
416 1124 520 1162 Ἀλλὰ
538 1129 639 1162 τοῦτο
660 1124 834 1162 δείκνυται
849 1129 908 1162 τοῦ
928 1125 1010 1162 Υἷοῦ
1027 1123 1076 1161 ὅν.
1094 1122 1188 1174 Ἐγὼ

161 1186 230 1239 γάρ
253 1188 337 1235 εἰμι,
358 1186 478 1238 φησὶν,
495 1189 516 1231 ἡ
537 1186 631 1229 ὁδός“
653 1186 760 1230 οὐδεὶς
777 1186 919 1238 ἔρχεται
936 1185 1021 1237 πρὸς
1037 1185 1094 1222 τὸν
1111 1186 1189 1222 Πα-

162 1248 259 1299 τέρα,
280 1249 310 1285 εἷ
336 1247 383 1297 μὴ
405 1248 450 1286 δι’
467 1251 563 1298 ἐμοῦ.
594 1247 691 1300 “Optat
711 1247 747 1286 δὲ
766 1248 849 1286 αὐτὸ
868 1247 927 1285 καὶ
943 1252 1001 1286 τοῦ
1020 1246 1189 1297 Πνεύμα-

163 1324 220 1352 τος
241 1308 289 1346 ὅν.
311 1309 433 1352 Οὐδεὶς
448 1310 514 1362 γὰρ
532 1309 672 1347 δύναται
688 1311 797 1347 εἰπεῖν
818 1308 1089 1360 ΚόριονἸησοῦν
1104 1309 1190 1360 Χρι-

164 1370 257 1416 στὸν,
280 1373 308 1408 εἷ
329 1370 376 1421 μὴ
394 1372 428 1407 ἐν
446 1370 628 1420 Πνεύματι
645 1370 745 1422 ἁγίῳ.
776 1370 844 1407 Καὶ
860 1370 965 1407 πάλιν
977 1401 986 1417 ,
1002 1367 1079 1411 τοὺς
1099 1370 1189 1406 ἀπο-

164 1432 307 1474 στόλους
336 1432 420 1470 ποτὲ
443 1431 505 1482 μὲν
528 1432 593 1469 ὑπὸ
613 1435 672 1469 τοῦ
694 1430 852 1483 Πατρὸς,
884 1430 968 1469 ποτὲ
987 1431 1022 1468 δὲ
1047 1430 1115 1467 ὑπὸ
1129 1433 1189 1467 τοῦ

162 1494 268 1539 Υἱοῦ,
291 1492 375 1530 ποτὲ
397 1493 432 1531 δὲ
460 1493 526 1530 ὑπὸ
546 1496 606 1529 τοῦ
628 1492 725 1544 ἁγίου
744 1491 950 1544 Πνεύματος
970 1490 1127 1529 δεδόσθαι
1145 1493 1188 1542 τῇ

163 1555 378 1606 Ἐκκλησία,
408 1554 467 1592 καὶ
492 1554 553 1597 τὰς
571 1554 755 1605 διαιρέσεις
769 1558 837 1592 τῶν
857 1554 1087 1607 χαρισμάτων
1106 1555 1187 1591 Πα-

163 1617 241 1669 τρὸς
255 1617 315 1655 καὶ
334 1617 420 1655 Υἱοῦ
440 1616 499 1654 καὶ
517 1616 615 1667 ἁγίου
636 1616 838 1667 Πνεύματος
855 1620 990 1668 ὁρῶμεν
1009 1615 1125 1658 οὔσας.

215 1678 341 1716 Πάντα
358 1678 471 1715 τοίνυν
490 1677 700 1730 πράττωμεν
720 1677 809 1716 ὥστε
834 1677 998 1716 δύνασθαι
1017 1678 1056 1716 τὸ
1077 1679 1190 1715 Πνεῦ-

165 1756 214 1791 μα
226 1740 265 1777 τὸ
279 1740 375 1791 ἅγιον
390 1740 483 1791 ἔχειν
501 1741 585 1791 παρ’
599 1741 732 1782 ἑαυτοῖς
744 1770 752 1785 ‚
766 1738 826 1777 καὶ
840 1738 919 1783 τοὺς
930 1739 1192 1791 ἐγκεχειρισμέ-

162 1817 240 1845 νους
271 1802 334 1849 τὴν
366 1800 539 1852 ἐνέργειαν
571 1800 659 1851 μετὰ
691 1802 823 1847 πολλῆς
852 1801 1097 1853 θεραπεύωμεν
1130 1804 1193 1848 τῆς

163 1867 280 1915 τιμῆς.
297 1864 445 1914 Μεγάλη
458 1863 527 1915 γὰρ
545 1866 566 1909 ἦ
583 1866 651 1901 τῶν
672 1863 791 1915 ῗερέων
807 1862 900 1908 ἀξία.
920 1856 985 1901 ἲὨν
1007 1864 1046 1901 ἂν
1062 1865 1191 1916 ἀφῆτε,

163 1926 283 1978 φησὶν,
303 1925 477 1976 ἀφέωνται
497 1926 531 1962 αἱ
553 1924 737 1976 ἁμαρτίαι.
757 1925 821 1963 Διὸ
836 1925 895 1963 καὶ
914 1926 1056 1967 Παῦλος
1071 1925 1169 1977 ἔλεγε
1184 1939 1191 1947 ·

163 1988 332 2027 Πείθεσθε
361 1991 433 2028 τοῖς
463 1985 667 2036 ἡγουμένοις
701 1988 797 2036 ὑμῶν
831 1986 890 2023 καὶ
924 1986 1103 2034 ὑπείκετε,
1133 1987 1193 2026 καὶ

162 2051 461 2101 ὑπερεκπερισσοῦ
476 2050 613 2098 ἡγεῖσθε
627 2047 749 2090 αὐτοὺς
763 2050 797 2085 ἐν
810 2050 910 2098 τιμῇ.
930 2048 980 2086 Σὺ
996 2049 1057 2099 μὲν
1069 2050 1135 2102 γὰρ
1148 2050 1193 2088 τὰ

164 2115 291 2149 σαυτοῦ
313 2116 501 2161 μεριμνᾷς·
522 2108 586 2146 κᾶν
602 2111 713 2146 ταῦτα
732 2108 830 2160 διάθῃ
852 2110 985 2156 καλῶς,
1006 2110 1114 2155 οὐδείς
1138 2127 1193 2149 σοι

164 2174 232 2210 τῶν
258 2171 373 2209 ἄλλων
399 2170 414 2190 ¹³
427 2170 526 2208 ἔσται
550 2169 669 2220 λόγος·
695 2171 712 2206 ὁ
733 2169 766 2207 δὲ
780 2168 908 2221 ἱερεὺς,
921 2170 985 2208 κᾶν
996 2170 1052 2208 τὸν
1067 2174 1191 2211 οἰκεῖον

164 2235 280 2276 καλῶς
299 2231 512 2283 οἷκονομήσῃ
536 2230 623 2282 βίον,
639 2230 697 2268 τὸν
719 2229 754 2268 δὲ
775 2231 832 2269 σὸν
852 2230 929 2276 ἤτοι
945 2231 1106 2269 ἁπάντων
1123 2235 1193 2270 τῶν

163 2295 243 2346 περὶ
263 2294 365 2333 αὐτὸν
395 2292 443 2344 μὴ
466 2293 556 2343 μετὰ
582 2291 762 2344 ἀκριὸείας
791 2292 1071 2343 ἓπιμελήσηται,
1106 2294 1195 2344 μετὰ

163 2359 232 2394 τῶν
253 2358 413 2407 πονηρῶν
435 2356 482 2397 εἷς
501 2353 563 2399 τὴν
585 2353 724 2403 γέενναν
753 2352 890 2392 ἄπεισιν
903 2370 910 2378 ·
931 2354 991 2392 καὶ
1024 2355 1194 2399 πολλάκις

166 2417 235 2455 ἀπὸ
254 2419 321 2454 τῶν
352 2415 487 2453 οἰκείων
508 2415 546 2451 οὗ
583 2413 783 2465 προδοθεὶς,
816 2414 884 2452 ἀπὸ
914 2419 982 2454 τῶν
1016 2416 1193 2468 ὑμετέρων

171 2478 381 2523 ἀπόλλυται,
403 2475 443 2513 ἂν
466 2474 514 2526 μὴ
534 2475 651 2512 πάντα
670 2474 714 2512 τὰ
735 2478 782 2518 εἷς
808 2476 910 2514 αὐτὸν
931 2477 1063 2523 ἥκοντα
1083 2482 1195 2530 ἀπαρ-

149 2529 153 2531 ,
171 2538 252 2589 τίση
265 2538 391 2579 καλῶς.
406 2536 547 2578 Εἷδότες
560 2530 618 2573 οῦν
635 2540 695 2572 τοῦ
712 2535 868 2574 κινδύνου
884 2536 923 2574 τὸ
942 2537 1096 2589 μέγεθος,
1109 2542 1194 2577 πολ-

172 2599 237 2645 λὴν
255 2598 446 2648 ἀπονέμετε
467 2599 583 2639 αὐτοῖς
602 2596 735 2634 εὔνοιαν
749 2612 756 2620 ·
776 2597 793 2635 ὃ
810 2597 870 2635 καὶ
890 2599 1032 2642 Παῦλος
1055 2600 1195 2651 ᾐνίξατο

172 2660 296 2711 λέγων,
316 2659 368 2697 ὅτι
381 2658 627 2710 Ἀγρυπνοῦσιν
647 2657 734 2710 ὑπὲρ
753 2660 821 2695 τῶν
832 2660 952 2710 ψυχῶν
968 2662 1064 2709 ὑμῶν
1077 2662 1096 2679 '¹'
1108 2677 1116 2684 ·
1136 2662 1196 2700 καὶ

174 2725 238 2775 οὐχ
254 2722 386 2771 ἁπλῶς,
403 2723 479 2761 ἀλλ’
494 2719 558 2764 (Ως
572 2722 673 2772 λόγον
694 2719 946 2763 ἀποδώσοντες.
965 2721 1028 2758 Διὸ
1042 2725 1104 2768 τῆς
1113 2725 1198 2760 πολ·

173 2787 237 2830 λῆς
257 2785 307 2822 δεῖ
329 2784 514 2836 Οεραπείας
542 2782 664 2826 αὐτοὺς
692 2781 892 2820 ἀπολαύειν.
918 2782 1003 2820 Ἐὰν
1024 2783 1059 2820 δὲ
1090 2785 1199 2835 ἐπεμ-

176 2844 319 2891 &aiv-me
337 2845 426 2895 μετὰ
451 2847 519 2882 τῶν
540 2844 655 2881 ἄλλων
672 2845 786 2886 αὐτοῖς
817 2842 876 2881 καὶ
904 2845 1020 2893 ὑμεῖς,
1042 2844 1101 2881 καὶ
1122 2845 1199 2882 οὐδὲ

175 2906 218 2945 τὰ
229 2907 380 2958 ὑμέτερα
399 2907 514 2949 καλῶς
533 2904 760 2943 διακείσεται.
781 2903 876 2948 Ἕως
889 2905 951 2954 μὲν
968 2905 1033 2957 γὰρ
1051 2907 1085 2942 ἐν
1102 2906 1200 2943 εὔθυ-

176 2968 241 3022 μία
258 2968 370 3019 διάγει
394 2971 412 3006 ὃ
432 2967 666 3019 κυὲερνήτης,
687 2968 721 3003 ἐν
743 2966 914 3017 ἀσφαλείᾳ
945 2965 1041 3005 ἔσται
1069 2966 1129 3004 καὶ
1158 2966 1202 3004 τὰ

175 3032 245 3068 τῶν
270 3030 446 3067 ε’πιέατῶν
462 3045 469 3052 ·
494 3028 534 3065 ἂν
573 3028 628 3073 δὲ,
660 3028 934 3079 λοιδορουμένων
970 3027 1109 3065 ἐκείνων
1143 3028 1203 3067 καὶ

177 3093 338 3144 ἀπεχθῶς
368 3091 518 3143 ἐχόντων
548 3091 634 3142 πρὸς
662 3088 776 3136 αὐτὸν,
803 3092 1093 3141 ταλαιπωρῆται,
1128 3090 1204 3128 οὐδὲ

178 3155 362 3206 ἀγρυπνεῖν
384 3152 510 3203 ὁμοίως
530 3151 692 3198 δύναται,
713 3151 789 3189 οὔτε
821 3150 883 3198 τὴν
912 3151 1039 3203 τέχνην
1072 3151 1203 3190 διασώ-

222 3280 235 3294 a
258 3270 312 3302 Sic
327 3280 441 3300 omnes
458 3276 526 3300 tum
543 3266 636 3299 Editi
653 3276 720 3299 tum
737 3267 973 3308 Manuscripti3
993 3265 1188 3299 Franciscus

180 3328 290 3353 tamen
318 3322 469 3352 Aretinus
494 3327 570 3363 post
595 3320 844 3363 quinquaginta
866 3320 935 3350 dies
955 3320 1068 3355 vertit,
1087 3327 1119 3350 et
1141 3320 1188 3351 sic

181 3372 353 3415 legendum
370 3373 520 3405 videtur:
539 3384 615 3404 nam
632 3383 704 3403 vere
720 3378 797 3413 post
813 3371 1052 3414 quinquaginta
1069 3370 1138 3404 dies
1156 3371 1187 3403 in

181 3433 294 3457 sancta
322 3426 512 3457 Pentecoste.
539 3425 706 3466 signorum
724 3421 950 3465 opt-rationem
975 3432 1186 3465 acceperunt.

1211 758 1234 787 Β
1256 765 1323 803 gna
1345 767 1353 788 :
1376 751 1568 790 ineffabilis
1582 754 1717 806 quippe
1735 764 1786 793 est
1803 754 1957 806 Spiritus
1970 756 2081 806 gratia
2097 764 2130 793 ct
2149 756 2241 792 mul-

1216 2180 1242 2210 D
1266 2171 1329 2209 tibi
1351 2171 1503 2209 aliorum
1541 2170 1631 2208 ratio
1651 2170 1716 2207 erit
1738 2187 1746 2207 :
1772 2171 1935 2210 sacerdos
1953 2181 2071 2210 autem
2096 2173 2126 2211 si
2157 2184 2250 2213 recte

2148 230 2236 292 ‘369

1254 338 1354 363 versa
1374 325 1466 362 enim
1485 335 1568 363 sunt
1592 327 1748 377 Spiritus
1768 326 1994 364 charismata.
2028 327 2110 365 Ideo
2131 328 2236 365 addi-

1254 385 1328 422 dit:
1346 387 1516 436 Quorum
1528 389 1764 433 remiseritis,
1782 390 2042 434 remittuntur,
2054 388 2238 427 ostendens

1255 445 1350 496 quod
1367 459 1476 497 genus
1498 447 1710 499 operationis
1737 448 1922 498 largiatur.
1955 448 2036 485 lllic
2057 463 2140 486 vero
2161 460 2239 500 post

1256 506 1491 558 quadraginta
1511 507 1586 545 dies
1610 508 1686 546 vim
1720 508 1904 559 signorum
1928 518 2138 560 acceperunt
2157 525 2164 544 ε
2185 510 2238 547 id-

1256 568 1350 605 circo
1378 568 1427 606 ait
1447 585 1455 605 :
1474 570 1686 621 Accipietis
1723 573 1909 608 virtutem
1939 573 2238 622 supervenientis
2254 584 2324 611 Act.
2357 592 2381 611 1.
2409 583 2439 613 8.

1254 629 1418 681 Spiritus
1444 633 1572 667 sancti
1594 633 1635 668 in
1656 646 1742 678 vos,
1763 641 1799 669 et
1815 634 1921 669 eritis
1946 634 2041 669 mihi
2058 640 2170 670 testes
2199 636 2240 669 in

1255 691 1476 729 Jerusalem
1495 694 1587 729 etin
1603 694 1759 730 Judcea.
1791 693 1913 730 Testes
1932 693 2074 731 fuerunt
2099 707 2162 745 per
2193 694 2240 731 si·
2317 701 2443 738 Spiritus

2255 744 2342 777 gralia
2362 740 2441 768 inef-

2257 784 2362 810 fabilis.

1255 814 1371 866 tiplex
1388 813 1537 852 donum.
1564 816 1641 853 Hoc
1656 817 1705 854 ita
1725 817 1780 867 fit,
1802 826 1841 854 ut
1867 817 1983 855 discas
1997 818 2127 867 Patris,
2159 818 2244 855 Filii

1258 886 1291 914 et
1306 876 1463 929 Spiritus
1475 877 1587 915 sancti
1601 892 1711 915 unum
1728 893 1802 916 esse
1814 879 1960 925 donum,
1975 893 2082 916 unam
2093 888 2244 931 potesta-

1256 946 1341 975 tem.
1366 939 1457 976 Nam
1477 953 1557 989 quae
1586 939 1703 977 Patris
1730 939 1876 992 propria
1909 940 2092 988 videntur,
2121 940 2245 978 eadem

1258 1008 1292 1036 et
1322 999 1407 1037 Filii
1430 1009 1463 1037 et
1483 1000 1640 1052 Spiritus
1672 1001 1783 1038 sancti
1812 1015 1885 1039 esse
1911 1001 2240 1053 deprehenduntur.

1257 1061 1447 1107 Quomodo
1485 1076 1569 1113 ergo
1610 1077 1712 1100 nemo
1745 1064 1843 1101 venit
1882 1062 1929 1101 ad
1965 1063 2114 1112 Filium,
2155 1065 2442 1115 Nisi.10an.6.44.

1257 1124 1379 1160 Pater
1406 1126 1569 1161 traverit
1602 1129 1717 1161 eum?
1734 1126 1871 1163 Verum
1892 1124 1959 1162 hoc
1995 1124 2081 1162 Filii
2105 1139 2245 1175 quoque

1257 1198 1330 1223 esse
1342 1185 1561 1222 ostenditur:
1580 1200 1661 1223 nam
1681 1187 1742 1234 ait,
1769 1188 1854 1238 Ego
1885 1201 1970 1224 sum
2004 1190 2102 1235 via;
2136 1202 2245 1224 nemo
2260 1200 2338 1227 lma.
2358 1199 2403 1237 14.
2416 1199 2444 1227 6.

1258 1249 1368 1284 venit
1388 1248 1442 1284 ad
1457 1249 1631 1298 Patrem,
1653 1251 1727 1285 nisi
1739 1263 1810 1300 per
1823 1264 1895 1286 me.
1916 1249 1992 1286 Hoc
2012 1264 2152 1299 quoque
2167 1249 2245 1301 Spi-

1258 1307 1347 1344 ritus
1363 1321 1436 1344 esse
1454 1307 1576 1345 videas
1601 1324 1608 1344 :
1631 1322 1713 1345 nam
1735 1310 1856 1346 Nemo
1871 1319 1995 1360 potest
2012 1312 2138 1348 dicere
2165 1313 2246 1349 Do·
2267 1333 2290 1351 r.
2311 1324 2381 1353 Cor.
2399 1332 2445 1352 12.

1258 1370 1406 1405 minum
1419 1369 1553 1405 Jesmn
1570 1369 1780 1415 Christum,
1799 1372 1874 1407 nisi
1885 1371 2076 1421 inSpiritu
2096 1381 2242 1410 sancto.
2262 1366 2291 1395 3·

1259 1430 1309 1465 Ac
1326 1443 1469 1465 rursum
1481 1429 1670 1480 apostolos,
1690 1430 1797 1467 modo
1811 1444 1830 1467 a
1847 1431 1962 1480 Patre,
1982 1431 2088 1469 modo
2107 1447 2125 1469 a
2138 1433 2244 1481 Filio,

1260 1489 1365 1527 modo
1377 1504 1397 1527 a
1409 1490 1544 1541 Spiritu
1556 1499 1675 1527 sancto
1687 1491 1855 1529 Ecclesiae
1868 1491 1969 1530 datos
1982 1493 2088 1531 fuisse
2099 1494 2246 1532 dicitur:

1259 1565 1300 1589 ac
1312 1551 1509 1589 divisiones
1531 1551 1729 1602 gratiarum
1748 1553 1879 1603 Patris,
1916 1553 2000 1591 Filii
2029 1564 2062 1592 et
2089 1555 2248 1607 Spiritus

1262 1614 1374 1652 sancti
1395 1629 1470 1652 esse
1485 1614 1663 1653 videmus.

1315 1678 1351 1715 4.
1370 1679 1500 1716 Omnia
1521 1692 1603 1729 ergo
1621 1678 1794 1716 faciamus
1813 1689 1852 1717 ut
1882 1680 2058 1732 Spiritum
2085 1691 2247 1719 sanctum

1261 1741 1447 1779 nobiscum
1472 1741 1603 1779 habere
1638 1741 1874 1793 possimus,et
1906 1743 2142 1781 concreditam
2168 1759 2250 1797 ope-

1262 1802 1364 1841 randi
1382 1802 1532 1855 gratiam
1547 1817 1770 1856 summopere
1783 1804 1954 1842 colamus.
1973 1807 2105 1857 Magna
2120 1807 2249 1859 quippe

1262 1874 1315 1904 cst
1331 1864 1554 1903 sacerdotum
1568 1865 1736 1916 dignitas.
1749 1867 1917 1916 Quorum
1932 1870 2154 1905 remiseritis
2163 1883 2249 1921 pee-

1263 1934 1368 1972 cata,
1392 1925 1520 1976 inquit,
1539 1929 1801 1964 remittuntur.
1823 1927 1909 1965 Ideo
1928 1927 2067 1966 dicebat
2087 1929 2219 1967 Paulus
2240 1945 2249 1966 ε

1268 1988 1429 2024 obedite
1445 1989 1660 2038 prcepositis
1678 1990 1831 2036 vestris,
1851 1997 1887 2025 et
1904 1991 2099 2041 subjacete
2117 1993 2191 2037 eis,
2211 2000 2249 2028 ut
2267 2000 2356 2027 llebr.
2383 2000 2427 2028 13.

1264 2047 1464 2084 maximum
1482 2046 1567 2098 ipsis
1592 2047 1751 2084 habeatis
1770 2047 1952 2086 honorem.
1978 2050 2034 2086 Tu
2056 2051 2150 2088 enim
2174 2066 2249 2090 rem
2267 2049 2317 2079 ¹7·

1264 2118 1362 2146 tuam
1381 2123 1502 2156 curas;
1520 2117 1552 2146 et
1571 2108 1599 2146 si
1622 2117 1659 2145 tu
1698 2109 1772 2146 haec
1809 2118 1900 2147 recte
1936 2110 2119 2163 disponas,
2150 2113 2248 2151 nulla

2312 2191 2452 2218 Sacerdo-

1264 2248 1366 2271 suam
1397 2233 1615 2271 ordinaverit
1638 2232 1763 2283 vitam,
1792 2241 1891 2270 tuam
1925 2248 2009 2271 vero
2028 2235 2249 2287 aliorumque
2266 2239 2325 2260 “¹¹¹¹
2356 2233 2451 2269 digni-

1264 2296 1424 2334 omnium
1440 2295 1507 2333 sibi
1524 2295 1793 2332 commissorum
1810 2309 1879 2334 non
1893 2296 2080 2347 diligenter
2102 2312 2248 2337 curave·
2265 2282 2306 2302 m
2324 2281 2352 2302 et
2366 2284 2448 2300 mm&

1263 2357 1325 2407 rit,
1348 2371 1430 2394 cum
1456 2356 1607 2394 scelestis
1640 2355 1675 2393 in
1706 2356 1902 2407 gehennam
1934 2358 2049 2395 abibit
2059 2374 2069 2407 3
2093 2373 2133 2397 ac
2159 2374 2251 2413 saepe

1263 2432 1332 2455 non
1355 2432 1400 2455 ex
1416 2417 1503 2467 suis,
1525 2416 1586 2454 sed
1605 2431 1648 2454 ex
1667 2416 1791 2454 alienis
1811 2417 1846 2454 in
1867 2417 2059 2469 perniciem
2073 2419 2159 2467 ruit,
2182 2421 2250 2459 nisi

1265 2478 1398 2527 omnia,
1426 2492 1505 2528 quae
1520 2491 1626 2529 penes
1653 2477 1773 2528 ipsum
1802 2487 1913 2527 erant,
1939 2479 2136 2530 perfecerit.
2154 2482 2251 2519 Tan-

1265 2551 1343 2579 tum
1373 2555 1456 2592 ergo
1485 2539 1646 2578 videntes
1668 2540 1881 2591 periculum,
1904 2541 2016 2578 multa
2036 2542 2117 2581 illos
2142 2544 2251 2583 bene-

1266 2601 1419 2640 volentia
1440 2600 1701 2652 prosequamini
1717 2616 1724 2635 :
1742 2600 1778 2638 id
1797 2601 1894 2651 quod
1911 2610 1944 2639 et
1964 2603 2098 2642 Paulus
2115 2605 2253 2657 signifi-

1267 2662 1360 2701 cavit
1394 2661 1544 2699 dicens:
1572 2663 1652 2713 Ipsi
1681 2663 1917 2714 pervigilant
1943 2678 2013 2715 pro
2047 2669 2252 2705 animabus
2270 2690 2302 2716 ll,

1268 2727 1421 2769 vestris,
1441 2737 1511 2760 non
1531 2723 1752 2775 simpliciter,
1770 2724 1833 2762 sed
1854 2726 1904 2762 Ut
1924 2730 2115 2765 rationem
2127 2731 2253 2766 reddi—

1270 2788 1358 2823 turi.
1378 2786 1605 2836 Quapropter
1618 2784 1687 2836 ipsi
1709 2798 1838 2836 magno
1857 2795 1937 2823 sunt
1957 2788 2055 2825 cultu
2077 2789 2253 2827 honoran-

1269 2845 1318 2883 di.
1343 2844 1449 2892 Quod
1470 2845 1500 2882 si
1518 2844 1567 2882 eis
1587 2859 1666 2883 cum
1677 2844 1757 2882 aliis
1777 2845 2049 2898 insuhaverstis,
2067 2864 2180 2900 neque
2194 2867 2254 2889 ve-

1271 2915 1341 2944 stra
1370 2905 1457 2943 bene
1476 2905 1684 2958 disponetis.
1714 2906 1897 2951 Quamdiu
1923 2909 2015 2946 enim
2042 2911 2255 2962 gubernator

1271 2968 1364 3006 bono
1384 2976 1435 3005 cst
1445 2967 1576 3015 animo,
1592 2977 1742 3005 rectores
1762 2968 1868 3006 etiam
1882 2969 1915 3007 in
1926 2979 2001 3008 tuto
2015 2982 2128 3010 erunt.
2148 2974 2255 3021 Quod

1273 3029 1317 3079 si,
1337 3028 1619 3066 conviciantibus
1636 3028 1708 3066 illis
1728 3038 1761 3067 et
1775 3029 1951 3068 hostiliter
1971 3033 2171 3083 agentibus,
2190 3035 2256 3071 mi-

1273 3106 1349 3130 sere
1366 3101 1462 3143 agat,
1486 3105 1549 3129 nec
1573 3091 1726 3142 vigilare
1753 3101 1879 3144 potest,
1896 3107 2008 3144 neque
2026 3104 2135 3133 artem
2157 3111 2257 3133 suam

1273 3166 1446 3202 exercere,
1465 3161 1498 3190 et
1507 3153 1565 3190 vel
1581 3152 1714 3190 invitus
1727 3153 1761 3189 in
1775 3163 1937 3191 sexcenta
1950 3155 2029 3193 illos
2048 3156 2139 3193 mala
2151 3157 2258 3208 conji-

2307 2690 2394 2716 idum.

1300 3269 1316 3292 b
1339 3268 1456 3300 Morel.
1470 3273 1531 3302 ἐστὶ
1549 3273 1641 3311 λόγος.
1656 3268 1752 3309 [Mox
1769 3267 1868 3300 δίψῃ.
1884 3274 1935 3302 τοῦ
1949 3271 1979 3301 δὲ
1994 3270 2142 3302 σοῦ’Τιιη]
2161 3271 2261 3309 verba

1255 3326 1321 3357 ἤτοι
1340 3325 1478 3355 ἁπάντων
1494 3327 1552 3354 τῶν
1574 3325 1642 3365 περὶ
1661 3323 1748 3352 αὐτὸν
1764 3320 1886 3350 absunt
1907 3331 1924 3350 a
1941 3319 2049 3351 Codd.
2070 3321 2204 3356 nostris.
2222 3324 2264 3355 ΕΙ,

1255 3383 1329 3405 vere
1345 3372 1499 3405 videntur
1516 3369 1558 3403 ab
1575 3371 1812 3412 interpolatore
1829 3382 1895 3402 esse
1913 3372 2090 3415 prosecta.]

1298 3425 1314 3440 '‘
1340 3426 1349 3466 [
1367 3425 1428 3456 llic
1442 3422 1655 3455 ‹lesinitCod.
1676 3424 1750 3461 5⁷09,
1768 3422 1900 3454 mutilus
1918 3422 2041 3466 aliquot
2060 3424 2173 3467 foliis]
