2481 3678
79 1777 168 1805 ‚PsaL
198 1785 264 1804 102.

78 1827 126 1846 20.

77 1959 170 1987 Hem.
187 1958 214 1997 j.
230 1959 259 1997 ζ’.

74 2202 266 2241 -!1›(111.5.17.

119 2329 264 2366 Nequitia:

77 2381 85 2394 ι
95 2371 207 2407 oluptas

78 2412 188 2444 brea-iffi
206 2413 264 2439 vir-

78 2455 146 2478 tutis
207 2454 262 2479 im-

80 2493 200 2519 uun-tale

76 2535 225 2568 gaudium.

295 201 383 257 21:22
722 214 760 244 S.

289 308 383 342 esse,
412 309 488 345 quae
511 309 592 332 cum
616 295 736 333 labore
764 296 927 348 peperit?
951 295 1036 333 Ideo
1065 294 1125 332 ille
1145 293 1271 331 virtuti

288 356 425 393 labores
443 355 651 401 admiscuit,
667 367 705 394 ut
719 358 874 395 animam
887 357 1010 395 virtuti
1028 356 1270 394 assuefaceret.

290 416 427 454 Idcirco
446 417 614 454 virtutem
639 418 826 466 miramur,
847 418 929 455 licet
951 417 1048 455 illam
1068 430 1137 455 non
1163 409 1272 454 secte-

292 490 388 526 mur3
407 478 597 528 nequitiam
618 493 723 523 vero,
746 479 809 516 etsi
837 478 1101 528 suavissimam,
1123 477 1273 516 damna-

291 552 380 576 mus.
415 538 507 576 luod
526 539 553 575 si
573 538 731 576 dixeris:
753 540 825 576 Cur
852 553 920 576 non
943 538 1062 590 potius
1090 553 1146 577 eos
1168 539 1274 577 mira-

291 613 372 635 mur
390 600 449 649 qui
470 608 595 636 natura
614 600 697 636 boni
723 608 817 649 sunt,
836 614 941 650 quam
958 614 1015 638 eos
1035 600 1274 651 quivolunta-

291 661 346 698 te'?
389 661 472 710 quia
503 661 641 712 justum
671 670 721 698 est
753 661 971 699 laborantem
1002 675 1071 699 non
1098 661 1273 699 laboranti

291 722 470 759 anteferre.
510 721 557 759 Et
589 737 711 772 quare,
748 722 881 773 inquis,
921 737 1015 760 nunc
1044 723 1272 760 laboramus?

291 784 386 831 Quia
410 798 479 822 non
506 784 717 833 laborantes,
748 784 926 822 moderate
942 799 1011 822 non
1028 785 1176 836 egimus.
1197 785 1273 822 Imo

288 859 372 882 vero
391 845 420 882 si
439 845 519 895 quis
550 859 625 883 rem
651 846 849 883 accuratius
875 846 1049 898 exploret,
1074 846 1144 883 alio
1167 845 1273 883 modo

288 919 350 942 nos
370 905 508 944 desidia
524 905 669 958 perdere
690 907 791 956 solet,
823 908 1046 958 multumque
1065 907 1198 945 laboris
1217 907 1274 944 in—

289 966 389 1004 ferre.
414 967 461 1004 Et
486 968 514 1005 si
535 968 662 1020 placet,
685 968 909 1006 includamus
935 969 1131 1020 hominem,
1158 969 1274 1007 solum

289 1028 437 1075 alanum,
462 1029 664 1079 ventrisque
691 1029 873 1081 voluptate
900 1030 1107 1079 obruamus,
1124 1044 1188 1068 nec
1199 1044 1273 1069 am—

285 1090 423 1140 bulare,
445 1105 508 1128 nec
531 1090 678 1141 aliquod
704 1105 791 1142 opus
817 1105 978 1128 exercere
1012 1091 1185 1140 sinamu53
1211 1091 1272 1130 sed

285 1165 403 1188 mensa
423 1151 574 1200 fruatur,
604 1152 708 1200 lecto,
734 1151 985 1202 perpetuisque
1004 1151 1143 1189 deliciis
1160 1152 1271 1202 :quid

284 1211 350 1248 hac
368 1212 440 1248 vita
457 1211 693 1248 miserabilius
718 1207 847 1248 fuerit?
865 1213 910 1249 At
925 1211 1027 1249 aliud
1042 1221 1093 1249 est
1113 1213 1267 1265 operari,

283 1273 435 1323 inquies,
466 1273 567 1310 aliud
599 1273 759 1310 laborare
784 1289 790 1308 ε
813 1281 1021 1325 poteratque
1040 1273 1144 1312 initio
1162 1274 1270 1312 homo

281 1335 419 1386 operari
436 1335 510 1373 sine
527 1335 660 1373 labore.
680 1336 804 1373 Annon
831 1336 992 1388 poterat?
1009 1336 1086 1374 Imo
1112 1344 1268 1389 poterat,

280 1407 313 1436 et
333 1398 381 1436 ita
403 1400 499 1436 Deus
521 1399 677 1450 volebat,
700 1398 761 1436 sed
780 1408 818 1436 tu
839 1413 908 1437 non
928 1414 1052 1452 passus
1071 1414 1117 1439 es.
1135 1400 1269 1439 Statuit

280 1459 374 1497 enim
393 1469 426 1498 te
446 1470 484 1498 ut
502 1459 710 1512 paradisum
729 1460 873 1511 coleres,
898 1475 986 1513 opus
1006 1461 1074 1499 tibi
1093 1461 1265 1514 injunxit,

278 1522 341 1559 sed
360 1522 518 1559 lahorem
544 1536 613 1559 non
637 1521 843 1559 admiscuit.
863 1523 985 1572 Neque
1003 1523 1097 1560 enim
1115 1522 1147 1561 si
1165 1523 1268 1561 initio

279 1583 470 1621 laborasset
496 1584 617 1631 homo,
650 1584 718 1620 hoc
751 1583 805 1620 illi
827 1583 862 1621 in
882 1598 1023 1635 poenam
1051 1594 1172 1636 postea
1200 1595 1251 1623 sta

280 1643 414 1682 tuisset.
432 1645 549 1681 Potest
573 1644 667 1681 enim
695 1644 775 1694 quis
800 1644 907 1683 simul
926 1653 960 1682 et
986 1646 1125 1697 operari
1145 1656 1178 1684 et
1197 1661 1265 1685 non

280 1704 457 1753 laborare,
475 1705 778 1756 quemadmodum
797 1706 927 1758 angeli.
947 1706 1057 1754 Quod
1076 1707 1169 1745 enim
1185 1723 1265 1761 ope-

281 1776 401 1804 rentur
411 1766 496 1804 audi
512 1783 519 1802 ε
533 1768 715 1805 Potentes
728 1770 885 1814 virtute,
888 1768 1089 1820 facientes
1101 1772 1265 1808 verbum

280 1829 398 1866 illius.
423 1830 525 1866 Nunc
541 1838 633 1866 certe
653 1829 805 1867 minores
825 1829 919 1867 vires
939 1843 1084 1881 gravem
1103 1830 1266 1870 efficiunt

278 1889 458 1939 laborem,
487 1899 571 1927 tunc
601 1904 685 1928 vero
711 1904 809 1928 secus
836 1904 888 1929 res
916 1905 952 1928 se
982 1891 1148 1930 habebat.
1173 1894 1264 1932 Nam

278 1951 339 2001 qui
370 1951 546 2002 ingressus
573 1960 623 1988 est
651 1952 687 1988 in
717 1951 875 2002 requiem
903 1966 1018 2002 suam,
1047 1954 1261 2006 Reqzcievit,

278 2012 406 2062 inquit,
436 2014 485 2050 ab
516 2014 689 2064 operibus
720 2015 810 2058 suis,
845 2013 936 2050 sicut
960 2022 994 2051 et
1013 2028 1033 2051 a
1055 2015 1127 2053 suis
1156 2017 1262 2055 Deus.

277 2075 353 2112 Non
385 2074 561 2112 desidiam
594 2074 653 2112 hic
687 2074 877 2125 significat,
914 2075 975 2112 sed
1007 2076 1164 2115 laborem
1193 2092 1261 2116 non

276 2134 392 2172 fuisse.
413 2136 505 2172 Nam
525 2137 620 2172 Deus
634 2135 741 2172 etiam
773 2150 866 2173 nunc
895 2146 1074 2189 operatur,
1096 2147 1136 2176 ut
1152 2139 1259 2177 Chri-

277 2204 350 2234 stus
369 2196 457 2233 dieit
480 2212 486 2232 :
508 2198 630 2234 Pater
655 2209 759 2233 meus
784 2210 903 2249 usque
929 2199 1040 2235 modo
1066 2210 1258 2251 operatur,

278 2267 312 2294 el
339 2273 405 2309 ego
433 2273 585 2310 (queror.⁴
608 2260 834 2310 Quapropter
861 2273 960 2311 rogo,
989 2260 1137 2313 depulsa
1165 2265 1261 2302 omni

277 2318 427 2368 desidia,
443 2319 614 2357 virtutem
641 2327 825 2356 sectemur.
847 2321 1020 2371 Nequitiae
1045 2323 1140 2360 enim
1159 2325 1263 2363 volu-

278 2389 355 2431 ptas
390 2380 509 2418 brevis
536 2387 602 2429 est,
632 2379 734 2417 dolor
760 2394 844 2418 vero
876 2391 1095 2433 perpetuus:
1117 2385 1262 2423 virtutis

278 2451 397 2481 contra
426 2442 625 2480 immortale
651 2440 838 2493 gaudium,
875 2452 1118 2496 temporaneus
1148 2447 1259 2485 labor.

279 2505 361 2542 Ham
380 2513 459 2541 ante
479 2518 623 2541 coronas
641 2512 848 2542 sectatorem
867 2518 971 2543 suum
990 2506 1109 2558 erigit,
1131 2523 1263 2560 speque

279 2566 357 2611 alit;
374 2566 433 2602 illa
453 2574 572 2602 eontra
593 2574 672 2602 ante
685 2565 903 2617 supplicium
919 2567 1067 2618 cruciat,
1084 2570 1261 2609 conscien-

279 2627 365 2664 tiam
395 2635 533 2675 torquet
563 2641 608 2664 ex
639 2635 818 2678 gestorum
850 2629 1034 2680 memoria,
1071 2632 1261 2683 omniaque

278 2695 435 2738 suspecta
457 2686 582 2724 reddit.
604 2688 709 2737 Atqui
741 2687 818 2725 haec
843 2698 929 2739 quot
955 2690 1153 2743 laboribus,
1174 2705 1260 2744 quot

277 2747 468 2785 sudoribus
494 2747 665 2785 deteriora
693 2749 799 2786 sunt?
820 2749 929 2797 Quod
963 2751 993 2789 si
1017 2752 1074 2790 his
1100 2753 1257 2806 depulsis

280 2810 441 2861 voluptas
461 2818 597 2845 tantum
617 2809 764 2860 adesset,
787 2810 875 2861 quid.
894 2812 956 2850 illa
976 2814 1108 2853 vilius?
1128 2818 1257 2857 Statim

277 2880 381 2921 atque
401 2879 559 2921 apparet,
579 2871 710 2919 avolat,
732 2873 926 2924 marcescit,
950 2875 1043 2925 fugit
1068 2886 1258 2929 antequam

277 2931 597 2984 coiuprelwnda'ur
619 2947 625 2966 ε
649 2932 711 2968 etsi
743 2934 912 2984 corporis,
936 2936 1000 2974 etsi
1019 2950 1162 2989 mensae,
1193 2940 1257 2978 etsi

275 2992 485 3029 divitiarum
509 2991 728 3042 voluptatem
764 2992 913 3043 dixeris,
946 3010 1014 3034 non
1053 3008 1162 3036 cessat
1195 3001 1257 3039 illa

275 3053 433 3103 quotidie
451 3066 636 3090 senescere.
659 3053 749 3090 Cum
768 3063 886 3092 autem
904 3056 960 3094 his
979 3058 1085 3096 ctiam
1100 3060 1253 3100 addatur

273 3114 491 3166 supplicium
516 3122 549 3150 et
575 3113 765 3164 cruciatus,
796 3114 885 3164 qnid
918 3116 989 3154 illis
1022 3119 1257 3161 miserabilius

272 3177 332 3226 qui
356 3177 468 3227 ipsam
494 3175 694 3212 sectantur?
716 3175 800 3213 Itaec
826 3189 907 3213 cum
938 3178 1104 3230 sciamus,
1138 3184 1255 3221 omnia

275 3254 336 3290 pro
354 3239 483 3275 virtute
507 3237 764 3287 sustineamus,
786 3237 835 3276 sic
856 3238 947 3276 enim
976 3255 1055 3278 vera
1075 3243 1256 3296 voluptate

315 3383 326 3396 a
344 3373 449 3416 Aliqui
467 3379 500 3408 τὸ
517 3383 622 3409 πονεῖν.
641 3379 740 3409 οὐκοῦν
752 3381 840 3419 ἐχρῆν
855 3382 1029 3422 ἐργάζεσθαι
1053 3387 1141 3425 χωρὶς
1159 3390 1267 3416 mmm.
1287 3401 1330 3413 ·1›,=

798 216 904 245 JOAN
913 215 977 245 MS
1013 214 1064 243 CH
1073 212 1256 242 RYSOST.
1296 211 1484 242 ARCfflEr
1493 232 1501 240 .

1297 849 1318 878 B

1540 211 1872 242 CONSTANTffiOP
1882 233 1889 240 .

1343 297 1442 331 τοῦτο
1473 292 1532 331 καὶ
1552 292 1674 336 πόνους
1697 292 1834 344 ἀνέμιξε
1865 296 1907 343 τῇ
1935 294 2038 345 ἀρετῇ
2052 323 2060 339 ,
2083 294 2258 330 οἰκειῶσαι
2278 292 2364 342 αὐτῇ

1344 352 1472 399 ταύτην
1489 352 1704 404 βουλόμενος.
1725 352 1792 390 Διὰ
1806 353 1847 400 δὴ
1863 357 1964 393 τοῦτο
1983 352 2046 400 τὴν
2068 354 2130 404 μὲν
2147 351 2287 406 ἀρετὴν,
2301 351 2366 389 κᾶν

1346 413 1394 464 μὴ
1425 413 1713 466 κατορθώσωμεν,
1743 414 1985 466 θαυμάζομεν·
2014 417 2076 460 τῆς
2099 414 2133 452 δὲ
2165 412 2289 456 κακίας
2307 411 2367 449 καὶ

1344 472 1488 519 ’ἡδίστης
1513 473 1616 520 οὔσης
1645 472 1965 525 καταγινώσκομεν.
1990 475 2034 512 Εἰ
2062 472 2097 512 δὲ
2122 472 2255 524 λέγεις,
2276 469 2368 508 διατί

1346 534 1424 578 τοὺς
1444 534 1543 587 φύσει
1562 535 1688 579 καλοὺς
1704 535 1753 585 μὴ
1771 535 1991 586 θαυμάζομεν
2010 537 2141 586 μᾶλλον
2157 537 2225 571 τῶν
2244 547 2367 585 προαι-

1350 595 1440 646 ρέσει
1466 599 1567 634 τοῦτο
1587 596 1717 643 ὄντων,
1735 595 1789 634 ὅτι
1820 595 1951 634 δίκαιον
1972 597 2028 635 τὸν
2049 599 2218 635 πονοῦντα
2237 596 2296 631 τοῦ
2319 592 2366 643 μὴ

1346 662 1527 702 πονοῦντος
1556 657 1766 712 προτιθέναι.
1802 657 1872 696 Καὶ
1894 657 2003 705 τίνος,
2030 658 2146 710 φησὶν,
2176 656 2288 694 ἕνεκεν
2309 657 2366 692 νῦν

1345 723 1535 770 πονοῦμεν,
1552 719 1698 766 Ἐπειδὴ
1729 719 1768 757 τὸ
1800 718 1848 770 μὴ
1878 724 1993 758 πονεῖν
2029 721 2090 756 οὐκ
2123 718 2272 769 ἤνεγκας
2301 731 2366 766 με·-

1344 781 1446 834 τρίως
1459 797 1466 805 ·
1483 784 1613 832 μᾶλλον
1636 781 1670 820 δὲ
1689 781 1720 820 εἴ
1733 798 1784 826 τις
1799 781 1886 833 μετὰ
1903 780 2080 833 ἀκριὸείας
2100 778 2269 824 ἐξετάσειε
2281 808 2291 826 ,
2308 777 2367 815 καὶ

1345 841 1458 886 ἄλλως
1481 847 1502 889 ἡ
1523 843 1626 894 ἀργία
1660 842 1866 896 διαφθείρειν
1895 845 1988 892 ἡμᾶς
2019 840 2137 888 εἴωθε,
2168 839 2226 878 καὶ
2258 837 2366 877 πολὺν

1345 903 1511 956 παρέχειν
1528 903 1585 941 τὸν
1601 903 1716 942 πόνον.
1734 903 1803 942 Καὶ
1823 905 1851 941 εἰ
1870 903 1982 954 βούλει
1996 933 2006 950 ,
2027 901 2285 954 συγκλείσωμεν
2303 899 2366 937 ἅν-

1346 965 1408 1015 δρα
1426 995 1435 1011 ,
1455 964 1633 1017 τρέφοντες
1653 965 1754 1003 αὐτὸν
1774 964 1889 1014 μόνον,
1905 963 1966 1001 καὶ
1994 962 2256 1015 γαστρίζοντες,
2278 960 2367 1012 μήτε

1344 1025 1494 1076 βαδίζειν
1510 1026 1612 1064 αὐτὸν
1630 1029 1751 1070 ἐῶντες
1764 1057 1773 1074 ,
1790 1025 1878 1076 μηδὲ
1896 1027 1942 1068 εἰς
1961 1025 2057 1077 ἔργον
2073 1024 2247 1080 ἐξάγοντες
2260 1039 2267 1046 ·
2287 1023 2365 1061 ἀλλ’

1342 1087 1547 1125 ἀπολαυέτω
1566 1087 1738 1139 τραπέζης
1752 1087 1812 1126 καὶ
1834 1087 1952 1134 κλίνης
1967 1117 1977 1135 ,
1994 1088 2051 1125 καὶ
2071 1085 2234 1138 τρυφάτω
2255 1086 2365 1131 διηνε-

1341 1150 1409 1190 κῶς
1426 1163 1432 1169 ·
1459 1147 1518 1184 καὶ
1537 1147 1570 1184 τί
1589 1147 1716 1193 ταύτης
1732 1151 1793 1194 τῆς
1812 1151 1900 1194 ζωῆς
1920 1147 2126 1199 ἀθλιώτερον
2147 1147 2271 1198 γένοιτ’
2292 1147 2333 1184 &v
2350 1161 2359 1190 3

1342 1207 1432 1244 Ἀλλ’
1455 1206 1569 1259 ἕτερον
1586 1208 1625 1245 τὸ
1645 1208 1865 1261 ἐργάζεσθαι,
1881 1208 1965 1259 φησὶ
1977 1238 1986 1254 ,
2001 1208 2060 1245 καὶ
2077 1207 2192 1260 ἕτερον
2211 1208 2274 1246 ἶ’τὸ
2295 1223 2362 1245 πο-

1341 1275 1419 1307 νεῖν.
1437 1268 1527 1306 Ἀλλ’
1546 1264 1588 1316 ἦν
1607 1269 1685 1307 τότε
1705 1269 1907 1321 ἐργάζεσθαι
1921 1268 2028 1321 χωρὶς
2052 1268 2178 1306 πόνων.
2204 1268 2274 1306 Καὶ
2294 1268 2362 1315 ἔνι,

1340 1330 1444 1382 φησὶ,
1463 1334 1586 1378 τοῦτο,
1616 1330 1708 1376 Ναὶ,
1741 1331 1811 1368 ἔνι·
1840 1335 1939 1369 τοῦτο
1958 1329 2017 1367 καὶ
2036 1332 2053 1367 ὃ
2073 1329 2162 1372 Θεὸς
2180 1329 2362 1376 ἠθέλησεν,

1340 1392 1430 1431 ἀλλὰ
1451 1391 1490 1430 σὺ
1508 1393 1570 1430 οὐκ
1585 1392 1747 1445 ἠνέσχου.
1768 1391 1837 1431 Διὰ
1858 1396 1958 1430 τοῦτο
1982 1390 2082 1438 ἔθηκε
2099 1396 2178 1442 γοῦν
2200 1407 2237 1430 σε
2254 1390 2363 1444 ἐργά-

1339 1455 1455 1497 ζεσθαι
1474 1453 1531 1492 τὸν
1552 1453 1776 1506 παράδεισον,
1807 1452 1971 1505 ἐργασίαν
1999 1452 2059 1504 μὲν
2087 1452 2228 1504 ὁρίσας,
2258 1451 2361 1490 πόνον

1339 1514 1374 1553 δὲ
1394 1516 1455 1553 οὐκ
1475 1515 1659 1566 ἀναμίξας.
1676 1517 1729 1554 Οὐ
1749 1515 1816 1568 γὰρ
1837 1515 1890 1563 ἂν,
1911 1514 2009 1566 εἴπερ
2029 1513 2142 1552 ἐπόνει
2171 1513 2268 1565 παρὰ
2297 1513 2361 1560 τὴν

1338 1574 1450 1628 ἀρχὴν
1479 1579 1496 1613 ὃ
1528 1576 1722 1628 ἅνθρωπος,
1746 1579 1846 1614 τοῦτο
1879 1577 1912 1613 ἐν
1938 1575 2113 1626 ἐπιτιμίου
2143 1576 2241 1626 μέρει
2270 1574 2360 1625 μετὰ

1336 1641 1444 1674 ταῦτα
1463 1636 1594 1683 ἔθηκεν.
1615 1635 1720 1675 ’Έστι
1738 1637 1804 1689 γὰρ
1829 1636 1889 1675 καὶ
1908 1635 2112 1688 ἐργάζεσθαι
2143 1635 2201 1673 καὶ
2225 1634 2273 1686 μὴ
2297 1651 2360 1672 τα-

1335 1699 1588 1750 λαιπωρεῖσθαι
1602 1729 1611 1747 ,
1631 1697 1748 1750 ὥσπερ
1766 1701 1796 1736 οἱ
1822 1698 1972 1750 ἄγγελοι.
1994 1696 2080 1735 “Ort
2105 1696 2173 1748 γὰρ
2202 1695 2359 1748 ἐργάζον-

1336 1774 1418 1806 ται,
1441 1759 1585 1798 ἄκουσον
1608 1759 1641 1796 τί
1668 1775 1772 1811 φησι·
1797 1758 1945 1796 Δυνατοὶ
1974 1757 2086 1810 ἰσχύϊ,
2106 1761 2282 1800 ποιοῦντες
2300 1757 2359 1795 τὸν

1335 1820 1435 1870 λόγον
1464 1823 1578 1859 αὐτοῦ.
1606 1822 1677 1858 Νῦν
1699 1820 1759 1870 μὲν
1781 1820 1847 1872 γὰρ
1866 1825 1887 1867 ἦ
1909 1823 1971 1866 τῆς
1991 1818 2110 1871 ἰσχύος
2126 1818 2237 1857 ἔνδεια
2251 1817 2358 1857 πολὺν

1335 1881 1392 1919 τὸν
1412 1880 1515 1919 πόνον
1535 1887 1646 1919 ποιεῖ·
1666 1881 1743 1919 τότε
1764 1881 1799 1919 δὲ
1817 1881 1931 1919 οὐκέτι
1946 1885 2046 1919 τοῦτο
2063 1874 2118 1926 ἦν.
2138 1878 2182 1918 Ὁ
2199 1878 2266 1931 γὰρ
2283 1882 2358 1918 εἰσ-

1336 1939 1441 1979 ελθὼν
1452 1944 1499 1984 εἷς
1513 1942 1575 1988 τὴν
1589 1942 1808 1980 κατάπαυσιν
1825 1944 1939 1989 αὐτοῦ,
1956 1940 2183 1988 Κατέπαυσε,
2198 1940 2300 1992 φησὶ,
2311 1942 2358 1984 ὡς

1336 2003 1405 2041 ἀπὸ
1420 2006 1488 2041 τῶν
1507 2004 1616 2055 ἔργων
1637 2006 1740 2042 αὐτοῦ
1752 2035 1761 2052 ,
1787 2002 1906 2055 ὥσπερ
1930 2003 1999 2041 ἀπὸ
2016 2005 2083 2040 τῶν
2101 2002 2194 2040 ἰδίων
2209 2004 2225 2040 ὁ
2248 2002 2335 2045 Θεός
2350 2018 2357 2025 ·

1336 2066 1395 2102 οὐκ
1412 2063 1534 2116 ἀργίαν
1554 2064 1664 2115 λέγων
1678 2067 1842 2110 ἐνταῦθα,
1862 2063 1952 2102 ἀλλὰ
1970 2064 2009 2101 τὸ
2030 2063 2077 2114 μὴ
2095 2068 2222 2100 πονεῖν.
2236 2061 2280 2100 Ὁ
2290 2062 2358 2114 γὰρ

1336 2125 1424 2167 Θεὸς
1440 2125 1489 2162 ἔτι
1505 2125 1563 2162 καὶ
1580 2130 1638 2163 νῦν
1651 2125 1845 2177 ἐργάζεται,
1859 2123 1973 2167 καθὼς
1987 2122 2164 2176 ὃΧριστός
2183 2138 2300 2175 φησιν·
2311 2122 2356 2161 ‘O

1336 2186 1463 2238 Πατήρ
1484 2203 1548 2237 μου
1559 2187 1623 2231 ἕως
1639 2187 1717 2239 ἄρτι
1736 2188 1935 2239 ἐργάζεται,
1951 2185 2048 2236 κάγὼ
2066 2184 2266 2237 ἐργάζομαι.
2289 2184 2359 2223 Διὰ

1335 2254 1435 2288 τοῦτο
1450 2253 1621 2301 παραινῶ,
1633 2250 1747 2288 πάντα
1767 2249 1998 2300 ἀποθεμένους
2011 2248 2055 2287 τὰ
2070 2252 2130 2295 τῆς
2150 2247 2335 2302 ὀλιγωρίας
2347 2278 2356 2293 ,

1335 2312 1456 2356 ζηλοῦν
1477 2310 1540 2357 τὴν
1562 2311 1699 2363 ἀρετήν.
1712 2313 1786 2357 Τῆς
1805 2310 1866 2361 μὲν
1880 2309 1946 2363 γὰρ
1965 2309 2087 2352 κακίας
2102 2312 2123 2354 ἡ
2143 2308 2249 2355 ἡδονὴ
2267 2311 2357 2361 βρα-

1335 2378 1432 2424 χεῖα,
1453 2375 1474 2418 ἡ
1501 2371 1535 2410 δὲ
1554 2372 1646 2418 λύπη
1666 2372 1844 2418 διηνεκής·
1868 2375 1929 2418 τῆς
1949 2371 1983 2409 δὲ
2016 2373 2141 2423 ἀρετ-ἠς
2161 2370 2357 2409 τούναντίον

1336 2433 1472 2485 ἀγήρως
1488 2437 1509 2480 ἡ
1528 2432 1642 2486 χαρὰ,
1657 2435 1715 2471 καὶ
1730 2433 1940 2486 πρόσκαιρος
1959 2435 1976 2470 ὃ
1990 2431 2104 2474 πόνος.
2122 2431 2276 2478 Κάκείνη
2296 2431 2357 2482 μὲν

1334 2495 1393 2533 καὶ
1411 2495 1478 2545 πρὸ
1492 2498 1559 2533 τῶν
1576 2494 1752 2546 στεφάνων
1772 2495 1829 2533 τὸν
1848 2493 1996 2546 ἐργάτην
2014 2493 2129 2540 ἀνίησι
2143 2492 2201 2530 τὸν
2219 2495 2357 2541 ἑαυτῆς,

1333 2563 1408 2600 ταῖς
1424 2556 1540 2594 ἐλπίσι
1557 2555 1730 2608 τρέφουσα
1747 2571 1753 2578 ·
1776 2555 1864 2602 αὕτη
1886 2556 1922 2594 δὲ
1943 2554 2001 2593 καὶ
2021 2555 2090 2607 πρὸ
2105 2558 2168 2601 τῆς
2182 2554 2358 2597 κολάσεως

1332 2623 1536 2670 τιμωρεῖται
1561 2617 1617 2655 τὸν
1639 2619 1762 2664 ἑαυτῆς
1783 2617 1944 2671 ἐργάτην,
1961 2617 1999 2654 τὸ
2029 2616 2179 2659 συνειδὸς
2199 2615 2356 2668 ἅγχουσα

1332 2679 1390 2716 καὶ
1410 2679 1678 2729 ἐκδειματοῧσα,
1695 2679 1753 2716 καὶ
1773 2679 1889 2716 πάντα
1904 2677 2111 2716 ὑποπτεύειν
2130 2676 2355 2727 παρασκευά-

1331 2744 1449 2785 ζουσα.
1481 2740 1604 2779 Καίτοι
1634 2740 1752 2778 πόσων
1774 2745 1883 2778 ταῦτα
1906 2739 2035 2787 πόνων,
2058 2738 2175 2777 πόσων
2197 2737 2353 2791 ἱδρώτων

1329 2802 1493 2854 χείρονα,
1511 2803 1556 2839 Εἰ
1573 2800 1607 2839 δὲ
1624 2800 1671 2852 μὴ
1690 2805 1801 2839 ταῦτα
1816 2795 1871 2847 ἦν,
1886 2799 1991 2847 ἡδονὴ
2011 2799 2045 2837 δὲ
2061 2793 2121 2845 ἦν
2138 2798 2171 2836 τί
2188 2802 2250 2845 τῆς
2266 2800 2351 2845 ἡδο-

1329 2867 1389 2910 νῆς
1407 2862 1538 2909 ἐκείνης
1553 2861 1809 2913 εὐτελέστερον,
1831 2861 1944 2911 Ὁμοῦ
1958 2876 1995 2898 τε
2015 2859 2083 2911 γὰρ
2099 2859 2278 2911 φαίνεται,
2295 2860 2354 2898 καὶ

1331 2923 1523 2976 ἀφίπταται
1544 2922 1801 2975 μαραινομένη,
1818 2921 1877 2959 καὶ
1898 2920 2070 2973 φεύγουσα
2089 2920 2157 2972 πρὸ
2172 2923 2230 2958 τοῦ
2247 2935 2353 2958 κατα-

1330 2989 1517 3037 σχεθῆναι,
1533 2984 1596 3022 κᾶν
1613 2983 1676 3031 τὴν
1697 2987 1764 3021 τῶν
1786 2983 1958 3033 σωμάτων
1979 2981 2078 3033 εἴπῃς
2095 3012 2103 3029 ,
2126 2982 2189 3019 κᾶν
2209 2980 2271 3028 τὴν
2291 2984 2354 3027 τ’ῆς

1328 3048 1477 3099 τρυφῆς,
1501 3045 1564 3083 κᾶν
1592 3045 1654 3091 τὴν
1685 3047 1752 3082 τῶν
1778 3043 1971 3096 χρημάτων
1990 3059 1997 3066 ·
2031 3045 2068 3080 οὐ
2089 3041 2257 3081 παύονται
2285 3041 2352 3093 γὰρ

1328 3115 1404 3150 καθ’
1426 3112 1560 3164 ἡμέραν
1575 3114 1744 3163 γηρῶσαι.
1760 3109 1875 3149 “Omv
1896 3110 1932 3147 δὲ
1952 3110 2010 3148 καὶ
2028 3109 2170 3152 κόλασις
2188 3103 2211 3160 ᾗ
2226 3109 2284 3146 καὶ
2301 3124 2351 3146 τι-

1329 3179 1443 3231 μωρία
1457 3210 1466 3225 ,
1486 3179 1520 3217 τί
1538 3178 1661 3230 γένοιτ’
1685 3177 1724 3215 ἂν
1745 3176 1954 3229 ἀθλιώτερον
1970 3179 2039 3214 τῶν
2059 3175 2189 3221 ταύτην
2211 3175 2350 3225 μετιόν-

1326 3263 1414 3294 των,
1435 3248 1557 3285 Ταῦτα
1588 3240 1643 3284 οὖν
1677 3245 1826 3292 εἰδότες,
1855 3245 1991 3283 ἅπαντα
2012 3242 2098 3294 ὑπὲρ
2129 3246 2190 3288 τῆς
2225 3243 2350 3294 ἀρετῆς

1370 3402 1444 3431 J-«Yst'.
