<?xml version="1.0" encoding="UTF-8"?>
<!DOCTYPE html PUBLIC "-//W3C//DTD XHTML 1.0 Transitional//EN"
    "http://www.w3.org/TR/xhtml1/DTD/xhtml1-transitional.dtd">
<html xmlns="http://www.w3.org/1999/xhtml" xml:lang="en" lang="en">
 <head>
  <title>
</title>
<meta http-equiv="Content-Type" content="text/html;charset=utf-8" />
  <meta name='ocr-system' content='tesseract 3.04.00' />
  <meta name='ocr-capabilities' content='ocr_page ocr_carea ocr_par ocr_line ocrx_word'/>
</head>
<body>
  <div class='ocr_page' id='page_1' title='image "./operaomniaquaeex08johnuoft_0393.png"; bbox 0 0 2481 3678; ppageno 0'>
   <div class='ocr_carea' id='block_1_1' title="bbox 733 210 1586 258">
    <p class='ocr_par' dir='ltr' id='par_1_1' title="bbox 733 210 1586 258">
     <span class='ocr_line' id='line_1_1' title="bbox 733 210 1586 258; baseline -0.006 0"><span class='ocrx_word' id='word_1_1' title='bbox 733 229 775 257; x_wconf 84' lang='lat' dir='ltr'>IN</span> <span class='ocrx_word' id='word_1_2' title='bbox 819 227 1027 258; x_wconf 66' lang='lat' dir='ltr'>JOANNEM</span> <span class='ocrx_word' id='word_1_3' title='bbox 1066 227 1220 256; x_wconf 76' lang='lat' dir='ltr'>nomn..</span> <span class='ocrx_word' id='word_1_4' title='bbox 1264 225 1353 254; x_wconf 74' lang='lat' dir='ltr'>mv.</span> <span class='ocrx_word' id='word_1_5' title='bbox 1394 210 1452 254; x_wconf 73' lang='grc'>31.</span> <span class='ocrx_word' id='word_1_6' title='bbox 1494 225 1586 254; x_wconf 75' lang='lat' dir='ltr'>Lm.</span> 
     </span>
    </p>
   </div>
   <div class='ocr_carea' id='block_1_2' title="bbox 108 308 1130 424">
    <p class='ocr_par' dir='ltr' id='par_1_2' title="bbox 108 308 1130 424">
     <span class='ocr_line' id='line_1_2' title="bbox 108 308 1130 365; baseline -0.006 -14"><span class='ocrx_word' id='word_1_7' title='bbox 108 313 201 365; x_wconf 77' lang='grc' dir='ltr'>Θεῷ.</span> <span class='ocrx_word' id='word_1_8' title='bbox 223 312 274 350; x_wconf 72' lang='grc' dir='ltr'>Τὸ</span> <span class='ocrx_word' id='word_1_9' title='bbox 297 312 349 359; x_wconf 78' lang='grc' dir='ltr'>δὲ,</span> <span class='ocrx_word' id='word_1_10' title='bbox 379 310 560 357; x_wconf 61' lang='grc' dir='ltr'>’κἶξ’ἧλθον,</span> <span class='ocrx_word' id='word_1_11' title='bbox 587 309 755 348; x_wconf 87' lang='grc' dir='ltr'>δείκνυσιν</span> <span class='ocrx_word' id='word_1_12' title='bbox 774 310 876 348; x_wconf 80' lang='grc' dir='ltr'>αὐτὸν</span> <span class='ocrx_word' id='word_1_13' title='bbox 893 311 1019 347; x_wconf 79' lang='grc' dir='ltr'>ἐκεῖθεν</span> <span class='ocrx_word' id='word_1_14' title='bbox 1033 308 1130 346; x_wconf 79' lang='grc' dir='ltr'>ὄντα.</span> 
     </span>
     <span class='ocr_line' id='line_1_3' title="bbox 111 369 1130 424; baseline -0.004 -14"><span class='ocrx_word' id='word_1_15' title='bbox 111 371 276 418; x_wconf 70' lang='grc' dir='ltr'>Ἐξῆλθον</span> <span class='ocrx_word' id='word_1_16' title='bbox 297 371 332 410; x_wconf 83' lang='grc' dir='ltr'>δὲ</span> <span class='ocrx_word' id='word_1_17' title='bbox 345 371 455 424; x_wconf 81' lang='grc' dir='ltr'>λέγει,</span> <span class='ocrx_word' id='word_1_18' title='bbox 469 370 530 418; x_wconf 85' lang='grc' dir='ltr'>τὴν</span> <span class='ocrx_word' id='word_1_19' title='bbox 547 370 632 424; x_wconf 80' lang='grc' dir='ltr'>πρὸς</span> <span class='ocrx_word' id='word_1_20' title='bbox 648 369 741 421; x_wconf 76' lang='grc' dir='ltr'>ἦμᾶς</span> <span class='ocrx_word' id='word_1_21' title='bbox 756 370 869 423; x_wconf 75' lang='grc' dir='ltr'>ἄφιξιν</span> <span class='ocrx_word' id='word_1_22' title='bbox 888 369 1130 419; x_wconf 77' lang='grc' dir='ltr'>αἰνιττόμενος·</span> 
     </span>
    </p>
   </div>
   <div class='ocr_carea' id='block_1_3' title="bbox 2103 213 2188 271">
    <p class='ocr_par' dir='ltr' id='par_1_3' title="bbox 2103 213 2188 271">
     <span class='ocr_line' id='line_1_4' title="bbox 2103 213 2188 271; baseline 0.024 -16"><span class='ocrx_word' id='word_1_23' title='bbox 2103 213 2188 271; x_wconf 61' lang='lat'>367</span> 
     </span>
    </p>
   </div>
   <div class='ocr_carea' id='block_1_4' title="bbox 1202 304 2192 416">
    <p class='ocr_par' dir='ltr' id='par_1_4' title="bbox 1202 304 2192 416">
     <span class='ocr_line' id='line_1_5' title="bbox 1204 304 2192 355; baseline 0.002 -12"><span class='ocrx_word' id='word_1_24' title='bbox 1204 304 1285 343; x_wconf 90' lang='lat' dir='ltr'>inde</span> <span class='ocrx_word' id='word_1_25' title='bbox 1309 305 1455 342; x_wconf 85' lang='lat' dir='ltr'>venisse.</span> <span class='ocrx_word' id='word_1_26' title='bbox 1481 305 1600 342; x_wconf 71' lang='lat' dir='ltr'>Easz&#39;vi</span> <span class='ocrx_word' id='word_1_27' title='bbox 1623 304 1940 342; x_wconf 78' lang='lat' dir='ltr'>enim·su})indicat</span> <span class='ocrx_word' id='word_1_28' title='bbox 1964 307 2038 355; x_wconf 80' lang='lat' dir='ltr'>ejus</span> <span class='ocrx_word' id='word_1_29' title='bbox 2064 307 2107 343; x_wconf 81' lang='lat' dir='ltr'>ad</span> <span class='ocrx_word' id='word_1_30' title='bbox 2132 322 2192 345; x_wconf 84' lang='lat' dir='ltr'>nos</span> 
     </span>
     <span class='ocr_line' id='line_1_6' title="bbox 1202 365 2191 416; baseline 0.001 -12"><span class='ocrx_word' id='word_1_31' title='bbox 1202 365 1513 412; x_wconf 78' lang='lat' dir='ltr'>adventiun.Quia</span> <span class='ocrx_word' id='word_1_32' title='bbox 1526 374 1644 403; x_wconf 86' lang='lat' dir='ltr'>autem</span> <span class='ocrx_word' id='word_1_33' title='bbox 1662 365 1902 404; x_wconf 84' lang='lat' dir='ltr'>verisimiliter</span> <span class='ocrx_word' id='word_1_34' title='bbox 1925 366 2055 404; x_wconf 86' lang='lat' dir='ltr'>dicturi</span> <span class='ocrx_word' id='word_1_35' title='bbox 2083 379 2191 416; x_wconf 86' lang='lat' dir='ltr'>erant,</span> 
     </span>
    </p>
   </div>
   <div class='ocr_carea' id='block_1_5' title="bbox 110 426 2189 480">
    <p class='ocr_par' dir='ltr' id='par_1_5' title="bbox 110 426 2189 480">
     <span class='ocr_line' id='line_1_7' title="bbox 110 426 2189 480; baseline -0.003 -9"><span class='ocrx_word' id='word_1_36' title='bbox 110 433 256 480; x_wconf 78' lang='grc' dir='ltr'>Ἐπειδὴ</span> <span class='ocrx_word' id='word_1_37' title='bbox 276 433 311 471; x_wconf 79' lang='grc' dir='ltr'>δὲ</span> <span class='ocrx_word' id='word_1_38' title='bbox 331 433 420 476; x_wconf 78' lang='grc' dir='ltr'>εἰκὸς</span> <span class='ocrx_word' id='word_1_39' title='bbox 447 427 489 479; x_wconf 69' lang='grc' dir='ltr'>ἦν</span> <span class='ocrx_word' id='word_1_40' title='bbox 515 431 634 474; x_wconf 73' lang='grc' dir='ltr'>αὐτοὺς</span> <span class='ocrx_word' id='word_1_41' title='bbox 664 433 782 478; x_wconf 80' lang='grc' dir='ltr'>εἰπεῖν,</span> <span class='ocrx_word' id='word_1_42' title='bbox 803 431 856 469; x_wconf 79' lang='grc' dir='ltr'>ὅτι</span> <span class='ocrx_word' id='word_1_43' title='bbox 876 430 953 474; x_wconf 80' lang='grc' dir='ltr'>ξένα</span> <span class='ocrx_word' id='word_1_44' title='bbox 973 429 1050 467; x_wconf 77' lang='grc' dir='ltr'>τινὰ</span> <span class='ocrx_word' id='word_1_45' title='bbox 1077 428 1132 466; x_wconf 80' lang='grc' dir='ltr'>λε’·</span> <span class='ocrx_word' id='word_1_46' title='bbox 1153 443 1179 471; x_wconf 81' lang='grc' dir='ltr'><strong>Α</strong></span> <span class='ocrx_word' id='word_1_47' title='bbox 1203 427 1327 465; x_wconf 87' lang='lat' dir='ltr'>Aliena</span> <span class='ocrx_word' id='word_1_48' title='bbox 1353 437 1387 465; x_wconf 89' lang='lat' dir='ltr'>et</span> <span class='ocrx_word' id='word_1_49' title='bbox 1412 441 1502 466; x_wconf 85' lang='lat' dir='ltr'>nova</span> <span class='ocrx_word' id='word_1_50' title='bbox 1532 426 1708 478; x_wconf 87' lang='lat' dir='ltr'>loqueris,</span> <span class='ocrx_word' id='word_1_51' title='bbox 1729 441 1765 465; x_wconf 87' lang='lat' dir='ltr'>se</span> <span class='ocrx_word' id='word_1_52' title='bbox 1790 441 1808 464; x_wconf 88' lang='lat' dir='ltr'>a</span> <span class='ocrx_word' id='word_1_53' title='bbox 1828 428 1903 465; x_wconf 88' lang='lat' dir='ltr'>Deo</span> <span class='ocrx_word' id='word_1_54' title='bbox 1930 427 2067 466; x_wconf 86' lang='lat' dir='ltr'>venisse</span> <span class='ocrx_word' id='word_1_55' title='bbox 2091 428 2189 466; x_wconf 82' lang='lat' dir='ltr'>dicit.</span> 
     </span>
    </p>
   </div>
   <div class='ocr_carea' id='block_1_6' title="bbox 109 489 1139 1703">
    <p class='ocr_par' dir='ltr' id='par_1_6' title="bbox 109 489 1139 1703">
     <span class='ocr_line' id='line_1_8' title="bbox 109 489 1131 546; baseline -0.007 -14"><span class='ocrx_word' id='word_1_56' title='bbox 109 510 179 546; x_wconf 88' lang='grc' dir='ltr'>γεις</span> <span class='ocrx_word' id='word_1_57' title='bbox 198 497 281 532; x_wconf 68' lang='lat' dir='ltr'>“xcxi</span> <span class='ocrx_word' id='word_1_58' title='bbox 295 492 398 532; x_wconf 83' lang='grc' dir='ltr'>καινὰ</span> <span class='ocrx_word' id='word_1_59' title='bbox 412 524 420 540; x_wconf 92' lang='grc'>,</span> <span class='ocrx_word' id='word_1_60' title='bbox 437 492 534 545; x_wconf 81' lang='grc' dir='ltr'>παρὰ</span> <span class='ocrx_word' id='word_1_61' title='bbox 552 498 610 531; x_wconf 72' lang='grc' dir='ltr'>τοῦ</span> <span class='ocrx_word' id='word_1_62' title='bbox 629 495 720 530; x_wconf 76' lang='grc' dir='ltr'>Θεοῦ</span> <span class='ocrx_word' id='word_1_63' title='bbox 735 507 838 544; x_wconf 68' lang='grc' dir='ltr'>φησιν</span> <span class='ocrx_word' id='word_1_64' title='bbox 852 491 961 537; x_wconf 74' lang='grc' dir='ltr'>ἥκειν.</span> <span class='ocrx_word' id='word_1_65' title='bbox 977 489 1131 532; x_wconf 75' lang='grc' dir='ltr'>Εἰκότως</span> 
     </span>
     <span class='ocr_line' id='line_1_9' title="bbox 110 549 1131 606; baseline -0.007 -13"><span class='ocrx_word' id='word_1_66' title='bbox 110 549 167 593; x_wconf 59' lang='grc' dir='ltr'>οὖν</span> <span class='ocrx_word' id='word_1_67' title='bbox 199 558 260 593; x_wconf 76' lang='grc' dir='ltr'>οὐκ</span> <span class='ocrx_word' id='word_1_68' title='bbox 280 555 419 593; x_wconf 77' lang='grc' dir='ltr'>ἀκούετε</span> <span class='ocrx_word' id='word_1_69' title='bbox 436 556 564 599; x_wconf 80' lang='grc' dir='ltr'>αὐτῶν,</span> <span class='ocrx_word' id='word_1_70' title='bbox 583 555 698 606; x_wconf 63' lang='grc' dir='ltr'>φησὶν,</span> <span class='ocrx_word' id='word_1_71' title='bbox 719 556 758 591; x_wconf 83' lang='grc' dir='ltr'>ἐκ</span> <span class='ocrx_word' id='word_1_72' title='bbox 772 557 830 591; x_wconf 77' lang='grc' dir='ltr'>τοῦ</span> <span class='ocrx_word' id='word_1_73' title='bbox 849 551 1010 589; x_wconf 64' lang='grc' dir='ltr'>διαὲόλου</span> <span class='ocrx_word' id='word_1_74' title='bbox 1025 550 1131 592; x_wconf 80' lang='grc' dir='ltr'>ὄντες.</span> 
     </span>
     <span class='ocr_line' id='line_1_10' title="bbox 110 610 1132 672; baseline -0.01 -16"><span class='ocrx_word' id='word_1_75' title='bbox 110 617 214 661; x_wconf 84' lang='grc' dir='ltr'>Τίνος</span> <span class='ocrx_word' id='word_1_76' title='bbox 228 617 294 670; x_wconf 81' lang='grc' dir='ltr'>γὰρ</span> <span class='ocrx_word' id='word_1_77' title='bbox 309 617 422 655; x_wconf 76' lang='grc' dir='ltr'>ἕνεκεν</span> <span class='ocrx_word' id='word_1_78' title='bbox 444 620 634 669; x_wconf 75' lang='grc' dir='ltr'>ἀναιρεῖτε,</span> <span class='ocrx_word' id='word_1_79' title='bbox 656 614 690 652; x_wconf 86' lang='grc' dir='ltr'>τί</span> <span class='ocrx_word' id='word_1_80' title='bbox 709 615 843 666; x_wconf 78' lang='grc' dir='ltr'>ἔχοντες</span> <span class='ocrx_word' id='word_1_81' title='bbox 862 610 1070 663; x_wconf 74' lang='grc' dir='ltr'>ἐγκαλέσαι,</span> <span class='ocrx_word' id='word_1_82' title='bbox 1087 612 1132 672; x_wconf 70' lang='grc' dir='ltr'>1Ξί</span> 
     </span>
     <span class='ocr_line' id='line_1_11' title="bbox 111 671 1131 729; baseline -0.011 -11"><span class='ocrx_word' id='word_1_83' title='bbox 111 678 160 729; x_wconf 84' lang='grc' dir='ltr'>μὴ</span> <span class='ocrx_word' id='word_1_84' title='bbox 183 678 284 717; x_wconf 78' lang='grc' dir='ltr'>τοῦτο’</span> <span class='ocrx_word' id='word_1_85' title='bbox 306 680 398 726; x_wconf 80' lang='grc' dir='ltr'>ἐστι,</span> <span class='ocrx_word' id='word_1_86' title='bbox 427 677 519 715; x_wconf 85' lang='grc' dir='ltr'>διατί</span> <span class='ocrx_word' id='word_1_87' title='bbox 546 679 582 715; x_wconf 85' lang='grc' dir='ltr'>οὐ</span> <span class='ocrx_word' id='word_1_88' title='bbox 602 673 778 714; x_wconf 81' lang='grc' dir='ltr'>πιστεύετέ</span> <span class='ocrx_word' id='word_1_89' title='bbox 809 689 888 722; x_wconf 87' lang='grc' dir='ltr'>μοι;</span> <span class='ocrx_word' id='word_1_90' title='bbox 919 671 1043 714; x_wconf 79' lang='grc' dir='ltr'>Οὕτως</span> <span class='ocrx_word' id='word_1_91' title='bbox 1073 674 1131 708; x_wconf 83' lang='grc' dir='ltr'>οὐν</span> 
     </span>
     <span class='ocr_line' id='line_1_12' title="bbox 110 731 1133 785; baseline -0.007 -10"><span class='ocrx_word' id='word_1_92' title='bbox 110 739 232 782; x_wconf 74' lang='grc' dir='ltr'>αὐτοὺς</span> <span class='ocrx_word' id='word_1_93' title='bbox 259 739 358 783; x_wconf 82' lang='grc' dir='ltr'>ὄντας</span> <span class='ocrx_word' id='word_1_94' title='bbox 391 741 429 777; x_wconf 82' lang='grc' dir='ltr'>ἐκ</span> <span class='ocrx_word' id='word_1_95' title='bbox 460 742 519 776; x_wconf 76' lang='grc' dir='ltr'>τοῦ</span> <span class='ocrx_word' id='word_1_96' title='bbox 547 736 707 775; x_wconf 61' lang='grc' dir='ltr'>διαὲόλου</span> <span class='ocrx_word' id='word_1_97' title='bbox 730 735 798 772; x_wconf 80' lang='grc' dir='ltr'>ἀπὸ</span> <span class='ocrx_word' id='word_1_98' title='bbox 828 737 886 771; x_wconf 80' lang='grc' dir='ltr'>τοῦ</span> <span class='ocrx_word' id='word_1_99' title='bbox 907 732 1049 785; x_wconf 81' lang='grc' dir='ltr'>ψεύδους</span> <span class='ocrx_word' id='word_1_100' title='bbox 1073 731 1133 769; x_wconf 79' lang='grc' dir='ltr'>καὶ</span> 
     </span>
     <span class='ocr_line' id='line_1_13' title="bbox 110 791 1131 849; baseline -0.008 -15"><span class='ocrx_word' id='word_1_101' title='bbox 110 801 169 835; x_wconf 79' lang='grc' dir='ltr'>τοῦ</span> <span class='ocrx_word' id='word_1_102' title='bbox 207 797 307 849; x_wconf 72' lang='grc' dir='ltr'>φόνου</span> <span class='ocrx_word' id='word_1_103' title='bbox 340 797 471 844; x_wconf 82' lang='grc' dir='ltr'>δείξας,</span> <span class='ocrx_word' id='word_1_104' title='bbox 500 795 603 839; x_wconf 79' lang='grc' dir='ltr'>ἔδειξε</span> <span class='ocrx_word' id='word_1_105' title='bbox 634 794 693 832; x_wconf 80' lang='grc' dir='ltr'>καὶ</span> <span class='ocrx_word' id='word_1_106' title='bbox 721 792 920 845; x_wconf 80' lang='grc' dir='ltr'>ἀλλοτρίους</span> <span class='ocrx_word' id='word_1_107' title='bbox 947 791 1047 834; x_wconf 80' lang='grc' dir='ltr'>ὄντας</span> <span class='ocrx_word' id='word_1_108' title='bbox 1071 793 1131 827; x_wconf 79' lang='grc' dir='ltr'>τοῦ</span> 
     </span>
     <span class='ocr_line' id='line_1_14' title="bbox 110 852 1133 910; baseline -0.007 -14"><span class='ocrx_word' id='word_1_109' title='bbox 110 857 272 910; x_wconf 62' lang='grc' dir='ltr'>Ἀδραὰμ</span> <span class='ocrx_word' id='word_1_110' title='bbox 302 858 362 896; x_wconf 87' lang='grc' dir='ltr'>καὶ</span> <span class='ocrx_word' id='word_1_111' title='bbox 395 861 454 894; x_wconf 74' lang='grc' dir='ltr'>τοῦ</span> <span class='ocrx_word' id='word_1_112' title='bbox 490 859 582 895; x_wconf 77' lang='grc' dir='ltr'>Θεοῦ</span> <span class='ocrx_word' id='word_1_113' title='bbox 597 885 606 902; x_wconf 84' lang='grc'>,</span> <span class='ocrx_word' id='word_1_114' title='bbox 652 854 721 892; x_wconf 84' lang='grc' dir='ltr'>ἀπό</span> <span class='ocrx_word' id='word_1_115' title='bbox 759 869 795 891; x_wconf 92' lang='grc' dir='ltr'>τε</span> <span class='ocrx_word' id='word_1_116' title='bbox 834 858 894 891; x_wconf 73' lang='grc' dir='ltr'>τοῦ</span> <span class='ocrx_word' id='word_1_117' title='bbox 931 858 1042 904; x_wconf 80' lang='grc' dir='ltr'>μισεῖν</span> <span class='ocrx_word' id='word_1_118' title='bbox 1075 852 1133 890; x_wconf 77' lang='grc' dir='ltr'>τὸν</span> 
     </span>
     <span class='ocr_line' id='line_1_15' title="bbox 111 912 1134 966; baseline -0.007 -9"><span class='ocrx_word' id='word_1_119' title='bbox 111 919 206 957; x_wconf 80' lang='grc' dir='ltr'>οὐδὲν</span> <span class='ocrx_word' id='word_1_120' title='bbox 235 918 447 966; x_wconf 73' lang='grc' dir='ltr'>ἠδικηκότα,</span> <span class='ocrx_word' id='word_1_121' title='bbox 482 917 552 956; x_wconf 86' lang='grc' dir='ltr'>ἀπό</span> <span class='ocrx_word' id='word_1_122' title='bbox 583 933 621 954; x_wconf 86' lang='grc' dir='ltr'>τε</span> <span class='ocrx_word' id='word_1_123' title='bbox 647 920 705 954; x_wconf 71' lang='grc' dir='ltr'>τοί)1</span> <span class='ocrx_word' id='word_1_124' title='bbox 745 914 793 966; x_wconf 81' lang='grc' dir='ltr'>μὴ</span> <span class='ocrx_word' id='word_1_125' title='bbox 821 913 957 953; x_wconf 80' lang='grc' dir='ltr'>ἀκούειν</span> <span class='ocrx_word' id='word_1_126' title='bbox 987 914 1044 952; x_wconf 82' lang='grc' dir='ltr'>τὸν</span> <span class='ocrx_word' id='word_1_127' title='bbox 1076 912 1134 951; x_wconf 86' lang='grc' dir='ltr'>λό-</span> 
     </span>
     <span class='ocr_line' id='line_1_16' title="bbox 110 973 1136 1030; baseline -0.006 -13"><span class='ocrx_word' id='word_1_128' title='bbox 110 995 169 1030; x_wconf 92' lang='grc' dir='ltr'>γον</span> <span class='ocrx_word' id='word_1_129' title='bbox 190 981 302 1017; x_wconf 79' lang='grc' dir='ltr'>αὐτοῦ.</span> <span class='ocrx_word' id='word_1_130' title='bbox 328 978 397 1017; x_wconf 87' lang='grc' dir='ltr'>Καὶ</span> <span class='ocrx_word' id='word_1_131' title='bbox 433 977 600 1016; x_wconf 84' lang='grc' dir='ltr'>δείκνυσιν</span> <span class='ocrx_word' id='word_1_132' title='bbox 630 977 701 1015; x_wconf 83' lang='grc' dir='ltr'>ἄνω</span> <span class='ocrx_word' id='word_1_133' title='bbox 731 976 790 1014; x_wconf 86' lang='grc' dir='ltr'>καὶ</span> <span class='ocrx_word' id='word_1_134' title='bbox 819 976 938 1023; x_wconf 89' lang='grc' dir='ltr'>κάτω,</span> <span class='ocrx_word' id='word_1_135' title='bbox 974 974 1027 1013; x_wconf 80' lang='grc' dir='ltr'>ὅτι</span> <span class='ocrx_word' id='word_1_136' title='bbox 1058 973 1136 1012; x_wconf 81' lang='grc' dir='ltr'>οὔτε</span> 
     </span>
     <span class='ocr_line' id='line_1_17' title="bbox 112 1033 1135 1087; baseline -0.005 -10"><span class='ocrx_word' id='word_1_137' title='bbox 112 1039 264 1083; x_wconf 78' lang='grc' dir='ltr'>ἀντίθεος</span> <span class='ocrx_word' id='word_1_138' title='bbox 285 1033 345 1087; x_wconf 66' lang='grc' dir='ltr'>ἦν,</span> <span class='ocrx_word' id='word_1_139' title='bbox 376 1039 454 1077; x_wconf 83' lang='grc' dir='ltr'>οὔτε</span> <span class='ocrx_word' id='word_1_140' title='bbox 485 1038 541 1076; x_wconf 83' lang='grc' dir='ltr'>διὰ</span> <span class='ocrx_word' id='word_1_141' title='bbox 568 1042 669 1076; x_wconf 70' lang='grc' dir='ltr'>τοῦτο</span> <span class='ocrx_word' id='word_1_142' title='bbox 688 1039 750 1076; x_wconf 80' lang='grc' dir='ltr'>οὐκ</span> <span class='ocrx_word' id='word_1_143' title='bbox 781 1037 972 1084; x_wconf 82' lang='grc' dir='ltr'>ἐπίστευον,</span> <span class='ocrx_word' id='word_1_144' title='bbox 990 1038 1065 1074; x_wconf 79' lang='grc' dir='ltr'>ἀλλ’</span> <span class='ocrx_word' id='word_1_145' title='bbox 1083 1034 1135 1073; x_wconf 79' lang='grc' dir='ltr'>ὅτι</span> 
     </span>
     <span class='ocr_line' id='line_1_18' title="bbox 114 1095 1134 1155; baseline -0.005 -15"><span class='ocrx_word' id='word_1_146' title='bbox 114 1101 289 1155; x_wconf 83' lang='grc' dir='ltr'>ἀλλότριοι</span> <span class='ocrx_word' id='word_1_147' title='bbox 314 1095 402 1148; x_wconf 65' lang='grc' dir='ltr'>ἦσαν</span> <span class='ocrx_word' id='word_1_148' title='bbox 423 1105 482 1139; x_wconf 69' lang='grc' dir='ltr'>τοῦ</span> <span class='ocrx_word' id='word_1_149' title='bbox 507 1102 612 1138; x_wconf 73' lang='grc' dir='ltr'>Θεοῦ.</span> <span class='ocrx_word' id='word_1_150' title='bbox 635 1099 680 1137; x_wconf 74' lang='lat' dir='ltr'>‘O</span> <span class='ocrx_word' id='word_1_151' title='bbox 699 1098 766 1151; x_wconf 80' lang='grc' dir='ltr'>γὰρ</span> <span class='ocrx_word' id='word_1_152' title='bbox 790 1098 964 1150; x_wconf 75' lang='grc' dir='ltr'>ἁμαρτίαν</span> <span class='ocrx_word' id='word_1_153' title='bbox 995 1097 1043 1149; x_wconf 83' lang='grc' dir='ltr'>μὴ</span> <span class='ocrx_word' id='word_1_154' title='bbox 1068 1114 1134 1135; x_wconf 80' lang='grc' dir='ltr'>πε-</span> 
     </span>
     <span class='ocr_line' id='line_1_19' title="bbox 112 1159 1137 1215; baseline -0.005 -14"><span class='ocrx_word' id='word_1_155' title='bbox 112 1162 287 1211; x_wconf 78' lang='grc' dir='ltr'>ποιηκὼς,</span> <span class='ocrx_word' id='word_1_156' title='bbox 313 1166 330 1201; x_wconf 82' lang='grc' dir='ltr'>ὁ</span> <span class='ocrx_word' id='word_1_157' title='bbox 361 1164 472 1215; x_wconf 76' lang='grc' dir='ltr'>λέγων</span> <span class='ocrx_word' id='word_1_158' title='bbox 494 1162 613 1200; x_wconf 74' lang='grc' dir='ltr'>ἑαυτὸν</span> <span class='ocrx_word' id='word_1_159' title='bbox 643 1160 738 1207; x_wconf 76' lang='grc' dir='ltr'>ἥκειν</span> <span class='ocrx_word' id='word_1_160' title='bbox 769 1161 838 1198; x_wconf 85' lang='grc' dir='ltr'>ἀπὸ</span> <span class='ocrx_word' id='word_1_161' title='bbox 865 1163 924 1198; x_wconf 77' lang='grc' dir='ltr'>τοῦ</span> <span class='ocrx_word' id='word_1_162' title='bbox 947 1161 1058 1206; x_wconf 76' lang='grc' dir='ltr'>Θεοῦ,</span> <span class='ocrx_word' id='word_1_163' title='bbox 1077 1159 1137 1197; x_wconf 86' lang='grc' dir='ltr'>καὶ</span> 
     </span>
     <span class='ocr_line' id='line_1_20' title="bbox 113 1219 1137 1270; baseline -0.005 -8"><span class='ocrx_word' id='word_1_164' title='bbox 113 1225 241 1262; x_wconf 80' lang='grc' dir='ltr'>ἐκεῖθεν</span> <span class='ocrx_word' id='word_1_165' title='bbox 257 1224 490 1270; x_wconf 73' lang='grc' dir='ltr'>ἀπεστάλθαι,</span> <span class='ocrx_word' id='word_1_166' title='bbox 519 1227 535 1261; x_wconf 83' lang='grc' dir='ltr'><em>ὃ</em></span> <span class='ocrx_word' id='word_1_167' title='bbox 556 1222 619 1269; x_wconf 78' lang='grc' dir='ltr'>τὴν</span> <span class='ocrx_word' id='word_1_168' title='bbox 644 1222 806 1268; x_wconf 75' lang='grc' dir='ltr'>ἀλήθειαν</span> <span class='ocrx_word' id='word_1_169' title='bbox 822 1223 952 1268; x_wconf 78' lang='grc' dir='ltr'>λαλῶν,</span> <span class='ocrx_word' id='word_1_170' title='bbox 969 1221 1029 1258; x_wconf 84' lang='grc' dir='ltr'>καὶ</span> <span class='ocrx_word' id='word_1_171' title='bbox 1048 1219 1137 1259; x_wconf 77' lang='grc' dir='ltr'>οὕτω</span> 
     </span>
     <span class='ocr_line' id='line_1_21' title="bbox 110 1281 1138 1336; baseline -0.003 -14"><span class='ocrx_word' id='word_1_172' title='bbox 110 1284 173 1331; x_wconf 83' lang='grc' dir='ltr'>τὴν</span> <span class='ocrx_word' id='word_1_173' title='bbox 199 1285 362 1332; x_wconf 70' lang='grc' dir='ltr'>ἀλήθειαν</span> <span class='ocrx_word' id='word_1_174' title='bbox 382 1286 511 1332; x_wconf 75' lang='grc' dir='ltr'>λαλῶν,</span> <span class='ocrx_word' id='word_1_175' title='bbox 527 1287 573 1328; x_wconf 78' lang='grc' dir='ltr'>ὡς</span> <span class='ocrx_word' id='word_1_176' title='bbox 592 1283 725 1327; x_wconf 77' lang='grc' dir='ltr'>πάντας</span> <span class='ocrx_word' id='word_1_177' title='bbox 750 1283 835 1336; x_wconf 81' lang='grc' dir='ltr'>πρὸς</span> <span class='ocrx_word' id='word_1_178' title='bbox 862 1281 1003 1334; x_wconf 66' lang='grc' dir='ltr'>ἔλεγχον</span> <span class='ocrx_word' id='word_1_179' title='bbox 1031 1298 1138 1334; x_wconf 86' lang='grc' dir='ltr'>προσ-</span> 
     </span>
     <span class='ocr_line' id='line_1_22' title="bbox 110 1339 1138 1397; baseline -0.004 -14"><span class='ocrx_word' id='word_1_180' title='bbox 110 1347 313 1394; x_wconf 81' lang='grc' dir='ltr'>καλεῖσθαι,</span> <span class='ocrx_word' id='word_1_181' title='bbox 333 1339 407 1384; x_wconf 63' lang='grc' dir='ltr'>εἶτα</span> <span class='ocrx_word' id='word_1_182' title='bbox 434 1345 482 1397; x_wconf 86' lang='grc' dir='ltr'>μὴ</span> <span class='ocrx_word' id='word_1_183' title='bbox 510 1345 775 1395; x_wconf 83' lang='grc' dir='ltr'>πιστευόμενος,</span> <span class='ocrx_word' id='word_1_184' title='bbox 793 1342 934 1389; x_wconf 76' lang='grc' dir='ltr'>εὔδηλον</span> <span class='ocrx_word' id='word_1_185' title='bbox 955 1342 1008 1381; x_wconf 76' lang='grc' dir='ltr'>ὅτι</span> <span class='ocrx_word' id='word_1_186' title='bbox 1024 1342 1081 1380; x_wconf 77' lang='grc' dir='ltr'>διὰ</span> <span class='ocrx_word' id='word_1_187' title='bbox 1099 1342 1138 1379; x_wconf 80' lang='grc' dir='ltr'>τὸ</span> 
     </span>
     <span class='ocr_line' id='line_1_23' title="bbox 112 1397 1139 1459; baseline -0.005 -14"><span class='ocrx_word' id='word_1_188' title='bbox 112 1406 297 1459; x_wconf 77' lang='grc' dir='ltr'>σαρκικοὺς</span> <span class='ocrx_word' id='word_1_189' title='bbox 316 1406 463 1450; x_wconf 78' lang='grc' dir='ltr'>ἐκείνους</span> <span class='ocrx_word' id='word_1_190' title='bbox 481 1400 568 1444; x_wconf 62' lang='grc' dir='ltr'>εἶναι</span> <span class='ocrx_word' id='word_1_191' title='bbox 584 1408 620 1444; x_wconf 78' lang='grc' dir='ltr'>οὗ</span> <span class='ocrx_word' id='word_1_192' title='bbox 641 1405 852 1444; x_wconf 82' lang='grc' dir='ltr'>πιστεύεται.</span> <span class='ocrx_word' id='word_1_193' title='bbox 867 1398 951 1442; x_wconf 69' lang='grc' dir='ltr'>Οῗδε</span> <span class='ocrx_word' id='word_1_194' title='bbox 965 1403 1052 1456; x_wconf 79' lang='grc' dir='ltr'>γὰρ,</span> <span class='ocrx_word' id='word_1_195' title='bbox 1069 1397 1139 1441; x_wconf 63' lang='grc' dir='ltr'>οἶδε</span> 
     </span>
     <span class='ocr_line' id='line_1_24' title="bbox 110 1465 1138 1520; baseline -0.003 -15"><span class='ocrx_word' id='word_1_196' title='bbox 110 1467 275 1514; x_wconf 78' lang='grc' dir='ltr'>ταπεινὴν</span> <span class='ocrx_word' id='word_1_197' title='bbox 296 1468 411 1520; x_wconf 68' lang='grc' dir='ltr'>ψυχὴν</span> <span class='ocrx_word' id='word_1_198' title='bbox 437 1474 546 1505; x_wconf 86' lang='grc' dir='ltr'>ποιεῖν</span> <span class='ocrx_word' id='word_1_199' title='bbox 570 1467 823 1520; x_wconf 80' lang='grc' dir='ltr'>ἁμαρτήματα.</span> <span class='ocrx_word' id='word_1_200' title='bbox 853 1465 922 1503; x_wconf 84' lang='grc' dir='ltr'>Διὰ</span> <span class='ocrx_word' id='word_1_201' title='bbox 946 1465 1047 1503; x_wconf 77' lang='grc' dir='ltr'>τοῦτό</span> <span class='ocrx_word' id='word_1_202' title='bbox 1066 1480 1138 1516; x_wconf 77' lang='grc' dir='ltr'>φη-</span> 
     </span>
     <span class='ocr_line' id='line_1_25' title="bbox 111 1525 1138 1581; baseline -0.002 -17"><span class='ocrx_word' id='word_1_203' title='bbox 111 1543 177 1574; x_wconf 81' lang='grc' dir='ltr'>σιν,</span> <span class='ocrx_word' id='word_1_204' title='bbox 195 1527 296 1565; x_wconf 82' lang='grc' dir='ltr'>Ἐπεὶ</span> <span class='ocrx_word' id='word_1_205' title='bbox 315 1528 439 1581; x_wconf 81' lang='grc' dir='ltr'>νωθροὶ</span> <span class='ocrx_word' id='word_1_206' title='bbox 458 1527 621 1580; x_wconf 80' lang='grc' dir='ltr'>γεγόνατε</span> <span class='ocrx_word' id='word_1_207' title='bbox 648 1533 724 1570; x_wconf 87' lang='grc' dir='ltr'>ταῖς</span> <span class='ocrx_word' id='word_1_208' title='bbox 753 1529 874 1570; x_wconf 83' lang='grc' dir='ltr'>ἀκοαῖς</span> <span class='ocrx_word' id='word_1_209' title='bbox 898 1528 1008 1577; x_wconf 75' lang='grc' dir='ltr'>ὑμῶν.</span> <span class='ocrx_word' id='word_1_210' title='bbox 1025 1525 1138 1564; x_wconf 71' lang='grc' dir='ltr'>”Οταν</span> 
     </span>
     <span class='ocr_line' id='line_1_26' title="bbox 109 1585 1139 1641; baseline -0.002 -16"><span class='ocrx_word' id='word_1_211' title='bbox 109 1586 178 1641; x_wconf 86' lang='grc' dir='ltr'>γὰρ</span> <span class='ocrx_word' id='word_1_212' title='bbox 201 1591 269 1626; x_wconf 80' lang='grc' dir='ltr'>τῶν</span> <span class='ocrx_word' id='word_1_213' title='bbox 295 1591 329 1627; x_wconf 83' lang='grc' dir='ltr'>ἐν</span> <span class='ocrx_word' id='word_1_214' title='bbox 347 1593 390 1641; x_wconf 76' lang='grc' dir='ltr'>τῇ</span> <span class='ocrx_word' id='word_1_215' title='bbox 417 1593 462 1641; x_wconf 74' lang='grc' dir='ltr'>γῇ</span> <span class='ocrx_word' id='word_1_216' title='bbox 483 1593 710 1641; x_wconf 78' lang='grc' dir='ltr'>καταφρονεῖν</span> <span class='ocrx_word' id='word_1_217' title='bbox 730 1585 778 1638; x_wconf 84' lang='grc' dir='ltr'>μὴ</span> <span class='ocrx_word' id='word_1_218' title='bbox 798 1585 940 1634; x_wconf 85' lang='grc' dir='ltr'>δύνηταί</span> <span class='ocrx_word' id='word_1_219' title='bbox 966 1602 1035 1634; x_wconf 87' lang='grc' dir='ltr'>τις,</span> <span class='ocrx_word' id='word_1_220' title='bbox 1065 1588 1139 1629; x_wconf 83' lang='grc' dir='ltr'>πῶς</span> 
     </span>
     <span class='ocr_line' id='line_1_27' title="bbox 112 1647 896 1703; baseline 0 -18"><span class='ocrx_word' id='word_1_221' title='bbox 112 1648 200 1702; x_wconf 77' lang='grc' dir='ltr'>ὑπὲρ</span> <span class='ocrx_word' id='word_1_222' title='bbox 226 1653 295 1688; x_wconf 80' lang='grc' dir='ltr'>τῶν</span> <span class='ocrx_word' id='word_1_223' title='bbox 322 1652 355 1688; x_wconf 80' lang='grc' dir='ltr'>ἐν</span> <span class='ocrx_word' id='word_1_224' title='bbox 380 1652 535 1703; x_wconf 81' lang='grc' dir='ltr'>οὐρανοῖς</span> <span class='ocrx_word' id='word_1_225' title='bbox 550 1648 774 1702; x_wconf 67' lang='grc' dir='ltr'>φιλοσοφήσει</span> <span class='ocrx_word' id='word_1_226' title='bbox 793 1647 896 1694; x_wconf 74' lang='grc' dir='ltr'>ποτέ,</span> 
     </span>
    </p>
   </div>
   <div class='ocr_carea' id='block_1_7' title="bbox 166 1715 1183 1774">
    <p class='ocr_par' dir='ltr' id='par_1_7' title="bbox 166 1715 1183 1774">
     <span class='ocr_line' id='line_1_28' title="bbox 166 1715 1183 1774; baseline -0.003 -18"><span class='ocrx_word' id='word_1_227' title='bbox 166 1715 236 1757; x_wconf 69' lang='grc' dir='ltr'>Δια</span> <span class='ocrx_word' id='word_1_228' title='bbox 264 1723 382 1768; x_wconf 74' lang='grc' dir='ltr'>τοῦτο,</span> <span class='ocrx_word' id='word_1_229' title='bbox 402 1722 621 1774; x_wconf 77' lang='grc' dir='ltr'>παρακαλῶ,</span> <span class='ocrx_word' id='word_1_230' title='bbox 653 1717 768 1757; x_wconf 77' lang='grc' dir='ltr'>πάντα</span> <span class='ocrx_word' id='word_1_231' title='bbox 797 1717 1019 1771; x_wconf 80' lang='grc' dir='ltr'>πράττωμεν,</span> <span class='ocrx_word' id='word_1_232' title='bbox 1048 1715 1140 1754; x_wconf 76' lang='grc' dir='ltr'>ὥστε</span> <span class='ocrx_word' id='word_1_233' title='bbox 1161 1722 1183 1753; x_wconf 93' lang='lat' dir='ltr'>C</span> 
     </span>
    </p>
   </div>
   <div class='ocr_carea' id='block_1_8' title="bbox 111 1777 1141 2691">
    <p class='ocr_par' dir='ltr' id='par_1_8' title="bbox 111 1777 1141 2691">
     <span class='ocr_line' id='line_1_29' title="bbox 111 1777 1139 1835; baseline -0.002 -18"><span class='ocrx_word' id='word_1_234' title='bbox 111 1779 167 1817; x_wconf 74' lang='grc' dir='ltr'>τὸν</span> <span class='ocrx_word' id='word_1_235' title='bbox 192 1779 263 1830; x_wconf 82' lang='grc' dir='ltr'>βίον</span> <span class='ocrx_word' id='word_1_236' title='bbox 289 1784 389 1831; x_wconf 77' lang='grc' dir='ltr'>ἡμῶν</span> <span class='ocrx_word' id='word_1_237' title='bbox 408 1784 691 1835; x_wconf 73' lang='grc' dir='ltr'>κατορθωθῆναι,</span> <span class='ocrx_word' id='word_1_238' title='bbox 714 1779 804 1819; x_wconf 80' lang='grc' dir='ltr'>ὥστε</span> <span class='ocrx_word' id='word_1_239' title='bbox 832 1781 1048 1831; x_wconf 71' lang='grc' dir='ltr'>καθαρθῆναι</span> <span class='ocrx_word' id='word_1_240' title='bbox 1076 1777 1139 1823; x_wconf 71' lang='grc' dir='ltr'>τὴν</span> 
     </span>
     <span class='ocr_line' id='line_1_30' title="bbox 113 1839 1139 1894; baseline -0.002 -16"><span class='ocrx_word' id='word_1_241' title='bbox 113 1841 279 1889; x_wconf 84' lang='grc' dir='ltr'>διάνοιαν,</span> <span class='ocrx_word' id='word_1_242' title='bbox 299 1841 388 1881; x_wconf 79' lang='grc' dir='ltr'>ὥστε</span> <span class='ocrx_word' id='word_1_243' title='bbox 409 1842 515 1894; x_wconf 80' lang='grc' dir='ltr'>μηδὲν</span> <span class='ocrx_word' id='word_1_244' title='bbox 532 1846 615 1894; x_wconf 81' lang='grc' dir='ltr'>ἡμῖν</span> <span class='ocrx_word' id='word_1_245' title='bbox 641 1842 790 1894; x_wconf 79' lang='grc' dir='ltr'>ῥυπαρὸν</span> <span class='ocrx_word' id='word_1_246' title='bbox 807 1841 966 1891; x_wconf 80' lang='grc' dir='ltr'>γενέσθαι</span> <span class='ocrx_word' id='word_1_247' title='bbox 981 1839 1139 1890; x_wconf 81' lang='grc' dir='ltr'>κώλυμα.</span> 
     </span>
     <span class='ocr_line' id='line_1_31' title="bbox 111 1901 1141 1958; baseline -0.002 -18"><span class='ocrx_word' id='word_1_248' title='bbox 111 1902 300 1942; x_wconf 80' lang='grc' dir='ltr'>Φωτίσατε</span> <span class='ocrx_word' id='word_1_249' title='bbox 317 1903 383 1958; x_wconf 72' lang='grc' dir='ltr'>γὰρ</span> <span class='ocrx_word' id='word_1_250' title='bbox 400 1907 532 1948; x_wconf 80' lang='grc' dir='ltr'>ἑαυτοῖς</span> <span class='ocrx_word' id='word_1_251' title='bbox 547 1908 617 1956; x_wconf 73' lang='grc' dir='ltr'>φῶς</span> <span class='ocrx_word' id='word_1_252' title='bbox 632 1902 812 1954; x_wconf 84' lang='grc' dir='ltr'>γνώσεως,</span> <span class='ocrx_word' id='word_1_253' title='bbox 833 1903 891 1940; x_wconf 81' lang='grc' dir='ltr'>καὶ</span> <span class='ocrx_word' id='word_1_254' title='bbox 906 1902 953 1953; x_wconf 82' lang='grc' dir='ltr'>μὴ</span> <span class='ocrx_word' id='word_1_255' title='bbox 975 1901 1141 1953; x_wconf 84' lang='grc' dir='ltr'>σπείρητε</span> 
     </span>
     <span class='ocr_line' id='line_1_32' title="bbox 113 1962 1140 2017; baseline -0.002 -16"><span class='ocrx_word' id='word_1_256' title='bbox 113 1965 167 2001; x_wconf 81' lang='grc' dir='ltr'>ἐπ’</span> <span class='ocrx_word' id='word_1_257' title='bbox 184 1964 362 2007; x_wconf 84' lang='grc' dir='ltr'>ἀκάνθαις.</span> <span class='ocrx_word' id='word_1_258' title='bbox 381 1964 426 2003; x_wconf 77' lang='lat' dir='ltr'>‘O</span> <span class='ocrx_word' id='word_1_259' title='bbox 445 1965 512 2017; x_wconf 81' lang='grc' dir='ltr'>γὰρ</span> <span class='ocrx_word' id='word_1_260' title='bbox 533 1965 581 2016; x_wconf 79' lang='grc' dir='ltr'>μὴ</span> <span class='ocrx_word' id='word_1_261' title='bbox 603 1964 700 2007; x_wconf 82' lang='grc' dir='ltr'>εἰδὼς</span> <span class='ocrx_word' id='word_1_262' title='bbox 710 1962 762 2001; x_wconf 75' lang='grc' dir='ltr'>ὅτι</span> <span class='ocrx_word' id='word_1_263' title='bbox 787 1964 827 2001; x_wconf 73' lang='grc' dir='ltr'>τὸ</span> <span class='ocrx_word' id='word_1_264' title='bbox 845 1965 1059 2001; x_wconf 84' lang='grc' dir='ltr'>πλεονεκτεῖν</span> <span class='ocrx_word' id='word_1_265' title='bbox 1077 1978 1140 2000; x_wconf 87' lang='grc' dir='ltr'>κα-</span> 
     </span>
     <span class='ocr_line' id='line_1_33' title="bbox 112 2023 1139 2077; baseline -0.003 -14"><span class='ocrx_word' id='word_1_266' title='bbox 112 2025 184 2073; x_wconf 81' lang='grc' dir='ltr'>κὸν,</span> <span class='ocrx_word' id='word_1_267' title='bbox 207 2025 292 2063; x_wconf 83' lang='grc' dir='ltr'>πότε</span> <span class='ocrx_word' id='word_1_268' title='bbox 309 2025 440 2064; x_wconf 81' lang='grc' dir='ltr'>εἴσεται</span> <span class='ocrx_word' id='word_1_269' title='bbox 456 2027 496 2064; x_wconf 82' lang='grc' dir='ltr'>τὸ</span> <span class='ocrx_word' id='word_1_270' title='bbox 513 2029 646 2077; x_wconf 72' lang='grc' dir='ltr'>μεῖζον,</span> <span class='ocrx_word' id='word_1_271' title='bbox 665 2029 682 2064; x_wconf 77' lang='grc' dir='ltr'>ὅ</span> <span class='ocrx_word' id='word_1_272' title='bbox 705 2025 753 2077; x_wconf 85' lang='grc' dir='ltr'>μὴ</span> <span class='ocrx_word' id='word_1_273' title='bbox 770 2024 985 2076; x_wconf 70' lang='grc' dir='ltr'>ἀπεχόμενος</span> <span class='ocrx_word' id='word_1_274' title='bbox 996 2023 1139 2069; x_wconf 87' lang='grc' dir='ltr'>τούτων,</span> 
     </span>
     <span class='ocr_line' id='line_1_34' title="bbox 113 2086 1137 2140; baseline -0.001 -16"><span class='ocrx_word' id='word_1_275' title='bbox 113 2086 197 2125; x_wconf 83' lang='grc' dir='ltr'>πότε</span> <span class='ocrx_word' id='word_1_276' title='bbox 227 2087 364 2125; x_wconf 79' lang='grc' dir='ltr'>ἐκείνων</span> <span class='ocrx_word' id='word_1_277' title='bbox 396 2087 592 2135; x_wconf 71' lang='grc' dir='ltr'>ἀνθέξεται,</span> <span class='ocrx_word' id='word_1_278' title='bbox 620 2087 736 2125; x_wconf 78' lang='grc' dir='ltr'>Καλὸν</span> <span class='ocrx_word' id='word_1_279' title='bbox 773 2087 812 2124; x_wconf 80' lang='grc' dir='ltr'>τὸ</span> <span class='ocrx_word' id='word_1_280' title='bbox 849 2086 1029 2140; x_wconf 80' lang='grc' dir='ltr'>ἁρπάζειν,</span> <span class='ocrx_word' id='word_1_281' title='bbox 1061 2087 1137 2123; x_wconf 84' lang='grc' dir='ltr'>ἀλλ’</span> 
     </span>
     <span class='ocr_line' id='line_1_35' title="bbox 113 2147 1137 2201; baseline -0.003 -14"><span class='ocrx_word' id='word_1_282' title='bbox 113 2148 189 2201; x_wconf 76' lang='grc' dir='ltr'>οὐχὶ</span> <span class='ocrx_word' id='word_1_283' title='bbox 211 2147 256 2186; x_wconf 72' lang='grc' dir='ltr'>τὰ</span> <span class='ocrx_word' id='word_1_284' title='bbox 289 2149 531 2200; x_wconf 78' lang='grc' dir='ltr'>ἀπολλύμενα,</span> <span class='ocrx_word' id='word_1_285' title='bbox 554 2148 641 2187; x_wconf 81' lang='grc' dir='ltr'>ἀλλὰ</span> <span class='ocrx_word' id='word_1_286' title='bbox 660 2148 722 2195; x_wconf 78' lang='grc' dir='ltr'>τὴν</span> <span class='ocrx_word' id='word_1_287' title='bbox 742 2148 920 2200; x_wconf 82' lang='grc' dir='ltr'>βασιλείαν</span> <span class='ocrx_word' id='word_1_288' title='bbox 942 2150 1010 2185; x_wconf 72' lang='grc' dir='ltr'>τῶν</span> <span class='ocrx_word' id='word_1_289' title='bbox 1031 2149 1137 2199; x_wconf 75' lang='grc' dir='ltr'>οὖρα-</span> 
     </span>
     <span class='ocr_line' id='line_1_36' title="bbox 111 2208 1140 2262; baseline -0.002 -15"><span class='ocrx_word' id='word_1_290' title='bbox 111 2213 190 2247; x_wconf 84' lang='grc' dir='ltr'>νῶν.</span> <span class='ocrx_word' id='word_1_291' title='bbox 212 2210 361 2247; x_wconf 73' lang='grc' dir='ltr'>Βιασταὶ</span> <span class='ocrx_word' id='word_1_292' title='bbox 375 2209 442 2262; x_wconf 82' lang='grc' dir='ltr'>γὰρ</span> <span class='ocrx_word' id='word_1_293' title='bbox 457 2240 466 2257; x_wconf 85' lang='grc'>,</span> <span class='ocrx_word' id='word_1_294' title='bbox 482 2209 597 2262; x_wconf 70' lang='grc' dir='ltr'>φησὶν,</span> <span class='ocrx_word' id='word_1_295' title='bbox 615 2208 825 2262; x_wconf 82' lang='grc' dir='ltr'>ἁρπάζουσιν</span> <span class='ocrx_word' id='word_1_296' title='bbox 840 2209 958 2256; x_wconf 70' lang='grc' dir='ltr'>αὐτήν.</span> <span class='ocrx_word' id='word_1_297' title='bbox 975 2209 1053 2246; x_wconf 77' lang='grc' dir='ltr'>Οὐκ</span> <span class='ocrx_word' id='word_1_298' title='bbox 1073 2209 1140 2260; x_wconf 75' lang='grc' dir='ltr'>ἄρα</span> 
     </span>
     <span class='ocr_line' id='line_1_37' title="bbox 114 2269 1140 2325; baseline -0.001 -17"><span class='ocrx_word' id='word_1_299' title='bbox 114 2270 203 2322; x_wconf 75' lang='grc' dir='ltr'>μετὰ</span> <span class='ocrx_word' id='word_1_300' title='bbox 239 2271 407 2325; x_wconf 74' lang='grc' dir='ltr'>ῥᾳθυμίας</span> <span class='ocrx_word' id='word_1_301' title='bbox 447 2272 538 2310; x_wconf 78' lang='grc' dir='ltr'>ἐστὶν</span> <span class='ocrx_word' id='word_1_302' title='bbox 571 2273 745 2323; x_wconf 73' lang='grc' dir='ltr'>ἐπιτυχεῖν</span> <span class='ocrx_word' id='word_1_303' title='bbox 777 2273 901 2318; x_wconf 69' lang='grc' dir='ltr'>αὐτῆς,</span> <span class='ocrx_word' id='word_1_304' title='bbox 930 2269 1019 2308; x_wconf 71' lang='grc' dir='ltr'>ἀλλὰ</span> <span class='ocrx_word' id='word_1_305' title='bbox 1052 2270 1140 2320; x_wconf 77' lang='grc' dir='ltr'>μετὰ</span> 
     </span>
     <span class='ocr_line' id='line_1_38' title="bbox 113 2331 1141 2383; baseline -0.002 -13"><span class='ocrx_word' id='word_1_306' title='bbox 113 2333 277 2380; x_wconf 78' lang='grc' dir='ltr'>σπουδῆς.</span> <span class='ocrx_word' id='word_1_307' title='bbox 304 2333 351 2371; x_wconf 92' lang='grc' dir='ltr'>Τί</span> <span class='ocrx_word' id='word_1_308' title='bbox 372 2334 408 2372; x_wconf 80' lang='grc' dir='ltr'>δέ</span> <span class='ocrx_word' id='word_1_309' title='bbox 434 2336 528 2381; x_wconf 79' lang='grc' dir='ltr'>ἐστι,</span> <span class='ocrx_word' id='word_1_310' title='bbox 559 2332 727 2378; x_wconf 79' lang='grc' dir='ltr'>Βιασταί;</span> <span class='ocrx_word' id='word_1_311' title='bbox 759 2332 844 2376; x_wconf 84' lang='grc' dir='ltr'>Βίας</span> <span class='ocrx_word' id='word_1_312' title='bbox 876 2331 980 2383; x_wconf 86' lang='grc' dir='ltr'>χρεία</span> <span class='ocrx_word' id='word_1_313' title='bbox 1009 2333 1141 2378; x_wconf 61' lang='grc' dir='ltr'>πολλῆς</span> 
     </span>
     <span class='ocr_line' id='line_1_39' title="bbox 113 2392 1141 2447; baseline -0.002 -16"><span class='ocrx_word' id='word_1_314' title='bbox 113 2393 238 2440; x_wconf 79' lang='grc' dir='ltr'>(στενὴ</span> <span class='ocrx_word' id='word_1_315' title='bbox 260 2393 326 2447; x_wconf 72' lang='grc' dir='ltr'>γὰρ</span> <span class='ocrx_word' id='word_1_316' title='bbox 345 2398 367 2441; x_wconf 71' lang='grc' dir='ltr'>ἡ</span> <span class='ocrx_word' id='word_1_317' title='bbox 389 2393 506 2442; x_wconf 80' lang='grc' dir='ltr'>ὁδός),</span> <span class='ocrx_word' id='word_1_318' title='bbox 523 2394 583 2432; x_wconf 78' lang='grc' dir='ltr'>καὶ</span> <span class='ocrx_word' id='word_1_319' title='bbox 600 2397 761 2440; x_wconf 66' lang='grc' dir='ltr'>νεανικῆς</span> <span class='ocrx_word' id='word_1_320' title='bbox 782 2395 832 2430; x_wconf 88' lang='grc' dir='ltr'>δεῖ</span> <span class='ocrx_word' id='word_1_321' title='bbox 850 2394 965 2445; x_wconf 65' lang='grc' dir='ltr'>ψυχῆς</span> <span class='ocrx_word' id='word_1_322' title='bbox 984 2392 1044 2430; x_wconf 77' lang='grc' dir='ltr'>καὶ</span> <span class='ocrx_word' id='word_1_323' title='bbox 1063 2408 1141 2444; x_wconf 84' lang='grc' dir='ltr'>γεν-</span> 
     </span>
     <span class='ocr_line' id='line_1_40' title="bbox 115 2452 1140 2508; baseline -0.004 -15"><span class='ocrx_word' id='word_1_324' title='bbox 115 2454 225 2498; x_wconf 87' lang='grc' dir='ltr'>ναίας.</span> <span class='ocrx_word' id='word_1_325' title='bbox 255 2458 302 2493; x_wconf 81' lang='grc' dir='ltr'>Οἱ</span> <span class='ocrx_word' id='word_1_326' title='bbox 323 2455 532 2508; x_wconf 74' lang='grc' dir='ltr'>ἁρπάζοντες</span> <span class='ocrx_word' id='word_1_327' title='bbox 559 2454 694 2497; x_wconf 86' lang='grc' dir='ltr'>πάντας</span> <span class='ocrx_word' id='word_1_328' title='bbox 723 2453 902 2505; x_wconf 85' lang='grc' dir='ltr'>βούλονται</span> <span class='ocrx_word' id='word_1_329' title='bbox 931 2452 1140 2506; x_wconf 64' lang='grc' dir='ltr'>προλαὸεῖν·</span> 
     </span>
     <span class='ocr_line' id='line_1_41' title="bbox 114 2514 1140 2570; baseline -0.004 -15"><span class='ocrx_word' id='word_1_330' title='bbox 114 2517 201 2570; x_wconf 78' lang='grc' dir='ltr'>πρὸς</span> <span class='ocrx_word' id='word_1_331' title='bbox 228 2518 322 2555; x_wconf 71' lang='grc' dir='ltr'>οὐδὲν</span> <span class='ocrx_word' id='word_1_332' title='bbox 342 2520 480 2569; x_wconf 77' lang='grc' dir='ltr'>ὁρῶσιν,</span> <span class='ocrx_word' id='word_1_333' title='bbox 496 2517 533 2554; x_wconf 78' lang='grc' dir='ltr'>οὐ</span> <span class='ocrx_word' id='word_1_334' title='bbox 553 2516 638 2568; x_wconf 76' lang='grc' dir='ltr'>πρὸς</span> <span class='ocrx_word' id='word_1_335' title='bbox 658 2514 891 2566; x_wconf 85' lang='grc' dir='ltr'>κατάγνωσιν,</span> <span class='ocrx_word' id='word_1_336' title='bbox 911 2516 947 2552; x_wconf 78' lang='grc' dir='ltr'>οὗ</span> <span class='ocrx_word' id='word_1_337' title='bbox 967 2514 1052 2566; x_wconf 79' lang='grc' dir='ltr'>πρὸς</span> <span class='ocrx_word' id='word_1_338' title='bbox 1071 2530 1140 2551; x_wconf 89' lang='grc' dir='ltr'>κα·-</span> 
     </span>
     <span class='ocr_line' id='line_1_42' title="bbox 114 2573 1141 2630; baseline -0.005 -14"><span class='ocrx_word' id='word_1_339' title='bbox 114 2578 292 2630; x_wconf 80' lang='grc' dir='ltr'>τηγορίαν,</span> <span class='ocrx_word' id='word_1_340' title='bbox 313 2580 349 2616; x_wconf 81' lang='grc' dir='ltr'>οὐ</span> <span class='ocrx_word' id='word_1_341' title='bbox 368 2578 454 2630; x_wconf 75' lang='grc' dir='ltr'>πρὸς</span> <span class='ocrx_word' id='word_1_342' title='bbox 471 2576 660 2629; x_wconf 82' lang='grc' dir='ltr'>τιμωρίαν·</span> <span class='ocrx_word' id='word_1_343' title='bbox 687 2577 763 2614; x_wconf 87' lang='grc' dir='ltr'>ἀλλ’</span> <span class='ocrx_word' id='word_1_344' title='bbox 792 2576 864 2618; x_wconf 82' lang='grc' dir='ltr'>ἑνὸς</span> <span class='ocrx_word' id='word_1_345' title='bbox 895 2575 1047 2627; x_wconf 86' lang='grc' dir='ltr'>γίνονται</span> <span class='ocrx_word' id='word_1_346' title='bbox 1081 2573 1141 2625; x_wconf 75' lang='grc' dir='ltr'>μό-</span> 
     </span>
     <span class='ocr_line' id='line_1_43' title="bbox 114 2637 1141 2691; baseline -0.003 -13"><span class='ocrx_word' id='word_1_347' title='bbox 114 2656 172 2678; x_wconf 91' lang='grc' dir='ltr'>νου</span> <span class='ocrx_word' id='word_1_348' title='bbox 184 2670 193 2687; x_wconf 94' lang='grc'>,</span> <span class='ocrx_word' id='word_1_349' title='bbox 209 2645 268 2678; x_wconf 73' lang='grc' dir='ltr'>τοῦ</span> <span class='ocrx_word' id='word_1_350' title='bbox 284 2639 402 2688; x_wconf 63' lang='grc' dir='ltr'>λαῧεῖν</span> <span class='ocrx_word' id='word_1_351' title='bbox 423 2639 511 2691; x_wconf 74' lang='grc' dir='ltr'>ἅπερ</span> <span class='ocrx_word' id='word_1_352' title='bbox 534 2638 713 2689; x_wconf 81' lang='grc' dir='ltr'>βούλονται</span> <span class='ocrx_word' id='word_1_353' title='bbox 730 2637 907 2690; x_wconf 83' lang='grc' dir='ltr'>ἁρπάσαι,</span> <span class='ocrx_word' id='word_1_354' title='bbox 931 2638 990 2675; x_wconf 82' lang='grc' dir='ltr'>καὶ</span> <span class='ocrx_word' id='word_1_355' title='bbox 1010 2637 1141 2680; x_wconf 84' lang='grc' dir='ltr'>πάντας</span> 
     </span>
    </p>
   </div>
   <div class='ocr_carea' id='block_1_9' title="bbox 114 2697 1159 2754">
    <p class='ocr_par' dir='ltr' id='par_1_9' title="bbox 114 2697 1159 2754">
     <span class='ocr_line' id='line_1_44' title="bbox 114 2697 1159 2754; baseline -0.004 -15"><span class='ocrx_word' id='word_1_356' title='bbox 114 2701 190 2744; x_wconf 73' lang='grc' dir='ltr'>τοὺς</span> <span class='ocrx_word' id='word_1_357' title='bbox 219 2701 411 2754; x_wconf 79' lang='grc' dir='ltr'>ἔμπροσθεν</span> <span class='ocrx_word' id='word_1_358' title='bbox 444 2698 734 2752; x_wconf 72' lang='grc' dir='ltr'>παρατρέχουσιν.</span> <span class='ocrx_word' id='word_1_359' title='bbox 766 2697 994 2750; x_wconf 82' lang='grc' dir='ltr'>Ἁρπάσωμεν</span> <span class='ocrx_word' id='word_1_360' title='bbox 1026 2697 1159 2736; x_wconf 73' lang='grc' dir='ltr'>τοίνυν</span> 
     </span>
    </p>
   </div>
   <div class='ocr_carea' id='block_1_10' title="bbox 113 2759 1141 3121">
    <p class='ocr_par' dir='ltr' id='par_1_10' title="bbox 113 2759 1141 3121">
     <span class='ocr_line' id='line_1_45' title="bbox 113 2759 1140 2814; baseline -0.004 -13"><span class='ocrx_word' id='word_1_361' title='bbox 113 2762 174 2810; x_wconf 77' lang='grc' dir='ltr'>τὴν</span> <span class='ocrx_word' id='word_1_362' title='bbox 198 2761 376 2814; x_wconf 79' lang='grc' dir='ltr'>βασιλείαν</span> <span class='ocrx_word' id='word_1_363' title='bbox 407 2764 474 2799; x_wconf 85' lang='grc' dir='ltr'>τῶν</span> <span class='ocrx_word' id='word_1_364' title='bbox 501 2762 667 2812; x_wconf 78' lang='grc' dir='ltr'>οὐρανῶν.</span> <span class='ocrx_word' id='word_1_365' title='bbox 700 2761 753 2798; x_wconf 83' lang='grc' dir='ltr'>Οὐ</span> <span class='ocrx_word' id='word_1_366' title='bbox 786 2759 853 2812; x_wconf 85' lang='grc' dir='ltr'>γάρ</span> <span class='ocrx_word' id='word_1_367' title='bbox 884 2762 975 2798; x_wconf 79' lang='grc' dir='ltr'>ἐστιν</span> <span class='ocrx_word' id='word_1_368' title='bbox 996 2762 1140 2798; x_wconf 77' lang='grc' dir='ltr'>ἐνταῦθα</span> 
     </span>
     <span class='ocr_line' id='line_1_46' title="bbox 115 2820 1141 2876; baseline -0.003 -14"><span class='ocrx_word' id='word_1_369' title='bbox 115 2825 275 2876; x_wconf 79' lang='grc' dir='ltr'>ἔγκλημα</span> <span class='ocrx_word' id='word_1_370' title='bbox 294 2823 333 2861; x_wconf 80' lang='grc' dir='ltr'>τὸ</span> <span class='ocrx_word' id='word_1_371' title='bbox 356 2822 531 2875; x_wconf 82' lang='grc' dir='ltr'>ἁρπάσαι,</span> <span class='ocrx_word' id='word_1_372' title='bbox 555 2822 631 2859; x_wconf 79' lang='grc' dir='ltr'>ἀλλ’</span> <span class='ocrx_word' id='word_1_373' title='bbox 662 2820 818 2864; x_wconf 74' lang='grc' dir='ltr'>ἔπαινος·</span> <span class='ocrx_word' id='word_1_374' title='bbox 836 2821 996 2872; x_wconf 75' lang='grc' dir='ltr'>ἔγκλημα</span> <span class='ocrx_word' id='word_1_375' title='bbox 1025 2820 1079 2868; x_wconf 77' lang='grc' dir='ltr'>δὲ,</span> <span class='ocrx_word' id='word_1_376' title='bbox 1102 2820 1141 2859; x_wconf 78' lang='grc' dir='ltr'>τὸ</span> 
     </span>
     <span class='ocr_line' id='line_1_47' title="bbox 116 2881 1140 2937; baseline -0.002 -16"><span class='ocrx_word' id='word_1_377' title='bbox 116 2883 165 2934; x_wconf 84' lang='grc' dir='ltr'>μὴ</span> <span class='ocrx_word' id='word_1_378' title='bbox 183 2885 350 2937; x_wconf 84' lang='grc' dir='ltr'>ἁρπάσαι.</span> <span class='ocrx_word' id='word_1_379' title='bbox 377 2884 550 2921; x_wconf 74' lang='grc' dir='ltr'>Ἐνταῦθα</span> <span class='ocrx_word' id='word_1_380' title='bbox 578 2883 615 2920; x_wconf 76' lang='grc' dir='ltr'>οὗ</span> <span class='ocrx_word' id='word_1_381' title='bbox 635 2884 697 2928; x_wconf 68' lang='grc' dir='ltr'>τῆς</span> <span class='ocrx_word' id='word_1_382' title='bbox 727 2881 843 2934; x_wconf 78' lang='grc' dir='ltr'>ἑτέρου</span> <span class='ocrx_word' id='word_1_383' title='bbox 863 2881 989 2932; x_wconf 79' lang='grc' dir='ltr'>ζημίας</span> <span class='ocrx_word' id='word_1_384' title='bbox 1009 2885 1026 2919; x_wconf 82' lang='grc' dir='ltr'>ὃ</span> <span class='ocrx_word' id='word_1_385' title='bbox 1052 2881 1140 2932; x_wconf 76' lang='grc' dir='ltr'>ἡμέ-</span> 
     </span>
     <span class='ocr_line' id='line_1_48' title="bbox 115 2936 1139 2996; baseline -0.001 -15"><span class='ocrx_word' id='word_1_386' title='bbox 115 2959 211 2996; x_wconf 88' lang='grc' dir='ltr'>τερος</span> <span class='ocrx_word' id='word_1_387' title='bbox 242 2945 373 2996; x_wconf 86' lang='grc' dir='ltr'>γίνεται</span> <span class='ocrx_word' id='word_1_388' title='bbox 400 2947 557 2989; x_wconf 74' lang='grc' dir='ltr'>πλοῦτος.</span> <span class='ocrx_word' id='word_1_389' title='bbox 587 2943 846 2994; x_wconf 74' lang='grc' dir='ltr'>Σπουδάσωμεν</span> <span class='ocrx_word' id='word_1_390' title='bbox 871 2936 926 2981; x_wconf 58' lang='grc' dir='ltr'>οὖν</span> <span class='ocrx_word' id='word_1_391' title='bbox 945 2942 1049 2989; x_wconf 78' lang='grc' dir='ltr'>αὐτὴν</span> <span class='ocrx_word' id='word_1_392' title='bbox 1079 2945 1139 2995; x_wconf 83' lang='grc' dir='ltr'>ἁρ-</span> 
     </span>
     <span class='ocr_line' id='line_1_49' title="bbox 115 3003 1139 3059; baseline -0.004 -14"><span class='ocrx_word' id='word_1_393' title='bbox 115 3007 228 3045; x_wconf 79' lang='grc' dir='ltr'>πάσαι</span> <span class='ocrx_word' id='word_1_394' title='bbox 244 3022 250 3028; x_wconf 94' lang='grc'><em>·</em></span> <span class='ocrx_word' id='word_1_395' title='bbox 272 3005 335 3044; x_wconf 70' lang='grc' dir='ltr'>κᾶν</span> <span class='ocrx_word' id='word_1_396' title='bbox 355 3009 478 3059; x_wconf 76' lang='grc' dir='ltr'>ἐνοχλῇ</span> <span class='ocrx_word' id='word_1_397' title='bbox 496 3006 618 3058; x_wconf 83' lang='grc' dir='ltr'>θυμὸς,</span> <span class='ocrx_word' id='word_1_398' title='bbox 634 3004 698 3042; x_wconf 71' lang='grc' dir='ltr'>κᾶν</span> <span class='ocrx_word' id='word_1_399' title='bbox 719 3006 843 3056; x_wconf 65' lang='grc' dir='ltr'>ἐνοχλῇ</span> <span class='ocrx_word' id='word_1_400' title='bbox 861 3003 1043 3054; x_wconf 77' lang='grc' dir='ltr'>ἐπιθυμία,</span> <span class='ocrx_word' id='word_1_401' title='bbox 1062 3006 1139 3055; x_wconf 85' lang='grc' dir='ltr'>βια-</span> 
     </span>
     <span class='ocr_line' id='line_1_50' title="bbox 115 3064 1136 3121; baseline -0.004 -15"><span class='ocrx_word' id='word_1_402' title='bbox 115 3067 258 3120; x_wconf 85' lang='grc' dir='ltr'>σώμεθα</span> <span class='ocrx_word' id='word_1_403' title='bbox 289 3067 351 3115; x_wconf 75' lang='grc' dir='ltr'>τὴν</span> <span class='ocrx_word' id='word_1_404' title='bbox 372 3067 491 3119; x_wconf 70' lang='grc' dir='ltr'>φύσιν·</span> <span class='ocrx_word' id='word_1_405' title='bbox 511 3066 727 3121; x_wconf 73' lang='grc' dir='ltr'>ἡμερώτεροι</span> <span class='ocrx_word' id='word_1_406' title='bbox 746 3064 926 3118; x_wconf 81' lang='grc' dir='ltr'>γενώμεθα</span> <span class='ocrx_word' id='word_1_407' title='bbox 939 3082 946 3088; x_wconf 94' lang='grc'>·</span> <span class='ocrx_word' id='word_1_408' title='bbox 968 3065 1136 3117; x_wconf 84' lang='grc' dir='ltr'>κάμωμεν</span> 
     </span>
    </p>
   </div>
   <div class='ocr_carea' id='block_1_11' title="bbox 113 3127 1184 3183">
    <p class='ocr_par' dir='ltr' id='par_1_11' title="bbox 113 3127 1184 3183">
     <span class='ocr_line' id='line_1_51' title="bbox 113 3127 1184 3183; baseline -0.004 -14"><span class='ocrx_word' id='word_1_409' title='bbox 113 3129 240 3183; x_wconf 76' lang='grc' dir='ltr'>ὀλίγον,</span> <span class='ocrx_word' id='word_1_410' title='bbox 272 3129 329 3167; x_wconf 82' lang='grc' dir='ltr'>ἵνα</span> <span class='ocrx_word' id='word_1_411' title='bbox 358 3128 641 3181; x_wconf 84' lang='grc' dir='ltr'>ἀναπαυσώμεθα</span> <span class='ocrx_word' id='word_1_412' title='bbox 671 3130 848 3176; x_wconf 77' lang='grc' dir='ltr'>διηνεκῶς.</span> <span class='ocrx_word' id='word_1_413' title='bbox 884 3127 944 3174; x_wconf 81' lang='grc' dir='ltr'>Μὴ</span> <span class='ocrx_word' id='word_1_414' title='bbox 979 3128 1139 3180; x_wconf 82' lang='grc' dir='ltr'>ἁρπάσῃς</span> <span class='ocrx_word' id='word_1_415' title='bbox 1160 3130 1184 3159; x_wconf 84' lang='grc' dir='ltr'>Ε</span> 
     </span>
    </p>
   </div>
   <div class='ocr_carea' id='block_1_12' title="bbox 114 3188 1138 3244">
    <p class='ocr_par' dir='ltr' id='par_1_12' title="bbox 114 3188 1138 3244">
     <span class='ocr_line' id='line_1_52' title="bbox 114 3188 1138 3244; baseline -0.001 -15"><span class='ocrx_word' id='word_1_416' title='bbox 114 3191 253 3244; x_wconf 80' lang='grc' dir='ltr'>χρυσὸν,</span> <span class='ocrx_word' id='word_1_417' title='bbox 269 3190 359 3229; x_wconf 81' lang='grc' dir='ltr'>ἀλλὰ</span> <span class='ocrx_word' id='word_1_418' title='bbox 373 3191 527 3244; x_wconf 84' lang='grc' dir='ltr'>ἅρπασον</span> <span class='ocrx_word' id='word_1_419' title='bbox 540 3192 698 3240; x_wconf 75' lang='grc' dir='ltr'>πλοῦτον,</span> <span class='ocrx_word' id='word_1_420' title='bbox 709 3191 766 3229; x_wconf 73' lang='grc' dir='ltr'>τὸν</span> <span class='ocrx_word' id='word_1_421' title='bbox 780 3189 944 3244; x_wconf 64' lang='grc' dir='ltr'>βόρὸορον</span> <span class='ocrx_word' id='word_1_422' title='bbox 960 3188 1138 3229; x_wconf 83' lang='grc' dir='ltr'>δεικνύντα</span> 
     </span>
    </p>
   </div>
   <div class='ocr_carea' id='block_1_13' title="bbox 114 3258 1138 3313">
    <p class='ocr_par' dir='ltr' id='par_1_13' title="bbox 114 3258 1138 3313">
     <span class='ocr_line' id='line_1_53' title="bbox 114 3258 1138 3313; baseline 0.001 -17"><span class='ocrx_word' id='word_1_423' title='bbox 114 3259 172 3297; x_wconf 83' lang='grc' dir='ltr'>τὸν</span> <span class='ocrx_word' id='word_1_424' title='bbox 193 3259 333 3313; x_wconf 80' lang='grc' dir='ltr'>χρυσόν.</span> <span class='ocrx_word' id='word_1_425' title='bbox 355 3258 445 3298; x_wconf 80' lang='grc' dir='ltr'>Εἰπὲ</span> <span class='ocrx_word' id='word_1_426' title='bbox 463 3259 531 3312; x_wconf 88' lang='grc' dir='ltr'>γάρ</span> <span class='ocrx_word' id='word_1_427' title='bbox 551 3276 610 3311; x_wconf 85' lang='grc' dir='ltr'>μοι</span> <span class='ocrx_word' id='word_1_428' title='bbox 622 3276 629 3284; x_wconf 89' lang='grc'><strong><em>·</em></strong></span> <span class='ocrx_word' id='word_1_429' title='bbox 647 3261 676 3298; x_wconf 88' lang='grc' dir='ltr'>εἷ</span> <span class='ocrx_word' id='word_1_430' title='bbox 694 3258 876 3313; x_wconf 87' lang='grc' dir='ltr'>προύκειτο</span> <span class='ocrx_word' id='word_1_431' title='bbox 893 3258 1060 3310; x_wconf 69' lang='grc' dir='ltr'>μόλυὸδος</span> <span class='ocrx_word' id='word_1_432' title='bbox 1079 3260 1138 3298; x_wconf 82' lang='grc' dir='ltr'>καὶ</span> 
     </span>
    </p>
   </div>
   <div class='ocr_carea' id='block_1_14' title="bbox 1203 487 2200 1464">
    <p class='ocr_par' dir='ltr' id='par_1_14' title="bbox 1203 487 2200 1464">
     <span class='ocr_line' id='line_1_54' title="bbox 1204 487 2190 539; baseline 0.001 -14"><span class='ocrx_word' id='word_1_433' title='bbox 1204 487 1289 525; x_wconf 86' lang='lat' dir='ltr'>Ideo</span> <span class='ocrx_word' id='word_1_434' title='bbox 1316 489 1392 527; x_wconf 80' lang='lat' dir='ltr'>haec</span> <span class='ocrx_word' id='word_1_435' title='bbox 1423 503 1490 527; x_wconf 90' lang='lat' dir='ltr'>non</span> <span class='ocrx_word' id='word_1_436' title='bbox 1520 488 1670 537; x_wconf 83' lang='lat' dir='ltr'>auditis,</span> <span class='ocrx_word' id='word_1_437' title='bbox 1698 488 1834 539; x_wconf 79' lang='lat' dir='ltr'>inquit,</span> <span class='ocrx_word' id='word_1_438' title='bbox 1862 488 1946 539; x_wconf 85' lang='lat' dir='ltr'>quia</span> <span class='ocrx_word' id='word_1_439' title='bbox 1977 502 2021 526; x_wconf 82' lang='lat' dir='ltr'>ex</span> <span class='ocrx_word' id='word_1_440' title='bbox 2048 488 2190 526; x_wconf 85' lang='lat' dir='ltr'>diabolo</span> 
     </span>
     <span class='ocr_line' id='line_1_55' title="bbox 1203 549 2191 601; baseline 0.002 -15"><span class='ocrx_word' id='word_1_441' title='bbox 1203 549 1296 587; x_wconf 88' lang='lat' dir='ltr'>estis.</span> <span class='ocrx_word' id='word_1_442' title='bbox 1333 551 1406 587; x_wconf 86' lang='lat' dir='ltr'>Cur</span> <span class='ocrx_word' id='word_1_443' title='bbox 1438 565 1495 588; x_wconf 88' lang='lat' dir='ltr'>me</span> <span class='ocrx_word' id='word_1_444' title='bbox 1529 550 1639 588; x_wconf 83' lang='lat' dir='ltr'>vultis</span> <span class='ocrx_word' id='word_1_445' title='bbox 1671 550 1891 587; x_wconf 73' lang='lat' dir='ltr'>interficere?</span> <span class='ocrx_word' id='word_1_446' title='bbox 1920 550 2007 601; x_wconf 87' lang='lat' dir='ltr'>quid</span> <span class='ocrx_word' id='word_1_447' title='bbox 2032 550 2191 588; x_wconf 76' lang='lat' dir='ltr'>criminis</span> 
     </span>
     <span class='ocr_line' id='line_1_56' title="bbox 1204 610 2190 662; baseline 0.002 -16"><span class='ocrx_word' id='word_1_448' title='bbox 1204 610 1330 648; x_wconf 83' lang='lat' dir='ltr'>offerre</span> <span class='ocrx_word' id='word_1_449' title='bbox 1349 611 1521 662; x_wconf 74' lang='lat' dir='ltr'>potestis?</span> <span class='ocrx_word' id='word_1_450' title='bbox 1542 611 1580 648; x_wconf 88' lang='lat' dir='ltr'>Si</span> <span class='ocrx_word' id='word_1_451' title='bbox 1606 610 1708 660; x_wconf 81' lang='lat' dir='ltr'>nihil,</span> <span class='ocrx_word' id='word_1_452' title='bbox 1730 625 1793 648; x_wconf 91' lang='lat' dir='ltr'>cur</span> <span class='ocrx_word' id='word_1_453' title='bbox 1818 625 1885 648; x_wconf 88' lang='lat' dir='ltr'>non</span> <span class='ocrx_word' id='word_1_454' title='bbox 1914 610 2056 648; x_wconf 83' lang='lat' dir='ltr'>creditis</span> <span class='ocrx_word' id='word_1_455' title='bbox 2076 611 2190 648; x_wconf 76' lang='lat' dir='ltr'>mihi?</span> 
     </span>
     <span class='ocr_line' id='line_1_57' title="bbox 1205 672 2191 724; baseline 0 -13"><span class='ocrx_word' id='word_1_456' title='bbox 1205 673 1265 711; x_wconf 85' lang='lat' dir='ltr'>Sic</span> <span class='ocrx_word' id='word_1_457' title='bbox 1280 686 1362 724; x_wconf 83' lang='lat' dir='ltr'>ergo</span> <span class='ocrx_word' id='word_1_458' title='bbox 1384 687 1464 709; x_wconf 79' lang='lat' dir='ltr'>cuin</span> <span class='ocrx_word' id='word_1_459' title='bbox 1477 687 1521 710; x_wconf 83' lang='lat' dir='ltr'>ex</span> <span class='ocrx_word' id='word_1_460' title='bbox 1535 672 1718 710; x_wconf 84' lang='lat' dir='ltr'>mendacio</span> <span class='ocrx_word' id='word_1_461' title='bbox 1736 681 1768 710; x_wconf 89' lang='lat' dir='ltr'>ct</span> <span class='ocrx_word' id='word_1_462' title='bbox 1783 672 1876 710; x_wconf 66' lang='lat' dir='ltr'>ccede</span> <span class='ocrx_word' id='word_1_463' title='bbox 1894 673 1974 709; x_wconf 86' lang='lat' dir='ltr'>illos</span> <span class='ocrx_word' id='word_1_464' title='bbox 1988 687 2032 710; x_wconf 78' lang='lat' dir='ltr'>ex</span> <span class='ocrx_word' id='word_1_465' title='bbox 2048 672 2191 711; x_wconf 73' lang='lat' dir='ltr'>diabolo</span> 
     </span>
     <span class='ocr_line' id='line_1_58' title="bbox 1204 733 2191 786; baseline 0.001 -15"><span class='ocrx_word' id='word_1_466' title='bbox 1204 748 1278 772; x_wconf 87' lang='lat' dir='ltr'>esse</span> <span class='ocrx_word' id='word_1_467' title='bbox 1297 733 1522 782; x_wconf 69' lang='lat' dir='ltr'>ostendisset,</span> <span class='ocrx_word' id='word_1_468' title='bbox 1543 735 1670 786; x_wconf 82' lang='lat' dir='ltr'>probat</span> <span class='ocrx_word' id='word_1_469' title='bbox 1689 744 1722 772; x_wconf 86' lang='lat' dir='ltr'>et</span> <span class='ocrx_word' id='word_1_470' title='bbox 1740 734 1786 771; x_wconf 92' lang='lat' dir='ltr'>ab</span> <span class='ocrx_word' id='word_1_471' title='bbox 1808 734 2010 771; x_wconf 80' lang='lat' dir='ltr'>Abrabamo</span> <span class='ocrx_word' id='word_1_472' title='bbox 2030 744 2062 771; x_wconf 85' lang='lat' dir='ltr'>et</span> <span class='ocrx_word' id='word_1_473' title='bbox 2077 749 2096 771; x_wconf 89' lang='grc'>3</span> <span class='ocrx_word' id='word_1_474' title='bbox 2116 736 2191 772; x_wconf 85' lang='lat' dir='ltr'>Deo</span> 
     </span>
     <span class='ocr_line' id='line_1_59' title="bbox 1203 795 2193 846; baseline -0.001 -14"><span class='ocrx_word' id='word_1_475' title='bbox 1203 795 1336 832; x_wconf 84' lang='lat' dir='ltr'>alienos</span> <span class='ocrx_word' id='word_1_476' title='bbox 1354 809 1428 832; x_wconf 86' lang='lat' dir='ltr'>csse</span> <span class='ocrx_word' id='word_1_477' title='bbox 1440 811 1450 845; x_wconf 75' lang='lat'><em>3</em></span> <span class='ocrx_word' id='word_1_478' title='bbox 1474 805 1552 833; x_wconf 86' lang='lat' dir='ltr'>tum</span> <span class='ocrx_word' id='word_1_479' title='bbox 1576 795 1671 846; x_wconf 85' lang='lat' dir='ltr'>quod</span> <span class='ocrx_word' id='word_1_480' title='bbox 1690 795 1771 832; x_wconf 88' lang='lat' dir='ltr'>odio</span> <span class='ocrx_word' id='word_1_481' title='bbox 1792 796 1961 833; x_wconf 77' lang='lat' dir='ltr'>haberent</span> <span class='ocrx_word' id='word_1_482' title='bbox 1979 810 2059 832; x_wconf 79' lang='lat' dir='ltr'>euni</span> <span class='ocrx_word' id='word_1_483' title='bbox 2078 795 2138 845; x_wconf 83' lang='lat' dir='ltr'>qui</span> <span class='ocrx_word' id='word_1_484' title='bbox 2159 809 2193 832; x_wconf 88' lang='lat' dir='ltr'>se</span> 
     </span>
     <span class='ocr_line' id='line_1_60' title="bbox 1206 856 2195 908; baseline 0 -15"><span class='ocrx_word' id='word_1_485' title='bbox 1206 856 1298 893; x_wconf 87' lang='lat' dir='ltr'>nihil</span> <span class='ocrx_word' id='word_1_486' title='bbox 1323 856 1476 905; x_wconf 83' lang='lat' dir='ltr'>laeserat,</span> <span class='ocrx_word' id='word_1_487' title='bbox 1499 866 1574 894; x_wconf 88' lang='lat' dir='ltr'>tum</span> <span class='ocrx_word' id='word_1_488' title='bbox 1604 857 1699 908; x_wconf 86' lang='lat' dir='ltr'>quod</span> <span class='ocrx_word' id='word_1_489' title='bbox 1721 871 1789 894; x_wconf 92' lang='lat' dir='ltr'>non</span> <span class='ocrx_word' id='word_1_490' title='bbox 1812 856 1974 894; x_wconf 80' lang='lat' dir='ltr'>audirent</span> <span class='ocrx_word' id='word_1_491' title='bbox 2001 870 2195 894; x_wconf 74' lang='lat' dir='ltr'>sennonem</span> 
     </span>
     <span class='ocr_line' id='line_1_61' title="bbox 1206 918 2196 970; baseline -0.001 -14"><span class='ocrx_word' id='word_1_492' title='bbox 1206 918 1294 970; x_wconf 84' lang='lat' dir='ltr'>ejus.</span> <span class='ocrx_word' id='word_1_493' title='bbox 1318 920 1544 956; x_wconf 73' lang='lat' dir='ltr'>Demonstrat</span> <span class='ocrx_word' id='word_1_494' title='bbox 1562 928 1680 956; x_wconf 84' lang='lat' dir='ltr'>autem</span> <span class='ocrx_word' id='word_1_495' title='bbox 1707 919 1839 970; x_wconf 86' lang='lat' dir='ltr'>ubique</span> <span class='ocrx_word' id='word_1_496' title='bbox 1862 933 1897 956; x_wconf 91' lang='lat' dir='ltr'>se</span> <span class='ocrx_word' id='word_1_497' title='bbox 1924 932 1993 956; x_wconf 92' lang='lat' dir='ltr'>non</span> <span class='ocrx_word' id='word_1_498' title='bbox 2018 932 2092 956; x_wconf 90' lang='lat' dir='ltr'>esse</span> <span class='ocrx_word' id='word_1_499' title='bbox 2121 919 2196 955; x_wconf 89' lang='lat' dir='ltr'>Deo</span> 
     </span>
     <span class='ocr_line' id='line_1_62' title="bbox 1207 979 2196 1032; baseline 0 -15"><span class='ocrx_word' id='word_1_500' title='bbox 1207 979 1465 1029; x_wconf 80' lang='lat' dir='ltr'>adversarium,</span> <span class='ocrx_word' id='word_1_501' title='bbox 1493 995 1603 1032; x_wconf 88' lang='lat' dir='ltr'>neque</span> <span class='ocrx_word' id='word_1_502' title='bbox 1630 981 1707 1018; x_wconf 82' lang='lat' dir='ltr'>idco</span> <span class='ocrx_word' id='word_1_503' title='bbox 1732 981 1813 1018; x_wconf 86' lang='lat' dir='ltr'>illos</span> <span class='ocrx_word' id='word_1_504' title='bbox 1841 981 1909 1018; x_wconf 71' lang='lat' dir='ltr'>sibi</span> <span class='ocrx_word' id='word_1_505' title='bbox 1934 995 2002 1018; x_wconf 90' lang='lat' dir='ltr'>non</span> <span class='ocrx_word' id='word_1_506' title='bbox 2030 979 2196 1029; x_wconf 83' lang='lat' dir='ltr'>credere,</span> 
     </span>
     <span class='ocr_line' id='line_1_63' title="bbox 1208 1040 2197 1093; baseline -0.001 -15"><span class='ocrx_word' id='word_1_507' title='bbox 1208 1040 1269 1078; x_wconf 88' lang='lat' dir='ltr'>sed</span> <span class='ocrx_word' id='word_1_508' title='bbox 1284 1041 1381 1092; x_wconf 86' lang='lat' dir='ltr'>quod</span> <span class='ocrx_word' id='word_1_509' title='bbox 1398 1041 1504 1079; x_wconf 88' lang='lat' dir='ltr'>alieni</span> <span class='ocrx_word' id='word_1_510' title='bbox 1523 1050 1635 1079; x_wconf 88' lang='lat' dir='ltr'>essent</span> <span class='ocrx_word' id='word_1_511' title='bbox 1650 1056 1670 1078; x_wconf 89' lang='lat' dir='ltr'>a</span> <span class='ocrx_word' id='word_1_512' title='bbox 1686 1043 1772 1079; x_wconf 89' lang='lat' dir='ltr'>Deo.</span> <span class='ocrx_word' id='word_1_513' title='bbox 1791 1042 1881 1079; x_wconf 83' lang='lat' dir='ltr'>Nam</span> <span class='ocrx_word' id='word_1_514' title='bbox 1896 1055 1978 1078; x_wconf 86' lang='lat' dir='ltr'>eum</span> <span class='ocrx_word' id='word_1_515' title='bbox 1992 1041 2053 1092; x_wconf 88' lang='lat' dir='ltr'>qui</span> <span class='ocrx_word' id='word_1_516' title='bbox 2074 1055 2197 1093; x_wconf 80' lang='lat' dir='ltr'>pecca-</span> 
     </span>
     <span class='ocr_line' id='line_1_64' title="bbox 1208 1102 2197 1154; baseline 0 -15"><span class='ocrx_word' id='word_1_517' title='bbox 1208 1111 1284 1140; x_wconf 89' lang='lat' dir='ltr'>tum</span> <span class='ocrx_word' id='word_1_518' title='bbox 1299 1117 1368 1140; x_wconf 91' lang='lat' dir='ltr'>non</span> <span class='ocrx_word' id='word_1_519' title='bbox 1385 1103 1485 1152; x_wconf 88' lang='lat' dir='ltr'>fecit,</span> <span class='ocrx_word' id='word_1_520' title='bbox 1508 1104 1569 1154; x_wconf 88' lang='lat' dir='ltr'>qui</span> <span class='ocrx_word' id='word_1_521' title='bbox 1590 1103 1677 1140; x_wconf 89' lang='lat' dir='ltr'>dicit</span> <span class='ocrx_word' id='word_1_522' title='bbox 1691 1117 1727 1141; x_wconf 90' lang='lat' dir='ltr'>se</span> <span class='ocrx_word' id='word_1_523' title='bbox 1742 1117 1762 1140; x_wconf 87' lang='lat' dir='ltr'>a</span> <span class='ocrx_word' id='word_1_524' title='bbox 1782 1104 1858 1140; x_wconf 88' lang='lat' dir='ltr'>Deo</span> <span class='ocrx_word' id='word_1_525' title='bbox 1872 1103 1991 1141; x_wconf 76' lang='lat' dir='ltr'>venire</span> <span class='ocrx_word' id='word_1_526' title='bbox 2005 1112 2037 1140; x_wconf 87' lang='lat' dir='ltr'>et</span> <span class='ocrx_word' id='word_1_527' title='bbox 2059 1103 2104 1139; x_wconf 83' lang='lat' dir='ltr'>ab</span> <span class='ocrx_word' id='word_1_528' title='bbox 2121 1102 2197 1154; x_wconf 78' lang='lat' dir='ltr'>ipso</span> 
     </span>
     <span class='ocr_line' id='line_1_65' title="bbox 1209 1164 2198 1216; baseline 0 -15"><span class='ocrx_word' id='word_1_529' title='bbox 1209 1164 1358 1202; x_wconf 86' lang='lat' dir='ltr'>missum</span> <span class='ocrx_word' id='word_1_530' title='bbox 1374 1179 1466 1214; x_wconf 86' lang='lat' dir='ltr'>esse,</span> <span class='ocrx_word' id='word_1_531' title='bbox 1486 1166 1547 1216; x_wconf 89' lang='lat' dir='ltr'>qui</span> <span class='ocrx_word' id='word_1_532' title='bbox 1566 1166 1750 1203; x_wconf 77' lang='lat' dir='ltr'>veritatem</span> <span class='ocrx_word' id='word_1_533' title='bbox 1774 1165 2003 1215; x_wconf 73' lang='lat' dir='ltr'>loquebatur,</span> <span class='ocrx_word' id='word_1_534' title='bbox 2020 1174 2053 1202; x_wconf 82' lang='lat' dir='ltr'>et</span> <span class='ocrx_word' id='word_1_535' title='bbox 2074 1165 2122 1201; x_wconf 81' lang='lat' dir='ltr'>ita</span> <span class='ocrx_word' id='word_1_536' title='bbox 2142 1164 2198 1201; x_wconf 91' lang='lat' dir='ltr'>lo—</span> 
     </span>
     <span class='ocr_line' id='line_1_66' title="bbox 1207 1224 2195 1276; baseline 0 -14"><span class='ocrx_word' id='word_1_537' title='bbox 1207 1225 1397 1276; x_wconf 86' lang='lat' dir='ltr'>quebatur,</span> <span class='ocrx_word' id='word_1_538' title='bbox 1415 1235 1453 1263; x_wconf 89' lang='lat' dir='ltr'>ut</span> <span class='ocrx_word' id='word_1_539' title='bbox 1479 1240 1599 1264; x_wconf 85' lang='lat' dir='ltr'>omnes</span> <span class='ocrx_word' id='word_1_540' title='bbox 1623 1225 1668 1263; x_wconf 84' lang='lat' dir='ltr'>ad</span> <span class='ocrx_word' id='word_1_541' title='bbox 1691 1239 1727 1263; x_wconf 90' lang='lat' dir='ltr'>se</span> <span class='ocrx_word' id='word_1_542' title='bbox 1750 1224 2039 1276; x_wconf 82' lang='lat' dir='ltr'>redarguendum</span> <span class='ocrx_word' id='word_1_543' title='bbox 2066 1239 2195 1276; x_wconf 77' lang='lat' dir='ltr'>provo-</span> 
     </span>
     <span class='ocr_line' id='line_1_67' title="bbox 1210 1285 2199 1338; baseline -0.001 -14"><span class='ocrx_word' id='word_1_544' title='bbox 1210 1296 1318 1336; x_wconf 81' lang='lat' dir='ltr'>caret,</span> <span class='ocrx_word' id='word_1_545' title='bbox 1339 1301 1452 1337; x_wconf 89' lang='lat' dir='ltr'>neque</span> <span class='ocrx_word' id='word_1_546' title='bbox 1482 1296 1598 1325; x_wconf 86' lang='lat' dir='ltr'>tamen</span> <span class='ocrx_word' id='word_1_547' title='bbox 1624 1287 1853 1336; x_wconf 71' lang='lat' dir='ltr'>credebatur,</span> <span class='ocrx_word' id='word_1_548' title='bbox 1876 1287 1995 1338; x_wconf 78' lang='lat' dir='ltr'>palam</span> <span class='ocrx_word' id='word_1_549' title='bbox 2018 1295 2092 1323; x_wconf 84' lang='lat' dir='ltr'>erat</span> <span class='ocrx_word' id='word_1_550' title='bbox 2119 1285 2199 1323; x_wconf 85' lang='lat' dir='ltr'>ideo</span> 
     </span>
     <span class='ocr_line' id='line_1_68' title="bbox 1210 1348 2200 1399; baseline 0 -14"><span class='ocrx_word' id='word_1_551' title='bbox 1210 1362 1279 1386; x_wconf 93' lang='lat' dir='ltr'>non</span> <span class='ocrx_word' id='word_1_552' title='bbox 1311 1348 1431 1397; x_wconf 86' lang='lat' dir='ltr'>credi,</span> <span class='ocrx_word' id='word_1_553' title='bbox 1461 1348 1556 1399; x_wconf 88' lang='lat' dir='ltr'>quod</span> <span class='ocrx_word' id='word_1_554' title='bbox 1593 1349 1648 1386; x_wconf 92' lang='lat' dir='ltr'>illi</span> <span class='ocrx_word' id='word_1_555' title='bbox 1681 1349 1836 1386; x_wconf 86' lang='lat' dir='ltr'>carnales</span> <span class='ocrx_word' id='word_1_556' title='bbox 1886 1356 2009 1386; x_wconf 83' lang='lat' dir='ltr'>essent.</span> <span class='ocrx_word' id='word_1_557' title='bbox 2045 1349 2200 1386; x_wconf 68' lang='lat' dir='ltr'>Nox-crat</span> 
     </span>
     <span class='ocr_line' id='line_1_69' title="bbox 1211 1411 2200 1464; baseline 0 -16"><span class='ocrx_word' id='word_1_558' title='bbox 1211 1412 1319 1461; x_wconf 83' lang='lat' dir='ltr'>enim,</span> <span class='ocrx_word' id='word_1_559' title='bbox 1344 1421 1489 1449; x_wconf 66' lang='lat' dir='ltr'>noverat</span> <span class='ocrx_word' id='word_1_560' title='bbox 1519 1412 1641 1462; x_wconf 81' lang='lat' dir='ltr'>utique</span> <span class='ocrx_word' id='word_1_561' title='bbox 1673 1421 1815 1464; x_wconf 86' lang='lat' dir='ltr'>peccata</span> <span class='ocrx_word' id='word_1_562' title='bbox 1843 1411 1999 1449; x_wconf 87' lang='lat' dir='ltr'>animam</span> <span class='ocrx_word' id='word_1_563' title='bbox 2027 1411 2200 1464; x_wconf 87' lang='lat' dir='ltr'>abjectam</span> 
     </span>
    </p>
   </div>
   <div class='ocr_carea' id='block_1_15' title="bbox 1210 1472 2381 1526">
    <p class='ocr_par' dir='ltr' id='par_1_15' title="bbox 1210 1472 2381 1526">
     <span class='ocr_line' id='line_1_70' title="bbox 1210 1472 2381 1526; baseline 0.001 -17"><span class='ocrx_word' id='word_1_564' title='bbox 1210 1472 1368 1510; x_wconf 83' lang='lat' dir='ltr'>reddere.</span> <span class='ocrx_word' id='word_1_565' title='bbox 1383 1473 1468 1510; x_wconf 87' lang='lat' dir='ltr'>Ideo</span> <span class='ocrx_word' id='word_1_566' title='bbox 1499 1473 1633 1523; x_wconf 86' lang='lat' dir='ltr'>inquit,</span> <span class='ocrx_word' id='word_1_567' title='bbox 1661 1475 1854 1523; x_wconf 79' lang='lat' dir='ltr'><em>Quoniam</em></span> <span class='ocrx_word' id='word_1_568' title='bbox 1879 1474 2086 1510; x_wconf 79' lang='lat' dir='ltr'>imbecilles</span> <span class='ocrx_word' id='word_1_569' title='bbox 2091 1474 2202 1526; x_wconf 78' lang='lat' dir='ltr'>facti</span> <span class='ocrx_word' id='word_1_570' title='bbox 2215 1483 2295 1512; x_wconf 65' lang='lat' dir='ltr'>Hecu·</span> <span class='ocrx_word' id='word_1_571' title='bbox 2312 1483 2381 1511; x_wconf 75' lang='grc' dir='ltr'>5.ιι</span> 
     </span>
    </p>
   </div>
   <div class='ocr_carea' id='block_1_16' title="bbox 1210 1533 2205 2200">
    <p class='ocr_par' dir='ltr' id='par_1_16' title="bbox 1210 1533 2202 1710">
     <span class='ocr_line' id='line_1_71' title="bbox 1211 1533 2200 1580; baseline 0.002 -10"><span class='ocrx_word' id='word_1_572' title='bbox 1211 1536 1301 1571; x_wconf 79' lang='lat' dir='ltr'>estis</span> <span class='ocrx_word' id='word_1_573' title='bbox 1323 1534 1377 1570; x_wconf 86' lang='lat' dir='ltr'>ad</span> <span class='ocrx_word' id='word_1_574' title='bbox 1397 1535 1649 1572; x_wconf 80' lang='lat' dir='ltr'>audiendum.</span> <span class='ocrx_word' id='word_1_575' title='bbox 1677 1533 1829 1580; x_wconf 82' lang='lat' dir='ltr'>Quando</span> <span class='ocrx_word' id='word_1_576' title='bbox 1850 1533 1944 1571; x_wconf 88' lang='lat' dir='ltr'>enim</span> <span class='ocrx_word' id='word_1_577' title='bbox 1976 1543 2111 1571; x_wconf 80' lang='lat' dir='ltr'>terrena</span> <span class='ocrx_word' id='word_1_578' title='bbox 2132 1549 2200 1572; x_wconf 89' lang='lat' dir='ltr'>non</span> 
     </span>
     <span class='ocr_line' id='line_1_72' title="bbox 1212 1595 2202 1649; baseline 0.003 -17"><span class='ocrx_word' id='word_1_579' title='bbox 1212 1603 1325 1647; x_wconf 88' lang='lat' dir='ltr'>potest</span> <span class='ocrx_word' id='word_1_580' title='bbox 1353 1595 1434 1645; x_wconf 90' lang='lat' dir='ltr'>quis</span> <span class='ocrx_word' id='word_1_581' title='bbox 1471 1605 1708 1647; x_wconf 73' lang='lat' dir='ltr'>contemnere,</span> <span class='ocrx_word' id='word_1_582' title='bbox 1739 1595 1917 1649; x_wconf 87' lang='lat' dir='ltr'>quomodo</span> <span class='ocrx_word' id='word_1_583' title='bbox 1940 1596 1984 1633; x_wconf 91' lang='lat' dir='ltr'>de</span> <span class='ocrx_word' id='word_1_584' title='bbox 2005 1596 2202 1635; x_wconf 81' lang='lat' dir='ltr'>caelestibus</span> 
     </span>
     <span class='ocr_line' id='line_1_73' title="bbox 1210 1656 1618 1710; baseline 0.007 -17"><span class='ocrx_word' id='word_1_585' title='bbox 1210 1656 1456 1710; x_wconf 80' lang='lat' dir='ltr'>philosophari</span> <span class='ocrx_word' id='word_1_586' title='bbox 1469 1658 1618 1709; x_wconf 67' lang='lat' dir='ltr'>poterit?</span> 
     </span>
    </p>

    <p class='ocr_par' dir='ltr' id='par_1_17' title="bbox 1213 1717 2205 2200">
     <span class='ocr_line' id='line_1_74' title="bbox 1267 1717 2204 1771; baseline 0.004 -17"><span class='ocrx_word' id='word_1_587' title='bbox 1267 1718 1304 1754; x_wconf 71' lang='lat'>4.</span> <span class='ocrx_word' id='word_1_588' title='bbox 1335 1718 1594 1769; x_wconf 83' lang='lat' dir='ltr'>Quamobrem,</span> <span class='ocrx_word' id='word_1_589' title='bbox 1629 1720 1793 1769; x_wconf 80' lang='lat' dir='ltr'>obsecro,</span> <span class='ocrx_word' id='word_1_590' title='bbox 1828 1717 1919 1756; x_wconf 87' lang='lat' dir='ltr'>nihil</span> <span class='ocrx_word' id='word_1_591' title='bbox 1949 1732 2019 1756; x_wconf 90' lang='lat' dir='ltr'>non</span> <span class='ocrx_word' id='word_1_592' title='bbox 2057 1733 2204 1771; x_wconf 79' lang='lat' dir='ltr'>agamus</span> 
     </span>
     <span class='ocr_line' id='line_1_75' title="bbox 1213 1778 2204 1831; baseline -0.001 -15"><span class='ocrx_word' id='word_1_593' title='bbox 1213 1788 1253 1817; x_wconf 90' lang='lat' dir='ltr'>ut</span> <span class='ocrx_word' id='word_1_594' title='bbox 1268 1790 1399 1819; x_wconf 85' lang='lat' dir='ltr'>rectam</span> <span class='ocrx_word' id='word_1_595' title='bbox 1424 1781 1650 1818; x_wconf 81' lang='lat' dir='ltr'>instituamus</span> <span class='ocrx_word' id='word_1_596' title='bbox 1667 1779 1801 1828; x_wconf 79' lang='lat' dir='ltr'>vitam,</span> <span class='ocrx_word' id='word_1_597' title='bbox 1819 1778 1978 1818; x_wconf 85' lang='lat' dir='ltr'>animum</span> <span class='ocrx_word' id='word_1_598' title='bbox 1993 1793 2204 1831; x_wconf 78' lang='lat' dir='ltr'>purgemus,</span> 
     </span>
     <span class='ocr_line' id='line_1_76' title="bbox 1214 1840 2203 1892; baseline -0.001 -14"><span class='ocrx_word' id='word_1_599' title='bbox 1214 1851 1254 1879; x_wconf 88' lang='lat' dir='ltr'>ut</span> <span class='ocrx_word' id='word_1_600' title='bbox 1273 1842 1365 1880; x_wconf 80' lang='lat' dir='ltr'>nihil</span> <span class='ocrx_word' id='word_1_601' title='bbox 1391 1842 1553 1881; x_wconf 86' lang='lat' dir='ltr'>sordium</span> <span class='ocrx_word' id='word_1_602' title='bbox 1582 1840 1683 1878; x_wconf 86' lang='lat' dir='ltr'>nobis</span> <span class='ocrx_word' id='word_1_603' title='bbox 1709 1840 1963 1892; x_wconf 73' lang='lat' dir='ltr'>impedimento</span> <span class='ocrx_word' id='word_1_604' title='bbox 1988 1840 2043 1878; x_wconf 89' lang='lat' dir='ltr'>sit.</span> <span class='ocrx_word' id='word_1_605' title='bbox 2069 1842 2203 1878; x_wconf 81' lang='lat' dir='ltr'>Accen-</span> 
     </span>
     <span class='ocr_line' id='line_1_77' title="bbox 1214 1902 2205 1953; baseline -0.002 -12"><span class='ocrx_word' id='word_1_606' title='bbox 1214 1903 1288 1942; x_wconf 87' lang='lat' dir='ltr'>dite</span> <span class='ocrx_word' id='word_1_607' title='bbox 1316 1905 1419 1943; x_wconf 86' lang='lat' dir='ltr'>vobis</span> <span class='ocrx_word' id='word_1_608' title='bbox 1443 1905 1560 1942; x_wconf 89' lang='lat' dir='ltr'>lucem</span> <span class='ocrx_word' id='word_1_609' title='bbox 1584 1903 1814 1953; x_wconf 66' lang='lat' dir='ltr'>cognitionis,</span> <span class='ocrx_word' id='word_1_610' title='bbox 1844 1913 1877 1940; x_wconf 91' lang='lat' dir='ltr'>et</span> <span class='ocrx_word' id='word_1_611' title='bbox 1906 1917 1949 1941; x_wconf 90' lang='lat' dir='ltr'>ne</span> <span class='ocrx_word' id='word_1_612' title='bbox 1972 1902 2150 1941; x_wconf 81' lang='lat' dir='ltr'>seminetis</span> <span class='ocrx_word' id='word_1_613' title='bbox 2170 1903 2205 1939; x_wconf 91' lang='lat' dir='ltr'>in</span> 
     </span>
     <span class='ocr_line' id='line_1_78' title="bbox 1215 1962 2205 2017; baseline -0.002 -16"><span class='ocrx_word' id='word_1_614' title='bbox 1215 1965 1337 2017; x_wconf 75' lang='lat' dir='ltr'>spinis.</span> <span class='ocrx_word' id='word_1_615' title='bbox 1359 1965 1432 2013; x_wconf 85' lang='lat' dir='ltr'>Qui</span> <span class='ocrx_word' id='word_1_616' title='bbox 1458 1979 1526 2003; x_wconf 93' lang='lat' dir='ltr'>non</span> <span class='ocrx_word' id='word_1_617' title='bbox 1552 1963 1719 2014; x_wconf 80' lang='lat' dir='ltr'>intelligit</span> <span class='ocrx_word' id='word_1_618' title='bbox 1746 1963 1876 2000; x_wconf 85' lang='lat' dir='ltr'>malam</span> <span class='ocrx_word' id='word_1_619' title='bbox 1898 1977 1972 2000; x_wconf 85' lang='lat' dir='ltr'>esse</span> <span class='ocrx_word' id='word_1_620' title='bbox 1994 1962 2205 2011; x_wconf 76' lang='lat' dir='ltr'>avaritiam,</span> 
     </span>
     <span class='ocr_line' id='line_1_79' title="bbox 1214 2024 2204 2079; baseline -0.006 -13"><span class='ocrx_word' id='word_1_621' title='bbox 1214 2027 1396 2079; x_wconf 86' lang='lat' dir='ltr'>quomodo</span> <span class='ocrx_word' id='word_1_622' title='bbox 1416 2026 1456 2064; x_wconf 90' lang='lat' dir='ltr'>id</span> <span class='ocrx_word' id='word_1_623' title='bbox 1477 2025 1573 2077; x_wconf 84' lang='lat' dir='ltr'>quod</span> <span class='ocrx_word' id='word_1_624' title='bbox 1592 2026 1706 2076; x_wconf 82' lang='lat' dir='ltr'>majus</span> <span class='ocrx_word' id='word_1_625' title='bbox 1721 2033 1771 2061; x_wconf 85' lang='lat' dir='ltr'>est</span> <span class='ocrx_word' id='word_1_626' title='bbox 1787 2024 1900 2061; x_wconf 70' lang='lat' dir='ltr'>sciet?</span> <span class='ocrx_word' id='word_1_627' title='bbox 1918 2024 1989 2069; x_wconf 88' lang='lat' dir='ltr'>Qui</span> <span class='ocrx_word' id='word_1_628' title='bbox 2004 2024 2049 2061; x_wconf 85' lang='lat' dir='ltr'>ab</span> <span class='ocrx_word' id='word_1_629' title='bbox 2062 2024 2119 2061; x_wconf 88' lang='lat' dir='ltr'>his</span> <span class='ocrx_word' id='word_1_630' title='bbox 2136 2037 2204 2061; x_wconf 92' lang='lat' dir='ltr'>non</span> 
     </span>
     <span class='ocr_line' id='line_1_80' title="bbox 1213 2084 2204 2138; baseline -0.005 -12"><span class='ocrx_word' id='word_1_631' title='bbox 1213 2089 1384 2136; x_wconf 81' lang='lat' dir='ltr'>abstinet,</span> <span class='ocrx_word' id='word_1_632' title='bbox 1411 2085 1590 2138; x_wconf 87' lang='lat' dir='ltr'>quomodo</span> <span class='ocrx_word' id='word_1_633' title='bbox 1616 2085 1688 2123; x_wconf 91' lang='lat' dir='ltr'>illis</span> <span class='ocrx_word' id='word_1_634' title='bbox 1714 2084 1883 2122; x_wconf 61' lang='lat' dir='ltr'>haerebit?</span> <span class='ocrx_word' id='word_1_635' title='bbox 1908 2085 2044 2136; x_wconf 79' lang='lat' dir='ltr'>Rapere</span> <span class='ocrx_word' id='word_1_636' title='bbox 2068 2084 2204 2121; x_wconf 87' lang='lat' dir='ltr'>bonum</span> 
     </span>
     <span class='ocr_line' id='line_1_81' title="bbox 1214 2145 2201 2200; baseline -0.007 -12"><span class='ocrx_word' id='word_1_637' title='bbox 1214 2160 1281 2199; x_wconf 88' lang='lat' dir='ltr'>est,</span> <span class='ocrx_word' id='word_1_638' title='bbox 1301 2159 1336 2188; x_wconf 91' lang='lat' dir='ltr'>at</span> <span class='ocrx_word' id='word_1_639' title='bbox 1356 2163 1424 2187; x_wconf 89' lang='lat' dir='ltr'>non</span> <span class='ocrx_word' id='word_1_640' title='bbox 1449 2148 1628 2200; x_wconf 87' lang='lat' dir='ltr'>peritura,</span> <span class='ocrx_word' id='word_1_641' title='bbox 1652 2145 1714 2184; x_wconf 85' lang='lat' dir='ltr'>sed</span> <span class='ocrx_word' id='word_1_642' title='bbox 1738 2160 1886 2197; x_wconf 75' lang='lat' dir='ltr'>regnum</span> <span class='ocrx_word' id='word_1_643' title='bbox 1910 2146 2076 2183; x_wconf 66' lang='lat' dir='ltr'>caelorum</span> <span class='ocrx_word' id='word_1_644' title='bbox 2088 2160 2100 2195; x_wconf 79' lang='lat'><em>3</em></span> <span class='ocrx_word' id='word_1_645' title='bbox 2119 2159 2201 2182; x_wconf 89' lang='lat' dir='ltr'>nam</span> 
     </span>
    </p>
   </div>
   <div class='ocr_carea' id='block_1_17' title="bbox 2290 2095 2404 2133">
    <p class='ocr_par' dir='ltr' id='par_1_18' title="bbox 2290 2095 2404 2133">
     <span class='ocr_line' id='line_1_82' title="bbox 2290 2095 2404 2133; baseline 0.018 -12"><span class='ocrx_word' id='word_1_646' title='bbox 2290 2095 2369 2133; x_wconf 82' lang='lat' dir='ltr'>Rape</span> <span class='ocrx_word' id='word_1_647' title='bbox 2375 2106 2404 2123; x_wconf 83' lang='lat' dir='ltr'>re</span> 
     </span>
    </p>
   </div>
   <div class='ocr_carea' id='block_1_18' title="bbox 2215 2142 2407 2215">
    <p class='ocr_par' dir='ltr' id='par_1_19' title="bbox 2215 2142 2407 2215">
     <span class='ocr_line' id='line_1_83' title="bbox 2216 2142 2407 2173; baseline 0 -9"><span class='ocrx_word' id='word_1_648' title='bbox 2216 2142 2407 2173; x_wconf 78' lang='lat' dir='ltr'>opoi·tet‚non</span> 
     </span>
     <span class='ocr_line' id='line_1_84' title="bbox 2215 2178 2405 2215; baseline 0 -12"><span class='ocrx_word' id='word_1_649' title='bbox 2215 2179 2343 2215; x_wconf 77' lang='lat' dir='ltr'>peritura</span> <span class='ocrx_word' id='word_1_650' title='bbox 2354 2178 2405 2203; x_wconf 85' lang='lat' dir='ltr'>ho-</span> 
     </span>
    </p>
   </div>
   <div class='ocr_carea' id='block_1_19' title="bbox 1218 2206 2405 2260">
    <p class='ocr_par' dir='ltr' id='par_1_20' title="bbox 1218 2206 2405 2260">
     <span class='ocr_line' id='line_1_85' title="bbox 1218 2206 2405 2260; baseline -0.008 -11"><span class='ocrx_word' id='word_1_651' title='bbox 1218 2212 1398 2257; x_wconf 81' lang='lat' dir='ltr'>Violenti,</span> <span class='ocrx_word' id='word_1_652' title='bbox 1419 2209 1550 2259; x_wconf 84' lang='lat' dir='ltr'>inquit,</span> <span class='ocrx_word' id='word_1_653' title='bbox 1573 2211 1731 2260; x_wconf 81' lang='lat' dir='ltr'>rapiunt</span> <span class='ocrx_word' id='word_1_654' title='bbox 1747 2208 1860 2244; x_wconf 73' lang='lat' dir='ltr'>illud.</span> <span class='ocrx_word' id='word_1_655' title='bbox 1883 2208 1961 2244; x_wconf 89' lang='lat' dir='ltr'>Non</span> <span class='ocrx_word' id='word_1_656' title='bbox 1982 2206 2092 2258; x_wconf 75' lang='lat' dir='ltr'>igitur</span> <span class='ocrx_word' id='word_1_657' title='bbox 2108 2206 2202 2244; x_wconf 82' lang='lat' dir='ltr'>desi·</span> <span class='ocrx_word' id='word_1_658' title='bbox 2216 2230 2262 2250; x_wconf 67' lang='lat' dir='ltr'>na,</span> <span class='ocrx_word' id='word_1_659' title='bbox 2278 2219 2327 2245; x_wconf 65' lang='lat' dir='ltr'>sea</span> <span class='ocrx_word' id='word_1_660' title='bbox 2358 2229 2405 2245; x_wconf 84' lang='lat' dir='ltr'>re-</span> 
     </span>
    </p>
   </div>
   <div class='ocr_carea' id='block_1_20' title="bbox 1214 2269 2200 2327">
    <p class='ocr_par' dir='ltr' id='par_1_21' title="bbox 1214 2269 2200 2327">
     <span class='ocr_line' id='line_1_86' title="bbox 1214 2269 2200 2327; baseline -0.007 -15"><span class='ocrx_word' id='word_1_661' title='bbox 1214 2274 1276 2313; x_wconf 87' lang='lat' dir='ltr'>des</span> <span class='ocrx_word' id='word_1_662' title='bbox 1291 2287 1477 2327; x_wconf 86' lang='lat' dir='ltr'>possumus</span> <span class='ocrx_word' id='word_1_663' title='bbox 1504 2271 1596 2309; x_wconf 85' lang='lat' dir='ltr'>illud</span> <span class='ocrx_word' id='word_1_664' title='bbox 1625 2271 1806 2321; x_wconf 83' lang='lat' dir='ltr'>consequi,</span> <span class='ocrx_word' id='word_1_665' title='bbox 1835 2269 1895 2307; x_wconf 86' lang='lat' dir='ltr'>sed</span> <span class='ocrx_word' id='word_1_666' title='bbox 1915 2284 1995 2307; x_wconf 89' lang='lat' dir='ltr'>cum</span> <span class='ocrx_word' id='word_1_667' title='bbox 2015 2269 2200 2320; x_wconf 73' lang='lat' dir='ltr'>diligentia</span> 
     </span>
    </p>
   </div>
   <div class='ocr_carea' id='block_1_21' title="bbox 2214 2259 2405 2328">
    <p class='ocr_par' dir='ltr' id='par_1_22' title="bbox 2214 2259 2405 2328">
     <span class='ocr_line' id='line_1_87' title="bbox 2214 2259 2405 2296; baseline 0 -10"><span class='ocrx_word' id='word_1_668' title='bbox 2214 2269 2302 2296; x_wconf 80' lang='lat' dir='ltr'>gnum</span> <span class='ocrx_word' id='word_1_669' title='bbox 2323 2259 2405 2286; x_wconf 59' lang='lat' dir='ltr'>ezelo-</span> 
     </span>
     <span class='ocr_line' id='line_1_88' title="bbox 2216 2312 2291 2328; baseline -0.027 0"><span class='ocrx_word' id='word_1_670' title='bbox 2216 2312 2291 2328; x_wconf 79' lang='lat' dir='ltr'>runi.</span> 
     </span>
    </p>
   </div>
   <div class='ocr_carea' id='block_1_22' title="bbox 1214 2331 2401 2383">
    <p class='ocr_par' dir='ltr' id='par_1_23' title="bbox 1214 2331 2401 2383">
     <span class='ocr_line' id='line_1_89' title="bbox 1214 2331 2401 2383; baseline -0.004 -9"><span class='ocrx_word' id='word_1_671' title='bbox 1214 2346 1248 2374; x_wconf 88' lang='lat' dir='ltr'>et</span> <span class='ocrx_word' id='word_1_672' title='bbox 1262 2335 1393 2373; x_wconf 90' lang='lat' dir='ltr'>studio.</span> <span class='ocrx_word' id='word_1_673' title='bbox 1411 2333 1481 2372; x_wconf 88' lang='lat' dir='ltr'>Sed</span> <span class='ocrx_word' id='word_1_674' title='bbox 1497 2333 1584 2383; x_wconf 89' lang='lat' dir='ltr'>quid</span> <span class='ocrx_word' id='word_1_675' title='bbox 1603 2332 1673 2370; x_wconf 85' lang='lat' dir='ltr'>sibi</span> <span class='ocrx_word' id='word_1_676' title='bbox 1691 2333 1783 2381; x_wconf 64' lang='lat' dir='ltr'>vuli,</span> <span class='ocrx_word' id='word_1_677' title='bbox 1805 2332 1973 2368; x_wconf 75' lang='lat' dir='ltr'>Violenti</span> <span class='ocrx_word' id='word_1_678' title='bbox 1986 2335 2002 2367; x_wconf 70' lang='grc' dir='ltr'><em>Ρ</em></span> <span class='ocrx_word' id='word_1_679' title='bbox 2022 2331 2202 2369; x_wconf 78' lang='lat' dir='ltr'>Violentia</span> <span class='ocrx_word' id='word_1_680' title='bbox 2216 2341 2329 2370; x_wconf 71' lang='grc' dir='ltr'>Μαιιῖι.</span> <span class='ocrx_word' id='word_1_681' title='bbox 2355 2349 2401 2370; x_wconf 87' lang='lat'>11.</span> 
     </span>
    </p>
   </div>
   <div class='ocr_carea' id='block_1_23' title="bbox 1214 2392 2266 2447">
    <p class='ocr_par' dir='ltr' id='par_1_24' title="bbox 1214 2392 2266 2447">
     <span class='ocr_line' id='line_1_90' title="bbox 1214 2392 2266 2447; baseline -0.006 -13"><span class='ocrx_word' id='word_1_682' title='bbox 1214 2397 1326 2435; x_wconf 89' lang='lat' dir='ltr'>multa</span> <span class='ocrx_word' id='word_1_683' title='bbox 1344 2405 1395 2433; x_wconf 89' lang='lat' dir='ltr'>est</span> <span class='ocrx_word' id='word_1_684' title='bbox 1419 2409 1506 2447; x_wconf 90' lang='lat' dir='ltr'>opus</span> <span class='ocrx_word' id='word_1_685' title='bbox 1529 2396 1633 2441; x_wconf 85' lang='lat' dir='ltr'>(nam</span> <span class='ocrx_word' id='word_1_686' title='bbox 1660 2401 1808 2443; x_wconf 76' lang='lat' dir='ltr'>angusta</span> <span class='ocrx_word' id='word_1_687' title='bbox 1827 2401 1877 2429; x_wconf 85' lang='lat' dir='ltr'>est</span> <span class='ocrx_word' id='word_1_688' title='bbox 1896 2392 1989 2439; x_wconf 80' lang='lat' dir='ltr'>via),</span> <span class='ocrx_word' id='word_1_689' title='bbox 2008 2400 2040 2428; x_wconf 88' lang='lat' dir='ltr'>et</span> <span class='ocrx_word' id='word_1_690' title='bbox 2060 2400 2201 2429; x_wconf 80' lang='lat' dir='ltr'>strenuo</span> <span class='ocrx_word' id='word_1_691' title='bbox 2220 2392 2266 2412; x_wconf 69' lang='lat'>‘²&#39;</span> 
     </span>
    </p>
   </div>
   <div class='ocr_carea' id='block_1_24' title="bbox 1212 2452 2203 3311">
    <p class='ocr_par' dir='ltr' id='par_1_25' title="bbox 1212 2452 2203 3311">
     <span class='ocr_line' id='line_1_91' title="bbox 1215 2452 2202 2510; baseline -0.006 -15"><span class='ocrx_word' id='word_1_692' title='bbox 1215 2472 1303 2510; x_wconf 86' lang='lat' dir='ltr'>opus</span> <span class='ocrx_word' id='word_1_693' title='bbox 1323 2466 1373 2494; x_wconf 87' lang='lat' dir='ltr'>cst</span> <span class='ocrx_word' id='word_1_694' title='bbox 1388 2456 1520 2493; x_wconf 86' lang='lat' dir='ltr'>animo.</span> <span class='ocrx_word' id='word_1_695' title='bbox 1538 2454 1609 2500; x_wconf 87' lang='lat' dir='ltr'>Qui</span> <span class='ocrx_word' id='word_1_696' title='bbox 1636 2453 1797 2504; x_wconf 80' lang='lat' dir='ltr'>rapiunt,</span> <span class='ocrx_word' id='word_1_697' title='bbox 1815 2466 1935 2489; x_wconf 86' lang='lat' dir='ltr'>omnes</span> <span class='ocrx_word' id='word_1_698' title='bbox 1954 2452 2079 2489; x_wconf 71' lang='lat' dir='ltr'>volunt</span> <span class='ocrx_word' id='word_1_699' title='bbox 2099 2462 2202 2490; x_wconf 73' lang='lat' dir='ltr'>ante-</span> 
     </span>
     <span class='ocr_line' id='line_1_92' title="bbox 1214 2512 2200 2567; baseline -0.006 -9"><span class='ocrx_word' id='word_1_700' title='bbox 1214 2529 1350 2559; x_wconf 84' lang='lat' dir='ltr'>vertere</span> <span class='ocrx_word' id='word_1_701' title='bbox 1370 2533 1377 2553; x_wconf 92' lang='lat'><strong>:</strong></span> <span class='ocrx_word' id='word_1_702' title='bbox 1399 2516 1491 2554; x_wconf 88' lang='lat' dir='ltr'>nihil</span> <span class='ocrx_word' id='word_1_703' title='bbox 1510 2514 1721 2567; x_wconf 84' lang='lat' dir='ltr'>respiciunt,</span> <span class='ocrx_word' id='word_1_704' title='bbox 1741 2527 1809 2551; x_wconf 89' lang='lat' dir='ltr'>non</span> <span class='ocrx_word' id='word_1_705' title='bbox 1828 2512 2113 2563; x_wconf 85' lang='lat' dir='ltr'>damnationem,</span> <span class='ocrx_word' id='word_1_706' title='bbox 2132 2528 2200 2552; x_wconf 93' lang='lat' dir='ltr'>non</span> 
     </span>
     <span class='ocr_line' id='line_1_93' title="bbox 1215 2574 2200 2627; baseline -0.005 -10"><span class='ocrx_word' id='word_1_707' title='bbox 1215 2579 1485 2625; x_wconf 73' lang='lat' dir='ltr'>accusationem,</span> <span class='ocrx_word' id='word_1_708' title='bbox 1509 2590 1577 2613; x_wconf 91' lang='lat' dir='ltr'>non</span> <span class='ocrx_word' id='word_1_709' title='bbox 1595 2574 1823 2627; x_wconf 77' lang='lat' dir='ltr'>supplicium,</span> <span class='ocrx_word' id='word_1_710' title='bbox 1841 2574 1903 2612; x_wconf 86' lang='lat' dir='ltr'>sed</span> <span class='ocrx_word' id='word_1_711' title='bbox 1920 2589 2031 2612; x_wconf 90' lang='lat' dir='ltr'>unum</span> <span class='ocrx_word' id='word_1_712' title='bbox 2049 2584 2200 2623; x_wconf 84' lang='lat' dir='ltr'>tantum,</span> 
     </span>
     <span class='ocr_line' id='line_1_94' title="bbox 1215 2637 2203 2693; baseline -0.003 -14"><span class='ocrx_word' id='word_1_713' title='bbox 1215 2642 1255 2679; x_wconf 85' lang='lat' dir='ltr'>id</span> <span class='ocrx_word' id='word_1_714' title='bbox 1275 2655 1397 2693; x_wconf 80' lang='lat' dir='ltr'>rapere</span> <span class='ocrx_word' id='word_1_715' title='bbox 1421 2638 1519 2690; x_wconf 89' lang='lat' dir='ltr'>quod</span> <span class='ocrx_word' id='word_1_716' title='bbox 1533 2646 1720 2689; x_wconf 72' lang='lat' dir='ltr'>appetunt,</span> <span class='ocrx_word' id='word_1_717' title='bbox 1741 2646 1773 2673; x_wconf 83' lang='lat' dir='ltr'>et</span> <span class='ocrx_word' id='word_1_718' title='bbox 1791 2650 1912 2674; x_wconf 86' lang='lat' dir='ltr'>omnes</span> <span class='ocrx_word' id='word_1_719' title='bbox 1935 2637 1995 2687; x_wconf 90' lang='lat' dir='ltr'>qui</span> <span class='ocrx_word' id='word_1_720' title='bbox 2016 2647 2094 2675; x_wconf 86' lang='lat' dir='ltr'>ante</span> <span class='ocrx_word' id='word_1_721' title='bbox 2120 2648 2203 2676; x_wconf 87' lang='lat' dir='ltr'>sunt</span> 
     </span>
     <span class='ocr_line' id='line_1_95' title="bbox 1215 2697 2202 2749; baseline -0.003 -9"><span class='ocrx_word' id='word_1_722' title='bbox 1215 2711 1431 2740; x_wconf 69' lang='lat' dir='ltr'>antevertere</span> <span class='ocrx_word' id='word_1_723' title='bbox 1458 2698 1614 2737; x_wconf 86' lang='lat' dir='ltr'>student.</span> <span class='ocrx_word' id='word_1_724' title='bbox 1643 2697 1838 2749; x_wconf 85' lang='lat' dir='ltr'>Rapiamus</span> <span class='ocrx_word' id='word_1_725' title='bbox 1863 2711 1945 2748; x_wconf 83' lang='lat' dir='ltr'>ergo</span> <span class='ocrx_word' id='word_1_726' title='bbox 1968 2712 2120 2749; x_wconf 79' lang='lat' dir='ltr'>regnum</span> <span class='ocrx_word' id='word_1_727' title='bbox 2139 2714 2202 2737; x_wconf 62' lang='grc' dir='ltr'>(τω-</span> 
     </span>
     <span class='ocr_line' id='line_1_96' title="bbox 1215 2758 2199 2811; baseline -0.004 -10"><span class='ocrx_word' id='word_1_728' title='bbox 1215 2763 1344 2801; x_wconf 88' lang='lat' dir='ltr'>lorum.</span> <span class='ocrx_word' id='word_1_729' title='bbox 1367 2763 1447 2799; x_wconf 91' lang='lat' dir='ltr'>Non</span> <span class='ocrx_word' id='word_1_730' title='bbox 1464 2770 1515 2798; x_wconf 87' lang='lat' dir='ltr'>est</span> <span class='ocrx_word' id='word_1_731' title='bbox 1534 2760 1588 2797; x_wconf 89' lang='lat' dir='ltr'>cul</span> <span class='ocrx_word' id='word_1_732' title='bbox 1593 2773 1638 2811; x_wconf 79' lang='lat' dir='ltr'>pa</span> <span class='ocrx_word' id='word_1_733' title='bbox 1657 2758 1694 2796; x_wconf 86' lang='lat' dir='ltr'>id</span> <span class='ocrx_word' id='word_1_734' title='bbox 1709 2773 1849 2811; x_wconf 87' lang='lat' dir='ltr'>rapere,</span> <span class='ocrx_word' id='word_1_735' title='bbox 1867 2758 1928 2796; x_wconf 87' lang='lat' dir='ltr'>sed</span> <span class='ocrx_word' id='word_1_736' title='bbox 1949 2759 2049 2797; x_wconf 87' lang='lat' dir='ltr'>laudi</span> <span class='ocrx_word' id='word_1_737' title='bbox 2068 2759 2199 2809; x_wconf 84' lang='lat' dir='ltr'>datur;</span> 
     </span>
     <span class='ocr_line' id='line_1_97' title="bbox 1216 2820 2199 2878; baseline -0.003 -15"><span class='ocrx_word' id='word_1_738' title='bbox 1216 2826 1321 2878; x_wconf 80' lang='lat' dir='ltr'>culpa</span> <span class='ocrx_word' id='word_1_739' title='bbox 1338 2839 1422 2863; x_wconf 73' lang='lat' dir='ltr'>vero</span> <span class='ocrx_word' id='word_1_740' title='bbox 1435 2833 1485 2862; x_wconf 85' lang='lat' dir='ltr'>est</span> <span class='ocrx_word' id='word_1_741' title='bbox 1505 2837 1574 2861; x_wconf 90' lang='lat' dir='ltr'>non</span> <span class='ocrx_word' id='word_1_742' title='bbox 1591 2836 1723 2874; x_wconf 86' lang='lat' dir='ltr'>rapere.</span> <span class='ocrx_word' id='word_1_743' title='bbox 1744 2821 1813 2858; x_wconf 88' lang='lat' dir='ltr'>Hic</span> <span class='ocrx_word' id='word_1_744' title='bbox 1832 2820 1969 2859; x_wconf 69' lang='lat' dir='ltr'>divitiae</span> <span class='ocrx_word' id='word_1_745' title='bbox 1985 2832 2111 2860; x_wconf 83' lang='lat' dir='ltr'>nostrae</span> <span class='ocrx_word' id='word_1_746' title='bbox 2130 2836 2199 2860; x_wconf 91' lang='lat' dir='ltr'>non</span> 
     </span>
     <span class='ocr_line' id='line_1_98' title="bbox 1214 2882 2199 2935; baseline -0.004 -10"><span class='ocrx_word' id='word_1_747' title='bbox 1214 2887 1250 2925; x_wconf 87' lang='lat' dir='ltr'>in</span> <span class='ocrx_word' id='word_1_748' title='bbox 1272 2886 1417 2924; x_wconf 87' lang='lat' dir='ltr'>alterius</span> <span class='ocrx_word' id='word_1_749' title='bbox 1435 2885 1688 2923; x_wconf 84' lang='lat' dir='ltr'>detrimentum</span> <span class='ocrx_word' id='word_1_750' title='bbox 1711 2892 1863 2921; x_wconf 85' lang='lat' dir='ltr'>vertunt.</span> <span class='ocrx_word' id='word_1_751' title='bbox 1885 2882 2098 2921; x_wconf 79' lang='lat' dir='ltr'>Studeamus</span> <span class='ocrx_word' id='word_1_752' title='bbox 2116 2898 2199 2935; x_wconf 78' lang='lat' dir='ltr'>ergo</span> 
     </span>
     <span class='ocr_line' id='line_1_99' title="bbox 1214 2944 2198 3000; baseline -0.004 -14"><span class='ocrx_word' id='word_1_753' title='bbox 1214 2948 1307 2986; x_wconf 82' lang='lat' dir='ltr'>illud</span> <span class='ocrx_word' id='word_1_754' title='bbox 1324 2961 1458 3000; x_wconf 86' lang='lat' dir='ltr'>rapere.</span> <span class='ocrx_word' id='word_1_755' title='bbox 1477 2946 1516 2985; x_wconf 86' lang='lat' dir='ltr'>Si</span> <span class='ocrx_word' id='word_1_756' title='bbox 1531 2946 1601 2995; x_wconf 85' lang='lat' dir='ltr'>ira,</span> <span class='ocrx_word' id='word_1_757' title='bbox 1617 2944 1646 2983; x_wconf 92' lang='lat' dir='ltr'>si</span> <span class='ocrx_word' id='word_1_758' title='bbox 1665 2944 1949 2997; x_wconf 84' lang='lat' dir='ltr'>concupiscentia</span> <span class='ocrx_word' id='word_1_759' title='bbox 1968 2944 2113 2993; x_wconf 89' lang='lat' dir='ltr'>instent,</span> <span class='ocrx_word' id='word_1_760' title='bbox 2132 2959 2198 2982; x_wconf 90' lang='lat' dir='ltr'>na-</span> 
     </span>
     <span class='ocr_line' id='line_1_100' title="bbox 1213 3006 2196 3058; baseline -0.005 -11"><span class='ocrx_word' id='word_1_761' title='bbox 1213 3019 1301 3047; x_wconf 84' lang='lat' dir='ltr'>turae</span> <span class='ocrx_word' id='word_1_762' title='bbox 1319 3009 1395 3049; x_wconf 72' lang='lat' dir='ltr'>vim</span> <span class='ocrx_word' id='word_1_763' title='bbox 1410 3008 1615 3058; x_wconf 85' lang='lat' dir='ltr'>inferamus,</span> <span class='ocrx_word' id='word_1_764' title='bbox 1640 3006 1894 3044; x_wconf 85' lang='lat' dir='ltr'>mansuetiores</span> <span class='ocrx_word' id='word_1_765' title='bbox 1920 3006 2042 3054; x_wconf 87' lang='lat' dir='ltr'>simus,</span> <span class='ocrx_word' id='word_1_766' title='bbox 2061 3006 2196 3058; x_wconf 85' lang='lat' dir='ltr'>paulu—</span> 
     </span>
     <span class='ocr_line' id='line_1_101' title="bbox 1213 3066 2197 3121; baseline -0.005 -12"><span class='ocrx_word' id='word_1_767' title='bbox 1213 3072 1289 3109; x_wconf 86' lang='lat' dir='ltr'>lum</span> <span class='ocrx_word' id='word_1_768' title='bbox 1310 3071 1530 3118; x_wconf 86' lang='lat' dir='ltr'>laboremus,</span> <span class='ocrx_word' id='word_1_769' title='bbox 1551 3077 1589 3105; x_wconf 90' lang='lat' dir='ltr'>ut</span> <span class='ocrx_word' id='word_1_770' title='bbox 1612 3076 1783 3121; x_wconf 84' lang='lat' dir='ltr'>perpetuo</span> <span class='ocrx_word' id='word_1_771' title='bbox 1807 3066 2043 3117; x_wconf 85' lang='lat' dir='ltr'>quiescamus.</span> <span class='ocrx_word' id='word_1_772' title='bbox 2064 3069 2115 3104; x_wconf 88' lang='lat' dir='ltr'>Ne</span> <span class='ocrx_word' id='word_1_773' title='bbox 2141 3081 2197 3104; x_wconf 89' lang='lat' dir='ltr'>ra-</span> 
     </span>
     <span class='ocr_line' id='line_1_102' title="bbox 1212 3130 2194 3188; baseline -0.006 -15"><span class='ocrx_word' id='word_1_774' title='bbox 1212 3135 1291 3188; x_wconf 86' lang='lat' dir='ltr'>pias</span> <span class='ocrx_word' id='word_1_775' title='bbox 1306 3148 1433 3172; x_wconf 77' lang='grc'>31111111]</span> <span class='ocrx_word' id='word_1_776' title='bbox 1443 3149 1453 3183; x_wconf 83' lang='grc'>;</span> <span class='ocrx_word' id='word_1_777' title='bbox 1472 3133 1534 3171; x_wconf 89' lang='lat' dir='ltr'>sed</span> <span class='ocrx_word' id='word_1_778' title='bbox 1548 3132 1627 3170; x_wconf 88' lang='lat' dir='ltr'>illas</span> <span class='ocrx_word' id='word_1_779' title='bbox 1646 3145 1731 3183; x_wconf 81' lang='lat' dir='ltr'>rape</span> <span class='ocrx_word' id='word_1_780' title='bbox 1744 3130 1907 3177; x_wconf 77' lang='lat' dir='ltr'>divitias,</span> <span class='ocrx_word' id='word_1_781' title='bbox 1926 3145 2003 3181; x_wconf 79' lang='lat' dir='ltr'>quae</span> <span class='ocrx_word' id='word_1_782' title='bbox 2018 3140 2051 3168; x_wconf 85' lang='lat' dir='ltr'>te</span> <span class='ocrx_word' id='word_1_783' title='bbox 2067 3145 2194 3168; x_wconf 87' lang='lat' dir='ltr'>aurum</span> 
     </span>
     <span class='ocr_line' id='line_1_103' title="bbox 1212 3192 2195 3251; baseline -0.006 -15"><span class='ocrx_word' id='word_1_784' title='bbox 1212 3212 1277 3251; x_wconf 89' lang='lat' dir='ltr'>pro</span> <span class='ocrx_word' id='word_1_785' title='bbox 1296 3198 1371 3235; x_wconf 88' lang='lat' dir='ltr'>luto</span> <span class='ocrx_word' id='word_1_786' title='bbox 1392 3196 1523 3234; x_wconf 87' lang='lat' dir='ltr'>habere</span> <span class='ocrx_word' id='word_1_787' title='bbox 1543 3193 1724 3233; x_wconf 86' lang='lat' dir='ltr'>suadeant.</span> <span class='ocrx_word' id='word_1_788' title='bbox 1741 3192 1810 3231; x_wconf 90' lang='lat' dir='ltr'>Dic</span> <span class='ocrx_word' id='word_1_789' title='bbox 1827 3192 1915 3230; x_wconf 85' lang='lat' dir='ltr'>mihi</span> <span class='ocrx_word' id='word_1_790' title='bbox 1926 3222 1936 3239; x_wconf 90' lang='lat'><em>‚</em></span> <span class='ocrx_word' id='word_1_791' title='bbox 1959 3192 1986 3230; x_wconf 89' lang='lat' dir='ltr'>si</span> <span class='ocrx_word' id='word_1_792' title='bbox 2005 3193 2195 3244; x_wconf 82' lang='lat' dir='ltr'>plumbum</span> 
     </span>
     <span class='ocr_line' id='line_1_104' title="bbox 1212 3254 2195 3311; baseline -0.007 -13"><span class='ocrx_word' id='word_1_793' title='bbox 1212 3269 1245 3298; x_wconf 91' lang='lat' dir='ltr'>et</span> <span class='ocrx_word' id='word_1_794' title='bbox 1278 3273 1406 3297; x_wconf 89' lang='lat' dir='ltr'>aurum</span> <span class='ocrx_word' id='word_1_795' title='bbox 1431 3265 1648 3311; x_wconf 86' lang='lat' dir='ltr'>prostarent,</span> <span class='ocrx_word' id='word_1_796' title='bbox 1672 3255 1761 3307; x_wconf 85' lang='lat' dir='ltr'>quid</span> <span class='ocrx_word' id='word_1_797' title='bbox 1790 3254 1960 3307; x_wconf 79' lang='lat' dir='ltr'>raperes?</span> <span class='ocrx_word' id='word_1_798' title='bbox 1986 3267 2100 3292; x_wconf 87' lang='lat' dir='ltr'>nonne</span> <span class='ocrx_word' id='word_1_799' title='bbox 2132 3269 2195 3292; x_wconf 88' lang='lat' dir='ltr'>au-</span> 
     </span>
    </p>
   </div>
   <div class='ocr_carea' id='block_1_25' title="bbox 161 3376 1615 3423">
    <p class='ocr_par' dir='ltr' id='par_1_26' title="bbox 161 3376 1615 3423">
     <span class='ocr_line' id='line_1_105' title="bbox 161 3376 1615 3423; baseline -0.002 -13"><span class='ocrx_word' id='word_1_800' title='bbox 161 3389 173 3402; x_wconf 51' lang='grc' dir='ltr'><strong>ἓ</strong></span> <span class='ocrx_word' id='word_1_801' title='bbox 199 3378 312 3411; x_wconf 81' lang='lat' dir='ltr'>Morel.</span> <span class='ocrx_word' id='word_1_802' title='bbox 341 3385 390 3414; x_wconf 80' lang='grc' dir='ltr'>καὶ</span> <span class='ocrx_word' id='word_1_803' title='bbox 417 3386 485 3414; x_wconf 65' lang='grc' dir='ltr'>κενά</span> <span class='ocrx_word' id='word_1_804' title='bbox 514 3377 643 3412; x_wconf 80' lang='lat' dir='ltr'>Ibidem</span> <span class='ocrx_word' id='word_1_805' title='bbox 667 3377 801 3422; x_wconf 82' lang='lat' dir='ltr'>quidam</span> <span class='ocrx_word' id='word_1_806' title='bbox 827 3378 951 3412; x_wconf 80' lang='lat' dir='ltr'>habent</span> <span class='ocrx_word' id='word_1_807' title='bbox 974 3385 1068 3420; x_wconf 69' lang='grc' dir='ltr'>ἥκειν,</span> <span class='ocrx_word' id='word_1_808' title='bbox 1090 3388 1125 3412; x_wconf 81' lang='lat' dir='ltr'>ut</span> <span class='ocrx_word' id='word_1_809' title='bbox 1141 3379 1242 3414; x_wconf 77' lang='lat' dir='ltr'>Savil.</span> <span class='ocrx_word' id='word_1_810' title='bbox 1260 3396 1267 3423; x_wconf 65' lang='lat'>5</span> <span class='ocrx_word' id='word_1_811' title='bbox 1286 3379 1340 3411; x_wconf 76' lang='lat' dir='ltr'>alii</span> <span class='ocrx_word' id='word_1_812' title='bbox 1360 3385 1433 3419; x_wconf 80' lang='grc' dir='ltr'>ἥκει,</span> <span class='ocrx_word' id='word_1_813' title='bbox 1454 3385 1489 3410; x_wconf 85' lang='lat' dir='ltr'>ut</span> <span class='ocrx_word' id='word_1_814' title='bbox 1503 3376 1615 3410; x_wconf 84' lang='lat' dir='ltr'>Morel.</span> 
     </span>
    </p>
   </div>
   <div class='ocr_carea' id='block_1_26' title="bbox 1971 3429 2032 3465">
    <p class='ocr_par' dir='ltr' id='par_1_27' title="bbox 1971 3429 2032 3465">
     <span class='ocr_line' id='line_1_106' title="bbox 1971 3429 2032 3465; baseline 0 0"><span class='ocrx_word' id='word_1_815' title='bbox 1971 3429 2032 3465; x_wconf 62' lang='lat'>25.</span> 
     </span>
    </p>
   </div>
  </div>
 </body>
</html>
