2522 3683
180 1287 256 1313 lsai.
274 1284 326 1315 53.

203 2609 240 2633 Ιζ.)
254 2606 302 2632 ml.
321 2612 366 2632 12.

201 2648 231 2674 ἦ.

201 2670 277 2715 λςαί.
295 2685 386 2721 53.9.

207 3092 315 3128 ΙῖΙιῙιω.
340 3090 369 3125 4.

208 3142 223 3159 ’λ
238 3147 257 3170 Ι.

208 3184 297 3212 Ram.
310 3193 341 3213 12
366 3193 373 3211 1

379 195 470 257 048

1334 205 1502 234 sptium.

375 289 527 341 ptiacam
540 288 649 325 aciem
663 286 846 337 demergit.
866 288 986 336 Agnus
1002 284 1067 323 tibi
1081 285 1242 323 Christus
1259 293 1309 321 est
1325 284 1361 322 in
1374 283 1422 348 ²2²
1436 284 1498 331 τὴν
1517 285 1759 333 Αἰγυπτιακὴν
1790 284 1933 334 δύναμιν
1960 285 2237 322 ἐπεισελθοῦσαν.
2270 284 2303 320 Π
2311 282 2452 334 ρόῧατόν

374 342 474 379 exitu
494 355 539 378 cx
553 340 621 378 hoe
645 338 791 385 mundo,
805 347 838 376 et
855 348 887 376 tc
902 337 1066 375 transfert
1082 337 1118 375 in
1135 337 1272 385 caelum,
1290 350 1360 386 quo

375 392 531 431 ascendit
544 392 623 441 ille3
642 401 676 429 te
692 405 832 442 quoque
849 389 986 428 inducit
1002 389 1036 427 in
1051 399 1219 428 aeternam
1235 389 1359 428 vitam.

377 447 468 483 Cum
481 446 645 483 transfert
654 444 884 482 hominemex
895 441 1034 480 Davide
1041 452 1177 490 natum,
1188 455 1257 478 una
1266 455 1360 491 quo-

375 512 443 549 que
458 498 621 535 transfert
641 510 713 543 eos,
735 496 796 546 qui
816 509 896 532 eum
918 494 1085 546 morigeri
1103 494 1241 544 sequuti
1264 501 1363 541 sunt,

376 551 437 600 qui
458 564 526 587 non
545 550 635 586 ultra
653 549 778 586 timent
798 548 1030 593 Pharaonem,
1047 560 1161 597 neque
1182 546 1273 583 ultra
1296 545 1362 582 im-

377 600 773 646 inanent'inservilibns‚
790 609 824 637 et
837 599 1161 637 ae1·11m11iste1·1·enis
1181 612 1245 650 per
1264 598 1364 635 illam

377 655 544 704 exiguam
562 662 594 690 et
612 653 776 690 acerbam
792 653 1024 703 voluptatem,
1041 652 1142 703 cujus
1159 660 1287 703 typum
1301 650 1364 686 ha-

377 707 456 744 buit
486 705 592 743 Israel
625 720 687 757 per
705 719 805 742 esum
825 705 1000 753 carnium,
1021 718 1191 755 ceparum
1209 712 1242 740 et
1260 702 1362 739 allio-

377 773 457 796 rum
478 758 513 795 in
532 758 698 809 AEgypto.
720 757 821 794 Talis
842 766 892 795 est
911 757 1017 808 hujus
1036 756 1161 793 mundi
1181 756 1361 806 voluptas,

377 825 456 861 quae
479 811 707 848 accerrimam
720 810 828 847 habet
847 818 880 847 ct
894 808 1140 861 complicatam
1152 807 1366 845 sollicitudi-

378 878 463 901 num
483 863 642 910 turham3
665 862 842 900 carnalem
859 876 944 900 vero
971 871 1078 912 atque
1095 861 1244 898 ferinam
1273 873 1361 898 ven-

377 916 443 953 tris
462 915 670 966 ingluviem.
692 914 778 951 Tibi
797 930 817 951 a
834 913 1012 951 mundana
1027 914 1101 950 vita
1117 926 1269 963 egresso,
1291 912 1361 948 ini-

378 968 469 1005 tium
490 982 581 1006 verce
601 967 684 1005 vitae
708 966 821 1015 adest;
839 967 929 1004 sicut
949 966 1021 1002 illis
1047 965 1181 1002 Pascha
1200 963 1364 1014 typicum

378 1020 521 1058 initium
536 1020 711 1057 mensium
727 1028 811 1056 crat.
832 1019 935 1059 Nunc
949 1017 1043 1054 enim
1060 1017 1202 1053 initium
1218 1015 1365 1053 vivendi

379 1083 443 1117 est,
460 1072 601 1123 quando
616 1071 775 1109 saeculari
794 1080 828 1108 et
847 1080 992 1108 terrena:
1016 1068 1099 1106 vitae
1118 1067 1361 1105 abrenuntias:

379 1139 473 1163 nunc
501 1124 636 1162 invenis
664 1138 786 1161 veram
813 1122 938 1171 vitam,
971 1135 1048 1171 quae
1074 1130 1125 1158 est
1154 1120 1191 1157 in
1219 1119 1362 1170 spirim.

381 1177 541 1215 Christus
571 1175 787 1212 immolatur.
816 1175 940 1224 Itaque
967 1173 1127 1224 agnoscis
1155 1172 1368 1209 sacrificium

379 1231 454 1281 ejus
472 1243 538 1281 pro
554 1237 587 1265 te
604 1228 763 1265 oblatum
783 1227 901 1264 fuisse.
929 1227 1033 1263 Tunc
1051 1224 1119 1262 tihi
1138 1224 1306 1276 impletur
1325 1224 1368 1261 il-

380 1282 589 1329 lud‚Sicut
616 1282 697 1318 ovis
727 1281 780 1317 ad
806 1282 1035 1317 occisionem
1069 1279 1207 1315 duetus
1235 1285 1303 1322 est,
1333 1285 1370 1314 et

380 1339 479 1374 sicut
498 1347 620 1385 agnus
635 1347 766 1370 eoram
781 1333 962 1369 tondente
977 1344 1016 1368 se
1036 1338 1176 1367 mutus.
1199 1331 1369 1366 Mansue-

381 1388 467 1426 tudo
485 1396 605 1423 autem
624 1386 659 1422 in
682 1385 744 1422 illo
769 1384 942 1436 praeviam
961 1382 1038 1421 ovis
1057 1382 1210 1433 figuram
1229 1390 1345 1420 servat
1361 1397 1368 1417 :

380 1453 542 1478 ascensus
560 1447 680 1476 autem
703 1438 738 1475 in
764 1437 877 1474 altum
897 1436 970 1474 sine
992 1435 1216 1487 depressione
1236 1434 1284 1472 ad
1300 1434 1371 1472 ima

379 1493 479 1531 hoedi
500 1505 658 1542 gressum
675 1490 721 1528 ad
739 1489 877 1527 excelsa
909 1497 1105 1526 conservat.
1129 1488 1253 1540 Caprae
1271 1502 1369 1525 nam-

381 1561 450 1596 que
469 1545 516 1582 ad
536 1543 678 1582 excelsa
697 1552 730 1581 et
748 1542 862 1580 ardua
876 1542 952 1579 loca
971 1541 1102 1578 saliunt
1117 1549 1150 1577 et
1165 1540 1370 1577 ascendunt.

383 1598 545 1636 Sublime
563 1606 680 1634 autem
696 1605 728 1633 et
747 1595 955 1632 hominibus
974 1607 1115 1632 accessu
1139 1593 1287 1630 difficile
1306 1607 1372 1629 cae-

383 1652 460 1689 lum
488 1659 576 1696 crat,
594 1664 638 1686 ex
661 1663 730 1698 qua
751 1647 809 1684 die
839 1648 960 1699 lapsus
986 1655 1037 1684 est
1067 1645 1174 1683 homo
1200 1659 1220 1683 a
1248 1645 1372 1683 divino

384 1712 571 1756 praecepto,
589 1702 685 1739 carni
702 1700 858 1738 serviens
881 1708 914 1736 et
934 1713 953 1736 a
973 1707 1093 1735 sancto
1113 1697 1251 1748 Spiritu
1271 1712 1371 1748 sepa-

385 1766 493 1794 ratus.
512 1753 679 1792 Ascendit
698 1762 817 1790 autem
832 1761 865 1789 et
880 1761 913 1789 te
929 1765 1070 1788 sursum
1088 1749 1235 1787 adducit
1251 1749 1374 1788 divina

386 1809 530 1847 victima
545 1821 609 1859 pro
621 1815 654 1843 te
670 1805 863 1843 immolata.
880 1805 1017 1841 Tecum
1030 1802 1123 1840 enim
1140 1802 1200 1840 ille
1213 1811 1374 1840 mortuus

386 1871 451 1907 cst⁷
470 1870 509 1898 ut
522 1870 560 1897 vtu
577 1859 679 1898 vivas
699 1858 733 1895 in
753 1858 827 1894 illo.
843 1856 996 1906 Sanguis
1010 1870 1092 1894 vcro
1111 1855 1194 1906 agni
1211 1854 1374 1892 salutaris

385 1915 452 1952 tibi
481 1922 545 1962 est,
569 1912 598 1949 si
629 1910 774 1948 accedas
795 1908 839 1947 ad
857 1909 953 1946 hunc
972 1908 1180 1959 sanguinem
1203 1907 1372 1956 fideliter,

385 1967 416 2004 si
436 1980 556 2004 sensus
574 1974 608 2002 et
632 1962 859 2013 cogitationes
880 1969 969 2008 tuas,
991 1975 1054 2012 per
1073 1975 1160 2011 quas
1181 1959 1378 2011 ingreditur

388 2029 484 2056 mors
504 2032 585 2055 cum
602 2025 759 2068 peccato,
782 2029 845 2068 per
867 2014 976 2051 fidem
996 2014 1096 2063 quasi
1120 2013 1289 2064 sanguine
1307 2027 1375 2050 un-

388 2072 500 2119 xeris,
531 2070 622 2107 sicut
654 2068 761 2106 Israel
791 2067 908 2105 aditus
937 2065 1109 2116 sanguine
1142 2066 1309 2116 ungebat.
1339 2065 1379 2104 Si

389 2124 482 2162 enim
503 2124 536 2160 in
558 2132 590 2160 te
612 2136 673 2173 per
692 2121 813 2159 oculos
831 2133 901 2157 non
930 2119 1087 2170 ingressa
1117 2118 1223 2155 fuerit
1252 2132 1379 2157 concu-

389 2176 574 2229 piscentia,
607 2189 670 2212 nec
701 2188 766 2225 per
794 2172 973 2219 auditum,
1009 2185 1072 2222 per
1101 2171 1285 2215 olfactum,
1318 2185 1381 2222 per

393 2239 550 2279 gustum,
570 2227 628 2265 vel
647 2241 710 2278 per
727 2235 874 2273 tactum,
898 2224 954 2263 vel
974 2224 1092 2261 adhuc
1112 2238 1173 2275 per
1192 2223 1379 2273 cogitatio-

394 2297 465 2330 nes7
480 2295 574 2318 mors
587 2294 657 2318 non
672 2279 737 2316 tibi
753 2278 981 2325 dominatur;
1001 2276 1060 2314 sed
1077 2276 1113 2313 in
1129 2290 1274 2327 corpore
1289 2290 1381 2313 mor-

393 2334 625 2372 tificationem
643 2334 727 2372 Jesu
742 2332 870 2380 ferens,
889 2329 1002 2368 vitam
1019 2328 1168 2366 habebis
1185 2329 1221 2365 in
1238 2342 1383 2380 corpore

396 2397 458 2424 tuo
480 2386 720 2438 conspicuam,
740 2393 772 2422 et
790 2384 841 2421 sic
862 2381 1090 2435 pertransibit
1108 2395 1202 2418 mors
1222 2395 1284 2432 per
1305 2381 1381 2432 pri-

398 2454 497 2476 mum
516 2448 696 2491 parentem
731 2436 912 2474 Adamum
941 2434 1054 2481 illata,
1079 2442 1118 2470 ut
1150 2434 1383 2471 Hebraeorum

399 2492 523 2529 domos
543 2503 768 2543 supergressa
787 2498 838 2526 est
857 2487 1175 2540 primogenitorum
1195 2485 1380 2537 pernicies.

399 2545 484 2582 Ideo
516 2544 625 2594 hujus
658 2541 738 2579 festi
768 2555 894 2579 nomen
929 2539 1063 2576 Pascha
1097 2548 1148 2576 cst
1181 2538 1386 2589 significans

402 2597 604 2634 transitum:
635 2595 913 2633 [inmaculatus
934 2593 1003 2628 libi
1021 2600 1077 2629 est
1097 2605 1233 2642 agnus.
1259 2591 1386 2628 imma-

404 2650 542 2687 culatus
561 2648 655 2686 enim
671 2656 722 2685 est
738 2648 850 2685 Jcsus.
876 2647 951 2695 Qui
963 2653 1165 2694 peccatum
1181 2645 1383 2696 nonsecit‚

405 2702 534 2752 iuquit,
553 2714 623 2738 nec
640 2704 818 2737 inventus
833 2706 887 2736 est
908 2697 1018 2733 dolus
1038 2699 1079 2733 in
1099 2710 1162 2733 ore
1178 2698 1272 2748 ejus.
1293 2697 1388 2732 Per-

402 2757 525 2804 fectus
545 2753 753 2790 masculus.
772 2752 864 2789 Nam
884 2749 1050 2801 perfectio
1065 2749 1210 2800 justitiae
1225 2757 1276 2786 est
1292 2747 1389 2799 apud

391 2802 519 2843 'solum
538 2820 663 2842 verum
683 2806 826 2853 Regem.
851 2801 1047 2839 Anniculus
1067 2815 1179 2851 agnus
1197 2810 1248 2838 est
1268 2800 1388 2837 (etei-in

405 2857 537 2895 Christi
557 2858 681 2906 figura.
712 2855 927 2908 Symbolum
943 2854 1036 2890 enim
1063 2853 1180 2890 sacculi
1197 2862 1248 2890 est
1263 2867 1389 2900 annus,

404 2910 465 2961 qui
486 2911 576 2960 saepe
592 2910 627 2946 in
648 2909 743 2946 omni
765 2908 894 2946 saeculo
915 2905 1011 2943 idem
1032 2905 1107 2958 ipse
1124 2905 1336 2953 revolvitur,
1357 2914 1391 2942 et

406 2976 525 3001 omncs
553 2961 795 2999 conversiones
815 2960 849 2997 in
875 2974 910 2996 sc
929 2958 1048 3005 habet,
1071 2958 1154 2996 novi
1176 2957 1331 2995 hominis
1347 2958 1390 2994 sl-

407 3029 512 3065 gura,
533 3014 568 3051 in
589 3027 658 3063 quo
679 3022 832 3050 vetustas
864 3012 1029 3049 humanae
1050 3020 1175 3048 nostrae
1201 3019 1336 3047 naturae
1356 3010 1391 3047 in

407 3068 597 3106 novitatem
626 3073 758 3102 mutata
788 3073 839 3101 est
857 3080 863 3099 :
880 3078 962 3101 nam
984 3064 1154 3111 Induile,
1172 3062 1301 3112 inq-xit,
1326 3077 1392 3099 no-

411 3134 497 3158 vum
524 3121 730 3156 hominem.
755 3116 844 3165 Agni
864 3115 1088 3153 immaculata
1120 3124 1246 3152 natura
1265 3124 1299 3152 et
1315 3129 1393 3166 pcr-

408 3172 555 3210 scctionc
575 3170 735 3217 indutus,
755 3181 866 3219 agnus
883 3167 948 3204 Dei
969 3167 1054 3216 cris3
1070 3176 1103 3204 ct
1123 3181 1205 3204 cuni
1222 3167 1392 3205 exhibue-

458 3299 471 3311 ’‘
498 3298 508 3338 [
527 3298 620 3328 Fort.
640 3299 738 3333 ’δειλῶς
767 3301 806 3329 ἐν.
834 3301 896 3331 ταῖς
922 3297 1061 3330 1702>eizr÷
1083 3300 1144 3330 ταῖς
1162 3302 1322 3334 κοσμικαῖς.
1338 3294 1416 3324 Mox

415 3360 475 3391 pro
494 3354 576 3383 πόλιν
592 3348 668 3385 fort.
687 3348 826 3387 miti-1121]

1437 352 1491 374 σοι
1510 336 1660 388 Χριστὸς
1681 337 1735 374 ἐπ’
1759 335 1863 388 ἐξόδῳ
1891 340 1933 388 τῇ
1956 337 2025 374 ἀπὸ
2042 335 2172 385 κόσμου
2187 366 2196 382 ,
2230 335 2289 372 καὶ
2308 335 2345 373 σὲ
2366 351 2453 385 συμ·

1438 389 1663 439 μετατίθησιν
1697 390 1744 432 εἷς
1770 389 1910 439 οὐρανὸν
1934 387 2127 427 ἀναὸαίνων
2144 403 2152 410 ·
2174 386 2377 432 ἀναὸιὸάζει
2394 386 2454 424 καὶ

1437 441 1474 479 σὲ
1492 442 1549 479 ἐπὶ
1567 441 1630 486 τὴν
1649 441 1788 479 αἰωνίαν
1806 441 1908 488 ζωήν.
1934 440 2106 491 Μετάγων
2128 440 2185 477 τὸν
2203 439 2381 490 ἄνθρωπον
2396 438 2454 477 τὸν

1437 495 1476 531 ἐκ
1502 494 1611 531 Δαυὶδ
1630 493 1794 544 γεγονότα
1809 524 1819 541 ,
1845 492 2060 544 συμμετάγει
2080 492 2158 536 τοὺς
2176 493 2456 538 ἀκολουθοῦντας,

1437 544 1514 589 τοὺς
1543 545 1717 592 ὑπηκόους
1742 545 1801 583 καὶ
1822 545 2039 592 πειθηνίους,
2068 544 2146 588 τοὺς
2175 544 2300 594 μηκέτι
2318 542 2456 595 Φαραὼ

1437 597 1682 650 φοὸουμένους,
1705 597 1793 648 μηδὲ
1807 598 1825 616 *
1841 599 1953 644 δηλῶς
1967 597 2240 648 ἐναπομένοντας
2255 602 2328 639 ταῖς
2346 596 2456 634 δουλι-

1437 656 1622 701 κοσμικαῖς
1638 650 1694 688 καὶ
1723 650 1972 703 κακοπαθείαις
1997 648 2133 700 γηίναις
2145 678 2154 696 ,
2184 648 2240 686 διὰ
2256 648 2319 695 τὴν
2338 648 2456 698 ὀλίγην

1437 702 1496 741 καὶ
1528 705 1686 755 δριμεῖαν
1712 701 1840 748 ἡδονὴν
1856 730 1866 747 ,
1898 706 1939 748 ἧς
1958 702 2065 740 τύπον
2084 695 2175 752 εἶχεν
2196 704 2213 738 ὁ
2231 700 2376 752 Ἰσραὴλ
2393 699 2458 745 τὴν

1436 759 1504 793 τῶν
1535 757 1646 807 κρεῶν
1679 755 1738 792 καὶ
1764 754 1952 806 κρομμύων
1983 754 2042 791 καὶ
2074 753 2245 805 σκορόδων
2274 754 2402 804 βρῶσιν
2422 754 2455 790 ἐν

1437 807 1615 862 Αἰγύπτῳ.
1649 807 1804 852 Τοιαύτη
1822 807 1889 859 γὰρ
1905 810 1926 852 ἡ
1941 806 2031 845 κατὰ
2048 805 2179 856 κόσμον
2199 804 2318 852 ἡδονὴ,
2340 805 2459 855 δριμυ-

1436 859 1543 907 τάτην
1568 863 1636 898 τῶν
1658 862 1833 911 μεριμνῶν
1853 859 1954 898 πόλιν
1975 859 2102 910 ἔχουσα
2131 856 2458 908 συμπεπλεγμένην,

1438 912 1608 963 σαρκικὴν
1627 913 1663 950 δὲ
1684 912 1742 949 καὶ
1763 912 1916 963 θηριώδη
1938 911 1999 958 τὴν
2020 910 2237 961 πλησμονήν.
2261 908 2408 953 Ἐξιόντι
2425 907 2461 946 δέ

1438 979 1492 1002 σοι
1509 968 1570 1010 τῆς
1588 967 1760 1015 κοσμικῆς
1780 967 1881 1011 ζωῆς,
1904 963 1995 1015 ἀρχὴ
2018 966 2107 1009 ζωῆς
2129 964 2297 1008 ἀληθινῆς
2313 960 2458 1012 γίνεται·

1438 1014 1558 1067 ὥσπερ
1589 1017 1729 1059 ἐκείνοις
1762 1016 1853 1067 ἀρχὴ
1890 1019 2007 1066 μηνῶν
2039 1016 2078 1053 τὸ
2099 1016 2219 1066 πάσχα
2246 1014 2285 1052 τὸ
2303 1013 2460 1052 τυπικόν.

1440 1069 1513 1106 Νῦν
1541 1067 1607 1119 γὰρ
1637 1068 1729 1121 ἀρχὴ
1744 1070 1824 1119 ἱιζῆν
1842 1098 1851 1116 ,
1876 1068 1932 1105 ὅτε
1958 1068 2140 1119 ἀποτάσσῃ
2166 1071 2208 1118 τῆ
2231 1068 2382 1117 κοσμικῇ
2400 1066 2460 1104 καὶ

1439 1119 1542 1171 γηΐνῃ
1564 1122 1652 1172 ζωῇ·
1673 1125 1732 1158 νῦν
1751 1119 1920 1171 εὑρίσκεις
1940 1120 1973 1157 τί
1995 1119 2034 1157 τὸ
2059 1119 2218 1165 ἀληθινὸν
2243 1121 2325 1169 ζῆν,
2358 1118 2397 1156 τὸ
2425 1119 2459 1155 ἐν

1442 1171 1625 1222 πνεύματι.
1656 1171 1788 1211 Θύεται
1807 1173 1957 1223 Χριστὸς
1970 1203 1980 1220 ,
2004 1171 2094 1209 ὥστε
2112 1170 2292 1223 γινώσκεις
2310 1169 2372 1216 τὴν
2399 1173 2460 1208 θυ-

1443 1224 1520 1262 σίαν
1541 1227 1645 1262 αὐτοῦ
1664 1224 1728 1271 τὴν
1756 1224 1845 1289 ὑπὲρ
1874 1230 1934 1263 σοῦ
1961 1224 2161 1275 γενομένην.
2187 1223 2278 1262 Τότε
2296 1238 2350 1260 σοι
2365 1223 2460 1269 πλη-

1445 1281 1561 1327 ροῦται
1586 1277 1625 1315 τὸ
1640 1308 1649 1325 ,
1680 1277 1744 1321 ‘sse
1767 1276 1940 1328 προὸατον
1966 1277 2020 1316 ἐπὶ
2045 1275 2179 1327 σφαγὴν
2203 1275 2295 1327 ἤχθη
2310 1306 2319 1322 ,
2339 1274 2398 1312 καὶ
2417 1276 2463 1317 ὡς

1445 1330 1550 1379 ἀμνὸς
1567 1329 1718 1368 ἐναντίον
1733 1333 1791 1368 τοῦ
1806 1329 1982 1382 κείραντος
1999 1328 2099 1367 αὐτὸν
2112 1329 2256 1380 ἄφωνος.
2276 1326 2346 1366 Καὶ
2359 1329 2380 1372 ἡ
2400 1326 2462 1378 μὲν

1443 1382 1592 1428 ἠπιότης
1607 1385 1641 1420 ἐν
1657 1384 1750 1434 αὐτῷ
1767 1381 1869 1427 σώζει
1884 1386 1944 1420 τοῦ
1960 1381 2138 1434 προὸάτου
2152 1380 2215 1428 τὴν
2229 1379 2464 1432 πρωτοτύπω-

1445 1449 1517 1472 σιν·
1536 1438 1558 1480 ἢ
1583 1434 1618 1473 δὲ
1644 1439 1690 1479 εἷς
1713 1434 1796 1486 ὕψος
1814 1435 1945 1479 ἄνοδος,
1963 1435 2020 1473 καὶ
2037 1436 2098 1473 οὐκ
2110 1436 2144 1471 ἐν
2158 1439 2228 1476 τοῖς
2241 1432 2336 1470 κάτω
2349 1433 2462 1469 κατά-

1444 1502 1576 1543 σζεσις,
1591 1487 1764 1530 ἀποσώζει
1779 1491 1837 1524 τοῦ
1854 1487 1968 1539 ἐρίφου
1983 1486 2045 1533 τὴν
2061 1485 2118 1524 ἐπὶ
2125 1485 2169 1524 τὰ
2179 1484 2296 1537 ὑψηλὰ
2310 1483 2464 1535 πορείαν.

1441 1541 1541 1590 Αἰγες
1552 1539 1618 1591 γὰρ
1631 1540 1688 1577 ἐπὶ
1703 1540 1746 1577 τὰ
1761 1540 1955 1591 ὑψηλότερα
1971 1539 2030 1577 καὶ
2042 1537 2196 1577 δύσὸατα
2204 1536 2343 1584 πηδῶσί
2354 1552 2392 1574 τε
2406 1536 2466 1575 καὶ

1446 1592 1702 1631 ἀναὸαίνουσιν.
1726 1590 1743 1611 ¹'
1758 1592 1924 1643 Ὕψηλῶν
1945 1591 1978 1630 δὲ
1999 1590 2189 1642 ἀνθρώπιον
2210 1589 2268 1627 καὶ
2285 1589 2465 1627 δυσὸἀτων

1446 1638 1488 1690 ῆν
1504 1644 1664 1696 οὐρανὸς,
1687 1647 1744 1696 ἀφ’
1765 1640 1806 1690 ἧς
1822 1644 1955 1696 ἡμέρας
1969 1642 2228 1682 καταπέπτωκε
2242 1641 2384 1694 σφαλεὶς
2400 1641 2467 1679 ἀπὸ

1446 1701 1507 1744 τῆς
1537 1697 1630 1739 θείας
1655 1699 1814 1742 ἐντολῆς,
1846 1697 1950 1748 σαρκὶ
1981 1694 2166 1738 δουλεύσας
2185 1695 2243 1732 καὶ
2262 1693 2467 1745 Πνεύματος

1447 1749 1545 1800 ἁγίου
1568 1749 1762 1800 χωρισθείς.
1793 1749 1987 1787 Ἀναὸαίνει
2008 1748 2049 1795 δὴ
2073 1747 2131 1785 καὶ
2152 1746 2355 1791 ἀναῧιὸάζει
2377 1762 2414 1785 σε
2429 1747 2469 1785 τὸ

1447 1805 1535 1840 θεῖον
1554 1804 1673 1852 ἱερεῖον
1686 1803 1784 1840 τυθὲν
1806 1801 1892 1854 ὑπὲρ
1915 1806 1986 1840 σοῦ.
2018 1800 2124 1855 Μετὰ
2150 1803 2208 1839 σοῦ
2230 1799 2297 1852 γὰρ
2319 1799 2466 1846 ἀπέθνη-

1448 1871 1539 1900 σκεν,
1560 1853 1615 1891 ἵνα
1630 1853 1670 1892 σὺ
1687 1853 1793 1906 ζήσης
1808 1856 1841 1891 ἐν
1862 1857 1968 1906 αὐτῷ.
1988 1855 2087 1904 Αἷμα
2101 1853 2138 1892 δέ
2156 1868 2210 1891 σοι
2228 1853 2267 1890 τὸ
2282 1857 2341 1890 τοῦ
2358 1854 2468 1903 ἀμνοῦ

1448 1907 1617 1959 σωτήριον
1630 1936 1639 1954 ,
1660 1905 1718 1944 ἐὰν
1739 1906 1932 1958 προσέλθῃς
1948 1910 1996 1958 τῷ
2018 1906 2141 1957 αἵματι
2160 1908 2309 1958 πιστῶς,
2328 1903 2387 1942 ἐὰν
2406 1904 2469 1946 τὰς

1449 1960 1624 2006 αἰσθήσεις
1637 1958 1698 2002 τὰς
1720 1962 1843 1997 ἑαυτοῦ
1865 1960 1924 1997 καὶ
1940 1960 2001 2002 τὰς
2020 1958 2170 2006 ἐννοίας,
2190 1958 2234 1995 δι’
2254 1961 2301 1994 ὧν
2318 1957 2468 2010 εἰσέρχε-

1448 2028 1507 2051 ται
1526 2012 1670 2055 θάνατος
1689 2011 1862 2064 ἁμαρτίαν
1879 2011 2186 2066 προσεισπέμπων,
2204 2008 2333 2052 ταύτας
2349 2013 2391 2061 τῇ
2413 2008 2469 2047 πί-

1451 2081 1524 2103 στει
1556 2069 1615 2103 τοῦ
1644 2063 1790 2115 αἵματος
1818 2065 1918 2103 οἱονεὶ
1937 2064 2088 2117 χρίσῃς,
2112 2062 2270 2115 καθάπερ
2292 2066 2309 2100 ὃ
2324 2061 2471 2114 Ἰσραὴλ

1451 2118 1545 2170 ἔχριε
1562 2117 1624 2161 τὰς
1643 2117 1793 2161 εἰσόδους
1812 2120 1861 2170 τῷ
1882 2116 2017 2168 αἵματι.
2034 2115 2120 2154 Ἐὰν
2138 2115 2204 2167 γάρ
2218 2131 2272 2153 σοι
2289 2113 2338 2165 μὴ
2355 2116 2471 2152 ἐπεισ-

1453 2171 1536 2221 έλθῃ
1560 2172 1615 2208 δια
1637 2173 1705 2207 τῶν
1747 2171 1932 2222 ὀφθαλμῶν
1966 2169 2156 2219 ἐπιθυμία,
2186 2167 2242 2205 διὰ
2270 2169 2333 2212 τῆς
2353 2169 2472 2215 ἀκοῆς,

1455 2223 1511 2262 διὰ
1531 2225 1592 2268 τῆς
1618 2222 1819 2275 ὀσφρήσεως
1834 2252 1843 2268 ,
1874 2221 1931 2260 διὰ
1950 2225 2012 2268 τῆς
2031 2220 2192 2274 γεύσεως,
2213 2219 2269 2258 διὰ
2289 2223 2352 2266 τῆς
2372 2220 2472 2272 ἁφῆς,

1455 2275 1513 2314 καὶ
1543 2275 1630 2326 μετὰ
1651 2280 1763 2312 ταῦτα
1795 2275 1850 2312 διὰ
1871 2279 1939 2312 τῶν
1965 2276 2164 2324 λογισμῶν,
2199 2276 2236 2311 οὐ
2265 2278 2386 2324 κρατεῖ
2414 2288 2474 2310 σου

1457 2328 1612 2374 θάνατος,
1634 2327 1723 2365 ἀλλὰ
1745 2326 1856 2379 φέρων
1876 2329 1911 2364 ἓν
1926 2329 1975 2378 τῷ
1997 2327 2135 2377 σώματι
2150 2324 2213 2372 τὴν
2231 2324 2396 2377 νέκρωσιν
2413 2328 2472 2362 τοῦ

1457 2380 1574 2426 Ἰησοῦ
1588 2409 1596 2425 ,
1630 2380 1713 2423 ἕξεις
1734 2379 1793 2417 καὶ
1813 2379 1875 2426 τὴν
1896 2379 1985 2425 ζωὴν
2008 2381 2040 2416 ἐν
2060 2381 2110 2429 τῷ
2132 2377 2268 2427 σώματί
2288 2392 2347 2414 σου
2368 2392 2474 2428 φανε-

1460 2432 1642 2484 ρουμένην,
1660 2433 1719 2469 καὶ
1738 2430 1845 2474 οὕτως
1864 2430 2100 2483 ὑπερὲήσεται
2120 2434 2136 2469 ὁ
2156 2429 2299 2471 θάνατος
2319 2432 2336 2467 ὃ
2357 2431 2397 2466 ἐκ
2418 2435 2477 2467 τοῦ

1459 2484 1732 2537 πρωτοπλάστου
1754 2484 1877 2534 Ἀδὰμ,
1891 2487 1936 2527 ὡς
1951 2483 2014 2526 τὰς
2028 2482 2204 2536 Ἱὲὅραίων
2223 2481 2332 2524 οἰκίας
2351 2481 2476 2532 ὑπερέ-

1460 2537 1576 2575 6αινεν
1609 2540 1625 2574 ὁ
1650 2540 1718 2575 τῶν
1741 2536 1971 2588 πρωτοτόκων
1998 2535 2146 2587 ὄλεθρος.
2175 2535 2238 2572 Διὸ
2262 2534 2320 2572 καὶ
2340 2536 2402 2579 τῆς
2422 2534 2478 2571 ἐπὶ

1460 2589 1591 2633 τούτοις
1629 2592 1749 2641 ἑορτῆς
1785 2589 1895 2638 ὄνομα
1926 2589 2048 2639 πάσχα
2080 2594 2248 2639 σημαῖνον
2276 2585 2478 2636 ὑπέρδασιν.

1460 2642 1626 2693 Ἄμιι)μόν
1647 2658 1698 2680 σοι
1719 2642 1758 2680 τὸ
1778 2641 1968 2693 πρόέατον·
1990 2642 2135 2691 ἄμωμος
2168 2640 2234 2691 γάρ
2254 2655 2308 2677 σοι
2331 2640 2477 2684 Ἰησοῦς·

1461 2694 1528 2737 ’5ος
1546 2693 1733 2748 ἁμαρτίαν,
1754 2694 1870 2746 φησὶν,
1891 2696 1951 2731 οὐκ
1970 2692 2130 2739 ἐποίησεν
2144 2724 2152 2739 ,
2173 2692 2250 2730 οὐδὲ
2277 2690 2398 2744 εὑρέθη
2419 2690 2478 2728 δό-

1461 2750 1518 2790 λος
1537 2749 1570 2784 ἐν
1588 2751 1637 2799 τῷ
1658 2747 1807 2797 στόματι
1827 2749 1943 2784 αὐτοῦ.
1972 2745 2114 2784 Τέλειον
2132 2745 2248 2796 ἄρσεν.
2272 2743 2317 2781 Ἡ
2337 2743 2404 2795 γὰρ
2425 2759 2479 2781 τε-

1463 2800 1599 2842 λείωσις
1626 2803 1688 2845 τῆς
1707 2798 1925 2844 δικαιοσύνης
1944 2798 2039 2848 παρὰ
2057 2800 2107 2850 τῷ
2129 2797 2223 2849 μόνῳ
2243 2797 2394 2847 ἀληθινῷ
2417 2798 2482 2846 βα-

1464 2854 1564 2890 σιλεῖ.
1592 2851 1789 2889 Ἐνιαύσιόν
1809 2867 1845 2888 τε
1865 2851 1904 2888 τὸ
1922 2850 2095 2902 πρόδατον
2117 2848 2255 2887 αἰωνίου
2273 2848 2377 2892 τύπος
2396 2849 2483 2901 Χρι-

1465 2908 1559 2942 στοῦ.
1584 2903 1765 2953 Σύμῧολον
1785 2903 1852 2955 γὰρ
1869 2904 1989 2946 αἰῶνος
2004 2903 2167 2947 ἐνιαυτὸς,
2185 2905 2202 2939 ὃ
2217 2901 2316 2943 αὐτὸς
2334 2903 2367 2939 ἐν
2381 2901 2484 2940 παντὶ

1466 2959 1565 2994 αἰῶνι
1584 2956 1751 2999 πολλάκις
1771 2955 2067 3006 ἀνακυκλούμενος
2083 2985 2092 3001 ,
2118 2954 2177 2991 καὶ
2196 2953 2257 2997 τὰς
2276 2952 2391 2996 πάσας
2406 2969 2483 3006 τρο-

1465 3008 1533 3064 πὰς
1551 3008 1639 3061 ἔχων
1660 3010 1694 3046 ἐν
1716 3010 1848 3060 ἑαυτῷ,
1879 3013 1939 3045 τοῦ1
1958 3011 2077 3045 καινοῦ
2097 3006 2204 3049 τύπος
2225 3005 2422 3058 ἀνθρώπου,
2451 3009 2486 3044 ἐν

1466 3066 1494 3113 ᾧ
1514 3061 1553 3098 τὸ
1576 3060 1725 3099 παλαιὸν
1744 3065 1805 3107 τῆς
1827 3059 2001 3111 ἡμετέρας
2023 3058 2288 3112 ἀνθριι)πότητος
2308 3060 2355 3101 εἷς
2372 3058 2487 3096 καινό-

1466 3129 1555 3161 τητα
1577 3112 1849 3163 μεταῧέὸληται·
1870 3112 2082 3150 Ἰζνδύσασθε
2101 3111 2181 3164 γὰρ,
2201 3110 2297 3162 φησὶ,
2323 3111 2380 3148 τὸν
2406 3126 2487 3148 και-

1466 3167 1520 3204 νὸν
1553 3166 1745 3218 ἄνθρωπον.
1778 3166 1852 3203 Τοῦ
1883 3163 2058 3215 προὸάτου
2091 3164 2154 3209 τὴν
2190 3162 2408 3213 ἀμωμότητα
2429 3163 2489 3200 καὶ

1530 3302 1541 3316 n
1564 3293 1684 3334 [Fort.
1705 3298 1756 3324 τοῦ
1775 3290 1856 3334 ζῇν.]

1528 3345 1543 3368 b
1570 3344 1581 3385 [
1597 3345 1688 3375 Fort.
1710 3345 1819 3385 ὑψηλὸν
1833 3344 1864 3377 δὲ
1881 3345 2025 3385 ἀνθρώπῳ
2047 3343 2094 3372 καὶ
2112 3337 2278 3377 &baeu-com]
