2481 3678
47 919 228 961 Luc.16.24.

249 228 334 272 170
703 223 740 253 S.

237 306 416 355 abeuntes,
432 304 562 344 divites
586 317 767 356 apparere,
790 301 931 354 quando
949 314 1018 338 non
1038 299 1098 337 hic
1119 311 1225 350 pecu-

237 368 314 406 nias
324 366 583 419 reliquerimus,
593 363 653 403 scd
663 363 708 403 ad
723 373 815 402 tutos
830 363 910 401 illos
921 362 1104 400 thesauros
1115 368 1228 396 trans-

238 429 440 467 miserimus
454 442 515 480 per
532 440 658 465 manus
678 438 893 478 pauperum3
920 421 1060 474 quaudo
1087 419 1228 457 Christo

239 499 404 527 mutuum
420 488 634 526 dederimus.
652 486 769 524 Multa
788 484 959 522 debemus
982 482 1069 529 illic,
1084 494 1152 518 non
1169 493 1228 530 pc-

240 551 374 598 cunias,
388 549 449 587 sed
467 557 620 601 peccata.
635 549 765 585 Mutuo
785 545 895 596 igitur
910 543 963 580 illi
984 541 1149 596 pecunias
1168 538 1229 576 de-

239 624 332 660 mus,
346 620 385 648 ut
402 610 634 661 impetremus
645 606 886 644 remissionem
899 613 1134 656 peccatorum.
1149 601 1229 651 Ipse

239 671 335 708 enim
369 680 419 708 est
447 669 509 721 qui
537 668 686 720 judicat.
710 668 762 705 Ne
781 666 1018 719 despiciamus
1048 665 1151 702 illum
1169 665 1230 702 hic

240 732 462 780 esurientem,
485 739 524 767 ut
544 739 576 766 et
596 730 670 781 ipse
687 742 750 766 nos
775 727 825 765 ibi
845 727 989 765 nutriat.
1011 726 1078 763 Hic
1098 724 1230 762 indua-

242 806 322 829 mus
342 792 473 844 ipsum,
487 800 607 828 utnon
624 790 800 840 relinquat
821 802 885 826 nos
900 787 1015 825 nudos
1034 786 1231 839 patrocinio

244 867 318 890 suo.
332 852 371 890 Si
384 851 444 889 hic
455 851 508 888 illi
523 860 648 902 potum
661 849 875 896 dederimus,
891 862 960 885 non
975 847 1133 885 dicemus
1150 860 1234 884 cum

246 913 359 951 divite
382 928 389 948 :
414 913 528 950 Mitte
548 913 757 957 Lazarum,
778 918 818 947 ut
839 911 1007 960 intingat
1022 917 1234 945 extremum

244 975 357 1026 digiti
380 975 439 1011 sui
460 974 502 1010 in
526 985 651 1024 aqua,
677 979 718 1009 ut
738 971 937 1023 refrigeret
963 970 1138 1018 linguam
1168 981 1234 1005 no-

243 1044 366 1073 stram
393 1035 588 1072 adustam.
620 1032 660 1070 Si
683 1032 743 1069 hic
770 1045 852 1069 eum
881 1029 979 1067 domi
1005 1058 1010 1065 .
1054 1028 1235 1080 squamus,

243 1096 319 1134 illic
349 1096 480 1133 multas
509 1094 611 1132 nobis
634 1092 774 1145 parabit
801 1090 1011 1129 mansiones.
1029 1089 1068 1127 Si
1095 1088 1235 1126 invisa—

243 1170 324 1194 mus
339 1170 421 1194 eum
437 1155 472 1192 in
495 1167 632 1192 carcere
652 1153 834 1190 detentum
846 1181 857 1196 ,
877 1150 952 1201 ipse
970 1162 1111 1199 quoque
1133 1161 1197 1184 nos
1216 1162 1236 1185 a

243 1216 396 1256 vinculis
412 1214 589 1252 liberabit.
603 1213 641 1251 Si
660 1212 765 1248 illum
781 1210 959 1261 hospitem
975 1207 1232 1259 exceperimus,

245 1290 313 1314 non
332 1275 502 1328 despiciet
516 1288 593 1323 nos,
607 1272 667 1324 qui
684 1270 864 1324 peregrini
881 1278 914 1307 et
935 1268 1092 1320 hospites
1111 1280 1235 1304 sumus

245 1337 283 1374 in
298 1349 407 1387 regno
436 1335 616 1382 eaelorum,
636 1333 698 1371 sed
722 1344 882 1383 supernae
914 1328 1069 1369 civitatis
1097 1340 1238 1365 consor-

247 1408 298 1436 tes
317 1396 450 1435 reddet.
471 1396 510 1434 Si
528 1395 713 1433 infirmum
728 1394 835 1431 illum
856 1391 1066 1437 invisamus,
1085 1388 1154 1426 cito
1176 1401 1239 1425 nos

248 1459 309 1496 ille
326 1456 496 1495 liberabit
510 1457 555 1494 ab
571 1454 841 1493 infirmitatibus
859 1451 1000 1490 nostris.
1012 1452 1062 1489 Ut
1081 1463 1163 1500 ergo
1179 1448 1240 1499 qui

249 1533 378 1570 magna
405 1532 470 1570 pro
494 1517 615 1569 parvis
641 1515 745 1553 donis
770 1513 1000 1565 accipiamus,
1028 1511 1154 1549 saltem
1179 1508 1242 1546 illa

250 1579 381 1630 exigua
400 1578 537 1625 demus,
551 1586 589 1614 ut
609 1575 766 1613 maxima
782 1586 990 1611 mercemur
1012 1573 1109 1609 Dum
1124 1570 1242 1608 adhuc

250 1649 393 1692 tempus
413 1647 479 1688 est,
506 1636 730 1683 seminemus,
750 1643 789 1671 ut
810 1642 997 1671 metamus.
1031 1632 1122 1669 Cum
1144 1631 1239 1668 enim

251 1701 365 1738 hiems
387 1698 580 1747 advenelit,
598 1711 680 1735 cum
708 1709 804 1734 mare
827 1708 896 1732 non
926 1693 1019 1731 ultra
1040 1691 1242 1744 navigabile

253 1762 426 1811 e1it‚tunc
439 1774 509 1798 non
530 1773 635 1811 penes
651 1772 714 1796 nos
732 1757 799 1794 e1it
814 1754 998 1807 negotiari.
1014 1753 1084 1792 Sed
1102 1752 1243 1804 quando

254 1823 320 1860 erit
352 1821 597 1860 hiemsPCum
630 1816 812 1857 advenerit
845 1815 920 1853 dies
945 1814 1006 1852 illc
1036 1827 1184 1865 magnus
1212 1821 1245 1850 et

255 1883 478 1935 conspicuus.
506 1882 609 1932 Tune
632 1880 726 1932 enim
757 1891 826 1916 non
853 1876 919 1913 hoc
952 1889 1048 1913 mare
1074 1887 1245 1926 magnum

257 1954 290 1983 et
306 1945 501 1997 spatiosum
516 1941 766 1993 navigabimus
786 1955 793 1975 :
815 1937 905 1976 mari
924 1950 1077 1987 namque
1092 1948 1246 1988 praesens

256 2006 331 2044 vita
362 2004 489 2042 similis
516 2012 581 2040 est.
606 2003 710 2040 Nunc
737 1998 875 2038 serendi
905 2007 1046 2050 tempus
1076 2006 1139 2045 est,
1160 2006 1246 2034 tunc

260 2065 414 2103 metendi
447 2073 480 2102 et
513 2062 688 2101 lucrandi.
715 2061 753 2099 Si
782 2060 862 2111 quis
900 2057 1064 2097 sementis
1089 2067 1247 2123 tempore

258 2126 392 2172 semina
411 2138 479 2162 non
503 2122 648 2176 Jecerit,
672 2121 701 2159 si
731 2130 888 2172 tempore
916 2117 1041 2157 messis
1073 2126 1164 2155 serat
1192 2117 1247 2154 in-

259 2187 405 2236 utilitei,
422 2199 503 2223 sane
536 2183 711 2222 ridiculus
740 2182 816 2218 erit.
843 2180 880 2218 Si
925 2177 1064 2217 serendi
1090 2178 1134 2215 sit
1159 2187 1247 2215 tem-

260 2262 347 2300 pus,
388 2260 459 2284 non
490 2246 566 2297 jam
592 2241 847 2293 colligendum,
876 2238 938 2277 scd
965 2237 1153 2277 selendum
1183 2247 1246 2275 est.

259 2308 516 2360 Dispergamus
542 2304 652 2356 igitur
684 2312 722 2340 ut
755 2301 982 2352 colligamus,
1005 2313 1046 2338 ne
1070 2300 1146 2352 jam
1173 2298 1246 2336 eol-

260 2370 371 2420 ligeto
395 2376 608 2417 satagamus,
622 2378 665 2402 ne
679 2376 826 2401 messem
846 2360 1047 2413 per.damus
1072 2362 1163 2399 Nam
1182 2359 1249 2397 hoc

261 2438 331 2467 tem
321 2442 414 2480 pus,
434 2436 473 2464 ut
485 2425 576 2474 dixi,
598 2423 645 2462 ad
670 2421 858 2461 serendum
879 2430 1014 2470 evocat,
1041 2429 1074 2459 et
1102 2420 1149 2458 ad
1166 2433 1247 2457 ero-

263 2489 433 2541 gandum,
456 2501 525 2526 non
556 2485 601 2524 ad
630 2482 870 2535 colligendum
906 2491 940 2519 et
971 2480 1246 2519 recondendum.

264 2551 318 2588 Ne
342 2550 462 2599 itaque
492 2545 792 2599 opportunitatem
820 2542 1038 2592 amittamus,
1068 2541 1130 2580 sed
1147 2541 1251 2579 uber-

264 2611 331 2648 tim
358 2622 473 2647 semen
491 2607 677 2659 jaciamus,
704 2619 767 2643 nec
795 2603 848 2642 rei
870 2602 1039 2641 familiari
1058 2602 1131 2641 ullo
1146 2600 1252 2640 modo

266 2683 467 2723 pareamus,
500 2677 537 2705 ut
564 2681 641 2705 cam
673 2680 755 2704 cum
787 2678 917 2716 magno
948 2663 1161 2716 iecipiamus
1189 2663 1252 2701 foe-

267 2745 361 2780 nore,
390 2729 503 2783 gratia
533 2736 566 2766 ct
599 2726 817 2778 benignitate
843 2724 989 2775 Domini
1022 2724 1134 2763 nostii
1169 2726 1253 2764 Jesu

269 2793 424 2841 Chiisti,
459 2789 604 2842 quicum
635 2787 731 2824 Patri
768 2776 902 2838 gloria,
935 2800 1072 2837 unaque
1103 2785 1254 2838 Spi1itui

270 2862 402 2903 sancto,
419 2852 455 2889 in
474 2848 600 2889 saecula
616 2847 837 2885 saeculorum.
864 2849 985 2884 A.men

322 3225 338 3248 l>
360 3224 416 3257 Sax
426 3221 460 3255 il.
485 3222 706 3261 ὑποδεξώμεθει.

320 3276 335 3291 *
350 3276 415 3316 [τῆς
427 3277 572 3318 ἐμπορίας
585 3273 694 3307 ταύτης
706 3262 964 3300 Savi1.etCodd.
978 3263 1093 3295 nostri.
1107 3263 1183 3294 Mox
1193 3261 1278 3296 Cod.

778 222 883 252 JoAN
893 220 960 250 MS
996 216 1236 248 CHRYSOST.

1269 215 1470 244 annunti).
1510 211 1864 243 CONSTANTINOP-

1303 313 1357 340 τες
1386 294 1599 348 μυστηρίων,
1626 295 1754 348 χρυσὸν
1789 294 1849 332 καὶ
1869 293 2014 346 ἄργυρον
2037 292 2095 330 καὶ
2125 291 2239 335 λίθους
2276 307 2325 329 τι-

1304 357 1400 407 μίους
1434 355 1717 407 οἷκοδομήσωμεν
1752 354 1809 393 ἐπὶ
1840 353 1897 392 τὸν
1928 353 2098 404 θεμέλιον.
2130 351 2233 390 Οὕτω
2262 352 2329 403 γὰρ

1304 418 1519 469 δυνησόμεθα
1547 416 1753 459 ἀπελθόντες
1774 417 1845 453 ἐκεῖ
1866 418 2015 468 φανῆναι
2048 412 2225 461 πλούσιοι,
2245 412 2327 451 ὅταν

1304 478 1352 529 μὴ
1370 481 1514 518 ἐνταῦθα
1529 477 1698 530 χρήματα
1716 474 1999 527 καταλείψωμεν,
2022 473 2112 513 ἀλλὰ
2139 472 2330 524 μετακομί-

1304 555 1419 591 σωμεν
1439 539 1525 592 πρὸς
1552 538 1630 582 τοὺς
1659 536 1803 579 ἀσύλους
1827 535 2015 588 θησαυροὺς
2044 533 2101 573 διὰ
2121 537 2190 572 τῶν
2204 536 2332 586 χειρῶν

1303 603 1371 638 τῶν
1397 600 1575 647 πενήτων·
1595 598 1678 637 ὅταν
1707 596 1918 648 δανείσωμεν
1952 599 2002 648 τῷ
2032 597 2186 648 Χριστῷ.
2211 594 2333 632 Πολλὰ

1305 659 1486 712 ὀφείλομεν
1507 662 1594 707 ἐκεῖ,
1620 661 1657 697 οὖ
1673 658 1863 711 χρήματα,
1891 658 1967 695 ἀλλ’
1989 655 2243 708 ἁμαρτήματα.
2261 656 2335 692 Δα-

1304 720 1472 772 νείσωμεν
1490 719 1603 758 τοίνυν
1625 721 1719 772 αὐτῷ
1739 718 1909 771 χρήματα
1924 733 1932 740 ·
1956 716 2012 754 ἵνα
2031 716 2195 767 λάὸωμεν
2220 716 2334 766 ἁμαρ-

1305 780 1472 832 τημάτων
1492 779 1725 832 συγχώρησιν.
1742 778 1852 822 Αὐτὸς
1868 777 1935 830 γάρ
1952 779 2043 816 ἐστιν
2059 780 2077 815 6
2090 767 2253 820 δικάζων.
2272 775 2333 822 Μὴ

1306 842 1516 896 περιίδωμεν
1540 841 1642 880 αὐτὸν
1671 843 1818 879 ἐνταῦθα
1844 842 2041 886 πεινῶντα,
2060 837 2117 876 ἵνα
2147 837 2208 875 καὶ
2235 837 2335 881 αὐτὸς

1307 904 1379 940 ἐκεῖ
1394 906 1488 952 ἡμᾶς
1513 900 1695 954 διαθρέψῃ,
1720 901 1893 939 Ἐνταῦθα
1922 899 2116 950 ἐνδύσωμεν
2146 897 2261 944 αὐτὸν,
2278 896 2335 934 ἵνα

1310 961 1358 1013 μὴ
1380 965 1450 1014 ἀφῇ
1472 965 1566 1012 ἡμᾶς
1582 960 1731 1012 γυμνοὺς
1751 964 1811 1008 τῆς
1827 959 2016 1011 ἀσφαλείας
2039 963 2101 1005 τῆς
2116 961 2199 1010 παρ’
2220 959 2336 996 αὐτοῦ.

1308 1023 1394 1061 Ἐὰν
1415 1025 1560 1061 ἐνταῦθα
1580 1023 1682 1060 αὐτὸν
1698 1022 1911 1073 ποτίσωμεν,
1927 1024 1988 1060 οὐκ
2008 1024 2150 1074 ἐροῦμεν
2170 1018 2261 1058 κατὰ
2280 1018 2338 1056 τὸν

1310 1083 1486 1130 πλούσιον,
1504 1082 1651 1134 Πέμψον
1687 1083 1861 1135 Λάζαρον,
1889 1082 1946 1121 ἵνα
1978 1082 2076 1135 ἄκρῳ
2101 1084 2151 1134 τῷ
2180 1078 2340 1131 δακτύλῳ

1313 1141 1480 1194 ἐπιστάξῃ
1499 1145 1542 1193 τῇ
1558 1141 1699 1194 γλώσσῃ
1719 1146 1820 1193 ἡμῶν
1836 1141 2171 1193 ἀποτηγανιζομένῃ.
2188 1139 2273 1178 Ἐὰν
2291 1141 2342 1177 ἓν·

1310 1206 1420 1240 ταῦθοι
1449 1203 1496 1245 εἷς
1524 1201 1588 1245 τὰς
1621 1202 1730 1245 οἰκίας
1756 1205 1856 1252 ἡμῶν
1894 1203 1993 1240 αὐτὸν
2014 1201 2242 1253 ι)δεξώμεθα,
2272 1203 2342 1238 ἐκεῖ

1311 1260 1442 1305 πολλὰς
1475 1261 1735 1314 παρασκευάσει
1767 1261 1873 1312 μονὰς
1902 1266 1999 1313 ἡμῖν.
2020 1261 2108 1300 Ἐὰν
2136 1260 2343 1310 ἀπέλθωμεν

1311 1322 1397 1375 πρὸς
1417 1322 1517 1361 αὐτὸν
1533 1325 1566 1361 ἐν
1587 1324 1722 1375 φυλακῇ
1741 1323 1844 1371 ὄντα,
1870 1324 1930 1362 καὶ
1951 1324 2050 1367 αὐτὸς
2068 1328 2163 1374 ἡμᾶς
2183 1321 2344 1360 ἀπαλλά-

1313 1382 1361 1427 ξει
1391 1386 1460 1420 τῶν
1485 1384 1632 1434 δεσμῶν.
1662 1383 1748 1422 Ἐὰν
1781 1383 1872 1428 ξένον
1901 1384 1985 1423 ὄντα
2016 1383 2281 1436 συναγάγωμεν,
2306 1383 2344 1420 οὐ

1312 1443 1517 1495 περιόψεται
1537 1443 1648 1488 ξένους
1665 1448 1760 1495 ἡμᾶς
1788 1444 1889 1489 ὄντας
1912 1449 1975 1492 τῆς
1997 1444 2176 1497 βασιλείας
2199 1445 2268 1481 τῶν
2290 1444 2345 1481 οὖ-

1317 1506 1440 1557 ρανῶν,
1462 1503 1553 1542 ἀλλὰ
1588 1503 1782 1555 μεταδώσει
1801 1509 1886 1557 ἡμῖν
1914 1509 1976 1553 τῆς
2007 1505 2143 1549 πόλεως
2170 1508 2232 1551 τῆς
2260 1503 2343 1541 ἄνω.

1313 1565 1398 1604 Ἐὰν
1414 1568 1538 1612 ἀσθενῆ
1559 1565 1641 1604 ὄντα
1660 1566 1932 1619 ἐπισκεψώμεθα
1944 1598 1954 1615 ,
1970 1567 2108 1620 ταχέως
2123 1563 2345 1617 ἐλευθερώσει

1314 1629 1408 1676 ἡμᾶς
1426 1626 1486 1664 καὶ
1507 1626 1608 1671 αὐτὸς
1628 1630 1697 1665 τῶν
1717 1629 1900 1667 ἀσθενειῶν
1914 1631 2028 1679 ἡμῶν.
2044 1627 2106 1672 Ὡς
2125 1621 2183 1666 οῦν
2209 1625 2346 1678 μεγάλα

1315 1686 1551 1738 λαμὸάνοντες
1579 1687 1638 1726 καὶ
1661 1687 1771 1741 μικρὰ
1791 1688 1960 1738 διδόντες,
1988 1689 2051 1727 κᾶν
2071 1688 2115 1726 τὰ
2148 1686 2257 1740 μικρὰ
2282 1687 2349 1724 δῶ-

1319 1763 1394 1799 μεν,
1413 1746 1469 1785 ῗνα
1493 1747 1790 1800 ἐμπορευσώμεθα
1802 1749 1848 1787 τὰ
1877 1749 2027 1801 μεγάλα.
2044 1748 2110 1792 <Ως
2137 1749 2188 1786 ἔτι
2210 1746 2349 1799 καιρὸς,

1318 1807 1528 1859 σπείρωμεν,
1553 1807 1610 1846 ἵνα
1637 1808 1844 1859 ἀμήσωμεν.
1864 1807 1981 1847 ςὈταν
2000 1812 2017 1847 6
2033 1809 2167 1861 χειμὼν
2188 1807 2348 1846 καταλά-

1319 1868 1363 1922 ὅῃ
1377 1900 1386 1918 ,
1405 1869 1487 1908 ὅταν
1506 1873 1528 1916 ἡ
1546 1869 1705 1908 θάλασσα
1724 1872 1785 1908 οὐκ
1806 1869 1856 1908 ἔτι
1875 1870 2045 1918 πλέηται,
2074 1872 2135 1908 οὐκ
2164 1869 2214 1908 ἔτι
2234 1868 2348 1922 κύριοι

1319 1930 1413 1976 *τ’ἧς
1429 1928 1598 1982 ἐμπορίας
1617 1929 1734 1980 ἐσμέν.
1752 1929 1846 1968 Πότε
1866 1929 1902 1969 δὲ
1921 1930 2019 1969 ἔσται
2033 1934 2050 1969 6
2065 1928 2199 1983 χειμών
2212 1945 2221 1976 ;
2236 1927 2350 1967 ‘'O-tow

1319 1994 1341 2038 ἡ
1361 1990 1478 2043 ἡμέρα
1495 1990 1657 2038 ἐπισταίη
1672 1994 1694 2038 ἦ
1715 1991 1849 2043 μεγάλη
1866 1991 1945 2030 τότε
1965 1991 2077 2039 ἐκείνη
2094 1991 2154 2029 καὶ
2170 1990 2350 2043 ἐπιφανής.

1320 2052 1410 2091 Τότε
1434 2052 1502 2106 γὰρ
1530 2055 1591 2091 οὐκ
1609 2052 1659 2091 ἔτι
1688 2053 1910 2104 πλευσόμεθα
1935 2052 1997 2101 τὴν
2021 2053 2200 2092 θάλασσαν
2220 2051 2349 2098 ταύτην

1319 2114 1381 2162 τὴν
1399 2115 1553 2166 μεγάλην
1570 2115 1630 2153 καὶ
1650 2113 1847 2168 εὐρύχωρον
1861 2131 1868 2138 ·
1882 2115 1991 2167 ταύτῃ
2012 2115 2080 2168 γὰρ
2095 2118 2113 2154 6
2125 2113 2246 2167 παρὼν
2262 2113 2351 2152 ἔοικε

1323 2175 1406 2226 βίος.
1435 2177 1507 2212 Νῦν
1530 2177 1547 2212 6
1567 2178 1627 2213 τοῦ
1658 2181 1798 2226 σπεῖραι
1818 2176 1958 2229 καιρὸς,
1981 2176 2059 2215 τότε
2079 2179 2096 2214 ὃ
2114 2180 2173 2214 τοῦ
2195 2177 2352 2226 ἀμᾶσθαι

1320 2235 1380 2273 καὶ
1398 2234 1601 2288 κερδαίνειν.
1622 2235 1708 2273 Ἐάν
1729 2251 1781 2279 τις
1802 2238 1835 2274 ἐν
1858 2239 1907 2289 τῷ
1930 2239 2042 2289 καιρῷ
2069 2241 2129 2275 τοῦ
2152 2235 2280 2288 σπόρου
2303 2234 2350 2285 μὴ

1324 2295 1508 2348 καταὸάλῃ
1541 2294 1748 2349 σπέρματα,
1782 2298 1816 2334 ἐν
1847 2297 1972 2349 ἀμήτῳ
2000 2296 2164 2350 σπείρων,
2190 2296 2276 2349 πρὸς
2303 2297 2352 2347 τῷ

1324 2356 1430 2408 μηδὲν
1461 2355 1572 2395 ἀνύειν
1605 2356 1665 2395 καὶ
1685 2355 1946 2408 καταγέλαστος
1966 2357 2076 2396 ἔσται.
2098 2358 2142 2394 Ei
2162 2355 2197 2395 δὲ
2226 2356 2353 2407 σπόρου

1323 2417 1414 2456 ἐστὶν
1434 2419 1452 2455 6
1471 2415 1592 2470 παρὼν
1614 2416 1735 2469 καιρὸς
1748 2447 1757 2464 ,
1788 2419 1826 2455 οὐ
1855 2422 1915 2456 τοῦ
1937 2417 2126 2466 συλλέγειν,
2154 2416 2243 2455 ἀλλὰ
2264 2421 2323 2454 τοῦ
2339 2420 2352 2435 ³

1322 2478 1516 2531 σκορπίζειν
1535 2477 1655 2530 καιρὸς
1671 2477 1710 2515 ἂν
1735 2477 1786 2524 εἴη
1806 2478 1939 2516 λοιπόν.
1960 2477 2213 2531 Σκορπίσωμεν
2228 2477 2353 2524 τοίνυν,

1322 2540 1379 2578 ἵνα
1401 2539 1674 2591 συναγάγωμεν·
1708 2537 1756 2589 μὴ
1794 2540 2019 2590 βουληθῶμεν
2051 2544 2255 2590 συναγαγεῖν
2284 2542 2353 2584 νῦν,

1322 2601 1379 2640 ἵνα
1411 2600 1458 2652 μὴ
1488 2600 1544 2638 τὸν
1568 2598 1703 2651 ἀμητὸν
1738 2598 1980 2650 ἀπολέσωμεν.
2009 2593 2122 2642 Οῧτος
2149 2597 2234 2650 γὰρ,
2267 2597 2354 2649 ὅπερ

1324 2664 1421 2716 ἔφην,
1447 2665 1465 2700 6
1490 2661 1609 2715 καιρὸς
1633 2659 1692 2698 ἐπὶ
1724 2659 1764 2697 τὸ
1793 2659 1946 2713 σπείρειν
1978 2662 2095 2707 καλεῖ,
2115 2659 2175 2697 καὶ
2198 2661 2354 2710 δαπανᾷν

1325 2724 1385 2763 καὶ
1402 2722 1612 2769 ἀναλίσκειν,
1627 2723 1688 2760 οὐκ
1708 2720 1764 2758 ἐπὶ
1781 2720 1821 2758 τὸ
1839 2720 2015 2773 συλλέγειν
2037 2721 2097 2759 καὶ
2118 2719 2354 2758 ἀποτίθεσθαι.

1327 2784 1390 2832 Μὴ
1407 2783 1518 2823 τοίνυν
1534 2783 1717 2835 προδῶμεν
1735 2780 1797 2827 τὴν
1823 2780 2011 2833 εὐκαιρίαν,
2033 2779 2122 2818 ἀλλὰ
2147 2780 2275 2831 δαψιλῆ
2299 2778 2355 2817 τὸν

1330 2845 1456 2898 σπόρον
1478 2843 1747 2893 καταὸάλωμεν,
1766 2840 1826 2879 καὶ
1842 2841 1989 2918 μηδενὸς
2003 2839 2202 2893 φεισώμεθα
2217 2842 2285 2877 τῶν
2304 2839 2355 2877 ἔν-

1330 2909 1398 2956 δον,
1417 2905 1473 2944 ι’να
1495 2904 1584 2980 μετὰ
1611 2905 1744 2949 πολλης
1773 2901 1861 2940 αὐτὰ
1879 2901 2113 2952 ἀπολάῧωμεν
2131 2904 2193 2947 τῆς
2210 2900 2357 2939 ἀντιδό-

1332 2984 1438 3015 σεως,
1456 2966 1577 3019 χάριτι
1596 2964 1656 3003 καὶ
1672 2961 1916 3016 φιλανθρωπίᾳ
1939 2967 1998 3001 τοῦ
2015 2961 2176 3016 Κυρίου“
2160 2977 2261 3013 ημων
2279 2961 2356 3008 Ἰη-

1333 3033 1392 3067 σοῦ
1423 3028 1593 3080 Χριστοῦ,
1626 3025 1699 3075 μεθ’
1732 3026 1769 3062 οὓ
1797 3025 1846 3075 τῶ
1877 3023 1993 3076 Πατρὶ
2020 3027 2041 3070 ἡ
2072 3022 2173 3071 δόξα,
2204 3022 2278 3072 ἅμα
2308 3037 2358 3058 τω

1333 3088 1421 3141 ἁγίῳ
1443 3085 1645 3138 Πνεύματι,
1666 3086 1712 3129 εἷς
1732 3100 1810 3128 τους
1832 3085 1958 3128 αἰῶνας
1973 3100 2040 3122 των
2069 3082 2216 3122 αἰώνων.
2235 3081 2355 3133 Ἀμήν.

1255 1723 1302 1750 148

1273 2487 1296 2517 B

1345 3210 1409 3244 705
1427 3214 1530 3253 ἐπιστῇ
1543 3218 1604 3250 pro
1629 3206 1796 3248 ἐπισταίη.]

1390 3272 1404 3287 a
1423 3259 1570 3302 Quidam
1586 3264 1750 3305 σκορπίζειν
1763 3261 1778 3292 ὁ
1795 3264 1895 3303 καιρός
1911 3262 1987 3292 ἐστιν
1997 3253 2092 3296 οὗτος.
