2481 3678
91 1847 174 1875 Psal,
205 1857 238 1877 ro
249 1860 269 1877 ι.

86 1889 134 1917 ²8.

822 227 1004 258 JOANNIS
1039 228 1290 258 CIIRYSOST.

308 212 398 258 256
747 227 785 257 s,

305 328 349 351 an
369 313 574 361 nobiseum,
605 327 648 351 an
674 314 859 352 vobiscum
889 315 1051 353 Christus
1083 314 1285 354 consentiat.

306 375 362 411 Tu
378 374 468 411 dieis
482 405 491 422 ‚
509 374 644 412 dictum
660 375 752 412 illud
768 375 957 426 potentiam
976 376 1112 414 auferre
1125 406 1133 419 ,
1155 388 1288 413 necnon

305 435 549 473 auctoritatem
578 435 643 486 ipsi
666 445 918 487 competentem
933 466 943 484 ,
962 436 1148 489 ipsumque
1178 436 1288 473 imbe-

305 495 427 532 cillum
449 495 678 547 comprobare
698 511 705 531 ε
725 509 789 546 ego
804 505 923 533 eontra
950 496 1048 545 dico,
1068 497 1124 534 his
1142 496 1287 533 demon-

305 555 410 591 strari
438 555 696 606 zrqiialitateni,
729 555 971 594 omnimodam
1007 557 1220 608 paritatem,
1254 565 1287 594 et

307 615 424 651 omnia
442 630 486 653 ex
505 615 626 652 eadem
644 615 825 652 voluntate
838 625 870 653 et
885 617 1040 668 potentia
1060 617 1148 654 fieri.
1163 618 1286 668 Ipsum

307 683 553 722 percontemur
589 674 796 722 Christum,
828 684 862 712 et
897 689 960 726 per
990 690 1028 713 ea
1057 689 1135 726 qua}
1166 684 1285 726 postea

304 734 464 771 (licturus
493 744 544 773 cst
562 735 769 785 videamus,
791 751 835 774 an
859 737 1053 774 secundum
1083 746 1205 786 tuam,
1239 751 1284 775 an

302 796 496 834 secuudum
516 806 669 834 nostram
688 798 888 849 opinionem
909 798 1003 835 dicta
1023 797 1281 849 interpretetur.

302 856 400 900 Quid
429 870 512 907 ergo
544 857 659 894 dicit?
698 859 952 910 Qua’eumque
986 860 1278 911 Paterfecerit,

302 918 382 953 ltoee
410 927 445 954 et
467 919 594 955 Filius
613 919 791 956 similiter
807 921 921 971 facil.
954 918 1080 956 Viden’
1104 919 1281 968 quomodo

300 976 507 1013 sententiam
528 986 679 1014 vestram
694 977 864 1014 radicitus
884 977 1033 1021 evellat,
1055 986 1281 1027 nostramque

301 1037 514 1074 confirmet?
545 1038 637 1074 Nam
667 1037 696 1074 si
729 1052 748 1074 a
779 1037 894 1088 seipso
921 1037 1013 1074 nihil
1039 1037 1139 1084 facit,
1170 1051 1281 1088 neque

299 1098 403 1135 Pater
420 1113 439 1135 a
459 1098 573 1149 seipso
598 1097 735 1148 aliquid
752 1098 856 1134 faciet
868 1127 876 1142 ,
897 1097 926 1134 si
945 1111 1178 1147 qusecumque
1196 1098 1281 1136 facit

299 1158 403 1194 Pater
432 1167 465 1195 et
492 1158 568 1209 ipse
595 1158 712 1195 saciat.
734 1158 826 1194 Nam
847 1157 876 1196 si
908 1171 962 1195 res
991 1171 1060 1195 non
1090 1157 1138 1194 ita
1163 1167 1252 1195 esset
1265 1187 1278 1208 ,

297 1218 397 1255 aliud
427 1217 626 1257 absurdum
657 1226 869 1271 sequeretur.
891 1218 1014 1269 Neque
1040 1218 1132 1256 enim
1164 1218 1279 1265 dixit,

297 1281 387 1326 Quae
421 1281 515 1318 vidit
547 1282 688 1319 Patrem
718 1281 925 1331 facientem,
961 1281 1040 1318 haec
1067 1278 1169 1331 facit5
1198 1279 1277 1329 sed,

296 1341 384 1378 Nisi
407 1342 542 1379 viderit
559 1344 718 1380 Patrem
725 1344 945 1395 facientem
955 1372 967 1389 ,
991 1354 1060 1379 non
1078 1340 1163 1378 facit
1177 1371 1188 1392 ,
1205 1355 1277 1379 ser-

294 1416 435 1440 monem
463 1402 509 1441 ad
537 1418 640 1442 omne
658 1413 798 1456 tempus
830 1403 1022 1442 extendens
1048 1420 1055 1440 :
1080 1403 1274 1442 secundum

293 1476 357 1500 vos
376 1473 495 1502 autem
512 1465 636 1502 eadem
650 1479 788 1517 semper
803 1465 926 1502 discet.
947 1464 1079 1503 Viden’
1095 1465 1274 1502 sententiae

291 1524 545 1563 sublimitatem
559 1556 569 1575 ,
585 1536 618 1564 et
636 1527 735 1564 verbi
752 1526 993 1563 humilitatem
1008 1526 1065 1564 vel
1083 1525 1273 1578 impuden-

289 1584 394 1623 tiores
408 1586 455 1624 ad
475 1587 568 1624 illud
589 1587 719 1625 invitos
735 1587 840 1624 etiam
860 1587 1069 1638 compellere
1083 1617 1093 1636 ,
1111 1596 1151 1624 ut
1168 1602 1189 1624 a
1205 1587 1271 1626 vili

289 1659 408 1695 sensu,
435 1647 529 1697 quia
550 1656 646 1685 tanta
685 1647 860 1697 dignitate
886 1647 1075 1697 abhorret,
1106 1647 1270 1698 fugiant?

288 1704 377 1750 Quis
396 1707 490 1744 enim
509 1706 596 1745 adeo
618 1707 724 1744 miser
744 1716 777 1744 et
805 1707 930 1744 infelix
950 1707 1072 1755 fucrit,
1106 1716 1147 1744 ut
1172 1707 1270 1745 dicat

288 1765 419 1804 Filium
445 1767 605 1818 quotidie
628 1767 688 1804 illa
718 1767 889 1815 ediscere,
911 1781 988 1818 qum
1017 1768 1130 1804 facere
1159 1782 1264 1819 opor-

288 1829 366 1866 tet?
394 1829 582 1877 Quomodo
615 1843 741 1867 verum
777 1828 844 1866 erit
881 1828 973 1865 illud
1005 1845 1013 1864 :
1047 1831 1080 1866 T
1079 1843 1103 1865 ιι
1138 1839 1269 1867 autem

287 1893 387 1928 idem
407 1895 485 1943 ipse
503 1906 542 1929 es
551 1921 563 1937 ,
587 1899 622 1928 et
644 1894 740 1928 anni
765 1893 820 1928 tui
841 1905 918 1927 non
937 1891 1114 1943 deficient
1130 1895 1147 1927 Ρ
1180 1906 1267 1942 quo-

284 1952 409 2001 modo,
443 1954 583 1990 Omnia
611 1966 680 2003 per
704 1954 826 2002 ipsum
839 1952 961 2003 facta
982 1960 1091 1997 sunt,
1123 1960 1158 1989 et
1184 1955 1268 1990 sine

282 2016 362 2064 ipso
382 2015 543 2066 sactum
575 2022 630 2050 est
652 2013 771 2058 nihil,
802 2011 831 2049 si
850 2012 912 2049 illa
931 2026 1011 2062 quae
1031 2013 1135 2049 Pater
1153 2012 1237 2050 facit
1254 2043 1264 2061 ,

281 2074 355 2111 haec
375 2075 450 2126 ipse
469 2074 594 2112 videns
623 2073 809 2110 imitatur?
838 2072 949 2112 Vides
967 2073 1146 2123 quomodo
1169 2083 1203 2111 et
1221 2088 1266 2112 ex

282 2135 323 2171 iis
337 2149 414 2185 quae
429 2150 535 2187 supra
547 2134 641 2172 dicta
654 2143 750 2183 sunt,
763 2143 852 2171 etex
866 2133 910 2170 iis
923 2147 999 2183 qum
1012 2142 1132 2185 postea
1145 2134 1266 2172 dicen-

281 2205 358 2243 tur,
379 2196 453 2247 ejus
468 2194 658 2232 auctoritas
678 2194 961 2231 demonstretur?
974 2193 1081 2239 Quod
1097 2194 1124 2231 si
1148 2194 1269 2232 humi—

280 2256 350 2293 lius
382 2255 545 2306 quaedam
570 2255 747 2307 proferat,
784 2268 826 2291 nc
861 2253 1011 2291 mireris.
1041 2254 1135 2299 Quia
1171 2255 1266 2292 enim

279 2315 548 2353 sublimioribus
566 2314 786 2365 quibusdam
814 2313 970 2362 auditis,
998 2315 1261 2365 persequeban-

280 2385 335 2412 tur
368 2390 470 2425 eum,
506 2384 540 2412 et
576 2377 651 2412 Deo
685 2374 931 2411 adversarium
965 2387 1037 2411 esse
1066 2375 1260 2426 putabant,

1329 227 1539 260 ARCIHEP.
1577 230 1935 264 CONSTANTINOP-

1363 314 1440 352 σίαν
1470 318 1621 367 ἀναιρεῖν
1641 316 1679 354 τὸ
1701 319 1813 369 ῥῆμα,
1834 319 1891 356 καὶ
1911 319 1972 366 τὴν
1999 320 2240 370 προσήκουσαν
2263 321 2380 359 αὐθεν-

1360 375 1437 413 τίαν
1465 378 1589 425 αὐτοῦ,
1619 377 1678 415 καὶ
1698 377 1761 424 τὴν
1779 377 1920 429 δύναμιν
1942 381 2068 425 ἀσθενῆ
2097 380 2263 418 δεικνύναι
2282 395 2288 403 ·
2312 380 2382 432 ἐγὼ

1362 435 1397 474 δὲ
1423 436 1513 488 λέγιο
1539 436 1590 474 ὅτι
1613 437 1676 484 τὴν
1696 438 1859 487 ἰσότητα,
1878 440 1937 477 καὶ
1955 440 1993 477 τὸ
2021 440 2303 493 ἀπαράλλακτον,
2321 441 2381 478 καὶ

1360 496 1400 534 τὸ
1415 497 1541 535 ὡσανεὶ
1558 500 1596 536 ἐκ
1619 505 1699 549 μιᾶς
1717 498 1858 550 γνώμης
1876 500 1934 538 καὶ
1953 500 2106 544 ἔξουσίας
2127 500 2184 538 καὶ
2204 501 2382 551 δυνάμεως

1360 557 1537 609 γινόμενον
1557 558 1713 611 ἐμφαίνει
1737 564 1847 598 τοῦτο.
1867 561 2002 599 Οὐκοῦν
2024 561 2124 600 αὐτὸν
2145 561 2302 613 ἐρώμεθα
2322 562 2381 600 τὸν

1361 619 1523 671 Χριστὸν,
1544 619 1602 657 καὶ
1625 619 1753 670 ἴδωμεν
1770 621 1812 658 δι’
1828 614 1874 658 ὧν
1895 636 1998 673 φησιν
2015 621 2109 669 ἑξῆς,
2127 622 2273 674 πότερον
2292 622 2378 675 πρὸς

1357 677 1421 725 τὴν
1440 679 1503 726 σὴν
1524 679 1698 725 ὑπόνοιαν,
1713 680 1736 727 ἢ
1755 680 1840 733 πρὸς
1857 681 1920 728 τὴν
1936 682 2109 733 ἡμετέραν
2132 679 2314 736 ἑρμηνεύει
2333 681 2379 721 τὰ

1357 740 1536 792 εἰρημένα.
1557 740 1605 779 Τί
1633 735 1689 779 οῧν
1709 757 1836 793 φησιν;
1859 741 1901 780 Ἃ
1927 741 1995 794 γὰρ
2021 741 2060 780 ἂν
2081 746 2098 780 ὁ
2118 742 2246 795 Πατὴρ
2274 745 2380 795 ποιῇ,

1355 804 1465 838 ταῦτα
1485 801 1544 839 καὶ
1567 804 1584 840 ὁ
1604 801 1687 846 Υἱὸς
1705 802 1832 853 ὁμοίως
1849 808 1952 841 ποιεῖ.
1980 796 2080 846 Εἶδες
2103 806 2178 846 πῶς
2193 802 2378 855 πρόρῤιζον

1356 862 1469 898 ἀνεῖλε
1487 862 1526 900 τὸ
1544 861 1720 915 ὑμέτερον,
1739 863 1798 901 καὶ
1818 862 1865 912 τὰ
1882 863 2048 915 εἰρημένα
2069 864 2153 915 παρ’
2179 865 2279 914 ἡμῶν
2301 863 2376 901 ἐδε-

1354 921 1524 969 &mimeram
1540 924 1584 968 Εἰ
1598 922 1666 976 γὰρ
1680 926 1738 975 ἀφ’
1760 926 1883 963 ἑαυτοῦ
1904 924 2000 962 οὐδὲν
2018 929 2134 970 ποιεῖ,
2151 923 2249 962 ἔσται
2267 923 2344 961 οὐδὲ
2360 926 2379 961 ὃ

1353 982 1480 1034 Πατὴρ
1509 985 1568 1037 ἀφ’
1604 987 1727 1023 ἑαυτοῦ
1756 1001 1790 1023 τι
1818 988 1965 1033 ῦποιῶν,
1999 984 2030 1023 εἴ
2060 1001 2099 1037 γε
2126 985 2253 1036 ὁμοίως
2280 986 2378 1036 αὐτῷ

1352 1043 1468 1081 πάντα
1487 1051 1589 1082 ποιεῖ.
1609 1044 1711 1084 Ἐπεὶ
1731 1049 1760 1084 εἷ
1783 1046 1831 1097 μὴ
1851 1046 1952 1085 τοῦτό
1974 1049 2048 1085 ἐστι
2060 1077 2069 1094 ,
2088 1046 2148 1084 καὶ
2168 1046 2281 1099 ἕτερον
2300 1046 2377 1084 ἄτο-

1352 1118 1417 1140 πον
1438 1104 1568 1155 ἕψεται.
1595 1106 1687 1143 Οὐδὲ
1710 1106 1779 1159 γὰρ
1805 1101 1916 1153 εἶπεν,
1939 1106 1992 1145 ὅτι
2012 1107 2034 1144 ἃ
2056 1101 2125 1145 εἶδε
2145 1107 2202 1145 τὸν
2229 1106 2376 1158 Πατέρα

1352 1167 1514 1201 ποιοῦντα
1538 1165 1712 1214 ἐποίησεν,
1732 1169 1822 1215 ἀλλ’,
1844 1167 1929 1206 Ἐὰν
1947 1167 1995 1218 μή
2017 1184 2053 1205 τι
2075 1167 2189 1219 βλέπῃ
2215 1167 2273 1205 τὸν
2288 1169 2375 1206 Πα-

1351 1222 1435 1275 τέρα
1451 1229 1613 1263 ποιοῧντα
1626 1254 1635 1270 ,
1656 1229 1695 1264 οὗ
1711 1233 1821 1275 ποιεῖ,
1840 1231 1893 1280 τῷ
1906 1228 2010 1265 παντὶ
2025 1228 2241 1281 παρατείνων
2258 1227 2375 1281 χρόνῳ

1351 1284 1408 1322 τὸν
1428 1284 1528 1336 λόγον
1545 1301 1554 1310 ·
1573 1286 1633 1325 καὶ
1659 1287 1756 1326 ἔσται
1774 1290 1851 1327 καθ’
1873 1290 1964 1339 ὑμᾶς
1983 1288 2036 1326 ἀεὶ
2057 1288 2102 1327 τὰ
2129 1287 2216 1326 αὐτὰ
2237 1288 2373 1339 μανθά-

1349 1362 1430 1385 νων.
1453 1341 1555 1391 Εῗδες
1573 1350 1648 1392 πῶς
1666 1349 1706 1388 τὸ
1723 1349 1785 1400 μὲν
1800 1349 1916 1400 νόημά
1930 1351 2025 1387 ἐστιν
2037 1348 2169 1401 ὑψηλὸν
2182 1379 2195 1397 ,
2211 1352 2232 1395 ἡ
2257 1348 2292 1386 δὲ
2312 1365 2375 1387 τα-

1349 1408 1508 1458 πεινότης
1526 1414 1585 1450 τοῦ
1606 1410 1758 1464 ῥήματος
1779 1410 1930 1454 καὶτοὺς
1952 1410 2029 1448 λίαν
2049 1410 2294 1462 ἀναισχύντους
2310 1410 2373 1448 καὶ

1349 1470 1397 1521 μὴ
1417 1472 1644 1523 βουλομένους
1665 1472 1850 1524 ἀναγκάζει
1871 1477 1989 1524 φυγεῖν
2009 1472 2047 1510 τὸ
2067 1471 2286 1524 χαμαίζηλον
2311 1471 2374 1509 καὶ

1347 1532 1478 1584 σφόδρα
1510 1537 1571 1580 τ’ῆς
1607 1533 1702 1578 ἀξίας
1732 1533 1863 1581 ἐκείνης
1897 1533 2050 1585 ἀπᾷδον;
2081 1531 2146 1574 Τίς
2168 1530 2235 1583 γὰρ
2260 1531 2370 1575 οὕτως

1346 1592 1460 1637 ἅθλιος
1486 1595 1544 1632 καὶ
1559 1595 1797 1648 ταλαίπωρος,
1817 1597 1862 1638 ὡς
1885 1597 1992 1633 εἰπεῖν
2008 1594 2065 1632 τὸν
2079 1593 2164 1632 Υἱὸν
2184 1594 2261 1631 καθ’
2281 1593 2369 1631 ἑκά-

1344 1670 1430 1700 στην
1449 1655 1584 1709 ἡμέραν
1605 1656 1788 1707 μανθάνειν
1825 1656 1846 1694 ἃ
1877 1657 1927 1694 δεῖ
1949 1662 2078 1702 ποιεῖν;
2098 1656 2182 1697 Πῶς
2210 1653 2244 1692 δὲ
2269 1653 2369 1691 ἔσται

1343 1717 1452 1754 ἐκεῖνο
1472 1716 1616 1765 ἀληθὲς,
1632 1717 1692 1764 τὸ,
1713 1717 1763 1755 Σὺ
1781 1717 1816 1756 δὲ
1842 1720 1860 1755 ὃ
1886 1716 1988 1760 αὐτὸς
2008 1710 2056 1764 εἷ,
2085 1716 2145 1755 καὶ
2163 1715 2207 1753 τὰ
2225 1714 2283 1762 ἔτη
2305 1731 2367 1754 σου

1343 1778 1403 1814 οὐκ
1423 1777 1640 1829 ἐκλείψουσι;
1660 1781 1735 1820 πῶς
1760 1777 1818 1826 δὲ,
1848 1777 1919 1816 Καὶ
1949 1776 2063 1815 πάντα
2087 1778 2130 1814 δι’
2159 1773 2262 1814 αὐτοῦ
2290 1775 2366 1827 ἐγέ-

1341 1852 1437 1884 νετο,
1456 1837 1515 1875 καὶ
1534 1838 1642 1891 χωρὶς
1660 1840 1764 1876 αὐτοῦ
1781 1838 1915 1889 ἐγένετο
1934 1837 2009 1875 οὐδὲ
2031 1837 2079 1875 ἕν·
2098 1836 2131 1875 εἴ
2145 1852 2184 1888 γε
2203 1836 2247 1874 τὰ
2267 1835 2329 1887 μὲν
2347 1840 2365 1874 ὁ

1341 1897 1470 1950 Πατὴρ
1487 1905 1598 1944 ποιεῖ,
1618 1898 1663 1936 τὰ
1682 1898 1716 1937 δὲ
1746 1899 1846 1941 αὐτὸς
1878 1900 1966 1951 ὁρῶν
1988 1904 2166 1948 μιμεῖται;
2185 1897 2293 1950 Ὁρᾷς
2310 1896 2364 1935 ὅτι

1312 1982 1315 1992 ·
1340 1957 1399 1996 καὶ
1420 1960 1460 1996 ἐκ
1474 1962 1544 1996 τῶν
1563 1959 1691 1997 ἄνωθεν
1709 1958 1914 2012 εἰρημένων,
1933 1958 1993 1996 καὶ
2008 1961 2046 1997 ἐκ
2060 1961 2128 1996 τῶν
2150 1957 2239 2008 μετὰ
2254 1963 2364 1996 ταῦτα

1337 2019 1529 2071 λεχθέντων
1555 2019 1730 2058 δείκνυται
1753 2022 1815 2065 τῆς
1852 2018 2028 2062 αὖθεντίας
2053 2023 2075 2066 ἡ
2101 2018 2291 2066 ἀπόδειξις;
2317 2021 2362 2058 Εἰ

1340 2078 1374 2116 δὲ
1397 2080 1637 2134 ταπεινότερον
1657 2080 1803 2132 προάγει
1818 2083 1885 2118 τῶν
1908 2079 2072 2131 ῥημάτιον
2087 2080 2162 2118 ἔνια
2176 2109 2185 2126 ,
2211 2079 2258 2130 μὴ
2277 2083 2360 2118 θαυ-

1341 2140 1465 2191 μάσῃς.
1478 2141 1623 2188 Ἐπειδὴ
1641 2141 1707 2193 γὰρ
1724 2141 1864 2179 ἐδίωκον
1883 2141 1998 2187 αὐτὸν,
2010 2140 2053 2178 τὰ
2068 2140 2182 2193 ὑψηλὰ
2199 2142 2365 2179 ἀκούσαν-

1339 2217 1395 2244 τες
1408 2232 1417 2249 ,
1439 2202 1499 2239 καὶ
1517 2201 1668 2240 ἀντίθεον
1688 2196 1775 2240 εἶναι
1792 2202 1958 2253 ἐνόμιζον,
1985 2203 2098 2253 ὀλίγον
2125 2202 2285 2254 καθυφεὶς
2304 2202 2361 2240 διὰ

1338 2266 1406 2300 τῶν
1427 2262 1592 2314 ῥημάτων
1614 2263 1738 2313 μόνων,
1758 2263 1863 2300 πάλιν
1884 2262 1940 2300 ἐπὶ
1959 2261 2001 2299 τὰ
2024 2262 2220 2314 ὑψηλότερα
2240 2263 2360 2314 ἀνάγει

1337 2322 1393 2360 τὸν
1412 2322 1512 2374 λόγον
1528 2339 1535 2346 ·
1557 2316 1631 2360 εἶτα
1652 2323 1757 2360 πάλιν
1775 2323 1832 2360 ἐπὶ
1848 2322 1892 2360 τὰ
1907 2322 2054 2360 ταπεινὰ
2065 2353 2075 2370 ,
2088 2323 2279 2360 ποικίλλων
2299 2326 2360 2361 αὐ-

1333 2388 1393 2421 τοῦ
1408 2383 1470 2430 τὴν
1490 2382 1727 2429 διδασκαλίαν,
1744 2382 1833 2421 ὥστε
1855 2383 2108 2435 εὖπαράδεκτον
2124 2383 2282 2433 γενέσθαι
2299 2384 2359 2422 καὶ

277 2441 384 2492 paulo
413 2439 603 2478 demissius
621 2438 813 2476 verborum
843 2447 981 2475 tantum
1008 2447 1110 2476 tenus
1128 2439 1258 2490 loquu-
1286 2457 1311 2484 A
1333 2450 1404 2487 τοῖς
1424 2443 1614 2495 ἀγνώμοσι.
1633 2442 1764 2481 Σκόπει
1787 2443 1843 2481 δέ·
1865 2443 1986 2490 εἰπὼν,
2006 2443 2050 2482 Ὁ
2068 2444 2195 2497 Πατήρ
2215 2460 2281 2494 μου
2302 2447 2358 2497 ἐρ-

278 2511 358 2547 tus,
398 2501 443 2538 ad
482 2500 689 2537 sublimiora
732 2513 856 2537 rursus
900 2499 1094 2550 evehitur,
1133 2499 1262 2539 deinde

277 2562 324 2598 ad
358 2562 509 2599 humilia
542 2562 696 2599 deflectit
734 2577 741 2597 :
777 2561 826 2598 sic
860 2560 1061 2599 doctrinam
1092 2562 1257 2612 varians,

278 2630 316 2657 ut
334 2621 473 2659 facilius
490 2622 547 2659 vel
573 2622 618 2658 ab
647 2621 819 2673 improbis
838 2621 1063 2659 admittatur.
1087 2622 1261 2661 Animad-

276 2691 394 2730 verte,
425 2697 542 2733 quaeso
564 2693 780 2735 :postquam
812 2682 969 2732 dixerat,
1000 2685 1124 2721 Pater
1137 2698 1175 2721 m
1189 2699 1254 2723 eus

274 2752 469 2794 operatur,
510 2754 544 2781 et
577 2759 644 2795 ego
666 2758 821 2795 operor,
859 2753 892 2780 et
921 2758 957 2781 se
979 2745 1054 2782 Deo
1078 2744 1251 2794 aequalom

273 2806 491 2853 ostenderat,
528 2821 650 2843 rursus
692 2806 794 2843 dicitz
823 2808 913 2844 Non
942 2816 1067 2858 potest
1086 2808 1212 2846 Filius
1231 2823 1256 2846 a

271 2870 393 2918 seipso
424 2869 560 2919 facere
593 2868 822 2918 quidquam,
865 2870 939 2905 nisi
972 2869 1076 2919 quod
1108 2869 1253 2906 viderit

271 2929 671 2979 Patremfaeientem.
696 2927 968 2964 Deindealtius:
1000 2930 1256 2981 Quoecumque

262 2989 406 3041 feeerit
426 2989 511 3034 ille,
535 2990 615 3025 lzoec
635 2996 670 3024 et
688 2989 813 3024 Filius
836 2989 1153 3041 similt'tersacit;
1174 3004 1255 3027 rur..

268 3064 417 3099 sumque
444 3048 618 3087 humilius
643 3064 649 3083 ε
676 3050 739 3085 ΞΟ.
764 3050 885 3085 Pater
916 3050 1042 3100 diligit
1077 3051 1249 3097 Filium,

266 3121 303 3149 et
337 3115 468 3149 omnia
498 3112 739 3148 demonstrat
771 3111 807 3146 ei
838 3123 921 3160 qtae
954 3112 1032 3160 ipse
1050 3112 1160 3162 facit
1181 3127 1192 3147 :
1211 3120 1247 3148 et

266 3177 417 3226 majora
444 3175 503 3211 his
532 3172 807 3209 demonstrabit
841 3172 876 3206 ei
910 3184 1036 3220 opera.
1069 3172 1244 3210 Vidistin'

265 3244 399 3274 tantam
428 3231 695 3272 humilitatem?
724 3233 810 3271 Jure
835 3230 991 3282 quidem.
1025 3233 1115 3270 Nam
1146 3233 1243 3283 quod

303 3364 316 3378 ο
333 3353 433 3386 53γί1.
460 3361 559 3393 ποιῶν,
579 3358 646 3396 εἴγε
663 3356 770 3394 ὁμοίως
796 3355 875 3394 αὐτῷ
901 3357 998 3386 πάντα
1027 3360 1114 3386 ποιεῖ.
1138 3358 1198 3387 ἐπεὶ
1227 3359 1261 3387 εἶ.

257 3409 371 3441 Morel.
388 3417 486 3446 ποιῶν,
504 3411 550 3440 ἵνα
566 3411 600 3439 τὸ
614 3410 719 3448 ὁμοίως
731 3409 817 3447 μένῃ·
834 3409 907 3439 ἐπεί.

1333 2505 1475 2556 γάζεται
1489 2532 1499 2550 ,
1521 2504 1619 2555 κάγὼ
1639 2504 1847 2557 ἐργάζομαι·
1867 2505 1927 2542 καὶ
1946 2505 2125 2557 ἀποφήνας
2145 2505 2217 2543 ἴσον
2238 2507 2357 2544 ἑαυτὸν

1333 2568 1382 2617 τῷ
1406 2568 1506 2617 Θεῷ,
1526 2565 1630 2603 πάλιν
1654 2565 1747 2617 λέγει
1760 2581 1767 2589 ·
1787 2566 1840 2603 Οὐ
1863 2564 2002 2603 δύναται
2022 2567 2078 2617 ἀφ’
2105 2568 2225 2604 ἑαυτοῦ
2245 2573 2357 2604 ποιεῖν

1331 2629 1349 2664 ὅ
1365 2626 1447 2670 Υἱὸς
1468 2625 1576 2674 οὐδὲν,
1598 2625 1658 2664 ἐὰν
1679 2626 1728 2677 μή
1749 2643 1783 2664 τι
1802 2626 1913 2678 βλέπῃ
1932 2626 1989 2664 τὸν
2014 2627 2157 2680 Πατέρα
2177 2631 2354 2665 ποιοῦντα.

1331 2681 1421 2726 Εἶτα
1441 2688 1546 2726 πάλιν
1570 2687 1628 2726 ἐπὶ
1656 2688 1694 2726 τὸ
1722 2687 1931 2739 ὑψηλότερον
1949 2703 1956 2711 ·
1989 2687 2029 2725 Ἃ
2057 2687 2125 2739 γὰρ
2156 2688 2195 2726 ἂν
2227 2690 2355 2731 ἐκεῖνος

1329 2752 1432 2801 ποιῇ,
1452 2753 1562 2787 ταῦτα
1589 2748 1648 2786 καὶ
1675 2751 1692 2786 ὃ
1717 2749 1799 2792 Υἱὸς
1825 2748 1950 2799 ὁμοίιος
1978 2755 2095 2786 ποιεῖ·
2114 2748 2220 2786 πάλιν
2242 2748 2299 2786 ἐπὶ
2316 2749 2355 2786 τὸ

1329 2810 1568 2862 ταπεινότερον
1581 2825 1589 2832 ·
1607 2808 1651 2847 Ὁ
1675 2809 1801 2860 Πατὴρ
1823 2811 1943 2860 ἀγαπᾷ
1959 2808 2015 2846 τὸν
2036 2809 2132 2852 Υἱὸν,
2155 2808 2215 2846 καὶ
2236 2809 2353 2847 πάντα

1328 2871 1496 2909 δείκνυσιν
1525 2872 1617 2922 αὐτῷ
1633 2899 1642 2917 ,
1668 2870 1688 2906 ἃ
1712 2871 1811 2913 αὐτὸς
1833 2875 1946 2914 ποιεῖ,
1977 2869 2035 2906 καὶ
2065 2869 2203 2919 μείζονα
2221 2869 2353 2908 τούτων

1328 2931 1428 2975 δείξει
1444 2933 1536 2983 αὐτῷ
1552 2930 1648 2983 ἔργα.
1669 2924 1770 2973 Εἶδες
1790 2930 1868 2968 ὅσον
1886 2929 1991 2967 πάλιν
2007 2930 2047 2967 τὸ
2065 2934 2079 2950 ¹¹
2090 2930 2250 2968 ταπεινόν
2263 2947 2273 2978 3
2288 2931 2351 2968 Εἷ-

1326 2992 1444 3035 κότιος.
1464 2991 1513 3029 ζῸ
1531 2990 1598 3042 γὰρ
1615 2990 1719 3042 ἔφθην
1744 2989 1862 3036 εἰπὼν,
1883 2990 1942 3027 καὶ
1960 2990 2070 3041 λέγιον
2091 2993 2128 3028 οὐ
2147 2991 2349 3042 παύσομαι,

1322 3058 1422 3091 τοῦτο
1450 3051 1509 3090 καὶ
1528 3056 1586 3090 νῦν
1603 3053 1669 3104 ἐρῶ
1688 3067 1695 3074 ·
1716 3050 1769 3088 ὅτι
1785 3051 1889 3096 ἡνίκα
1907 3050 1946 3087 ἂν
1966 3051 2050 3103 λέγῃ
2079 3068 2113 3088 τι
2131 3052 2350 3103 χαμαίζηλον

1276 3129 1299 3157 B
1323 3113 1382 3152 καὶ
1402 3112 1575 3159 ταπεινὸν,
1608 3114 1682 3162 μεθ’
1705 3111 1898 3163 ὑπερόολῆς
1927 3112 2010 3150 αὐτὸ
2040 3112 2188 3157 τίθησιν,
2207 3111 2263 3149 ἵνα
2289 3113 2347 3149 καὶ

1321 3173 1401 3216 τοὺς
1422 3172 1623 3223 ἀγνώμονας
1643 3175 1665 3219 ἡ
1694 3175 1762 3209 τῶν
1785 3171 1949 3225 ῥημάτιον
1978 3172 2130 3210 εὐτέλεια
2146 3171 2249 3223 πείσῃ
2272 3174 2347 3222 μετ’

1322 3234 1482 3277 εὐσεῧοῦς
1501 3233 1654 3276 διανοίας
1675 3231 1835 3275 δέξασθαι
1857 3231 1900 3269 τὰ
1926 3232 2097 3281 νοήματα.
2118 3231 2220 3270 Ἐπεὶ
2246 3235 2276 3270 εἰ
2296 3233 2344 3283 μὴ

1375 3363 1388 3377 :1
1404 3352 1521 3385 Morel.
1541 3360 1677 3388 ταπεινόν
1692 3368 1698 3393 ;
1713 3357 1786 3386 ὥστε
1802 3358 1917 3391 εἰκότως
1934 3358 2006 3398 ὅπερ
2020 3358 2108 3398 ἔφθην
2123 3359 2220 3388 εἰπών.
2239 3351 2339 3386 Savll.

1335 3404 1463 3441 melius,
1483 3416 1579 3447 quem
1598 3404 1774 3448 sequimur.
