2481 3678
127 730 185 756 11
197 725 268 767 374

95 730 125 796 ‘J‘

96 1088 188 1116 l’rrw.
210 1096 234 1116 ¹.
252 1100 280 1127 7.

96 1837 120 1854 ι.
139 1825 278 1863 Γοι·,(ἱ.7.

300 172 390 223 284
762 185 800 213 5.
838 180 1021 213 mmsis
1055 177 1296 209 cunvsosr.

297 267 395 305 Nihil
415 267 463 305 ita
482 266 670 319 prudentes
686 264 815 313 reddit,
835 272 873 301 ut
886 263 1011 301 virtus.
1030 260 1171 298 Etenim
1194 273 1278 310 gra-

297 338 348 366 tos
379 327 506 377 reddit,
535 326 676 380 probos,
704 325 889 377 benignos,
920 323 1034 372 mites,
1063 329 1276 368 mansuetos,

296 390 471 428 modestos
495 406 502 426 z
525 399 647 427 cietera
673 387 790 426 omnia
808 387 901 424 bona
928 385 1004 422 haec
1031 396 1152 435 parere
1181 381 1278 420 solet.

296 450 394 503 Quid
408 452 475 489 hoc
491 450 596 488 modo
613 449 745 487 affectis
759 445 997 500 prudentius?
1010 445 1102 482 Fons
1116 443 1209 481 enim
1224 456 1281 481 vc-

297 527 334 550 re
347 521 380 550 et
399 511 505 549 radix
523 510 717 563 prudentiae
740 508 856 547 virtus
885 515 935 543 est
949 535 960 556 ,
981 504 1117 542 malitia
1137 518 1220 542 vero
1236 517 1279 540 ex

296 573 448 612 amentia
472 581 591 610 ortum
620 571 734 608 habet.
761 571 938 619 Arrogans
969 566 1063 604 enim
1083 575 1115 603 et
1141 565 1280 603 iracun-

296 635 365 673 dus
383 634 566 672 deficiente
585 630 771 684 prudentii
791 629 847 667 his
866 628 999 666 morbis
1019 627 1169 679 eapitur.
1197 625 1280 663 Ideo

256 697 466 755 propheta
485 694 641 733 dicebat:
658 694 747 730 Non
762 699 816 729 est
831 693 980 728 sanitas
995 692 1035 726 in
1048 702 1166 726 carne
1178 701 1276 724 mea.

297 759 535 795 Putruerunt
555 764 589 793 et
609 761 795 804 corrnptoe
811 759 899 789 sunt
918 752 1115 788 cicatrices
1144 762 1235 785 meae
1256 761 1281 784 a

285 820 426 871 facie
413 819 642 868 insipientia?
657 829 766 860 meoe,·
760 808 957 851 ostendens
973 824 1067 864 pecc
1058 819 1156 847 itum
1168 809 1279 860 quod-

297 879 352 917 vis
371 893 416 916 ex
431 877 631 929 insipientia
650 884 768 913 ortum
789 874 919 911 habere
936 889 943 909 :
967 881 1087 910 contra
1106 885 1190 910 vero
1206 871 1279 910 vir-

296 949 371 977 tute
389 937 579 991 praeditum
599 951 638 974 ac
660 936 842 974 timentem
862 935 1002 983 Deum,
1028 931 1189 970 omnium
1208 945 1280 968 esse

297 1000 607 1053 sapientissimum.
639 997 776 1035 Idcirco
813 995 951 1047 sapiens
983 992 1130 1043 quidam
1164 992 1250 1029 dicit
1266 1022 1277 1041 ,

296 1066 457 1100 Initium
478 1062 697 1112 sapientioe,
723 1061 836 1095 timor
854 1056 1026 1093 Domini.
1049 1053 1089 1091 Si
1120 1066 1204 1103 ergo
1235 1053 1280 1089 ti-

297 1138 391 1161 mere
418 1125 534 1160 Deum
565 1130 616 1158 est
642 1117 849 1170 sapientiam
877 1115 1031 1163 habere,
1064 1113 1179 1150 malus
1210 1127 1279 1150 non

295 1185 343 1222 ita
362 1185 520 1229 affectus,
544 1195 626 1220 vere
647 1178 816 1230 sapientia
840 1176 1030 1228 privatur:
1055 1187 1135 1211 vera
1162 1182 1280 1211 autem

294 1244 456 1296 privatus
484 1240 674 1294 sapientia,
695 1237 854 1276 omnium
881 1245 932 1273 est
954 1234 1278 1287 insipientissimus.

295 1306 401 1356 Atqui
418 1303 565 1357 plurimi
584 1301 768 1353 improbos
786 1297 1022 1346 admirantur,
1045 1305 1083 1333 ut
1110 1296 1173 1347 qui
1198 1310 1279 1348 pos-

292 1368 363 1405 sint
396 1366 522 1405 laedere
558 1380 598 1402 ac
629 1377 751 1401 nocere
770 1377 780 1411 ;
809 1375 878 1399 non
916 1359 1151 1410 intelligentes
1185 1358 1279 1410 ipsos

293 1429 453 1467 omnium
484 1426 700 1465 miserrimos
733 1421 924 1462 censendos
946 1434 1043 1469 esse,
1068 1419 1166 1470 quod
1192 1419 1280 1457 dum

292 1500 434 1529 caeteros
455 1504 491 1527 se
509 1488 636 1526 laedere
648 1494 786 1539 putant,
806 1485 842 1522 in
858 1483 990 1534 seipsos
1012 1481 1173 1532 gladium
1198 1496 1278 1519 ver-

292 1562 367 1590 tant
383 1567 390 1587 ε
413 1551 506 1601 quod
529 1558 693 1587 extremae
712 1544 896 1583 dementiae
916 1553 977 1581 est.
993 1543 1084 1580 Nam
1104 1542 1204 1580 inscii
1221 1556 1277 1580 se—

293 1613 388 1664 ipsos
409 1610 635 1658 confodiunt,
660 1617 693 1645 et
714 1607 800 1645 dum
820 1604 922 1642 alteri
942 1618 977 1641 se
996 1617 1117 1641 nocere
1138 1612 1276 1655 putant,

294 1673 426 1724 seipsos
448 1671 626 1724 jugulant.
652 1668 735 1706 Ideo
765 1666 896 1703 Paulus
926 1678 1056 1716 gnarus
1082 1678 1144 1700 nos
1160 1694 1170 1713 ,
1196 1678 1277 1701 cum

294 1745 434 1774 caetcros
460 1743 640 1787 percutere
658 1732 834 1779 volumus,
856 1728 1085 1779 nosmetipsos
1104 1728 1277 1765 interfice-

294 1812 350 1847 re,
371 1797 511 1834 dicebat
532 1812 539 1832 :
567 1797 694 1846 Quare
714 1808 790 1831 non
807 1794 932 1844 potins
961 1792 1144 1842 injuriam
1176 1793 1277 1827 acci-

291 1861 417 1910 pitis?
461 1871 580 1910 quare
601 1870 678 1893 non
713 1856 836 1906 magis
853 1851 1044 1905 smudem
1071 1853 1278 1901 patimini?

292 1919 464 1972 Injuriam
484 1918 578 1955 enim
600 1931 668 1954 non
685 1916 814 1967 accipit
829 1914 890 1965 qui
907 1927 975 1950 non
990 1912 1106 1960 infert,
1123 1926 1184 1950 nee
1203 1927 1278 1950 ma-

291 1982 326 2019 lo
345 1981 512 2028 afficitur,
531 1979 592 2030 qui
608 1978 742 2016 malum
760 1991 827 2015 non
848 1984 1012 2027 operatur
1032 1991 1038 2010 :
1062 1974 1224 2025 quamvis
1240 1974 1277 2012 id

291 2041 414 2079 multis
429 2041 577 2092 aenigma
595 2053 668 2076 csse
685 2037 850 2077 Videatur
868 2036 929 2087 qui
950 2035 1193 2088 philosophari
1215 2049 1276 2073 no-

291 2103 380 2140 lunt.
409 2103 492 2139 llaec
513 2115 593 2138 eum
615 2099 791 2147 sciamus,
816 2112 884 2135 non
912 2111 969 2134 eos
997 2096 1056 2147 qui
1079 2097 1274 2145 laeduntur,

292 2165 348 2202 vel
366 2164 533 2216 injuriam
551 2162 742 2214 accipiunt,
761 2158 822 2197 sed
845 2159 924 2196 illos
946 2158 1007 2209 qui
1028 2158 1195 2210 iujuriam
1223 2158 1277 2195 in-

293 2226 434 2273 ferunt,
465 2223 609 2261 miseros
640 2220 873 2273 praedicemus
906 2227 939 2256 et
963 2218 1200 2270 deploremus.
1230 2218 1275 2255 lli

292 2286 385 2325 enim
402 2285 556 2322 maxime
574 2283 765 2331 laeduntur,
781 2281 843 2331 qui
864 2282 937 2317 Deo
952 2279 1089 2316 bellum
1111 2279 1276 2327 inferunt,

292 2358 325 2386 et
352 2348 450 2385 mille
475 2354 717 2383 accusatorum
753 2357 813 2380 ora
835 2341 1020 2393 aperiunt,
1042 2340 1204 2390 malaque
1227 2340 1278 2377 sa-

294 2426 349 2448 ma
372 2410 406 2447 in
429 2409 494 2446 hac
515 2407 589 2447 vita
608 2406 793 2443 laborant:
813 2413 919 2454 atque
948 2402 1071 2453 ingens
1098 2401 1132 2439 in
1158 2402 1279 2438 futuro

295 2470 361 2507 sibi
382 2478 505 2521 parant
526 2466 741 2519 supplicium
764 2481 771 2501 :
796 2473 835 2501 ut
855 2472 974 2501 contra
993 2463 1017 2500 ii
1042 2461 1103 2513 qui
1131 2461 1204 2499 laesi
1227 2461 1281 2499 in-

291 2530 406 2581 jurias
435 2528 570 2566 fortiter
601 2528 743 2575 ferunt,
764 2527 879 2563 Deum
904 2524 1036 2561 habent
1065 2522 1280 2575 propitium,

295 2604 483 2639 omnesque
502 2603 538 2626 se
554 2588 848 2636 commiserantes,
869 2585 1117 2638 approbantes,
1135 2583 1282 2621 laudan-

299 2660 360 2688 tes.
382 2650 427 2686 Hi
447 2650 481 2686 iu
502 2650 568 2687 bac
587 2650 660 2688 >vita
679 2647 873 2686 admodum
902 2646 1054 2684 celebres
1073 2654 1175 2683 crunt
1190 2675 1200 2694 ,
1220 2644 1281 2696 qui

298 2725 466 2762 magnum
487 2711 718 2762 philosophice
744 2709 948 2760 exemplum
967 2706 1159 2760 praebeant,
1181 2715 1214 2744 et
1245 2706 1281 2743 in

298 2773 415 2809 sutura
431 2772 502 2809 vita
518 2771 654 2808 :eternis
672 2772 837 2807 fruuntur
854 2769 973 2807 bonis:
988 2782 1067 2819 quae
1085 2782 1147 2805 1105
1161 2781 1281 2805 omncs

298 2831 436 2882 assequi
454 2831 644 2881 contingat,
659 2831 770 2881 gratia
785 2840 817 2868 et
829 2829 1046 2881 benignitate
1062 2827 1207 2867 Domini
1220 2842 1281 2866 no-

300 2893 363 2930 stri
386 2894 467 2932 Jesu
486 2891 633 2940 Christi,
654 2891 797 2940 quicum
818 2891 914 2928 Patri
933 2900 966 2928 et
992 2890 1100 2927 simul
1129 2888 1282 2942 Spiritui

301 2962 420 2992 sancto
446 2951 572 3004 gloria,
594 2965 686 2989 nunc
702 2960 735 2988 et
754 2965 900 3003 semper,
915 2961 948 2989 et
967 2951 1001 2989 in
1019 2952 1147 2990 saecula
1170 2964 1280 2989 saecu-

302 3017 432 3053 lorum.
451 3017 572 3052 Amen.

349 3279 365 3302 d
391 3278 448 3310 Sat
459 3277 490 3309 il.
508 3283 565 3322 γὰρ
582 3282 628 3311 καὶ
645 3281 726 3322 ῥίζα.

1336 177 1545 208 ARCHIEP.
1585 177 1933 209 CONSTANTlNOP.

1355 259 1463 297 Οὐδὲν
1502 259 1592 297 οὕτω
1628 265 1717 297 ποιεῖ
1757 259 1959 312 φρονίμους,
1988 262 2033 302 ὥς
2070 259 2187 310 ἀρετή.
2219 260 2287 298 Καὶ
2312 259 2377 311 γὰρ

1355 319 1577 372 εὐχαρίστους
1613 320 1672 357 καὶ
1707 319 1924 371 εὐγνώμονας
1954 320 2158 373 ἐργάζεται,
2185 321 2377 372 φιλανθρώ-

1353 397 1454 428 πους,
1487 380 1657 432 ἡμέρους,
1686 380 1829 432 πράους,
1851 383 2028 424 ἐπιεικεῖς·
2045 381 2089 418 τὰ
2125 381 2214 418 ἄλλα
2242 381 2379 418 ἅπαντα

1356 440 1468 492 ἀγαθὰ
1491 440 1578 488 αὕτη
1598 442 1726 479 τίκτειν
1750 440 1858 479 εἴωθε.
1881 440 1928 479 Τί
1946 440 1981 479 δὲ
2005 445 2065 480 τοῦ
2087 440 2176 479 οὕτω
2204 441 2380 491 διακειμέ-

1354 517 1410 539 νου
1431 501 1676 554 συνετι·’)τερον;
1695 500 1836 552 Πηγὴ’1
1845 500 1913 554 γὰρ
1942 501 2048 544 ὄντως
2066 501 2126 539 καὶ
2149 500 2225 555 ῥίζα
2252 517 2381 554 φρονη-

1354 561 1439 606 σεώς
1459 565 1549 601 ἐστιν
1566 567 1587 610 ἡ
1613 562 1738 614 ἀρετὴ,
1768 578 1887 614 ωσπερ
1907 577 1964 600 ουν
1984 578 2043 600 και
2063 568 2160 600 πᾶσα
2175 560 2326 613 πονηρία
2345 560 2380 603 ἐξ

1295 655 1342 682 2⁸7
1356 623 1472 667 ἀνοίας
1495 623 1566 675 ἔχει
1583 622 1684 670 τὴν’
1666 623 1789 675 αρχήν
1812 622 1880 660 Και
1902 622 1969 674 γὰρ
1988 625 2006 660 6
2025 621 2161 665 ἀλαζὼν
2180 637 2240 659 και
2257 622 2304 659 6
2289 620 2379 674 οργί-

1306 693 1330 721 Α
1354 687 1448 728 λος’
1434 701 1467 729 ες
1489 683 1617 728 ἐνδείας
1647 700 1843 736 φρονησεως
1868 683 1934 721 υπὸ
1951 685 2020 721 τῶν
2040 685 2159 720 παθῶν
2189 681 2380 720 ἁλίσκεται.

1353 745 1420 783 Διὰ
1439 751 1537 784 τοῦτο
1557 761 1616 783 και
1644 747 1662 782 ὃ
1680 744 1861 797 προφήτης
1888 743 2002 795 ἔλεγε·
2025 745 2102 782 Οὐκ
2129 742 2220 781 ἔστιν
2235 742 2327 786 ἴασις
2345 744 2378 780 ἐν

1353 809 1395 858 τῇ
1428 806 1531 858 σαρκί
1560 822 1635 856 μου.
1663 805 1894 858 Προσώζεσαν
1910 805 1972 843 καὶ
1994 804 2174 851 ἐσάπησαν
2203 806 2234 841 οἱ
2252 802 2378 854 μώλω-

1350 866 1413 910 πές
1435 883 1500 917 μου
1521 867 1589 905 ἀπὸ
1619 865 1805 918 προσώπου
1836 867 1897 910 τῆς
1929 864 2121 918 ἀφροσύνης
2143 879 2226 915 μου·
2248 862 2379 906 δεικνὺς

1351 926 1404 965 ὅτι
1422 933 1519 965 πᾶσα
1537 926 1692 979 ἁμαρτία
1707 925 1769 973 τὴν
1790 926 1902 978 ἀρχὴν
1919 926 1951 970 ἐξ
1968 925 2160 978 ἀφροσύνης
2179 925 2290 977 “”“ἔχει·
2310 924 2379 962 ὥσ-

1351 1003 1417 1039 περ
1446 990 1464 1024 6
1495 986 1652 1039 ἐνάρετος
1683 986 1743 1024 καὶ
1764 986 1867 1039 φόὸον
1897 986 1986 1038 ἔχων
2007 988 2117 1033 Θεοῦ,
2145 986 2285 1024 πάντων
2306 987 2378 1024 ἐστὶ

1352 1046 1589 1098 συνετώτερος.
1610 1047 1673 1085 Διὸ
1689 1047 1748 1084 καὶ
1770 1047 1872 1098 σοφός
1897 1063 1950 1090 τις
1967 1046 2080 1098 λέγει,
2104 1046 2212 1098 Ἀρχὴ
2236 1045 2377 1098 σοφίας,

1351 1106 1454 1157 φόὸος
1479 1106 1618 1159 Κυρίου.
1649 1109 1694 1144 Εἰ
1714 1106 1825 1144 τοίνυν
1848 1107 1887 1145 τὸ
1905 1107 2086 1159 φοέεῖσθαι
2109 1107 2167 1145 τὸν
2195 1107 2297 1154 Θεὸν,
2322 1122 2378 1144 σο-

1351 1166 1430 1217 φίαν
1447 1166 1537 1204 ἐστὶν
1554 1166 1657 1217 ἔχειν,
1677 1169 1694 1204 6
1710 1165 1745 1203 δὲ
1766 1167 1914 1220 πονηρὸς
1931 1171 2031 1205 τοῦτο
2049 1169 2110 1205 οὐκ
2129 1167 2222 1219 ἔχει,
2243 1170 2305 1213 τῆς
2324 1167 2378 1205 ὅν-

1349 1242 1417 1270 τως
1439 1226 1559 1278 σοφίας
1575 1226 1780 1280 ἐστέρηται·
1796 1230 1858 1273 τῆς
1876 1229 1911 1265 δὲ
1935 1228 2055 1280 σοφίας
2077 1228 2304 1281 ἐστερημένος
2317 1231 2379 1274 τῆς

1351 1288 1476 1336 ὅντως,
1502 1288 1642 1326 πάντων
1673 1288 1763 1326 ἐστὶν
1788 1289 2020 1342 ἀνοητότερος.
2041 1289 2166 1327 Καίτοι
2187 1305 2227 1340 γε
2258 1290 2379 1327 πολλοὶ

1350 1348 1429 1393 τοὺς
1447 1348 1618 1402 πονηροὺς
1638 1349 1884 1400 θαυμάζουσιν,
1906 1352 1952 1393 ὡς
1973 1348 2109 1393 ἱκανοὺς
2128 1350 2227 1393 ὄντας
2249 1351 2378 1387 ἀδικεῖν

1305 1422 1326 1451 Β
1351 1412 1410 1450 καὶ
1426 1412 1606 1463 βλάπτειν,
1626 1414 1686 1450 οὐκ
1706 1411 1831 1455 εἰδότες
1850 1410 1902 1449 ὅτι
1920 1411 2074 1462 μάλιστα
2099 1411 2239 1449 πάντων
2257 1410 2379 1454 αὐτοὺς

1348 1473 1540 1517 ταλανίζειν
1560 1472 1631 1526 χρὴ
1645 1503 1654 1520 ,
1670 1472 1722 1510 ὅτι
1737 1472 1933 1522 νομίζοντες
1948 1472 2084 1525 ἑτέρους
2108 1472 2286 1523 βλάπτειν,
2301 1473 2378 1510 καθ’

1349 1537 1479 1572 ἑαυτῶν
1494 1535 1534 1572 τὸ
1563 1533 1654 1586 ξίφος
1672 1534 1836 1572 ὠθοῦσιν·
1856 1533 1941 1587 ὅπερ
1963 1532 2080 1576 ἀνοίας
2099 1532 2189 1572 ἐστὶν
2209 1533 2378 1584 ἐσχάτης,

1349 1596 1467 1633 ἑαυτὸν
1492 1595 1708 1642 πλήττοντα,
1727 1593 1814 1645 μηδὲ
1832 1594 1914 1632 αὐτὸ
1934 1599 2032 1632 τοῦτο
2047 1593 2192 1641 εἰδέναι,
2215 1593 2378 1632 ἀλλ’ἕτε-

1351 1672 1405 1707 ρον
1430 1657 1539 1693 δοκεῖν
1568 1657 1711 1703 ἀδικεῖν,
1732 1657 1765 1693 ἐν
1789 1658 1840 1707 τῷ
1867 1654 2122 1707 κατασφάττειν
2155 1653 2286 1692 ἑαυτόν.
2310 1653 2379 1691 Διὰ

1347 1720 1448 1754 τοῦτο
1469 1715 1528 1753 καὶ
1559 1717 1698 1759 Παῦλος
1717 1715 1831 1764 εἰδὼς,
1848 1715 1901 1754 ὅτι
1928 1718 1961 1753 ἐν
1988 1718 2039 1768 τῷ
2065 1714 2230 1761 πλήττειν
2246 1713 2380 1765 ἑτέρους

1349 1776 1487 1820 ἑαυτους
1514 1778 1733 1828 ἀναιροῦμεν,
1753 1776 1863 1828 ἔλεγε·
1887 1776 1990 1814 Διατί
2012 1775 2060 1826 μὴ
2086 1777 2214 1852 μᾶλλρν
2244 1776 2377 1812 ἀδικεῖ-

1350 1841 1427 1885 σοε;
1446 1837 1538 1876 διατί
1572 1837 1620 1887 μὴ
1645 1839 1774 1888 μᾶλλον
1797 1840 2061 1889 ἀποστερεῖσοε;
2073 1836 2126 1874 Τὸ
2148 1835 2216 1888 γὰρ
2232 1834 2316 1886 μὴ
2299 1837 2377 1873 αδι-

1348 1900 1516 1936 κεῖσθαι
1502 1914 1535 1935 εν
1550 1900 1599 1935 τιΝ)
1617 1897 1665 1948 μὴ
1681 1899 1810 1935 ἀδικεῖν
1828 1903 1960 1935 κεῖται·
1981 1912 2098 1948 ωσπερ
2115 1900 2170 1934 οὖν
2188 1897 2227 1934 τὸ
2248 1896 2295 1947 μὴ
2311 1896 2380 1934 πά·

1349 1975 1443 2011 σγειν
1470 1962 1587 2005 κακῶς
1612 1960 1645 1995 ἐν
1672 1961 1721 1995 τιΝ)
1753 1958 1801 2009 μὴ
1835 1963 1945 1996 ποιεῖν
1970 1960 2104 2001 κακῶς·
2136 1957 2199 1995 κᾶν
2232 1957 2376 2008 αἴνιγμα

1348 2024 1434 2058 εἶναι
1469 2021 1551 2070 δοκῆ
1574 2020 1613 2058 τὸ
1634 2019 1817 2070 λεγόμενον
1838 2025 1908 2061 τοῖς
1929 2020 2069 2061 πολλοῖς
2100 2034 2161 2056 και
2182 2020 2376 2069 φιλοσοφειν

1348 2097 1408 2119 ουκ
1425 2084 1479 2119 ἐΟε
1465 2081 1588 2119 ’.λουσι
1611 2081 1720 2118 'lave'
1740 2084 1796 2117 οὖν
1814 2079 1958 2127 εἰδότες,
1982 2078 2030 2130 μὴ
2044 2095 2122 2122 τους
2138 2078 2378 2128 ἀδικουμένους

1302 2145 1325 2175 C
1349 2141 1437 2193 μηδὲ
1453 2140 1531 2184 τοὺς
1551 2140 1861 2192 ἐπηρεαζομένους,
1875 2139 1965 2178 ἀλλὰ
1979 2139 2056 2182 τοὺς
2070 2144 2179 2177 ταῦτα
2197 2142 2378 2181 ποιοῦντας

1348 2201 1585 2252 ταλανίζωμεν
1613 2200 1671 2238 καὶ
1694 2200 1907 2252 δακρύωμεν.
1928 2194 2036 2237 Οῦτοι
2058 2199 2126 2250 γάρ
2147 2201 2230 2236 εἰσιν
2254 2202 2285 2236 οἱ
2303 2199 2376 2248 μά-

1347 2265 1450 2300 λιστα
1468 2261 1693 2312 ἠδικημένοι,
1713 2263 1744 2298 οἱ
1761 2261 1818 2297 τὸν
1833 2260 1921 2298 Θεὸν
1941 2261 2074 2302 ἑαυτοῖς
2089 2261 2377 2309 ἐκπολεμοῦντες,

1348 2324 1407 2362 καὶ
1434 2323 1561 2375 μυρίων
1583 2321 1785 2373 κατηγόρων
1807 2320 1997 2371 ἀνοίγοντες
2024 2319 2202 2369 στόματα,
2233 2319 2292 2356 καὶ
2314 2335 2377 2357 πο-

1349 2384 1456 2435 νηρὰν
1472 2382 1642 2434 κτώμενοι
1662 2382 1752 2419 κατὰ
1780 2382 1835 2419 τὸν
1854 2380 2010 2431 παρόντα
2033 2380 2106 2430 βίον
2130 2380 2295 2431 ὑποψίαν,
2316 2379 2375 2417 καὶ

1351 2445 1504 2496 μεγάλην
1520 2443 1610 2481 κατὰ
1625 2443 1682 2480 τὸν
1701 2442 1870 2493 μέλλοντα
1891 2443 1999 2478 αἰῶνα
2015 2439 2254 2490 ἐπισπώμενοι
2269 2441 2375 2478 κόλα-

1352 2522 1421 2544 σιν·
1442 2507 1488 2548 <bg
1517 2504 1551 2542 οἵ
1578 2520 1617 2556 γε
1645 2502 1861 2553 ἀδικούμενοι
1882 2501 1941 2539 καὶ
1969 2501 2084 2539 πάντα
2113 2501 2271 2553 φέροντες
2302 2517 2378 2553 γεν-

1351 2568 1473 2616 ναίως,
1489 2567 1546 2605 τόν
1568 2583 1606 2604 τε
1625 2566 1714 2604 Θεὸν
1735 2565 1870 2616 ἔχουσιν
1890 2563 2005 2610 ἵλεων,
2025 2563 2085 2601 καὶ
2101 2564 2233 2606 πάντας
2249 2564 2377 2600 συνάλ-

1351 2635 1493 2682 γοῦντας
1511 2629 1636 2675 αὐτοῖς,
1661 2625 1720 2664 καὶ
1740 2628 1961 2667 ἐπαινοῦντας
1976 2654 1984 2671 ,
1999 2623 2060 2662 καὶ
2090 2622 2376 2674 ἀποδεχομένους.

1353 2693 1398 2729 Οἱ
1417 2693 1564 2728 τοιοῦτοι
1595 2686 1654 2726 καὶ
1687 2685 1777 2724 κατὰ
1801 2685 1857 2722 τὸν
1878 2684 2034 2735 παρόντα
2056 2683 2127 2734 βίον
2143 2685 2275 2729 πολλῆς
2293 2686 2378 2721 ἀπο-

1352 2751 1537 2791 λαύσονται
1551 2752 1612 2795 τῆς
1629 2745 1816 2799 εὖφηιιίας,
1832 2744 2032 2797 φιλοσοφίας
2050 2743 2210 2795 μέγιστον
2228 2744 2378 2795 παρεγό-

1355 2828 1449 2864 μενοι
1478 2812 1621 2861 δεῖγμα,
1655 2807 1713 2844 καὶ
1747 2805 1838 2844 κατὰ
1867 2805 1943 2866 vhvu
1963 2805 2154 2855 μέλλουσαν
2189 2803 2279 2850 ζωὴν
2309 2808 2377 2841 τῶν

1307 2879 1332 2909 D
1354 2871 1501 2912 αἰωνίων
1521 2869 1716 2921 μεθέξουσιν
1738 2868 1893 2917 ἀγαθῶν·
1918 2869 1965 2903 ὡν
1986 2865 2117 2917 γένοιτο
2132 2864 2265 2908 πάντας
2285 2868 2379 2914 ἡμας

1354 2937 1539 2984 ἐπιτυχεῖν,
1553 2930 1673 2982 χάριτι
1693 2944 1752 2966 και
1781 2925 2023 2979 φιλανθρωπίᾳ
2044 2930 2102 2963 τοῦ
2125 2924 2252 2976 Κυρίου
2275 2927 2378 2975 ἡμῶν

1354 2995 1469 3040 Ἰησοῦ
1501 2992 1695 3042 Χριστοῦ,
1690 2989 1764 3026 μεθ’
1780 2990 1817 3024 οὑ
1844 2988 1894 3023 τῶ
1918 2985 2035 3036 Πατρ·
2056 2985 2203 3032 ἢοόξα,
2224 2984 2298 3035 ἅμα
2329 3000 2378 3021 τι)

1357 3054 1444 3106 ἁγίω
1464 3051 1669 3102 Πνευματι,
1686 3054 1742 3087 νῦν
1764 3064 1822 3085 και
1842 3047 1915 3093 ἀει,
1938 3062 1997 3085 και
2014 3048 2060 3089 εἰς
2077 3045 2154 3088 τοὺς
2170 3047 2296 3088 αἰῶνας
2309 3060 2377 3081 των

1359 3115 1505 3154 αἰώνων.
1524 3113 1556 3150 Ἀ
1565 3111 1644 3162 μήν.

1420 3285 1432 3298 2¹
1457 3272 1516 3304 Alii
1535 3276 1606 3315 ἔχει.
1625 3272 1638 3304 ὁ
1657 3273 1713 3312 γὰρ
1731 3271 1875 3311 ἐνάρετος.
