2481 3678
772 237 815 265 IN
851 236 958 265 JOAN
968 236 1058 265 NEM
1094 235 1249 265 HOMIL.

120 323 216 368 σθαι,
240 320 304 373 ὅρα
332 321 422 359 πόσα
441 321 561 372 ἕψεται
590 319 635 357 τὰ
665 319 932 358 άτοπα.Ἔσται
961 319 1030 372 γὰρ
1058 319 1140 357 αὐτὸ

118 383 307 434 σαρκωθὲν,
322 385 385 434 οὐχ
399 386 416 420 ὁ
430 382 512 425 Υἱός
525 397 532 404 ·
552 382 649 420 ἔσται
667 381 851 433 μονογενὴς
868 382 949 425 Υἱὸς
970 383 1009 419 τὸ
1030 382 1139 419 Πνεῦ-

120 459 182 492 μα.
214 445 257 481 Εἰ
287 443 322 482 δὲ
353 442 400 493 μὴ
428 446 548 488 τοῦτο,
578 444 625 486 εἷς
654 442 767 494 ἕτερον
789 442 893 480 πάλιν
917 441 1139 480 ἀτοπώτατον

117 507 217 542 τοῦτο
247 503 424 555 φεύγοντες
449 505 680 553 ἐμπεσοῦνται
700 502 807 545 οὕτως
835 501 1139 553 ἀναγινώσκοντες.

115 566 160 602 Εἰ
180 565 247 616 γὰρ
267 564 308 610 δὴ
331 564 595 616 ὁμολογήσαιεν,
621 564 674 603 ὅτι
695 564 773 616 περὶ
800 568 859 602 τοῦ
878 564 962 601 Υἱοῦ
984 562 1139 616 εἴρηται,

116 626 175 663 καὶ
198 625 245 675 μὴ
270 625 419 669 στίξαιεν
445 626 532 676 μηδὲ
559 630 734 679 ἀναγνοῖεν
755 626 874 678 ὥσπερ
895 629 1016 675 ἡμεῖς,
1039 625 1139 662 αὐτὸν

114 688 171 737 ἀφ’
190 688 312 724 ἑαυτοῦ
327 687 383 725 τὸν
406 687 488 725 Υἱὸν
504 691 709 739 γεγενῆσθαι
725 690 870 739 ἐροῦσιν.
891 686 906 706 ¹’
917 688 961 724 Εἰ
977 685 1012 724 δὲ
1028 690 1048 732 ἡ
1067 684 1137 732 ζωὴ

113 750 131 784 ὃ
150 747 278 799 λόγος,
295 748 312 786 ὃ
328 747 363 786 δὲ
378 748 527 799 γέγονεν,
543 751 576 786 ἐν
594 751 686 800 αὐτῷ
707 748 776 794 ζωὴ
797 742 837 793 ἦν
850 763 857 770 ·
875 748 975 790 αὐτὸς
996 750 1028 785 ἐν
1045 749 1138 799 αὐτῷ

115 809 173 846 καὶ
182 810 224 846 δι’
239 811 360 846 ἑαυτοῦ
374 808 492 860 γέγονε
506 809 597 847 κατὰ
612 809 674 856 τὴν
690 809 884 860 ἀνάγνωσιν
896 807 1035 854 ταύτην.
1048 801 1139 845 Εἶτά

115 885 193 906 τινα
207 868 312 907 εἰπὼν
323 873 356 908 ἐν
376 872 426 921 τῷ
441 869 537 922 μέσῳ
560 870 715 922 ἐπήγαγε
728 885 735 893 ·
758 869 830 907 Καὶ
845 868 1060 919 ἐθεασάμεθα
1075 868 1136 915 τὴν

115 930 215 974 δόξαν
228 932 344 978 αὐτοῦ,
361 931 458 975 δόξαν
471 934 516 974 ὡς
532 933 745 983 Μονογενοῦς
755 930 852 983 παρὰ
867 930 1036 982 Πατρός.ε
1048 930 1137 968 Ἰδοὺ

114 991 174 1029 καὶ
202 991 385 1042 μονογενὴς
415 993 496 1036 Υἱὸς
525 992 719 1045 εὑρίσκεται
746 991 837 1029 κατὰ
860 991 921 1038 τὴν
944 991 1137 1042 ἀνάγνωσιν

114 1055 181 1090 τῶν
210 1058 319 1091 ταῦτα
342 1054 511 1105 λεγόντων
534 1053 573 1091 τὸ
594 1055 738 1103 Πνεῦμα
761 1053 800 1090 τὸ
828 1052 935 1103 ἅγιον.
956 1051 1046 1104 Περὶ
1071 1052 1138 1104 γὰρ

115 1116 217 1152 αὐτοῦ
243 1121 339 1152 πᾶσα
365 1117 457 1166 αὐτῷ
480 1114 567 1161 αὕτη
595 1118 616 1161 ἡ
648 1113 807 1165 διήγησις
833 1112 981 1165 εἴρηται.
1011 1112 1139 1166 εΟρᾶτε

113 1176 194 1213 ὅταν
208 1179 390 1227 ἐκκυλισθῇ
406 1179 424 1214 ὃ
437 1175 535 1227 λόγος
555 1178 615 1221 τῆς
631 1175 808 1222 ἀληθείας,
831 1180 896 1213 ποῦ
912 1174 1138 1227 παρατρέπε-

113 1253 188 1282 ται,
214 1237 274 1275 καὶ
301 1237 393 1275 πόσα
421 1236 530 1275 τίκτει
548 1236 592 1274 τὰ
615 1237 745 1283 ἄτοπα,
765 1236 812 1273 Τί
829 1229 904 1282 οῦν;
925 1237 986 1272 οὐκ
1006 1238 1078 1272 ἔστι
1100 1235 1139 1273 τὸ

116 1298 260 1348 Πνεῦμα
280 1301 350 1349 φῶς
363 1329 372 1345 ,
387 1297 490 1349 φησί,
504 1296 608 1335 ''Ec-n
630 1297 690 1348 μὲν
715 1300 785 1349 φῶς
801 1311 808 1318 ·
830 1298 905 1334 ἀλλ’
923 1298 1079 1346 ιἐνταῦθα
1101 1299 1139 1334 οὐ

115 1358 194 1411 περὶ
220 1359 339 1397 τούτου
368 1358 523 1411 εἴρηται·
543 1358 617 1396 ἐπεὶ
633 1358 692 1395 καὶ
717 1361 735 1395 ὁ
760 1357 848 1400 Θεὸς
863 1356 1003 1407 λέγεται
1023 1358 1137 1395 Πνεῦ-

117 1435 185 1470 μα,
221 1419 407 1466 τουτέστιν,
439 1418 624 1469 ἀσώματος
641 1434 648 1442 ·
685 1420 760 1456 ἀλλ’
785 1420 822 1455 οὐ
843 1417 982 1461 πάντως
1016 1417 1048 1455 εἴ
1073 1434 1139 1456 που

115 1483 261 1531 Πνεῦμα
281 1480 440 1532 εἴρηται,
457 1483 475 1518 ὁ
493 1481 582 1523 Θεὸς
603 1480 775 1526 δηλοῦται.
800 1479 870 1517 Καὶ
890 1477 923 1515 τί
934 1479 1138 1528 θαυμάζεις,

114 1544 143 1579 εἶ
170 1541 250 1594 περὶ
277 1545 336 1579 τοῦ
357 1541 497 1593 Πατρὸς
524 1539 625 1578 τοῦτό
643 1555 778 1591 φαμεν;
799 1539 892 1577 Οὐδὲ
914 1537 982 1591 γὰρ
1005 1539 1062 1576 ἐπὶ
1080 1544 1140 1577 τοῦ

113 1602 349 1655 Παρακλήτου
362 1607 461 1640 τοῦτο
474 1600 629 1651 εἴποιμεν
654 1601 694 1639 ἅν
711 1616 718 1623 ·
736 1600 817 1639 ὅτι*
838 1599 871 1638 εἴ
887 1616 952 1637 που
972 1600 1137 1651 Πνεῦμα,

112 1664 250 1708 πάντως
282 1667 300 1701 ὁ
333 1662 567 1716 Παράκλητος
608 1663 792 1709 δηλοῦται·
826 1661 940 1700 καίτοι
970 1678 1009 1713 γε
1040 1667 1140 1700 τοῦτο

113 1729 214 1764 αὐτοῦ
246 1726 399 1777 μάλιστα
432 1723 658 1777 γνωριστικόν
697 1727 789 1763 ἐστιν
827 1724 953 1774 ὄνομα·
989 1725 1066 1762 ἀλλ’
1100 1727 1138 1761 οὐ

112 1787 251 1831 πάντως
263 1817 272 1834 ,
290 1786 395 1824 εἵπου
408 1787 573 1836 Πνεῦμα,
587 1788 605 1823 ὃ
619 1785 865 1839 Παράκλητος.
882 1785 952 1823 Καὶ
966 1784 1034 1838 γὰρ
1048 1785 1107 1822 καὶ
1122 1788 1139 1823 ὁ

112 1848 261 1901 Χριστὸς
282 1850 373 1887 Θεοῦ
396 1846 538 1897 δύναμις
563 1847 623 1885 καὶ
648 1849 739 1886 Θεοῦ
759 1846 862 1898 σοφία
880 1846 1040 1898 λέγεται,
1063 1847 1140 1884 ἀλλ’

112 1912 150 1948 οὔ
164 1910 303 1953 πάντως
315 1940 324 1955 ,
345 1908 376 1946 εἴ
396 1925 460 1947 που
486 1910 578 1947 Θεοῦ
600 1907 743 1958 δύναμις
763 1908 822 1945 καὶ
839 1907 943 1959 σοφία
957 1938 966 1955 ,
987 1912 1002 1928 ²¹
1016 1911 1033 1946 ὁ
1049 1909 1140 1961 Χρι-

111 1970 201 2014 στός.
217 1970 323 2009 Οὕτω
340 1970 380 2017 δὴ
400 1969 459 2007 καὶ
478 1971 645 2017 ἐνταῦθα,
667 1971 696 2006 εἷ
723 1969 781 2006 καὶ
801 1969 942 2021 φωτίζει
963 1969 1001 2007 τὸ
1021 1971 1138 2007 Πνεῦ-

113 2049 181 2082 μα,
203 2031 298 2082 ὅμως
330 2035 387 2068 νῦν
416 2031 454 2069 οὗ
485 2030 565 2082 περὶ
587 2032 690 2068 αὐτοῦ
711 2046 814 2082 φησιν
837 2033 855 2068 ὃ
875 2031 1134 2083 εὐαγγελιστής.

113 2091 203 2130 Ἀλλ’
238 2091 320 2130 ὅταν
351 2091 473 2135 αὐτοὺς
499 2091 627 2130 τούτων
655 2090 918 2142 ἀποκλείσωμεν
936 2093 1035 2129 *τῶν
1057 2092 1139 2130 ἀτό-

112 2169 202 2200 πων,
229 2155 260 2191 οἱ
293 2152 328 2191 δὲ
349 2152 454 2191 πάλιν
478 2156 659 2205 πανταχοῦ
687 2152 937 2196 σπουδάζοντες
965 2151 1057 2190 κατὰ
1076 2154 1140 2198 τῆς

114 2214 278 2261 ἀληθείας
300 2215 465 2262 ἑστάναι,
491 2214 663 2266 λέγουσιν,
684 2214 735 2252 ἔτι
761 2218 822 2261 τῆς
845 2215 952 2261 αὐτ-ῆς
977 2213 1138 2266 ἀναγνώ-

114 2291 200 2320 σεως
219 2276 398 2328 ἐχόμενοι·
414 2275 464 2315 εῸ
490 2276 640 2328 γέγονεν,
671 2279 704 2315 ἐν
732 2278 824 2328 αὐτῷ
846 2275 916 2323 ζωὴ
937 2270 1019 2322 δῆν.
1043 2277 1139 2314 Του-

113 2335 240 2384 τέστιν,
262 2336 279 2374 ὃ
297 2336 415 2388 γέγονε
430 2338 501 2383 ζωὴ
517 2331 571 2384 ἦν.
589 2336 637 2375 Τί
661 2330 739 2385 οῦν,
764 2337 834 2376 Καὶ
853 2336 898 2375 τὰ
928 2337 1139 2387 Σοδομηνῶν

112 2397 228 2446 πάθη,
251 2397 310 2436 καὶ
329 2400 346 2436 ὁ
377 2398 623 2449 κατακλυσμὸς
644 2398 703 2436 καὶ
732 2401 752 2445 ἡ
785 2397 922 2450 γέεννα,
942 2397 1002 2435 καὶ
1033 2397 1140 2449 μυρία

111 2459 177 2498 ὅσα
207 2463 371 2507 τοιαῦτα,
392 2459 497 2498 Ἀλλὰ
526 2459 606 2512 περὶ
634 2459 861 2512 δημιουργίας
880 2462 897 2497 ὁ
919 2459 1018 2511 λόγος
1042 2463 1140 2510 ἡμῖν,

110 2520 206 2572 φησί.
231 2521 399 2559 Μάλιστα
426 2520 486 2571 μὲν
521 2515 578 2559 οῦν
609 2524 756 2559 κάκεῖνα
784 2520 1014 2573 δημιουργίας
1036 2521 1139 2559 ἐστίν.

113 2580 204 2619 Ἀλλ’
225 2580 281 2618 ἵνα
307 2584 345 2619 ἐκ
370 2580 568 2633 περιουσίας
591 2582 647 2619 τὸν
677 2581 777 2632 λόγον
800 2583 912 2618 αὐτῶν
934 2579 1140 2631 ἐλέγξωμεν,

114 2641 274 2695 ἐρώμεθα
300 2642 440 2684 αὐτούς·
460 2640 499 2678 τὸ
515 2640 626 2688 ξύλον,
648 2641 723 2679 εἰπέ
748 2657 827 2691 μοι,
844 2641 937 2687 ζωῆ;
960 2641 1020 2679 καὶ
1045 2645 1062 2679 ὃ
1085 2642 1139 2679 λί-

114 2707 188 2750 θος,
209 2702 299 2749 ζωὴ,
319 2702 363 2740 τὰ
383 2702 503 2754 ἄψυχα
529 2706 640 2739 ταῦτα
667 2701 726 2739 καὶ
749 2701 916 2748 ἀκίνητα,
941 2703 1017 2739 ἀλλ’
1036 2705 1053 2739 ὁ
1075 2702 1140 2739 ἅν-

113 2767 248 2817 θρωπος
273 2763 351 2802 ὅλον
378 2763 467 2809 ζωή,
492 2763 562 2800 Καὶ
590 2763 641 2807 τίς
673 2762 712 2800 ἂν
739 2768 838 2801 τοῦτο
863 2762 974 2810 εἴποι,
996 2763 1049 2801 Οὐ
1072 2762 1140 2815 γὰρ

113 2823 267 2870 αὐτοζωὴ
286 2826 303 2861 ὁ
319 2823 498 2875 ἅνθρωπος
512 2852 521 2869 ,
542 2822 632 2860 ἀλλὰ
652 2825 742 2868 ζωῆς
762 2818 928 2865 δεκτικός.

161 2889 258 2943 υΟρα
268 2890 302 2929 δὲ
317 2890 422 2928 πάλιν
434 2893 611 2928 κάνταῦθα
626 2889 818 2940 τὸῖἅτοπον·
828 2888 919 2927 κατὰ
928 2887 996 2941 γὰρ
1006 2888 1068 2935 τὴν
1081 2892 1140 2928 αὖ-

112 2951 175 2999 τὴν
194 2951 395 2990 ἀκολουθίαν
405 2951 464 2989 καὶ
480 2954 626 2989 ἐνταῦθα
638 2951 801 3003 τὸνλόγον
820 2949 1042 3004 προάξομεν,ε
1052 2949 1141 2989 ὥστε

158 3075 175 3097 Ῑ)
192 3075 239 3116 [εἰ
255 3080 313 3119 γὰρ
332 3080 392 3114 ζωὴ
410 3079 519 3117 bib-203
534 3073 619 3107 Cod.
639 3075 703 3110 705
722 3091 729 3116 ;
748 3079 772 3107 εἰ
786 3079 844 3120 γὰρ
857 3079 874 3113 ἡ
898 3077 957 3114 §.b
980 3077 1006 3106 λ.
1034 3073 1119 3106 Cod.

113 3126 176 3158 706
191 3133 223 3157 et
238 3125 357 3167 Saxi1.]

158 3184 169 3197 ε
190 3176 252 3210 Alii
268 3182 342 3219 ὁμοῦ
353 3182 401 3210 καὶ
411 3186 580 3220 μονογενής.

160 3230 177 3247 ⁸
189 3228 276 3272 [ὅπου
288 3228 390 3261 Savil.
401 3228 525 3263 etCod.
539 3230 632 3271 705.]

159 3291 173 3306 a
188 3280 303 3313 Morel.
329 3285 344 3314 ὸ
366 3286 433 3318 υἱός.
453 3280 554 3312 Savil.
573 3284 588 3314 ὁ
602 3286 735 3325 Χριστός.
755 3278 845 3311 Ibidv
865 3277 967 3311 Savil-
990 3285 1022 3310 et
1040 3279 1119 3314 MSS.

115 3333 182 3365 scre
196 3343 310 3365 omnes
325 3338 347 3366 εἰ
361 3338 409 3366 καὶ
426 3338 557 3378 ,origen
575 3331 690 3363 Morel.
708 3337 731 3365 εἰ
747 3336 796 3364 καὶ
812 3339 882 3376 φῶς.

161 3385 176 3401 *
191 3386 262 3426 [τῶν
276 3391 489 3424 ἀτοπωτάτων,
508 3390 663 3428 πανταχοῦ
679 3385 759 3418 οὗτοι
773 3386 985 3424 σπουδάζοντες
1001 3399 1029 3416 ν..
1042 3399 1071 3417 τ.
1088 3391 1118 3418 ἀ.

121 3442 142 3471 ἑ.
160 3435 244 3470 Cod.
259 3438 333 3469 706.
348 3446 405 3472 τῶν
420 3441 512 3479 λέγων
527 3445 583 3471 τῶν
601 3443 719 3471 ἀτόπων
740 3441 893 3478 πανταχοῦ
910 3438 1122 3477 σπουδάζοντες

2140 227 2163 283 '1
2184 246 2191 272 ι

1219 317 1333 355 Filius
1355 332 1362 353 ε
1385 316 1542 368 Spiritus
1561 317 1626 354 erit
1645 317 1847 368 unigenitus
1868 319 1990 357 Filius.
2011 322 2047 359 Si
2066 336 2133 359 non
2155 324 2201 361 ita

1217 392 1272 416 res
1294 377 1415 426 suerit,
1435 377 1524 415 dum
1542 377 1610 416 hoc
1629 378 1818 429 effugient,
1840 378 1875 416 in
1898 380 1997 417 aliud
2019 381 2120 432 longe
2141 383 2202 420 ab·

1216 439 1360 477 surdius
1375 439 1532 477 incident
1553 438 1601 478 ita
1620 440 1786 491 legentes.
1810 441 1901 478 Nam
1920 441 1949 478 si
1970 442 2204 480 confiteantur

1216 500 1307 538 illud
1331 499 1374 538 de
1400 501 1492 539 Filio
1516 501 1654 539 dietum
1677 515 1770 549 esse,
1794 516 1904 552 neque
1932 502 2204 554 interpungant,

1217 574 1280 598 nec
1295 561 1413 612 legant
1433 569 1471 597 ut
1491 575 1553 599 nos
1581 561 1753 612 legimus,
1773 562 1892 613 ipsum
1914 562 2047 599 Filium
2061 577 2080 599 a
2094 563 2206 614 seipso

1218 621 1348 658 factum
1372 635 1445 658 esse
1469 621 1589 659 dicant
1603 632 1753 675 oportet.
1777 622 1817 660 Si
1839 622 1933 660 enim
1948 623 2111 661 Verbum
2134 623 2206 662 xiia

1216 694 1290 722 erat
1304 700 1312 732 ;
1328 684 1357 722 si
1383 684 1480 734 quod
1493 685 1626 722 factum
1649 694 1711 733 est,
1727 685 1762 723 in
1786 685 1863 737 ipso
1884 685 1957 722 vita
1973 695 2046 723 erat
2064 702 2071 722 τ
2091 687 2207 738 ipsum

1216 746 1252 783 iu
1268 746 1381 798 seipso
1396 756 1428 784 et
1440 761 1503 799 per
1519 747 1674 798 seipsum
1692 747 1823 784 factum
1842 756 1892 784 est
1904 747 2100 784 secuudum
2118 748 2207 785 hauc

1212 806 1410 846 lectionem.
1428 808 1566 847 Deinde
1580 809 1794 858 quibusdam
1817 808 2034 860 interpositis
2053 809 2176 861 adjicit
2197 826 2203 844 :

1214 871 1252 906 E
1255 877 1268 905 t
1284 871 1453 908 vidimus
1469 870 1633 921 gloriam
1650 871 1745 920 ejus,
1757 870 1922 921 gloriam
1939 872 2051 921 quasi
2070 871 2207 921 Unige-

1215 933 1288 968 niti
1303 946 1327 968 a
1342 933 1476 970 Patre.
1500 931 1592 969 Ecce
1610 931 1806 969 secundum
1834 931 1980 968 illorum
2000 932 2060 981 qui
2086 932 2132 969 ita
2156 932 2208 969 lo-

1215 1001 1373 1041 quuntur
1385 992 1571 1030 lectionem
1584 993 1741 1045 Spiritus
1754 1001 1908 1039 sanctus,
1920 993 2121 1043 unigenitus
2135 1007 2207 1031 esse

1215 1053 1330 1091 Filius
1343 1053 1637 1106 deprehenditur.
1654 1055 1708 1091 De
1724 1053 1785 1090 illo
1799 1053 1893 1090 enim
1907 1053 1982 1090 haec
1995 1053 2109 1091 omnis
2123 1068 2205 1091 nar-

1215 1115 1306 1153 ratio
1317 1115 1528 1154 instituitur.
1537 1115 1739 1163 Videtisne,
1752 1114 1893 1165 quando
1906 1130 1924 1152 a
1933 1116 2082 1152 veritate
2092 1130 2206 1153 sermo

1214 1177 1368 1226 aberrat,
1383 1178 1419 1215 in
1446 1192 1524 1228 quae
1545 1177 1744 1229 praecipitia
1765 1177 1886 1227 abeat,
1904 1187 2024 1228 etquot
2051 1178 2204 1215 absurda

1214 1230 1463 1289 pa1·iat?Q11id
1477 1238 1606 1290 igitur?
1620 1238 1789 1290 Spiritus,
1806 1238 1954 1288 inquies,
1972 1254 2040 1276 11011
2055 1249 2105 1277 est
2116 1240 2204 1277 lux?

1214 1299 1278 1338 Est
1289 1300 1434 1350 quidem
1447 1300 1657 1347 lux,wrum
1669 1299 1809 1336 hicnon
1821 1300 1866 1336 de
1876 1300 1937 1337 illo
1951 1301 2086 1352 agitur:
2099 1316 2206 1352 quan·

1213 1360 1408 1411 doquidem
1421 1370 1454 1398 et
1467 1362 1563 1398 Deus
1577 1360 1752 1412 Spiritus,
1770 1360 1837 1398 hoc
1859 1370 1928 1408 est,
1954 1361 2201 1414 incorporeus;

1213 1423 1275 1460 sed
1288 1437 1358 1460 non
1366 1423 1585 1472 ubicumque
1599 1421 1755 1473 Spiritus
1765 1421 1898 1459 dieitur
1910 1424 2042 1467 ,Deum
2056 1438 2128 1461 esse
2142 1424 2204 1462 de-

1213 1483 1381 1520 claratur.
1395 1483 1443 1520 Et
1457 1482 1547 1533 quid
1567 1482 1720 1530 miraris,
1741 1483 1770 1519 si
1785 1482 1824 1519 id
1836 1482 1879 1520 de
1892 1484 1996 1520 Patre
2013 1484 2201 1522 dicamus?

1214 1544 1338 1594 Neque
1362 1544 1459 1581 enim
1486 1543 1530 1580 de
1550 1543 1731 1580 Paracleto
1757 1557 1897 1593 quoque
1919 1544 1958 1581 id
1982 1544 2203 1589 dixerimus,

1215 1605 1312 1656 quod
1334 1605 1550 1655 ubicumque
1569 1604 1725 1657 Spiritus
1739 1604 1873 1642 dicitur
1883 1636 1892 1653 ,
1916 1605 1955 1642 id
1968 1606 2012 1643 de
2026 1608 2206 1646 Paracleto

1214 1667 1453 1719 intelligatur:
1466 1666 1630 1717 quamvis
1643 1666 1710 1704 hoc
1723 1681 1850 1704 nomen
1863 1667 1932 1719 ipsi
1945 1668 2101 1706 maxime
2114 1684 2207 1707 com-

1214 1739 1311 1781 petat
1329 1738 1507 1767 :attamen
1533 1727 1596 1766 ubi
1624 1728 1781 1781 Spiritus
1803 1728 1949 1780 legitur,
1977 1744 2046 1768 non
2070 1746 2208 1784 semper

1214 1792 1417 1829 Paracletus
1439 1800 1490 1829 est
1512 1790 1776 1842 intelligendus.
1801 1791 1895 1828 Nam
1916 1800 1950 1829 et
1964 1792 2126 1831 Christus
2140 1794 2207 1831 Dei

1213 1852 1331 1890 virtus
1343 1861 1377 1890 et
1390 1852 1458 1889 Dei
1471 1851 1642 1904 sapientia
1667 1861 1837 1902 meatui-3
1853 1862 1889 1890 at
1911 1867 1981 1891 non
1994 1868 2132 1906 semper
2144 1855 2206 1892 ubi

1214 1913 1281 1951 Dei
1295 1913 1410 1952 virtus
1423 1922 1457 1951 et
1470 1913 1537 1951 Dei
1555 1912 1730 1965 sapientia
1754 1912 1902 1962 dicitur,
1923 1914 2086 1953 Christus
2106 1916 2203 1954 indi-

1214 1986 1326 2014 catur.
1340 1976 1400 2014 Sic
1412 1985 1445 2014 et
1457 1975 1524 2014 hoc
1538 1976 1629 2023 loeo,
1644 1976 1725 2013 licet
1739 1975 1895 2028 Spiritus
1921 1976 2110 2027 illuminet,
2135 1993 2205 2017 non

1214 2047 1331 2077 tamen
1344 2037 1389 2076 de
1402 2038 1478 2090 ipso
1492 2052 1585 2075 nuuc
1603 2037 1764 2088 loquitur
1787 2038 2015 2089 evangelista.
2044 2041 2206 2078 Attamen

1214 2099 1271 2138 his
1295 2099 1449 2138 exclusis
1473 2099 1640 2137 absurdis
1663 2098 1881 2149 ratiociniis,
1897 2099 1966 2148 illi,
1993 2101 2206 2154 quisemper

1292 235 1335 264 v.
1375 219 1436 264 al.
1475 235 1537 265 ιν.

1214 2160 1356 2200 veritati
1365 2169 1574 2212 repugnant,
1586 2159 1704 2198 dicere
1716 2174 1785 2198 non
1797 2161 1991 2199 desistunt:
2016 2163 2130 2212 Quod
2132 2164 2205 2215 sa-
2220 2173 2247 2191 V·
2275 2162 2321 2199 14.

1216 2231 1319 2260 ctum
1330 2231 1398 2269 est,
1410 2224 1544 2273 inipso
1553 2224 1640 2259 vita
1650 2231 1752 2268 erat,·
1766 2221 1805 2260 id
1816 2222 1996 2272 est,Quod
2008 2223 2142 2261 factum
2155 2234 2207 2262 est

1215 2284 1292 2323 vita
1319 2293 1405 2321 erat.
1430 2282 1530 2329 Quid
1563 2283 1705 2334 igitur?
1735 2298 1779 2321 an
1803 2283 2042 2322 Sodomorum
2066 2286 2204 2338 suppli-

1217 2344 1325 2393 cium,
1350 2344 1544 2389 diluvium,
1569 2344 1727 2395 gehenna
1750 2353 1784 2382 et
1807 2345 1907 2382 mille
1921 2359 1976 2382 res
1998 2345 2207 2397 hujusmodi

1216 2406 1293 2445 vita
1306 2407 1432 2445 erant?
1455 2406 1525 2444 Sed
1546 2406 1590 2443 de
1615 2406 1790 2444 creatione
1812 2407 1914 2443 nobis
1936 2416 1987 2444 est
2008 2422 2135 2455 sermo,
2150 2408 2205 2446 in-

1218 2468 1356 2518 quiunt.
1377 2468 1480 2505 Certe
1493 2467 1553 2503 illa
1567 2481 1708 2516 quoque
1720 2466 1767 2503 ad
1780 2466 1992 2503 creationem
2015 2467 2204 2519 pertinent.

1218 2531 1354 2569 Verum
1376 2537 1415 2565 ut
1437 2527 1583 2564 aliunde
1615 2526 1722 2563 etiam
1743 2525 1890 2563 illorum
1911 2528 2122 2566 sententiam
2143 2544 2206 2569 va-

1214 2591 1325 2628 lidius
1359 2589 1597 2635 confutemus,
1633 2587 1933 2639 interrogabimus
1966 2588 2047 2627 illos
2075 2606 2082 2626 :
2111 2592 2207 2629 Num

1217 2666 1349 2703 quaeso,
1362 2650 1501 2701 lignum
1523 2649 1599 2688 vita
1620 2648 1696 2686 est?
1719 2663 1806 2686 num
1820 2649 1912 2702 lapis
1926 2679 1936 2699 ,
1961 2649 2117 2689 inanima
2130 2652 2206 2690 haec

1216 2722 1250 2751 et
1263 2710 1486 2749 immobilia?
1504 2723 1549 2747 an
1571 2709 1678 2747 homo
1700 2710 1846 2748 omnino
1868 2710 1944 2748 vita
1969 2712 2049 2749 est?
2071 2713 2205 2764 Ecquis

1215 2773 1284 2811 hoc
1305 2771 1463 2810 dixerit?
1486 2772 1565 2809 Non
1588 2771 1682 2808 enim
1703 2771 1780 2823 ipsa
1802 2771 1877 2810 vita
1900 2773 2020 2822 homo,
2034 2774 2096 2813 sed
2120 2775 2204 2813 vitae

1216 2849 1330 2887 capax
1350 2834 1456 2871 homo
1478 2842 1540 2870 est.

1268 2900 1304 2934 Q.
1334 2894 1430 2935 Vide
1453 2908 1598 2932 rursum
1620 2893 1681 2931 hic
1705 2893 1963 2932 absurditatem
1981 2911 1988 2931 τ
2006 2910 2087 2934 nam
2111 2897 2202 2935 hane

1167 2965 1190 2996 C
1214 2968 1401 3006 sequemur
1417 2952 1563 2991 dicendi
1580 2951 1720 3001 seriem,
1738 2962 1778 2990 ut
1794 2953 1878 2991 hine
1891 2968 2013 2992 eorum
2030 2954 2200 3008 insipien-

1166 2292 1188 2321 Β

1190 3094 1218 3111 κ.
1237 3095 1265 3114 τ.
1283 3086 1313 3113 ἀ.
1338 3082 1363 3112 ἑ.
1384 3076 1469 3111 COd.
1489 3078 1582 3120 705.]

1232 3131 1249 3156 b
1266 3130 1381 3164 Morel.
1406 3135 1452 3169 ἦν.
1474 3134 1555 3164 τοῦτ’
1580 3135 1657 3164 ἔστιν
1684 3134 1698 3164 ὃ
1719 3136 1828 3173 γέγονε.
1854 3130 1955 3162 savit.
1983 3135 2027 3173 ἦν,
2052 3136 2097 3166 ὅτι
2116 3138 2144 3166 εἴ
2170 3149 2196 3166 τι

1187 3188 1292 3218 ἐστ-ἰνδ
1309 3190 1419 3226 γέγονε.
1441 3182 1563 3225 [Codd.
1586 3184 1649 3215 705
1667 3191 1700 3215 et
1716 3185 1780 3215 706
1796 3186 1830 3220 ἦν
1844 3192 1851 3200 ·
1870 3187 1916 3217 ὅτι
1934 3189 1963 3217 εἴ
1982 3199 2027 3226 τι,
2049 3189 2128 3231 fm't,
2148 3192 2197 3228 γέ.

1188 3235 1288 3278 ‘jove-:¹
1303 3233 1392 3266 [bid.
1409 3234 1524 3267 luorssl.
1541 3239 1652 3268 οΒκΟῧν.
1672 3233 1773 3267 savii.
1793 3241 1821 3269 τί
1834 3237 1892 3269 οὖν.

1232 3297 1244 3312 c
1260 3286 1323 3318 Alii
1348 3291 1397 3320 καὶ
1419 3292 1471 3320 θέα
1495 3301 1551 3328 μοε
1579 3293 1633 3325 τὴν
1658 3293 1769 3320 ἀνοία-ι.
1802 3285 1902 3317 Paulo
1928 3294 2004 3328 post
2029 3288 2196 3322 existimat

1188 3338 1494 3381 Boisiuslegendum
1507 3342 1586 3372 οὐδὲν
1597 3343 1761 3384 ἁρμόττον,
1775 3337 1829 3370 sed
1843 3343 2036 3381 ἁρμόττοντα
2047 3341 2079 3373 in
2089 3345 2196 3375 omni-

1188 3391 1248 3424 bus
1265 3388 1506 3433 exemplaribus
1524 3389 1654 3433 legitur,
1675 3398 1706 3422 et
1720 3389 1801 3422 bene
1819 3388 1930 3422 habet
