2507 3673
836 216 876 244 iu
918 213 1187 244 νΛιιΛΒοιΑΜ
1223 214 1282 243 DE
1320 214 1433 244 rice.
2073 198 2163 257 740

90 295 306 345 παραδείσῳ,
329 294 390 339 τὴν
412 294 592 345 ἷσάγγελον
614 294 719 340 ζωὴν,
742 295 802 340 τὴν
823 302 881 336 τοῦ
902 295 1112 350 παραδείσου
1185 294 1254 331 ritu
1276 302 1476 331 contextam
1498 293 1646 343 largitus
1666 302 1716 330 est
1734 293 1898 331 :arefecit
1925 293 2083 330 ficulnea:
2106 293 2162 329 fo-

90 346 233 398 τρυφὴν,
249 347 311 392 τὴν
331 349 391 392 τῆς
415 346 607 398 ἀφθαρσίας
630 347 766 393 στολήν.
1151 376 1154 379 «
1184 345 1248 393 lia,
1269 354 1302 382 et
1321 345 1475 382 restituit
1500 345 1565 382 tibi
1591 344 1717 382 animae
1746 345 1868 395 spolia.
1886 345 2058 390 Quaenam
2078 358 2162 396 spo-

1184 397 1252 435 lia?
1261 397 1403 443 Quibus
1419 406 1450 435 te
1466 410 1606 449 serpens
1623 397 1657 434 in
1674 396 1840 448 paradiso
1858 397 2036 448 spoliavit,
2046 411 2158 447 aequa-

1185 450 1254 486 lem
1272 449 1407 500 angelis
1436 449 1562 500 vitani,
1585 449 1741 502 paradisi
1764 448 1922 496 delicias,
1942 450 2068 486 stolam
2094 449 2165 485 im-

1185 502 1425 539 mortalitatis.

145 559 235 595 Ἀλλ’
265 559 508 608 ἐπανέλθωμεν
530 558 586 596 ἐπὶ
617 559 657 597 τὸ
678 558 874 612 κεφάλαιον.
909 557 1013 610 Πρωὶ·
1029 556 1109 608 γὰρ,
1240 556 1276 593 2.
1293 556 1431 593 Verum
1446 554 1490 592 ad
1504 555 1680 607 parabolae
1693 570 1729 593 ca
1735 565 1797 607 put
1808 555 2169 593 i·evertamur.]l[ane

94 611 206 662 φησὶν,
234 610 457 649 ίἰ-Ξπανελθιὶιν
480 613 497 647 ὁ
511 610 645 657 Ἰησοῦς
667 614 715 655 εἰς
728 612 791 658 τὴν
807 610 921 657 πόλιν,
938 609 1108 647 ἐπείνασε.
1185 606 1375 658 siquidem,
1396 608 1524 658 inquit,
1548 617 1741 646 revertens
1756 610 1870 646 Jesus
1897 611 1937 644 in
1957 609 2166 651 civitatem,

93 661 206 715 Πρωῒ,
227 663 315 713 μετὰ
334 664 373 701 τὸ
400 663 462 710 τὴν
489 662 595 700 νύκτα
617 668 679 711 τῆς
701 663 834 708 πλάνης
854 662 1110 713 παραδραμεῖν,
1185 663 1328 698 esuriit.
1358 662 1491 706 stlane,
1517 670 1706 712 postquam
1737 661 1866 699 erroris
1893 674 1964 698 nox
1994 659 2171 711 praeterie-

92 717 151 753 καὶ
176 715 231 753 τὸν
257 716 376 768 ὄρθρον
400 716 549 768 Χριστὸν
576 717 616 754 τὸ
644 719 706 762 τῆς
736 714 958 757 ἀναστάσεως
989 714 1112 766 φέγγος
1185 721 1262 761 rat,
1290 721 1323 750 et
1353 712 1557 750 diluculum
1591 713 1755 751 Christus
1787 712 1920 751 mundo
1953 712 2087 750 lumine
2116 726 2172 748 re-

94 767 243 820 αὐγάσαι
264 771 314 822 τῷ
334 769 477 820 κόσμῳ·
498 768 616 819 ὄρθρος
636 768 703 820 γὰρ
719 772 736 806 ὁ
760 767 929 818 Χριστὸς,
953 767 1112 818 καθάπερ
1186 765 1412 803 surrectionis
1431 765 1599 803 illuxerat
1621 781 1629 802 :
1649 766 1851 804 diluculum
1870 765 1965 803 enim
1986 773 2036 803 est
2060 763 2171 802 Chri—

94 821 196 872 ’ρησὶν
225 823 242 858 ὁ
276 822 473 873 προφήτης·
512 820 573 863 Ὡς
602 821 722 873 ὄρθρον
753 819 891 869 ἕτοιμον
921 819 1112 870 εὑρήσομεν
1187 827 1275 867 stus,
1294 827 1400 870 prout
1425 818 1475 855 ait
1501 818 1695 870 propheta:
1717 820 1838 869 Quasi
1865 818 2080 856 diluculum
2097 831 2171 868 pa—
2191 832 2264 856 om
2294 828 2322 855 (ἡ.
2341 831 2356 857 j

96 874 209 912 αὐτόν.
229 874 331 926 Πρωῒ
351 873 532 924 ἐπανάγων
552 876 570 910 ὁ
586 875 733 919 Ἰησοῦς.
758 870 873 924 Πρωῒ,
895 871 984 922 μετὰ
1003 872 1042 909 τὸ
1055 871 1112 909 τὸν
1187 879 1317 908 ratum
1338 873 1556 909 invenimus
1576 886 1674 909 eum.
1696 873 1817 909 Mane
1835 879 2028 909 revertens
2048 871 2171 908 Jesus.

95 926 381 978 σκοτεινόμορφον
402 926 547 963 θάνατον
573 928 623 976 τῷ
648 925 738 976 φωτὶ
761 927 824 970 τῆς
843 925 942 971 δόξης
960 925 1112 976 Χριστοῦ
1187 924 1311 971 Mane,
1333 937 1416 961 cum
1443 933 1592 961 mortem
1622 924 1783 962 tenebras
1814 924 2036 963 invehentem
2064 922 2173 960 Chri—

95 978 408 1030 ἀφανισθῆναι,καὶ
418 977 480 1021 τὰς
494 976 659 1029 ι’χρυσοῦς
676 981 817 1020 ἀκτῖνας
831 976 888 1014 τὸν
904 979 966 1022 τῆς
978 978 1112 1014 ὃικαιο-
1189 984 1264 1013 stus
1288 976 1369 1014 luce
1393 976 1514 1027 gloriae
1545 976 1754 1024 delevisset,
1780 986 1813 1014 et
1842 976 1953 1014 radiis
1979 975 2096 1014 aureis
2123 977 2172 1013 sol

94 1030 196 1077 σύνης
230 1030 326 1076 ἥλιον
366 1032 400 1068 ἐν
433 1037 508 1074 ταῖς
538 1033 606 1067 τῶν
635 1030 888 1081 ἐσκοτισμένων
923 1028 1114 1082 ἀνθρώπων
1185 1028 1333 1079 justitiae
1370 1029 1407 1066 in
1440 1029 1678 1067 obtenebratis
1706 1029 1892 1067 hominum
1920 1029 2089 1068 cordibus
2117 1042 2174 1065 rc-

94 1082 251 1136 καρδίαις
285 1083 508 1135 οε-Ξλλάμψαι·
541 1081 657 1135 πρωῒ,
694 1083 783 1133 μετὰ
814 1083 854 1120 τὸ
898 1082 961 1125 τὰς
987 1082 1116 1134 θερμὰς
1141 1081 1164 1111 C
1191 1081 1510 1132 fulsisset:mane,
1539 1096 1621 1120 cum
1648 1083 1798 1120 calentes
1828 1082 2028 1120 divinitatis
2058 1080 2176 1118 radios

95 1138 235 1180 ἀκτῖνας
255 1137 317 1182 τ’ἧς
337 1137 498 1182 θεότητος
519 1136 724 1184 ἐκπετάσαι,
744 1135 880 1179 καὶτὰς
899 1135 1114 1188 νενεκρωμέ-
1188 1133 1413 1185 diffudisset,
1447 1144 1482 1172 et
1513 1144 1651 1172 enectas
1683 1135 1848 1173 animasa
1868 1135 2012 1173 diabolo
2049 1134 2176 1172 calefe-

93 1204 152 1232 νας
181 1189 246 1227 ὑπὸ
279 1193 339 1226 τοῦ
368 1188 529 1227 διαίόλου
547 1188 664 1262 ἐξοχὰς
695 1190 924 1240 ἐκθερμᾶναι·
948 1190 1024 1226 Οὐκ
1045 1187 1118 1226 ἔστι
1192 1186 1294 1224 cisset
1314 1202 1322 1223 :
1341 1209 1357 1224 ,ι
1374 1189 1432 1225 ⁷012
1453 1196 1507 1225 est
1521 1191 1622 1225 enim
1635 1191 1702 1239 qui
1717 1202 1756 1226 se
1775 1189 1988 1226 abscondat
2008 1202 2032 1225 a
2048 1187 2177 1225 calore
2193 1202 2278 1229 zmil.
2296 1198 2376 1237 ¹5<-

94 1241 160 1293 γὰρ
185 1242 220 1285 ὃς
245 1242 530 1292 ἀποκρυὸήσεται
572 1245 633 1287 τῆς
660 1241 789 1292 Θέρμης
822 1243 938 1278 αὐτοῦ.
972 1243 1028 1292 Τῇ
1050 1239 1117 1293 γὰρ
1191 1241 1286 1292 ejus.
1302 1239 1553 1291 Frigidissimo
1582 1254 1736 1291 namque
1758 1250 1901 1293 peccato
1926 1240 2090 1278 diabolus
2109 1239 2176 1278 ho—

93 1295 296 1346 ψυχροτάτῃ
332 1295 488 1347 ἁμαρτίᾳ
518 1297 535 1332 ὁ
563 1293 721 1337 διάὸολος
749 1293 812 1337 τὰς
832 1297 900 1331 τῶν
925 1293 1116 1344 ἀνθρώπιον
1191 1292 1330 1330 minum
1343 1292 1451 1331 corda
1469 1293 1640 1332 enecavit.
1658 1293 1899 1339 Quamobrem
1911 1302 2076 1345 precatur
2090 1306 2177 1344 pro-

94 1346 237 1398 καρδίας
266 1347 465 1399 ἐνέκρωσεν.
496 1346 603 1385 ςὈθεν
622 1347 836 1398 ὃπροερήτης
855 1345 1040 1398 ἐπεύχεται
1058 1345 1117 1383 λε’-
1190 1345 1309 1396 pheta,
1320 1344 1440 1383 dicens
1465 1361 1472 1381 z
1501 1348 1577 1383 Ure
1600 1360 1710 1384 renes
1738 1360 1853 1392 meos,
1881 1354 1918 1383 et
1945 1360 2011 1383 eor
2038 1359 2174 1383 meum.
2191 1351 2375 1379 Psal.23.z.

93 1415 162 1449 γων
179 1415 185 1422 ·
214 1399 384 1452 Πύρωσον
409 1399 487 1443 τοὺς
515 1399 656 1450 νεφρούς
689 1415 753 1449 μου
770 1427 779 1444 ,
803 1398 863 1437 καὶ
889 1398 951 1444 τὴν
970 1397 1116 1451 καρδίαν
1191 1397 1377 1447 Siquidem
1393 1398 1726 1450 frigoreimpietatis
1739 1399 1895 1436 humana
1916 1408 2042 1436 natura
2061 1398 2176 1436 omnis

95 1468 171 1501 μου.
206 1454 340 1505 Κρυμῷ
367 1453 434 1505 γὰρ
458 1451 619 1495 ἀσεὸείας
637 1458 736 1490 πᾶσα
756 1455 778 1497 ἦ
803 1451 1028 1502 ἀνθρωπότης
1045 1450 1117 1489 ἐδέ-
1191 1449 1380 1487 constricta
1405 1459 1490 1487 erat.
1511 1450 1595 1488 Ideo
1620 1452 1803 1503 prophetae
1830 1465 1949 1489 omnes
1968 1465 2038 1488 uno
2058 1450 2177 1488 animo

94 1506 180 1542 δετο.
211 1506 274 1542 Διὸ
301 1505 428 1548 πάντες
453 1508 484 1543 οἱ
515 1506 693 1556 προφῆται
719 1503 938 1554 ὁμοθυμαδὸν
967 1503 1117 1554 ηὔχοντο
1190 1503 1753 1552 Deumobsecrabant,dicentes:
1773 1505 1974 1550 Converte,
1992 1505 2172 1551 Domine,
2196 1516 2278 1543 Psul.
2307 1514 2375 1543 123.

92 1558 178 1609 πρὸς
204 1557 261 1595 τὸν
292 1558 382 1596 Θεὸν
416 1557 584 1608 λέγοντες·
607 1556 840 1609 Ἐπίστρεψσν
853 1584 863 1600 ,
897 1555 1022 1607 Κύριε,
1053 1555 1115 1602 τὴν
1190 1557 1457 1606 captivitatem
1473 1564 1658 1603 nostram,
1671 1559 1771 1594 sicut
1790 1565 1938 1594 torrens
1952 1559 1994 1594 in
2013 1565 2144 1594 austro
2161 1573 2171 1592 :
2189 1558 2218 1593 4·

93 1610 341 1663 αἰχμαλωσίαν
375 1613 498 1661 ἡμῶν,
532 1612 578 1653 ὡς
611 1609 825 1662 χειμάρρους
857 1611 890 1647 ἐν
924 1611 974 1660 τῷ
1006 1607 1115 1660 νότῳ·
1189 1607 1258 1644 hoc
1278 1616 1343 1657 est,
1365 1607 1681 1653 Quemadmodum
1708 1608 1846 1646 calidus
1869 1617 1988 1646 auster
2007 1608 2070 1646 ubi
2089 1622 2174 1646 eon—

653 1662 661 1674 x

93 1663 282 1710 τουτέστιν,
309 1662 428 1715 ὥσπερ
447 1662 543 1706 νότος
563 1666 686 1714 θερμος
705 1661 915 1704 ἐπιπνεύσας
934 1661 978 1699 τὰ
996 1677 1116 1712 παγω-
1191 1660 1322 1711 gelatas
1347 1674 1458 1711 aquas
1485 1661 1710 1713 perflaverit,
1738 1662 1784 1699 ad
1805 1661 1962 1714 priorem
1986 1676 2086 1712 aquae
2107 1675 2174 1698 na-

93 1717 193 1754 θέντα
213 1715 321 1754 ὕδατα
340 1718 388 1759 εἷς
406 1715 469 1763 τὴν
484 1715 655 1768 προτέραν
677 1714 778 1767 φύσιν
800 1717 858 1752 τοῦ
879 1714 1002 1757 ὕδατος
1022 1715 1113 1751 ἐπα-
1190 1721 1309 1750 turam
1333 1727 1390 1751 eas
1414 1713 1553 1751 reducit
1571 1729 1578 1749 ε
1598 1714 1677 1766 pari
1699 1714 1805 1753 modo
1837 1729 1900 1752 nos
1928 1729 2068 1765 quoque
2092 1714 2175 1751 dia—

93 1769 189 1819 νάγει
200 1798 209 1816 ,
229 1768 395 1811 ὡσαύτως
422 1768 480 1807 καὶ
507 1771 602 1819 ἡμᾶς
626 1766 705 1810 τοὺς
723 1770 766 1819 τῇ
788 1767 943 1819 ἁμαρτία
961 1771 1022 1805 τοῦ
1041 1767 1114 1804 δια·
1188 1765 1262 1804 boli
1281 1775 1424 1818 peccato
1441 1775 1590 1815 enectos,
1603 1776 1786 1818 tamquam
1802 1776 1920 1805 auster
1933 1767 2071 1805 calidus
2090 1782 2176 1819 per-

93 1821 195 1859 6'07012
214 1821 445 1874 νεκρωθέντας
459 1849 468 1867 ,
492 1824 538 1864 ὡς
556 1819 651 1863 νότος
667 1821 790 1873 θερμὸς
805 1819 1036 1867 ἐπιπνεύσας,
1057 1819 1114 1857 ἐπὶ
1189 1819 1278 1856 flans
1292 1819 1328 1856 in
1343 1819 1528 1869 antiquam
1541 1819 1818 1858 immortalitatis
1832 1830 1996 1858 naturam
2008 1819 2174 1858 restituit.

92 1873 155 1920 τὴν
175 1876 324 1927 ἀρχαίαν
346 1874 445 1925 φύσιν
468 1876 531 1919 τῆς
551 1873 743 1925 ἀφθαρσίας
760 1873 984 1917 ἀνακαινίζει.
1018 1872 1111 1910 Ταύ-
1139 1879 1163 1907 D
1190 1871 1290 1909 Hanc
1307 1871 1462 1909 calidam
1482 1872 1593 1910 austri
1614 1873 1881 1925 respirationem
1900 1887 2027 1925 sponsa
2045 1873 2174 1910 Eccle—
2204 1884 2212 1891 ‘

91 1942 154 1972 την
182 1927 244 1973 τὴν
265 1927 396 1978 θερμὴν
424 1926 624 1964 ἐπίπνευσιν
644 1930 704 1963 τοῦ
729 1925 827 1964 νότου
845 1926 925 1964 exal
952 1928 973 1971 ἡ
995 1924 1110 1976 νύμφη
1189 1924 1239 1963 sia
1260 1924 1297 1961 in
1319 1924 1475 1962 Canticis
1501 1925 1732 1963 Canticorum
1746 1926 1909 1975 advocat,
1928 1926 2048 1964 dicens
2064 1942 2071 1962 :
2086 1927 2173 1964 Esc-
2194 1937 2269 1966 Cam
2292 1940 2301 1976 ς
2329 1942 2372 1969 ιιῑ,

90 1980 242 2031 Χριστοῦ
276 1979 475 2025 Ἰἐκκλησία
508 1980 541 2016 ἐν
572 1985 642 2022 τοῖς
661 1977 821 2034 ᾌσμασι
846 1980 914 2016 τῶν
944 1978 1111 2029 ᾀσμάτων
1189 1991 1314 2029 surge,
1337 1978 1484 2029 aquilo,
1508 1987 1545 2015 et
1572 1981 1678 2025 veni,
1707 1988 1849 2025 auster,
1871 1979 1993 2033 perfla
2022 1980 2174 2017 hortum

131 2108 144 2121 ὃ
169 2097 269 2131 Savil.
301 2106 334 2129 et
363 2105 428 2129 tres
455 2097 531 2130 MSS.
561 2102 739 2138 ἐπανελθών,
779 2096 895 2129 Morel.
935 2102 1099 2139 ἐπανάγων.
1201 2097 1213 2115 ‘¹
1239 2097 1249 2137 [
1268 2095 1417 2129 Savil.et
1438 2095 1521 2128 Bibl.
1543 2104 1595 2135 τὴν
1615 2103 1726 2140 θέρμη-ι
1743 2101 1841 2130 αὑτοῦ.
1862 2096 1952 2128 Infra
1975 2096 2075 2129 Savil-
2102 2108 2169 2128 Oin-

87 2148 176 2183 Ibid.
192 2149 292 2182 Savil.
310 2158 343 2182 et
359 2148 457 2182 iidem
471 2150 548 2184 MSS.
565 2154 580 2184 ὸ
595 2150 705 2189 Ῐησοῦς,
722 2155 865 2184 ἐπείνασε.
1159 2149 1377 2191 ὀμοθυμαῧόν.]

132 2202 147 2225 b
171 2202 182 2242 [
197 2200 485 2245 58Υὶ1.χ,ωσσειόεῖς
499 2208 582 2241 arm,
600 2200 730 2234 omissis
748 2206 798 2235 τὸν
813 2210 865 2239 τῆς
881 2203 906 2234 ὃ.
929 2199 1038 2244 zlava]
1202 2207 1213 2219 ⁰
1238 2201 1249 2242 [
1267 2199 1370 2233 Savil.
1383 2205 1400 2237 ἡ
1417 2204 1493 2237 καλὴ
1510 2203 1605 2245 vlup-r.
1624 2209 1659 2233 X.
1679 2199 1715 2233 123.
1740 2205 1952 2246 προσκαλεῖται
1970 2206 1997 2234 ἐν
2014 2209 2073 2238 τοῖς
2089 2216 2117 2232 ⁷..
2140 2216 2166 2234 τ,

131 2264 143 2277 e
166 2254 176 2295 [
195 2252 295 2287 Savil.
310 2254 489 2298 ἐιλεέμψαιᾸ
1161 2258 1180 2294 ᾴ
1211 2255 1345 2294 λέγουσί
1362 2255 1413 2291 fif·
1431 2257 1478 2295 (3.,
1496 2256 1542 2285 καὶ
1557 2252 1674 2297 ἔρχοι]

766 2388 1034 2430 SEVERIANI
1063 2386 1488 2427 INTERPRETATIO.

89 2503 200 2541 uvias.
226 2503 324 2550 Quas
340 2505 513 2543 exuvias?
537 2505 634 2552 Quas
659 2519 800 2557 serpens
825 2505 993 2558 spoliavit
1010 2506 1047 2544 in
1065 2503 1233 2561 paradiso
1262 2503 1459 2555 voluptatis
1472 2508 1497 2552 ³,
1519 2503 1646 2540 stolam
1678 2503 1967 2555 incorruptionis.
1989 2504 2161 2542 Caeterum

88 2555 274 2594 redeamus
289 2557 324 2594 in
342 2565 491 2595 textum.

143 2610 264 2647 frIane
287 2623 372 2647 cum
398 2612 470 2648 iret
485 2611 598 2649 Jesus
615 2613 656 2648 in
676 2613 888 2658 civitatem,
917 2614 1088 2650 esurivit.
1109 2611 1301 2660 Postquam
1329 2608 1501 2646 nimirum
1529 2607 1722 2646 transiisset
1751 2608 1879 2646 erroris
1898 2621 1985 2659 nox,
2008 2618 2041 2647 et
2060 2624 2162 2648 mane

89 2660 222 2712 ipsum,
244 2661 385 2700 Christo
404 2676 528 2715 nempe
545 2672 763 2715 resurgente,
782 2663 963 2701 radiorum
981 2664 1140 2703 claritate
1154 2662 1310 2700 donabat
1329 2660 1505 2698 mundum
1516 2675 1527 2709 ;
1549 2673 1653 2698 mane
1672 2660 1766 2698 enim
1784 2670 1858 2698 erat
1873 2660 2052 2711 Christus,
2070 2663 2160 2701 sieut

90 2723 124 2751 et
144 2714 314 2766 propheta
338 2715 441 2766 dicit,
467 2718 680 2768 Tamquam
696 2731 812 2754 mane
826 2725 1009 2768 paratum
1028 2719 1266 2755 inveniemus
1286 2728 1383 2752 eum.
1404 2714 1526 2750 stIane
1545 2715 1627 2750 ibat
1645 2713 1771 2752 Jesus.
1791 2714 1968 2752 Matutino
1986 2723 2156 2768 tempore,

94 2775 280 2817 postquam
311 2778 501 2807 evanuerat
530 2769 756 2807 tenebrarum
788 2769 911 2807 formae
948 2783 1044 2807 mors
1062 2783 1125 2821 per
1142 2769 1262 2806 lumen
1283 2766 1407 2817 gloriae
1433 2765 1590 2814 Christi,
1613 2774 1720 2816 atque
1751 2780 1941 2804 aureorum
1974 2767 2156 2805 radiorum

90 2818 258 2870 splendor
273 2820 356 2859 solis
366 2821 515 2873 justitiae
532 2822 740 2860 hominibus
759 2821 797 2859 in
816 2821 969 2860 tenebris
988 2821 1191 2860 sedentibus
1211 2819 1370 2868 refulsit,
1387 2827 1420 2856 et
1446 2831 1548 2855 mane
1570 2818 1703 2856 calidos
1724 2819 1841 2857 radios
1859 2819 2060 2858 divinitatis
2083 2820 2156 2858 dis-

89 2871 197 2921 fudit,
227 2872 431 2924 animasque
449 2889 468 2912 a
488 2874 631 2912 diabolo
657 2883 817 2913 enecatas
848 2875 1018 2913 calefecit.
1037 2874 1217 2922 Quoniam
1235 2873 1358 2910 Nemo
1389 2879 1456 2917 est,
1480 2873 1547 2922 qui
1575 2872 1833 2910 occultabitur
1854 2886 1880 2910 a
1900 2873 2029 2910 calore
2058 2876 2153 2925 ejus.

91 2923 393 2976 Quandoquidem
416 2941 479 2979 per
509 2927 660 2979 glaciem
690 2927 826 2980 peccati
868 2927 1035 2966 diabolus
1078 2925 1183 2964 corda
1226 2923 1413 2962 hominum
1457 2923 1630 2972 enecavit,
1652 2923 1733 2962 ideo
1747 2924 1919 2976 propheta
1939 2925 2082 2976 orabat,
2100 2926 2155 2964 di-
2169 2933 2215 2962 423

52 2986 55 2987 ’
91 2991 172 3015 cens
191 2993 200 3013 :
219 2980 417 3030 Ignescere
425 2981 502 3032 sac
521 2994 630 3019 renes
645 2994 748 3019 meos
767 2989 804 3018 et
819 2994 886 3019 cor
900 2994 1039 3018 meum.
1066 2977 1255 3028 Siquidem
1271 2990 1334 3028 per
1349 2975 1432 3027 gelu
1453 2975 1644 3027 impietatis
1662 2977 1828 3016 universa
1850 2977 2052 3016 humanitas
2073 2992 2156 3017 con—

91 3030 213 3068 stricta
228 3039 294 3081 est,
315 3040 348 3068 et
363 3041 549 3084 propterea
574 3034 756 3086 prophetae
782 3046 901 3070 omnes
928 3031 1037 3070 simul
1066 3030 1302 3082 precabantur
1320 3030 1450 3078 Deum,
1479 3028 1634 3067 dicentes
1655 3045 1663 3066 τ
1681 3031 1869 3068 Converte
1891 3033 2157 3082 captivitatem

93 3091 265 3122 nostram
280 3086 379 3122 sicut
393 3093 540 3123 torrens
558 3088 608 3123 ab
625 3095 770 3124 austro.
789 3086 865 3123 Hoc
881 3093 943 3134 est,
961 3084 1061 3122 Sicut
1074 3091 1190 3120 auster
1220 3080 1333 3119 calide
1348 3081 1485 3133 spirans
1498 3095 1626 3133 aquam
1642 3083 1794 3133 gelatam
1809 3082 1845 3120 in
1858 3082 2045 3134 pristinam
2059 3098 2157 3134 aquae

92 3144 256 3174 naturam
277 3136 436 3186 reducit;
452 3137 616 3176 similiter
632 3152 711 3189 nos,
732 3147 915 3188 tamquam
942 3135 1077 3174 diaboli
1097 3135 1250 3186 frigore,
1273 3143 1416 3186 peccato
1436 3143 1616 3184 mortuos,
1637 3136 1728 3173 sicut
1748 3144 1865 3173 auster
1890 3135 2003 3173 calide
2020 3137 2157 3186 spirans

92 3188 128 3225 in
148 3188 336 3240 pristinam
355 3198 519 3228 naturam
537 3205 583 3228 ex
600 3191 825 3243 corruptione
854 3189 950 3227 calor
967 3189 1032 3227 iste
1050 3187 1236 3227 convertit.
1260 3188 1314 3225 De
1331 3186 1418 3225 flatu
1437 3195 1555 3224 autem
1577 3188 1724 3225 australi
1743 3188 1847 3225 etiam
1878 3201 2001 3239 sponsa
2025 3188 2158 3225 Christi

92 3240 253 3279 Ecclesia
266 3241 302 3279 in
320 3242 475 3280 Canticis
489 3242 718 3281 Canticorum
735 3243 877 3291 clamat,
893 3241 1032 3279 dicens:
1051 3241 1180 3292 Surge,
1196 3253 1317 3292 surge,
1330 3240 1476 3291 aquil0,
1500 3248 1534 3279 et
1552 3243 1657 3282 veni,
1681 3249 1821 3285 auster,
1843 3241 1936 3292 ityla
1951 3243 1989 3276 in
2008 3241 2159 3279 scortum

94 3306 233 3341 meum,
248 3303 285 3333 et
295 3295 512 3348 olefaciant
523 3304 702 3334 aromata
715 3309 811 3334 mea.

139 3402 180 3445 (ἃ)
205 3403 305 3437 Addit
329 3406 386 3438 Gr.
404 3407 568 3450 oequalem
586 3407 715 3450 angelis
733 3410 856 3448 vitam,
877 3407 1030 3449 paradisi
1046 3406 1197 3438 delicias.
