2481 3678
302 248 394 308 464

99 349 172 377 lsai·
192 349 238 379 53.
255 358 281 386 7·
299 346 408 384 Isaias
427 346 501 385 haec
520 348 627 386 simul
645 350 745 401 ponit
762 366 768 386 :
790 351 1004 402 Tamquam
1024 355 1104 390 ovis
1116 353 1168 390 ad
1187 356 1284 390 occi-

297 409 442 445 sionem
470 409 607 447 ductus
634 418 703 456 est,
720 419 753 447 et
772 424 849 460 quae
872 420 1065 461 sequuntur
1086 412 1214 450 omnia.
1237 412 1283 450 Et

298 468 415 506 David
430 469 465 506 in
485 469 637 507 secundo
655 471 811 519 Psalmo,
828 480 861 508 et
874 470 961 508 alibi
981 485 1072 524 saepe
1086 472 1160 511 haec
1178 471 1283 511 ambo

296 529 448 580 copulat.
470 529 672 568 Patriarcha
703 544 842 581 quoque
867 545 948 569 cum
973 530 1073 581 dicit,
1089 534 1281 571 Decidens

293 591 472 629 dormivit
490 590 847 643 utsseomddiditque,
855 593 908 630 Et
922 601 963 630 ut
976 594 1129 632 catulus
1141 595 1275 641 leonis,

292 654 376 701 quis
405 654 603 689 suscitabit
632 652 866 690 eumPsimul
892 654 1089 705 passionem
1109 664 1276 693 etresur-

290 711 476 748 rectionem
491 711 679 763 significat.
702 715 840 753 Verum
854 713 893 751 hi
910 725 1091 767 sperantes
1112 730 1148 754 50
1166 716 1219 753 1111
1233 716 1278 754 51-

288 771 435 808 lentium
457 772 684 824 imposituros
700 788 740 812 ac
755 774 1056 814 demonstraturos
1071 776 1190 829 ipsum
1208 790 1276 815 non

287 844 359 869 esse
389 831 584 883 Christum,
606 833 690 872 hinc
721 835 904 873 Christum
938 835 973 873 in
1002 845 1173 874 :eternum
1204 851 1276 875 ma-

287 907 366 931 nere
391 895 613 933 confitentur.
636 897 682 934 Et
701 896 784 937 vide
802 912 908 948 quam
928 899 1093 949 maligne.
1112 901 1192 937 Non
1219 899 1275 937 di-

287 967 415 996 xerunt
439 959 545 1009 enim,
566 961 638 998 Nos
664 961 869 999 audivimus
898 962 993 1013 quod
1024 963 1185 1001 Christus
1203 977 1271 1000 non

285 1034 467 1071 passurus,
486 1035 554 1058 11011
580 1022 842 1073 crucifigendus
867 1023 925 1069 sit,
947 1023 1021 1071 sed,
1048 1025 1160 1075 Quod
1191 1039 1272 1062 ma-

286 1090 349 1118 net
373 1084 414 1118 in
435 1090 631 1120 [eternum.
655 1083 764 1133 Atqui
790 1096 900 1134 neque
928 1083 995 1121 hoc
1021 1084 1158 1121 dictum
1183 1098 1270 1122 con—

273 1141 432 1178 ⁴trarium
454 1151 538 1179 erat.
564 1142 686 1181 Passio
715 1157 866 1194 namque
899 1142 1175 1182 immortalitatis
1202 1157 1271 1183 11011

282 1202 350 1239 suit
380 1202 686 1254 impedimentum.
708 1204 800 1242 Hinc
827 1203 948 1242 videre
973 1204 1054 1242 11001
1078 1205 1189 1243 multa
1214 1219 1272 1243 005

282 1262 426 1301 scivisse
451 1277 528 1314 quae
559 1264 595 1302 in
626 1264 778 1303 dubium
811 1265 932 1304 vocari
964 1275 1142 1318 poterant,
1167 1275 1271 1318 atque

280 1333 403 1376 sponte
430 1338 493 1363 sua
524 1326 735 1377 malignatos
760 1339 843 1364 esse.
890 1326 967 1365 mia
992 1326 1086 1365 enim
1119 1337 1198 1366 ante
1227 1328 1271 1367 de

279 1394 391 1423 morte
413 1385 637 1437 disseruerat,
660 1401 741 1425 cum
772 1387 831 1425 hic
857 1387 1022 1426 audirent
1045 1388 1149 1426 illum
1168 1388 1267 1426 exal-

279 1445 426 1484 tandum
454 1460 538 1497 esse,
557 1447 626 1486 hoc
653 1447 820 1500 suspicati
850 1457 942 1487 sunt.
964 1448 1102 1487 Deinde
1132 1449 1267 1499 dicunt,

282 1508 376 1556 Quis
398 1517 453 1547 est
479 1511 549 1547 iste
573 1510 701 1548 Filius
732 1510 898 1548 hominis
912 1515 928 1548 P
947 1510 993 1548 Et
1013 1511 1080 1548 hoe
1101 1510 1267 1561 maligne.

279 1568 331 1604 Ne
350 1578 466 1620 putes,
484 1569 662 1621 inquiunt,
679 1585 741 1608 nos
762 1569 807 1609 de
832 1580 867 1609 10
895 1571 963 1609 1100
983 1571 1110 1619 dicere,
1131 1585 1198 1609 neu
1215 1571 1269 1609 di-

278 1641 347 1677 eas,
363 1642 425 1666 nos
455 1630 650 1668 inimicitiae
677 1644 781 1669 causa
806 1631 872 1669 tibi
902 1631 1152 1670 contradicere.
1176 1632 1269 1671 Ecce

278 1690 453 1728 nescimus
477 1691 522 1729 (10
546 1706 617 1743 quo
643 1691 813 1743 loquaris,
833 1703 866 1731 et
893 1702 1008 1731 tamen
1024 1694 1100 1731 haec
1118 1695 1265 1746 proferi-

77 1750 154 1797 ΜΡΥΕ
179 1749 265 1777 Clu-i·
279 1765 370 1789 mus.
394 1752 494 1800 Quid
524 1767 606 1805 ergo
633 1754 820 1792 Christus?
839 1756 939 1807 Ipsos
963 1755 1131 1804 confutat,
1153 1766 1266 1794 osten-

76 1793 266 1869 {·l,¹;1¹¹4¹3'1¹10,‘,',l[
277 1813 403 1864 ditque
421 1816 618 1867 passionem
639 1815 729 1852 nihil
748 1816 868 1853 obesse
888 1817 1078 1867 quominus
1100 1817 1173 1868 ipse
1190 1831 1265 1855 ma-

75 1884 140 1920 ”215
166 1884 264 1901 ’Μηθ-
280 1885 358 1912 neat
383 1876 418 1913 in
447 1877 711 1913 aete1·n11m.55.
736 1877 894 1923 Adhuc,
918 1877 1047 1927 inquit,
1073 1879 1263 1916 modicum

75 1919 265 1984 :2²¹¹:1fl10f-
280 1946 425 1990 tempus
448 1939 577 1976 lumen
602 1942 643 1975 in
671 1940 782 1976 vobis
798 1948 870 1984 est;
887 1939 1093 1990 significans
1113 1949 1263 1979 mortem

276 2011 376 2035 suam
405 2012 478 2036 esse
508 1998 782 2036 translationem.
804 2000 893 2037 Nam
915 1999 981 2038 lux
1009 2000 1094 2038 solis
1115 2015 1183 2039 non
1203 2016 1263 2040 ex-

273 2058 478 2109 stinguitur,
487 2058 547 2097 sed
561 2073 673 2110 parvo
685 2067 840 2111 tempore
855 2060 1030 2111 secedens,
1044 2076 1187 2100 rursum
1201 2076 1262 2115 ap-

272 2128 382 2170 paret.
401 2118 616 2157 Ambulate
634 2121 725 2157 dum
742 2121 866 2158 lucem
885 2122 1049 2160 habetis.
1076 2122 1185 2170 Quod
1202 2123 1262 2161 hic

272 2188 412 2232 tempus
425 2179 584 2219 indicat?
599 2195 643 2218 an
667 2189 777 2219 totam
799 2182 891 2220 hanc
907 2182 1044 2221 vitam?
1057 2197 1103 2221 an
1122 2192 1261 2236 tempus

272 2251 352 2280 ante
372 2243 536 2281 crucem?
552 2245 753 2295 Utrumque
781 2244 944 2282 arbitror.
967 2244 1033 2283 Ob'
1044 2244 1261 2284 ineffabilem

272 2302 366 2341 enim
391 2305 467 2356 ejus
485 2304 750 2356 benignitatem,
774 2305 877 2343 multi
897 2305 1004 2343 etiam
1023 2315 1103 2358 post
1122 2320 1261 2345 crucem

272 2364 508 2404 crediderunt.
529 2366 616 2403 Haee
642 2380 749 2418 porro
781 2366 868 2404 dicit
887 2375 926 2404 ut
950 2366 1030 2405 illos
1048 2366 1094 2405 ad
1118 2367 1261 2406 creden-

271 2425 359 2463 dum
384 2427 547 2476 concitet,
570 2436 609 2465 ut
633 2427 740 2465 etiam
768 2427 930 2480 superius
952 2427 1034 2466 fecit
1054 2428 1103 2466 ita
1123 2428 1257 2480 dicens,

74 2486 419 2537 ¹71,ffl1,7‚33‚Adhuc
448 2489 638 2526 modicum
668 2496 815 2540 tempus
838 2490 1039 2527 vobiscum
1061 2502 1159 2527 sum.
1187 2490 1262 2541 Qui

275 2550 449 2587 ambulat
469 2553 511 2587 in
530 2552 708 2595 tenebris,
729 2553 847 2588 nescit
868 2562 943 2602 quo
965 2551 1103 2589 vadat.
1119 2551 1260 2597 Quanta

274 2623 367 2647 nuuc
395 2610 511 2649 Judaei
536 2611 736 2661 ignorantes
762 2610 908 2660 faciunt,
923 2625 964 2649 ac
990 2611 1019 2649 si
1050 2612 1088 2650 in
1109 2611 1261 2650 tenebris

274 2670 513 2710 ambularent!
550 2670 729 2710 Videntur
760 2671 829 2709 sibi
860 2680 954 2709 recta
986 2671 1147 2710 incedere
1176 2672 1256 2721 via,

275 2730 362 2768 dum
399 2733 568 2770 contraria
611 2732 826 2784 procedunt,
846 2732 1036 2771 sabbatum
1060 2743 1258 2784 servantes,

275 2801 307 2829 et
334 2792 445 2843 legem
476 2794 706 2844 ciborumque
731 2793 1017 2844 observationes3
1040 2803 1075 2832 et
1100 2794 1259 2832 nesciunt

274 2852 334 2890 ubi
358 2854 552 2890 ambulent.
576 2854 660 2891 Ideo
698 2853 863 2892 dicebat:
884 2855 949 2893 56.
981 2854 1197 2893 Ambulate
1216 2858 1259 2893 in

72 2925 157 2952 Jwan.
176 2927 256 2956 1.13,
275 2914 381 2962 luce,
408 2916 553 2967 111βίἰί
587 2916 683 2953 lueis
713 2918 821 2961 sitis;
843 2915 880 2953 id
901 2925 968 2965 est,
990 2916 1058 2954 filii
1080 2916 1160 2955 mei.
1194 2919 1257 2955 At-

272 2975 333 3026 qui
356 2976 390 3013 111
409 2975 583 3027 principio
603 2976 718 3026 inquit
741 2977 954 3027 evangelista
969 2992 976 3014 :
993 2979 1082 3016 Non
1098 2993 1146 3016 ex
1165 2992 1256 3016 san-

267 3038 469 3089 guinibus,
494 3051 614 3088 neque
650 3052 697 3073 ea:
726 3038 931 3075 voluntate
954 3042 1100 3086 earnis,
1123 3040 1191 3077 sed
1208 3054 1254 3077 ea:

269 3098 353 3135 Deo
372 3099 456 3134 nati
469 3105 576 3141 sunt,·
593 3095 630 3134 id
643 3105 706 3144 cst,
725 3110 768 3134 ex
790 3099 892 3135 Patre
910 3113 916 3133 :
935 3098 995 3136 1110
1017 3113 1101 3138 vero
1116 3099 1192 3150 ipse
1213 3099 1252 3136 il-

267 3158 320 3195 los
336 3157 479 3209 gignere
492 3156 635 3206 dicitur,
653 3165 690 3193 ut
706 3156 793 3193 scias
806 3170 912 3194 unam
926 3172 998 3195 csse
1013 3159 1251 3209 operationem

267 3219 381 3256 Patris
396 3227 427 3256 et
444 3218 538 3255 Filii.
557 3219 651 3255 Jlaec
669 3218 848 3268 loquutus
867 3218 1110 3266 Jeszcs‚abi1·t‚
1122 3228 1157 3256 el
1176 3222 1250 3256 ub-

744 267 778 297 S.
816 268 1001 300 JOANMS
1037 270 1280 301 CllRYSOST·

99 530 171 556 ‘twa
192 531 226 569 'm
250 540 278 568 0.

1288 992 1334 1018 405

1301 1029 1324 1057 A
1351 1026 1581 1073 σταυροῦται,
1606 1024 1704 1069 ἀλλ’,
1723 1022 1809 1061 Ὅτι
1829 1023 1924 1074 με’νει
1955 1026 2001 1068 εἷς
2019 1025 2076 1063 τὸν
2105 1027 2214 1063 αἰῶνα
2228 1041 2236 1049 ·
2257 1024 2370 1063 καίτοι

1324 271 1528 301 Ancum-31).
1569 272 1930 303 CONSTANTINOP-

1360 353 1429 391 Καὶ
1451 354 1517 406 γὰρ
1537 352 1684 398 Ἡσαΐας
1701 354 1775 405 ἅμα
1805 358 1915 393 ταῦτα
1936 356 2086 402 τίθησιν,
2110 355 2170 400 Ὡς
2203 357 2376 411 πρόὸατον

1358 413 1414 452 ἐπὶ
1434 413 1568 466 σφαγὴν
1585 414 1697 466 ἤχθη,
1717 413 1840 465 λέγων,
1869 416 1927 453 καὶ
1955 416 1998 454 τὰ
2031 415 2106 462 ἑξῆς
2127 415 2275 456 ἅπαντα.
2309 419 2378 456 Καὶ

1357 477 1374 512 ὁ
1390 467 1499 512 Δαυὶδ
1516 478 1549 514 ἐν
1571 477 1621 527 τῷ
1641 474 1788 527 δευτέρῳ
1809 477 1957 528 ψαλμῷ,
1977 476 2035 515 καὶ
2057 477 2212 530 ἀλλαχοῦ
2241 481 2376 516 πολλα-

1355 540 1418 587 χοῦ
1447 535 1613 575 συνάπτει
1632 540 1739 574 ταῦτα
1760 535 1951 588 ἀμφότερα.
1973 537 2041 575 Καὶ
2063 541 2080 575 ὃ
2104 538 2325 593 πατριάρχης
2341 539 2375 577 δὲ

1322 595 1328 604 ’
1375 598 1384 610 *³
1423 595 1431 611 Χ
1494 596 1503 608 3
1651 596 1660 610 Χ
1717 598 1726 611 ³
1826 597 1836 611 Ι
1918 601 1927 613 ζ
2009 597 2019 613 Ι
2112 599 2122 613 7
2166 599 2175 613 Ι
2324 602 2335 611 V
2364 600 2370 613 1

1308 595 1329 624 h
1356 611 1475 644 ειπων,
1500 599 1691 636 Αναπεσων
1711 600 1881 647 εκοιμηθη
1910 614 1956 641 ως
1979 599 2079 646 λεων,
2107 615 2282 650 επηγαγε·
2304 602 2375 637 lxm

1354 659 1400 701 ὡς
1420 657 1568 708 σκύμνος
1593 658 1745 704 λέοντος,
1764 657 1815 701 τίς
1843 659 1953 710 ἐγερεῖ
1975 659 2093 709 αὐτόν,
2113 659 2227 710 “Ομοῦ
2252 659 2310 697 καὶ
2338 660 2376 710 το

1353 718 1460 762 πάθος
1479 719 1538 756 καὶ
1556 718 1620 765 τὴν
1638 720 1828 758 ἀνάστασιν
1849 719 2070 759 ἐνδείκνυται.
2094 721 2184 758 Ἀλλ’
2207 714 2300 758 οὗτοι
2318 736 2373 759 νο-

1353 778 1506 828 μίζοντες
1527 779 1761 830 ἐπιστομίζειν
1791 780 1892 818 αὐτὸν
1922 780 1980 817 καὶ
2010 781 2182 818 δεικνύναι
2203 783 2264 819 οὐκ
2291 781 2372 819 ὄντα

1351 840 1500 890 Χριστὸν
1520 843 1558 878 ἐκ
1579 841 1715 886 τούτου,
1732 834 1953 891 ὁμολογοῦσιν
1971 840 2023 879 ὅτι
2043 845 2060 880 ὁ
2081 842 2230 895 Χριστὸς
2247 843 2295 886 εἷς
2315 843 2372 881 τὸν

1351 902 1459 938 αἷῶνα
1481 901 1586 952 μένει.
1608 902 1676 940 Καὶ
1693 902 1755 954 ὅρα
1776 905 1849 945 πῶς
1867 901 2080 954 κακούργως.
2101 905 2153 941 Οὔ
2176 902 2244 955 γὰρ
2265 896 2371 951 εἶπον,

1349 959 1401 998 ὅτι
1417 964 1518 1012 ἡμεῖς
1536 962 1734 1012 ἠκούσαμεν
1751 962 1803 1000 ὅτι
1823 965 1840 1000 ὁ
1859 964 2008 1014 Χριστὸς
2022 963 2115 1002 οὐδὲν
2130 965 2278 1016 πάσχει,
2295 964 2371 1003 οὐδὲ

1347 1081 1424 1118 οὐδὲ
1451 1087 1551 1121 τοῦτο
1569 1082 1607 1120 τὸ
1625 1082 1804 1136 εἰρημένον
1822 1084 1974 1122 ἐναντίον
1993 1080 2047 1132 ἦν.
2068 1087 2125 1137 Τῇ
2149 1085 2216 1138 γὰρ
2241 1087 2369 1124 ἀθανα-

1347 1140 1407 1195 σία
1432 1143 1470 1180 τὸ
1496 1142 1604 1186 πάθος
1634 1144 1696 1180 οὐκ
1721 1143 1854 1194 ἐγένετο
1875 1143 2035 1196 κώλυμα.
2069 1145 2248 1185 Ἐντεῦθεν
2276 1147 2367 1185 ἔστιν

1346 1199 1441 1248 ἷδεῖν,
1461 1202 1513 1240 ὅτι
1529 1203 1643 1241 πολλὰ
1657 1206 1726 1241 τῶν
1750 1204 1953 1255 ἀμφιόόλων
1967 1205 2139 1251 συνίεσαν,
2157 1206 2217 1244 καὶ
2234 1206 2367 1249 ἑκόντες

1344 1263 1586 1316 ἐκακούργουν.
1616 1264 1762 1310 Ἐπειδὴ
1789 1264 1856 1316 γὰρ
1883 1265 1967 1317 ἔφθη
2001 1266 2080 1318 περὶ
2110 1267 2256 1305 θανάτου
2290 1266 2368 1306 δια-

1343 1324 1478 1376 λεχθεὶς
1497 1324 1681 1378 ἀνωτέρω,
1707 1325 1916 1370 ἀκούσαντες
1940 1326 1979 1364 τὸ
2001 1329 2179 1379 ὑψωθῆναι
2199 1329 2366 1373 ἐνταῦθα,

1343 1391 1442 1424 τοῦτο
1463 1385 1708 1426 ὑπώπτευσαν.
1732 1381 1821 1426 Εἶτα
1844 1387 2005 1438 λέγουσι·
2027 1387 2092 1432 Τίς
2122 1390 2213 1427 ἐστιν
2234 1383 2330 1433 οὗτος
2349 1394 2366 1428 ὁ

1361 1448 1422 1491 ’ἰὸς
1448 1453 1506 1486 τοῦ
1528 1449 1729 1503 ἀνθρώπους
1753 1449 1824 1488 Καὶ
1839 1453 1942 1489 τοῦτο
1967 1450 2181 1503 κακούργως.
2208 1451 2270 1499 Μὴ
2299 1451 2366 1505 γὰρ

1342 1507 1383 1555 δὴ
1412 1508 1577 1561 νομίσῃς,
1597 1510 1713 1562 φησ1ν,
1734 1510 1786 1549 ὅτι
1803 1511 1882 1563 περὶ
1917 1516 1976 1549 σοῦ
2005 1516 2106 1550 τοῦτο
2124 1512 2283 1563 λέγομεν,
2304 1513 2363 1551 καὶ

1342 1569 1440 1620 εἴπῃς
1459 1568 1509 1607 ὅτι
1539 1570 1583 1607 δι’
1606 1571 1793 1624 ἀπέχθειαν
1821 1571 2079 1623 ἐναντιούμεθα.
2100 1571 2187 1611 Ἰδοὺ
2206 1573 2273 1625 γὰρ
2301 1574 2363 1611 οὐκ

1341 1631 1481 1683 οἴδαμεν
1502 1632 1582 1685 περὶ
1603 1633 1692 1677 τίνος
1721 1632 1853 1684 λέγεις,
1873 1633 1932 1671 καὶ
1963 1632 2057 1684 ὅμως
2088 1633 2360 1686 ἀποφαινόμεθα.

1342 1693 1389 1730 Τι’
1407 1688 1461 1732 οῦν
1483 1697 1499 1732 ὃ
1524 1694 1691 1745 Χριστὸς,
1709 1693 1967 1745 Ἐπιστομίζων
1990 1693 2120 1741 αὐτοὺς,
2130 1694 2189 1732 καὶ
2210 1694 2358 1746 δεικνὺς,

1341 1754 1394 1792 ὅτί
1414 1755 1452 1793 τὸ
1477 1755 1583 1798 πάθος
1603 1755 1699 1793 οὐδὲν
1724 1755 1871 1805 κώλυμα
1891 1754 1976 1806 πρὸς
1995 1754 2034 1792 τὸ
2057 1755 2171 1805 μένειν
2194 1755 2296 1793 αὐτὸν
2317 1757 2364 1798 εἷς

1292 1826 1313 1855 B
1341 1815 1398 1853 τὸν
1419 1817 1545 1863 αἰῶνα,
1563 1815 1666 1863 ”Ιίτι,
1687 1816 1793 1868 φησὶ,
1817 1814 1940 1867 μικρὸν
1971 1815 2093 1867 χρόνον
2122 1814 2162 1852 τὸ
2187 1818 2258 1867 φῶς
2286 1818 2361 1867 μεθ’

1340 1879 1437 1927 ὑμῶν
1458 1878 1553 1915 ἐστι·
1576 1879 1705 1925 δηλῶν,
1727 1877 1779 1915 ὅτι
1805 1880 1823 1915 ὃ
1842 1876 1986 1919 θάνατος
2016 1879 2120 1914 αὐτοῦ
2152 1876 2362 1927 μετάστασίς

1340 1940 1424 1976 ἐστι.
1453 1937 1520 1976 Καὶ
1553 1937 1678 1990 γὰρτὸ
1705 1940 1774 1990 φῶς
1807 1937 1847 1975 τὸ
1868 1937 2010 1984 ἡλιακὸν
2045 1939 2108 1975 οὐκ
2144 1939 2360 1989 ἀναιρεῖται,

1340 1999 1428 2037 ἀλλὰ
1460 2000 1582 2052 μικρὸν
1603 2002 1838 2052 ὑποχωρῆσαν
1868 1997 1974 2036 πάλιν
1994 1998 2163 2050 φαίνεται.
2196 1999 2360 2050 Περιπα-

1338 2066 1428 2097 τεῖτε
1442 2091 1451 2107 ,
1471 2061 1536 2104 ἕως
1551 2060 1590 2098 τὸ
1617 2063 1688 2112 φῶς
1714 2060 1826 2112 ἔχετε.
1857 2061 1964 2098 Ποῖον
1999 2061 2146 2097 ἐνταῦθα
2163 2059 2259 2110 λέγει
2277 2075 2360 2097 και·

1339 2120 1416 2173 ρόν,
1438 2115 1505 2173 ἆρα
1524 2121 1586 2168 τὴν
1607 2125 1786 2173 παροῦσαν
1805 2120 1896 2168 ζωὴν
1916 2120 2068 2166 ἅπασαν,
2087 2120 2109 2166 ἢ
2129 2119 2186 2158 τὸν
2207 2120 2275 2172 πρὸ
2298 2123 2358 2158 τοῦ

1337 2185 1484 2234 σταυροῦ
1504 2180 1649 2233 χρόνον;
1669 2182 1809 2234 ’Ἔγωγε
1828 2175 1926 2232 οἶμαι
1950 2181 2177 2234 ἀμφοτέρους.
2198 2181 2266 2220 Διὰ
2292 2180 2360 2232 γὰρ

1335 2241 1399 2288 τὴν
1420 2242 1549 2294 ἄφατον
1570 2244 1674 2280 αὐτοῦ
1692 2241 1952 2294 φιλανθρωπίαν
1970 2241 2093 2279 πολλοὶ
2111 2241 2170 2280 καὶ
2189 2240 2277 2291 μετὰ
2300 2239 2359 2278 τὸν

1336 2303 1481 2354 σταυρὸν
1508 2303 1728 2342 ἐπίστευσαν,
1749 2303 1855 2355 Λέγει
1875 2302 1909 2340 δὲ
1928 2306 2039 2340 ταῦτα
2057 2302 2271 2351 κατεπείγων
2298 2303 2358 2339 αὖ·

1335 2362 1413 2406 τοὺς
1433 2366 1480 2407 εἰς
1506 2364 1570 2411 τὴν
1591 2364 1721 2412 πίστιν,
1748 2364 1834 2416 ὅπερ
1865 2363 1924 2402 καὶ
1955 2362 2118 2415 ἀνωτέρω
2153 2362 2356 2409 πεποίηκεν,

1336 2424 1425 2462 οὕτω
1440 2424 1562 2476 λέγων,
1578 2426 1660 2464 Ἔτι
1693 2425 1815 2476 μικρὸν
1833 2426 1955 2477 χρόνον
1978 2427 2053 2475 μεθ’
2076 2427 2173 2475 ὑμῶν
2206 2426 2289 2474 εἶμι.
2313 2423 2358 2462 ‘O

1287 2492 1310 2523 C
1335 2488 1538 2536 περιπατῶν
1559 2488 1593 2524 ἐν
1613 2489 1656 2537 τῇ
1675 2486 1884 2539 σκοτίᾳ,οὐκ
1905 2479 1975 2523 οἶδε
2003 2488 2069 2524 ποῦ
2094 2485 2232 2536 ὑπάγει.
2255 2484 2358 2523 Πόσα

1333 2551 1415 2598 γοῦν
1435 2549 1465 2584 οἱ
1483 2545 1648 2585 Ἰουδαῖοι
1678 2550 1737 2584 νῦν
1768 2547 1992 2597 πράττουσιν,
2012 2545 2071 2584 καὶ
2100 2549 2162 2584 οὐκ
2193 2545 2291 2583 ἴσασι
2321 2544 2356 2582 τί

1333 2610 1563 2662 πράττουσιν,
1595 2609 1672 2647 ἀλλ’
1705 2610 1751 2650 ὡς
1782 2609 1816 2644 ἐν
1851 2607 1985 2659 σκότῳ,
2020 2606 2109 2645 οὕτω
2144 2606 2351 2658 βαδίζοντες.

1333 2673 1482 2709 Δοκοῦσι
1501 2670 1564 2721 μὲν
1586 2669 1648 2716 τὴν
1668 2668 1772 2720 ὀρθὴν
1792 2668 1918 2707 ὁδεύειν
1937 2668 2030 2716 ὁδὸν,
2049 2669 2112 2716 τὴν
2140 2667 2175 2706 δὲ
2195 2666 2352 2705 ἐναντίαν

1333 2731 1531 2783 βαδίζουσι,
1561 2730 1747 2769 8σάῧὸἀτα
1766 2733 1971 2782 τηροῦντες,
1994 2729 2053 2767 καὶ
2082 2729 2186 2780 νόμον
2221 2728 2351 2781 φυλάτ-

1331 2809 1464 2840 τοντες,
1499 2793 1558 2830 καὶ
1607 2791 1801 2843 βρωμάτων
1840 2790 2121 2842 παρατηρήσεις,
2160 2789 2246 2827 ι’καὶ
2289 2791 2351 2827 οὐκ

1330 2853 1425 2892 ἴσασι
1450 2856 1516 2891 ποῦ
1549 2855 1789 2903 περιπατοῦσι.
1812 2850 1880 2888 Διὰ
1913 2854 2013 2888 τοῦτο
2044 2850 2160 2901 ἔλεγε·
2194 2851 2352 2902 Περιπα-

1329 2921 1419 2951 τεῑτε
1440 2915 1487 2956 εἰς
1506 2912 1544 2950 τὸ
1561 2915 1649 2964 φῶς,
1668 2911 1724 2949 ἵνα
1744 2911 1810 2949 υἱοὶ
1837 2911 1948 2962 φωτὸς
1967 2910 2130 2962 γένησθε·
2152 2910 2348 2957 τουτέστιν,

1329 2974 1406 3026 ἐμοὶ
1426 2974 1502 3013 υἱοί.
1523 2973 1646 3011 Καίτοι
1661 2974 1694 3010 ἓν
1710 2971 1905 3024 προοιμίοις
1926 2972 2029 3024 φησὶν
2049 2975 2065 3010 ὁ
2082 2971 2347 3024 εὐαγγελιστὴς,

1328 3036 1380 3074 ὅτι
1412 3037 1489 3075 Οὔκ
1517 3034 1552 3078 ἐξ
1587 3034 1760 3085 αἱμάτων,
1797 3033 1874 3070 οὐδὲ
1910 3035 1948 3072 ἐκ
1979 3033 2172 3084 θελήματος
2205 3031 2348 3084 σαρκὸς,

1327 3099 1403 3136 ἀλλ’
1431 3099 1470 3135 ἐκ
1498 3099 1590 3135 Θεοῦ
1622 3094 1875 3144 ἐγεννήθησαν·
1896 3095 2073 3141 τουτέστι,
2096 3098 2154 3132 τοῦ
2187 3093 2345 3145 Πατρός·

1326 3162 1472 3197 ἐνταῦθα
1492 3158 1526 3195 δὲ
1547 3156 1648 3199 αὐτὸς
1665 3155 1804 3206 λέγεται
1832 3155 1972 3199 τούτους
1991 3162 2124 3207 γεννᾷν,
2142 3154 2197 3191 ἵνα
2218 3154 2346 3205 μάθῃς,

1325 3221 1379 3258 ὅτι
1413 3219 1476 3269 μία
1496 3217 1652 3270 ἐνέργεια
1671 3215 1812 3267 Πατρὸς
1838 3215 1897 3254 καὶ
1924 3217 2022 3253 Υἱοῦ.
2044 3217 2168 3253 Ταῦτα
2202 3214 2308 3252 εἰπὼν
2329 3218 2346 3252 ὁ

263 3282 412 3319 scondit
431 3294 471 3318 se
491 3281 539 3318 ab
559 3281 626 3317 eis.
646 3279 718 3316 Cur
734 3278 921 3316 abscondit
936 3292 971 3316 se
993 3280 1113 3316 nunc?
1130 3280 1251 3330 Neque
1277 3291 1302 3321 1)
1327 3280 1486 3328 Ἰησοῦς,
1517 3278 1575 3317 καὶ
1613 3276 1770 3316 ἀπελθὼν
1804 3276 1866 3314 ἀπ’
1896 3279 2022 3325 αὐτῶν,
2041 3275 2184 3328 apte-11.
2206 3278 2278 3315 Νῦν
2312 3276 2345 3314 τί

302 3410 315 3424 2·
336 3399 426 3431 Editi
442 3402 586 3432 σάδέατον
603 3402 846 3443 κατηγοροῦντες.
861 3396 963 3430 Savil.
983 3404 1080 3438 putat
1093 3396 1270 3439 legendum

256 3457 421 3499 τηροῦντες.
441 3451 593 3492 Quattuor
611 3457 720 3482 autem
739 3460 778 3481 ex
796 3450 869 3482 Mss.
899 3450 1022 3483 nostris
1049 3453 1185 3484 σάέθκτκ
1213 3465 1268 3488 τη-

1336 3403 1455 3444 ροῦντες
1467 3396 1603 3436 1111110111,
1624 3407 1695 3439 quae
1709 3403 1758 3428 est.
1773 3394 1862 3427 haud
1879 3393 1978 3426 dubie
1996 3405 2070 3427 iera
2088 3393 2200 3428 lectio.

1382 3452 1398 3475 b
1416 3448 1484 3493 [καὶ
1502 3446 1692 3480 addidimus
1708 3459 1725 3480 e
1742 3446 1842 3480 Savil.
1862 3453 1894 3478 et
1911 3445 1993 3478 Cod.
2014 3446 2106 3487 709]
