2481 3678
752 222 790 250 {N
830 223 1036 252 JoANNEM
1076 222 1238 251 nomi„
1277 223 1356 251 ΧΠ.

101 304 222 355 νεκρὰς
257 304 479 353 κινουμένας,
520 303 627 346 πόδας
667 304 972 356 παραλελυμένους
1002 303 1124 355 ἀθρόον

100 365 326 415 ἃλλομένους,
358 357 432 402 ῶτα
468 364 664 415 βεὲυσμένα
699 365 1028 416 ἀναπεταννύμενα,
1066 364 1125 402 καὶ

99 428 255 476 γλῶτταν
275 429 429 477 ἠχοῧσαν
460 425 548 476 μέγα
564 455 573 472 ,
590 424 652 473 τὴν
679 426 846 478 πρότερον
874 425 1010 478 ἀφωνία
1027 425 1123 462 δεῖε-

101 488 219 537 μένην.
240 486 407 538 Καθάπερ
425 486 493 538 γάρ
511 503 563 529 τις
588 487 748 539 τεχνίτης
769 487 907 539 ἄριστος
925 486 1035 524 οἰκίαν
1058 485 1126 522 ὕπὸ

99 548 223 600 χρόνου
252 551 489 600 σαῡρωθεῖσαν
509 547 706 595 ἀναλαὸὼν,
731 546 794 594 τὴν
817 546 934 592 κοινὴν
959 545 1038 584 τότε
1056 547 1123 582 τῶν

101 608 289 662 ἀνθρώπων
316 609 428 662 φύσιν,
455 609 545 647 οὕτω
567 609 695 656 ταύτης
722 608 767 646 τά
795 623 832 645 τε
861 605 1123 645 ἀποκλασῡέντα

101 670 325 722 ἀνεπλήρωσε
352 669 461 722 μέρη,
488 671 533 709 τά
560 686 597 708 τε
615 671 784 708 διεστῶτα
810 667 870 706 καὶ
895 664 1126 716 διαλελυμένα

100 731 319 783 συνέσφιγξε,
339 731 399 769 καὶ
426 730 471 769 τὰ
489 731 604 769 τέλεον
631 729 842 769 πεπτωκότα
868 728 1048 774 ἀνέστησε.
1078 727 1126 765 Τί

100 791 140 829 ἄν
162 808 214 835 τις
235 793 326 830 εἴποι
342 795 403 837 τῖ’,ς
417 794 533 843 ψυχῆς
546 791 609 838 τὴν
629 790 830 837 διάπλασιν,
850 791 970 841 πολλῷ
985 792 1124 839 θαυμα-

100 853 262 904 στοτέραν
282 855 343 898 τῆς
366 854 400 889 ἐν
419 858 489 895 τοῖς
510 851 668 902 σώμασιν
695 846 819 897 odonam
842 850 945 902 Μέγα
973 849 1035 901 μὲν
1057 850 1125 902 γὰρ

99 914 159 952 καὶ
177 918 198 960 ἡ
218 917 286 952 τῶν
308 914 480 964 σωμάτων
511 913 626 965 ὑγεία,
653 915 772 965 πολλῷ
798 912 834 951 δὲ
863 914 978 962 μεῖζον
1006 915 1028 958 ἦ
1055 915 1123 950 τῶν

99 977 219 1027 ψυχῶν
235 1006 244 1022 ,
277 975 336 1013 καὶ
364 974 514 1028 τοσούτῳ
549 977 664 1024 μεῖζον
680 1005 690 1023 ,
724 974 794 1026 ὅσῳ
830 973 925 1026 ψυχὴ
964 972 1125 1024 σώματος

99 1036 263 1086 εᾶμεινον
275 1052 282 1059 ·
301 1040 339 1074 οὐ
354 1035 462 1088 ταύτῃ
480 1035 516 1073 δὲ
531 1036 646 1087 μόνον,
676 1037 751 1074 ἀλλ’
780 1035 834 1074 ὅτι
850 1038 871 1081 ἡ
890 1033 952 1084 μὲν
971 1037 1039 1072 τῶν
1058 1051 1125 1073 σω-

101 1097 221 1148 μάτων
241 1096 340 1150 φύσις
351 1128 360 1145 ,
380 1092 471 1149 ᾗπερ
487 1096 525 1134 ἂν
541 1096 648 1144 αὐτὴν
662 1101 680 1135 ὃ
694 1097 902 1149 δημιουργὸς
925 1096 1020 1148 ἄγειν
1038 1095 1123 1147 βού-

100 1161 203 1207 ληται
221 1190 230 1207 ,
252 1159 359 1211 ταύτῃ
376 1158 515 1207 ἕπεται,
539 1159 599 1197 καὶ
628 1159 667 1197 τὸ
693 1161 899 1196 ἀντιπῖπτον
917 1158 1012 1196 οὐδέν
1026 1174 1033 1180 ·
1050 1162 1072 1204 ἦ
1089 1157 1124 1196 δὲ

100 1221 194 1274 ψυχὴ
219 1220 322 1273 κυρία
347 1223 472 1266 ἑαυτῆς
489 1221 656 1272 γενομένη
668 1251 678 1267 ,
698 1220 757 1258 καὶ
771 1223 839 1257 τῶν
856 1219 1040 1271 πρακτέων
1060 1219 1125 1266 τὴν

101 1281 257 1326 ἐξουσίαν
278 1282 424 1334 ἔχουσα,
447 1284 485 1320 οὔ
506 1281 642 1328 πάντα,
663 1281 704 1318 ἂν
728 1280 776 1332 μὴ
807 1280 996 1332 βούληται,
1012 1280 1125 1318 πείθε-

101 1358 158 1381 ται
174 1345 223 1395 τῷ
238 1344 331 1394 Θεῷ.
348 1341 538 1381 ἶ“”Α>’.ουσαν
554 1341 622 1394 γὰρ
642 1341 747 1389 αὐτὴν
763 1342 822 1379 καὶ
846 1341 905 1393 βία
924 1357 990 1379 που
1009 1357 1124 1388 κατη-

101 1404 357 1455 ναγκασμένην,
387 1406 424 1442 οὐ
453 1403 614 1454 βούλεται
629 1405 776 1449 ποιῆσαι
798 1402 909 1449 καλὴν
926 1402 986 1440 καὶ
1008 1402 1126 1454 ἐνάρε-

100 1481 170 1512 τον,
197 1464 384 1515 ἐπειδήπερ
422 1463 510 1514 μηδὲ
540 1464 613 1502 ἔστι
642 1468 742 1502 τοῦτο
777 1463 904 1514 ἀρετή·
940 1461 1030 1500 ἀλλὰ
1054 1462 1124 1514 χρὴ

101 1525 312 1577 βουλομένην
339 1525 398 1562 καὶ
433 1527 577 1562 ἑκοῦσαν
610 1529 728 1562 πεῖσαι
766 1523 924 1576 γενέσθαι
949 1523 1125 1569 τοιαύτην·

99 1587 174 1627 ὅθεν
198 1585 442 1640 χαλεπώτερον
473 1587 573 1626 τοῦτο’
600 1590 692 1626 ἐστιν
722 1585 854 1633 ἐκείνης
880 1588 942 1631 τῆς
959 1585 1124 1638 ἰατρείας.

99 1649 189 1687 Ἀλλ’
211 1648 305 1699 ὅμως
333 1647 392 1686 καὶ
411 1652 511 1687 τοῦτο
524 1651 743 1700 κατωρθοῦτο
755 1678 764 1695 ,
784 1648 844 1686 καὶ
862 1654 931 1685 πᾶν
953 1641 1040 1690 εἶδος
1059 1662 1125 1684 κα-

99 1709 176 1753 κίας
192 1708 368 1756 ἠλαύνετο.
402 1709 471 1747 Καὶ
499 1708 618 1762 ὥσπερ
636 1708 681 1747 τὰ
697 1707 847 1760 σώματα
867 1707 912 1747 τὰ
931 1708 1123 1760 θεραπευό-

101 1787 204 1821 μενα,
225 1772 261 1809 οὐ
285 1771 369 1823 πρὸς
393 1770 522 1821 ὑγίειαν
547 1770 662 1821 μόνον,
684 1770 774 1809 ἀλλὰ
800 1770 860 1808 καὶ
879 1770 965 1822 πρὸς
993 1769 1123 1814 εὐεξίαν

99 1831 161 1879 τὴν
178 1831 344 1870 ἀνωτάτω
362 1831 628 1885 μετερρύθμιζεν
645 1848 652 1855 ·
668 1831 757 1870 οὕτω
776 1831 836 1870 καὶ
859 1831 918 1875 τὰς
937 1829 1050 1883 ψυχὰς
1061 1860 1070 1877 ,
1086 1832 1123 1868 οὗ

99 1895 161 1939 τῆς
183 1892 307 1936 κακίας
335 1895 399 1939 τῆς
430 1893 580 1945 ἐσχάτης
609 1892 787 1940 ἀπήλλαξε
814 1892 929 1944 μόνον,
953 1891 1043 1930 ἀλλὰ
1064 1891 1124 1930 καὶ

99 1955 185 2006 πρὸς
202 1954 308 2002 αὐτὴν
324 1957 387 2000 τῆς
401 1956 525 2006 ἀρετ-ἧς
537 1954 599 2002 τὴν
621 1953 773 2007 κορυφὴν
799 1954 910 2006 ἤγαγε
921 1969 929 1977 ·
951 1953 1010 1991 καὶ
1026 1956 1043 1990 ὁ
1061 1969 1122 1991 τε-

99 2015 213 2063 λώνης
228 2015 418 2059 ἀπόστολος
440 2015 582 2067 ἐγίνετο,
608 2015 668 2054 καὶ
686 2019 704 2054 ὃ
721 2014 869 2062 ὃιώκτης
885 2014 945 2052 καὶ
967 2014 1123 2066 βλάσφη-

103 2093 164 2127 μος
180 2077 240 2115 καὶ
255 2076 420 2128 ὓὸριστὴς
432 2107 441 2125 ,
454 2079 499 2123 κῆ
506 2076 564 2129 ρυξ
580 2079 643 2122 τῆς
658 2076 861 2127 οἰκουμένης
877 2074 1099 2113 ἀπεδείκνυτο
1114 2091 1122 2098 ·

101 2138 161 2176 καὶ
197 2138 322 2190 μάγοι,
345 2138 548 2177 διδάσκαλοι
569 2137 746 2177 Ἰουδαίων
775 2136 946 2190 ἐγίνοντο·
975 2136 1035 2175 καὶ
1060 2138 1124 2188 λῃ-

94 2199 196 2248 στὴς,
227 2199 439 2253 παραδείσου
466 2199 610 2247 πολίτης
641 2199 858 2252 ἀνεφαίνετο·
896 2199 956 2236 καὶ
989 2198 1121 2250 πόρνη,

94 2262 206 2311 πολλῇ
228 2265 270 2312 τῇ
292 2261 407 2299 πίστει
422 2261 610 2313 διέλαμπε·
633 2261 693 2300 καὶ
714 2260 898 2300 Χαναναία
913 2260 973 2298 καὶ
997 2261 1122 2310 Σαμα-

97 2326 199 2372 ρεῖτις
221 2321 329 2373 γυνὴ,
355 2322 457 2374 ἑτέρα
480 2323 590 2375 πόρνη
618 2323 677 2361 καὶ
702 2321 808 2370 αὐτὴ,
829 2325 850 2368 ἡ
871 2321 931 2372 μὲν
957 2321 995 2359 τὸ
1016 2321 1121 2372 κήρυ-

94 2397 167 2433 γμα
190 2385 258 2420 τῶν
285 2383 467 2435 ὁμοφύλων
498 2383 698 2431 ἀνεδέξατο,
720 2383 780 2422 καὶ
806 2382 907 2421 πόλιν
932 2382 1119 2435 ὁλόκληρον

489 2444 718 2497 ι’προσήγαγε
738 2448 787 2497 τῷ
804 2446 964 2497 Χριστῷ·
983 2447 1005 2489 ἡ
1026 2443 1061 2481 δὲ
1075 2447 1118 2494 τῇ

95 2444 338 2495 σαγηνεύσασα
348 2476 358 2492 ,
374 2444 464 2483 οὕτω

94 2505 210 2543 πίστει
225 2507 284 2543 καὶ
299 2510 341 2555 τῇ
356 2506 563 2559 προσεδρείᾳ
591 2506 739 2557 δαίμονα
762 2506 912 2557 πονηρὸν
934 2507 1118 2550 ἀπελαθῆ-

94 2581 151 2602 ναι
171 2569 232 2611 τῆς
249 2570 307 2604 τοῦ
322 2566 503 2618 θυγατρίου
518 2568 632 2618 ψυχῆς
650 2567 901 2619 παρεσκεύασε.
924 2566 992 2604 Καὶ
1008 2566 1119 2617 ἕτεροι

96 2625 131 2664 δὲ
145 2628 263 2678 πολλῷ
282 2626 411 2664 τούτων
425 2627 562 2679 χείρους
583 2629 629 2670 εἷς
647 2627 709 2674 τὴν
725 2631 793 2665 τῶν
817 2630 980 2675 μαθητῶν
998 2627 1121 2670 εὐθέως

96 2687 319 2739 κατελέγοντο
331 2687 438 2732 τάξιν.
447 2687 518 2726 Καὶ
529 2687 644 2726 πάντα
658 2690 698 2725 ἀΟ
704 2687 778 2740 ρόον
789 2687 1120 2739 μετεσχηματίζετο,

95 2751 163 2786 τῶν
197 2749 369 2800 σωμάτων
398 2748 442 2786 τὰ
463 2749 557 2795 πάθη
572 2780 581 2796 ,
603 2752 670 2786 τῶν
701 2751 822 2802 ψυχῶν
851 2749 895 2787 τὰ
914 2748 1096 2799 νοσήματα
1111 2780 1120 2796 ,

96 2810 256 2862 καὶπρὸς
282 2810 398 2862 ὑγείαν
420 2810 479 2849 καὶ
500 2810 562 2857 τὴν
592 2810 847 2862 ἀκριὸεστάτην
871 2809 996 2862 ἀρετὴν
1026 2825 1122 2862 μετε-

95 2871 300 2919 πλάττοντο,
332 2872 391 2909 καὶ
411 2871 578 2919 *τούτων,
599 2873 636 2910 οὔ
654 2870 710 2909 δύο
729 2871 788 2909 καὶ
813 2877 904 2925 τρεῖς
930 2871 1120 2923 ἅνθρωποι,

97 2930 172 2969 οὐδὲ
191 2932 314 2980 πέντε,
345 2933 405 2971 καὶ
434 2932 534 2980 δέκα,
565 2932 625 2970 καὶ
654 2931 763 2970 εἴκοσι
790 2933 850 2970 καὶ
869 2933 991 2971 ἑκατὸν
1008 2932 1121 2981 μόνον,

98 2991 188 3030 ἀλλὰ
213 2992 331 3037 πόλεις
359 2993 542 3044 ὁλόκληροι
558 2992 618 3031 καὶ
631 2992 710 3041 ἔθνη
729 2993 817 3044 μετὰ
839 2995 971 3039 πολλ’-ῆς
990 2997 1052 3040 τῆς
1067 2996 1121 3032 εὖ-

97 3053 215 3098 κολίας
230 3054 550 3107 μετερῥυῡμίζοντο.
571 3054 619 3093 Τί
645 3055 686 3093 ἄν
705 3071 756 3098 τις
776 3055 866 3094 εἴποι
881 3058 949 3093 τῶν
968 3071 1121 3107 προστα-

97 3114 242 3165 γμάτων
270 3114 332 3162 τὴν
365 3116 580 3168 φιλοσοφίαν,
612 3120 680 3155 τῶν
711 3116 877 3169 οὐρανίων
906 3116 1021 3168 νόμων
1058 3116 1121 3164 τὴν

99 3175 237 3227 ἀρετὴν,
263 3179 324 3222 τῆς
354 3178 540 3228 ἀγγελικῆς
561 3177 736 3221 πολιτείας
756 3177 818 3224 τὴν
840 3178 995 3222 εὐταξίαν
1006 3193 1017 3228 5
1037 3179 1070 3216 Τ
1073 3194 1122 3216 οι-

142 3330 155 3343 c
173 3318 233 3351 Alii
253 3325 391 3362 ἀμείνων-

142 3382 153 3395 ··
171 3372 286 3406 Morel.
311 3379 444 3407 »κζ’-κωκυ.
467 3373 561 3405 male.

1150 607 1175 637 E

1148 1299 1179 1324 69

1149 1338 1174 1367 A

1402 207 1460 251 al.
1502 223 1562 251 Μ.

2127 231 2184 275 79

1198 302 1294 340 enim
1323 302 1480 354 optimus
1509 303 1739 351 architectus,
1759 303 1907 342 domum
1939 315 2110 345 vetustate
2129 311 2182 347 la-

1198 362 1364 400 bantem:
1400 363 1450 401 sic
1489 363 1549 401 ille
1581 364 1774 401 humanam
1810 374 1973 403 naturam
2008 367 2184 417 restituit,

1199 433 1317 475 partes
1347 425 1476 462 fractas
1517 425 1677 475 resarsit,
1707 425 1908 477 ‘disjunctas
1935 436 1967 464 et
1998 427 2186 467 dissolutas

1200 485 1384 537 copulavit
1400 515 1411 535 ,
1440 485 1580 538 penitus
1608 487 1724 538 lapsas
1759 487 1885 525 erexit.
1923 489 2021 535 Quid
2048 490 2184 528 dixeri-

1200 560 1278 584 mus
1316 546 1361 584 de
1389 548 1515 585 animae
1545 548 1808 599 reformatione,
1830 551 2007 603 corporeis
2035 553 2188 591 curatio-

1200 607 1307 645 nibus
1335 608 1438 660 longe
1468 609 1738 661 praestantiore?
1762 611 1894 662 Magna
1929 627 1982 650 res
2015 623 2107 651 certe
2138 624 2188 653 est

1200 669 1359 721 corporis
1377 670 1561 721 valetudo,
1582 670 1645 708 sed
1670 670 1782 708 multo
1802 673 1916 724 major
1931 674 2080 723 animae;
2114 685 2188 714 tan-

1200 739 1305 781 toque
1322 731 1458 783 major,
1481 741 1612 782 quanto
1642 731 1760 770 anima
1781 735 2004 784 praestantior
2031 746 2082 774 est
2107 752 2186 774 cor-

1200 805 1285 843 pore
1310 807 1317 827 :
1339 806 1450 843 neque
1481 793 1547 831 hac
1571 803 1709 833 tantum
1733 796 1868 835 ratione
1882 827 1893 846 ,
1914 797 1976 835 sed
1996 798 2078 848 quia
2106 813 2185 837 cor-

1200 867 1327 904 porum
1356 863 1507 905 natura,
1537 870 1759 909 quocumque
1794 858 1895 896 illam
1925 859 2012 897 xelit
2044 861 2188 898 Creator

2257 875 2388 903 Libertas

1199 927 1315 965 agere,
1338 915 1511 967 sequitur,
1534 932 1596 955 nec
1617 919 1749 957 resistit
1760 936 1771 970 5
1794 920 1912 958 anima
1932 935 2014 958 vero
2035 936 2112 972 quae
2131 921 2188 959 sui
2200 916 2326 944 ”huffl-

1200 975 1340 1013 arbitrii
1359 986 1423 1027 est,
1445 987 1479 1016 et
1498 978 1535 1016 in
1550 979 1688 1018 actibus
1705 981 1903 1019 libertatem
1923 982 2044 1032 habet,
2064 997 2132 1020 non
2151 983 2186 1021 in

1199 1038 1364 1078 omnibus
1389 1040 1608 1094 obtemperat
1626 1044 1715 1094 Deo,
1738 1044 1767 1082 si
1787 1044 1933 1095 quidem
1955 1045 2058 1083 nolit.
2084 1045 2188 1083 Illam

1199 1100 1294 1138 enim
1305 1101 1454 1140 invitam
1468 1117 1537 1141 uon
1559 1104 1639 1143 vult
1658 1107 1754 1143 Deus
1768 1120 1832 1158 per
1850 1106 1926 1144 vim
1941 1115 1975 1143 et
1996 1107 2184 1145 necessita·
2223 1121 2324 1149 vimss
2351 1122 2388 1149 ιι.

1199 1170 1290 1212 t⁰m7
1326 1162 1516 1215 pulchram
1556 1175 1589 1204 et
1620 1166 1756 1205 virtute
1785 1167 1973 1220 praeditam
2005 1167 2153 1206 reddere
2176 1163 2337 1205 :¹³⁰¹‘³‘'⁵¹·

1200 1225 1491 1277 quandoquidem
1510 1227 1604 1266 illud
1622 1228 1737 1266 virtus
1758 1243 1827 1267 non
1846 1238 1950 1266 esset:
1963 1229 2026 1267 sed
2046 1229 2099 1267 illi
2119 1244 2185 1267 vo-

1199 1284 1284 1323 lenti
1310 1296 1343 1325 et
1363 1287 1500 1326 lubenti
1526 1289 1772 1338 suadendum,
1802 1298 1843 1327 ut
1876 1289 1957 1327 talis
1987 1290 2187 1328 efficiatur:

1199 1347 1239 1385 id
1257 1347 1355 1399 qued
1375 1348 1478 1402 longe
1499 1349 1686 1389 difficilius
1705 1359 1756 1388 est
1775 1364 1883 1400 quam
1901 1350 1964 1388 illa
1983 1350 2053 1388 alia
2083 1366 2187 1389 cura-

1199 1409 1262 1446 tio.
1299 1408 1342 1446 Id
1375 1418 1490 1447 tamen
1520 1410 1602 1448 fecit
1629 1410 1710 1460 ille,
1743 1420 1848 1461 atque
1878 1411 2045 1462 nequitiae
2079 1426 2188 1463 genus

1199 1483 1302 1507 omne
1318 1469 1510 1522 depulsum
1528 1480 1592 1509 est.
1616 1474 1666 1509 Ac
1684 1472 1776 1509 sicut
1794 1486 1940 1524 corpora
1957 1473 2046 1511 bene
2067 1483 2189 1512 curata

1198 1544 1268 1569 non
1305 1531 1353 1569 ad
1381 1531 1625 1569 valetudinem
1654 1532 1782 1582 modo,
1814 1532 1877 1570 sed.
1903 1533 1951 1570 ad
1983 1547 2189 1585 supremum

1199 1592 1358 1631 sanitatis
1377 1601 1508 1630 statum
1528 1592 1699 1630 reduxit:
1725 1592 1776 1631 sie
1794 1602 1827 1630 et
1845 1593 1995 1642 animas,
2017 1608 2086 1632 non
2112 1609 2188 1633 mo-

1198 1653 1246 1692 do
1273 1655 1318 1693 ab
1349 1663 1509 1693 extrema
1538 1654 1697 1705 nequitia
1725 1654 1876 1707 eripuit,
1899 1655 1962 1693 sed
1994 1655 2041 1693 ad
2072 1655 2190 1708 ipsum

1198 1716 1344 1756 virtutis
1362 1716 1502 1755 culmen
1519 1716 1648 1755 erexit.
1665 1716 1880 1755 Publicanus
1899 1717 2010 1755 factus
2029 1726 2080 1755 est
2099 1732 2186 1770 apo-

1199 1778 1310 1817 stolus
1325 1794 1336 1828 5
1357 1787 1614 1831 persequutor,
1635 1777 1865 1830 blasphemus
1893 1787 1927 1816 et
1954 1779 2186 1817 contumelio-

1200 1854 1258 1878 sus
1278 1840 1375 1879 orbis
1399 1839 1614 1893 praedicator
1634 1839 1724 1877 fuit:
1745 1839 1863 1891 magi,
1884 1839 2091 1879 Judaeorum
2118 1841 2185 1879 do-

1199 1910 1325 1952 ctores;
1342 1902 1448 1951 latro,
1466 1900 1623 1953 paradisi
1639 1899 1752 1950 civis5
1774 1901 1959 1951 meretrix,
1976 1901 2049 1940 fide
2060 1916 2188 1954 magna

1198 1963 1363 2013 refulsit,
1384 1962 1579 2000 Chananaea
1600 1970 1635 1999 et
1652 1961 1875 1999 Samaritana
1897 1961 2076 2012 mulieres,
2096 1977 2184 2013 qua-

1198 2042 1278 2066 rum
1290 2037 1468 2081 postrema
1483 2026 1654 2065 meretrix
1667 2034 1742 2063 erat
1756 2041 1768 2076 5
1787 2040 1832 2064 ex
1842 2026 1912 2075 his,
1928 2026 2088 2078 inquam,
2103 2041 2184 2064 mu-

1198 2094 1345 2133 lieribus
1375 2095 1484 2132 altera
1517 2092 1809 2146 praedicationem
1837 2093 1935 2146 apud
1969 2093 2186 2132 contribules

1197 2177 1279 2201 suos
1308 2161 1490 2215 suscepit,
1515 2169 1696 2211 totamque
1725 2159 1907 2198 civitatem
1930 2160 2033 2211 quasi
2060 2174 2187 2212 sagena

1197 2240 1337 2283 captam
1359 2230 1407 2268 ad
1427 2229 1612 2268 Christum
1637 2227 1793 2266 adduxit
1805 2243 1817 2278 5
1843 2227 1953 2265 altera
1978 2236 2096 2265 autem
2115 2227 2188 2265 fide

1196 2307 1230 2336 et
1248 2298 1456 2337 assiduitate
1481 2296 1520 2335 id
1538 2295 1669 2345 effecit,
1698 2305 1738 2333 ut
1767 2295 1906 2333 daemon
1936 2295 2113 2347 malignus
2141 2309 2186 2332 ex

1196 2366 1280 2404 filiae
1302 2379 1373 2404 suae
1391 2365 1510 2403 anima
1529 2363 1732 2416 pelleretur.
1755 2362 1825 2399 Alii
1846 2376 1985 2412 quoque
2003 2362 2108 2412 longe
2129 2360 2185 2398 his

1194 2434 1331 2486 pejores
1358 2433 1394 2471 in
1413 2431 1673 2483 discipulorum
1694 2442 1881 2466 numerum
1905 2428 2024 2464 statim
2049 2427 2183 2465 admit-

1194 2503 1372 2540 tebantur.
1396 2499 1525 2538 Omnia
1557 2496 1664 2535 simul
1693 2495 2034 2545 transmutabantur,
2055 2509 2181 2547 corpo-

1195 2583 1275 2607 rum
1303 2566 1543 2619 aegritudines,
1564 2562 1680 2600 morbi
1709 2560 1922 2610 animarum,
1943 2575 2020 2611 quae
2051 2561 2098 2599 ad
2124 2576 2181 2599 sa—

1194 2637 1341 2676 nitatem
1353 2634 1614 2688 perfectamque
1628 2629 1801 2668 virtutem
1820 2629 2094 2667 reducebantur.
2111 2631 2184 2667 Nec

1195 2705 1268 2742 duo
1288 2711 1426 2740 tantum
1446 2698 1622 2747 homines,
1645 2705 1706 2735 aut
1740 2705 1822 2746 tres,
1847 2705 1907 2734 aut
1933 2696 2104 2747 quinque,
2125 2697 2184 2735 vel

1196 2772 1330 2820 decem,
1358 2768 1416 2808 vel
1438 2766 1580 2819 viginti,
1599 2765 1657 2803 vel
1681 2774 1823 2803 centum
1842 2764 2066 2803 solummodo
2079 2795 2090 2814 ,
2121 2765 2184 2803 sed

1194 2841 1340 2892 integrae
1367 2837 1529 2876 civitates
1553 2844 1587 2873 et
1621 2842 1739 2886 gentes
1767 2833 1936 2872 facillime
1964 2842 2180 2871 transmuta-

1194 2909 1339 2946 bantur.
1357 2904 1447 2952 Quis
1472 2918 1558 2943 vero
1576 2911 1832 2956 praeceptorum
1863 2900 2093 2954 sapientiam,
2115 2915 2182 2938 cae-

1195 2974 1337 3013 lestium
1364 2972 1484 3024 legum
1515 2970 1703 3019 virtutem,
1724 2967 1890 3021 angelieae
1917 2968 2000 3007 vitae
2019 2967 2182 3006 ordinem

1196 3042 1303 3094 digne
1320 3038 1575 3093 descripserit?
1596 3037 1686 3075 Tale
1705 3036 1837 3090 quippe
1855 3035 2001 3074 induxit
2019 3034 2102 3073 vitae
2118 3048 2179 3086 ge-

1195 3123 1276 3160 nus,
1297 3107 1384 3147 tales
1416 3106 1518 3145 nobis
1547 3104 1730 3143 constituit
1760 3104 1877 3156 leges,
1900 3103 2007 3141 talem
2039 3115 2181 3140 morum

1194 3178 1366 3227 formam,
1389 3185 1429 3214 ut
1455 3174 1515 3226 qui
1538 3173 1581 3211 iis
1615 3181 1764 3211 utuntur
1778 3202 1790 3222 ,
1811 3171 1926 3224 angeli
1955 3170 2074 3209 statim
2099 3170 2178 3207 effi-

1218 3319 1235 3343 b
1250 3315 1366 3349 Morel.
1384 3321 1519 3357 ἐξήγαγε.
1538 3312 1640 3346 Savit.
1659 3320 1840 3357 προσήγαγε.

1220 3372 1234 3384 “
1254 3371 1356 3412 [τοῦτο
1372 3367 1458 3401 Cod.
1475 3367 1568 3408 706]
