2481 3678
755 222 796 252 IN
835 223 1044 252 JOANNEM
1080 221 1232 251 HOMIL.
1274 220 1363 249 le.
1401 205 1461 250 [II.
1506 220 1596 250 Lm.
2125 204 2210 250 301

139 309 197 344 τοῦ
214 305 344 356 κόσμου
366 304 584 356 δημιουργός.
613 305 734 342 Ταῦτα
752 307 887 352 ἐννοῶν,
903 307 968 356 οὐχ
981 302 1161 356 ἁρπάσεις,
1228 301 1446 353 paupertatis
1479 311 1614 338 amator
1645 300 1726 347 eris,
1759 299 1976 349 divitiasque
2003 299 2175 351 despicies
2211 316 2218 336 :

137 369 174 404 οὐ
207 366 491 414 πλεονεκτήσειε,
513 367 551 403 οὐ
573 364 668 416 >chia-(1
687 365 730 403 τὰ
748 367 816 403 τῶν
837 365 962 418 ἑτέρων
985 364 1047 403 σύ·
1084 364 1160 401 ἀλλ’
1229 363 1312 400 hinc
1334 362 1427 401 mala
1454 363 1573 401 omnia
1598 361 1812 400 eliminabis.
1829 361 1967 397 Rursus
1983 374 2065 397 culn
2086 361 2220 397 videri„-

138 427 285 478 ἐραστὴς
305 427 366 478 ἔσῃ
389 428 520 477 μᾶλλον
541 424 660 469 πενίας
674 453 683 470 ,
711 426 770 463 καὶ
789 426 956 477 ὑπερόψει
975 425 1032 463 τὸν
1051 425 1162 462 πλοῦ-
1185 434 1208 463 c
1228 425 1351 462 Jesum
1377 423 1413 460 in
1440 422 1614 475 praesepio
1637 422 1828 474 jacentem,
1857 434 1925 458 non
1959 421 2053 457 ultra
2080 420 2220 457 curabis

137 503 205 525 τον.
235 488 296 526 Ἂν
327 486 362 525 δὲ
387 492 486 525 τοῦτο
504 486 671 537 γένηται,
698 487 813 524 πάντα
830 486 970 538 ἐξοριεῖς
988 484 1032 522 τὰ
1052 483 1158 521 κακά.
1231 484 1305 521 filio
1323 493 1385 521 tuo
1408 492 1572 521 ornatum
1592 497 1740 520 aureum
1773 482 2056 533 circumponere,
2077 495 2146 518 non
2173 482 2221 519 le-

136 548 250 586 Πάλιν
272 548 352 585 ὅταν
372 548 446 599 ἴδῃς
471 548 572 585 αὐτὸν
593 547 650 584 ἐπὶ
668 546 800 598 φάτνης
816 546 987 596 κείμενον,
1006 545 1043 581 οὐ
1059 559 1163 581 σπου-
1231 556 1327 584 ctum
1343 555 1486 597 argento
1501 545 1708 583 decoratum
1724 544 1829 581 uxori
1839 557 1975 595 parare.
1995 543 2060 580 His
2076 543 2222 594 abjectis

137 606 252 651 ἐάσεις
279 609 328 658 τῷ
362 605 490 658 παιδίῳ
518 622 577 644 σου
614 609 805 657 περιθεῖναι
839 604 969 654 κόσμον
999 607 1162 654 χρυσοῦν,
1231 607 1339 654 curis,
1346 608 1422 659 jam
1436 621 1505 644 non
1522 605 1681 644 avaritiae
1695 605 1752 644 vel
1768 604 1901 657 rapinae
1915 603 2086 641 studebis.
2106 595 2223 641 Multa

136 668 213 706 οὐδὲ
227 671 269 719 τῆ
286 667 425 720 γυναικὶ
440 666 684 719 ἀργυρένόῑτον
700 669 844 712 ποιῆσαι
860 664 994 709 κλίνην·
1013 662 1163 700 ”’Ῑάῧτα
1231 668 1302 706 alia
1323 668 1408 706 hinc
1426 668 1525 705 lucra
1550 676 1747 717 sequuntur
1759 695 1769 714 ,
1793 680 1871 715 quae
1895 678 1990 702 nunc
2010 678 2079 702 non
2099 678 2223 716 possu-

138 729 173 767 δὲ
193 729 241 780 μὴ
260 730 476 776 σπουδάζων,
497 727 573 766 οὐδὲ
587 726 648 770 τὰς
663 729 702 764 ἐκ
718 726 850 765 τούτων
867 725 1000 778 ἐργάσῃ
1015 725 1161 762 πλεονε-
1234 743 1314 767 mus
1338 728 1547 780 singulatim
1568 741 1765 777 recensere,
1786 726 1849 764 sed
1869 726 1980 763 scient
1996 725 2022 763 ii
2041 726 2102 776 qui
2118 739 2223 778 expe-

139 790 211 834 ξίας
237 790 297 828 καὶ
324 790 496 842 ἁρπαγάς·
537 787 659 826 Πολλὰ
679 787 738 824 καὶ
764 786 866 837 ἕτερά
887 788 962 824 ἐστι
987 787 1164 837 κερδᾶναι,
1236 790 1386 827 rimento
1398 787 1603 826 didicerint.
1621 791 1850 840 Quapropter
1867 800 1964 838 rogo,
1976 786 2086 824 libros
2098 786 2224 838 hujus-

138 852 227 905 ἅπερ
244 854 304 889 οὐκ
318 851 429 889 ἔνεστι
445 854 503 888 νῧν
524 849 614 887 κατὰ
638 848 742 899 μέρος
760 847 886 898 λέγειν·
903 847 1055 886 εἴσονται
1077 845 1119 885 δὲ
1134 849 1164 884 οἳ
1235 850 1333 889 modi
1352 850 1458 890 vobis
1474 849 1686 902 comparetis
1699 879 1708 897 ,
1729 848 1906 886 librorum
1921 862 2021 885 sensa
2044 848 2223 899 pereipia—

137 919 258 965 πεῖραν
278 911 465 963 εἷληφότες-
498 910 561 948 Διὸ
576 910 773 961 παρακαλῶ
790 908 849 946 καὶ
863 911 1013 946 mahom
1029 907 1164 958 βῑὲλῖα,
1233 914 1297 963 tis,
1320 923 1425 965 atque
1444 912 1480 950 in
1497 912 1677 951 mentibus
1708 911 1837 949 vestris
1866 909 2089 948 describatis.
2107 910 2225 950 Judaei

139 973 197 1011 καὶ
220 972 309 1022 μετὰ
324 975 392 1010 τῶν
412 971 555 1023 βῑὸλίων
578 970 621 1008 τὰ
640 969 800 1020 νοήματα
816 968 994 1021 Ἁατέχῑῑν,
1013 968 1073 1006 καὶ
1089 974 1165 1010 ’ταῖς
1234 989 1405 1026 namque,
1422 974 1505 1025 quia
1524 987 1593 1011 non
1613 973 1773 1010 animum
1790 971 2025 1020 adhibebant,
2037 971 2128 1023 jussi
2144 981 2226 1009 sunt

138 1033 304 1076 διανοίαις
324 1032 518 1086 ἐγγράφειν.
554 1034 600 1069 Οἱ
619 1030 681 1081 μὲν
697 1030 765 1083 γὰρ
781 1032 942 1068 Ἰουδαῖοι
959 1061 968 1077 ,
986 1029 1106 1076 ἐπειδὴ
1128 1033 1164 1068 οὐ
1188 1044 1212 1073 1)
1233 1037 1345 1075 libros
1360 1036 1525 1074 manibus
1541 1034 1741 1087 appendere
1765 1050 1772 1070 :
1790 1047 1852 1071 nos
1872 1042 1989 1071 autem
2007 1046 2075 1069 non
2092 1033 2128 1069 in
2144 1046 2225 1069 ma-

138 1100 336 1146 apem-aym,
360 1097 429 1132 τῶν
448 1095 574 1146 χειρῶν
594 1092 790 1131 ἕκῑλέὗῡντῡ
807 1091 849 1130 τὰ
869 1092 989 1142 βῑὸλία
1010 1091 1165 1142 ἕξαρῖᾷν·
1235 1098 1361 1147 nibus,
1389 1097 1452 1136 sed
1479 1097 1579 1135 domi
1613 1095 1841 1148 deponimus,
1873 1108 1955 1132 eum
1983 1103 2161 1146 oporteret
2189 1095 2225 1131 in

139 1157 239 1204 ἡμεῖς
259 1154 295 1192 δὲ
320 1153 397 1191 Οὔτε
420 1156 452 1191 ἐν
471 1152 609 1205 χερσὶν,
641 1153 717 1190 ἀλλ’
736 1154 769 1190 ἐν
789 1151 881 1203 Οἷκίᾳ
910 1150 1066 1200 τίθεμεν,
1093 1150 1166 1188 δέον
1236 1159 1341 1198 corde
1358 1173 1516 1198 exarare.
1538 1158 1598 1196 Sic
1617 1158 1711 1195 enim
1739 1156 1906 1195 abstersis
1928 1156 2010 1195 vitae
2040 1155 2225 1204 sordibus,

139 1216 302 1253 ἕν’»υπῦῧν
322 1218 364 1266 ’ᾗ
385 1213 525 1266 καρδία·
554 1211 659 1251 Οὕτω
673 1211 740 1264 γὰρ
757 1213 812 1251 τὸν
830 1212 986 1263 παρόντα
1003 1210 1168 1249 {VJ-0202(-
1237 1219 1358 1257 futura
1377 1231 1632 1269 consequemur
1649 1217 1742 1254 bona
1766 1232 1773 1252 :
1795 1230 1872 1266 quae
1888 1215 2026 1253 utinam
2041 1214 2223 1267 adipisca—

144 1292 256 1329 ρῠντῑς
282 1275 354 1327 βίον
371 1306 380 1322 ,
410 1274 597 1325 τευξόμεθα
623 1276 691 1310 τῶν
719 1274 913 1324 μΞλλόνῖῡΝ
932 1275 1069 1323 ἀγαθῶν
1085 1288 1092 1294 ·
1118 1266 1165 1309 ὧν
1238 1292 1341 1326 mur,
1373 1276 1485 1329 gratia
1513 1285 1545 1313 et
1579 1275 1798 1327 benignitate
1828 1275 1975 1313 Domini
2003 1274 2113 1312 nostri
2140 1275 2225 1312 Jesu

140 1338 273 1389 ,γένοιτο
289 1337 421 1380 πάντας
437 1340 530 1387 ἡμᾶς
547 1338 736 1387 ἐπιτυχεῖν,
757 1335 877 1388 χάριτι
893 1334 953 1372 καὶ
971 1335 1166 1385 φιλανθρω-
1237 1338 1397 1385 Christi,
1422 1351 1485 1389 per
1509 1351 1617 1387 quem
1642 1346 1675 1374 et
1703 1350 1784 1374 cum
1807 1351 1877 1387 quo
1903 1336 2001 1374 Patri
2024 1335 2149 1387 gloria,
2177 1334 2225 1372 si-

142 1399 206 1450 πίᾳ
221 1403 279 1437 τοῦ
302 1398 429 1451 Κυρίου
454 1400 555 1448 ἡμῶν
578 1397 693 1443 Ἰησοῦ
714 1398 879 1448 Χριστοῦ,
901 1397 943 1433 δι’
962 1389 1000 1432 οἷ
1015 1396 1075 1433 καὶ
1091 1396 1166 1446 μεθ’
1238 1400 1384 1451 mulque
1396 1398 1548 1450 Spiritui
1563 1407 1682 1436 sancto
1693 1428 1703 1447 ‚
1724 1412 1817 1437 nunc
1835 1407 1869 1437 et
1883 1412 2038 1450 semper,
2055 1406 2089 1435 et
2107 1397 2144 1435 in
2163 1411 2225 1435 sae-

142 1455 180 1499 οῧ
196 1463 244 1513 τῷ
262 1460 378 1511 Πατρὶ
392 1462 413 1505 ἡ
430 1458 522 1503 δόξα,
542 1458 616 1508 ἅμα
636 1460 685 1509 τῷ
708 1456 797 1508 ἁγίῳ
818 1456 1012 1506 Πνεύματι,
1032 1459 1089 1493 νῦν
1108 1454 1167 1494 καὶ
1239 1462 1319 1500 cula
1332 1459 1555 1498 saeculorum,
1573 1461 1695 1498 Amen,

142 1521 207 1569 ἀεὶ,
227 1522 287 1559 καὶ
302 1523 350 1564 εἷς
367 1519 444 1563 τοὺς
461 1521 586 1562 αἰῶνας
604 1522 672 1557 τῶν
691 1517 839 1556 αἰώνων.
873 1517 994 1567 Ἀμήν.

190 1646 206 1669 ¹>
231 1643 294 1677 Alai
311 1651 408 1679 ταῦτα
423 1647 452 1677 El:
470 1647 654 1685 σπουδάζων.

522 1905 702 1942 ΟΜΙΛΙΑ
731 1902 793 1940 νδ’.
1181 1899 1227 1964 3ὲὸ
1573 1899 1786 1937 HOMILIA
1814 1898 1910 1937 LIV.

142 2028 287 2080 Ἔλεγεν
311 2021 367 2065 οὖν
389 2030 406 2065 ὁ
426 2028 560 2073 Ἰησοῦς
579 2027 664 2080 πρὸς
683 2026 761 2069 τοὺς
778 2026 1053 2069 πεπιστευκότας
1074 2026 1167 2077 αὐτῷ
1243 2024 1331 2061 CAP.
1345 2024 1448 2063 VIII.
1464 2038 1501 2063 v.
1521 2024 1586 2061 51.
1608 2024 1774 2061 Dicebat
1788 2035 1876 2074 ergo
1890 2022 2004 2059 Jesus
2017 2021 2072 2058 ad
2085 2033 2146 2058 eos
2163 2022 2231 2072 qui

197 2089 381 2132 Ἰουδαίους
398 2104 404 2111 ·
428 2088 487 2126 ἐὰν
501 2091 597 2139 ὑμεῖς
621 2087 760 2138 μείνητε
781 2089 813 2125 ἐν
832 2090 882 2139 τῷ
899 2086 992 2140 λόγῳ
1010 2089 1060 2139 τῷ
1079 2089 1167 2138 ἐμῷ,
1296 2086 1543 2124 crediderunt
1572 2088 1607 2122 ei
1636 2086 1793 2123 chdaeos
1813 2100 1824 2120 .·
1843 2083 1882 2121 Si
1912 2096 1984 2120 ‘vos
2012 2084 2231 2119 manseritis

197 2152 333 2197 ἀληθῶς
373 2149 528 2200 μαθηταί
569 2166 633 2200 μου
670 2148 766 2195 ἐστὲ,
805 2149 864 2186 καὶ
899 2148 1074 2200 γνώσεσθε
1104 2147 1167 2193 τὴν
1292 2150 1335 2184 in
1362 2160 1537 2184 sermone
1569 2160 1664 2192 meo,
1686 2159 1778 2183 vere
1793 2144 1974 2196 discipuli
1998 2146 2073 2180 mei
2107 2144 2225 2185 eritis,

197 2211 373 2259 ἀλήθειαν,
394 2210 454 2248 καὶ
468 2213 490 2256 ἢ
509 2210 655 2257 ἀλήθεια
679 2208 900 2261 ἐλευθερώσει
917 2211 1018 2259 ὑμᾶς.
1292 2209 1356 2246 52.
1378 2217 1413 2246 et
1435 2210 1671 2260 cognoscetis
1687 2209 1906 2252 veritatem,
1918 2214 1955 2243 et
1969 2207 2118 2243 veritas
2136 2204 2227 2241 libe-

1293 2271 1396 2309 rabit
1411 2283 1495 2308 vos.

196 2396 336 2442 Πολλῆς
371 2399 547 2447 ὑπομονῆς
577 2398 687 2436 δεῖται
708 2398 752 2436 τὰ
777 2398 956 2450 ἡμέτερα,
979 2395 1167 2449 ἀγαπητοί.
1294 2395 1329 2429 1.
1360 2393 1477 2431 Multa
1496 2392 1597 2430 nobis
1622 2391 1792 2444 patientia
1820 2404 1908 2441 opus
1929 2398 1992 2437 est,
2006 2387 2140 2425 djlecti.
2161 2388 2227 2424 Pa-

142 2458 186 2495 ‘H
202 2457 402 2507 δὲὺπομονὴ
416 2458 560 2509 γίνεται,
570 2458 651 2497 ὅταν
661 2459 752 2497 κατὰ
762 2460 885 2510 βάθους
897 2459 1112 2511 ἐῤῥιζωμένα
1125 2458 1169 2496 τὰ
1238 2453 1359 2492 tientia
1387 2464 1505 2492 autem
1536 2463 1620 2491 tunc
1642 2452 1862 2503 acquiritur,
1890 2464 1972 2488 cum
1998 2449 2164 2500 dogmata
2192 2448 2228 2485 in

143 2518 301 2569 δόγματα
320 2512 355 2569 ᾗ.
389 2519 559 2571 Καθάπερ
579 2518 646 2570 γὰρ
661 2519 723 2566 τὴν
742 2521 820 2573 δρῦν
837 2520 899 2565 τὴν
918 2522 965 2563 εἷς
980 2519 1057 2561 τοὺς
1072 2519 1169 2556 κάτω
1191 2520 1212 2549 Β
1240 2514 1344 2552 corde
1358 2514 1495 2552 radices
1513 2514 1731 2565 egerunt.Ut
1749 2512 1842 2550 enim
1858 2525 2028 2562 quercum
2042 2509 2229 2562 profundis

143 2579 292 2621 κόλπους
307 2581 465 2630 ἀφιεῖσαν
483 2578 545 2622 τὰς
563 2579 656 2632 ῥίζας
671 2580 730 2617 καὶ
745 2580 1060 2633 περισφιγγομένην
1080 2579 1169 2630 μετὰ
1237 2574 1448 2612 instructam
1475 2574 1658 2612 radicibus
1680 2573 1816 2624 quaevis
1842 2572 1940 2611 venti
1962 2571 2130 2609 violentia
2160 2584 2230 2607 non

145 2636 345 2690 ἀκριὲείας,
368 2638 476 2681 οὐδεὶς
503 2639 626 2689 ἄνεμος
647 2639 855 2692 προσπεσὼν
883 2639 1085 2678 ἀνασπάσαι
1106 2641 1169 2677 ὃυ-
1239 2635 1376 2673 evellit:
1398 2634 1447 2672 sic
1460 2635 1614 2672 animam
1639 2633 1763 2671 divino
1792 2633 1971 2671 confixam
1986 2632 2113 2669 timore
2129 2645 2231 2669 nemo

143 2698 306 2745 νήσεται·
338 2697 427 2736 οὕτω
460 2698 500 2745 δὴ
529 2700 589 2737 καὶ
610 2699 673 2746 τὴν
694 2699 810 2752 ψυχὴν
833 2699 894 2746 τὴν
917 2700 1168 2750 καθηλωμένην
1239 2695 1368 2748 poterit
1400 2704 1585 2733 evertere:
1616 2695 1728 2732 clavis
1759 2694 1854 2732 enim
1877 2693 2031 2731 affixum
2057 2707 2130 2730 esse
2152 2707 2229 2730 am-

143 2761 193 2809 τῷ
208 2763 267 2797 τοῦ
287 2760 378 2797 Θεοῦ
396 2758 504 2811 φόὸῳ,
521 2759 630 2802 οὐδεὶς
646 2760 851 2813 περιτρέψαι
867 2759 1049 2805 δυνήσεται
1067 2774 1075 2782 ·
1110 2764 1169 2797 τοῦ
1239 2757 1334 2808 plius
1368 2766 1432 2803 est,
1459 2771 1565 2807 quam
1596 2755 1796 2793 radicatum
1832 2769 1916 2793 esse.
1947 2754 1989 2792 Id
2020 2754 2232 2806 precabatur

143 2818 210 2871 γὰρ
238 2821 462 2871 ἐρριζῶσθαι,
486 2820 526 2858 τὸ
553 2822 779 2867 καθηλῶσθαι
810 2820 914 2858 πλεόν
938 2819 1022 2858 ἐστί.
1057 2821 1170 2858 Τοῦτο
1237 2820 1423 2872 propheta,
1443 2820 1603 2872 Confige
1620 2822 1756 2857 timore
1781 2828 1846 2857 tuo
1872 2832 2010 2857 carnes
2033 2831 2151 2856 meas.
2173 2818 2231 2856 Sic

146 2884 224 2930 γοῦν
243 2883 260 2917 ὃ
279 2879 461 2931 προφήτης
481 2881 621 2932 εὔχεται
633 2912 643 2929 ,
671 2880 798 2933 λέγων·
818 2881 1031 2927 Καθήλωσον
1054 2883 1092 2919 ἐκ
1110 2885 1168 2919 τοῦ
1239 2889 1272 2917 et
1291 2889 1331 2917 tu
1350 2880 1488 2931 confige
1508 2889 1541 2918 et
1553 2880 1676 2933 alliga,
1697 2879 1798 2931 quasi
1822 2880 1923 2918 clavo
1943 2879 2050 2917 altius
2067 2880 2230 2932 impacto.

144 2939 250 2990 φόδου
274 2955 333 2977 σου
355 2939 416 2983 τὰς
445 2942 576 2992 σάρκας
599 2958 678 2993 μου.
696 2942 800 2980 Οὕτω
822 2942 881 2980 καὶ
902 2941 942 2980 σὺ
965 2943 1168 2989 καθήλωσον
1240 2943 1290 2980 Ut
1311 2942 1406 2979 enim
1427 2942 1477 2979 sic
1509 2942 1626 2980 affecti
1645 2943 1712 2981 vix
1727 2942 1926 2994 capiantur,
1954 2942 2004 2979 sic
2018 2956 2117 2979 secus
2133 2955 2231 2979 com-

144 2999 203 3038 καὶ
219 2999 383 3062 stiva-pov,
397 3003 524 3040 ὡσανεὶ
539 3003 615 3055 ἥλῳ
631 3003 1007 3056 προσπεπερονημένοι.
1028 3003 1168 3056 ζὨσπερ
1240 3003 1348 3055 positi
1377 3012 1482 3055 captu
1519 3004 1662 3053 faciles,
1696 3003 1796 3041 nullo
1827 3003 1969 3054 negotio
2003 3002 2231 3055 dejiciuntur.

143 3060 211 3112 γὰρ
231 3064 326 3098 οὗτοι
348 3062 565 3111 δυσάλωτοι,
585 3063 692 3108 οὕτως
713 3068 743 3103 οἱ
761 3065 908 3102 ἐναντίοι
931 3065 1096 3103 εὐάλωτοι
1115 3065 1168 3116 γί-
1241 3064 1349 3111 Quod
1363 3074 1448 3103 tunc
1463 3065 1580 3105 Judaei
1604 3065 1698 3117 passi
1713 3074 1806 3103 sunt.
1831 3065 1921 3102 Cum
1941 3064 2120 3101 audissent
2140 3063 2232 3100 enim

144 3138 260 3160 νονται
290 3122 350 3160 καὶ
377 3126 693 3176 καταῤῥιπτοῦνται
724 3124 865 3177 ῥᾳδίως·
887 3125 996 3178 ὃὸπερ
1015 3126 1075 3164 καὶ
1093 3126 1170 3165 τότε
1243 3136 1276 3165 et
1292 3126 1667 3177 credidissent,rursus
1685 3126 1798 3165 eversi
1813 3134 1906 3163 sunt.
1925 3126 2015 3163 Cum
2029 3139 2111 3176 ergo
2127 3124 2235 3161 fidem

145 3183 298 3235 ἔπασχον
318 3186 349 3221 οἱ
372 3184 546 3224 Ἰουδαῖοι.
564 3186 790 3230 Ἀκούσαντες
803 3187 870 3239 γὰρ
887 3187 946 3225 καὶ
962 3187 1169 3226 πιστεύσαν-
1191 3188 1215 3216 (¹.
1240 3188 1387 3226 illorum
1402 3188 1566 3226 Christus
1582 3187 1776 3225 firmiorem
1796 3186 1942 3224 reddere
1952 3185 2072 3233 vellet,
2090 3185 2234 3222 neultra

143 3260 200 3286 τες
214 3274 224 3291 ,
257 3245 361 3282 πάλιν
385 3245 635 3298 ἐξετράπησαν.
666 3247 880 3299 Βουλόμενος
901 3242 957 3286 οἶν
977 3248 1168 3299 ἐμὸαθῦναι
1240 3248 1277 3286 in
1298 3249 1372 3287 sola
1392 3249 1579 3301 superficie
1607 3257 1778 3298 maneret,
1787 3246 2048 3286 vehementiore
2075 3259 2234 3283 sermone

144 3303 206 3350 τὴν
236 3304 353 3343 πίστιν
380 3308 492 3344 αὐτῶν
509 3310 527 3345 ὁ
546 3308 709 3360 Χριστὸς,
729 3308 818 3347 ὥστε
837 3308 885 3359 μὴ
904 3308 1112 3348 ἐπιπολαίαν
1129 3303 1178 3348 5.-
1232 3309 1394 3348 animum
1407 3310 1571 3362 configit.
1593 3309 1826 3357 Credentium
1841 3307 1935 3346 enim
1950 3316 2025 3345 erat
2039 3306 2232 3358 reprehen-

190 3420 202 3434 ι·
226 3409 346 3442 Morel.
365 3416 475 3457 ὥσπερ,
490 3413 598 3445 minus
612 3420 712 3446 recte.

2250 2809 2335 2836 Psal.
2366 2808 2432 2839 1¹8·

2252 2859 2317 2878 120.
