2481 3678
706 192 748 221 IN
785 192 994 222 mmmm
1032 191 1186 222 nomm.
1226 192 1341 221 xmx.
1379 179 1440 223 al.
1479 196 1636 225 XLVIII.

131 268 375 317 διδασκαλίας,
400 271 543 323 πότερον
571 273 610 310 ἐκ
631 275 689 310 τοῦ
713 275 804 312 Θεοῦ
829 275 934 319 ἐστιν,
955 273 976 319 ἢ
996 272 1065 324 ἐγὼ
1086 275 1146 310 ἀπ’

133 331 284 379 ἐμαυτοῦ
303 332 410 370 λαλῶ.
425 331 474 369 ⁰0
498 332 533 371 δὲ
555 332 658 383 λέγει,
677 333 778 371 τοῦτο’
792 336 877 372 ἐστι·
897 334 961 380 τὴν
981 332 1147 385 πονηρίαν

126 389 161 433 ἐξ
184 393 312 429 ἑαυτῶν
339 391 525 440 ἐκὸάλετε,
546 393 604 431 καὶ
627 393 688 441 τὴν
711 394 831 445 ὀργὴν,
859 394 918 433 καὶ
937 393 993 431 τὸν
1015 392 1148 444 φθόνον,

127 451 186 488 καὶ
206 452 245 489 τὸ
265 459 363 503 μῖσος
387 454 426 491 τὸ
446 456 520 505 εἰκῇ
539 455 623 507 πρὸς
640 455 700 506 ἐμὲ
716 456 956 507 γεγενημένον,
974 455 1034 493 καὶ
1053 453 1146 493 οὐδὲν

125 511 164 548 τὸ
191 512 322 551 κωλύον
345 517 434 563 ὑμᾶς
462 515 647 568 γνωρίσαι,
677 516 729 554 ὅτι
748 518 840 554 Θεοῦ
870 515 974 558 ὄντως
1002 515 1074 552 ἐστὶ
1103 514 1146 552 τὰ

122 571 268 623 ῥήματα
292 574 336 612 τὰ
362 576 441 625 ἐμοί.
473 577 542 614 Νῦν
565 576 625 627 μὲν
648 576 715 628 γὰρ
731 579 810 627 ὑμῖν
825 581 933 614 ταῦτα
953 578 1145 622 ἐπισκοτεῖ,

123 633 181 670 ms?
212 634 275 681 τὴν
304 636 407 687 ὀρθὴν
437 636 624 690 διαφθείρει
654 637 766 689 κρίσιν
795 635 1024 686 λα’μπουσαν·
1049 635 1089 672 ἂν
1111 635 1145 673 δὲ

121 700 233 734 ταῦτα
262 697 420 745 ἐξέλητε,
440 701 501 737 οὐκ
527 698 578 736 ἔτι
606 704 705 737 τοῦτο
730 696 901 735 πείσεσθε.
933 697 1024 734 Ἀλλ’
1056 696 1145 735 οὕτω

124 755 185 806 μὲν
205 759 266 795 οὐκ
281 752 392 796 εἶπεν·
414 759 540 806 ἔπληξε
557 759 623 810 γὰρ
641 757 680 796 ἂν
696 755 816 799 αὐτοὺς
834 756 1008 809 σφοδρῶς·
1029 756 1145 794 πάντα

122 819 157 857 δὲ
177 825 284 859 ταῦτα
299 820 440 872 ᾐνίξατο
462 820 517 858 διὰ
530 825 589 858 τοῦ
609 823 714 858 εἰπεῖν
726 850 736 868 ,
759 817 803 857 ‘O
823 822 931 857 ποιῶν
951 818 990 856 τὸ
1009 818 1144 868 θέλημα

122 883 240 929 αὐτοῦ,
273 881 443 933 γνώσεται
461 881 541 935 περὶ
565 885 628 928 τῆς
658 882 804 932 διδαχῆς
819 910 828 927 ,
861 879 1005 932 πότερον
1027 882 1065 918 ἐκ
1084 882 1143 917 τοῦ

121 944 213 980 Θεοῦ
239 943 344 990 ἐστιν,
365 941 386 988 ἢ
408 941 475 994 ἐγὼ
501 944 562 980 ἀπ’
589 945 740 993 ἐμαυτοῦ
764 944 877 981 λαλῶ·
903 941 1092 987 τουτέστιν,
1121 942 1142 987 ἢ

120 1002 188 1053 ἐγὼ
217 1003 396 1054 ἀλλότριόν
428 1019 461 1041 τι
485 1003 545 1041 καὶ
568 1003 658 1047 ξένον
683 1004 743 1042 καὶ
763 1004 915 1042 ἐναντίον
934 1003 1141 1056 φθέγγομαι.

119 1066 152 1102 Τ
155 1064 171 1102 ὸ
190 1063 269 1118 γὰρ,
286 1065 360 1103 Ἀπ’
384 1067 534 1116 ἐμαυτοῦ
548 1096 557 1113 ,
574 1065 627 1103 ἀεὶ
645 1065 701 1104 ἐπὶ
715 1070 815 1104 τοῦτο
831 1071 963 1111 κεῖται,
980 1064 1032 1103 ὅτι
1046 1064 1142 1103 οὐδὲν

119 1125 184 1169 ἔξω
215 1128 283 1164 τῶν
321 1129 413 1179 αὐτῷ
447 1126 634 1165 δοκούντων
664 1127 778 1178 λέγω,
812 1125 902 1164 ἀλλὰ
934 1125 1048 1164 πάντα
1077 1126 1098 1164 ἃ
1125 1129 1142 1164 ὃ

120 1187 247 1240 Πατὴρ
275 1187 452 1239 βούλεται,
479 1192 586 1226 ταῦτα
614 1187 723 1239 κάγώ.
748 1187 833 1226 Ἐάν
862 1204 914 1230 τις
943 1187 980 1225 τὸ
1007 1187 1143 1237 θέλημα

119 1251 222 1288 αὐτοῦ
238 1253 333 1302 ποιῇ,
347 1249 517 1300 γνώσεται
531 1249 611 1302 περὶ
627 1253 688 1296 τῆς
702 1250 858 1301 διδαχῆς.
870 1249 917 1288 Τι’
932 1249 1141 1313 ἐστινζἚοίν

116 1327 168 1354 τις
188 1311 226 1349 τὸ
246 1311 381 1362 θέλημα
404 1313 506 1349 αὐτοῦ
538 1314 643 1363 ποιῇ,
676 1311 761 1348 Ἔοὶν
789 1327 842 1354 τις
864 1310 1012 1362 ἐραστὴς
1034 1315 1054 1363 ἠ
1081 1315 1139 1350 τοῦ

120 1372 194 1423 βίου
213 1377 272 1410 τοῦ
291 1374 369 1410 κατ’
386 1371 525 1424 ἀρετὴν,
547 1373 677 1410 εἴσεται
696 1375 764 1409 τῶν
782 1372 980 1423 λεγομένων
995 1370 1058 1417 τὴν
1084 1371 1140 1409 δό-

116 1450 236 1484 ναμιν·
259 1434 316 1472 ἓοίν
336 1450 389 1477 τις
404 1434 485 1485 θέλῃ
503 1433 686 1487 προσέχειν
705 1439 780 1476 ταῖς
795 1432 1043 1485 προφητείαις,
1075 1432 1138 1470 πό-

114 1511 210 1548 τερον
228 1498 303 1533 κατ’
325 1494 430 1538 αὐτὰς
447 1496 555 1543 λαλῶ,
570 1493 655 1540 ἢοῦ.
938 1552 939 1555 ¹

165 1559 250 1601 Πῶς
269 1556 304 1595 δὲ
328 1559 429 1595 αὐτοῦ
451 1556 510 1594 καὶ
529 1559 589 1595 οὐκ
614 1559 741 1604 αὐτοῦ,
762 1559 815 1595 Οὐ
827 1557 894 1610 γὰρ
911 1551 1016 1604 εἶπεν,
1039 1560 1059 1604 ἦ
1082 1560 1136 1596 δι-

113 1619 287 1658 δασκαλία
315 1618 401 1665 αὕτη
422 1621 482 1657 οὐκ
501 1618 593 1657 ἔστιν
615 1618 683 1669 ἐμή
695 1635 701 1642 ·
724 1618 814 1657 ἀλλὰ
830 1619 995 1671 πρότερον
1017 1618 1137 1665 εἰπὼν,

112 1681 164 1718 ὅτι
181 1679 275 1730 Ἐμή
293 1682 383 1727 ἐστι,
399 1680 458 1718 καὶ
478 1679 742 1730 οἰκειωσάμενος
758 1679 876 1727 αὐτὴν,
900 1680 979 1718 τότε
996 1681 1134 1732 ἐπήγα-

111 1758 182 1793 γεν,
203 1743 281 1779 Οὐκ
302 1741 393 1780 ἔστιν
414 1741 496 1792 ἐμή.
515 1743 599 1784 Πῶς
614 1735 671 1779 οῦν
695 1741 734 1779 τὸ
758 1741 839 1779 αὐτὸ
862 1740 1004 1779 δύναται
1024 1736 1110 1781 εἶναι
1125 1774 1134 1791 ,

110 1803 169 1841 καὶ
191 1806 315 1850 αὐτοῦ,
335 1803 394 1842 καὶ
416 1805 477 1842 οὐκ
497 1805 617 1850 αὐτοῦ,
641 1805 755 1841 Αὐτοῦ
777 1801 850 1853 μὲν,
871 1801 923 1840 ὅτι
944 1805 991 1846 ὡς
1012 1803 1059 1854 μὴ
1081 1806 1134 1842 δι-

110 1865 322 1916 δασκόμενος
338 1864 451 1917 ἔλεγεν
465 1880 472 1888 ·
494 1867 555 1903 οὐκ
575 1867 677 1903 αὐτοῦ
700 1865 752 1912 δὲ,
779 1864 831 1902 ὅτι
849 1868 908 1902 τοῦ
932 1865 1073 1916 Πατρὸς
1092 1860 1133 1913 ἦν

109 1930 130 1973 ἡ
155 1926 375 1966 διδασκαλία.
394 1928 478 1969 Πῶς
498 1921 554 1964 οῦν
576 1926 692 1978 λέγει,
712 1926 838 1964 Πάντα
856 1925 900 1963 τὰ
921 1931 980 1964 τοῦ
994 1928 1135 1981 Πατρὸς

109 1989 178 2038 ἐμά
193 1991 285 2037 ἐστι,
309 1988 368 2026 καὶ
389 1987 433 2026 τὰ
452 1987 520 2038 ἐμὰ
540 1990 660 2035 αὐτοῦ,
680 1989 725 2026 Εἰ
742 1986 809 2040 γὰρ
829 1987 947 2034 ἐπειδὴ
967 1993 1026 2026 τοῦ
1048 1990 1132 2027 Πα-

108 2050 187 2103 τρός
205 2051 300 2097 ἐστι,
321 2049 377 2087 διὰ
399 2054 498 2087 τοῦτο
516 2050 578 2086 οὒκ
596 2048 668 2086 ἔστι
694 2048 760 2097 σὴ,
782 2050 903 2101 ψεῦδος
924 2051 1052 2087 ἐκεῖνο·
1075 2049 1131 2088 διὰ

105 2115 205 2149 τοῦτο
227 2112 293 2164 γὰρ
310 2111 452 2163 ὤφειλεν
471 2104 557 2148 εἶναι
577 2110 632 2157 σή.
647 2110 752 2149 Ἀλλὰ
771 2110 828 2158 τὸ,
845 2111 924 2148 Οὐκ
944 2111 1032 2161 ἐμὴ,
1050 2111 1130 2164 σφό-

107 2173 172 2225 δρα
206 2175 309 2210 αὐτοῦ
339 2172 473 2210 καὶτοῦ
496 2172 635 2226 Πατρὸς
659 2171 740 2222 μίαν
763 2165 849 2209 εἶναι
869 2172 967 2219 δηλοῖ
985 2171 1047 2219 τὴν
1074 2174 1128 2210 δι-

105 2233 214 2285 δαγήν
230 2249 238 2256 ·
255 2234 382 2272 ὡσανεὶ
402 2233 516 2282 ἔλεγεν
528 2250 535 2257 ·
558 2232 654 2271 οὐδὲν
672 2233 744 2285 ἔχει
759 2234 1063 2285 παρηλλαγμένον,
1081 2237 1127 2278 ὡς

103 2279 219 2347 ἑτέρου
236 2289 333 2333 οῦσα.
349 2297 393 2334 Εἰ
407 2295 474 2349 γὰρ
493 2295 552 2334 καὶ
567 2299 588 2342 ἦ
605 2295 794 2338 ὑπόστασις
814 2295 901 2342 ἄλλη
915 2326 924 2342 ,
947 2297 1022 2333 ἀλλ’
1038 2295 1126 2334 οὕτω

101 2357 161 2394 καὶ
180 2357 271 2409 λέγω
298 2357 358 2394 καὶ
386 2357 548 2410 πράττω,
574 2359 621 2400 ὡς
649 2356 697 2407 μὴ
717 2356 916 2407 νομίζεσθαι
946 2356 1062 2408 ἕτερόν
1092 2373 1125 2395 τι

1167 706 1193 738 C

1158 1927 1181 1956 Μ

2180 194 2201 204 .-

2116 193 2202 236 535)

1222 286 1333 323 quar.
1354 272 1431 310 Hoc
1446 276 1737 326 cst,Nequitiam,
1755 278 1857 319 iram.
1872 281 2045 319 invidiam
2066 285 2201 335 ejicite,

1219 345 1352 370 necnon
1369 333 1491 372 odium
1511 336 1608 385 quod
1630 347 1751 375 contra
1765 353 1821 376 me
1839 340 1913 378 sine
1930 356 2033 380 causa
2051 347 2205 397 suscepi-

1220 392 1294 443 stis,
1311 401 1343 430 et
1368 393 1459 431 nihil
1475 394 1645 447 impediet
1661 398 1747 449 quin
1765 402 1982 451 cognoscatis
2003 404 2108 442 verba
2129 420 2203 444 mea

1217 466 1300 491 vere
1310 453 1376 491 Dei
1397 469 1480 493 esse.
1495 457 1598 495 Nunc
1611 458 1687 496 haec
1707 473 1769 498 vos
1782 462 1934 500 tenebris
1953 464 2157 515 offundunt,
2173 477 2205 504 ot

1218 523 1354 552 rectum
1365 516 1461 567 apud
1469 531 1531 556 vos
1538 518 1716 570 judicium
1726 532 1931 573 pervertunt
1939 540 1950 574 3
1964 525 1992 562 si
2004 525 2079 564 haec
2091 527 2134 565 eli
2140 529 2205 566 mi-

1219 575 1320 623 netis,
1332 590 1400 614 non
1413 577 1505 616 illud
1520 579 1717 630 patiemini.
1730 583 1801 621 Sed
1815 598 1883 622 non
1899 585 1948 623 ita
1960 586 2127 637 loquutus
2141 598 2204 634 est,

1217 651 1261 675 ne
1284 639 1391 677 nimis
1418 640 1499 679 illos
1525 644 1801 695 perstringeret3
1828 661 1956 686 verum
1984 650 2059 688 ha‘c
2086 653 2203 690 omnia

1217 699 1469 750 subindicavit,
1487 716 1568 740 cum
1584 704 1731 757 diceret,
1753 708 1829 758 Qui
1839 711 1942 761 facit
1958 712 2204 750 voluntatem

1216 763 1312 813 ejus,
1331 773 1529 815 cognoscet
1548 766 1596 803 de
1611 768 1804 816 doctrina,
1826 779 1954 809 ulrum
1971 787 2017 810 etz·
2035 775 2119 811 Deo
2136 778 2198 821 sit,

1216 836 1269 858 an
1285 837 1353 874 ego
1374 838 1399 861 a
1426 828 1567 877 meipso
1591 828 1731 880 loquar
1741 847 1757 876 ;
1781 831 1820 869 id
1843 841 1914 882 est,
1932 835 2029 871 Num
2047 835 2203 873 alienum

1215 883 1317 935 quid,
1335 894 1396 922 aut
1409 899 1558 937 novum,
1581 898 1642 926 aut
1664 892 1882 930 contrarium
1903 895 2091 945 proferam.
2110 898 2202 935 Nam

1213 943 1318 995 illud,
1341 946 1383 983 A
1412 950 1567 999 meipSO,
1594 964 1732 1003 semper
1750 952 1794 989 ad
1822 953 1888 990 hoc
1907 955 2073 1004 refertur,
2102 957 2202 1007 quod

1213 1006 1303 1044 nihil
1319 1018 1446 1060 praeter
1462 1010 1635 1062 placitum
1650 1014 1726 1065 ejus
1740 1014 1865 1066 loquar
1880 1031 1891 1065 ;
1911 1016 1972 1054 sed
1989 1018 2105 1055 omnia
2122 1033 2201 1070 quse

1214 1070 1318 1106 Pater
1340 1070 1432 1120 vult,
1456 1071 1533 1109 hacc
1551 1082 1584 1110 et
1598 1088 1662 1125 ego
1684 1075 1778 1114 volo.
1797 1077 1838 1115 Si
1853 1081 1939 1129 quis
1961 1079 2200 1118 voluntatem

1213 1133 1294 1182 ejus
1313 1133 1464 1184 faciat,
1493 1145 1693 1185 cognoscet
1719 1139 1767 1174 de
1795 1140 1985 1177 doctrina.
2008 1141 2105 1186 Quid
2132 1142 2200 1180 sibi

1214 1191 1292 1230 vult
1309 1192 1411 1242 illud,
1431 1194 1471 1231 Si
1496 1198 1582 1246 quis
1602 1197 1846 1236 voluntatem
1866 1202 1949 1252 ejus
1963 1202 2099 1253 saciat
2113 1207 2129 1239 Ρ
2157 1202 2200 1240 Id

1212 1263 1276 1302 cst,
1290 1255 1329 1293 Si
1350 1255 1429 1305 quis
1450 1255 1595 1295 virtutis
1611 1257 1656 1295 sit
1680 1268 1830 1310 amator,
1848 1260 2028 1300 dictorum
2044 1264 2120 1302 vim
2140 1278 2198 1302 co-

1213 1324 1367 1365 gnoscet,
1393 1315 1422 1352 si
1447 1315 1526 1365 quis
1549 1317 1636 1355 velit
1667 1320 1862 1371 prophetiis
1892 1323 2083 1373 attendere,
2112 1339 2197 1363 num

1212 1378 1406 1416 seeundum
1425 1391 1481 1416 eas
1501 1378 1639 1431 loquar,
1663 1395 1779 1419 necne.

1262 1557 1300 1592 Q,
1332 1554 1522 1602 Quomodo
1544 1571 1606 1595 sua
1634 1572 1706 1596 esse
1726 1568 1861 1611 potest,
1885 1570 1918 1599 et
1938 1575 2007 1601 non
2027 1565 2114 1602 sua?
2130 1566 2199 1603 Ne-

1209 1630 1277 1667 que
1299 1617 1394 1654 enim
1421 1617 1532 1669 dixit,
1558 1620 1727 1658 Doctrina
1747 1622 1822 1660 hoec
1851 1637 1919 1660 non
1943 1633 1993 1662 est
2010 1639 2112 1675 mea,
2138 1627 2201 1664 sed

1207 1692 1289 1715 cum
1311 1678 1412 1730 prius
1428 1694 1541 1717 meam
1564 1680 1727 1733 dixisset,
1749 1692 1782 1720 et
1800 1683 1869 1721 sihi
1888 1685 2074 1737 propriam
2092 1688 2197 1726 fecis-

1206 1749 1272 1789 set,
1294 1750 1379 1778 tunc
1402 1740 1538 1793 intulit,
1558 1744 1649 1780 Non
1677 1753 1733 1782 est
1761 1759 1858 1783 mea.
1877 1746 2066 1792 Quomodo
2085 1759 2199 1801 potest

1206 1803 1366 1856 idipsum
1386 1819 1458 1842 esse
1481 1820 1587 1844 suum
1609 1816 1642 1845 et
1663 1821 1733 1845 non
1753 1809 1882 1846 suum?
1899 1811 1986 1861 Sua,
2013 1811 2097 1861 quia
2128 1827 2197 1851 non

1206 1866 1245 1903 id
1258 1866 1405 1904 edoctus
1427 1866 1592 1919 dicebat3
1613 1883 1683 1907 non
1701 1883 1778 1919 sua,
1797 1870 1881 1921 quia
1905 1871 2066 1910 doctrina
2081 1875 2196 1913 Patris

1205 1937 1293 1965 erat.
1315 1928 1502 1975 Quomodo
1519 1943 1602 1981 ergo
1621 1929 1724 1982 dicit,
1743 1933 1885 1970 Omnia
1903 1948 1988 1986 quoe
2004 1945 2095 1973 sunt
2109 1939 2194 1974 Pa-
2210 1951 2300 1978 luam
2329 1959 2377 1989 ¹7·

1206 1993 1274 2028 tris
1301 2005 1386 2028 mea
1413 1999 1517 2038 sunt,
1546 2000 1583 2029 et
1611 2007 1698 2044 qnoe
1725 2007 1823 2041 mea,
1856 1996 2016 2033 Patris?
2041 1997 2080 2035 Si
2100 1999 2195 2037 enim
2215 2000 2261 2020 ¹0·

1203 2051 1288 2100 quia
1305 2050 1420 2089 Patris
1436 2061 1501 2103 cst,
1519 2051 1596 2090 idco
1616 2066 1683 2091 non
1703 2063 1754 2091 est
1773 2063 1843 2103 tua,
1859 2056 1989 2094 falsum
2008 2067 2060 2095 est
2081 2058 2175 2097 illud
2181 2076 2192 2108 3

1203 2111 1281 2150 ideo
1301 2127 1455 2164 namque
1476 2122 1538 2151 tua
1567 2128 1639 2153 esse
1654 2115 1771 2153 dehet.
1794 2116 1864 2154 Sed
1886 2116 1994 2169 illud,
2016 2121 2106 2157 Non
2137 2131 2194 2159 est

1201 2187 1300 2222 mea,
1322 2188 1422 2212 suam
1438 2183 1472 2212 et
1491 2175 1606 2213 Patris
1626 2176 1846 2214 voluntatem
1865 2193 1972 2216 unam
1989 2193 2062 2218 esse
2080 2195 2134 2218 ma
2134 2183 2191 2233 jo-

1200 2249 1276 2272 rem
1294 2235 1330 2273 in
1350 2236 1496 2274 modum
1525 2236 1706 2288 declarat3
1730 2252 1770 2275 ac
1789 2238 1818 2276 si
1837 2238 1981 2288 diceret,
2001 2241 2103 2278 Nihil
2127 2243 2188 2279 ha-

1198 2296 1257 2333 bet
1281 2296 1482 2346 diversum,
1507 2298 1608 2348 quasi
1631 2298 1777 2336 alterius
1800 2309 1899 2337 esset.
1920 2301 2070 2339 Etiamsi
2092 2303 2186 2341 enim
2221 2327 2390 2367 Hypos‘mss

1197 2357 1401 2410 hypostasis
1420 2359 1465 2396 sit
1489 2359 1559 2396 alia
1573 2389 1583 2408 ,
1603 2360 1653 2397 sic
1670 2360 1807 2411 loquor,
1828 2361 1877 2399 sic
1899 2376 1977 2413 ago,
1998 2377 2041 2400 ne
2061 2364 2184 2402 existi-
2200 2369 2253 2438 apa
2268 2372 2386 2440 Ιξξῗικιέ,

2199 2422 2211 2438 u
2228 2421 2251 2439 la
2280 2422 2302 2440 ‘l
2318 2425 2350 2441 U.

101 2417 197 2469 παρὰ
217 2417 275 2455 τὸν
294 2417 438 2470 Πατέρα
451 2448 460 2465 ,
477 2418 566 2456 ἀλλὰ
584 2418 623 2455 τὸ
644 2418 726 2455 αὐτὸ
744 2417 829 2470 ὅπερ
850 2421 867 2455 ὃ
883 2417 1010 2470 Πατὴρ
1030 2413 1124 2457 εἶπεν
1138 2442 1185 2466 290
1197 2428 1313 2456 metur
1330 2419 1431 2457 aliud
1449 2434 1470 2457 a
1488 2420 1606 2470 Patre,
1631 2421 1692 2458 sed
1718 2421 1812 2458 idem
1830 2422 1948 2473 ipsum
1969 2424 2066 2474 quod
2080 2427 2185 2465 Pater

99 2478 120 2524 ἢ
140 2477 295 2530 ἔπραξεν.
317 2472 406 2516 Εἶτα
426 2479 486 2516 καὶ
506 2479 608 2516 ἄλλον
629 2478 750 2529 ἐπάγει
769 2480 1000 2529 συλλογισμὸν
1023 2482 1123 2518 ἀναν-
1147 2480 1172 2507 Α
1194 2481 1293 2532 facit,
1316 2490 1348 2519 et
1372 2481 1429 2532 agi
1452 2490 1485 2518 et
1503 2480 1587 2519 dici.
1615 2482 1751 2520 Deinde
1771 2483 1882 2521 alium
1904 2484 2049 2523 adducit
2067 2488 2180 2538 syllo-

100 2539 273 2591 τίῤῥητον,
293 2538 506 2591 ἀνθρώπινόν
523 2555 557 2577 τι
572 2539 740 2590 παράγων
759 2541 806 2582 εἷς
833 2539 950 2589 μέσον,
974 2541 1033 2578 καὶ
1055 2542 1124 2580 ἀπὸ

100 2603 168 2638 τῶν
184 2603 218 2639 ἐν
238 2600 402 2653 συνηθείᾳ
420 2600 605 2638 παιδεύων.
623 2600 669 2638 Τί
690 2599 724 2637 δὲ
741 2600 841 2638 τοῦτό
861 2603 973 2649 ἐστιν,
998 2602 1041 2640 ‘O
1065 2604 1123 2655 ἀφ’

100 2665 222 2701 ἑαυτοῦ
239 2664 367 2709 λαλῶν,
391 2661 453 2709 τὴν
482 2662 580 2706 δόξαν
600 2661 662 2708 τὴν
681 2661 770 2698 ἰδίαν
792 2664 897 2707 ζητεῖ.
917 2664 1119 2714 Τουτέστιν,

97 2727 138 2761 ⁰6
172 2723 378 2775 βουλόμενος
409 2723 497 2761 ἰδίαν
531 2723 609 2762 τινὰ
646 2726 772 2769 στῆσαι
806 2724 1046 2773 διδασκαλίαν,
1077 2728 1120 2765 δι’

97 2786 191 2824 οὐδὲν
215 2786 329 2837 ἕτερον
360 2784 539 2836 βούλεται,
561 2787 637 2823 ἀλλ’
655 2783 677 2831 ἢ
699 2784 796 2829 δόξαν
828 2787 866 2823 ἐκ
892 2785 1014 2824 τούτου
1034 2803 1118 2840 καρ-

95 2850 258 2884 ποῦσθαι.
278 2848 322 2884 Εἰ
343 2845 378 2884 δὲ
399 2845 466 2896 ἐγὼ
486 2847 523 2884 οὖ
548 2845 716 2898 βούλομαι
736 2845 990 2899 καρπώσασθαι
1006 2848 1117 2898 δόξαν,

94 2896 185 2951 τίνος
205 2907 318 2945 ἕνεκεν
336 2907 424 2945 ἰδίαν
439 2907 516 2946 τινὰ
538 2907 708 2959 βούλομαι
724 2911 852 2955 στῆσαι
873 2909 1117 2959 διδασκαλίαν;

94 2967 138 3006 Ὁ
160 2969 216 3020 ἀφ’
244 2971 366 3005 ἑαυτοῦ
384 2969 500 3006 λαλῶν
514 2985 522 2992 ·
550 2968 744 3017 τουτέστιν,
763 2972 779 3007 ὃ
799 2969 883 3007 ἴδιόν
902 2987 936 3008 τι
960 2973 1020 3010 καὶ
1048 2990 1117 3011 πα-

95 3029 350 3081 ρηλλαγμένον,
387 3028 444 3067 διὰ
471 3033 571 3068 τοῦτο
590 3032 709 3078 λαλεῖ,
729 3030 786 3068 ἵνα
805 3030 867 3078 τὴν
893 3032 990 3076 δόξαν
1012 3035 1116 3072 αὐτοῦ

93 3089 218 3142 στήσῃ.
239 3092 281 3128 Εἰ
301 3089 336 3129 δὲ
360 3090 429 3142 ἐγὼ
445 3090 516 3136 τὴν
539 3090 637 3136 δόξαν
653 3096 712 3130 τοῦ
730 3093 932 3145 πέμψαντός
954 3111 996 3145 με
1017 3097 1127 3143 ζητῶ,

1195 2542 1364 2593 gismum,
1392 2542 1449 2579 cui
1472 2541 1667 2579 contradici
1687 2553 1850 2594 nequeat,
1872 2545 2028 2584 humano
2047 2556 2081 2585 et
2098 2563 2180 2587 cou-

1194 2613 1291 2641 sueto
1303 2603 1466 2655 exemplo
1480 2603 1619 2641 nixum.
1633 2604 1824 2650 Quodnam
1837 2605 1928 2644 illud
1944 2608 2019 2645 est?
2032 2610 2046 2645 1
2057 2609 2092 2647 S.
2106 2612 2182 2661 Qui

1194 2679 1218 2702 a
1246 2667 1367 2716 seipso
1397 2665 1587 2716 loquitur,
1617 2668 1812 2717 propriam
1832 2667 1998 2718 gloriam
2023 2675 2174 2722 (facerit.

1192 2726 1235 2764 Id
1265 2736 1330 2777 est,
1357 2726 1429 2772 Qui
1451 2726 1530 2764 vult
1552 2727 1621 2764 sibi
1648 2727 1833 2780 propriam
1859 2739 2010 2770 statuere
2037 2733 2175 2772 doctri-

1191 2802 1287 2838 nam,
1303 2788 1393 2826 nihil
1411 2787 1510 2825 aliud
1524 2797 1635 2840 optat,
1651 2803 1760 2839 quam
1778 2799 1818 2827 ut
1837 2791 1905 2829 sibi
1923 2792 2074 2843 gloriam
2093 2796 2176 2833 hinc

1189 2850 1316 2902 pariat.
1346 2849 1384 2887 Si
1415 2858 1533 2886 autem
1560 2863 1624 2901 ego
1644 2851 1725 2888 nolo
1751 2851 1841 2889 mihi
1862 2853 2014 2904 gloriam
2036 2871 2173 2907 parere,

1191 2926 1254 2949 cur
1277 2911 1462 2964 propriam
1483 2910 1682 2949 doctrinam
1703 2922 1857 2951 statuere
1876 2916 2011 2967 cupio?
2050 2920 2126 2968 Qui
2148 2935 2173 2957 ιι

1188 2975 1387 3024 semetipso
1405 2974 1600 3025 loquitur;
1621 2973 1656 3011 id
1681 2983 1746 3024 est,
1769 2975 1842 3022 Qui
1866 2975 2050 3016 diversum
2067 2980 2173 3029 quid-

1187 3034 1284 3086 piam
1313 3044 1346 3072 et
1372 3035 1441 3073 sibi
1462 3035 1647 3087 proprium
1679 3036 1806 3087 affert,
1838 3037 1919 3076 ideo
1948 3038 2107 3089 loquitur
2135 3051 2172 3078 ut

1186 3097 1336 3149 gloriam
1356 3097 1425 3135 sibi
1444 3106 1558 3149 paret.
1579 3097 1617 3135 Si
1641 3107 1758 3136 autem
1786 3113 1849 3150 ego
1879 3114 1998 3150 qua‘ro
2021 3102 2172 3151 gloriam

91 3151 180 3195 τίνος
200 3151 313 3190 ἕνεκεν
343 3152 382 3189 ἂν
411 3151 554 3203 ἑλοίμην
586 3153 687 3206 ἕτερα
716 3155 912 3203 &fiio->esum
938 3156 1045 3208 Ὁρᾷς
1060 3157 1113 3195 ὅτι
1134 3168 1159 3199 Β
1185 3159 1260 3210 ejus
1281 3158 1343 3208 qui
1366 3158 1463 3196 misit
1482 3172 1549 3206 me,
1570 3172 1632 3195 cur

118 3213 127 3225 π
156 3212 164 3225 l
281 3208 302 3228 Ὗ
358 3215 398 3229 κ)
432 3215 445 3229 ν)
546 3214 553 3227 t
586 3218 595 3230 5
638 3222 650 3228 a
846 3217 873 3232 *xx
930 3220 939 3232 ³
972 3218 980 3230 ³
1004 3221 1013 3233 c
1100 3223 1121 3231 a·

93 3228 188 3250 αἰτία
207 3229 258 3256 τις
279 3230 334 3261 ην,
355 3228 387 3252 Ol.
427 3231 467 3260 ην
498 3231 559 3252 καὶ
581 3232 650 3255 ἕχει
676 3217 771 3269 ἔλΞγΞ
789 3234 968 3270 μ’ῄῠενῳαφ
1000 3235 1121 3258 ΞαυῖΟυ

1184 3220 1288 3257 illum
1311 3219 1465 3270 quadam
1490 3219 1534 3257 de
1563 3233 1628 3257 cau

136 3360 148 3376 a
172 3350 287 3383 Morel.
307 3355 516 3395 ὀβουλὸμενος
532 3358 581 3400 ἄρ’
609 3357 714 3390 ἑαυτοῦ
732 3359 841 3399 λέγειν,
860 3359 896 3391 δι’
923 3359 1002 3391 οὐδὲν
1026 3361 1126 3404 ἕτερον
1142 3361 1302 3403 βούλεται,
1321 3362 1390 3392 ἀλλ’
1408 3363 1424 3397 ἦ
1443 3360 1529 3397 δόξαν
1550 3361 1580 3390 ἐν.
1598 3371 1632 3391 το

285 3427 377 3450 TUM.
413 3428 469 3451 Vll
482 3430 505 3452 1.
