2450 3683
268 212 309 239 x't
1176 210 1401 240 Pittssklx'rto
1412 231 1420 240 .

268 293 399 330 Filium
420 292 614 331 substantia
634 292 787 330 similem
802 304 874 329 esse
891 291 1009 339 Patri,
1031 290 1266 328 similitudine
1284 291 1488 343 imperfecta
1506 292 1621 344 qualis
1643 303 1759 346 posset
1776 308 1849 332 0550
1868 304 2036 333 creatura:
2059 295 2104 333 ad
2130 297 2344 347 Creatorem,

265 356 432 407 imaginis
445 355 491 393 ad
506 364 644 408 typum.
664 354 860 405 Imaginem
877 367 1002 404 nempe
1016 361 1049 390 et
1063 352 1336 391 similitudinem
1352 354 1453 392 illam
1474 364 1575 393 extra
1597 356 1725 404 Deum,
1744 371 1764 394 a
1783 358 1857 395 Deo
1873 357 2003 395 factam
2018 372 2090 396 esse
2102 358 2291 409 dicebant,
2308 369 2341 397 et

266 420 331 458 Dei
353 419 555 457 substantiae
577 418 728 456 similem
752 431 838 465 esse,
859 425 1030 466 quatenus
1049 424 1162 467 potest
1185 429 1239 454 res
1258 425 1358 454 extra
1386 419 1503 455 Deum
1520 427 1654 469 creata,
1672 418 1849 457 Creatoris
1874 420 2081 458 substantiae
2105 435 2180 459 esse
2202 421 2343 459 similis.

265 483 311 520 Hi
326 497 410 522 vero
424 482 563 520 nomine
579 490 716 518 tantum
731 489 831 518 tenus
844 479 890 516 ab
905 478 1045 516 Arianis
1060 478 1223 530 perfectis
1237 479 1459 518 differebant.
1480 482 1558 519 Non
1573 481 1667 520 enim
1681 491 1842 534 poterant
1858 483 1981 521 Ariani
1999 497 2127 535 negare
2145 484 2207 535 qui
2224 484 2342 524 Evan-

265 546 395 597 gelium
416 545 666 594 admittebant,
687 540 1130 594 aliquamsimilitudinem
1145 541 1388 594 imperfectam
1406 558 1479 583 esse
1492 558 1596 597 posse
1615 545 1706 584 iuter
1728 555 1906 584 creaturas
1929 555 1963 584 et
1985 547 2212 586 Creatorem:
2232 561 2344 598 quan-

263 609 456 660 doquidem
476 608 511 645 in
533 607 729 657 Evangelio
750 606 914 653 habetur,
938 607 988 643 Ut
1007 606 1090 643 sitis
1109 606 1256 644 similes
1273 608 1404 647 Patris
1420 610 1554 656 vestri,
1570 617 1638 647 etc.

319 673 377 710 Ex
392 671 619 709 Semiarianis
643 685 728 709 vero
746 669 829 718 alii,
853 683 1005 720 quorum
1032 668 1283 720 antesignanus
1305 679 1378 708 erat
1398 671 1554 710 Basilius
1583 673 1813 725 Aneyranus,
1836 672 1875 711 τὸ
1895 672 2123 723 ὃμοιοούσιον,
2146 687 2271 726 nempe
2289 674 2343 712 sim

265 735 503 774 militudinem
522 733 739 781 substantiae,
753 733 858 783 longe
870 732 941 770 alio
960 731 1066 770 modo
1086 732 1417 785 interpretabantur.
1435 734 1690 773 Omnimodam
1707 735 1838 787 quippe
1853 735 2126 774 similitudinem
2139 736 2345 774 substantia)

264 798 297 835 in
314 800 416 835 Patre
429 807 534 847 atque
549 796 640 834 Filio
661 795 915 833 admittebant:
930 795 969 833 τὸ
984 794 1166 846 ὁμοούσιον
1187 810 1284 845 vero,
1314 796 1388 835 sive
1416 797 1802 835 consubtantialitatem
1819 797 1935 836 Patris
1950 807 1984 836 et
2004 798 2087 836 Filii
2113 799 2338 851 rejiciebant3

262 872 292 899 et
309 860 453 912 quidem
473 860 595 898 multis
609 859 653 897 de
669 859 783 897 causis
801 873 890 909 quas
904 867 1057 896 recenset
1076 867 1108 896 et
1128 859 1285 897 confutat
1308 860 1521 898 Athanasius
1548 860 1641 898 libro
1659 859 1704 898 de
1725 860 1893 913 Synodis,
1914 876 1949 913 p.
1977 862 2066 909 764,
2094 871 2126 899 01
2155 862 2191 900 111
2219 862 2342 900 eodem

262 927 364 973 libro,
381 939 417 976 p.
436 925 526 970 757,
546 923 609 971 ait,
628 922 707 960 ideo
726 922 826 959 illam
848 935 983 970 vocem,
1014 921 1209 972 ὁμοούσιον,
1235 921 1281 959 ab
1307 922 1364 959 1115
1391 921 1436 960 (10
1459 923 1589 974 quibus
1610 923 1792 973 loquimur
1823 923 2052 963 Semiarianis
2075 924 2186 975 rejici,
2206 925 2289 975 quia
2306 924 2342 961 in

261 989 411 1027 concilio
432 986 649 1024 Antiocheno
663 1016 671 1031 ,
693 985 753 1022 ubi
775 984 907 1022 Paulus
934 985 1182 1021 Samosatenus
1203 983 1392 1022 damnatus
1421 985 1506 1034 fuit,
1527 985 1724 1038 proscripta
1741 986 1875 1035 fuerat3
1895 986 1961 1024 etsi
1989 1000 2059 1024 non
2082 1001 2122 1024 eo
2142 1000 2246 1024 sensu
2270 1001 2341 1038 quo

262 1060 380 1104 postea
399 1050 434 1087 in
449 1049 591 1086 Niea‘ua
612 1047 748 1100 synodo
768 1057 802 1084 et
821 1046 975 1084 admissa
996 1056 1028 1084 01
1046 1047 1286 1098 promulgata,
1306 1056 1339 1084 et
1359 1047 1392 1086 in
1421 1047 1506 1085 fidei
1526 1048 1741 1086 consessione
1760 1049 1875 1100 posita
1894 1049 1971 1087 fuit.
1996 1050 2086 1086 Nam
2103 1049 2200 1100 quod
2216 1050 2252 1087 in
2275 1052 2344 1087 An-

260 1113 421 1152 tioehena
444 1110 581 1163 synodo
602 1111 642 1148 τὸ
662 1110 844 1161 ὁμοούσιον
862 1123 931 1146 11011
947 1108 1108 1146 absolute
1121 1109 1332 1147 damnatum
1347 1109 1469 1157 suerit,
1489 1110 1600 1161 liquet
1619 1124 1664 1147 ex
1682 1110 1802 1148 verbis
1821 1110 1987 1163 Dionysii
2003 1111 2258 1159 Alexandrini,
2281 1111 2343 1161 qui

262 1175 483 1214 Antiochena‘
505 1170 641 1224 synodo
664 1170 869 1208 interfuerat
885 1180 917 1207 ct
934 1170 1203 1221 subscripserat.
1228 1171 1421 1208 Accusatus
1437 1171 1532 1207 enim
1551 1171 1648 1222 apud
1662 1171 1879 1224 Dionysium
1898 1174 2100 1210 Romanum
2120 1172 2345 1222 Pontificem,

258 1239 354 1289 quod
368 1252 453 1277 voce
471 1235 654 1286 ὁμοούσιον
674 1246 742 1269 11011
759 1241 915 1268 uteretur
933 1232 969 1267 in
986 1230 1216 1267 concionibus
1233 1231 1318 1279 suis,
1335 1230 1519 1282 respondit
1533 1231 1594 1268 ille
1613 1246 1648 1268 se
1667 1231 1875 1283 hujusmodi
1889 1247 2013 1272 vocem
2042 1243 2076 1271 et
2095 1232 2294 1282 admittere,
2312 1243 2346 1271 01

260 1310 298 1338 111
325 1301 468 1338 0111111110
488 1294 698 1333 catholicam
721 1292 862 1329 habere.
887 1293 942 1329 Ab
966 1292 1027 1330 illa
1043 1301 1163 1329 autem
1181 1301 1263 1329 tunc
1282 1292 1500 1342 abstinebat,
1521 1292 1604 1343 quia
1631 1293 1700 1331 sibi
1726 1308 1810 1332 cum
1835 1295 2048 1332 Sabellianis
2072 1310 2128 1333 res
2154 1305 2238 1333 erat.
2260 1296 2346 1333 Haee

263 1377 346 1401 vero
366 1359 529 1413 pluribus
548 1355 721 1407 descripta
741 1353 849 1391 habes
873 1354 908 1391 in
927 1353 1113 1391 Athanasii
1134 1354 1227 1392 libro
1242 1353 1286 1391 de
1305 1355 1475 1392 sententia
1495 1354 1661 1406 Dionysii
1678 1371 1686 1391 τ
1708 1355 1771 1393 ubi
1793 1354 1854 1393 ille
1873 1355 1950 1408 ipsa
1975 1356 2142 1409 Dionysii
2166 1357 2275 1396 verba
2291 1372 2345 1395 re-

260 1427 342 1471 fert,
367 1422 543 1473 exscripta
560 1434 604 1457 cx
623 1416 779 1470 ejusdem
796 1416 958 1468 epistola.
980 1419 1143 1454 Attamen
1167 1417 1206 1454 hi
1232 1416 1390 1455 mitiores
1411 1416 1621 1455 Semiariani
1636 1417 1675 1455 τὸ
1695 1416 1875 1468 ὁμοούσιον
1888 1418 2105 1469 rejiciebant,
2125 1418 2252 1468 illique
2266 1419 2345 1458 voci

259 1487 297 1525 τὸ
307 1485 521 1537 ὁμοιοούσιον
533 1480 804 1520 substituebant.
816 1482 952 1519 Verum
968 1478 1003 1516 in
1019 1493 1058 1516 ea
1067 1478 1277 1530 explicanda
1287 1493 1373 1517 voce
1383 1479 1430 1516 ita
1443 1478 1692 1530 procedebant,
1708 1489 1775 1517 uta
1789 1493 1872 1519 vera
1887 1480 2157 1517 Catholicorum
2173 1480 2344 1518 sententia

260 1550 350 1588 nihil
367 1549 562 1593 dissei-rent,
578 1545 660 1582 lieet
672 1543 708 1580 in
729 1542 847 1581 verbis
862 1541 949 1594 ipsis
967 1550 1177 1593 pugnarent.
1199 1543 1296 1579 Inter
1309 1541 1543 1581 substantiam
1564 1541 1658 1579 enim
1678 1542 1795 1579 Patris
1814 1551 1847 1579 et
1863 1542 1945 1580 Filii
1962 1544 2154 1594 perfectam
2175 1543 2345 1581 similitu—

259 1612 379 1649 dinem
400 1609 620 1656 statuebant,
639 1615 673 1643 et
703 1604 837 1642 Filium
857 1603 955 1641 Patri
983 1603 1153 1654 aequalem
1178 1603 1451 1654 profitebantur,
1468 1603 1551 1640 11001
1567 1617 1672 1655 porro
1692 1603 1785 1641 illud
1801 1603 2015 1654 ὃμοιοούσιον
2038 1604 2256 1656 impietatem
2271 1619 2343 1656 prae

261 1690 297 1713 se
312 1676 420 1712 ferat:
441 1686 523 1710 nam
543 1671 571 1707 si
591 1668 718 1707 similis
738 1667 935 1705 substantia
956 1667 1053 1704 Patri
1068 1666 1112 1704 sit
1134 1666 1262 1715 Filius,
1277 1666 1306 1703 si
1326 1680 1407 1704 vere
1423 1667 1532 1715 Deus,
1554 1675 1593 1703 ut
1614 1666 1666 1702 illi
1687 1666 1965 1716 confitebantur,
1980 1666 2126 1704 alterius
2142 1676 2174 1704 et
2195 1666 2344 1705 diversa:

261 1736 465 1775 substantiae
485 1733 615 1772 suerit:
639 1731 732 1769 idem
755 1731 848 1768 enim
870 1729 986 1781 ipsum
1013 1743 1198 1779 nunquam
1218 1728 1335 1767 simile
1360 1729 1430 1767 sibi
1458 1728 1529 1766 (1101
1556 1729 1679 1781 possit.
1703 1729 1742 1768 Si
1773 1744 1855 1768 vero
1874 1728 2023 1767 diversae
2048 1730 2253 1767 substantiae
2276 1731 2346 1768 sint

262 1803 364 1838 Pater
378 1810 409 1837 01
434 1798 556 1845 Filius,
580 1797 607 1834 si
628 1797 731 1832 Pater
750 1796 859 1839 Deus,
880 1801 913 1830 et
933 1792 1049 1830 Filius
1066 1806 1205 1843 quoque
1220 1793 1339 1841 Deus,
1360 1806 1443 1843 ergo
1454 1792 1526 1829 duo
1544 1792 1595 1829 dii
1610 1801 1732 1841 erunt3
1752 1806 1833 1830 nam
1850 1792 2046 1830 substantia
2068 1792 2134 1830 Dei
2158 1794 2256 1830 Deus
2273 1794 2346 1845 ipse

261 1874 322 1902 est.
338 1864 397 1900 Sic
414 1862 525 1899 Filius
545 1859 642 1897 Patri
659 1857 853 1896 substantia
873 1855 1014 1900 similis,
1038 1856 1103 1893 erit
1122 1857 1220 1893 Deus
1239 1857 1314 1893 Deo
1331 1855 1479 1904 similis,
1499 1869 1582 1907 crgo
1604 1854 1676 1893 duo
1697 1855 1760 1892 dii.
1782 1857 1920 1895 Verum
1941 1855 2033 1892 hanc
2058 1856 2343 1906 consequentiam

263 1942 330 1965 11011
349 1925 584 1963 admittebant
602 1922 660 1970 hi,
681 1921 724 1958 de
743 1921 875 1971 quibus
896 1919 1089 1970 loquimur,
1110 1918 1340 1967 Semiariani,
1358 1919 1441 1956 lieet
1459 1933 1499 1956 ea
1513 1927 1632 1971 aperte
1651 1933 1696 1956 ex
1716 1932 1803 1957 voce
1818 1918 2033 1968 ὃμοιοούσιον
2055 1918 2153 1969 sequi
2168 1918 2343 1957 videatur.

266 1991 307 2027 111
330 1998 422 2026 00110
442 1987 505 2025 0151
519 1986 564 2023 ad
581 1984 791 2023 catholicam
812 1982 1019 2020 sententiam
1042 1981 1257 2031 accederent,
1275 1982 1368 2019 male
1381 1991 1498 2020 tamen
1517 1982 1610 2019 banc
1626 1980 1841 2018 inducebant
1852 1994 1987 2028 vocem,
2001 1989 2034 2017 et
2053 1979 2222 2032 culpandi
2238 1980 2344 2017 etiam

261 2063 355 2091 erant
377 2051 475 2103 quod
494 2064 615 2088 vocem
631 2049 811 2099 ὁμοούσιον
832 2047 868 2084 111
889 2060 987 2084 saera
1006 2045 1149 2083 Nicaena
1169 2044 1307 2097 synodo
1324 2044 1506 2082 inductam
1526 2059 1596 2082 non
1618 2044 1856 2082 admitterent.
1877 2045 2038 2081 Attamen
2058 2056 2230 2094 magnum
2255 2043 2346 2081 illud

264 2116 428 2154 Ecclesiae
449 2116 567 2152 lumen
596 2111 808 2149 Athanasius
827 2110 892 2147 hos
910 2124 979 2147 non
1001 2109 1079 2149 vult
1093 2109 1195 2160 quasi
1214 2108 1437 2148 adversarios
1456 2108 1593 2146 haberi.
1617 2108 1728 2145 Libro
1750 2121 1901 2158 namque
1919 2106 1963 2144 de
1989 2105 2166 2158 Synodis,
2192 2122 2228 2158 p.
2250 2107 2346 2154 755,

263 2180 308 2217 ita
326 2179 456 2216 habet:
479 2178 590 2215 Viros
608 2183 734 2212 autem
760 2176 826 2224 qui
853 2173 935 2210 alia
959 2173 1114 2223 quidem
1141 2174 1273 2209 omnia
1299 2173 1439 2209 Nicoeae
1464 2173 1607 2221 scripta
1633 2171 1842 2220 recipiunt,
1864 2170 1911 2206 de
1931 2169 2014 2206 solo
2040 2177 2169 2206 autem
2187 2171 2345 2206 consub-

265 2240 460 2278 stantialis
476 2237 670 2275 vocabulo
692 2237 908 2285 ambigunt,
933 2247 1008 2270 non
1027 2241 1067 2270 ut
1087 2234 1262 2270 inimicos
1287 2235 1453 2282 spectari
1471 2245 1546 2283 par
1572 2240 1641 2271 est.
1663 2232 1800 2282 Neque
1817 2233 1919 2268 enim
1943 2230 2053 2267 velut
2075 2230 2346 2269 Ariomanitas

264 2311 330 2341 (tut
349 2304 512 2339 Patrum
533 2301 774 2338 adversarios
795 2299 967 2334 homines
990 2297 1241 2348 aggredimur,
1262 2296 1331 2333 sed
1354 2296 1593 2346 disputamus
1613 2294 1738 2332 veluti
1753 2295 1909 2347 fratres
1933 2291 2248 2344 czcttzfi·att·ib1ts‚
2277 2295 2347 2344 qui

264 2367 396 2404 eadem
415 2378 493 2417 qua
509 2376 578 2400 nos
593 2370 681 2400 sunt
698 2363 904 2408 sententia,
925 2361 1005 2398 solo
1025 2361 1178 2397 nomine
1195 2361 1234 2395 in
1254 2360 1556 2396 controversiam
1580 2358 1763 2395 adducto.
1784 2358 1882 2395 Cum
1908 2357 2008 2393 enim
2023 2355 2281 2405 confiteantur
2297 2370 2345 2393 01·

263 2430 479 2467 substantia
501 2427 647 2472 Patris,
664 2432 700 2462 et
717 2439 797 2461 non
810 2439 856 2461 ex
877 2424 958 2460 alia
976 2425 1194 2460 substantia
1215 2434 1295 2460 esse
1312 2422 1474 2469 Filium,
1497 2435 1567 2458 nec
1581 2428 1797 2459 creaturam
1817 2420 1884 2458 vel
1901 2419 2091 2471 opificium
2117 2418 2228 2456 illurn
2245 2431 2343 2463 esse,

265 2493 331 2529 secl
349 2494 556 2543 genuinam
584 2489 883 2538 naturalemque
895 2486 1059 2538 prolem,
1087 2494 1124 2523 et
1147 2487 1194 2522 ab
1216 2493 1359 2523 aeterno
1378 2498 1458 2522 una
1485 2498 1571 2522 cum
1593 2485 1713 2521 Patre
1735 2484 1902 2520 Verbum
1927 2490 1963 2520 et
1983 2481 2224 2532 Sapientiam
2248 2484 2346 2519 ersi—

268 2564 377 2602 stere,
397 2567 473 2591 non
490 2554 602 2603 longe
622 2554 763 2588 absunt
782 2565 806 2588 a
822 2550 1041 2601 recipienda
1058 2547 1368 2586 consubstantialis
1387 2561 1494 2585 voce.
1514 2548 1618 2586 Talis
1639 2555 1695 2584 est
1716 2546 1889 2585 Basilius
1908 2545 2099 2594 Ancyrae,
2120 2546 2186 2596 qui
2204 2545 2251 2581 de
2266 2544 2346 2594 fide

267 2619 431 2668 scripsit.
460 2616 562 2653 Nam
583 2616 615 2652 si
631 2614 766 2651 similis
797 2622 947 2651 tantum
967 2614 1120 2650 dicatur
1135 2612 1345 2650 secandum
1366 2613 1644 2657 substantiam,
1669 2611 1711 2647 id
1740 2624 1818 2647 non
1849 2609 1949 2646 idem
1971 2621 2126 2658 prorsus
2152 2608 2345 2659 significat

268 2690 384 2733 atque
403 2679 518 2726 illud,
540 2692 584 2715 ex
604 2676 812 2723 substantia,
835 2691 911 2727 quo
928 2679 1046 2714 verbo
1074 2678 1211 2727 magis,
1233 2683 1273 2713 ut
1292 2677 1361 2726 ipsi
1380 2676 1525 2721 dia-ere,
1547 2675 1680 2711 Patris
1699 2686 1924 2725 germanum
1943 2671 2085 2711 Filium
2117 2671 2239 2720 ipsum
2264 2684 2346 2707 esse

267 2745 518 2797 significatur,
543 2750 605 2778 etc.
633 2739 691 2776 Ex
711 2739 766 2776 his
785 2738 884 2777 vides
904 2739 967 2775 1105
994 2738 1229 2776 Senum-ianos
1247 2738 1394 2776 vocibus
1413 2747 1551 2776 tantum
1568 2752 1588 2775 a
1609 2735 1804 2774 Catholicis
1820 2734 2041 2782 dissensisse,
2059 2747 2096 2770 re
2113 2741 2234 2770 autem
2252 2733 2345 2784 ejus-

267 2807 347 2844 dem
368 2805 544 2843 sententiae
563 2803 681 2840 fuisse.
704 2801 809 2840 Unde
826 2800 968 2839 videtur
992 2801 1205 2839 Athanasius
1225 2815 1365 2854 sperare
1385 2801 1466 2838 illos
1485 2799 1627 2838 tandem
1647 2798 1692 2836 ad
1711 2796 1924 2835 catholicam
1945 2810 2012 2833 non
2032 2795 2137 2833 modo
2162 2795 2346 2843 sentiendi,

268 2870 450 2907 sedetiam
471 2866 634 2919 loquendi
661 2865 832 2903 rationem
850 2877 1051 2901 accessuros
1075 2878 1157 2912 0550,
1183 2878 1263 2901 011111
1286 2864 1346 2912 ait,
1367 2864 1462 2916 ipsos
1491 2877 1560 2900 non
1580 2863 1684 2913 longe
1711 2860 1831 2897 abesse
1849 2874 1868 2896 a
1885 2858 2086 2910 recipienda
2107 2858 2346 2896 Consubstan-

270 2933 362 2971 tialis
378 2946 473 2971 voce.
490 2931 536 2968 Et
550 2944 631 2968 vere
650 2928 723 2978 illi,
744 2938 782 2965 ut
801 2927 945 2978 quidem
961 2925 1119 2975 videtur,
1138 2937 1257 2978 postea
1285 2926 1479 2965 Catholicis
1497 2924 1655 2977 adjuncti
1678 2932 1781 2961 sunt:
1805 2936 1874 2960 non
1893 2921 1957 2959 diu
1978 2921 2072 2959 enim
2088 2921 2255 2972 loquendi
2275 2922 2343 2959 for-

270 2996 384 3032 mulas
399 2994 444 3031 ab
466 2993 537 3030 illis
554 2999 740 3043 usurpatas
759 2989 923 3027 videmus
945 2988 980 3025 in
1001 2986 1157 3024 medium
1177 2988 1307 3025 afferri.
1326 2989 1376 3026 Ut
1396 3002 1478 3027 vero
1494 2986 1531 3023 hi
1549 2983 1759 3024 Semiariani
1781 2997 1818 3020 re
1842 2983 1916 3034 ipsa
1948 2996 2029 3019 cum
2050 2981 2243 3020 Catholicis
2265 2996 2347 3019 0011-

270 3058 487 3103 sentiebant,
510 3056 557 3093 ita
576 3068 715 3105 quoque
734 3052 796 3090 alii
816 3050 1037 3099 Semiariani,
1058 3050 1117 3100 qui
1145 3049 1277 3086 Filium
1297 3064 1370 3087 rem
1399 3051 1527 3087 iactam
1548 3063 1620 3086 esse
1640 3061 1702 3085 nec
1721 3054 1934 3083 cozeternum
1957 3045 2054 3082 Patri
2080 3044 2259 3093 dicebant,
2284 3043 2348 3082 etsi

272 3120 373 3158 illum
394 3118 620 3170 ὃμοιοούσιον,
642 3115 678 3153 id
697 3123 759 3164 est,
782 3113 895 3151 Patris
917 3112 1114 3150 substantia
1148 3111 1299 3148 similem
1321 3111 1490 3160 dicerent,
1507 3110 1564 3150 vel
1590 3123 1730 3161 parum,
1752 3107 1809 3146 vel
1831 3107 1921 3144 nihil
1949 3106 2162 3145 disserebant
2181 3106 2226 3143 ab
2247 3106 2346 3143 Aria-

273 3185 325 3221 nis
344 3193 376 3220 et
413 3181 457 3219 ab
480 3180 522 3218 iis
541 3178 602 3230 qui
623 3178 798 3228 ἀνόμοιον,
821 3175 857 3213 id
878 3185 946 3225 est,
965 3174 1174 3212 dissimilem
1194 3174 1288 3211 Patri
1314 3174 1448 3211 Filium
1475 3172 1691 3220 asserebant3
1713 3179 1928 3222 quapropter
1949 3169 1986 3206 111
2008 3169 2114 3207 etiam
2136 3168 2346 3206 Semiariani

273 3260 338 3284 non
366 3245 427 3282 diu
448 3244 493 3281 ab
515 3242 655 3280 Arianis
678 3250 710 3278 et
728 3241 773 3277 ab
799 3238 976 3277 Anomoeis
992 3236 1162 3288 segregati
1183 3235 1352 3274 mansisse
1377 3237 1562 3285 videntur,
1590 3244 1623 3273 et
1649 3233 1701 3271 sic
1718 3232 1861 3271 demum
1883 3233 1953 3270 fere
1972 3246 2111 3282 omnes,
2129 3232 2180 3269 uti
2201 3230 2345 3282 quidem

273 3307 449 3348 existimo,
471 3307 721 3342 Anomoeorum
744 3302 884 3339 nomine
904 3309 985 3338 sunt
1006 3298 1186 3351 appellati.

328 3368 482 3407 :tnomoei
505 3382 586 3404 xero
614 3366 664 3403 illi
696 3365 816 3402 eodem
841 3364 973 3401 suborti
996 3373 1150 3413 tempore
1173 3362 1311 3399 Aetium
1332 3370 1509 3399 auctorem
1541 3359 1709 3398 habuisse
1732 3356 1984 3409 perhibentur,
2007 3355 2158 3400 Aetium,
2187 3354 2343 3405 inquam,
