2522 3683
140 1734 325 1773 Joan.7.15.

142 1814 254 1841 Mani,
276 1813 327 1850 24·

140 1853 191 1882 36.

149 2091 222 2118 lsai.
243 2090 327 2120 12.3.

150 2818 245 2846 Eccli.
265 2827 289 2847 1.
308 2829 335 2849 1.

335 238 427 284 82ss

1282 248 1459 278 SPURIA.

1120 508 1659 594 MONITUM

880 706 948 753 IN
983 703 1416 765 SEQUENTEM
1452 699 1857 748 SERMONEM.

392 862 483 899 Huic
501 874 561 898 seu
578 858 734 897 homiliae
751 871 810 896 seu
830 855 981 894 orationi
998 853 1244 907 praemittenda
1257 862 1306 891 est
1325 861 1407 890 nota
1426 851 1568 902 Savilii,
1590 865 1668 902 quae
1689 865 1770 888 eum
1785 850 1866 888 aliis
1881 850 1972 888 notis
1988 850 2139 888 habetur
2155 850 2189 888 in
2207 851 2276 889 fine
2291 851 2410 890 octavi

340 924 445 962 Tomi
455 939 493 976 p.
507 925 597 961 747.
613 924 759 967 Oratio,
774 920 905 970 inquit,
918 921 1052 957 misere
1062 925 1256 968 corrupta,
1270 918 1312 953 in
1327 917 1463 967 quibus
1480 915 1518 963 (l.
1529 915 1564 952 in
1579 917 1663 965 qua)
1678 915 1764 952 loca
1772 915 1943 965 plurima
1955 915 2157 966 deplorata
2170 915 2302 966 plane,
2316 916 2411 952 satis

339 989 482 1025 habeat
501 987 632 1031 tector,
652 988 684 1023 si
703 985 913 1021 indicemus
935 990 1101 1027 tantum,
1115 989 1151 1018 et
1167 982 1214 1017 iis
1229 979 1511 1030 relinquamus,
1526 981 1592 1030 qui
1609 978 1763 1029 aliquid
1777 985 1939 1029 possunt
1956 978 2136 1028 amplius,
2155 986 2222 1014 aut
2240 979 2408 1028 ingeniO,

339 1059 405 1088 aut
431 1050 646 1088 Codicibus.
668 1048 769 1085 Certe
784 1046 820 1083 in
837 1045 963 1084 Savilii
979 1044 1089 1082 Edito
1106 1041 1246 1080 mendis
1266 1050 1373 1078 scatet
1394 1041 1470 1078 haec
1489 1040 1651 1088 homilia,
1674 1040 1722 1077 ita
1744 1049 1784 1077 ut
1801 1039 1922 1077 multis
1940 1040 1976 1077 in
1995 1039 2082 1077 locis
2098 1040 2196 1077 nulla
2212 1049 2286 1077 arte
2301 1040 2413 1091 possit

337 1112 500 1163 intelligi.
521 1110 578 1149 Ad
605 1110 693 1159 haec,
712 1123 835 1148 versus
857 1108 964 1145 finem
984 1105 1154 1155 maxime,
1174 1104 1288 1142 multa
1317 1112 1398 1141 sunt
1429 1103 1503 1141 loca
1533 1103 1659 1140 mutila
1684 1111 1717 1139 et
1735 1102 1862 1140 lacera.
1882 1103 2018 1141 Verum
2037 1103 2102 1140 hos
2121 1117 2239 1141 naevos
2259 1117 2324 1154 ope
2340 1104 2411 1140 Ms.

338 1175 441 1226 Regii
466 1173 684 1211 sustulimus.
701 1172 807 1209 Illam
828 1171 918 1208 inter
935 1168 1238 1221 ἀμφιδαλλόμενα,
1256 1181 1315 1204 seu
1330 1165 1441 1203 dubia
1456 1165 1588 1204 locavit
1610 1164 1779 1203 Savilius.
1795 1164 1873 1215 Ego
1889 1178 1974 1202 vero
1996 1164 2177 1202 affirmare
2190 1165 2304 1202 ausim
2320 1165 2414 1202 inter

339 1238 477 1289 spurias
492 1236 628 1273 nullam
642 1249 729 1283 esse,
747 1249 825 1285 quse
839 1233 953 1284 magis
965 1232 1153 1284 conspicua
1164 1244 1236 1283 prae
1256 1244 1292 1267 se
1306 1231 1394 1267 ferat
1411 1229 1543 1272 νοθείας
1558 1228 1672 1280 signa,
1689 1242 1767 1278 quae
1781 1227 1894 1279 magis
1910 1227 2100 1265 abhorreat
2117 1242 2137 1265 a
2156 1228 2265 1280 stylo,
2283 1228 2412 1266 inven-

336 1298 431 1335 tione
450 1306 483 1334 et
501 1295 673 1347 elegantia
694 1293 951 1347 Chrysostomi.
971 1293 1035 1331 Est
1063 1305 1145 1330 sane
1163 1291 1272 1343 hujus
1291 1290 1474 1342 scriptoris
1501 1290 1613 1328 oratio
1632 1303 1766 1342 aspera,
1785 1288 1944 1337 horrida,
1966 1289 2083 1326 verbis
2102 1289 2313 1340 plerumque
2338 1289 2414 1327 ine-

337 1361 407 1413 ptis
433 1359 647 1408 redundans,
680 1358 820 1410 phrasis
847 1357 980 1408 ubique
1008 1364 1165 1394 contorta
1189 1363 1221 1392 et
1242 1353 1456 1406 injucunda,
1477 1352 1563 1391 ordo
1582 1353 1716 1402 nullus,
1735 1352 1852 1390 omnia
1870 1352 1973 1404 plena
1993 1352 2140 1389 salebris
2171 1361 2263 1390 sunt.
2284 1353 2415 1390 Orator

337 1432 455 1461 autem
470 1437 513 1460 ex
531 1422 588 1471 iis,
606 1435 685 1472 quae
701 1421 736 1459 in
753 1421 824 1458 fine
841 1419 1021 1469 dicuntur,
1036 1418 1179 1457 videtur
1199 1417 1387 1470 presbyter
1401 1416 1524 1463 fuisse,
1546 1416 1608 1467 qui
1632 1430 1750 1454 coram
1769 1415 1935 1468 episcopo
1951 1415 2176 1453 concionatus
2192 1424 2255 1453 est.

337 1672 386 1707 In
397 1669 499 1706 illud
510 1666 729 1718 Evangelii,
742 1665 846 1718 qnod
855 1665 1035 1702 dicebant
1045 1663 1176 1701 ιῙιιάιεὶ
1189 1663 1236 1699 de
1245 1662 1323 1700 Ser·
1336 1660 1384 1728 '¹2⁷
1399 1663 1459 1705 Εἷς
1475 1661 1513 1699 τὸ
1532 1661 1633 1714 ῥητὸν
1654 1665 1714 1700 τοῦ
1734 1660 1932 1713 εὐαγγελίου
1943 1691 1953 1708 ,
1973 1663 2007 1699 ἐν
2023 1656 2051 1714 ᾧ
2070 1662 2185 1714 ἔλεγον
2205 1664 2236 1701 οἱ
2256 1662 2418 1702 Ἰουδαῖοι

395 1739 525 1767 vatore
539 1744 549 1763 :
566 1727 757 1774 Quomodo
774 1726 839 1764 seit
853 1726 984 1774 literas,
1000 1739 1080 1762 cum
1098 1738 1166 1762 non
1184 1723 1323 1762 didice-

394 1791 465 1828 rit?
480 1798 515 1827 et
534 1791 575 1826 in
590 1789 735 1826 dietum
758 1787 858 1825 illud
873 1787 1086 1825 Servatoris
1102 1801 1111 1821 :
1127 1786 1239 1823 Nemo
1264 1799 1326 1823 no-

396 1852 449 1890 vit
467 1850 563 1888 diem
575 1849 685 1887 illam.

397 1979 431 2014 1.
462 1977 535 2027 Age
564 1988 706 2012 rursum
730 1972 776 2010 ab
806 1971 1017 2023 evangelicis
1041 1970 1182 2010 fluentis
1207 1969 1327 2009 ordia-

344 2044 424 2067 mur
441 2045 448 2065 :
464 2042 541 2079 age,
563 2041 607 2064 ex
622 2025 772 2078 limpido
786 2035 818 2063 et
831 2040 922 2077 puro
936 2025 1036 2063 alveo
1051 2039 1119 2061 una
1139 2024 1327 2063 vobiscum

341 2082 561 2129 hauriamus,
576 2079 755 2132 prophetae
769 2079 1047 2130 obtemperantes
1058 2077 1210 2115 dicenti:
1221 2078 1314 2114 Hau

342 2138 416 2173 rite
427 2147 552 2186 [equas
567 2146 654 2170 eum
676 2133 813 2169 Zoetitia
832 2132 1063 2181 defentibus
1076 2130 1262 2167 salutaris
1276 2130 1325 2166 il-

343 2188 430 2225 lius.
457 2185 565 2224 Multi
586 2193 667 2222 sunt
685 2184 808 2230 fontes,
828 2183 892 2220 sed
918 2197 1031 2220 unum
1051 2183 1204 2220 salutare
1222 2197 1229 2218 ε
1250 2182 1327 2219 fons

343 2249 394 2277 est
413 2253 503 2277 unus
522 2237 682 2275 omnium
701 2237 876 2273 bonorum
895 2235 1072 2272 Dominus
1092 2244 1209 2272 noster
1225 2236 1327 2273 Jesus

346 2292 519 2339 Christus,
531 2290 592 2341 qui
608 2303 748 2326 omnem
766 2288 878 2326 stillat
894 2287 1088 2333 scientiam,
1109 2300 1249 2324 omnem
1267 2301 1327 2324 sa—

346 2345 528 2398 pientiam.
558 2342 672 2380 Miror
705 2350 796 2378 certe
825 2340 965 2379 Judaeos
997 2340 1208 2391 stupefactos
1238 2353 1325 2388 esse,

345 2397 440 2449 quod
466 2396 553 2435 sciat
571 2395 703 2443 literas,
726 2408 807 2430 cum
830 2407 899 2430 non
917 2392 1082 2430 didicerit
1101 2407 1108 2429 :
1125 2391 1215 2429 illud
1234 2391 1327 2429 enim

347 2451 448 2488 nobis
468 2448 573 2486 modo
592 2448 723 2484 lectum
736 2446 819 2494 fuit;
843 2460 966 2497 nempe
990 2459 1070 2483 cum
1090 2445 1256 2483 Servator
1275 2443 1329 2481 ‹ti-

347 2504 468 2541 vinam
488 2502 659 2554 proferret
679 2499 888 2546 doctrinam,
908 2498 1054 2535 miratos
1075 2512 1148 2535 esse
1174 2496 1326 2535 Judaeos.

353 2555 550 2605 Quomodo
569 2555 644 2599 lzic,
669 2551 847 2602 inquiunt,
867 2553 938 2588 seit
964 2552 1110 2595 literas,
1134 2563 1220 2587 enm
1251 2563 1329 2585 non

349 2609 551 2645 didicerit?
572 2606 707 2643 Literas
732 2612 895 2654 quaerunt
917 2617 937 2640 a
960 2603 1055 2640 fonte
1085 2602 1197 2649 verbi,
1217 2601 1289 2638 imo
1310 2617 1327 2638 a

349 2661 424 2697 Deo
443 2659 563 2699 Verbo
580 2674 588 2694 :
606 2658 725 2695 literas
739 2656 924 2706 requirunt
942 2670 961 2693 a
977 2655 1128 2703 Christo,
1145 2669 1164 2691 a
1183 2668 1252 2704 quo
1272 2655 1330 2691 lex

349 2712 520 2755 manavit,
539 2710 599 2760 qui
626 2709 849 2761 prophetiam
875 2707 1042 2760 protulit3
1064 2721 1109 2744 ex
1128 2720 1198 2757 quo
1217 2706 1330 2743 oritur

349 2764 464 2802 omnis
485 2763 640 2810 scientia,
665 2762 824 2809 verbum,
844 2761 915 2803 lex,
932 2760 1109 2807 voluntas,
1132 2758 1331 2796 considera-

349 2817 398 2855 tio
419 2832 427 2852 :
451 2818 582 2853 Omnis
601 2814 733 2865 quippe
748 2816 938 2865 sapientia
959 2827 984 2850 a
998 2814 1179 2850 Domino.
1198 2811 1333 2849 Literas

349 2878 511 2920 quaerunt
530 2882 550 2904 a
568 2868 698 2910 Verbo,
719 2880 737 2903 a
758 2880 827 2916 quo
855 2879 974 2902 omnes
1000 2864 1180 2916 propbetae
1199 2864 1331 2901 hause-

348 2931 443 2969 runt,
457 2934 575 2957 omnes
608 2918 760 2966 theologi
781 2919 816 2955 in
837 2918 932 2956 vasis
950 2917 1076 2955 animae
1105 2930 1177 2953 suae
1195 2916 1333 2954 doctri—

348 2988 430 3011 nam
457 2980 696 3023 susceperunt.
722 2971 796 3007 lloc
819 2971 967 3007 verbum
996 2968 1134 3020 excepit
1159 2970 1302 3020 Moyses
1323 2985 1329 3005 :

346 3041 391 3064 ex
425 3027 492 3063 hoc
526 3025 619 3061 sonte
642 3023 834 3059 hauserunt
861 3022 1053 3073 proplictae,
1072 3035 1115 3058 ex
1148 3021 1215 3058 hoc
1238 3022 1333 3058 fonte

345 3093 464 3116 omnes
489 3075 636 3130 apostoli
665 3084 883 3125 aeceperunt.
910 3074 950 3111 ld
979 3074 1188 3111 testificatur
1216 3075 1330 3112 Joan-

1449 1724 1528 1776 περὶ
1547 1728 1606 1761 τοῦ
1621 1725 1786 1775 Σωτῆρος
1800 1753 1809 1770 ,
1832 1724 1916 1766 Πῶς
1935 1725 2004 1762 οἶδε
2022 1724 2216 1775 γράμματα
2232 1724 2280 1775 μὴ
2303 1741 2418 1776 μεμα-

1450 1783 1579 1831 θηκώς;
1601 1785 1660 1822 καὶ
1685 1786 1731 1827 εἷς
1757 1784 1795 1821 τὸ
1817 1784 1918 1837 ῥητὸν
1939 1790 1998 1823 τοῦ
2018 1786 2180 1837 Σωτῆρος
2193 1815 2203 1833 ,
2221 1785 2275 1824 ὅτι
2295 1785 2417 1830 Οὐδεὶς

1450 1838 1518 1883 οἶδε
1533 1844 1594 1892 τὴν
1614 1844 1749 1897 ἡμέραν
1769 1844 1916 1892 ἐκείνην.

1453 1968 1549 2022 Φέρε
1566 1969 1671 2008 πάλιν
1687 1971 1755 2006 τῶν
1771 1969 1999 2021 εὐαγγελικῶν
2016 1971 2095 2019 ὑμῖν
2112 1968 2348 2020 ἀπαρξώμεθα
2362 1985 2420 2008 να-

1402 2022 1520 2073 μάτων
1533 2038 1540 2046 ·
1565 2022 1646 2074 φέρε
1667 2024 1740 2073 μεθ’
1763 2024 1860 2071 ὑμῶν
1879 2022 1918 2059 τὸ
1941 2022 2060 2065 διειδὲς
2079 2021 2138 2059 καὶ
2157 2023 2308 2074 καθαρὸν
2329 2024 2418 2074 ἀρυ-

1401 2075 1542 2126 σώμεθα
1583 2078 1725 2127 ῥεῖθρον,
1757 2073 1954 2124 πειθόμενοι
1985 2077 2034 2126 τῷ
2067 2074 2228 2126 προφήτη
2261 2075 2417 2126 λέγοντι·

1397 2128 1606 2174 Ἀντλήσατε
1625 2127 1715 2179 ὕδωρ
1745 2129 1820 2177 μετ’
1839 2126 2046 2178 εὐφροσύνης
2069 2129 2108 2165 ἐκ
2123 2131 2192 2165 τῶν
2215 2119 2338 2180 πηγῶν
2359 2133 2419 2167 τοῦ

1397 2181 1579 2233 σωτηρίου.
1600 2180 1735 2218 Πολλαὶ
1757 2180 1817 2230 μὲν
1835 2183 1870 2218 αἱ
1889 2180 2021 2230 πηγαὶ,
2044 2180 2079 2216 ἓν
2108 2179 2142 2217 ’δὲ
2164 2180 2203 2218 τὸ
2223 2181 2392 2231 σωτήριον
2410 2197 2418 2204 ·

1398 2233 1462 2283 μία
1502 2233 1575 2271 ἐστὶ
1611 2233 1750 2271 πάντων
1787 2235 1856 2270 τῶν
1895 2234 2031 2282 ἀγαθῶν
2055 2234 2076 2277 ἡ
2099 2232 2215 2284 πηγὴ,
2246 2236 2263 2271 ὁ
2294 2233 2420 2285 Κύριος

1397 2289 1496 2336 ἡμῶν
1522 2286 1656 2331 Ἰησοῦς
1689 2284 1859 2337 Χριστὸς,
1880 2287 1898 2322 ὃ
1914 2291 2030 2322 πᾶσαν
2056 2288 2183 2334 γνῶσιν
2212 2286 2271 2323 καὶ
2302 2294 2418 2323 πᾶσαν

1399 2338 1518 2390 σοφίαν
1549 2337 1774 2388 ἀνομὸρίσας.
1798 2337 1866 2374 Καὶ
1892 2336 2056 2386 θαυμάζω
2078 2339 2151 2379 πῶς
2182 2337 2366 2380 ξενίζονται
2388 2341 2419 2376 οἱ

1399 2392 1577 2438 Ἰουδαῖοι,
1602 2389 1655 2427 ὅτι
1681 2389 1875 2440 γράμματα
1898 2383 1967 2426 οἶδε
1990 2387 2038 2438 μὴ
2061 2388 2284 2439 μεμαθηκώς.
2304 2393 2419 2429 Τοῦτο

1399 2443 1465 2494 γὰρ
1485 2447 1568 2493 ἡμῖν
1589 2441 1714 2495 ἀρτίως
1737 2440 1974 2492 ῧάνέγνωσται
1988 2470 1997 2487 ,
2021 2439 2073 2478 ὅτι
2092 2445 2152 2479 τοῦ
2174 2443 2337 2493 Σωτῆρος
2357 2443 2420 2490 τὴν

1400 2496 1510 2534 ἔνθεον
1535 2495 1765 2549 προφέροντος
1795 2492 2033 2547 διδασκαλίαν,
2055 2493 2244 2544 ἐθαύμαζον
2269 2497 2300 2532 οἱ
2329 2495 2421 2533 Ἰου-

1399 2550 1501 2586 δαῖοι.
1514 2549 1598 2591 Πῶς
1614 2551 1724 2594 οὗτος,
1759 2547 1878 2599 φησὶν,
1897 2547 1966 2584 οἶδε
1982 2546 2175 2598 γράμματα
2194 2546 2241 2597 μὴ
2262 2551 2420 2597 μεμαθη-

1399 2600 1487 2647 κώς,
1508 2600 1709 2652 Γράμματα
1730 2602 1871 2645 ζητοῦσι
1889 2598 1986 2650 παρὰ
2006 2603 2067 2645 τῆς
2083 2603 2197 2650 πηγῆς
2217 2605 2276 2637 τοῦ
2291 2600 2392 2651 λόγου
2405 2630 2417 2650 ‚

1400 2655 1530 2703 μᾶλλον
1543 2652 1578 2691 δὲ
1597 2651 1694 2704 παρὰ
1709 2655 1758 2704 τῷ
1775 2654 1856 2703 Θεῷ
1876 2651 1978 2702 Λόγῳ
1991 2667 1998 2673 ·
2016 2651 2211 2702 γράμματα
2231 2653 2419 2691 ἀπαιτοῦσι

1400 2705 1495 2756 παρὰ
1521 2709 1581 2744 τοῦ
1612 2706 1787 2756 Χριστοῦ,
1810 2704 1844 2747 ὃς
1864 2704 2018 2757 ἐπήγαγε
2043 2703 2159 2753 νόμον,
2188 2704 2222 2747 ὃς
2257 2703 2420 2758 ι’προσή-

1400 2774 1498 2809 νεγκε
1513 2757 1742 2811 προφητείαν·
1757 2759 1840 2822 παρ’
1861 2760 1898 2794 οὓ
1915 2763 2011 2794 πᾶσα
2027 2760 2150 2806 γνῶσις
2168 2757 2226 2794 καὶ
2243 2756 2342 2807 λόγος
2362 2757 2422 2795 καὶ

1400 2811 1503 2860 νόμος
1519 2810 1577 2847 καὶ
1595 2809 1754 2861 βούλημα
1769 2825 1826 2846 και
1845 2808 1964 2860 σκέψις
1979 2823 1986 2830 ·
2007 2810 2113 2846 Πᾶσα
2127 2808 2194 2860 γὰρ
2210 2809 2313 2860 σοφία
2325 2809 2423 2861 παρὰ

1403 2862 1542 2917 Kopion.
1558 2862 1762 2916 Γράμματα
1795 2863 1936 2908 ζητοῦσι
1964 2865 1977 2881 ⁰
1990 2860 2086 2912 παρὰ
2101 2865 2161 2898 τοῦ
2182 2861 2295 2913 Λόγου
2308 2892 2317 2909 ,
2336 2864 2419 2927 παρ’

1402 2919 1440 2953 οὑ
1461 2915 1586 2957 πάντες
1608 2917 1784 2967 προφῆται
1806 2913 1996 2959 ἤντλησαν,
2021 2912 2079 2950 καὶ
2107 2913 2233 2957 πάντες
2253 2917 2284 2952 οἳ
2303 2916 2422 2952 θεολο-

1402 2984 1456 3016 γοι
1490 2969 1524 3004 ἐν
1555 2973 1630 3010 ταῖς
1664 2966 1863 3015 δεξαμεναῖς
1889 2968 1951 3011 τῆς
1979 2965 2066 3008 ἰδίας
2096 2967 2211 3017 ψυχῆς
2251 2966 2421 3010 ἐδέξαντο.

1404 3022 1535 3058 Τοῦτον
1555 3018 1693 3062 ἐδέξατο
1715 3020 1886 3066 Μωῦσῆς,
1913 3020 1952 3055 ἐκ
1976 3017 2106 3063 ταύτης
2125 3023 2187 3064 τῆς
2215 3022 2329 3069 πηγῆς
2358 3019 2423 3065 ἥν-

1402 3074 1533 3117 τλησαν
1559 3076 1589 3110 οἱ
1608 3074 1804 3122 προφῆται,
1824 3071 1863 3106 ἐκ
1881 3069 2008 3115 ταύτης
2028 3074 2089 3115 τῆς
2111 3074 2225 3122 πηγῆς
2245 3071 2370 3113 πάντες
2393 3074 2424 3109 οἱ

143 3138 232 3167 Joan.
248 3141 328 3171 1-16.
346 3145 419 3181 nes,
436 3131 556 3168 (licens
573 3145 580 3165 :
596 3129 656 3166 De
669 3127 912 3177 plenitudine
926 3129 1007 3177 ejus
1027 3140 1094 3162 nos
1113 3139 1242 3163 omnes
1260 3139 1329 3162 ae-
1356 3134 1376 3159 (ζ
1402 3124 1589 3163 ἀπόστολοι
1609 3123 1745 3160 {taem
1776 3121 1844 3160 Καὶ
1866 3128 2033 3173 μαρτυρεῖ
2053 3122 2217 3168 Ἰωάννης
2230 3123 2353 3173 λέγων,
2371 3123 2422 3161 ὅτι

344 3187 522 3235 cepimus.
542 3182 677 3219 Literas
692 3194 711 3215 a
728 3180 802 3215 Deo
821 3179 986 3227 requiris,
1009 3192 1049 3213 ae
1071 3177 1098 3213 si
1119 3177 1228 3214 literae
1244 3191 1328 3215 ver—

342 3237 429 3275 bum
443 3235 599 3283 fecerint,
614 3247 654 3270 ac
666 3232 694 3269 si
710 3231 859 3269 verbum
875 3229 950 3267 sive
964 3229 1053 3266 ratio
1070 3229 1252 3266 literarum
1269 3244 1328 3267 ar—

380 3361 508 3394 Colluta
522 3368 555 3392 et
579 3356 755 3390 emendata
776 3354 819 3388 ad
837 3353 934 3387 fidem
956 3355 1017 3386 Ms.
1043 3352 1134 3396 Regii
1155 3355 1251 3385 2027.

378 3426 390 3438 ³·
417 3414 494 3455 Rvg.
515 3416 741 3452 ὀπανεῖγνωςται.

1402 3179 1467 3215 Ἐκ
1489 3182 1548 3215 τοῦ
1568 3175 1802 3228 πληρώματος
1834 3175 1938 3212 αὐτοῦ
1963 3179 2064 3224 ἡμεῖς
2091 3175 2217 3217 πάντες
2239 3175 2421 3224 ε’λοίὸομεν.

1400 3230 1573 3272 Ἀπαιτεῖς
1591 3228 1785 3279 γράμματα
1803 3225 1900 3277 παρὰ
1921 3229 2031 3274 (θεοῦ,
2052 3230 2097 3270 ὡς
2116 3230 2183 3265 τῶν
2203 3227 2420 3279 γραμμάτιον

1456 3354 1471 3377 b
1496 3354 1575 3395 ch.
1598 3360 1772 3396 προήνεγκε.

1490 3405 1570 3446 ch·
1584 3409 1669 3449 nup&
1689 3412 1741 3440 τῆς
1757 3409 1851 3444 πηγῆς
1868 3406 1918 3435 τοῦ
1937 3407 2032 3443 λόγου.
