2481 3678
85 2577 118 2603 Ῑῖι
131 2588 136 2602 1
148 2576 178 2603 li.
200 2575 227 2603 5.

84 2618 113 2644 (5.

91 2815 187 2844 Esvli.
205 2817 250 2845 16.

92 2857 137 2885 13.

95 3061 177 3087 Psitl.
204 3062 251 3088 til.

97 3102 139 3130 13.

90 3179 174 3212 Ῑίυηι,

197 3196 221 3214 2.
244 3188 272 3215 (ἶ.

285 246 367 290 132
717 261 755 291 s.
782 261 972 291 somnis
1009 260 1256 290 cunrsosr.

276 344 345 395 jori
366 352 399 381 et
420 343 633 396 opulentiori
652 344 749 382 cultu
769 344 950 396 gaudent;
975 352 1120 382 ornatus
1147 351 1265 382 autem

282 406 408 444 animm
432 420 536 458 penes
562 406 703 446 virtutis
722 406 895 445 studiosos
928 415 1068 444 tantum
1096 405 1261 443 habetur.

283 468 368 506 Haec
386 469 584 520 frequenter
608 468 703 518 dico,
733 482 795 506 nec
823 468 931 505 finem
956 466 1097 505 dicendi
1119 466 1262 515 taciani,

283 545 352 569 non
391 545 561 583 pauperes
585 539 723 568 tantum
757 544 898 581 curans,
931 538 1105 581 quantum
1130 529 1265 566 animas

283 602 430 632 vestras.
452 593 526 629 Illis
546 592 640 629 enim
663 591 727 629 etsi
742 605 843 629 nona
856 591 970 641 nobis,
990 590 1135 629 aliunde
1149 599 1264 628 tamen

284 654 447 705 quaedam
469 653 536 690 crit
563 652 772 701 consolatio;
793 652 823 689 si
850 651 950 689 nulla
977 651 1082 698 adsit,
1112 659 1146 689 et
1174 650 1266 688 fame

284 723 438 767 pereant,
457 727 526 751 non
545 726 714 764 magnum
732 713 799 751 hoc
829 711 999 751 damnum
1032 712 1131 765 ipsis.
1167 711 1266 758 Quid

283 776 403 813 nocuit
419 776 550 812 Lazaro
566 783 755 826 paupertas
774 783 806 812 et
820 775 954 812 fames?
970 773 1039 813 Sed
1061 787 1125 813 vos
1144 773 1265 811 nihila

284 838 441 889 gehenna
463 837 598 889 eripiet,
620 837 686 875 nisi
700 851 897 889 pauperum
912 851 977 889 ope
987 835 1174 889 juvemini.
1195 834 1267 874 Sed

283 899 405 935 cadem
421 897 496 949 ipsa
515 896 675 934 dicemus
690 910 768 947 quae
800 895 901 935 dives
922 895 983 934 ille
1009 904 1176 948 perpetuo
1196 903 1266 932 tra-

282 958 378 996 ditus
411 959 500 1009 igni,
530 958 644 995 omnis
670 957 918 996 consolationis
942 957 1094 1009 experti.
1126 958 1264 995 Verum

281 1020 387 1068 absit,
415 1029 454 1056 ut
480 1018 560 1070 quis
589 1019 650 1056 illa
676 1033 832 1070 unquam
862 1018 969 1057 verba
993 1017 1134 1068 audiat,
1174 1017 1266 1054 faxit

283 1083 380 1118 Deus
392 1090 432 1118 ut
445 1094 565 1118 omnes
584 1080 620 1117 in
638 1080 718 1118 sinu
734 1079 885 1117 Abralue
903 1079 1136 1130 recipiantur,
1152 1077 1265 1128 gratia

282 1152 314 1180 et
341 1141 557 1191 benignitate
588 1140 734 1178 Domini
762 1139 872 1177 nostri
899 1141 982 1178 Jesu
1018 1138 1170 1188 Christi,
1202 1151 1266 1189 per

283 1216 385 1252 (piem
400 1211 433 1239 ot
451 1215 533 1238 cum
549 1215 618 1251 quo
633 1201 729 1238 Patri
745 1200 873 1251 gloria,
896 1213 1035 1250 unaque
1050 1207 1170 1236 sancto
1183 1198 1264 1250 Spi-

283 1262 384 1310 ritui,
401 1263 436 1299 in
453 1262 579 1299 saccula
599 1261 819 1299 saeculorum.
838 1262 960 1298 Amen.

327 1701 338 1713 ··
357 1689 499 1730 Quidam
519 1696 692 1724 πεινώντων.

564 1945 773 1984 HOMILIA
795 1944 972 1983 XXVIII.

290 2069 346 2104 27.
366 2069 454 2105 Non
465 2071 566 2106 enim
582 2071 684 2106 misit
698 2069 803 2107 Deus
820 2071 859 2106 F
857 2070 966 2107 ilium
977 2072 1140 2107 suumin
1156 2083 1264 2107 νηιιη-

334 2129 438 2176 dum,
463 2138 503 2166 ut
516 2130 662 2181 judicet
679 2130 877 2177 mundum,
896 2131 964 2168 sed
979 2139 1017 2167 ut
1035 2130 1263 2182 salvumsa-

333 2192 409 2227 ciat
427 2190 625 2226 mzmdum.

337 2319 370 2353 ’1.
392 2316 500 2354 Multi
520 2331 565 2354 ex
585 2317 821 2368 segnioribus,
849 2316 895 2355 ad
926 2325 1066 2370 peccata
1091 2317 1264 2369 multipli—

282 2377 393 2415 canda
411 2387 444 2415 ct
464 2378 714 2429 negligentiam
730 2377 931 2429 augendam
945 2377 1068 2416 divina
1083 2378 1266 2416 abutentes

284 2440 535 2488 clen1cntia‚ita
546 2440 741 2491 loquuntur
754 2457 761 2477 :
774 2440 883 2478 Nulla
894 2449 943 2478 est
953 2440 1263 2492 gehenna,nullum

283 2503 516 2555 supplicium,
529 2502 646 2540 omnia
658 2504 754 2541 Deus
773 2511 915 2555 peccata
926 2502 1085 2540 remittit.
1103 2504 1266 2549 Quorum

286 2578 323 2600 os
343 2563 392 2599 sie
410 2563 562 2600 obstruit
577 2563 714 2614 sapiens
724 2562 872 2613 quidam
894 2578 902 2599 t
925 2564 985 2600 Ne
1008 2563 1129 2610 dicas,
1149 2565 1267 2601 Mise-

285 2632 344 2661 ml
349 2625 384 2659 io
394 2625 474 2675 ejus
486 2637 640 2675 magna,
652 2624 910 2662 multitudinis
916 2631 1161 2675 peccatorum
1171 2637 1268 2662 meo-

1288 1950 1311 1980 0

1299 259 1509 289 intenuit&
1549 258 1915 290 CONSTANTffioP.

1339 340 1469 392 γυναιξὶ
1495 342 1639 394 πόρναις
1662 342 1846 394 πρόσεστιν
1867 345 1884 380 ὁ
1901 341 2039 392 κόσμος·
2057 341 2224 384 πολλάκις
2244 341 2278 379 δὲ
2297 349 2355 384 καὶ

1339 403 1615 456 πολυτελέστερα
1644 404 1702 441 καὶ
1729 401 1936 456 φαιδρότερα
1954 404 2037 454 παρ’
2055 402 2201 446 ἐκείναις
2219 400 2263 439 τὰ
2278 401 2356 452 ἱμά-

1338 482 1414 505 τια·
1437 470 1454 504 ὃ
1481 465 1516 503 δὲ
1534 469 1597 512 τῆς
1614 466 1729 517 ψυχῆς
1748 464 1876 515 κόσμος
1891 464 1988 516 παρὰ
2006 469 2076 508 τοῖς
2096 467 2129 502 ἐν
2146 464 2251 515 ἀρετῇ
2273 465 2356 507 ζῶσι

1340 527 1442 579 μόνον
1461 527 1547 565 ἐστί.
1574 529 1698 565 Ταῦτα
1715 527 1866 578 συνεχῶς
1879 525 1982 577 λέγω,
2004 525 2063 563 καὶ
2081 524 2190 577 λέγων
2205 526 2242 561 οὐ
2261 522 2355 561 παύ-

1340 605 1443 640 σομαι
1458 619 1468 637 ,
1488 591 1526 626 οὐ
1551 587 1710 634 πενήτων
1736 586 1826 624 οὕτω
1854 586 2066 638 κηδόμενος,
2087 588 2132 629 ὡς
2150 588 2219 623 τῶν
2235 583 2357 636 ὑμετέ-

1340 667 1407 705 ρων
1426 653 1559 703 ψυχῶν.
1594 648 1762 692 Ἐκείνοις
1783 647 1844 699 μὲν
1869 647 1959 700 γὰρ,
1980 647 2044 686 κᾶν
2066 647 2114 698 μὴ
2134 647 2218 699 παρ’
2237 649 2354 697 ἡμῶν,

1341 715 1417 752 ἀλλ’
1448 712 1541 764 ὅμως
1570 710 1734 763 ἑτέρωθεν
1761 709 1860 747 ἔσται
1887 725 1938 752 τις
1964 708 2181 762 παραμυθία·
2210 708 2274 746 κᾶν
2306 705 2354 757 μὴ

1338 775 1482 826 γένηται
1507 771 1730 824 παραμυθία,
1761 769 1850 808 ἀλλὰ
1876 771 1969 822 λιμῷ
1988 771 2239 822 διαφθαρῶσιν,
2261 768 2356 807 οὐδὲν

1341 838 1430 890 μέγα
1445 837 1484 875 τὸ
1500 838 1563 881 τῆς
1584 833 1711 884 ζημίας
1734 834 1859 875 αὐτοῖς.
1879 831 1927 869 Τί
1942 831 2009 882 γὰρ
2025 829 2155 882 ἕὸλαψε
2173 831 2231 869 τὸν
2246 829 2357 873 Λάζα-

1342 914 1397 952 ρον
1420 903 1442 946 ἡ
1468 896 1570 935 πενία
1589 894 1647 933 καὶ
1668 894 1707 932 τὸ
1732 894 1824 945 λιμῷ
1844 892 2036 939 τήκεσθαι;
2056 891 2169 942 Ὑμᾶς
2194 891 2229 930 δὲ
2249 890 2358 934 οὐδεὶς

1339 958 1556 1012 ἐξαιρήσεται
1572 959 1634 1003 τῆς
1645 954 1797 1011 γεέννης,
1815 953 1855 991 ἂν
1874 952 1921 1004 μὴ
1941 956 2002 999 τῆς
2018 953 2115 1006 παρὰ
2131 955 2198 991 τῶν
2218 960 2232 975 ³
2251 954 2356 1000 πενή-

1289 1026 1311 1056 Β
1337 1037 1405 1059 των
1419 1020 1549 1072 τύχητε
1568 1016 1739 1069 βοηθείας.
1760 1015 1852 1053 Ἀλλ’
1865 1016 2010 1066 ἐροῦμεν
2024 1014 2068 1052 τὰ
2085 1015 2172 1053 αὐτὰ
2186 1017 2235 1068 τῷ
2251 1018 2358 1054 πλου-

1338 1081 1415 1134 σίῳ,
1435 1083 1485 1132 τῷ
1513 1079 1677 1124 διηνεκῶς
1706 1076 1768 1127 μὲν
1787 1076 2059 1129 τηγανιζομένῳ,
2079 1076 2302 1128 παραμυθίας
2322 1076 2356 1115 δὲ

1339 1143 1512 1195 μηδεμιᾶς
1522 1139 1743 1191 τυγχάνοντι.
1761 1137 1866 1176 Ἀλλὰ
1880 1137 1927 1188 μὴ
1937 1138 2082 1189 γένοιτο,
2100 1139 2231 1189 μηδένα
2247 1142 2358 1177 ταῦτα

1337 1201 1483 1242 ἀκοῦσαί
1513 1215 1597 1238 ποτε
1629 1198 1673 1236 τὰ
1715 1198 1855 1250 ῥήματα
1868 1229 1877 1246 ,
1911 1199 1988 1236 ἀλλ’
2021 1202 2067 1242 εἷς
2097 1199 2176 1242 τοὺς
2211 1200 2359 1244 κόλπους

1338 1261 1498 1314 Ἀδραὰμ
1540 1261 1712 1297 ἀπελθεῖν·
1759 1258 1878 1310 χάριτι
1912 1258 1972 1296 καὶ
2016 1260 2256 1311 φιλανθρωπίᾳ
2296 1264 2356 1298 τοῦ

1338 1322 1468 1375 Κυρίου
1497 1323 1598 1371 ἡμῶν
1625 1318 1742 1366 Ἰησοῦ
1769 1320 1919 1371 Χριστοῦ
1932 1349 1941 1366 ,
1960 1320 2001 1356 δι’
2024 1315 2063 1357 οῦ
2082 1319 2139 1357 καὶ
2161 1322 2236 1370 μεθ’
2253 1314 2292 1358 οῦ
2308 1321 2357 1372 τῷ

1338 1382 1456 1435 Πατρὶ
1473 1386 1495 1429 ἡ
1513 1380 1593 1425 δόξα
1605 1411 1614 1429 ,
1629 1380 1703 1430 ἅμα
1722 1381 1771 1431 τῷ
1788 1378 1877 1432 ἁγίῳ
1894 1378 2090 1430 Πνεύματι,
2117 1382 2163 1424 εἷς
2178 1380 2254 1424 τοὺς
2273 1383 2357 1419 αἰῶ-

1339 1461 1399 1488 νας
1413 1447 1480 1482 τῶν
1502 1441 1646 1481 αἰώνων.
1663 1440 1784 1492 Ἀμήν.

1707 1950 1885 1988 οΜιΛιΑ
1915 1948 1983 1997 κη’.

1336 2074 1388 2110 Οὐ
1406 2071 1472 2125 γὰρ
1492 2072 1693 2110 ἀπέστειλεν
1709 2075 1726 2110 ὁ
1743 2072 1831 2117 Θεὸς
1848 2072 1906 2111 τὸν
1927 2073 2009 2111 Υἱὸν
2038 2075 2159 2122 αὐτοῦ,
2181 2073 2237 2112 ἵνα
2257 2075 2355 2128 κρίνῃ

1479 2132 1536 2171 τὸν
1557 2132 1699 2183 κόσμον,
1722 2135 1797 2172 ἀλλ’
1818 2133 1872 2172 ἵνα
1890 2133 1985 2186 σώσῃ
2002 2134 2060 2172 τὸν
2076 2134 2217 2186 κόσμον.

1390 2318 1520 2356 Πολλοὶ
1536 2320 1604 2355 τῶν
1628 2317 1869 2371 ῥᾳθυμοτέρων
1901 2320 1948 2361 εἷς
1973 2319 2236 2371 ἁμαρτημάτων
2258 2320 2357 2372 μέγε-

1338 2383 1392 2422 θος
1421 2378 1479 2417 καὶ
1511 2378 1694 2431 ὀλιγωρίας
1714 2377 1906 2431 ὑπερὸολὴν
1927 2381 1969 2430 τῇ
1989 2383 2048 2416 τοῦ
2063 2382 2154 2418 Θεοῦ
2183 2380 2357 2433 κεχρημέ-

1337 2456 1388 2478 νοι
1406 2438 1664 2491 φιλανθρωπίᾳ,
1686 2443 1794 2476 ταῦτα
1823 2438 2026 2490 φθέγγονται
2052 2439 2097 2478 τὰ
2117 2441 2257 2492 ῥήματα
2270 2457 2277 2464 ·
2297 2444 2356 2479 οὐκ

1338 2501 1410 2538 ἔστι
1431 2500 1550 2552 γέεννα
1562 2530 1571 2548 ,
1591 2501 1653 2538 οὐκ
1668 2500 1740 2538 ἔστι
1758 2498 1918 2547 κόλασις,
1940 2500 2055 2538 πάντα
2072 2505 2089 2539 ὃ
2107 2502 2195 2545 Θεὸς
2216 2502 2354 2553 ἀφίησιν

1338 2567 1422 2613 ἡμῖν
1442 2561 1485 2599 τὰ
1510 2561 1762 2613 ἁμαρτήματα.
1790 2559 1932 2614 Οὕσπερ
1964 2562 2194 2612 ἐπιστομίζων
2228 2562 2356 2616 ι’σοφός

1338 2640 1389 2668 τις
1411 2623 1498 2675 ἀνήρ
1523 2638 1627 2673 φησι·
1658 2621 1718 2668 Μὴ
1739 2621 1858 2673 εἴπῃς,
1877 2625 1894 2659 ὃ
1910 2622 2087 2675 οἶκτιρμὸς
2110 2625 2212 2662 αὐτοῦ
2232 2624 2356 2670 πολὺς,

285 2697 369 2720 rum
385 2685 752 2735 miserebilursquia
763 2684 1071 2722 misericordiaet
1087 2686 1148 2721 ira
1165 2685 1271 2736 apud
1292 2699 1317 2729 ι)
1338 2686 1378 2724 τὸ
1407 2686 1536 2730 πλῆθος
1557 2685 1624 2721 τῶν
1646 2683 1824 2735 ἁμαρτιῶν
1847 2699 1912 2733 μου
1937 2682 2153 2727 ἐξιλάσεται·
2184 2684 2236 2722 ὅτι
2264 2684 2355 2729 ἕλεος

286 2748 423 2795 ipsum,
449 2752 483 2780 et
497 2757 608 2794 super
619 2753 837 2794 peccatores
862 2745 1012 2782 ardebit
1020 2745 1142 2797 furor
1164 2747 1265 2798 ejus5

287 2815 486 2851 eti-ursum,
506 2806 552 2842 Ut
567 2805 690 2841 multa
702 2807 963 2843 misericordia
977 2808 1072 2858 ejus,
1092 2815 1128 2844 et
1142 2808 1267 2845 multa

288 2868 509 2917 redargutio
526 2868 620 2917 ejus.
645 2865 693 2902 Et
708 2866 782 2913 ubi,
800 2866 948 2917 inquies,
963 2867 1164 2919 benignitas
1180 2869 1268 2921 ejus,

289 2927 316 2964 si
337 2925 533 2964 secundum
553 2933 776 2977 peccatorum
787 2927 911 2964 merita
922 2929 1099 2981 accepturi
1120 2930 1269 2968 sumus?

289 2988 395 3035 Quod
414 2987 609 3025 secundum
624 2986 749 3024 merita
759 2989 935 3039 accepturi
946 2990 1070 3041 simus,
1088 2991 1172 3029 audi
1186 3006 1269 3044 pro-

289 3051 432 3102 plietam
452 3058 485 3086 et
506 3049 657 3086 Paulum
678 3047 865 3095 dicentem3
884 3049 987 3087 illuni
1015 3052 1174 3103 quidem,
1216 3055 1270 3092 Tu

289 3112 423 3150 reddes
452 3112 656 3162 unicuique
682 3111 890 3147 secundum
919 3124 1033 3162 opera
1061 3127 1154 3158 sua,-
1176 3114 1272 3153 hunc

289 3180 417 3220 autem,
453 3171 527 3220 Qui
552 3170 682 3208 reddet
711 3172 916 3222 unicuique
941 3174 1148 3210 secundum
1178 3188 1269 3225 opus

288 3246 411 3269 suum.
440 3230 547 3277 Quod
574 3239 692 3268 autem
720 3230 952 3269 nihilominus
980 3246 1104 3283 magna
1130 3234 1175 3271 sit
1204 3237 1267 3273 Dei

287 3293 483 3341 elementia,
527 3292 584 3329 vel
613 3291 696 3329 binc
735 3291 853 3343 palam
890 3301 953 3337 cst,
993 3293 1084 3343 quod
1121 3309 1200 3332 cum
1233 3296 1267 3333 in

333 3430 346 3450 θ’
368 3426 470 3468 Aliqui
492 3434 624 3470 ςομστῇς
642 3434 727 3473 ἀνὴρ.

1339 2747 1398 2786 καὶ
1424 2744 1509 2798 ὀργὴ
1526 2746 1609 2797 παρ’
1631 2746 1742 2796 αὐτῷ,
1760 2744 1819 2782 καὶ
1840 2744 1896 2782 ἐπὶ
1919 2743 2146 2797 ἁμαρτωλοὺς
2167 2747 2353 2784 καταπαύ-

1340 2825 1390 2847 σει
1418 2810 1435 2845 ὃ
1458 2805 1561 2856 θυμὸς
1593 2806 1715 2843 αὐτοῦ·
1733 2804 1791 2841 καὶ
1817 2805 1936 2852 πάλιν,
1956 2804 2056 2843 Κατὰ
2076 2805 2115 2843 τὸ
2147 2805 2234 2843 πολὺ
2262 2805 2355 2850 ἔλεος

1341 2872 1442 2908 αὐτοῦ
1456 2898 1465 2915 ,
1485 2866 1591 2909 πολὺς
1619 2865 1678 2903 καὶ
1696 2868 1714 2903 ὃ
1736 2865 1878 2917 ἔλεγχος
1907 2868 2021 2904 αὐτοῦ.
2043 2866 2113 2903 Καὶ
2137 2870 2221 2914 ποῦ,
2248 2868 2354 2919 φησὶ,

1340 2931 1384 2968 τὰ
1398 2932 1459 2976 τῆς
1480 2926 1758 2980 φιλανθρωπίας,
1773 2929 1802 2965 εἷ
1821 2927 1864 2965 τὰ
1888 2929 1964 2964 κατ’
1986 2926 2083 2970 ἀξίαν
2105 2929 2357 2980 ἀποληψόμεθα

1341 2994 1408 3029 τῶν
1425 2987 1711 3041 ἇμαρτημοίτ(ι)ν;
1731 2986 1817 3025 <Ὀτι
1834 2986 1894 3038 μὲν
1924 2986 1968 3024 τὰ
1990 2989 2077 3025 Κατ’
2101 2988 2198 3033 ἀξίαν
2220 2991 2356 3037 ἀπολη-

1341 3052 1498 3104 ψόμεθα,
1521 3050 1624 3088 ἄκουε
1651 3050 1710 3087 καὶ
1741 3054 1800 3087 τοῦ
1826 3049 2003 3101 προφήτου
2033 3050 2092 3088 καὶ
2124 3053 2183 3089 τοῦ
2217 3050 2359 3090 Παύλου

1341 3113 1518 3164 λέγοντος’
1541 3116 1600 3149 τοῦ
1628 3109 1704 3161 μὲν,
1725 3110 1776 3148 ὅτι
1798 3109 1847 3148 Σὺ
1877 3110 2069 3155 ἀποδώσεις
2104 3111 2240 3162 ἑκάστῳ
2267 3113 2359 3150 κατὰ

1342 3175 1384 3212 τὰ
1413 3174 1498 3226 ἔργα
1518 3175 1635 3211 αὐτοῦ·
1657 3174 1715 3210 τοῦ
1743 3170 1798 3220 δὲ,
1814 3171 1881 3215 *Oq
1910 3171 2083 3210 ἀποδώσει
2115 3173 2251 3225 ἑκάστῳ
2271 3173 2361 3211 κατὰ

1341 3237 1380 3274 τὸ
1396 3235 1492 3288 ἔργον
1522 3237 1634 3273 αὐτοῦ.
1652 3232 1736 3271 (Ότι
1753 3232 1787 3272 δὲ
1807 3234 1865 3271 καὶ
1882 3233 1970 3272 οὕτω
1990 3234 2101 3281 πολλὴ
2124 3238 2144 3282 ἠ
2167 3237 2357 3288 φιλανθρω-

1340 3297 1403 3335 πία
1423 3300 1481 3335 τοῦ
1501 3298 1591 3335 Θεοῦ
1605 3326 1613 3342 ,
1637 3294 1695 3333 καὶ
1722 3297 1820 3333 τοῦτο
1835 3296 1986 3333 ἐντεῦθεν
2004 3297 2118 3342 δῆλον,
2135 3296 2196 3340 Εἷς
2215 3295 2282 3347 γὰρ
2300 3295 2357 3333 δύο
