2481 3678
104 706 186 743 Quid
203 712 257 739 est,

271 240 364 287 526
725 255 763 284 5.
802 253 982 285 somnus

269 345 333 384 ter,
353 335 555 388 perhibebit
579 344 613 373 et
639 335 807 386 Spiritus.
829 335 937 386 Atqui
956 349 977 372 a
993 333 1171 386 principio
1188 333 1255 370 hoc

269 396 370 447 fecit3
393 396 455 435 sed
469 395 575 434 etiam
596 410 689 434 nunc
700 395 814 434 faciet.

324 697 362 732 9.
394 693 489 731 Illud
511 702 641 741 autem,
663 693 701 729 9.
725 692 875 744 Arguet
892 692 939 729 de
949 700 1121 742 peccalo,
1139 691 1253 741 idest,
1292 706 1302 722 π

71 749 190 781 ᾸΓΨΜ
222 750 259 775 ‘¹⁸
272 755 423 792 Omnem
453 753 716 791 exeusationem
742 752 791 789 eis
833 752 982 801 auferet,
1031 751 1257 802 ostendetque

66 795 203 826 peccalo.

68 830 148 866 Quid
162 852 168 862 ,
211 831 256 857 De
269 815 413 852 illorum
427 816 556 852 scelera
571 814 646 852 sine
660 813 763 852 venia
777 827 860 851 esse.
879 814 929 850 10
940 843 947 850 .
964 814 1017 850 Et
1031 814 1254 864 dejusfflia,

62 871 200 906 justitia.

269 878 361 927 quia
377 877 430 913 ad
443 878 602 913 Patrem
614 876 733 921 vadO,
751 877 881 927 etjam
895 888 972 911 non
984 874 1166 910 ‘videbitis
1180 886 1257 921 me,-

266 938 307 975 id
325 947 389 986 est,
410 938 505 986 Quia
522 937 871 990 irreprehensibilem
889 936 1002 973 vitam
1019 935 1110 973 duxi
1129 951 1136 971 :
1157 935 1258 986 eujus

266 998 319 1036 rei
347 999 522 1037 indicium
547 1008 613 1047 est,
637 997 734 1048 quod
762 997 807 1035 ad
834 998 977 1034 Patrem
997 996 1140 1034 vadam.
1165 996 1259 1042 Quia

266 1059 361 1097 enim
382 1074 520 1112 semper
541 1059 645 1097 illum
664 1058 890 1108 accusabant,
914 1057 1010 1108 quod
1027 1071 1072 1094 ex
1091 1058 1166 1094 Deo
1188 1071 1258 1094 non

266 1131 368 1170 05501,
392 1131 425 1158 et
444 1121 522 1158 ideo
542 1121 646 1158 illum
672 1128 892 1172 peccatorem
911 1127 944 1155 et
966 1117 1130 1168 iniquum
1156 1117 1255 1154 dice-

264 1181 364 1229 bant,
391 1197 426 1219 se
444 1182 536 1219 hanc
557 1181 628 1219 illis
649 1179 861 1218 criminandi
882 1194 1005 1217 ansam
1030 1179 1256 1216 sublaturum

265 1258 338 1282 esse
358 1244 463 1282 dixit.
482 1245 574 1282 Nam
595 1243 624 1281 si
644 1252 769 1295 putare
787 1257 842 1279 me
861 1256 929 1279 non
950 1256 996 1279 ex
1014 1243 1089 1278 Deo
1109 1255 1196 1289 esse,
1217 1240 1255 1278 id

1270 1274 1317 1301 [⁴60

1017 250 1239 282 CHRYSOST
1248 271 1256 280 .
1296 250 1501 280 ARCHIEP.
1539 248 1870 281 CONSTANTINOP
1879 269 1888 279 .

1331 330 1513 381 θουμένην,
1536 330 1703 381 δαίμονας
1724 330 1970 381 ἐλαυνομένους
1983 357 1992 375 ,
2013 328 2218 380 Πνεύματος
2235 345 2349 382 χορη-

1330 392 1407 443 γίαν
1430 392 1572 444 ἄφατον,
1592 391 1777 430 καὶταῦτα
1794 390 1908 429 πάντα
1927 393 2010 441 ἐμοῦ
2026 391 2237 440 καλουμένου
2258 390 2350 442 γινό-

1332 470 1436 504 μενα,
1450 453 1484 491 τί
1512 456 1662 505 ἐροῦσιν,
1680 451 1925 506 Ἔμαρτύρησε
1939 452 2006 505 γὰρ
2039 451 2118 503 περὶ
2145 453 2228 501 ἐμοῦ
2248 451 2308 489 καὶ
2333 453 2350 488 ὁ

1330 514 1478 567 Πατήρ·
1501 512 1716 567 μαρτυρήσει
1732 512 1767 551 δὲ
1786 513 1845 550 καὶ
1873 513 1913 550 τὸ
1933 514 2090 563 Πνεῦμα.
2109 516 2123 531 ³
2140 511 2263 550 Καίτοι
2290 510 2351 549 καὶ

1331 574 1427 627 παρὰ
1452 575 1514 621 τὴν
1538 574 1648 626 ἀρχὴν
1681 572 1935 625 ἐμαρτύρησεν·
1962 573 2051 611 ἀλλὰ
2077 572 2136 610 καὶ
2166 577 2221 610 νῦν
2251 577 2352 610 τοῦτο

1329 636 1479 682 ποιήσει.

1383 697 1435 734 Τὸ
1463 695 1519 741 δὲ,
1535 694 1692 747 Ἔλέγξει
1712 693 1792 747 περὶ
1808 694 1996 747 ἁμαρτίας,
2013 697 2104 732 τοῦτ’
2123 693 2212 741 ἐστὶ,
2236 700 2351 732 πᾶσαν

1332 758 1520 807 ἀπολογίαν
1539 759 1650 795 αὐτῶν
1667 756 1823 808 ἐκκόψει,
1846 756 1906 793 καὶ
1926 755 2026 800 δείξει
2053 755 2351 806 πεπλημμεληκό-

1330 833 1392 860 τας
1409 817 1648 870 ἀσύγγνωστα.
1669 817 1738 855 Καὶ
1757 817 1836 870 περὶ
1855 817 2094 864 δικαιοσύνης,
2112 816 2166 855 ὅτι
2181 815 2249 868 ἐγὼ
2267 816 2353 868 πρὸς

1331 878 1387 916 τὸν
1420 878 1565 931 Πατέρα
1600 879 1793 932 πορεύομαι
1811 908 1820 926 ‚
1852 878 1911 916 καὶ
1944 878 2058 916 οὐκέτι
2088 878 2246 930 θεωρεῖτέ
2290 892 2351 928 με·

1329 938 1518 986 τουτέστιν,
1533 939 1586 977 ὅτι
1605 938 1786 984 1’ἄληπτον
1806 938 2035 992 παρεσχόμην
2054 939 2138 990 βίον.
2160 939 2231 976 Καὶ
2251 943 2355 976 τοῦτο

1329 998 1529 1051 τεκμήριον,
1546 999 1585 1037 τὸ
1600 1000 1686 1051 πρὸς
1704 999 1761 1037 τὸν
1782 999 1927 1052 Πατέρα
1960 999 2179 1052 πορεύεσθαι.
2205 998 2351 1046 Ἐπειδὴ

1330 1060 1397 1112 γὰρ
1418 1061 1511 1111 αὐτῷ
1533 1059 1587 1096 ἀεὶ
1613 1064 1713 1098 τοῦτο
1737 1059 1930 1108 ἐνεκάλουν,
1950 1060 2003 1098 ὅτι
2039 1063 2099 1098 οὐκ
2119 1061 2210 1098 ἔστιν
2232 1062 2271 1098 ἐκ
2292 1065 2353 1098 τοῦ

1330 1122 1443 1166 Θεοῦ,
1464 1119 1524 1157 καὶ
1560 1119 1616 1158 διὰ
1647 1124 1746 1158 τοῦτο
1780 1121 1987 1172 ἁμαρτωλὸν
2012 1121 2112 1159 αὐτὸν
2143 1120 2260 1170 ἔλεγον
2293 1120 2353 1158 καὶ

1329 1181 1545 1234 παράνομον,
1568 1181 1683 1233 φησὶν,
1703 1180 1755 1218 ὅτι
1775 1180 1834 1218 καὶ
1852 1181 1981 1227 ταύτην
1997 1182 2176 1233 ἀναιρήσει
2191 1181 2253 1228 τὴν
2270 1181 2354 1233 πρό·

1330 1258 1445 1294 φασιν.
1466 1243 1510 1280 Εἰ
1539 1241 1606 1294 γὰρ
1636 1241 1675 1279 τὸ
1693 1240 1893 1292 νομίζεσθαι
1926 1241 1988 1292 ἐμὲ
2023 1241 2071 1292 μὴ
2102 1235 2190 1278 εἶναι
2224 1244 2262 1279 ἐκ
2294 1246 2354 1280 τοῦ

266 1319 323 1343 me
340 1315 635 1357 transgressorem
654 1304 799 1341 exhibet
822 1319 829 1339 :
854 1317 934 1340 cum
952 1303 1108 1355 Spiritus
1124 1316 1179 1339 me
1193 1301 1255 1340 illo
1282 1311 1306 1340 A
1330 1305 1421 1342 Θεοῦ
1436 1333 1445 1350 ,
1475 1306 1576 1341 τοῦτο
1610 1301 1811 1353 παράνομον
1853 1301 2020 1340 δείκνυσιν
2035 1318 2042 1325 ·
2074 1301 2156 1340 ὅταν
2191 1302 2283 1355 δείξῃ
2314 1302 2355 1341 τὸ

266 1367 468 1414 abeuntem,
499 1381 569 1404 non
603 1365 650 1403 ad
676 1365 816 1414 horam,
845 1364 905 1402 sed
931 1373 970 1401 ut
1000 1364 1051 1401 ibi
1079 1377 1254 1412 maneam,

266 1428 456 1466 ostenderit
474 1427 591 1476 (illud
613 1427 722 1477 enim,
747 1427 840 1464 Jam
872 1439 948 1462 non
973 1426 1156 1463 videbitis
1179 1439 1252 1475 me,

266 1492 333 1529 hoe
359 1491 526 1540 indicat),
548 1490 639 1541 quid
664 1499 784 1542 postea
814 1488 957 1526 dicent?
983 1487 1080 1527 Vide
1104 1501 1255 1538 pravam

265 1552 469 1604 opinionem
493 1567 556 1604 per
574 1552 651 1589 haec
670 1551 742 1588 duo
762 1550 951 1587 sublatam.
973 1549 1067 1586 Nam
1085 1549 1185 1600 signa
1204 1550 1257 1587 fa-

267 1627 344 1650 cere
362 1627 431 1650 non
452 1622 499 1650 est
516 1611 722 1665 peccatoris,
743 1625 855 1660 neque
874 1609 969 1647 enim
989 1609 1027 1646 id
1042 1618 1157 1661 potest
1175 1624 1256 1661 pec-

266 1683 375 1721 cator,
401 1688 512 1724 neque
533 1689 553 1711 a
574 1675 646 1710 Deo
668 1686 741 1710 esse
768 1670 962 1724 peccatoris
986 1680 1047 1707 est.
1071 1670 1166 1721 Ergo
1187 1684 1256 1708 non

267 1735 359 1772 ultra
374 1735 518 1787 potestis
529 1734 646 1771 dicere
664 1734 780 1785 ipsum
796 1741 1030 1784 peccatorem,
1048 1746 1110 1769 nee
1124 1746 1169 1769 cx
1182 1733 1257 1769 Deo

98 1808 191 1845 Quid,
212 1809 255 1835 De
268 1810 337 1834 non
357 1810 442 1834 0550.
468 1797 529 1832 11.
552 1797 614 1833 De
628 1795 778 1847 judicio
804 1802 947 1840 alitem,
972 1795 1065 1845 quia
1081 1796 1257 1845 princeps

65 1850 185 1885 judicio
192 1871 198 1877 .

269 1860 383 1912 hujus
404 1859 537 1896 mnndi
555 1861 641 1910 jam
650 1858 851 1909 judicatus
870 1864 940 1893 est.
964 1855 1030 1892 Hic
1050 1869 1192 1893 rursum
1215 1855 1259 1893 de

263 1920 403 1971 justitia
419 1933 615 1957 sermonem
640 1918 760 1967 hahet,
779 1917 862 1967 quia
881 1916 1128 1955 adversarium
1154 1931 1260 1969 supe-

268 1981 375 2030 ravit,
393 1980 489 2031 quod
502 1989 665 2032 peccator
684 1993 752 2016 non
773 1978 901 2030 potuit7
923 1978 1163 2029 nequejustus
1179 1978 1258 2028 qui-

267 2043 322 2081 vis
337 2042 534 2080 hominum.
554 2040 661 2089 Quod
673 2040 767 2078 enim
780 2049 926 2092 propter
941 2054 996 2077 me
1008 2039 1259 2078 condemnatus

268 2104 327 2151 sit,
348 2104 458 2141 scient
479 2103 504 2140 ii
523 2103 585 2153 qui
606 2102 640 2139 in
661 2111 842 2154 posterum
868 2101 972 2138 illum
1001 2101 1201 2151 calcabunt,
1227 2109 1260 2138 et

268 2165 560 2203 resurrectionem
578 2178 692 2202 meam
705 2163 887 2200 manifeste
902 2162 1091 2211 videbunt,
1110 2162 1147 2199 id
1163 2161 1260 2213 quod

269 2226 534 2264 condemnantis
550 2234 612 2263 est.
633 2226 754 2274 Neque
771 2223 865 2261 enim
881 2238 936 2260 me
953 2223 1069 2275 potuit
1085 2222 1256 2260 detinere.

269 2287 364 2334 Quia
385 2300 468 2338 ergo
486 2285 666 2335 dicebant,
690 2299 745 2321 me
764 2283 982 2321 daemonium
998 2284 1129 2320 habere
1148 2292 1180 2320 et
1199 2282 1260 2320 de-

268 2358 445 2400 ceptorem
461 2361 535 2385 csse
556 2362 563 2383 :
583 2346 661 2383 haee
683 2344 801 2383 omnia
822 2345 940 2382 futilia
965 2358 1038 2381 esse
1064 2343 1260 2395 deprehen-

268 2412 406 2450 dentur.
425 2413 504 2450 Non
522 2410 617 2448 enim
631 2410 734 2447 illum
750 2409 935 2461 cepissem,
951 2408 978 2446 si
995 2416 1136 2460 peccato
1151 2422 1259 2445 essem

269 2472 446 2510 obnoxius
474 2487 481 2507 τ
504 2485 598 2509 nunc
618 2485 704 2508 vero
724 2469 978 2507 condemnatus
997 2477 1030 2506 et
1051 2468 1182 2519 ejectus
1197 2476 1258 2505 est.

270 2535 331 2570 132.
350 2533 496 2570 Adhuc
514 2532 638 2569 multa
665 2532 787 2568 habeo
804 2532 916 2567 ‘vobis
937 2530 1078 2574 dicere,
1096 2529 1166 2566 sed
1184 2542 1261 2566 non

266 2597 424 2644 potestis
441 2602 597 2645 portare
617 2592 743 2629 modo.
767 2590 925 2643 Expedit
944 2603 1027 2640 ergo
1057 2598 1096 2626 ut
1119 2602 1183 2640 ego
1200 2603 1261 2627 va—

269 2654 366 2698 dam,
382 2654 555 2705 siquidem
570 2663 653 2692 tunc
668 2652 843 2705 portaturi
855 2651 952 2701 estis,
970 2665 1050 2689 cum
1063 2651 1193 2688 abiero.
1213 2650 1261 2687 Et

268 2714 358 2765 quid
373 2715 505 2751 fuctum
526 2714 598 2751 est?
616 2728 659 2751 an
681 2713 837 2765 Spiritus
854 2722 888 2750 te
902 2713 1014 2764 major
1030 2721 1096 2761 est,
1115 2711 1259 2762 quando

269 2789 363 2812 nunc
383 2790 450 2812 non
467 2785 661 2826 portamus,
679 2784 711 2812 ct
733 2774 792 2812 ille
814 2788 876 2812 nos
890 2773 935 2811 ad
950 2773 1167 2825 portandum
1181 2772 1258 2810 ido-

268 2850 350 2873 neos
370 2835 515 2872 reddet?
536 2851 618 2872 1111111
641 2836 753 2886 major
771 2844 804 2872 et
821 2835 1009 2887 perfectior
1023 2843 1073 2871 est
1087 2835 1162 2885 ejus
1179 2834 1257 2871 esil-

268 2897 363 2935 caciu
378 2897 394 2933 ἶ)
408 2897 557 2934 Minime
575 2913 580 2932 :
597 2911 678 2933 num
695 2897 754 2934 ille
770 2911 847 2947 quae
862 2911 939 2933 mea
958 2905 1039 2933 sunt
1055 2895 1158 2933 dicet.
1174 2895 1257 2933 Ideo

268 2960 317 2997 ait
337 2975 343 2995 :
369 2961 429 2996 15.
447 2960 558 2995 ffi'hil
576 2959 752 3009 loquetur
778 2973 802 2996 α
827 2961 1042 3009 ςειηεεὶρςο,
1068 2958 1137 2995 secl
1154 2971 1256 3009 (μαε-

268 3036 430 3074 cumque
443 3022 587 3067 audiet,
607 3021 796 3071 loquetur,
816 3030 849 3057 et
869 3035 952 3072 qua?
969 3029 1138 3057 ventura
1165 3029 1255 3058 sunt

268 3085 533 3121 annuntiabit.
558 3082 620 3118 14.
644 3082 719 3118 Ille
740 3096 798 3117 mc
817 3082 1064 3133 clarificabit,
1095 3083 1188 3133 qnia
1208 3082 1256 3119 dc

268 3159 350 3182 meo
367 3147 541 3195 accipiet,
560 3151 593 3179 et
612 3144 860 3179 annuntiabit
879 3144 1003 3179 vobis.
1026 3142 1088 3178 15.
1112 3144 1255 3179 Omnia

269 3218 516 3257 quoecumque
544 3205 661 3240 habet
682 3203 815 3248 Pater,
836 3215 921 3238 mea
952 3210 1055 3239 sunt.
1081 3202 1172 3239 Cum
1191 3201 1251 3239 di-

312 3347 325 3360 ²¹
350 3335 413 3366 Alii
435 3340 529 3368 καίτοι
547 3340 599 3372 τὴν
616 3339 723 3379 ἀρχήν.

312 3387 329 3410 b
353 3386 546 3427 Suspicatur
558 3386 616 3417 Sux
627 3384 697 3415 ilius
712 3381 885 3425 legendum
900 3386 1110 3419 &venibam-ou.
1121 3380 1186 3414 Sed
1202 3385 1276 3420 ἅλη-

268 3452 339 3472 τττον
366 3436 481 3480 legitur
506 3436 537 3469 iu
570 3434 722 3468 omnibus
747 3432 999 3476 exemplaribus.
1031 3432 1162 3466 Ibidem
1195 3445 1276 3465 1111115

1329 1366 1476 1415 Πνεῦμα
1493 1366 1562 1402 ἐκεῖ
1581 1379 1623 1414 με
1643 1362 1859 1410 ἀπελθόντα,
1882 1363 1941 1401 καὶ
1968 1366 2004 1401 οὐ
2021 1363 2106 1416 πρὸς
2129 1363 2236 1416 ὥραν,
2264 1363 2354 1403 ἀλλὰ

1330 1425 1477 1475 μένοντα
1504 1428 1573 1463 ἐκεῖ
1600 1423 1657 1472 (τὸ
1684 1423 1769 1477 γὰρ,
1786 1426 1863 1461 Οὐκ
1894 1424 1944 1462 ἔτι
1974 1424 2134 1475 θεωρεῖτέ
2162 1441 2224 1475 με,
2254 1424 2354 1464 τοῦτό

1329 1488 1402 1523 ἐστι
1435 1486 1638 1533 δηλοῦντος)
1651 1500 1658 1507 ·
1692 1484 1725 1521 τί
1760 1487 1873 1537 ἐροῦσι
1906 1484 2046 1530 λοιπόν;
2077 1484 2174 1537 εὈρα
2208 1485 2264 1523 διὰ
2294 1485 2354 1523 δύο

1328 1545 1458 1583 τούτων
1475 1544 1727 1598 ἀναιρουμένην
1742 1545 1804 1592 τὴν
1822 1545 1974 1597 πονηρὰν
1995 1545 2157 1596 ὑποψίαν.
2177 1545 2271 1583 Οὔτε
2285 1545 2353 1598 γὰρ

1328 1607 1368 1644 τὸ
1382 1612 1510 1656 σημεῖα
1530 1612 1638 1644 ποιεῖν
1661 1607 1870 1659 ἁμαρτωλοῦ
1886 1606 1943 1657 (οὐ
1961 1605 2028 1658 γὰρ
2060 1606 2202 1643 δύναται
2234 1608 2353 1659 ἁμαρ-

1330 1667 1438 1711 τωλος
1458 1673 1586 1717 σημεῖα
1607 1673 1717 1705 ποιεῖν
1734 1671 1764 1714 ),
1785 1666 1862 1705 οὔτε
1876 1667 1915 1704 τὸ
1938 1666 2035 1719 παρὰ
2054 1669 2137 1718 Θεῷ
2168 1661 2254 1704 εἶναι
2277 1668 2353 1704 δια-

1331 1728 1459 1771 παντὸς
1488 1729 1710 1782 ἁμαρτωλοῦ.
1734 1728 1842 1766 ζΏ1στε
1862 1730 1922 1766 οὐκ
1942 1728 1992 1765 ἔτι
2025 1732 2039 1748 ‘¹
2052 1727 2197 1766 δύνασθε
2227 1727 2352 1780 λέγειν,

1330 1789 1384 1828 ὅτι
1402 1783 1498 1832 οὗτος
1513 1788 1719 1840 ἁμαρτωλός
1739 1790 1844 1836 ἐστιν,
1861 1787 1913 1826 ὅτι
1932 1790 1993 1826 οὐκ
2009 1788 2100 1826 ἔστιν
2118 1789 2156 1825 ἐκ
2175 1793 2235 1826 τοῦ
2249 1791 2352 1826 Θεοῦ.

1333 1849 1421 1902 Περὶ
1441 1849 1475 1888 δὲ
1501 1849 1665 1902 κρίσεως,
1685 1848 1738 1887 ὅτι
1758 1853 1774 1887 ὁ
1792 1849 1909 1902 ἅρχων
1924 1854 1983 1887 τοῦ
1999 1848 2131 1898 κόσμου
2153 1849 2271 1887 τούτου
2292 1849 2354 1887 κε’-

1331 1926 1459 1963 κριται.
1478 1911 1591 1948 Πάλιν
1617 1914 1763 1949 ἐνταῦθα
1782 1910 1839 1949 τὸν
1860 1910 1940 1963 περὶ
1957 1910 2173 1957 δικαιοσύνης
2202 1912 2356 1949 ἀνακινεῖ

1331 1972 1444 2023 λόγον,
1479 1971 1531 2009 ὅτι
1567 1971 1805 2009 κατεπάλαισε
1836 1971 1893 2009 τὸν
1929 1971 2113 2009 ἀντίδικον.
2144 1973 2220 2009 Οὐκ
2251 1971 2290 2009 ἂν
2320 1970 2355 2009 δὲ

1333 2033 1539 2086 ἁμαρτωλὸς
1559 2032 1604 2070 ὢν
1635 2033 1909 2070 κατεπάλαισεν·
1936 2031 2021 2086 ὅπερ
2050 2032 2125 2070 οὐδὲ
2148 2032 2278 2077 δίκαιός
2304 2049 2356 2076 τις

1335 2093 1527 2147 ἀνθρώπων
1547 2096 1694 2139 ποιῆσαι
1726 2093 1878 2146 ἴσχυσεν.
1898 2093 1984 2132 ’Ότι
2011 2094 2078 2146 γὰρ
2106 2094 2356 2146 κατακέκριται

1335 2157 1376 2193 δι’
1397 2157 1476 2207 ἐμὲ,
1497 2156 1648 2193 εἴσονται
1663 2158 1693 2193 οἱ
1713 2159 1992 2199 καταπατοῦντες
2009 2156 2109 2193 αὐτὸν
2125 2154 2278 2208 ὕστερον,
2296 2155 2356 2193 καὶ

1332 2217 1394 2264 τὴν
1416 2216 1605 2255 ἀνάστασίν
1628 2232 1692 2266 μου
1715 2219 1832 2267 σαφῶς
1852 2216 1998 2264 εἰδότες,
2027 2216 2112 2269 ὅπερ
2134 2216 2357 2269 κατακρίνον-

1333 2278 1388 2321 τός
1412 2281 1515 2315 ἐστιν.
1548 2279 1601 2314 Οὐ
1619 2276 1686 2328 γὰρ
1717 2275 1839 2327 ἴσχυσέ
1862 2293 1904 2326 με
1938 2283 2139 2328 κατασχεῖν.
2176 2277 2278 2315 Ἐπεὶ
2296 2271 2354 2315 οῦν

1333 2340 1463 2391 ἔλεγον,
1483 2338 1535 2376 ὅτι
1554 2337 1729 2388 δαιμόνιον
1759 2337 1849 2388 ἔχω,
1867 2337 1927 2375 καὶ
1957 2340 2008 2375 ὅτι
2033 2339 2161 2382 πλάνος
2189 2339 2273 2389 εἰμὶ,
2296 2339 2355 2376 καὶ

1333 2407 1443 2440 ταῦτα
1463 2400 1551 2452 μετὰ
1567 2403 1677 2436 ταῦτα
1693 2399 1913 2450 δειχθήσεται
1927 2399 2020 2437 ἕωλα
2038 2400 2135 2438 ὄντα.
2159 2403 2210 2438 Οὐ
2226 2401 2293 2453 γὰρ
2313 2401 2353 2438 ἂν

1335 2463 1435 2501 αὐτὸν
1459 2455 1561 2508 εἶλον,
1584 2460 1616 2497 εἷ’
1643 2476 1681 2511 γε
1701 2459 1856 2512 ἁμαρτία
1876 2460 2062 2504 ὑπεύθυνος
2081 2460 2176 2512 ἥμην
2194 2477 2200 2483 ·
2221 2462 2294 2499 νυνὶ
2319 2461 2354 2499 δὲ

1335 2524 1584 2576 κατακέκριται
1599 2521 1658 2559 καὶ
1680 2521 1904 2568 ἐκὲέέληται.
1926 2520 2007 2559 '‘Em-t
2023 2523 2135 2560 πολλὰ
2152 2521 2223 2574 ἔχω
2243 2522 2354 2574 λέγειν

1298 2596 1309 2625 2
1337 2590 1429 2636 ὑμῖν,
1449 2586 1526 2624 ἀλλ’
1558 2586 1594 2622 οὐ
1617 2583 1760 2621 δύνασθε
1782 2582 1964 2633 βαστάζειν
1992 2584 2080 2637 ἄρτι.
2105 2584 2240 2621 Οὐκοῦν
2265 2599 2356 2634 συμ-

1335 2647 1430 2700 φέρει
1455 2645 1517 2697 ἐμὲ
1546 2645 1718 2690 ἀπελθεῖν,
1740 2643 1772 2682 εἴ
1798 2660 1837 2694 γε
1867 2643 1944 2681 τότε
1977 2644 2121 2694 μέλλετε
2156 2643 2355 2695 βαστάζειν,

1333 2709 1414 2747 ὅταν
1446 2707 1597 2746 ἀπέλθω.
1614 2705 1683 2744 Καὶ
1703 2705 1736 2743 τί
1768 2704 1928 2756 γέγονεν;
1947 2704 2073 2748 Μεῖζόν
2098 2720 2157 2754 σου
2181 2706 2220 2743 τὸ
2240 2706 2355 2742 Πνεῦ-

1335 2771 1385 2821 μά
1414 2772 1517 2816 ἐστιν,
1536 2767 1589 2806 ὅτι
1610 2771 1666 2805 νῦν
1687 2765 1747 2817 μὲν
1770 2768 1807 2804 οὐ
1836 2765 2066 2816 βαστάζομεν,
2086 2768 2195 2803 ἐκεῖνο
2212 2764 2246 2803 δὲ
2260 2770 2355 2816 ἡμᾶς

1334 2831 1515 2883 βαστάζειν
1541 2827 1820 2880 παρασκευάσει,
1843 2826 1969 2876 μείζων
1999 2829 2021 2872 ἡ
2045 2825 2173 2864 ἐκείνου
2201 2825 2355 2879 ἐνέργεια

1332 2892 1390 2931 καὶ
1421 2890 1705 2940 τελειοτέρα5οὐ
1738 2892 1858 2925 τοῦτο·
1875 2887 1934 2924 καὶ
1963 2886 2030 2938 γὰρ
2059 2888 2184 2930 ἐκεῖνος
2209 2886 2254 2924 τὰ
2286 2885 2355 2937 ἐμὰ

1332 2957 1411 3007 ἐρεῖ.
1434 2951 1500 2989 Διὰ
1516 2950 1615 2988 τοῦτό
1634 2965 1718 3001 φησι
1734 2964 1740 2970 ·
1759 2949 1833 2999 Ἀφ’
1851 2949 1972 2985 ἑαυτοῦ
1994 2947 2139 2993 λαλήσει
2154 2947 2261 2995 οὐδὲν,
2277 2948 2353 2985 ἀλλ’

1331 3015 1394 3053 ὅσα
1414 3013 1452 3050 ἂν
1469 3011 1619 3061 ἀκούσῃ,
1635 3009 1802 3056 λαλήσει,
1820 3008 1878 3045 καὶ
1905 3007 1949 3045 τὰ
1970 3007 2143 3059 ἐρχόμενα
2160 3009 2353 3059 ἀναγγελεῖ.

1330 3077 1484 3117 Ἐκεῖνος
1512 3071 1573 3122 ἐμὲ
1595 3070 1748 3117 δοξάσει,
1764 3069 1816 3106 ὅτι
1850 3070 1888 3106 ἐκ
1908 3073 1967 3106 τοῦ
2006 3071 2088 3118 ἐμοῦ
2118 3069 2268 3119 λήψεται
2293 3068 2354 3105 καὶ

1330 3137 1513 3188 ἀναγγελεῖ
1533 3136 1626 3183 ὑμῖν.
1649 3131 1772 3169 Πάντα
1791 3130 1855 3167 ὅσα
1874 3130 1946 3181 ἔχει
1967 3133 1984 3167 ὁ
2002 3127 2142 3180 Πατὴρ,
2161 3129 2228 3178 ἐμά
2247 3131 2352 3166 ἐστιν.

1328 3196 1477 3243 Ἐπειδὴ
1498 3195 1566 3247 γὰρ
1585 3187 1692 3240 εἶπεν,
1712 3192 1765 3229 ὅτι
1785 3193 1913 3234 ἐκεῖνος
1940 3193 2030 3240 ὑμᾶς
2045 3189 2173 3232 διδάξει
2191 3188 2250 3226 καὶ
2267 3191 2353 3227 ἀνα-

1343 3327 1443 3360 habet
1463 3323 1608 3357 secunda
1626 3333 1725 3354 manu
1747 3326 1795 3355 mk
1812 3324 1916 3355 τοΰτου
1928 3328 2098 3364 τεκμήριον,
2116 3318 2255 3353 fortasse
2281 3327 2347 3349 me-

1343 3380 1414 3412 lius.
1434 3380 1498 3421 [Et
1518 3379 1562 3409 ita
1580 3374 1689 3408 Codd.
1716 3373 1840 3413 nostri,
1859 3372 1987 3415 reete.]

1387 3443 1399 3456 ἢ
1422 3429 1537 3462 Moreh
1553 3432 1684 3462 δύναται.
