2481 3678
306 217 398 264 206
759 236 797 266 S.
835 236 1014 267 JOANNIS
1048 234 1288 266 CHRYSOST.
1328 234 1532 264 ARCHIEP.
1570 235 1920 265 CONSTANTINOP-

303 314 438 352 cultum
468 314 797 365 1·cdie1·unt;.1udaei
816 330 900 355 vero
923 325 972 354 tot
992 317 1158 355 aerumnis
1176 316 1285 354 casti-
1361 315 1422 365 μὲν
1443 314 1510 367 γὰρ
1535 315 1723 368 βάρὸαροι,
1748 316 1805 354 ἵνα
1830 315 1935 354 πλέον
1960 320 2082 367 πεῖραν
2109 315 2244 354 λάὸωσι
2264 315 2380 366 μόνον,

302 376 387 426 gati,
407 390 450 414 ne
464 376 513 414 ita
531 376 675 427 quidem
692 377 925 428 resipuerunt.
944 377 1025 414 Huc
1043 376 1160 428 itaque
1176 377 1287 415 Chri-
1309 390 1334 419 ι)
1359 376 1716 429 πρὸςτὴνἸουδαϊκὴν
1727 377 1902 416 εὐσέὸειαν
1912 378 2103 423 ἐπανῆλθον
2113 377 2381 420 ewam-{xenon

304 446 378 474 stus
397 437 504 485 venit,
524 437 669 482 mollem
689 445 722 474 et
742 437 913 476 lascivam
928 438 1039 476 vitam
1055 451 1191 489 semper
1204 437 1286 475 abi·
1358 438 1394 476 δὲ
1416 438 1585 482 τοσαύτας
1603 438 1830 489 ὑπομένοντες
1851 438 2039 491 τιμωρίας,
2060 439 2135 477 οὐδὲ
2167 438 2273 482 οὕτως
2295 441 2381 476 ἐσω-

125 537 129 542 ,
183 496 388 547 clu-isugcns
402 527 412 546 ,
444 497 657 535 laboriosam
684 511 766 537 vero
790 507 823 535 et
848 507 982 535 arctam
1013 497 1193 536 inducens.
1209 499 1286 536 Non
1358 499 1601 551 φρονίσθησαν.
1619 501 1790 537 Ἐνταῦθα
1805 498 1918 537 τοίνυν
1938 503 1955 538 ὃ
1976 499 2125 553 Χριστὸς
2151 499 2380 552 παρεγένετο,

102 542 186 605 :fik-¹³·
212 537 395 595 1411Ὀὀιῑὶηι
421 558 670 609 subjugalibus
697 572 782 596 usus
809 567 874 608 est,
896 558 957 596 sed
983 558 1032 596 ita
1058 558 1198 596 assidue
1222 559 1289 597 iter
1357 559 1415 597 τὸν
1440 559 1501 609 μὲν
1524 560 1694 611 βάναυσον
1721 559 1780 598 καὶ
1800 559 1901 613 ὑγρὸν
1922 560 2101 598 ἐκὸάλλων
2132 560 2204 612 βίον
2226 561 2300 608 ἀεὶ,
2321 560 2379 598 τὸν

299 618 384 668 agit,
403 627 441 654 ut
456 618 678 670 defatigetur.
688 619 765 656 Hoc
780 619 912 670 ubique
930 619 1043 669 docet,
1054 628 1093 656 ut
1109 619 1177 657 sibi
1189 620 1288 671 quis-
1359 620 1392 658 δὲ
1409 621 1571 660 ἐπίπονον
1588 621 1734 673 εἰσάγων
1749 621 1808 660 καὶ
1824 621 2109 672 συνεσταλμένον.
2137 625 2190 660 Οὐ
2208 622 2276 674 γὰρ
2296 623 2381 660 ὓπο-

299 692 368 728 que
396 687 569 730 operetur,
602 692 665 716 nee
690 688 825 729 quaerat
852 680 1044 731 superflua,
1077 693 1139 716 nec
1166 680 1289 717 multis
1358 681 1483 733 ζυγίοις
1499 682 1690 736 κέχρηται,
1710 684 1786 721 ἀλλ’
1802 682 1890 721 οὕτω
1905 682 2036 733 βαδίζει
2053 682 2245 729 συντόνως,
2261 685 2308 727 ὡς
2319 682 2378 721 καὶ

299 747 408 788 egeat.
428 739 482 775 Ita
506 752 612 790 porro
638 739 718 778 vult
746 753 809 777 nos
829 754 848 777 a
868 739 1140 792 supervacaneis
1154 740 1288 778 alienos
1357 749 1524 782 κοπιᾶσαι
1557 746 1597 781 ἐκ
1627 747 1689 790 τῆς
1720 743 1928 796 ὁδοιπορίας.
1962 743 2030 781 Καὶ
2064 748 2164 782 τοῦτο
2199 748 2379 796 πανταχοῦ

299 812 383 847 esse,
406 808 443 836 ut
473 799 580 837 etiam
608 800 721 838 multa
743 800 938 838 necessaria
970 810 1180 853 amputaret.
1204 801 1288 840 Ideo
1355 804 1532 852 παιδεύει,
1547 805 1585 843 τὸ
1605 805 1789 858 αὐτουργὸν
1808 798 1895 842 εἶναι
1913 804 1972 842 καὶ
1987 804 2182 856 ἀπέριττον,
2198 805 2257 842 καὶ
2273 805 2312 843 τὸ
2329 804 2377 855 μὴ

104 860 213 889 amem.
232 862 262 893 8.
299 859 461 898 dicebat:
481 862 620 913 Vulpes
624 863 770 914 foveas
787 863 944 909 habent,
961 871 996 900 et
1011 863 1189 901 volucres
1203 863 1288 901 eceli
1354 866 1493 903 πολλῶν
1521 867 1665 904 δεῖσΟαι.
1697 865 1801 904 Οὕτω
1820 866 1887 919 γὰρ
1920 865 2079 917 βούλεται
2112 869 2179 904 τῶν
2207 869 2378 919 περιττῶν

102 908 149 929 ²⁰⁷
302 922 410 959 nidos
414 937 431 969 ;
449 923 576 960 Filius
597 931 726 960 autem
740 924 906 961 hominis
919 938 997 960 non
1013 925 1129 961 habet
1144 926 1209 961 ubi
1222 938 1287 962 ca-
1355 926 1554 979 ἀλλοτρίους
1580 931 1673 977 ἡμᾶς
1691 921 1795 974 εἶναι,
1815 930 1860 971 ὡς
1879 927 1939 965 καὶ
1959 928 2070 964 αὐτῶν
2093 930 2158 964 τῶν
2179 927 2378 978 ἀναγκαίων

296 990 365 1031 put
379 983 551 1020 reclinet.
569 983 745 1029 Quocirca
764 983 800 1020 in
815 984 995 1021 montibus
1015 998 1107 1036 saepe
1124 993 1286 1023 versatur
1353 987 1467 1026 πολλὰ
1486 987 1722 1038 περικόπτειν.
1750 988 1818 1027 Διὰ
1841 992 1940 1026 τοῦτο
1962 987 2077 1039 ἔλεγεν
2090 1003 2097 1011 ·
2124 989 2169 1026 Αἱ
2201 987 2378 1031 ἀλώπεκες

298 1041 383 1079 etin
402 1042 563 1093 desertis,
585 1057 654 1081 non
670 1043 823 1081 interdiu
839 1053 988 1093 tantum,
1008 1044 1069 1081 sed
1090 1044 1196 1081 etiam
1215 1059 1284 1082 no-
1307 1048 1330 1077 E
1353 1048 1502 1099 φωλεοὺς
1520 1049 1657 1100 ἔχουσι,
1675 1050 1735 1087 καὶ
1749 1049 1794 1087 τὰ
1808 1049 1950 1087 πετεινὰ
1964 1053 2021 1087 τοῦ
2040 1051 2183 1102 ούρανοῦ
2199 1064 2379 1096 κατασκη-

98 1097 185 1155 f'ffll·
218 1104 283 1135 ¹⁰9·
299 1111 368 1139 ctu.
397 1103 473 1141 Hoc
494 1103 600 1141 etiam
628 1103 747 1142 David
776 1105 1017 1156 praenuntians
1040 1103 1200 1154 dicebat,
1224 1107 1286 1144 De
1352 1108 1491 1152 νώσεις·
1512 1113 1529 1147 ὃ
1548 1110 1584 1147 δὲ
1602 1111 1685 1153 Υἱὸς
1714 1114 1773 1147 τοῦ
1806 1109 1987 1162 ἀνθρώπου
2019 1112 2082 1148 οὐκ
2111 1110 2184 1162 ἔχει
2217 1114 2282 1148 ποῦ
2312 1110 2375 1156 τὴν

99 1160 127 1174 ”
299 1172 465 1201 torrente
484 1167 525 1201 in
544 1168 614 1202 via
634 1167 748 1211 bibet,
771 1173 810 1201 ut
823 1165 899 1216 ejus
915 1162 1118 1216 expelitam
1129 1165 1211 1204 vitae
1230 1178 1285 1204 ra-
1352 1169 1505 1221 κεφαλὴν
1520 1169 1632 1221 κλίνῃ.
1653 1170 1721 1207 Διὰ
1735 1173 1835 1208 τοῦτο
1853 1170 1913 1208 καί
1931 1172 1964 1208 ἓν
1983 1176 2053 1213 τοῖς
2065 1171 2159 1223 ὄρεσι
2175 1170 2218 1208 τὰ
2234 1170 2378 1209 πλείονα

296 1223 428 1262 tionem
457 1223 726 1262 demonstraret.
746 1225 910 1277 Idipsum
934 1225 994 1262 hic
1010 1225 1162 1263 Joannes
1193 1225 1286 1263 indi-
1352 1230 1542 1281 διατρίὸει,
1572 1233 1633 1268 οὐκ
1657 1232 1691 1269 ἐν
1717 1229 1835 1283 ἡμέρᾳ
1859 1230 1974 1281 μόνον,
1999 1231 2089 1269 ἀλλὰ
2116 1231 2176 1269 καὶ
2201 1233 2235 1269 ἐν
2256 1231 2374 1279 νυκτὶ,

296 1293 350 1321 cat
368 1300 375 1320 :
392 1285 506 1323 Jesus
533 1298 621 1337 ergo
634 1286 836 1337 fatigatus
867 1299 914 1323 ex
943 1288 1102 1331 itinere,
1128 1286 1286 1324 sedebat.
1351 1292 1411 1330 καὶ
1429 1293 1463 1330 ἐν
1482 1297 1558 1336 ταῖς
1580 1291 1735 1345 ἐρήμοις,
1756 1293 1870 1330 Τοῦτο
1890 1291 1949 1329 καὶ
1964 1293 1981 1329 ὁ
1998 1291 2110 1330 Δαυὶδ
2129 1291 2377 1345 ἀνακηρύττων

295 1348 349 1382 sic
369 1346 657 1398 superforztern.
673 1347 784 1384 Hora
800 1355 884 1384 erat
900 1348 1013 1398 quasi
1025 1347 1200 1384 sexta.7.
1214 1349 1284 1385 Ve-
1351 1354 1466 1406 ἔλεγεν
1481 1384 1490 1401 ‚
1511 1353 1578 1391 Ἐκ
1609 1353 1800 1405 χειμάῤῥου
1826 1355 1860 1391 ἐν
1884 1354 1952 1404 ὁδῷ
1981 1352 2117 1399 πίεται,
2144 1353 2183 1391 τὸ
2214 1354 2378 1398 εὐσταλὲς

296 1408 351 1443 nit
379 1407 519 1444 mulier
544 1408 592 1444 de
615 1407 797 1445 Samaria
818 1408 976 1445 haurire
994 1420 1152 1458 aquam.
1176 1409 1284 1446 Dicit
1352 1416 1456 1453 αὐτοῦ
1475 1418 1534 1453 τοῦ
1559 1414 1633 1466 βίου
1656 1415 1781 1461 δηλῶν.
1801 1415 1915 1452 Τοῦτο
1935 1413 1995 1451 καὶ
2014 1413 2178 1460 Ἰωάννης
2199 1412 2215 1433 ‘¹
2229 1415 2376 1452 ἐνταῦθα

293 1468 329 1503 ei
341 1467 455 1505 Jesus
479 1482 489 1502 .·
512 1468 579 1504 Da
599 1468 695 1504 mihi
719 1469 857 1505 bibere.
883 1467 918 1505 8.
939 1468 1134 1518 Discipuli
1154 1476 1284 1506 autem
1294 1499 1341 1525 179
1353 1475 1524 1513 δείκνυσιν
1538 1491 1545 1498 -
1561 1474 1606 1514 Ὁ
1623 1469 1680 1513 οὖν
1701 1475 1834 1522 Ἰησοῦς
1850 1473 2070 1517 κεκοπιακὼς
2092 1476 2130 1512 ἕκ
2151 1477 2214 1520 τῆς
2241 1475 2376 1513 οδοιπο-

291 1528 373 1577 ejus
392 1529 569 1564 abierant
592 1529 634 1564 in
637 1528 791 1580 sorum,
812 1535 854 1564 ut
873 1529 978 1565 cibos
992 1536 1172 1565 emerent.
1191 1527 1284 1566 Hinc
1306 1537 1330 1565 A
1353 1535 1444 1588 ρίας,
1464 1536 1612 1583 ἐκάθητο
1624 1535 1732 1579 οὕτως
1748 1535 1805 1573 ἐπὶ
1820 1539 1863 1587 τῇ
1881 1538 1991 1587 πηγῇ,
2010 1534 2106 1587 εΏρα
2120 1530 2161 1582 ἦν
2176 1534 2259 1573 ὡσεὶ
2278 1535 2373 1582 ἕκτη.

290 1587 366 1638 ejus
380 1587 588 1639 patientiam
604 1588 640 1625 in
657 1587 832 1639 carpendo
846 1586 984 1636 itinere,
999 1596 1032 1625 et
1046 1587 1206 1625 ciborum
1224 1603 1281 1627 ne-
1349 1595 1521 1649 Ἔρχεται
1553 1596 1638 1648 γυνὴ
1671 1598 1711 1634 ἐκ
1740 1599 1802 1643 τῆς
1829 1595 2031 1648 Σαμαρείας
2066 1597 2235 1642 ἀντλῆσαι
2270 1594 2374 1647 ὕδωρ.

291 1647 446 1697 gleetum
476 1647 663 1699 discimus,
685 1657 718 1686 et
748 1662 856 1699 quam
885 1648 1001 1686 obiter
1026 1648 1112 1686 huic
1142 1649 1191 1687 rei
1223 1649 1281 1688 det
1349 1658 1453 1709 Λέγει
1473 1658 1559 1709 αὐτῇ
1583 1661 1600 1695 ὃ
1620 1657 1753 1704 Ἰησοῦς
1768 1673 1775 1680 .
1801 1656 1856 1699 δός
1877 1673 1935 1707 μοι
1959 1662 2062 1694 πιεῖν·
2080 1658 2126 1695 Οἱ
2151 1656 2186 1694 δὲ
2221 1658 2375 1707 μαθηταὶ

290 1721 454 1760 operam,
467 1709 517 1747 sic
537 1708 704 1760 discipuli
723 1723 864 1759 quoque
882 1723 937 1747 res
957 1723 1038 1747 suas
1059 1719 1208 1749 tractare
1221 1711 1279 1749 di-
1348 1721 1451 1758 αὐτοῦ
1471 1720 1626 1764 ἀπῆλθον
1648 1721 1695 1762 εἷς
1710 1717 1774 1765 τὴν
1799 1717 1940 1770 ἀγορὰν,
1961 1717 2018 1755 ἵνα
2043 1718 2171 1769 τροφὰς
2193 1718 2374 1770 ἀγοράσω-

287 1767 461 1807 dicerunt.
475 1770 553 1808 Non
569 1769 663 1807 enim
678 1769 805 1808 viatica
827 1783 947 1807 secum
968 1770 1171 1808 sumebant:
1184 1772 1280 1822 quod
1347 1797 1411 1819 ο-ιν,
1425 1780 1602 1819 Ἐντεῦθεν
1626 1779 1844 1830 μανθάνομεν
1864 1777 1975 1816 καὶτὸ
1993 1778 2073 1829 περὶ
2099 1777 2160 1821 τὰς
2179 1778 2373 1830 ὁδοιπορίας

90 1826 202 1854 Μ“”Ῐ”
227 1824 273 1855 ¹5⁴
287 1830 375 1868 alter
395 1830 528 1868 indicat
547 1830 775 1881 evangelista,
796 1844 877 1868 cum
897 1830 942 1869 de
959 1832 1130 1870 fermento
1153 1833 1279 1871 Phari-
1345 1841 1479 1880 εὔτονον
1499 1844 1620 1889 αὐτοῦ,
1646 1840 1706 1879 καὶ
1734 1840 1774 1878 τὸ
1801 1839 1882 1893 περὶ
1903 1839 1964 1882 τὰς
1989 1838 2118 1892 τροφὰς
2135 1840 2372 1890 ἠμελημένον,

92 1876 139 1895 Η’
290 1905 440 1929 saeorum
467 1892 554 1944 ipsis
582 1892 801 1942 loqueretur,
821 1890 917 1942 quod
942 1892 996 1930 illi
1014 1892 1152 1931 dictum
1174 1903 1277 1946 puta·
1344 1903 1403 1940 καὶ
1422 1905 1495 1945 πῶς
1511 1901 1693 1954 παρέργως
1707 1902 1757 1953 τῷ
1770 1901 1953 1952 πράγματι
1972 1899 2155 1953 κέχρηται.
2174 1899 2276 1938 Οὕτω
2292 1905 2372 1952 γοῦν

287 1951 385 2002 bant,
404 1953 488 2003 quia
504 1966 611 2005 panes
629 1967 699 1990 non
720 1962 929 1991 sumserant.
950 1953 998 1992 Et
1018 1968 1100 1993 eum
1115 1956 1277 1994 esurien-
1344 1964 1403 2003 καὶ
1419 1967 1450 2002 οἱ
1471 1963 1625 2015 μαθηταὶ
1645 1961 1898 2008 ἐπαιδεύοησαν
1920 1961 1965 1998 τὰ
1992 1963 2069 1999 καθ’
2093 1960 2233 2004 ἑαυτοὺς
2262 1962 2371 2000 δια-ιζ-

289 2024 339 2053 tes
354 2015 505 2065 inducit,
521 2024 554 2053 et
579 2015 694 2068 spicas
714 2016 884 2056 vellentes
904 2026 943 2054 ut
962 2016 1115 2068 ederent;
1133 2033 1174 2057 ac
1196 2035 1277 2059 cum
1345 2029 1475 2064 οεσθαι,
1506 2026 1559 2063 Οὐ
1587 2024 1654 2077 γὰρ
1684 2022 1855 2074 ἐπήγοντο
1881 2021 2012 2074 ἐφόδια.
2042 2021 2111 2060 Καὶ
2140 2023 2237 2068 δηλοῖ
2270 2026 2370 2061 τοῦτο

288 2075 374 2114 dicit
401 2091 500 2126 eum,
526 2076 622 2127 quod
641 2076 802 2125 esuriret,
818 2076 863 2114 ad
880 2077 990 2116 ficum
1010 2079 1165 2118 venisse:
1186 2081 1277 2119 nihil
1344 2087 1457 2139 ἕτερος
1475 2084 1719 2137 εὐαγγελιστὴς
1738 2083 1860 2135 λέγων,
1876 2082 1980 2129 ἡνίκα
1996 2081 2075 2135 περὶ
2095 2085 2156 2128 τ’ῆς
2173 2081 2282 2132 ζύμης
2300 2085 2369 2120 τῶν

287 2138 387 2175 aliud
399 2138 456 2176 his
469 2152 531 2176 nos
551 2138 666 2187 docet,
685 2152 791 2189 quam
804 2148 964 2177 ventrem
979 2153 1052 2178 esse
1071 2143 1173 2192 parvi
1185 2156 1275 2194 peu-
1344 2146 1551 2200 Φαρισαίων
1570 2149 1683 2189 αὐτοῖς
1703 2144 1892 2196 διελέγετο,
1919 2143 1973 2182 ὅτι
2001 2145 2125 2181 ἐκεῖνοι
2142 2142 2296 2194 ἐνόμιζον
2315 2143 2368 2182 ὅτι

286 2199 456 2249 (lendum,
475 2214 537 2238 nce
553 2200 657 2238 illum
677 2209 858 2252 tantopere
873 2202 1071 2239 curandum
1089 2217 1171 2241 esse.
1187 2205 1277 2243 Con·
1344 2208 1466 2261 ἄρτους
1493 2208 1554 2244 οὐκ
1585 2206 1786 2249 ἐδάσταζον.
1807 2204 1876 2242 Καὶ
1897 2204 1979 2242 ὅταν
2003 2206 2193 2247 πεινῶντας
2224 2204 2345 2256 εἰσάγῃ
2358 2234 2368 2252 ,

287 2262 402 2299 sidera
414 2262 473 2299 hic
487 2276 628 2313 quoque
642 2262 724 2299 illos
740 2262 832 2299 nihil
847 2262 1019 2313 attulisse,
1032 2278 1145 2314 neque
1161 2274 1275 2304 tamen
1298 2266 1319 2295 Β
1345 2269 1401 2306 καὶ
1431 2267 1612 2310 τίλλοντας
1639 2269 1707 2304 τῶν
1736 2265 1962 2316 ·Ίάσταχύων,
1997 2265 2056 2303 καὶ
2084 2264 2277 2311 ἐσθίοντας,
2308 2266 2368 2303 καὶ

287 2322 365 2359 ideo
382 2323 501 2360 statim
521 2337 541 2360 a
561 2322 737 2374 principio
764 2321 834 2359 diei
855 2322 947 2360 hanc
967 2338 1041 2361 rem
1061 2338 1194 2374 curare,
1215 2327 1276 2365 sed
1342 2329 1424 2368 ὅταν
1445 2330 1529 2380 λέγῃ
1549 2328 1650 2366 αὐτὸν
1663 2327 1721 2365 ἐπὶ
1736 2326 1799 2372 τὴν
1820 2329 1929 2372 συκῆν
1950 2325 2007 2363 διὰ
2021 2325 2084 2372 τὴν
2103 2332 2223 2363 πεῖναν
2245 2327 2367 2372 ἐληλυ-

287 2397 368 2420 cum
391 2383 475 2421 hora
501 2382 643 2435 prandii
670 2382 827 2432 advenit,
847 2397 942 2421 escas
961 2393 1094 2422 emtum
1120 2386 1181 2423 ire.
1201 2388 1275 2426 Nos
1343 2389 1457 2437 θέναι,
1474 2388 1568 2426 οὐδὲν
1590 2388 1675 2426 ἄλλο
1694 2387 1716 2432 ἢ
1738 2391 1838 2424 τοῦτο
1860 2385 1915 2423 διὰ
1930 2386 2070 2424 πάντων
2087 2389 2180 2436 ἡμᾶς
2198 2387 2367 2435 παιδεύει,

286 2457 369 2480 vero
388 2453 506 2481 contra
529 2443 647 2482 statim
674 2452 778 2493 atque
791 2457 810 2479 a
830 2443 919 2481 lecto
945 2445 1177 2495 surreximus,
1196 2457 1276 2486 ante
1341 2450 1379 2487 τὸ
1394 2454 1619 2501 καταφρονεῖν
1638 2447 1804 2500 γαστρὸς,
1825 2447 1883 2484 καὶ
1908 2445 1956 2497 μὴ
1984 2446 2282 2499 περισπούδαστον
2301 2447 2364 2495 τὴν

287 2504 404 2541 onmia
424 2505 500 2541 haee
522 2518 698 2551 curamus,
720 2517 849 2554 coquos
871 2513 904 2541 et
928 2518 1104 2556 caupones
1128 2508 1274 2545 accersi·
1340 2511 1446 2555 αὐτῆς
1461 2509 1611 2560 νομίζειν
1633 2502 1719 2546 εἶναι
1738 2506 1972 2560 λειτουργίαν.
1995 2506 2128 2545 Σκόπει
2144 2512 2223 2559 γοῦν
2241 2507 2366 2552 αὐτοὺς

288 2578 378 2611 mus,
395 2564 501 2614 idque
533 2578 660 2615 magno
692 2578 773 2601 cum
801 2564 918 2602 studio
948 2565 1111 2616 agimus:
1129 2576 1162 2604 et
1194 2578 1273 2620 post
1339 2570 1398 2608 καὶ
1421 2573 1587 2615 ἐνταῦθα,
1610 2570 1685 2608 οὔτε
1706 2568 1973 2621 ἐπιφερομένους
1994 2584 2047 2615 τι,
2073 2568 2153 2606 οὔτε
2174 2568 2294 2616 ἐπειδὴ
2314 2569 2362 2619 μὴ

286 2625 360 2661 haec
381 2625 449 2662 alia
467 2640 644 2673 curamus,
672 2626 746 2662 haec
769 2639 907 2677 semper
928 2626 1082 2664 earnalia
1101 2628 1271 2680 spiritua·
1340 2632 1542 2679 ἐδάσταζον,
1561 2633 1599 2669 ἐκ
1613 2629 1805 2684 προοιμίων
1825 2629 1883 2667 καὶ
1900 2629 1992 2672 εὐθὺς
2011 2632 2072 2676 τῆς
2092 2629 2225 2681 ἡμέρας
2243 2629 2362 2668 τούτου

287 2686 382 2724 libus
400 2696 657 2738 anteponentes,
674 2697 706 2725 et
727 2701 805 2738 quae
828 2688 1065 2739 perfunctorie
1087 2691 1270 2729 tractanda
1338 2692 1577 2745 φροντίζοντας
1589 2723 1598 2740 ,
1621 2691 1710 2730 ἀλλὰ
1727 2690 1817 2729 κατὰ
1837 2690 1894 2728 τὸν
1911 2690 2043 2741 καιρὸν,
2061 2693 2138 2729 καθ’
2158 2691 2194 2729 ὃν
2213 2691 2364 2734 ἅπαντες

287 2758 399 2797 erant,
420 2749 521 2799 quasi
554 2751 745 2786 necessaria
775 2758 1011 2800 exsequentes.
1041 2750 1126 2789 Ideo
1153 2753 1271 2791 omnia
1340 2756 1663 2805 ἀριστοποιοῧνται,
1702 2751 1829 2805 τροφὰς
1865 2752 2106 2803 ἀγοράζοντας,
2139 2751 2262 2789 *Ἀλλ’
2297 2753 2363 2802 οὐχ

287 2819 498 2861 praepostere
526 2819 690 2859 aguntur.
712 2810 842 2848 Contra
870 2810 1014 2849 omnino
1035 2825 1139 2863 agere
1167 2827 1271 2866 opor-
1339 2818 1460 2865 ἡμεῖς,
1485 2814 1517 2853 οἳ
1545 2814 1667 2856 εὖΟέως
1689 2813 1756 2851 ἀπὸ
1785 2812 1903 2859 κλίνης
1929 2812 2187 2863 διανιστάμενοι
2206 2811 2273 2863 πρὸ
2292 2813 2361 2849 τῶν

288 2869 370 2919 tuit,
387 2870 628 2922 spiritualium
644 2884 808 2920 magnam
823 2870 954 2909 habere
973 2872 1147 2911 rationem
1156 2890 1166 2924 5
1191 2875 1270 2926 qui-
1339 2875 1453 2913 ἄλλων
1485 2879 1584 2912 τοῦτο
1619 2873 1857 2924 σκοπούμεθα,
1889 2872 2073 2924 μαγείρους
2098 2872 2158 2909 καὶ
2190 2874 2364 2923 τραπεζο-

287 2930 354 2968 bus
375 2930 551 2982 perfectis,
573 2930 649 2967 hmo
676 2931 845 2981 attingere
861 2946 924 2982 par
950 2933 1030 2971 fuit.
1053 2934 1145 2973 Hine
1163 2950 1270 2987 porro
1338 2935 1455 2979 ποιοὺς
1469 2937 1650 2977 καλοῦντες
1661 2965 1670 2982 ,
1687 2934 1746 2972 καὶ
1762 2933 1849 2984 μετὰ
1865 2935 1996 2978 πολλῆς
2011 2936 2120 2970 ταῦτα
2130 2932 2363 2978 ἐπισκήπτον-

286 3006 355 3030 non
387 2992 549 3029 laborum
580 2990 763 3028 tolerantia
784 2991 889 3029 modo
922 2993 956 3030 in
978 2994 1119 3034 Christo
1150 2997 1267 3035 obser·
1338 3012 1393 3040 τες
1413 2999 1475 3042 τῆς
1502 2996 1677 3041 σπουδῆς,
1706 2994 1766 3032 καὶ
1789 2997 1863 3045 μετ’
1895 2996 2008 3032 ἐκεῖνα
2025 2996 2093 3031 τῶν
2112 2994 2226 3031 ἄλλων
2257 2992 2362 3036 οὕτως

287 3051 415 3101 vanda,
438 3051 500 3090 sed
519 3052 623 3089 etiam
642 3060 813 3102 quantum
836 3062 923 3090 esset
948 3069 967 3091 a
996 3056 1088 3093 fastu
1110 3058 1265 3108 alienus,
1338 3057 1546 3107 ἁπτόμενοι,
1576 3055 1620 3094 τὰ
1646 3055 1794 3107 βιωτικὰ
1812 3055 1879 3107 πρὸ
1896 3057 1964 3092 τῶν
1981 3057 2226 3105 πνευματικῶν
2249 3069 2360 3092 σπου-

286 3127 354 3151 non
377 3122 514 3151 tantum
529 3112 623 3163 quod
643 3112 810 3162 fatigatus
833 3123 931 3163 esset,
950 3115 1045 3164 quod
1067 3117 1201 3155 sederet
1214 3133 1266 3157 se·
1291 3121 1314 3151 C
1340 3120 1419 3157 δαῖα
1447 3117 1666 3168 ποιούμενοι,
1699 3116 1759 3154 καὶ
1788 3116 1809 3153 ἂ
1839 3115 2010 3168 πάρεργον
2038 3115 2129 3166 ἔχειν
2162 3117 2280 3167 ἐχρῆν,
2313 3117 2360 3158 ὡς

287 3188 348 3212 cus
368 3174 484 3224 viam;
500 3172 562 3212 sed
590 3173 695 3211 etiam
715 3173 810 3222 quod
831 3173 926 3212 solus
945 3175 1086 3214 relictus
1111 3188 1211 3230 esset,
1234 3188 1267 3217 et
1339 3182 1512 3231 ἀναγκαῖα
1530 3181 1709 3229 τιμῶντες.
1741 3176 1810 3214 Διὰ
1833 3181 1932 3214 τοῦτο
1956 3176 2071 3214 πάντα
2091 3175 2162 3213 ἅνω
2181 3175 2239 3212 καὶ
2261 3175 2357 3213 κάτω

330 3319 342 3337 ·’
360 3316 474 3351 Morel.
493 3322 619 3351 ἐνταῦθα.
637 3319 742 3357 δεικνὺς
758 3322 852 3361 λέγει·
873 3323 887 3353 ὁ
905 3320 962 3352 οὖν.
1394 3323 1410 3341 '⁴‘
1428 3324 1511 3365 [ἀλλ’
1529 3326 1581 3366 οὐχ
1595 3327 1632 3361 ὡς
1648 3311 1744 3366 ἡμεῖς·
1756 3325 1859 3360 εὐθέως
1882 3320 1983 3354 Savil.
2011 3327 2044 3352 et.
2069 3318 2152 3352 Cod.
2183 3320 2259 3362 7053
2286 3324 2355 3353 ἀλλ’

332 3379 344 3393 ³
361 3368 459 3403 Saxil.
477 3373 621 3412 σταχύων.
1350 3379 1406 3417 οὐχ
1423 3381 1460 3413 ὼς
1476 3381 1558 3419 ἡμεῖς
1575 3381 1633 3411 ἀπὸ
1645 3379 1741 3414 κλίνης
1756 3372 1841 3409 Cod.
1858 3374 2114 3415 7061nterpres‚
2132 3384 2196 3405 non
2215 3379 2248 3403 tet
2265 3373 2352 3413 nom]
