2481 3678
774 184 817 213 JN
857 184 1068 215 som-snm
1109 185 1268 214 uouit„
1311 185 1350 214 L.
1390 171 1453 215 al.
1491 187 1615 216 xcix.

158 262 240 314 λέγῃ
258 294 266 310 ,
293 265 371 302 Οὐκ
402 264 537 310 οἴδατε,
559 262 679 315 ὥσπερ
701 263 782 302 ὅταν
817 265 923 316 λέγῃ·
945 266 1023 304 Υἱοὶ
1052 265 1177 311 Ἠλεὶ,

156 324 223 361 υἱοὶ
243 323 376 375 λοιμοὶ,
392 324 450 362 καὶ
469 325 532 362 οὐκ
554 323 681 367 εἰδότες
712 324 769 363 τὸν
801 326 949 378 Κύριον·
972 325 1030 364 καὶ
1060 325 1178 373 πάλιν,

155 385 298 438 Ἰσραὴλ
314 386 351 424 δέ
370 402 412 436 με
429 387 492 423 οὐκ
516 385 616 438 ἔγνω.
640 386 701 430 Ὡς
723 387 782 425 καὶ
802 387 942 431 Παῦλός
965 403 1068 440 φησι·
1088 387 1178 426 Θεὸν

154 451 380 500 ὁμολογοῦσιν
402 447 549 496 εἰδέναι,
567 454 638 491 τοῖς
655 450 690 487 δὲ
708 449 819 501 ἔργοις
839 451 1034 501 ἀρνοῦνται.
1055 448 1178 487 ’Έστιν

155 510 223 561 ἄρα
239 509 286 561 μὴ
304 509 429 548 εἰδέναι
445 509 572 548 εἰδότα.
587 511 701 548 Τοῦτο
718 505 775 548 οῦν
792 512 947 562 φησιν·εἷ
966 508 1027 559 ἐμὲ
1043 508 1157 546 οἴδατε
1170 539 1179 556 ,

154 570 268 609 οἴδατε
292 570 345 609 ὅτι
371 575 431 609 τοῦ
450 572 542 609 Θεοῦ
565 571 647 615 Υἱός
666 573 750 622 εἰμι.
768 571 821 609 Τὸ
848 569 939 622 γὰρ,
960 569 1071 607 Πόθεν
1095 569 1179 620 εἰμὶ,

153 636 192 670 οὗ
212 632 269 670 τὸν
290 631 395 670 τόπον
409 632 557 670 ἐνταῦθά
571 647 668 684 φησι.
692 632 761 670 Καὶ
783 633 885 677 δῆλον
903 633 941 669 ἐκ
955 634 1016 677 τῆς
1035 633 1178 682 ἐπαγω-

154 696 218 743 γῆς
230 709 237 716 ·
249 692 318 732 Καὶ
339 695 399 731 ἀπ’
418 694 570 744 ἐμαυτοῦ
590 694 652 731 οὐκ
668 692 832 739 ἐλήλυθα,
845 693 920 730 ἀλλ’
940 692 1032 729 ἔστιν
1047 692 1180 739 ἀληθὴς

154 755 173 790 ὃ
187 751 330 804 πέμψας
350 768 393 803 με
406 782 416 800 ,
435 752 471 791 ὃν
503 755 600 803 ὑμεῖς
632 754 693 790 οὐκ
712 751 844 790 οἴδατε·
875 751 1015 802 ἄγνοιαν
1033 754 1181 790 ἐνταῦθα

154 813 278 865 λέγων,
297 813 362 860 τὴν
377 812 434 851 διὰ
449 814 518 850 τῶν
538 812 646 864 ἔργων
660 828 667 836 ·
682 811 796 855 καθὼς
810 813 949 856 Παῦλός
968 828 1071 865 φησι·
1090 813 1179 851 Θεὸν

153 877 358 926 ὁμολογοῦσι
391 873 537 922 εἰδέναι,
569 878 641 917 τοῖς
672 872 707 912 δὲ
737 873 848 925 ἔργοις
874 875 1070 926 ἀρνοῦνται.
1090 874 1180 913 Οὐδὲ

154 936 220 988 γὰρ
240 935 380 987 ἀγνοίας
397 929 439 982 ἦν
458 934 498 972 τὸ
528 934 746 987 ἁμάρτημα,
766 935 855 974 ἀλλὰ
884 936 1008 979 κακίας
1027 936 1087 974 καὶ
1114 952 1181 975 πο-

153 1005 260 1050 νηρᾶς
280 1003 294 1018 ⁰
307 996 461 1048 γνώμης.
482 996 552 1035 Καὶ
571 1000 673 1036 τοῦτο
698 997 845 1046 εἰδότες,
875 1000 1010 1049 ἀγνοεῖν
1037 998 1182 1049 βούλον-

152 1074 222 1097 ται.
242 1057 344 1105 Πλὴν
363 1057 448 1097 ποία
472 1058 658 1097 ἀκολουθία
689 1064 820 1106 ταῦτα;
842 1061 916 1102 πῶς
942 1060 1008 1111 γὰρ
1029 1059 1181 1112 ἐλέγχων

153 1118 274 1163 αὐτοὺς
285 1150 295 1167 ,
311 1119 355 1158 τὰ
374 1120 487 1157 αὐτῶν
508 1118 718 1171 φθέγγεται;
739 1120 921 1158 Εἷπόντων
936 1121 1002 1172 γὰρ
1028 1120 1181 1168 ἐκείνων,

153 1183 285 1220 Τοῦτον
318 1180 353 1219 δὲ
382 1180 523 1232 οἴδαμεν
545 1180 648 1219 πόθεν
670 1181 776 1229 ἐστὶν,
810 1181 988 1233 ἐπήγαγε,
1018 1183 1089 1220 Καὶ
1119 1182 1182 1233 ἐμὲ

153 1242 278 1281 οἴδατε.
302 1241 350 1280 Τί
369 1242 436 1295 γὰρ
464 1236 559 1281 εἷπον
580 1244 726 1289 ἐκεῖνοι,
741 1242 794 1280 ὅτι
825 1243 904 1281 Οὔκ
932 1243 1095 1293 οἴδαμεν,
1112 1243 1181 1282 Καὶ

155 1305 252 1342 αὐτοὶ
272 1303 335 1355 μὲν
352 1298 410 1342 οῦν
434 1307 536 1343 τοῦτο
552 1303 680 1356 ἔλεγον,
701 1305 754 1342 ὅτι
774 1303 944 1356 Οἴδαμεν.
975 1307 1067 1343 Ἀλλ’
1088 1308 1181 1344 ἐκεῖ-

155 1382 205 1405 νοι
241 1365 304 1417 μὲν
340 1366 400 1413 τὸ,
427 1364 585 1416 Οἴδαμεν
616 1365 719 1404 πόθεν
752 1365 849 1413 ἐστὶ,
874 1365 1032 1417 λέγοντες
1046 1396 1055 1414 ,
1086 1366 1183 1405 οὐδὲν

155 1428 241 1465 ἄλλο
262 1426 452 1479 ἐνέφαινον,
474 1428 550 1465 ἀλλ’
584 1425 675 1472 ἢὸτι
695 1429 733 1464 ἐκ
752 1429 815 1473 τῆς
832 1429 897 1478 γῆς
920 1429 1012 1472 ἐστι,
1036 1427 1098 1465 καὶ
1131 1427 1184 1466 ὅτι

155 1492 215 1526 τοῦ
244 1487 405 1530 τέκτονός
427 1489 520 1526 ἐστιν
541 1486 611 1530 υἱός
625 1503 633 1510 ·
662 1486 764 1530 αὐτὸς
783 1486 820 1524 δὲ
850 1486 972 1530 αὐτοὺς
989 1489 1116 1538 ἀνῆγεν
1139 1489 1186 1530 εἷς

154 1549 212 1586 τὸν
247 1547 409 1601 οὐρανὸν,
433 1547 562 1598 λέγων·
584 1547 715 1586 Οἴδατε
740 1548 842 1586 πόθεν
873 1547 946 1597 εἶμί
963 1562 971 1570 ·
991 1547 1184 1596 τουτέστιν,

151 1612 213 1648 οὐκ
227 1611 379 1648 ἐντεῦθεν
392 1608 468 1648 ὅθεν
485 1607 696 1648 ὑποπτεύετε
710 1639 720 1656 ,
743 1609 819 1647 ἀλλ’
836 1608 912 1647 ὅθεν
930 1611 947 1646 ὁ
964 1608 1107 1660 πέμψας
1124 1625 1181 1660 με.

151 1670 204 1709 Τὸ
219 1670 286 1723 γὰρ
303 1673 423 1716 εἰπεῖν,
437 1669 491 1709 ὅτι
510 1669 585 1709 Ἀπ’
608 1672 760 1721 ἐμαυτοῦ
788 1671 850 1707 οὐκ
879 1668 1050 1719 ἐλήλυθα,
1083 1674 1185 1709 τοῦτο

153 1732 364 1779 αἰνίττεται,
387 1731 440 1770 ὅτι
472 1731 600 1783 ᾔδεσαν
629 1731 684 1770 ὅτι
716 1731 814 1785 παρὰ
844 1734 904 1769 τοῦ
929 1731 1070 1784 Πατρὸς
1099 1732 1184 1771 ἀπέ-

156 1795 306 1842 σταλτο,
327 1796 357 1832 εἰ
376 1793 435 1832 καὶ
459 1793 507 1845 μὴ
539 1793 785 1838 ἐξεκάλυπτον.
801 1795 920 1846 Διπλῇ
948 1798 1028 1846 γοῦν
1061 1793 1185 1838 αὐτοὺς

152 1854 302 1907 ἐλέγχει.
322 1854 393 1893 Καὶ
411 1857 549 1908 πρῶτον
567 1854 629 1906 μὲν
651 1854 673 1892 ἃ
692 1857 769 1893 κατ’
793 1855 880 1894 ἰδίαν
898 1855 1056 1905 ἐλάλουν,
1073 1860 1183 1894 ταῦτα

151 1918 197 1960 εἰς
213 1916 316 1966 μέσον
325 1916 436 1968 ἤγαγε
450 1915 600 1968 κράζων,
615 1915 706 1954 ὥστε
725 1915 847 1960 αὐτοὺς
863 1917 1024 1969 ἐντρέψαι
1039 1932 1046 1940 ·
1061 1916 1183 1955 ἔπειτα

152 1977 211 2015 καὶ
233 1977 277 2016 τὰ
296 1977 387 2016 κατὰ
408 1977 560 2016 διάνοιαν
595 1976 827 2021 ἐξεκάλυπτεν
845 1994 852 2002 ·
872 1978 1002 2016 ὡσανεὶ
1038 1979 1155 2030 ἔλεγεν
1171 1995 1178 2003 ·

153 2040 215 2076 οὐκ
246 2039 318 2089 εἰμὶ
338 2040 407 2077 τῶν
428 2038 712 2092 ἀπερριμμένων,
729 2038 806 2078 οὐδὲ
831 2042 900 2077 τῶν
921 2039 1040 2083 ἁπλῶς
1059 2040 1177 2079 ἐλθόν-

151 2116 219 2138 των
234 2115 241 2123 ·
262 2099 353 2138 Ἀλλ’
376 2099 469 2138 ἔστιν
486 2099 618 2147 ἀληθὴς
642 2103 660 2138 ὃ
687 2099 830 2152 πέμψας
856 2117 918 2151 με,
945 2101 981 2140 ὃν
1002 2105 1100 2153 ὑμεῖς
1116 2103 1178 2141 οὐκ

149 2161 276 2200 οἴδατε.
297 2161 344 2200 Τί
366 2163 472 2209 ἐστιν,
491 2160 639 2208 Ἀληθὴς
661 2164 679 2199 ὁ
698 2161 840 2214 πέμψας
872 2178 936 2213 με;
974 2164 1018 2201 Εἰ
1047 2164 1181 2211 ἀληθής

148 2225 253 2271 ἐστιν,
274 2223 329 2262 ἐπ’
348 2222 494 2275 ἀληθείᾳ
512 2222 666 2275 ἔπεμψεν
682 2239 690 2246 ·
706 2225 735 2261 εἷ
752 2223 885 2270 ἀληθής
905 2227 1009 2274 ἐστιν,
1032 2225 1092 2264 καὶ
1121 2226 1180 2265 τὸν

148 2283 412 2336 ἀπεσταλμένον
435 2284 527 2329 εἰκὸς
551 2286 664 2332 ἀληθῆ
686 2279 788 2324 εἶναι.

200 2352 272 2391 Καὶ
305 2351 431 2404 ἑτέρως
459 2350 494 2390 δὲ
517 2356 618 2390 τοῦτο
647 2352 923 2401 κατασκευάζει,
941 2353 1010 2392 ἀπὸ
1032 2356 1101 2391 τῶν
1127 2356 1178 2393 οἷ-

147 2412 249 2451 κείων
267 2412 389 2456 αὐτοὺς
402 2412 626 2465 χειρούμενος
644 2412 768 2464 λόγων.
785 2413 933 2461 Ἐπειδὴ
949 2413 1017 2466 γὰρ
1037 2414 1155 2466 ἔλεγον
1166 2446 1176 2463 ,

148 2474 192 2512 Ὁ
212 2475 361 2527 Χριστὸς
375 2473 456 2512 ὅταν
476 2474 647 2526 ἔρχηται,
660 2475 769 2519 οὐδεὶς
787 2475 951 2526 γινώσκει
963 2476 1066 2514 πόθεν
1081 2477 1175 2522 ἐστὶ,

148 2536 300 2575 δείκνυσι
319 2536 378 2573 καὶ
410 2538 563 2574 ἐντεῦθεν
595 2536 716 2574 ἑαυτὸν
734 2529 822 2574 εἶναι
839 2536 896 2575 τὸν
914 2537 1078 2589 Χριστόν.
1104 2538 1174 2576 Καὶ

146 2598 213 2649 γὰρ
237 2599 361 2635 ἐκεῖνοι
391 2595 451 2642 τὸ,
485 2595 612 2640 Οὐδεὶς
640 2595 826 2647 γινώσκει,
844 2598 930 2649 πρὸς
959 2599 1173 2637 ἀντιδιαστο-

145 2658 210 2706 λὴν
241 2662 386 2697 τοπικοῦ
418 2673 510 2701 τινος
539 2657 657 2709 ἔλεγον
693 2658 892 2709 διορισμοῦ·
923 2658 983 2696 καὶ
1019 2661 1170 2697 ἐντεῦθεν

146 2720 315 2758 δείκνυσιν
337 2719 457 2757 ἑαυτὸν
481 2718 564 2757 ὄντα
580 2718 638 2756 τὸν
652 2718 816 2771 Χριστὸν,
836 2718 889 2758 ὅτι
907 2719 1004 2774 παρὰ
1023 2722 1082 2757 τοῦ
1097 2720 1171 2757 Πα-

144 2783 223 2836 τρὸς
243 2776 328 2829 ἦλθε
344 2797 352 2804 ·
370 2780 429 2819 καὶ
442 2784 623 2832 πανταχοῦ
638 2779 701 2826 τὴν
718 2783 844 2832 γνῶσιν
869 2782 982 2833 ἑαυτῷ
1004 2786 1171 2834 μαρτυρεῖ

147 2844 240 2895 μόνῳ
257 2847 317 2882 τοῦ
340 2842 502 2894 Πατρὸς,
519 2840 648 2894 λέγων·
666 2842 747 2894 Οὐχ
780 2841 833 2879 ὅτι
862 2842 921 2880 τὸν
947 2842 1092 2894 Πατέρα
1119 2857 1170 2886 τις

145 2904 310 2958 ἑώρακεν,
327 2906 357 2941 εἷ
377 2903 425 2955 μὴ
449 2906 467 2941 ὅ
486 2902 534 2941 ὢν
552 2901 650 2954 παρὰ
668 2906 727 2941 τοῦ
743 2902 895 2955 Πατρός.
911 2902 981 2942 Καὶ
1005 2901 1169 2955 παρώξυ-

143 2982 198 3004 νεν
224 2964 346 3009 αὐτοὺς
367 2965 411 3003 τὰ
438 2964 622 3016 λεγόμενα.
635 2969 651 2986 ²¹
666 2964 719 3002 Tb
734 2964 801 3016 γὰρ
822 2966 943 3013 εἰπεῖν,
962 2963 1015 3003 ὅτι
1033 2966 1096 3003 οὐκ
1119 2964 1170 3003 οἴ-

106 3033 109 3039 ’
145 3028 225 3066 δατε
244 3026 358 3075 αὐτὸν,
378 3025 438 3064 καὶ
456 3025 495 3064 τὸ
514 3025 649 3077 ἐλέγξαι
667 3025 720 3064 ὅτι
741 3025 867 3070 εἰδότες
892 3029 1165 3079 προσποιοῦνται

145 3090 293 3140 ἀγνοεῖν,
314 3088 431 3126 ἱκανὸν
452 3087 568 3125 δακεῖν
587 3088 646 3126 καὶ
661 3088 897 3141 καθάψασθαι.
917 3087 1084 3134 Ἐζήτουν
1107 3080 1165 3125 οῦν

145 3150 245 3188 αὐτὸν
276 3149 422 3197 πιάσαι,
455 3148 514 3186 καὶ
547 3149 656 3192 οὐδεὶς
684 3148 852 3187 ἐπέὸαλεν
882 3150 936 3187 ἐπ’
970 3148 1072 3187 αὐτὸν
1100 3146 1163 3195 τὴν

145 3217 262 3262 Δχεῖρα,
280 3211 332 3249 ὅτι
351 3210 448 3248 οὔπω
464 3209 620 3256 ἐληλύθει
636 3213 657 3256 ἡ
674 3209 748 3263 ὥρα
778 3211 894 3249 αὐτοῦ.
916 3209 1025 3262 Ὁρᾷς
1044 3209 1166 3253 αὐτοὺς

190 3343 201 3357 ⁶
227 3334 370 3375 [γνώμης,
388 3337 434 3367 ὅτι
451 3337 498 3366 καὶ
515 3337 603 3367 τοῦτο
618 3331 734 3375 Savil.,
755 3348 798 3375 γυ.
814 3336 862 3366 καὶ
874 3337 931 3379 γὰρ
949 3337 1051 3368 τοῦτον
1067 3330 1152 3366 Cod,

148 3386 221 3419 7⁰¹5,
240 3384 329 3418 Alter
345 3384 429 3420 cod,
450 3391 485 3418 ut
499 3383 634 3426 Montf.]

2147 177 2238 237 339

1250 265 1348 302 Filii
1365 265 1470 312 Heli,
1492 266 1578 317 filii
1603 266 1837 317 pestilentes,
1872 271 2079 307 nescientes
2106 271 2280 308 Domi-1.
2305 277 2383 313 1203.
2428 298 2434 304 .

1251 339 1360 370 ntcm;
1379 340 1419 363 ac
1438 340 1597 375 rursum,
1627 327 1752 364 Israel
1777 336 1905 365 autem
1923 341 1981 365 me
1998 343 2075 366 non
2102 344 2237 381 cogno-

1250 448 1392 494 Deum,
1405 448 1524 498 sactis
1539 456 1669 486 autem
1683 457 1837 500 negant.
1853 449 1971 487 Potest
1981 463 2064 500 ergo
2081 451 2142 501 qui
2158 452 2237 501 scit,

1250 508 1395 547 nescire.
1417 508 1492 547 Hoc
1519 509 1637 560 itaque
1657 508 1747 547 dicit
1767 525 1774 546 ε
1793 510 1832 548 Si
1852 524 1908 548 me
1925 511 2086 561 nossetis,
2107 512 2242 551 sciretis

1252 583 1307 607 me
1324 583 1397 607 esse
1416 569 1551 607 Filium
1567 569 1646 607 Dei.
1664 570 1761 608 Illud
1781 579 1914 620 autem,
1936 572 2046 609 Unde
2065 575 2150 619 sim,
2173 586 2241 611 non

1252 630 1372 668 locum
1392 630 1451 668 hic
1469 630 1627 682 denotat,
1657 640 1696 669 ut
1721 631 1832 683 liquet
1853 646 1899 670 ex
1914 633 2142 683 sequentibus
2163 649 2170 670 :
2192 636 2243 672 Et

1252 705 1278 729 a
1295 694 1437 744 meipso
1456 706 1533 730 non
1548 696 1657 740 veni,
1677 694 1746 731 sed
1761 707 1878 732 verus
1894 702 1950 732 est
1966 697 2034 747 qui
2048 697 2151 732 misit
2170 709 2243 742 me,

1203 760 1227 790 E
1253 766 1369 805 quem
1398 767 1470 791 ‘vos
1498 756 1663 792 nescitis.
1692 753 1761 791 Hic
1788 754 1948 805 loquitur
1978 753 2023 792 de
2047 755 2246 806 ignorantia

1253 815 1420 868 operibus
1449 816 1692 868 comprobata,
1710 816 1755 854 de
1776 830 1845 867 qua
1865 816 1998 855 Paulus
2018 816 2123 855 dicit:
2146 819 2246 856 Con-

1249 878 1413 929 fitentur
1427 891 1467 915 se
1487 891 1598 916 nosse
1623 879 1765 926 Deum,
1781 879 1909 931 factis
1936 887 2065 916 autem
2088 888 2243 931 negant.

1253 939 1375 989 Neque
1393 938 1488 976 enim
1507 938 1716 990 ignorantiae
1733 948 1918 991 peccatum
1933 948 2024 989 erat,
2045 939 2106 978 sed
2124 941 2228 991 nequi
2235 964 2246 968 -

1254 1000 1310 1038 tiae
1330 1009 1362 1037 et
1376 999 1477 1037 malae
1496 999 1704 1040 voluntatis.
1726 999 1774 1037 Et
1793 1014 1877 1038 cum
1891 1000 1959 1038 hoc
1981 1000 2128 1049 scirent,
2148 1001 2247 1052 igno-

1257 1075 1334 1099 rare
1362 1061 1540 1100 volebant.
1572 1059 1643 1100 Sed
1674 1075 1837 1112 quaenam
1868 1061 1946 1099 haec
1975 1062 2248 1113 consequentia?

1256 1121 1434 1173 quomodo
1449 1131 1489 1160 ut
1502 1122 1582 1161 illos
1610 1123 1784 1173 confutet,
1805 1123 1930 1162 eadem
1949 1137 2027 1174 quae
2047 1123 2115 1176 ipsi
2133 1124 2248 1176 loqui-

1255 1184 1343 1221 tur?
1362 1185 1454 1222 Nam
1473 1198 1555 1222 cum
1574 1184 1629 1222 illi
1645 1184 1817 1233 dicerent,
1834 1186 1951 1223 Hunc
1968 1194 2096 1223 autem
2110 1189 2249 1225 scimus

1195 1274 1242 1299 295
1257 1246 1358 1283 unde
1373 1248 1437 1292 sit,
1457 1245 1634 1297 subdidit,
1654 1248 1708 1284 Et
1733 1261 1793 1284 me
1817 1249 1936 1284 scitis.
1963 1246 2061 1293 Quid
2084 1247 2177 1285 enim
2193 1247 2250 1285 di—

1207 1313 1234 1341 A
1256 1306 1381 1343 cebant
1414 1305 1493 1344 illi?
1519 1320 1562 1344 an
1593 1306 1688 1357 quod
1720 1306 1921 1344 nescirent?
1958 1308 2034 1346 Imo
2066 1323 2151 1346 tero
2182 1309 2251 1361 ipsi

1257 1366 1439 1416 dicebant,
1458 1368 1619 1406 Scimus.
1645 1370 1785 1408 Verum
1817 1382 1899 1406 cum
1927 1368 2084 1408 dicerent
2108 1385 2145 1408 se
2161 1370 2251 1408 scire

1259 1429 1353 1468 unde
1371 1439 1480 1480 esset,
1497 1430 1590 1468 nihil
1609 1431 1710 1469 aliud
1729 1432 1996 1482 significabant,
2016 1448 2123 1484 quam
2146 1434 2251 1471 illum

1256 1490 1300 1528 de
1320 1499 1413 1528 terra
1441 1504 1514 1529 esse
1533 1500 1566 1529 et
1585 1491 1676 1528 fabri
1712 1491 1843 1528 filium.
1875 1492 1942 1529 Ille
1967 1507 2053 1531 vero
2080 1494 2116 1532 in
2148 1496 2250 1533 caelos

1256 1551 1414 1603 erigebat
1421 1566 1478 1590 eos
1486 1551 1621 1600 dicens,
1631 1552 1737 1590 Scitis
1746 1552 1841 1590 unde
1851 1552 1933 1602 sim,
1944 1553 1982 1591 id
1993 1563 2057 1604 est,
2068 1557 2146 1593 Non
2155 1557 2251 1594 uude

1257 1612 1486 1665 suspicamini
1507 1614 1606 1663 veni,
1627 1612 1690 1652 sed
1708 1613 1802 1652 unde
1821 1614 1850 1652 is
1867 1615 1929 1665 qui
1946 1614 2042 1654 misit
2063 1630 2132 1654 me.
2158 1618 2250 1655 Cum

1256 1673 1343 1712 dicit
1359 1674 1470 1724 enim,
1494 1674 1536 1711 A
1553 1677 1695 1727 meipso
1717 1689 1795 1712 non
1815 1678 1919 1723 veni,
1939 1675 2007 1713 hoc
2030 1677 2248 1727 subindicat,

1256 1734 1351 1787 ipsos
1366 1749 1493 1788 nempe
1515 1735 1606 1773 scire
1616 1765 1626 1785 ,
1647 1735 1745 1787 quod
1759 1749 1779 1773 a
1799 1736 1904 1773 Patre
1919 1735 2048 1774 missus
2069 1748 2170 1787 esset,
2185 1740 2249 1777 etsi

1256 1795 1294 1834 id
1323 1809 1393 1834 non
1425 1795 1688 1835 confiterentur.
1725 1796 1874 1848 Duplici
1906 1811 1989 1849 ergo
2024 1798 2131 1837 modo
2168 1800 2249 1839 illos

1256 1858 1425 1896 confutat.
1456 1857 1578 1896 Primo
1601 1872 1641 1896 ea
1667 1872 1745 1909 quae
1770 1867 1902 1896 secreto
1931 1859 2182 1911 loquebantur,
2212 1862 2247 1900 in

1256 1918 1416 1958 medium
1435 1928 1468 1957 et
1487 1933 1570 1957 cum
1589 1920 1741 1958 clamore
1759 1920 1914 1972 profert,
1932 1929 1972 1958 ut
1999 1920 2080 1960 illos
2098 1923 2248 1974 pudefa-

1256 1983 1326 2022 ciat
1333 1998 1345 2033 3
1365 1981 1494 2021 deinde
1509 1991 1663 2021 mentem
1680 1981 1825 2019 illorum
1839 1981 1966 2033 aperit,
1987 1996 2028 2020 ae
2041 1982 2071 2020 si
2087 1983 2219 2022 diceret
2238 2001 2245 2021 :

1206 2057 1229 2086 B
1257 2045 1338 2083 Non
1366 2043 1524 2096 abjectus
1559 2057 1652 2093 sum,
1686 2056 1756 2080 non
1791 2041 1866 2080 sine
1898 2056 2003 2081 causa
2036 2044 2136 2094 veni,
2168 2046 2246 2084 Sed

1255 2120 1375 2144 verus
1406 2113 1459 2144 est
1492 2107 1559 2156 qui
1598 2106 1702 2142 misit
1732 2118 1805 2150 me,
1838 2118 1951 2156 quem
1981 2118 2053 2143 vos
2078 2109 2243 2145 nescitis.

1256 2166 1357 2216 Quid
1383 2165 1562 2218 signifieat
1591 2164 1698 2215 illud,
1730 2166 1850 2203 Perus
1874 2173 1929 2203 est
1946 2168 2014 2217 qui
2030 2169 2131 2205 misit
2160 2173 2246 2206 me?

1251 2229 1290 2268 Si
1309 2242 1417 2267 verus
1447 2237 1512 2278 est,
1538 2227 1575 2265 in
1598 2226 1746 2265 veritate
1777 2241 1833 2264 me
1856 2226 1975 2264 misit:
1992 2227 2022 2265 si
2042 2242 2146 2267 verus
2170 2239 2241 2280 est,

1248 2290 1410 2342 sequitur
1428 2303 1552 2328 verum
1566 2288 1671 2326 illum
1690 2302 1762 2326 esse
1778 2288 1840 2338 qui
1857 2288 1985 2326 missus
2007 2289 2086 2328 fuit.

1299 2354 1338 2391 Ξ.
1359 2350 1439 2388 Alio
1458 2363 1600 2401 quoque
1620 2349 1727 2387 modo
1744 2349 1783 2386 id
1801 2349 1927 2401 probat
1939 2378 1951 2398 ,
1976 2350 2130 2401 propriis
2159 2350 2238 2389 illos

1246 2411 1367 2450 verbis
1397 2411 1552 2463 capiens.
1589 2410 1683 2456 Quia
1713 2409 1807 2448 enim
1840 2409 2023 2459 dicebant,
2062 2412 2239 2451 Christus

1245 2485 1332 2510 cum
1348 2474 1502 2517 veniet,
1530 2484 1641 2509 nemo
1658 2472 1749 2508 sciet
1772 2470 1873 2507 unde
1894 2472 1962 2517 sit,
1982 2469 2067 2509 hinc
2085 2472 2238 2511 ostendit

1243 2546 1280 2570 se
1299 2531 1483 2570 Christum
1502 2544 1587 2569 esse.
1613 2531 1709 2568 Nam
1732 2529 1801 2582 ipsi
1830 2529 1922 2567 illud
1937 2560 1948 2580 ,
1971 2532 2094 2570 Nemo
2122 2536 2232 2581 sciet,

1242 2592 1438 2631 secundum
1463 2591 1704 2629 differentiam
1726 2591 1888 2630 locorum
1913 2591 2151 2643 loquebantur
2160 2610 2170 2643 3
2202 2604 2236 2632 et

1241 2653 1325 2691 hinc
1342 2653 1403 2690 ille
1422 2652 1574 2691 ostendit
1603 2666 1638 2690 se
1653 2652 1835 2690 Christum
1858 2666 1955 2703 esse,
1977 2654 2062 2704 quia
2085 2668 2105 2692 a
2130 2655 2237 2693 Patre

1241 2713 1398 2763 venerit,
1425 2722 1457 2751 et
1480 2713 1613 2764 ubique
1631 2712 1840 2751 testificatur
1860 2714 1975 2752 Patris
1997 2716 2233 2767 cognitionem

1242 2774 1310 2812 sibi
1326 2774 1392 2812 soli
1419 2783 1633 2826 competere,
1663 2774 1805 2823 dicens,
1828 2776 1918 2814 Non
1943 2778 2050 2827 quod
2073 2779 2233 2816 Patrem

1241 2839 1326 2888 quis
1345 2836 1471 2883 vidit,
1496 2838 1572 2874 nisi
1593 2838 1661 2887 qui
1676 2843 1732 2874 est
1748 2849 1772 2873 a
1789 2837 1922 2874 Patre.
1947 2836 2088 2883 Quibus
2114 2839 2232 2878 verbis

1245 2898 1282 2936 in
1302 2897 1394 2935 iram
1419 2896 1699 2937 concitabantur,
1729 2898 1822 2935 Nam
1847 2911 1930 2936 cum
1953 2898 2107 2949 diceret,
2144 2902 2233 2938 Non

1241 2963 1360 2998 nostis
1378 2974 1464 2998 eum
1474 2990 1487 3007 ,
1506 2969 1540 2998 et
1556 2974 1638 2998 cum
1649 2959 1844 3008 evinceret,
1866 2960 1961 3012 ipsos
1973 2961 2061 2999 scire
2074 2961 2230 3013 quidem,

1239 3021 1302 3061 sed
1331 3022 1569 3074 ignorantiam
1592 3021 1784 3071 simulare,
1815 3022 1897 3074 jure
1923 3022 2018 3075 ipsos
2047 3023 2231 3062 mordebat

1238 3093 1271 3123 et
1285 3083 1463 3122 irritabat.
1479 3084 1544 3122 50.
1566 3084 1799 3136 Quaerebant
1814 3097 1901 3136 ergo
1917 3098 2003 3122 eum
2019 3087 2228 3136 apprehen-

1241 3147 1344 3193 dere,
1361 3153 1397 3185 et
1414 3159 1526 3183 nemo
1542 3147 1646 3184 misit
1658 3147 1699 3182 in
1711 3145 1824 3183 illum
1836 3158 2008 3192 manum,
2028 3148 2121 3196 quia
2135 3159 2228 3183 non—

1240 3208 1330 3246 dum
1345 3215 1506 3245 venerat
1522 3207 1618 3245 hora
1634 3209 1727 3259 ejus.
1749 3205 1879 3246 Viclen’
1906 3205 1984 3243 illos
2001 3205 2228 3244 invisibiliter

1193 2802 1216 2832 C

1266 3348 1279 3364 ss
1302 3336 1414 3372 Morel.
1435 3343 1468 3373 τὸ
1488 3344 1585 3373 εἰπεῖν,

1252 387 1318 423 vit.
1352 386 1401 424 Ut
1432 395 1466 424 et
1498 386 1631 424 Paulus
1674 386 1724 424 ait
1752 388 2026 439 :Confitentur
2055 402 2094 426 se
2131 359 2438 430 nosselti'ilcl'isib.
