2481 3678
80 1274 223 1301 lleln*.5.1
237 1283 242 1300 Ι
254 1294 260 1301 .

288 194 342 239 16

279 290 370 327 siora
403 288 549 340 quidem
569 288 662 326 clare
694 288 890 340 perspicere
922 297 1059 340 potest:
1092 287 1142 326 sic
1167 297 1201 325 et
1226 288 1261 325 in
1289 292 1313 323 E

278 350 393 388 anima
405 350 587 401 contingit.
603 350 695 387 Cum
708 349 803 387 enim
816 358 1026 402 expurgata,
1040 349 1138 387 nullo
1153 348 1265 387 animi

279 412 402 449 morbo
415 411 594 459 turbatur,
607 420 708 448 acute
721 410 878 447 intuetur
894 424 932 447 ea
946 424 1024 459 quae
1037 409 1160 448 videre
1175 423 1266 461 opus

279 480 330 510 cst
340 487 351 520 3
370 485 452 509 cum
471 482 578 523 porro
589 470 711 508 multis
730 469 859 507 foedata
877 469 1078 519 affectibus,
1095 468 1267 508 virtutem

278 533 465 585 pristinam
486 533 658 581 amiserit,
679 545 747 569 non
773 531 875 569 facile
894 540 1007 583 potest
1023 531 1192 568 sublimia
1210 540 1266 569 at-

277 595 413 646 tingere
432 610 440 630 :
460 594 521 631 sed
555 593 674 631 statim
703 592 834 629 fatiscit
859 601 892 630 et
922 591 1068 641 decidit,
1089 601 1122 630 et
1142 591 1189 630 ad
1209 606 1267 630 so-

279 670 404 693 mnum
438 654 689 706 ignaviamque
713 652 886 703 declinat,
914 662 1019 704 atque
1040 667 1092 702 ea,
1120 667 1199 704 quae
1221 653 1267 691 ad

281 717 448 754 virtutem
467 725 500 753 ct
518 715 630 755 vitam
648 714 800 766 probam
811 714 1006 767 pertinent,
1017 714 1267 767 praetermittit,

280 793 391 830 neque
408 779 470 816 illa
488 777 678 829 diligenter
704 776 790 815 adit.

712 208 749 238 S.

334 964 368 1001 5.
398 962 503 1010 Quod
519 976 560 1001 ne
573 963 675 1004 vohis
689 962 826 1002 accidat
843 966 980 1013 (neque
1001 962 1097 1000 enim
1117 961 1194 1000 haec
1211 961 1267 999 di-

279 1024 381 1062 cendi
401 1025 508 1062 finem
534 1025 699 1074 faciam),
724 1035 881 1064 vestrum
907 1024 1067 1062 roborate
1094 1022 1266 1072 animum,

279 1094 318 1123 ut
346 1099 390 1123 ne
418 1086 539 1124 eadem
565 1086 729 1133 audiatis,
753 1101 831 1136 quae
862 1084 1032 1122 fidelibus
1063 1085 1222 1121 Hebraeis
1246 1097 1267 1121 a

281 1147 393 1183 Paulo
422 1146 516 1184 dicta
544 1156 637 1185 sunt.
659 1147 752 1184 Nam
779 1146 852 1184 illis
883 1144 1053 1196 grandem
1076 1144 1165 1181 dicit
1194 1157 1268 1181 esse

278 1221 474 1245 sermonem
501 1217 534 1245 et
563 1208 794 1259 interpretatu
823 1205 1009 1243 difficilem
1036 1220 1043 1240 ε
1071 1218 1141 1241 non
1171 1203 1268 1253 quod

278 1277 402 1305 natura
421 1283 483 1306 sua
504 1269 583 1306 talis
599 1276 698 1315 esset,
712 1267 772 1304 sed
785 1266 882 1316 quia,
897 1264 1026 1315 inquit,
1047 1264 1267 1302 Imbecilles

266 1330 375 1382 sacti
401 1332 490 1366 estis
519 1330 572 1366 atl
590 1329 840 1365 audiendum.
864 1327 958 1364 Nam
979 1325 1041 1376 qui
1066 1324 1267 1362 imbecillus

277 1399 328 1427 est
343 1399 376 1427 et
392 1389 568 1439 infirmus,
583 1388 728 1441 perinde
743 1387 845 1425 brevi
861 1396 967 1437 atque
985 1386 1091 1437 longa
1110 1385 1268 1423 oratione

278 1451 455 1499 turbatur,
481 1459 514 1488 et
536 1464 614 1501 quae
647 1449 742 1486 clara
773 1447 1010 1500 expeditaque
1042 1455 1136 1494 sunt,
1162 1455 1267 1498 captu

81 1524 183 1552 Anima
209 1535 266 1553 una
278 1511 442 1548 difficilia
468 1511 673 1548 arbitr-atur.
695 1511 833 1548 Verum
853 1508 976 1546 nullus
1002 1507 1062 1544 hic
1083 1506 1164 1544 talis
1183 1515 1267 1556 esto,

78 1577 133 1593 non
173 1573 266 1603 polest

78 1608 176 1634 multis
204 1608 264 1635 suf-

76 1649 162 1675 ficere
182 1652 265 1686 cupi-

78 1689 228 1718 diiambus.

281 1571 342 1610 sed
361 1571 457 1610 omni
478 1571 625 1623 depulsa
659 1570 777 1607 saeculi
804 1583 902 1618 cura,
918 1568 1068 1619 quisque
1092 1567 1184 1605 hanc
1204 1566 1268 1604 do-

280 1633 431 1670 ctrinam
458 1632 591 1669 audiat.
624 1632 716 1669 Cum
744 1630 839 1667 enim
869 1629 1010 1667 auditor
1036 1628 1269 1680 pecuniarum

280 1692 473 1745 cupiditate
493 1702 642 1741 tenetur,
659 1706 727 1729 non
743 1700 859 1743 potest
873 1699 966 1728 certe
985 1688 1113 1741 cupide
1126 1687 1250 1726 audire
1256 1703 1267 1737 3

280 1770 391 1806 neque
411 1755 504 1792 enim
527 1763 640 1806 potest
658 1753 775 1790 anima
792 1766 861 1789 una
881 1750 1005 1789 multis
1025 1749 1187 1787 sufficere
1205 1764 1269 1787 cu-

278 1816 508 1869 piditatib1153
529 1815 590 1853 sed
615 1815 685 1852 alia
709 1814 819 1851 aliam
845 1811 1078 1864 cupiditatem
1102 1810 1214 1863 pellit,
1235 1820 1269 1848 et

277 1878 425 1916 discissa
450 1877 567 1915 anima
594 1875 770 1913 infirmior
790 1873 922 1922 evadit,
942 1872 1030 1910 dum
1049 1871 1158 1909 altera
1177 1886 1268 1924 prae-

278 1939 398 1977 valens
417 1937 611 1990 cupiditas,
628 1946 741 1974 totum
770 1934 815 1973 ad
837 1949 872 1972 sc
888 1934 1011 1971 trahit.
1032 1932 1139 1979 Quod
1162 1933 1268 1970 etiam

279 2000 315 2037 in
337 1999 460 2037 liberis
490 1998 691 2050 contingere
714 1997 816 2035 solet.
839 1997 931 2034 Nam
952 2009 1033 2033 cum
1054 2008 1165 2032 unum
1188 2003 1269 2031 tan-

278 2070 355 2098 tum
388 2060 468 2111 quis
497 2059 617 2109 habet,
637 2073 719 2097 eum
747 2072 855 2109 supra
878 2055 1026 2094 modum
1050 2063 1168 2104 amat5
1187 2069 1268 2092 cum

279 2122 422 2165 multos,
439 2120 576 2158 divisus
591 2134 690 2157 amor
705 2118 820 2156 minor
836 2116 882 2155 ad
907 2116 1066 2168 singulos
1096 2115 1266 2153 efficitur.

280 2184 387 2231 Quod
399 2184 426 2221 si
448 2183 510 2220 ubi
530 2182 591 2219 illa
609 2182 663 2219 vis
676 2191 708 2219 ct
725 2195 788 2218 ceu
808 2179 970 2233 tyrannis
982 2187 1161 2229 cst,atque
1175 2178 1267 2229 ejus-

280 2246 362 2284 dem
382 2244 518 2297 generis
540 2252 621 2281 sunt
643 2242 667 2280 ii
687 2242 747 2293 qui
769 2241 986 2292 diliguntur,
1007 2240 1055 2277 ita
1073 2238 1264 2289 contingit:

280 2305 370 2357 quid
388 2304 585 2342 dixerimus
607 2303 650 2340 de
671 2317 788 2340 amore
814 2301 876 2352 qui
892 2315 938 2339 ex
956 2301 1139 2337 voluntate
1158 2309 1192 2337 et
1210 2300 1268 2337 af-

281 2369 372 2405 fectu
402 2365 532 2418 prodit,
546 2364 702 2402 maxime
729 2377 811 2402 vero
842 2377 924 2400 cum
950 2376 1087 2400 amores
1117 2361 1171 2399 illi
1197 2376 1270 2399 sese

282 2437 406 2465 mutuo
433 2425 665 2478 impugnant?
680 2423 888 2462 Contrarius
917 2423 1011 2460 enim
1031 2431 1081 2460 est
1102 2423 1269 2474 pecunia-

284 2506 364 2528 rum
380 2504 478 2527 amor
496 2488 664 2526 doctrinae
679 2487 787 2538 hujus
804 2485 927 2523 amori.
948 2486 989 2522 In
1010 2485 1135 2521 eaelum
1157 2484 1268 2522 intra-

287 2565 365 2588 mus
381 2564 462 2587 cum
479 2549 547 2586 huc
566 2547 798 2599 ingredimur.
814 2547 895 2584 Non
914 2546 958 2583 de
973 2546 1062 2593 loco,
1080 2544 1140 2583 scd
1156 2545 1200 2583 de
1219 2545 1270 2582 af-

289 2611 380 2649 fectu
409 2611 534 2660 loquor
552 2624 559 2644 :
579 2617 694 2659 potest
714 2607 809 2644 enim
831 2606 894 2657 qui
922 2606 958 2643 in
984 2615 1075 2644 terra
1103 2605 1215 2657 degit,
1234 2606 1270 2643 in

290 2673 374 2710 caelo
389 2680 492 2719 stare,
512 2678 545 2706 et
563 2667 711 2705 caelcstia
733 2667 899 2717 cogitare,
917 2668 988 2705 imo
1009 2667 1145 2705 audire.
1160 2668 1271 2705 Nemo

290 2734 400 2785 igitur
422 2731 456 2769 in
479 2730 605 2767 melum
632 2736 767 2765 terrena
783 2726 921 2764 inducat
950 2743 956 2763 ε
978 2742 1081 2765 nemo
1102 2727 1190 2765 dum
1211 2728 1270 2766 hic

290 2802 463 2836 versatur,
477 2791 520 2828 dc
541 2804 578 2827 rc
601 2787 794 2826 domestica
818 2786 990 2824 sollicitus
1015 2789 1070 2825 sit.
1086 2789 1272 2840 Oporteret

290 2855 383 2894 enim
410 2853 507 2890 lucra
533 2850 617 2888 hinc
639 2849 766 2885 hausta
789 2846 936 2883 domum
954 2856 987 2883 et
1006 2847 1041 2884 in
1072 2849 1187 2886 furum
1210 2848 1272 2886 de-

291 2915 387 2964 ferri,
402 2927 471 2952 non
498 2920 615 2949 autem
644 2908 826 2947 ecclesiam
857 2906 1058 2944 domesticis
1076 2917 1108 2944 ct
1127 2909 1272 2946 sorensi-

292 2977 358 3014 bus
385 2973 531 3013 sarcinis
559 2969 711 3023 gravari.
738 2968 821 3006 Ideo
849 2981 998 3017 namque
1032 2967 1076 3004 ad
1106 2969 1272 3007 doetrinae

292 3039 459 3076 thronum
478 3032 756 3086 ingredimur,ut
774 3029 858 3066 hinc
873 3038 1034 3067 externas
1055 3029 1133 3066 illas
1154 3030 1273 3066 sordes
1297 3040 1320 3068 l)

292 3101 518 3153 deponamus.
535 3093 643 3142 Quod
661 3093 690 3132 si
703 3092 895 3130 debeamus
924 3090 990 3128 hoc
1012 3090 1191 3127 tantillum
1210 3092 1256 3127 oli
1264 3092 1272 3127 i

335 3230 348 3249 ⁴⁵
373 3227 474 3262 Savil.
494 3234 526 3258 et
542 3223 678 3268 quidam
695 3221 749 3254 alii
767 3228 820 3260 τὴν
838 3224 938 3259 αὐτῆς.
957 3219 1079 3262 [Paulo
1099 3227 1175 3251 ante
1192 3219 1292 3252 Savil.

291 3290 324 3314 Gt
339 3279 424 3313 COd.
443 3280 506 3312 706
522 3284 593 3312 ὅταν
609 3281 663 3318 μέν
674 3275 742 3306 Sine
760 3274 845 3317 γάρ]

336 3346 348 3359 ²·
374 3339 485 3377 θρόνον.
512 3329 633 3362 Savil.:
652 3326 752 3357 Malo
773 3331 889 3368 χρόνον,
909 3330 943 3354 ιιι
969 3323 1079 3366 aplius
1100 3321 1176 3352 Ιιιιίο
1207 3321 1291 3352 loco.

292 3388 366 3419 Mss.
386 3394 499 3417 omnes
517 3387 616 3425 θρόνον
633 3378 768 3411 liabent.
789 3374 993 3408 11›id.Savil.
1013 3382 1047 3407 et
1063 3373 1175 3406 Morel.
1197 3379 1292 3418 ἀποῤ-

789 206 973 238 JOANNIS
1008 206 1251 238 CHRYSOST.
1291 207 1496 239 ARCHIEP.
1535 209 1893 240 CONSTANTINOP.

1339 288 1444 343 κόρης
1473 290 1615 342 γένηται
1641 292 1788 344 νεφέλη,
1819 291 1914 330 οὐδὲν
1951 290 2028 329 οὐδὲ
2060 292 2127 328 τῶν
2155 290 2361 344 παχυτέρων

1341 353 1458 403 σαφῶς
1473 351 1594 404 ἀφίησι
1613 353 1756 391 συνιδεῖν
1771 368 1778 376 ·
1795 352 1882 391 οὕτω
1899 352 1957 391 καὶ
1980 352 2037 390 ἐπὶ
2058 355 2120 398 τῆς
2141 353 2255 403 ψυχῆς
2268 351 2362 403 γίνε-

1341 415 1420 450 σθαι
1433 412 1592 466 πέφυκεν.
1605 412 1718 452 σΟταν
1735 414 1796 466 μὲν
1811 414 1878 467 γὰρ
1894 413 2176 466 ἐκκεκαθαρμένη
2191 413 2363 464 τυγχάνῃ,

1340 473 1400 511 καὶ
1417 475 1523 525 μηδὲν
1539 474 1602 527 ἔχῃ
1619 474 1726 519 πάθος
1741 477 1912 527 ἐνοχλοῦν,
1928 473 2042 518 ἀτενὲς
2058 476 2158 526 ἐνορᾷ
2173 473 2258 525 πρὸς
2273 473 2364 525 ἅπερ

1342 535 1459 587 ἓνορᾷν
1487 535 1575 588 χρή·
1605 535 1686 574 ὅταν
1707 531 1743 574 δὲ
1775 537 1913 578 πολλοῖς
1941 537 2187 573 ἐπιθολωθεῖσα
2203 534 2363 579 πάθεσιν,

1341 594 1495 648 ἀπολέσῃ
1516 594 1602 643 ἀτὴν
1625 598 1747 643 ἑαυτῆς
1769 595 1907 648 ἀρετὴν,
1926 595 2010 647 πρὸς
2029 594 2121 633 οὐδὲν
2138 598 2205 633 τῶν
2219 596 2362 646 ὑψηλῶν

1343 656 1488 709 ἀρκέσαι
1508 656 1649 695 δύναται
1665 656 1808 710 ῥαδίως,
1824 655 1914 694 ἀλλὰ
1932 654 2128 705 ἀποκάμνει
2147 655 2282 707 ταχέως
2303 654 2363 692 καὶ

1343 718 1530 757 ἀναπίπτει
1542 749 1551 766 ,
1572 718 1631 756 καὶ
1648 719 1733 771 πρὸς
1748 716 1851 755 ὕπνον
1868 715 2084 754 ἀποκλίνασα
2101 715 2161 753 καὶ
2178 715 2364 767 ῥᾳθυμίαν,

1342 778 1387 817 τὰ
1412 779 1497 832 πρὸς
1521 779 1646 833 ἀρετὴν
1675 778 1734 817 καὶ
1749 778 1840 824 ζωὴν
1854 777 1916 824 τὴν
1937 779 1975 815 ἐκ
1989 776 2116 823 ταύτης
2136 778 2221 827 αὐτῇ
2239 775 2363 828 διαφέ-

1345 856 1446 892 ροντα
1461 840 1756 892 παραπέμπεται,
1783 838 1842 878 καὶ
1866 840 1903 876 οὐ
1927 837 2108 891 προσίεται
2131 838 2222 888 μετὰ
2239 840 2363 889 προθυ-

1343 900 1425 952 μίας
1438 903 1580 948 πολλῆς.

1392 960 1509 1013 εὈπερ
1524 961 1579 1000 ἵνα
1603 960 1650 1013 μὴ
1666 961 1725 1000 καὶ
1744 963 1840 1012 ὑμεῖς
1862 959 1995 1008 πάθητε
2013 961 2075 1007 (οὐ
2093 959 2161 1013 γὰρ
2182 958 2364 1009 παύσομαι

1340 1026 1449 1060 ταῦτα
1464 1023 1517 1060 ἀεὶ
1531 1025 1737 1075 παραινῶν),
1757 1020 1974 1075 ἐπιρρώσατε
1997 1023 2093 1071 ὑμῶν
2110 1020 2173 1066 τὴν
2196 1019 2364 1067 διάνοιαν,

1340 1083 1397 1121 ἵνα
1414 1083 1462 1134 μὴ
1478 1083 1522 1121 τὰ
1537 1082 1624 1121 αὐτὰ
1636 1082 1824 1130 ἀκούσητε,
1841 1083 1929 1134 ἅπερ
1939 1085 1969 1120 οἱ
1985 1081 2101 1120 πιστοὶ
2111 1080 2364 1133 τῶνἙὸραίων

1341 1144 1438 1196 παρὰ
1453 1143 1608 1181 Παύλου.
1633 1143 1703 1182 Καὶ
1722 1143 1789 1196 γὰρ
1805 1142 1946 1186 ἐκείνοις
1967 1142 2072 1181 πολὺν
2102 1142 2207 1194 ἔφησε
2221 1143 2278 1180 τὸν
2299 1141 2362 1180 λό-

1341 1220 1400 1256 γον
1420 1207 1645 1255 γεγενῆσθαι,
1665 1203 1725 1241 καὶ
1742 1203 2024 1254 δυσερμήνευτον,
2043 1205 2104 1241 οὐκ
2127 1201 2245 1249 ἐπειδὴ
2262 1202 2363 1254 φύσει

1341 1268 1492 1308 τοιοῦτος
1509 1258 1564 1311 ἦν,
1586 1265 1660 1301 ἀλλ’
1683 1262 1802 1309 ἐπειδὴ
1819 1292 1828 1309 ,
1848 1262 1970 1314 φησὶν,
1997 1265 2094 1313 ὑμεῖς
2110 1262 2247 1315 Νωθροὶ
2263 1262 2364 1314 γεγό-

1341 1341 1421 1364 νατε
1440 1331 1515 1368 ταῖς
1534 1327 1667 1367 ἀκοαῖς.
1688 1323 1732 1362 Ὁ
1755 1323 1823 1377 γὰρ
1843 1322 1986 1370 ἀσθενὴς
2008 1323 2065 1361 καὶ
2096 1325 2283 1375 ἄρρωστος,
2304 1322 2364 1360 καὶ

1341 1387 1408 1425 ὑπὸ
1420 1389 1482 1432 τῆς
1502 1384 1734 1438 βραχυλογίας
1747 1387 1793 1428 ὡς
1807 1385 1873 1423 ὑπὸ
1892 1384 2130 1437 μακρηγορίας
2144 1386 2365 1438 παρενοχλεῖ-

1342 1451 1421 1486 σθαι
1442 1447 1572 1499 πέφυκε
1585 1476 1594 1494 ,
1622 1445 1682 1483 καὶ
1711 1444 1754 1483 τὰ
1774 1448 1867 1497 σαφῆ
1887 1445 1946 1483 καὶ
1967 1445 2011 1483 τὰ
2033 1445 2213 1483 εὐδιάλυτα
2233 1447 2363 1483 δυσκα-

1340 1508 1504 1555 τάληπτα
1526 1501 1613 1545 εἶναι
1644 1506 1787 1556 νομίζει.
1817 1505 1921 1545 Ἀλλὰ
1953 1506 2073 1556 μηδεὶς
2098 1505 2185 1544 ἔστω
2218 1507 2364 1543 ἐνταῦθα

1340 1573 1508 1612 τοιοῦτος·
1535 1567 1624 1606 ἀλλὰ
1653 1574 1769 1606 πᾶσαν
1793 1567 1970 1610 ἀπελάσας
1995 1566 2159 1619 φροντίδα
2183 1565 2364 1618 βιωτικὴν,

1342 1629 1429 1668 οὕτω
1442 1628 1571 1667 τούτων
1594 1628 1747 1668 ἀκουέτω
1761 1630 1829 1666 τῶν
1846 1627 2040 1678 δογμάτων.
2063 1626 2176 1666 “Ὀταν
2198 1627 2265 1680 γὰρ
2286 1630 2360 1665 ἐπι-

1342 1690 1448 1742 θυμία
1464 1690 1656 1745 χρημάτων
1675 1689 1807 1740 κατέχῃ
1825 1688 1882 1726 τὸν
1906 1687 2093 1741 ἀκροατὴν,
2112 1691 2175 1727 οὐκ
2189 1688 2228 1725 ἂν
2250 1687 2364 1725 δύναι-

1341 1768 1380 1790 το
1399 1751 1458 1790 καὶ
1474 1750 1639 1802 ἐπιθυμία
1658 1755 1847 1801 κατασχεῖν
1865 1748 2063 1802 ἀκροάσεως
2077 1748 2204 1800 ὁμοίως
2218 1779 2227 1796 ,
2245 1747 2362 1794 ἐπειδὴ

1343 1812 1431 1864 μηδὲ
1462 1815 1561 1865 ἀρκεῖ
1589 1814 1734 1855 πολλαῖς
1763 1809 1961 1861 ἐπιθυμίαις
1997 1809 2061 1861 μία
2094 1809 2312 1862 τυγχάνουσα
2341 1812 2362 1855 ἡ

1341 1872 1457 1926 ψυχὴ,
1479 1874 1553 1911 ἀλλ’
1570 1876 1591 1919 ἡ
1620 1871 1721 1923 ἑτέρα
1742 1874 1784 1922 τῇ
1805 1869 1906 1922 ἑτέρα
1926 1869 2149 1921 λυμαίνεται,
2171 1869 2230 1907 καὶ
2251 1871 2365 1921 σχιζο-

1343 1935 1428 1986 μένη
1461 1933 1688 1986 ἀσθενεστέρα
1715 1931 1866 1980 γίνεται,
1895 1931 2144 1984 ἐπικρατούσης
2163 1934 2224 1977 τῆς
2242 1930 2362 1983 ἑτέρας

1341 1996 1400 2035 καὶ
1414 1996 1452 2034 τὸ
1465 2004 1533 2035 πᾶν
1551 1997 1597 2039 εἷς
1617 1993 1741 2040 ἑαυτὴν
1761 1992 1980 2040 δαπανώσης.
2002 1994 2115 2031 Τοῦτο
2131 1992 2191 2030 καί
2207 1992 2263 2031 ἐπὶ
2279 1991 2365 2030 παί-

1341 2058 1407 2095 δων
1429 2056 1630 2108 συμὸαίνειν
1659 2055 1786 2093 εἴωθεν.
1808 2053 1922 2092 εΌταν
1953 2052 2014 2104 μὲν
2043 2053 2111 2107 γὰρ
2133 2052 2193 2091 ἕνα
2213 2069 2265 2096 τις
2298 2052 2361 2104 ἔχῃ

1342 2118 1456 2169 μόνον,
1472 2119 1546 2169 μεθ’
1563 2117 1756 2170 ὓπερὸολῆς
1773 2118 1893 2166 ἀγαπᾷ
1906 2115 1962 2152 τὸν
1978 2113 2056 2152 ἕνα·
2072 2114 2153 2152 ὅταν
2171 2113 2207 2151 δὲ
2223 2115 2360 2152 πολλῶν

1339 2179 1483 2231 γένηται
1504 2177 1638 2216 παίδων
1658 2175 1795 2228 πατὴρ,
1815 2174 1873 2213 καὶ
1893 2174 1938 2212 τὰ
1956 2178 2017 2221 τῆς
2038 2174 2220 2218 διαθέσεως
2236 2176 2365 2227 διαιρε-

1342 2239 1443 2277 θέντα
1463 2237 1690 2288 ἀσθενέστερα
1705 2235 1849 2287 γίνεται.
1870 2236 1914 2273 Εἰ
1935 2234 1970 2271 δὲ
1989 2234 2069 2272 ἔνθα
2088 2234 2216 2286 φυσικὴ
2238 2250 2364 2286 τυραν-

1341 2298 1390 2343 νὶς
1417 2299 1476 2337 καὶ
1503 2298 1664 2349 δύναμις,
1696 2296 1755 2335 καὶ
1783 2299 1929 2347 συγγενῆ
1963 2294 2007 2332 τὰ
2026 2294 2235 2346 φιλούμενα,
2263 2298 2365 2333 τοῦτο

1342 2359 1545 2411 συμὸαίνει·
1578 2358 1611 2396 τί
1638 2357 1676 2396 ἂν
1708 2357 1862 2408 εἴποιμεν
1882 2356 1938 2394 ἐπὶ
1959 2360 2020 2402 τῆς
2047 2355 2139 2394 κατὰ
2161 2356 2363 2409 προαίρεσιν

1342 2421 1524 2472 ἐπιθυμίας
1541 2420 1600 2459 καὶ
1618 2418 1819 2465 διαθέσεως,
1839 2417 1898 2456 καὶ
1920 2417 2072 2469 μάλιστα
2094 2417 2175 2457 ὅταν
2192 2421 2222 2455 οἱ
2241 2417 2365 2471 ἔρωτες

1344 2477 1436 2521 οὗτοι
1470 2483 1529 2520 ἀπ’
1562 2480 1717 2523 ἐναντίας
1744 2478 1905 2525 ἀλλήλοις
1932 2478 2157 2526 διακέωνται,
2184 2477 2364 2516 Ἔναντίον

1343 2542 1410 2597 γὰρ
1434 2542 1627 2596 χρημάτων
1650 2541 1735 2593 ἔρως
1757 2540 1859 2592 ἔρωτι
1885 2539 2047 2586 τοιαύτης
2075 2539 2282 2591 ἀκροάσεως.
2304 2540 2367 2582 Εἷς

1343 2605 1400 2643 τὸν
1428 2605 1570 2658 οὐρανὸν
1599 2603 1729 2653 εἴσιμεν
1763 2600 1923 2644 εἰσιόντες
1952 2600 2082 2639 ἐνθάδε.
2113 2603 2166 2638 Οὐ
2190 2603 2240 2652 τῷ
2268 2599 2364 2651 τόπῳ

1343 2667 1456 2718 λέγω,
1476 2666 1566 2705 ἀλλὰ
1581 2668 1623 2717 τῇ
1644 2663 1813 2702 διαθέσει·
1833 2662 1942 2701 ἔνεστι
1965 2661 2032 2714 ’γὰρ
2052 2661 2110 2699 καὶ
2131 2661 2186 2699 ἐπὶ
2203 2665 2266 2713 γῆς
2282 2661 2364 2698 ὄντα

1344 2727 1485 2766 ἑστάναι
1502 2729 1535 2765 ἐν
1555 2728 1706 2777 οὐρανῷ,
1729 2724 1788 2762 καί
1815 2723 1859 2761 τὰ
1880 2725 1948 2761 ἐκεῖ
1970 2721 2219 2773 φαντάζεσθαι,
2241 2721 2300 2759 καὶ
2321 2721 2365 2758 τὰ

1345 2791 1471 2827 ἐκεῖθεν
1492 2786 1639 2826 ἀκούειν.
1667 2785 1800 2831 Μηδεὶς
1819 2778 1874 2821 οὐν
1901 2785 1951 2833 τῷ
1981 2784 2112 2834 οὐρανῷ
2146 2781 2189 2819 τὰ
2217 2785 2277 2827 τῆς
2303 2784 2368 2832 γῆς

1345 2848 1556 2900 ἐπεισαγέτω
1570 2862 1577 2870 ·
1609 2845 1727 2897 μηδεὶς
1745 2847 1891 2882 ἐνταῦθα
1910 2841 2016 2885 ἑστὼς
2031 2872 2040 2889 ,
2060 2841 2102 2879 τὰ
2120 2842 2211 2880 κατὰ
2232 2842 2294 2889 τὴν
2312 2845 2367 2880 οἷ-

1345 2909 1422 2948 κίαν
1441 2906 1655 2961 μεριμνάτω.
1680 2905 1755 2952 Τὴν
1772 2903 1839 2956 γὰρ
1859 2902 1969 2941 οἰκίαν
1990 2903 2049 2940 καὶ
2071 2902 2133 2949 τὴν
2154 2903 2281 2955 ἀγορὰν
2299 2903 2366 2941 ἔδει

1343 2970 1387 3009 τὰ
1401 2972 1549 3008 ἐντεῦθεν
1565 2965 1759 3018 περιφέρειν
1776 2964 1880 3017 κέρδη
1897 2963 1956 3001 καὶ
1975 2963 2079 3014 ἔχειν,
2100 2965 2136 3000 οὐ
2152 2962 2279 3009 ταύτην
2297 2967 2367 3004 τοῖς

1346 3034 1383 3069 ἐκ
1398 3034 1459 3076 τῆς
1480 3028 1588 3071 οἰκίας
1604 3027 1738 3072 καὶτῆς
1755 3029 1880 3078 ἀγορᾶς
1897 3023 2046 3077 φορτίοις
2069 3023 2285 3077 βαρύνεσθαι.
2300 3022 2367 3060 Διὰ

1345 3095 1453 3130 ταῦτα
1471 3091 1599 3141 εἴσιμεν
1617 3087 1713 3141 παρὰ
1733 3087 1790 3125 τὸν
1814 3089 1875 3132 τῆς
1895 3085 2119 3129 διδασκαλίας
2139 3085 2291 3138 ῃθρόνον,
2310 3084 2366 3122 ἵνα

1360 3225 1540 3265 ῥυψώμεθα,
1558 3218 1773 3260 Manuscripti
1789 3215 1883 3249 multi
1901 3221 2154 3262 ἀποτριψώμεθα,
2167 3226 2250 3247 unus
2265 3221 2364 3260 ἀποῤ-

1359 3277 1534 3316 ριψωμεθα,
1552 3271 1633 3304 aiius
1658 3275 1880 3314 ἀπονιψώμεθα.
1900 3270 1957 3301 11ae
1973 3279 2089 3301 omnes
2108 3267 2263 3300 lectiones
2288 3267 2364 3301 ferri

1359 3332 1506 3365 possunt.
