2481 3678
675 219 714 247 Ιλ
754 217 962 247 ,ΙΟΛΝΝΕΜ
1000 215 1151 246 uomit..

88 302 149 338 οὐκ
178 301 248 350 εἰμὶ
275 299 345 343 ἴσος
359 330 368 345 ,
395 300 453 337 καὶ
474 300 732 350 ἀπαλλαγῆναι.
756 298 802 336 Τί
822 293 898 346 οῦν,
914 301 976 336 οὐκ
995 289 1106 343 εἶπεν,

87 361 204 412 φησὶν,
230 361 283 400 ὅτι
303 363 355 399 Οὐ
371 363 461 398 ποιῶ
489 360 527 397 τὸ
555 360 692 410 θέλημα
719 361 758 398 τὸ
785 359 890 410 ἐμόν,
919 357 1024 396 Ἀλλὰ
1049 356 1108 395 καὶ

88 428 188 461 τοῦτο
213 421 513 473 συνεσκιασμένως
545 422 603 459 καὶ
631 422 715 474 πρὸς
741 421 805 468 τὴν
835 419 974 458 ἐκείνων
1008 417 1110 456 ἀσθέ·

88 500 192 531 νειαν,
221 483 278 522 καὶ
300 484 369 521 ἀπὸ
393 486 455 529 τῆς
476 485 582 529 αὐτῆς
602 483 730 528 αἰτίας,
759 485 816 535 ἀφ’
837 477 878 528 ἧς
896 481 955 519 καὶ
979 483 1001 526 ἡ
1023 478 1108 531 εὐχὴ

86 550 98 565 ⁰
113 545 262 596 γέγονεν.
285 544 331 583 Τί
349 544 385 582 δέ
404 546 509 592 ἔστιν,
529 545 582 582 ὅτι
601 544 779 587 ’Ήκουσάς
800 559 864 593 μου
872 559 882 590 3
905 541 1108 603 7Ξουτέστιν,

87 605 139 643 ὅτι
156 606 252 645 οὐδὲν
268 606 419 643 ἐναντίον
443 608 527 657 ἐμοῦ
553 605 638 657 πρὸς
657 605 706 643 σέ.
728 604 871 654 εΏστϊερ
891 605 948 640 οὐν
969 601 1026 649 τὸ,
1055 601 1109 640 ὅτι

87 667 265 712 ῚΙκουσάς
295 684 384 718 μου,
413 669 450 705 οὐ
480 667 583 705 τοῦτό
602 668 676 704 ἐστι
696 667 898 712 δηλοῦντος,
926 663 980 701 ὅτι
1009 662 1110 706 αὐτὸς

86 731 148 766 οὐκ
168 729 311 781 ἴσχυσεν
343 732 396 778 (εἰ
414 729 480 781 γὰρ
497 732 599 766 τοῦτο
628 722 684 774 ἦν,
718 729 778 765 οὐκ
801 725 976 776 ἀδυναμία
1007 725 1110 776 μόνον

87 790 185 828 ἔσται
199 820 208 836 ,
233 791 323 829 ἀλλὰ
351 791 410 829 καὶ
429 791 568 841 ἄγνοια,
589 789 621 827 εἴ
645 805 684 840 γε
704 788 772 841 πρὸ
791 791 850 825 τοῦ
870 787 1033 831 εὔξασθαι
1050 789 1111 825 οὐκ

87 853 183 902 ᾔδει,
204 852 257 891 ὅτι
285 853 404 903 μέλλει
428 850 597 889 ἐπινεύειν
621 853 638 887 ὃ
661 849 750 892 Θεός
767 864 775 872 ·
804 851 832 886 εἷ
859 847 895 886 δὲ
923 851 985 886 οὐκ
1010 848 1108 900 ᾔδει,

89 917 161 958 πῶς
181 914 308 964 ἔλεγεν,
325 913 378 951 ὅτι
406 911 609 964 Πορεύομαι
638 910 694 948 ἵνα
714 910 883 955 ἐξυπνίσω
908 910 1033 957 αὐτόν,
1052 909 1111 948 καὶ

87 977 149 1013 οὐκ
182 970 288 1022 εἶπεν,
314 974 506 1027 πορεύομαι
539 972 594 1011 ἵνα
629 971 781 1023 εὔξωμαι
810 975 860 1025 τῷ
887 971 1024 1024 Πατρὶ,
1055 971 1111 1009 ἵνα

87 1036 250 1082 ἐξυπνίση
281 1036 417 1085 αὖτόν)·
446 1035 564 1087 ὥσπερ
596 1029 652 1072 οῦν
685 1038 787 1073 τοῦτο
811 1036 875 1073 οὐκ
912 1033 1109 1080 ἀσθενείας,
1138 1046 1158 1075 13

87 1099 163 1135 ἀλλ’
196 1098 508 1149 ὁμογνοψοσύνης·
539 1095 629 1134 οὕτω
671 1095 730 1133 καὶ
761 1096 820 1142 τὸ,
849 1094 1009 1134 Πάντοτέ
1044 1111 1108 1146 μου

88 1159 233 1203 ἀκούεις,
253 1158 304 1197 Ἢ
333 1163 435 1196 τοῦτο
464 1152 522 1196 οῦν
552 1160 645 1196 ἐστιν
675 1159 796 1205 εἰπεῖν,
813 1157 835 1204 ἢ
855 1157 909 1196 ὅτι
936 1158 1021 1209 πρὸς
1046 1158 1109 1204 τὴν

87 1220 248 1257 ὑπόνοιαν
269 1220 331 1267 τὴν
350 1219 488 1257 ἐκείνων
509 1219 656 1272 εἴρηται.
679 1221 723 1257 Εἰ
740 1218 775 1256 δὲ
789 1218 867 1257 οὔτε
884 1220 1013 1271 ἠγνόει,
1030 1219 1109 1257 οὔτε

86 1281 405 1329 ἠσθένει,,εύδηλον
425 1282 477 1319 ὅτι
495 1281 550 1319 διὰ
569 1287 670 1320 τοῦτο
689 1281 732 1318 τὰ
755 1280 901 1318 ταπεινὰ
923 1280 1108 1332 φθέγγεται

87 1342 239 1393 ῥήματα,
253 1342 307 1380 ἵνα
323 1343 414 1380 *κᾶν
431 1344 470 1380 ἐκ
483 1345 545 1388 τῆς
560 1341 755 1394 ὑπερὸολῆς
766 1344 910 1393 πεισθῇς
926 1342 984 1379 καὶ
1003 1344 1109 1393 ἀναγ-

84 1407 216 1455 κασθῇς
241 1406 473 1455 ὁμολογῆσαι,
499 1403 552 1441 ὅτι
580 1406 617 1442 οὖ
648 1406 711 1448 τῆς
743 1402 837 1446 ἀξίας
865 1404 967 1441 αὐτοῦ
1001 1404 1107 1449 ἐστιν,

84 1465 173 1503 ἀλλὰ
195 1469 256 1511 τῆς
285 1465 589 1516 συγκαταὲἀσεως.
615 1465 663 1503 Τί
694 1458 752 1503 οῦν
785 1468 816 1502 οἱ
847 1467 909 1511 τῆς
945 1465 1109 1511 ἀληθείας

82 1527 218 1578 ἐχθροί;
236 1528 288 1565 Οὐ
304 1527 389 1578 πρὸς
400 1527 463 1574 τὴν
480 1527 658 1565 ἀσθένειαν
680 1529 747 1564 τῶν
763 1526 957 1565 ἀκουόντων
975 1527 1106 1580 εἴρηκε,

81 1588 178 1639 φησὶ,
201 1587 240 1625 τὸ
259 1587 436 1631 ’Ἡκουσοίς
458 1604 538 1639 μου,
557 1590 634 1626 ἀλλ’
654 1587 709 1626 ἵνα
727 1587 818 1640 δείξῃ
836 1588 899 1635 τὴν
916 1590 1105 1642 ὑπεροχήν.

80 1649 151 1687 Καὶ
181 1649 249 1700 μὴν
275 1654 376 1687 τοῦτο
398 1652 460 1687 οὐκ
489 1644 531 1696 ἦν
562 1650 668 1695 δεῖξαι
699 1649 762 1696 τὴν
797 1649 989 1703 ὑπεροχὴν,
1016 1652 1106 1690 ἀλλὰ

81 1710 213 1762 σφόδρα
234 1713 448 1749 ταπεινῶσαι
479 1711 613 1758 ἑαυτὸν,
641 1711 700 1749 καὶ
725 1714 902 1764 ἀποφῆναι
928 1712 1021 1752 οὐδὲν
1043 1717 1106 1752 ἀν-

81 1772 220 1823 θρώπου
254 1772 357 1810 πλέον
388 1772 526 1825 ἔχοντα.
559 1773 612 1811 Τὸ
636 1772 703 1825 γὰρ
732 1772 917 1825 εὔχεσθαι,
951 1775 988 1812 οὐ
1015 1775 1106 1813 κατὰ
1131 1790 1155 1820 (3

80 1834 184 1882 Θεὸν,
203 1834 278 1873 οὐδὲ
302 1835 392 1873 κατὰ
415 1836 609 1887 σύνθρονον.
627 1834 736 1887 Ὁρᾷς
753 1834 808 1873 ὅτι
824 1836 1012 1880 οὐδαμόθεν
1029 1838 1104 1875 ἑτέ-

82 1900 187 1948 ρωθεν
209 1898 266 1934 ἐπὶ
285 1900 384 1935 τοῦτο
403 1891 519 1943 ἦλθεν,
546 1895 636 1934 ἀλλὰ
662 1896 718 1934 διὰ
745 1896 806 1943 τὴν
826 1897 991 1935 ἀπιστίαν
1013 1899 1106 1937 ἐκεί-

80 1974 168 2005 νων;
193 1957 291 2010 σΟρα
316 1962 398 2008 γοῦν
424 1957 483 1996 καὶ
511 1957 550 1995 τὸ
572 1958 670 2011 ἔργον
701 1963 896 2011 μαρτυροῦν
927 1961 1018 2012 αὐτῷ
1041 1961 1105 2008 τὴν

79 2020 270 2058 αὐθεντίαν.
290 2020 482 2068 Ἔκάλεσε,
508 2020 567 2057 καὶ
593 2020 731 2066 ἐξῆλθεν
750 2023 768 2058 ὃ
789 2021 964 2068 τεθνηκὼς
989 2039 1107 2061 συνει-

78 2081 269 2132 λημμένος.
290 2075 380 2120 Εἶτα
404 2082 460 2119 ἵνα
491 2081 539 2132 μὴ
561 2080 639 2133 δόξῃ
659 2081 832 2133 φαντασία
853 2076 940 2121 εἶναι
955 2084 994 2122 τὸ
1011 2091 1104 2136 πρᾶ-

77 2159 151 2194 γμα
181 2144 194 2194 (
207 2147 266 2181 τοῦ
293 2142 359 2194 γὰρ
382 2146 572 2189 ἀναστῆναι
590 2142 630 2180 τὸ
650 2142 797 2186 ἐξελθεῖν
833 2144 1012 2195 δεδεμένον
1043 2147 1105 2184 οὐκ

76 2204 219 2243 ἔλαττον
251 2204 361 2242 ἐδόκει
389 2197 477 2242 εἶναι
508 2203 735 2256 παράδοξον),
765 2204 973 2243 Ἔκέλευσεν
1002 2208 1104 2246 αὐτὸν

75 2267 205 2314 λῦσαι,
233 2265 287 2303 ἴνα
314 2265 373 2303 καὶ
399 2265 594 2317 ἁψάμενοι,
630 2265 688 2303 καὶ
719 2265 868 2312 πλησίον
898 2266 1102 2318 γενόμενοι,

75 2327 192 2366 ἴδωσιν
222 2327 276 2366 ὅτι
307 2327 412 2370 ὄντως
444 2326 572 2371 ἐκεῖνός
598 2328 685 2366 ἐστι.
715 2327 784 2366 Καὶ
814 2329 917 2380 φησίν
937 2345 944 2352 ·
978 2329 1100 2382 Ἄφετε

74 2389 177 2427 αὐτὸν
193 2390 352 2440 ὑπάγειν.
394 2391 474 2432 4ἰδες
499 2389 539 2427 τὸ
561 2388 811 2439 ἀκόμπαστον;
835 2391 911 2428 Οὐκ
931 2392 1100 2443 ἐπάγεται

74 2451 188 2499 αὐτὸν,
208 2450 285 2488 οὐδὲ
308 2450 442 2487 κελεύει
461 2451 536 2500 μετ’
556 2451 661 2488 αὐτοῦ
679 2449 899 2503 ι)περιιε’ναι,
926 2451 1018 2491 ὥστε
1048 2455 1096 2504 μὴ

74 2513 169 2556 δόξαι
198 2512 287 2550 τισὶν
322 2511 600 2549 ἐπιδείκνυσθαι·
633 2514 741 2555 οὕτως
774 2512 850 2563 ᾔδει
886 2515 1097 2566 μετριάζειν.

75 2573 265 2623 Γενομένου
291 2572 326 2610 δὲ
348 2576 403 2610 τοῦ
424 2571 592 2622 σημείου,
624 2574 655 2609 οἱ
683 2571 744 2622 μὲν
765 2572 976 2623 ἐθαύμαζον·
1005 2579 1035 2614 οἱ
1063 2577 1097 2614 δὲ
1125 2593 1148 2621 D

73 2635 321 2686 προσελθόντες
349 2633 570 2684 ἀπήγγελλον
600 2639 670 2676 τοῖς
703 2634 926 2685 Φαρισαίοις.
958 2635 1005 2673 Τί
1040 2632 1098 2674 οῦν

73 2698 220 2743 ἐκεῖνοι,
240 2695 326 2733 Δέον
342 2695 597 2741 ἐκπλήττεσθαι
615 2695 673 2733 καὶ
693 2695 895 2745 θαυμάζειν,
917 2698 1097 2747 βουλεύον-

71 2773 128 2795 ται
155 2758 256 2796 αὖτὸν
286 2757 432 2803 ἀνελεῖν,
461 2756 518 2793 τὸν
542 2756 789 2802 ἀναστήσαντα
810 2756 944 2809 νεκρόν.
967 2755 1015 2794 Ὢ
1035 2760 1097 2803 τῆς

72 2819 187 2861 ἀνοίας
200 2835 207 2842 ·
235 2819 292 2857 τὸν
309 2820 342 2855 ἐν
363 2823 434 2860 τοῖς
451 2817 566 2855 ἄλλων
586 2817 727 2868 σώμασι
748 2818 894 2856 θανάτου
917 2819 1097 2871 περιγενό-

72 2895 187 2930 μενον,
207 2879 342 2931 θανάτῳ
356 2879 577 2931 παραδώσειν
594 2879 762 2929 ἐνόμιζον.
782 2881 851 2918 Καὶ
867 2881 1006 2932 λέγουσι
1022 2897 1030 2904 ·
1048 2881 1095 2919 Τί

70 2943 248 2989 ποιοῦμεν,
270 2939 322 2977 ὅτι
340 2942 358 2977 ὅ
379 2940 556 2992 ἄνθρωπος
578 2935 674 2984 οῦτος
696 2941 810 2979 πολλὰ
830 2948 961 2992 σημεῖα
979 2948 1092 2991 ποιεῖ,

68 2999 265 3052 Ἄνθρωπον
291 3001 392 3039 αὐτὸν
418 3002 470 3039 ἔτι
494 3004 670 3049 καλοῦσιν,
687 3006 718 3041 οἱ
737 3003 909 3051 τοσαύτην
929 3003 1094 3047 λαέόντες

69 3065 241 3110 ἀπόδειξιν
259 3069 321 3113 τῆς
343 3068 446 3105 αὐτοῦ
467 3068 640 3116 θεότητος.
665 3069 712 3108 Τί
735 3073 918 3121 ποιοῦμεν,
937 3072 1090 3108 Πιστεῦ-

69 3148 126 3170 σαι
152 3133 220 3172 ἔδει
245 3135 303 3172 καὶ
323 3138 560 3188 θεραπεῦσαι,
590 3137 648 3174 καὶ
668 3141 928 3189 προσκυνῆσαι,
945 3137 1003 3175 καὶ
1021 3154 1091 3188 μη-
1120 3153 1141 3182 Ε

69 3198 141 3237 κε’τι
169 3200 318 3251 νομίζειν
344 3202 536 3253 ἄνθρωπον.
563 3203 649 3241 Ἐὰν
669 3205 814 3256 ἀφῶμεν
837 3204 937 3242 αὐτὸν
960 3203 1088 3250 οὕτως,

112 3336 124 3349 ³
144 3326 257 3361 Morel.
276 3334 400 3370 γέγονεν.
421 3336 482 3375 ἄρα
502 3336 536 3364 τὸ
563 3336 693 3365 πάντοτέ
714 3347 773 3374 μου
790 3335 903 3366 ἀκούειν
922 3336 1009 3366 τοῦτο
1023 3335 1075 3370 δν,-

70 3381 112 3410 >ot
123 3403 129 3413 ,
149 3381 228 3411 οὐδὲν
244 3384 374 3414 ἐναντίον
390 3386 463 3423 ἐμοῦ
477 3387 549 3425 πρὸς
564 3389 604 3416 σε’.

1124 294 1172 318 386

1195 214 1314 244 ωιιν.
1354 200 1414 244 al.
1458 217 1582 246 [xiii.
2076 209 2165 266 443

1183 294 1337 332 cuitione
1355 304 1388 332 et
1407 296 1684 347 aenigmatibus?
1704 297 1798 335 Satis
1826 308 1899 336 crat
1920 299 2069 349 dixisse,
2094 303 2169 340 Non

1183 369 1263 392 sum
1290 356 1454 406 aequalis,
1474 366 1507 395 et
1538 372 1611 395 rem
1636 358 1783 396 solvere.
1802 359 1899 404 Quid
1920 362 2035 411 ergo?
2057 376 2171 400 annon

1182 415 1296 463 dixit,
1318 416 1473 467 inquies,
1494 420 1585 456 IVon
1604 420 1722 472 facio
1750 420 1997 459 ‘voluntatem
2023 430 2173 461 meam?

1183 475 1254 514 Sed
1273 477 1362 515 illud
1382 479 1600 518 subobscure
1622 481 1738 532 dixit,
1757 491 1790 519 et
1810 491 1952 534 propter
1967 498 2088 521 eorum
2108 485 2174 522 im-

1183 537 1434 589 becillitatem,
1451 540 1573 579 eadem
1592 541 1635 580 de
1655 557 1758 581 causa
1771 573 1781 592 ,
1801 558 1870 595 qua
1891 544 1996 582 etiam
2013 555 2175 598 precatus

1185 607 1246 636 est.
1268 600 1499 646 Quidautem
1520 603 1589 640 sibi
1608 603 1686 641 vult
1703 603 1814 652 illud,
1839 605 2032 655 Quoniam
2061 609 2173 644 audi-

1184 663 1234 698 sti
1253 666 1336 698 me?
1357 662 1432 700 Hoc
1455 674 1520 709 est,
1541 665 1641 702 Nihil
1664 665 1824 703 interme
1845 675 1877 703 et
1903 675 1936 704 te
1958 668 2174 705 contrarium

1184 731 1246 759 est.
1262 723 1575 769 Quemadmodum
1590 726 1700 777 igitur
1713 727 1818 775 illud,
1839 728 2002 766 Audisti
2014 744 2086 775 me,
2107 744 2175 768 non

1184 783 1359 836 significat
1378 787 1496 839 ipsum
1516 803 1583 826 non
1601 803 1702 841 posse
1723 792 1827 838 (nam
1845 790 1873 827 si
1890 790 1957 828 hoc
1974 801 2061 829 esset
2075 822 2085 840 ,
2107 806 2175 830 non

1182 844 1391 898 impotentia
1403 849 1533 901 solum,
1550 850 1610 888 sed
1625 860 1657 888 et
1670 850 1866 902 ignorantia
1880 862 1983 901 esset,
2000 853 2176 904 siquidem

1182 917 1263 945 ante
1293 911 1532 962 precationem
1563 912 1766 950 nescivisset
1802 914 1920 951 Deum
1949 929 2173 953 assensurum

1183 983 1256 1007 esse
1277 986 1284 1006 :
1302 971 1331 1009 si
1351 987 1434 1011 vero
1455 973 1657 1025 ignorabat,
1678 975 1858 1025 quomodo
1878 975 1986 1024 dixit,
2011 979 2120 1015 Vado
2135 987 2177 1015 ut

1182 1034 1361 1070 suscitem
1381 1039 1494 1072 eum?
1521 1049 1583 1073 nec
1604 1035 1698 1073 dixit
1712 1066 1721 1084 ,
1746 1035 1849 1075 Vado
1875 1047 2084 1089 precaturus
2106 1039 2175 1077 Pa-

1182 1102 1291 1145 trem,
1309 1106 1348 1134 ut
1365 1098 1508 1136 suscitet
1524 1103 1629 1147 eum)
1648 1115 1655 1135 ε
1671 1099 1994 1150 quemadmodum,
2009 1102 2153 1153 inquam
2166 1135 2174 1151 ,

1182 1156 1248 1194 lioc
1268 1172 1336 1196 non
1365 1159 1642 1207 imbecillitatis,
1663 1160 1723 1198 sed
1750 1162 1946 1199 concordiae
1972 1173 2042 1211 cst,
2070 1164 2119 1201 sic
2143 1174 2175 1202 et

1181 1218 1288 1269 illud,
1308 1221 1462 1273 Semper
1482 1237 1541 1259 me
1557 1225 1681 1261 audis.
1704 1227 1775 1261 Aut
1802 1224 1868 1261 hoc
1888 1224 2092 1271 dicendum,
2114 1237 2175 1265 aut

1180 1282 1565 1333 1‘espondendum,bscc
1584 1295 1729 1338 propter
1749 1286 1892 1324 illorum
1904 1287 2105 1339 opinionem
2121 1289 2176 1326 di-

1180 1352 1235 1380 cta
1253 1344 1371 1381 fuisse.
1396 1346 1503 1391 Quod
1524 1346 1552 1383 si
1574 1361 1637 1384 nec
1658 1347 1864 1398 ignorabat,
1885 1363 1948 1386 nec
1974 1350 2178 1389 imbecillus

1180 1414 1267 1453 erat,
1300 1405 1420 1456 palam
1439 1416 1489 1444 est
1509 1407 1613 1445 illum
1635 1408 1712 1445 ideo
1734 1408 1885 1446 humilia
1915 1411 2024 1448 verba
2048 1412 2177 1462 loquu-

1181 1473 1258 1501 tum
1274 1466 1399 1515 fuisse,
1422 1477 1460 1504 ut
1474 1468 1531 1506 vel
1550 1482 1595 1505 ex
1609 1469 1807 1520 hyperbole
1824 1470 1945 1508 credas
1962 1481 1995 1508 et
2013 1472 2175 1510 confiteri

1181 1525 1333 1576 cogaris,
1349 1527 1424 1564 haec
1442 1527 1578 1565 dixisse
1599 1529 1703 1566 illum
1718 1544 1787 1567 non
1805 1531 2001 1569 secundum
2021 1532 2177 1584 dignita-

1179 1598 1251 1627 tem
1270 1604 1382 1639 suam,
1409 1591 1469 1629 sed
1500 1593 1694 1632 secundum
1720 1593 2003 1633 imbecillitatem
2037 1597 2178 1635 audito-

1178 1665 1274 1688 rum.
1303 1652 1397 1698 Quid
1427 1668 1509 1705 ergo
1538 1655 1638 1692 aiunt
1666 1656 1828 1694 veritatis
1855 1657 2002 1695 hostes?
2025 1659 2105 1696 Non
2132 1659 2177 1697 ad

1180 1712 1460 1753 imbecillitatem
1481 1715 1684 1754 auditorum
1706 1717 1814 1767 dixit,
1836 1719 2005 1758 Audisti
2024 1735 2099 1766 77η»,-
2117 1722 2177 1759 sed

1180 1786 1218 1814 ut
1240 1779 1435 1817 ostenderet
1456 1781 1743 1833 praecellentiam.
1765 1784 1902 1822 Verum
1922 1783 1990 1822 hoc
2010 1799 2079 1823 non
2100 1796 2176 1824 erat

1179 1842 1454 1892 praecellentiam
1470 1843 1733 1894 demonstrare,
1755 1845 1816 1883 sed
1837 1845 2031 1885 admodum
2050 1848 2175 1886 hurni-

1179 1902 1261 1941 liter
1281 1918 1395 1955 agere,
1412 1906 1664 1958 ostenderequc
1679 1921 1714 1945 se
1729 1907 1821 1945 nihil
1835 1908 1917 1960 plus
1932 1923 2040 1959 quam
2054 1910 2173 1949 homi-

1180 1979 1262 2003 nem
1287 1966 1427 2005 habere.
1449 1969 1540 2005 Nam
1559 1970 1697 2021 precari
1732 1984 1802 2008 non
1827 1979 1878 2007 est
1904 1972 1986 2021 Dei,
2009 1986 2072 2009 nec
2097 1975 2174 2026 ejus

1181 2028 1242 2078 qui
1270 2027 1306 2065 in
1336 2028 1459 2066 eodem
1487 2029 1583 2067 sedet
1613 2031 1714 2068 solio.
1742 2032 1875 2072 Viden’
1902 2036 1999 2073 nulla
2031 2037 2101 2075 alia
2130 2038 2175 2076 de

1181 2103 1285 2127 causa
1305 2090 1436 2128 adhoc
1463 2091 1616 2139 venisse,
1639 2091 1707 2129 nisi
1738 2103 1884 2146 propter
1910 2110 2032 2134 eorum
2060 2098 2174 2137 incre-

1180 2150 1396 2189 dulitatem?
1414 2151 1666 2190 Animadverte
1695 2167 1778 2205 ergo
1793 2169 1867 2192 rem
1882 2155 1994 2209 ipsam
2016 2158 2092 2210 ejus
2107 2174 2171 2197 au-

1180 2213 1378 2251 ctoritatem
1398 2214 1592 2252 testificari.
1615 2215 1782 2263 Vocavit,
1803 2226 1835 2254 et
1854 2218 1990 2269 prodiit
2010 2230 2173 2260 mortuus

1178 2274 1320 2326 ligatus.
1354 2275 1445 2313 Hinc
1478 2290 1522 2313 ne
1556 2275 1739 2313 videretur
1769 2292 1823 2314 res
1854 2292 1927 2316 esse
1963 2280 2172 2331 phantasma

1180 2339 1284 2385 (nam
1301 2337 1444 2389 prodire
1459 2337 1610 2388 ligatum
1630 2351 1699 2375 non
1715 2338 1832 2376 minus
1848 2339 2100 2379 admirandum
2119 2343 2172 2381 vi-

1175 2398 1342 2447 debatur,
1369 2412 1476 2448 quam
1506 2402 1735 2449 resurgere),
1759 2400 1885 2437 Jussz't
1916 2402 2015 2438 solvi
2040 2403 2166 2450 illum,

1173 2470 1212 2498 ut
1226 2469 1406 2512 tangentes
1419 2459 1665 2497 etaccedentes
1684 2459 1845 2498 viderent
1866 2476 1947 2500 vere
1967 2463 2071 2501 illum
2083 2479 2167 2504 esse.

1174 2525 1220 2563 Et
1239 2524 1347 2571 dixit,
1371 2524 1434 2560 44.
1457 2524 1578 2561 Sinite
1604 2524 1717 2561 illum
1747 2526 1867 2563 abire.
1896 2526 2029 2565 Viden'
2059 2543 2169 2579 quam

1173 2587 1218 2624 sit
1237 2587 1376 2625 alienus
1395 2600 1414 2622 a
1435 2585 1550 2623 fastu?
1571 2587 1649 2623 Non
1675 2585 1775 2623 ducit
1797 2601 1878 2624 eum
1899 2602 2034 2639 secum,
2056 2604 2169 2642 neque

1172 2648 1270 2699 sequi
1291 2662 1326 2685 se
1341 2647 1457 2699 jubet,
1484 2661 1526 2684 ne
1550 2647 1715 2684 videatur
1744 2662 1819 2686 sese
1846 2659 2020 2689 ostentare
2039 2667 2047 2687 τ
2068 2662 2166 2691 tanta

1172 2709 1337 2747 utebatur
1350 2708 1531 2746 modestia.
1541 2708 1693 2759 Signum
1704 2718 1842 2747 tantuin
1855 2710 1916 2747 alii
1929 2711 2165 2762 mirabantur,

1170 2771 1231 2809 alii
1248 2770 1436 2808 Pharisaeis
1449 2769 1714 2807 nuntiaverunt.
1731 2771 1830 2817 Quid
1849 2772 1961 2823 igitur
1974 2773 2056 2811 illi?
2074 2774 2167 2812 Cum

1170 2831 1293 2870 mirari
1312 2841 1345 2869 et
1364 2831 1610 2883 obstupescere
1638 2832 1864 2884 oportuisset,
1900 2834 2100 2872 consultant
2126 2845 2166 2873 ut

1168 2893 1273 2930 illum
1294 2891 1520 2941 interficiant,
1543 2892 1603 2943 qui
1623 2901 1804 2930 mortuum
1830 2895 2029 2933 suscitavit.
2053 2896 2084 2933 Ο
2102 2896 2162 2934 in—

1170 2951 1381 3007 sipientiam!
1404 2953 1499 2990 Eum
1521 2953 1582 3005 qui
1608 2954 1644 2991 in
1672 2953 1751 2992 aliis
1783 2956 1991 3007 corporibus
2015 2968 2163 2996 mortem

1170 3026 1412 3071 superaverat,
1428 3017 1531 3056 morti
1553 3033 1589 3056 se
1611 3018 1804 3057 tradituros
1824 3034 1898 3057 esse
1916 3021 2110 3072 putabant,
2129 3031 2161 3059 et

1168 3081 1311 3129 dicunt,
1327 3080 1390 3117 47.
1411 3081 1708 3134 Quidfacimus,
1728 3084 1821 3134 quia
1834 3083 1897 3119 hic
1911 3083 2024 3120 homo
2038 3084 2162 3121 multa

1167 3145 1280 3194 signa
1295 3142 1426 3194 facit?
1448 3141 1635 3179 Hominem
1664 3141 1768 3179 illum
1797 3142 1916 3180 adhuc
1940 3153 2081 3193 vocant,
2101 3144 2161 3194 qui

1169 3204 1267 3242 illius
1287 3202 1488 3243 divinitatis
1508 3212 1642 3241 tantam
1665 3213 1871 3256 acceperant
1891 3204 2159 3242 demonstratio

1191 3333 1205 3347 ‘
1222 3333 1290 3375 [κᾶν
1306 3333 1445 3365 accessit
1463 3343 1479 3364 e
1496 3331 1597 3365 savii.
1614 3340 1648 3364 et
1663 3331 1772 3364 Codd.
1789 3332 1940 3373 nostris]

1187 3386 1202 3408 '¹
1220 3383 1474 3430 ΑῙὶὶπ-εριπκτεῖν,
1485 3391 1517 3417 et
1530 3395 1606 3416 mox
1615 3386 1922 3426 γενομένουδὲτούτω
1931 3389 1982 3417 τοῦ
1995 3386 2156 3426 θαύματος.

2260 1989 2377 2017 Precari

2188 2040 2245 2057 non
2257 2036 2299 2058 est
2308 2032 2374 2060 Dei.
