2481 3678
137 737 258 765 Joannis

69 778 206 815 discipuli

71 820 187 846 Christo
200 829 256 847 non

70 861 204 888 credide-

68 908 145 930 rant.

71 1155 182 1185 Alalis«.
210 1162 255 1185 11.

280 192 365 253 198
749 204 786 234 S.

273 291 424 328 Joannes
438 317 447 334 ,
479 287 527 325 sic
550 286 706 338 intellige
726 302 733 323 ε
757 286 851 324 Mihi
870 299 959 339 opus
980 294 1030 324 est
1061 284 1186 323 audire
1210 284 1256 321 ab

272 350 345 387 ilio.
367 350 459 387 Nam
486 348 530 387 dc
549 348 632 387 caelo
648 348 758 398 venit,
777 357 810 386 et
838 347 988 386 caelestia
1008 346 1160 394 nuntiat,
1177 359 1256 397 quae

273 411 368 449 solus
401 410 475 462 ipse
505 411 599 449 clare
625 410 736 457 novit;
779 424 861 447 nam
891 409 1001 459 illud,
1032 409 1197 446 Audiuit
1220 416 1255 445 et

272 474 387 518 vidit,
403 472 471 510 hoc
491 472 680 523 signifieat.
701 473 737 509 E
741 479 754 509 t
771 474 1029 510 testimonium
1048 473 1129 523 ejus
1146 483 1256 508 nemo

271 536 424 585 accipit.
443 533 549 584 Atqui
581 532 776 584 discipulos
798 532 923 570 habuit
956 540 989 570 et
1017 531 1121 569 multi
1150 530 1256 568 dictis

271 597 346 647 ejus
370 595 614 641 attendebant;
643 609 705 632 cur
720 608 802 645 ergo
829 593 930 641 dicit,
947 595 1070 632 Nemo
1089 595 1257 643 accipit?

273 657 348 694 lloc
363 665 426 701 est,
450 656 560 693 Pauci
584 655 774 708 accipiunt.
790 655 883 692 Nam
901 655 930 692 si
950 654 1123 692 neminem
1140 653 1256 690 djxis-

272 727 334 765 set,
355 732 418 755 cur
442 716 684 769 subjunxisset
704 732 711 752 :
733 717 796 754 55.
831 717 906 767 Qui
927 718 1073 767 aceepit
1091 717 1172 767 ejus
1203 723 1254 751 te-

271 781 506 823 stimonium,
526 779 693 829 signavit
710 779 802 829 quia
815 778 922 814 Deus
937 790 1059 814 verax
1085 779 1169 813 est?
1188 773 1256 811 Hic

271 839 466 892 discipulos
493 852 575 877 suos
605 838 833 891 perstringit,
855 852 896 876 ac
914 838 942 877 si
965 852 1032 875 non
1052 837 1206 875 multum
1225 836 1256 873 ei

271 901 440 939 credituri
457 909 581 939 essent.
596 899 705 947 Quod
724 899 818 937 enim
837 914 949 951 neque
968 908 1086 951 postea
1101 898 1169 950 ipsi
1185 911 1256 935 cre-

269 962 437 1011 diderint,
454 961 574 1014 palam
586 970 636 999 est
651 975 697 998 ex
713 960 949 1011 sequentibus.
966 959 1104 998 Idcirco
1120 959 1200 997 illos
1220 959 1256 996 in

271 1037 408 1061 carcere
433 1022 590 1060 inclusus
623 1021 719 1059 misit
744 1020 791 1058 ad
822 1034 904 1058 eum
922 1050 932 1070 ,
956 1029 995 1057 ut
1020 1021 1114 1071 ipsos
1143 1019 1257 1070 magis

272 1084 339 1136 ipsi
359 1092 588 1122 connecteret.
610 1081 669 1119 Illi
691 1095 774 1121 vero
798 1090 883 1118 tunc
909 1081 1016 1118 etiam
1043 1080 1105 1118 vix
1135 1080 1255 1118 credi—

824 202 1002 235 JOANNIS
1038 201 1279 232 CHRYSOST.

1321 201 1524 232 ARCHIEP.
1563 199 1912 232 CONSTANTINOP.

1332 301 1418 323 σωσι
1439 284 1545 335 μηδὲν
1564 279 1649 324 εἶναι
1678 286 1799 337 ψεῦδος
1821 287 1890 324 τῶν
1909 285 2116 336 λεγομένων.
2133 285 2183 324 Ὃ
2204 285 2239 323 δὲ
2257 285 2351 336 λέγει

1332 346 1507 394 Ἰωάννης,
1537 346 1690 385 τοιοῦτόν
1725 349 1818 385 ἐστιν
1834 362 1842 370 ·
1864 346 1931 398 ἐγὼ
1966 346 2085 397 δέομαι
2118 348 2265 384 ἀκοῦσαι
2284 349 2353 383 τῶν

1330 410 1413 460 παρ’
1429 408 1573 446 ἐκείνου.
1593 407 1739 446 Ἄνωθεν
1759 407 1826 459 γὰρ
1846 408 2010 461 ἔρχεται,
2028 408 2071 446 τὰ
2090 410 2215 446 ἐκεῖθεν
2234 409 2353 457 ἀπαγ-

1327 470 1472 521 γέλλων,
1494 469 1516 507 ἃ
1538 469 1638 520 μόνος
1655 469 1756 513 αὐτὸς
1771 463 1841 507 οἶδε
1861 473 1978 522 σαφῶς
1992 486 1999 493 ·
2020 469 2059 507 τὸ
2081 469 2171 521 γὰρ,
2194 468 2355 520 Ἑώρακε

1326 530 1385 568 καὶ
1403 530 1549 578 ἤκουσε,
1571 530 1672 569 τοῦτό
1691 532 1766 568 ἐστι
1782 531 1977 576 δηλοῦντος.
1994 530 2063 568 Καὶ
2080 531 2143 576 τὴν
2165 528 2357 581 μαρτυρίαν

1328 594 1431 630 αὐτοῦ
1452 591 1559 635 οὐδεὶς
1575 591 1761 642 λαμὸάνει.
1783 591 1908 629 Καίτοι
1926 591 1985 629 καὶ
2004 591 2161 641 μαθητὰς
2180 585 2253 643 εἶχε
2267 621 2276 639 ,
2298 591 2357 629 καὶ

1327 653 1449 691 πολλοὶ
1465 660 1652 705 προσεῖχον
1671 658 1740 696 τοῖς
1759 652 1974 704 λεγομένοις.
1995 654 2078 696 Πῶς
2095 645 2153 690 οῦν
2172 667 2290 704 φησιν,
2305 651 2357 689 ὅτι

1281 723 1304 753 E
1327 714 1455 761 οὖδείςς
1476 717 1590 753 Τοῦτο
1612 714 1687 752 ἀντὶ
1711 718 1784 762 τοῦ,
1805 713 1916 765 ὀλίγοι
1930 743 1939 761 ,
1965 713 2100 765 εἴρηται
2125 717 2206 750 νῦν·
2235 711 2356 760 ἐπειδὴ

1328 777 1357 813 εἷ
1378 776 1511 826 μηδένα
1530 777 1626 826 ἔλεγε
1639 806 1649 822 ,
1669 778 1742 819 πῶς
1763 775 1950 826 ἐπήγαγεν,
1966 774 2011 812 ‘O
2029 774 2149 812 λαὸὼν
2170 775 2274 811 αὐτοῦ
2293 773 2357 819 τὴν

1328 837 1534 889 μαρτυρίαν,
1554 836 1759 889 ἐσφράγισεν
1777 835 1830 874 ὅτι
1849 838 1866 873 ὃ
1884 835 1974 878 Θεὸς
1987 834 2119 882 ἀληθής
2137 836 2232 872 ἔστιν
2247 851 2256 882 ;
2279 834 2354 872 Ἔν-

1327 901 1436 935 ταῦθα
1453 897 1513 936 καὶ
1528 899 1597 934 τῶν
1613 896 1706 935 ἰδίων
1723 895 1940 935 καθάπτεται
1957 899 2137 945 μαθητῶν,
2154 897 2201 938 ὡς
2215 896 2252 932 οὐ
2275 893 2358 946 σφό-

1328 961 1391 1011 δρα
1411 957 1607 1009 μελλόντων
1635 960 1728 1009 αὐτῷ
1759 955 1934 995 πιστεύειν
1964 956 2062 999 τέως.
2080 954 2166 993 ὕΟτι
2192 955 2260 1006 γὰρ
2281 953 2359 992 οὐδὲ

1328 1019 1417 1070 μετὰ
1447 1023 1557 1056 ταῦτα
1575 1018 1784 1056 ἐπίστευσαν
1806 1020 1899 1070 αὐτῷ
1918 1016 1962 1055 τὰ
1981 1017 2142 1069 ῥήματα,
2177 1017 2280 1061 δῆλον
2299 1014 2358 1053 καὶ

1326 1082 1387 1118 οέκ
1405 1081 1474 1116 τῶν
1492 1078 1679 1129 μετέπειτα
1700 1079 1905 1130 λεχθέντων.
1939 1078 2007 1116 Διὰ
2031 1082 2133 1116 τοῦτο
2148 1077 2216 1129 γὰρ
2236 1075 2360 1118 αὐτοὺς

272 1145 411 1193 derunt,
432 1143 528 1195 quod
546 1141 776 1180 subindicans
798 1141 962 1178 Christus
978 1140 1088 1189 dixit,
1112 1142 1254 1178 Beatus
1268 1166 1317 1190 172
1329 1139 1387 1176 καὶ
1405 1139 1642 1190 δεσμωτήριον
1651 1141 1754 1177 οἰκῶν
1771 1141 1900 1176 ἐκεῖθεν
1918 1139 2052 1191 ἔπεμψε
2070 1138 2155 1190 πρὸς
2172 1137 2287 1184 αὐτὸν,
2302 1136 2359 1174 ἵνα

273 1208 339 1257 qui
353 1219 430 1242 non
433 1205 562 1257 suerit
574 1203 864 1241 scandalizatus
878 1204 920 1237 in
935 1214 1006 1238 me.
1025 1200 1133 1238 Nulla
1147 1200 1257 1251 igitur
1281 1202 1307 1230 A
1329 1201 1421 1251 αὐτῷ
1436 1198 1589 1250 συνδήσῃ
1605 1200 1749 1249 μᾶλλον.
1763 1201 1810 1237 Οἱ
1827 1198 1862 1235 δὲ
1874 1199 1933 1236 καὶ
1953 1200 2032 1237 τότε
2052 1199 2151 1248 μόλις
2166 1198 2358 1243 ἐπίστευον,

271 1267 340 1305 alia
361 1265 405 1304 de
424 1279 527 1302 causa
553 1263 660 1311 dicit,
682 1264 736 1300 Et
762 1264 1021 1300 testimonium
1049 1264 1129 1314 ejus
1148 1275 1257 1299 nemo

272 1329 424 1378 accipit,
443 1339 551 1376 quam
569 1333 607 1361 ut
633 1323 829 1375 discipulos
858 1337 939 1360 suos
969 1322 1132 1372 erudiat,
1161 1337 1200 1360 ac
1228 1322 1259 1360 si

271 1388 423 1426 diceret:
442 1388 494 1425 Ne
512 1385 644 1438 putetis
659 1385 743 1436 quia
760 1384 860 1437 pauci
882 1383 1050 1422 credituri
1069 1393 1162 1434 sunt,
1180 1384 1259 1423 ideo

272 1449 358 1487 falsa
378 1448 437 1485 illa
456 1461 529 1485 esse
545 1461 623 1498 quae
637 1445 819 1496 dicuntur,
838 1446 930 1483 Nam
950 1447 1042 1496 Quoe
1063 1447 1178 1492 vidit,
1199 1454 1259 1483 te-

272 1519 411 1560 statur,
441 1508 567 1559 inquit.
588 1508 670 1545 Haec
689 1521 795 1559 porro
815 1506 915 1556 dicit,
935 1516 974 1544 ut
994 1506 1098 1545 simul
1118 1506 1259 1546 Judaeo—

273 1585 356 1609 rum
375 1571 556 1622 ignaviam
573 1569 788 1621 perstringat
802 1584 812 1617 3
835 1577 874 1605 ut
895 1568 931 1606 in
947 1568 1123 1620 principio
1140 1568 1260 1609 Evan-

275 1633 358 1685 gelii
371 1633 465 1684 ipsos
485 1630 646 1682 coarguit
664 1630 722 1667 his
739 1629 857 1668 verbis
873 1645 880 1666 ε
901 1632 949 1666 [η
962 1633 1119 1682 propria
1133 1634 1256 1677 venit,

275 1704 311 1733 et
331 1697 391 1733 sui
405 1708 489 1732 eum
512 1707 590 1731 non
604 1700 839 1744 receperunt.
862 1692 938 1729 Hoc
958 1701 1077 1730 autem
1102 1706 1171 1730 non
1201 1707 1262 1731 ve-

278 1755 424 1805 nientis,
453 1754 515 1792 sed
534 1768 603 1793 non
624 1752 870 1805 recipientium
890 1762 1074 1804 peccatum
1092 1763 1154 1791 est.
1188 1756 1262 1804 Qui

277 1822 423 1871 accepit
432 1821 513 1871 ejus
531 1819 803 1862 testimonium,
822 1817 1038 1867 obsignavit
1053 1819 1146 1868 quia
1155 1818 1262 1855 Deus

1327 1259 1412 1312 ὅπερ
1429 1259 1469 1306 δὴ
1490 1259 1549 1297 καὶ
1564 1262 1582 1297 6
1601 1259 1750 1311 Χριστὸς
1769 1257 2006 1308 αἰνιττόμενος
2025 1254 2120 1296 εἶπεν
2134 1275 2141 1282 ·
2164 1258 2233 1297 Καὶ
2248 1259 2360 1308 μακά-

1329 1335 1399 1372 ριος
1417 1320 1451 1364 ὃς
1470 1320 1526 1358 ἐὰν
1543 1320 1591 1370 μὴ
1616 1320 1849 1371 σκανδαλισθῇ
1870 1321 1905 1358 ἓν
1933 1323 1948 1339 ²¹
1963 1318 2053 1370 ἐμοί.
2084 1321 2139 1356 Δι’
2169 1319 2268 1357 οὐδὲν
2288 1319 2360 1357 τοί-

1327 1397 1387 1420 νυν
1403 1381 1520 1433 ἕτερον
1536 1375 1611 1420 εἶπε
1623 1410 1632 1427 ,
1651 1381 1720 1419 Καὶ
1735 1380 1799 1427 τὴν
1815 1380 2009 1432 μαρτυρίαν
2028 1382 2132 1418 αὐτοῦ
2146 1381 2255 1423 οὐδεὶς
2267 1382 2357 1431 λαμ-

1329 1441 1447 1490 ὅάνει,
1467 1441 1488 1488 ἢ
1509 1437 1587 1485 τοῦς
1619 1440 1777 1491 μαθητὰς
1798 1440 2072 1493 ἀσφαλιζόμενος
2102 1440 2181 1484 τοὺς
2210 1443 2335 1478 ἑαυτοῦ
2348 1471 2358 1488 ,

1330 1502 1389 1541 καὶ
1410 1501 1590 1554 μονονουχὶ
1607 1502 1717 1553 λέγων
1731 1517 1739 1524 ·
1759 1500 1808 1550 μὴ
1826 1500 1946 1547 ἐπειδὴ
1968 1500 2153 1551 μέλλουσιν
2174 1503 2268 1552 αὐτῷ
2286 1501 2355 1539 ὀλί-

1330 1580 1384 1615 γοι
1406 1563 1493 1607 τέως
1517 1563 1710 1610 πιστεύειν,
1747 1562 1804 1600 διὰ
1832 1565 1934 1599 τοῦτο
1951 1563 2062 1613 ψευδῆ
2083 1561 2100 1582 b
2114 1562 2283 1612 νομίσητε
2304 1556 2355 1599 εἶ’-

1331 1642 1387 1663 ναι
1417 1625 1461 1663 τὰ
1488 1625 1681 1675 λεγόμενα·
1710 1623 1752 1661 Ἃ
1770 1622 1837 1674 γὰρ
1872 1622 2018 1675 ἑώρακε,
2035 1628 2230 1674 μαρτυρεῖ,
2261 1623 2358 1675 φησί.

1331 1688 1456 1724 Ταῦτα
1474 1685 1509 1723 δὲ
1527 1685 1621 1736 λέγει
1641 1685 1714 1735 ἅμα
1732 1683 1791 1722 καὶ
1812 1687 1874 1730 τῆς
1889 1684 2084 1731 Ἰουδαϊκῆς
2099 1683 2361 1734 καθαπτόμενος

1332 1746 1570 1794 ἀναισθησίας.
1590 1751 1604 1767 ⁶
1621 1745 1738 1797 ‘'Omp
1767 1739 1824 1782 οῦν
1844 1744 1903 1782 καὶ
1926 1747 1944 1782 6
1964 1745 2216 1796 εὖαγγελιστὴς
2246 1745 2359 1797 ἀρχό-

1333 1823 1433 1859 μενος
1449 1808 1657 1859 ἐπετίμησεν
1675 1808 1809 1854 αῧτοῖς,
1825 1805 1915 1843 οὕτω
1930 1805 2055 1856 λέγων,
2074 1806 2127 1844 ὅτι
2144 1808 2207 1849 Εἷς
2226 1806 2270 1844 τὰ
2291 1806 2362 1844 ἴδια

279 1894 401 1918 verax
417 1888 485 1917 est.
511 1878 579 1915 llic
599 1877 678 1915 illos
710 1885 874 1922 exterret,
905 1890 987 1914 cum
1015 1876 1166 1914 ostendit
1180 1891 1262 1915 eum
1285 1878 1309 1909 Β
1330 1864 1435 1916 ἦλθε,
1463 1869 1523 1907 καὶ
1541 1871 1572 1907 Οἳ
1591 1869 1671 1906 ἴδιοι
1689 1866 1793 1905 αὐτὸν
1811 1868 1849 1904 Οῧ
1869 1866 2082 1919 παρέλαὸθν·
2100 1869 2216 1905 Τοῦτο
2236 1867 2270 1906 δὲ
2299 1869 2361 1905 οὐκ

277 1941 337 1991 qui
355 1940 497 1978 Christo
525 1953 593 1976 non
615 1937 727 1976 credit
739 1967 750 1986 ,
771 1951 840 1975 non
859 1936 966 1974 modo
985 1951 1052 1975 non
1082 1938 1150 1990 ipsi
1162 1968 1173 1987 ,
1201 1938 1263 1976 sed.

278 2017 388 2053 neque
397 2001 493 2039 Patri
506 2000 663 2050 credere,
678 1999 906 2050 quamobrem
916 1998 1050 2050 adjicit:
1063 2000 1124 2036 54.
1142 2001 1263 2051 Quem

277 2067 378 2101 enim
399 2065 500 2101 misit
514 2063 633 2108 Deus,
653 2061 776 2098 verba
794 2061 871 2097 Dei
887 2059 1070 2111 loquitur.
1093 2060 1187 2107 Quia
1208 2075 1261 2099 er-

277 2139 322 2176 go
343 2124 451 2163 verba
479 2124 553 2175 ejus
582 2122 741 2173 loquitur
754 2151 764 2171 ,
784 2130 818 2159 et
839 2120 983 2159 credens
1006 2121 1059 2159 illi
1087 2120 1210 2171 credit,
1229 2132 1263 2161 et

277 2186 481 2224 incredulus
502 2185 556 2222 illi
576 2198 646 2222 non
665 2183 788 2221 credit.
806 2182 905 2220 Illud
920 2192 1054 2233 autem,
1074 2185 1261 2235 Obsigna-

279 2251 344 2293 vit,
358 2247 395 2285 id
417 2255 482 2296 cst,
504 2244 678 2283 Ostendit.
698 2245 890 2294 Postquam
905 2243 982 2281 haec
1000 2243 1094 2282 dixit
1104 2253 1137 2282 et
1150 2245 1260 2283 timo-

276 2323 349 2346 rem
368 2307 481 2357 auxit,
492 2306 638 2358 adjicit:
660 2307 760 2356 Quia
776 2306 880 2343 Deus
899 2318 1025 2342 verax
1044 2314 1099 2343 est
1110 2323 1125 2351 ,·
1150 2305 1261 2356 sigui-

274 2371 396 2417 ficans,
417 2368 593 2407 neminem
610 2381 714 2419 posse
730 2366 783 2404 illi
803 2379 873 2403 non
901 2365 1054 2415 credere,
1076 2365 1144 2404 nisi
1162 2381 1258 2404 men-

273 2433 365 2470 dacii
382 2439 508 2482 arguat
526 2431 643 2467 Deum
659 2428 720 2479 qui
741 2427 839 2466 misit
855 2427 984 2479 ipsum.
1002 2428 1180 2474 Quoniam
1198 2428 1261 2480 igi-

276 2504 332 2531 tur
347 2493 436 2531 nihil
462 2501 561 2530 extra
583 2505 622 2528 ea
639 2504 718 2541 quae
739 2498 821 2527 sunt
841 2488 956 2526 Patris
973 2488 1060 2526 dicit
1079 2490 1258 2542 Christus,

275 2555 337 2593 sed
355 2554 473 2592 onmia
492 2553 589 2591 illius
603 2560 709 2602 sunt,
730 2549 792 2601 qui
812 2549 931 2602 ipsum
955 2563 1024 2587 non
1044 2550 1157 2599 audit,
1180 2551 1260 2590 mit-

1333 1932 1437 1969 οώτοῦ
1454 1931 1634 1982 ἔγκλημα,
1654 1928 1746 1967 ἀλλὰ
1771 1931 1841 1966 τῶν
1869 1928 1917 1979 μὴ
1938 1928 2132 1980 δεξαμένων
2150 1929 2358 1981 κατηγορία.

1332 1992 1377 2031 ‘O
1410 1990 1529 2029 λαθὼν
1563 1992 1666 2028 αὐτοῦ
1688 1988 1752 2036 τὴν
1785 1988 1991 2041 μαρτυρίαν,
2023 1989 2230 2041 ἐσφράγισεν
2262 1989 2314 2028 ὅτι
2343 1992 2362 2027 6

1332 2053 1421 2095 Θεὸς
1449 2050 1581 2098 ἀληθής
1600 2052 1707 2088 ἐστιν.
1724 2050 1900 2088 Ἐνταῦθα
1922 2048 2043 2093 αὐτοὺς
2071 2049 2130 2088 καὶ
2149 2050 2268 2102 φοὸεῖ·
2290 2050 2361 2088 δεί-

1330 2129 1430 2152 κνυσι
1442 2112 1522 2165 γὰρ,
1537 2111 1589 2150 ὅτι
1608 2114 1626 2149 6
1644 2111 1692 2162 μὴ
1712 2110 1824 2164 τούτῳ
1842 2110 2031 2158 πιστεύων,
2051 2112 2113 2149 οὐκ
2132 2113 2225 2164 αὐτῷ
2246 2111 2360 2162 μόνον,

1332 2174 1423 2212 ἀλλὰ
1442 2173 1501 2212 καὶ
1520 2175 1570 2224 τῷ
1587 2171 1704 2224 Πατρὶ
1718 2173 1870 2210 ἀπιστεῖ.
1885 2174 1949 2209 Διὸ
1968 2171 2026 2210 καὶ
2048 2172 2170 2224 ἐπάγει
2183 2188 2191 2196 ·
2209 2171 2279 2211 ζῸν
2294 2172 2361 2224 γὰρ

1333 2235 1536 2273 ἀπέστειλεν
1555 2236 1572 2270 ὁ
1590 2234 1696 2278 Θεὸς,
1718 2232 1761 2269 τὰ
1782 2232 1924 2283 ῥήματα
1939 2236 1998 2270 τοῦ
2017 2235 2109 2271 Θεοῦ
2126 2235 2237 2270 λαλεῖ.
2259 2233 2360 2271 Ἐπεὶ

1329 2289 1388 2333 οῦν
1408 2295 1452 2333 τὰ
1470 2293 1599 2332 ἐκείνου
1618 2293 1824 2344 φθέγγεται,
1852 2292 1873 2329 δ’
1895 2308 1932 2330 τε
1966 2292 2153 2341 πιστεύων,
2172 2293 2193 2331 ὅ
2211 2309 2249 2330 τε
2276 2295 2358 2332 ἀπι-

1329 2358 1433 2404 στῶν,
1449 2354 1569 2406 ἐκείνῳ
1585 2353 1644 2392 καὶ
1656 2352 1814 2390 πιστεύει
1830 2352 1890 2390 καὶ
1907 2354 2060 2391 ἀπιστεῖ.
2074 2352 2127 2390 Τὸ
2143 2353 2192 2398 δὲ,
2206 2354 2361 2405 Ἒσφρά-

1327 2437 1437 2474 γισεν,
1455 2420 1580 2465 ἔδειξέν
1605 2421 1710 2458 ἐστιν.
1732 2416 1855 2461 Οὕτως
1874 2417 1981 2456 εἰπὼν
2002 2418 2060 2456 καὶ
2079 2418 2130 2456 ἔτι
2149 2418 2259 2464 αὔξων
2279 2419 2359 2457 (Ῑτὸν

1329 2483 1449 2536 φόὸον,
1470 2481 1698 2534 προστίθησιν·
1715 2496 1722 2504 ·
1742 2478 1829 2517 ‘'O‘tt
1849 2481 1866 2516 6
1885 2480 1973 2522 Θεὸς
2000 2479 2132 2526 ἀληθής
2163 2481 2256 2517 ἐστι·
2285 2482 2357 2518 δει-

1329 2543 1430 2591 κνὺς,
1451 2546 1497 2586 ὡς
1514 2543 1554 2580 ἂν
1574 2542 1686 2584 ἄλλως
1705 2556 1756 2584 τις
1779 2540 1984 2586 ἀπιστήσειε
2000 2539 2112 2592 τούτῳ
2130 2570 2139 2586 ,
2161 2543 2189 2578 εἷ
2211 2541 2259 2591 μὴ
2277 2543 2359 2593 ψεῦ-

276 2625 405 2655 tentem
430 2616 570 2651 Patrem
589 2627 657 2651 non
683 2612 793 2650 audit.
815 2610 945 2651 Viden’
968 2612 1145 2662 quomodo
1166 2613 1261 2665 ipsos
1284 2615 1308 2646 C
1334 2607 1390 2648 δος
1403 2603 1593 2655 καταγνοίη
1613 2606 1673 2640 τοῦ
1698 2601 1900 2653 πέμψαντος
1919 2602 2023 2639 αὗτὸν
2041 2604 2145 2640 Θεοῦ-
2163 2602 2265 2641 ’Emi
2285 2604 2360 2641 τοί-

278 2693 339 2730 per
365 2677 440 2714 haee
469 2674 574 2712 etiam
603 2673 794 2726 percellat?
824 2672 1001 2710 Hactenus
1042 2673 1135 2712 enim
1170 2675 1259 2713 nihil

278 2752 385 2791 grave
412 2736 583 2789 putabant
611 2748 683 2773 esse
702 2734 884 2772 Christum
913 2747 983 2771 non
1016 2734 1150 2773 audire.
1176 2735 1260 2774 Ideo

278 2810 415 2839 tantum
431 2797 628 2851 periculum
649 2795 839 2833 incredulis
863 2795 1064 2848 impendere
1085 2797 1260 2847 ostendit,

280 2871 318 2900 ut
335 2861 469 2899 discant
485 2857 668 2896 Christum
684 2870 751 2893 non
769 2856 890 2894 audire
909 2856 1064 2909 idipsum
1081 2871 1154 2896 esse
1166 2860 1263 2910 quod

278 2925 394 2961 Deum
416 2933 484 2958 non
512 2917 649 2955 audire.
674 2915 810 2954 Deinde
835 2917 1083 2968 prosequitur,
1106 2919 1264 2959 imbecil-

280 2983 369 3021 litati
390 2980 516 3020 mentis
542 2992 663 3017 eorum
692 2991 728 3015 se
755 2985 1013 3029 attemperans,
1034 2979 1090 3017 his
1119 2981 1261 3020 verbis:

281 3046 369 3081 Non
391 3045 493 3081 enim
517 3041 570 3079 ad
596 3050 816 3077 mensuram
835 3038 902 3075 dat
929 3039 1033 3077 Deus
1062 3040 1258 3096 Spiritum,

282 3108 429 3153 Rursus,
449 3113 488 3141 ut
508 3101 598 3150 dixi,
614 3098 797 3138 humiliori
819 3098 924 3136 modo
940 3099 1111 3150 loquitur,
1133 3104 1183 3142 sic
1199 3120 1259 3145 va-

325 3245 336 3255 ¹*
355 3232 414 3265 Alii
440 3238 469 3265 ἐκ
497 3241 553 3265 τῶν
577 3234 658 3272 μετὰ
684 3235 789 3262 ταῦτα.
816 3228 891 3259 Mox
913 3228 1024 3260 Morcl.
1054 3232 1100 3263 διὰ.
1127 3239 1213 3266 τοῦτο
1240 3236 1287 3267 οὖν

286 3300 411 3322 {xitum--

326 3349 337 3361 ³¹
357 3342 432 3378 ἐμοὶ.
452 3340 498 3367 καὶ
516 3337 562 3367 διὰ
587 3339 673 3366 τοῦτο
702 3336 749 3364 καὶ
776 3337 821 3364 νῦν
848 3336 941 3372 ἔλεγε,
969 3336 1018 3365 καὶ
1046 3340 1096 3370 τήν
1118 3335 1163 3366 sic
1184 3336 1282 3368 Snvil.

283 3387 381 3421 Paulo
400 3394 472 3429 post
489 3384 602 3417 Morol.
623 3388 775 3425 μονονουχὶ
793 3384 1041 3425 ἀπολογούμενος.

1330 2681 1388 2704 νυν
1405 2665 1503 2703 οὐδὲν
1523 2664 1621 2706 ἐκτὸς
1639 2663 1708 2700 τῶν
1737 2665 1796 2699 τοῦ
1818 2661 1958 2713 Πατρὸς
1976 2660 2090 2712 λέγει,
2117 2662 2206 2699 ἀλλὰ
2239 2664 2355 2701 πάντα

1328 2727 1372 2766 τὰ
1392 2726 1523 2764 ἐκείνου
1538 2755 1547 2773 ,
1564 2728 1581 2763 6
1599 2722 1809 2776 παρακούων
1825 2722 1946 2760 τούτου
1958 2751 1967 2768 ,
1983 2725 2043 2760 τοῦ
2064 2722 2265 2774 πέμψαντος
2286 2739 2353 2762 πα-

1331 2788 1509 2841 ρήκουσεν.
1531 2785 1640 2837 Ὁρᾷς
1667 2787 1742 2827 πῶς
1773 2782 1894 2826 αὐτοὺς
1919 2783 1977 2820 καὶ
1998 2782 2055 2820 διὰ
2080 2783 2212 2821 τούτων
2244 2801 2355 2822 κατα-

1331 2849 1499 2895 πλήττει;
1516 2846 1615 2889 Τέως
1630 2845 1697 2897 γὰρ
1716 2844 1812 2882 οὐδὲν
1837 2843 1926 2894 μέγα
1957 2843 2114 2894 ἐνόμιζον
2137 2838 2225 2882 εἶναι
2243 2861 2359 2897 παρα-

1335 2918 1457 2953 κοῦσαι
1487 2916 1546 2951 τοῦ
1576 2914 1740 2964 Χριστοῦ.
1762 2910 1829 2949 Διὰ
1855 2913 1956 2949 τοῦτο
1974 2911 2184 2956 τηλικοῦτον
2206 2912 2360 2950 κίνδυνον

1333 2979 1551 3030 ἐπεκρέμασε
1569 2983 1639 3021 τοῖς
1659 2976 1838 3023 ἀπίστοις,
1859 2975 1913 3014 ἵνα
1932 2975 2089 3026 μάθωσιν
2107 2976 2160 3015 ὅτι
2177 2979 2283 3016 αὐτοῦ
2301 2982 2360 3017 τοῦ

1332 3049 1423 3086 Θεοῦ
1456 3044 1713 3097 παρακούουσιν
1747 3045 1778 3081 οἳ
1812 3045 1871 3081 τοῦ
1905 3044 2058 3094 Χριστοῦ
2091 3043 2359 3096 παρακούοντες.

1335 3102 1424 3146 Εἶτα
1443 3107 1501 3144 καὶ
1520 3104 1741 3157 ἐπεξέρχεται
1760 3107 1808 3156 τῷ
1828 3105 1921 3156 λόγῳ
1941 3104 2073 3157 τούτῳ,
2093 3108 2106 3123 ‘³
2118 3106 2202 3157 πρὸς
2232 3106 2272 3144 τὸ
2300 3122 2360 3144 τα-

1398 3236 1413 3259 b
1437 3233 1537 3266 Savil.
1560 3237 1707 3275 νομίσητε.
1732 3231 1846 3263 Morel.
1877 3246 1906 3265 νο

1353 3290 1466 3331 ἑώρακε
1487 3289 1580 3319 λαλεῖ.
1602 3289 1698 3318 ταῦτα.
1712 3287 1753 3317 δέ.

1912 3238 2003 3266 ulem.
2032 3229 2120 3263 Ibid.
2147 3230 2246 3264 Savil.
2268 3238 2287 3266 ἁ
2304 3239 2359 3277 γὰρ

1908 3262 1912 3274 Δ

1395 3348 1407 3361 0
1428 3336 1540 3369 Morcl.
1558 3341 1656 3381 ὥσπερ
1674 3337 1721 3369 οὖν
1735 3338 1783 3368 καὶ
1797 3342 1848 3368 τοῦ
1865 3339 2034 3377 sict-syndon)
2049 3339 2223 3379 ἀρχόμενος,

1397 3389 1409 3407 ‘¹
1426 3387 1525 3422 Saril.
1546 3393 1594 3422 τὸν
1611 3391 1714 3431 ‘flego-a,
1731 3391 1812 3430 φησὶν
1828 3390 1885 3420 ὅτι.
