2481 3678
684 210 724 239 IN
762 210 967 240 JOANNFM
1007 209 1168 238 IIOMIL.

143 293 245 343 μοναὶ
266 293 391 331 πολλαί
412 294 511 331 εἰσιν.
531 291 668 343 Ὥσπερ
691 293 748 331 τὸν
774 293 907 344 Πέτρον
927 291 1076 329 ἀλύοντα
1095 305 1160 327 πα-

144 358 347 406 ραμυθεῖται
377 352 497 404 λέγων·
526 352 787 398 Ἀκολουθήσεις
818 352 852 390 δὲ
886 351 1050 403 ὕστερον·
1073 348 1162 387 οὕτω

142 415 201 453 καὶ
227 414 360 457 τούτοις
391 414 522 459 ταύτην
542 413 604 460 τὴν
637 413 761 452 ἐλπίδα
780 412 976 465 ὑποφαίνει.
999 410 1077 449 Ἵνα
1095 409 1162 460 γὰρ

144 476 192 527 μὴ
209 475 395 526 νομίσωσιν
416 474 536 527 ἐκείνῳ
557 474 650 527 μόνῳ
670 475 733 521 τὴν
754 472 962 525 ἐπαγγελίαν
983 471 1163 517 δεδόσθαι,

142 537 266 588 φησίν·
286 537 346 574 Ἔν
378 539 420 586 τῇ
453 535 545 588 οἰκία
564 540 623 573 τοῦ
656 535 795 588 Πατρός
819 549 883 585 μου
916 532 1017 583 μοναὶ
1035 529 1164 569 πολλαί

143 600 239 636 εἰσιν.
270 598 314 635 Εἰ
343 597 377 635 δὲ
404 596 473 647 μὴ,
496 590 589 635 εἷπον
611 596 650 634 ἂν
670 599 764 646 ὑμῖν,
783 593 1000 646 επορεύομαι
1022 591 1164 641 ἑτοιμά-

143 674 202 697 σαι
222 657 326 695 τόπον
356 660 457 708 ὑμῖν·
487 657 677 704 τουτέστιν,
708 656 763 694 ὅτι
796 655 854 693 καὶ
885 657 975 704 ὑμᾶς
1001 655 1129 695 ἐκεῖνος
1148 654 1166 689 ὃ

142 721 255 771 γῶρος
281 718 414 762 δέξεται
437 721 454 755 ὁ
480 718 616 756 καὶτὸν
637 716 785 768 Πέτρον.
810 714 969 766 Ἀφθονία
1001 713 1068 766 γὰρ
1094 716 1166 751 ἐκεῖ

142 765 253 826 πολλὴ
272 778 512 831 καταγωγίων,
531 779 590 816 καὶ
614 779 675 815 οὐκ
694 776 743 814 ἔνι
762 779 870 813 εἰπεῖν
891 775 943 812 ὅτι
963 774 1167 825 ἑτοιμασίας

143 842 263 879 δεῖται.
284 839 431 886 Ἐπειδὴ
451 839 518 890 γὰρ
543 832 649 886 εἶπεν,
681 839 734 875 Οὐ
760 836 903 875 δύνασθέ
927 852 985 886 μοι
1007 841 1063 874 νῦν
1085 839 1165 874 ἀκο-

142 903 331 949 λουθῆσαι,
352 901 407 938 ἵνα
437 899 484 950 μὴ
510 899 697 950 νομίσωσιν
724 901 771 942 εἰς
797 898 894 942 τέλος
912 897 1161 949 Ῑέκκεκόφθαι,

142 962 335 1013 ἐπήγαγεν·
357 959 457 1008 Ἵνα,
476 960 560 998 ὅπου
592 959 661 1012 ἐγώ
690 962 782 1010 εἰμι,
802 959 860 997 καὶ
880 961 977 1009 ὑμεῖς
1000 960 1070 997 ἐκεῖ
1089 953 1166 1007 ἦτε.

144 1022 329 1069 Τοσαύτην
341 1020 427 1074 ὑπὲρ
448 1025 507 1059 τοῦ
527 1021 732 1073 πράγματος
750 1020 871 1059 τούτου
892 1020 1088 1071 πεποίημαι
1106 1021 1169 1068 τὴν

146 1083 312 1130 σπουδὴν,
344 1084 396 1121 ὅτι
426 1083 492 1130 ἤδη
526 1083 564 1120 ἂν
586 1082 707 1120 τούτου
729 1081 909 1134 ἐγενόμην,
937 1084 966 1119 εἰ
990 1082 1038 1133 μὴ
1061 1082 1171 1120 πάλαι

146 1147 225 1194 ὑμῖν
245 1143 520 1193 παρεσκεύαστο,
543 1143 674 1187 δεικνὺς
701 1143 754 1182 ὅτι
784 1142 916 1194 σφόδρα
951 1142 1074 1187 αὐτοὺς
1101 1144 1170 1197 χρὴ

147 1206 283 1257 θαρρεῖν
302 1205 361 1243 καὶ
385 1205 598 1244 πεποιθέναι.

201 1259 290 1303 Εἶτα
311 1265 366 1303 ἵνα
388 1265 436 1316 μὴ
470 1266 548 1318 δόξῃ
575 1265 695 1318 ὥσπερ
724 1269 946 1320 ψυχαγωγῶν
967 1267 1090 1312 αὐτοὺς
1114 1267 1176 1306 λε’-

147 1343 234 1378 γειν,
258 1326 347 1365 ἀλλὰ
368 1328 601 1366 πιστεύσωσιν
617 1327 669 1365 ὅτι
690 1328 796 1371 οὕτως
812 1329 917 1376 ἐστὶν,
941 1329 1086 1381 ἐπάγει·
1108 1328 1178 1366 Καὶ

149 1386 232 1424 ὅπου
254 1386 378 1437 ὑπάγω
399 1387 514 1425 οἴδατε
528 1417 537 1434 ,
555 1387 614 1425 καὶ
640 1388 704 1434 τὴν
724 1389 800 1426 ὁδὸν
829 1388 956 1427 οἴδατε.
976 1389 1085 1441 Ὁρᾷς
1103 1392 1177 1431 πῶς

149 1447 286 1485 δίδωσιν
307 1449 421 1491 αὑτοῖς
442 1448 615 1492 ἀπόδειξιν
631 1453 691 1486 τοῦ
715 1449 761 1498 μὴ
781 1450 900 1492 ἁπλῶς
917 1454 1027 1487 ταῦτα
1049 1456 1063 1471 ³
1081 1453 1175 1504 εἰρῆ-

149 1513 247 1556 σθαι,
265 1511 379 1547 Τοῦτο
395 1509 430 1548 δὲ
446 1509 561 1561 λέγει,
579 1511 654 1549 ἐπεὶ
672 1512 823 1549 συνεῖδεν
844 1514 956 1549 αὐτῶν
977 1512 1040 1558 τὴν
1061 1512 1176 1564 ψυχὴν

148 1574 250 1608 τοῦτο
271 1570 391 1608 λοιπὸν
423 1573 593 1617 ζητοῦσαν
623 1575 755 1622 μαθεῖν.
773 1571 818 1610 ‘O
850 1570 911 1622 μὲν
944 1572 1010 1625 γὰρ
1043 1573 1177 1624 Πέτρος

150 1634 215 1684 οὐχ
239 1632 324 1684 ὑπὲρ
347 1636 405 1670 τοῦ
428 1636 560 1683 μαθεῖν,
582 1634 658 1670 ἀλλ’
679 1633 768 1671 ὥστε
792 1635 1043 1683 ἀκολουθῆσαι,
1062 1636 1176 1686 ἔλεγεν

150 1692 236 1745 ὅπερ
265 1692 392 1744 ἔλεγεν.
414 1693 559 1741 Ἐπειδὴ
589 1693 624 1732 δὲ
656 1695 850 1746 ἐπετιμήθη
886 1696 1035 1743 ἐκεῖνος,
1070 1696 1129 1733 καὶ
1161 1695 1178 1733 ὃ

151 1752 236 1795 τέως
267 1753 433 1790 ἀδύνατον
458 1752 569 1791 ἐδόκει
588 1747 696 1800 εἶναι,
718 1754 859 1791 δυνατὸν
891 1752 993 1797 αὐτὸς
1009 1752 1178 1806 ”cinnae-rs,-

153 1829 253 1861 νατο,
275 1813 441 1851 ἀδύνατον
462 1813 496 1852 δὲ
523 1813 640 1866 φανὲν,
670 1817 717 1857 εἷς
739 1814 924 1866 ἐπιθυμίαν
943 1814 1046 1853 αὐτὸν
1067 1815 1177 1867 ἤγαγε

154 1878 212 1913 τοῦ
242 1878 369 1925 γνῶναι
391 1874 480 1925 μετὰ
510 1875 689 1927 ἀκριέείας
720 1875 824 1913 αὐτό·
846 1876 902 1914 διὰ
928 1881 1028 1914 τοῦτο
1046 1876 1179 1921 τούτοις

155 1935 239 1987 φησί
252 1951 258 1958 ·
272 1935 342 1973 Καὶ
359 1935 421 1981 τὴν
439 1935 513 1974 ὁδὸν
531 1936 661 1974 οἴδατε.
672 1935 812 1990 ἱὨσπερ
829 1936 896 1989 γὰρ
913 1936 1034 1985 εἰπὼν,
1051 1938 1178 1990 Ἀπαρ-

153 1997 242 2049 νήσῃ
265 2013 328 2047 με,
350 1997 495 2047 μηδενὸς
516 1997 623 2048 μηδὲν
642 1998 968 2050 προφθεγξαμένου,
992 1998 1050 2036 καὶ
1077 1998 1120 2036 τὰ
1145 2001 1179 2037 ἐν

153 2063 196 2111 τῇ
226 2059 351 2111 καρδίᾳ
366 2061 511 2111 ἐρευνῶν
536 2059 634 2110 ἔλεγε
648 2088 657 2105 ,
678 2060 739 2107 Μὴ
759 2061 989 2112 ταράττεσθε·
1010 2059 1101 2098 οὕτω
1121 2061 1180 2098 καὶ

154 2122 301 2158 ἐνταῦθα
321 2120 439 2167 εἰπὼν,
457 2120 508 2158 ὅτι
528 2122 674 2169 Οἴδατε,
694 2122 757 2168 τὴν
773 2122 959 2173 ἐπιθυμίαν
977 2122 1100 2168 ἐδήλου
1115 2121 1179 2168 τὴν

154 2183 188 2219 ἐν
208 2185 251 2233 τῇ
270 2181 402 2233 διανοίᾳ
423 2184 548 2228 αὐτῶν,
568 2183 626 2220 καὶ
653 2183 754 2227 αὐτὸς
770 2185 884 2227 αὐτοῖς
904 2183 1023 2222 δίδωσι
1041 2183 1179 2236 πρόφα-

154 2258 207 2280 σιν
227 2247 286 2280 τοῦ
307 2244 495 2295 ἐρωτῆσαι.
520 2243 572 2281 Τὸ
601 2243 657 2291 δὲ,
682 2245 755 2281 Ποῦ
778 2244 942 2296 ὑποίγεις;
962 2245 1096 2297 Πέτρος
1117 2244 1179 2296 μὲν

154 2303 222 2341 ἀπὸ
251 2303 494 2355 φιλοστοργίας
525 2306 678 2352 πολλῆς,
713 2307 848 2356 Θωμᾶς
881 2306 916 2343 δὲ
952 2307 1021 2345 ἀπὸ
1053 2306 1181 2349 δειλίας

154 2364 258 2415 λέγει.
279 2364 412 2416 Κύριε,
448 2366 510 2402 οὐκ
535 2365 675 2416 οἴδαμεν
707 2372 773 2404 ποῦ’
801 2367 955 2419 ὑπάγεις.
976 2367 1046 2405 Τὸν
1075 2368 1180 2406 τόπον

155 2427 217 2463 οὐκ
237 2426 348 2476 ἴσμεν,
370 2426 473 2477 φησί·
495 2427 552 2464 καὶ
572 2427 634 2473 τὴν
663 2429 734 2465 ἐκεῖ
753 2427 925 2479 φέρουσαν
947 2429 1022 2466 ὁδὸν
1040 2431 1114 2473 πῶς
1130 2431 1182 2467 εἶ-

156 2487 311 2536 σόμεθα,
332 2487 400 2524 Καὶ
416 2486 479 2539 ὅρα
497 2489 571 2538 μεθ’
595 2487 677 2534 ὅσης
696 2490 902 2534 ὑποστολῆς.
920 2491 972 2527 Οὐ
987 2489 1054 2541 γὰρ
1074 2484 1183 2536 εἶπεν,

157 2546 231 2585 εἰπὲ
250 2550 333 2596 ἡμῖν
351 2546 408 2584 τὸν
421 2547 526 2585 τόπον
540 2563 547 2570 ·
569 2549 662 2596 ἀλλ’,
684 2550 761 2586 Οὐκ
779 2549 919 2600 οἴδαμεν
940 2555 1005 2588 ποῦ
1026 2551 1182 2602 ὑπάγεις.

157 2610 269 2646 Τοῦτο
288 2607 355 2659 γὰρ
375 2608 485 2646 πάλαι
504 2609 632 2653 πάντες
649 2613 770 2660 μαθεῖν
789 2610 922 2649 ὤδινον.
946 2613 990 2650 Εἰ
1011 2612 1078 2665 γὰρ
1099 2613 1184 2650 Ἰου-

157 2670 248 2706 δαῖοι
277 2669 461 2720 διηπόρουν
495 2670 699 2716 ἀκούοντες,
726 2672 840 2709 καίτοι
874 2688 912 2724 γε
937 2674 1184 2724 ἀπαλλαγῆναι

158 2731 261 2766 αὐτοῦ
285 2729 488 2780 βουλόμενοι
505 2761 514 2778 ,
529 2732 649 2783 πολλῷ
667 2734 798 2782 μᾶλλον
827 2736 858 2770 οἱ
883 2733 1058 2782 μηδέποτε
1079 2736 1181 2772 αὐτοῦ

157 2792 371 2841 χωρισθῆναι
402 2791 604 2842 βουλόμενοι
625 2797 746 2842 μαθεῖν
771 2793 905 2839 ἤθελον.
926 2794 1182 2833 Ἐδεδοίκεισαν

156 2849 217 2899 μὲν
238 2845 295 2887 οἶν
315 2851 417 2888 αὐτὸν
439 2853 614 2903 ἐρωτῆσαι
635 2855 817 2904 ,ἐρωτῶσι
837 2855 872 2892 δὲ
893 2854 987 2906 ὅμως
1003 2886 1012 2902 ,
1034 2862 1047 2877 ⁰
1060 2856 1130 2894 ἀπό
1145 2873 1183 2894 τε

155 2915 214 2948 τοῦ
236 2911 365 2949 πολλοῦ
384 2912 489 2951 πόθου
508 2914 566 2951 καὶ
579 2917 640 2960 τῆς
658 2915 821 2966 ἀγωνίας.
843 2917 889 2955 Τί
902 2911 959 2955 οῧν
977 2921 994 2956 ὁ
1015 2919 1182 2970 Χριστός,

156 2971 252 3023 Ἐγώ
285 2974 358 3023 εἶμι
377 2977 398 3020 ἡ
420 2974 494 3018 ὁδὸς
525 2975 583 3013 καὶ
604 2979 624 3022 ἡ
653 2977 800 3023 ἀλήθεια
826 2978 885 3016 καὶ
905 2982 925 3025 ἡ
949 2979 1033 3026 ζωή.
1058 2980 1184 3023 Οὐδεὶς

157 3033 296 3071 δύναται
323 3035 430 3072 ἐλθεῖν
461 3036 547 3089 πρὸς
565 3037 622 3075 τὸν
644 3039 809 3090 Πατέρα,
833 3042 863 3078 εἰ
884 3040 932 3091 μὴ
959 3042 1002 3078 δι’
1025 3044 1119 3092 ἐμοῦ.
1136 3042 1183 3080 Τί

156 3094 213 3137 οῧν
243 3101 304 3137 οὐκ
335 3101 459 3145 εὐθέως
491 3104 674 3155 ἐρωτηθεὶς
703 3105 800 3158 παρὰ
827 3111 886 3144 τοῦ
915 3108 1074 3160 Πέτρου,
1105 3111 1181 3148 Ποῦ

157 3167 317 3219 ὑπάγεις,
349 3162 456 3218 εἶπεν,
490 3170 558 3221 ἐγὼ
588 3172 673 3223 πρὸς
705 3173 762 3211 τὸν
790 3175 933 3226 Πατέρα
962 3176 1181 3228 πορεύομαι·

204 3282 216 3295 (“
235 3271 296 3303 Alii
312 3277 506 3318 πορεύςομαί.

204 3326 212 3348 ί
233 3324 346 3357 Morel.
365 3330 547 3372 ἐκκεκόφθαι,
567 3334 655 3363 τοῦτο
672 3332 733 3365 εἶπε
751 3336 798 3365 καὶ
820 3335 920 3375 ἐπάγει
936 3343 941 3349 “
962 3337 1018 3368 ἵνα..

204 3386 217 3399 ·'‹
235 3375 349 3410 Morel.
371 3383 500 3422 εἰρῆσθαι
521 3393 525 3397 “

548 3386 635 3415 ἐκεῖνο
654 3384 682 3415 δὲ
702 3385 790 3416 εἶπεν.

1209 208 1366 238 Lxxiu.
1411 195 1470 238 al.
1512 210 1648 240 Lxxu.

2128 199 2218 260 49⁷>

1237 303 1329 337 nere,
1350 289 1421 326 ait:
1442 292 1491 326 In
1510 291 1623 327 domo
1639 291 1771 328 Patris
1793 295 1866 327 mei
1886 295 2104 330 mansiones
2125 295 2222 331 rnul-

1240 357 1286 386 tae
1306 357 1418 394 sunt,·
1437 352 1470 387 .ςί
1490 363 1565 401 quo
1599 352 1744 397 minus,
1773 351 1955 388 dixissem
1979 354 2102 399 vobis,
2131 357 2223 405 quia

1239 410 1344 447 vado
1364 424 1506 461 parare
1541 413 1653 448 vobis
1679 412 1803 449 locum
1823 428 1833 447 .·
1863 411 1899 448 id
1919 420 1994 459 est,
2027 413 2132 459 Quod
2161 428 2223 453 vos

1239 469 1300 508 ille
1315 470 1412 508 locus
1431 481 1642 523 excepturus
1664 472 1708 509 sit
1728 472 1788 523 qui
1806 481 1838 509 et
1859 473 2017 510 Petrum.
2036 475 2127 511 Nam
2150 488 2225 513 ma-

1241 545 1307 582 gna
1326 531 1375 569 ibi
1395 541 1446 570 est
1465 533 1691 571 mansionum
1720 534 1835 586 copia,
1859 548 1923 571 nec
1938 543 2051 586 potest
2069 535 2141 572 dici
2167 536 2226 572 ille

1191 595 1215 624 Ε
1239 603 1412 645 apparatu
1428 608 1516 646 opus
1532 594 1672 632 habere.
1684 596 1779 643 Quia
1795 596 1889 633 enim
1906 595 2012 645 dixit,
2026 598 2114 634 lVon
2126 605 2228 648 pote—

1239 657 1308 692 stis
1319 669 1379 692 me
1388 658 1495 708 sequi
1509 657 1620 693 modo
1632 672 1646 700 ,·
1660 670 1703 693 ne
1726 666 1889 709 putarent
1905 658 2066 696 exclusos
2091 673 2127 696 se
2143 672 2228 707 esse,

1241 716 1361 754 addit:
1378 719 1413 754 5.
1439 719 1488 755 Ut
1505 721 1570 756 ubi
1584 732 1650 770 ego
1669 732 1767 766 snm,
1800 728 1835 757 et
1856 734 1926 757 vos
1953 723 2050 758 sitis.
2076 722 2228 760 Tantam

1241 778 1390 831 hujusce
1405 779 1455 817 rei
1476 794 1596 817 curam
1613 780 1739 830 habco,
1760 789 1799 818 ut
1815 780 1852 818 id
1871 782 1948 833 jam
1967 782 2137 834 fecissem,
2161 784 2228 821 nisi

1237 840 1313 891 jam
1331 839 1418 877 olim
1435 840 1537 878 vohis
1554 850 1792 892 praeparatum
1811 851 1920 881 esset:
1937 844 2124 883 ostendens
2137 845 2229 882 mul-

1242 909 1318 938 tum
1337 900 1423 953 ipsis
1441 914 1513 940 esse
1531 901 1727 940 fidendum.

1187 1114 1232 1138 (031

1200 1150 1224 1179 A

1303 1268 1339 1303 ²2.
1370 1266 1507 1305 Deinde
1544 1281 1587 1305 ne
1618 1268 1803 1307 videretur
1841 1270 1880 1308 id
1914 1270 2032 1309 dicere
2060 1273 2233 1312 adulandi

1250 1342 1368 1376 causa,
1390 1329 1453 1366 sed
1480 1329 1661 1368 crederent
1689 1345 1763 1368 rem
1788 1332 1837 1370 ita
1854 1347 1890 1371 se
1908 1333 2050 1384 hahere,
2081 1336 2202 1374 subdit
2227 1352 2233 1372 z

1249 1390 1286 1426 4.
1302 1392 1355 1427 Ec
1374 1405 1449 1442 quo
1468 1406 1535 1443 ego
1556 1394 1662 1430 vado
1682 1397 1802 1440 scitis,
1833 1403 1867 1432 et
1889 1399 1998 1434 viam
2024 1401 2143 1436 scitis.
2162 1400 2235 1438 Vi-

1251 1451 1330 1488 den’
1348 1452 1527 1501 quomodo
1553 1453 1714 1491 ostendat
1734 1454 1783 1491 cis
1802 1454 1878 1492 haee
1899 1470 1968 1494 non
1989 1459 2119 1496 frustra
2140 1458 2237 1497 dicta

1249 1514 1368 1551 fuisse.
1389 1515 1488 1552 Illud
1503 1529 1586 1554 vero
1607 1516 1711 1567 dicit,
1728 1518 1825 1567 quod
1843 1519 1948 1557 sciret
1967 1520 2048 1558 illos
2069 1521 2160 1560 lianc
2176 1537 2236 1560 cu-

1250 1590 1331 1627 pere
1355 1576 1532 1614 notitiam.
1563 1579 1654 1615 Nam
1677 1579 1804 1617 Petrus
1830 1594 1898 1618 non
1932 1581 2092 1620 discendi
2119 1599 2236 1635 causa,

1250 1637 1313 1675 sed
1341 1647 1380 1675 ut
1403 1648 1608 1689 sequeretur
1637 1654 1732 1689 eum,
1767 1642 1949 1693 superiora
1979 1643 2151 1695 loquutus
2176 1657 2238 1685 est.

1252 1700 1346 1746 Quia
1359 1715 1444 1740 vero
1465 1701 1666 1754 increpatus
1686 1702 1747 1740 ille
1762 1704 1894 1754 fuerat,
1919 1714 1952 1743 et
1972 1706 2115 1744 interim
2136 1708 2239 1746 Chri-

1255 1771 1328 1800 stus
1361 1762 1459 1814 quod
1493 1763 1715 1815 impossibile
1743 1764 1946 1815 videbatur,
1967 1768 2138 1819 possibile
2167 1785 2241 1808 esse

1253 1824 1483 1874 monstravit3
1507 1833 1539 1862 et
1563 1838 1647 1862 cum
1666 1825 1890 1878 impossibile
1914 1827 2111 1879 videretur,
2141 1832 2241 1884 eupi-

1205 1880 1227 1909 Β
1253 1886 1401 1924 ditatem
1417 1886 1540 1938 injecit
1554 1886 1646 1937 quid
1664 1887 1756 1926 illud
1775 1898 1862 1928 esset
1878 1892 2114 1941 cognoscendi
2134 1910 2143 1930 :
2161 1894 2241 1933 ideo

1252 1947 1300 1985 ait
1322 1947 1393 1985 illis
1414 1964 1422 1984 :
1445 1950 1499 1986 Et
1528 1951 1638 1986 viam
1665 1953 1785 1988 scitis.
1809 1951 1911 1989 Sicut
1931 1953 2027 1991 enim
2047 1955 2109 1992 ubi
2129 1955 2239 2005 dixit,

1250 2011 1318 2047 Me
1343 2012 1515 2061 negabis,
1539 2024 1622 2048 cum
1644 2025 1746 2049 nemo
1765 2013 1963 2064 quidquam
1988 2017 2159 2067 praefatus
2181 2033 2239 2057 es—

1250 2080 1315 2119 set,
1333 2080 1370 2108 ut
1385 2085 1463 2122 quae
1483 2071 1519 2108 in
1534 2071 1701 2110 cordibus
1714 2082 1812 2111 erant
1827 2085 2060 2123 scrutaretur,
2081 2078 2238 2129 addidit,

1250 2134 1311 2170 Ne
1330 2135 1537 2170 turbemini
1559 2149 1569 2169 :
1591 2133 1641 2171 ita
1655 2143 1688 2171 et
1706 2134 1774 2172 hoc
1792 2135 1885 2185 loco,
1904 2137 1968 2174 ubi
1983 2137 2091 2188 dixit,
2110 2140 2238 2186 Scitis,

1250 2193 1486 2245 cupiditatem
1507 2194 1618 2232 animi
1640 2209 1764 2232 eorum
1795 2196 2004 2248 declaravit,
2027 2209 2060 2237 et
2079 2200 2153 2252 ipse
2181 2201 2243 2239 dat

1251 2255 1322 2292 illis
1355 2254 1598 2305 interrogandi
1626 2257 1860 2295 occasionem.
1898 2259 1996 2297 Illud
2026 2275 2124 2311 vero,
2158 2264 2241 2314 Quo

1251 2318 1394 2354 vadis?
1420 2317 1545 2353 Petrus
1573 2331 1617 2353 ex
1639 2317 1675 2355 vi
1696 2318 1843 2367 amoris,
1866 2320 2024 2358 Thomas
2053 2337 2137 2360 vero
2168 2338 2241 2375 prae

1251 2378 1377 2415 timore
1396 2377 1496 2414 dicit.
1522 2377 1555 2414 5.
1580 2379 1760 2426 Domine,
1791 2383 1980 2419 nescimus
2008 2397 2082 2434 quo
2109 2386 2238 2423 vadis.

1254 2441 1390 2477 Locum
1404 2439 1594 2488 nescimus,
1615 2439 1745 2490 inquit,
1763 2442 1800 2477 E
1804 2450 1817 2478 t
1838 2445 2028 2492 quomodo
2040 2459 2243 2496 possumus

1254 2504 1365 2538 viam
1394 2503 1516 2538 seire?
1544 2500 1639 2539 Vide
1668 2516 1775 2551 quam
1806 2513 2013 2542 reverenter.
2043 2508 2121 2544 Non
2148 2509 2242 2547 enini

1205 2560 1227 2590 C
1254 2561 1364 2611 dixit,
1391 2561 1459 2598 Die
1478 2561 1579 2598 nobis
1598 2562 1737 2611 locum3
1761 2563 1836 2611 sed,
1855 2566 2056 2606 Nescimus
2076 2583 2151 2621 quo
2170 2585 2243 2609 va-

1255 2624 1328 2660 dis.
1350 2622 1426 2659 Hoc
1445 2621 1539 2659 enim
1553 2622 1629 2674 jam
1647 2622 1734 2660 olim
1753 2637 1873 2663 omnes
1892 2625 2027 2665 discere
2041 2630 2241 2681 cupiebant.

1254 2685 1346 2721 Nam
1366 2683 1395 2721 si
1415 2682 1532 2722 Judaei
1551 2682 1589 2719 id
1605 2683 1786 2722 audientes
1798 2686 1910 2723 animi
1921 2688 2135 2741 pendebant,
2154 2701 2243 2730 tam-

1255 2746 1321 2783 etsi
1351 2744 1540 2797 cupiebant
1567 2745 1671 2783 illum
1704 2746 1916 2799 abscedere,
1941 2750 2056 2789 multo
2075 2753 2188 2804 magis
2218 2755 2243 2792 ii

1254 2808 1315 2859 qui
1329 2822 1523 2859 numquam
1539 2808 1706 2846 volebant
1721 2809 1766 2846 ab
1782 2809 1845 2848 illo
1864 2813 2033 2863 separari,
2056 2814 2093 2852 id
2109 2815 2245 2855 discere

1255 2869 1456 2921 cupiebant.
1479 2869 1746 2907 Rev-erebantur
1761 2880 1879 2909 autem
1889 2872 1993 2912 illum
2011 2874 2241 2928 interrogare3

1254 2930 1472 2981 interrogant
1500 2939 1617 2968 tamen
1649 2940 1683 2969 et
1708 2946 1828 2971 amore
1862 2943 1896 2971 et
1928 2936 2104 2974 anxietate
2132 2939 2242 2978 ducti.

1254 2991 1355 3038 Quid
1379 3005 1463 3042 ergo
1490 2991 1678 3030 Christus?
1698 2994 1733 3031 6.
1752 2995 1837 3046 Ego
1864 3009 1948 3033 sum
1970 3000 2055 3047 via,
2078 3003 2240 3047 veritas,

1254 3062 1291 3091 et
1310 3056 1411 3091 vita.
1440 3054 1562 3091 Nemo
1584 3057 1695 3092 ‘venit
1720 3056 1775 3092 ad
1795 3057 1969 3103 Patrem,
1991 3061 2066 3096 nisi
2080 3075 2150 3111 per
2168 3076 2239 3099 me.

1255 3117 1334 3154 Cur'
1346 3129 1428 3167 ergo
1447 3115 1682 3167 interrogatus
1698 3131 1718 3153 a
1735 3117 1839 3155 Petro
1856 3132 1926 3168 quo
1942 3119 2022 3168 iret,
2039 3135 2107 3158 non
2125 3123 2243 3160 statim

1253 3176 1449 3230 respondit,
1483 3177 1561 3228 Ego
1594 3176 1640 3215 ad
1666 3178 1807 3215 Patrem
1833 3178 1941 3229 vade,
1968 3194 2030 3218 vos
2063 3196 2146 3220 vero
2174 3198 2241 3222 non

1281 3283 1297 3307 l›
1313 3279 1428 3313 Morel.
1448 3284 1564 3322 έῧειξευ.

1280 3344 1292 3358 ⁰
1309 3333 1370 3365 Alii
1398 3337 1453 3369 ὑπὸ
1478 3339 1530 3367 τοῦ
1559 3338 1680 3368 πολλοῦ.
1701 3334 1821 3375 [Pado
1846 3343 1922 3367 ante

1239 3395 1269 3419 et
1287 3386 1395 3419 Codd.
1417 3384 1598 3427 additam]

1943 3341 2089 3381 ἐρωτῆσαι
2107 3350 2122 3367 ‘²
2139 3339 2179 3371 Su
2188 3354 2196 3370 i
2208 3341 2241 3373 ii.

1992 3433 2041 3468 55
