2481 3678
296 200 385 244 5oo
746 214 783 244 s.
821 215 955 245 som&
965 214 997 244 {s
1034 216 1114 244 cun
1124 215 1272 244 rsos'r.

295 298 348 333 ad
365 297 526 333 Patrem
545 295 663 334 vado.
687 295 762 333 Hoc
795 304 859 344 est,
892 297 1060 335 Vestrum
1079 296 1144 334 crit
1169 296 1274 333 dein-

295 370 374 408 ceps
409 355 583 394 miracula
614 356 734 404 edere3
766 369 829 407 ego
867 356 961 394 enim
1002 356 1101 394 abeo.
1139 355 1276 394 Deinde

295 434 377 457 cum
398 419 600 471 perfecisset
628 433 668 457 ea
697 433 776 469 quae
797 433 910 457 sermo
932 418 1126 468 indicabat,
1156 419 1243 457 dicit
1265 435 1272 455 z

298 483 357 518 15.
378 483 653 534 Quodcumque
666 484 853 534 petieritis
874 485 915 518 in
931 485 1086 519 nomine
1099 497 1195 529 meo,
1211 496 1275 520 ao-

295 545 457 594 cipietis,
472 552 508 581 et
519 557 585 594 ego
596 544 841 597 lzocfitciam‚
860 546 953 580 utin
967 558 1027 581 me
1039 544 1139 595 glori
1138 544 1226 595 ficet
1232 558 1278 581 ur

295 605 429 642 Pater.
456 604 586 643 'Viden’
611 603 788 654 quomodo
805 618 947 642 rursum
962 604 1029 641 hoc
1045 604 1118 656 ipse
1143 604 1275 642 faciat?

296 666 558 718 Ego-facium,
584 664 713 716 inquit,
746 673 778 703 et
809 679 877 703 non
907 665 1013 714 dixit,
1041 665 1187 717 Rogabo
1211 666 1277 703 Pa-

295 736 385 764 trem
398 742 408 777 3
433 726 507 772 sed,
530 729 580 764 Ut
600 729 641 764 in
660 741 720 764 me
738 728 976 779 glorificetur
1005 729 1137 766 Pater.
1167 728 1276 778 Atqui

295 789 437 827 dicebat
451 788 538 826 alibi
555 804 562 824 :
583 790 690 826 Deus
719 789 952 842 glorificabit
973 804 1058 827 eum
1074 793 1115 827 in
1133 792 1253 843 seipso
1262 806 1275 835 ,-

295 851 354 888 hie
372 865 467 899 vero,
484 851 565 901 Ipse
584 850 799 901 glorificabit
819 852 968 888 Patrem.
993 852 1084 889 Cum
1102 851 1196 889 enim
1215 852 1277 888 Fi-

295 912 366 950 lius
383 925 511 963 magna
530 926 629 963 posse
645 910 942 963 deprehendetur,
964 911 1113 950 Genitor
1140 912 1278 963 glorifi-

175 979 282 1006 Clu-isti
297 974 446 1011 cabitur.
468 972 566 1019 Quid
585 972 653 1009 sibi
672 972 751 1011 vult
772 972 880 1019 illud,
903 975 952 1011 In
987 977 1142 1010 nomine
1170 978 1278 1010 meo?

94 1022 260 1049 ‘’¹¹⁴‘²⁰‘i¹²¹³'
298 1035 405 1082 Quod
424 1033 573 1086 apostoli
587 1032 766 1081 dicebant,
785 1034 834 1069 In
849 1035 1004 1069 nomine
1023 1034 1118 1070 Jesu
1135 1034 1279 1071 Christi

293 1109 403 1146 surge
421 1103 455 1131 et
476 1093 647 1130 ambula.
671 1092 802 1130 Omnia
829 1093 965 1144 quippe
994 1092 1094 1143 signa
1118 1107 1196 1143 quae
1226 1094 1279 1132 illi

93 1157 129 1183 A.
142 1162 161 1182 ‘-
185 1164 230 1184 Η·
295 1155 456 1203 edebant,
487 1154 562 1205 ipsc
594 1153 823 1205 operabatur,
859 1155 914 1190 Et
949 1167 1086 1191 manus
1118 1155 1281 1192 Domini

94 1206 142 1224 ²¹'
295 1226 377 1254 erat
398 1216 590 1254 cumillis.
617 1215 681 1252 44.
703 1215 789 1266 Ego
797 1215 969 1266 faciam,
995 1213 1121 1264 inquit.
1143 1214 1277 1254 Viden'

295 1277 562 1316 auctoritatem?
587 1290 665 1327 quae
685 1290 749 1327 per
761 1274 849 1312 alios
877 1274 980 1323 fiunt⁷
1013 1275 1088 1326 ipse
1122 1275 1225 1324 facit;
1248 1284 1281 1313 et

296 1354 374 1391 qua}
390 1354 453 1392 per
469 1353 519 1385 sc,
536 1353 604 1376 non
620 1337 760 1390 poterit,
772 1337 841 1374 nisi
859 1339 963 1375 Patre
975 1336 1051 1377 vim
1065 1337 1197 1376 dante?
1213 1338 1282 1377 Ec-

296 1401 375 1453 quis
408 1401 483 1439 haec
503 1399 659 1437 dixerit?
681 1400 754 1437 Cur
774 1398 842 1436 hoc
860 1397 1057 1436 secundum
1084 1399 1211 1451 ponit?
1232 1400 1283 1440 Ut

296 1478 399 1501 suum
420 1463 603 1501 confirmet
619 1476 830 1512 sermonem,
847 1470 880 1499 et
896 1461 1057 1499 ostendat
1081 1462 1199 1514 priora
1220 1477 1283 1514 per

296 1524 620 1577 attemperationcm
634 1522 826 1575 quamdam
848 1521 943 1561 dicta
963 1522 1083 1560 fuisse.
1099 1522 1198 1560 Illud
1218 1538 1281 1561 au-

297 1595 379 1634 tem,
399 1586 471 1623 Ad
487 1587 648 1622 Patrem
667 1584 787 1630 vado,
823 1582 860 1621 id
891 1592 955 1630 est,
977 1583 1056 1620 Non
1076 1597 1193 1634 pereo,
1221 1583 1282 1621 sed

298 1647 334 1684 in
353 1646 498 1699 propria
518 1645 691 1697 dignitate
710 1658 846 1693 maneo,
867 1653 900 1681 et
919 1644 955 1681 in
977 1644 1071 1682 caelis
1086 1659 1177 1682 sum.
1198 1645 1282 1684 Haec

297 1722 403 1760 porro
423 1707 542 1745 omnia
561 1707 633 1744 illis
652 1706 698 1745 ad
717 1705 992 1744 consolationem
1011 1705 1163 1743 dicebat.
1189 1707 1283 1754 Quia

297 1770 392 1806 enim
414 1768 585 1806 credibile
604 1777 677 1805 erat
697 1781 766 1816 eos,
783 1767 844 1817 qui
864 1766 1024 1805 nondum
1056 1769 1283 1806 resurrectio-

298 1828 352 1866 nis
366 1828 538 1865 rationem
556 1827 667 1879 probe
686 1835 867 1875 noverant,
883 1825 981 1862 triste
1000 1825 1138 1875 aliquid
1153 1826 1189 1863 in
1209 1826 1283 1865 ani-

298 1903 356 1925 mo
374 1901 525 1937 versare,
547 1887 627 1924 aliis
647 1887 742 1938 ipsos
766 1886 841 1923 haec
861 1885 1005 1923 daturos
1033 1900 1106 1923 esse
1135 1886 1283 1937 promit-

298 1950 355 1999 tit,
383 1949 517 1999 ubique
547 1963 672 1986 curans
705 1948 798 1996 illos,
821 1956 854 1985 et
873 1946 1060 1985 ostendens
1079 1962 1114 1985 se
1145 1962 1283 2000 semper

298 2024 439 2048 manere
446 2026 457 2060 3
481 2024 542 2046 nec
556 2022 697 2046 manere
709 2007 826 2058 modo,
843 2007 1020 2045 sedetiam
1037 2008 1204 2059 majorem
1220 2023 1282 2047 ex-

298 2071 498 2109 hibiturum
518 2084 553 2108 sc
575 2069 755 2109 virtutem.

350 2135 386 2171 5.
407 2133 604 2183 Sequamur
625 2145 707 2183 crgo
729 2131 845 2180 illum7
884 2139 917 2167 et
937 2144 1077 2168 crucem
1100 2130 1280 2169 tollamus.

297 2193 449 2233 Etiamsi
479 2193 575 2230 cuim
593 2192 691 2229 nulla
724 2191 769 2229 sit
788 2190 1030 2242 persequutio,
1060 2191 1205 2228 alterius
1230 2200 1282 2229 ta-

102 2267 166 2294 Cnl.
186 2267 214 2296 3.
232 2265 261 2295 5.
299 2269 377 2292 men
408 2253 534 2291 mortis
564 2262 702 2304 tempus
740 2250 847 2288 adest.
882 2251 1132 2304 frIorlificute‚
1156 2251 1281 2302 inquit,

299 2318 470 2353 membra
489 2323 636 2360 vestra,
655 2327 738 2366 quoe
757 2319 847 2350 sunt
878 2325 990 2362 super
1017 2320 1172 2349 terram.
1206 2312 1282 2350 Ex-

298 2377 519 2427 stinguamus
551 2388 634 2426 ergo
666 2372 997 2425 concupiscentiam,
1037 2372 1283 2424 opprimamus

171 2438 401 2488 sacrifi-iram,
434 2438 600 2476 tollamus
620 2436 805 2475 invidiam.
829 2435 904 2473 Hoc
922 2443 973 2472 est
1003 2434 1131 2473 vivum
1150 2435 1282 2473 sacrifi-

98 2499 183 2565 :iiiiii
208 2499 286 2566 ’ἓξὲξ
300 2499 394 2536 cium
418 2515 425 2535 ε
450 2498 547 2549 quod
565 2496 781 2535 sacrificium
808 2509 878 2533 non
913 2494 1043 2532 desinit
1067 2495 1103 2532 in
1118 2495 1282 2545 cinerem,

98 2577 152 2597 ,τινι
180 2572 288 2597 κιοι-ῑιῖ-
302 2576 367 2598 non
390 2561 424 2598 in
439 2562 577 2598 fumum
590 2558 822 2607 diffunditur⁷
840 2572 909 2595 non
920 2566 998 2608 eget
1012 2556 1119 2608 lignis
1135 2566 1167 2594 et
1187 2557 1281 2608 igne,

96 2614 286 2679 ]}¹‡J¹.5·v⁰¹⁰''i³
301 2624 355 2662 vel
375 2624 505 2675 gladio.
526 2625 651 2675 Ignem
667 2622 799 2674 qnippe
819 2621 927 2658 habet
953 2629 987 2658 et
1007 2619 1181 2671 gladium,
1200 2620 1282 2672 Spi-

127 2676 139 2689 ⁰
299 2685 409 2722 ritum
423 2694 596 2723 sanctum.
619 2684 696 2721 Hoc
718 2697 803 2721 usus
823 2681 959 2733 glzuli0‚
979 2680 1193 2719 circumcide
1208 2695 1281 2719 cor-

299 2747 354 2785 dis
385 2747 563 2798 superflua
597 2755 629 2783 et
657 2745 784 2793 aliena,
822 2743 919 2796 aperi
951 2743 1132 2782 obturatas
1164 2757 1278 2781 aures.

298 2807 417 2845 Morbi
434 2821 584 2856 namque
598 2815 630 2843 ct
648 2805 749 2843 malae.
771 2804 1062 2857 concupiscentiae
1082 2804 1194 2842 solent
1207 2818 1284 2843 vcr-

298 2872 343 2908 bo
363 2870 501 2908 aditum
520 2870 713 2906 obstruere.
738 2869 974 2907 Pecuniarum
999 2867 1284 2920 concupiscentia

298 2949 365 2972 non
386 2933 469 2971 sinit
487 2932 608 2970 andire
630 2932 778 2970 verbum
802 2931 846 2969 dc
873 2932 1093 2984 eleemosyna
1102 2947 1111 2980 ;
1144 2930 1283 2969 invidia

298 2994 465 3032 accedens
503 3001 596 3030 arcet
626 2992 826 3029 doctrinam
854 2992 899 3029 de
927 2992 1089 3040 caritat03
1120 2992 1284 3041 aliusque

297 3069 441 3093 rursum
460 3053 626 3104 ingruens
642 3052 786 3089 morbus
801 3052 957 3089 animuin
972 3051 1091 3089 reddit
1105 3051 1151 3089 ad
1166 3050 1285 3089 onmia

299 3117 506 3168 segniorem.
525 3114 712 3152 Tollamus
726 3126 807 3162 ergo
830 3112 940 3150 malas
966 3113 1282 3164 concupiscentias.

297 3181 391 3217 Nam
409 3176 543 3215 sufficit
561 3175 663 3221 velle,
683 3184 716 3212 et
748 3174 865 3211 omnia
899 3174 1190 3223 exstinguuntur.
1217 3174 1282 3219 Ne,

299 3254 429 3291 qnzeSO,
468 3236 559 3275 illud
598 3235 833 3283 astendunxus,
869 3234 1097 3285 pecuniarum
1129 3248 1281 3270 umorem

1313 214 1496 244 AnClnEP
1506 235 1513 244 .
1554 214 1884 245 CONSTANTmot‘
1894 235 1901 244 .

1346 295 1471 344 τέστιν,
1488 298 1584 346 ὑμῶν
1605 296 1677 334 ἐστὶ
1699 296 1819 335 λοιπὸν
1840 297 1878 335 τὸ
1898 299 2190 348 θαυματουργεῖν1
2214 299 2282 350 ἐγὼ
2298 300 2363 352 γὰρ

1347 356 1562 407 ἀπέρχομαι.
1587 350 1675 394 Εἶτα
1701 356 1821 403 ἐπειδὴ
1841 356 1965 403 ἤνυσεν
1993 356 2078 410 ὅπερ
2103 360 2121 395 ὃ
2149 358 2248 410 λόγος
2267 359 2365 397 {606-

1348 419 1444 466 λετο,
1463 417 1585 470 φησὶν,
1602 416 1655 455 ὅτι
1676 417 1724 455 ἰῸ
1745 417 1785 455 ἂν
1807 418 1973 465 αἰτήσητε
1991 421 2024 457 ἐν
2043 421 2092 471 τῷ
2116 419 2259 469 ὀνόματί
2280 435 2364 470 μου,

1348 479 1521 531 λήψεσθε,
1543 479 1601 518 καὶ
1621 478 1688 530 ἐγὼ
1703 483 1802 518 τοῦτο
1831 479 1987 529 ποιήσω,
2011 479 2067 518 ἵνα
2093 482 2127 518 ἐν
2161 481 2237 531 ἐμοὶ
2272 481 2366 525 δοξα-

1350 545 1413 593 σθῇ
1434 544 1451 578 ὁ
1471 540 1610 593 Πατήρ.
1634 539 1743 592 Ὁρᾷς
1767 542 1841 583 πῶς
1871 540 1975 579 πάλιν
1996 542 2094 584 αὐτὸς
2126 547 2218 580 ποιεῖ
2249 546 2367 589 τοῦτο,

1291 635 1338 662 437
1349 603 1495 650 Ποιήσω
1527 602 1606 654 γὰρ,
1639 601 1758 654 φησὶν,
1790 600 1871 652 ἐγώ.
1896 601 1965 639 Καὶ
1983 603 2043 640 οὐκ
2074 596 2180 652 εἶπεν,
2201 602 2284 648 ἀξιῶ
2311 604 2367 642 τὸν

1304 672 1328 700 Α
1350 663 1514 716 Πατέρα’
1535 663 1626 711 ἀλλ’,
1647 662 1725 701 Ἵνα
1747 662 1892 715 δοξασθῇ
1914 665 1947 701 ἐν
1970 663 2046 713 ἐμοὶ
2074 666 2091 701 ὁ
2107 665 2245 716 Πατήρ.
2271 670 2285 686 ³
2299 665 2365 704 Καὶ

1350 725 1417 777 μὴν
1439 727 1593 777 ἀλλαχοῦ
1611 724 1725 776 ἔλεγεν
1736 740 1743 748 ·
1755 724 1799 762 Ὁ
1812 724 1901 768 Θεὸς
1917 723 2052 768 δοξάσει
2072 725 2172 763 αὐτὸν
2189 728 2222 764 ἐν
2239 729 2367 780 ἑαυτῷ·

1349 790 1493 826 ἐνταῦθα
1513 787 1547 825 δὲ
1576 786 1674 830 αὐτὸς
1703 786 1836 830 δοξάσει
1865 786 1922 824 τὸν
1945 786 2101 838 Πατέρα.
2125 786 2238 826 εὈταν
2266 789 2332 841 γὰρ
2353 794 2370 828 ὁ

1349 849 1429 892 Υἱὸς
1461 848 1626 900 φαίνηται
1659 847 1794 898 μεγάλα
1828 846 2032 898 δυνάμενος,
2067 847 2319 895 δοξασθήσεται
2353 854 2370 889 ὁ

1347 908 1571 959 γεγεννηκώς.
1591 907 1639 947 Τί
1661 909 1698 947 δέ
1712 910 1816 955 ἐστιν,
1836 907 1897 946 Ἐν
1917 911 1967 961 τῷ
1983 908 2127 958 ὀνόματί
2148 926 2232 960 μου;
2254 909 2371 964 “On-sp

1349 973 1379 1008 οἱ
1406 969 1592 1008 ἀπόστολοι
1613 970 1755 1020 ἔλεγον,
1792 968 1853 1008 Ἑν
1884 972 1932 1022 τῷ
1962 969 2107 1020 ὀνόματι
2139 971 2254 1017 Ἰησοῦ
2284 974 2370 1024 Χρι-

1350 1035 1430 1069 στοῦ
1457 1030 1586 1080 ἔγειραι
1606 1031 1664 1068 καὶ
1689 1029 1885 1081 περιπάτει.
1902 1030 2025 1068 Πάντα
2043 1030 2110 1083 γὰρ
2146 1032 2190 1070 τὰ
2223 1040 2371 1084 σημεῖα,

1350 1090 1439 1141 ἅπερ
1461 1090 1641 1136 ἐποίησαν,
1663 1091 1762 1133 αὐτὸς
1791 1090 1948 1142 ἐνήργει,
1965 1090 2035 1128 Καὶ
2062 1092 2140 1143 χεὶρ
2172 1093 2298 1145 Κυρίου
2329 1089 2371 1141 ἦν

1353 1153 1428 1202 μετ’
1456 1153 1579 1188 αὐτῶν.
1600 1149 1695 1201 Ἐγὼ
1726 1150 1882 1196 ποιήσω,
1905 1151 2024 1203 φησίν.
2045 1152 2153 1204 ζΟρξίς
2174 1153 2372 1200 αὐθεντίαν,

1351 1212 1395 1250 τὰ
1415 1213 1457 1250 δι’
1478 1212 1591 1250 ἄλλων
1612 1212 1711 1254 αὐτὸς
1726 1217 1836 1249 ποιεῖ·
1855 1211 1900 1249 τὰ
1917 1212 1951 1249 δὲ
1972 1212 2014 1250 δι’
2035 1213 2137 1250 αὐτοῦ
2157 1214 2217 1251 οὐκ
2237 1214 2346 1265 ἰσχύει
2363 1244 2376 1265 ,

1353 1275 1429 1313 ἀλλ’
1448 1273 1513 1311 ὑπὸ
1538 1277 1597 1311 τοῦ
1617 1273 1755 1324 Πατρὸς
1776 1271 2029 1324 ἐνεργούμενος;
2047 1272 2118 1311 Καὶ
2136 1272 2188 1316 τίς
2206 1273 2245 1310 ἂν
2264 1278 2374 1312 ταῦτα

1353 1335 1583 1381 εἴποι;Τίνος
1617 1334 1652 1372 δὲ
1688 1334 1800 1372 ἕνεκεν
1835 1332 1991 1386 δεύτερον
2026 1333 2109 1372 αὐτὸ
2139 1333 2272 1382 τίθησι;
2302 1337 2372 1373 Βε-

1355 1396 1463 1434 &aazia
1480 1397 1537 1434 τὸν
1559 1399 1681 1434 ἑαυτοῦ
1700 1394 1814 1446 λόγον,
1834 1394 1892 1431 καὶ
1920 1394 2051 1438 δεικνὺς
2069 1394 2123 1434 ὅτι
2142 1394 2186 1433 τὰ
2220 1396 2373 1450 πρότερα

1307 1466 1329 1496 Β
1354 1457 1646 1508 συγκαταὸάσεως
1668 1451 1722 1503 ἦν.
1749 1455 1800 1495 Τὸ
1835 1455 1891 1504 δὲ,
1921 1456 2016 1507 Πρὸς
2048 1456 2105 1495 τὸν
2138 1457 2283 1509 Πατέρα
2312 1474 2375 1496 πο-

1354 1518 1517 1570 ρεύομαι,
1537 1517 1637 1556 τοῦτό
1659 1520 1751 1556 ἐστιν
1767 1532 1774 1540 ·
1795 1517 1856 1555 οὐκ
1883 1518 2098 1567 ἀπολοῦμαι,
2121 1517 2200 1555 ἀλλ’
2229 1519 2285 1557 ἐπὶ
2313 1521 2376 1565 τῆς

1353 1579 1481 1623 οἰκείας
1497 1578 1593 1623 ἀξίας
1614 1578 1723 1630 με’νω,
1745 1577 1804 1616 καὶ
1824 1580 1857 1616 ἐν
1880 1582 1951 1620 τοῖς
1971 1578 2125 1628 οὐρανοῖς
2144 1580 2228 1628 εἶμι.
2250 1578 2373 1617 Πάντα

1354 1640 1389 1678 δὲ
1422 1644 1531 1678 ταῦτα
1563 1638 1872 1692 παραμυθούμενος
1906 1636 2029 1680 αὐτοὺς
2067 1637 2194 1689 ἔλεγεν.
2227 1639 2373 1687 Ἐπειδὴ

1353 1701 1420 1754 γὰρ
1440 1703 1528 1744 εἰκὸς
1548 1695 1588 1748 ἦν
1613 1699 1733 1743 αὐτοὺς
1754 1699 1899 1750 μηδέπω
1926 1697 2004 1742 τοὺς
2031 1699 2110 1752 περὶ
2133 1703 2196 1746 τῆς
2225 1701 2375 1738 ἀναστά-

1355 1779 1440 1806 σεως
1461 1762 1593 1806 εἰδότας
1625 1761 1748 1812 λόγους
1776 1764 1899 1799 ἐννοεῖν
1935 1776 1968 1797 τι
1999 1761 2216 1811 σκυθρωπὸν,
2248 1762 2375 1813 ἑτέροις

1355 1824 1606 1875 ἐπαγγέλλεται
1630 1827 1773 1860 τοιαῦτα
1807 1821 1929 1860 δώσειν
1961 1820 2101 1868 αὐτοὺς,
2122 1827 2301 1874 πανταχοῦ
2322 1827 2376 1861 θε-

1357 1884 1514 1937 ραπεύων
1550 1883 1689 1930 αὐτοὺς,
1713 1883 1771 1922 καὶ
1806 1882 1937 1925 δεικνὺς
1969 1882 2022 1920 ὅτι
2058 1882 2152 1932 μένει
2189 1883 2375 1932 διηνεκῶς,

1354 1946 1413 1984 καὶ
1441 1946 1478 1983 οὐ
1515 1945 1608 1996 μένει
1647 1944 1761 1996 μόνον,
1791 1942 1881 1982 ἀλλὰ
1901 1943 1960 1981 καὶ
1999 1943 2138 1994 μείζονα
2170 1944 2375 1989 ἐπιδείξεται

1355 2006 1511 2057 δύναμιν.

1409 2130 1713 2180 Ἀκολουθήσωμεν
1750 2128 1864 2167 τοίνυν
1899 2130 1991 2181 αὐτῷ
2026 2128 2084 2166 καὶ
2117 2128 2283 2179 λοίὸωμεν
2317 2130 2374 2168 τὸν

1308 2207 1330 2237 c
1356 2193 1515 2245 σταυρόν.
1531 2194 1575 2230 Εἰ
1594 2191 1661 2243 γὰρ
1695 2190 1754 2229 καὶ
1775 2190 1822 2240 μὴ
1848 2190 1996 2242 πάρεστι
2025 2190 2188 2242 διωγμὸς,
2208 2191 2285 2228 ἀλλ’
2306 2190 2377 2228 ἑτέ-

1357 2268 1414 2305 ρου
1435 2253 1582 2304 πάρεστι
1603 2251 1748 2290 θανάτου
1775 2251 1904 2302 καιρός.
1927 2249 2136 2301 Νεκρώσατε
2166 2250 2252 2302 γὰρ,
2271 2250 2377 2302 φησὶ,

1355 2313 1397 2350 τὰ
1419 2313 1506 2363 μέλη
1527 2315 1623 2362 ὑμῶν
1641 2311 1684 2349 τὰ
1713 2311 1770 2349 ἐπὶ
1786 2314 1848 2356 τῆς
1868 2314 1941 2363 γῆς.
1957 2310 2147 2360 Σὸέσωμεν
2174 2304 2230 2348 οὖν
2260 2313 2378 2348 ἐπιθυ-

1357 2374 1453 2423 μίαν,
1473 2374 1730 2424 ἀποκτείνωμεν
1760 2373 1879 2423 θυμὸν,
1901 2371 2076 2422 ἀνέλωμεν
2108 2371 2241 2424 φθόνον.
2265 2373 2379 2410 Τοῦτό

1356 2438 1428 2474 ἔστι
1448 2434 1548 2473 θυσία
1569 2437 1675 2478 ζῶσα.
1692 2436 1768 2472 Οὐκ
1798 2435 1845 2476 εἷς
1873 2432 2000 2485 τέφραν
2038 2432 2123 2479 αὕτη
2145 2435 2166 2478 ἡ
2194 2431 2295 2471 θυσία
2321 2449 2378 2471 τε·

1353 2498 1481 2548 λευτᾷ,
1499 2495 1573 2534 οὐδὲ
1595 2498 1641 2538 εἰς
1660 2495 1790 2534 καπνὸν
1807 2495 2003 2545 διαχεῖται,
2024 2493 2098 2531 οὐδὲ
2119 2493 2225 2537 ξύλων
2247 2494 2377 2539 δεῖται,

1355 2557 1413 2596 καὶ
1430 2557 1556 2608 πυρὸς,
1579 2556 1638 2594 καὶ
1659 2556 1847 2608 μαχαίρας.
1868 2554 1973 2606 ’Έχει
1992 2554 2059 2606 γὰρ
2079 2559 2147 2606 πῦρ
2168 2554 2226 2593 καὶ
2247 2554 2378 2606 μάχαι-

1358 2634 1431 2670 ραν,
1469 2618 1508 2656 τὸ
1535 2619 1680 2668 Πνεῦμα
1701 2617 1740 2655 τὸ
1777 2617 1887 2668 ἅγιον.
1925 2615 2048 2667 Ταύτῃ
2087 2616 2310 2667 χρησάμενος
2335 2618 2377 2665 τῇ

1357 2679 1533 2731 μαχαίρᾳ,
1553 2679 1718 2732 περίτεμε
1742 2681 1804 2724 τῆς
1823 2677 1968 2730 καρδίας
1986 2676 2025 2714 τὸ
2045 2677 2206 2729 περιττὸν
2237 2677 2295 2716 καὶ
2317 2679 2377 2715 ἀλ·

1354 2741 1502 2792 λότριον,
1523 2739 1654 2783 ἄνοιξον
1674 2739 1713 2777 τὸ
1735 2739 1886 2789 μεμυκὸς
1904 2741 1966 2784 τῆς
1988 2739 2107 2784 ἀκοῆς.
2127 2738 2183 2775 Τὰ
2200 2737 2266 2791 γὰρ
2281 2738 2382 2784 νοσή-

1357 2818 1451 2853 ματα
1469 2802 1528 2840 καὶ
1541 2804 1575 2840 αἱ
1589 2800 1737 2852 πονηραὶ
1752 2799 1930 2850 ἐπιθυμίαι
1946 2798 2153 2851 ἐμφράττειν
2169 2798 2308 2836 εἰώθασι
2323 2803 2381 2836 τοῦ

1312 2884 1332 2912 1)
1354 2863 1460 2914 λόγου
1478 2862 1540 2909 τὴν
1562 2861 1704 2899 εἴσοδον.
1722 2860 1791 2898 Καὶ
1811 2859 1876 2911 γὰρ
1905 2859 2098 2911 χρημάτων
2120 2859 2286 2910 ἐπιθυμία
2300 2875 2382 2913 προ-

1355 2928 1493 2963 τεθεῖσα
1517 2925 1578 2962 οὐκ
1599 2922 1740 2974 ἀφίησιν
1773 2924 1919 2959 ἀκοῦσαι
1951 2921 2008 2959 τὸν
2038 2921 2118 2973 περὶ
2145 2920 2379 2972 ε’λεημοσύνης

1355 2987 1468 3039 λόγον,
1489 2985 1546 3023 καὶ
1581 2982 1751 3035 βασκανία
1783 2982 2050 3034 παραγενομένη
2084 2982 2286 3035 διατειχίζει
2319 2982 2381 3028 τὴν

1356 3047 1437 3098 περὶ
1456 3050 1518 3092 τῆς
1537 3045 1674 3096 ἀγάπης
1697 3042 1937 3090 διδασκαλίαν,
1957 3042 2016 3080 καὶ
2033 3042 2146 3095 ἕτερον
2162 3043 2300 3092 νόσημα
2315 3044 2381 3093 ἐμ-

1359 3108 1464 3146 πεσὸν
1500 3107 1603 3146 πάλιν
1633 3103 1846 3156 νωθροτέραν
1879 3104 1984 3151 αὐτὴν
2013 3104 2266 3147 κατασκευάζει
2296 3103 2382 3154 πρὸς

1359 3170 1488 3207 πάντα.
1512 3166 1701 3218 Ἀνέλωμεν
1714 3165 1825 3203 τοίνυν
1842 3165 1902 3208 τὰς
1920 3164 2072 3217 πονηρὰς
2093 3164 2286 3214 ἐπιθυμίας.
2309 3165 2378 3202 Καὶ

1356 3232 1421 3283 γὰρ
1444 3235 1542 3282 ἀρκεῖ
1563 3231 1723 3276 θελῆσαι,
1755 3228 1813 3266 καί
1834 3227 1947 3267 πάντα
1967 3227 2140 3265 ἔσέεσται.
2166 3226 2224 3271 Μὴ
2247 3225 2312 3278 γὰρ
2338 3226 2378 3272 δὴ

343 3393 353 3406 «ι
375 3381 411 3410 In
431 3377 627 3420 quibusdam
652 3376 737 3415 luz-v:
762 3379 807 3408 mi
830 3389 888 3414 μην
910 3376 1080 3413 nibzeh...
1103 3377 1150 3405 τὶν
1168 3378 1295 3414 maresa,
1321 3369 1452 3401 desunt.
