2481 3678
142 1710 155 1716 ,.
172 1697 240 1729 443-

145 1752 151 1758 ’
161 1740 240 1764 wilfst-

105 1799 108 1803 .
128 1788 172 1804 ¹11⁴.

51 2249 236 2289 J111111.l[¹..8

53 2742 152 2768 Exod.
166 2740 235 2777 42.

268 186 359 233 286
729 202 766 232 s.

265 285 339 322 Cur
355 292 470 321 autem
482 293 636 321 montem
653 297 745 321 nunc
760 282 861 332 adiit,
873 291 906 319 et
928 281 979 319 ibi
997 280 1139 319 sedebat
1159 294 1239 317 cum

264 343 476 397 discipulis?
504 345 565 383 Ol)
580 345 738 382 futurum
757 344 910 395 signum.
929 342 1036 390 Quod
1055 350 1172 379 autem
1189 340 1243 378 di-

264 408 394 460 scipuli
410 418 545 446 tantum
558 408 789 458 ascenderint,
808 408 868 445 illa
881 407 1003 460 populi
1018 421 1085 444 non
1100 420 1244 456 sequen-

262 468 309 506 tis
328 470 430 521 culpa
455 479 515 507 est.
537 471 659 519 Neque
671 466 738 506 licie
768 469 882 507 solum
902 469 946 506 de
967 483 1070 506 causa
1089 477 1243 505 montem

261 530 378 581 petiit,
397 530 457 568 sed
472 531 577 568 etiam
590 540 628 567 ut
647 544 708 567 nos
727 530 881 578 doceret,
901 530 1094 567 tumultum
1114 538 1147 566 et
1168 538 1243 566 tur-

261 591 342 629 bam
366 606 438 629 esse
455 592 650 640 vitandam,
674 601 778 643 atque
811 591 975 629 idoneam
1010 590 1244 642 philosophice

261 666 335 689 esse
355 653 593 690 solitudinem.
614 654 713 705 Saepe
736 661 853 690 autem
873 653 946 704 ipse
973 653 1068 690 solus
1089 661 1244 690 montem

261 713 430 761 ascendit,
454 723 486 751 et
511 723 691 766 pernoctat
716 728 833 762 orans,
860 723 897 751 ut
918 728 978 752 nos
1004 713 1140 763 doceat,
1163 727 1242 750 eum

261 774 320 824 qui
337 774 382 812 ad
399 776 515 813 Deum
530 775 678 825 accedit,
694 775 789 813 omni
804 775 963 812 tumultu
979 789 1134 812 vacuum
1153 789 1240 824 esse,

260 844 292 871 et
307 836 539 887 tranquillum
558 837 675 874 locum
697 850 851 887 qilccrere
868 835 1005 873 debere.
1040 838 1139 873 Erat
1174 850 1242 873 αιι-

261 905 336 934 tem
364 901 582 949 proximum
614 900 784 946 Pascha,
820 899 900 935 (lies
923 899 1056 950 sestias
1086 898 1241 936 Judoeo-

259 971 355 994 rum.
389 959 475 1008 Cur,
509 959 662 1009 inquies,
698 973 766 996 non
803 958 960 996 ascendit
990 957 1034 995 ad
1067 957 1163 996 diem
1193 958 1242 994 se-

259 1027 366 1065 stum,
385 1019 446 1056 sed
459 1035 540 1057 cum
553 1020 940 1071 onmffiJerosolymam
951 1027 1148 1070 pergerent,
1167 1018 1242 1069 ipse

258 1078 293 1115 in
327 1080 514 1117 Galilaeam
538 1080 633 1119 veuit
655 1093 794 1129 :neque
820 1080 896 1131 ipse
926 1079 1032 1126 solus,
1067 1076 1128 1115 sed
1160 1092 1242 1115 cum

257 1140 458 1192 discipulis,
481 1151 513 1178 et
533 1141 615 1178 inde
642 1140 675 1177 in
705 1139 954 1191 Capri-naum?
978 1138 1156 1177 Paulatim
1184 1140 1240 1177 le-

256 1215 335 1252 gem
354 1201 430 1238 solx
434 1201 473 1245 it,
491 1215 536 1239 ex
555 1201 639 1240 Jud
640 1215 762 1238 colum
781 1200 937 1250 nequitia
951 1199 1170 1237 occasionem
1185 1214 1242 1238 ca-

254 1262 411 1313 ptans.5
396 1263 480 1299 E
484 1271 497 1299 t
510 1277 596 1299 cum
612 1263 847 1300 sublevasset
864 1261 1007 1308 oculos,
1037 1263 1139 1298 vidit
1162 1271 1240 1299 tm·-

255 1324 343 1359 ham
358 1323 532 1360 multam.
552 1323 620 1360 Hic
639 1322 824 1360 ostendit
815 1336 932 1375 ipsum
951 1336 1148 1374 numquam
1167 1324 1241 1361 sine

253 1397 356 1420 causa
372 1383 503 1421 sedisse
524 1398 605 1421 eum
621 1383 828 1436 discipulis,
858 1382 919 1421 sed
936 1383 1095 1422 fortassis
1123 1394 1162 1422 ut
1183 1400 1240 1423 ac-

254 1444 410 1482 curatius
427 1445 521 1497 ipsos
540 1445 781 1495 alloqueretur
799 1453 833 1482 et
851 1443 1006 1494 doceret,
1029 1459 1155 1496 eosque
1173 1446 1240 1484 sibi

253 1506 449 1543 devinciret
467 1522 474 1542 τ
495 1506 588 1544 unde
606 1506 779 1544 discimus
797 1515 967 1557 quantam
989 1506 1136 1544 illorum
1162 1522 1241 1559 pro-

252 1566 448 1604 videntiam
472 1577 618 1618 gereret,
637 1581 745 1618 quam
765 1581 800 1604 se
815 1567 1029 1615 demitteret,
1054 1577 1093 1604 ut
1113 1582 1148 1606 se
1170 1569 1241 1606 illis

253 1636 516 1679 atteiuperaret.
547 1627 723 1666 Sedebant
743 1642 827 1666 vero
857 1627 977 1676 simul,
1002 1642 1076 1665 sese
1098 1629 1243 1667 fortasse

804 202 908 232 JOAN
919 200 985 230 Nts
1021 198 1262 228 CHRYSOST.

1303 197 1503 227 ARCfflEP.
1543 197 1899 229 CONSTANTINOP.

1314 279 1410 331 φησὶ,
1423 284 1492 322 τοῖς
1510 278 1678 326 ἀπίστοις,
1693 281 1730 317 οὔ
1743 286 1813 323 τοῖς
1824 280 2051 319 πιστεύουσιν.
2067 279 2156 318 Ἀλλ’
2175 281 2236 318 οὒκ
2251 281 2336 318 ἐκεῖ·

1313 356 1367 383 νος
1384 343 1400 377 ὃ
1417 341 1524 390 δῆμος
1548 343 1565 377 ὃ
1578 339 1676 391 παρὰ
1695 339 1769 393 (Ῑτῷ
1802 341 1972 393 Ματθαίῳ
1995 340 2120 388 οὕτως,
2142 342 2216 378 ἀλλ’
2235 340 2337 378 ἄκουε

1313 417 1401 444 πως·
1422 401 1464 439 ’E
1469 400 1699 447 ξεπλησσοντο
1730 401 1856 446 πάντες
1886 402 1943 440 ἐπὶ
1974 405 2017 454 τῆ
2052 403 2177 453 διδαχῆ
2216 403 2337 448 αὐτου,

1523 462 1589 476 3ΝΙΆ

1315 477 1429 513 φησιν,
1450 460 1502 499 ὅτι
1518 464 1695 500 ἐοιοασκεν
1719 462 1840 506 αὐτους
1859 466 1904 506 ὡς
1920 462 2072 506 ἐξουσίαν
2090 462 2192 513 ἔχων.
2208 460 2255 499 Γί
2276 461 2338 507 δη-

1270 530 1293 558 Ῑ)
1314 538 1397 561 ποτε
1423 540 1458 562 ΟΞ
1473 540 1512 562 το
1531 540 1606 577 ΟρΟς
1621 527 1734 562 natet)
1737 524 1885 562 &ll-gavit
1906 541 1976 572 νυν,
2005 540 2064 562 καὶ
2091 526 2161 561 &sl-SI
2187 522 2337 569 καθῆται

1315 584 1404 635 μετὰ
1427 588 1494 622 τῶν
1518 589 1699 636 μαθητῶν;
1721 586 1789 623 Διὰ
1811 587 1850 624 τὸ
1879 585 2003 636 μέλλον
2023 585 2160 623 ἔσεσθαι
2182 589 2337 634 σημεῖον.

1313 646 1366 683 Τὸ
1389 645 1423 684 δὲ
1443 645 1521 690 τοὺς
1541 647 1698 696 μαθητὰς
1719 647 1890 693 ἀναὸῆναι
1913 646 2050 697 μόνους,
2065 644 2262 698 κατηγορία
2279 649 2338 682 τοῦ

1312 707 1462 753 πλήθους
1482 702 1522 754 ἦν
1546 710 1606 746 οὐκ
1626 707 1921 754 ἀκολουθήσαντος
1953 709 2058 760 αὐτῷ.
2084 708 2137 745 Οὐ
2156 705 2275 744 τούτου
2302 704 2337 742 δὲ

1313 766 1426 806 ἕνεκεν
1447 767 1548 818 μόνον
1562 773 1661 807 τοῦτο
1671 774 1774 815 ποιεῖ,
1792 770 1830 807 τὸ
1846 769 1921 822 ὄρος
1935 767 2232 818 καταλαμὸάνων,
2247 765 2337 804 ἀλλὰ

1312 829 1370 866 καὶ
1395 829 1566 868 παιδεύων
1590 834 1683 880 ἡμᾶς
1716 830 1769 868 ἀεὶ
1799 829 2072 868 διαναπαύεσθαι
2097 829 2166 866 ἀπὸ
2193 831 2261 865 τῶν
2283 831 2338 865 θο-

1313 889 1436 941 ρύδων,
1455 891 1514 928 καὶ
1523 893 1584 937 τῆς
1596 893 1629 929 ἐν
1647 890 1742 943 μέσῳ
1757 895 1915 944 ταραχῆς
1927 906 1934 914 ·
1953 890 2145 936 ἐπιτήδειον
2164 888 2233 942 γὰρ
2252 888 2338 939 πρὸς

1310 951 1510 1002 φιλοσοφίαν
1531 952 1671 1004 ἐρημία.
1693 952 1870 996 Πολλάκις
1898 951 1933 990 δὲ
1960 952 2019 990 καὶ
2040 951 2141 1002 μόνος
2170 950 2269 993 αὐτὸς
2298 948 2338 987 τὸ

1311 1012 1386 1062 ὄρος
1406 1013 1694 1063 καταλαμὸάνει,
1715 1014 1772 1051 καὶ
1812 1013 2063 1066 διανυκτερεύει
2085 1013 2144 1051 καὶ
2173 1012 2335 1064 εὔχεται,

1313 1074 1483 1111 διδάσκων
1500 1078 1593 1124 ἡμᾶς
1607 1074 1659 1112 ὅτι
1677 1076 1734 1114 τὸν
1752 1077 1905 1127 μάλιστα
1919 1078 2001 1127 Θεῷ
2016 1073 2203 1127 προσιόντα
2219 1074 2335 1120 πάσης

1312 1135 1538 1186 ἀπηλλάχθαι
1559 1137 1608 1173 δεῖ
1625 1140 1802 1189 ταραχῆς,
1826 1137 1885 1175 καὶ
1904 1137 2023 1189 καιρὸν
2041 1136 2102 1174 καλ,
2120 1135 2224 1174 τόπον
2241 1134 2338 1188 θορύ-

1309 1194 1369 1233 ὅου
1389 1196 1538 1248 καθαρὸν
1565 1198 1750 1244 ἐπιζητεῖν.
1778 1197 1847 1235 Καὶ
1881 1192 1922 1244 ἦν
1948 1196 2047 1249 ἐγγὺς
2076 1197 2115 1235 τὸ
2141 1197 2284 1247 πάσχα,
2315 1199 2337 1242 ἡ

1310 1255 1410 1309 ἑορτὴ
1440 1259 1508 1294 τῶν
1528 1256 1715 1296 Ἰουδαίων.
1744 1259 1828 1302 Πῶς
1848 1251 1904 1296 οῧν
1925 1259 1987 1296 οὐκ
2007 1256 2186 1295 ἀναὸαίνει
2207 1258 2254 1299 εἷς
2274 1255 2336 1302 τὴν

1276 1342 1281 1350 ·
1311 1317 1443 1370 ἑορτὴν,
1475 1319 1593 1371 φησὶν,
1617 1319 1707 1358 ἀλλὰ
1722 1320 1862 1358 πάντων
1883 1319 2114 1372 ἐπειγομένων
2142 1320 2189 1361 εἰς
2209 1318 2253 1356 τὰ
2268 1317 2338 1355 Ἱε-

1313 1380 1504 1433 ροσόλυμα,
1524 1381 1622 1424 αὐτὸς
1642 1383 1687 1425 εἷς
1707 1381 1770 1428 τὴν
1791 1381 1984 1420 Γαλιλαίαν
2010 1381 2172 1434 ἔρχεται,
2192 1379 2251 1417 καὶ
2278 1382 2340 1417 οὐκ

1311 1442 1410 1485 αὐτὸς
1425 1441 1544 1493 μόνος,
1566 1442 1656 1481 ἀλλὰ
1675 1442 1824 1487 καὶτοὺς
1840 1442 1998 1494 μαθητὰς
2012 1442 2119 1494 ἄγων,
2135 1441 2194 1479 καὶ
2211 1443 2338 1479 ἐκεῖθεν

1311 1505 1357 1546 εἷς
1373 1503 1624 1554 Καπερναούμ,
1651 1504 1790 1557 Ἤρέμα
1817 1505 1935 1543 λοιπὸν
1956 1503 2115 1547 ὑπεξέλυε
2142 1501 2199 1540 τὸν
2221 1501 2338 1553 νόμον,

1311 1563 1470 1617 ἀφορμὴν
1490 1564 1681 1615 λαμῧάνων
1703 1565 1772 1603 ἀπὸ
1790 1569 1852 1611 τῆς
1869 1565 2061 1610 Ἰουδαϊκῆς
2074 1563 2253 1616 πονηρίας.
2270 1562 2339 1600 Καὶ

1312 1624 1509 1676 ἀναὸλέψας
1524 1631 1593 1669 τοῖς
1607 1627 1794 1677 ὀφθαλμοῖς
1804 1656 1813 1673 ,
1827 1628 1890 1679 ὁρᾷ
1909 1625 2011 1677 ὄχλον
2028 1624 2151 1663 πολύν.
2162 1624 2338 1661 Ἐνταῦθα

255 1698 379 1726 mutuo
393 1689 627 1741 respicientes.
641 1689 793 1726 Deinde
805 1691 1009 1740 respiciens
1025 1690 1134 1726 videt
1145 1691 1242 1727 mul·
1256 1711 1303 1736 Ἃρ
1314 1683 1479 1723 δείκνυσιν
1500 1685 1552 1723 ὅτι
1573 1686 1734 1724 Οὐδέποτε
1753 1688 1872 1729 ἅπλῶς
1895 1686 2043 1732 ἐκάθητο
2067 1684 2154 1735 μετὰ
2173 1687 2242 1722 τῶν
2272 1700 2338 1734 μα·

255 1750 460 1786 titudinem
485 1751 742 1787 accedentem.
771 1750 898 1786 Caeteri
929 1749 1153 1800 evangelistae
1190 1751 1244 1788 cli-
1270 1748 1293 1777 Α
1315 1748 1440 1792 Οητων,
1477 1747 1553 1784 ἀλλ’
1582 1747 1663 1789 ἴσως
1697 1746 2025 1799 ἀκριὸολογούμενός
2044 1762 2078 1783 τι
2104 1760 2190 1797 προς
2219 1742 2340 1786 αὐτους

255 1820 340 1848 cunt
360 1810 554 1863 discipulos
579 1811 782 1848 accedentes
811 1824 952 1861 rogasse
983 1819 1016 1848 et
1046 1811 1246 1850 obsecrasse

254 1871 358 1909 illum
378 1886 420 1909 ne
438 1871 630 1909 dimitteret
647 1886 704 1909 eos
716 1872 857 1923 jejunos
872 1887 883 1920 3
906 1871 967 1908 hie
996 1886 1080 1909 vero
1110 1873 1247 1926 Philip-

255 1946 341 1982 pum
365 1932 502 1969 inducit
521 1947 540 1969 a
567 1933 708 1970 Christo
738 1931 1004 1982 interrogatum.
1042 1934 1247 1985 Utrumque

255 1992 345 2029 mihi
364 2002 489 2031 verum
504 1992 658 2042 videtur,
678 1993 740 2031 sed
759 2007 827 2030 non
845 1992 968 2030 eodem
987 1993 1063 2044 ipso
1090 2002 1247 2046 tempore

253 2063 410 2103 gestum,
433 2054 493 2092 sed
522 2053 622 2092 aliud
643 2054 795 2092 alterum
817 2053 1046 2106 praecessisse,
1066 2054 1113 2092 ita
1134 2064 1174 2092 ut
1191 2070 1246 2094 res

252 2115 402 2154 diversae
421 2127 618 2155 narrentur.
649 2118 723 2154 Cur
750 2131 833 2168 ergo
856 2117 1068 2169 Philippum
1094 2118 1244 2157 interro-

251 2178 337 2228 gat?
359 2178 502 2216 Sciebat
521 2179 583 2230 qui
602 2178 771 2231 discipuli
790 2178 870 2231 plus
898 2178 1059 2215 doctrina
1091 2191 1242 2230 egerent.

250 2239 320 2277 Hic
349 2239 445 2277 enim
477 2250 529 2278 est
551 2240 611 2290 qui
638 2249 757 2292 postea
791 2239 879 2277 dicit
903 2255 910 2275 :
937 2241 1104 2278 Ostende
1133 2244 1241 2281 nobis

251 2302 425 2347 Patrem,
443 2309 478 2338 et
494 2301 643 2354 suffieit
660 2303 782 2338 nobis.
810 2300 893 2338 Ideo
926 2299 1027 2352 prius
1051 2301 1155 2338 illum
1188 2302 1240 2340 in-

249 2363 375 2400 stituit.
394 2364 486 2401 Nam
503 2364 532 2401 'si
547 2364 682 2414 absque
700 2363 774 2401 ullo
800 2372 972 2418 apparatu
1003 2363 1145 2415 signum
1166 2365 1240 2403 edi-

249 2434 325 2461 tum
342 2424 476 2473 fuisset,
490 2439 559 2462 non
582 2433 720 2462 tautum
743 2424 964 2476 apparuisset
987 2424 1202 2464 miraculum
1228 2442 1235 2462 :

246 2487 321 2535 jam
336 2500 417 2523 vero
436 2486 536 2537 prius
556 2495 654 2524 curat
677 2496 715 2523 ut
734 2486 921 2538 penuriam
952 2485 1172 2536 confiteatur,
1199 2497 1238 2525 ut

251 2546 334 2583 hinc
350 2547 463 2598 majus
484 2547 551 2598 ipsi
569 2547 750 2585 videretur
777 2546 1003 2584 miraculum.
1036 2547 1132 2586 Vide
1151 2548 1238 2599 quid

252 2605 347 2643 dicat
364 2607 423 2643 illc
444 2622 450 2642 :
475 2609 584 2644 Unde
600 2611 707 2645 nobis
723 2616 777 2645 tot
791 2622 926 2659 panes,
949 2616 989 2644 ut
1005 2609 1238 2646 manducent

254 2669 320 2704 hi?
337 2668 395 2705 Sic
413 2668 449 2705 in
462 2669 571 2705 veteri
599 2670 676 2720 lege
694 2670 815 2721 Moysi
834 2669 985 2718 (licebat,
1008 2669 1118 2720 idque
1140 2680 1237 2709 ante-

252 2742 360 2779 quam
379 2728 593 2766 miraculum
627 2739 783 2780 patraret
807 2746 813 2766 :
839 2732 942 2780 Quid
965 2739 1019 2769 est
1046 2734 1087 2768 in
1117 2746 1236 2770 manu

252 2793 345 2826 tua?
367 2789 461 2835 Quia
480 2789 572 2826 enim
600 2790 771 2827 miracula
793 2805 871 2841 quae
894 2800 1034 2842 repente
1057 2791 1234 2842 accidunt,

250 2849 411 2901 priorum
426 2849 527 2886 nobis
547 2848 760 2887 oblivionem
779 2850 944 2888 inducere
964 2851 1087 2901 solent,
1116 2851 1234 2904 primo

249 2910 352 2947 illum
367 2909 582 2948 confessione
598 2923 658 2947 sua
681 2910 856 2961 alligavit,
875 2920 993 2949 utnon
1009 2911 1138 2950 deinde
1160 2922 1233 2950 stu-

249 2986 333 3024 pore
351 2971 533 3024 perculsus
555 2971 718 3008 confessae
750 2972 799 3008 rei
822 2972 1028 3010 memoriam
1054 2974 1232 3025 abjiceret,

249 3042 282 3070 et
300 3033 384 3071 hinc
399 3032 661 3085 comparatione
672 3032 759 3069 sacta
775 3033 936 3070 miraculi
947 3035 1231 3085 magnitudinem

249 3093 433 3143 edisceret;
461 3093 558 3145 quod
591 3093 650 3130 hic
671 3093 775 3130 etiam
804 3093 948 3131 accidit.
974 3096 1234 3146 interrogatus,

248 3155 309 3193 ille
323 3155 508 3208 respondet
530 3171 537 3191 :
554 3156 588 3192 7.
608 3155 873 3192 Ducentorum
895 3156 1141 3193 denariorum
1165 3171 1236 3208 pa-

291 3285 308 3309 ‘l
333 3283 393 3315 Alii
412 3293 452 3326 τῷ
468 3288 615 3326 Ματθαὶῳ
631 3286 772 3319 τοιοῦτος.
793 3278 880 3312 lbid.
900 3279 1003 3313 Savil.
1023 3284 1104 3314 ἀλλὰ
1119 3291 1191 3320 πῶς.

291 3345 304 3359 2·
328 3333 428 3367 Savil.
445 3339 492 3368 καὶ
508 3339 671 3379 προσέχων,
694 3333 795 3374 [Mox
811 3330 898 3363 idem
915 3342 991 3364 cum
1009 3330 1118 3365 Codd.
1133 3334 1254 3366 nostris

248 3390 263 3419 ὃ
282 3389 415 3427 μάλιστα
429 3389 518 3421 αὑτοῦ
546 3391 599 3424 τὴν
617 3400 643 3418 κ,
668 3386 853 3419 ἐνδείκνυται.
869 3383 880 3424 ]

1385 1805 1392 1819 Χ
1420 1807 1435 1819 ’ἱ
1455 1807 1469 1819 ’ἱ

1313 1809 1397 1842 ιἸκαι
1417 1805 1600 1854 οιοάσκων,
1622 1823 1680 1844 και
1710 1807 1940 1884 ἐπιστρέφων
1946 1806 2066 1850 αὐτους
2097 1805 2183 1857 πρὸς
2212 1804 2344 1851 ἑαυτὸν,

1315 1868 1353 1903 οὓ
1370 1865 1523 1916 μάλιστα
1543 1869 1601 1905 καὶ
1621 1869 1772 1906 ἐντευθεν
1789 1868 1852 1915 τὴν
1873 1867 2083 1919 κηδεμονίαν
2104 1865 2178 1904 ἔστι
2208 1868 2344 1916 μαθεῖν,

1317 1942 1376 1964 και
1399 1928 1438 1966 τὸ
1467 1929 1627 1966 ταπεινὸν
1665 1929 1722 1967 καὶ
1759 1929 2059 1980 συγκαταὸατικον
2085 1928 2124 1966 τὸ
2150 1927 2234 1980 πρὸς
2255 1925 2344 1963 ἐκεῖ·

1315 2003 1402 2031 νους.
1430 1989 1671 2037 Συνεκάθηντο
1702 1990 1770 2043 γὰρ
1804 1992 1898 2044 αὐτῷ
1930 1990 2023 2042 τάχα
2059 1989 2144 2042 πρὸς
2175 1987 2343 2034 ἀλλήλους

1315 2051 1471 2100 ὁρῶντες.
1486 2044 1573 2088 Εἶτα
1591 2051 1786 2103 ἀναὸλέψας
1812 2055 1875 2104 ὁρᾷ
1891 2052 1948 2090 τὸν
1964 2051 2066 2103 ὄχλον
2097 2047 2341 2102 παραγινόμε-

1314 2126 1370 2148 νον
1385 2111 1470 2162 πρὸς
1499 2111 1612 2150 αὐτόν.
1628 2114 1675 2150 Οἱ
1709 2112 1770 2163 μὲν
1800 2108 1856 2151 οὖν
1884 2113 1983 2151 ἄλλοι
2006 2109 2246 2163 εὔαγγελισταὶ
2264 2107 2342 2151 τοὺς

1316 2172 1473 2221 μαθητάς
1495 2189 1578 2225 φασι
1605 2174 1857 2226 προσελθόντας
1877 2176 2007 2226 ἐρωτᾷν
2028 2174 2088 2212 καὶ
2112 2175 2341 2248 παρακαλεῖν,

1314 2232 1403 2270 ὥστε
1431 2233 1479 2284 μὴ
1510 2237 1681 2273 ἀπολυσαι
1712 2235 1832 2279 αὐτους
1852 2236 2008 2282 νήστεις·
2026 2230 2121 2278 οὗτος
2144 2234 2178 2272 δὲ
2207 2233 2340 2283 εἰσάγει

1310 2293 1367 2331 τὸν
1383 2294 1563 2334 Φίλιππον
1585 2298 1802 2347 ἐρωτηθῆναι
1821 2296 1917 2350 παρὰ
1933 2302 1992 2335 τοῦ
2007 2298 2168 2348 Χριστου.
2190 2294 2260 2333 Καί
2278 2308 2338 2344 μοι

1311 2355 1439 2392 δοκεῖ
1422 2356 1601 2409 ααφότερα
1621 2361 1707 2395 εἰναι
1731 2358 1860 2405 ἀληθῆ,
1877 2360 1939 2395 οὐκ
1955 2357 2012 2395 ἐπι
2027 2373 2095 2395 των
2113 2359 2224 2394 αὐτων
2242 2354 2337 2407 γενό-

1310 2431 1397 2465 μενα

1307 2476 1461 2529 πρεσὸύτ
1449 2493 1544 2528 ερα·
1566 2477 1656 2516 ὥστε
1672 2493 1770 2530 ετερα
1796 2478 1858 2529 μὲν
1877 2481 1992 2516 ἐκεῖνα
2007 2479 2140 2525 λοιπὸν,
2170 2477 2271 2530 ἕτερα
2300 2476 2336 2516 δὲ

1425 2416 1490 2454 *05
1527 2433 1621 2467 Οῑλως
1659 2434 1802 2471 Χαίρων,
1830 2420 1906 2456 ἀλλ
1942 2420 2056 2456 &XC—{vu
2091 2417 2220 2455 τούτων
2249 2421 2337 2454 Εἶναι

1308 2538 1419 2576 ταῦτά
1447 2540 1532 2576 ἐστι.
1556 2538 1657 2582 Τίνος
1683 2533 1740 2578 οὖν
1763 2539 1874 2578 ἕνεκεν
1901 2540 1957 2578 τὸν
1979 2539 2161 2577 Φίλιππον
2191 2540 2332 2591 ἐρωτᾷ,

1307 2599 1409 2655 ’ᾙδει
1435 2602 1502 2637 τῶν
1527 2604 1690 2651 μαθητῶν
1711 2600 1788 2644 τοὺς
1811 2601 1964 2652 μάλιστα
1983 2600 2138 2644 πλείονος
2155 2600 2335 2651 δεομένους

1308 2660 1544 2703 διδασκαλίας.
1565 2655 1676 2704 Οὗτος
1703 2661 1769 2713 γάρ
1803 2663 1896 2699 ἐστιν
1917 2665 1935 2699 ὁ
1953 2661 2040 2711 μετὰ
2059 2664 2169 2699 ταῦτα
2202 2660 2311 2711 λέγων
2325 2675 2332 2683 ·

1307 2722 1423 2766 Δεῖξον
1445 2725 1528 2772 ἡμῖν
1545 2722 1602 2759 τὸν
1622 2722 1790 2773 Πατέρα,
1809 2722 1868 2760 καὶ
1888 2726 1987 2773 ἀρκεῖ
2011 2726 2110 2773 ἡμῖν.
2141 2720 2209 2757 Διὰ
2230 2723 2332 2758 τοῦτο

1307 2784 1435 2821 ἄνωθεν
1467 2782 1566 2820 αὐτὸν
1584 2782 1796 2833 ἐῤῥύθμιζεν.
1829 2785 1870 2821 Εἰ
1892 2783 1953 2833 μὲν
1973 2783 2040 2836 γὰρ
2060 2784 2179 2825 ἁπλῶς
2203 2781 2242 2819 τὸ
2269 2797 2330 2827 ση-

1308 2850 1402 2895 μεῖον
1423 2842 1573 2892 ἐγένετο,
1605 2844 1664 2879 οὐκ
1692 2842 1731 2879 ἂν
1752 2846 1911 2881 τοσοῦτον
1929 2842 2035 2894 ἐφάνη
2056 2842 2095 2880 τὸ
2115 2845 2248 2892 θαῦμα·
2271 2846 2329 2879 νῦν

1307 2905 1342 2943 δὲ
1372 2903 1537 2956 πρότερον
1561 2902 1659 2940 αὐτὸν
1685 2902 1870 2954 ἀναγκάζει
1904 2904 2118 2954 ὁμολογῆσαι
2143 2901 2205 2949 τὴν
2226 2896 2329 2940 οὖσαν

1308 2964 1445 3011 σπάνιν,
1476 2961 1532 3001 ἰ’να
1563 2961 1663 3014 γνοὺς
1696 2964 1730 3000 ἐν
1754 2962 1842 3001 τίσιν
1877 2957 1934 3010 ἦν,
1965 2961 2208 3016 ἀκριὲέστερον
2240 2961 2328 3000 οὕτω

1310 3027 1402 3078 μάθῃ
1433 3028 1492 3063 τοῦ
1524 3023 1705 3075 μέλλοντος
1732 3022 1885 3075 γίνεσθαι
1913 3023 2088 3074 θαύματος
2116 3024 2155 3062 τὸ
2176 3023 2327 3074 μεγεθος.

1311 3087 1407 3126 Και
1395 3086 1458 3139 ἄρα
1473 3084 1507 3123 τί
1533 3100 1636 3137 φησιν
1654 3087 1791 3127 ἐκεῖνος.
1806 3084 1918 3122 Πόθεν
1937 3088 2022 3135 ἡμῖν
2045 3084 2143 3135 ἄρτοι
2159 3087 2327 3130 τοσοῦτοι,

1307 3147 1362 3185 ι’να
1386 3146 1540 3198 φάγωσιν
1559 3148 1667 3192 οὗτοι,
1687 3144 1792 3183 Οὕτω
1811 3160 1870 3182 και
1896 3147 1929 3183 ἐν
1945 3148 1987 3194 τῆ
2005 3146 2150 3182 Παλαιᾶ
2170 3144 2254 3195 πρὸς
2268 3144 2325 3182 τὸν

1370 3281 1384 3297 *
1410 3279 1532 3322 [Verba
1550 3283 1579 3313 δὲ
1596 3285 1673 3322 ὅμως
1689 3279 1808 3311 omissa
1827 3279 1859 3310 in
1877 3275 1978 3311 Savil.
1997 3283 2030 3308 et
2045 3274 2152 3309 Codd.
2178 3276 2322 3316 nostris,

1325 3329 1466 3364 delenda
1491 3330 1595 3375 soum]
