2507 3673
949 213 1086 244 minax
1123 212 1390 242 semitonum.
2118 196 2208 258 607

187 301 249 337 17.
289 299 329 336 111
354 298 458 336 illum
480 297 616 345 locum,
641 295 847 335 Attendite
874 309 921 332 ne
951 295 1241 342 eleemosynam
1265 300 1440 329 vestram
1465 291 1626 343 faciatis
1649 303 1781 327 coram
1802 292 2032 329 hominibus.
2054 292 2135 329 lnit.
2159 297 2205 331 υἱ

132 362 230 414 σοφοὶ
245 361 304 399 καὶ
324 360 553 410 ἐπιστήμονες
571 362 633 405 τῆς
650 358 818 411 γεωργίας
838 362 1006 409 τεχνῖται.
1025 370 1063 408 p.
1083 356 1147 393 90.
1168 353 1296 392 Morel.
1317 353 1362 390 T.
1380 354 1417 390 6.
1435 366 1474 403 p.
1496 352 1572 388 595
1592 350 1717 401 [458]
1734 350 1844 389 Savil.
1866 352 1910 388 T.
1928 353 1963 388 7.
1979 367 2013 403 p.
2034 354 2125 390 486.

185 425 248 462 18.
272 426 312 461 In
332 423 551 476 principium
572 422 778 460 indictionis
801 420 883 459 novi
910 420 1011 468 anni,
1034 427 1067 456 et
1086 419 1122 456 in
1138 426 1328 470 martyres,
1356 425 1462 466 atquc
1484 414 1520 452 in
1550 414 1736 452 mulierem
1760 428 1837 464 quae
1863 414 2045 464 sanguinis
2072 416 2210 453 fluxum

131 485 341 536 patiebatur.
363 484 442 521 luit.
466 483 690 530 Ἰῖπάλληλον
709 488 854 534 σημεῖον
874 480 971 532 παρὰ
989 483 1049 517 τοῦ
1071 477 1251 516 Δεσπότου
1274 479 1440 529 Χριστοῦ.
1470 491 1504 529 p.
1531 477 1593 513 94.
1624 475 1750 513 Morcl.
1782 476 1890 527 Tsssi.
1915 490 1951 527 p.
1982 476 2056 513 555
2089 478 2210 527 [447]

132 548 243 585 sax-il.
268 549 313 585 Τ.
337 547 372 584 5.
396 562 433 599 Ρ.
453 545 544 585 816.

188 612 249 647 19.
273 610 399 648 Oratio
427 609 638 647 catcclictica
659 609 695 646 in
720 607 857 646 dictum
888 603 1103 656 Evangelii,
1125 603 1258 642 Simile
1275 611 1332 641 est
1351 616 1511 655 regnum
1530 603 1712 640 caelorum
1743 604 1891 640 homini
1916 603 2211 654 patrifamilias,

132 675 199 725 qui
214 675 309 710 exiit
323 675 448 724 primo
466 686 581 709 mane
599 671 812 708 conducere
831 669 1025 720 operarios
1045 669 1086 703 in
1105 669 1265 704 vineam
1281 679 1408 712 suam,
1442 675 1506 703 etc.
1528 665 1610 703 Init.
1631 665 1728 718 Ὁρῶ
1753 669 1794 717 τῇ
1811 664 1942 718 ποίμνῃ
1967 667 2035 702 τῶν
2066 666 2214 703 εὐσεδῶν

135 735 335 788 μεμιγμένα
354 736 515 788 πρόέατα
535 734 624 778 ξένα.
638 748 677 786 p.
696 732 758 770 98.
776 730 902 769 Morel.
925 730 972 767 T.
993 732 1029 768 6.
1046 745 1082 782 Ρ.
1101 730 1177 767 559
1192 729 1319 779 [451]
1342 729 1457 767 Savil.
1478 729 1525 766 T.
1544 729 1579 766 5.
1596 743 1633 780 Ρ.
1654 730 1745 766 708.

184 801 250 836 90.
276 798 475 848 [Severiani
492 797 712 836 Gabalorum
747 793 903 846 episcopi
922 807 1000 844 quae
1017 792 1178 844 videtur]
1197 794 1237 830 ln
1253 792 1461 845 parabolam
1480 791 1524 829 de
1545 792 1628 841 ficu,
1650 792 1817 829 Homilia.
1836 793 1848 829 Ι
1854 792 1916 830 nit.
1935 792 2137 844 Ὀφθαλμος
2156 792 2217 842 μὲν

133 864 220 912 ὁρῶν
238 861 260 906 ἢ
281 860 416 911 δένδρον
439 858 637 910 ἀνθοφόρον,
661 856 683 903 ἢ
703 855 834 907 πηγήν.
848 870 883 907 Ρ.
902 856 989 893 106.
1011 855 1138 892 Morcl.
1159 855 1204 891 T.
1230 857 1268 893 6.
1291 869 1326 906 p.
1357 855 1434 892 559
1463 855 1589 904 [465]
1614 854 1727 892 Savil.
1754 855 1798 892 T.
1820 855 1857 891 7.
1880 869 1911 906 p.
1933 855 2021 892 959.
2053 853 2217 905 [Adjccta

132 932 183 959 cst
201 923 246 960 ad
258 923 366 960 imam
382 921 549 973 paginam
569 919 752 957 translatio
768 918 895 957 Latina
909 917 1082 958 versionis
1099 918 1346 968 Armeniacae.]

184 988 248 1023 91.
272 988 325 1023 Dc
341 985 521 1022 Pliarisaeo
540 983 710 1021 Homilia.
728 983 811 1021 Init.
830 982 972 1036 ‘'ssevtep
993 982 1112 1035 πατὴρ
1129 982 1345 1035 φιλότεκνος,
1366 983 1595 1034 προσομιλεῖν
1615 986 1688 1024 τοῖς
1710 983 1834 1019 ἑαυτοῦ
1859 980 2046 1033 φιλτάτοις,
2069 994 2105 1031 p.
2131 981 2217 1017 110.

132 1046 259 1084 Morel.
285 1047 331 1084 T.
351 1048 388 1084 6.
410 1060 446 1097 Ρ.
469 1046 546 1084 560
563 1046 687 1096 [469]
705 1044 819 1083 Savil.
840 1045 887 1082 T.
910 1046 944 1082 7.
961 1060 996 1097 p.
1017 1044 1109 1083 980.

185 1111 250 1146 92.
274 1110 327 1146 De
351 1110 485 1146 Lazaro
505 1118 538 1146 et
563 1108 676 1147 divite
702 1108 858 1146 Homilia
877 1117 990 1146 sexta.
1018 1108 1105 1145 Init.
1133 1106 1311 1158 Μέγιστόν
1338 1109 1414 1146 ἐστι
1433 1107 1678 1145 διδασκαλεῖον
1698 1107 1737 1144 τὸ
1756 1108 1817 1152 τ’ἧς
1838 1104 2050 1152 Ἐκκλησίας
2069 1104 2219 1143 στάδιον.

132 1186 170 1224 Ρ.
191 1173 282 1209 115.
306 1172 436 1210 Mol-el.
460 1171 507 1209 T.
531 1172 569 1209 6.
592 1186 630 1223 Ρ.
650 1171 727 1209 564
750 1171 874 1221 [479]
896 1170 1010 1209 Savil.
1033 1171 1078 1208 T.
1097 1171 1132 1209 5.
1149 1185 1186 1222 p.
1203 1169 1292 1208 798.

185 1236 247 1272 95.
270 1236 310 1272 Ι11
329 1235 565 1287 publicanum
585 1243 617 1271 et
632 1233 853 1272 Pharisaeum
869 1247 997 1272 sermo.
1016 1233 1100 1271 Init.
1127 1235 1175 1272 Οἱ
1200 1233 1377 1286 πόρρωθεν
1398 1232 1477 1276 τοὺς
1493 1234 1668 1283 λειμῶνας
1684 1230 1962 1283 θεασάμενοι,”Ρ.
1985 1232 2073 1268 116.
2089 1228 2217 1267 Morcl.

133 1299 180 1335 T.
204 1300 239 1335 (i.
259 1313 293 1350 p.
315 1299 392 1337 569
412 1300 535 1348 [476]
556 1297 669 1336 Savil.
696 1298 741 1336 T.
758 1299 793 1334 7.
814 1313 855 1350 p.
877 1299 970 1336 955.

185 1362 248 1398 94.
270 1363 310 1399 In
333 1376 465 1400 caecum
488 1377 507 1399 a
526 1361 669 1399 Christo
692 1371 875 1411 sanatum,
897 1370 930 1398 et
960 1361 997 1398 in
1027 1360 1259 1409 Zacchaeum‚
1289 1360 1404 1411 deque
1429 1359 1569 1412 judicio
1589 1368 1695 1409 atque
1721 1358 1959 1410 eleemosyna.
1983 1357 2066 1395 Init.
2088 1359 2224 1395 Πολλαὶ

130 1425 190 1463 καὶ
209 1425 364 1477 διάφοροι
381 1429 450 1463 τῶν
470 1425 576 1476 ἁγίων
596 1426 746 1476 Γραφῶν
767 1426 803 1462 αἱ
819 1424 1054 1462 διδασκαλίαι.
1078 1439 1116 1476 Ρ.
1137 1424 1226 1462 190.
1248 1423 1378 1462 Morel.
1408 1424 1455 1460 T.
1473 1424 1511 1461 6.
1528 1437 1564 1474 p.
1581 1423 1657 1460 575
1677 1421 1801 1472 [489]
1819 1421 1931 1459 Savil.
1953 1422 2000 1458 T.
2026 1422 2060 1459 5.
2076 1436 2111 1473 p.
2133 1422 2221 1458 751.

182 1489 245 1526 95.
266 1490 319 1525 Dc
337 1497 457 1526 sancto
469 1490 605 1526 Joanne
620 1488 817 1539 Theologo.
842 1488 924 1526 lnit.
946 1487 1111 1533 Ἰωάννης
1131 1489 1165 1525 ἐν
1187 1486 1327 1539 Ἐφέσῳ
1356 1490 1419 1533 τῆς
1438 1486 1568 1535 Ἀσίας,
1588 1485 1752 1530 Ἰωάννης
1768 1488 1830 1531 τῆς
1847 1484 1962 1527 Ἀσίας
1983 1484 2021 1522 τὸ
2040 1483 2221 1536 καύχημα.

132 1566 169 1604 p.
193 1552 282 1589 150.
297 1552 425 1589 Morel.
445 1552 491 1589 T.
510 1553 549 1589 6.
568 1566 605 1603 Ρ.
630 1552 709 1590 605
729 1552 852 1602 [505]
867 1552 976 1589 Deest
997 1551 1033 1588 in
1053 1551 1166 1590 Savil.

185 1616 251 1653 96.
269 1616 323 1652 De
337 1614 522 1665 negatione
542 1615 637 1652 Petri
660 1623 693 1652 et
712 1614 758 1652 (le
776 1628 881 1652 cruce
893 1645 902 1661 ‚
929 1622 962 1651 et
985 1627 1055 1664 quo
1074 1623 1178 1666 pacto
1197 1612 1331 1665 Joseph
1349 1611 1457 1650 fuerit
1476 1612 1592 1663 figura
1611 1610 1760 1648 Christi.
1784 1609 1866 1647 Init.
1881 1608 2092 1661 ξἈναγκαῖον
2117 1607 2223 1660 ε’νῖτῷ

133 1676 280 1729 παρόντι
299 1680 410 1728 καιρῷ
430 1677 490 1715 καὶ
510 1676 549 1714 τὸ
568 1677 682 1729 χρέος.
701 1691 735 1729 p.
759 1677 846 1714 156.
869 1676 998 1714 Morel.
1020 1676 1067 1713 T.
1088 1678 1126 1714 6.
1149 1691 1188 1728 p.
1211 1677 1291 1714 696
1311 1675 1437 1725 [515]
1459 1674 1573 1713 Savil.
1595 1673 1642 1710 T.
1666 1675 1702 1710 7.
1722 1687 1759 1725 p.
1783 1672 1875 1710 975.

186 1741 248 1777 97.
265 1740 307 1777 In
324 1739 518 1777 seeundum
543 1739 739 1778 adventum
758 1738 913 1786 Christi,
941 1748 976 1776 et
992 1739 1028 1777 in
1048 1738 1156 1789 illud,
1186 1740 1328 1777 Omnes
1346 1740 1537 1776 stabimus
1558 1745 1650 1774 ante
1667 1735 1842 1773 tribunal
1859 1736 2024 1779 Christi,
2047 1742 2114 1771 etc.
2138 1734 2221 1770 luit.

135 1801 317 1852 Ἐνόμιζον
350 1802 486 1853 μεγάλα
513 1801 590 1840 τινὰ
620 1801 678 1840 καὶ
709 1803 867 1854 ὑπερφυῆ
892 1803 936 1852 τῇ
964 1799 1119 1853 προτέρᾳ
1149 1798 1279 1852 ἡμέρᾳ.
1302 1813 1337 1852 p.
1371 1798 1462 1838 149.
1491 1797 1621 1836 Morel.
1649 1797 1695 1834 T.
1718 1798 1754 1834 6.
1785 1810 1823 1848 p.
1849 1795 1919 1833 651
1957 1795 2082 1844 [545]
2114 1794 2225 1832 Savil.

138 1865 185 1902 T.
207 1864 243 1902 5.
264 1879 297 1916 p.
320 1864 411 1902 789.

242 1997 451 2049 Sequentia
467 1997 676 2048 opuscula,
702 1997 836 2035 Groece
853 2004 1005 2034 tantum
1023 2009 1047 2033 α
1063 1995 1210 2034 Savilio
1227 1995 1333 2034 edita
1338 2024 1350 2042 ,
1379 2007 1481 2032 niune
1493 1997 1660 2046 primum
1682 1995 1822 2031 Latine
1849 1997 2118 2032 convertimus.

191 2119 257 2159 98.
279 2121 528 2172 Interpretatio
542 2120 740 2168 Orationis,
763 2121 887 2158 Pater
915 2128 1053 2157 noster.
1084 2118 1169 2157 Init.
1194 2118 1314 2170 Πάτερ
1340 2120 1441 2169 ἡμῶν
1461 2119 1479 2156 ὃ
1498 2119 1532 2155 ἐν
1553 2123 1623 2161 τοῖς
1656 2119 1823 2169 οὐρανοῖς.
1850 2117 1995 2170 Πατέρα
2020 2118 2146 2169 λέγεις,
2166 2118 2228 2156 ἅν-

140 2186 275 2234 Ορωπε,
296 2183 353 2221 τὸν
371 2182 473 2221 Θεόν.
489 2198 527 2235 p.
545 2184 633 2220 149.
655 2182 770 2221 Savil.
791 2182 838 2219 T.
860 2182 894 2219 5.
916 2197 953 2234 p.
978 2183 1067 2221 707.

192 2245 256 2281 99.
280 2245 320 2281 Ι11
353 2244 470 2281 filium
490 2244 697 2295 prodigum,
732 2258 772 2281 ac
799 2243 844 2281 de
873 2243 1097 2296 poenitentia,
1120 2243 1157 2280 in
1188 2242 1331 2294 lignum
1357 2242 1512 2280 scientiae
1532 2241 1616 2279 boni
1636 2250 1669 2278 et
1687 2241 1790 2290 mali,
1814 2251 1847 2280 ct
1871 2242 1906 2279 in
1931 2242 2116 2280 latronem.
2146 2243 2228 2281 Init.

142 2307 271 2359 Πρῴην
292 2311 376 2358 ἡμῖν
393 2310 414 2353 ἡ
438 2307 574 2359 μεγάλη
592 2308 651 2346 καὶ
672 2307 866 2359 θεοπρεπὴς
886 2311 946 2345 τοῦ
968 2309 1073 2353 Eme-“fi
1082 2323 1135 2360 ρος
1156 2306 1355 2358 ἐπιφάνεια.
1374 2320 1409 2358 Ρ.
1427 2306 1515 2343 150.
1530 2305 1641 2343 Sax'il.
1661 2305 1705 2342 T.
1729 2305 1762 2342 5.
1782 2320 1820 2356 p.
1841 2305 1928 2342 790.

193 2372 258 2408 50.
282 2372 321 2408 In
342 2370 507 2408 mulieres
535 2380 715 2422 unguenta
739 2371 907 2421 ferentes,
939 2379 972 2408 et
1000 2369 1099 2420 quod
1123 2369 1223 2407 nulla
1253 2369 1442 2409 djversitas
1473 2368 1530 2407 vel
1556 2381 1675 2420 pugna
1702 2367 1899 2419 reperiatur
1923 2367 2015 2406 inter
2051 2369 2228 2419 evangeli-

140 2444 222 2479 5135,
239 2442 306 2471 etc.
328 2433 413 2470 Init.
435 2433 531 2487 Φέρε
549 2434 589 2480 δὴ
610 2435 690 2485 περὶ
707 2437 769 2479 τῆς
784 2437 853 2471 τῶν
869 2435 1124 2485 εὐαγγελιστῶν
1141 2433 1296 2484 ἱστορίας
1315 2435 1364 2476 εἷς
1384 2432 1447 2479 τὴν
1464 2431 1578 2484 ἁγίαν,
1592 2441 1659 2468 etc.
1682 2445 1718 2482 p.
1737 2432 1826 2468 159.
1844 2431 1954 2469 Savil.
1971 2431 2015 2468 T.
2032 2432 2068 2469 5.
2088 2447 2123 2484 p.
2141 2432 2229 2469 740.

194 2497 258 2533 51.
284 2496 324 2531 111
347 2494 439 2532 illud
460 2495 667 2547 Evangelii,
685 2496 783 2546 quod
804 2495 971 2533 dicebant
989 2495 1108 2535 Judaei
1129 2495 1173 2533 de
1205 2496 1410 2542 servatore,
1440 2494 1639 2545 Quomodo
1666 2495 1737 2531 scit
1763 2494 1909 2539 literas,
1936 2508 2021 2531 cum
2038 2508 2115 2531 non
2132 2495 2232 2532 didi-

142 2559 250 2599 cerit,
270 2565 337 2593 etc.
358 2556 442 2592 Init.
467 2556 563 2608 Φέρε
584 2557 691 2595 πάλιν
711 2559 779 2594 τῶν
803 2559 1036 2608 εὐαγγελικῶν
1058 2559 1139 2607 ὑμῖν
1167 2556 1404 2608 ἀπαρξώμεθα
1433 2555 1613 2606 ναμάτων.
1639 2568 1676 2606 Ρ.
1702 2556 1791 2592 167.
1813 2553 1927 2593 Savil.
1951 2555 1998 2592 T.
2025 2556 2061 2593 5.
2084 2570 2120 2608 Ρ.
2142 2557 2230 2594 759.

197 2620 261 2655 59.
281 2618 321 2654 Ι11
340 2616 579 2655 Chananaeam
600 2627 633 2655 et
652 2618 688 2656 in
710 2619 928 2656 Pharaonem
936 2645 950 2669 ,
975 2628 1007 2656 et
1027 2618 1121 2670 quod
1139 2633 1209 2656 non
1224 2618 1377 2657 volentis
1399 2631 1512 2668 neque
1527 2617 1711 2664 currentis,
1731 2626 1798 2655 etc.
1816 2617 1900 2655 Init.
1922 2619 1966 2656 Et
1987 2618 2045 2656 καὶ
2062 2618 2232 2657 εὈόλωσεν

144 2683 237 2730 ἡμᾶς
253 2683 274 2725 ἡ
294 2680 384 2717 κατὰ
400 2679 463 2726 τὴν
481 2679 630 2732 ἑσπέραν
653 2679 806 2732 ταραχή.
822 2693 860 2731 Ρ.
881 2680 971 2716 177.
995 2679 1110 2717 Savil.
1133 2680 1180 2716 T.
1202 2679 1237 2716 5.
1252 2694 1289 2730 Ρ.
1308 2680 1399 2717 771.

198 2742 263 2779 55.
284 2742 326 2778 Ι11
352 2740 490 2778 dictum
515 2741 684 2793 apostoli,
702 2743 792 2778 Non
810 2741 916 2793 quod
933 2740 1166 2793 volosaciO,
1195 2740 1263 2777 sed
1291 2739 1397 2791 qnod
1416 2738 1521 2784 nolo,
1544 2739 1616 2775 hoc
1638 2752 1725 2791 ago,
1745 2747 1778 2776 et
1801 2739 1980 2790 quomodo
1996 2740 2107 2779 Jacob
2124 2750 2232 2794 typus

146 2803 299 2851 Christi,
317 2812 385 2841 etc.
406 2803 486 2841 Init.
506 2805 665 2842 Ἐπαινῶ
684 2803 746 2854 μὲν
763 2805 859 2854 ὑμῶν
877 2802 934 2840 τὸν
955 2803 1074 2849 πόθον,
1095 2802 1155 2840 καὶ
1173 2801 1352 2852 Θαυμάζω,
1373 2809 1436 2838 etc.
1458 2815 1496 2852 Ρ.
1518 2799 1608 2838 188.
1631 2801 1743 2840 Savil.
1765 2801 1809 2838 T.
1828 2801 1863 2839 5.
1882 2816 1920 2854 Ρ.
1941 2802 2030 2841 789.

200 2868 265 2905 54.
287 2867 328 2904 111
346 2866 563 2919 principium
581 2867 802 2905 indictionis.
824 2867 906 2904 lnit.
929 2865 1146 2917 Θαυμασταὶ
1165 2867 1234 2903 τῶν
1255 2864 1442 2916 ὂρθοδόξων
1460 2865 1496 2902 αἱ
1515 2864 1744 2916 πανηγύρεις,
1764 2866 1918 2918 φαιδραί.
1941 2881 1977 2918 Ρ.
2006 2866 2094 2905 198.
2119 2867 2229 2906 Savil.

147 2932 191 2968 T.
212 2930 246 2967 5.
268 2943 305 2980 Ρ.
330 2928 422 2965 815.

200 2992 262 3029 55.
294 2992 335 3028 In
367 2989 602 3031 venerandam
629 2991 791 3029 Crucem.
824 2990 907 3028 Init.
940 2992 1098 3042 Σταυροῦ
1119 2989 1301 3041 πρόκειται
1334 2988 1485 3041 σήμερον
1512 2989 1633 3042 ἑορτὴ,
1652 2990 1767 3043 χορός.
1799 3005 1836 3043 Ρ.
1862 2991 1949 3029 900.
1978 2992 2090 3030 Savil.
2122 2992 2165 3029 T.
2192 2992 2229 3029 5.

149 3070 185 3106 Ρ.
210 3053 302 3091 819.

203 3118 265 3155 56.
285 3117 326 3154 In
342 3115 593 3153 exaltationem
606 3115 815 3153 venerandae
830 3115 966 3153 Crucis.
985 3115 1067 3152 Init.
1090 3115 1195 3152 Πᾶσα
1216 3113 1278 3165 μὲν
1298 3118 1320 3161 ἡ
1340 3114 1410 3153 ἀπὸ
1430 3116 1498 3153 τῶν
1519 3116 1686 3168 χειρόνων
1703 3117 1760 3154 ἐπὶ
1776 3117 1820 3155 τὰ
1840 3118 2020 3169 κρείττονα
2039 3118 2228 3167 μεταὸολτζ.

150 3196 186 3233 p.
204 3180 295 3218 904.
318 3178 432 3216 Savil.
454 3178 498 3215 T.
517 3178 554 3215 5.
577 3193 615 3230 p.
639 3177 731 3216 895.

205 3242 268 3279 57.
292 3242 333 3278 Ι11
361 3249 522 3278 sanctum
547 3240 749 3293 apostolum
771 3240 963 3278 Thomam.
995 3239 1078 3277 Init.
1103 3239 1206 3278 ’Ἥκω
1225 3240 1264 3278 τὸ
1283 3239 1384 3292 χρέος
1414 3240 1607 3280 ἀποδώσων
1629 3243 1722 3292 ὑμῖν,
1743 3234 1771 3278 ὦ
1791 3242 1901 3294 φίλοι,
1931 3242 2044 3294 χρέος.
2076 3256 2109 3293 p.
2140 3242 2229 3280 907.

154 3303 265 3341 Savil.
286 3302 334 3339 T.
355 3302 390 3340 5.
407 3317 445 3354 p.
469 3302 557 3340 857.

209 3363 273 3402 58.
296 3365 336 3402 In
364 3364 641 3402 incarnationem
660 3363 806 3402 Domini
832 3362 964 3409 nostri,
990 3371 1024 3400 et
1045 3363 1141 3414 quod
1168 3362 1320 3414 singulis
1341 3363 1546 3402 climatibus
1561 3363 1679 3415 angeli
1700 3365 1856 3415 praesint.
1882 3365 1964 3402 Init.
1991 3363 2126 3407 ’Όντως
2154 3367 2231 3403 ἐπε-

157 3426 246 3479 φάνη
262 3431 346 3478 ἡμῖν
363 3431 384 3474 ἢ
404 3427 505 3479 χάρις
526 3432 584 3466 τοῦ
604 3428 771 3479 Χριστοῦ,
793 3426 852 3465 καὶ
872 3424 1139 3477 συνεξέλαμψεν.
1157 3441 1194 3478 Ρ.
1211 3427 1300 3465 915.
1317 3427 1431 3466 Savil.
1453 3427 1496 3464 T.
1514 3427 1549 3464 5.
1574 3441 1612 3478 p.
1633 3426 1720 3465 851.
