2507 3673
699 159 846 190 SERMO
884 161 942 190 DE
978 160 1415 204 PSEUDOPROPHETIS,
1454 164 1556 194 ETC.

78 241 245 288 περισσοῦ
259 237 326 290 γὰρ
340 237 490 276 πλούτου
507 236 523 258 ¹²
533 239 777 284 συνεισάκτους
796 241 988 288 ἐκτήσαντο
1014 256 1101 292 προ·

116 289 124 301 Ι

78 305 181 340 φασει
206 290 442 342 ἀνδραπόδων.
463 290 512 328 Ὢ
534 293 673 342 βαθείας
692 293 875 345 αἰσχύνης·
897 293 926 331 ὣ
953 296 1015 340 τῆς
1039 309 1101 331 κα·

78 345 141 387 κῆς
173 342 353 394 εὐπορίας·
380 343 408 380 ὢ
434 350 561 394 πικρᾶς
582 347 824 398 φιλαργυρίας·
843 346 872 384 ὢ
901 350 963 393 τῆς
983 347 1100 392 ἀπλη-

79 393 189 445 ρώτου
204 395 365 448 γαστρός.
386 396 516 434 Λοιπὸν
532 398 659 435 ἐκεῖθεν
674 399 852 454 σκάνδαλα
864 430 873 447 ,
887 397 1100 450 ψιθυρισμοὶ,

76 447 209 494 ὀνείδη,
249 448 482 500 λοιδορισμοὶ,
523 449 672 500 θόρυίοι.
720 454 808 489 Ιὲἰτα
853 450 1101 502 ἐγκαλούμενοι

77 499 322 551 ἀποκρίνονται
337 516 344 522 ·
360 503 421 538 οὐκ
433 502 542 539 ἀδικῶ
560 519 655 549 τινα,
670 503 824 548 ἐξουσίαν
839 504 909 556 ἔχω
922 507 990 540 τῶν
1007 504 1100 552 ἐμῶν

74 552 279 602 χρημάτων.
304 547 390 591 Εἶτα
404 554 462 592 ἐάν
481 570 534 598 τις
559 555 667 593 ἀθέων
691 559 873 608 αἱρετικῶν
893 557 1098 607 παραφρονῇ

74 605 191 642 λαλῶν
213 606 494 657 διεστραμμένα,
524 610 541 645 ὃ
563 609 750 659 ἀντιλέγων
781 608 908 655 οὐδεὶς,
941 610 959 644 ὁ
995 608 1100 644 πολε-

73 659 149 705 μῶν
170 659 339 708 οὐδαμοῦ·
359 659 487 704 πάντες
505 661 640 712 πτωχοὶ
671 662 747 699 τότε
776 660 950 712 γίνονται,
971 659 1098 703 πάντες

73 711 300 759 σιωπητικοὶ,
331 711 459 755 πάντες
489 714 649 764 φυγάδες.
683 712 732 751 Ὢ
768 716 832 758 τῆς
860 716 972 758 κακῆς
1005 712 1098 777 ῥίζης

72 762 213 800 πάντων
241 767 309 802 τῶν
329 768 445 802 κακῶν
469 768 531 810 τῆς
560 765 798 818 φιλαργυρίας.
823 764 889 803 Ἕκ
908 769 968 802 τοῦ
993 766 1099 802 πλου-

71 830 132 852 του
161 816 326 867 βούλεσθε
353 820 526 863 σι11οἧναι;
546 817 637 855 Ἀλλ’
662 817 913 870 Εὐκοπώτερόν
938 819 1014 856 ἐστι
1035 817 1098 855 κοί-

73 870 183 918 μηλον
202 868 258 906 διὰ
278 869 488 922 τρυμαλίδος
513 869 654 922 ῥαφίδος
679 872 854 916 εἰσελθεῖν,
882 869 904 916 ἢ
934 869 1097 908 πλούσιον

70 922 118 962 εἷς
139 920 319 971 βασιλείαν
339 926 398 958 τοῦ
425 924 528 960 Θεοῦ.
552 924 782 975 Τρυφῶντες,
810 922 1013 973 μεθύοντες,
1038 923 1098 960 καὶ

71 973 360 1025 μετεωριζόμενοι
389 972 552 1024 βούλεσθε
581 982 679 1027 νικᾷν
709 976 770 1019 τὰς
808 975 974 1028 αἱρέσεις,
1004 975 1096 1014 Ἀλλ’

69 1025 146 1063 οὐαὶ
164 1028 261 1075 ὑμῖν,
274 1030 306 1064 οἱ
319 1030 514 1079 τρυφῶντες
539 1028 599 1065 καὶ
623 1029 931 1081 μετεωριζόμενοι,
948 1031 982 1066 ἐν
1008 1044 1097 1081 χρυ-

69 1081 120 1130 σῷ
138 1079 198 1116 καὶ
217 1078 366 1129 ἱματίοις
397 1079 567 1124 ποικίλοις
595 1082 913 1132 καλλωπιζόμενοι·
934 1084 1009 1125 πῶς
1039 1082 1098 1119 ἄλ-

67 1131 140 1174 λοις
159 1130 285 1175 δείξετε
312 1133 374 1180 τὴν
404 1132 516 1178 καλὴν
535 1133 714 1186 πτωχείαν
747 1138 807 1172 τοῦ
843 1135 1015 1186 Χριστοῦ,
1038 1138 1098 1172 τοῦ

68 1184 112 1222 δι’
131 1187 224 1234 ἡμᾶς
243 1184 537 1236 πτωχεύσαντος,
567 1191 626 1224 τοῦ
659 1186 899 1238 ἐντειλαμένου
931 1191 1003 1231 τοῖς
1033 1203 1100 1237 μα-

69 1239 189 1283 Οηταῖς
234 1232 346 1277 αὐτοῦ
380 1240 429 1290 μὴ
470 1240 563 1292 ἔχειν
601 1240 732 1291 χαλκὸν
772 1242 806 1278 ἐν
850 1246 925 1283 ταῖς
963 1240 1098 1284 ζώναις.

66 1288 205 1334 Ὄντως
241 1293 440 1340 πλανᾶσθε,
476 1294 524 1343 μὴ
559 1297 713 1336 νοοῦντες
746 1292 809 1336 τὰς
837 1293 990 1344 Γραφοίς.
1020 1294 1098 1330 Οὐκ

68 1343 210 1381 ἀκούετε
230 1349 290 1381 τοῦ
310 1345 438 1396 Κυρίου
457 1346 633 1397 λέγοντος,
651 1345 705 1382 ὅτι
737 1345 917 1397 Μακάριοι
947 1348 978 1383 οἱ
1002 1361 1097 1382 πτω-

66 1394 139 1446 χοί·
154 1396 214 1433 καὶ
238 1397 356 1444 πάλιν,
377 1398 467 1435 Οὐαὶ
498 1401 579 1448 ὑμῖν
602 1403 674 1440 τοῖς
707 1397 904 1441 πλουσίοις·
936 1397 1013 1444 καὶ,
1034 1398 1096 1445 Μὴ

68 1440 293 1499 θησαυρίζετε
310 1451 368 1487 ἐπὶ
383 1453 444 1496 τῆς
458 1454 539 1501 γῆς,
558 1450 602 1488 ‘O
617 1452 765 1493 πλοῦτος
778 1453 874 1501 ὑμῶν
889 1449 1097 1497 ἐπληθύνθη,

66 1501 162 1539 καὶὸ
189 1501 289 1552 λόγος
318 1506 413 1553 ὑμῶν
446 1504 618 1547 ἐξέλειπε·
637 1502 681 1539 τὰ
701 1503 825 1552 ἱμάτια
858 1506 955 1552 ὑμῶν
991 1503 1099 1548 σητό-

67 1552 187 1604 &porta
205 1555 385 1605 γεγόνασι·
407 1556 488 1606 περὶ
511 1550 557 1593 ὧν
588 1555 688 1606 λόγον
710 1555 840 1593 δώσετε
858 1558 907 1606 τῷ
935 1557 1098 1607 ἀρχιποι-

66 1606 144 1655 μένι
164 1609 321 1659 Χριστῷ.
355 1610 408 1646 Οὐ
428 1608 496 1660 γὰρ
526 1610 702 1660 ἀγνοεῖτε,
737 1609 790 1646 ὅτι
820 1608 966 1650 ἕκαστος
996 1610 1098 1658 ’ἡμῶν

61 1659 142 1710 περὶ
162 1662 284 1698 ἑαυτοῦ
306 1660 406 1712 λόγον
434 1661 538 1699 δώσει
557 1665 606 1712 τῷ
636 1662 736 1713 Θεῷ·
758 1665 854 1711 ὑμεῖς
875 1660 910 1698 δὲ
931 1661 990 1697 καὶ
1010 1660 1098 1712 ὑπὲρ

62 1713 194 1750 ἑαυτῶν
215 1713 274 1750 καὶ
289 1713 373 1765 ὑπὲρ
393 1717 461 1751 τῶν
480 1714 678 1766 προὸάτων,
699 1717 872 1766 ἀρχιερεῖς
898 1713 957 1751 καὶ
975 1715 1097 1765 ἱερεῖς,

63 1764 122 1802 καὶ
141 1765 316 1811 διάκονοι,
339 1767 483 1810 ἕκαστος
501 1766 615 1810 καθὼς
637 1767 838 1813 ἐπιστεύθη.
856 1766 947 1805 Ἀλλ’
975 1769 1096 1818 ὁρᾶτε,

64 1817 112 1866 μὴ
131 1819 334 1856 ἐπιλάθεσθε
351 1821 419 1856 τῶν
438 1820 629 1857 ταλάντων.
645 1820 846 1872 Προσέχετε
875 1823 1008 1861 ἑαυτοῖς
1037 1820 1096 1857 καὶ

62 1870 168 1908 παντὶ
187 1874 236 1923 τῷ
257 1871 429 1923 ποιμνίῳ·
457 1871 612 1910 Βλέπετε
643 1873 691 1921 μὴ
713 1871 887 1923 ἀπολείψη
918 1871 1094 1937 πρόὸατον

62 1924 101 1960 ἐκ
118 1927 180 1969 τῆς
194 1923 355 1973 ποίμνης.
375 1926 490 1962 Τοῦτο
517 1925 583 1976 γάρ
600 1926 679 1962 ε’στε
698 1924 946 1976 γινώσκοντες,
964 1926 1017 1962 ὁτι
1034 1924 1094 1963 ἐὰν

61 1974 96 2012 ἓν
115 1976 290 2028 πρόῧατον
311 1977 484 2029 ἀπολείψῃ
511 1977 693 2028 γενόμενον
715 1977 930 2030 θηριοίλωτον
952 1977 984 2021 ἐξ
1002 1980 1092 2028 ὑμε-

60 2028 162 2079 τέρας
186 2029 375 2079 ἀμελείας,
397 2031 512 2068 πάντα
536 2031 593 2068 τὸν
615 2030 688 2082 βίον
710 2033 808 2080 ὑμῶν
825 2031 1032 2068 κατέλυσεν·
1053 2030 1093 2068 τὸ

60 2080 127 2134 γὰρ
147 2077 235 2130 αἷμα
268 2084 371 2121 αὐτοῦ
394 2085 433 2121 ἐκ
467 2086 536 2120 τῶν
570 2086 697 2135 χειρῶν
731 2086 827 2134 ὑμῶν
856 2082 1047 2128 ἀπαιτήσει
1075 2087 1093 2121 ὃ

60 2133 193 2185 κριτής.
363 2181 383 2190 Ν
992 2189 1001 2202 ³

112 2187 326 2239 Ἀνανήψατε
344 2192 402 2225 οὖν
422 2189 556 2236 λοιπὸν,
573 2188 744 2242 κηρύξατε
762 2188 820 2226 τὸν
843 2188 956 2240 λόγον,
983 2191 1091 2242 απορ-

60 2238 183 2291 ῥίψατε
209 2247 325 2279 πᾶσαν
361 2241 527 2292 βιωτικὴν
550 2241 743 2293 μέριμναν,
762 2242 912 2293 βλέπετε
937 2242 1091 2303 ἀκριὸῶς

57 2294 132 2334 πῶς
150 2300 392 2344 περιπατεῖτε·
407 2294 562 2333 Βλέπετε
582 2294 660 2338 τοὺς
676 2294 792 2338 κύνας.
814 2296 928 2333 Πάλιν
948 2310 987 2332 το
1009 2296 1091 2345 βλέ-

57 2361 140 2382 πετε
172 2345 281 2397 λέγω,
310 2347 367 2385 καὶ
402 2346 514 2399 λέγων
551 2349 588 2385 οὐ
617 2347 789 2399 παύομαι.
819 2349 975 2386 Βλέπετε
1012 2348 1091 2393 τοὺς

57 2397 231 2445 κλέπτας,
255 2399 400 2450 βλέπετε
419 2400 472 2438 ὅτι
494 2400 617 2438 πολλοὶ
644 2401 770 2439 πλάνοι
797 2402 937 2448 ἐξῆλθον
958 2403 1006 2443 εἰς
1031 2402 1090 2440 τὸν

56 2450 199 2500 κόσμον.
235 2453 456 2503 Ἀγρυπνεῖτε
487 2453 548 2490 καὶ
576 2454 720 2505 νήφετε,
755 2457 786 2492 οἱ
815 2455 854 2493 τὸ
884 2454 1087 2493 δεσποτικὸν

56 2502 216 2553 χάρισμα
237 2505 589 2552 καταπιστευθέντες,
608 2506 668 2543 καὶ
695 2514 915 2559 γρηγορεῖτε,
935 2507 994 2544 καὶ
1024 2507 1086 2553 τὴν

59 2554 153 2606 ὥραν
174 2558 236 2601 τῆς
259 2557 409 2608 φοὸερᾶς
433 2559 625 2608 παρουσίας
651 2562 711 2595 τοῦ
733 2560 912 2614 Asc-strigon
930 2565 1086 2612 τηρεῖτε,

57 2606 138 2644 ὅταν
157 2607 304 2660 ἔρχηται
324 2616 470 2660 συνᾶραι
484 2610 584 2661 λόγον
605 2611 681 2661 μεθ’
701 2614 811 2662 ὑμῶν,
830 2617 878 2655 οἱς
903 2612 1087 2665 ἐωπίστευσε

56 2659 101 2697 τὰ
114 2660 279 2699 τάλαντα.
290 2663 413 2699 Ταῦτα
429 2662 540 2700 τοίνυν
557 2664 647 2702 κατὰ
657 2668 733 2702 νοῦν
746 2664 931 2716 ἔχοντες,ιῖ)
947 2666 1085 2716 ἀγαπη-

56 2712 121 2759 τοὶ,
134 2714 337 2764 Ποιμάνατε
357 2715 395 2752 τὸ
414 2717 448 2753 ἐν
464 2718 543 2765 ὑμῖν
558 2717 717 2767 ποίμνιον
734 2722 792 2755 τοῦ
809 2720 914 2763 Θεοῦ,
927 2719 972 2760 ὣς
991 2717 1085 2769 λέγει

56 2767 74 2802 ὃ
101 2765 309 2813 ἀπόστολος,
330 2767 377 2818 μὴ
398 2770 676 2819 ἀναγκαστικῶς,
700 2772 775 2808 ἀλλ’
797 2770 977 2817 ἑκουσίως,
996 2771 1084 2821 μηδὲ

56 2819 335 2871 αἰσχροκερδῶς,
369 2820 459 2858 ἀλλὰ
484 2822 669 2873 προθύμως
687 2853 696 2870 ,
725 2823 812 2873 μηδὲ
843 2826 890 2867 ὡς
930 2839 1083 2862 κατακυ-

56 2871 225 2922 ριεύοντες
243 2878 303 2911 τοῦ
324 2873 453 2924 κλήρου
469 2903 478 2920 ,
496 2874 587 2912 ἀλλὰ
608 2875 712 2914 τύποι
731 2876 909 2927 γενόμενοι
927 2880 985 2914 τοῦ
1002 2892 1081 2914 ποι-

54 2923 166 2973 μνίου.
190 2924 259 2962 Καὶ
278 2926 529 2977 φανερωθέντος
545 2931 605 2965 τοῦ
631 2929 878 2981 ἀρχιποιμένος
896 2928 1082 2984 κομίσεσθε

51 2977 109 3014 τὸν
128 2977 361 3030 ἀμαράντινον
376 2982 437 3024 τῆς
453 2979 551 3025 δόξης
571 2981 750 3033 στέφανον.
767 2983 884 3020 Πάλιν
899 2987 956 3020 οὐν
971 2982 1081 3020 ταύτὰ

51 3030 119 3080 ἐρῶ
133 3045 140 3053 ·
161 3030 333 3068 ἀκούσατε
353 3032 455 3082 ἱερεῖς
476 3033 607 3084 Κυρίου
622 3064 631 3081 ,
653 3036 814 3077 Βασιλεῖς
836 3038 899 3081 τῆς
917 3038 998 3087 γῆς,
1020 3035 1079 3073 καὶ

1124 1510 1147 1539 Β

2069 169 2151 213 711

1175 241 1380 292 opprobria,
1394 243 1570 293 convicia,
1586 245 1773 283 tumultus.
1810 246 1848 283 Si
1870 247 2088 298 incusentur,
2108 264 2161 287 re-

1176 293 1350 343 spondent
1372 309 1379 330 :
1401 295 1586 333 Neminem
1617 297 1722 345 laedo,
1744 297 1856 335 libere
1886 301 2046 351 pecuniis
2081 311 2162 340 utor

1175 345 1273 382 meis.
1295 346 1434 384 Deinde
1455 347 1484 384 si
1506 347 1586 398 quis
1608 362 1653 386 cx
1666 349 1784 400 impiis
1798 350 1971 389 haereticis
1983 367 2063 390 cum
2081 370 2161 392 con-

1174 405 1285 434 temtu
1305 406 1339 435 et
1360 413 1525 449 perversa
1544 400 1724 451 loquatur,
1750 415 1852 439 nemo
1872 413 1924 441 est
1947 406 2009 454 qui
2025 417 2161 444 contra-

1173 447 1283 499 dicat,
1315 464 1417 488 nemo
1452 452 1514 502 qui
1553 462 1724 505 repugnet
1745 469 1753 489 :
1771 468 1892 492 omnes
1921 465 2005 494 tunc
2040 458 2161 511 inopes

1175 511 1274 550 sunt,
1305 517 1425 541 omnes
1452 504 1643 554 taciturni,
1673 520 1795 544 omnes
1828 508 2020 559 refugiunt.
2043 512 2073 547 Ο
2107 513 2160 549 111-

1175 554 1311 592 saniant
1324 554 1331 593 l
1344 570 1364 592 ο
1376 556 1505 595 malam
1519 558 1680 596 omnium
1700 559 1878 597 malorum
1895 561 2051 600 radicem
2076 576 2162 601 ava-

1172 606 1312 647 ritiam!
1331 609 1397 646 Per
1412 609 1560 648 divitias
1588 612 1738 649 salutem
1755 615 1921 665 consequi
1939 614 2074 653 vultis?
2092 617 2162 655 Sed

1173 660 1351 699 Facilius
1370 670 1426 699 est
1445 665 1636 701 camelum
1653 666 1915 717 perforamen
1934 681 2025 705 acus
2039 671 2161 707 intra·
2179 677 2290 728 Λζιιιιῖι,
2313 687 2360 717 ¹9·

1172 725 1226 758 re,
1238 727 1355 764 qaam
1369 716 1527 753 divitem
1547 719 1589 753 in
1607 732 1767 769 regnum
1780 720 1868 757 Dei.
1881 720 2040 766 Deliciis,
2051 721 2162 760 ebrie·
2176 726 2227 756 2⁴·

1173 773 1244 802 tate
1269 775 1303 803 et
1325 768 1490 819 superbia
1510 769 1621 807 vultis
1638 770 1787 808 haereses
1806 774 1996 824 superare?
2017 774 2088 812 Sed
2106 790 2162 813 vae

1171 817 1290 865 vobis,
1312 820 1374 869 qui
1401 820 1436 858 in
1459 821 1598 859 deliciis
1620 824 1825 873 versamini,
1847 826 1907 875 qui
1934 826 2046 864 altum
2065 828 2162 880 sapi-

1173 869 1234 921 tis,
1252 871 1314 921 qui
1334 886 1420 910 auro
1436 883 1470 911 et
1484 875 1649 926 pretiosis
1664 877 1824 915 vestibus
1845 879 2027 930 conspicui
2053 883 2135 919 estis
2151 897 2158 917 z

1172 923 1352 973 quomodo
1371 925 1452 963 aliis
1481 927 1699 966 exhibebitis
1725 930 1915 981 pulchram
1935 932 2035 970 illam
2056 934 2159 971 Chri-

1173 976 1218 1013 sti
1253 987 1508 1029 paupertatem,
1536 981 1597 1030 qui
1630 991 1777 1034 propter
1810 997 1873 1021 nos
1907 984 2010 1037 inops
2047 987 2161 1024 factus

1173 1038 1239 1079 est,
1259 1031 1321 1080 qui
1340 1031 1537 1084 discipulos
1552 1033 1655 1086 jubet
1673 1035 1863 1086 pecuniam
1885 1051 1954 1075 non
1977 1039 2107 1077 habere
2125 1039 2160 1077 in
2178 1053 2257 1081 Ibid.
2279 1062 2363 1093 10.9.

1174 1083 1294 1119 zonis?
1316 1085 1410 1121 Vere
1427 1085 1565 1135 erratis,
1592 1100 1660 1124 non
1682 1089 1920 1140 intelligentes
1940 1091 2157 1144 Scripturas.

1174 1135 1252 1172 Non
1281 1135 1416 1175 auditis
1442 1138 1637 1176 Dominum
1658 1140 1833 1179 dicentem
1854 1159 1861 1178 :
1885 1146 2001 1181 Beati
2015 1160 2160 1197 paupe-
2178 1155 2258 1183 [hid.
2277 1155 2307 1184 5.
2328 1156 2364 1187 3.

1172 1201 1252 1235 res;
1266 1197 1299 1225 et
1323 1203 1481 1237 rursum,
1507 1193 1572 1229 Voe
1602 1195 1713 1231 vobis
1740 1196 1940 1242 divitibus;
1961 1206 2007 1243 et,
2030 1200 2162 1237 Nolite
2176 1213 2248 1240 Luc.
2275 1213 2361 1255 624.

1174 1241 1440 1280 thesaurizare
1460 1258 1573 1295 super
1592 1251 1762 1283 terram?
1781 1248 1930 1286 Divitiae
1946 1260 2070 1288 vestrae
2085 1266 2159 1290 cre-
2178 1255 2288 1285 Mani,
2309 1258 2342 1287 6·

1173 1303 1316 1343 verunt,
1341 1304 1374 1332 et
1388 1309 1502 1334 sermo
1521 1307 1636 1335 vester
1654 1298 1781 1337 defecit
1797 1316 1805 1336 :
1820 1302 2030 1341 vestimenta
2043 1314 2161 1343 vestra
2179 1304 2227 1334 ¹9·

1173 1359 1193 1382 a
1206 1347 1390 1385 vermibus
1416 1362 1556 1387 corrosa
1589 1361 1670 1389 sunt
1691 1367 1699 1388 :
1720 1353 1848 1403 quibus
1868 1354 1912 1393 de
1934 1357 2041 1394 rebus
2058 1357 2161 1396 Prin-

1173 1397 1245 1449 cipi
1280 1409 1463 1450 pastorum
1504 1402 1647 1441 Christo
1685 1405 1858 1444 rationem
1898 1408 2040 1447 dabitis.
2082 1413 2162 1449 Non

1173 1451 1268 1487 enim
1299 1452 1470 1503 ignoratis
1499 1468 1674 1506 quemque
1700 1467 1861 1496 nostrum
1887 1461 2061 1500 rationem
2086 1465 2162 1501 Deo

1172 1502 1400 1542 redditurum
1429 1519 1601 1555 esse3vos
1624 1517 1741 1546 autem
1765 1520 1798 1547 et
1820 1526 1885 1563 pro
1910 1514 2013 1552 vobis
2038 1525 2071 1553 et
2096 1531 2161 1568 pro

1172 1555 1319 1606 ovibus,
1336 1557 1493 1610 episcopi
1510 1573 1647 1612 nempe,
1664 1563 1862 1602 sacerdotes
1877 1574 1909 1602 et
1922 1566 2160 1616 diaconi,sin-

1173 1608 1250 1659 guli
1269 1623 1334 1660 pro
1351 1611 1407 1654 iis,
1427 1626 1506 1661 quae
1528 1612 1597 1650 sibi
1621 1615 1816 1653 commissae
1839 1627 1932 1655 sunt.
1953 1619 2025 1657 Sed
2045 1631 2164 1659 cavete

1172 1675 1216 1698 ne
1228 1662 1443 1700 talentorum
1470 1664 1746 1704 obliviscamini.
1767 1669 1976 1708 Attendite
1994 1675 2107 1711 vobis
2127 1683 2163 1712 et
2178 1679 2360 1709 Act-2028-

1173 1717 1353 1752 universo
1370 1719 1499 1768 gregi:
1513 1717 1631 1756 videte
1652 1734 1696 1757 ne
1710 1735 1780 1771 qua
1801 1723 1878 1760 ovis
1894 1738 1939 1761 ex
1958 1739 2064 1776 grege
2083 1741 2162 1778 per-

1171 1776 1239 1803 eat.
1264 1767 1339 1805 Hoc
1369 1769 1463 1806 enim
1487 1769 1621 1819 scitote,
1657 1774 1686 1810 si
1701 1773 1759 1811 vel
1783 1789 1852 1812 uua
1872 1776 1950 1814 ovis
1968 1792 2031 1829 per
2051 1780 2162 1831 negli—

1170 1820 1328 1869 gentiam
1350 1831 1505 1860 vestram
1527 1837 1546 1859 a
1566 1824 1648 1861 feris
1672 1835 1775 1878 capta
1796 1827 1901 1878 desit,
1923 1838 2031 1868 totam
2048 1832 2162 1870 vitam

1169 1881 1324 1911 vestram
1340 1888 1414 1911 esse
1434 1875 1712 1915 subvertendam
1736 1895 1743 1915 :
1764 1881 1786 1918 J
1791 1880 1884 1918 udex
1906 1883 2000 1921 enim
2015 1886 2161 1936 sangui-

1167 1939 1249 1963 nem
1270 1927 1346 1978 ejus
1365 1926 1410 1964 de
1428 1928 1593 1968 manibus
1612 1931 1740 1970 vestris
1756 1934 1922 1985 requiret.

1219 2191 1255 2227 7.
1285 2191 1463 2244 Respicite
1496 2192 1627 2244 igitur,
1650 2194 1842 2246 praedicate
1875 2198 2044 2249 verbum,
2064 2201 2156 2254 abji-

1166 2241 1234 2280 cite
1273 2258 1411 2283 omnem
1439 2246 1643 2283 saecularem
1679 2261 1822 2299 curam,
1848 2250 1966 2289 videte
1993 2265 2156 2293 accurate

1164 2296 1342 2346 quomodo
1355 2299 1544 2336 ambuletis
1565 2315 1572 2335 :
1598 2301 1730 2338 Videte
1749 2316 1876 2341 canes.
1898 2306 2055 2344 Rursum
2074 2308 2154 2347 dico
2170 2321 2306 2362 Philipp.
2321 2323 2354 2353 3.

1163 2349 1308 2400 Videte,
1327 2365 1390 2389 nec
1417 2352 1527 2389 finem
1546 2352 1689 2390 dicendi
1719 2354 1860 2394 faciam.
1889 2358 2018 2397 Yidete
2043 2361 2152 2410 fures,
2170 2372 2200 2391 2·

1162 2402 1280 2440 videte
1301 2405 1432 2442 multos
1451 2405 1653 2457 deceptores
1675 2406 1711 2443 in
1731 2409 1907 2447 mundum
1927 2412 2067 2450 effusos.
2085 2415 2152 2452 Yi—

1162 2455 1269 2505 gilatc
1287 2466 1321 2494 et
1339 2458 1522 2507 attendite,
1540 2459 1671 2508 quilius
1697 2460 1841 2499 Domini
1873 2465 1986 2513 gratia
2006 2480 2150 2507 concre-

1161 2508 1236 2545 dita
1259 2517 1321 2557 est,
1335 2519 1439 2560 atque
1459 2511 1583 2547 horam
1609 2512 1781 2549 tremendi
1801 2516 1948 2553 Domini
1973 2519 2149 2558 adventus

1161 2561 1359 2610 observate,
1372 2563 1513 2613 quando
1528 2563 1644 2601 veniet
1653 2564 1834 2616 positurus
1848 2569 2021 2608 rationem
2031 2573 2150 2611 vohis-

1160 2627 1256 2659 cum,
1272 2615 1403 2665 quibus
1425 2616 1554 2653 talenta
1578 2617 1770 2655 commisit.
1791 2620 1874 2658 Haec
1902 2622 2021 2674 itaque
2047 2627 2146 2677 cogi—

1158 2675 1284 2711 tantes,
1305 2667 1440 2717 dilecti,
1462 2671 1618 2707 Pascite
1650 2684 1802 2722 gregem
1832 2675 1923 2722 Dei,
1948 2680 2014 2728 qui
2045 2681 2151 2730 apud
2169 2699 2194 2717 ι.
2213 2689 2282 2718 Pet.
2296 2690 2326 2719 5.

1158 2734 1229 2757 vos
1245 2729 1313 2767 est,
1328 2730 1366 2758 ut
1380 2721 1466 2758 dicit
1480 2722 1678 2773 apostolus;
1696 2738 1773 2761 non
1787 2736 1934 2775 coacte,
1955 2731 2024 2767 sed
2035 2745 2148 2782 spon-
2164 2733 2268 2768 2.-4.

1159 2781 1288 2816 tanee;
1306 2787 1383 2810 non
1403 2777 1524 2825 turpis
1541 2775 1640 2813 lucri
1656 2780 1799 2828 gratia,
1819 2781 1889 2817 sed
1905 2783 2147 2830 voluntarie,-

1160 2839 1283 2877 neque
1293 2835 1334 2863 ut
1350 2828 1595 2866 dominantes
1606 2831 1646 2865 in
1658 2830 1815 2880 clerum,
1825 2834 1894 2870 sed
1898 2836 2034 2886 forma
2043 2839 2147 2888 facti

1155 2881 1292 2929 gregis.
1308 2880 1362 2916 Et
1374 2894 1460 2917 cum
1473 2884 1697 2932 apparuerit
1716 2884 1903 2937 Princeps
1924 2897 2143 2939 pastorum,

1152 2933 1371 2982 percipietis
1400 2935 1760 2973 immarcescibilem
1774 2938 1910 2989 gloriae
1941 2954 2138 2980 coronam.

1155 2983 1241 3020 Haec
1269 2998 1393 3022 rursus
1424 2985 1555 3024 dicam.
1577 2987 1722 3037 Audite,
1757 2991 1952 3030 sacerdotes
1978 2994 2144 3044 Domini,

1153 3037 1274 3088 Reges
1312 3046 1421 3076 terrae
1429 3069 1444 3086 ,
1479 3048 1516 3077 ec
1547 3054 1678 3079 omnes
1705 3044 1859 3094 populi,
1883 3048 2076 3098 principes
2107 3057 2143 3086 et
2159 3063 2246 3091 Psal.
2276 3062 2345 3102 148,

50 3081 177 3127 πάντες
205 3083 308 3131 λαοὶ,
331 3083 493 3135 ἄρχοντες
511 3085 571 3123 καὶ
601 3087 730 3130 πάντες
750 3088 866 3141 κριταὶ
891 3091 975 3139 γῆς·
997 3103 1077 3126 νεα·
1101 3100 1125 3129 D
1153 3102 1284 3128 omnes
1296 3092 1449 3142 judices
1475 3100 1586 3131 terroe
1604 3109 1615 3130 :
1629 3096 1794 3146 juvenes
1812 3105 1849 3134 et
1875 3100 2062 3150 virgines,
2085 3114 2141 3138 se·
2161 3113 2206 3132 1¹·

48 3134 160 3173 νίσκοι
189 3136 248 3173 καὶ
279 3137 466 3189 παρθένοι,
502 3139 733 3192 πρεσέύτεροι
764 3140 852 3191 μετὰ
886 3140 1075 3192 νεωτέρων.

50 3185 285 3227 Ἒνωτίσασθε
297 3190 424 3233 πάντες
443 3191 474 3227 οἱ
490 3196 728 3236 κατοικοῦντες
739 3193 800 3241 τὴν
817 3193 1075 3244 οἰκουμένην,οἱ

92 3302 108 3326 b
133 3308 331 3341 συνεισάκτους
342 3331 349 3344 ,
361 3304 629 3337 subintroductas
648 3307 806 3350 virgines.
819 3308 866 3339 De
878 3306 997 3350 quibus
1013 3309 1060 3341 vi-

47 3352 88 3385 de
104 3354 212 3387 Tomo
231 3356 241 3385 4
265 3354 360 3397 hujus
378 3355 564 3399 Editionis,
582 3358 740 3391 Sermone
766 3358 807 3391 de
832 3358 1059 3393 subintrodu-

1151 3156 1231 3189 nes,
1256 3157 1342 3181 cum
1353 3147 1590 3197 junioribus.
1613 3147 1791 3187 Auribus
1807 3153 1993 3202 percipite
2011 3166 2141 3190 omnes
2159 3171 2239 3199 Jbid.
2253 3169 2342 3210 43¹2,

1149 3198 1217 3247 qui
1236 3197 1422 3237 habitatis
1436 3201 1586 3238 orbem:
1596 3201 1701 3252 parvi
1715 3210 1748 3240 et
1764 3203 1897 3253 magni,
1910 3204 1984 3242 sive
2000 3218 2137 3242 mascu-
2153 3214 2183 3242 3.

1127 3311 1200 3344 ctis.
