<?xml version="1.0" encoding="UTF-8"?>
<!DOCTYPE html PUBLIC "-//W3C//DTD XHTML 1.0 Transitional//EN"
    "http://www.w3.org/TR/xhtml1/DTD/xhtml1-transitional.dtd">
<html xmlns="http://www.w3.org/1999/xhtml" xml:lang="en" lang="en">
 <head>
  <title>
</title>
<meta http-equiv="Content-Type" content="text/html;charset=utf-8" />
  <meta name='ocr-system' content='tesseract 3.04.00' />
  <meta name='ocr-capabilities' content='ocr_page ocr_carea ocr_par ocr_line ocrx_word'/>
</head>
<body>
  <div class='ocr_page' id='page_1' title='image "./operaomniaquaeex08johnuoft/operaomniaquaeex08johnuoft_0801.png"; bbox 0 0 2507 3673; ppageno 0'>
   <div class='ocr_carea' id='block_1_1' title="bbox 846 215 1422 245">
    <p class='ocr_par' dir='ltr' id='par_1_1' title="bbox 846 215 1422 245">
     <span class='ocr_line' id='line_1_1' title="bbox 846 215 1422 245; baseline 0.002 -2"><span class='ocrx_word' id='word_1_1' title='bbox 846 215 904 244; x_wconf 68' lang='lat' dir='ltr'>Dii</span> <span class='ocrx_word' id='word_1_2' title='bbox 941 216 1062 245; x_wconf 75' lang='lat' dir='ltr'>CAECO</span> <span class='ocrx_word' id='word_1_3' title='bbox 1100 216 1155 244; x_wconf 84' lang='lat' dir='ltr'>ET</span> <span class='ocrx_word' id='word_1_4' title='bbox 1192 215 1422 245; x_wconf 70' lang='lat' dir='ltr'>ZACCHEO.</span> 
     </span>
    </p>
   </div>
   <div class='ocr_carea' id='block_1_2' title="bbox 88 291 1108 451">
    <p class='ocr_par' dir='ltr' id='par_1_2' title="bbox 88 291 1108 451">
     <span class='ocr_line' id='line_1_2' title="bbox 88 291 1106 347; baseline 0.004 -17"><span class='ocrx_word' id='word_1_5' title='bbox 88 291 260 331; x_wconf 79' lang='grc' dir='ltr'>δείκνυται</span> <span class='ocrx_word' id='word_1_6' title='bbox 280 293 336 332; x_wconf 79' lang='grc' dir='ltr'>ἐπὶ</span> <span class='ocrx_word' id='word_1_7' title='bbox 354 294 416 339; x_wconf 73' lang='grc' dir='ltr'>τῆς</span> <span class='ocrx_word' id='word_1_8' title='bbox 442 293 589 345; x_wconf 74' lang='grc' dir='ltr'>ἀψύχου,</span> <span class='ocrx_word' id='word_1_9' title='bbox 611 292 675 339; x_wconf 82' lang='grc' dir='ltr'>τὴν</span> <span class='ocrx_word' id='word_1_10' title='bbox 701 293 736 332; x_wconf 81' lang='grc' dir='ltr'>δὲ</span> <span class='ocrx_word' id='word_1_11' title='bbox 756 295 1017 347; x_wconf 77' lang='grc' dir='ltr'>φιλανθρωπίαν</span> <span class='ocrx_word' id='word_1_12' title='bbox 1045 312 1106 334; x_wconf 91' lang='grc' dir='ltr'>τα-</span> 
     </span>
     <span class='ocr_line' id='line_1_3' title="bbox 88 344 1108 400; baseline 0.004 -18"><span class='ocrx_word' id='word_1_13' title='bbox 88 345 243 395; x_wconf 80' lang='grc' dir='ltr'>μιεύεται</span> <span class='ocrx_word' id='word_1_14' title='bbox 262 352 331 389; x_wconf 88' lang='grc' dir='ltr'>τοῖς</span> <span class='ocrx_word' id='word_1_15' title='bbox 351 344 554 397; x_wconf 84' lang='grc' dir='ltr'>ἀνθρώποις.</span> <span class='ocrx_word' id='word_1_16' title='bbox 575 345 679 383; x_wconf 74' lang='grc' dir='ltr'>Οὕτω</span> <span class='ocrx_word' id='word_1_17' title='bbox 699 347 757 384; x_wconf 75' lang='grc' dir='ltr'>καὶ</span> <span class='ocrx_word' id='word_1_18' title='bbox 784 350 930 386; x_wconf 80' lang='grc' dir='ltr'>ἐνταῦθα</span> <span class='ocrx_word' id='word_1_19' title='bbox 958 349 1108 400; x_wconf 73' lang='grc' dir='ltr'>συνεχώ-</span> 
     </span>
     <span class='ocr_line' id='line_1_4' title="bbox 89 398 1108 451; baseline 0.001 -15"><span class='ocrx_word' id='word_1_20' title='bbox 89 414 137 449; x_wconf 89' lang='grc' dir='ltr'>ρει</span> <span class='ocrx_word' id='word_1_21' title='bbox 166 401 216 451; x_wconf 82' lang='grc' dir='ltr'>τῷ</span> <span class='ocrx_word' id='word_1_22' title='bbox 247 400 364 451; x_wconf 72' lang='grc' dir='ltr'>τυφλῷ</span> <span class='ocrx_word' id='word_1_23' title='bbox 403 399 612 445; x_wconf 76' lang='grc' dir='ltr'>ἀκολουθεῖν,</span> <span class='ocrx_word' id='word_1_24' title='bbox 644 398 700 436; x_wconf 72' lang='grc' dir='ltr'>ἵνα</span> <span class='ocrx_word' id='word_1_25' title='bbox 733 400 899 444; x_wconf 78' lang='grc' dir='ltr'>νεάζουσα</span> <span class='ocrx_word' id='word_1_26' title='bbox 935 404 956 447; x_wconf 83' lang='grc' dir='ltr'>ἡ</span> <span class='ocrx_word' id='word_1_27' title='bbox 987 402 1108 451; x_wconf 77' lang='grc' dir='ltr'>μνήμη</span> 
     </span>
    </p>
   </div>
   <div class='ocr_carea' id='block_1_3' title="bbox 2075 222 2156 269">
    <p class='ocr_par' dir='ltr' id='par_1_3' title="bbox 2075 222 2156 269">
     <span class='ocr_line' id='line_1_5' title="bbox 2075 222 2156 269; baseline 0.025 -2"><span class='ocrx_word' id='word_1_28' title='bbox 2075 222 2156 269; x_wconf 80' lang='lat'>771</span> 
     </span>
    </p>
   </div>
   <div class='ocr_carea' id='block_1_4' title="bbox 1176 295 2165 353">
    <p class='ocr_par' dir='ltr' id='par_1_4' title="bbox 1176 295 2165 353">
     <span class='ocr_line' id='line_1_6' title="bbox 1176 295 2165 353; baseline 0.008 -20"><span class='ocrx_word' id='word_1_29' title='bbox 1176 305 1215 333; x_wconf 88' lang='lat' dir='ltr'>ut</span> <span class='ocrx_word' id='word_1_30' title='bbox 1230 310 1265 333; x_wconf 91' lang='lat' dir='ltr'>se</span> <span class='ocrx_word' id='word_1_31' title='bbox 1279 309 1399 333; x_wconf 88' lang='lat' dir='ltr'>omnes</span> <span class='ocrx_word' id='word_1_32' title='bbox 1413 295 1475 344; x_wconf 84' lang='lat' dir='ltr'>qui</span> <span class='ocrx_word' id='word_1_33' title='bbox 1491 296 1792 345; x_wconf 75' lang='lat' dir='ltr'>contradicebant,</span> <span class='ocrx_word' id='word_1_34' title='bbox 1808 301 1980 338; x_wconf 74' lang='lat' dir='ltr'>arefacere</span> <span class='ocrx_word' id='word_1_35' title='bbox 1995 303 2165 353; x_wconf 82' lang='lat' dir='ltr'>potuisse,</span> 
     </span>
    </p>
   </div>
   <div class='ocr_carea' id='block_1_5' title="bbox 1177 347 2336 456">
    <p class='ocr_par' dir='ltr' id='par_1_5' title="bbox 1177 347 2336 456">
     <span class='ocr_line' id='line_1_7' title="bbox 1177 347 2336 404; baseline 0.007 -18"><span class='ocrx_word' id='word_1_36' title='bbox 1177 362 1297 386; x_wconf 88' lang='lat' dir='ltr'>omncs</span> <span class='ocrx_word' id='word_1_37' title='bbox 1316 349 1381 384; x_wconf 80' lang='lat' dir='ltr'>Dei</span> <span class='ocrx_word' id='word_1_38' title='bbox 1394 348 1510 384; x_wconf 84' lang='lat' dir='ltr'>hostes</span> <span class='ocrx_word' id='word_1_39' title='bbox 1529 347 1659 398; x_wconf 82' lang='lat' dir='ltr'>delere,</span> <span class='ocrx_word' id='word_1_40' title='bbox 1673 349 1898 389; x_wconf 74' lang='lat' dir='ltr'>demonstret.</span> <span class='ocrx_word' id='word_1_41' title='bbox 1913 354 1983 391; x_wconf 88' lang='lat' dir='ltr'>Sed</span> <span class='ocrx_word' id='word_1_42' title='bbox 2000 355 2165 404; x_wconf 84' lang='lat' dir='ltr'>quoniam</span> <span class='ocrx_word' id='word_1_43' title='bbox 2181 368 2272 395; x_wconf 64' lang='lat' dir='ltr'>damn.</span> <span class='ocrx_word' id='word_1_44' title='bbox 2290 375 2336 396; x_wconf 83' lang='lat'>12.</span> 
     </span>
     <span class='ocr_line' id='line_1_8' title="bbox 1177 399 2231 456; baseline 0.007 -19"><span class='ocrx_word' id='word_1_45' title='bbox 1177 414 1247 437; x_wconf 91' lang='lat' dir='ltr'>non</span> <span class='ocrx_word' id='word_1_46' title='bbox 1269 399 1384 446; x_wconf 73' lang='lat' dir='ltr'>venit,</span> <span class='ocrx_word' id='word_1_47' title='bbox 1405 408 1443 436; x_wconf 92' lang='lat' dir='ltr'>ut</span> <span class='ocrx_word' id='word_1_48' title='bbox 1458 399 1595 451; x_wconf 87' lang='lat' dir='ltr'>judicet</span> <span class='ocrx_word' id='word_1_49' title='bbox 1624 402 1813 452; x_wconf 83' lang='lat' dir='ltr'>mundum,</span> <span class='ocrx_word' id='word_1_50' title='bbox 1837 404 1900 441; x_wconf 86' lang='lat' dir='ltr'>sed</span> <span class='ocrx_word' id='word_1_51' title='bbox 1921 415 1960 442; x_wconf 90' lang='lat' dir='ltr'>ut</span> <span class='ocrx_word' id='word_1_52' title='bbox 1979 408 2106 456; x_wconf 80' lang='lat' dir='ltr'>salvet,</span> <span class='ocrx_word' id='word_1_53' title='bbox 2128 419 2166 447; x_wconf 90' lang='lat' dir='ltr'>ut</span> <span class='ocrx_word' id='word_1_54' title='bbox 2180 406 2231 446; x_wconf 75' lang='grc'>47-</span> 
     </span>
    </p>
   </div>
   <div class='ocr_carea' id='block_1_6' title="bbox 86 449 2167 558">
    <p class='ocr_par' dir='ltr' id='par_1_6' title="bbox 86 449 2167 558">
     <span class='ocr_line' id='line_1_9' title="bbox 86 449 2167 507; baseline 0.005 -19"><span class='ocrx_word' id='word_1_55' title='bbox 86 451 231 497; x_wconf 83' lang='grc' dir='ltr'>διαλύση</span> <span class='ocrx_word' id='word_1_56' title='bbox 251 452 289 489; x_wconf 82' lang='grc' dir='ltr'>τὸ</span> <span class='ocrx_word' id='word_1_57' title='bbox 309 449 514 497; x_wconf 78' lang='grc' dir='ltr'>σκάνδαλον,</span> <span class='ocrx_word' id='word_1_58' title='bbox 533 449 590 488; x_wconf 77' lang='grc' dir='ltr'>ἵνα</span> <span class='ocrx_word' id='word_1_59' title='bbox 614 450 723 502; x_wconf 63' lang='grc' dir='ltr'>ἔχωσι</span> <span class='ocrx_word' id='word_1_60' title='bbox 741 452 803 499; x_wconf 75' lang='grc' dir='ltr'>τὴν</span> <span class='ocrx_word' id='word_1_61' title='bbox 827 454 1108 505; x_wconf 86' lang='grc' dir='ltr'>θαυματουργίαν</span> <span class='ocrx_word' id='word_1_62' title='bbox 1120 452 1254 507; x_wconf 53' lang='lat' dir='ltr'>,mipse</span> <span class='ocrx_word' id='word_1_63' title='bbox 1271 451 1380 499; x_wconf 80' lang='lat' dir='ltr'>dixit,</span> <span class='ocrx_word' id='word_1_64' title='bbox 1399 452 1593 504; x_wconf 81' lang='lat' dir='ltr'>potentiam</span> <span class='ocrx_word' id='word_1_65' title='bbox 1613 454 1757 504; x_wconf 85' lang='lat' dir='ltr'>quidem</span> <span class='ocrx_word' id='word_1_66' title='bbox 1780 455 1815 492; x_wconf 92' lang='lat' dir='ltr'>in</span> <span class='ocrx_word' id='word_1_67' title='bbox 1836 470 1873 493; x_wconf 90' lang='lat' dir='ltr'>rc</span> <span class='ocrx_word' id='word_1_68' title='bbox 1892 457 2009 494; x_wconf 83' lang='lat' dir='ltr'>anima</span> <span class='ocrx_word' id='word_1_69' title='bbox 2030 471 2167 499; x_wconf 82' lang='lat' dir='ltr'>carente</span> 
     </span>
     <span class='ocr_line' id='line_1_10' title="bbox 87 494 2165 558; baseline 0.004 -17"><span class='ocrx_word' id='word_1_70' title='bbox 87 494 536 556; x_wconf 77' lang='grc' dir='ltr'>ἀπαστράπτουσαν.Ἆλλὰ</span> <span class='ocrx_word' id='word_1_71' title='bbox 566 497 737 548; x_wconf 64' lang='grc' dir='ltr'>διεδέξατο</span> <span class='ocrx_word' id='word_1_72' title='bbox 769 505 807 543; x_wconf 76' lang='grc' dir='ltr'>τὸ</span> <span class='ocrx_word' id='word_1_73' title='bbox 841 509 957 556; x_wconf 83' lang='grc' dir='ltr'>θαῦμα</span> <span class='ocrx_word' id='word_1_74' title='bbox 971 505 1085 558; x_wconf 79' lang='grc' dir='ltr'>ἕτερον</span> <span class='ocrx_word' id='word_1_75' title='bbox 1100 521 1107 528; x_wconf 89' lang='grc'><em>·</em></span> <span class='ocrx_word' id='word_1_76' title='bbox 1132 519 1155 546; x_wconf 79' lang='grc' dir='ltr'>Α</span> <span class='ocrx_word' id='word_1_77' title='bbox 1179 504 1341 553; x_wconf 78' lang='lat' dir='ltr'>ostendit,</span> <span class='ocrx_word' id='word_1_78' title='bbox 1360 504 1615 556; x_wconf 82' lang='lat' dir='ltr'>benignitatem</span> <span class='ocrx_word' id='word_1_79' title='bbox 1638 517 1757 544; x_wconf 87' lang='lat' dir='ltr'>autem</span> <span class='ocrx_word' id='word_1_80' title='bbox 1777 508 1983 546; x_wconf 86' lang='lat' dir='ltr'>hominibus</span> <span class='ocrx_word' id='word_1_81' title='bbox 1999 522 2165 551; x_wconf 84' lang='lat' dir='ltr'>reservat.</span> 
     </span>
    </p>
   </div>
   <div class='ocr_carea' id='block_1_7' title="bbox 75 554 1110 1346">
    <p class='ocr_par' dir='ltr' id='par_1_7' title="bbox 75 554 1110 1346">
     <span class='ocr_line' id='line_1_11' title="bbox 85 554 1109 610; baseline 0.002 -17"><span class='ocrx_word' id='word_1_82' title='bbox 85 555 173 606; x_wconf 84' lang='grc' dir='ltr'>μετὰ</span> <span class='ocrx_word' id='word_1_83' title='bbox 187 556 254 609; x_wconf 87' lang='grc' dir='ltr'>γὰρ</span> <span class='ocrx_word' id='word_1_84' title='bbox 269 554 331 602; x_wconf 85' lang='grc' dir='ltr'>τὴν</span> <span class='ocrx_word' id='word_1_85' title='bbox 348 555 538 607; x_wconf 63' lang='grc' dir='ltr'>ἀνοίὲλεψιν</span> <span class='ocrx_word' id='word_1_86' title='bbox 557 561 615 610; x_wconf 54' lang='grc' dir='ltr'>τοῦ</span> <span class='ocrx_word' id='word_1_87' title='bbox 634 559 781 609; x_wconf 63' lang='grc' dir='ltr'>τυφλοῦ,</span> <span class='ocrx_word' id='word_1_88' title='bbox 801 557 987 609; x_wconf 67' lang='grc' dir='ltr'>ἀνέὸλεψεν</span> <span class='ocrx_word' id='word_1_89' title='bbox 1006 558 1109 601; x_wconf 85' lang='grc' dir='ltr'>ἄλλος</span> 
     </span>
     <span class='ocr_line' id='line_1_12' title="bbox 83 608 1110 664; baseline 0.001 -18"><span class='ocrx_word' id='word_1_90' title='bbox 83 609 208 660; x_wconf 71' lang='grc' dir='ltr'>τυφλὸς</span> <span class='ocrx_word' id='word_1_91' title='bbox 227 608 289 655; x_wconf 83' lang='grc' dir='ltr'>τὴν</span> <span class='ocrx_word' id='word_1_92' title='bbox 311 608 438 661; x_wconf 71' lang='grc' dir='ltr'>ψυχήν.</span> <span class='ocrx_word' id='word_1_93' title='bbox 461 608 525 652; x_wconf 81' lang='grc' dir='ltr'>Τίς</span> <span class='ocrx_word' id='word_1_94' title='bbox 555 612 667 656; x_wconf 72' lang='grc' dir='ltr'>οὗτος,</span> <span class='ocrx_word' id='word_1_95' title='bbox 688 610 732 648; x_wconf 78' lang='lat' dir='ltr'>‘O</span> <span class='ocrx_word' id='word_1_96' title='bbox 762 610 996 664; x_wconf 72' lang='grc' dir='ltr'>ἀρχιτελώνης</span> <span class='ocrx_word' id='word_1_97' title='bbox 1015 613 1032 648; x_wconf 89' lang='lat'>5</span> <span class='ocrx_word' id='word_1_98' title='bbox 1052 626 1110 647; x_wconf 84' lang='grc' dir='ltr'>τυ-</span> 
     </span>
     <span class='ocr_line' id='line_1_13' title="bbox 82 661 1110 727; baseline 0.002 -29"><span class='ocrx_word' id='word_1_99' title='bbox 82 661 248 712; x_wconf 78' lang='grc' dir='ltr'>φλώττων</span> <span class='ocrx_word' id='word_1_100' title='bbox 279 661 358 727; x_wconf 73' lang='grc' dir='ltr'>περὶ</span> <span class='ocrx_word' id='word_1_101' title='bbox 387 661 431 699; x_wconf 85' lang='grc' dir='ltr'>τὰ</span> <span class='ocrx_word' id='word_1_102' title='bbox 464 661 634 714; x_wconf 80' lang='grc' dir='ltr'>χρήματα</span> <span class='ocrx_word' id='word_1_103' title='bbox 648 692 657 709; x_wconf 89' lang='grc'>,</span> <span class='ocrx_word' id='word_1_104' title='bbox 676 665 693 700; x_wconf 87' lang='lat'>5</span> <span class='ocrx_word' id='word_1_105' title='bbox 713 666 754 714; x_wconf 78' lang='grc' dir='ltr'>τῇ</span> <span class='ocrx_word' id='word_1_106' title='bbox 775 661 956 715; x_wconf 79' lang='grc' dir='ltr'>πλεονεξίᾳ</span> <span class='ocrx_word' id='word_1_107' title='bbox 979 662 1110 714; x_wconf 82' lang='grc' dir='ltr'>τυφλὴν</span> 
     </span>
     <span class='ocr_line' id='line_1_14' title="bbox 81 713 1108 767; baseline 0.002 -16"><span class='ocrx_word' id='word_1_108' title='bbox 81 713 144 760; x_wconf 70' lang='grc' dir='ltr'>τὴν</span> <span class='ocrx_word' id='word_1_109' title='bbox 178 714 293 767; x_wconf 71' lang='grc' dir='ltr'>ψυχὴν</span> <span class='ocrx_word' id='word_1_110' title='bbox 316 730 418 766; x_wconf 78' lang='grc' dir='ltr'>εχων·</span> <span class='ocrx_word' id='word_1_111' title='bbox 453 714 547 753; x_wconf 75' lang='grc' dir='ltr'>οὐδὲν</span> <span class='ocrx_word' id='word_1_112' title='bbox 576 714 644 765; x_wconf 80' lang='grc' dir='ltr'>γὰρ</span> <span class='ocrx_word' id='word_1_113' title='bbox 679 715 786 757; x_wconf 80' lang='grc' dir='ltr'>οὕτως</span> <span class='ocrx_word' id='word_1_114' title='bbox 820 717 1012 766; x_wconf 72' lang='grc' dir='ltr'>ἀποτυφλοῖ</span> <span class='ocrx_word' id='word_1_115' title='bbox 1045 715 1108 762; x_wconf 80' lang='grc' dir='ltr'>τὴν</span> 
     </span>
     <span class='ocr_line' id='line_1_15' title="bbox 81 766 1108 820; baseline 0 -16"><span class='ocrx_word' id='word_1_116' title='bbox 81 766 209 818; x_wconf 74' lang='grc' dir='ltr'>ψυγὴν,</span> <span class='ocrx_word' id='word_1_117' title='bbox 230 771 276 811; x_wconf 84' lang='grc' dir='ltr'>ὡς</span> <span class='ocrx_word' id='word_1_118' title='bbox 305 768 349 805; x_wconf 80' lang='grc' dir='ltr'>τὰ</span> <span class='ocrx_word' id='word_1_119' title='bbox 377 767 556 820; x_wconf 73' lang='grc' dir='ltr'>χρήματα.</span> <span class='ocrx_word' id='word_1_120' title='bbox 585 766 654 804; x_wconf 82' lang='grc' dir='ltr'>Διὰ</span> <span class='ocrx_word' id='word_1_121' title='bbox 681 767 781 806; x_wconf 85' lang='grc' dir='ltr'>τοῦτό</span> <span class='ocrx_word' id='word_1_122' title='bbox 811 783 894 819; x_wconf 78' lang='grc' dir='ltr'>φησι</span> <span class='ocrx_word' id='word_1_123' title='bbox 927 769 1083 813; x_wconf 80' lang='grc' dir='ltr'>Μωϋσῆς</span> <span class='ocrx_word' id='word_1_124' title='bbox 1100 784 1108 791; x_wconf 94' lang='grc'><em>·</em></span> 
     </span>
     <span class='ocr_line' id='line_1_16' title="bbox 82 812 1108 872; baseline 0.001 -15"><span class='ocrx_word' id='word_1_125' title='bbox 82 812 188 872; x_wconf 77' lang='grc' dir='ltr'>Δῶρα</span> <span class='ocrx_word' id='word_1_126' title='bbox 206 819 274 872; x_wconf 80' lang='grc' dir='ltr'>γὰρ</span> <span class='ocrx_word' id='word_1_127' title='bbox 311 821 501 871; x_wconf 70' lang='grc' dir='ltr'>ἀποτυφλοῖ</span> <span class='ocrx_word' id='word_1_128' title='bbox 522 818 718 871; x_wconf 61' lang='grc' dir='ltr'>ὀφθαλμοὺς</span> <span class='ocrx_word' id='word_1_129' title='bbox 748 817 951 871; x_wconf 84' lang='grc' dir='ltr'>ἀνθρώπων,</span> <span class='ocrx_word' id='word_1_130' title='bbox 967 820 1026 858; x_wconf 79' lang='grc' dir='ltr'>καὶ</span> <span class='ocrx_word' id='word_1_131' title='bbox 1050 821 1108 858; x_wconf 87' lang='grc' dir='ltr'>λυ-</span> 
     </span>
     <span class='ocr_line' id='line_1_17' title="bbox 82 871 1108 925; baseline 0.002 -16"><span class='ocrx_word' id='word_1_132' title='bbox 82 873 241 922; x_wconf 83' lang='grc' dir='ltr'>μαίνεται</span> <span class='ocrx_word' id='word_1_133' title='bbox 269 872 412 924; x_wconf 72' lang='grc' dir='ltr'>ῥῆματα</span> <span class='ocrx_word' id='word_1_134' title='bbox 435 872 565 909; x_wconf 89' lang='grc' dir='ltr'>δίκαια.</span> <span class='ocrx_word' id='word_1_135' title='bbox 593 873 719 909; x_wconf 84' lang='grc' dir='ltr'>Ἦλθεν</span> <span class='ocrx_word' id='word_1_136' title='bbox 736 875 753 909; x_wconf 89' lang='lat'>5</span> <span class='ocrx_word' id='word_1_137' title='bbox 773 871 1031 925; x_wconf 74' lang='grc' dir='ltr'>ἀρχιτελώνης,</span> <span class='ocrx_word' id='word_1_138' title='bbox 1049 873 1108 911; x_wconf 82' lang='grc' dir='ltr'>καὶ</span> 
     </span>
     <span class='ocr_line' id='line_1_18' title="bbox 79 924 1106 977; baseline 0.002 -15"><span class='ocrx_word' id='word_1_139' title='bbox 79 924 207 977; x_wconf 74' lang='grc' dir='ltr'>παρῆει</span> <span class='ocrx_word' id='word_1_140' title='bbox 244 928 262 962; x_wconf 99' lang='lat'>5</span> <span class='ocrx_word' id='word_1_141' title='bbox 298 925 452 971; x_wconf 82' lang='grc' dir='ltr'>Ἰησοῦς,</span> <span class='ocrx_word' id='word_1_142' title='bbox 482 926 499 961; x_wconf 88' lang='lat'>5</span> <span class='ocrx_word' id='word_1_143' title='bbox 536 929 652 961; x_wconf 86' lang='grc' dir='ltr'>πᾶσαν</span> <span class='ocrx_word' id='word_1_144' title='bbox 681 925 855 976; x_wconf 83' lang='grc' dir='ltr'>ἁμαρτίαν</span> <span class='ocrx_word' id='word_1_145' title='bbox 889 925 1051 974; x_wconf 76' lang='grc' dir='ltr'>διαλύων,</span> <span class='ocrx_word' id='word_1_146' title='bbox 1089 929 1106 964; x_wconf 86' lang='lat'>5</span> 
     </span>
     <span class='ocr_line' id='line_1_19' title="bbox 78 967 1106 1028; baseline 0.003 -14"><span class='ocrx_word' id='word_1_147' title='bbox 78 967 194 1015; x_wconf 73' lang='grc' dir='ltr'>πᾶσαν</span> <span class='ocrx_word' id='word_1_148' title='bbox 213 977 338 1015; x_wconf 81' lang='grc' dir='ltr'>κακίαν</span> <span class='ocrx_word' id='word_1_149' title='bbox 359 975 544 1028; x_wconf 68' lang='grc' dir='ltr'>ἀφανίζων,</span> <span class='ocrx_word' id='word_1_150' title='bbox 564 979 581 1014; x_wconf 90' lang='lat'>5</span> <span class='ocrx_word' id='word_1_151' title='bbox 603 977 831 1026; x_wconf 64' lang='grc' dir='ltr'>μεταίίάλλων</span> <span class='ocrx_word' id='word_1_152' title='bbox 852 978 892 1016; x_wconf 84' lang='grc' dir='ltr'>τὸ</span> <span class='ocrx_word' id='word_1_153' title='bbox 917 977 1037 1022; x_wconf 84' lang='grc' dir='ltr'>σκότος</span> <span class='ocrx_word' id='word_1_154' title='bbox 1059 980 1106 1022; x_wconf 85' lang='grc' dir='ltr'>εἷς</span> 
     </span>
     <span class='ocr_line' id='line_1_20' title="bbox 78 1028 1106 1083; baseline 0.003 -17"><span class='ocrx_word' id='word_1_155' title='bbox 78 1031 166 1080; x_wconf 76' lang='grc' dir='ltr'>φῶς,</span> <span class='ocrx_word' id='word_1_156' title='bbox 187 1030 246 1067; x_wconf 84' lang='grc' dir='ltr'>καὶ</span> <span class='ocrx_word' id='word_1_157' title='bbox 278 1029 323 1067; x_wconf 80' lang='grc' dir='ltr'>τὰ</span> <span class='ocrx_word' id='word_1_158' title='bbox 342 1028 465 1067; x_wconf 81' lang='grc' dir='ltr'>σκολιὰ</span> <span class='ocrx_word' id='word_1_159' title='bbox 487 1031 532 1071; x_wconf 86' lang='grc' dir='ltr'>εἷς</span> <span class='ocrx_word' id='word_1_160' title='bbox 565 1031 696 1067; x_wconf 81' lang='grc' dir='ltr'>εὐθεῖαν</span> <span class='ocrx_word' id='word_1_161' title='bbox 719 1030 823 1082; x_wconf 78' lang='grc' dir='ltr'>ἄγων.</span> <span class='ocrx_word' id='word_1_162' title='bbox 852 1029 897 1069; x_wconf 72' lang='lat' dir='ltr'>‘O</span> <span class='ocrx_word' id='word_1_163' title='bbox 927 1032 1106 1083; x_wconf 74' lang='grc' dir='ltr'>Ζακχαῖος</span> 
     </span>
     <span class='ocr_line' id='line_1_21' title="bbox 79 1076 1104 1134; baseline 0.003 -15"><span class='ocrx_word' id='word_1_164' title='bbox 79 1081 213 1134; x_wconf 74' lang='grc' dir='ltr'>βραγὺς</span> <span class='ocrx_word' id='word_1_165' title='bbox 242 1076 283 1129; x_wconf 66' lang='grc' dir='ltr'>ἦν</span> <span class='ocrx_word' id='word_1_166' title='bbox 313 1082 375 1129; x_wconf 79' lang='grc' dir='ltr'>τὴν</span> <span class='ocrx_word' id='word_1_167' title='bbox 395 1082 548 1129; x_wconf 80' lang='grc' dir='ltr'>ἡλικίαν,</span> <span class='ocrx_word' id='word_1_168' title='bbox 566 1082 793 1133; x_wconf 79' lang='grc' dir='ltr'>ἐκτεταμένος</span> <span class='ocrx_word' id='word_1_169' title='bbox 820 1082 854 1120; x_wconf 75' lang='grc' dir='ltr'>δὲ</span> <span class='ocrx_word' id='word_1_170' title='bbox 887 1082 945 1121; x_wconf 76' lang='grc' dir='ltr'>τὸν</span> <span class='ocrx_word' id='word_1_171' title='bbox 979 1086 1104 1134; x_wconf 81' lang='grc' dir='ltr'>πόθον·</span> 
     </span>
     <span class='ocr_line' id='line_1_22' title="bbox 78 1128 1104 1191; baseline 0.002 -19"><span class='ocrx_word' id='word_1_172' title='bbox 78 1128 211 1187; x_wconf 46' lang='grc' dir='ltr'>βραγὺς</span> <span class='ocrx_word' id='word_1_173' title='bbox 229 1136 267 1173; x_wconf 80' lang='grc' dir='ltr'>τὸ</span> <span class='ocrx_word' id='word_1_174' title='bbox 291 1137 411 1186; x_wconf 81' lang='grc' dir='ltr'>σῶμα,</span> <span class='ocrx_word' id='word_1_175' title='bbox 430 1134 537 1184; x_wconf 77' lang='grc' dir='ltr'>μέγας</span> <span class='ocrx_word' id='word_1_176' title='bbox 565 1134 600 1173; x_wconf 77' lang='grc' dir='ltr'>δὲ</span> <span class='ocrx_word' id='word_1_177' title='bbox 633 1135 672 1172; x_wconf 82' lang='grc' dir='ltr'>τὸ</span> <span class='ocrx_word' id='word_1_178' title='bbox 693 1136 874 1189; x_wconf 78' lang='grc' dir='ltr'>φρόνημα·</span> <span class='ocrx_word' id='word_1_179' title='bbox 895 1136 1009 1182; x_wconf 76' lang='grc' dir='ltr'>ἐζήτει</span> <span class='ocrx_word' id='word_1_180' title='bbox 1037 1137 1104 1191; x_wconf 82' lang='grc' dir='ltr'>γὰρ</span> 
     </span>
     <span class='ocr_line' id='line_1_23' title="bbox 75 1181 1104 1241; baseline 0.002 -16"><span class='ocrx_word' id='word_1_181' title='bbox 75 1188 133 1225; x_wconf 80' lang='grc' dir='ltr'>τὸν</span> <span class='ocrx_word' id='word_1_182' title='bbox 157 1181 291 1234; x_wconf 72' lang='grc' dir='ltr'>Ἰησοῦν</span> <span class='ocrx_word' id='word_1_183' title='bbox 314 1189 408 1235; x_wconf 82' lang='grc' dir='ltr'>ἰδεῖν,</span> <span class='ocrx_word' id='word_1_184' title='bbox 429 1187 489 1224; x_wconf 83' lang='grc' dir='ltr'>καὶ</span> <span class='ocrx_word' id='word_1_185' title='bbox 506 1188 567 1225; x_wconf 79' lang='grc' dir='ltr'>οὐκ</span> <span class='ocrx_word' id='word_1_186' title='bbox 586 1187 735 1233; x_wconf 77' lang='grc' dir='ltr'>ἠδύνατο</span> <span class='ocrx_word' id='word_1_187' title='bbox 765 1189 822 1226; x_wconf 76' lang='grc' dir='ltr'>διὰ</span> <span class='ocrx_word' id='word_1_188' title='bbox 844 1189 881 1226; x_wconf 79' lang='grc' dir='ltr'>τὸ</span> <span class='ocrx_word' id='word_1_189' title='bbox 911 1189 1023 1241; x_wconf 72' lang='grc' dir='ltr'>βραχὺ</span> <span class='ocrx_word' id='word_1_190' title='bbox 1043 1194 1104 1237; x_wconf 79' lang='grc' dir='ltr'>τῆς</span> 
     </span>
     <span class='ocr_line' id='line_1_24' title="bbox 75 1240 1102 1293; baseline 0.003 -15"><span class='ocrx_word' id='word_1_191' title='bbox 75 1240 232 1286; x_wconf 72' lang='grc' dir='ltr'>ἡλικίας·</span> <span class='ocrx_word' id='word_1_192' title='bbox 251 1241 310 1279; x_wconf 86' lang='grc' dir='ltr'>καὶ</span> <span class='ocrx_word' id='word_1_193' title='bbox 336 1240 535 1292; x_wconf 63' lang='grc' dir='ltr'>προλαέἷὼν,</span> <span class='ocrx_word' id='word_1_194' title='bbox 557 1243 699 1292; x_wconf 70' lang='grc' dir='ltr'>μηχανῇ</span> <span class='ocrx_word' id='word_1_195' title='bbox 720 1241 900 1293; x_wconf 80' lang='grc' dir='ltr'>πορίζεται</span> <span class='ocrx_word' id='word_1_196' title='bbox 920 1242 960 1280; x_wconf 78' lang='grc' dir='ltr'>τὸ</span> <span class='ocrx_word' id='word_1_197' title='bbox 993 1244 1102 1281; x_wconf 79' lang='grc' dir='ltr'>ἐλλεῖ-</span> 
     </span>
     <span class='ocr_line' id='line_1_25' title="bbox 75 1293 1104 1346; baseline 0.002 -15"><span class='ocrx_word' id='word_1_198' title='bbox 75 1309 139 1331; x_wconf 86' lang='grc' dir='ltr'>πον</span> <span class='ocrx_word' id='word_1_199' title='bbox 156 1296 219 1339; x_wconf 75' lang='grc' dir='ltr'>τῆς</span> <span class='ocrx_word' id='word_1_200' title='bbox 251 1294 406 1341; x_wconf 86' lang='grc' dir='ltr'>ἡλικίας·</span> <span class='ocrx_word' id='word_1_201' title='bbox 428 1293 611 1346; x_wconf 73' lang='grc' dir='ltr'>ἀνατρέχει</span> <span class='ocrx_word' id='word_1_202' title='bbox 629 1293 696 1346; x_wconf 83' lang='grc' dir='ltr'>γὰρ</span> <span class='ocrx_word' id='word_1_203' title='bbox 716 1294 773 1331; x_wconf 78' lang='grc' dir='ltr'>ἐπὶ</span> <span class='ocrx_word' id='word_1_204' title='bbox 794 1293 1021 1345; x_wconf 77' lang='grc' dir='ltr'>συκομορέαν,</span> <span class='ocrx_word' id='word_1_205' title='bbox 1045 1296 1104 1333; x_wconf 85' lang='grc' dir='ltr'>καὶ</span> 
     </span>
    </p>
   </div>
   <div class='ocr_carea' id='block_1_8' title="bbox 74 1345 1148 1399">
    <p class='ocr_par' dir='ltr' id='par_1_8' title="bbox 74 1345 1148 1399">
     <span class='ocr_line' id='line_1_26' title="bbox 74 1345 1148 1399; baseline 0.002 -16"><span class='ocrx_word' id='word_1_206' title='bbox 74 1347 246 1398; x_wconf 81' lang='grc' dir='ltr'>παριόντα</span> <span class='ocrx_word' id='word_1_207' title='bbox 273 1347 330 1385; x_wconf 83' lang='grc' dir='ltr'>τὸν</span> <span class='ocrx_word' id='word_1_208' title='bbox 362 1346 497 1394; x_wconf 73' lang='grc' dir='ltr'>Ἰησοῦν</span> <span class='ocrx_word' id='word_1_209' title='bbox 531 1345 635 1399; x_wconf 44' lang='grc' dir='ltr'>ἑωώρα.</span> <span class='ocrx_word' id='word_1_210' title='bbox 674 1346 765 1385; x_wconf 84' lang='grc' dir='ltr'>Ἀλλ’</span> <span class='ocrx_word' id='word_1_211' title='bbox 793 1350 811 1385; x_wconf 78' lang='grc' dir='ltr'>ὅ</span> <span class='ocrx_word' id='word_1_212' title='bbox 842 1346 969 1399; x_wconf 80' lang='grc' dir='ltr'>Κύριος</span> <span class='ocrx_word' id='word_1_213' title='bbox 1001 1351 1102 1398; x_wconf 78' lang='grc' dir='ltr'>ἡμῶν</span> <span class='ocrx_word' id='word_1_214' title='bbox 1125 1361 1148 1390; x_wconf 83' lang='grc' dir='ltr'><strong><em>Β</em></strong></span> 
     </span>
    </p>
   </div>
   <div class='ocr_carea' id='block_1_9' title="bbox 59 1398 1104 3354">
    <p class='ocr_par' dir='ltr' id='par_1_9' title="bbox 59 1398 1104 3354">
     <span class='ocr_line' id='line_1_27' title="bbox 75 1398 1073 1415; baseline 0.005 -5"><span class='ocrx_word' id='word_1_215' title='bbox 75 1398 84 1410; x_wconf 72' lang='lat'><em>2</em></span> <span class='ocrx_word' id='word_1_216' title='bbox 170 1403 191 1410; x_wconf 71' lang='grc' dir='ltr'>ω</span> <span class='ocrx_word' id='word_1_217' title='bbox 344 1399 353 1412; x_wconf 56' lang='grc' dir='ltr'><strong>Χ</strong></span> <span class='ocrx_word' id='word_1_218' title='bbox 486 1398 494 1412; x_wconf 62' lang='grc' dir='ltr'><strong>Χ</strong></span> <span class='ocrx_word' id='word_1_219' title='bbox 540 1401 551 1413; x_wconf 66' lang='lat' dir='ltr'><em>C</em></span> <span class='ocrx_word' id='word_1_220' title='bbox 719 1403 728 1412; x_wconf 72' lang='lat' dir='ltr'><em>r</em></span> <span class='ocrx_word' id='word_1_221' title='bbox 811 1403 831 1411; x_wconf 53' lang='lat' dir='ltr'>R·</span> <span class='ocrx_word' id='word_1_222' title='bbox 930 1399 940 1411; x_wconf 81' lang='grc'>(</span> <span class='ocrx_word' id='word_1_223' title='bbox 1025 1400 1073 1415; x_wconf 49' lang='grc' dir='ltr'>,ΝΚ</span> 
     </span>
     <span class='ocr_line' id='line_1_28' title="bbox 87 1400 1104 1451; baseline 0.002 -15"><span class='ocrx_word' id='word_1_224' title='bbox 87 1400 208 1445; x_wconf 88' lang='grc' dir='ltr'>Ιησους</span> <span class='ocrx_word' id='word_1_225' title='bbox 229 1401 399 1451; x_wconf 86' lang='grc' dir='ltr'>Χριστος,</span> <span class='ocrx_word' id='word_1_226' title='bbox 418 1412 498 1447; x_wconf 88' lang='grc' dir='ltr'>περι</span> <span class='ocrx_word' id='word_1_227' title='bbox 518 1413 555 1435; x_wconf 89' lang='grc' dir='ltr'>ου</span> <span class='ocrx_word' id='word_1_228' title='bbox 586 1415 689 1451; x_wconf 80' lang='grc' dir='ltr'>φησιν</span> <span class='ocrx_word' id='word_1_229' title='bbox 716 1416 733 1437; x_wconf 92' lang='grc' dir='ltr'>ο</span> <span class='ocrx_word' id='word_1_230' title='bbox 751 1400 907 1447; x_wconf 81' lang='grc' dir='ltr'>Παυλος,</span> <span class='ocrx_word' id='word_1_231' title='bbox 943 1401 975 1437; x_wconf 92' lang='lat' dir='ltr'>O</span> <span class='ocrx_word' id='word_1_232' title='bbox 1006 1411 1104 1444; x_wconf 83' lang='grc' dir='ltr'>ειοως</span> 
     </span>
     <span class='ocr_line' id='line_1_29' title="bbox 74 1449 1103 1504; baseline 0.003 -16"><span class='ocrx_word' id='word_1_233' title='bbox 74 1452 113 1488; x_wconf 82' lang='grc' dir='ltr'>ἐκ</span> <span class='ocrx_word' id='word_1_234' title='bbox 133 1457 299 1504; x_wconf 77' lang='grc' dir='ltr'>περισσοῦ</span> <span class='ocrx_word' id='word_1_235' title='bbox 322 1458 432 1490; x_wconf 83' lang='grc' dir='ltr'>ποιεῖν</span> <span class='ocrx_word' id='word_1_236' title='bbox 465 1449 512 1491; x_wconf 70' lang='grc' dir='ltr'>ὧν</span> <span class='ocrx_word' id='word_1_237' title='bbox 535 1451 723 1503; x_wconf 83' lang='grc' dir='ltr'>αἰτούμεθα</span> <span class='ocrx_word' id='word_1_238' title='bbox 752 1451 773 1498; x_wconf 82' lang='grc' dir='ltr'>ἢ</span> <span class='ocrx_word' id='word_1_239' title='bbox 803 1456 958 1502; x_wconf 77' lang='grc' dir='ltr'>νοοῦμεν,</span> <span class='ocrx_word' id='word_1_240' title='bbox 981 1454 1018 1490; x_wconf 81' lang='grc' dir='ltr'>οὐ</span> <span class='ocrx_word' id='word_1_241' title='bbox 1047 1469 1103 1491; x_wconf 91' lang='grc' dir='ltr'>το-</span> 
     </span>
     <span class='ocr_line' id='line_1_30' title="bbox 74 1503 1104 1558; baseline 0.002 -16"><span class='ocrx_word' id='word_1_242' title='bbox 74 1509 194 1543; x_wconf 85' lang='grc' dir='ltr'>σοῦτον</span> <span class='ocrx_word' id='word_1_243' title='bbox 230 1507 324 1558; x_wconf 76' lang='grc' dir='ltr'>αὐτῷ</span> <span class='ocrx_word' id='word_1_244' title='bbox 362 1505 501 1554; x_wconf 81' lang='grc' dir='ltr'>ἔδωκεν,</span> <span class='ocrx_word' id='word_1_245' title='bbox 532 1504 611 1543; x_wconf 77' lang='grc' dir='ltr'>ὅσον</span> <span class='ocrx_word' id='word_1_246' title='bbox 646 1503 828 1553; x_wconf 80' lang='grc' dir='ltr'>ἐπόθησεν,</span> <span class='ocrx_word' id='word_1_247' title='bbox 866 1507 942 1543; x_wconf 87' lang='grc' dir='ltr'>ἀλλ’</span> <span class='ocrx_word' id='word_1_248' title='bbox 981 1508 1066 1557; x_wconf 82' lang='grc' dir='ltr'>ὓπερ</span> <span class='ocrx_word' id='word_1_249' title='bbox 1086 1506 1104 1544; x_wconf 79' lang='grc' dir='ltr'>ὃ</span> 
     </span>
     <span class='ocr_line' id='line_1_31' title="bbox 73 1556 1101 1610; baseline 0.002 -16"><span class='ocrx_word' id='word_1_250' title='bbox 73 1557 343 1608; x_wconf 86' lang='grc' dir='ltr'>προσεδόκησεν.</span> <span class='ocrx_word' id='word_1_251' title='bbox 369 1557 413 1596; x_wconf 89' lang='grc' dir='ltr'>Ὁ</span> <span class='ocrx_word' id='word_1_252' title='bbox 434 1558 496 1610; x_wconf 79' lang='grc' dir='ltr'>μὲν</span> <span class='ocrx_word' id='word_1_253' title='bbox 519 1556 586 1610; x_wconf 74' lang='grc' dir='ltr'>γὰρ</span> <span class='ocrx_word' id='word_1_254' title='bbox 609 1559 690 1595; x_wconf 84' lang='grc' dir='ltr'>ἰδεῖν</span> <span class='ocrx_word' id='word_1_255' title='bbox 707 1556 807 1607; x_wconf 90' lang='grc' dir='ltr'>μόνον</span> <span class='ocrx_word' id='word_1_256' title='bbox 829 1557 1009 1605; x_wconf 80' lang='grc' dir='ltr'>ἐπόθησεν,</span> <span class='ocrx_word' id='word_1_257' title='bbox 1027 1561 1044 1596; x_wconf 92' lang='lat'>5</span> <span class='ocrx_word' id='word_1_258' title='bbox 1066 1558 1101 1596; x_wconf 80' lang='grc' dir='ltr'>δὲ</span> 
     </span>
     <span class='ocr_line' id='line_1_32' title="bbox 73 1609 1100 1663; baseline 0.006 -20"><span class='ocrx_word' id='word_1_259' title='bbox 73 1610 132 1647; x_wconf 71' lang='grc' dir='ltr'>καὶ</span> <span class='ocrx_word' id='word_1_260' title='bbox 150 1614 211 1657; x_wconf 69' lang='grc' dir='ltr'>τῆς</span> <span class='ocrx_word' id='word_1_261' title='bbox 228 1609 415 1654; x_wconf 59' lang='grc' dir='ltr'>δεξιώσεως</span> <span class='ocrx_word' id='word_1_262' title='bbox 432 1612 531 1650; x_wconf 77' lang='grc' dir='ltr'>αὐτὸν</span> <span class='ocrx_word' id='word_1_263' title='bbox 552 1610 692 1657; x_wconf 77' lang='grc' dir='ltr'>ἠξίωσε.</span> <span class='ocrx_word' id='word_1_264' title='bbox 709 1609 780 1648; x_wconf 72' lang='grc' dir='ltr'>Καὶ</span> <span class='ocrx_word' id='word_1_265' title='bbox 795 1611 880 1662; x_wconf 74' lang='grc' dir='ltr'>φησὶ</span> <span class='ocrx_word' id='word_1_266' title='bbox 898 1611 983 1663; x_wconf 73' lang='grc' dir='ltr'>πρὸς</span> <span class='ocrx_word' id='word_1_267' title='bbox 1000 1611 1100 1649; x_wconf 75' lang='grc' dir='ltr'>αὐτὸν</span> 
     </span>
     <span class='ocr_line' id='line_1_33' title="bbox 73 1663 1101 1716; baseline 0.002 -16"><span class='ocrx_word' id='word_1_268' title='bbox 73 1665 90 1700; x_wconf 85' lang='lat'>5</span> <span class='ocrx_word' id='word_1_269' title='bbox 110 1664 320 1714; x_wconf 79' lang='grc' dir='ltr'>Θεασάμενός</span> <span class='ocrx_word' id='word_1_270' title='bbox 345 1666 448 1702; x_wconf 82' lang='grc' dir='ltr'>αὐτοῦ</span> <span class='ocrx_word' id='word_1_271' title='bbox 471 1665 532 1712; x_wconf 79' lang='grc' dir='ltr'>τὴν</span> <span class='ocrx_word' id='word_1_272' title='bbox 569 1664 722 1702; x_wconf 83' lang='grc' dir='ltr'>διάνοιαν</span> <span class='ocrx_word' id='word_1_273' title='bbox 755 1663 858 1714; x_wconf 77' lang='grc' dir='ltr'>(πρὶν</span> <span class='ocrx_word' id='word_1_274' title='bbox 892 1663 959 1716; x_wconf 83' lang='grc' dir='ltr'>γὰρ</span> <span class='ocrx_word' id='word_1_275' title='bbox 988 1664 1101 1716; x_wconf 67' lang='grc' dir='ltr'>ἀναὸῇ</span> 
     </span>
     <span class='ocr_line' id='line_1_34' title="bbox 73 1711 1102 1769; baseline 0.001 -16"><span class='ocrx_word' id='word_1_276' title='bbox 73 1717 121 1759; x_wconf 86' lang='grc' dir='ltr'>εἷς</span> <span class='ocrx_word' id='word_1_277' title='bbox 139 1716 201 1763; x_wconf 76' lang='grc' dir='ltr'>τὴν</span> <span class='ocrx_word' id='word_1_278' title='bbox 224 1720 343 1764; x_wconf 72' lang='grc' dir='ltr'>συκῆν,</span> <span class='ocrx_word' id='word_1_279' title='bbox 363 1711 451 1755; x_wconf 64' lang='grc' dir='ltr'>οἶδεν</span> <span class='ocrx_word' id='word_1_280' title='bbox 476 1720 580 1756; x_wconf 80' lang='grc' dir='ltr'>αὐτοῦ</span> <span class='ocrx_word' id='word_1_281' title='bbox 599 1716 663 1762; x_wconf 79' lang='grc' dir='ltr'>τὴν</span> <span class='ocrx_word' id='word_1_282' title='bbox 694 1717 867 1763; x_wconf 84' lang='grc' dir='ltr'>διάνοιαν)</span> <span class='ocrx_word' id='word_1_283' title='bbox 882 1732 890 1739; x_wconf 93' lang='grc'><em>·</em></span> <span class='ocrx_word' id='word_1_284' title='bbox 922 1719 1078 1769; x_wconf 75' lang='grc' dir='ltr'>Ζακχαῖε</span> <span class='ocrx_word' id='word_1_285' title='bbox 1093 1747 1102 1764; x_wconf 87' lang='grc'>,</span> 
     </span>
     <span class='ocr_line' id='line_1_35' title="bbox 72 1768 1102 1821; baseline 0.003 -15"><span class='ocrx_word' id='word_1_286' title='bbox 72 1769 226 1813; x_wconf 75' lang='grc' dir='ltr'>σπεύσας</span> <span class='ocrx_word' id='word_1_287' title='bbox 256 1770 443 1817; x_wconf 65' lang='grc' dir='ltr'>κατοίὸηθι.</span> <span class='ocrx_word' id='word_1_288' title='bbox 484 1769 599 1813; x_wconf 81' lang='grc' dir='ltr'>Καλὸς</span> <span class='ocrx_word' id='word_1_289' title='bbox 632 1768 764 1815; x_wconf 76' lang='grc' dir='ltr'>ἷξευτὴς</span> <span class='ocrx_word' id='word_1_290' title='bbox 799 1771 816 1807; x_wconf 84' lang='grc' dir='ltr'>ὁ</span> <span class='ocrx_word' id='word_1_291' title='bbox 852 1769 998 1821; x_wconf 83' lang='grc' dir='ltr'>Σωτὴρ,</span> <span class='ocrx_word' id='word_1_292' title='bbox 1033 1771 1102 1809; x_wconf 81' lang='grc' dir='ltr'>ἀπὸ</span> 
     </span>
     <span class='ocr_line' id='line_1_36' title="bbox 73 1821 1101 1877; baseline 0.003 -18"><span class='ocrx_word' id='word_1_293' title='bbox 73 1821 210 1874; x_wconf 77' lang='grc' dir='ltr'>δένδρου</span> <span class='ocrx_word' id='word_1_294' title='bbox 228 1822 342 1875; x_wconf 72' lang='grc' dir='ltr'>ψυχὴν</span> <span class='ocrx_word' id='word_1_295' title='bbox 372 1824 591 1877; x_wconf 64' lang='grc' dir='ltr'>καταφέρων.</span> <span class='ocrx_word' id='word_1_296' title='bbox 611 1824 788 1874; x_wconf 77' lang='grc' dir='ltr'>Ζακχαῖε,</span> <span class='ocrx_word' id='word_1_297' title='bbox 815 1821 968 1866; x_wconf 78' lang='grc' dir='ltr'>σπεύσας</span> <span class='ocrx_word' id='word_1_298' title='bbox 989 1824 1101 1862; x_wconf 78' lang='grc' dir='ltr'>κοιτά-</span> 
     </span>
     <span class='ocr_line' id='line_1_37' title="bbox 72 1874 1099 1928; baseline 0.003 -17"><span class='ocrx_word' id='word_1_299' title='bbox 72 1874 164 1921; x_wconf 65' lang='grc' dir='ltr'>ὃηθι.</span> <span class='ocrx_word' id='word_1_300' title='bbox 184 1876 372 1919; x_wconf 81' lang='grc' dir='ltr'>Ἐξέτεινεν</span> <span class='ocrx_word' id='word_1_301' title='bbox 395 1879 487 1928; x_wconf 79' lang='grc' dir='ltr'>αὐτῷ</span> <span class='ocrx_word' id='word_1_302' title='bbox 507 1878 563 1915; x_wconf 79' lang='grc' dir='ltr'>τὸν</span> <span class='ocrx_word' id='word_1_303' title='bbox 583 1876 742 1926; x_wconf 80' lang='grc' dir='ltr'>κάλαμον</span> <span class='ocrx_word' id='word_1_304' title='bbox 770 1880 831 1914; x_wconf 90' lang='grc' dir='ltr'>τοῦ</span> <span class='ocrx_word' id='word_1_305' title='bbox 857 1875 978 1928; x_wconf 86' lang='grc' dir='ltr'>λόγου,</span> <span class='ocrx_word' id='word_1_306' title='bbox 998 1892 1099 1928; x_wconf 87' lang='grc' dir='ltr'>περι-</span> 
     </span>
     <span class='ocr_line' id='line_1_38' title="bbox 71 1927 1101 1981; baseline 0.002 -17"><span class='ocrx_word' id='word_1_307' title='bbox 71 1927 173 1974; x_wconf 84' lang='grc' dir='ltr'>έθηκε</span> <span class='ocrx_word' id='word_1_308' title='bbox 201 1929 257 1967; x_wconf 84' lang='grc' dir='ltr'>τὸν</span> <span class='ocrx_word' id='word_1_309' title='bbox 280 1928 346 1973; x_wconf 78' lang='grc' dir='ltr'>ἰξὸν</span> <span class='ocrx_word' id='word_1_310' title='bbox 378 1932 440 1976; x_wconf 74' lang='grc' dir='ltr'>τῆς</span> <span class='ocrx_word' id='word_1_311' title='bbox 463 1930 624 1981; x_wconf 78' lang='grc' dir='ltr'>ἀγάπης,</span> <span class='ocrx_word' id='word_1_312' title='bbox 645 1927 767 1966; x_wconf 62' lang='grc' dir='ltr'>ἔλαὸεν</span> <span class='ocrx_word' id='word_1_313' title='bbox 800 1929 901 1966; x_wconf 73' lang='grc' dir='ltr'>αὐτὸν</span> <span class='ocrx_word' id='word_1_314' title='bbox 937 1929 1005 1967; x_wconf 79' lang='grc' dir='ltr'>ἀπὸ</span> <span class='ocrx_word' id='word_1_315' title='bbox 1033 1932 1101 1967; x_wconf 79' lang='grc' dir='ltr'>τῶν</span> 
     </span>
     <span class='ocr_line' id='line_1_39' title="bbox 69 1980 1100 2034; baseline 0.003 -16"><span class='ocrx_word' id='word_1_316' title='bbox 69 1980 249 2034; x_wconf 77' lang='grc' dir='ltr'>πτερύγιον</span> <span class='ocrx_word' id='word_1_317' title='bbox 278 1985 341 2028; x_wconf 71' lang='grc' dir='ltr'>τῆς</span> <span class='ocrx_word' id='word_1_318' title='bbox 372 1983 545 2030; x_wconf 81' lang='grc' dir='ltr'>διανοίας,</span> <span class='ocrx_word' id='word_1_319' title='bbox 569 1983 628 2020; x_wconf 82' lang='grc' dir='ltr'>καὶ</span> <span class='ocrx_word' id='word_1_320' title='bbox 658 1981 798 2033; x_wconf 82' lang='grc' dir='ltr'>συνάγει</span> <span class='ocrx_word' id='word_1_321' title='bbox 829 1981 929 2019; x_wconf 76' lang='grc' dir='ltr'>αὐτὸν</span> <span class='ocrx_word' id='word_1_322' title='bbox 950 1982 1018 2020; x_wconf 76' lang='grc' dir='ltr'>ὑπὸ</span> <span class='ocrx_word' id='word_1_323' title='bbox 1037 1981 1100 2029; x_wconf 79' lang='grc' dir='ltr'>τὴν</span> 
     </span>
     <span class='ocr_line' id='line_1_40' title="bbox 70 2033 1095 2089; baseline 0.003 -19"><span class='ocrx_word' id='word_1_324' title='bbox 70 2035 193 2072; x_wconf 82' lang='grc' dir='ltr'>ἑαυτοῦ</span> <span class='ocrx_word' id='word_1_325' title='bbox 210 2035 440 2082; x_wconf 81' lang='grc' dir='ltr'>Ἐκκλησίαν.</span> <span class='ocrx_word' id='word_1_326' title='bbox 461 2036 530 2074; x_wconf 82' lang='grc' dir='ltr'>Καὶ</span> <span class='ocrx_word' id='word_1_327' title='bbox 549 2035 625 2089; x_wconf 78' lang='grc' dir='ltr'>ὅρα,</span> <span class='ocrx_word' id='word_1_328' title='bbox 644 2033 679 2072; x_wconf 89' lang='grc' dir='ltr'>τί</span> <span class='ocrx_word' id='word_1_329' title='bbox 698 2041 801 2072; x_wconf 85' lang='grc' dir='ltr'>ποιεῖ.</span> <span class='ocrx_word' id='word_1_330' title='bbox 822 2034 901 2072; x_wconf 84' lang='grc' dir='ltr'>Ἵνα</span> <span class='ocrx_word' id='word_1_331' title='bbox 918 2034 953 2072; x_wconf 80' lang='grc' dir='ltr'>δὲ</span> <span class='ocrx_word' id='word_1_332' title='bbox 974 2034 1022 2086; x_wconf 79' lang='grc' dir='ltr'>μὴ</span> <span class='ocrx_word' id='word_1_333' title='bbox 1040 2051 1095 2073; x_wconf 94' lang='grc' dir='ltr'>νο-</span> 
     </span>
     <span class='ocr_line' id='line_1_41' title="bbox 70 2083 1099 2140; baseline 0.005 -18"><span class='ocrx_word' id='word_1_334' title='bbox 70 2086 175 2136; x_wconf 80' lang='grc' dir='ltr'>μίσῃς</span> <span class='ocrx_word' id='word_1_335' title='bbox 193 2088 231 2125; x_wconf 80' lang='grc' dir='ltr'>τὸ</span> <span class='ocrx_word' id='word_1_336' title='bbox 253 2091 349 2139; x_wconf 65' lang='grc' dir='ltr'>ῥῆμα</span> <span class='ocrx_word' id='word_1_337' title='bbox 367 2083 453 2126; x_wconf 59' lang='grc' dir='ltr'>εἶναι</span> <span class='ocrx_word' id='word_1_338' title='bbox 479 2089 518 2127; x_wconf 81' lang='grc' dir='ltr'>τὸ</span> <span class='ocrx_word' id='word_1_339' title='bbox 545 2088 769 2140; x_wconf 75' lang='grc' dir='ltr'>βιασάμενον,</span> <span class='ocrx_word' id='word_1_340' title='bbox 791 2088 868 2125; x_wconf 87' lang='grc' dir='ltr'>ἀλλ’</span> <span class='ocrx_word' id='word_1_341' title='bbox 889 2087 942 2126; x_wconf 75' lang='grc' dir='ltr'>ὅτι</span> <span class='ocrx_word' id='word_1_342' title='bbox 961 2091 978 2125; x_wconf 91' lang='lat'>5</span> <span class='ocrx_word' id='word_1_343' title='bbox 999 2088 1099 2138; x_wconf 85' lang='grc' dir='ltr'>λόγος</span> 
     </span>
     <span class='ocr_line' id='line_1_42' title="bbox 68 2139 1098 2196; baseline 0.001 -20"><span class='ocrx_word' id='word_1_344' title='bbox 68 2144 129 2177; x_wconf 90' lang='grc' dir='ltr'>τοῦ</span> <span class='ocrx_word' id='word_1_345' title='bbox 163 2142 254 2178; x_wconf 76' lang='grc' dir='ltr'>Θεοῦ</span> <span class='ocrx_word' id='word_1_346' title='bbox 283 2144 329 2184; x_wconf 81' lang='grc' dir='ltr'>ὡς</span> <span class='ocrx_word' id='word_1_347' title='bbox 368 2141 499 2188; x_wconf 78' lang='grc' dir='ltr'>ἷξευτῆς</span> <span class='ocrx_word' id='word_1_348' title='bbox 522 2144 618 2189; x_wconf 81' lang='grc' dir='ltr'>ἐστι,</span> <span class='ocrx_word' id='word_1_349' title='bbox 643 2140 736 2191; x_wconf 79' lang='grc' dir='ltr'>λέγει</span> <span class='ocrx_word' id='word_1_350' title='bbox 767 2143 784 2178; x_wconf 91' lang='lat'>5</span> <span class='ocrx_word' id='word_1_351' title='bbox 815 2139 985 2194; x_wconf 82' lang='grc' dir='ltr'>μακάριος</span> <span class='ocrx_word' id='word_1_352' title='bbox 1021 2143 1098 2196; x_wconf 59' lang='grc' dir='ltr'>ΖΝα-</span> 
     </span>
     <span class='ocr_line' id='line_1_43' title="bbox 68 2191 1100 2247; baseline 0.004 -19"><span class='ocrx_word' id='word_1_353' title='bbox 68 2191 210 2243; x_wconf 65' lang='grc' dir='ltr'>γαρίας·</span> <span class='ocrx_word' id='word_1_354' title='bbox 230 2194 289 2231; x_wconf 74' lang='grc' dir='ltr'>καὶ</span> <span class='ocrx_word' id='word_1_355' title='bbox 317 2194 421 2238; x_wconf 82' lang='grc' dir='ltr'>ἔδειξέ</span> <span class='ocrx_word' id='word_1_356' title='bbox 440 2211 499 2244; x_wconf 85' lang='grc' dir='ltr'>μοι</span> <span class='ocrx_word' id='word_1_357' title='bbox 519 2195 644 2247; x_wconf 75' lang='grc' dir='ltr'>Κύριος</span> <span class='ocrx_word' id='word_1_358' title='bbox 662 2194 765 2245; x_wconf 73' lang='grc' dir='ltr'>ἄγγος</span> <span class='ocrx_word' id='word_1_359' title='bbox 782 2193 929 2240; x_wconf 81' lang='grc' dir='ltr'>ἷξευτοῦ,</span> <span class='ocrx_word' id='word_1_360' title='bbox 946 2194 1004 2231; x_wconf 78' lang='grc' dir='ltr'>καὶ</span> <span class='ocrx_word' id='word_1_361' title='bbox 1025 2194 1100 2232; x_wconf 81' lang='grc' dir='ltr'>εἰπέ</span> 
     </span>
     <span class='ocr_line' id='line_1_44' title="bbox 70 2237 1096 2299; baseline 0.002 -17"><span class='ocrx_word' id='word_1_362' title='bbox 70 2237 129 2295; x_wconf 72' lang='grc' dir='ltr'>μοι</span> <span class='ocrx_word' id='word_1_363' title='bbox 145 2261 152 2268; x_wconf 89' lang='grc'>·</span> <span class='ocrx_word' id='word_1_364' title='bbox 171 2248 208 2284; x_wconf 86' lang='grc' dir='ltr'>οὐ</span> <span class='ocrx_word' id='word_1_365' title='bbox 239 2245 286 2295; x_wconf 78' lang='grc' dir='ltr'>μὴ</span> <span class='ocrx_word' id='word_1_366' title='bbox 319 2247 482 2299; x_wconf 81' lang='grc' dir='ltr'>παρέλθω</span> <span class='ocrx_word' id='word_1_367' title='bbox 513 2248 570 2285; x_wconf 83' lang='grc' dir='ltr'>τὸν</span> <span class='ocrx_word' id='word_1_368' title='bbox 588 2247 670 2286; x_wconf 89' lang='grc' dir='ltr'>λαόν</span> <span class='ocrx_word' id='word_1_369' title='bbox 692 2263 777 2297; x_wconf 89' lang='grc' dir='ltr'>μου,</span> <span class='ocrx_word' id='word_1_370' title='bbox 795 2246 859 2290; x_wconf 77' lang='grc' dir='ltr'>ἕως</span> <span class='ocrx_word' id='word_1_371' title='bbox 890 2246 942 2292; x_wconf 81' lang='grc' dir='ltr'>ἂν,</span> <span class='ocrx_word' id='word_1_372' title='bbox 971 2247 1096 2299; x_wconf 72' lang='grc' dir='ltr'>φησὶν,</span> 
     </span>
     <span class='ocr_line' id='line_1_45' title="bbox 69 2297 1098 2351; baseline 0.004 -18"><span class='ocrx_word' id='word_1_373' title='bbox 69 2297 192 2340; x_wconf 80' lang='grc' dir='ltr'>ἱξεύσω</span> <span class='ocrx_word' id='word_1_374' title='bbox 212 2299 325 2338; x_wconf 84' lang='grc' dir='ltr'>αὐτόν.</span> <span class='ocrx_word' id='word_1_375' title='bbox 346 2300 468 2344; x_wconf 81' lang='grc' dir='ltr'>Οὕτως</span> <span class='ocrx_word' id='word_1_376' title='bbox 492 2301 636 2347; x_wconf 75' lang='grc' dir='ltr'>ἀλήθεια</span> <span class='ocrx_word' id='word_1_377' title='bbox 669 2299 985 2351; x_wconf 78' lang='grc' dir='ltr'>μεμαρτυρημένη,</span> <span class='ocrx_word' id='word_1_378' title='bbox 1007 2300 1060 2338; x_wconf 78' lang='grc' dir='ltr'>ὅτι</span> <span class='ocrx_word' id='word_1_379' title='bbox 1081 2303 1098 2338; x_wconf 91' lang='lat'>5</span> 
     </span>
     <span class='ocr_line' id='line_1_46' title="bbox 66 2350 1098 2405; baseline 0.003 -17"><span class='ocrx_word' id='word_1_380' title='bbox 66 2350 165 2402; x_wconf 85' lang='grc' dir='ltr'>λόγος</span> <span class='ocrx_word' id='word_1_381' title='bbox 197 2356 255 2389; x_wconf 78' lang='grc' dir='ltr'>τοῦ</span> <span class='ocrx_word' id='word_1_382' title='bbox 285 2355 376 2391; x_wconf 85' lang='grc' dir='ltr'>Θεοῦ</span> <span class='ocrx_word' id='word_1_383' title='bbox 410 2353 476 2398; x_wconf 82' lang='grc' dir='ltr'>ἷξός</span> <span class='ocrx_word' id='word_1_384' title='bbox 509 2357 605 2402; x_wconf 81' lang='grc' dir='ltr'>ἐστι,</span> <span class='ocrx_word' id='word_1_385' title='bbox 636 2357 678 2402; x_wconf 66' lang='grc' dir='ltr'>τῇ</span> <span class='ocrx_word' id='word_1_386' title='bbox 712 2353 830 2404; x_wconf 82' lang='grc' dir='ltr'>ἀγάπη</span> <span class='ocrx_word' id='word_1_387' title='bbox 869 2356 914 2395; x_wconf 77' lang='grc' dir='ltr'>ὡς</span> <span class='ocrx_word' id='word_1_388' title='bbox 948 2352 1007 2405; x_wconf 76' lang='grc' dir='ltr'>ἰξῷ</span> <span class='ocrx_word' id='word_1_389' title='bbox 1036 2353 1098 2397; x_wconf 80' lang='grc' dir='ltr'>τὰς</span> 
     </span>
     <span class='ocr_line' id='line_1_47' title="bbox 67 2404 1096 2459; baseline 0.004 -19"><span class='ocrx_word' id='word_1_390' title='bbox 67 2404 180 2456; x_wconf 69' lang='grc' dir='ltr'>ψυχὰς</span> <span class='ocrx_word' id='word_1_391' title='bbox 201 2407 420 2458; x_wconf 75' lang='grc' dir='ltr'>περιπλέκων</span> <span class='ocrx_word' id='word_1_392' title='bbox 436 2423 443 2430; x_wconf 88' lang='grc'><em>·</em></span> <span class='ocrx_word' id='word_1_393' title='bbox 462 2407 522 2445; x_wconf 80' lang='grc' dir='ltr'>καὶ</span> <span class='ocrx_word' id='word_1_394' title='bbox 538 2407 657 2459; x_wconf 82' lang='grc' dir='ltr'>ὥσπερ</span> <span class='ocrx_word' id='word_1_395' title='bbox 684 2406 797 2452; x_wconf 79' lang='grc' dir='ltr'>ἐκείνη</span> <span class='ocrx_word' id='word_1_396' title='bbox 813 2409 834 2451; x_wconf 80' lang='grc' dir='ltr'>ἡ</span> <span class='ocrx_word' id='word_1_397' title='bbox 851 2405 959 2443; x_wconf 87' lang='grc' dir='ltr'>κόλλα</span> <span class='ocrx_word' id='word_1_398' title='bbox 979 2407 1016 2443; x_wconf 76' lang='grc' dir='ltr'>οὗ</span> <span class='ocrx_word' id='word_1_399' title='bbox 1036 2406 1096 2444; x_wconf 82' lang='grc' dir='ltr'>δό-</span> 
     </span>
     <span class='ocr_line' id='line_1_48' title="bbox 66 2458 1096 2511; baseline 0.005 -19"><span class='ocrx_word' id='word_1_400' title='bbox 66 2458 301 2496; x_wconf 73' lang='grc' dir='ltr'>ναταιλοιπὸν</span> <span class='ocrx_word' id='word_1_401' title='bbox 328 2459 364 2496; x_wconf 77' lang='grc' dir='ltr'>τὸ</span> <span class='ocrx_word' id='word_1_402' title='bbox 390 2459 622 2511; x_wconf 71' lang='grc' dir='ltr'>κατεχόμενον</span> <span class='ocrx_word' id='word_1_403' title='bbox 642 2461 828 2505; x_wconf 66' lang='grc' dir='ltr'>διαστῆσαι</span> <span class='ocrx_word' id='word_1_404' title='bbox 843 2462 901 2496; x_wconf 82' lang='grc' dir='ltr'>τοῦ</span> <span class='ocrx_word' id='word_1_405' title='bbox 927 2458 1096 2510; x_wconf 78' lang='grc' dir='ltr'>κατέχον-</span> 
     </span>
     <span class='ocr_line' id='line_1_49' title="bbox 65 2509 1095 2563; baseline 0.004 -17"><span class='ocrx_word' id='word_1_406' title='bbox 65 2525 142 2553; x_wconf 85' lang='grc' dir='ltr'>τος,</span> <span class='ocrx_word' id='word_1_407' title='bbox 175 2509 263 2547; x_wconf 75' lang='grc' dir='ltr'>οὕτω</span> <span class='ocrx_word' id='word_1_408' title='bbox 293 2511 351 2548; x_wconf 84' lang='grc' dir='ltr'>καὶ</span> <span class='ocrx_word' id='word_1_409' title='bbox 383 2515 418 2549; x_wconf 77' lang='grc' dir='ltr'>αἱ</span> <span class='ocrx_word' id='word_1_410' title='bbox 446 2513 556 2563; x_wconf 67' lang='grc' dir='ltr'>ψυχαὶ</span> <span class='ocrx_word' id='word_1_411' title='bbox 592 2515 626 2549; x_wconf 78' lang='grc' dir='ltr'>αἱ</span> <span class='ocrx_word' id='word_1_412' title='bbox 663 2514 713 2562; x_wconf 79' lang='grc' dir='ltr'>τῷ</span> <span class='ocrx_word' id='word_1_413' title='bbox 747 2513 889 2563; x_wconf 75' lang='grc' dir='ltr'>Σωτῆρι</span> <span class='ocrx_word' id='word_1_414' title='bbox 917 2512 1095 2562; x_wconf 75' lang='grc' dir='ltr'>ἡνωμέναι</span> 
     </span>
     <span class='ocr_line' id='line_1_50' title="bbox 65 2563 1095 2616; baseline 0.005 -18"><span class='ocrx_word' id='word_1_415' title='bbox 65 2563 258 2600; x_wconf 78' lang='grc' dir='ltr'>κολλῶνται</span> <span class='ocrx_word' id='word_1_416' title='bbox 275 2563 393 2615; x_wconf 80' lang='grc' dir='ltr'>ὥσπερ</span> <span class='ocrx_word' id='word_1_417' title='bbox 407 2567 449 2616; x_wconf 74' lang='grc' dir='ltr'>τῇ</span> <span class='ocrx_word' id='word_1_418' title='bbox 472 2565 578 2616; x_wconf 84' lang='grc' dir='ltr'>κόλλῃ</span> <span class='ocrx_word' id='word_1_419' title='bbox 602 2569 661 2602; x_wconf 86' lang='grc' dir='ltr'>τοῦ</span> <span class='ocrx_word' id='word_1_420' title='bbox 695 2563 836 2607; x_wconf 81' lang='grc' dir='ltr'>ἷξευτοῦ.</span> <span class='ocrx_word' id='word_1_421' title='bbox 863 2564 931 2601; x_wconf 83' lang='grc' dir='ltr'>Διὰ</span> <span class='ocrx_word' id='word_1_422' title='bbox 955 2568 1056 2602; x_wconf 87' lang='grc' dir='ltr'>τοῦτο</span> <span class='ocrx_word' id='word_1_423' title='bbox 1078 2569 1095 2603; x_wconf 87' lang='lat'>5</span> 
     </span>
     <span class='ocr_line' id='line_1_51' title="bbox 65 2615 1091 2668; baseline 0.004 -17"><span class='ocrx_word' id='word_1_424' title='bbox 65 2615 222 2658; x_wconf 79' lang='grc' dir='ltr'>πιασθεὶς</span> <span class='ocrx_word' id='word_1_425' title='bbox 253 2616 356 2659; x_wconf 76' lang='grc' dir='ltr'>καλὸς</span> <span class='ocrx_word' id='word_1_426' title='bbox 388 2616 525 2660; x_wconf 80' lang='grc' dir='ltr'>νεοσσὸς</span> <span class='ocrx_word' id='word_1_427' title='bbox 551 2617 661 2654; x_wconf 74' lang='grc' dir='ltr'>Δαυὶδ</span> <span class='ocrx_word' id='word_1_428' title='bbox 680 2616 795 2668; x_wconf 77' lang='grc' dir='ltr'>ἔλεγεν</span> <span class='ocrx_word' id='word_1_429' title='bbox 811 2632 819 2639; x_wconf 93' lang='grc'><em>·</em></span> <span class='ocrx_word' id='word_1_430' title='bbox 843 2616 1040 2664; x_wconf 72' lang='grc' dir='ltr'>Ἔκολληθη</span> <span class='ocrx_word' id='word_1_431' title='bbox 1071 2622 1091 2664; x_wconf 81' lang='grc' dir='ltr'>ἠ</span> 
     </span>
     <span class='ocr_line' id='line_1_52' title="bbox 64 2667 1092 2718; baseline 0.004 -15"><span class='ocrx_word' id='word_1_432' title='bbox 64 2667 160 2717; x_wconf 74' lang='grc' dir='ltr'>ψυχή</span> <span class='ocrx_word' id='word_1_433' title='bbox 186 2684 249 2718; x_wconf 85' lang='grc' dir='ltr'>μου</span> <span class='ocrx_word' id='word_1_434' title='bbox 273 2668 384 2708; x_wconf 81' lang='grc' dir='ltr'>ὀπίσω</span> <span class='ocrx_word' id='word_1_435' title='bbox 404 2685 463 2707; x_wconf 84' lang='grc' dir='ltr'>σου</span> <span class='ocrx_word' id='word_1_436' title='bbox 478 2686 485 2693; x_wconf 91' lang='grc'><em>·</em></span> <span class='ocrx_word' id='word_1_437' title='bbox 512 2671 572 2707; x_wconf 80' lang='grc' dir='ltr'>καὶ</span> <span class='ocrx_word' id='word_1_438' title='bbox 592 2670 697 2708; x_wconf 84' lang='grc' dir='ltr'>πάλιν</span> <span class='ocrx_word' id='word_1_439' title='bbox 720 2674 737 2708; x_wconf 92' lang='lat'>5</span> <span class='ocrx_word' id='word_1_440' title='bbox 759 2668 971 2716; x_wconf 82' lang='grc' dir='ltr'>ἀπόστολος,</span> <span class='ocrx_word' id='word_1_441' title='bbox 990 2669 1034 2707; x_wconf 77' lang='lat' dir='ltr'>‘O</span> <span class='ocrx_word' id='word_1_442' title='bbox 1057 2671 1092 2707; x_wconf 83' lang='grc' dir='ltr'>δὲ</span> 
     </span>
     <span class='ocr_line' id='line_1_53' title="bbox 63 2720 1091 2774; baseline 0.003 -18"><span class='ocrx_word' id='word_1_443' title='bbox 63 2720 283 2770; x_wconf 82' lang='grc' dir='ltr'>κολλώμενος</span> <span class='ocrx_word' id='word_1_444' title='bbox 310 2725 360 2773; x_wconf 80' lang='grc' dir='ltr'>τῷ</span> <span class='ocrx_word' id='word_1_445' title='bbox 386 2722 504 2774; x_wconf 79' lang='grc' dir='ltr'>Κυρίῳ</span> <span class='ocrx_word' id='word_1_446' title='bbox 533 2722 567 2760; x_wconf 78' lang='grc' dir='ltr'>ἓν</span> <span class='ocrx_word' id='word_1_447' title='bbox 600 2722 738 2773; x_wconf 85' lang='grc' dir='ltr'>πνεῦμά</span> <span class='ocrx_word' id='word_1_448' title='bbox 769 2725 874 2761; x_wconf 79' lang='grc' dir='ltr'>ἐστιν.</span> <span class='ocrx_word' id='word_1_449' title='bbox 895 2721 1013 2766; x_wconf 81' lang='grc' dir='ltr'>Ἰξεόει</span> <span class='ocrx_word' id='word_1_450' title='bbox 1034 2723 1091 2760; x_wconf 82' lang='grc' dir='ltr'>τὸν</span> 
     </span>
     <span class='ocr_line' id='line_1_54' title="bbox 65 2774 1092 2826; baseline 0.004 -17"><span class='ocrx_word' id='word_1_451' title='bbox 65 2774 256 2824; x_wconf 76' lang='grc' dir='ltr'>Ζακχαῐον,</span> <span class='ocrx_word' id='word_1_452' title='bbox 277 2775 336 2812; x_wconf 85' lang='grc' dir='ltr'>καὶ</span> <span class='ocrx_word' id='word_1_453' title='bbox 356 2776 502 2826; x_wconf 83' lang='grc' dir='ltr'>κατάγει</span> <span class='ocrx_word' id='word_1_454' title='bbox 526 2776 627 2814; x_wconf 74' lang='grc' dir='ltr'>αὐτὸν</span> <span class='ocrx_word' id='word_1_455' title='bbox 647 2775 717 2813; x_wconf 79' lang='grc' dir='ltr'>ἀπὸ</span> <span class='ocrx_word' id='word_1_456' title='bbox 745 2779 805 2813; x_wconf 86' lang='grc' dir='ltr'>τοῦ</span> <span class='ocrx_word' id='word_1_457' title='bbox 824 2775 980 2826; x_wconf 76' lang='grc' dir='ltr'>δένδρου,</span> <span class='ocrx_word' id='word_1_458' title='bbox 997 2780 1011 2795; x_wconf 73' lang='lat'><strong>³</strong></span> <span class='ocrx_word' id='word_1_459' title='bbox 1033 2776 1092 2813; x_wconf 78' lang='grc' dir='ltr'>καὶ</span> 
     </span>
     <span class='ocr_line' id='line_1_55' title="bbox 63 2825 1090 2879; baseline 0.004 -17"><span class='ocrx_word' id='word_1_460' title='bbox 63 2825 192 2877; x_wconf 70' lang='grc' dir='ltr'>εἰσάγει</span> <span class='ocrx_word' id='word_1_461' title='bbox 225 2827 343 2864; x_wconf 80' lang='grc' dir='ltr'>ἑαυτὸν</span> <span class='ocrx_word' id='word_1_462' title='bbox 367 2830 414 2871; x_wconf 84' lang='grc' dir='ltr'>εἰς</span> <span class='ocrx_word' id='word_1_463' title='bbox 432 2829 493 2875; x_wconf 78' lang='grc' dir='ltr'>τὴν</span> <span class='ocrx_word' id='word_1_464' title='bbox 531 2827 661 2874; x_wconf 74' lang='grc' dir='ltr'>σκηνὴν</span> <span class='ocrx_word' id='word_1_465' title='bbox 682 2830 809 2874; x_wconf 81' lang='grc' dir='ltr'>αὐτοῦ,</span> <span class='ocrx_word' id='word_1_466' title='bbox 841 2829 882 2875; x_wconf 73' lang='grc' dir='ltr'>ἦν</span> <span class='ocrx_word' id='word_1_467' title='bbox 912 2826 997 2866; x_wconf 79' lang='grc' dir='ltr'>ποτὲ</span> <span class='ocrx_word' id='word_1_468' title='bbox 1028 2827 1090 2879; x_wconf 81' lang='grc' dir='ltr'>μὲν</span> 
     </span>
     <span class='ocr_line' id='line_1_56' title="bbox 63 2878 1090 2934; baseline 0.005 -20"><span class='ocrx_word' id='word_1_469' title='bbox 63 2878 162 2921; x_wconf 71' lang='grc' dir='ltr'>αὐτὸς</span> <span class='ocrx_word' id='word_1_470' title='bbox 182 2884 256 2921; x_wconf 89' lang='grc' dir='ltr'>ταῖς</span> <span class='ocrx_word' id='word_1_471' title='bbox 274 2879 461 2932; x_wconf 77' lang='grc' dir='ltr'>ἁμαρτίαις</span> <span class='ocrx_word' id='word_1_472' title='bbox 477 2881 836 2934; x_wconf 56' lang='grc' dir='ltr'>ἐ«(νόφο)σε,ξήμ.ερον</span> <span class='ocrx_word' id='word_1_473' title='bbox 857 2880 892 2918; x_wconf 78' lang='grc' dir='ltr'>δὲ</span> <span class='ocrx_word' id='word_1_474' title='bbox 912 2884 928 2918; x_wconf 88' lang='lat'>5</span> <span class='ocrx_word' id='word_1_475' title='bbox 947 2882 1090 2933; x_wconf 71' lang='grc' dir='ltr'>φωστὴρ</span> 
     </span>
     <span class='ocr_line' id='line_1_57' title="bbox 61 2931 1087 2985; baseline 0.004 -18"><span class='ocrx_word' id='word_1_476' title='bbox 61 2933 123 2976; x_wconf 75' lang='grc' dir='ltr'>τῆς</span> <span class='ocrx_word' id='word_1_477' title='bbox 138 2931 310 2974; x_wconf 60' lang='grc' dir='ltr'>εὐσεέείας</span> <span class='ocrx_word' id='word_1_478' title='bbox 325 2932 556 2984; x_wconf 76' lang='grc' dir='ltr'>κατηύγασεν.</span> <span class='ocrx_word' id='word_1_479' title='bbox 577 2934 638 2977; x_wconf 85' lang='grc' dir='ltr'>Ὡς</span> <span class='ocrx_word' id='word_1_480' title='bbox 656 2937 713 2971; x_wconf 79' lang='grc' dir='ltr'>οὖν</span> <span class='ocrx_word' id='word_1_481' title='bbox 730 2935 887 2979; x_wconf 75' lang='grc' dir='ltr'>εἰσῆλθεν</span> <span class='ocrx_word' id='word_1_482' title='bbox 906 2937 923 2971; x_wconf 90' lang='lat'>5</span> <span class='ocrx_word' id='word_1_483' title='bbox 941 2933 1087 2985; x_wconf 81' lang='grc' dir='ltr'>Σωτὴρ,</span> 
     </span>
     <span class='ocr_line' id='line_1_58' title="bbox 61 2983 1089 3038; baseline 0.005 -19"><span class='ocrx_word' id='word_1_484' title='bbox 61 2983 247 3027; x_wconf 78' lang='grc' dir='ltr'>ὑπεδέξατο</span> <span class='ocrx_word' id='word_1_485' title='bbox 279 2985 379 3022; x_wconf 72' lang='grc' dir='ltr'>αὐτὸν</span> <span class='ocrx_word' id='word_1_486' title='bbox 411 2989 428 3023; x_wconf 85' lang='lat'>5</span> <span class='ocrx_word' id='word_1_487' title='bbox 454 2986 604 3033; x_wconf 77' lang='grc' dir='ltr'>τελώνης</span> <span class='ocrx_word' id='word_1_488' title='bbox 622 2985 767 3038; x_wconf 78' lang='grc' dir='ltr'>χαίρων.</span> <span class='ocrx_word' id='word_1_489' title='bbox 786 2985 835 3023; x_wconf 45' lang='grc' dir='ltr'>ηλΩ.</span> <span class='ocrx_word' id='word_1_490' title='bbox 864 2990 926 3032; x_wconf 69' lang='grc' dir='ltr'>τῆς</span> <span class='ocrx_word' id='word_1_491' title='bbox 959 2988 1089 3033; x_wconf 64' lang='grc' dir='ltr'>πολλῆς</span> 
     </span>
     <span class='ocr_line' id='line_1_59' title="bbox 61 3036 1089 3091; baseline 0.003 -19"><span class='ocrx_word' id='word_1_492' title='bbox 61 3036 274 3087; x_wconf 81' lang='grc' dir='ltr'>ἀγαθότητος</span> <span class='ocrx_word' id='word_1_493' title='bbox 289 3041 347 3075; x_wconf 84' lang='grc' dir='ltr'>τοῦ</span> <span class='ocrx_word' id='word_1_494' title='bbox 362 3038 540 3076; x_wconf 72' lang='grc' dir='ltr'>Δεσπότου</span> <span class='ocrx_word' id='word_1_495' title='bbox 554 3055 560 3062; x_wconf 92' lang='grc'>·</span> <span class='ocrx_word' id='word_1_496' title='bbox 575 3043 592 3076; x_wconf 88' lang='lat'>5</span> <span class='ocrx_word' id='word_1_497' title='bbox 608 3039 852 3091; x_wconf 80' lang='grc' dir='ltr'>ἀναμάρτητος</span> <span class='ocrx_word' id='word_1_498' title='bbox 870 3038 958 3089; x_wconf 78' lang='grc' dir='ltr'>μετὰ</span> <span class='ocrx_word' id='word_1_499' title='bbox 976 3040 1089 3090; x_wconf 78' lang='grc' dir='ltr'>ἆμαρ-</span> 
     </span>
     <span class='ocr_line' id='line_1_60' title="bbox 60 3089 1088 3140; baseline 0.001 -15"><span class='ocrx_word' id='word_1_500' title='bbox 60 3091 194 3136; x_wconf 77' lang='grc' dir='ltr'>τωλῶν,</span> <span class='ocrx_word' id='word_1_501' title='bbox 211 3092 232 3134; x_wconf 81' lang='grc' dir='ltr'>ἡ</span> <span class='ocrx_word' id='word_1_502' title='bbox 260 3089 355 3140; x_wconf 66' lang='grc' dir='ltr'>πηγὴ</span> <span class='ocrx_word' id='word_1_503' title='bbox 383 3094 445 3137; x_wconf 75' lang='grc' dir='ltr'>τῆς</span> <span class='ocrx_word' id='word_1_504' title='bbox 475 3092 691 3138; x_wconf 70' lang='grc' dir='ltr'>δικαιοσύνης</span> <span class='ocrx_word' id='word_1_505' title='bbox 720 3091 809 3140; x_wconf 74' lang='grc' dir='ltr'>μετὰ</span> <span class='ocrx_word' id='word_1_506' title='bbox 830 3095 891 3137; x_wconf 72' lang='grc' dir='ltr'>τ’ἦς</span> <span class='ocrx_word' id='word_1_507' title='bbox 919 3091 1002 3136; x_wconf 80' lang='grc' dir='ltr'>ὕλης</span> <span class='ocrx_word' id='word_1_508' title='bbox 1025 3094 1088 3136; x_wconf 65' lang='grc' dir='ltr'>τῆς</span> 
     </span>
     <span class='ocr_line' id='line_1_61' title="bbox 60 3141 1086 3194; baseline 0.001 -16"><span class='ocrx_word' id='word_1_509' title='bbox 60 3141 195 3185; x_wconf 76' lang='grc' dir='ltr'>ἀδικίας</span> <span class='ocrx_word' id='word_1_510' title='bbox 210 3159 213 3162; x_wconf 63' lang='grc'>’</span> <span class='ocrx_word' id='word_1_511' title='bbox 238 3142 304 3188; x_wconf 76' lang='grc' dir='ltr'>ὕλη</span> <span class='ocrx_word' id='word_1_512' title='bbox 319 3142 385 3194; x_wconf 76' lang='grc' dir='ltr'>γὰρ</span> <span class='ocrx_word' id='word_1_513' title='bbox 407 3143 554 3191; x_wconf 84' lang='grc' dir='ltr'>ἀδικίας,</span> <span class='ocrx_word' id='word_1_514' title='bbox 568 3143 760 3187; x_wconf 80' lang='grc' dir='ltr'>πλεονεξία.</span> <span class='ocrx_word' id='word_1_515' title='bbox 777 3145 948 3189; x_wconf 66' lang='grc' dir='ltr'>Εἰσῆλθεν</span> <span class='ocrx_word' id='word_1_516' title='bbox 966 3145 1013 3186; x_wconf 87' lang='grc' dir='ltr'>εἷς</span> <span class='ocrx_word' id='word_1_517' title='bbox 1024 3142 1086 3189; x_wconf 73' lang='grc' dir='ltr'>τὴν</span> 
     </span>
     <span class='ocr_line' id='line_1_62' title="bbox 60 3193 1088 3249; baseline 0.002 -18"><span class='ocrx_word' id='word_1_518' title='bbox 60 3193 172 3232; x_wconf 85' lang='grc' dir='ltr'>οἰκίαν</span> <span class='ocrx_word' id='word_1_519' title='bbox 207 3198 266 3233; x_wconf 78' lang='grc' dir='ltr'>τοῦ</span> <span class='ocrx_word' id='word_1_520' title='bbox 297 3196 468 3242; x_wconf 77' lang='grc' dir='ltr'>τελώνου,</span> <span class='ocrx_word' id='word_1_521' title='bbox 499 3202 536 3233; x_wconf 82' lang='grc' dir='ltr'>οὐ</span> <span class='ocrx_word' id='word_1_522' title='bbox 570 3199 620 3249; x_wconf 76' lang='grc' dir='ltr'>τῷ</span> <span class='ocrx_word' id='word_1_523' title='bbox 651 3197 767 3249; x_wconf 60' lang='grc' dir='ltr'>γνόφῳ</span> <span class='ocrx_word' id='word_1_524' title='bbox 797 3199 860 3242; x_wconf 70' lang='grc' dir='ltr'>τῆς</span> <span class='ocrx_word' id='word_1_525' title='bbox 888 3194 1088 3239; x_wconf 83' lang='grc' dir='ltr'>πλεονεξίας</span> 
     </span>
     <span class='ocr_line' id='line_1_63' title="bbox 59 3246 1087 3301; baseline 0.001 -17"><span class='ocrx_word' id='word_1_526' title='bbox 59 3246 293 3297; x_wconf 59' lang='grc' dir='ltr'>ὑέριζόμενος,</span> <span class='ocrx_word' id='word_1_527' title='bbox 314 3247 404 3286; x_wconf 73' lang='grc' dir='ltr'>ἀλλὰ</span> <span class='ocrx_word' id='word_1_528' title='bbox 418 3252 460 3297; x_wconf 71' lang='grc' dir='ltr'>τῇ</span> <span class='ocrx_word' id='word_1_529' title='bbox 484 3251 570 3301; x_wconf 64' lang='grc' dir='ltr'>αὐγῇ</span> <span class='ocrx_word' id='word_1_530' title='bbox 584 3254 646 3295; x_wconf 69' lang='grc' dir='ltr'>τῆς</span> <span class='ocrx_word' id='word_1_531' title='bbox 661 3248 882 3293; x_wconf 78' lang='grc' dir='ltr'>δικαιοσύνης</span> <span class='ocrx_word' id='word_1_532' title='bbox 897 3246 961 3293; x_wconf 80' lang='grc' dir='ltr'>τὴν</span> <span class='ocrx_word' id='word_1_533' title='bbox 978 3250 1087 3285; x_wconf 88' lang='grc' dir='ltr'>πλεο-</span> 
     </span>
     <span class='ocr_line' id='line_1_64' title="bbox 62 3299 1086 3354; baseline 0.004 -19"><span class='ocrx_word' id='word_1_534' title='bbox 62 3299 171 3342; x_wconf 82' lang='grc' dir='ltr'>νεξίαν</span> <span class='ocrx_word' id='word_1_535' title='bbox 197 3300 382 3351; x_wconf 59' lang='grc' dir='ltr'>ἀφανίζων.</span> <span class='ocrx_word' id='word_1_536' title='bbox 413 3302 482 3339; x_wconf 81' lang='grc' dir='ltr'>Καὶ</span> <span class='ocrx_word' id='word_1_537' title='bbox 513 3302 577 3354; x_wconf 80' lang='grc' dir='ltr'>ὅρα</span> <span class='ocrx_word' id='word_1_538' title='bbox 607 3302 647 3340; x_wconf 84' lang='grc' dir='ltr'>τὸ</span> <span class='ocrx_word' id='word_1_539' title='bbox 679 3300 891 3352; x_wconf 82' lang='grc' dir='ltr'>θαυμαστόν.</span> <span class='ocrx_word' id='word_1_540' title='bbox 914 3299 1086 3344; x_wconf 79' lang='grc' dir='ltr'>Εὗθέωςὸ</span> 
     </span>
    </p>
   </div>
   <div class='ocr_carea' id='block_1_10' title="bbox 1162 556 2367 3360">
    <p class='ocr_par' dir='ltr' id='par_1_10' title="bbox 1178 556 2168 611">
     <span class='ocr_line' id='line_1_65' title="bbox 1178 556 2168 611; baseline 0.008 -17"><span class='ocrx_word' id='word_1_541' title='bbox 1178 557 1231 594; x_wconf 88' lang='lat' dir='ltr'>Ita</span> <span class='ocrx_word' id='word_1_542' title='bbox 1244 556 1348 594; x_wconf 89' lang='lat' dir='ltr'>ethic</span> <span class='ocrx_word' id='word_1_543' title='bbox 1365 572 1454 595; x_wconf 84' lang='lat' dir='ltr'>caeco</span> <span class='ocrx_word' id='word_1_544' title='bbox 1473 567 1511 595; x_wconf 90' lang='lat' dir='ltr'>ut</span> <span class='ocrx_word' id='word_1_545' title='bbox 1526 569 1730 608; x_wconf 82' lang='lat' dir='ltr'>sequeretur</span> <span class='ocrx_word' id='word_1_546' title='bbox 1749 561 1976 611; x_wconf 79' lang='lat' dir='ltr'>concedebat,</span> <span class='ocrx_word' id='word_1_547' title='bbox 1993 572 2032 600; x_wconf 91' lang='lat' dir='ltr'>ut</span> <span class='ocrx_word' id='word_1_548' title='bbox 2048 578 2168 603; x_wconf 89' lang='lat' dir='ltr'>reeens</span> 
     </span>
    </p>

    <p class='ocr_par' dir='ltr' id='par_1_11' title="bbox 1178 609 2168 661">
     <span class='ocr_line' id='line_1_66' title="bbox 1178 609 2168 661; baseline 0.009 -15"><span class='ocrx_word' id='word_1_549' title='bbox 1178 609 1347 647; x_wconf 87' lang='lat' dir='ltr'>memoria</span> <span class='ocrx_word' id='word_1_550' title='bbox 1370 609 1579 648; x_wconf 83' lang='lat' dir='ltr'>scandalum</span> <span class='ocrx_word' id='word_1_551' title='bbox 1599 612 1749 661; x_wconf 86' lang='lat' dir='ltr'>tolleret,</span> <span class='ocrx_word' id='word_1_552' title='bbox 1770 623 1809 651; x_wconf 89' lang='lat' dir='ltr'>ut</span> <span class='ocrx_word' id='word_1_553' title='bbox 1827 614 2042 653; x_wconf 83' lang='lat' dir='ltr'>miraculum</span> <span class='ocrx_word' id='word_1_554' title='bbox 2061 631 2168 655; x_wconf 92' lang='lat' dir='ltr'>coru-</span> 
     </span>
    </p>

    <p class='ocr_par' dir='ltr' id='par_1_12' title="bbox 1177 662 2164 708">
     <span class='ocr_line' id='line_1_67' title="bbox 1177 662 2164 708; baseline 0.009 -10"><span class='ocrx_word' id='word_1_555' title='bbox 1177 676 1277 699; x_wconf 88' lang='lat' dir='ltr'>scans</span> <span class='ocrx_word' id='word_1_556' title='bbox 1292 662 1475 701; x_wconf 84' lang='lat' dir='ltr'>haberent.</span> <span class='ocrx_word' id='word_1_557' title='bbox 1495 663 1565 701; x_wconf 90' lang='lat' dir='ltr'>Sed</span> <span class='ocrx_word' id='word_1_558' title='bbox 1579 666 1744 703; x_wconf 86' lang='lat' dir='ltr'>successit</span> <span class='ocrx_word' id='word_1_559' title='bbox 1762 667 1976 706; x_wconf 83' lang='lat' dir='ltr'>miraculum</span> <span class='ocrx_word' id='word_1_560' title='bbox 1994 668 2164 708; x_wconf 85' lang='lat' dir='ltr'>alterum:</span> 
     </span>
    </p>

    <p class='ocr_par' dir='ltr' id='par_1_13' title="bbox 1177 715 2167 770">
     <span class='ocr_line' id='line_1_68' title="bbox 1177 715 2167 770; baseline 0.009 -19"><span class='ocrx_word' id='word_1_561' title='bbox 1177 728 1258 752; x_wconf 86' lang='lat' dir='ltr'>nam</span> <span class='ocrx_word' id='word_1_562' title='bbox 1275 715 1338 752; x_wconf 83' lang='lat' dir='ltr'>ubi</span> <span class='ocrx_word' id='word_1_563' title='bbox 1360 730 1472 754; x_wconf 80' lang='lat' dir='ltr'>caecus</span> <span class='ocrx_word' id='word_1_564' title='bbox 1491 716 1609 754; x_wconf 82' lang='lat' dir='ltr'>visum</span> <span class='ocrx_word' id='word_1_565' title='bbox 1628 720 1774 770; x_wconf 83' lang='lat' dir='ltr'>recepit,</span> <span class='ocrx_word' id='word_1_566' title='bbox 1791 720 1882 758; x_wconf 84' lang='lat' dir='ltr'>alius</span> <span class='ocrx_word' id='word_1_567' title='bbox 1901 720 2018 758; x_wconf 85' lang='lat' dir='ltr'>anima</span> <span class='ocrx_word' id='word_1_568' title='bbox 2053 736 2167 761; x_wconf 85' lang='lat' dir='ltr'>eaeeus</span> 
     </span>
    </p>

    <p class='ocr_par' dir='ltr' id='par_1_14' title="bbox 1177 767 2367 920">
     <span class='ocr_line' id='line_1_69' title="bbox 1177 767 2367 833; baseline 0.009 -29"><span class='ocrx_word' id='word_1_569' title='bbox 1177 767 1298 805; x_wconf 88' lang='lat' dir='ltr'>visum</span> <span class='ocrx_word' id='word_1_570' title='bbox 1315 769 1460 820; x_wconf 82' lang='lat' dir='ltr'>recepit.</span> <span class='ocrx_word' id='word_1_571' title='bbox 1481 769 1571 815; x_wconf 86' lang='lat' dir='ltr'>Quis</span> <span class='ocrx_word' id='word_1_572' title='bbox 1592 769 1675 807; x_wconf 78' lang='lat' dir='ltr'>ille?</span> <span class='ocrx_word' id='word_1_573' title='bbox 1691 772 1860 824; x_wconf 83' lang='lat' dir='ltr'>Princeps</span> <span class='ocrx_word' id='word_1_574' title='bbox 1874 773 2162 826; x_wconf 78' lang='lat' dir='ltr'>publicanorum,</span> <span class='ocrx_word' id='word_1_575' title='bbox 2180 793 2253 822; x_wconf 83' lang='lat' dir='ltr'><em>Luc.</em></span> <span class='ocrx_word' id='word_1_576' title='bbox 2277 801 2320 833; x_wconf 85' lang='lat'>¹9·</span> <span class='ocrx_word' id='word_1_577' title='bbox 2336 803 2367 823; x_wconf 68' lang='lat'>2,</span> 
     </span>
     <span class='ocr_line' id='line_1_70' title="bbox 1177 820 2166 874; baseline 0.01 -18"><span class='ocrx_word' id='word_1_578' title='bbox 1177 820 1238 869; x_wconf 90' lang='lat' dir='ltr'>qui</span> <span class='ocrx_word' id='word_1_579' title='bbox 1259 820 1295 857; x_wconf 93' lang='lat' dir='ltr'>in</span> <span class='ocrx_word' id='word_1_580' title='bbox 1315 822 1474 872; x_wconf 90' lang='lat' dir='ltr'>pecuniis</span> <span class='ocrx_word' id='word_1_581' title='bbox 1495 822 1715 871; x_wconf 73' lang='lat' dir='ltr'>caecutiebat,</span> <span class='ocrx_word' id='word_1_582' title='bbox 1734 825 1796 874; x_wconf 89' lang='lat' dir='ltr'>qui</span> <span class='ocrx_word' id='word_1_583' title='bbox 1817 836 2029 864; x_wconf 74' lang='lat' dir='ltr'>excaecatam</span> <span class='ocrx_word' id='word_1_584' title='bbox 2049 830 2166 866; x_wconf 65' lang='lat' dir='ltr'>avari-</span> 
     </span>
     <span class='ocr_line' id='line_1_71' title="bbox 1177 872 2164 920; baseline 0.01 -11"><span class='ocrx_word' id='word_1_585' title='bbox 1177 873 1226 910; x_wconf 88' lang='lat' dir='ltr'>tia</span> <span class='ocrx_word' id='word_1_586' title='bbox 1247 872 1402 912; x_wconf 86' lang='lat' dir='ltr'>animam</span> <span class='ocrx_word' id='word_1_587' title='bbox 1434 874 1596 912; x_wconf 75' lang='lat' dir='ltr'>habebat.</span> <span class='ocrx_word' id='word_1_588' title='bbox 1620 876 1722 914; x_wconf 91' lang='lat' dir='ltr'>Nihil</span> <span class='ocrx_word' id='word_1_589' title='bbox 1741 878 1834 915; x_wconf 87' lang='lat' dir='ltr'>enim</span> <span class='ocrx_word' id='word_1_590' title='bbox 1853 878 1904 916; x_wconf 86' lang='lat' dir='ltr'>sic</span> <span class='ocrx_word' id='word_1_591' title='bbox 1921 879 2077 917; x_wconf 86' lang='lat' dir='ltr'>animam</span> <span class='ocrx_word' id='word_1_592' title='bbox 2102 895 2164 920; x_wconf 87' lang='lat' dir='ltr'>ex-</span> 
     </span>
    </p>

    <p class='ocr_par' dir='ltr' id='par_1_15' title="bbox 1177 927 2345 1039">
     <span class='ocr_line' id='line_1_72' title="bbox 1177 927 2345 983; baseline 0.01 -21"><span class='ocrx_word' id='word_1_593' title='bbox 1177 935 1282 963; x_wconf 82' lang='lat' dir='ltr'>caecat</span> <span class='ocrx_word' id='word_1_594' title='bbox 1300 935 1339 964; x_wconf 92' lang='lat' dir='ltr'>ut</span> <span class='ocrx_word' id='word_1_595' title='bbox 1365 927 1536 978; x_wconf 79' lang='lat' dir='ltr'>pecuniae.</span> <span class='ocrx_word' id='word_1_596' title='bbox 1573 929 1762 980; x_wconf 82' lang='lat' dir='ltr'>Propterea</span> <span class='ocrx_word' id='word_1_597' title='bbox 1784 932 1927 983; x_wconf 74' lang='lat' dir='ltr'>Moyses</span> <span class='ocrx_word' id='word_1_598' title='bbox 1951 932 2000 969; x_wconf 85' lang='lat' dir='ltr'>ait</span> <span class='ocrx_word' id='word_1_599' title='bbox 2019 949 2025 968; x_wconf 93' lang='lat'>:</span> <span class='ocrx_word' id='word_1_600' title='bbox 2045 935 2164 973; x_wconf 81' lang='lat' dir='ltr'>Dona</span> <span class='ocrx_word' id='word_1_601' title='bbox 2178 950 2279 977; x_wconf 64' lang='lat' dir='ltr'>lia-od.</span> <span class='ocrx_word' id='word_1_602' title='bbox 2296 949 2345 978; x_wconf 81' lang='lat'>23,</span> 
     </span>
     <span class='ocr_line' id='line_1_73' title="bbox 1177 981 2208 1039; baseline 0.011 -25"><span class='ocrx_word' id='word_1_603' title='bbox 1177 981 1279 1015; x_wconf 83' lang='lat' dir='ltr'>enim</span> <span class='ocrx_word' id='word_1_604' title='bbox 1298 989 1495 1017; x_wconf 65' lang='lat' dir='ltr'>ea‘coecant</span> <span class='ocrx_word' id='word_1_605' title='bbox 1525 982 1655 1019; x_wconf 79' lang='lat' dir='ltr'>oculos</span> <span class='ocrx_word' id='word_1_606' title='bbox 1673 984 1885 1030; x_wconf 75' lang='lat' dir='ltr'>homimem,</span> <span class='ocrx_word' id='word_1_607' title='bbox 1907 993 1944 1022; x_wconf 79' lang='lat' dir='ltr'>et</span> <span class='ocrx_word' id='word_1_608' title='bbox 1964 988 2086 1023; x_wconf 76' lang='lat' dir='ltr'>verba</span> <span class='ocrx_word' id='word_1_609' title='bbox 2096 990 2163 1039; x_wconf 78' lang='lat' dir='ltr'>ju-</span> <span class='ocrx_word' id='word_1_610' title='bbox 2178 991 2208 1020; x_wconf 82' lang='grc'>8-</span> 
     </span>
    </p>

    <p class='ocr_par' dir='ltr' id='par_1_16' title="bbox 1174 1033 2338 1196">
     <span class='ocr_line' id='line_1_74' title="bbox 1176 1033 2338 1089; baseline 0.01 -21"><span class='ocrx_word' id='word_1_611' title='bbox 1176 1039 1237 1068; x_wconf 80' lang='lat' dir='ltr'>sta</span> <span class='ocrx_word' id='word_1_612' title='bbox 1253 1041 1495 1082; x_wconf 80' lang='lat' dir='ltr'>pervertunt.</span> <span class='ocrx_word' id='word_1_613' title='bbox 1513 1033 1622 1072; x_wconf 82' lang='lat' dir='ltr'>Venit</span> <span class='ocrx_word' id='word_1_614' title='bbox 1641 1035 1806 1088; x_wconf 85' lang='lat' dir='ltr'>princeps</span> <span class='ocrx_word' id='word_1_615' title='bbox 1825 1037 2114 1089; x_wconf 80' lang='lat' dir='ltr'>publicanorum,</span> <span class='ocrx_word' id='word_1_616' title='bbox 2131 1050 2164 1078; x_wconf 90' lang='lat' dir='ltr'>et</span> <span class='ocrx_word' id='word_1_617' title='bbox 2180 1033 2271 1059; x_wconf 73' lang='lat' dir='ltr'>Dent.</span> <span class='ocrx_word' id='word_1_618' title='bbox 2291 1033 2338 1062; x_wconf 75' lang='lat'>¹5·</span> 
     </span>
     <span class='ocr_line' id='line_1_75' title="bbox 1175 1080 2229 1141; baseline 0.009 -21"><span class='ocrx_word' id='word_1_619' title='bbox 1175 1084 1381 1134; x_wconf 57' lang='lat' dir='ltr'>prieteribat</span> <span class='ocrx_word' id='word_1_620' title='bbox 1394 1086 1508 1134; x_wconf 87' lang='lat' dir='ltr'>Jesus,</span> <span class='ocrx_word' id='word_1_621' title='bbox 1523 1085 1582 1136; x_wconf 87' lang='lat' dir='ltr'>qui</span> <span class='ocrx_word' id='word_1_622' title='bbox 1599 1087 1691 1125; x_wconf 87' lang='lat' dir='ltr'>tollit</span> <span class='ocrx_word' id='word_1_623' title='bbox 1706 1102 1808 1126; x_wconf 90' lang='lat' dir='ltr'>omne</span> <span class='ocrx_word' id='word_1_624' title='bbox 1823 1100 2019 1141; x_wconf 83' lang='lat' dir='ltr'>peecatum,</span> <span class='ocrx_word' id='word_1_625' title='bbox 2035 1092 2095 1141; x_wconf 89' lang='lat' dir='ltr'>qui</span> <span class='ocrx_word' id='word_1_626' title='bbox 2111 1093 2165 1133; x_wconf 73' lang='lat' dir='ltr'>vi-</span> <span class='ocrx_word' id='word_1_627' title='bbox 2184 1080 2229 1109; x_wconf 75' lang='lat'>¹9&#39;</span> 
     </span>
     <span class='ocr_line' id='line_1_76' title="bbox 1174 1136 2162 1196; baseline 0.009 -23"><span class='ocrx_word' id='word_1_628' title='bbox 1174 1136 1264 1174; x_wconf 86' lang='lat' dir='ltr'>tium</span> <span class='ocrx_word' id='word_1_629' title='bbox 1285 1151 1388 1175; x_wconf 87' lang='lat' dir='ltr'>omne</span> <span class='ocrx_word' id='word_1_630' title='bbox 1409 1138 1516 1188; x_wconf 86' lang='lat' dir='ltr'>delet,</span> <span class='ocrx_word' id='word_1_631' title='bbox 1531 1139 1592 1189; x_wconf 91' lang='lat' dir='ltr'>qui</span> <span class='ocrx_word' id='word_1_632' title='bbox 1613 1141 1773 1179; x_wconf 82' lang='lat' dir='ltr'>tenebras</span> <span class='ocrx_word' id='word_1_633' title='bbox 1792 1143 1966 1181; x_wconf 75' lang='lat' dir='ltr'>convertit</span> <span class='ocrx_word' id='word_1_634' title='bbox 1980 1144 2014 1181; x_wconf 92' lang='lat' dir='ltr'>in</span> <span class='ocrx_word' id='word_1_635' title='bbox 2030 1144 2162 1196; x_wconf 87' lang='lat' dir='ltr'>lucem,</span> 
     </span>
    </p>

    <p class='ocr_par' dir='ltr' id='par_1_17' title="bbox 1175 1191 2164 1246">
     <span class='ocr_line' id='line_1_77' title="bbox 1175 1191 2164 1246; baseline 0.011 -20"><span class='ocrx_word' id='word_1_636' title='bbox 1175 1198 1208 1226; x_wconf 88' lang='lat' dir='ltr'>et</span> <span class='ocrx_word' id='word_1_637' title='bbox 1225 1198 1381 1228; x_wconf 86' lang='lat' dir='ltr'>tortuosa</span> <span class='ocrx_word' id='word_1_638' title='bbox 1397 1191 1442 1228; x_wconf 83' lang='lat' dir='ltr'>ad</span> <span class='ocrx_word' id='word_1_639' title='bbox 1456 1192 1705 1230; x_wconf 81' lang='lat' dir='ltr'>rectitudinem</span> <span class='ocrx_word' id='word_1_640' title='bbox 1726 1194 1869 1246; x_wconf 78' lang='lat' dir='ltr'>redigit.</span> <span class='ocrx_word' id='word_1_641' title='bbox 1881 1195 2071 1235; x_wconf 83' lang='lat' dir='ltr'>Zacchaeus</span> <span class='ocrx_word' id='word_1_642' title='bbox 2083 1198 2164 1236; x_wconf 86' lang='lat' dir='ltr'>bre-</span> 
     </span>
    </p>

    <p class='ocr_par' dir='ltr' id='par_1_18' title="bbox 1175 1241 2162 1301">
     <span class='ocr_line' id='line_1_78' title="bbox 1175 1241 2162 1301; baseline 0.009 -22"><span class='ocrx_word' id='word_1_643' title='bbox 1175 1241 1230 1279; x_wconf 87' lang='lat' dir='ltr'>Vis</span> <span class='ocrx_word' id='word_1_644' title='bbox 1259 1252 1332 1280; x_wconf 84' lang='lat' dir='ltr'>erat</span> <span class='ocrx_word' id='word_1_645' title='bbox 1353 1253 1507 1294; x_wconf 83' lang='lat' dir='ltr'>statura,</span> <span class='ocrx_word' id='word_1_646' title='bbox 1529 1245 1704 1283; x_wconf 85' lang='lat' dir='ltr'>desiderio</span> <span class='ocrx_word' id='word_1_647' title='bbox 1732 1257 1896 1285; x_wconf 74' lang='lat' dir='ltr'>extentus</span> <span class='ocrx_word' id='word_1_648' title='bbox 1917 1263 1957 1286; x_wconf 83' lang='lat' dir='ltr'>ac</span> <span class='ocrx_word' id='word_1_649' title='bbox 1980 1264 2162 1301; x_wconf 74' lang='lat' dir='ltr'>procerus,</span> 
     </span>
    </p>

    <p class='ocr_par' dir='ltr' id='par_1_19' title="bbox 1174 1293 2161 1351">
     <span class='ocr_line' id='line_1_79' title="bbox 1174 1293 2161 1351; baseline 0.011 -20"><span class='ocrx_word' id='word_1_650' title='bbox 1174 1293 1293 1333; x_wconf 86' lang='lat' dir='ltr'>brevis</span> <span class='ocrx_word' id='word_1_651' title='bbox 1318 1310 1482 1348; x_wconf 84' lang='lat' dir='ltr'>corpore,</span> <span class='ocrx_word' id='word_1_652' title='bbox 1512 1312 1661 1349; x_wconf 83' lang='lat' dir='ltr'>magnus</span> <span class='ocrx_word' id='word_1_653' title='bbox 1692 1300 2041 1351; x_wconf 77' lang='lat' dir='ltr'>affectu1quaercbat</span> <span class='ocrx_word' id='word_1_654' title='bbox 2069 1304 2161 1343; x_wconf 83' lang='lat' dir='ltr'>enin]</span> 
     </span>
    </p>

    <p class='ocr_par' dir='ltr' id='par_1_20' title="bbox 1174 1347 2163 1404">
     <span class='ocr_line' id='line_1_80' title="bbox 1174 1347 2163 1404; baseline 0.011 -20"><span class='ocrx_word' id='word_1_655' title='bbox 1174 1347 1295 1385; x_wconf 87' lang='lat' dir='ltr'>videre</span> <span class='ocrx_word' id='word_1_656' title='bbox 1327 1350 1463 1398; x_wconf 86' lang='lat' dir='ltr'>Jcsum,</span> <span class='ocrx_word' id='word_1_657' title='bbox 1483 1360 1516 1388; x_wconf 91' lang='lat' dir='ltr'>et</span> <span class='ocrx_word' id='word_1_658' title='bbox 1536 1365 1604 1389; x_wconf 89' lang='lat' dir='ltr'>non</span> <span class='ocrx_word' id='word_1_659' title='bbox 1624 1361 1761 1404; x_wconf 86' lang='lat' dir='ltr'>poterat</span> <span class='ocrx_word' id='word_1_660' title='bbox 1782 1353 1828 1390; x_wconf 92' lang='lat' dir='ltr'>ob</span> <span class='ocrx_word' id='word_1_661' title='bbox 1854 1353 2066 1393; x_wconf 84' lang='lat' dir='ltr'>brevitatem</span> <span class='ocrx_word' id='word_1_662' title='bbox 2092 1366 2163 1394; x_wconf 85' lang='lat' dir='ltr'>sta—</span> 
     </span>
    </p>

    <p class='ocr_par' dir='ltr' id='par_1_21' title="bbox 1174 1405 2162 1457">
     <span class='ocr_line' id='line_1_81' title="bbox 1174 1405 2162 1457; baseline 0.011 -21"><span class='ocrx_word' id='word_1_663' title='bbox 1174 1408 1275 1449; x_wconf 82' lang='lat' dir='ltr'>turae,</span> <span class='ocrx_word' id='word_1_664' title='bbox 1295 1410 1328 1439; x_wconf 87' lang='lat' dir='ltr'>et</span> <span class='ocrx_word' id='word_1_665' title='bbox 1346 1416 1598 1455; x_wconf 82' lang='lat' dir='ltr'>praeoccupans</span> <span class='ocrx_word' id='word_1_666' title='bbox 1619 1405 1782 1443; x_wconf 81' lang='lat' dir='ltr'>machina</span> <span class='ocrx_word' id='word_1_667' title='bbox 1805 1406 1959 1457; x_wconf 83' lang='lat' dir='ltr'>quadam</span> <span class='ocrx_word' id='word_1_668' title='bbox 1978 1408 2048 1445; x_wconf 87' lang='lat' dir='ltr'>sibi</span> <span class='ocrx_word' id='word_1_669' title='bbox 2067 1424 2162 1448; x_wconf 83' lang='lat' dir='ltr'>com—</span> 
     </span>
    </p>

    <p class='ocr_par' dir='ltr' id='par_1_22' title="bbox 1174 1455 2162 1561">
     <span class='ocr_line' id='line_1_82' title="bbox 1174 1455 2162 1514; baseline 0.011 -25"><span class='ocrx_word' id='word_1_670' title='bbox 1174 1462 1275 1503; x_wconf 82' lang='lat' dir='ltr'>parat</span> <span class='ocrx_word' id='word_1_671' title='bbox 1296 1455 1394 1505; x_wconf 90' lang='lat' dir='ltr'>quod</span> <span class='ocrx_word' id='word_1_672' title='bbox 1414 1464 1557 1493; x_wconf 79' lang='lat' dir='ltr'>staturae</span> <span class='ocrx_word' id='word_1_673' title='bbox 1585 1457 1705 1495; x_wconf 87' lang='lat' dir='ltr'>deerat</span> <span class='ocrx_word' id='word_1_674' title='bbox 1723 1459 1781 1495; x_wconf 90' lang='lat' dir='ltr'>:in</span> <span class='ocrx_word' id='word_1_675' title='bbox 1801 1459 1964 1497; x_wconf 82' lang='lat' dir='ltr'>arborem</span> <span class='ocrx_word' id='word_1_676' title='bbox 1990 1461 2082 1499; x_wconf 90' lang='lat' dir='ltr'>enim</span> <span class='ocrx_word' id='word_1_677' title='bbox 2102 1477 2162 1514; x_wconf 89' lang='lat' dir='ltr'>sy-</span> 
     </span>
     <span class='ocr_line' id='line_1_83' title="bbox 1175 1508 2162 1561; baseline 0.011 -19"><span class='ocrx_word' id='word_1_678' title='bbox 1175 1519 1357 1544; x_wconf 88' lang='lat' dir='ltr'>comorum</span> <span class='ocrx_word' id='word_1_679' title='bbox 1379 1508 1549 1559; x_wconf 80' lang='lat' dir='ltr'>ascendit,</span> <span class='ocrx_word' id='word_1_680' title='bbox 1573 1519 1606 1547; x_wconf 87' lang='lat' dir='ltr'>et</span> <span class='ocrx_word' id='word_1_681' title='bbox 1627 1519 1896 1561; x_wconf 65' lang='lat' dir='ltr'>praetereuntem</span> <span class='ocrx_word' id='word_1_682' title='bbox 1917 1515 2039 1552; x_wconf 79' lang='lat' dir='ltr'>Jesum</span> <span class='ocrx_word' id='word_1_683' title='bbox 2061 1515 2162 1553; x_wconf 80' lang='lat' dir='ltr'>vide-</span> 
     </span>
    </p>

    <p class='ocr_par' dir='ltr' id='par_1_23' title="bbox 1173 1557 2160 1618">
     <span class='ocr_line' id='line_1_84' title="bbox 1173 1557 2160 1618; baseline 0.012 -24"><span class='ocrx_word' id='word_1_684' title='bbox 1173 1557 1244 1595; x_wconf 87' lang='lat' dir='ltr'>bat.</span> <span class='ocrx_word' id='word_1_685' title='bbox 1267 1561 1313 1596; x_wconf 85' lang='lat' dir='ltr'>At</span> <span class='ocrx_word' id='word_1_686' title='bbox 1338 1561 1513 1599; x_wconf 87' lang='lat' dir='ltr'>Dominus</span> <span class='ocrx_word' id='word_1_687' title='bbox 1544 1572 1662 1600; x_wconf 85' lang='lat' dir='ltr'>noster</span> <span class='ocrx_word' id='word_1_688' title='bbox 1690 1565 1792 1602; x_wconf 85' lang='lat' dir='ltr'>Jesus</span> <span class='ocrx_word' id='word_1_689' title='bbox 1824 1565 2002 1615; x_wconf 83' lang='lat' dir='ltr'>Christus,</span> <span class='ocrx_word' id='word_1_690' title='bbox 2026 1567 2071 1604; x_wconf 94' lang='lat' dir='ltr'>de</span> <span class='ocrx_word' id='word_1_691' title='bbox 2090 1583 2160 1618; x_wconf 89' lang='lat' dir='ltr'>quo</span> 
     </span>
    </p>

    <p class='ocr_par' dir='ltr' id='par_1_24' title="bbox 1172 1610 2342 1721">
     <span class='ocr_line' id='line_1_85' title="bbox 1172 1610 2342 1673; baseline 0.013 -26"><span class='ocrx_word' id='word_1_692' title='bbox 1172 1610 1261 1648; x_wconf 89' lang='lat' dir='ltr'>dicit</span> <span class='ocrx_word' id='word_1_693' title='bbox 1273 1612 1421 1663; x_wconf 84' lang='lat' dir='ltr'>Paulus,</span> <span class='ocrx_word' id='word_1_694' title='bbox 1440 1615 1515 1665; x_wconf 80' lang='lat' dir='ltr'>Qui</span> <span class='ocrx_word' id='word_1_695' title='bbox 1529 1619 1635 1654; x_wconf 79' lang='lat' dir='ltr'>novit</span> <span class='ocrx_word' id='word_1_696' title='bbox 1645 1617 1787 1668; x_wconf 77' lang='lat' dir='ltr'>facere</span> <span class='ocrx_word' id='word_1_697' title='bbox 1801 1621 2162 1669; x_wconf 77' lang='lat' dir='ltr'>superabundanter</span> <span class='ocrx_word' id='word_1_698' title='bbox 2176 1635 2286 1673; x_wconf 69' lang='lat' dir='ltr'>Ephes,</span> <span class='ocrx_word' id='word_1_699' title='bbox 2312 1636 2342 1664; x_wconf 81' lang='lat'>3,</span> 
     </span>
     <span class='ocr_line' id='line_1_86' title="bbox 1173 1669 2228 1721; baseline 0.01 -20"><span class='ocrx_word' id='word_1_700' title='bbox 1173 1678 1291 1715; x_wconf 79' lang='lat' dir='ltr'>quam</span> <span class='ocrx_word' id='word_1_701' title='bbox 1318 1669 1497 1718; x_wconf 78' lang='lat' dir='ltr'>petimus,</span> <span class='ocrx_word' id='word_1_702' title='bbox 1526 1678 1594 1706; x_wconf 82' lang='lat' dir='ltr'>aut</span> <span class='ocrx_word' id='word_1_703' title='bbox 1625 1670 1893 1721; x_wconf 77' lang='lat' dir='ltr'>intelligimus,</span> <span class='ocrx_word' id='word_1_704' title='bbox 1916 1685 1986 1709; x_wconf 89' lang='lat' dir='ltr'>non</span> <span class='ocrx_word' id='word_1_705' title='bbox 2009 1672 2063 1709; x_wconf 94' lang='lat' dir='ltr'>illi</span> <span class='ocrx_word' id='word_1_706' title='bbox 2083 1682 2160 1711; x_wconf 88' lang='lat' dir='ltr'>tan-</span> <span class='ocrx_word' id='word_1_707' title='bbox 2177 1686 2228 1706; x_wconf 84' lang='lat'>20-</span> 
     </span>
    </p>

    <p class='ocr_par' dir='ltr' id='par_1_25' title="bbox 1172 1719 2162 1830">
     <span class='ocr_line' id='line_1_87' title="bbox 1172 1719 2162 1776; baseline 0.012 -23"><span class='ocrx_word' id='word_1_708' title='bbox 1172 1725 1249 1754; x_wconf 89' lang='lat' dir='ltr'>tum</span> <span class='ocrx_word' id='word_1_709' title='bbox 1264 1719 1443 1763; x_wconf 81' lang='lat' dir='ltr'>concessit,</span> <span class='ocrx_word' id='word_1_710' title='bbox 1457 1730 1629 1770; x_wconf 87' lang='lat' dir='ltr'>quantum</span> <span class='ocrx_word' id='word_1_711' title='bbox 1642 1721 1876 1772; x_wconf 81' lang='lat' dir='ltr'>desiderabat,</span> <span class='ocrx_word' id='word_1_712' title='bbox 1888 1724 1949 1762; x_wconf 85' lang='lat' dir='ltr'>sed</span> <span class='ocrx_word' id='word_1_713' title='bbox 1962 1725 2042 1776; x_wconf 89' lang='lat' dir='ltr'>plus</span> <span class='ocrx_word' id='word_1_714' title='bbox 2053 1740 2162 1776; x_wconf 84' lang='lat' dir='ltr'>quam</span> 
     </span>
     <span class='ocr_line' id='line_1_88' title="bbox 1172 1773 2158 1830; baseline 0.011 -23"><span class='ocrx_word' id='word_1_715' title='bbox 1172 1773 1409 1823; x_wconf 82' lang='lat' dir='ltr'>exspectabat.</span> <span class='ocrx_word' id='word_1_716' title='bbox 1429 1774 1494 1811; x_wconf 91' lang='lat' dir='ltr'>Ille</span> <span class='ocrx_word' id='word_1_717' title='bbox 1510 1774 1603 1811; x_wconf 88' lang='lat' dir='ltr'>enim</span> <span class='ocrx_word' id='word_1_718' title='bbox 1621 1775 1746 1813; x_wconf 79' lang='lat' dir='ltr'>videre</span> <span class='ocrx_word' id='word_1_719' title='bbox 1763 1785 1901 1814; x_wconf 87' lang='lat' dir='ltr'>tantum</span> <span class='ocrx_word' id='word_1_720' title='bbox 1917 1777 2158 1830; x_wconf 75' lang='lat' dir='ltr'>desiderabat,</span> 
     </span>
    </p>

    <p class='ocr_par' dir='ltr' id='par_1_26' title="bbox 1171 1823 2162 1883">
     <span class='ocr_line' id='line_1_89' title="bbox 1171 1823 2162 1883; baseline 0.01 -23"><span class='ocrx_word' id='word_1_721' title='bbox 1171 1823 1246 1875; x_wconf 89' lang='lat' dir='ltr'>ipse</span> <span class='ocrx_word' id='word_1_722' title='bbox 1265 1839 1348 1862; x_wconf 81' lang='lat' dir='ltr'>vcro</span> <span class='ocrx_word' id='word_1_723' title='bbox 1368 1825 1536 1877; x_wconf 83' lang='lat' dir='ltr'>dignatus</span> <span class='ocrx_word' id='word_1_724' title='bbox 1565 1837 1615 1865; x_wconf 85' lang='lat' dir='ltr'>est</span> <span class='ocrx_word' id='word_1_725' title='bbox 1634 1828 1731 1880; x_wconf 84' lang='lat' dir='ltr'>apud</span> <span class='ocrx_word' id='word_1_726' title='bbox 1752 1843 1833 1866; x_wconf 90' lang='lat' dir='ltr'>eum</span> <span class='ocrx_word' id='word_1_727' title='bbox 1860 1829 2056 1880; x_wconf 73' lang='lat' dir='ltr'>divertere,</span> <span class='ocrx_word' id='word_1_728' title='bbox 2078 1833 2162 1883; x_wconf 87' lang='lat' dir='ltr'>qui-</span> 
     </span>
    </p>

    <p class='ocr_par' dir='ltr' id='par_1_27' title="bbox 1170 1880 2162 1937">
     <span class='ocr_line' id='line_1_90' title="bbox 1170 1880 2162 1937; baseline 0.012 -25"><span class='ocrx_word' id='word_1_729' title='bbox 1170 1890 1239 1926; x_wconf 88' lang='lat' dir='ltr'>que</span> <span class='ocrx_word' id='word_1_730' title='bbox 1255 1888 1407 1917; x_wconf 88' lang='lat' dir='ltr'>mentem</span> <span class='ocrx_word' id='word_1_731' title='bbox 1423 1880 1498 1931; x_wconf 85' lang='lat' dir='ltr'>ejus</span> <span class='ocrx_word' id='word_1_732' title='bbox 1518 1880 1669 1918; x_wconf 85' lang='lat' dir='ltr'>intuitus</span> <span class='ocrx_word' id='word_1_733' title='bbox 1683 1891 1769 1931; x_wconf 89' lang='lat' dir='ltr'>erat,</span> <span class='ocrx_word' id='word_1_734' title='bbox 1785 1882 1834 1919; x_wconf 87' lang='lat' dir='ltr'>ait</span> <span class='ocrx_word' id='word_1_735' title='bbox 1850 1883 1897 1921; x_wconf 89' lang='lat' dir='ltr'>ad</span> <span class='ocrx_word' id='word_1_736' title='bbox 1912 1883 2016 1921; x_wconf 89' lang='lat' dir='ltr'>illum</span> <span class='ocrx_word' id='word_1_737' title='bbox 2036 1885 2162 1937; x_wconf 85' lang='lat' dir='ltr'>(prius</span> 
     </span>
    </p>

    <p class='ocr_par' dir='ltr' id='par_1_28' title="bbox 1169 1929 2159 2040">
     <span class='ocr_line' id='line_1_91' title="bbox 1170 1929 2159 1989; baseline 0.011 -24"><span class='ocrx_word' id='word_1_738' title='bbox 1170 1929 1263 1967; x_wconf 88' lang='lat' dir='ltr'>enim</span> <span class='ocrx_word' id='word_1_739' title='bbox 1283 1945 1388 1980; x_wconf 89' lang='lat' dir='ltr'>quam</span> <span class='ocrx_word' id='word_1_740' title='bbox 1409 1933 1444 1969; x_wconf 92' lang='lat' dir='ltr'>in</span> <span class='ocrx_word' id='word_1_741' title='bbox 1466 1933 1574 1970; x_wconf 82' lang='lat' dir='ltr'>ficum</span> <span class='ocrx_word' id='word_1_742' title='bbox 1597 1935 1812 1983; x_wconf 75' lang='lat' dir='ltr'>ascenderet,</span> <span class='ocrx_word' id='word_1_743' title='bbox 1832 1936 1971 1973; x_wconf 86' lang='lat' dir='ltr'>animus</span> <span class='ocrx_word' id='word_1_744' title='bbox 1989 1938 2063 1989; x_wconf 82' lang='lat' dir='ltr'>ejus</span> <span class='ocrx_word' id='word_1_745' title='bbox 2083 1939 2159 1976; x_wconf 87' lang='lat' dir='ltr'>ani-</span> 
     </span>
     <span class='ocr_line' id='line_1_92' title="bbox 1169 1982 2155 2040; baseline 0.01 -21"><span class='ocrx_word' id='word_1_746' title='bbox 1169 1982 1409 2022; x_wconf 78' lang='lat' dir='ltr'>madverterat</span> <span class='ocrx_word' id='word_1_747' title='bbox 1427 1988 1440 2033; x_wconf 84' lang='lat'>)</span> <span class='ocrx_word' id='word_1_748' title='bbox 1460 2001 1467 2021; x_wconf 92' lang='lat'><strong>:</strong></span> <span class='ocrx_word' id='word_1_749' title='bbox 1488 1987 1522 2022; x_wconf 93' lang='lat' dir='ltr'><em>Z</em></span> <span class='ocrx_word' id='word_1_750' title='bbox 1525 1988 1691 2034; x_wconf 74' lang='lat' dir='ltr'>acclzoee,</span> <span class='ocrx_word' id='word_1_751' title='bbox 1718 1990 1923 2040; x_wconf 73' lang='lat' dir='ltr'>festinans</span> <span class='ocrx_word' id='word_1_752' title='bbox 1955 1991 2155 2030; x_wconf 77' lang='lat' dir='ltr'>descende.</span> 
     </span>
    </p>

    <p class='ocr_par' dir='ltr' id='par_1_29' title="bbox 1171 2034 2159 2089">
     <span class='ocr_line' id='line_1_93' title="bbox 1171 2034 2159 2089; baseline 0.009 -17"><span class='ocrx_word' id='word_1_753' title='bbox 1171 2034 1289 2073; x_wconf 85' lang='lat' dir='ltr'>Bonus</span> <span class='ocrx_word' id='word_1_754' title='bbox 1310 2051 1437 2089; x_wconf 86' lang='lat' dir='ltr'>auceps</span> <span class='ocrx_word' id='word_1_755' title='bbox 1455 2038 1632 2089; x_wconf 80' lang='lat' dir='ltr'>Salvator,</span> <span class='ocrx_word' id='word_1_756' title='bbox 1652 2040 1713 2089; x_wconf 90' lang='lat' dir='ltr'>qui</span> <span class='ocrx_word' id='word_1_757' title='bbox 1727 2041 1771 2077; x_wconf 87' lang='lat' dir='ltr'>ab</span> <span class='ocrx_word' id='word_1_758' title='bbox 1786 2041 1911 2079; x_wconf 88' lang='lat' dir='ltr'>arbore</span> <span class='ocrx_word' id='word_1_759' title='bbox 1927 2042 2082 2080; x_wconf 87' lang='lat' dir='ltr'>animam</span> <span class='ocrx_word' id='word_1_760' title='bbox 2098 2044 2159 2082; x_wconf 88' lang='lat' dir='ltr'>de-</span> 
     </span>
    </p>

    <p class='ocr_par' dir='ltr' id='par_1_30' title="bbox 1165 2087 2157 2143">
     <span class='ocr_line' id='line_1_94' title="bbox 1165 2087 2157 2143; baseline 0.011 -20"><span class='ocrx_word' id='word_1_761' title='bbox 1165 2087 1255 2138; x_wconf 80' lang='lat' dir='ltr'>jicit.</span> <span class='ocrx_word' id='word_1_762' title='bbox 1278 2090 1479 2137; x_wconf 71' lang='lat' dir='ltr'>Zacclzoee,</span> <span class='ocrx_word' id='word_1_763' title='bbox 1500 2093 1703 2143; x_wconf 78' lang='lat' dir='ltr'>festinans</span> <span class='ocrx_word' id='word_1_764' title='bbox 1734 2094 1933 2132; x_wconf 78' lang='lat' dir='ltr'>descende.</span> <span class='ocrx_word' id='word_1_765' title='bbox 1970 2096 2157 2135; x_wconf 84' lang='lat' dir='ltr'>Calamum</span> 
     </span>
    </p>

    <p class='ocr_par' dir='ltr' id='par_1_31' title="bbox 1167 2140 2158 2250">
     <span class='ocr_line' id='line_1_95' title="bbox 1167 2140 2158 2197; baseline 0.01 -20"><span class='ocrx_word' id='word_1_766' title='bbox 1167 2140 1223 2178; x_wconf 90' lang='lat' dir='ltr'>illi</span> <span class='ocrx_word' id='word_1_767' title='bbox 1248 2142 1350 2179; x_wconf 70' lang='lat' dir='ltr'>verbi</span> <span class='ocrx_word' id='word_1_768' title='bbox 1380 2144 1561 2190; x_wconf 74' lang='lat' dir='ltr'>extendit,</span> <span class='ocrx_word' id='word_1_769' title='bbox 1580 2145 1719 2183; x_wconf 83' lang='lat' dir='ltr'>viscum</span> <span class='ocrx_word' id='word_1_770' title='bbox 1740 2155 1771 2182; x_wconf 89' lang='lat' dir='ltr'>et</span> <span class='ocrx_word' id='word_1_771' title='bbox 1795 2147 1972 2197; x_wconf 80' lang='lat' dir='ltr'>glutinum</span> <span class='ocrx_word' id='word_1_772' title='bbox 2000 2149 2158 2187; x_wconf 83' lang='lat' dir='ltr'>caritatis</span> 
     </span>
     <span class='ocr_line' id='line_1_96' title="bbox 1168 2193 2155 2250; baseline 0.009 -20"><span class='ocrx_word' id='word_1_773' title='bbox 1168 2193 1440 2247; x_wconf 87' lang='lat' dir='ltr'>circumposuit,</span> <span class='ocrx_word' id='word_1_774' title='bbox 1461 2197 1553 2249; x_wconf 83' lang='lat' dir='ltr'>cepit</span> <span class='ocrx_word' id='word_1_775' title='bbox 1572 2212 1653 2235; x_wconf 88' lang='lat' dir='ltr'>eum</span> <span class='ocrx_word' id='word_1_776' title='bbox 1674 2199 1798 2250; x_wconf 86' lang='lat' dir='ltr'>pennis</span> <span class='ocrx_word' id='word_1_777' title='bbox 1818 2199 2031 2249; x_wconf 75' lang='lat' dir='ltr'>intellectus,</span> <span class='ocrx_word' id='word_1_778' title='bbox 2054 2216 2155 2240; x_wconf 87' lang='lat' dir='ltr'>cum-</span> 
     </span>
    </p>

    <p class='ocr_par' dir='ltr' id='par_1_32' title="bbox 1167 2247 2158 2305">
     <span class='ocr_line' id='line_1_97' title="bbox 1167 2247 2158 2305; baseline 0.009 -22"><span class='ocrx_word' id='word_1_779' title='bbox 1167 2261 1236 2296; x_wconf 91' lang='lat' dir='ltr'>que</span> <span class='ocrx_word' id='word_1_780' title='bbox 1251 2247 1287 2284; x_wconf 92' lang='lat' dir='ltr'>in</span> <span class='ocrx_word' id='word_1_781' title='bbox 1307 2258 1437 2286; x_wconf 87' lang='lat' dir='ltr'>coetum</span> <span class='ocrx_word' id='word_1_782' title='bbox 1456 2249 1623 2287; x_wconf 64' lang='lat' dir='ltr'>Ecclesiae</span> <span class='ocrx_word' id='word_1_783' title='bbox 1644 2266 1714 2289; x_wconf 85' lang='lat' dir='ltr'>suae</span> <span class='ocrx_word' id='word_1_784' title='bbox 1745 2251 1877 2290; x_wconf 90' lang='lat' dir='ltr'>intulit.</span> <span class='ocrx_word' id='word_1_785' title='bbox 1901 2256 1952 2291; x_wconf 84' lang='lat' dir='ltr'>Ac</span> <span class='ocrx_word' id='word_1_786' title='bbox 1970 2254 2051 2293; x_wconf 84' lang='lat' dir='ltr'>vide</span> <span class='ocrx_word' id='word_1_787' title='bbox 2068 2255 2158 2305; x_wconf 82' lang='lat' dir='ltr'>quid</span> 
     </span>
    </p>

    <p class='ocr_par' dir='ltr' id='par_1_33' title="bbox 1165 2300 2154 2345">
     <span class='ocr_line' id='line_1_98' title="bbox 1165 2300 2154 2345; baseline 0.009 -9"><span class='ocrx_word' id='word_1_788' title='bbox 1165 2300 1283 2338; x_wconf 84' lang='lat' dir='ltr'>faciat.</span> <span class='ocrx_word' id='word_1_789' title='bbox 1304 2303 1355 2339; x_wconf 88' lang='lat' dir='ltr'>Ut</span> <span class='ocrx_word' id='word_1_790' title='bbox 1384 2302 1519 2340; x_wconf 85' lang='lat' dir='ltr'>seilicet</span> <span class='ocrx_word' id='word_1_791' title='bbox 1548 2318 1616 2341; x_wconf 90' lang='lat' dir='ltr'>non</span> <span class='ocrx_word' id='word_1_792' title='bbox 1648 2304 1827 2343; x_wconf 73' lang='lat' dir='ltr'>existimes</span> <span class='ocrx_word' id='word_1_793' title='bbox 1855 2306 1991 2344; x_wconf 87' lang='lat' dir='ltr'>dictum</span> <span class='ocrx_word' id='word_1_794' title='bbox 2012 2307 2104 2345; x_wconf 88' lang='lat' dir='ltr'>illud</span> <span class='ocrx_word' id='word_1_795' title='bbox 2124 2309 2154 2345; x_wconf 85' lang='lat' dir='ltr'>ei</span> 
     </span>
    </p>

    <p class='ocr_par' dir='ltr' id='par_1_34' title="bbox 1165 2352 2154 2410">
     <span class='ocr_line' id='line_1_99' title="bbox 1165 2352 2154 2410; baseline 0.007 -19"><span class='ocrx_word' id='word_1_796' title='bbox 1165 2352 1242 2391; x_wconf 81' lang='lat' dir='ltr'>vim</span> <span class='ocrx_word' id='word_1_797' title='bbox 1263 2355 1434 2404; x_wconf 86' lang='lat' dir='ltr'>attulisse,</span> <span class='ocrx_word' id='word_1_798' title='bbox 1455 2356 1515 2393; x_wconf 85' lang='lat' dir='ltr'>scd</span> <span class='ocrx_word' id='word_1_799' title='bbox 1532 2357 1598 2394; x_wconf 87' lang='lat' dir='ltr'>Dei</span> <span class='ocrx_word' id='word_1_800' title='bbox 1616 2358 1767 2395; x_wconf 81' lang='lat' dir='ltr'>verbum</span> <span class='ocrx_word' id='word_1_801' title='bbox 1783 2373 1855 2395; x_wconf 87' lang='lat' dir='ltr'>esse</span> <span class='ocrx_word' id='word_1_802' title='bbox 1875 2359 1912 2396; x_wconf 90' lang='lat' dir='ltr'>id</span> <span class='ocrx_word' id='word_1_803' title='bbox 1934 2359 2029 2410; x_wconf 87' lang='lat' dir='ltr'>quod</span> <span class='ocrx_word' id='word_1_804' title='bbox 2046 2375 2154 2398; x_wconf 83' lang='lat' dir='ltr'>aueu-</span> 
     </span>
    </p>

    <p class='ocr_par' dir='ltr' id='par_1_35' title="bbox 1164 2408 2355 2617">
     <span class='ocr_line' id='line_1_100' title="bbox 1164 2408 2354 2460; baseline 0.009 -18"><span class='ocrx_word' id='word_1_805' title='bbox 1164 2415 1272 2457; x_wconf 85' lang='lat' dir='ltr'>patur</span> <span class='ocrx_word' id='word_1_806' title='bbox 1295 2416 1328 2444; x_wconf 90' lang='lat' dir='ltr'>et</span> <span class='ocrx_word' id='word_1_807' title='bbox 1348 2408 1455 2460; x_wconf 85' lang='lat' dir='ltr'>capit,</span> <span class='ocrx_word' id='word_1_808' title='bbox 1476 2409 1525 2446; x_wconf 85' lang='lat' dir='ltr'>ait</span> <span class='ocrx_word' id='word_1_809' title='bbox 1546 2410 1670 2448; x_wconf 81' lang='lat' dir='ltr'>beatus</span> <span class='ocrx_word' id='word_1_810' title='bbox 1692 2411 1902 2448; x_wconf 80' lang='lat' dir='ltr'>Zacharias:</span> <span class='ocrx_word' id='word_1_811' title='bbox 1928 2413 1976 2450; x_wconf 84' lang='lat' dir='ltr'>Et</span> <span class='ocrx_word' id='word_1_812' title='bbox 2000 2414 2152 2451; x_wconf 85' lang='lat' dir='ltr'>ostendit</span> <span class='ocrx_word' id='word_1_813' title='bbox 2168 2429 2262 2457; x_wconf 79' lang='lat' dir='ltr'>Amos</span> <span class='ocrx_word' id='word_1_814' title='bbox 2276 2427 2306 2458; x_wconf 78' lang='lat'>8,</span> <span class='ocrx_word' id='word_1_815' title='bbox 2328 2439 2354 2457; x_wconf 61' lang='grc' dir='ltr'>ι,</span> 
     </span>
     <span class='ocr_line' id='line_1_101' title="bbox 1165 2458 2355 2519; baseline 0.01 -24"><span class='ocrx_word' id='word_1_816' title='bbox 1165 2458 1255 2495; x_wconf 89' lang='lat' dir='ltr'>mihi</span> <span class='ocrx_word' id='word_1_817' title='bbox 1278 2461 1453 2497; x_wconf 86' lang='lat' dir='ltr'>Dominus</span> <span class='ocrx_word' id='word_1_818' title='bbox 1477 2476 1540 2500; x_wconf 86' lang='lat' dir='ltr'>vas</span> <span class='ocrx_word' id='word_1_819' title='bbox 1561 2463 1724 2514; x_wconf 78' lang='lat' dir='ltr'>aucupis,</span> <span class='ocrx_word' id='word_1_820' title='bbox 1755 2472 1788 2500; x_wconf 88' lang='lat' dir='ltr'>et</span> <span class='ocrx_word' id='word_1_821' title='bbox 1818 2463 1912 2502; x_wconf 74' lang='lat' dir='ltr'>dixit</span> <span class='ocrx_word' id='word_1_822' title='bbox 1940 2466 2052 2514; x_wconf 80' lang='lat' dir='ltr'>milii,</span> <span class='ocrx_word' id='word_1_823' title='bbox 2082 2481 2150 2504; x_wconf 86' lang='lat' dir='ltr'>non</span> <span class='ocrx_word' id='word_1_824' title='bbox 2167 2482 2222 2498; x_wconf 65' lang='lat'><em>&#39;10¹¹</em></span> <span class='ocrx_word' id='word_1_825' title='bbox 2247 2515 2251 2519; x_wconf 27' lang='grc' dir='ltr'>ι</span> <span class='ocrx_word' id='word_1_826' title='bbox 2292 2472 2355 2498; x_wconf 63' lang='grc' dir='ltr'>Ζη-</span> 
     </span>
     <span class='ocr_line' id='line_1_102' title="bbox 1164 2513 2300 2568; baseline 0.011 -21"><span class='ocrx_word' id='word_1_827' title='bbox 1164 2513 1354 2562; x_wconf 80' lang='lat' dir='ltr'>praeteribo</span> <span class='ocrx_word' id='word_1_828' title='bbox 1373 2515 1550 2565; x_wconf 84' lang='lat' dir='ltr'>populum</span> <span class='ocrx_word' id='word_1_829' title='bbox 1569 2529 1703 2565; x_wconf 89' lang='lat' dir='ltr'>meum,</span> <span class='ocrx_word' id='word_1_830' title='bbox 1726 2530 1923 2567; x_wconf 85' lang='lat' dir='ltr'>quousque,</span> <span class='ocrx_word' id='word_1_831' title='bbox 1945 2519 2074 2568; x_wconf 87' lang='lat' dir='ltr'>inquit,</span> <span class='ocrx_word' id='word_1_832' title='bbox 2096 2520 2151 2558; x_wconf 73' lang='lat' dir='ltr'>vi·</span> <span class='ocrx_word' id='word_1_833' title='bbox 2167 2513 2300 2541; x_wconf 64' lang='lat' dir='ltr'>‘&#39;s“‘&#39;&#39;¹‘¹⁵·</span> 
     </span>
     <span class='ocr_line' id='line_1_103' title="bbox 1165 2567 2151 2617; baseline 0.009 -16"><span class='ocrx_word' id='word_1_834' title='bbox 1165 2578 1222 2601; x_wconf 87' lang='lat' dir='ltr'>sco</span> <span class='ocrx_word' id='word_1_835' title='bbox 1238 2579 1318 2602; x_wconf 89' lang='lat' dir='ltr'>eum</span> <span class='ocrx_word' id='word_1_836' title='bbox 1336 2580 1470 2617; x_wconf 82' lang='lat' dir='ltr'>cepero.</span> <span class='ocrx_word' id='word_1_837' title='bbox 1488 2568 1541 2603; x_wconf 86' lang='lat' dir='ltr'>Ita</span> <span class='ocrx_word' id='word_1_838' title='bbox 1555 2567 1686 2605; x_wconf 83' lang='lat' dir='ltr'>veritas</span> <span class='ocrx_word' id='word_1_839' title='bbox 1714 2578 1903 2607; x_wconf 84' lang='lat' dir='ltr'>contestata</span> <span class='ocrx_word' id='word_1_840' title='bbox 1928 2580 1978 2608; x_wconf 90' lang='lat' dir='ltr'>cst</span> <span class='ocrx_word' id='word_1_841' title='bbox 2000 2572 2151 2611; x_wconf 77' lang='lat' dir='ltr'>verbum</span> 
     </span>
    </p>

    <p class='ocr_par' dir='ltr' id='par_1_36' title="bbox 1165 2617 2153 2671">
     <span class='ocr_line' id='line_1_104' title="bbox 1165 2617 2153 2671; baseline 0.009 -17"><span class='ocrx_word' id='word_1_842' title='bbox 1165 2617 1232 2654; x_wconf 90' lang='lat' dir='ltr'>Dei</span> <span class='ocrx_word' id='word_1_843' title='bbox 1268 2632 1340 2655; x_wconf 87' lang='lat' dir='ltr'>esse</span> <span class='ocrx_word' id='word_1_844' title='bbox 1369 2619 1524 2668; x_wconf 79' lang='lat' dir='ltr'>viscum,</span> <span class='ocrx_word' id='word_1_845' title='bbox 1552 2620 1649 2669; x_wconf 86' lang='lat' dir='ltr'>qnod</span> <span class='ocrx_word' id='word_1_846' title='bbox 1680 2630 1863 2671; x_wconf 80' lang='lat' dir='ltr'>tamquam</span> <span class='ocrx_word' id='word_1_847' title='bbox 1893 2623 1990 2661; x_wconf 76' lang='lat' dir='ltr'>visco</span> <span class='ocrx_word' id='word_1_848' title='bbox 2010 2626 2153 2663; x_wconf 86' lang='lat' dir='ltr'>caritate</span> 
     </span>
    </p>

    <p class='ocr_par' dir='ltr' id='par_1_37' title="bbox 1164 2670 2153 2727">
     <span class='ocr_line' id='line_1_105' title="bbox 1164 2670 2153 2727; baseline 0.01 -21"><span class='ocrx_word' id='word_1_849' title='bbox 1164 2670 1300 2707; x_wconf 85' lang='lat' dir='ltr'>animas</span> <span class='ocrx_word' id='word_1_850' title='bbox 1330 2670 1487 2722; x_wconf 84' lang='lat' dir='ltr'>implicet</span> <span class='ocrx_word' id='word_1_851' title='bbox 1510 2681 1544 2709; x_wconf 87' lang='lat' dir='ltr'>et</span> <span class='ocrx_word' id='word_1_852' title='bbox 1570 2672 1705 2710; x_wconf 86' lang='lat' dir='ltr'>irretiat</span> <span class='ocrx_word' id='word_1_853' title='bbox 1725 2689 1732 2710; x_wconf 90' lang='lat'><strong>:</strong></span> <span class='ocrx_word' id='word_1_854' title='bbox 1751 2684 1783 2712; x_wconf 93' lang='lat' dir='ltr'>et</span> <span class='ocrx_word' id='word_1_855' title='bbox 1803 2684 1840 2712; x_wconf 91' lang='lat' dir='ltr'>ut</span> <span class='ocrx_word' id='word_1_856' title='bbox 1863 2676 2043 2727; x_wconf 80' lang='lat' dir='ltr'>glutinum</span> <span class='ocrx_word' id='word_1_857' title='bbox 2062 2679 2153 2716; x_wconf 90' lang='lat' dir='ltr'>illud</span> 
     </span>
    </p>

    <p class='ocr_par' dir='ltr' id='par_1_38' title="bbox 1164 2724 2155 2776">
     <span class='ocr_line' id='line_1_106' title="bbox 1164 2724 2155 2776; baseline 0.01 -17"><span class='ocrx_word' id='word_1_858' title='bbox 1164 2736 1233 2760; x_wconf 91' lang='lat' dir='ltr'>non</span> <span class='ocrx_word' id='word_1_859' title='bbox 1256 2732 1371 2775; x_wconf 86' lang='lat' dir='ltr'>potest</span> <span class='ocrx_word' id='word_1_860' title='bbox 1389 2724 1555 2776; x_wconf 87' lang='lat' dir='ltr'>deinceps</span> <span class='ocrx_word' id='word_1_861' title='bbox 1575 2725 1672 2775; x_wconf 87' lang='lat' dir='ltr'>quod</span> <span class='ocrx_word' id='word_1_862' title='bbox 1691 2735 1842 2773; x_wconf 84' lang='lat' dir='ltr'>tenetur,</span> <span class='ocrx_word' id='word_1_863' title='bbox 1865 2729 1910 2766; x_wconf 85' lang='lat' dir='ltr'>ab</span> <span class='ocrx_word' id='word_1_864' title='bbox 1929 2744 1968 2767; x_wconf 90' lang='lat' dir='ltr'>eo</span> <span class='ocrx_word' id='word_1_865' title='bbox 1985 2730 2155 2769; x_wconf 78' lang='lat' dir='ltr'>divellere</span> 
     </span>
    </p>

    <p class='ocr_par' dir='ltr' id='par_1_39' title="bbox 1164 2775 2151 2835">
     <span class='ocr_line' id='line_1_107' title="bbox 1164 2775 2151 2835; baseline 0.01 -24"><span class='ocrx_word' id='word_1_866' title='bbox 1164 2775 1259 2825; x_wconf 85' lang='lat' dir='ltr'>quod</span> <span class='ocrx_word' id='word_1_867' title='bbox 1272 2785 1364 2813; x_wconf 87' lang='lat' dir='ltr'>tenet</span> <span class='ocrx_word' id='word_1_868' title='bbox 1372 2791 1383 2825; x_wconf 87' lang='lat'>;</span> <span class='ocrx_word' id='word_1_869' title='bbox 1405 2776 1454 2814; x_wconf 87' lang='lat' dir='ltr'>ita</span> <span class='ocrx_word' id='word_1_870' title='bbox 1467 2786 1498 2814; x_wconf 92' lang='lat' dir='ltr'>et</span> <span class='ocrx_word' id='word_1_871' title='bbox 1509 2777 1635 2815; x_wconf 79' lang='lat' dir='ltr'>aninlae</span> <span class='ocrx_word' id='word_1_872' title='bbox 1650 2779 1826 2818; x_wconf 75' lang='lat' dir='ltr'>Salvatori</span> <span class='ocrx_word' id='word_1_873' title='bbox 1840 2782 1946 2819; x_wconf 81' lang='lat' dir='ltr'>unitae</span> <span class='ocrx_word' id='word_1_874' title='bbox 1956 2784 2054 2833; x_wconf 86' lang='lat' dir='ltr'>quasi</span> <span class='ocrx_word' id='word_1_875' title='bbox 2073 2784 2151 2835; x_wconf 81' lang='lat' dir='ltr'>glu-</span> 
     </span>
    </p>

    <p class='ocr_par' dir='ltr' id='par_1_40' title="bbox 1163 2827 2153 2889">
     <span class='ocr_line' id='line_1_108' title="bbox 1163 2827 2153 2889; baseline 0.01 -25"><span class='ocrx_word' id='word_1_876' title='bbox 1163 2827 1236 2865; x_wconf 89' lang='lat' dir='ltr'>tino</span> <span class='ocrx_word' id='word_1_877' title='bbox 1254 2828 1410 2878; x_wconf 85' lang='lat' dir='ltr'>quodam</span> <span class='ocrx_word' id='word_1_878' title='bbox 1420 2830 1566 2881; x_wconf 83' lang='lat' dir='ltr'>aucupis</span> <span class='ocrx_word' id='word_1_879' title='bbox 1584 2831 2010 2882; x_wconf 80' lang='lat' dir='ltr'>agglutinantur.Idcirco</span> <span class='ocrx_word' id='word_1_880' title='bbox 2028 2846 2153 2889; x_wconf 86' lang='lat' dir='ltr'>captus</span> 
     </span>
    </p>

    <p class='ocr_par' dir='ltr' id='par_1_41' title="bbox 1163 2880 2351 3095">
     <span class='ocr_line' id='line_1_109' title="bbox 1163 2880 2351 2941; baseline 0.013 -24"><span class='ocrx_word' id='word_1_881' title='bbox 1163 2880 1224 2917; x_wconf 77' lang='lat' dir='ltr'>ille</span> <span class='ocrx_word' id='word_1_882' title='bbox 1234 2881 1428 2932; x_wconf 81' lang='lat' dir='ltr'>praeelarus</span> <span class='ocrx_word' id='word_1_883' title='bbox 1447 2882 1566 2934; x_wconf 85' lang='lat' dir='ltr'>pullus</span> <span class='ocrx_word' id='word_1_884' title='bbox 1583 2883 1706 2923; x_wconf 86' lang='lat' dir='ltr'>David</span> <span class='ocrx_word' id='word_1_885' title='bbox 1718 2885 2150 2940; x_wconf 65' lang='lat' dir='ltr'>dicebatzAgglutinala</span> <span class='ocrx_word' id='word_1_886' title='bbox 2166 2904 2351 2941; x_wconf 60' lang='lat' dir='ltr'>1².‹11l.&lt;32.9.</span> 
     </span>
     <span class='ocr_line' id='line_1_110' title="bbox 1164 2936 2330 2995; baseline 0.012 -26"><span class='ocrx_word' id='word_1_887' title='bbox 1164 2936 1299 2970; x_wconf 80' lang='lat' dir='ltr'>anima</span> <span class='ocrx_word' id='word_1_888' title='bbox 1313 2948 1397 2971; x_wconf 85' lang='lat' dir='ltr'>mea</span> <span class='ocrx_word' id='word_1_889' title='bbox 1410 2944 1497 2986; x_wconf 81' lang='lat' dir='ltr'>post</span> <span class='ocrx_word' id='word_1_890' title='bbox 1513 2944 1565 2981; x_wconf 82' lang='lat' dir='ltr'>te;</span> <span class='ocrx_word' id='word_1_891' title='bbox 1587 2945 1620 2974; x_wconf 90' lang='lat' dir='ltr'>et</span> <span class='ocrx_word' id='word_1_892' title='bbox 1638 2952 1759 2976; x_wconf 87' lang='lat' dir='ltr'>rursus</span> <span class='ocrx_word' id='word_1_893' title='bbox 1778 2941 1971 2991; x_wconf 84' lang='lat' dir='ltr'>apostolus,</span> <span class='ocrx_word' id='word_1_894' title='bbox 1996 2944 2071 2992; x_wconf 81' lang='lat' dir='ltr'>Qui</span> <span class='ocrx_word' id='word_1_895' title='bbox 2082 2958 2152 2995; x_wconf 56' lang='grc' dir='ltr'>ας-</span> <span class='ocrx_word' id='word_1_896' title='bbox 2170 2964 2194 2982; x_wconf 79' lang='grc' dir='ltr'>ι.</span> <span class='ocrx_word' id='word_1_897' title='bbox 2212 2955 2282 2984; x_wconf 68' lang='lat' dir='ltr'>Cor.</span> <span class='ocrx_word' id='word_1_898' title='bbox 2299 2958 2330 2986; x_wconf 53' lang='grc' dir='ltr'>(ἢ.</span> 
     </span>
     <span class='ocr_line' id='line_1_111' title="bbox 1163 2986 2217 3047; baseline 0.012 -26"><span class='ocrx_word' id='word_1_899' title='bbox 1163 2986 1380 3035; x_wconf 72' lang='lat' dir='ltr'>glutinatus</span> <span class='ocrx_word' id='word_1_900' title='bbox 1402 2996 1458 3025; x_wconf 79' lang='lat' dir='ltr'>est</span> <span class='ocrx_word' id='word_1_901' title='bbox 1475 2989 1657 3036; x_wconf 74' lang='lat' dir='ltr'>Domino,</span> <span class='ocrx_word' id='word_1_902' title='bbox 1677 3005 1777 3029; x_wconf 80' lang='lat' dir='ltr'>unus</span> <span class='ocrx_word' id='word_1_903' title='bbox 1797 2995 1951 3044; x_wconf 73' lang='lat' dir='ltr'>spiritns</span> <span class='ocrx_word' id='word_1_904' title='bbox 1963 3004 2031 3032; x_wconf 77' lang='lat' dir='ltr'>est.</span> <span class='ocrx_word' id='word_1_905' title='bbox 2048 2996 2150 3047; x_wconf 79' lang='lat' dir='ltr'>Capit</span> <span class='ocrx_word' id='word_1_906' title='bbox 2172 3005 2217 3032; x_wconf 88' lang='lat'>¹7·</span> 
     </span>
     <span class='ocr_line' id='line_1_112' title="bbox 1163 3038 2149 3095; baseline 0.012 -21"><span class='ocrx_word' id='word_1_907' title='bbox 1163 3038 1385 3088; x_wconf 78' lang='lat' dir='ltr'>Zacehaeum,</span> <span class='ocrx_word' id='word_1_908' title='bbox 1405 3049 1438 3077; x_wconf 87' lang='lat' dir='ltr'>et</span> <span class='ocrx_word' id='word_1_909' title='bbox 1456 3041 1501 3078; x_wconf 89' lang='lat' dir='ltr'>ab</span> <span class='ocrx_word' id='word_1_910' title='bbox 1520 3042 1644 3079; x_wconf 87' lang='lat' dir='ltr'>arbore</span> <span class='ocrx_word' id='word_1_911' title='bbox 1663 3043 1796 3095; x_wconf 83' lang='lat' dir='ltr'>dejicit,</span> <span class='ocrx_word' id='word_1_912' title='bbox 1814 3060 1919 3095; x_wconf 87' lang='lat' dir='ltr'>seque</span> <span class='ocrx_word' id='word_1_913' title='bbox 1938 3047 1973 3084; x_wconf 89' lang='lat' dir='ltr'>in</span> <span class='ocrx_word' id='word_1_914' title='bbox 1989 3048 2149 3085; x_wconf 86' lang='lat' dir='ltr'>taberna-</span> 
     </span>
    </p>

    <p class='ocr_par' dir='ltr' id='par_1_42' title="bbox 1163 3090 2150 3151">
     <span class='ocr_line' id='line_1_113' title="bbox 1163 3090 2150 3151; baseline 0.012 -25"><span class='ocrx_word' id='word_1_915' title='bbox 1163 3090 1284 3127; x_wconf 89' lang='lat' dir='ltr'>culum</span> <span class='ocrx_word' id='word_1_916' title='bbox 1305 3092 1380 3143; x_wconf 85' lang='lat' dir='ltr'>ejus</span> <span class='ocrx_word' id='word_1_917' title='bbox 1396 3092 1572 3143; x_wconf 87' lang='lat' dir='ltr'>immittit,</span> <span class='ocrx_word' id='word_1_918' title='bbox 1590 3096 1686 3145; x_wconf 89' lang='lat' dir='ltr'>quod</span> <span class='ocrx_word' id='word_1_919' title='bbox 1706 3098 1780 3148; x_wconf 89' lang='lat' dir='ltr'>ipse</span> <span class='ocrx_word' id='word_1_920' title='bbox 1799 3098 1978 3148; x_wconf 85' lang='lat' dir='ltr'>quondam</span> <span class='ocrx_word' id='word_1_921' title='bbox 1998 3101 2150 3151; x_wconf 83' lang='lat' dir='ltr'>peccatis</span> 
     </span>
    </p>

    <p class='ocr_par' dir='ltr' id='par_1_43' title="bbox 1164 3142 2149 3203">
     <span class='ocr_line' id='line_1_114' title="bbox 1164 3142 2149 3203; baseline 0.011 -25"><span class='ocrx_word' id='word_1_922' title='bbox 1164 3142 1309 3192; x_wconf 89' lang='lat' dir='ltr'>quidem</span> <span class='ocrx_word' id='word_1_923' title='bbox 1328 3145 1401 3182; x_wconf 88' lang='lat' dir='ltr'>suis</span> <span class='ocrx_word' id='word_1_924' title='bbox 1420 3145 1679 3196; x_wconf 87' lang='lat' dir='ltr'>inobscurarat,</span> <span class='ocrx_word' id='word_1_925' title='bbox 1702 3149 1808 3187; x_wconf 83' lang='lat' dir='ltr'>bodie</span> <span class='ocrx_word' id='word_1_926' title='bbox 1831 3165 1913 3189; x_wconf 66' lang='lat' dir='ltr'>vero</span> <span class='ocrx_word' id='word_1_927' title='bbox 1934 3153 2075 3203; x_wconf 82' lang='lat' dir='ltr'>pietatis</span> <span class='ocrx_word' id='word_1_928' title='bbox 2095 3154 2149 3189; x_wconf 89' lang='lat' dir='ltr'>lu-</span> 
     </span>
    </p>

    <p class='ocr_par' dir='ltr' id='par_1_44' title="bbox 1163 3195 2150 3253">
     <span class='ocr_line' id='line_1_115' title="bbox 1163 3195 2150 3253; baseline 0.011 -21"><span class='ocrx_word' id='word_1_929' title='bbox 1163 3195 1300 3234; x_wconf 87' lang='lat' dir='ltr'>minare</span> <span class='ocrx_word' id='word_1_930' title='bbox 1315 3197 1547 3237; x_wconf 85' lang='lat' dir='ltr'>collustravit.</span> <span class='ocrx_word' id='word_1_931' title='bbox 1568 3202 1617 3238; x_wconf 89' lang='lat' dir='ltr'>Ut</span> <span class='ocrx_word' id='word_1_932' title='bbox 1631 3201 1738 3251; x_wconf 78' lang='lat' dir='ltr'>igitur</span> <span class='ocrx_word' id='word_1_933' title='bbox 1757 3204 1935 3253; x_wconf 79' lang='lat' dir='ltr'>ingressus</span> <span class='ocrx_word' id='word_1_934' title='bbox 1957 3214 2005 3241; x_wconf 79' lang='lat' dir='ltr'>est</span> <span class='ocrx_word' id='word_1_935' title='bbox 2026 3205 2150 3243; x_wconf 72' lang='lat' dir='ltr'>Salva-</span> 
     </span>
    </p>

    <p class='ocr_par' dir='ltr' id='par_1_45' title="bbox 1163 3249 2149 3307">
     <span class='ocr_line' id='line_1_116' title="bbox 1163 3249 2149 3307; baseline 0.009 -22"><span class='ocrx_word' id='word_1_936' title='bbox 1163 3257 1228 3296; x_wconf 88' lang='lat' dir='ltr'>tor,</span> <span class='ocrx_word' id='word_1_937' title='bbox 1247 3249 1402 3300; x_wconf 84' lang='lat' dir='ltr'>gaudens</span> <span class='ocrx_word' id='word_1_938' title='bbox 1418 3251 1522 3289; x_wconf 89' lang='lat' dir='ltr'>illum</span> <span class='ocrx_word' id='word_1_939' title='bbox 1534 3253 1747 3304; x_wconf 80' lang='lat' dir='ltr'>publicanus</span> <span class='ocrx_word' id='word_1_940' title='bbox 1765 3255 1916 3307; x_wconf 76' lang='lat' dir='ltr'>excepit.</span> <span class='ocrx_word' id='word_1_941' title='bbox 1934 3258 1964 3293; x_wconf 91' lang='lat' dir='ltr'>O</span> <span class='ocrx_word' id='word_1_942' title='bbox 1981 3257 2149 3294; x_wconf 73' lang='lat' dir='ltr'>eximiam</span> 
     </span>
    </p>

    <p class='ocr_par' dir='ltr' id='par_1_46' title="bbox 1162 3302 2150 3360">
     <span class='ocr_line' id='line_1_117' title="bbox 1162 3302 2150 3360; baseline 0.009 -22"><span class='ocrx_word' id='word_1_943' title='bbox 1162 3302 1308 3340; x_wconf 86' lang='lat' dir='ltr'>Domini</span> <span class='ocrx_word' id='word_1_944' title='bbox 1326 3303 1539 3345; x_wconf 73' lang='lat' dir='ltr'>bonitatem!</span> <span class='ocrx_word' id='word_1_945' title='bbox 1563 3306 1634 3352; x_wconf 87' lang='lat' dir='ltr'>Qui</span> <span class='ocrx_word' id='word_1_946' title='bbox 1660 3321 1803 3358; x_wconf 73' lang='lat' dir='ltr'>peecare</span> <span class='ocrx_word' id='word_1_947' title='bbox 1822 3322 1890 3345; x_wconf 89' lang='lat' dir='ltr'>non</span> <span class='ocrx_word' id='word_1_948' title='bbox 1911 3318 2041 3360; x_wconf 85' lang='lat' dir='ltr'>potest,</span> <span class='ocrx_word' id='word_1_949' title='bbox 2068 3324 2150 3347; x_wconf 85' lang='lat' dir='ltr'>cuin</span> 
     </span>
    </p>
   </div>
   <div class='ocr_carea' id='block_1_11' title="bbox 106 3404 1245 3451">
    <p class='ocr_par' dir='ltr' id='par_1_47' title="bbox 106 3404 1245 3451">
     <span class='ocr_line' id='line_1_118' title="bbox 106 3404 1245 3451; baseline 0.007 -14"><span class='ocrx_word' id='word_1_950' title='bbox 106 3414 118 3428; x_wconf 59' lang='grc' dir='ltr'><strong>ὃ</strong></span> <span class='ocrx_word' id='word_1_951' title='bbox 142 3404 196 3437; x_wconf 86' lang='lat' dir='ltr'>Sic</span> <span class='ocrx_word' id='word_1_952' title='bbox 219 3418 299 3439; x_wconf 88' lang='lat' dir='ltr'>unus</span> <span class='ocrx_word' id='word_1_953' title='bbox 313 3406 426 3440; x_wconf 86' lang='lat' dir='ltr'>Codex</span> <span class='ocrx_word' id='word_1_954' title='bbox 454 3416 553 3442; x_wconf 88' lang='lat' dir='ltr'>recte.</span> <span class='ocrx_word' id='word_1_955' title='bbox 572 3407 664 3441; x_wconf 70' lang='lat' dir='ltr'>Edlti</span> <span class='ocrx_word' id='word_1_956' title='bbox 681 3414 728 3442; x_wconf 57' lang='grc' dir='ltr'>καὶ</span> <span class='ocrx_word' id='word_1_957' title='bbox 748 3413 855 3451; x_wconf 75' lang='grc' dir='ltr'>εἰσάγει</span> <span class='ocrx_word' id='word_1_958' title='bbox 869 3413 907 3446; x_wconf 78' lang='grc' dir='ltr'>εἰς</span> <span class='ocrx_word' id='word_1_959' title='bbox 932 3414 985 3447; x_wconf 72' lang='grc' dir='ltr'>τὴν</span> <span class='ocrx_word' id='word_1_960' title='bbox 1007 3414 1112 3448; x_wconf 71' lang='grc' dir='ltr'>σκηνὴν</span> <span class='ocrx_word' id='word_1_961' title='bbox 1128 3412 1245 3444; x_wconf 76' lang='grc' dir='ltr'>ἑαυτοῦ·</span> 
     </span>
    </p>
   </div>
  </div>
 </body>
</html>
