2481 3678
296 197 379 242 186
742 211 780 241 S.

88 308 196 334 nismus
209 315 274 333 cum
287 295 437 347 probam
459 294 570 333 vitam
598 293 743 345 expetit,
764 292 809 330 ad
838 306 900 330 nos
924 290 1042 330 venire
1063 288 1269 335 formidant,

87 355 178 416 {fffia
207 348 275 416 5¹¹3:
288 356 417 407 inquit,
436 356 518 407 quia
542 355 666 393 nolunt
691 354 802 392 vitam
823 361 952 390 rectam
973 350 1152 388 exhibere.
1179 349 1271 386 Nam

86 430 152 456 ham
185 410 274 458 vitam
288 431 367 455 cum
383 417 444 468 qui
463 417 495 453 in
514 416 700 468 gentilium
721 428 836 452 errore
855 413 965 452 vitam
980 411 1080 450 ducit
1098 424 1200 448 nemo
1214 423 1271 447 re.-

85 471 208 508 “Pmm
286 477 511 531 prehenderit
531 493 538 513 :
556 477 618 528 qui
634 476 727 514 enim
747 475 833 513 tales
854 473 937 511 colit
956 472 1054 521 deos,
1074 472 1178 510 festos
1196 470 1271 508 dies

286 539 432 591 perinde
448 548 565 590 turpes
585 546 616 575 et
631 536 816 585 ridiculos,
831 544 935 586 atque
950 533 1001 571 dii
1020 532 1088 585 ipsi
1102 541 1194 582 sunt,
1218 545 1271 568 ce-

285 600 411 644 lebrat,
433 613 474 636 ac
497 599 605 649 digna
635 596 863 648 dogmatibus
893 595 1036 634 exhibet
1065 607 1188 646 opera;
1208 592 1269 642 qui

286 674 369 697 vero
398 661 514 697 Deum
542 658 675 705 colunt,
695 656 724 695 si
752 656 905 707 segniter
930 654 1067 703 vivant,
1086 668 1106 691 a
1132 652 1271 690 nemine

286 735 354 759 non
383 719 690 772 reprehenduntur
710 728 743 756 et
766 726 976 755 accusantur
994 732 1001 752 :
1021 725 1125 753 tantoe
1150 713 1270 751 admi-

286 782 411 819 rationi
431 782 538 819 ctiam
561 779 659 833 apud
673 779 836 817 inimicos
854 792 935 816 suos
951 787 1001 815 est
1014 776 1155 816 veritas.
1179 773 1274 813 Vide

285 856 368 893 ergo
383 856 491 893 quam
510 849 672 879 accurate
690 840 866 890 loquatur.
883 839 961 876 Non
977 837 1072 875 enim
1090 834 1271 884 dicit,Qui

285 917 395 955 prava
419 911 596 955 operatur,
611 914 680 939 non
708 900 805 939 venit
833 898 879 936 ad
902 896 1120 945 lucem35ed,
1142 895 1213 942 Qui
1237 895 1272 932 in

286 963 389 1001 malis
403 971 618 1015 perseverat3
636 960 671 998 id
689 969 752 1008 est,
763 959 834 1006 Qui
849 959 927 996 vult
942 971 1078 1009 semper
1094 956 1129 993 in
1140 955 1272 1008 peccati

287 1038 384 1061 coeno
403 1023 572 1072 volutari,
590 1036 659 1060 non
674 1021 752 1060 vult
768 1035 803 1058 se
823 1019 962 1070 legibus
978 1017 1064 1055 meis
1081 1016 1273 1067 subjicere,

286 1084 347 1122 sed
381 1094 479 1122 extra
517 1097 661 1120 manens
695 1081 806 1118 libere
836 1079 1030 1117 fornicatur
1041 1106 1051 1126 ,
1080 1085 1274 1125 caeteraque

285 1146 402 1182 omnia
427 1144 608 1197 prohibita
632 1142 847 1192 exsequitur.
869 1140 948 1176 Huc
975 1137 1069 1175 enim
1093 1151 1128 1174 56
1158 1137 1273 1173 confe-

286 1219 378 1253 rens,
396 1205 494 1255 quasi
505 1205 562 1241 sur
576 1204 611 1240 in
629 1204 720 1249 lucc,
741 1201 859 1239 statim
876 1199 1081 1236 manifestus
1098 1195 1270 1234 redditur.

285 1266 440 1315 Ideoque
456 1263 646 1315 imperium
666 1261 758 1312 fugit
773 1273 905 1297 meum.
922 1259 1022 1296 Certe
1037 1256 1167 1294 multos
1182 1269 1271 1306 gen-

285 1325 403 1363 tilium
427 1324 582 1362 dicentes
601 1322 780 1369 audimus,
801 1335 836 1358 se
855 1319 934 1357 ideo
953 1331 1023 1356 non
1038 1331 1141 1370 posse
1160 1316 1206 1354 ad
1224 1316 1273 1353 fi·-

285 1387 366 1425 dem
383 1396 538 1424 nostram
556 1383 730 1432 accedere,
740 1381 836 1433 quod
854 1394 923 1429 non
943 1388 1082 1432 possent
1102 1378 1147 1415 ab
1163 1377 1273 1416 ebrie-

285 1457 367 1495 tate,
383 1447 626 1496 fornicatione,
641 1444 843 1494 caeterisque
857 1440 1065 1494 hujusmodi
1083 1439 1181 1479 vitiis
1193 1439 1273 1476 abs-

283 1509 408 1547 tinere.
428 1508 527 1555 Quid
542 1507 650 1558 ergo?
666 1505 821 1556 inquies:
842 1516 957 1540 annon
978 1509 1059 1538 sunt
1080 1498 1271 1538 Christiani

286 1584 354 1608 non
370 1570 525 1607 melioris
539 1568 666 1619 frugis,
681 1580 796 1605 annon
814 1574 846 1602 et
866 1563 1013 1615 gentiles
1026 1561 1274 1614 philosophice

285 1629 696 1669 viventeSZ‘Christianos
710 1641 783 1666 esse
796 1625 858 1677 qui
875 1624 967 1662 mala
982 1631 1192 1675 perpetrent,
1209 1635 1273 1673 ego

288 1705 427 1742 quoque
441 1692 525 1729 novi
539 1706 546 1726 ε
564 1703 648 1727 num
664 1698 782 1726 autem
797 1685 943 1738 gentiles
965 1684 1034 1722 sint
1047 1682 1110 1734 qui
1125 1683 1272 1735 probam

288 1752 418 1790 ducant
431 1752 553 1800 vitam,
566 1750 602 1788 id
618 1764 687 1788 non
703 1747 847 1801 perinde
857 1755 982 1784 notum
994 1743 1097 1782 mihi.
1115 1745 1169 1781 Ne
1182 1742 1272 1780 mihi

288 1813 369 1851 illos
386 1812 533 1864 objicias
554 1812 617 1862 qui
640 1825 685 1849 ex
698 1819 824 1848 natura
843 1821 905 1846 sua
920 1805 1069 1844 modesti
1090 1804 1273 1855 ornatique

819 209 1005 240 JOANMS
1040 206 1284 237 CHRYSOST.

1327 205 1515 235 ARCHIEP
1524 226 1533 234 .
1571 206 1656 235 CON
1665 207 1915 236 STANHNOP
1924 226 1933 235 .

1345 287 1402 324 καί
1423 286 1599 326 πολιτείαν
1617 288 1837 339 ὑγιαίνουσαν
1857 290 2021 334 ἀπαιτεῖ,
2045 288 2237 337 δεδοίκασι,
2257 291 2340 341 φησι
2353 321 2362 338 ,

1296 359 1320 391 C
1346 346 1554 398 μεταθέσθαι
1581 348 1667 399 πρὸς
1698 351 1810 398 ἡμᾶς,
1838 348 1956 395 ἐπειδὴ
1990 348 2038 398 μὴ
2075 348 2258 399 βούλονται
2289 351 2363 402 βίον

1343 409 1441 460 ὀρθὸν
1494 408 1744 452 ἐπιδείξασθαι.
1778 408 1849 447 Τὸν
1886 408 1949 459 μὲν
1995 408 2062 461 γὰρ
2095 411 2129 446 ἐν
2164 411 2365 463 ἑλληνισμῷ

1344 471 1455 513 ζῶντα
1475 469 1582 512 οὐδεὶς
1603 469 1641 507 ἂν
1666 469 1879 521 διελέγξειεν.
1900 469 1944 508 Ὁ
1968 469 2036 521 γὰρ
2068 469 2164 513 θεοὺς
2193 471 2366 514 τοιούτους

1342 529 1455 581 ἔχων,
1473 529 1532 568 καὶ
1555 530 1675 582 ἑορτὰς
1695 529 1821 581 ὁμοίως
1846 535 1917 573 τοῖς
1936 534 2022 573 θεοῖς
2051 530 2198 582 αἰσχρὰς
2224 531 2282 569 καὶ
2306 548 2367 570 κα-

1339 591 1593 641 ταγελάστους,
1611 591 1688 635 ἄξια
1704 594 1773 628 τῶν
1794 590 1976 641 δογμάτων
1994 591 2052 628 καὶ
2067 590 2112 629 τὰ
2133 589 2218 642 ἔργα
2236 592 2346 630 ἐπιδεί
2358 616 2367 621 -

1342 667 1485 690 κνυται·
1508 655 1538 690 οἱ
1567 651 1602 689 δὲ
1627 655 1686 689 τοῦ
1706 653 1820 698 Θεοῦ,
1841 651 2003 705 ῥαθύμως
2037 654 2179 699 ζῶντες,
2212 652 2367 696 ἅπαντας

1343 711 1546 756 εὐθύνοντας
1595 712 1715 764 ἔχουσι
1753 712 1812 751 καὶ
1846 711 2078 764 κατηγόρους·
2113 717 2274 751 τοσοῦτον
2309 714 2368 752 καὶ

1343 773 1439 824 παρὰ
1458 779 1529 816 τοῖς
1549 775 1684 826 ἐχθροῖς
1701 775 1765 819 τῆς
1782 773 1944 819 ἀληθείας
1965 773 2037 811 ἐστὶ
2062 773 2101 812 τὸ
2118 777 2246 824 θαῦμα.
2270 773 2366 826 ςὈρα

1342 834 1454 897 τοίνυν
1475 838 1550 877 πῶς
1569 834 1659 885 μετὰ
1681 834 1858 886 ἀκριῧείας
1881 834 2016 881 τίθησιν
2036 834 2056 872 δ’
2084 849 2200 886 φησιν.
2218 836 2271 873 Οὐ
2300 835 2367 888 γὰρ

1342 899 1450 943 εἶπεν,
1469 898 1487 933 ὁ
1519 897 1634 947 φαῦλα
1659 894 1791 947 πράξας
1823 897 1884 932 οὐκ
1912 895 2052 946 ἔρχεται
2086 895 2170 947 πρὸς
2204 895 2243 932 τὸ
2276 898 2366 948 φῶς·

1344 956 1436 1003 ἀλλ’,
1457 959 1474 993 ὃ
1493 955 1660 1007 πράσσων
1687 955 1761 1002 ἀεὶ,
1792 955 1991 1002 τουτέστιν,
2026 958 2042 993 ὁ
2076 956 2129 994 ἀεὶ
2161 956 2368 1007 βουλόμενος

1343 1016 1642 1065 Εέγκαλινδεῖσθαι
1661 1018 1711 1068 τῷ
1731 1018 1792 1061 τῆς
1814 1015 1985 1067 ἁμαρτίας
2001 1016 2178 1068 βορὸόρῳ,
2194 1019 2230 1054 οὐ
2250 1017 2368 1069 βούλε·

1296 1085 1322 1114 D
1342 1092 1400 1113 ται
1420 1082 1490 1119 τοῖς
1516 1076 1632 1126 νόμοις
1666 1077 1786 1114 ἑαυτὸν
1818 1076 2027 1115 ὑποδάλλειν
2054 1083 2124 1120 τοῖς
2152 1079 2267 1128 ἐμοῖς,
2290 1079 2366 1115 ἀλλ’

1342 1135 1406 1179 ἔξω
1428 1136 1538 1186 μένων
1558 1136 1717 1187 πορνεύει
1739 1136 1830 1185 μετὰ
1844 1136 1981 1184 ἀδείας,
1998 1137 2057 1174 καὶ
2077 1137 2121 1175 τὰ
2141 1137 2230 1176 ἄλλα
2252 1139 2367 1176 πάντα

1343 1196 1490 1248 πράττει
1518 1196 1562 1233 τὰ
1580 1196 1817 1247 κεκωλυμένα.
1838 1197 2011 1234 Ἐνταῦθα
2028 1197 2096 1248 γὰρ
2117 1198 2238 1247 ἐλθὼν,
2258 1202 2304 1242 ὡς
2331 1201 2366 1236 ἐν

1343 1257 1432 1309 φωτὶ
1458 1255 1624 1304 κλέπτης,
1654 1256 1851 1302 κατάδηλος
1883 1257 2027 1308 γίνεται.
2059 1258 2127 1296 Διὰ
2159 1262 2269 1296 ταῦτα
2303 1260 2367 1305 τὴν

1343 1317 1455 1369 ἀρχὴν
1476 1317 1592 1369 φεύγει
1616 1316 1678 1363 τὴν
1699 1316 1802 1367 ἐμήν.
1824 1317 1971 1355 Πολλῶν
1990 1321 2069 1367 γοῦν
2099 1318 2191 1356 ἔστιν
2224 1322 2368 1357 ἀκοῦσαι

1343 1378 1401 1416 καὶ
1422 1383 1478 1416 νῦν
1497 1377 1676 1425 Ἑλλήνων
1704 1377 1875 1429 λεγόντων
1888 1408 1897 1426 ,
1918 1378 1973 1416 διὰ
1996 1382 2097 1416 τοῦτο
2130 1382 2177 1429 μὴ
2205 1379 2368 1418 δύνασθαι

1343 1439 1428 1491 πρὸς
1445 1438 1507 1485 τὴν
1529 1439 1647 1476 πίστιν
1664 1438 1725 1486 τὴν
1746 1438 1921 1491 ἡμετέραν
1943 1441 2160 1491 προσελθεῖν,
2176 1439 2232 1478 διὰ
2252 1440 2291 1478 τὸ
2317 1440 2366 1492 μὴ

1345 1500 1510 1538 δύνασθαι
1531 1500 1657 1550 μέθης,
1674 1499 1732 1537 καὶ
1745 1499 1926 1551 πορνείας,
1946 1500 2003 1537 καὶ
2023 1503 2091 1537 τῶν
2105 1500 2268 1538 τοιούτων
2289 1501 2368 1552 ἀφί-

1345 1564 1492 1599 στασθαι
1524 1560 1854 1610 πλημμελημάτων.
1875 1559 1922 1598 Τί
1956 1555 2033 1608 οῦν,
2053 1561 2178 1612 φησίν·
2200 1563 2263 1599 οὒκ
2278 1561 2365 1609 εἰσὶ,

1345 1622 1403 1660 καὶ
1438 1621 1635 1674 χριστιανοὶ
1668 1621 1712 1659 τὰ
1747 1623 1861 1673 φαῦλα
1894 1621 2129 1672 πράσσοντες,
2155 1622 2213 1660 καὶ
2235 1621 2368 1668 ἽΞλλη-

1343 1699 1397 1726 νες
1417 1684 1451 1720 ἐν
1473 1681 1658 1735 φιλοσοφίᾳ
1677 1684 1822 1728 ζῶντες,
1846 1681 2050 1734 Χριστιανοὶ
2078 1680 2139 1731 μὲν
2174 1682 2226 1720 ὅτι
2255 1685 2369 1735 φαῦλα

1344 1743 1559 1797 πράσσοντές
1576 1745 1678 1791 εἰσιν,
1705 1737 1782 1781 οἶδα
1800 1741 1915 1793 κάγώ·
1934 1744 1963 1779 εἰ
1980 1741 2015 1779 δὲ
2034 1742 2094 1780 καὶ
2110 1741 2285 1788 (Έλληνες
2309 1745 2369 1796 ὀρ-

1345 1808 1411 1849 θῶς
1428 1808 1578 1856 βιοῦντες
1593 1833 1602 1851 ,
1620 1808 1720 1841 τοῦτο
1735 1805 1797 1841 οὐκ
1814 1802 1865 1840 ἔτι
1888 1796 1964 1840 οἶδα
1984 1805 2113 1854 σαφῶς.
2133 1802 2194 1850 Μὴ
2221 1802 2288 1855 γάρ
2311 1819 2369 1851 μοι

289 1882 370 1911 sunt
388 1889 395 1909 ε
412 1873 479 1910 hoe
502 1872 596 1910 enim
625 1872 739 1910 virtus
764 1884 832 1907 non
861 1877 931 1916 est3
947 1866 1007 1904 sed
1029 1866 1110 1902 illos
1134 1865 1271 1913 afferas,
1287 1898 1335 1923 ,¹62
1345 1866 1421 1909 τοὺς
1442 1866 1511 1903 ἀπὸ
1530 1865 1661 1916 φύσεως
1677 1863 1778 1915 εἴπῃς
1795 1865 1961 1906 ἐπιεικεῖς
1976 1862 2035 1901 καὶ
2050 1863 2215 1914 κοσμίους
2228 1879 2235 1886 ·
2250 1866 2286 1902 οὐ
2302 1865 2369 1916 γάρ

289 1934 349 1983 qui
366 1933 551 1970 affectibus
564 1932 788 1971 vehementer
802 1928 1045 1976 trahuntur,et
1058 1936 1175 1964 tamen
1188 1924 1271 1977 phi·
1299 1934 1326 1965 A
1345 1930 1422 1966 ἐστι
1449 1930 1550 1964 τοῦτο
1583 1925 1708 1977 ἀρετή·
1742 1925 1819 1962 ἀλλ’
1847 1922 1921 1962 εἰπὲ
1953 1924 2009 1962 τὸν
2041 1923 2175 1970 πολλὴν
2202 1924 2272 1962 ἀπὸ
2300 1928 2369 1963 τῶν

289 1994 532 2046 losophantur.
558 1995 602 2030 At
633 2001 725 2030 certe
752 2004 821 2028 non
854 1988 977 2041 possis.
1006 1988 1098 2025 Nam
1120 1985 1149 2024 si
1174 1985 1275 2036 regni

288 2054 488 2106 promissio,
502 2054 667 2105 gehennae
683 2051 923 2099 comminatio,
936 2058 968 2087 et
985 2049 1054 2086 alia
1069 2047 1277 2099 hujusmodi

289 2115 351 2151 vix
367 2114 525 2152 homines
536 2115 572 2152 in
583 2112 727 2152 virtutis
739 2110 905 2150 exercitio
918 2108 1067 2146 retinent
1077 2123 1084 2143 ι
1094 2107 1196 2157 longe
1207 2106 1276 2143 dif-

291 2175 420 2212 ficilius
437 2175 536 2211 illam
553 2174 766 2212 exercebunt
795 2171 856 2222 qui
875 2170 965 2208 nihil
981 2182 1103 2206 eorum
1118 2161 1275 2205 credunt.

148 2252 276 2281 ommes
291 2235 397 2282 Quod
431 2236 459 2273 si
487 2235 635 2286 quidam
659 2234 827 2273 virtutem
866 2230 1053 2278 simulent,
1084 2227 1122 2265 id
1156 2227 1276 2278 gloriae

89 2294 274 2362 {ssfil‘ssffllssll't
293 2311 395 2334 causa
417 2296 573 2345 faciunt,
593 2295 653 2346 qui
675 2303 792 2331 autem
810 2305 909 2331 vanae
928 2290 1051 2341 gloriae
1080 2301 1183 2325 eausa
1202 2287 1276 2325 vir—

90 2346 276 2405 154‡⁰'⁵c‡,‘}a
292 2366 403 2395 tutem
419 2366 593 2405 exercent,
611 2355 673 2393 ubi
693 2355 802 2393 latere
820 2360 1000 2405 poterunt,
1024 2363 1092 2387 non
1116 2363 1135 2386 a
1157 2347 1276 2399 pravis

88 2420 229 2446 ‘'³¹¹⁰10ffl
291 2417 548 2470 cupiditatibus
577 2415 814 2453 abstinebunt.
839 2414 975 2452 Verum
1001 2425 1044 2448 ne
1071 2407 1277 2448 contentiosi

89 2460 273 2488 ⁰¹⁰r⁶⁰h³n¹'
290 2479 491 2528 videamur,
511 2477 744 2515 concedamus
775 2473 869 2527 apud
898 2472 1044 2524 gentiles
1074 2485 1146 2508 esse
1171 2482 1276 2520 quos-

290 2542 374 2579 dam
394 2541 453 2590 qui
476 2549 568 2577 reete
601 2539 742 2579 vivant:
770 2535 861 2574 nihil
885 2534 979 2572 enim
999 2534 1066 2571 hoc
1085 2531 1191 2570 dictis
1214 2544 1275 2567 no-

291 2601 373 2639 stris
388 2601 512 2637 officit.
541 2601 631 2636 Nam
651 2596 747 2649 quod
767 2610 857 2648 saepe
877 2594 1061 2645 contingit,
1088 2605 1158 2630 non
1179 2589 1273 2642 quod

292 2676 372 2699 raro
385 2660 526 2709 accidit,
544 2659 603 2696 hic
622 2657 905 2709 intelligendum.

345 2791 381 2827 5.
412 2790 442 2827 V
452 2787 507 2825 ide
534 2788 640 2824 ctiam
658 2799 727 2836 quo
744 2793 846 2837 pacto
874 2782 1018 2821 aliunde
1039 2795 1178 2834 quoque
1205 2780 1277 2818 illis

292 2865 432 2888 onmem
458 2848 694 2887 excusationis
720 2846 866 2883 modum
894 2845 1049 2894 auferat,
1071 2857 1152 2880 eum
1170 2841 1274 2892 dicit,

293 2912 409 2949 lucem
440 2910 475 2947 in
509 2908 682 2946 mundum
704 2906 852 2945 venisse.
882 2906 993 2953 Num,
1021 2903 1150 2954 inquit,
1176 2902 1275 2940 illam

293 2970 534 3023 quaesierunt?
563 2983 648 3007 num
678 2968 885 3005 laborarunt
906 2974 944 3002 ut
983 2963 1275 3014 assequerentur?

294 3034 374 3085 Ipsa
395 3032 458 3069 lux
484 3030 529 3067 ad
559 3030 639 3067 illos
656 3027 765 3076 venit,
785 3039 895 3076 neque
928 3024 979 3062 sic
1007 3033 1121 3062 tamen
1150 3037 1274 3061 accur—

293 3103 425 3132 rerunt.
457 3092 551 3139 Quia
583 3105 664 3130 vero
684 3088 871 3127 obtendere
900 3095 1060 3138 possunt,
1096 3085 1273 3123 Christia—

294 3168 356 3191 nos
376 3168 449 3191 esse
475 3151 647 3203 quosdam
673 3149 734 3200 qui
765 3147 858 3186 male
885 3147 1021 3194 vivant,
1048 3145 1276 3196 respondebi-

1345 1990 1465 2026 παθῶν
1489 1985 1706 2036 ὑπομένοντα
1728 1984 1806 2036 βίαν
1835 1984 1893 2021 καὶ
1913 1985 2176 2036 φιλοσοφοῦντα.
2197 1985 2289 2022 Ἀλλ’
2307 1987 2369 2022 οὐκ

1345 2049 1385 2087 ἂν
1418 2048 1523 2101 ἔχοις.
1548 2049 1591 2085 Εἰ
1623 2046 1690 2099 γὰρ
1719 2045 1897 2097 βασιλείας
1919 2045 2125 2097 ἐπαγγελία,
2145 2045 2205 2084 καὶ
2230 2046 2370 2098 γεέννης

1347 2109 1487 2157 ἀπειλὴ,
1508 2108 1567 2147 καὶ
1586 2112 1601 2128 ²²
1614 2108 1703 2155 ἄλλη
1722 2105 1930 2145 διδασκαλία
1949 2106 2099 2153 τοσαύτη
2113 2136 2122 2154 ,
2142 2106 2241 2157 μόλις
2269 2106 2370 2145 κατέ-

1346 2186 1448 2222 χουσι
1462 2169 1541 2212 τοὺς
1560 2168 1761 2220 ἀνθρώπους
1783 2171 1816 2205 ἐν
1846 2169 1951 2219 ἀρετῇ
1964 2184 1971 2190 ·
1988 2169 2099 2219 σχολῇ
2117 2170 2148 2219 γ’
2172 2166 2212 2205 ἂν
2241 2170 2273 2205 οἱ
2290 2168 2370 2219 περὶ

1348 2231 1493 2281 μηδενὸς
1513 2228 1741 2279 πεπεισμένοι
1770 2228 1900 2266 τούτων
1933 2227 2128 2278 μετέλθοιεν
2155 2228 2296 2279 ἀρετήν.
2325 2230 2370 2266 Εἰ

1348 2291 1384 2329 δέ
1401 2306 1489 2333 τινες
1512 2290 1570 2328 καὶ
1585 2288 1852 2340 ὑποκρίνονται,
1874 2287 1972 2334 δόξης
1990 2288 2104 2326 ἕνεκεν
2129 2292 2228 2326 τοῦτο
2248 2292 2370 2326 ποιοῦ-

1347 2369 1418 2390 σιν·
1450 2355 1468 2390 ὃ
1488 2350 1522 2388 δὲ
1544 2350 1642 2395 δόξης
1672 2348 1774 2386 ἕνεκα
1793 2353 1894 2386 τοῦτο
1912 2350 2034 2395 ποιῶν,
2054 2348 2134 2386 ὅταν
2155 2348 2211 2400 ἐξῇ
2239 2350 2369 2397 λαθεῖν,

1346 2415 1383 2451 οὗ
1404 2412 1559 2464 φείσεται
1577 2414 1636 2448 τοῦ
1657 2408 1858 2460 χρήσασθαι
1883 2414 1958 2451 ταῖς
1985 2407 2185 2459 ἐπιθυμίαις
2207 2414 2283 2452 ταῖς
2307 2425 2370 2447 πο-

1345 2479 1477 2525 νηραῖς.
1497 2471 1598 2518 Πλὴν
1618 2469 1696 2508 ἀλλ’
1716 2468 1772 2506 ἵνα
1792 2468 1840 2518 μὴ
1863 2468 2011 2518 δόξωμέν
2037 2485 2125 2507 τισιν
2157 2463 2243 2507 εἶναι
2269 2470 2369 2522 φιλό-

1300 2537 1324 2568 Β
1347 2550 1472 2580 νεικοι,
1494 2531 1779 2584 συγχωρήσωμεν
1805 2531 1913 2581 ὀρθῶς
1944 2532 2100 2580 βιοῦντας
2124 2524 2211 2567 εἶναι
2231 2532 2264 2568 ἐν
2285 2529 2370 2568 (Έλ-

1345 2596 1447 2642 λησιν
1460 2611 1467 2618 ·
1485 2593 1647 2632 οὐδέποτε
1671 2590 1739 2644 γὰρ
1757 2594 1857 2627 τοῦτο
1887 2592 2102 2629 ἐναντιοῦται
2130 2593 2180 2643 τῷ
2193 2590 2300 2643 λόγῳ.
2317 2592 2369 2630 Τὸ

1345 2656 1412 2708 γὰρ
1430 2655 1487 2694 ἐπὶ
1511 2654 1599 2694 πολὺ
1630 2651 1818 2701 συμὸαῖνον
1839 2644 1946 2698 εἶπεν,
1967 2654 2004 2689 οὐ
2035 2652 2074 2689 τὸ
2112 2651 2296 2695 σπανιάκις
2314 2668 2368 2702 γι-

1347 2717 1500 2768 νόμενον.

1400 2777 1496 2830 ρὈρα
1516 2775 1551 2814 δὲ
1571 2777 1645 2818 πῶς
1665 2774 1723 2813 καὶ
1744 2773 1908 2825 ἑτέρωθεν
1937 2774 2124 2824 ἀποστερεῖ
2144 2772 2260 2817 πάσης
2282 2775 2369 2810 ἀπο-

1347 2839 1465 2890 λογίας
1484 2835 1627 2883 αὐτοὺς,
1650 2833 1769 2879 εἰπὼν,
1796 2832 1849 2870 ὅτι
1872 2826 1985 2870 Ἦλθε
2011 2832 2050 2869 τὸ
2069 2835 2140 2884 φῶς
2164 2834 2211 2875 εἷς
2229 2832 2288 2870 τὸν
2307 2832 2369 2870 κό-

1348 2915 1447 2950 σμον.
1469 2896 1530 2943 Μὴ
1549 2896 1637 2948 γὰρ,
1658 2894 1754 2932 αὐτοὶ
1767 2924 1776 2942 ,
1795 2893 1912 2945 φησὶν,
1931 2893 2014 2930 αὐτὸ
2028 2892 2218 2940 ἐζήτησαν,
2237 2892 2284 2942 μὴ
2303 2893 2370 2945 γὰρ

1347 2960 1498 3010 ἕκαμον;
1521 2956 1569 3007 μὴ
1585 2956 1651 3007 γὰρ
1670 2955 1842 3001 ἐπόνησαν
1862 2952 1918 2991 ἵνα
1939 2952 2105 3004 εὕρωσιν,
2131 2954 2224 2992 Αὐτὸ
2241 2953 2280 2991 τὸ
2300 2957 2370 3005 φῶς

1347 3015 1430 3067 ιἦλθε
1445 3017 1530 3069 πρὸς
1546 3015 1680 3061 αὐτοὺς,
1695 3014 1754 3052 καὶ
1769 3013 1844 3052 οὐδὲ
1857 3012 1947 3050 οὕτω
1961 3013 2216 3066 προσέδραμον.
2237 3014 2256 3032 *
2268 3012 2370 3060 Πλὴν

1350 3079 1425 3119 ἐπεί
1440 3094 1535 3121 τινας
1553 3076 1612 3115 καὶ
1626 3074 1722 3127 παρὰ
1741 3076 1961 3127 Χριστιανοῖς
1977 3068 2065 3112 εἶναι
2083 3076 2242 3126 πονηρῶς
2258 3077 2371 3125 βιοῦν-

1349 3156 1432 3189 τας,
1462 3141 1572 3177 ἐκεῖνο
1599 3137 1638 3174 ἂν
1659 3136 1836 3185 εἴποιμεν,
1858 3135 1911 3172 ὅτι
1937 3136 1974 3171 οὐ
2002 3135 2081 3187 περὶ
2102 3138 2170 3173 τῶν
2199 3135 2232 3179 ἐξ
2259 3136 2370 3187 ἀρχῆς

294 3229 385 3264 mus,
413 3215 469 3252 hic
495 3227 563 3251 non
582 3212 639 3263 agi
665 3211 709 3248 de
739 3209 781 3247 iis
802 3208 863 3259 qui
880 3206 1071 3244 Christiani
1089 3205 1161 3242 nati
1181 3215 1273 3254 sunt,
1301 3216 1324 3246 C
1349 3200 1542 3255 γενομένων
1562 3198 1794 3250 Χριστιανῶν,
1818 3196 1877 3233 καὶ
1900 3197 1939 3233 ἐκ
1959 3196 2135 3247 προγόνων
2164 3194 2367 3245 διαδεξαμέ-

337 3345 348 3357 ⁰
365 3338 425 3370 Alii
441 3339 513 3380 [Sar
524 3337 558 3370 il.
573 3345 605 3370 et.
620 3335 704 3369 Cod.
723 3335 803 3376 705]
818 3335 1053 3376 ἐγκυλινῦεἱσθαι.
1079 3331 1174 3374 [Mox
1195 3329 1294 3363 iidem

293 3403 367 3422 cuni
386 3391 469 3425 Cod.
488 3391 550 3422 706
567 3398 662 3432 νόμοις
678 3389 745 3420 sinc
759 3384 927 3426 articulo.]

1410 3338 1422 3352 ³
1438 3324 1541 3359 Savil.
1559 3327 1638 3362 άλλη
1652 3325 1808 3366 ἐπιμέλεια
1822 3323 1962 3358 τοσαύτη.

1406 3378 1421 3395 *
1439 3378 1478 3420 [εἰ
1494 3379 1526 3411 δέ
1540 3390 1654 3414 τινες...
1673 3376 1736 3407 εἶεν.
1761 3398 1766 3404 .
1783 3377 1912 3415 βιοῦντες
1926 3369 2026 3405 Savil.
2038 3377 2068 3403 ct
2084 3368 2192 3403 Codd.
2207 3369 2279 3410 cir]
