2522 3683
243 2487 332 2514 Maria

143 2527 313 2563 Magdaltma

144 2570 295 2596 Christum

145 2616 211 2647 post
239 2620 334 2638 resur-

145 2653 305 2679 rectionem

360 143 454 202 584

356 249 384 285 si
401 263 477 286 eam
492 248 549 286 hic
567 249 808 301 negleximus,
828 251 952 289 saltem
971 252 1006 289 in
1024 262 1136 290 morte
1151 253 1343 304 sapiamus,

355 319 387 347 et
399 309 436 347 id
456 324 619 349 curemus
639 326 701 364 per
717 313 990 365 eleemosynam,
1008 322 1045 350 ut
1060 327 1079 351 a
1098 314 1272 366 proximis
1283 314 1343 366 ju-

355 385 492 408 vemur.
514 372 646 423 Sicque
662 388 707 411 ex
725 374 860 412 mutuis
885 375 1032 413 auxiliis
1056 375 1226 414 fiduciam
1250 376 1343 413 mul-
1365 373 1388 402 Ε

356 441 428 469 tam
461 446 712 484 assequamur,
744 436 858 487 gratia
887 444 920 473 et
945 435 1164 487 benignitate
1197 437 1343 474 Domini

354 493 465 539 nostri
489 495 572 538 Jesu
600 498 752 541 Christi,
777 497 922 547 quicum
940 497 1037 534 Patri
1056 507 1089 536 et
1104 512 1174 536 una
1190 498 1342 550 Spiritui

352 573 472 601 sancto
486 595 495 609 ,
523 563 656 615 gloria,
676 561 886 613 imperium,
916 559 1049 610 honor,
1067 575 1162 600 nunc
1186 570 1220 600 et
1248 575 1342 600 sem-

351 640 426 677 per,
457 634 489 663 et
514 625 549 663 in
569 623 696 662 sarcula
718 621 943 661 saeeulorum.
966 623 1088 661 Amen.

837 161 873 190 S.
912 161 1090 192 JOANMS
1127 150 1367 192 Cnnvsos‘r.

397 958 411 975 *
435 959 511 1001 [Ita
530 957 639 990 locum
656 969 673 989 e
688 956 790 990 Savit.
808 965 841 989 et
856 955 965 989 Codd.
986 958 1198 988 restituimus.
1212 955 1360 999 Legeba-

351 1018 402 1042 ῑυῐ·
424 1015 656 1057 περιστείλωμεν
673 1014 820 1051 μάλιστα.
839 1014 924 1053 παρὰ
944 1014 1043 1042 πάντα.
1059 1014 1108 1042 τὸν
1122 1016 1227 1053 χρόνον
1244 1014 1358 1051 ἠμελή·

1411 163 1430 191 Α
1439 162 1595 192 RCHIEP
1604 183 1613 192 .
1652 163 1986 195 CONSTANTffioP
1995 186 2004 195 .

1414 244 1543 295 ἄταφον
1563 244 1770 296 ε’ῤῥιμμένον
1787 247 2078 298 καταισχύνεται.
2103 250 2149 292 ὡς
2168 248 2261 301 ψυχὴ
2282 250 2359 288 τότε
2378 265 2439 301 γυΑ

1413 304 1480 355 μνὴ
1519 308 1580 351 τ’ἧς
1613 307 1738 358 ἀρετῆς
1768 307 1971 358 φαινομένη.
2007 307 2151 356 Ταύτην
2180 311 2412 362 ἀμφιάσωμεν
2430 342 2438 358 ,

1411 365 1539 413 ταύτην
1554 365 1837 418 περιστείλωμεν,
1852 367 1872 387 *
1884 368 2037 418 μάλιστα
2058 369 2119 420 μὲν
2137 370 2234 423 παρὰ
2250 371 2364 409 πάντα
2380 372 2438 409 τὸν

1411 423 1551 476 χρόνον·
1573 426 1602 461 εἷ
1634 424 1668 461 δὲ
1697 427 1843 463 ἐνταῦθα
1871 427 2113 479 ἠμελήσαμεν,
2133 428 2197 466 κᾶν
2217 431 2441 473 τελευτῶντες

1412 485 1589 537 νήψωμεν,
1610 483 1669 522 καὶ
1685 491 1755 529 τοῖς
1772 485 1910 530 οἰκείοις
1927 488 2177 540 ἐπισκήψωμεν
2202 489 2439 541 συμπράττειν

1413 546 1598 584 ἀπελθοῦσι
1618 546 1660 582 δι’
1691 546 1925 596 ἐλεημοσύνης
1952 552 2050 599 ἡμῖν.
2074 549 2178 587 Οὕτω
2195 552 2253 588 ὑπ’
2277 550 2439 597 ἀλλήλων

1414 605 1637 657 βοηθούμενοι
1670 606 1867 659 παῤῥησίας
1895 610 2027 655 πολλ’ῆς
2047 610 2304 662 Εέπιτύχωμεν,
2320 611 2439 664 χάριτι

1411 667 1469 705 καὶ
1492 667 1734 721 φιλανθρωπίᾳ
1751 673 1811 706 τοῦ
1838 668 1967 722 Κυρίου
1994 672 2095 721 ἡμῶν
2119 670 2234 717 Ἰησοῦ
2266 672 2438 723 Χριστοῦ,

1413 730 1486 778 μεθ’
1507 722 1544 766 οὗ
1571 731 1620 781 τῷ
1650 729 1787 781 Πατρὶ,
1815 730 1889 780 ἅμα
1919 732 1968 782 τῷ
1998 731 2086 783 ἁγίῳ
2108 731 2304 782 Πνεύματι,
2335 731 2438 777 δόξα,

1410 789 1535 841 κράτος
1549 820 1558 836 ,
1582 790 1689 840 τιμὴ,
1713 796 1769 829 νῦν
1796 791 1854 829 καὶ
1872 792 1938 839 ἀεὶ,
1967 792 2026 830 καὶ
2048 795 2097 836 εἰς
2118 792 2195 835 τοὺς
2223 795 2351 836 αἰῶνας
2370 798 2437 832 τῶν

1414 849 1559 888 αἰώνων.
1577 851 1698 902 Ἀμήν.

1427 977 1519 1006 σαμεν
1533 977 1559 995 κ.
1580 977 1608 996 τ.
1630 964 1674 1004 Q]

1471 1022 1484 1038 e
1509 1012 1700 1055 Legendum
1731 1023 1824 1056 putat
1843 1016 1942 1050 Saxil.
1965 1023 2187 1060 ἐπιτευξόμεθα.

354 1128 2423 1147 Ἣ

1351 1219 1397 1243 515

614 1246 827 1284 HOMILIA
860 1244 1072 1283 LXXXVI.

345 1369 436 1405 CAP.
460 1365 546 1404 XX.
566 1381 601 1406 v.
624 1368 686 1405 10.
725 1367 921 1405 Abierant
950 1380 1038 1419 ergo
1067 1369 1205 1405 iterum
1226 1368 1339 1405 disci-

392 1428 478 1479 puli
500 1428 554 1464 ad
578 1431 811 1480 semetipsos.
830 1430 892 1466 11.
910 1429 1044 1465 Maria
1066 1436 1194 1466 autem
1210 1429 1339 1465 stabat

396 1490 450 1527 ad
471 1499 771 1541 monumentum¹
774 1490 873 1540 foris
889 1489 1064 1540 plorans.

399 1636 433 1670 1.
454 1632 618 1671 Proclive
638 1631 685 1670 ad
706 1630 988 1669 misericordiam
1010 1639 1061 1668 est
1080 1630 1254 1668 muliebre
1276 1644 1334 1681 ge-

343 1708 422 1731 nus.
462 1694 538 1731 Hoc
578 1702 697 1731 autem
732 1692 813 1730 dico
828 1723 839 1743 ,
876 1706 918 1729 ne
951 1692 1092 1729 mireris
1123 1706 1187 1729 cur
1220 1692 1337 1729 Maria

342 1758 468 1795 acerbe
491 1757 571 1794 fleat
594 1757 630 1794 in
660 1756 821 1808 sepulcro
829 1772 840 1806 3
867 1758 997 1793 Petrus
1017 1769 1102 1794 vero
1122 1769 1192 1793 non
1217 1755 1301 1793 item
1326 1772 1334 1792 ε

344 1834 426 1856 nam
464 1819 532 1867 ait,
568 1819 763 1870 Discipuli
795 1820 973 1855 abierunt
1004 1818 1059 1854 ad
1089 1820 1331 1868 semetipsos,

343 1882 417 1919 illa
441 1894 535 1918 vero
547 1880 656 1934 flens
682 1881 825 1917 stabat.
852 1877 1046 1916 Imbecillis
1077 1887 1151 1915 erat
1185 1887 1333 1926 natura,

344 1941 497 1980 necdum
524 1942 683 1977 futuram
709 1938 1002 1976 resurrectionem
1033 1937 1126 1975 clare
1157 1947 1304 1976 noverat
1327 1954 1333 1975 :

343 2001 643 2054 quemadmodum
670 2000 777 2038 etiam
807 1999 885 2047 illi,
917 1999 1004 2038 visis
1038 1999 1332 2047 linteaminibus,

343 2063 521 2101 credentes
543 2062 709 2100 abierunt
725 2061 771 2099 ad
792 2060 996 2112 semetipsos
1016 2061 1184 2112 perculsi.
1205 2061 1252 2098 Et
1273 2076 1337 2099 cur

342 2139 410 2162 non
430 2124 550 2162 statim
576 2123 740 2161 abierunt
764 2122 799 2159 in
822 2121 1031 2171 Galilaeam,
1058 2130 1097 2158 ut
1124 2122 1336 2160 mandatum

341 2186 426 2237 ipsis
445 2186 561 2223 fuerat
576 2193 654 2221 ante
676 2182 903 2235 passionem?
927 2182 1089 2219 Fortasse
1102 2182 1258 2233 reliquos
1275 2197 1336 2220 ex-

340 2247 556 2298 spectabant.
580 2244 748 2295 Alioquin
765 2253 884 2281 autem
907 2242 1027 2280 adhuc
1043 2242 1239 2280 admodum
1255 2258 1335 2295 per-

340 2308 439 2359 plexi
458 2317 568 2346 erant.
591 2307 637 2343 Hi
658 2305 769 2357 igitur
787 2318 881 2342 nunc
898 2303 1063 2340 abierunt
1075 2319 1085 2352 3
1107 2303 1169 2341 illa
1185 2319 1269 2342 vero
1289 2304 1336 2342 ad

341 2369 461 2406 locum
479 2368 607 2406 stabat.
626 2366 784 2404 Multum
807 2364 921 2412 enim,
940 2372 979 2401 ut
997 2364 1097 2412 dixi,
1115 2379 1193 2402 eam
1212 2378 1336 2403 conso-

342 2430 485 2467 labatur
500 2429 556 2469 vel
571 2436 798 2480 conspectum
811 2436 1092 2464 monumentum.
1105 2425 1218 2466 Vides
1235 2426 1335 2465 illam

345 2491 392 2528 ad
412 2492 526 2542 majus
550 2489 716 2527 solatium
732 2502 767 2525 se
782 2486 1030 2533 inclinantem,
1049 2495 1089 2524 ut
1108 2487 1228 2525 locum
1248 2502 1330 2539 per-

347 2561 495 2604 spiceret
528 2552 592 2589 ubi
621 2564 749 2602 corpus
775 2548 944 2601 jacebat?
980 2548 1064 2586 Ideo
1094 2562 1164 2586 non
1188 2563 1338 2601 parvam

349 2623 451 2651 tantae
483 2613 676 2664 diligentiae
706 2609 904 2648 mercedem
935 2610 1082 2663 accepit.
1106 2610 1213 2657 Quod
1243 2611 1338 2649 enim

145 2693 240 2728 prima
287 2695 336 2720 vi-
347 2675 515 2727 discipuli
535 2690 603 2713 non
626 2673 814 2722 viderunt,
838 2672 905 2709 hoc
925 2672 1055 2710 mulier
1081 2673 1199 2725 prima
1219 2672 1333 2723 vidit,
1359 2672 1382 2702 C

147 2734 202 2762 dit.

347 2737 505 2775 sedentes
527 2737 668 2787 angelos
682 2765 692 2785 ,
717 2734 829 2772 alium
855 2733 902 2770 ad
923 2733 1049 2785 pedes,
1077 2734 1190 2771 alium
1214 2733 1260 2771 ad
1279 2749 1337 2772 ca-

347 2807 412 2850 put
424 2828 435 2847 ,
460 2799 494 2835 in
514 2798 672 2834 vestibus
692 2796 782 2833 albis
805 2812 811 2832 ε
832 2795 889 2834 vel
910 2796 985 2847 ipse
1004 2795 1149 2834 habitus
1173 2796 1338 2834 hilarita-

346 2870 417 2899 tem
437 2870 470 2898 et
492 2859 663 2909 gaudium
684 2874 756 2910 prae
788 2872 823 2895 se
848 2858 994 2895 ferebat.
1025 2858 1119 2904 Quia
1144 2859 1240 2896 enim
1268 2873 1337 2897 non

347 2923 456 2960 animi
472 2921 637 2959 sublimis
655 2921 784 2958 mulier
803 2929 893 2969 erat,
907 2929 944 2957 ut
961 2934 1005 2958 ex
1020 2920 1173 2958 sudariis
1189 2935 1338 2959 resurre-

348 2984 499 3022 ctionem
512 2981 715 3031 c‹›njiec1·et;
730 2979 867 3030 aliquid
879 2980 1034 3032 amplius
1049 2981 1203 3019 efficitur
1215 2998 1223 3018 ε
1233 2996 1339 3033 ange-

350 3045 402 3082 los
417 3043 513 3082 videt
527 3041 685 3079 sedentes
700 3041 805 3077 hilari
825 3051 918 3078 veste
932 3072 940 3089 ,
961 3042 1009 3078 ita
1024 3051 1063 3079 ut
1074 3042 1141 3080 hoc
1155 3052 1338 3095 spectacu-

349 3105 426 3142 lum
443 3104 540 3141 illam
554 3102 702 3153 erigeret
719 3111 751 3138 et
764 3102 1013 3139 consolaretur.
1031 3104 1169 3142 Verum
1183 3104 1273 3141 nihil
1310 3103 1339 3141 ei

349 3165 392 3203 ‹le
427 3163 683 3201 resurrectione
710 3161 852 3209 dicunt;
878 3161 938 3199 sed
966 3163 1142 3213 paulatim
1173 3164 1218 3202 ad
1249 3165 1340 3203 lianc

349 3226 548 3265 doctrinam
572 3224 764 3262 inducitur.
793 3225 903 3261 Laetas
923 3237 984 3261 nec
1013 3235 1168 3263 assuetas
1187 3226 1339 3265 visiones

396 3345 407 3358 Ν
434 3332 493 3365 Alii
513 3338 592 3370 ἴσως·
610 3336 654 3366 ὅτι
671 3333 700 3364 El:
718 3335 770 3364 ἔτι.

1767 1253 1945 1290 ΟΜΙΛΙΑ
1964 1251 2035 1296 πς’.

1411 1370 1580 1417 Ἀπῆλθον
1601 1366 1657 1410 οῧν
1681 1373 1786 1411 πάλιν
1805 1373 1892 1426 πρὸς
1911 1373 2053 1418 ἑαυτοὺς
2071 1378 2101 1414 οἱ
2120 1375 2286 1426 μαθηταί.
2314 1376 2438 1427 Μαρία

1466 1431 1501 1470 δὲ
1522 1433 1675 1480 εἱστήκει
1694 1435 1780 1486 πρὸς
1799 1436 1839 1474 τὸ
1863 1442 2030 1486 μνημεῖον
2050 1436 2217 1476 κλαίουσα
2236 1437 2312 1482 ἔξω.

1462 1627 1661 1681 Περιπαθές
1677 1644 1752 1671 πως
1766 1629 1805 1666 τὸ
1820 1634 2012 1680 γυναικεῖον
2026 1628 2133 1680 γένος,
2149 1628 2208 1666 καὶ
2223 1630 2309 1682 πρὸς
2322 1623 2435 1667 οἶκτον

1408 1689 1705 1742 ἐπιῤῥεπέστερον.
1744 1690 1858 1727 Τοῦτο
1886 1688 1922 1727 δὲ
1952 1682 2045 1726 εἷπον
2062 1718 2071 1734 ,
2105 1688 2161 1726 ἵνα
2183 1688 2231 1739 μὴ
2253 1690 2436 1741 θαυμάσῃς

1407 1749 1441 1786 τί
1463 1749 1590 1796 δήποτε
1608 1749 1731 1801 Μαρία
1753 1748 1813 1799 μὲν
1835 1752 1968 1802 πικρῶς
1988 1748 2120 1802 ἐθρήνει
2143 1752 2191 1800 τῷ
2211 1749 2330 1802 τάφῳ·
2357 1751 2434 1788 Πέ-

1407 1827 1485 1862 τρος
1505 1811 1540 1849 δὲ
1563 1810 1655 1849 οὐδὲν
1676 1815 1828 1849 τοιοῦτον
1849 1811 1987 1849 ἔπαθεν.
2026 1812 2072 1848 Οἱ
2095 1809 2155 1860 μὲν
2177 1810 2245 1863 γὰρ
2266 1813 2434 1861 μαθηταὶ,

1409 1871 1524 1924 φησὶν,
1540 1874 1694 1918 ἀπῆλθον
1709 1873 1794 1923 πρὸς
1815 1872 1973 1917 ἑαυτοὺς,
1990 1875 2010 1917 ἦ
2030 1871 2065 1910 δὲ
2092 1872 2244 1919 εἱστήκει
2265 1873 2436 1926 δακρύου-

1409 1948 1464 1970 σα.
1502 1931 1571 1970 Καὶ
1590 1932 1657 1984 γὰρ
1676 1934 1697 1978 ἡ
1719 1932 1819 1984 φύσις
1840 1932 2071 1983 εὐέμπτωτος,
2092 1933 2151 1970 καὶ
2173 1933 2230 1971 τὸν
2251 1933 2330 1985 περὶ
2353 1936 2438 1972 ἀνα-

1408 1993 1562 2037 στάσεως
1588 1993 1723 2031 οὖδέπω
1744 1996 1863 2045 σαφῶς
1881 1994 1956 2045 ᾔδει
1977 1993 2077 2045 λόγον
2091 2009 2099 2017 ·
2120 1994 2279 2045 καθάπερ
2307 1996 2431 2033 ἐκεῖνοι

1406 2054 1451 2092 τὰ
1483 2054 1601 2092 ὀθόνια
1640 2054 1845 2106 θεασάμενοι
1879 2055 1939 2093 καὶ
1970 2053 2243 2101 πιστεύσαντες,
2279 2057 2436 2101 ἀπῆλθον

1407 2116 1492 2169 πρὸς
1523 2116 1666 2159 ἑαυτοὺς
1696 2117 1983 2168 ἐκπληττόμενοι.
2022 2116 2093 2154 Καὶ
2117 2115 2206 2160 τίνος
2233 2116 2347 2155 ἕνεκεν
2377 2120 2439 2156 οὐκ

1408 2176 1530 2220 εὐθέως
1548 2171 1652 2223 ἦλθον
1669 2179 1716 2219 εἰς
1733 2177 1796 2224 τὴν
1814 2177 2022 2223 Γαλιλαίαν,
2043 2177 2201 2230 καθάπερ
2220 2180 2335 2221 αὐτοῖς
2354 2194 2438 2216 συν-

1407 2237 1553 2276 τέτακτο
1590 2238 1658 2291 πρὸ
1694 2243 1755 2276 τοῦ
1793 2239 1942 2286 πάθους;
1975 2237 2153 2288 Ἀνέμενον
2188 2237 2267 2281 τοὺς
2299 2237 2439 2283 λοιποὺς

1406 2298 1530 2341 ῧιἴσως·
1553 2298 1612 2335 καὶ
1632 2298 1746 2341 ἄλλως
1764 2297 1811 2345 δὲ,
1833 2297 1884 2335 ἔτι
1905 2301 1938 2336 ἐν
1961 2298 2167 2348 ἀκμαζούσῃ
2196 2293 2284 2344 ἦσαν
2306 2300 2439 2346 ἐκπλή-

1409 2358 1467 2403 ξει.
1498 2353 1606 2397 Οῧτοι
1635 2358 1695 2410 μὲν
1719 2353 1775 2397 οὖν
1797 2360 1951 2405 ἀπῆλθον
1965 2374 1972 2382 ·
1993 2359 2105 2406 ἐκείνη
2125 2359 2160 2397 δὲ
2178 2359 2333 2406 εἱστήκει
2351 2362 2437 2414 πρὸς

1406 2423 1456 2471 τῷ
1477 2419 1586 2472 τόπῳ.
1620 2420 1724 2471 Μέγα
1748 2419 1837 2472 γὰρ,
1868 2419 1953 2472 ὅπερ
1973 2420 2058 2472 ἔφην
2075 2451 2084 2467 ,
2106 2420 2193 2473 πρὸς
2210 2422 2435 2473 παραμυθίαν

1407 2481 1468 2519 καὶ
1514 2484 1637 2532 μνῆμα
1677 2481 1897 2533 φαινόμενον.
1938 2481 2047 2534 Ὁρᾷς
2076 2485 2156 2533 γοῦν
2186 2481 2291 2528 αὐτὴν
2308 2512 2317 2530 ,
2350 2481 2439 2521 ὥστε

1407 2541 1510 2580 πλέον
1532 2541 1788 2590 ἀναπαύεσθαι,
1813 2542 1872 2580 καὶ
1893 2541 2204 2595 παρακύπτουσαν,
2229 2542 2288 2580 καὶ
2313 2541 2435 2594 βουλο-

1409 2603 1514 2653 μένην
1537 2604 1595 2642 τὸν
1616 2602 1721 2642 τόπον
1751 2605 1832 2642 ἰδεῖν
1864 2604 1944 2642 ἔνθα
1963 2604 2003 2642 τὸ
2024 2607 2127 2654 σῶμα
2151 2603 2285 2651 ἔκειτο,
2305 2604 2373 2642 Διὰ
2394 2604 2434 2652 ’δὴ

1408 2669 1507 2702 τοῦτο
1532 2663 1592 2701 καὶ
1614 2667 1675 2711 τῆς
1699 2666 1830 2710 πολλῆς
1848 2665 1976 2711 ταύτης
1997 2666 2150 2711 σπουδῆς
2172 2665 2292 2714 μισθὸν
2314 2664 2436 2704 ἔλαῧεν

1408 2727 1445 2763 οὐ
1469 2724 1607 2777 μικρόν.
1644 2724 1694 2763 oO
1713 2725 1781 2778 γὰρ
1803 2726 1865 2763 οὐκ
1884 2719 1971 2763 εἶδον
1988 2727 2018 2763 οἵ
2040 2725 2214 2776 μαθηταὶ,
2234 2729 2333 2764 τοῦτο
2352 2720 2437 2764 εἶδεν

1408 2789 1429 2832 ἡ
1456 2786 1540 2838 γυνὴ
1569 2786 1693 2840 πρώτη
1709 2817 1718 2834 ,
1747 2787 1964 2837 καθημένους
1984 2787 2175 2838 ἀγγέλους,
2195 2787 2252 2824 τὸν
2274 2787 2335 2838 μὲν
2355 2789 2440 2842 πρὸς

1407 2848 1522 2885 ποδῶν
1539 2877 1548 2895 ,
1589 2847 1646 2885 τὸν
1682 2846 1717 2884 δὲ
1751 2846 1836 2897 πρὸς
1868 2848 2021 2898 κεφαλῆς
2055 2849 2087 2884 ἐν
2121 2848 2272 2891 λευκοῖς·
2310 2848 2369 2886 καὶ
2398 2849 2437 2887 τὸ

1409 2909 1533 2959 σχῆμα
1553 2905 1782 2958 φαιδρότητος
1801 2906 1933 2949 πολλῆς
1948 2905 2053 2956 γέμον
2073 2906 2132 2943 καὶ
2148 2913 2272 2959 χαρᾶς.
2289 2907 2435 2954 Ἐπειδὴ

1407 2967 1475 3020 γὰρ
1502 2969 1563 3005 οὐκ
1587 2961 1628 3012 ἦν
1657 2966 1771 3017 ὑψηλὴ
1804 2968 1864 3011 τῆς
1883 2966 2044 3014 γυναικὸς
2063 2971 2084 3012 ἡ
2108 2967 2261 3014 διάνοια,
2291 2970 2337 3011 ὡς
2365 2969 2434 3006 ἀπὸ

1407 3030 1474 3065 τῶν
1496 3026 1686 3080 σουδαρίων
1709 3025 1963 3069 1ἰἀποδε-Ῐξάσθοιι
1982 3025 2045 3072 τὴν
2067 3028 2279 3076 ἀνάστασιν,
2307 3028 2438 3079 γίνεται

1406 3090 1439 3128 τί
1457 3089 1574 3136 πλέον,
1597 3088 1655 3126 καὶ
1680 3087 1844 3139 ἀγγέλους
1865 3091 1985 3138 θεωρεῖ
2004 3088 2221 3138 καθημένους
2247 3091 2280 3126 ἐν
2301 3091 2437 3141 φαιδρῷ

1407 3154 1456 3203 τῷ
1477 3150 1648 3204 σχήματι,
1669 3148 1759 3186 ὥστε
1779 3148 1886 3196 αὐτὴν
1908 3152 2102 3195 ἀναστῆσαι
2121 3149 2207 3192 τέως
2228 3155 2286 3188 τοῦ
2305 3150 2435 3194 πάθους

1411 3222 1565 3258 ἐντεῦθεν
1584 3217 1643 3256 καὶ
1658 3215 1993 3268 παραμυθήσασθαι.
2025 3215 2116 3254 Ἀλλ’
2136 3215 2229 3254 οὐδὲν
2252 3219 2338 3269 αὐτῇ
2356 3219 2434 3270 περὶ

1493 3334 1508 3358 b
1534 3331 1634 3366 Savil.
1664 3331 1718 3372 [et
1735 3328 1843 3362 Codd.
1861 3327 1986 3369 nostri]
2007 3329 2236 3370 παραδέξασθαι.
