2481 3678
865 206 904 235 [Ν
942 206 1151 236 somnum
1189 205 1343 234 nomn„
1383 205 1413 234 1.
2156 194 2180 239 5

104 307 179 335 νους
192 291 251 330 καὶ
265 290 340 334 τοὺς
355 289 493 332 ἐκείνοις
509 285 805 330 δουλεύοντας.Ἵν’
819 281 875 325 οὖν
891 287 1017 338 ἴδωμεν
1033 287 1126 330 ὅπως
1151 295 1174 325 C
1200 286 1318 323 animo
1335 295 1450 323 tamen
1477 285 1643 323 maxime.
1662 286 1833 332 Quaenam
1860 287 2006 336 utilitas,
2024 302 2104 326 cum
2127 299 2181 326 ta—

102 353 220 396 αὐτοὺς
249 351 498 400 καταπλήττῃ,
529 347 660 393 πολλὴν
687 347 898 401 παρέχωμεν
927 348 989 394 τὴν
1024 347 1124 399 σιγὴν

103 415 162 451 καὶ
190 413 251 459 τὴν
280 411 399 455 ἔξωθεν
428 410 486 448 καὶ
513 409 575 455 τὴν
596 408 686 446 κατὰ
717 408 890 446 διάνοιαν·
917 408 977 446 καὶ
996 408 1123 455 ταύτην

105 474 268 523 μάλιστα.
298 470 344 508 Τί
370 469 437 522 γὰρ
469 469 586 521 ὄφελος
614 472 672 506 τοῦ
704 467 875 518 στόματος
900 471 1124 521 ἠρεμοῦντος,

103 534 183 571 ὅταν
206 535 227 578 ἡ
250 530 343 583 ψυχὴ
371 530 558 583 θορυὸἧται
583 529 642 567 καὶ
668 528 799 575 πολλὴν
823 529 886 580 ἔχῃ
907 528 968 575 τὴν
997 528 1125 576 ζάλην,

103 593 261 640 Ἔκείνην
289 591 356 643 ἐγὼ
375 592 478 644 ξζητῶ
498 590 561 636 τὴν
581 589 744 642 ἡσυχίαν,
763 589 825 636 τὴν
853 590 922 628 ἀπὸ
947 589 1100 633 διανοίας
1115 620 1125 637 ,

102 655 164 702 τὴν
187 654 257 692 ἀπὸ
275 655 432 705 ςψυχῆς·
452 651 570 698 ἐπειδὴ
596 651 655 689 καὶ
676 650 738 697 τὴς
759 653 865 698 ἀκοῆς
896 651 1027 698 ἐκείνης
1046 651 1125 689 δέο-

105 733 181 768 μαι.
203 714 370 765 Μηδεμία
391 714 501 752 τοίνυν
525 712 709 764 ἐνοχλείτω
727 712 920 765 χρημάτων
938 712 1103 762 ἐπιθυμία
1116 743 1125 760 ,

104 776 191 828 μηδὲ
217 775 314 822 δόξης
332 775 416 827 ἔρως
428 805 438 822 ,
457 774 504 825 μὴ
526 778 632 823 θυμοῦ
650 773 806 826 τυραννὶς
819 803 828 821 ,
853 772 902 824 μὴ
922 774 989 811 τῶν
1011 773 1125 811 ἄλλων

102 837 221 873 παθῶν
248 837 265 872 ὁ
288 835 406 878 λοιπὸς
430 834 542 885 ὄχλος.
563 836 616 872 Οὐ
636 834 703 886 γὰρ
729 833 802 871 ἔστι
823 833 871 884 μὴ
893 836 1125 886 καθαρθεῖσαν

102 897 163 944 τὴν
190 892 308 943 ἀκοὴν·
328 897 409 934 ἰδεῖν
437 899 504 933 τῶν
533 895 728 947 λεγομένων
749 895 788 933 τὸ
815 895 916 947 ὕψος,
940 894 1016 938 ἰὡς
1045 896 1126 933 ἰδεῖν

102 958 170 1011 χρὴ
186 989 194 1005 ,
223 956 301 996 οὐδὲ
323 960 451 1009 γνῶναι
479 959 525 1000 ὡς
546 958 595 994 δεῖ
625 959 693 995 τῶν
717 956 915 1009 μυστηρίων
943 955 1073 994 τούτων
1089 957 1128 994 τὸ

101 1018 240 1072 φρικτὸν
257 1018 318 1056 καὶ
336 1016 544 1069 ἀπόρρητον,
561 1017 620 1055 καὶ
638 1016 701 1063 τὴν
719 1017 826 1064 ἄλλην
844 1017 983 1056 ἅπασαν
1002 1016 1126 1071 ἀρετὴν

102 1078 164 1125 τὴν
183 1080 217 1115 ἐν
234 1084 303 1121 τοῖς
323 1077 424 1121 θείοις
438 1077 570 1121 τούτοις
585 1084 768 1130 χρησμοῖς.
786 1080 831 1116 Εἰ
851 1077 918 1130 γὰρ
941 1077 1042 1129 με’λος
1065 1080 1129 1116 αι’)-

101 1139 240 1186 λητικὸν
263 1139 322 1177 καὶ
344 1139 553 1192 κιθαρῳδίαν
572 1141 632 1176 οὐκ
656 1139 696 1177 ἄν
716 1155 768 1183 τις
791 1139 894 1189 μάθοι
921 1141 1055 1186 καλῶς,
1080 1138 1128 1189 μὴ

103 1200 218 1250 πάντῃ
241 1200 416 1243 συντείνας
443 1200 501 1237 τὸν
523 1203 614 1247 νοῦν,
633 1202 706 1243 πῶς
728 1202 903 1250 μυστικῶν
921 1202 1042 1251 φωνῶν
1062 1215 1129 1237 κα-

104 1259 250 1310 θήμενος
287 1258 459 1310 ἀκροατὴς
494 1263 685 1294 ἐπακοῦσαι
716 1259 900 1302 δυνήσεται
933 1259 1129 1312 ῥᾳθυμούσῃ

113 1323 232 1372 vium

155 1381 222 1419 Διὰ
240 1383 341 1419 τοῦτο
361 1380 420 1418 καὶ
440 1380 588 1431 Χριστὸς
607 1378 779 1431 παρῄνει,
803 1379 912 1431 λέγων
931 1395 938 1403 ·
961 1378 1022 1427 Μὴ
1044 1380 1131 1418 δῶτε

104 1441 148 1480 τὰ
170 1442 252 1493 ἅγια
274 1447 343 1483 τοῖς
367 1440 468 1487 κυσὶ,
491 1439 579 1490 μηδὲ
603 1439 726 1491 ῥίψητε
742 1439 820 1483 τοὺς
841 1440 1057 1493 μαργαρίτας
1073 1441 1133 1491 ἔμ-

104 1505 249 1555 προσθεν
263 1504 330 1538 τῶν
347 1500 487 1552 χοίρων.
504 1499 734 1552 Μαργαρίτας
751 1499 785 1537 δὲ
802 1503 912 1537 ταῦτα
927 1500 971 1537 τὰ
990 1500 1132 1551 ῥήματα

104 1563 246 1601 ἐκάλεσε
257 1592 266 1609 ,
280 1561 393 1599 καίτοι
409 1562 527 1611 πολλῷ
543 1559 736 1612 τιμιώτερα
750 1559 877 1598 τούτων
893 1560 975 1597 ὄντα
986 1590 994 1606 ,
1012 1560 1130 1606 ἐπειδὴ

102 1623 229 1670 ταύτης
246 1626 308 1669 τῆς
326 1622 409 1668 ὕλης
428 1624 489 1660 οὐκ
509 1620 602 1659 ἔστιν
621 1624 706 1671 ἡμῖν
727 1619 829 1673 ἑτέρα
843 1620 1047 1673 τιμιωτέρα.
1065 1620 1131 1658 Διὰ

103 1689 201 1722 τοῦτο
227 1684 287 1722 καὶ
311 1682 373 1730 τὴν
394 1681 519 1730 ἡδονὴν
544 1684 655 1720 αὐτῶν
692 1681 807 1732 μέλιτι
827 1681 997 1724 πολλάκις
1017 1698 1131 1735 παρα-

102 1744 240 1782 Εάλλειν
261 1743 392 1791 εἴωθεν,
411 1745 473 1781 οὐκ
491 1742 610 1788 ἐπειδὴ
626 1746 784 1780 τοσοῦτον
807 1744 913 1787 αὐτῆς
940 1742 980 1780 τὸ
1007 1742 1130 1796 μέτρον

105 1805 218 1856 μόνον,
250 1806 325 1843 ἀλλ’
353 1803 405 1841 ὅτι
434 1802 552 1841 τούτου
570 1802 662 1841 οὐδέν
681 1803 772 1840 ἐστιν
794 1802 908 1854 ἕτερον
925 1802 1020 1849 ἥδιον
1043 1806 1126 1856 παρ’

103 1870 200 1916 ἡμῖν.
217 1864 318 1903 Ἐπεὶ
335 1864 388 1903 ὅτι
401 1880 440 1917 γε
456 1863 516 1901 καὶ
531 1863 634 1902 λίθων
651 1862 749 1916 φύσιν
769 1863 909 1915 τιμίων,
925 1864 985 1901 καὶ
1002 1865 1130 1908 παντὸς

104 1925 240 1976 μέλιτος
267 1924 405 1972 ἡδονὴν,
436 1923 526 1961 κατὰ
558 1923 689 1970 πολλὴν
717 1929 797 1976 νικᾷ
829 1923 891 1971 τὴν
920 1924 1128 1976 ὑπερὲολὴν,

104 1987 247 2025 ἄκουσον
275 1991 333 2024 τοῦ
355 1985 532 2038 προφήτου
551 1984 707 2036 λέγοντος
726 1985 806 2037 περὶ
833 1988 959 2033 αὐτῶν,
978 1986 1037 2023 καὶ
1064 1985 1127 2033 τὴν

105 2047 299 2102 ὓπερὸολὴν
322 2047 450 2093 ταύτην
473 2045 662 2090 δεικνύντος
676 2062 683 2069 ·
704 2045 933 2097 Ἔπιθυμητὰ
956 2047 1043 2099 γὰρ,
1068 2063 1132 2099 φη-

103 2108 169 2156 σὶν,
186 2107 272 2161 ὑπὲρ
293 2107 432 2160 χρυσίον
453 2107 511 2145 καὶ
525 2106 617 2144 λίθον
640 2106 754 2156 τίμιον
775 2106 884 2145 ρπολὺ
898 2137 907 2155 ,
927 2107 987 2145 καὶ
1003 2108 1130 2159 γλυκύ-

101 2185 185 2222 τερα
205 2169 291 2222 ὑπὲρ
315 2168 392 2219 μέλι
410 2168 470 2206 καὶ
491 2167 610 2221 κηρίον
627 2184 633 2191 ·
658 2168 747 2206 ἀλλὰ
762 2175 832 2211 τοῖς
852 2168 1059 2220 ὑγιαίνουσι·
1078 2170 1130 2208 διὸ

101 2232 258 2281 ἐπήγαγε
273 2260 282 2277 ,
300 2229 369 2267 Καὶ
388 2228 455 2281 γὰρ
475 2231 492 2266 ὃ
512 2227 629 2272 δοῦλός
657 2245 716 2267 σου
737 2229 903 2281 φυλάσσει
933 2229 1031 2268 αὐτοί.
1058 2230 1128 2268 Καὶ

102 2291 256 2343 ἀλλαχοῦ
286 2290 404 2337 πάλιν,
425 2289 531 2327 εἰπὼν
552 2289 640 2327 αὐτὰ
658 2289 805 2341 γλυκέα,
822 2290 1045 2342 προσέθηκε,
1065 2293 1128 2344 Τῷ

100 2349 247 2401 λάρυγγί
265 2366 340 2401 μου.
362 2349 427 2393 ςΩς
448 2348 577 2401 γλυκέα
596 2349 684 2401 γὰρ,
705 2350 806 2399 φησὶ,
827 2352 878 2402 τῷ
898 2350 1045 2402 λάρυγγί
1065 2367 1130 2402 μου

99 2409 144 2447 τὰ
158 2409 261 2461 λόγιά
278 2426 350 2449 σου.
367 2410 438 2448 Καὶ
453 2409 516 2457 τὴν
533 2409 728 2461 ὑπερὸολὴν
748 2409 854 2447 πάλιν
875 2411 1054 2463 διατηρεῖ,
1069 2412 1128 2449 λέ-

99 2487 168 2522 γων
185 2487 193 2495 ·
214 2471 323 2524 Ἱ’πὲρ
346 2472 424 2523 μέλι
444 2472 503 2510 καὶ
525 2471 644 2523 κηρίον
660 2475 710 2524 τῷ
729 2472 878 2523 στόματί
903 2489 967 2523 μου
982 2489 989 2496 ·
1006 2474 1125 2520 ἐπειδὴ

100 2532 232 2584 σφόδρα
264 2532 406 2582 ὑγίαινε.
442 2532 504 2578 Μὴ
545 2532 656 2570 τοίνυν
695 2532 783 2582 μηδὲ
816 2537 918 2583 ἡμεῖς
952 2537 1128 2578 νοσοῦντες

99 2591 377 2643 προσερχώμεθα
395 2590 528 2634 τούτοις
544 2607 550 2615 ·
574 2591 664 2629 ἀλλὰ
689 2593 960 2644 θεραπεύσαντες
979 2593 1041 2640 τὴν
1058 2596 1127 2645 ψυ-

99 2650 180 2702 χὴν,
211 2651 300 2689 οὕτω
333 2650 516 2703 δεχώμεθα
548 2651 610 2698 τὴν
634 2651 801 2690 ἑστίασιν.
831 2652 899 2690 Διὰ
925 2653 992 2704 γὰρ
1028 2659 1128 2692 τοῦτο

98 2715 251 2750 τοσαῦτα
264 2712 454 2763 προειπὼν,
474 2711 608 2750 οὐδέπω
623 2715 762 2758 καθῆκα
782 2714 829 2756 εἷς
843 2712 904 2756 τὰς
921 2713 1035 2765 ῥήσεις
1048 2714 1127 2752 ταύ-

99 2788 181 2820 τας,
211 2772 267 2810 ἵνα
286 2772 431 2815 ἕκαστος
450 2772 566 2810 πάντα
588 2772 799 2823 ἀποθέμενος
827 2772 1022 2825 ἀρρωστίας
1048 2774 1127 2827 τρό-

99 2848 176 2881 πον,
197 2833 316 2884 ὥσπερ
334 2836 381 2877 εἷς
397 2833 497 2871 αὐτὸν
518 2832 633 2872 εἰσιὼν
660 2833 717 2871 τὸν
734 2834 886 2886 οὐρανὸν,
906 2833 1014 2878 οὕτως
1036 2834 1124 2885 εἷσίῃ

99 2895 249 2946 καθαρὸς
264 2895 323 2932 καὶ
344 2898 472 2945 θυμοῦ,
498 2894 558 2932 καὶ
575 2894 749 2947 φροντίδος
763 2925 772 2942 ,
795 2894 854 2932 καὶ
874 2894 1025 2946 ἀγωνίας
1046 2898 1127 2946 βιω-

98 2957 216 3002 τικῆς,
235 2954 295 2992 καὶ
310 2959 325 2975 ³
336 2957 404 2992 τῶν
423 2955 538 2992 ἄλλων
555 2955 824 3007 ἀπηλλαγμένος
840 2958 972 2994 παθῶν.
989 2958 1042 2994 Οὐ
1058 2956 1124 3010 γὰρ

100 3014 191 3053 ἔστιν
213 3015 337 3066 ἑτέρως
362 3015 526 3066 κερδᾶναί
545 3031 578 3052 τι
597 3015 688 3067 μέγα
703 3019 868 3063 ἐντεῦθεν,
891 3016 938 3067 μὴ
959 3017 1124 3070 πρότερον

101 3075 210 3118 οὕτως
235 3075 506 3127 ἀνακαθάραντα
528 3075 589 3123 τὴν
609 3076 736 3128 ψυχήν.
758 3077 828 3115 Καὶ
852 3078 900 3128 μή
919 3093 977 3128 μοι
997 3077 1127 3129 λεγέτω

100 3152 150 3180 τις
160 3135 213 3174 ὅτι
231 3135 360 3189 βραχὺς
373 3139 391 3173 ὁ
408 3136 554 3189 καιρὸςὸ
571 3136 698 3187 μεταξὺ
713 3140 774 3183 τῆς
789 3138 956 3182 συνάξεως
970 3141 1032 3184 τῆς
1047 3141 1128 3189 μελ-

101 3196 386 3244 λούσης.”Εξεστι
402 3197 469 3250 γὰρ
481 3197 558 3249 οὐχὶ
577 3200 610 3236 ἐν
626 3197 728 3236 πέντε
741 3198 842 3249 μόνον
854 3199 1021 3248 ἡμέραις,
1039 3200 1127 3238 ἀλλὰ

143 3325 154 3339 ⁶
180 3316 254 3356 [τῆς
271 3321 362 3358 ψυχῆς
380 3315 436 3348 Sax
449 3315 480 3347 il.
501 3324 532 3348 et
550 3315 633 3349 Cod.
652 3319 743 3359 7⁴16]

144 3369 156 3384 ¹¹
181 3365 241 3398 Alii
259 3371 295 3404 ὡς
310 3375 380 3412 χρή.

1201 357 1297 385 (τοηῑε
1327 361 1400 395 ore,
1420 347 1560 384 animus
1584 347 1851 385 tumultuatur?
1867 348 2001 386 Animae
2031 350 2183 399 quietem

1199 422 1330 459 quaero,
1345 408 1427 459 quia
1441 408 1596 445 animam
1617 407 1817 445 audientem
1827 417 1967 460 exopto.
1980 409 2088 446 Nulla
2102 424 2184 461 ergo

1200 482 1262 506 nos
1282 478 1500 507 commoveat
1519 469 1676 520 pecuniae
1698 468 1891 520 cupiditas,
1920 469 2040 506 nullus
2065 470 2185 521 gloriae

1200 544 1313 579 amor,
1336 544 1403 567 non
1431 530 1491 567 irae
1522 530 1696 582 tyrannis,
1713 543 1781 567 non
1808 530 1961 567 aliorum
1992 531 2184 569 affectuum

1202 591 1390 628 tumultus.
1413 592 1492 629 Non
1517 599 1630 643 potest
1651 590 1744 627 enim
1770 604 1837 628 non
1856 601 2027 642 purgatus
2042 591 2186 629 auditus

1200 651 1377 689 dictorum
1398 651 1669 699 sublimitatem,
1689 659 1728 688 ut
1749 665 1812 702 par
1832 661 1897 701 est,
1911 652 1969 690 vel
1984 667 2117 705 rapere,
2129 654 2187 691 vel

1200 727 1365 751 arcanam
1401 722 1434 750 et
1468 712 1687 751 tremendam
1726 714 1896 751 horumce
1933 714 2187 766 mysteriorum

1201 774 1385 824 rationem,
1406 783 1617 824 caeterasque
1632 774 1780 813 virtutes
1797 787 1917 811 omnes
1936 773 1972 811 in
1986 774 2043 812 his
2062 789 2188 813 oracu-

1200 835 1245 873 lis
1266 845 1446 873 contentas
1460 845 1623 873 accurate
1639 849 1859 887 cognoscere.
1880 836 1917 874 Si
1939 836 2033 873 enim
2051 837 2139 875 tibia
2155 847 2189 876 et

1202 897 1336 934 cithara
1369 897 1493 934 ludere
1519 911 1622 934 nemo
1647 897 1825 946 didicerit,
1848 897 1915 935 nisi
1950 897 1994 935 iis
2027 898 2188 936 animum

1202 957 1418 1007 adhibuerit,
1435 957 1615 1007 quomodo
1645 958 1814 1010 mysticas
1839 972 1942 997 voces
1967 958 2046 1009 quis
2067 958 2189 997 sedens

1203 1019 1337 1070 audiat,
1353 1019 1382 1057 si
1395 1019 1535 1057 animus
1555 1019 1591 1057 in
1605 1019 1752 1071 segnitie
1769 1019 1898 1072 degat?

1256 1373 1292 1409 5.
1322 1371 1406 1409 Ideo
1422 1371 1587 1410 Christus
1615 1373 1671 1410 his
1690 1386 1754 1411 nos
1774 1373 1892 1412 verbis
1910 1373 2097 1413 admonet:
2116 1377 2390 1422 No—Maltl1.7.6.

1213 1434 1281 1471 lite
1307 1435 1401 1471 dare
1438 1443 1575 1472 sancta
1610 1437 1769 1472 canibus
1783 1466 1793 1482 ,
1824 1450 1948 1487 neque
1978 1440 2191 1488 projiciatis

1206 1497 1438 1542 margaritas
1459 1504 1550 1531 ante
1577 1508 1725 1545 porcos.
1747 1496 1963 1546 Margaritas
1989 1497 2064 1534 haec
2082 1499 2191 1536 verba

1202 1554 1447 1603 vocavit,licet
1459 1555 1535 1592 haec
1549 1555 1752 1606 margaritis
1771 1555 1875 1607 longe
1886 1557 2092 1607 pretiosiora
2109 1559 2191 1607 sint,

1204 1615 1287 1665 quia
1312 1615 1379 1652 hac
1404 1615 1550 1653 materia
1579 1616 1678 1653 nulla
1698 1617 1931 1668 praestantior.
1952 1617 2036 1655 Ideo
2062 1619 2192 1658 horum

1205 1689 1407 1714 sermonum
1433 1676 1644 1715 suavitatem
1668 1677 1764 1714 melli
1783 1691 1986 1730 comparare
2000 1680 2101 1731 solet,
2123 1694 2192 1718 non

1205 1737 1301 1788 quod
1326 1737 1396 1775 mel
1424 1738 1538 1789 ipsam
1567 1752 1704 1788 sequare
1734 1738 1857 1790 possit,
1877 1739 1937 1777 sed
1972 1740 2067 1791 quod
2101 1741 2192 1779 nihil

1204 1798 1310 1835 melle
1326 1797 1468 1836 dulcius
1492 1798 1589 1850 apud
1610 1813 1672 1837 nos
1692 1799 1747 1836 sit.
1764 1801 1855 1838 Nam
1876 1800 1972 1851 quod
1987 1810 2020 1838 et
2034 1815 2192 1852 gemma—

1203 1873 1284 1896 rum
1310 1859 1477 1911 pretium,
1493 1869 1527 1896 et
1559 1859 1675 1897 mellis
1709 1861 1920 1900 suavitatem
1946 1862 2051 1913 longo
2084 1863 2195 1900 iuter-

1203 1920 1298 1958 vallo
1328 1929 1504 1972 superent,
1521 1920 1606 1958 audi
1631 1921 1842 1973 prophetam
1874 1922 1948 1960 haec
1980 1933 2190 1961 asserentem

1204 1981 1260 2019 his
1274 1982 1393 2020 verbis
1416 1998 1423 2018 :
1449 1983 1734 2021 Desiderabilia
1751 1997 1864 2035 super
1878 1998 2011 2022 aurum
2035 1993 2071 2023 ec
2090 1985 2189 2036 lapi·
2205 2001 2294 2029 Psal.
2323 2001 2367 2031 13,

1204 2044 1288 2080 dem
1306 2046 1517 2096 pretiosum
1537 2046 1716 2091 multum,
1733 2053 1770 2082 et
1784 2046 1962 2082 dulciora
1981 2059 2095 2096 super
2114 2047 2191 2084 mel
2210 2051 2256 2070 ¹¹·
2287 2051 2332 2071 ¹2·

1203 2103 1409 2153 etsavz1m;
1424 2102 1484 2140 sed
1509 2103 1599 2140 bene
1616 2103 1819 2141 valentibus
1837 2112 1973 2141 tantum
1983 2119 1994 2153 ;
2008 2104 2087 2142 ideo
2108 2105 2192 2142 sub-

1202 2162 1308 2210 didit,
1326 2165 1482 2200 Etenim
1508 2177 1636 2202 servus
1660 2172 1747 2201 tuus
1771 2165 1936 2202 custodit
1958 2178 2014 2202 θα.
2039 2165 2085 2202 Et
2104 2165 2191 2203 alibi

1203 2238 1364 2274 quoque,
1387 2238 1468 2262 cum
1484 2223 1605 2261 dulcia
1623 2224 1794 2274 dixisset,
1820 2224 1975 2274 addidit,
1995 2228 2191 2264 Faucibus

1203 2286 1309 2322 meis.
1344 2286 1468 2335 Quam
1486 2286 1639 2335 dultia,
1653 2285 1981 2338 inquit,·fa1ccibus
2000 2290 2093 2325 meis
2114 2288 2190 2325 elo·
2204 2303 2290 2331 Psal.
2322 2304 2387 2335 118,

1201 2348 1295 2397 quia
1319 2353 1404 2392 tua;
1426 2355 1458 2383 et
1486 2346 1734 2384 excellentiam
1764 2346 1910 2383 efferens
1938 2346 2051 2395 addit,
2071 2347 2191 2397 Super
2209 2344 2275 2373 ¹03·

1201 2407 1277 2444 mel
1295 2416 1330 2444 et
1335 2407 1480 2459 savum
1496 2409 1553 2444 ori
1577 2421 1675 2454 meo,
1695 2407 1778 2456 quia
1798 2420 1879 2443 sana
1895 2415 2009 2444 mente
2020 2407 2190 2458 praeditus

1201 2475 1285 2503 erat.
1301 2467 1354 2504 Ne
1382 2466 1501 2517 itaque
1527 2467 1651 2504 morbo
1677 2467 1794 2503 affecti
1827 2466 1902 2504 haec
1925 2467 2104 2518 adeamus,
2128 2469 2189 2506 sed

1199 2536 1279 2578 post
1297 2537 1537 2579 expurgatum
1553 2527 1724 2576 animum,
1738 2527 1835 2565 hunc
1853 2528 1975 2565 cibum
1990 2543 2184 2569 sumamus.

1200 2587 1284 2625 Ideo
1298 2601 1448 2638 namque
1464 2597 1515 2624 tot
1528 2588 1648 2626 verbis
1666 2588 1858 2639 praemissis
1877 2589 2035 2627 nondum
2052 2590 2098 2628 ad
2113 2591 2188 2629 haec

1199 2649 1422 2697 deveneram,
1442 2657 1481 2685 ut
1508 2648 1641 2699 singuli
1666 2648 1762 2685 omni
1778 2647 1926 2700 depulso
1946 2651 2082 2699 morbo,
2100 2665 2140 2688 ac
2158 2652 2187 2689 si

1199 2711 1236 2748 in
1253 2710 1380 2747 caelum
1402 2710 1586 2758 intrarent,
1607 2709 1658 2747 sic
1677 2709 1742 2759 ira,
1758 2710 1865 2759 curis,
1883 2711 2187 2751 sollicitudinibus

1200 2771 1405 2822 caeterisque
1429 2770 1539 2808 animi
1568 2771 1752 2808 affectibus
1775 2771 1879 2810 vacui
1902 2772 2183 2823 ingrederentur.

1202 2833 1280 2870 Non
1302 2845 1491 2884 possumus
1510 2831 1604 2869 enim
1628 2831 1712 2868 hinc
1731 2831 1819 2881 quid
1848 2846 2018 2884 magnum
2038 2834 2184 2885 lucrari,

1202 2893 1270 2931 nisi
1298 2893 1397 2945 prius
1425 2893 1583 2930 animam
1610 2893 1657 2930 ita
1686 2894 1970 2945 purgaverimus.
1993 2896 2067 2933 Nec
2097 2896 2185 2933 mihi
2221 2911 2385 2938 concioni)-

1199 2955 1279 3006 quis
1297 2955 1392 2993 dicat
1404 2985 1414 3004 ,
1429 2955 1537 2993 breve
1556 2964 1695 3006 tempus
1714 2955 1805 2992 inter
1822 2955 1915 2993 hanc
1932 2965 1966 2993 et
1984 2967 2184 3007 sequentem
2200 2963 2269 3007 ’ΠΨ
2293 2953 2387 3020 ⁶:¹23&-

1200 3015 1403 3053 concionem
1432 3029 1516 3052 esse.
1541 3015 1642 3052 Licet
1674 3014 1768 3052 enim
1800 3029 1871 3053 non
1902 3016 2018 3054 solum
2046 3017 2185 3056 dierum
2198 3000 2387 3072 xxiiim-

1200 3076 1356 3128 quinque
1375 3076 1502 3129 spati0‚
1526 3076 1587 3114 sed
1612 3075 1718 3113 etiam
1733 3090 1804 3114 uno
1820 3078 1989 3129 temporis
2007 3089 2186 3118 momento

1201 3138 1312 3176 vitam
1329 3146 1439 3175 totam
1465 3146 1613 3174 mutare.
1629 3136 1740 3186 Quid,
1760 3151 1890 3187 quaeso,
1908 3138 2044 3176 latrone
2062 3149 2094 3177 et
2114 3141 2184 3178 ho-

1201 3198 1331 3237 micida
1346 3197 1553 3236 scelestius?
1569 3211 1684 3235 annon
1703 3207 1902 3237 extremum
1927 3199 1994 3238 hoc
2014 3200 2185 3253 improbi-

1221 3326 1231 3337 ἓ
1257 3316 1383 3360 [Bibl.,
1400 3317 1513 3359 Savil.,
1531 3317 1614 3350 Cod.
1635 3320 1698 3350 706
1714 3321 1830 3361 nolim]

1203 3391 1205 3393 -
1222 3380 1235 3394 a
1262 3369 1320 3401 Alii
1340 3374 1438 3403 ἄλλων
1455 3375 1593 3405 ἁπάντων
1610 3374 1721 3408 indi..
