2481 3678
93 2636 276 2675 Malth.8.7.

780 216 799 246 S
809 236 818 246 .
857 216 1039 247 JOANNIS
1075 217 1318 248 CHRYSOST.

294 204 388 259 424

288 312 352 351 ret,
373 303 463 341 nihil
477 304 675 342 timendum
690 317 762 342 6556
777 305 910 342 1111111115
929 305 997 343 sibi
1014 306 1096 343 mali
1117 306 1274 355 eouscio3

288 365 349 403 sed
373 380 453 403 eum
473 366 533 416 qui
562 366 654 404 male
672 366 793 404 feccrit
819 367 1042 418 puniendum
1061 371 1274 418 (1111316110-

287 427 343 464 bis
371 427 461 464 nihil
486 427 698 474 timendum,
717 442 799 465 eum
816 428 907 464 nihil
926 437 1038 465 morte
1056 428 1206 479 dignum
1224 429 1275 466 fe—

287 489 465 538 cerimus)
484 505 492 526 :
511 490 567 528 vel
605 490 655 527 sic
688 490 888 541 intelligas,
916 491 989 537 Qui
1025 491 1141 529 lucem
1168 492 1275 543 hujus

286 550 413 587 mundi
427 550 539 599 videt,
563 549 598 587 in
616 559 692 587 tuto
712 559 783 599 651,
803 551 831 587 51
851 560 968 588 autem
985 550 1045 589 ille
1064 551 1099 588 in
1115 560 1191 589 tuto
1210 560 1275 600 cst,

286 611 400 648 multo
419 610 532 661 magis
552 610 580 646 is
599 610 660 660 qui
677 624 815 648 1116611111
836 619 898 659 651,
918 610 985 648 11151
1004 626 1023 648 a
1043 625 1098 648 1116
1111 611 1275 650 discesse-

285 670 426 708 1·11.111’5
456 670 574 708 verbis
607 670 689 708 illos
718 671 958 721 confirmavit,
979 681 1011 709 et
1043 672 1276 710 neeessariam

284 744 426 768 eausam
459 729 633 781 subdidit,
662 745 725 768 cur
752 731 814 769 illo
846 731 1076 783 migrandum
1107 741 1195 770 esset
1216 748 1223 769 :
1244 741 1277 770 et

283 801 472 843 postquam
501 792 737 840 declarasset,
762 807 831 830 non
857 793 968 831 ituros
998 793 1273 845 Jerosolymam,

283 852 343 890 sed
364 854 588 903 Bethaniam,
607 854 700 892 dixit
717 870 723 890 :
741 856 781 892 11
797 885 804 892 .
827 856 1001 893 Lazarus
1022 858 1169 893 amiens
1185 856 1274 892 dor-
1296 859 1319 889 E

283 918 364 962 mit,
373 924 409 952 et
419 917 524 953 vado
537 925 576 953 nt
590 917 702 953 illum
716 919 890 955 excitem.
899 916 974 954 Hoc
986 925 1048 964 651,
1057 917 1133 953 Νο11
1147 916 1275 954 1161·11111

283 976 374 1014 vado
400 990 480 1014 611111
506 977 641 1016 Judaeis
671 976 917 1028 disputaturus
944 986 978 1014 et
1007 990 1273 1027 congressurus,

282 1037 341 1076 sod
361 1038 516 1076 amicum
536 1048 696 1076 nostrum
715 1039 946 1076 excitaturus.
970 1040 1030 1075 12
1048 1039 1196 1075 Dicunt
1218 1039 1276 1074 di-

282 1100 420 1150 scipuli
442 1114 449 1134 :
470 1101 658 1145 Domine,
692 1102 726 1136 si
758 1100 921 1145 dormit,
952 1098 1085 1135 salvus
1118 1099 1203 1133 eric.
1232 1097 1277 1134 Id

282 1174 364 1199 vero
392 1174 461 1197 non
492 1160 567 1197 sine
587 1174 690 1197 causa
716 1159 900 1207 dixerunt,
921 1157 981 1196 sed
1004 1168 1041 1195 ut
1062 1159 1275 1211 impedirent
1284 1188 1332 1211 370

282 1221 473 1272 quominus
511 1220 591 1258 iret.
613 1220 725 1269 Dicis,
754 1219 934 1270 inquiunt,
958 1218 1063 1256 illum
1088 1219 1274 1257 dormire?
1297 1224 1321 1253 Α

283 1296 365 1331 crgo
385 1282 476 1319 nihil
493 1282 587 1333 cogit
609 1282 671 1319 illo
691 1281 800 1318 abire.
820 1281 928 1332 Atqui
943 1280 1003 1317 ille
1024 1279 1103 1318 ideo
1119 1280 1273 1331 dixerat,

284 1343 448 1380 Amicus
472 1351 619 1392 noster,
648 1351 686 1380 ut
717 1341 913 1380 ostenderet
938 1340 1170 1380 neeessariam
1202 1355 1276 1379 esse

283 1404 545 1457 profectionem.

338 1655 376 1689 ⁶2.
409 1650 504 1697 Quia
517 1664 601 1689 vero
620 1650 675 1688 illi
695 1649 871 1701 segniores
886 1658 996 1697 erant,
1008 1648 1102 1687 dixit
1114 1648 1272 1699 tandem,

287 1714 541 1750 14..Μον11ιιις
561 1720 627 1749 est.
646 1712 767 1749 Primo
787 1711 904 1761 itaque
925 1720 961 1748 ut
975 1711 1108 1748 fastum
1128 1710 1274 1757 tolleret,

286 1775 336 1811 sie
361 1774 528 1824 loquutus
549 1774 683 1821 suerat,
709 1787 790 1810 cum
811 1781 929 1810 autem
950 1771 986 1809 id
1007 1771 1059 1809 illi
1080 1785 1148 1809 non
1167 1770 1272 1808 intel-
1298 1772 1321 1800 Β

285 1835 448 1886 ligerem,
473 1834 615 1886 adjecit,
646 1836 824 1871 Mortuus
860 1842 936 1882 est,
969 1833 1032 1870 15.
1064 1841 1100 1870 et
1127 1833 1275 1883 gaudeo

285 1905 438 1947 propter
464 1909 551 1933 vos.
587 1896 672 1942 Cur,
696 1897 861 1946 Propter·
885 1899 985 1931 vos?
1015 1893 1122 1941 Quod
1152 1893 1276 1930 absens

288 1957 517 2009 praedixerim
537 1973 543 1992 :
562 1956 679 2007 itaque
704 1970 785 1993 cum
811 1955 1080 2003 resuscitavero,
1101 1954 1198 1991 nulla
1221 1967 1277 1990 re-

287 2017 443 2056 manebit
466 2017 634 2068 suspicio.
657 2016 790 2056 Viden’
811 2015 988 2067 quomodo
1011 2015 1129 2053 adhuc
1148 2014 1278 2066 imper-

286 2078 445 2116 fectiores
463 2087 575 2115 essent
597 2077 777 2130 discipuli,
792 2091 855 2114 nec
875 2078 950 2128 ejus
964 2076 1132 2114 virtutem
1152 2084 1191 2113 ut
1215 2089 1279 2126 par

287 2148 360 2176 erat
380 2139 655 2190 cognoscerent?
675 2137 781 2185 Quod
798 2152 843 2175 ex
862 2147 959 2175 metu
976 2137 1123 2175 illorum
1142 2136 1279 2174 animos

288 2201 452 2238 turbante
471 2200 715 2252 proveniebat.
733 2199 780 2237 Et
799 2214 878 2237 eum
900 2198 1006 2247 dixit,
1022 2200 1193 2244 Dormit,
1216 2196 1278 2234 ad-

288 2260 393 2310 didit,
417 2261 525 2298 l'ado
545 2269 584 2298 ut
617 2263 779 2297 sarcilem
809 2274 911 2305 eum,-
930 2274 1010 2297 cum
1038 2268 1156 2296 autem
1170 2257 1278 2306 dixit,

288 2323 466 2358 stlortuus
486 2329 554 2366 est,
575 2334 644 2357 non
667 2321 740 2371 jam
775 2319 927 2368 addidit,
951 2321 1060 2356 Vade
1089 2328 1131 2356 ut
1162 2321 1279 2356 susei-

289 2391 363 2419 tem
380 2395 479 2418 eum.
498 2382 576 2418 Non
596 2380 689 2418 enim
708 2380 850 2419 volebat
869 2395 915 2418 ex
933 2380 1052 2419 verbis
1071 2380 1276 2432 praedicere,

288 2457 368 2492 quze
386 2455 489 2493 opere
502 2441 776 2478 confirmaturus
796 2450 881 2489 erat,
898 2455 960 2478 nos
973 2455 1111 2492 semper
1132 2440 1276 2492 docens,

288 2517 417 2540 vanam
437 2501 586 2553 gloriam
603 2515 676 2539 6556
695 2501 912 2552 fugiendam,
933 2515 1045 2552 neque
1062 2511 1190 2538 temere
1207 2516 1280 2539 6556

290 2562 582 2614 promittendum.
601 2562 710 2608 Quod
723 2563 752 2599 si
773 2572 919 2612 rogatus
933 2562 1000 2600 1106
1018 2562 1213 2600 centurioni
1229 2564 1279 2600 fe-

293 2623 339 2660 cit
358 2622 476 2671 (dixit
496 2623 606 2670 euim,
624 2625 708 2674 Ego
729 2626 904 2668 veniam;
925 2632 961 2660 et
984 2625 1127 2661 curabo
1143 2638 1228 2660 eum
1244 2627 1276 2673 );

293 2684 329 2721 id
353 2683 458 2731 dixit,
475 2693 510 2720 111
529 2684 603 2735 ejus
619 2683 728 2721 fidem
747 2684 954 2722 ostenderet.
967 2684 1005 2721 Si
1024 2683 1105 2734 quis
1122 2698 1205 2723 vero
1222 2684 1259 2721 di
1274 2710 1281 2714 -

294 2745 400 2794 xorit,
419 2745 491 2781 Cur
523 2759 687 2782 somnum
717 2745 989 2797 suspicabantur
1005 2760 1077 2783 esse
1093 2745 1278 2798 discipuli,

294 2820 404 2856 neque
418 2815 587 2843 noverunt
604 2816 784 2843 mortuum
799 2821 885 2855 6556,
896 2821 977 2845 cum
987 2807 1129 2857 diceret,
1139 2807 1281 2847 Vadam

294 2876 327 2904 et
357 2867 487 2903 curabo
516 2867 621 2903 eum?
643 2867 816 2915 <stultum
835 2867 929 2905 enim
960 2877 1034 2905 erat
1061 2867 1091 2905 si
1118 2877 1283 2920 putarent

295 2931 418 2967 Jesum
447 2927 649 2977 quindecim
676 2928 789 2965 stadia
816 2930 1057 2967 confecturum
1077 2944 1162 2979 esse,
1181 2940 1220 2968 ut
1240 2930 1283 2967 il-

296 2990 371 3026 lum
395 2988 701 3040 expergefaceret)
726 3002 732 3021 ι
756 2989 999 3039 respondebo,
1029 2998 1170 3041 putasse
1205 2990 1284 3028 11105

297 3050 363 3088 1106
375 3050 523 3099 aenigma
539 3062 623 3097 esse,
632 3057 670 3085 ut
684 3049 751 3085 alia
764 3050 875 3086 multa
892 3065 967 3100 quae
982 3051 1133 3088 dicebat.
1153 3054 1285 3090 Omnes

297 3112 416 3162 itaque
435 3110 640 3150 Judaeornm
656 3109 827 3161 impetum
845 3112 1102 3162 formidabant,
1125 3113 1285 3151 omnium

298 3172 453 3209 maxime
475 3171 634 3209 Thomas
655 3187 662 3206 ;
684 3170 761 3208 11160
791 3170 897 3221 dixit,
922 3174 985 3210 16.
1009 3175 1171 3221 Eamus,
1188 3183 1229 3212 ut
1248 3183 1283 3212 et

341 3270 357 3293 ‘¹
383 3267 497 3300 Morel⁴
513 3273 562 3302 καὶ
579 3271 752 3313 δειλότερος.
764 3266 888 3299 Deinde
905 3275 979 3309 post
998 3277 1047 3306 τῆς
1062 3274 1175 3313 ἡμέρας
1187 3269 1302 3302 Μοι·1·1,

299 3329 386 3355 τοῦτο
404 3324 434 3353 δὲ
451 3323 539 3358 εἶπεν,
557 3325 686 3362 ἐμφῆναι
703 3323 882 3364 βουλόμενος
895 3325 941 3353 ὅτι
958 3324 972 3353 ὁ
987 3323 1091 3362 μηδέν.

345 3379 355 3392 ²
380 3371 493 3404 Morel.
513 3376 606 3406 ἔσται.

345 3426 357 3448 s
382 3425 565 3467 [ἀναγκαίαν
589 3426 675 3459 οὖσαν
692 3423 791 3457 Savil.
818 3430 978 3467 ἀναγκαίαν
1006 3427 1076 3459 εἶναι
1104 3423 1212 3457 Codd.
1231 3426 1305 3467 705,

1357 218 1543 248 :mclilffl’
1553 237 1561 248 .
1600 217 1957 250 CONSTANTINOP-

1345 308 1413 344 τῶν
1443 306 1557 343 ἄλλων
1587 299 1628 352 ἦν
1648 305 1664 327 ¹¹
1675 306 1734 344 καὶ
1763 306 1996 361 ἀπιστότερος.
2013 307 2104 346 Ἀλλ’
2128 307 2192 358 ὅρα
2215 308 2288 350 πῶς
2308 308 2368 344 <20-

1346 366 1422 409 τοὺς
1443 368 1484 404 δι’
1503 360 1549 403 ὧν
1566 381 1650 417 φησι
1667 366 1926 420 παραθαρρύνει
1940 371 1956 405 6
1972 367 2115 415 Ἰησοῦς.
2128 367 2219 419 Οὐχὶ
2236 366 2368 404 δώδεκα

1346 421 1434 479 ὧραί
1454 429 1520 465 εἰσι
1538 431 1600 474 τῆς
1619 427 1776 479 ἡμέρας,
1796 425 1847 465 *H
1867 433 1967 467 τοῦτο
1995 428 2105 467 τοίνυν
2134 427 2250 480 φησὶν,
2277 426 2331 466 ὅτι
2351 430 2368 464 ὁ

1347 487 1452 539 μηδὲν
1473 490 1584 540 ἑαυτῷ
1603 488 1764 532 συνειδὼς
1779 488 2044 541 πονηρὸν,οὐδὲν
2061 489 2221 527 πείσεται
2240 487 2346 526 δεινόν
2360 504 2367 511 ·

1345 552 1362 587 6
1379 549 1413 587 δὲ
1432 549 1475 587 τὰ
1495 551 1610 601 φαῦλα
1631 548 1801 601 πράσσων
1818 549 1976 588 πείσεται
1996 550 2107 598 (ὥστε
2130 553 2224 600 ἡμᾶς
2242 551 2279 587 οὐ
2298 548 2367 601 χρὴ

1346 610 1534 648 δεδοικέναι
1552 626 1558 634 ·
1579 609 1673 649 οὐδὲν
1696 609 1764 663 γὰρ
1794 610 1884 654 ἄξιον
1915 610 2060 649 θανάτου
2079 609 2276 664 ἐπράξαμεν
2293 613 2324 658 )·
2345 609 2368 655 ἢ

1344 670 1396 711 ὅτι
1413 675 1430 711 6
1448 671 1487 709 τὸ
1507 673 1577 723 φῶς
1597 676 1656 709 τοῦ
1673 671 1804 721 κόσμου
1826 670 1945 710 τούτου
1971 671 2120 722 βλέπων,
2140 673 2174 708 ἐν
2198 670 2369 722 ἀσφαλείᾳ

1343 732 1472 771 “gerim
1507 734 1550 771 lit
1575 732 1610 770 δὲ
1636 736 1653 771 6
1673 733 1713 772 τὸ
1732 736 1803 784 φῶς
1828 737 1888 771 τοῦ
1911 732 2043 783 κόσμου
2067 732 2186 770 τούτου
2218 731 2370 783 βλέπων,

1345 795 1464 846 πολλῷ
1489 796 1619 845 μᾶλλον
1639 797 1655 831 6
1675 796 1751 844 μετ’
1773 797 1856 845 ἐμοῦ
1869 825 1878 843 ,
1902 793 1960 832 ἐὰν
1979 793 2027 844 μὴ
2045 793 2227 845 ἀποστήσῃ
2249 793 2369 830 ἑαυτὸν

1344 857 1439 905 ἐμοῦ.
1460 855 1604 899 Τούτοις
1619 855 1908 908 παραθαρρύνας,
1938 854 2060 907 ἐπάγει
2088 855 2149 892 καὶ
2173 853 2236 900 τὴν
2256 853 2369 892 αἰτίαν

1344 914 1559 969 ’ἀναγκαίαν
1576 920 1637 963 τῆς
1669 916 1812 968 ἀφίξεως
1834 920 1896 962 τῆς
1917 918 2043 954 ἐκεῖσε·
2061 916 2121 954 καὶ
2139 914 2288 961 δεικνὺς,
2317 914 2371 953 ὅτι

1345 979 1405 1014 οὐκ
1429 980 1475 1020 εἷς
1496 977 1540 1015 τὰ
1573 977 1801 1030 Ἱεροσόλυμα
1823 978 2005 1028 μέλλουσιν
2034 977 2193 1024 ἀπιέναι,
2218 977 2295 1014 ἀλλ’
2326 978 2373 1018 εἷς

1345 1037 1534 1086 Βηθανίαν,
1563 1039 1722 1089 Λάζαρος
1742 1042 1759 1076 6
1780 1039 1898 1091 φίλος,
1920 1038 2027 1091 φησὶ,
2057 1037 2287 1088 κεκοίμηται,
2313 1038 2373 1075 καὶ

1343 1098 1535 1149 πορεύομαι
1553 1098 1609 1136 ἵνα
1629 1098 1797 1142 ἐξυπνίσω
1814 1099 1926 1137 αὐτόν·
1946 1100 2135 1147 τουτέστιν,
2151 1101 2211 1137 οὐκ
2227 1098 2285 1136 ἐπὶ
2304 1105 2374 1141 τοῖς

1345 1160 1459 1201 αὐτοῖς
1480 1159 1603 1209 ἄπειμι
1623 1159 1728 1197 πάλιν
1750 1159 1988 1210 διαλεξόμενος
2003 1160 2062 1197 καὶ
2079 1159 2186 1209 ὁμόσε
2201 1158 2374 1210 χωρήσων

1343 1224 1413 1262 τοῖς
1434 1219 1633 1267 Ἰουδαίοις,
1655 1218 1744 1257 ἀλλὰ
1760 1219 1817 1257 τὸν
1845 1219 1941 1271 φίλον
1962 1219 2155 1263 ἐξυπνίσων4
2170 1220 2227 1257 τὸν
2243 1219 2374 1268 ἡμέτε-

1346 1296 1414 1335 ρον.
1451 1280 1620 1333 Λέγουσιν
1653 1283 1683 1319 οἱ
1720 1280 1900 1331 μαθηταί·
1934 1280 2058 1332 Κύριε,
2084 1282 2111 1318 εἷ
2142 1279 2350 1330 κεκοίμηται
2366 1311 2376 1328 ,

1343 1341 1552 1388 σωθήσεται.
1576 1343 1690 1379 Τοῦτο
1713 1340 1753 1380 δὲ.
1776 1343 1840 1394 οὐχ
1865 1342 1984 1386 ἁπλῶς
2006 1334 2114 1388 εἷπον,
2136 1342 2211 1379 ἀλλ’
2229 1341 2376 1392 ἐγκόψαι

1345 1403 1545 1454 βουλόμενοι
1573 1402 1636 1449 τὴν
1671 1404 1742 1441 ἐκεῖ
1770 1402 1974 1456 παρουσίαν.
2006 1402 2150 1454 Λέγεις,
2177 1403 2293 1454 φησὶν,
2321 1403 2374 1440 ὅτι

1343 1463 1523 1511 καθεύδει;
1543 1466 1661 1502 οὐκοῦν
1690 1466 1727 1502 οὗ
1759 1463 1957 1515 κατεπείγει
1985 1464 2025 1501 τὸ
2055 1465 2227 1501 ἀπελθεῖν.
2249 1462 2374 1501 Καίτοι

1345 1525 1444 1568 αὐτὸς
1474 1524 1530 1562 διὰ
1558 1529 1658 1562 τοῦτο
1678 1518 1783 1574 εἶπεν,
1811 1524 1864 1563 ὅτι
1883 1524 1928 1562 ‘O
1948 1524 2043 1577 φίλος
2072 1527 2186 1575 ἡμῶν,
2206 1522 2261 1561 ἵνα
2282 1523 2372 1575 δείξῃ

1345 1585 1536 1638 ἀναγκαίαν
1559 1585 1621 1633 τὴν
1637 1586 1842 1639 παρουσίαν.

1399 1647 1502 1686 Ἐπεὶ
1523 1641 1580 1685 οὖν
1597 1647 1822 1700 ὀκνηρότερον
1840 1647 2025 1695 διέκειντο,
2044 1647 2122 1685 τότε
2140 1647 2233 1698 λέγει
2248 1678 2258 1695 ,
2277 1646 2375 1685 Ἀπέ-

1345 1713 1436 1748 θανε.
1462 1709 1514 1747 Τὸ
1535 1708 1596 1760 μὲν
1625 1703 1682 1747 οὖν
1719 1708 1899 1761 πρότερον,
1927 1710 1967 1748 τὸ
1994 1708 2220 1759 ἀκόμπαστον
2257 1723 2375 1760 παρα-

1346 1773 1474 1817 στῆσαι
1505 1769 1731 1821 βουλόμενος,
1754 1769 1888 1820 ἔλεγεν·
1918 1768 2037 1816 ἐπειδὴ
2077 1768 2111 1806 δὲ
2142 1769 2179 1806 οὐ
2209 1770 2374 1814 συνῆκαν,

1346 1832 1469 1883 ἐπάγει
1484 1847 1491 1854 ·
1508 1831 1692 1880 Ἀπέθανε,
1713 1831 1771 1869 καὶ
1798 1831 1914 1884 χαίρω
1944 1831 1987 1868 δι’
2019 1833 2122 1881 ὑμᾶς.
2154 1829 2201 1868 Τί
2221 1829 2373 1876 δήποτε,

1347 1895 1401 1930 Δι’
1419 1895 1523 1943 ὑμᾶς,
1543 1891 1628 1930 εὈτι
1648 1898 1811 1944 προεῖπον
1834 1895 1896 1931 οὐκ
1915 1892 1962 1930 ὢν
1980 1898 1995 1914 ³
2014 1895 2103 1939 ἐκεῖ,
2123 1892 2182 1930 καὶ
2202 1891 2256 1930 ὅτι
2278 1894 2372 1929 ἐπει-

1348 1953 1407 1992 δαν
1425 1953 1631 2000 ἀναστήσω,
1648 1953 1790 2004 οὐδεμία
1817 1953 1914 1992 ἔσται
1934 1953 2076 2006 ὑποψία.
2104 1952 2212 2004 (Ορᾷς
2231 1955 2305 1995 πῶς
2324 1951 2374 1990 ἔτι

1349 2015 1569 2066 ἀτελέσι-ερον
1586 2014 1752 2053 διέκειντο
1772 2018 1802 2053 οἱ
1823 2014 1976 2066 μαθηταὶ
1990 2045 1998 2061 ,
2021 2014 2079 2052 καὶ
2095 2014 2293 2064 οὖκῇδεσαν
2314 2016 2375 2051 αὖε

1348 2079 1407 2113 τοῦ
1419 2075 1482 2122 τὴν
1503 2075 1648 2126 δύναμιν
1665 2078 1711 2118 ὡς
1727 2077 1854 2128 ἐχρῆν,
1870 2077 1985 2113 Τοῦτο
2000 2075 2034 2113 δὲ
2049 2074 2186 2113 ἐποίουν
2202 2077 2232 2112 οἱ
2247 2074 2374 2124 μεταξὺ

1350 2136 1494 2189 1’φόδοῃ
1515 2136 1745 2187 ταράττοντες
1763 2138 1876 2174 αὐτῶν
1893 2136 1952 2179 τὰς
1971 2135 2085 2188 ψυχὰς
2109 2135 2166 2174 καὶ
2186 2135 2373 2186 θορυὸοῧν-

1349 2212 1416 2239 τες.
1436 2197 1506 2235 Καὶ
1525 2196 1581 2234 ὅτε
1600 2197 1661 2246 μὲν
1687 2196 1798 2247 ἔλεγε,
1822 2197 2062 2247 Κεκοίμηται,
2082 2197 2198 2248 λέγει·
2220 2195 2374 2247 Πορεύο-

1351 2273 1414 2308 μαι
1442 2257 1496 2295 ἵνα
1529 2257 1699 2301 ἐξυπνίσω
1731 2257 1832 2294 αὐτόν
1851 2273 1857 2280 ·
1878 2257 1934 2296 ὅτε
1973 2258 2008 2295 δὲ
2035 2252 2144 2302 εἶπεν,
2178 2258 2372 2303 Ἀπέθανεν,

1350 2319 1467 2358 οὐκέτι
1491 2319 1708 2371 προσέθηκε,
1727 2317 1931 2370 Πορεύομαι
1967 2318 2021 2355 ἵνα
2050 2318 2236 2365 ἀναστήσω
2253 2318 2369 2355 αὐτόν.

1351 2382 1403 2419 Οὐ
1429 2380 1496 2431 γὰρ
1520 2380 1688 2427 ἠζᾶούλετο
1705 2386 1774 2422 τοῖς
1795 2379 1928 2431 ῥήμασι
1948 2379 2144 2430 προλέγειν,
2178 2379 2198 2416 ἃ
2230 2377 2286 2415 διὰ
2305 2381 2373 2415 τῶν

1351 2442 1458 2494 ἔργων
1487 2441 1611 2492 ἔμελλε
1635 2441 1879 2492 βεῧαιοῦσῦαι,
1905 2441 1943 2478 τὸ
1976 2439 2175 2483 ἀκενόδοξον
2193 2443 2374 2491 πανταχοῦ

1351 2503 1521 2541 διδάσκων
1538 2505 1650 2552 ἡμᾶς,
1669 2501 1728 2540 καὶ
1756 2501 1795 2539 τὸ
1826 2502 1874 2553 μὴ
1896 2503 1964 2540 δεῖν
1984 2503 2103 2544 ἁπλῶς
2118 2504 2374 2553 ὑπισχνεῖσθαι.

1351 2566 1394 2602 Εἰ
1406 2564 1440 2602 δὲ
1449 2564 1508 2601 ε’πὶ
1518 2567 1576 2601 τοῦ
1593 2562 1847 2615 ἑκατοντάρχου
1858 2566 1959 2601 τοῦτο
1977 2562 2120 2609 ἐποίησε
2136 2561 2372 2613 παρακληθείς

1350 2618 1446 2672 (εἶπε
1464 2623 1550 2675 γὰρ,
1565 2623 1659 2674 Ἐγὼ
1680 2623 1786 2660 ἐλθὼν
1816 2623 2018 2675 Οεραπεύσω
2037 2623 2163 2673 αὐτόν)
2191 2622 2247 2659 ἵνα
2279 2621 2370 2673 δείξῃ

1351 2684 1412 2731 τὴν
1425 2684 1552 2722 ἐκείνου
1569 2684 1698 2729 πίστιν,
1712 2687 1813 2721 τοῦτο
1826 2678 1932 2723 εἶπεν.
1952 2686 1995 2723 1Ξῖ
2015 2683 2050 2721 δὲ
2070 2684 2166 2735 λέγοι
2181 2699 2232 2726 τις
2246 2713 2254 2730 ,
2268 2682 2372 2721 πόθεν

1351 2746 1455 2784 ὕπνον
1471 2745 1642 2784 ὑπέλαὸον
1660 2747 1690 2783 οἱ
1707 2746 1880 2795 μαθηταὶ,
1901 2746 1959 2783 καὶ
1979 2745 2055 2783 οὐδὲ
2075 2745 2143 2783 ἀπὸ
2160 2745 2281 2782 τούτου
2296 2750 2372 2781 συν-

1353 2809 1505 2860 έγνωσαν
1525 2807 1668 2844 θάνατον
1688 2799 1794 2852 εἶναι,
1817 2807 1908 2857 λέγω
1933 2806 1967 2843 δὲ
1995 2810 2053 2843 τοῦ
2073 2808 2195 2850 εἰπεῖν,
2225 2803 2374 2855 πορεύο-

1355 2885 1418 2919 μαι
1445 2868 1501 2906 ῗνα
1521 2866 1690 2911 ἐξυπνίσω
1721 2866 1942 2916 αὐτόν;(καὶ
1961 2866 2028 2917 γὰρ
2062 2865 2178 2908 ἀνοίας
2205 2859 2245 2912 ἦν
2274 2864 2307 2901 εἴ
2335 2879 2374 2915 γε

1354 2928 1574 2982 προσεδόκων
1591 2927 1715 2965 στάδια
1732 2927 1834 2964 πέντε
1851 2927 1910 2966 καὶ
1929 2928 2012 2965 δέκα
2027 2926 2128 2964 αὐτὸν
2147 2925 2374 2977 πορεύεσθαι,

1355 2990 1445 3029 ὥστε
1478 2989 1703 3038 ἐξυπνίσαι·)
1732 2990 1841 3026 ἐκεῖνο
1872 2989 1912 3026 ἂν
1943 2987 2114 3038 εἴποιμεν,
2141 2987 2193 3025 ὅτι
2221 2986 2376 3036 ἐνόμιζον

1354 3056 1455 3090 τοῦτο
1474 3050 1617 3101 αἴνιγμα
1636 3044 1740 3095 εἶναι,
1755 3044 1809 3087 οἷα
1829 3049 1942 3087 πολλὰ
1961 3048 2144 3100 διελέγετο.
2164 3049 2300 3090 Πάντες
2314 3046 2375 3097 μὲν

1355 3107 1412 3152 οἶν
1437 3112 1666 3150 ἐδεδοίκεισαν
1685 3111 1748 3157 τὴν
1780 3114 1847 3149 τῶν
1865 3110 2042 3149 Ἰουδαίων
2061 3110 2195 3162 ἔφοδον,
2227 3107 2312 3159 ὑπὲρ
2342 3107 2376 3144 δὲ

1356 3174 1434 3218 τοὺς
1454 3174 1578 3216 ἄλλους
1598 3176 1616 3211 6
1634 3174 1768 3222 Θωμᾶς
1782 3188 1789 3195 ·
1819 3171 1870 3209 διὸ
1892 3171 1949 3209 καὶ
1975 3171 2111 3223 ἔλεγεν·
2133 3169 2303 3220 Ἄγωμεν,
2321 3167 2379 3206 ἵνα

1373 3271 1470 3313 7011]

1418 3333 1430 3347 ¹¹
1454 3321 1568 3354 Morel.
1585 3326 1652 3364 ἐκεῖ,
1669 3325 1742 3354 ὥστε
1757 3323 1866 3358 ἐπειδὴ.

1421 3375 1436 3397 ¹·
1460 3373 1575 3406 Morel.
1592 3379 1693 3419 φόβον.
