2481 3678
636 211 676 240 {N
715 212 923 242 JOANNEM
961 213 1122 241 nomn„
1167 211 1320 239 LXXIX.
1462 210 1649 240 Lxxvm.
2083 197 2136 241 5⁵⁷)

1359 195 1421 239 al.
2142 216 2171 258 ι)

1191 304 1310 340 causa,
1339 303 1430 341 saepe
1461 304 1503 327 ne
1526 291 1666 328 tertiam
1694 290 1841 341 quidem
1866 293 2074 330 facultatum
2093 308 2172 344 par-

1191 360 1262 387 tem
1281 350 1480 402 expendere
1504 351 1670 389 volumus
1687 380 1696 397 ,
1721 349 1781 387 scd
1798 350 2001 388 famelicum
2021 352 2174 404 despici-

1192 425 1297 459 mus,
1318 411 1455 448 nudum
1474 411 1632 449 videntes
1650 410 1971 463 pizetercurrimus,
1993 427 2102 463 neque
2119 415 2172 452 al—

1194 472 1291 522 loqui
1310 471 1516 523 dignamur.
1532 472 1637 509 Illius
1658 486 1742 510 xero
1755 471 1785 509 si
1803 472 2011 509 ancillulam
2024 474 2178 513 viderint

1194 543 1388 583 amatores,
1410 533 1600 570 barbaram
1618 533 1716 581 lieet,
1739 533 1776 570 in
1796 532 1912 570 medio
1930 534 2006 571 foro
2034 543 2178 585 stantes,

1194 592 1325 630 blande
1349 602 1382 630 ct
1403 593 1512 630 hilari
1539 593 1641 631 vultu
1671 593 1898 643 alloquuntur
1920 624 1929 640 ,
1955 594 2182 646 longioreque

1196 663 1346 692 utuntur
1369 668 1538 692 sermone.
1564 655 1713 706 Propter
1740 654 1838 691 illam
1858 654 1951 692 nihil
1981 669 2054 693 esse
2074 656 2184 693 vitam

1198 715 1445 764 arbitrantur,
1477 716 1567 753 nihil
1596 715 1799 768 principes,
1830 715 1921 753 nihil
1950 730 2099 767 regnum
2122 717 2185 765 (id

1199 778 1315 815 sciunt
1336 787 1428 815 certe
1443 786 1615 829 quotquot
1629 777 1725 815 hunc
1737 777 1874 829 experti
1889 786 1970 815 sunt
1987 778 2166 827 morbum)
2172 795 2183 827 5

1200 848 1233 876 et
1252 839 1422 890 majorem
1440 839 1572 876 habent
1592 837 1780 890 imperanti
1799 838 1965 888 gratiam,
1989 853 2097 889 quam
2115 853 2186 877 ser-

1200 899 1380 937 vientibus
1404 899 1549 937 caeteris.
1576 900 1701 936 Nonne
1717 898 1843 936 merito
1872 899 2053 949 gehenna,
2074 914 2188 938 nonne

1201 960 1387 998 innumera
1413 975 1476 998 nos
1493 969 1636 998 manent
1654 960 1853 1012 supplicia?
1873 960 2096 1011 Evigilemus
2121 961 2184 998 ita-

1202 1036 1290 1072 que,
1318 1031 1352 1059 et
1372 1021 1439 1059 Dei
1467 1019 1665 1058 ministerio
1687 1020 1920 1058 exhibeamus
1946 1030 2007 1058 aut
2034 1030 2189 1059 tantum-

1203 1083 1286 1121 dem
1308 1092 1371 1120 aut
1390 1082 1580 1120 dimidiam
1605 1091 1696 1119 certe
1717 1091 1855 1133 partem
1876 1095 1999 1119 eorum
2018 1096 2095 1132 quae
2117 1097 2188 1120 me-

96 293 225 347 ἐρημίᾳ
243 292 288 332 τὰ
307 293 434 331 αὐτῶν·
452 294 511 329 τοῦ
533 292 566 330 δὲ
586 293 677 330 Θεοῦ
692 294 860 337 πολλάκις
878 293 1005 340 ἕνεκεν,
1022 294 1112 343 μᾶλ-

95 357 153 394 λον
177 355 211 394 δὲ
239 356 338 404 ἡμῶν
361 354 471 390 αὐτῶν
498 352 625 400 ἕνεκεν,
655 354 731 393 οὐδὲ
749 354 868 408 τρίτην
890 359 1012 406 μοῖραν
1032 355 1114 390 ἀνα·

96 417 208 454 λῶσαι
229 414 416 468 αἱρούμεθα
439 416 506 451 τῶν
528 414 646 461 ὄντων,
667 416 757 453 ἀλλὰ
779 417 951 453 πεινῶντα
970 416 1116 466 ὁρῶντες

96 479 326 528 περιορῶμεν,
343 475 401 512 καὶ
416 475 682 527 παρατρέχομεν
696 477 838 527 γυμνὸν,
854 475 911 512 καὶ
925 473 1000 512 οὐδὲ
1013 472 1115 523 λόγου

99 536 339 586 μεταδίδομεν.
360 534 520 582 Ἰὶκείνης
542 535 577 574 δὲ
604 536 667 573 κᾶν
693 535 920 589 θεραπαινίδα
947 534 1064 571 ἴδωσιν
1086 534 1116 569 οἱ

97 595 265 646 ἐρασταὶ,
284 595 343 633 καὶ
364 596 554 648 βάρὸαρον,
583 598 616 634 ἐν
647 596 736 648 μέσῃ
756 600 798 647 τῇ
819 599 929 646 ἀγορᾷ
949 595 1094 635 ἑστῶτες
1109 621 1118 638 ,

459 657 495 680 r

98 656 218 707 ὥσπερ
254 658 269 693 ἐ
272 673 316 708 γκ
307 659 404 695 αλλ
387 673 476 700 ωπις

478 673 612 707 οικενοι,
649 674 708 695 και
746 655 976 707 ἀγαλλόμενοι
1008 651 1120 690 διαλέ-

99 734 236 767 γοντιι,
266 733 408 790 αακρων
443 718 554 768 λόγων
585 720 642 756 ἀνε
632 719 816 761 -λίττοντες
851 715 1031 758 διαύλους·
1061 730 1121 752 και

99 779 195 818 οὐδὲν
218 784 303 817 εἶναι
327 795 382 817 τον
403 779 473 830 βίον
495 778 608 817 πάντα
637 778 810 829 νομίζουσι
838 778 881 815 σι’
912 779 974 815 αὐτ
976 776 1031 823 ὴν,
1062 778 1122 814 οὐκ

100 841 290 893 ἄρχοντας,
320 855 357 877 ου
389 839 566 890 βασιλείαν
589 838 666 886 (και
694 839 808 877 ἴσασιν
829 838 903 877 ὅσοι
930 853 989 876 του
1017 837 1122 883 νοσή-

103 918 212 975 ματος
238 900 399 952 εἷληφασι
428 903 591 952 πεῖραν)·
622 915 682 938 και
714 899 817 951 ’χάριν
838 899 957 951 ἑχουσι
980 901 1046 937 πλε
1032 898 1123 937 είονα

102 962 333 1013 ἐπιταττούση
347 992 357 1009 ,
378 961 399 1006 ἢ
417 962 662 998 οουλεύουσιν
650 976 789 1014 ετεροις
813 963 881 1013 Αρ’
903 963 964 1000 οὐκ
985 960 1125 1004 εἰκότως

99 1038 137 1073 γε
131 1022 239 1069 ἐννα;
265 1017 319 1073 ἀρ’
341 1024 403 1059 οὐκ
420 1021 560 1064 εἰκότως
578 1021 698 1074 μυρίαι
714 1021 894 1065 κολάσεις·
887 1052 896 1069 ,
921 1021 1125 1074 Ἀνανήψω-

103 1099 166 1134 μεν
190 1082 316 1130 τοίνυν,
350 1082 409 1121 καὶ
434 1082 676 1158 παράσχωμεν
707 1086 749 1134 τη
770 1099 829 1120 του
830 1085 943 1144 ΜΘεου
974 1082 1129 1134 διακονίᾳ

103 1145 167 1182 κᾶν
188 1149 360 1191 τοσούτον,
386 1160 449 1181 καν
469 1160 508 1181 το
532 1143 642 1193 ἥμισυ
665 1144 788 1194 μέρος,
812 1147 849 1181 οὓ
866 1148 909 1191 τῆ
927 1144 1036 1197 πόρνῃ
1061 1160 1128 1182 πα·
1203 1145 1323 1183 retrici
1351 1145 1468 1182 caeteri
1489 1145 1664 1197 praebent,
1687 1152 1748 1181 aut
1771 1143 1913 1180 tertiam
1933 1152 1971 1180 ut
1997 1143 2189 1181 minimum

1202 1215 1351 1259 partem.
1386 1206 1490 1243 Forte
1520 1205 1651 1242 iterum
1674 1204 1855 1241 horretis?
1878 1203 1924 1241 Et
1947 1217 2010 1254 ego
2040 1218 2188 1255 quoque.

1204 1270 1250 1305 At
1279 1267 1408 1305 vellem
1433 1280 1497 1304 vos
1523 1280 1592 1303 non
1619 1265 1663 1303 de
1685 1264 1804 1304 verbis
1826 1274 1965 1302 tantum
1980 1295 1989 1311 ,
2010 1264 2069 1302 sed
2090 1274 2123 1302 et
2147 1264 2192 1302 de

1201 1329 1308 1367 rebus
1328 1329 1414 1381 ipsis
1427 1328 1582 1366 horrere.
1602 1329 1704 1365 Nunc
1722 1336 1840 1364 autem
1858 1326 1918 1363 hic
1932 1340 1991 1363 cor
2010 1335 2187 1376 movetur,

106 1221 142 1256 ρε
134 1204 263 1256 ’χουσιν
280 1207 410 1257 ετεροι,
424 1221 488 1242 καν
502 1221 541 1243 το
556 1204 683 1256 τρίτον.
700 1205 806 1256 Τάχα
822 1205 981 1257 φρίττετε
998 1205 1126 1243 πάλιν·
1118 1234 1127 1251 ,

106 1265 176 1303 Καὶ
194 1265 261 1318 γὰρ
279 1265 339 1303 καὶ
358 1265 470 1309 αὐτός.
487 1264 576 1303 Ἀλλ’
598 1268 660 1303 οὐκ
679 1265 879 1315 ἠδουλόμην
901 1265 958 1304 ἐπὶ
976 1268 1044 1303 τῶν
1071 1265 1128 1302 λό-

105 1342 175 1377 γων
198 1325 312 1377 μόνον,
343 1324 432 1364 ἀλλὰ
458 1325 517 1363 καὶ
551 1326 608 1363 ἐπὶ
638 1329 705 1363 τῶν
736 1326 956 1378 πραγμάτων
978 1325 1130 1378 φρίττειν

107 1389 293 1437 ὑμᾶς.Νῦν
307 1386 342 1425 δὲ
355 1389 502 1424 ἐνταῦθα
519 1386 580 1437 μὲν
596 1386 739 1437 ”ἡμῖνὴ
755 1386 880 1439 καρδία
894 1387 1130 1434 συστέλλεται,
1202 1390 1330 1441 egressi
1361 1404 1446 1429 vero
1478 1389 1596 1427 omnia
1628 1388 1830 1440 abjicimus.
1864 1387 1963 1433 Quid
1988 1388 2073 1426 hinc
2106 1402 2189 1439 ergo
2238 1390 2281 1417 Aa
2318 1390 2392 1415 ⁰¹⁰⁹·

107 1447 298 1491 ἐξελΟόντες
315 1448 350 1485 δὲ
371 1447 485 1485 πάντα
503 1447 683 1501 ῥίπτομεν.
703 1446 750 1485 Τί
769 1442 825 1485 οὖν
845 1448 885 1485 τὸ
918 1447 1130 1500 κέρδος5Ἂν
1202 1451 1318 1488 lucri?
1340 1450 1379 1488 Si
1399 1449 1474 1487 illie
1493 1448 1739 1487 consumendae
1757 1458 1871 1486 essent
1892 1448 2065 1500 pecuniae,
2087 1463 2189 1486 nemo
2204 1441 2390 1508 ῬΓΣὈἋΠἙῙῘ

105 1507 168 1558 μὲν
189 1507 255 1559 γὰρ
270 1511 340 1546 ἐκεῖ
368 1507 427 1559 δέῃ
455 1508 624 1560 χρήματα
644 1507 856 1554 ἀναλίσκειν,
884 1509 993 1551 οὐδεὶς
1009 1507 1130 1546 πενίαν
1203 1513 1348 1551 defleret
1373 1521 1634 1564 paupertatem,
1664 1510 1725 1548 sed
1755 1511 1985 1548 foeneraretur
2011 1511 2075 1548 etsi
2101 1514 2348 1563 gaepehmmmr.

106 1568 282 1620 ὀδύρεται,
314 1569 405 1607 ἀλλὰ
438 1569 498 1607 καὶ
537 1568 781 1620 δανεισάμενος
818 1569 927 1607 ἔδωκε
963 1569 1132 1612 πολλάκις

107 1628 228 1672 ἁλούς·
246 1631 394 1668 ἐνταῦθα
410 1630 461 1678 δὲ,
484 1630 541 1668 ἐὰν
557 1629 789 1680 ἐλεημοσύνης
812 1633 1033 1680 μνησθῶμεν,
1053 1636 1132 1668 παῖ-

109 1690 185 1738 δας,
214 1690 273 1728 καὶ
292 1697 477 1741 γυναῖκας,
509 1690 568 1729 καὶ
587 1690 712 1737 οἰκίαν,
733 1691 792 1729 καὶ
812 1690 1039 1744 προστασίαν,
1072 1690 1131 1728 καὶ

902 1751 993 1790 Ἀλλ’
1025 1751 1130 1799 ἡδονὴ

106 1811 241 1860 πολλὴ,
259 1812 374 1865 φησὶν,
393 1815 474 1851 εκεῖ.
486 1815 599 1851 Τοῦτο
619 1814 684 1866 γάρ
700 1816 792 1852 ἐστιν
811 1813 828 1851 ὃ
846 1816 960 1866 θρηνω
979 1829 1038 1851 και
1057 1813 1132 1851 ὀού·

471 1873 535 1887 'sl'

109 1888 226 1924 ρομαι.
241 1873 288 1911 Τί
302 1877 372 1920 οὖν,
393 1873 451 1911 ἐαν
468 1890 566 1917 οειςι)
583 1874 724 1924 μείζονα
741 1876 888 1913 ἐνταῦθα
901 1891 962 1921 την
980 1874 1130 1922 ἡοονην,

109 1750 233 1803 μυρίας
263 1752 451 1804 προφάσεις
479 1757 565 1803 ἡμῖν
598 1752 867 1803 προὲάλλονται.

109 1933 206 1969 Ἐκεῖ
229 1948 271 1982 με
275 1947 290 1968 ν
320 1932 387 1984 γὰρ
410 1949 447 1971 ου
469 1949 591 1983 αικρον
612 1933 842 1984 ὑποτέμνεται
879 1937 940 1979 τῆς
966 1934 1090 1979 ηοονῆς
1108 1936 1129 1979 ἦ

107 1995 142 2030 αἶ
136 1992 273 2044 σψύνη,
301 2009 358 2031 και
374 1996 425 2039 ἡ
417 1993 535 2047 ύορις,
566 2011 625 2032 και
644 1999 664 2041 ἡ
683 1995 838 2043 δαπάνη,
866 1994 1019 2047 δεύτερον
1035 1998 1052 2032 ὁ
1068 1994 1131 2032 πό-

105 2056 142 2091 λε
147 2070 210 2104 αος
228 2070 287 2091 και
303 2057 323 2100 ἦ
345 2054 531 2107 ἀπέχθεια·
553 2059 699 2094 ἐνταῦθα
719 2056 754 2094 ‘³¹3
781 2055 875 2093 οὐδὲν
891 2061 1054 2094 τοιοῦτον.
1083 2056 1130 2093 Τί

106 2114 174 2166 γὰρ
204 2117 268 2160 τῆς
299 2117 424 2162 ἡδονῆς
454 2117 581 2163 ταύτης
612 2117 699 2164 ἴσον,
737 2117 814 2155 εἰπέ
845 2134 924 2168 μοι,
956 2120 1129 2163 καθ-ἧσθαι

107 2177 355 2228 προσδοκῶντα
378 2176 434 2214 τὸν
456 2178 598 2230 οὐρανὸν
613 2177 671 2215 καὶ
685 2177 748 2224 τὴν
769 2179 838 2215 ἐκεῖ
858 2177 1049 2228 βασιλείαν,
1070 2177 1129 2215 καὶ

106 2235 168 2282 τὴν
189 2235 423 2289 λαμπρότητα
440 2241 506 2275 τῶν
531 2238 650 2289 ἁγίων,
678 2238 736 2276 καὶ
754 2238 817 2284 τὴν
845 2237 935 2285 ζωὴν
959 2237 1020 2285 τὴν
1051 2241 1128 2276 ἀτε-

106 2295 289 2344 λεύτητον,
311 2296 414 2334 Ἀλλὰ
433 2302 542 2336 ταῦτα
558 2300 591 2336 ἐν
610 2299 854 2350 προσδοκίαις,
877 2299 993 2351 φησὶν,
1014 2301 1129 2337 ἐκεῖνα

106 2356 142 2394 δὲ
158 2358 193 2394 ἓν
214 2357 329 2410 πείρα.
353 2358 445 2410 Ποία
471 2359 600 2412 πείρᾳ,
623 2359 747 2398 Βούλει
773 2361 833 2398 καὶ
866 2363 1012 2398 ἐνταῦθα
1031 2360 1075 2399 τὰ
1095 2363 1128 2399 ἐν

106 2417 210 2471 πείρᾳ
228 2418 335 2466 εἴπω,
353 2418 537 2465 Ἐννόησον
565 2420 677 2466 πόσης
705 2420 898 2474 ἐλευθερίας
926 2420 1129 2467 ἀπολαύεις,

106 2477 258 2520 καὶπῶς
277 2478 398 2516 οὐδένα
418 2479 572 2523 δέδοικας
606 2481 682 2518 οὐδὲ
710 2480 849 2531 τρέμεις
874 2483 979 2533 ἀρετ-ἧ
1009 2483 1131 2527 συζῶν,

108 2537 170 2574 οὐκ
192 2536 326 2589 ἐχθρὸν,
361 2538 422 2574 οὐκ
455 2538 647 2586 ἐπίὸουλον,
677 2541 714 2576 οὐ
743 2539 972 2591 συκοφάντην,
1002 2542 1039 2577 οὐ
1073 2540 1129 2577 τὸν

108 2598 428 2650 παρευδοκιμοῧντα
439 2628 451 2647 ,
472 2599 534 2636 οὐκ
552 2599 779 2652 ἀντεραστὴν,
805 2601 842 2637 οὔ
863 2599 1066 2647 ζηλότυπον,
1094 2602 1130 2638 οὔ

107 2659 240 2706 πενίαν,
270 2661 308 2696 οὐ
339 2659 452 2705 νόσον,
480 2662 542 2698 οὐκ
568 2660 654 2698 ἀλλο
672 2663 740 2698 τῶν
763 2660 987 2714 ἀνθρωπίνων
1014 2660 1130 2698 οὐδέν·

108 2722 180 2757 ἐκεῖ
200 2718 255 2767 δὲ,
273 2719 335 2756 κᾶν
355 2719 462 2771 μυρία
487 2719 579 2757 κατὰ
597 2720 739 2771 γνώμην
755 2721 916 2772 γένηται,
935 2721 994 2758 καὶ
1013 2720 1132 2773 ὥσπερ

106 2783 146 2818 ἐκ
170 2782 292 2831 πηγῶν
314 2784 331 2818 ὅ
350 2783 495 2824 πλοῦτος
516 2781 658 2834 ἐπιρρέῃ
673 2812 681 2829 ,
696 2785 712 2819 ὃ
728 2784 795 2819 τῶν
817 2784 1036 2833 ἀντεραστῶν
1066 2782 1132 2820 πό-

104 2842 230 2891 λεμος,
249 2841 308 2878 καὶ
328 2843 362 2878 αἱ
383 2841 582 2889 ε’πιὸουλαὶ,
599 2842 658 2879 καὶ
674 2845 705 2880 οἱ
720 2842 820 2894 λόχοι
848 2842 987 2880 πάντων
1005 2842 1131 2880 ἀθλιώ-

105 2916 202 2953 τερον
231 2902 370 2948 ποιήσει
391 2907 450 2941 τοῦ
477 2905 551 2954 μετ’
574 2903 712 2941 ἐκείνων
734 2902 948 2954 πλυνομένου
965 2904 1021 2942 τὸν
1045 2903 1130 2954 βίον.

106 2964 181 3008 Τῆς
210 2961 278 3015 γὰρ
301 2963 544 3001 καταπτύστου
567 2964 804 3017 θρυπτομένης
819 2964 951 3012 ἐκείνης
975 2964 1033 3003 καὶ
1051 2980 1131 3017 τρυ-

107 3021 246 3074 φώσης,
269 3023 403 3075 ἀνάγκη
434 3040 491 3062 τον
518 3024 670 3075 πόλεμον
697 3025 981 3078 ἀναρριπίζεσθαι
1002 3027 1048 3067 εἷς
1067 3024 1129 3071 τὴν

109 3088 240 3136 ἐκείνης
260 3088 454 3141 ἀρεσκειαν.
472 3092 586 3129 Τουτο
611 3095 668 3129 οὖν
699 3091 829 3144 μυρίων
852 3091 1007 3129 θανάτων
1023 3093 1133 3142 χαλε-

109 3155 263 3207 πώτερον
283 3172 343 3194 και
356 3156 471 3204 πάσης
490 3158 740 3211 ἀφορητότερον
760 3157 947 3211 τιμωρίας.
965 3159 1055 3196 Ἀλλ’
1074 3159 1136 3196 οὐκ

111 3225 256 3261 ἐνταῦθα
275 3228 427 3263 τοιοῦτον
460 3225 568 3263 οὐδέν.
600 3225 645 3264 ‘O
670 3226 738 3279 γὰρ
768 3226 922 3278 καρπὸς,
943 3225 1045 3277 φησὶ,
1078 3229 1136 3264 τοῦ

159 3338 174 3359 ¹¹
199 3337 209 3378 [
226 3343 296 3379 ἡμῖν
313 3339 508 3371 inseruimus
527 3351 544 3371 e
565 3339 666 3372 Savil.
692 3348 724 3371 et
742 3339 825 3372 Cod.
846 3341 921 3381 7055
943 3343 1025 3382 ὑμῶν
1040 3337 1126 3372 Cod.

313 3415 406 3438 TOM.
442 3416 535 3439 vlll.

1205 1583 1329 1626 captus
1348 1574 1470 1610 fuisset
1487 1588 1495 1608 ε
1512 1572 1571 1609 hic
1592 1585 1677 1610 vero
1691 1571 1721 1609 si
1740 1571 1961 1622 eleemosyna
1978 1571 2191 1619 nominetur,

1207 1636 1325 1673 statim
1344 1634 1438 1672 filios
1455 1664 1463 1681 ,
1493 1647 1643 1670 uxorem
1656 1663 1666 1681 ,
1688 1631 1857 1680 domum,
1877 1645 2000 1669 curam
2022 1632 2072 1669 rei
2091 1633 2193 1669 sami-

1204 1696 1319 1747 liaris,
1343 1706 1376 1734 et
1397 1695 1511 1733 millia
1538 1693 1776 1732 obtendimus.
1802 1692 1872 1731 Sed
1890 1694 2018 1743 multa,
2033 1693 2170 1744 inquies
2187 1724 2195 1740 ,

1206 1758 1280 1795 illic
1306 1757 1471 1809 voluptas
1505 1765 1567 1793 est.
1606 1755 1682 1792 Hoc
1714 1763 1765 1792 est
1789 1754 1884 1805 quod
1908 1753 2012 1791 doleo
2029 1784 2040 1804 ,
2062 1754 2106 1792 de
2124 1770 2194 1806 quo

1206 1819 1404 1857 excrucior.
1435 1817 1533 1865 Quid
1560 1831 1645 1856 vero
1677 1816 1707 1854 si
1733 1816 1916 1854 ostendero
1943 1815 2002 1853 hic
2024 1817 2195 1867 majorem

1207 1896 1278 1919 esse
1298 1880 1545 1934 voluptatem?
1565 1879 1646 1918 Illic
1672 1878 1768 1916 enim
1788 1893 1857 1916 non
1874 1892 2004 1931 parum
2025 1879 2192 1930 volupta—

1206 1951 1278 1981 tem
1299 1943 1429 1981 minuit
1455 1943 1585 1995 pudor,
1605 1941 1840 1991 contumelia,
1860 1950 2020 1990 sumtus,
2041 1941 2196 1992 itemque

1206 2004 1341 2042 bellum
1367 2014 1402 2042 et
1422 2003 1642 2041 inimicitiae:
1662 2002 1722 2039 hic
1740 2016 1824 2040 vero
1852 2002 1944 2039 nihil
1970 2002 2190 2054 hujusmodi.

1207 2066 1306 2112 Quid
1321 2065 1428 2113 enim,
1448 2078 1577 2116 quaeso,
1597 2063 1682 2100 huic
1698 2062 1876 2114 voluptati
1895 2077 1960 2114 par
1977 2077 2050 2100 esse
2069 2064 2193 2114 possit,

1205 2125 1324 2164 sedere
1341 2139 1490 2177 regnum
1508 2124 1673 2162 caelorum
1694 2131 1972 2174 exspectantem,
1993 2132 2194 2160 sanctorum

1206 2187 1430 2240 splendorem
1446 2217 1455 2235 ,
1476 2187 1588 2226 vitam
1612 2183 1844 2237 perpetuam?
1865 2184 1924 2232 At,
1948 2183 2099 2233 inquies,
2118 2183 2193 2221 haec

1205 2255 1480 2299 exspectantur,
1509 2245 1572 2282 illa
1593 2243 1812 2295 experimur.
1838 2242 2027 2288 Quomodo
2051 2243 2192 2293 experi-

1204 2309 1276 2346 ris?
1288 2309 1399 2348 Visne
1411 2307 1477 2345 tibi
1491 2305 1672 2344 ostendam
1684 2304 1743 2342 hie
1756 2318 1896 2355 quoque
1909 2302 2191 2355 experimentum

1204 2370 1352 2408 haberi?
1367 2369 1493 2420 Cogita
1515 2376 1645 2419 quanta
1664 2366 1793 2403 fruaris
1813 2365 1987 2409 libertate,
2000 2365 2096 2415 quod
2111 2366 2191 2403 nul-

1206 2432 1282 2469 lum
1315 2431 1438 2469 timeas
1468 2430 1524 2468 vel
1554 2438 1682 2466 tremas
1710 2427 1799 2465 dum
1821 2427 1993 2465 virtutem
2023 2427 2165 2465 sectaris
2181 2458 2190 2475 ,

1207 2507 1276 2530 non
1296 2492 1498 2539 inimicum,
1527 2504 1597 2527 non
1624 2489 1882 2533 insidiatorem,
1902 2501 1972 2525 non
1991 2488 2191 2540 sycophan-

1207 2564 1292 2603 tam,
1311 2567 1379 2591 non
1398 2552 1581 2600 aemulum,
1601 2565 1670 2588 non
1692 2550 1855 2597 rivalem,
1877 2563 1947 2587 non
1969 2549 2188 2601 zelotypum,

1206 2629 1274 2653 non
1298 2622 1542 2666 paupertatem
1560 2641 1571 2661 ,
1595 2625 1664 2648 non
1691 2609 1942 2661 aegritudinem
1957 2638 1966 2656 ,
1993 2623 2063 2646 non
2091 2610 2191 2647 aliud

1204 2674 1391 2726 quidpiam
1414 2674 1622 2710 humanum.
1641 2670 1720 2708 Illic
1741 2683 1837 2719 vero,
1862 2669 1927 2707 etsi
1945 2669 2129 2707 innumera
2145 2685 2188 2708 ex

1206 2746 1290 2775 voto
1311 2734 1510 2782 succedant,
1528 2742 1562 2770 et
1582 2731 1718 2769 divitiae
1738 2731 1839 2782 quasi
1857 2745 1902 2768 ex
1922 2731 2017 2768 fonte
2035 2740 2188 2779 manent,

1205 2797 1375 2836 rivalium
1386 2795 1533 2842 bellum,
1561 2792 1720 2842 insidiae,
1749 2792 1910 2830 omnium
1936 2791 2188 2840 miserrimam,

1206 2858 1350 2895 illorum
1375 2856 1489 2894 vitam
1512 2854 1694 2901 efficiunt,
1715 2852 1776 2904 qui
1796 2853 1832 2890 in
1867 2853 1925 2891 his
1966 2853 2185 2891 volutantur.

1207 2919 1264 2957 Ad
1281 2918 1504 2970 voluptatem
1525 2914 1620 2953 enim
1645 2914 1745 2952 illius
1769 2913 1972 2966 respuendae
1993 2922 2026 2951 et
2049 2913 2189 2951 effemi—

1206 2990 1295 3018 natae
1310 2993 1446 3018 necesse
1464 2986 1515 3016 est
1535 2975 1671 3015 moveri
1695 2975 1809 3013 bella·
1800 3005 1810 3023 ,
1829 2975 1926 3025 quod
1946 2974 2044 3012 mille
2058 2974 2191 3012 morti-

1141 3042 1273 3089 ambus
1294 3040 1440 3092 gravius
1461 3048 1495 3077 et
1524 3037 1622 3076 omni
1643 3036 1818 3089 supplicio
1838 3035 2098 3073 intolerabilius
2124 3043 2187 3072 est.

1161 3101 1184 3130 Α
1207 3103 1274 3141 Hic
1292 3111 1412 3140 autem
1428 3100 1519 3139 nihil
1532 3098 1753 3152 hujusmodi.
1758 3099 1924 3135 Fructus
1940 3096 2046 3145 enim,
2064 3095 2192 3146 inquit,
2209 3099 2310 3132 Gal.5

1207 3165 1382 3216 Spirztus‚
1402 3164 1560 3208 caritas,
1583 3160 1782 3213 gaudium,
1803 3172 1896 3210 pax
1916 3158 2100 3207 Nusquam
2119 3155 2195 3192 bel-

1209 3225 1298 3274 lum,
1305 3238 1376 3264 non
1385 3220 1625 3274 intempestivi
1634 3218 1867 3272 pecuniarum
1877 3226 2026 3265 sumtus,
2038 3229 2107 3254 non
2120 3224 2200 3267 post

1145 3341 1237 3381 709.]

1976 3394 2026 3428 515
