2522 3683
99 1318 276 1347 (ien.1.2'j.

306 220 400 281 894

302 312 484 351 medicinae
515 314 777 353 auxiliuin:sic
793 316 1003 368 priusquam
1040 317 1153 356 Adam
1180 319 1284 357 effor-

301 375 467 413 maretur,
487 366 693 418 priusquam
711 368 823 419 iniqui
840 383 884 406 ex
903 370 965 407 illo
983 370 1161 409 orirentur
1177 381 1209 409 et
1223 386 1284 423 ap-

301 427 478 469 parerent,
493 428 681 470 antequam
698 421 784 472 justi
804 436 848 459 ex
868 422 928 459 illo
948 433 1186 474 nascerentur,
1206 438 1283 461 ncc—
1311 427 1332 455 Β

302 485 370 507 non
399 471 590 523 prophetae,
610 473 816 524 praeseiebat
843 475 939 512 Deus
969 489 1037 513 non
1064 490 1166 528 posse
1196 476 1287 513 hanc

303 523 492 574 imaginem
524 533 629 573 stare,
661 525 729 563 nisi
760 536 990 564 renovaretur
1019 542 1039 565 a
1069 529 1224 566 Christo.
1246 530 1285 566 In

302 575 441 613 Adamo
472 575 614 614 videbat
642 579 739 614 Deus
767 577 934 627 Paulum,
962 579 1107 618 videbat
1128 582 1285 618 Petrum.

302 628 381 665 Non
404 629 613 680 respiciebat
635 629 812 667 Adamum
831 630 867 667 in
886 632 1052 682 paradiso
1076 642 1285 678 versantem,

301 688 334 716 et
364 690 483 732 postea
513 681 764 732 expellendum
778 697 789 732 3
818 682 878 720 sed
913 684 1122 736 respiciebat
1152 682 1190 723 in
1223 686 1285 722 illo

301 732 453 769 Paulum
468 732 566 783 piam
582 734 788 783 religionem
808 735 1070 786 praedicantem,
1090 746 1124 775 et
1143 747 1286 790 raptum

300 783 336 820 in
356 784 575 835 paradisum,
593 795 626 823 et
644 788 794 824 Petrum·
809 786 866 824 cui
888 789 1097 827 concreditae
1115 799 1196 828 sunt
1214 790 1286 827 cla-

298 850 360 873 ves
379 837 564 884 caelorum,
583 847 616 875 et
637 838 756 876 omnia
776 839 811 876 in
831 839 947 891 primo
967 841 1111 881 homine
1127 842 1283 880 videbat.

299 888 339 925 In
359 888 477 927 radice
494 890 627 942 quippe
647 890 784 929 fructus
799 901 910 930 erant.
951 913 954 915 Δ

349 1048 388 1085 4.
424 1046 615 1085 Concedite
637 1048 741 1095 mihi,
773 1058 812 1086 ut
842 1050 1031 1100 paululum
1050 1051 1287 1101 alloquentem

298 1101 414 1137 Deum
429 1099 615 1150 inducam,
630 1101 843 1152 apostrophe
855 1110 1010 1139 utentem
1020 1131 1031 1150 ,
1046 1102 1079 1139 et
1097 1117 1180 1140 cum
1195 1104 1288 1141 Filio

296 1166 360 1191 suo
385 1152 654 1202 colloquentem.
674 1153 745 1190 Nec
760 1152 841 1202 quis
859 1162 957 1204 putet
972 1183 983 1202 ,
1002 1154 1209 1193 violentiam
1233 1156 1286 1193 in-

295 1205 378 1242 ferri
409 1204 575 1241 sermoni.
600 1205 650 1241 Ut
679 1204 774 1241 enim
794 1206 890 1242 Deus
909 1205 1090 1243 hominem
1108 1207 1282 1257 formans,
1309 1213 1332 1243 C

296 1257 442 1294 consilio
459 1265 491 1293 et
508 1265 715 1308 cooperante
730 1271 815 1294 usus
834 1266 884 1294 est
901 1258 1093 1309 Unigenito
1107 1262 1203 1307 (nam
1223 1262 1284 1310 ait,

295 1311 506 1346 Faciamus
525 1310 718 1346 hominem
741 1310 796 1346 ad
813 1312 1025 1361 imaginem
1043 1320 1081 1348 et
1101 1314 1285 1351 similitu-

294 1363 423 1399 dinem
453 1370 625 1399 nostram
641 1365 669 1410 )3
690 1376 754 1413 par
772 1371 846 1398 erat
870 1371 909 1399 ut
936 1363 1051 1400 Filius
1072 1364 1169 1402 Patri
1188 1365 1284 1403 dice-

292 1424 363 1459 ret,
381 1414 557 1465 Exspecta
579 1414 697 1451 finem.
723 1414 776 1451 Ne
797 1413 917 1463 dicas,
935 1415 1003 1453 Hie
1024 1425 1144 1454 contra
1166 1419 1283 1456 Deum

291 1467 528 1514 vaticinatur,
547 1480 628 1503 cum
654 1479 723 1503 non
742 1466 789 1503 sis
812 1466 864 1504 ibi
889 1481 1041 1518 praesens
1069 1484 1076 1504 :
1103 1470 1283 1519 quomodo

291 1520 368 1556 haee
386 1517 552 1556 noverit?
581 1519 620 1557 Si
641 1518 724 1556 finis
755 1533 824 1556 non
851 1521 1048 1558 secundum
1076 1523 1283 1561 sententiam

292 1571 468 1619 evenerit,
492 1585 548 1609 me
565 1571 822 1623 sycophantam
836 1571 969 1623 judica.
986 1575 1198 1613 Faciamus
1217 1578 1283 1614 lco-

293 1627 435 1661 minem
452 1625 505 1660 ad
517 1626 724 1675 imaginem
742 1633 776 1661 et
784 1625 1080 1664 similitudinem
1097 1637 1280 1666 nostram.

293 1678 344 1715 Ut
366 1677 511 1713 Creator
532 1676 594 1713 illa
613 1677 782 1726 loquutus
799 1685 867 1723 est,
888 1685 927 1713 ut
945 1678 1005 1728 qui
1026 1679 1204 1730 praesciret
1223 1681 1282 1718 hie

293 1728 493 1780 respondit:
513 1728 551 1766 Si
567 1742 649 1779 ergo
664 1737 782 1779 peccet
800 1728 914 1766 Adam
927 1760 936 1777 ,
954 1739 987 1768 et
1003 1740 1096 1768 certe
1109 1733 1281 1783 peccabit,

292 1795 336 1818 an
356 1781 486 1818 creatio
502 1790 621 1818 nostra
639 1781 888 1832 vituperatur?
902 1782 987 1821 Haec
1006 1783 1121 1834 cogita
1137 1786 1193 1823 vel
1214 1787 1281 1824 Pa-

292 1843 382 1871 trem
410 1833 503 1871 Filio
524 1833 718 1882 dicentem,
748 1833 806 1871 vel
839 1834 973 1872 Filium
1005 1836 1122 1873 Patri:
1146 1837 1282 1876 Eorum

292 1886 388 1924 enim
416 1885 624 1924 consultatio
644 1886 720 1923 sine
745 1885 999 1938 disceptatione
1022 1898 1099 1937 est,
1128 1904 1281 1940 quorum

293 1938 526 1977 indivisibilis
559 1948 609 1975 est
639 1938 846 1976 substantia.
875 1939 946 1977 Sed
980 1950 1102 1992 peccat
1140 1942 1277 1990 Adam,

293 1991 565 2042 praevaricatur,
583 1990 751 2039 moritur,
771 2004 812 2027 ac
827 2005 890 2042 per
909 1992 1013 2029 illum
1029 2007 1149 2032 omnes
1165 1994 1281 2033 homi-

294 2058 353 2081 nes
375 2052 541 2095 pereunt,
561 2052 790 2092 nostrumque
809 2043 992 2094 opificium
1021 2054 1058 2082 ut
1080 2046 1171 2084 male
1188 2062 1282 2086 crea-

298 2105 372 2132 tum
392 2095 580 2133 calumniis
606 2095 802 2146 impetitur.
832 2097 967 2134 Rursus
989 2098 1201 2138 consilium:
1224 2102 1282 2139 sed
1309 2105 1331 2133 D

296 2157 432 2199 oportet
461 2157 542 2185 ante
576 2148 694 2185 omnia
730 2147 903 2185 medelam
936 2149 1095 2188 definire.
1132 2154 1282 2204 Oportet

296 2201 389 2238 enim
405 2210 456 2249 te,
472 2214 492 2237 o
511 2200 560 2237 mi
577 2199 784 2250 Unigenite,
802 2215 822 2237 o
839 2200 909 2238 Fili
929 2202 1111 2253 Verbum,
1129 2218 1148 2242 o
1164 2206 1280 2257 splen-

295 2253 360 2291 dor
390 2267 474 2290 meae
497 2253 645 2304 gloriae,
677 2261 814 2303 oportet
845 2262 898 2301 te,
931 2254 961 2291 si
994 2263 1109 2294 tamen
1136 2259 1280 2309 opificio

295 2305 489 2357 prospieis,
511 2304 606 2355 quod
622 2318 691 2341 una
707 2314 889 2356 operantes
904 2306 1138 2346 formavimus
1151 2339 1162 2358 ,
1179 2323 1281 2361 opor-

295 2367 342 2396 tet
377 2367 409 2396 te
439 2366 646 2409 corruptum
675 2356 856 2396 hominem
885 2357 1053 2408 induere,
1080 2371 1216 2412 oportet
1248 2373 1281 2401 te

294 2411 469 2462 apostolos
496 2403 672 2447 assumeie
685 2425 696 2459 3
731 2418 770 2446 ut
794 2411 1095 2460 quemadmodum
1115 2413 1280 2455 diabolus

294 2473 452 2515 serpente
481 2462 642 2500 ministro
661 2470 694 2499 et
721 2462 790 2499 telo
818 2472 870 2500 est
898 2478 982 2502 usus
999 2464 1045 2502 ad
1072 2466 1276 2518 fallaciam,

294 2516 343 2553 sic
355 2525 388 2553 et
400 2526 437 2553 tu
450 2515 613 2552 ministro
628 2514 770 2566 opificio
787 2524 847 2552 tuo
864 2516 975 2554 utaris
990 2517 1035 2555 ad
1053 2518 1277 2569 beneficium,

295 2577 326 2604 et
349 2569 487 2620 lapsum
504 2581 661 2605 renoves.
682 2567 753 2606 Sed
780 2568 883 2605 multi
904 2578 1026 2619 erunt,
1049 2570 1182 2621 inquit,
1202 2573 1275 2611 im-

294 2618 434 2671 piorum
469 2620 675 2671 dogmatum
708 2619 920 2658 inventores.
962 2621 1144 2675 Exsurget
1182 2626 1275 2664 enim

293 2673 415 2709 atheus
455 2672 714 2724 Epicureorum
764 2686 862 2710 error
883 2688 892 2720 ;
931 2686 1096 2726 exsurget
1135 2677 1276 2718 haeresis

293 2739 370 2774 qnae
391 2725 497 2771 dicit,
516 2725 628 2761 vitam
646 2724 721 2761 sine
737 2725 963 2776 providentia
982 2726 1064 2765 duci
1081 2744 1092 2778 5
1111 2742 1275 2781 exsurget

292 2777 361 2814 alia
389 2777 532 2814 haercsis
558 2791 636 2826 quze
663 2776 752 2814 dicit
771 2776 878 2815 deum
890 2790 963 2816 esse
985 2793 1113 2831 corpus
1137 2798 1143 2818 :
1169 2785 1274 2822 multi
1306 2809 1307 2812 =

292 2839 393 2866 erunt
419 2829 544 2866 erroris
571 2828 758 2866 doctores:
780 2830 861 2880 quis
893 2844 976 2882 ergo
1002 2832 1076 2870 haec
1112 2834 1273 2887 improba
1300 2847 1320 2874 Ε

292 2882 403 2919 solvet
421 2882 437 2918 ἶ)
460 2881 541 2917 llaec
561 2881 594 2917 in
614 2880 729 2929 ligura
745 2881 848 2931 dixi,
870 2891 908 2920 ut
929 2884 964 2921 in
989 2884 1060 2922 fine
1083 2889 1273 2938 apostoliea

292 2948 375 2971 voce
398 2933 603 2971 sententiani
624 2933 818 2982 obsignem.
847 2935 945 2980 Quid
967 2939 1081 2988 ergo?
1103 2954 1189 2977 num
1206 2942 1274 2979 hoc

290 2986 537 3023 indumentum
551 3015 560 3032 ,
578 2984 675 3035 quod
696 2987 790 3023 Deus
810 2988 973 3026 Verbum
989 2992 1162 3029 assumit?
1177 2994 1274 3044 quod

290 3038 457 3076 terminos
476 3037 571 3075 orbis
588 3050 790 3088 percurrere
805 3039 928 3087 debet,
947 3051 980 3078 et
1003 3056 1121 3081 omnes
1139 3045 1271 3084 illumi-

290 3092 402 3129 nare?
426 3092 656 3140 Nequaquam
672 3118 681 3135 ,
704 3089 838 3139 inquit3
855 3092 914 3129 scd
936 3102 973 3130 tu
998 3095 1086 3133 milii
1109 3097 1270 3138 divinam

288 3143 518 3181 ‹nconomiam
548 3140 737 3192 implebis3
771 3144 946 3192 apostolos
975 3156 1093 3185 autem
1123 3150 1271 3189 habebis

287 3196 404 3234 (livini
430 3195 530 3234 verbi
563 3207 759 3245 praecones3
784 3194 931 3232 babebis
957 3198 1107 3237 Paulum
1134 3203 1268 3252 praedi-

286 3258 449 3298 cantem,
479 3246 628 3285 habebis
655 3247 798 3283 Petrum
826 3249 975 3285 Romam
1011 3263 1266 3305 occupantem,

285 3301 432 3338 habebis
467 3299 642 3351 apostolos
677 3300 878 3336 oeconomiae
919 3310 1043 3339 nostrae
1082 3316 1265 3345 consortes.

288 3353 370 3389 Haee
406 3352 616 3390 dicebantur
657 3359 843 3401 antequam
889 3352 1002 3390 Adam
1044 3355 1264 3397 [minaretur.

290 3406 405 3443 Primo
419 3413 546 3443 statuta
563 3404 629 3441 snit
639 3404 770 3442 Christi
784 3404 988 3453 incarnatio,
998 3416 1027 3443 et
1039 3422 1116 3457 quar
1130 3410 1175 3447 ad
1184 3425 1265 3463 apo-

1256 240 1426 269 SPURM.

1360 319 1537 366 εὐθηνίας,
1569 321 1627 359 καὶ
1646 321 1724 359 τότε
1756 321 1800 360 τὰ
1826 321 1885 370 ἔτη
1907 325 1965 362 τοῦ
1997 325 2099 373 λιμοῦ
2131 324 2306 376 ἐπήγαγε,
2326 327 2386 364 καὶ

1359 372 1532 423 προέλαὸε
1559 373 1620 419 τὴν
1641 377 1702 411 τοῦ
1730 374 1930 427 τραύματος
1953 374 2053 427 φύσιν
2073 379 2092 421 ἡ
2111 381 2170 414 τοῦ
2200 376 2385 428 φαρμάκου

1361 425 1503 475 βοήθεια
1522 441 1530 449 ·
1568 425 1657 463 οὕτω
1690 425 1771 478 πρὶν
1810 428 1949 478 πλασθῇ
1982 431 2000 465 ὁ
2037 427 2166 478 Ἀδὰμ,
2201 429 2281 480 πρὶν
2321 445 2385 481 φα-

1359 480 1462 515 νῶσιν
1488 479 1518 515 οἱ
1553 477 1587 522 ἐξ
1617 481 1720 517 αὐτοῦ
1748 478 1893 529 ἄνομοι,
1929 479 2009 532 πρὶν
2029 483 2197 532 τεχθῶσιν
2217 485 2248 519 οἱ
2270 480 2304 525 ἐξ
2321 483 2387 518 αὖ-

1358 533 1417 567 τοῦ
1444 529 1591 578 δίκαιοι,
1619 532 1678 569 καὶ
1701 533 1731 569 οἱ
1765 530 1800 575 ἐξ
1832 534 1934 570 αὐτοῦ
1967 537 2164 585 προφῆται,
2184 535 2339 585 προεῖδεν
2369 537 2387 572 ὁ

1359 582 1468 623 Θεὸς,
1497 582 1554 620 ὅτε
1578 586 1639 622 οὐκ
1655 578 1724 622 οἷόν
1745 583 1784 621 τέ
1803 586 1875 622 ἐστι
1900 583 1962 631 τὴν
1984 584 2099 622 εἰκόνα
2115 585 2243 631 ταύτην
2261 589 2386 632 στῆναι

1361 633 1409 683 μὴ
1442 637 1743 675 ἀνακαινισθεῖσαν
1763 636 1830 674 ὑπὸ
1848 641 1906 675 τοῦ
1930 638 2099 688 Χριστοῦ.
2123 638 2185 675 Ἐν
2204 641 2254 690 τῷ
2276 639 2386 689 Ἀδὰμ

1359 685 1502 725 ἔὸλεπεν
1519 692 1537 726 ὅ
1552 688 1641 732 Θεὸς
1654 689 1712 727 τὸν
1727 690 1880 737 Παῦλον,
1898 689 2023 727 ἔὸλεπε
2037 689 2183 741 Πέτρον.
2201 692 2276 728 Οὐκ
2291 691 2386 730 ἕὸλε-

1359 755 1402 776 πε
1421 739 1478 778 τὸν
1497 740 1606 792 Ἀδὰμ
1624 744 1658 779 ἐν
1684 743 1733 793 τῷ
1753 741 1955 793 παραδείσῳ
1974 741 2195 793 τρεφόμενον,
2215 743 2274 780 καὶ
2296 743 2384 793 μέλ-

1358 792 1463 829 λοντα
1479 792 1708 832 ἐκὸάλλεσθαι
1719 809 1726 816 ·
1747 795 1823 832 ἀλλ’
1841 794 1984 833 ἕόλεπεν
2001 795 2034 831 ἐν
2051 795 2145 847 αὐτῷ
2163 796 2304 832 Παῦλον
2321 795 2384 841 τὴν

1360 844 1535 883 εὖσέὸειαν
1563 845 1801 896 κηρύττοντα,
1829 847 1889 885 καὶ
1919 849 1966 891 εἰς
1992 846 2201 898 παράδεισον
2232 847 2386 900 ἁρπαζό-

1361 911 1473 946 μενον,
1502 898 1562 936 καὶ
1598 898 1733 951 Πέτρον
1763 901 1855 941 κλεῖς
1874 901 2018 952 οὐρανοῦ
2038 898 2303 949 πιστευόμενον,
2326 900 2386 937 καὶ

1359 947 1474 986 πάντα
1495 952 1527 988 ἐν
1557 953 1607 1001 τῷ
1632 950 1761 1004 πρώτῳ
1791 952 1935 990 ἔὸλεπεν
1968 950 2152 1004 ἀνθρώπῳ.
2176 951 2237 989 Ἐν
2254 951 2321 1004 γὰρ
2343 956 2386 1004 τῇ

1362 1001 1439 1052 ῥίζῃ
1461 997 1550 1048 ἦσαν
1567 1006 1598 1041 οἱ
1613 1003 1757 1056 καρποί.

1411 1053 1482 1091 Καί
1503 1070 1562 1104 μοι
1582 1055 1833 1107 συγχωρήσατε
1848 1055 1970 1120 μικρόν
1984 1072 2020 1093 τι
2032 1059 2078 1100 ὡς
2100 1057 2133 1094 ἒν
2149 1056 2270 1109 ὁμιλίᾳ
2289 1057 2387 1108 γενέ-

1360 1108 1439 1143 σθαι
1457 1107 1567 1153 Θεοῦ,
1589 1108 1648 1144 καὶ
1676 1110 1874 1158 εἰσαγαγεῖν
1892 1124 1950 1145 τον
1971 1108 2073 1156 Θεὸν,
2084 1108 2203 1162 ὥσπερ
2224 1110 2387 1162 ἠθοποιίᾳ

1358 1157 1425 1194 τινὶ
1453 1159 1681 1210 κεχρημένον,
1702 1159 1761 1198 καὶ
1792 1160 2033 1210 διαλεγόμενον
2070 1164 2120 1212 τῷ
2155 1163 2276 1199 ἑαυτοῦ
2292 1162 2384 1213 Υἱῷ.

1361 1210 1428 1247 Καὶ
1453 1211 1568 1261 μήτις
1584 1211 1709 1264 νομίσῃ
1734 1211 1962 1263 βεὸιασμένον
1981 1207 2068 1250 εἶναι
2087 1213 2126 1250 τὸ
2156 1215 2266 1264 ῥῆμα.
2287 1212 2387 1251 ζὨσ-

1358 1278 1424 1314 περ
1444 1263 1512 1316 γὰρ
1529 1267 1636 1302 ποιῶν
1663 1265 1720 1303 τὸν
1744 1264 1924 1318 ἄνθρωπον
1950 1268 1968 1303 ὃ
1995 1266 2085 1307 Θεὸς
2118 1265 2304 1318 συμὸούλῳ
2330 1266 2387 1304 κέ-

1357 1330 1486 1366 χρηται
1505 1319 1554 1368 τῷ
1575 1318 1763 1369 Μονογενεῖ
1790 1317 1849 1354 καὶ
1877 1321 2032 1370 συνεργῷ
2052 1318 2288 1367 (Ποιήσωμεν
2318 1318 2385 1370 γὰρ

1358 1367 1537 1419 ἄνθρωπον
1558 1372 1636 1406 κατ7
1661 1369 1774 1407 εἰκόνα
1802 1369 1975 1422 ἡμετέραν
1997 1370 2057 1408 καὶ
2078 1372 2156 1407 καθ’
2174 1370 2385 1419 ὁμοίωσιν)·

1359 1420 1446 1464 εἰκὸς
1466 1415 1507 1467 ἦν
1527 1422 1586 1460 καὶ
1605 1422 1662 1460 τὸν
1682 1423 1765 1461 Υἱὸν
1785 1422 1896 1472 λέγειν
1919 1423 2005 1474 πρὸς
2031 1422 2088 1460 τὸν
2108 1421 2275 1488 Πατέρα,
2298 1422 2384 1476 οἰνά-

1359 1488 1439 1522 μενε
1468 1473 1503 1511 δὲ
1531 1475 1569 1512 τὸ
1595 1475 1703 1519 τέλος.
1737 1474 1799 1521 Μὴ
1821 1474 1939 1526 εἴπῃς,
1960 1489 2261 1528 καταξιέιντευεται
2289 1478 2387 1519 οὗτος
2420 1504 2425 1514 ι

1356 1529 1416 1562 τοῦ
1436 1527 1547 1573 Θεοῦ,
1565 1526 1613 1576 μὴ
1633 1527 1754 1580 παρὼν
1771 1532 1842 1570 τοῖς
1860 1530 1941 1564 ἐκεῖ·
1963 1530 2037 1570 πῶς
2062 1527 2131 1564 οἰδε
2154 1531 2284 1574 ταῦτα,
2299 1526 2385 1565 Ἐὰν

1357 1578 1507 1622 τὸτέλος
1528 1579 1575 1629 μὴ
1595 1580 1778 1631 ἀπαντήσῃ
1798 1580 1884 1630 πρὸς
1902 1579 1964 1626 τὴν
1984 1579 2126 1626 ἔννοιαν,
2150 1581 2196 1622 ὡς
2211 1580 2385 1631 συκοφάν-

1356 1645 1418 1675 την
1434 1647 1477 1681 με
1493 1638 1619 1683 κρῖνον.
1637 1633 1848 1682 Ποιήσωμεν
1869 1632 2047 1684 ἄνθρωπον
2063 1631 2140 1669 κατ’
2158 1631 2274 1669 εἰκόνα
2296 1635 2385 1682 ἡμε-

1356 1682 1458 1735 τέραν
1480 1683 1539 1721 καὶ
1561 1687 1637 1722 καθ’
1659 1685 1837 1735 ὁμοίωσιν.
1864 1683 1926 1726 Ὡς
1947 1684 2155 1738 δημιουργὸς
2181 1684 2310 1734 ἔλεγεν,
2338 1686 2385 1727 ὡς

1356 1735 1582 1787 προγνώστης
1616 1737 1847 1788 ἀπεκρίνατο·
1887 1736 1945 1774 ἐὰν
1983 1739 2040 1774 οὖν
2069 1735 2208 1789 ἁμάρτῃ
2238 1739 2256 1774 ὃ
2275 1735 2386 1787 Ἀδὰμ

1357 1788 1573 1841 (ἁμαρτάνει
1588 1789 1698 1840 γάρ),
1724 1788 1951 1827 διαὸάλλεται
1975 1790 2075 1838 ἡμῶν
2104 1791 2126 1834 ἡ
2148 1788 2383 1840 δημιουργία,

1356 1841 1543 1887 Ἐννόησον
1563 1846 1673 1879 ταῦτα
1691 1842 1838 1894 λέγοντα
1852 1840 1873 1887 ἢ
1887 1840 2031 1895 Πατέρα
2050 1841 2126 1892 Υἱῷ
2138 1870 2147 1888 ,
2167 1840 2190 1887 ἢ
2213 1841 2295 1879 Υἱὸν
2307 1843 2384 1879 Πα-

1356 1892 1422 1943 τρί.
1446 1892 1668 1938 Ἀδιάστατος
1681 1894 1748 1946 γὰρ
1767 1898 1788 1940 ἡ
1813 1893 1918 1945 Ιθουλὴ
1931 1923 1940 1940 ,
1956 1898 2004 1937 οἷς
2021 1893 2213 1946 ἀδιαίρετος
2231 1897 2252 1940 ἡ
2268 1895 2382 1932 οὐσία.

1360 1946 1449 1983 Ἀλλ’
1485 1947 1679 1998 ἁμαρτάνει
1707 1951 1725 1985 ὃ
1745 1946 1876 1997 Ἀδὰμ,
1895 1946 2125 1999 παραὸαίνει,
2147 1946 2381 1992 ἀποθνήσκει,
2401 1986 2415 1991 ⁷—

1357 1998 1415 2035 καὶ
1438 1999 1480 2036 δι’
1515 2000 1618 2037 αὐτὸν
1640 1999 1768 2043 πάντες
1800 2002 1830 2037 οἵ
1863 1998 2039 2051 ἄνθρωποι
2070 1999 2300 2045 ἀπόλλυνται,
2321 1999 2381 2037 καὶ

1357 2059 1623 2103 συκοφαντεῖται
1637 2055 1736 2103 ἡμῶν
1752 2052 1791 2090 τὸ
1805 2051 1954 2102 πλάσμα
1965 2081 1974 2097 ,
1991 2054 2038 2095 ὡς
2054 2054 2171 2095 κακῶς
2181 2051 2377 2102 γενόμενον.

1357 2103 1471 2142 Πάλιν
1504 2109 1523 2152 ἡ
1563 2105 1687 2156 βουλή·
1710 2104 1799 2143 ἀλλὰ
1832 2105 1882 2141 δεῖ
1911 2104 1979 2156 πρὸ
2007 2104 2146 2142 πάντων
2166 2103 2284 2156 ὁρίσαι
2316 2103 2378 2149 τὴν

1357 2156 1555 2206 θεραπείαν.
1583 2160 1645 2195 Δεῖ
1682 2157 1749 2210 γάρ
1780 2173 1836 2201 σε,
1858 2150 1886 2194 ὦ
1924 2155 2117 2207 Μονογενές
2145 2172 2229 2206 μου,
2258 2158 2286 2193 ὠ
2314 2156 2378 2194 Υἱὲ

1356 2209 1463 2260 Λόγε,
1493 2203 1521 2247 ὦ
1559 2210 1778 2261 ἀπαύγασμα
1814 2211 1901 2259 ἐμῆς
1933 2208 2051 2256 δόξης,
2071 2209 2122 2246 δεῖ
2146 2225 2202 2254 σε,
2229 2210 2258 2246 εἰ
2285 2208 2376 2251 ὅλως

1354 2268 1509 2312 προνοεῖς
1531 2267 1590 2300 τοῦ
1623 2263 1849 2313 πλάσματος,
1882 2261 1966 2310 ὅπερ
1999 2264 2241 2313 συνεργοῦντες
2270 2261 2377 2307 ἀλλή-

1353 2315 1424 2356 λοις
1461 2315 1722 2366 εἰργασάμεθα,
1746 2316 1796 2352 δεῖ
1826 2330 1864 2352 σε
1899 2314 1956 2351 τὸν
1986 2313 2208 2366 φθειρόμενον
2233 2312 2376 2350 ἐνδύσα-

1354 2370 1432 2404 σθαι
1453 2367 1645 2419 ἄνθρωπον,
1662 2369 1711 2405 δεῖ
1737 2383 1775 2405 σε
1794 2366 2006 2409 ἀποστόλους
2033 2365 2151 2403 λαὲεῖν
2166 2381 2173 2388 ·
2194 2365 2236 2402 ἵν’
2257 2364 2376 2418 ὥσπερ

1352 2421 1401 2468 τῷ
1421 2419 1496 2470 ὄφει
1513 2424 1530 2458 ὁ
1550 2420 1709 2462 διάὸολος
1727 2421 1889 2471 ὑπουργῷ
1912 2418 2086 2470 ἐχρήσατο
2106 2417 2164 2455 καὶ
2180 2417 2277 2469 ὅπλῳ
2290 2416 2376 2469 πρὸς

1352 2471 1414 2517 τὴν
1445 2472 1595 2521 ἀπάτην,
1629 2472 1719 2511 οὕτω
1747 2472 1806 2509 καὶ
1837 2471 1876 2509 σὺ
1903 2473 2066 2523 ὑπουργῷ
2101 2469 2218 2522 χρήσῃ
2243 2472 2293 2522 τῷ
2324 2472 2374 2521 σῷ

1351 2524 1535 2575 πλάσματι
1553 2526 1638 2579 πρὸς
1668 2523 1877 2576 εὐεργεσίαν,
1897 2523 1955 2561 καὶ
1978 2523 2203 2573 ἀνακαινίσῃς
2227 2522 2284 2560 τὸν
2313 2537 2375 2560 πε-

1351 2575 1466 2615 σόντα.
1488 2577 1593 2616 Ἀλλὰ
1620 2578 1742 2615 πολλοὶ
1774 2577 1911 2615 ἔσονται
1939 2579 2008 2614 τῶν
2042 2575 2238 2627 δογμάτων,
2256 2574 2373 2626 φησὶν,

1351 2630 1486 2668 ἀσεὸῶν
1502 2630 1651 2684 εὑρεταί.
1669 2629 1873 2668 Ἀνακύπτει
1889 2627 1956 2681 γὰρ
1972 2631 1993 2674 ἡ
2012 2628 2108 2670 ἄθεος
2123 2630 2191 2665 τῶν
2208 2625 2373 2664 Ἐπικού-

1351 2697 1417 2735 ρων
1438 2683 1572 2729 πλάνη,
1593 2682 1783 2721 ἀνακόπτει
1806 2681 1935 2733 αἵρεσις
1954 2684 1975 2726 ἡ
1997 2680 2149 2732 λέγουσα
2173 2679 2373 2732 ἀπρονόητα

1348 2729 1435 2773 εἶναι
1450 2735 1493 2773 τὰ
1516 2740 1574 2774 τοῦ
1595 2735 1687 2787 βίου,
1709 2733 1898 2773 ἀνακόπτει
1914 2733 2004 2778 άλλη
2026 2731 2157 2784 αἵρεσις
2178 2735 2199 2777 ἡ
2222 2731 2372 2782 λέγουσα

1347 2788 1386 2825 τὸ
1401 2790 1504 2838 σῶμα
1520 2788 1593 2826 Οεόν
1606 2804 1613 2812 ·
1636 2787 1759 2826 πολλοὶ
1775 2786 1927 2838 γίνονται
1950 2789 2012 2832 τῆς
2038 2785 2172 2830 πλάνης
2196 2783 2365 2838 διδάσυκαω

1346 2841 1420 2877 λοι·
1441 2840 1492 2883 τίς
1515 2835 1572 2878 οῦν
1597 2840 1697 2879 λύσει
1713 2843 1825 2877 ταῦτα
1850 2838 1894 2876 τὰ
1923 2837 2101 2901 μοχθηρά,
2119 2839 2243 2875 Ταῦτα
2274 2840 2385 2887 εἶπον,

1347 2893 1403 2930 ἐπὶ
1437 2893 1616 2945 σχήματι,
1645 2893 1703 2931 ἵνα
1737 2892 1795 2929 ἐπὶ
1826 2890 1918 2945 τέλει
1943 2894 1991 2943 fij
2024 2890 2238 2939 αποστολικῇ
2271 2891 2366 2939 φωνῇ

1346 2938 1528 2997 σφραγίσω
1543 2945 1606 2992 τὴν
1626 2945 1768 2983 ἔννοιαν.
1785 2943 1832 2982 Τί
1851 2947 1926 2989 οὖν,
1950 2945 2031 2993 Ἀρα
2046 2945 2146 2980 τοῦτο
2163 2941 2202 2978 τὸ
2217 2940 2367 2990 ἔνδυμα,

1346 2997 1362 3034 ὃ
1381 2998 1554 3048 λαμῧάνει
1572 3001 1589 3035 ὃ
1608 2998 1697 3041 Θεὸς
1720 2996 1848 3048 Λόγος;
1871 2998 1972 3032 τοῦτο
2006 2993 2135 3045 ὀφείλει
2163 2993 2366 3043 διαδραμεῖν

1344 3049 1388 3087 τὰ
1424 3050 1560 3102 πέρατα
1587 3051 1630 3088 τὰ
1657 3053 1716 3088 ὑπ’
1753 3048 1908 3100 οὐρανὸν,
1938 3047 1996 3085 καὶ
2024 3046 2174 3098 φωτίσαι
2210 3044 2364 3092 πάντας,

1358 3104 1363 3105 ’
1380 3103 1436 3154 Cast
1450 3134 1458 3150 ,
1478 3103 1598 3155 φησίν·
1621 3104 1710 3141 ἀλλὰ
1730 3100 1771 3139 σύ
1793 3117 1851 3151 μοι
1876 3100 2021 3152 πληροῖς
2039 3098 2101 3145 τὴν
2120 3097 2213 3135 Οείαν
2235 3099 2364 3161 οἰκονο-

1345 3147 1439 3204 μίαν,
1462 3155 1546 3199 ἕξεις
1566 3155 1601 3193 δὲ
1615 3154 1693 3199 τοὺς
1713 3152 1924 3196 ἀποστόλους
1940 3151 2094 3205 κήρυκας
2107 3154 2166 3187 τοῦ
2187 3149 2278 3186 Οείου
2303 3150 2364 3186 λο-

1342 3222 1424 3257 γου,
1461 3207 1543 3252 ἕξεις
1578 3209 1718 3245 Παῦλον
1747 3205 1984 3257 κηρύττοντα,
2014 3203 2098 3247 ἕξεις
2131 3199 2362 3263 Πέτρονιτῆν

1341 3258 1486 3310 Ῥώμην
1521 3258 1843 3310 καταλαμὸάνοντα
1857 3287 1866 3305 ,
1908 3256 1995 3300 ἕξεις
2030 3255 2108 3299 τοὺς
2150 3253 2363 3317 ἀποστολορς

1341 3316 1586 3356 κοινωνοῦντας
1599 3315 1699 3361 ἡμῶν
1718 3314 1761 3362 τῇ
1776 3309 1965 3360 οἰκονομίᾳ.
1989 3310 2112 3346 Ταῦτα
2129 3307 2266 3356 ἐλέγετο
2276 3319 2357 3369 πριν

1338 3362 1358 3406 ἢ
1378 3363 1484 3412 ’Ἀδὰμ
1499 3367 1649 3410 πλασθῆ.
1665 3365 1810 3415 Πρῶτον
1824 3361 1981 3406 ἐτυπώθη
2002 3360 2045 3397 τὰ
2059 3358 2148 3397 κατὰ
2164 3357 2226 3403 τὴν
2243 3372 2357 3419 σάρκα

1338 3419 1395 3451 τοῦ
1417 3418 1582 3466 Χριστοῦ,
1600 3408 1656 3454 καὶ
1677 3415 1720 3453 τὰ
1738 3414 1827 3453 κατὰ
1848 3414 1924 3456 τοὺς
1954 3411 2181 3458 ἀποστόλους,
2202 3425 2260 3447 και
2277 3424 2355 3447 τοτε

2511 3463 2519 3683 ψ4-ψ
