2481 3678
294 256 385 314 5114

289 353 409 406 supini
431 352 634 403 evaderent,
651 367 721 391 11011
738 354 926 391 11111110111111
943 354 1016 391 fore
1025 353 1161 391 bonum
1171 352 1270 400 dicit,

288 416 317 453 si
341 415 480 453 desides
498 415 638 453 fuerint.
662 415 753 453 Hinc
770 430 812 452 ne
837 415 905 452 sibi
924 424 1038 453 totum
1063 415 1220 463 referret,
1238 423 1271 451 et

288 476 335 515 ad
354 476 493 527 lapsum
514 477 681 528 majorem
703 475 906 525 deduceret,
927 475 992 512 ait:
1008 478 1056 512 In
1071 477 1141 513 hoc
1156 476 1270 513 clari-

277 538 428 590 ficatus
464 547 518 575 est
547 539 680 576 Pater.
719 535 864 586 Ubique
903 536 996 573 enim
1037 545 1069 574 et
1102 550 1206 574 suum
1238 544 1271 573 et

288 599 404 637 Patris
433 612 514 649 erga
540 598 620 635 illos
641 612 797 635 amorem
823 596 1052 635 demonstrat.
1077 598 1156 635 Non
1188 610 1270 648 ergo

287 674 341 696 res
358 659 566 698 Judaeorum
598 657 710 709 gloria
743 658 860 695 Patris
887 666 1000 707 erant,
1027 657 1088 695 sed
1124 672 1162 696 ea
1192 672 1270 708 quae

285 721 353 772 ipsi
373 729 471 758 erant
487 720 679 772 accepturi.
703 720 801 757 Tum
821 733 864 757 ne
885 719 1055 769 dicerent,
1077 719 1136 757 Ex
1155 728 1270 772 pater-

286 781 340 819 nis
355 781 746 830 excidimus,omnibus
764 779 888 818 nudati
907 779 1107 831 desertique
1124 794 1267 818 sumus:

284 843 324 880 111
341 856 408 892 1110,
429 842 554 893 inquit,
571 841 747 894 respicite:
765 841 899 893 diligor
916 855 935 877 a
955 841 1071 890 Patre,
1097 849 1129 878 et
1153 849 1268 878 tamen

282 904 359 942 haec
376 919 454 955 quae
481 919 574 942 nunc
592 903 733 953 adsunt,
766 903 896 956 patior.
919 903 999 940 Non
1031 915 1113 953 ergo
1132 916 1197 941 vos
1216 917 1269 940 re-

283 966 404 1016 linquo
430 980 535 1015 nunc,
561 965 657 1016 quod
682 979 746 1003 vos
765 979 833 1002 non
854 963 1016 1014 diligam.
1035 964 1127 1000 Nam
1155 963 1185 1001 si
1203 976 1268 1014 ego

283 1026 489 1077 interficior,
510 1041 571 1064 nee
598 1036 713 1064 tamen
733 1026 801 1063 hoc
821 1040 885 1077 pro
918 1023 1048 1061 indicio
1065 1023 1178 1061 habeo
1212 1037 1268 1061 me

283 1102 351 1125 non
384 1088 495 1125 amari
525 1102 543 1124 a
581 1089 696 1137 Patre,
729 1099 840 1136 neque
876 1098 940 1123 vos
958 1084 1094 1121 turbari
1122 1098 1186 1135 par
1204 1093 1266 1121 051.

280 1149 373 1185 Nam
403 1148 432 1185 si
458 1148 494 1185 in
524 1147 708 1185 dilectione
740 1160 817 1183 mea
849 1145 1031 1191 mancatis,
1063 1144 1153 1182 nihil
1192 1144 1267 1181 haee

281 1209 383 1246 vobis
412 1223 537 1246 nocere
570 1208 663 1246 mala
692 1215 867 1260 poterunt,
892 1214 1063 1257 quantum
1090 1204 1135 1242 ad
1169 1204 1265 1242 dile-

281 1270 445 1308 ctionem.

331 1332 367 1368 5.
389 1331 484 1379 Quia
521 1331 632 1383 igitur
658 1345 785 1383 magna
819 1329 1178 1382 inexpugnabilisque
1210 1343 1265 1367 res

277 1401 327 1430 est
346 1392 501 1442 dilectio,
517 1407 579 1430 nec
592 1407 631 1430 ea
647 1393 683 1430 in
699 1392 818 1431 verbis
837 1392 953 1430 solum
973 1390 1144 1441 consistit,
1163 1391 1264 1428 illam

277 1470 339 1508 per
371 1470 475 1508 opera
491 1456 737 1494 exhibeamus.
760 1457 839 1508 Ipse
858 1470 920 1493 nos
940 1454 1102 1492 inimicos
1123 1448 1190 1491 sibi
1210 1469 1263 1491 re-

277 1517 503 1566 conciliavit,
534 1532 597 1555 nos
630 1517 736 1554 amici
767 1516 848 1554 facti
869 1547 878 1563 ‚
910 1515 997 1553 tales
1027 1529 1262 1552 maneamus:

277 1579 352 1630 ipse
379 1580 498 1631 eoepit,
538 1593 600 1616 nos
631 1579 755 1616 saltem
784 1591 998 1628 sequamur:
1019 1575 1093 1627 ipse
1130 1590 1198 1613 non
1218 1575 1264 1613 ad.

277 1641 465 1692 proprium
481 1641 548 1677 51111
563 1640 704 1677 lucrum
717 1639 836 1690 diligit
851 1638 964 1686 (nullo
991 1637 1084 1674 0111111
1099 1637 1261 1689 indiget),

277 1715 338 1738 1105
360 1702 483 1738 saltem
515 1701 560 1739 ad
594 1701 786 1738 utilitatem
807 1708 984 1737 nostram:
1006 1698 1081 1750 ipse
1111 1713 1174 1736 nos
1193 1699 1263 1736 ini-

277 1762 387 1800 micos
408 1763 547 1810 dilexit,
575 1777 637 1800 nos
658 1763 781 1800 saltem
800 1761 956 1799 amicum
986 1760 1193 1812 diligamus,
1217 1763 1263 1798 At

277 1838 370 1861 nunc
389 1825 561 1862 contraria
596 1824 756 1861 facimus.
791 1822 961 1869 Quotidie
991 1836 1142 1873 namque
1174 1836 1261 1874 pro-

276 1895 353 1937 pter
372 1899 433 1923 nos
451 1886 720 1938 blasphematur
741 1885 847 1933 Deus,
865 1884 910 1920 ol)
929 1883 1083 1935 rapinaS,
1103 1883 1148 1920 01)
1180 1898 1262 1922 ava-

275 1947 408 1985 ritiam.
430 1949 590 1985 Fortasse
617 1961 700 1986 vero
730 1945 909 1997 quispiam
929 1954 1087 1983 vestrum
1113 1944 1261 1995 dixerit,

154 2020 262 2047 Contra
277 2009 444 2055 Quotidie
479 2008 524 2046 de
553 2008 703 2047 avaritia
735 2007 890 2044 disseris.
927 2005 1075 2043 Utinam
1112 2005 1262 2056 singulis

76 2064 206 2099 rapinam
235 2067 262 2088 et

73 2105 234 2130 avaritiam.

71 2889 159 2915 Psal.
177 2888 205 2918 6.
225 2889 254 2918 6.

277 2085 414 2121 quoque
435 2069 596 2107 noctibus
628 2068 665 2106 id
684 2068 805 2105 liceret
822 2083 828 2104 ε
853 2066 990 2104 utinam
1008 2075 1041 2103 et
1061 2065 1095 2103 in
1113 2066 1188 2103 foro
1209 2081 1261 2104 se-

275 2133 349 2183 qui,
370 2141 402 2169 et
436 2131 481 2169 ad
513 2145 669 2169 inensam
702 2143 839 2182 possem
875 2145 882 2165 :
914 2128 1051 2165 utinam
1084 2127 1260 2178 mulieres,

274 2192 391 2241 amici,
408 2193 489 2240 filii,
510 2192 619 2237 servi,
638 2191 814 2242 agricolae,
836 2189 962 2239 vicini,
987 2189 1175 2240 ipsumque
1192 2203 1260 2240 pa-

273 2254 471 2292 vimcntum
498 2263 530 2291 et
561 2252 724 2305 parietes,
752 2251 788 2288 in
806 2251 898 2288 hanc
913 2258 1053 2302 possent
1078 2263 1262 2301 erumpere

274 2330 409 2364 vocem,
426 2323 464 2351 111
484 2315 633 2366 paulum
659 2312 928 2350 remitteremus.
956 2310 1089 2348 Orbem
1109 2324 1260 2361 namque

274 2386 387 2414 totum
412 2376 542 2415 invasit
572 2375 632 2414 hic
670 2374 830 2424 morbus,
865 2372 1095 2423 omniumque
1126 2372 1260 2410 detinet

272 2438 423 2487 animos,
441 2452 569 2489 magna
587 2445 679 2474 certe
695 2449 866 2474 mamonae
880 2433 1052 2487 tyrannis.
1068 2435 1098 2470 A
1115 2434 1258 2472 Christo

273 2501 421 2540 redemti
442 2516 579 2552 sumus,
601 2510 635 2538 et
665 2515 750 2538 auro
787 2498 972 2537 servimus.
995 2496 1115 2534 Alium
1138 2496 1258 2535 domi-

274 2578 358 2600 num
372 2563 622 2615 praedicamus,
639 2561 745 2600 etalii
762 2559 1011 2611 obsequimur3
1030 2568 1064 2596 ct
1080 2558 1259 2610 quidquid

269 2625 798 2677 jusseritdiligenteraudinms:
815 2622 1144 2675 geiuls,amicitiam,
1156 2632 1259 2660 natu—

274 2701 361 2733 ram,
377 2687 484 2737 leges,
507 2697 540 2724 01
559 2687 675 2725 omnia
695 2701 760 2738 pro
775 2685 837 2723 1110
868 2683 1129 2723 obliviscimur.
1146 2685 1257 2722 Nemo

274 2748 417 2800 respicit
443 2749 477 2785 in
501 2749 638 2797 carlum,
660 2762 760 2785 nemo
777 2748 895 2785 futura
912 2745 1055 2797 cogitat.
1080 2745 1152 2783 Sed
1169 2755 1256 2783 tem-

271 2825 338 2862 pus
366 2811 445 2857 erit,
469 2825 549 2848 cum
573 2812 711 2848 nullum
730 2811 795 2848 crit
815 2810 945 2847 horum
983 2808 1173 2848 verborum
1201 2809 1256 2846 lu-

271 2886 383 2908 crum.
399 2872 489 2908 'Nam
508 2874 556 2907 111
580 2872 746 2924 inferno,
765 2870 893 2920 inquit,
910 2872 995 2922 quis
1009 2870 1258 2923 confitebitur
1293 2883 1297 2891 ⁴

272 2935 364 2970 tibi?
386 2931 627 2969 Desiderabile
660 2941 712 2968 est
739 2945 869 2968 aurum
887 2960 898 2980 ,
930 2930 1129 2980 multasque
1154 2930 1255 2968 nobis

270 2994 403 3046 profert
431 2993 589 3040 delicias,
618 3002 650 3029 et
670 2994 772 3031 1101115
796 2993 968 3030 honorem
989 2992 1174 3041 eonciliat3
1193 2992 1255 3031 sed

269 3070 338 3094 non
370 3063 509 3092 tantum
543 3062 714 3104 quantum
745 3054 880 3090 caelum.
911 3053 1072 3091 Divitem
1102 3068 1254 3105 namque

269 3116 372 3155 multi
402 3115 553 3154 oderunt
586 3123 619 3152 ct
646 3123 882 3162 ἂνω-5111111105
906 3113 1037 3151 virtute
1063 3114 1255 3166 praeditum

269 3189 385 3217 autem
418 3185 626 3216 reverentur
655 3184 688 3213 et
706 3175 890 3212 honorant.
914 3176 973 3222 At,
996 3175 1146 3225 inquies,
1168 3190 1256 3228 pau-

269 3256 331 3293 per
349 3239 544 3286 deridetur,
558 3236 694 3275 etiamsi
708 3236 841 3274 virtute
856 3234 1025 3286 praeditus
1039 3236 1096 3272 sit.
1117 3238 1254 3275 Verum

270 3317 337 3340 non
361 3300 456 3353 apud
475 3299 647 3345 homines,
668 3298 730 3335 sed
743 3296 839 3348 apud
858 3310 916 3333 eos
935 3296 994 3346 qui
1012 3297 1144 3334 ratione
1165 3312 1252 3348 prae—

264 3364 329 3401 diti
364 3377 431 3401 non
461 3370 572 3400 sunt:
603 3373 712 3409 quare
746 3357 837 3396 nihil
877 3356 1088 3395 curandum.
1126 3358 1247 3407 Neque

303 3484 314 3497 2-
333 3470 476 3514 Quidam
493 3472 733 3512 ἐγιατελὶπομεν.

732 271 771 300 5.
807 270 993 300 JOANMS
1029 269 1272 300 CHRYSOST.
1312 270 1517 300 ARCHIEP.
1559 271 1915 302 CONSTANTINOP.

1342 369 1486 401 νωνται,
1506 355 1544 414 οῦ
1564 354 1667 406 φησὶν
1697 355 1857 401 ἀκίνητον
1877 350 1964 393 εἶναι
1984 357 2023 394 τὸ
2036 357 2153 402 καλὸν,
2174 357 2232 394 ἐὰν
2253 359 2362 410 ῥᾳθυ-

1345 418 1468 466 μῶσιν.
1490 409 1577 452 Εἶτα
1594 414 1649 452 ἵνα
1665 415 1714 465 μὴ
1729 418 1775 458 εἷς
1790 417 1908 456 ἑαυτὸν
1925 417 2121 470 περιστήσῃ
2141 417 2180 456 τὸ
2199 425 2359 470 πρᾶγμα,

1345 475 1402 513 καὶ
1421 481 1537 513 πεσεῖν
1557 476 1809 528 παρασκευάσῃ
1842 478 1985 527 μᾶλλον,
2014 477 2136 530 φησίν·
2166 478 2227 516 Ἐν
2251 477 2362 529 τούτῳ

1344 536 1509 582 ἐδοξάσθη
1527 540 1543 574 ὁ
1559 536 1698 588 Πατήρ.
1713 538 1902 589 Πανταχοῦ
1916 537 1983 590 γὰρ
2002 539 2064 585 τὴν
2082 541 2203 576 ἑαυτοῦ
2220 538 2278 576 καὶ
2300 537 2362 585 τὴν

1344 601 1402 635 τοῦ
1426 597 1564 649 Πατρὸς
1583 596 1752 635 δείκνυσιν
1772 597 1911 648 ἀγάπην
1930 599 2016 651 πρὸς
2037 599 2171 643 αὐτούς.
2194 601 2270 637 Οὐκ
2295 599 2362 650 ἄρα

1343 658 1387 695 τὰ
1399 658 1575 696 Ἰουδαίων
1594 657 1672 702 δόξα
1685 688 1693 704 ,
1711 657 1800 696 ἀλλὰ
1816 662 1944 707 ταῦτα,
1960 659 1981 696 ἃ
2001 659 2144 710 ἔμελλον
2156 659 2362 710 λαμὸάνειν.

1309 723 1317 737 ·'
1344 712 1432 757 Εἶτα
1444 718 1499 756 ἵνα
1516 718 1563 770 μὴ
1585 719 1745 771 λέγωσιν,
1759 718 1962 770 ἐξεπέσομεν
1982 725 2050 759 τῶν
2066 720 2250 773 πατρῴων,
2277 725 2290 741 ²¹
2302 721 2363 771 ἐγ-

1342 780 1629 832 κατελείφθημεν,
1645 780 1767 831 γυμνοὶ
1788 781 1846 818 καὶ
1862 780 1987 833 ἔρημοι
2003 781 2143 820 πάντων
2164 780 2361 832 ἐγενόμεθα·

1342 844 1388 884 εἷς
1404 841 1484 891 ἐμὲ,
1497 841 1602 893 φησὶ,
1621 841 1765 893 βλέπετε
1782 858 1790 865 ·
1819 843 2008 894 ἠγάπημαι
2024 843 2120 895 παρὰ
2134 849 2192 883 τοῦ
2208 842 2362 895 Πατρὸς,

1340 902 1419 940 ἀλλ’
1446 901 1539 953 ὅμως
1570 902 1699 954 πάσχω
1718 909 1828 942 ταῦτα
1852 903 1895 941 τὰ
1921 905 2145 956 προκείμενα.
2171 906 2224 943 Οὔ
2249 903 2362 941 τοίνυν

1339 962 1414 1001 οὐδὲ
1431 965 1520 1013 ὑμᾶς
1539 962 1594 1000 διὰ
1612 964 1650 1001 τὸ
1674 963 1721 1014 μὴ
1744 967 1882 1018 ἀγαπᾷν
1908 966 2204 1018 ἐγκαταλιμπάνω
2223 969 2293 1003 νῦν.
2317 967 2360 1004 Εἰ

1339 1023 1406 1074 γὰρ
1423 1023 1491 1074 ἐγὼ
1512 1026 1742 1076 ἀναιροῦμαι,
1763 1026 1821 1063 καὶ
1848 1029 1885 1064 οὗ
1912 1033 2077 1078 ποιοῦμαι
2101 1031 2203 1065 τοῦτο
2224 1027 2360 1077 τεκμή-

1342 1098 1411 1136 ριον
1430 1087 1489 1122 τοῦ
1509 1083 1557 1134 μὴ
1580 1086 1782 1134 ἀγαπᾶσθαι
1800 1087 1897 1138 παρὰ
1916 1091 1975 1124 τοῦ
1997 1088 2154 1140 Πατρὸς,
2175 1088 2248 1126 οὐδὲ
2271 1092 2362 1138 ὑμᾶς

1339 1144 1557 1196 θορυὸεῖσθαι
1572 1145 1656 1196 χρή.
1680 1143 1741 1182 Ἂν
1763 1146 1830 1197 γὰρ
1850 1147 1907 1184 ἐπὶ
1925 1150 1988 1193 τῆς
2006 1149 2143 1200 ἀγάπης
2162 1149 2288 1199 μένητε
2300 1152 2363 1195 τῆς

1338 1207 1444 1256 ἐμῆς,
1475 1205 1569 1243 οὐδὲν
1590 1208 1679 1256 ὑμᾶς
1696 1210 1807 1245 ταῦτα
1830 1207 1874 1245 τὰ
1894 1208 1989 1246 δεινὰ
2009 1209 2240 1262 παραόλάψαι
2261 1210 2360 1256 δυνή-

1338 1282 1435 1305 σεται
1454 1269 1501 1310 εἷς
1519 1266 1576 1304 τὸν
1592 1270 1653 1314 τῆς
1674 1266 1811 1318 ἀγάπης
1828 1267 1944 1319 λόγον,

1390 1327 1493 1366 Ἐπεὶ
1512 1322 1570 1365 οῦν
1596 1327 1686 1380 μέγα
1709 1328 1768 1366 καὶ
1788 1328 2072 1380 ἀκαταγώνιστον
2092 1332 2113 1376 ἡ
2134 1329 2253 1381 ἀγάπη
2266 1360 2275 1378 ,
2303 1331 2362 1368 καὶ

1336 1391 1397 1427 οὐκ
1427 1389 1501 1427 ἔστι
1529 1393 1624 1442 ῥῆμα
1654 1389 1766 1442 ψιλὸν,
1792 1389 2043 1441 ἐπιδειξώμεθα
2073 1390 2129 1429 διὰ
2158 1393 2225 1428 τῶν
2253 1390 2361 1443 ἔργων

1289 1465 1314 1495 C
1336 1451 1455 1498 αὐτήν.
1483 1451 1594 1495 Αὐτὸς
1614 1451 1756 1504 ἐχθροὺς
1777 1452 1876 1495 ὄντας
1901 1452 2128 1499 κατήλλαξεν,
2148 1455 2249 1503 ἡμεῖς
2269 1453 2362 1505 φίλοι

1334 1511 1510 1563 γενόμενοι
1534 1512 1726 1563 μείνωμεν·
1748 1513 1848 1555 αὐτὸς
1866 1512 2013 1564 ἤρξατο,
2046 1517 2148 1563 ἡμεῖς
2181 1513 2243 1550 κᾶν
2274 1516 2359 1551 ἀκο-

1332 1574 1574 1624 λουθήσωμεν·
1607 1574 1706 1617 αὐτὸς
1736 1575 1797 1611 οὐκ
1828 1576 1875 1616 εἷς
1919 1576 2042 1611 οἰκεῖον
2083 1573 2201 1625 κέρδος
2241 1575 2362 1627 ἀγαπᾷ

1332 1634 1515 1686 (ἀνενδεὴς
1544 1635 1611 1686 γάρ
1643 1634 1772 1683 ἐστιν),
1807 1637 1908 1685 ἡμεῖς
1938 1635 2002 1672 κᾶν
2031 1637 2077 1678 εἷς
2108 1635 2148 1672 τὸ
2181 1634 2358 1686 συμφέρον

1332 1698 1434 1746 ἡμῖν·
1456 1696 1558 1738 αὐτὸς
1577 1695 1720 1747 ἐχθροὺς
1741 1695 1841 1738 ὅντα-ς
1860 1694 2035 1746 ἐφίλησεν,
2056 1698 2157 1745 ἡμεῖς
2176 1695 2239 1732 κᾶν
2256 1696 2354 1747 φίλον

1335 1757 1418 1794 ὄντα
1448 1756 1709 1808 ἀγαπήσωμεν·
1739 1758 1785 1799 ὡς
1811 1760 1867 1794 νῦν
1895 1772 1934 1807 γε
1953 1756 1996 1793 τὰ
2017 1755 2153 1793 ἐναντία
2180 1760 2358 1807 ποιοῦμεν.

1334 1819 1427 1856 Καθ’
1449 1817 1600 1864 ἑκάστην
1628 1817 1695 1869 γὰρ
1726 1816 1862 1869 ἡμέραν
1884 1819 2143 1869 βλασφημεῖται
2163 1818 2205 1854 δι’
2227 1820 2319 1867 ἡμᾶς
2341 1820 2358 1855 ὃ

1333 1879 1444 1926 Θεὸς,
1476 1878 1533 1917 διὰ
1562 1879 1623 1922 τὰς
1654 1878 1833 1931 ἁρπαγὰς,
1867 1878 1922 1916 διὰ
1954 1877 2015 1922 τὰς
2043 1878 2252 1923 πλεονεξίας.
2286 1879 2358 1917 Καὶ

1330 1940 1424 1994 τάχα
1443 1958 1493 1985 τις
1509 1944 1607 1991 ὑμῶν
1627 1939 1709 1984 ἴσως
1730 1942 1816 1992 ἐρεῖ·
1840 1942 1917 1978 καθ’
1946 1939 2097 1986 ἑκάστην
2117 1939 2251 1991 ἡμέραν
2277 1941 2359 1993 περὶ

1332 2002 1529 2047 πλεονεξίας
1566 2001 1721 2053 διαλέγῃ.
1758 2001 1841 2038 Εἴθε
1872 2000 1930 2039 καὶ
1961 2003 2037 2039 καθ’
2068 1999 2218 2048 ἑκάστην
2251 2000 2358 2039 νύκτα

1331 2065 1410 2110 ε’νῆν
1427 2069 1526 2102 τοῦτο
1538 2066 1644 2101 εἰπεῖν
1659 2078 1666 2083 ·
1683 2062 1752 2100 εἴθε
1765 2061 1825 2100 καὶ
1842 2063 1876 2099 ἐν
1895 2064 2005 2113 ἀγορᾷ
2018 2063 2357 2113 παρακολουθοῦντα,

1332 2124 1390 2162 καὶ
1407 2124 1464 2161 ἐπὶ
1484 2127 1546 2170 τῆς
1567 2123 1739 2176 τραπέζης
1756 2139 1762 2147 ·
1778 2123 1846 2161 εἴθε
1862 2122 1919 2160 καὶ
1935 2129 2119 2174 γυναῖκας,
2140 2122 2199 2160 καὶ
2216 2122 2331 2174 φίλους
2346 2154 2355 2171 ,

1331 2185 1390 2223 καὶ
1409 2187 1556 2233 παῖδας,
1572 2185 1632 2222 καὶ
1651 2184 1810 2232 οἰκέτας,
1829 2184 1887 2222 καὶ
1901 2182 2094 2236 γεωργοὺς,
2110 2183 2169 2221 καὶ
2189 2183 2356 2234 γείτονας,

1331 2246 1390 2285 καὶ
1418 2247 1501 2285 αὐτὸ
1531 2246 1570 2284 τὸ
1601 2245 1747 2297 ἔδαφος,
1782 2245 1841 2283 καὶ
1870 2244 1948 2287 τοὺς
1974 2245 2110 2295 τοίχους
2139 2239 2181 2291 ἦν
2214 2245 2359 2283 δυνατὸν

1329 2308 1459 2354 ταύτην
1480 2307 1532 2344 ἀεὶ
1550 2307 1714 2360 ῥηγνύναι
1730 2304 1792 2352 τὴν
1807 2304 1937 2357 φωνὴν,
1959 2304 2015 2341 ἵνα
2030 2304 2093 2342 κᾶν
2111 2305 2234 2356 μικρὸν
2249 2305 2357 2349 οὕτως

1329 2368 1558 2419 ἐνεδώκαμεν.
1589 2367 1664 2414 Τὴν
1684 2366 1750 2419 γὰρ
1771 2366 1974 2416 οἰκουμένην
1998 2365 2187 2404 κατέλαὲεν
2216 2366 2356 2403 ἅπασαν

1329 2429 1425 2468 τουτὶ
1443 2430 1482 2467 τὸ
1500 2428 1657 2480 νόσημα,
1671 2429 1728 2465 καὶ
1749 2427 1809 2470 τὰς
1824 2427 1964 2465 πάντων
1981 2426 2123 2478 κατέχει
2142 2425 2275 2478 ψυχὰς,
2297 2426 2356 2464 καὶ

1330 2491 1443 2538 πολλὴ
1464 2495 1523 2529 τοῦ
1562 2496 1712 2541 μαμωνᾶ
1738 2492 1758 2535 ἡ
1784 2487 1957 2540 τυραννίς.
1979 2486 2071 2525 Ὑπὸ
2093 2488 2246 2539 Χριστοῦ
2280 2489 2356 2525 ἐλυ-

1330 2552 1524 2605 τρώθημεν,
1552 2551 1611 2589 καὶ
1636 2554 1685 2603 τῷ
1710 2550 1844 2603 χρυσίῳ
1869 2549 2088 2600 δουλεύομεν.
2116 2548 2260 2600 Ἑτέρου
2289 2549 2353 2596 τὴν

1330 2613 1532 2652 δεσποτείαν
1567 2611 1868 2663 ἀνακηρύττομεν,
1903 2611 1961 2648 καὶ
1998 2610 2106 2663 ἑτέρῳ
2141 2610 2353 2660 πειθόμεθα·

1328 2675 1387 2713 καὶ
1413 2673 1498 2726 ὅπερ
1527 2673 1565 2711 ἂν
1592 2672 1761 2723 ἐπιτάξῃ,
1784 2671 1873 2721 μετὰ
1903 2671 2098 2723 προθυμίας
2117 2670 2352 2721 ὑπακούομεν,

1328 2737 1386 2774 καὶ
1413 2736 1526 2787 γένος,
1555 2734 1614 2772 καὶ
1644 2732 1773 2786 φιλίαν,
1803 2731 1862 2770 καὶ
1892 2731 2007 2783 φύσιν,
2034 2731 2093 2769 καὶ
2121 2731 2264 2781 νόμους,
2294 2732 2351 2769 καὶ

1328 2798 1442 2835 πάντα
1469 2795 1690 2848 ἠγνοήσαμεν
1711 2794 1754 2830 δι’
1779 2794 1921 2830 ἐκεῖνον.
1942 2792 2067 2835 Οὐδεὶς
2087 2791 2275 2829 ἀναὸλέπει
2305 2794 2352 2834 εἷς

1328 2858 1385 2896 τὸν
1406 2858 1561 2910 οὐρανὸν,
1588 2855 1696 2897 οὐδεὶς
1725 2856 1829 2892 ἐννοεῖ
1860 2850 1903 2889 τὰ
1934 2852 2117 2902 μέλλοντα.
2139 2851 2230 2888 Ἀλλ’
2253 2851 2351 2890 ἔσται

1329 2919 1466 2972 καιρὸς,
1488 2918 1545 2956 ὅτε
1569 2916 1646 2955 οὐδὲ
1669 2918 1738 2953 τῶν
1766 2913 1878 2964 λόγων
1907 2912 2037 2950 τούτων
2064 2912 2186 2950 ι’ἔσται
2217 2912 2349 2964 κέρδος.

1329 2981 1389 3019 Ἔν
1407 2979 1473 3032 γὰρ
1502 2979 1541 3016 τὸ
1561 2978 1646 3030 ᾅδῃ,
1665 2975 1748 3029 φησί
1761 3004 1770 3021 ,
1790 2975 1840 3017 τίς
1864 2973 2155 3025 ἐξομολογήσεταί
2176 2989 2254 3021 σοι,
2274 2975 2351 3012 Πο-

1328 3040 1435 3080 θεινὸν
1456 3040 1494 3078 τὸ
1518 3037 1682 3091 χρυσίον,
1711 3035 1769 3074 καὶ
1797 3034 1929 3082 πολλὴν
1951 3034 2098 3087 παρέχει
2124 3034 2186 3081 τὴν
2214 3033 2347 3086 τρυφὴν

1326 3107 1424 3154 ἡμῖν,
1447 3101 1506 3140 καὶ
1525 3099 1660 3150 τιμίους
1685 3091 1772 3135 εἶναι
1794 3102 1906 3134 ποιεῖ·
1929 3097 2004 3133 ἀλλ’
2024 3098 2087 3147 οὐχ
2114 3095 2244 3145 οὕτως,
2265 3098 2311 3139 ὡς
2331 3099 2351 3133 ὁ

1326 3164 1478 3218 οὐρανός.
1512 3162 1584 3200 Τὸν
1618 3159 1685 3212 γὰρ
1730 3159 1946 3196 πλουτοῦντα
1981 3157 2040 3195 καὶ
2074 3156 2350 3208 ἀποστρέφονται

1324 3225 1448 3264 πολλοὶ
1465 3224 1522 3262 καὶ
1543 3224 1682 3274 μισοῦσι
1695 3235 1702 3240 ·
1728 3219 1786 3257 τὸν
1802 3217 1837 3255 δὲ
1858 3219 1893 3255 ἐν
1913 3221 2018 3270 ἀρετῇ
2040 3219 2151 3260 ζῶντα
2172 3218 2348 3255 αἰδοῦνται

1324 3292 1383 3331 καὶ
1397 3294 1556 3342 τιμῶσιν.
1578 3285 1682 3326 Ἀλλὰ
1699 3287 1935 3336 καταγελᾶται
1951 3287 1968 3321 ὁ
1987 3283 2113 3330 πένης,
2145 3282 2209 3320 κᾶν
2227 3283 2344 3335 ἐνάρε-

1328 3375 1382 3401 τος
1413 3352 1461 3408 ἧ,
1492 3354 1608 3407 φησίν.
1629 3352 1720 3390 Ἀλλ’
1743 3353 1780 3388 οὐ
1809 3350 1904 3401 παρὰ
1930 3354 2001 3392 τοῖς
2025 3349 2236 3401 ἀνθρώποις,
2257 3349 2348 3388 ἀλλὰ

1360 3468 1375 3489 1,
1393 3463 1492 3498 Savss,
1514 3469 1597 3499 ἔσται
1615 3465 1727 3507 κέρεος,
1741 3466 1838 3492 recte.
1855 3455 1967 3491 Morel.
1989 3461 2069 3491 ἔσται
2086 3455 2196 3501 καὶρός,
