<?xml version="1.0" encoding="UTF-8"?>
<!DOCTYPE html PUBLIC "-//W3C//DTD XHTML 1.0 Transitional//EN"
    "http://www.w3.org/TR/xhtml1/DTD/xhtml1-transitional.dtd">
<html xmlns="http://www.w3.org/1999/xhtml" xml:lang="en" lang="en">
 <head>
  <title>
</title>
<meta http-equiv="Content-Type" content="text/html;charset=utf-8" />
  <meta name='ocr-system' content='tesseract 3.04.00' />
  <meta name='ocr-capabilities' content='ocr_page ocr_carea ocr_par ocr_line ocrx_word'/>
</head>
<body>
  <div class='ocr_page' id='page_1' title='image "./operaomniaquaeex08johnuoft/operaomniaquaeex08johnuoft_0161.png"; bbox 0 0 2481 3678; ppageno 0'>
   <div class='ocr_carea' id='block_1_1' title="bbox 721 182 1431 229">
    <p class='ocr_par' dir='ltr' id='par_1_1' title="bbox 721 182 1431 229">
     <span class='ocr_line' id='line_1_1' title="bbox 721 182 1431 229; baseline 0.006 -5"><span class='ocrx_word' id='word_1_1' title='bbox 721 195 762 225; x_wconf 71' lang='lat' dir='ltr'><strong>m</strong></span> <span class='ocrx_word' id='word_1_2' title='bbox 801 194 1011 227; x_wconf 62' lang='lat' dir='ltr'><strong>sommum</strong></span> <span class='ocrx_word' id='word_1_3' title='bbox 1052 199 1211 229; x_wconf 72' lang='grc' dir='ltr'>ιιοιιιιι.</span> <span class='ocrx_word' id='word_1_4' title='bbox 1250 198 1329 228; x_wconf 85' lang='lat' dir='ltr'>xx.</span> <span class='ocrx_word' id='word_1_5' title='bbox 1369 182 1431 227; x_wconf 85' lang='lat' dir='ltr'><strong>al.</strong></span> 
     </span>
    </p>
   </div>
   <div class='ocr_carea' id='block_1_2' title="bbox 95 275 1133 3089">
    <p class='ocr_par' dir='ltr' id='par_1_2' title="bbox 95 275 1133 3089">
     <span class='ocr_line' id='line_1_2' title="bbox 110 275 1130 330; baseline 0.004 -17"><span class='ocrx_word' id='word_1_6' title='bbox 110 275 312 328; x_wconf 81' lang='grc' dir='ltr'>παρήγαγον</span> <span class='ocrx_word' id='word_1_7' title='bbox 327 276 501 328; x_wconf 80' lang='grc' dir='ltr'>λεγοντες·</span> <span class='ocrx_word' id='word_1_8' title='bbox 525 276 595 314; x_wconf 78' lang='grc' dir='ltr'>Καὶ</span> <span class='ocrx_word' id='word_1_9' title='bbox 622 292 662 315; x_wconf 79' lang='grc' dir='ltr'>συ</span> <span class='ocrx_word' id='word_1_10' title='bbox 691 277 852 329; x_wconf 83' lang='grc' dir='ltr'>Βηθλεὲμ</span> <span class='ocrx_word' id='word_1_11' title='bbox 867 279 1026 330; x_wconf 78' lang='grc' dir='ltr'>ουδαμυς</span> <span class='ocrx_word' id='word_1_12' title='bbox 1052 281 1130 317; x_wconf 83' lang='grc' dir='ltr'>ἐλα-</span> 
     </span>
     <span class='ocr_line' id='line_1_3' title="bbox 111 336 1130 391; baseline 0.004 -18"><span class='ocrx_word' id='word_1_13' title='bbox 111 336 214 388; x_wconf 75' lang='grc' dir='ltr'>χίστη</span> <span class='ocrx_word' id='word_1_14' title='bbox 249 342 277 376; x_wconf 83' lang='grc' dir='ltr'>εἰ</span> <span class='ocrx_word' id='word_1_15' title='bbox 304 340 337 376; x_wconf 85' lang='grc' dir='ltr'>ἐν</span> <span class='ocrx_word' id='word_1_16' title='bbox 357 344 426 380; x_wconf 85' lang='grc' dir='ltr'>τοῖς</span> <span class='ocrx_word' id='word_1_17' title='bbox 446 337 614 388; x_wconf 79' lang='grc' dir='ltr'>ἡγεμόσιν</span> <span class='ocrx_word' id='word_1_18' title='bbox 636 337 760 377; x_wconf 82' lang='grc' dir='ltr'>Ἰούδα.</span> <span class='ocrx_word' id='word_1_19' title='bbox 792 339 881 378; x_wconf 82' lang='grc' dir='ltr'>Ἀλλ’</span> <span class='ocrx_word' id='word_1_20' title='bbox 913 342 1037 379; x_wconf 84' lang='grc' dir='ltr'>ἐκεῖνοι</span> <span class='ocrx_word' id='word_1_21' title='bbox 1068 339 1130 391; x_wconf 82' lang='grc' dir='ltr'>μὲν</span> 
     </span>
     <span class='ocr_line' id='line_1_4' title="bbox 109 395 1133 451; baseline 0.003 -16"><span class='ocrx_word' id='word_1_22' title='bbox 109 398 189 449; x_wconf 84' lang='grc' dir='ltr'>πρὶν</span> <span class='ocrx_word' id='word_1_23' title='bbox 220 399 301 437; x_wconf 84' lang='grc' dir='ltr'>ἰδεῖν</span> <span class='ocrx_word' id='word_1_24' title='bbox 338 397 550 451; x_wconf 82' lang='grc' dir='ltr'>ἐμαρτύρουν</span> <span class='ocrx_word' id='word_1_25' title='bbox 576 403 711 438; x_wconf 78' lang='grc' dir='ltr'>ταῦτα·</span> <span class='ocrx_word' id='word_1_26' title='bbox 733 400 851 447; x_wconf 83' lang='grc' dir='ltr'>ἐπειδὴ</span> <span class='ocrx_word' id='word_1_27' title='bbox 881 400 917 439; x_wconf 81' lang='grc' dir='ltr'>δὲ</span> <span class='ocrx_word' id='word_1_28' title='bbox 947 395 1078 449; x_wconf 49' lang='grc' dir='ltr'>εἰδον,(</span> <span class='ocrx_word' id='word_1_29' title='bbox 1065 401 1133 439; x_wconf 87' lang='grc' dir='ltr'>υπὸ</span> 
     </span>
     <span class='ocr_line' id='line_1_5' title="bbox 107 459 1130 536; baseline 0.003 -40"><span class='ocrx_word' id='word_1_30' title='bbox 107 475 168 505; x_wconf 88' lang='grc' dir='ltr'>της</span> <span class='ocrx_word' id='word_1_31' title='bbox 189 459 379 510; x_wconf 79' lang='grc' dir='ltr'>βασκανίας</span> <span class='ocrx_word' id='word_1_32' title='bbox 406 475 468 506; x_wconf 87' lang='grc' dir='ltr'>την</span> <span class='ocrx_word' id='word_1_33' title='bbox 497 460 697 536; x_wconf 81' lang='grc' dir='ltr'>μαρτυρίαν</span> <span class='ocrx_word' id='word_1_34' title='bbox 723 461 927 513; x_wconf 81' lang='grc' dir='ltr'>ἀπέκρυψαν</span> <span class='ocrx_word' id='word_1_35' title='bbox 956 461 1130 512; x_wconf 82' lang='grc' dir='ltr'>λέγοντες·</span> 
     </span>
     <span class='ocr_line' id='line_1_6' title="bbox 107 519 1131 571; baseline 0 -13"><span class='ocrx_word' id='word_1_36' title='bbox 107 521 180 558; x_wconf 86' lang='grc' dir='ltr'><strong>Γ</strong></span> <span class='ocrx_word' id='word_1_37' title='bbox 143 536 238 558; x_wconf 87' lang='grc' dir='ltr'>ουτον</span> <span class='ocrx_word' id='word_1_38' title='bbox 258 519 294 558; x_wconf 81' lang='grc' dir='ltr'>δὲ</span> <span class='ocrx_word' id='word_1_39' title='bbox 313 522 372 558; x_wconf 83' lang='grc' dir='ltr'>οὖν.</span> <span class='ocrx_word' id='word_1_40' title='bbox 391 519 532 571; x_wconf 84' lang='grc' dir='ltr'>οἴδαμεν</span> <span class='ocrx_word' id='word_1_41' title='bbox 558 521 697 560; x_wconf 77' lang='grc' dir='ltr'>πόθεν’</span> <span class='ocrx_word' id='word_1_42' title='bbox 682 521 785 560; x_wconf 84' lang='grc' dir='ltr'>εστίν.</span> <span class='ocrx_word' id='word_1_43' title='bbox 805 521 850 559; x_wconf 79' lang='lat' dir='ltr'>‘O</span> <span class='ocrx_word' id='word_1_44' title='bbox 881 520 916 559; x_wconf 82' lang='grc' dir='ltr'>δὲ</span> <span class='ocrx_word' id='word_1_45' title='bbox 937 520 1131 568; x_wconf 82' lang='grc' dir='ltr'>Ναθαναὴλ</span> 
     </span>
     <span class='ocr_line' id='line_1_7' title="bbox 107 580 1128 636; baseline 0.002 -18"><span class='ocrx_word' id='word_1_46' title='bbox 107 583 171 633; x_wconf 80' lang='grc' dir='ltr'>οὐχ</span> <span class='ocrx_word' id='word_1_47' title='bbox 186 580 310 628; x_wconf 81' lang='grc' dir='ltr'>οὕτως,</span> <span class='ocrx_word' id='word_1_48' title='bbox 331 583 408 619; x_wconf 83' lang='grc' dir='ltr'>ἀλλ’</span> <span class='ocrx_word' id='word_1_49' title='bbox 424 582 465 628; x_wconf 78' lang='grc' dir='ltr'>ἠν</span> <span class='ocrx_word' id='word_1_50' title='bbox 486 581 519 626; x_wconf 81' lang='grc' dir='ltr'>ἐξ</span> <span class='ocrx_word' id='word_1_51' title='bbox 538 585 649 636; x_wconf 75' lang='grc' dir='ltr'>ἀρχῆς</span> <span class='ocrx_word' id='word_1_52' title='bbox 664 583 858 635; x_wconf 82' lang='grc' dir='ltr'>περιαῦτοῧ</span> <span class='ocrx_word' id='word_1_53' title='bbox 877 580 1019 634; x_wconf 81' lang='grc' dir='ltr'>γνώμην</span> <span class='ocrx_word' id='word_1_54' title='bbox 1037 586 1128 634; x_wconf 82' lang='grc' dir='ltr'>εἶχε,</span> 
     </span>
     <span class='ocr_line' id='line_1_8' title="bbox 106 641 1128 696; baseline 0.002 -17"><span class='ocrx_word' id='word_1_55' title='bbox 106 641 234 689; x_wconf 82' lang='grc' dir='ltr'>ταύτην</span> <span class='ocrx_word' id='word_1_56' title='bbox 262 642 376 693; x_wconf 87' lang='grc' dir='ltr'>ἔμεινε</span> <span class='ocrx_word' id='word_1_57' title='bbox 397 644 583 696; x_wconf 84' lang='grc' dir='ltr'>διατηρων,</span> <span class='ocrx_word' id='word_1_58' title='bbox 600 643 653 682; x_wconf 81' lang='grc' dir='ltr'>ὅτι</span> <span class='ocrx_word' id='word_1_59' title='bbox 683 646 744 682; x_wconf 81' lang='grc' dir='ltr'>οὐκ</span> <span class='ocrx_word' id='word_1_60' title='bbox 765 643 856 682; x_wconf 85' lang='grc' dir='ltr'>ἔστιν</span> <span class='ocrx_word' id='word_1_61' title='bbox 887 645 926 681; x_wconf 85' lang='grc' dir='ltr'>ἐκ</span> <span class='ocrx_word' id='word_1_62' title='bbox 955 642 1128 695; x_wconf 73' lang='grc' dir='ltr'>Ναζαρέτ.</span> 
     </span>
     <span class='ocr_line' id='line_1_9' title="bbox 106 704 1129 758; baseline 0.001 -18"><span class='ocrx_word' id='word_1_63' title='bbox 106 704 190 746; x_wconf 85' lang='grc' dir='ltr'>Πῶς</span> <span class='ocrx_word' id='word_1_64' title='bbox 218 706 274 741; x_wconf 84' lang='grc' dir='ltr'>οὖν</span> <span class='ocrx_word' id='word_1_65' title='bbox 312 704 412 742; x_wconf 78' lang='grc' dir='ltr'>αὐτὸν</span> <span class='ocrx_word' id='word_1_66' title='bbox 445 706 649 758; x_wconf 80' lang='grc' dir='ltr'>Ναζωραῖον</span> <span class='ocrx_word' id='word_1_67' title='bbox 681 707 712 743; x_wconf 87' lang='grc' dir='ltr'>οἱ</span> <span class='ocrx_word' id='word_1_68' title='bbox 743 707 921 758; x_wconf 69' lang='grc' dir='ltr'>προφῆται</span> <span class='ocrx_word' id='word_1_69' title='bbox 949 705 1129 750; x_wconf 72' lang='grc' dir='ltr'>καλουσιν,</span> 
     </span>
     <span class='ocr_line' id='line_1_10' title="bbox 105 762 1128 818; baseline 0 -16"><span class='ocrx_word' id='word_1_70' title='bbox 105 763 223 802; x_wconf 75' lang='grc' dir='ltr'>Ἀπὸ-ι</span> <span class='ocrx_word' id='word_1_71' title='bbox 214 781 269 811; x_wconf 90' lang='grc' dir='ltr'>ης</span> <span class='ocrx_word' id='word_1_72' title='bbox 290 767 484 818; x_wconf 78' lang='grc' dir='ltr'>ἀνατροφῆς</span> <span class='ocrx_word' id='word_1_73' title='bbox 502 765 563 803; x_wconf 81' lang='grc' dir='ltr'>καὶ</span> <span class='ocrx_word' id='word_1_74' title='bbox 581 767 644 811; x_wconf 81' lang='grc' dir='ltr'>τῆς</span> <span class='ocrx_word' id='word_1_75' title='bbox 674 767 744 804; x_wconf 87' lang='grc' dir='ltr'>ἐκεῖ</span> <span class='ocrx_word' id='word_1_76' title='bbox 778 765 963 817; x_wconf 73' lang='grc' dir='ltr'>διαγωγῆς.</span> <span class='ocrx_word' id='word_1_77' title='bbox 984 764 1037 803; x_wconf 85' lang='grc' dir='ltr'>Τὸ</span> <span class='ocrx_word' id='word_1_78' title='bbox 1066 762 1128 815; x_wconf 83' lang='grc' dir='ltr'>μὲν</span> 
     </span>
     <span class='ocr_line' id='line_1_11' title="bbox 105 819 1130 879; baseline 0.001 -16"><span class='ocrx_word' id='word_1_79' title='bbox 105 819 162 863; x_wconf 62' lang='grc' dir='ltr'>οὖν</span> <span class='ocrx_word' id='word_1_80' title='bbox 192 828 312 874; x_wconf 85' lang='grc' dir='ltr'>εἰπεῖν,</span> <span class='ocrx_word' id='word_1_81' title='bbox 342 828 404 865; x_wconf 80' lang='grc' dir='ltr'>οὐκ</span> <span class='ocrx_word' id='word_1_82' title='bbox 423 827 496 878; x_wconf 86' lang='grc' dir='ltr'>εἰμὶ</span> <span class='ocrx_word' id='word_1_83' title='bbox 531 829 570 865; x_wconf 86' lang='grc' dir='ltr'>ἐκ</span> <span class='ocrx_word' id='word_1_84' title='bbox 589 825 764 879; x_wconf 80' lang='grc' dir='ltr'>Ναζαρὲτ,</span> <span class='ocrx_word' id='word_1_85' title='bbox 793 824 907 870; x_wconf 79' lang='grc' dir='ltr'>καθὼς</span> <span class='ocrx_word' id='word_1_86' title='bbox 938 826 1130 878; x_wconf 68' lang='grc' dir='ltr'>ἀπήγγειλέ</span> 
     </span>
     <span class='ocr_line' id='line_1_12' title="bbox 105 886 1126 941; baseline 0.001 -17"><span class='ocrx_word' id='word_1_87' title='bbox 105 902 158 924; x_wconf 88' lang='grc' dir='ltr'>σοι</span> <span class='ocrx_word' id='word_1_88' title='bbox 178 887 375 935; x_wconf 84' lang='grc' dir='ltr'>Φίλιππος,</span> <span class='ocrx_word' id='word_1_89' title='bbox 395 889 471 926; x_wconf 80' lang='grc' dir='ltr'>ἀλλ’</span> <span class='ocrx_word' id='word_1_90' title='bbox 491 890 530 926; x_wconf 86' lang='grc' dir='ltr'>ἐκ</span> <span class='ocrx_word' id='word_1_91' title='bbox 559 886 738 939; x_wconf 80' lang='grc' dir='ltr'>Βηθλεὲμ,</span> <span class='ocrx_word' id='word_1_92' title='bbox 763 886 944 941; x_wconf 82' lang='grc' dir='ltr'>παρίησιν,</span> <span class='ocrx_word' id='word_1_93' title='bbox 964 886 1055 926; x_wconf 83' lang='grc' dir='ltr'>ὥστε</span> <span class='ocrx_word' id='word_1_94' title='bbox 1077 887 1126 939; x_wconf 83' lang='grc' dir='ltr'>μὴ</span> 
     </span>
     <span class='ocr_line' id='line_1_13' title="bbox 105 947 1127 1001; baseline 0.002 -16"><span class='ocrx_word' id='word_1_95' title='bbox 105 947 226 991; x_wconf 81' lang='grc' dir='ltr'>εὐθέως</span> <span class='ocrx_word' id='word_1_96' title='bbox 247 948 554 1001; x_wconf 69' lang='grc' dir='ltr'>ἀμφισὸητήσιμον</span> <span class='ocrx_word' id='word_1_97' title='bbox 572 951 718 995; x_wconf 65' lang='grc' dir='ltr'>ποιῆσαι</span> <span class='ocrx_word' id='word_1_98' title='bbox 746 948 803 986; x_wconf 77' lang='grc' dir='ltr'>τὸν</span> <span class='ocrx_word' id='word_1_99' title='bbox 823 948 942 1000; x_wconf 83' lang='grc' dir='ltr'>λόγον·</span> <span class='ocrx_word' id='word_1_100' title='bbox 963 948 1072 1001; x_wconf 78' lang='grc' dir='ltr'>χωρὶς</span> <span class='ocrx_word' id='word_1_101' title='bbox 1091 947 1127 987; x_wconf 86' lang='lat'>65</span> 
     </span>
     <span class='ocr_line' id='line_1_14' title="bbox 103 1008 1128 1058; baseline 0.002 -12"><span class='ocrx_word' id='word_1_102' title='bbox 103 1024 245 1056; x_wconf 86' lang='grc' dir='ltr'>τουτων,</span> <span class='ocrx_word' id='word_1_103' title='bbox 265 1026 340 1058; x_wconf 88' lang='grc' dir='ltr'>οτι,</span> <span class='ocrx_word' id='word_1_104' title='bbox 364 1012 393 1048; x_wconf 88' lang='grc' dir='ltr'>εἷ</span> <span class='ocrx_word' id='word_1_105' title='bbox 411 1025 471 1048; x_wconf 85' lang='grc' dir='ltr'>και</span> <span class='ocrx_word' id='word_1_106' title='bbox 492 1009 629 1057; x_wconf 81' lang='grc' dir='ltr'>ἔπεισε,</span> <span class='ocrx_word' id='word_1_107' title='bbox 648 1011 749 1048; x_wconf 77' lang='grc' dir='ltr'>τοῦτο</span> <span class='ocrx_word' id='word_1_108' title='bbox 770 1011 832 1048; x_wconf 82' lang='grc' dir='ltr'>οὐκ</span> <span class='ocrx_word' id='word_1_109' title='bbox 863 1008 902 1047; x_wconf 83' lang='grc' dir='ltr'>ἂν</span> <span class='ocrx_word' id='word_1_110' title='bbox 930 1010 1045 1048; x_wconf 81' lang='grc' dir='ltr'>ἱκανὸν</span> <span class='ocrx_word' id='word_1_111' title='bbox 1073 1026 1128 1048; x_wconf 83' lang='grc' dir='ltr'>τε-</span> 
     </span>
     <span class='ocr_line' id='line_1_15' title="bbox 103 1063 1128 1147; baseline 0.003 -40"><span class='ocrx_word' id='word_1_112' title='bbox 103 1070 250 1122; x_wconf 83' lang='grc' dir='ltr'>κμήριον</span> <span class='ocrx_word' id='word_1_113' title='bbox 273 1070 380 1109; x_wconf 83' lang='grc' dir='ltr'>ἔδωκε</span> <span class='ocrx_word' id='word_1_114' title='bbox 397 1088 457 1110; x_wconf 87' lang='grc' dir='ltr'>του</span> <span class='ocrx_word' id='word_1_115' title='bbox 490 1069 590 1108; x_wconf 78' lang='grc' dir='ltr'>αὐτον</span> <span class='ocrx_word' id='word_1_116' title='bbox 623 1063 709 1109; x_wconf 65' lang='grc' dir='ltr'>εἶναι</span> <span class='ocrx_word' id='word_1_117' title='bbox 727 1086 784 1108; x_wconf 88' lang='grc' dir='ltr'>τον</span> <span class='ocrx_word' id='word_1_118' title='bbox 811 1072 924 1122; x_wconf 86' lang='grc' dir='ltr'>Χριστ</span> <span class='ocrx_word' id='word_1_119' title='bbox 926 1070 975 1110; x_wconf 83' lang='grc' dir='ltr'>όν.</span> <span class='ocrx_word' id='word_1_120' title='bbox 995 1070 1042 1109; x_wconf 91' lang='grc' dir='ltr'>Τί</span> <span class='ocrx_word' id='word_1_121' title='bbox 1061 1071 1128 1147; x_wconf 77' lang='grc' dir='ltr'>γὰρ</span> 
     </span>
     <span class='ocr_line' id='line_1_16' title="bbox 103 1124 1127 1186; baseline 0.001 -18"><span class='ocrx_word' id='word_1_122' title='bbox 103 1130 232 1169; x_wconf 79' lang='grc' dir='ltr'>εκι3λυε</span> <span class='ocrx_word' id='word_1_123' title='bbox 253 1147 313 1170; x_wconf 86' lang='grc' dir='ltr'>και</span> <span class='ocrx_word' id='word_1_124' title='bbox 333 1131 382 1182; x_wconf 84' lang='grc' dir='ltr'>μὴ</span> <span class='ocrx_word' id='word_1_125' title='bbox 403 1131 485 1170; x_wconf 85' lang='grc' dir='ltr'>ὄντα</span> <span class='ocrx_word' id='word_1_126' title='bbox 506 1131 654 1186; x_wconf 84' lang='grc' dir='ltr'>Χριστὸν</span> <span class='ocrx_word' id='word_1_127' title='bbox 679 1132 748 1170; x_wconf 86' lang='grc' dir='ltr'>ἀπο</span> <span class='ocrx_word' id='word_1_128' title='bbox 761 1131 888 1179; x_wconf 84' lang='grc' dir='ltr'>Βηθλ</span> <span class='ocrx_word' id='word_1_129' title='bbox 860 1148 923 1183; x_wconf 89' lang='grc' dir='ltr'>εεμ</span> <span class='ocrx_word' id='word_1_130' title='bbox 937 1124 1127 1170; x_wconf 83' lang='grc' dir='ltr'>εἰναικατὰ</span> 
     </span>
     <span class='ocr_line' id='line_1_17' title="bbox 101 1192 1126 1245; baseline -0.003 -13"><span class='ocrx_word' id='word_1_131' title='bbox 101 1209 179 1237; x_wconf 59' lang='lat' dir='ltr'><strong>‘tave</strong></span> <span class='ocrx_word' id='word_1_132' title='bbox 210 1193 332 1237; x_wconf 78' lang='grc' dir='ltr'>ἅ)λους</span> <span class='ocrx_word' id='word_1_133' title='bbox 365 1193 444 1236; x_wconf 84' lang='grc' dir='ltr'>τους</span> <span class='ocrx_word' id='word_1_134' title='bbox 473 1195 543 1231; x_wconf 82' lang='grc' dir='ltr'>ἐκεῖ</span> <span class='ocrx_word' id='word_1_135' title='bbox 561 1192 803 1245; x_wconf 79' lang='grc' dir='ltr'>γεννηθέντας;</span> <span class='ocrx_word' id='word_1_136' title='bbox 826 1195 941 1232; x_wconf 90' lang='grc' dir='ltr'>Τουτο</span> <span class='ocrx_word' id='word_1_137' title='bbox 973 1192 1033 1242; x_wconf 81' lang='grc' dir='ltr'>μὲν</span> <span class='ocrx_word' id='word_1_138' title='bbox 1069 1195 1126 1230; x_wconf 81' lang='grc' dir='ltr'>οὖν</span> 
     </span>
     <span class='ocr_line' id='line_1_18' title="bbox 102 1252 1125 1307; baseline 0 -16"><span class='ocrx_word' id='word_1_139' title='bbox 102 1253 288 1307; x_wconf 83' lang='grc' dir='ltr'>παρίησιν</span> <span class='ocrx_word' id='word_1_140' title='bbox 309 1255 327 1293; x_wconf 81' lang='grc' dir='ltr'><em>ὂ</em></span> <span class='ocrx_word' id='word_1_141' title='bbox 347 1253 382 1292; x_wconf 83' lang='lat'>65</span> <span class='ocrx_word' id='word_1_142' title='bbox 404 1254 558 1306; x_wconf 86' lang='grc' dir='ltr'>μάλιστα</span> <span class='ocrx_word' id='word_1_143' title='bbox 579 1254 680 1292; x_wconf 67' lang='grc' dir='ltr'>αῧτὸν</span> <span class='ocrx_word' id='word_1_144' title='bbox 702 1253 844 1292; x_wconf 82' lang='grc' dir='ltr'>δύναται</span> <span class='ocrx_word' id='word_1_145' title='bbox 872 1252 1125 1305; x_wconf 79' lang='grc' dir='ltr'>ἐπαγαγέσθαι,</span> 
     </span>
     <span class='ocr_line' id='line_1_19' title="bbox 102 1315 1127 1370; baseline 0.002 -18"><span class='ocrx_word' id='word_1_146' title='bbox 102 1319 201 1354; x_wconf 79' lang='grc' dir='ltr'>τουτο</span> <span class='ocrx_word' id='word_1_147' title='bbox 219 1322 326 1354; x_wconf 85' lang='grc' dir='ltr'>ποιεῖ·</span> <span class='ocrx_word' id='word_1_148' title='bbox 360 1315 510 1355; x_wconf 83' lang='grc' dir='ltr'>δείκνυσι</span> <span class='ocrx_word' id='word_1_149' title='bbox 539 1315 607 1370; x_wconf 82' lang='grc' dir='ltr'>γὰρ</span> <span class='ocrx_word' id='word_1_150' title='bbox 639 1315 757 1354; x_wconf 79' lang='grc' dir='ltr'>ἓαυτον</span> <span class='ocrx_word' id='word_1_151' title='bbox 792 1315 986 1369; x_wconf 86' lang='grc' dir='ltr'>παρόντα</span> <span class='ocrx_word' id='word_1_152' title='bbox 969 1317 1127 1367; x_wconf 60' lang='lat' dir='ltr'>&amp;ahso-</span> 
     </span>
     <span class='ocr_line' id='line_1_20' title="bbox 103 1377 1125 1429; baseline 0.001 -15.029"><span class='ocrx_word' id='word_1_153' title='bbox 103 1393 217 1427; x_wconf 89' lang='grc' dir='ltr'>μενοις</span> <span class='ocrx_word' id='word_1_154' title='bbox 236 1380 360 1422; x_wconf 79' lang='grc' dir='ltr'>αὐτοῖς.</span> <span class='ocrx_word' id='word_1_155' title='bbox 387 1378 590 1421; x_wconf 43' lang='grc' dir='ltr'>Ἐἰπόντος</span> <span class='ocrx_word' id='word_1_156' title='bbox 609 1381 665 1416; x_wconf 82' lang='grc' dir='ltr'>οὐν</span> <span class='ocrx_word' id='word_1_157' title='bbox 700 1378 851 1425; x_wconf 82' lang='grc' dir='ltr'>ἐκείνου,</span> <span class='ocrx_word' id='word_1_158' title='bbox 867 1377 970 1416; x_wconf 80' lang='grc' dir='ltr'>πόθεν</span> <span class='ocrx_word' id='word_1_159' title='bbox 998 1394 1041 1428; x_wconf 91' lang='grc' dir='ltr'>με</span> <span class='ocrx_word' id='word_1_160' title='bbox 1067 1394 1125 1429; x_wconf 88' lang='grc' dir='ltr'>γι-</span> 
     </span>
     <span class='ocr_line' id='line_1_21' title="bbox 101 1437 1125 1490; baseline 0 -15"><span class='ocrx_word' id='word_1_161' title='bbox 101 1437 265 1481; x_wconf 84' lang='grc' dir='ltr'>νώσκεις·</span> <span class='ocrx_word' id='word_1_162' title='bbox 255 1467 266 1487; x_wconf 85' lang='grc'>,</span> <span class='ocrx_word' id='word_1_163' title='bbox 287 1439 336 1476; x_wconf 88' lang='grc' dir='ltr'>λε·</span> <span class='ocrx_word' id='word_1_164' title='bbox 327 1454 398 1490; x_wconf 91' lang='grc' dir='ltr'>γει·</span> <span class='ocrx_word' id='word_1_165' title='bbox 422 1454 489 1490; x_wconf 85' lang='grc' dir='ltr'>προ</span> <span class='ocrx_word' id='word_1_166' title='bbox 509 1442 569 1476; x_wconf 75' lang='grc' dir='ltr'>τοῦ</span> <span class='ocrx_word' id='word_1_167' title='bbox 588 1455 626 1476; x_wconf 84' lang='grc' dir='ltr'>σε</span> <span class='ocrx_word' id='word_1_168' title='bbox 645 1438 850 1476; x_wconf 87' lang='grc' dir='ltr'>Φίλιππον</span> <span class='ocrx_word' id='word_1_169' title='bbox 842 1454 1022 1490; x_wconf 78' lang='grc' dir='ltr'>φωνησαι,</span> <span class='ocrx_word' id='word_1_170' title='bbox 1043 1439 1125 1476; x_wconf 87' lang='grc' dir='ltr'>ὄντα</span> 
     </span>
     <span class='ocr_line' id='line_1_22' title="bbox 101 1497 1126 1552; baseline 0 -15"><span class='ocrx_word' id='word_1_171' title='bbox 101 1499 168 1537; x_wconf 82' lang='grc' dir='ltr'>ὑπο</span> <span class='ocrx_word' id='word_1_172' title='bbox 182 1498 244 1545; x_wconf 80' lang='grc' dir='ltr'>τὴν</span> <span class='ocrx_word' id='word_1_173' title='bbox 268 1503 376 1545; x_wconf 74' lang='grc' dir='ltr'>συκῆν</span> <span class='ocrx_word' id='word_1_174' title='bbox 399 1499 486 1537; x_wconf 73' lang='grc' dir='ltr'>εἶδόν</span> <span class='ocrx_word' id='word_1_175' title='bbox 507 1515 556 1538; x_wconf 85' lang='grc' dir='ltr'>σε.</span> <span class='ocrx_word' id='word_1_176' title='bbox 573 1497 671 1552; x_wconf 90' lang='grc' dir='ltr'>Ορα</span> <span class='ocrx_word' id='word_1_177' title='bbox 687 1499 868 1552; x_wconf 81' lang='grc' dir='ltr'>ἄνθρωπον</span> <span class='ocrx_word' id='word_1_178' title='bbox 898 1501 1046 1546; x_wconf 70' lang='grc' dir='ltr'>εὐσταθῆ</span> <span class='ocrx_word' id='word_1_179' title='bbox 1065 1515 1126 1537; x_wconf 83' lang='grc' dir='ltr'>και</span> 
     </span>
     <span class='ocr_line' id='line_1_23' title="bbox 103 1559 1125 1612; baseline 0 -14"><span class='ocrx_word' id='word_1_180' title='bbox 103 1559 289 1611; x_wconf 77' lang='grc' dir='ltr'>βεότκότα.</span> <span class='ocrx_word' id='word_1_181' title='bbox 311 1560 479 1604; x_wconf 83' lang='grc' dir='ltr'>Εἰπόντος</span> <span class='ocrx_word' id='word_1_182' title='bbox 504 1559 572 1612; x_wconf 85' lang='grc' dir='ltr'>γὰρ</span> <span class='ocrx_word' id='word_1_183' title='bbox 598 1565 658 1599; x_wconf 78' lang='grc' dir='ltr'>τοῦ</span> <span class='ocrx_word' id='word_1_184' title='bbox 686 1561 860 1612; x_wconf 78' lang='grc' dir='ltr'>Χριστου·</span> <span class='ocrx_word' id='word_1_185' title='bbox 888 1559 958 1598; x_wconf 88' lang='grc' dir='ltr'>Ἴδε</span> <span class='ocrx_word' id='word_1_186' title='bbox 989 1562 1033 1599; x_wconf 84' lang='grc' dir='ltr'>ἀλ</span> <span class='ocrx_word' id='word_1_187' title='bbox 1034 1564 1125 1608; x_wconf 82' lang='grc' dir='ltr'>ηθι)ς</span> 
     </span>
     <span class='ocr_line' id='line_1_24' title="bbox 100 1620 1124 1675; baseline -0.001 -15"><span class='ocrx_word' id='word_1_188' title='bbox 100 1621 338 1675; x_wconf 86' lang='grc' dir='ltr'>Ἰσραηλίτης,</span> <span class='ocrx_word' id='word_1_189' title='bbox 358 1624 419 1660; x_wconf 81' lang='grc' dir='ltr'>οὐκ</span> <span class='ocrx_word' id='word_1_190' title='bbox 451 1620 631 1674; x_wconf 75' lang='grc' dir='ltr'>ἐχαυνώθη</span> <span class='ocrx_word' id='word_1_191' title='bbox 662 1627 732 1666; x_wconf 86' lang='grc' dir='ltr'>τοῖς</span> <span class='ocrx_word' id='word_1_192' title='bbox 758 1620 928 1669; x_wconf 78' lang='grc' dir='ltr'>ἐπαίνοις,</span> <span class='ocrx_word' id='word_1_193' title='bbox 948 1623 1009 1660; x_wconf 78' lang='grc' dir='ltr'>οὐκ</span> <span class='ocrx_word' id='word_1_194' title='bbox 1040 1621 1124 1659; x_wconf 81' lang='grc' dir='ltr'>ἐπέ-</span> 
     </span>
     <span class='ocr_line' id='line_1_25' title="bbox 101 1683 1124 1736; baseline 0 -15"><span class='ocrx_word' id='word_1_195' title='bbox 101 1685 212 1736; x_wconf 87' lang='grc' dir='ltr'>δραμε</span> <span class='ocrx_word' id='word_1_196' title='bbox 230 1689 300 1728; x_wconf 85' lang='grc' dir='ltr'>τοῖς</span> <span class='ocrx_word' id='word_1_197' title='bbox 319 1683 524 1736; x_wconf 77' lang='grc' dir='ltr'>ἐγκωμίοις,</span> <span class='ocrx_word' id='word_1_198' title='bbox 541 1686 616 1723; x_wconf 82' lang='grc' dir='ltr'>ἀλλ’</span> <span class='ocrx_word' id='word_1_199' title='bbox 637 1683 793 1735; x_wconf 81' lang='grc' dir='ltr'>ἐπιμένει</span> <span class='ocrx_word' id='word_1_200' title='bbox 812 1686 923 1730; x_wconf 84' lang='grc' dir='ltr'>ζητῶν</span> <span class='ocrx_word' id='word_1_201' title='bbox 949 1683 1008 1721; x_wconf 83' lang='grc' dir='ltr'>καὶ</span> <span class='ocrx_word' id='word_1_202' title='bbox 1025 1686 1124 1736; x_wconf 81' lang='grc' dir='ltr'>ἀκρι-</span> 
     </span>
     <span class='ocr_line' id='line_1_26' title="bbox 100 1743 1124 1798; baseline 0 -15"><span class='ocrx_word' id='word_1_203' title='bbox 100 1745 259 1797; x_wconf 67' lang='grc' dir='ltr'>ἕέστερον</span> <span class='ocrx_word' id='word_1_204' title='bbox 292 1744 573 1798; x_wconf 79' lang='grc' dir='ltr'>διερευνώμενος,</span> <span class='ocrx_word' id='word_1_205' title='bbox 593 1746 652 1783; x_wconf 80' lang='grc' dir='ltr'>καὶ</span> <span class='ocrx_word' id='word_1_206' title='bbox 688 1745 847 1796; x_wconf 79' lang='grc' dir='ltr'>βούλεταί</span> <span class='ocrx_word' id='word_1_207' title='bbox 864 1761 899 1783; x_wconf 88' lang='grc' dir='ltr'>τι</span> <span class='ocrx_word' id='word_1_208' title='bbox 923 1743 1011 1797; x_wconf 69' lang='grc' dir='ltr'>σαφὲ</span> <span class='ocrx_word' id='word_1_209' title='bbox 997 1760 1031 1787; x_wconf 67' lang='grc' dir='ltr'>,ς</span> <span class='ocrx_word' id='word_1_210' title='bbox 1056 1761 1124 1795; x_wconf 89' lang='grc' dir='ltr'>μα-</span> 
     </span>
     <span class='ocr_line' id='line_1_27' title="bbox 100 1800 1125 1860; baseline 0.003 -18"><span class='ocrx_word' id='word_1_211' title='bbox 100 1808 180 1845; x_wconf 81' lang='grc' dir='ltr'>θεῖν.</span> <span class='ocrx_word' id='word_1_212' title='bbox 200 1807 310 1850; x_wconf 73' lang='grc' dir='ltr'>Αὐτὸς</span> <span class='ocrx_word' id='word_1_213' title='bbox 334 1806 395 1857; x_wconf 81' lang='grc' dir='ltr'>μὲν</span> <span class='ocrx_word' id='word_1_214' title='bbox 415 1800 471 1845; x_wconf 71' lang='grc' dir='ltr'>οῧν</span> <span class='ocrx_word' id='word_1_215' title='bbox 491 1809 560 1850; x_wconf 54' lang='grc' dir='ltr'>θὼς</span> <span class='ocrx_word' id='word_1_216' title='bbox 586 1807 766 1860; x_wconf 84' lang='grc' dir='ltr'>ἄνθρωπος</span> <span class='ocrx_word' id='word_1_217' title='bbox 783 1805 980 1854; x_wconf 77' lang='grc' dir='ltr'>ἐξήταζεν</span> <span class='ocrx_word' id='word_1_218' title='bbox 961 1822 1011 1844; x_wconf 90' lang='grc' dir='ltr'>ετι</span> <span class='ocrx_word' id='word_1_219' title='bbox 1026 1821 1033 1828; x_wconf 95' lang='grc'>·</span> <span class='ocrx_word' id='word_1_220' title='bbox 1053 1809 1071 1844; x_wconf 80' lang='grc' dir='ltr'>ὃ</span> <span class='ocrx_word' id='word_1_221' title='bbox 1090 1805 1125 1845; x_wconf 84' lang='lat'>65</span> 
     </span>
     <span class='ocr_line' id='line_1_28' title="bbox 100 1860 1126 1945; baseline 0 -40"><span class='ocrx_word' id='word_1_222' title='bbox 100 1867 232 1914; x_wconf 74' lang='grc' dir='ltr'>Ἰησοῦς</span> <span class='ocrx_word' id='word_1_223' title='bbox 249 1870 296 1911; x_wconf 82' lang='grc' dir='ltr'>ὡς</span> <span class='ocrx_word' id='word_1_224' title='bbox 313 1868 402 1912; x_wconf 76' lang='grc' dir='ltr'>Θεὸς</span> <span class='ocrx_word' id='word_1_225' title='bbox 426 1868 649 1921; x_wconf 81' lang='grc' dir='ltr'>ἀπεκρίνατο.</span> <span class='ocrx_word' id='word_1_226' title='bbox 670 1868 740 1907; x_wconf 78' lang='grc' dir='ltr'>Καὶ</span> <span class='ocrx_word' id='word_1_227' title='bbox 760 1867 827 1922; x_wconf 81' lang='grc' dir='ltr'>γὰρ</span> <span class='ocrx_word' id='word_1_228' title='bbox 848 1860 994 1945; x_wconf 52' lang='grc' dir='ltr'>εἶπεν,’</span> <span class='ocrx_word' id='word_1_229' title='bbox 973 1884 1012 1906; x_wconf 84' lang='grc' dir='ltr'>οτ</span> <span class='ocrx_word' id='word_1_230' title='bbox 1017 1867 1126 1905; x_wconf 83' lang='grc' dir='ltr'>ιᾶνω-</span> 
     </span>
     <span class='ocr_line' id='line_1_29' title="bbox 100 1923 1124 1983; baseline 0.001 -16"><span class='ocrx_word' id='word_1_231' title='bbox 100 1930 153 1968; x_wconf 76' lang='grc' dir='ltr'>θεν</span> <span class='ocrx_word' id='word_1_232' title='bbox 175 1946 213 1968; x_wconf 85' lang='grc' dir='ltr'>σε</span> <span class='ocrx_word' id='word_1_233' title='bbox 239 1923 338 1968; x_wconf 66' lang='grc' dir='ltr'>οἶδα·</span> <span class='ocrx_word' id='word_1_234' title='bbox 367 1930 428 1968; x_wconf 83' lang='grc' dir='ltr'>καὶ</span> <span class='ocrx_word' id='word_1_235' title='bbox 446 1946 514 1968; x_wconf 81' lang='grc' dir='ltr'>των</span> <span class='ocrx_word' id='word_1_236' title='bbox 546 1931 684 1983; x_wconf 85' lang='grc' dir='ltr'>τρόπων</span> <span class='ocrx_word' id='word_1_237' title='bbox 707 1932 810 1968; x_wconf 80' lang='grc' dir='ltr'>αὐτοῦ</span> <span class='ocrx_word' id='word_1_238' title='bbox 840 1928 902 1976; x_wconf 83' lang='grc' dir='ltr'>τὴν</span> <span class='ocrx_word' id='word_1_239' title='bbox 923 1929 1124 1976; x_wconf 85' lang='grc' dir='ltr'>ἐπιείκειαν,</span> 
     </span>
     <span class='ocr_line' id='line_1_30' title="bbox 98 1990 1123 2045; baseline 0 -15"><span class='ocrx_word' id='word_1_240' title='bbox 98 1994 162 2043; x_wconf 78' lang='grc' dir='ltr'>οὐχ</span> <span class='ocrx_word' id='word_1_241' title='bbox 180 1994 227 2036; x_wconf 81' lang='grc' dir='ltr'>ὡς</span> <span class='ocrx_word' id='word_1_242' title='bbox 255 1992 434 2045; x_wconf 80' lang='grc' dir='ltr'>ἅνθρωπος</span> <span class='ocrx_word' id='word_1_243' title='bbox 455 1994 548 2030; x_wconf 79' lang='grc' dir='ltr'>αὐτῶ</span> <span class='ocrx_word' id='word_1_244' title='bbox 568 1994 729 2045; x_wconf 84' lang='grc' dir='ltr'>παρηκολ</span> <span class='ocrx_word' id='word_1_245' title='bbox 731 1990 903 2039; x_wconf 82' lang='grc' dir='ltr'>ουθηκως,</span> <span class='ocrx_word' id='word_1_246' title='bbox 934 1993 1010 2030; x_wconf 85' lang='grc' dir='ltr'>ἀλλ’</span> <span class='ocrx_word' id='word_1_247' title='bbox 1033 1992 1123 2030; x_wconf 85' lang='grc' dir='ltr'>ἄνω-</span> 
     </span>
     <span class='ocr_line' id='line_1_31' title="bbox 100 2052 1125 2105; baseline 0.001 -15"><span class='ocrx_word' id='word_1_248' title='bbox 100 2056 187 2091; x_wconf 71' lang='grc' dir='ltr'>θεν</span> <span class='ocrx_word' id='word_1_249' title='bbox 169 2070 215 2096; x_wconf 88' lang='grc' dir='ltr'>ως</span> <span class='ocrx_word' id='word_1_250' title='bbox 228 2052 360 2097; x_wconf 83' lang='grc' dir='ltr'>Θεος”</span> <span class='ocrx_word' id='word_1_251' title='bbox 340 2069 446 2105; x_wconf 88' lang='grc' dir='ltr'>εγνω</span> <span class='ocrx_word' id='word_1_252' title='bbox 473 2054 619 2102; x_wconf 80' lang='grc' dir='ltr'>καὶ,νυν</span> <span class='ocrx_word' id='word_1_253' title='bbox 639 2053 728 2092; x_wconf 80' lang='grc' dir='ltr'>εἶδόν</span> <span class='ocrx_word' id='word_1_254' title='bbox 752 2069 790 2092; x_wconf 87' lang='grc' dir='ltr'>σε</span> <span class='ocrx_word' id='word_1_255' title='bbox 813 2055 846 2092; x_wconf 89' lang='grc' dir='ltr'>ἐν</span> <span class='ocrx_word' id='word_1_256' title='bbox 868 2056 911 2105; x_wconf 79' lang='grc' dir='ltr'>τῇ</span> <span class='ocrx_word' id='word_1_257' title='bbox 935 2068 1044 2104; x_wconf 87' lang='grc' dir='ltr'>συκῃ,</span> <span class='ocrx_word' id='word_1_258' title='bbox 1068 2054 1125 2092; x_wconf 82' lang='grc' dir='ltr'>ὅτε</span> 
     </span>
     <span class='ocr_line' id='line_1_32' title="bbox 98 2113 1123 2167; baseline 0 -15"><span class='ocrx_word' id='word_1_259' title='bbox 98 2114 205 2158; x_wconf 77' lang='grc' dir='ltr'>οὐδεὶς</span> <span class='ocrx_word' id='word_1_260' title='bbox 232 2114 350 2153; x_wconf 77' lang='grc' dir='ltr'>αὐτόθι</span> <span class='ocrx_word' id='word_1_261' title='bbox 380 2118 509 2167; x_wconf 83' lang='grc' dir='ltr'>παρην,</span> <span class='ocrx_word' id='word_1_262' title='bbox 539 2113 629 2153; x_wconf 80' lang='grc' dir='ltr'>ἀλλὰ</span> <span class='ocrx_word' id='word_1_263' title='bbox 661 2114 761 2166; x_wconf 82' lang='grc' dir='ltr'>μόνος</span> <span class='ocrx_word' id='word_1_264' title='bbox 781 2113 963 2158; x_wconf 88' lang='grc' dir='ltr'>Φίλιππος</span> <span class='ocrx_word' id='word_1_265' title='bbox 995 2118 1036 2162; x_wconf 82' lang='grc' dir='ltr'>ἠν</span> <span class='ocrx_word' id='word_1_266' title='bbox 1064 2114 1123 2153; x_wconf 83' lang='grc' dir='ltr'>καὶ</span> 
     </span>
     <span class='ocr_line' id='line_1_33' title="bbox 99 2175 1122 2222; baseline 0.001 -9"><span class='ocrx_word' id='word_1_267' title='bbox 99 2175 310 2222; x_wconf 65' lang='grc' dir='ltr'>Χαθαναηλ,</span> <span class='ocrx_word' id='word_1_268' title='bbox 332 2175 392 2214; x_wconf 78' lang='grc' dir='ltr'>καὶ</span> <span class='ocrx_word' id='word_1_269' title='bbox 418 2177 495 2214; x_wconf 84' lang='grc' dir='ltr'>κατ’</span> <span class='ocrx_word' id='word_1_270' title='bbox 516 2175 606 2214; x_wconf 81' lang='grc' dir='ltr'>ἰδίαν</span> <span class='ocrx_word' id='word_1_271' title='bbox 633 2176 771 2214; x_wconf 83' lang='grc' dir='ltr'>ἅπαντα</span> <span class='ocrx_word' id='word_1_272' title='bbox 789 2179 901 2214; x_wconf 71' lang='grc' dir='ltr'>ταῦτα</span> <span class='ocrx_word' id='word_1_273' title='bbox 927 2180 1034 2214; x_wconf 83' lang='grc' dir='ltr'>εἷπον.</span> <span class='ocrx_word' id='word_1_274' title='bbox 1054 2175 1122 2214; x_wconf 81' lang='grc' dir='ltr'>Διὰ</span> 
     </span>
     <span class='ocr_line' id='line_1_34' title="bbox 96 2235 1121 2290; baseline 0.001 -16.003"><span class='ocrx_word' id='word_1_275' title='bbox 96 2236 138 2282; x_wconf 73' lang='grc' dir='ltr'>δὴ</span> <span class='ocrx_word' id='word_1_276' title='bbox 157 2240 258 2275; x_wconf 79' lang='grc' dir='ltr'>τοῦτο</span> <span class='ocrx_word' id='word_1_277' title='bbox 284 2252 441 2288; x_wconf 86' lang='grc' dir='ltr'>ειρηται,</span> <span class='ocrx_word' id='word_1_278' title='bbox 468 2253 522 2276; x_wconf 91' lang='grc' dir='ltr'>οτι</span> <span class='ocrx_word' id='word_1_279' title='bbox 551 2235 632 2275; x_wconf 78' lang='grc' dir='ltr'>ἰδὼν</span> <span class='ocrx_word' id='word_1_280' title='bbox 662 2236 763 2275; x_wconf 82' lang='grc' dir='ltr'>αυτὸν</span> <span class='ocrx_word' id='word_1_281' title='bbox 795 2236 988 2290; x_wconf 81' lang='grc' dir='ltr'>πόρρωθεν,</span> <span class='ocrx_word' id='word_1_282' title='bbox 1013 2241 1121 2285; x_wconf 78' lang='grc' dir='ltr'>εἶπεν,</span> 
     </span>
     <span class='ocr_line' id='line_1_35' title="bbox 97 2296 588 2350; baseline 0.002 -14"><span class='ocrx_word' id='word_1_283' title='bbox 97 2296 168 2336; x_wconf 86' lang='grc' dir='ltr'>Ἴδε</span> <span class='ocrx_word' id='word_1_284' title='bbox 190 2300 327 2344; x_wconf 79' lang='grc' dir='ltr'>ἀληθῶς</span> <span class='ocrx_word' id='word_1_285' title='bbox 349 2298 588 2350; x_wconf 83' lang='grc' dir='ltr'>Ἰσραηλίτης·</span> 
     </span>
     <span class='ocr_line' id='line_1_36' title="bbox 97 2359 1119 2412; baseline 0.002 -16"><span class='ocrx_word' id='word_1_286' title='bbox 97 2359 218 2398; x_wconf 84' lang='grc' dir='ltr'>σιοίσαι</span> <span class='ocrx_word' id='word_1_287' title='bbox 249 2360 306 2398; x_wconf 86' lang='grc' dir='ltr'>τὸν</span> <span class='ocrx_word' id='word_1_288' title='bbox 335 2360 518 2399; x_wconf 85' lang='grc' dir='ltr'>Φίλιππον</span> <span class='ocrx_word' id='word_1_289' title='bbox 547 2376 660 2398; x_wconf 87' lang='grc' dir='ltr'>ταυτα</span> <span class='ocrx_word' id='word_1_290' title='bbox 691 2359 875 2412; x_wconf 67' lang='grc' dir='ltr'>εφθέγγετο</span> <span class='ocrx_word' id='word_1_291' title='bbox 905 2363 924 2398; x_wconf 80' lang='grc' dir='ltr'><em>ὃ</em></span> <span class='ocrx_word' id='word_1_292' title='bbox 950 2360 1119 2411; x_wconf 84' lang='grc' dir='ltr'>Χριστὸς,</span> 
     </span>
     <span class='ocr_line' id='line_1_37' title="bbox 97 2420 1120 2496; baseline 0.001 -37"><span class='ocrx_word' id='word_1_293' title='bbox 97 2421 186 2460; x_wconf 79' lang='grc' dir='ltr'>ὥστε</span> <span class='ocrx_word' id='word_1_294' title='bbox 208 2421 256 2472; x_wconf 85' lang='grc' dir='ltr'>μὴ</span> <span class='ocrx_word' id='word_1_295' title='bbox 289 2421 442 2461; x_wconf 78' lang='grc' dir='ltr'>ὕποπτον</span> <span class='ocrx_word' id='word_1_296' title='bbox 469 2421 629 2474; x_wconf 82' lang='grc' dir='ltr'>γενέσθαι</span> <span class='ocrx_word' id='word_1_297' title='bbox 657 2420 721 2468; x_wconf 79' lang='grc' dir='ltr'>τὴν</span> <span class='ocrx_word' id='word_1_298' title='bbox 744 2420 950 2496; x_wconf 77' lang='grc' dir='ltr'>μαρτυρίαν.</span> <span class='ocrx_word' id='word_1_299' title='bbox 972 2422 1035 2460; x_wconf 83' lang='grc' dir='ltr'>Διὸ</span> <span class='ocrx_word' id='word_1_300' title='bbox 1061 2422 1120 2460; x_wconf 88' lang='grc' dir='ltr'>καὶ</span> 
     </span>
     <span class='ocr_line' id='line_1_38' title="bbox 96 2481 1120 2535; baseline -0.002 -14"><span class='ocrx_word' id='word_1_301' title='bbox 96 2483 152 2521; x_wconf 78' lang='grc' dir='ltr'>τὸν</span> <span class='ocrx_word' id='word_1_302' title='bbox 175 2483 295 2533; x_wconf 84' lang='grc' dir='ltr'>καιρὸν</span> <span class='ocrx_word' id='word_1_303' title='bbox 325 2487 433 2531; x_wconf 80' lang='grc' dir='ltr'>εἶπεν,</span> <span class='ocrx_word' id='word_1_304' title='bbox 455 2499 514 2521; x_wconf 84' lang='grc' dir='ltr'>και</span> <span class='ocrx_word' id='word_1_305' title='bbox 539 2483 597 2521; x_wconf 83' lang='grc' dir='ltr'>τὸν</span> <span class='ocrx_word' id='word_1_306' title='bbox 616 2482 736 2530; x_wconf 86' lang='grc' dir='ltr'>τόπον,</span> <span class='ocrx_word' id='word_1_307' title='bbox 755 2483 815 2520; x_wconf 87' lang='grc' dir='ltr'>καὶ</span> <span class='ocrx_word' id='word_1_308' title='bbox 843 2482 884 2520; x_wconf 80' lang='grc' dir='ltr'>τὸ</span> <span class='ocrx_word' id='word_1_309' title='bbox 910 2481 1057 2535; x_wconf 81' lang='grc' dir='ltr'>δένδρον.</span> <span class='ocrx_word' id='word_1_310' title='bbox 1075 2483 1120 2520; x_wconf 67' lang='lat' dir='ltr'>F}</span> 
     </span>
     <span class='ocr_line' id='line_1_39' title="bbox 99 2542 1118 2596; baseline -0.002 -15"><span class='ocrx_word' id='word_1_311' title='bbox 99 2543 159 2594; x_wconf 80' lang='grc' dir='ltr'>μὲν</span> <span class='ocrx_word' id='word_1_312' title='bbox 173 2543 241 2596; x_wconf 76' lang='grc' dir='ltr'>γὰρ</span> <span class='ocrx_word' id='word_1_313' title='bbox 260 2547 335 2581; x_wconf 84' lang='grc' dir='ltr'>εἶπε</span> <span class='ocrx_word' id='word_1_314' title='bbox 352 2543 452 2594; x_wconf 87' lang='grc' dir='ltr'>μόνον</span> <span class='ocrx_word' id='word_1_315' title='bbox 460 2544 548 2596; x_wconf 83' lang='grc' dir='ltr'>,πρὸ</span> <span class='ocrx_word' id='word_1_316' title='bbox 558 2548 618 2581; x_wconf 83' lang='grc' dir='ltr'>τοῦ</span> <span class='ocrx_word' id='word_1_317' title='bbox 637 2542 819 2581; x_wconf 87' lang='grc' dir='ltr'>Φίλιππον</span> <span class='ocrx_word' id='word_1_318' title='bbox 842 2544 950 2581; x_wconf 83' lang='grc' dir='ltr'>ἐλθεῖν</span> <span class='ocrx_word' id='word_1_319' title='bbox 966 2542 1052 2594; x_wconf 79' lang='grc' dir='ltr'>πρὸς</span> <span class='ocrx_word' id='word_1_320' title='bbox 1068 2542 1118 2590; x_wconf 80' lang='grc' dir='ltr'>σὲ,</span> 
     </span>
     <span class='ocr_line' id='line_1_40' title="bbox 97 2604 1120 2652; baseline -0.003 -9"><span class='ocrx_word' id='word_1_321' title='bbox 97 2610 141 2643; x_wconf 81' lang='grc' dir='ltr'>εἰ</span> <span class='ocrx_word' id='word_1_322' title='bbox 132 2605 183 2642; x_wconf 65' lang='grc' dir='ltr'>ἶόν</span> <span class='ocrx_word' id='word_1_323' title='bbox 206 2621 264 2652; x_wconf 87' lang='grc' dir='ltr'>σε,</span> <span class='ocrx_word' id='word_1_324' title='bbox 283 2605 347 2642; x_wconf 78' lang='grc' dir='ltr'>κᾶν</span> <span class='ocrx_word' id='word_1_325' title='bbox 375 2604 583 2651; x_wconf 79' lang='grc' dir='ltr'>υπωπτεύθη</span> <span class='ocrx_word' id='word_1_326' title='bbox 596 2634 605 2651; x_wconf 82' lang='grc'>,</span> <span class='ocrx_word' id='word_1_327' title='bbox 625 2621 671 2648; x_wconf 80' lang='grc' dir='ltr'>ως</span> <span class='ocrx_word' id='word_1_328' title='bbox 689 2604 790 2646; x_wconf 76' lang='grc' dir='ltr'>αὐτὸς</span> <span class='ocrx_word' id='word_1_329' title='bbox 822 2604 922 2641; x_wconf 74' lang='grc' dir='ltr'>αὐτὸν</span> <span class='ocrx_word' id='word_1_330' title='bbox 946 2605 1120 2641; x_wconf 86' lang='grc' dir='ltr'>ἀπεσταλ-</span> 
     </span>
     <span class='ocr_line' id='line_1_41' title="bbox 97 2663 1119 2717; baseline -0.003 -13"><span class='ocrx_word' id='word_1_331' title='bbox 97 2665 184 2714; x_wconf 85' lang='grc' dir='ltr'>κὼς,</span> <span class='ocrx_word' id='word_1_332' title='bbox 204 2666 264 2704; x_wconf 84' lang='grc' dir='ltr'>καὶ</span> <span class='ocrx_word' id='word_1_333' title='bbox 290 2665 384 2704; x_wconf 80' lang='grc' dir='ltr'>οὐδὲν</span> <span class='ocrx_word' id='word_1_334' title='bbox 410 2666 500 2717; x_wconf 80' lang='grc' dir='ltr'>μέγα</span> <span class='ocrx_word' id='word_1_335' title='bbox 515 2665 645 2716; x_wconf 81' lang='grc' dir='ltr'>λέγων·</span> <span class='ocrx_word' id='word_1_336' title='bbox 666 2669 722 2703; x_wconf 74' lang='grc' dir='ltr'>νῦν</span> <span class='ocrx_word' id='word_1_337' title='bbox 738 2663 774 2702; x_wconf 80' lang='lat'>65</span> <span class='ocrx_word' id='word_1_338' title='bbox 789 2666 839 2716; x_wconf 77' lang='grc' dir='ltr'>τῷ</span> <span class='ocrx_word' id='word_1_339' title='bbox 854 2664 912 2702; x_wconf 73' lang='grc' dir='ltr'>τὸν</span> <span class='ocrx_word' id='word_1_340' title='bbox 939 2663 1044 2702; x_wconf 85' lang='grc' dir='ltr'>τόπον</span> <span class='ocrx_word' id='word_1_341' title='bbox 1066 2665 1119 2701; x_wconf 81' lang='grc' dir='ltr'>εἷ-</span> 
     </span>
     <span class='ocr_line' id='line_1_42' title="bbox 96 2723 1120 2780; baseline -0.005 -14"><span class='ocrx_word' id='word_1_342' title='bbox 96 2734 185 2775; x_wconf 85' lang='grc' dir='ltr'>πεῖν,</span> <span class='ocrx_word' id='word_1_343' title='bbox 199 2730 275 2765; x_wconf 80' lang='grc' dir='ltr'>καθ’</span> <span class='ocrx_word' id='word_1_344' title='bbox 292 2727 328 2766; x_wconf 82' lang='grc' dir='ltr'>ὃν</span> <span class='ocrx_word' id='word_1_345' title='bbox 340 2727 490 2780; x_wconf 67' lang='grc' dir='ltr'>διέτριὲε</span> <span class='ocrx_word' id='word_1_346' title='bbox 501 2726 716 2779; x_wconf 73' lang='grc' dir='ltr'>φωνούμενος</span> <span class='ocrx_word' id='word_1_347' title='bbox 729 2724 827 2779; x_wconf 78' lang='grc' dir='ltr'>παρὰ</span> <span class='ocrx_word' id='word_1_348' title='bbox 847 2729 906 2764; x_wconf 76' lang='grc' dir='ltr'>τοῦ</span> <span class='ocrx_word' id='word_1_349' title='bbox 918 2723 1101 2762; x_wconf 85' lang='grc' dir='ltr'>Φιλίππου</span> <span class='ocrx_word' id='word_1_350' title='bbox 1110 2754 1120 2772; x_wconf 87' lang='grc'>,</span> 
     </span>
     <span class='ocr_line' id='line_1_43' title="bbox 96 2784 1121 2842; baseline -0.005 -15"><span class='ocrx_word' id='word_1_351' title='bbox 96 2789 154 2827; x_wconf 85' lang='grc' dir='ltr'>καὶ</span> <span class='ocrx_word' id='word_1_352' title='bbox 172 2794 232 2827; x_wconf 80' lang='grc' dir='ltr'>τοῦ</span> <span class='ocrx_word' id='word_1_353' title='bbox 251 2788 388 2842; x_wconf 82' lang='grc' dir='ltr'>δένδρου</span> <span class='ocrx_word' id='word_1_354' title='bbox 414 2788 476 2835; x_wconf 77' lang='grc' dir='ltr'>τὴν</span> <span class='ocrx_word' id='word_1_355' title='bbox 504 2787 758 2842; x_wconf 85' lang='grc' dir='ltr'>προσηγορίαν,</span> <span class='ocrx_word' id='word_1_356' title='bbox 778 2787 838 2826; x_wconf 76' lang='grc' dir='ltr'>καὶ</span> <span class='ocrx_word' id='word_1_357' title='bbox 857 2789 918 2832; x_wconf 82' lang='grc' dir='ltr'>τῆς</span> <span class='ocrx_word' id='word_1_358' title='bbox 941 2784 1121 2828; x_wconf 82' lang='grc' dir='ltr'>διαλέξεως</span> 
     </span>
     <span class='ocr_line' id='line_1_44' title="bbox 95 2844 1120 2904; baseline -0.005 -16"><span class='ocrx_word' id='word_1_359' title='bbox 95 2851 152 2888; x_wconf 83' lang='grc' dir='ltr'>τὸν</span> <span class='ocrx_word' id='word_1_360' title='bbox 179 2850 312 2904; x_wconf 80' lang='grc' dir='ltr'>καιρὸν,</span> <span class='ocrx_word' id='word_1_361' title='bbox 346 2849 655 2902; x_wconf 68' lang='grc' dir='ltr'>ἀναμφισὸἤτητον</span> <span class='ocrx_word' id='word_1_362' title='bbox 687 2849 750 2896; x_wconf 81' lang='grc' dir='ltr'>τὴν</span> <span class='ocrx_word' id='word_1_363' title='bbox 781 2847 971 2901; x_wconf 73' lang='grc' dir='ltr'>πρόρρησιν</span> <span class='ocrx_word' id='word_1_364' title='bbox 997 2844 1120 2889; x_wconf 84' lang='grc' dir='ltr'>ἔδειξεν</span> 
     </span>
     <span class='ocr_line' id='line_1_45' title="bbox 96 2905 1122 2964; baseline -0.007 -14"><span class='ocrx_word' id='word_1_365' title='bbox 96 2905 212 2950; x_wconf 62' lang='grc' dir='ltr'>οὖσαν.</span> <span class='ocrx_word' id='word_1_366' title='bbox 234 2913 287 2949; x_wconf 83' lang='grc' dir='ltr'>Οὐ</span> <span class='ocrx_word' id='word_1_367' title='bbox 305 2910 368 2958; x_wconf 81' lang='grc' dir='ltr'>τὴν</span> <span class='ocrx_word' id='word_1_368' title='bbox 382 2911 574 2964; x_wconf 68' lang='grc' dir='ltr'>πρόρρησιν</span> <span class='ocrx_word' id='word_1_369' title='bbox 589 2910 624 2948; x_wconf 81' lang='grc' dir='ltr'>δὲ</span> <span class='ocrx_word' id='word_1_370' title='bbox 641 2910 742 2961; x_wconf 83' lang='grc' dir='ltr'>μόνον</span> <span class='ocrx_word' id='word_1_371' title='bbox 758 2910 943 2956; x_wconf 79' lang='grc' dir='ltr'>ἐδήλωσεν,</span> <span class='ocrx_word' id='word_1_372' title='bbox 958 2906 1047 2946; x_wconf 81' lang='grc' dir='ltr'>ἀλλὰ</span> <span class='ocrx_word' id='word_1_373' title='bbox 1062 2906 1122 2944; x_wconf 83' lang='grc' dir='ltr'>καὶ</span> 
     </span>
     <span class='ocr_line' id='line_1_46' title="bbox 96 2967 1119 3023; baseline -0.002 -14"><span class='ocrx_word' id='word_1_374' title='bbox 96 2971 220 3023; x_wconf 80' lang='grc' dir='ltr'>ἑτέρως</span> <span class='ocrx_word' id='word_1_375' title='bbox 246 2972 346 3010; x_wconf 72' lang='grc' dir='ltr'>αὐτὸν</span> <span class='ocrx_word' id='word_1_376' title='bbox 369 2972 582 3010; x_wconf 85' lang='grc' dir='ltr'>ἐπαίδευσεν.</span> <span class='ocrx_word' id='word_1_377' title='bbox 608 2973 671 3014; x_wconf 85' lang='grc' dir='ltr'>Εἷς</span> <span class='ocrx_word' id='word_1_378' title='bbox 699 2971 893 3021; x_wconf 85' lang='grc' dir='ltr'>υπόμνησιν</span> <span class='ocrx_word' id='word_1_379' title='bbox 922 2969 989 3021; x_wconf 86' lang='grc' dir='ltr'>γὰρ</span> <span class='ocrx_word' id='word_1_380' title='bbox 1017 2967 1119 3005; x_wconf 79' lang='grc' dir='ltr'>αὒτον</span> 
     </span>
     <span class='ocr_line' id='line_1_47' title="bbox 95 3033 1118 3089; baseline -0.002 -16"><span class='ocrx_word' id='word_1_381' title='bbox 95 3037 236 3088; x_wconf 88' lang='grc' dir='ltr'>ἤγαγε</span> <span class='ocrx_word' id='word_1_382' title='bbox 221 3053 289 3074; x_wconf 84' lang='grc' dir='ltr'>των</span> <span class='ocrx_word' id='word_1_383' title='bbox 305 3037 383 3075; x_wconf 84' lang='grc' dir='ltr'>τότε</span> <span class='ocrx_word' id='word_1_384' title='bbox 404 3037 608 3089; x_wconf 67' lang='grc' dir='ltr'>λεγθεντων,</span> <span class='ocrx_word' id='word_1_385' title='bbox 624 3053 706 3084; x_wconf 85' lang='grc' dir='ltr'>οιον,</span> <span class='ocrx_word' id='word_1_386' title='bbox 726 3036 780 3075; x_wconf 89' lang='grc' dir='ltr'>οτι</span> <span class='ocrx_word' id='word_1_387' title='bbox 798 3036 865 3074; x_wconf 64' lang='lat' dir='ltr'>Ex</span> <span class='ocrx_word' id='word_1_388' title='bbox 878 3034 1074 3087; x_wconf 67' lang='grc' dir='ltr'>Ναζαρὲτ</span> <span class='ocrx_word' id='word_1_389' title='bbox 1057 3033 1118 3071; x_wconf 77' lang='grc' dir='ltr'>ού-</span> 
     </span>
    </p>
   </div>
   <div class='ocr_carea' id='block_1_3' title="bbox 96 3101 1119 3157">
    <p class='ocr_par' dir='ltr' id='par_1_3' title="bbox 96 3101 1119 3157">
     <span class='ocr_line' id='line_1_48' title="bbox 96 3101 1119 3157; baseline -0.002 -16"><span class='ocrx_word' id='word_1_390' title='bbox 96 3105 197 3142; x_wconf 64' lang='lat' dir='ltr'>wrm(</span> <span class='ocrx_word' id='word_1_391' title='bbox 224 3121 257 3142; x_wconf 77' lang='lat' dir='ltr'><strong>‘tt</strong></span> <span class='ocrx_word' id='word_1_392' title='bbox 284 3105 411 3155; x_wconf 68' lang='grc' dir='ltr'>α(α6ον</span> <span class='ocrx_word' id='word_1_393' title='bbox 435 3109 540 3152; x_wconf 70' lang='grc' dir='ltr'>Εἷναι;</span> <span class='ocrx_word' id='word_1_394' title='bbox 560 3121 599 3157; x_wconf 62' lang='lat'>52?</span> <span class='ocrx_word' id='word_1_395' title='bbox 637 3109 665 3143; x_wconf 80' lang='grc' dir='ltr'>υ)</span> <span class='ocrx_word' id='word_1_396' title='bbox 694 3121 753 3143; x_wconf 64' lang='grc' dir='ltr'>καί</span> <span class='ocrx_word' id='word_1_397' title='bbox 775 3119 929 3155; x_wconf 65' lang='grc' dir='ltr'>μαΛῑΰῒα</span> <span class='ocrx_word' id='word_1_398' title='bbox 956 3101 1119 3153; x_wconf 71' lang='grc' dir='ltr'>μειζόνως</span> 
     </span>
    </p>
   </div>
   <div class='ocr_carea' id='block_1_4' title="bbox 97 3229 1101 3378">
    <p class='ocr_par' dir='ltr' id='par_1_4' title="bbox 97 3229 1101 3378">
     <span class='ocr_line' id='line_1_49' title="bbox 144 3229 795 3275; baseline -0.005 -12"><span class='ocrx_word' id='word_1_399' title='bbox 144 3230 156 3241; x_wconf 77' lang='grc'>““</span> <span class='ocrx_word' id='word_1_400' title='bbox 176 3230 186 3271; x_wconf 82' lang='grc'>[</span> <span class='ocrx_word' id='word_1_401' title='bbox 207 3236 335 3268; x_wconf 67' lang='grc' dir='ltr'>εἰπόντος</span> <span class='ocrx_word' id='word_1_402' title='bbox 351 3237 408 3275; x_wconf 67' lang='grc' dir='ltr'>γάρ</span> <span class='ocrx_word' id='word_1_403' title='bbox 426 3229 527 3264; x_wconf 69' lang='lat' dir='ltr'><strong>Saxil.</strong></span> <span class='ocrx_word' id='word_1_404' title='bbox 547 3239 579 3263; x_wconf 80' lang='lat' dir='ltr'>et</span> <span class='ocrx_word' id='word_1_405' title='bbox 594 3229 703 3263; x_wconf 86' lang='lat' dir='ltr'><strong>Codd.</strong></span> <span class='ocrx_word' id='word_1_406' title='bbox 721 3231 795 3272; x_wconf 86' lang='lat' dir='ltr'><strong>cit.]</strong></span> 
     </span>
     <span class='ocr_line' id='line_1_50' title="bbox 139 3278 1101 3327; baseline 0.001 -14"><span class='ocrx_word' id='word_1_407' title='bbox 139 3290 147 3301; x_wconf 57' lang='grc' dir='ltr'>Ε</span> <span class='ocrx_word' id='word_1_408' title='bbox 167 3281 282 3314; x_wconf 69' lang='lat' dir='ltr'><strong>Morcl.</strong></span> <span class='ocrx_word' id='word_1_409' title='bbox 298 3286 334 3320; x_wconf 79' lang='grc' dir='ltr'>ὡς</span> <span class='ocrx_word' id='word_1_410' title='bbox 353 3288 519 3327; x_wconf 63' lang='grc' dir='ltr'>ἄνθρωπον.</span> <span class='ocrx_word' id='word_1_411' title='bbox 536 3282 641 3316; x_wconf 80' lang='lat' dir='ltr'><strong>Savil.</strong></span> <span class='ocrx_word' id='word_1_412' title='bbox 663 3287 699 3320; x_wconf 78' lang='grc' dir='ltr'>ὡς</span> <span class='ocrx_word' id='word_1_413' title='bbox 723 3287 887 3327; x_wconf 67' lang='grc' dir='ltr'>ἅνθρωπος.</span> <span class='ocrx_word' id='word_1_414' title='bbox 908 3278 1009 3312; x_wconf 67' lang='lat' dir='ltr'><strong>Paulo</strong></span> <span class='ocrx_word' id='word_1_415' title='bbox 1027 3287 1101 3322; x_wconf 63' lang='grc' dir='ltr'>[0Ξί</span> 
     </span>
     <span class='ocr_line' id='line_1_51' title="bbox 97 3333 1099 3378; baseline -0.002 -13"><span class='ocrx_word' id='word_1_416' title='bbox 97 3334 209 3365; x_wconf 77' lang='lat' dir='ltr'><strong>Morel.</strong></span> <span class='ocrx_word' id='word_1_417' title='bbox 227 3340 417 3378; x_wconf 65' lang='grc' dir='ltr'>ἀπεκρίνατο.</span> <span class='ocrx_word' id='word_1_418' title='bbox 434 3337 521 3367; x_wconf 70' lang='grc' dir='ltr'>εἶπεν.</span> <span class='ocrx_word' id='word_1_419' title='bbox 538 3333 638 3367; x_wconf 71' lang='grc' dir='ltr'>5ίιιίῙ.</span> <span class='ocrx_word' id='word_1_420' title='bbox 658 3339 853 3377; x_wconf 68' lang='grc' dir='ltr'>ἀπεκρίνατο·</span> <span class='ocrx_word' id='word_1_421' title='bbox 871 3336 918 3365; x_wconf 77' lang='grc' dir='ltr'>καὶ</span> <span class='ocrx_word' id='word_1_422' title='bbox 936 3337 993 3377; x_wconf 67' lang='grc' dir='ltr'>γὰρ</span> <span class='ocrx_word' id='word_1_423' title='bbox 1011 3334 1099 3367; x_wconf 68' lang='grc' dir='ltr'>εἶπεν.</span> 
     </span>
    </p>
   </div>
   <div class='ocr_carea' id='block_1_5' title="bbox 96 3387 1102 3430">
    <p class='ocr_par' dir='ltr' id='par_1_5' title="bbox 96 3387 1102 3430">
     <span class='ocr_line' id='line_1_52' title="bbox 96 3387 1102 3430; baseline 0 -12"><span class='ocrx_word' id='word_1_424' title='bbox 96 3387 186 3418; x_wconf 82' lang='lat' dir='ltr'><strong>Unus</strong></span> <span class='ocrx_word' id='word_1_425' title='bbox 215 3391 245 3419; x_wconf 63' lang='lat' dir='ltr'>o)</span> <span class='ocrx_word' id='word_1_426' title='bbox 274 3392 330 3429; x_wconf 64' lang='grc' dir='ltr'>γὰρ</span> <span class='ocrx_word' id='word_1_427' title='bbox 358 3388 571 3419; x_wconf 44' lang='lat' dir='ltr'>zizimi-1029&amp;</span> <span class='ocrx_word' id='word_1_428' title='bbox 599 3401 626 3419; x_wconf 70' lang='grc' dir='ltr'>σε</span> <span class='ocrx_word' id='word_1_429' title='bbox 655 3388 743 3426; x_wconf 71' lang='grc' dir='ltr'>οἴδα,</span> <span class='ocrx_word' id='word_1_430' title='bbox 763 3391 809 3418; x_wconf 70' lang='grc' dir='ltr'>καὶ</span> <span class='ocrx_word' id='word_1_431' title='bbox 836 3391 885 3419; x_wconf 74' lang='grc' dir='ltr'>τὸν</span> <span class='ocrx_word' id='word_1_432' title='bbox 910 3392 1038 3430; x_wconf 67' lang='grc' dir='ltr'>τρόπον,</span> <span class='ocrx_word' id='word_1_433' title='bbox 1056 3390 1102 3418; x_wconf 68' lang='lat' dir='ltr'><strong>usi</strong></span> 
     </span>
    </p>
   </div>
   <div class='ocr_carea' id='block_1_6' title="bbox 2100 185 2184 231">
    <p class='ocr_par' dir='ltr' id='par_1_6' title="bbox 2100 185 2184 231">
     <span class='ocr_line' id='line_1_53' title="bbox 2100 185 2184 231; baseline 0.012 -1"><span class='ocrx_word' id='word_1_434' title='bbox 2100 185 2184 231; x_wconf 75' lang='lat'>135</span> 
     </span>
    </p>
   </div>
   <div class='ocr_carea' id='block_1_7' title="bbox 1201 275 2191 573">
    <p class='ocr_par' dir='ltr' id='par_1_7' title="bbox 1201 275 2191 573">
     <span class='ocr_line' id='line_1_54' title="bbox 1205 275 2184 329; baseline 0.001 -14"><span class='ocrx_word' id='word_1_435' title='bbox 1205 278 1246 315; x_wconf 92' lang='lat' dir='ltr'>In</span> <span class='ocrx_word' id='word_1_436' title='bbox 1265 275 1495 324; x_wconf 85' lang='lat' dir='ltr'><strong>Bethlehem,</strong></span> <span class='ocrx_word' id='word_1_437' title='bbox 1515 284 1547 313; x_wconf 89' lang='lat' dir='ltr'>et</span> <span class='ocrx_word' id='word_1_438' title='bbox 1578 275 1644 313; x_wconf 89' lang='lat' dir='ltr'>hoc</span> <span class='ocrx_word' id='word_1_439' title='bbox 1672 275 1913 314; x_wconf 81' lang='lat' dir='ltr'><strong>testimonium</strong></span> <span class='ocrx_word' id='word_1_440' title='bbox 1933 278 2154 329; x_wconf 83' lang='lat' dir='ltr'><strong>protulerunt</strong></span> <span class='ocrx_word' id='word_1_441' title='bbox 2178 296 2184 316; x_wconf 90' lang='lat'>:</span> 
     </span>
     <span class='ocr_line' id='line_1_55' title="bbox 1205 339 2190 391; baseline 0.003 -14"><span class='ocrx_word' id='word_1_442' title='bbox 1205 341 1258 377; x_wconf 84' lang='lat' dir='ltr'><strong>Et</strong></span> <span class='ocrx_word' id='word_1_443' title='bbox 1279 348 1321 376; x_wconf 84' lang='lat' dir='ltr'>tu</span> <span class='ocrx_word' id='word_1_444' title='bbox 1339 339 1589 386; x_wconf 79' lang='lat' dir='ltr'><em>Bethlehem,</em></span> <span class='ocrx_word' id='word_1_445' title='bbox 1615 352 1861 391; x_wconf 83' lang='lat' dir='ltr'><em>nequaquam</em></span> <span class='ocrx_word' id='word_1_446' title='bbox 1889 343 2053 379; x_wconf 83' lang='lat' dir='ltr'><strong>minima</strong></span> <span class='ocrx_word' id='word_1_447' title='bbox 2081 356 2118 379; x_wconf 83' lang='lat' dir='ltr'>es</span> <span class='ocrx_word' id='word_1_448' title='bbox 2149 346 2190 380; x_wconf 83' lang='lat' dir='ltr'><strong>in</strong></span> 
     </span>
     <span class='ocr_line' id='line_1_56' title="bbox 1201 399 2191 454; baseline 0.003 -17"><span class='ocrx_word' id='word_1_449' title='bbox 1201 402 1439 452; x_wconf 81' lang='lat' dir='ltr'><strong>principibus</strong></span> <span class='ocrx_word' id='word_1_450' title='bbox 1460 401 1581 438; x_wconf 85' lang='lat' dir='ltr'><strong>Juda.</strong></span> <span class='ocrx_word' id='word_1_451' title='bbox 1605 401 1743 439; x_wconf 90' lang='lat' dir='ltr'><strong>Verum</strong></span> <span class='ocrx_word' id='word_1_452' title='bbox 1769 399 1822 437; x_wconf 89' lang='lat' dir='ltr'><strong>illi</strong></span> <span class='ocrx_word' id='word_1_453' title='bbox 1843 400 2054 452; x_wconf 81' lang='lat' dir='ltr'><strong>priusquam</strong></span> <span class='ocrx_word' id='word_1_454' title='bbox 2074 402 2191 454; x_wconf 89' lang='lat' dir='ltr'><strong>ipsum</strong></span> 
     </span>
     <span class='ocr_line' id='line_1_57' title="bbox 1204 460 2189 514; baseline 0.003 -16"><span class='ocrx_word' id='word_1_455' title='bbox 1204 460 1378 511; x_wconf 88' lang='lat' dir='ltr'><strong>viderent,</strong></span> <span class='ocrx_word' id='word_1_456' title='bbox 1395 460 1472 498; x_wconf 73' lang='lat' dir='ltr'><strong>hcec</strong></span> <span class='ocrx_word' id='word_1_457' title='bbox 1486 460 1782 498; x_wconf 86' lang='lat' dir='ltr'><strong>testificabantur:</strong></span> <span class='ocrx_word' id='word_1_458' title='bbox 1798 460 1860 498; x_wconf 85' lang='lat' dir='ltr'>uhi</span> <span class='ocrx_word' id='word_1_459' title='bbox 1877 470 1994 499; x_wconf 89' lang='lat' dir='ltr'><strong>autem</strong></span> <span class='ocrx_word' id='word_1_460' title='bbox 2008 462 2189 514; x_wconf 74' lang='lat' dir='ltr'><strong>viderunt,</strong></span> 
     </span>
     <span class='ocr_line' id='line_1_58' title="bbox 1204 520 2188 573; baseline 0.002 -15"><span class='ocrx_word' id='word_1_461' title='bbox 1204 534 1277 573; x_wconf 85' lang='lat' dir='ltr'><strong>prae</strong></span> <span class='ocrx_word' id='word_1_462' title='bbox 1303 520 1440 560; x_wconf 88' lang='lat' dir='ltr'><strong>invidia</strong></span> <span class='ocrx_word' id='word_1_463' title='bbox 1470 521 1715 559; x_wconf 90' lang='lat' dir='ltr'><strong>testimonium</strong></span> <span class='ocrx_word' id='word_1_464' title='bbox 1745 522 1967 560; x_wconf 81' lang='lat' dir='ltr'><strong>occultarunt</strong></span> <span class='ocrx_word' id='word_1_465' title='bbox 1998 523 2155 562; x_wconf 88' lang='lat' dir='ltr'><strong>dicentes</strong></span> <span class='ocrx_word' id='word_1_466' title='bbox 2180 540 2188 560; x_wconf 91' lang='lat'><strong>:</strong></span> 
     </span>
    </p>
   </div>
   <div class='ocr_carea' id='block_1_8' title="bbox 1470 197 1564 227">
    <p class='ocr_par' dir='ltr' id='par_1_8' title="bbox 1470 197 1564 227">
     <span class='ocr_line' id='line_1_59' title="bbox 1470 197 1564 227; baseline 0 0"><span class='ocrx_word' id='word_1_467' title='bbox 1470 197 1564 227; x_wconf 78' lang='lat' dir='ltr'><strong>xtx.</strong></span> 
     </span>
    </p>
   </div>
   <div class='ocr_carea' id='block_1_9' title="bbox 1205 585 2390 634">
    <p class='ocr_par' dir='ltr' id='par_1_9' title="bbox 1205 585 2390 634">
     <span class='ocr_line' id='line_1_60' title="bbox 1205 585 2390 634; baseline 0.002 -13"><span class='ocrx_word' id='word_1_468' title='bbox 1205 585 1322 622; x_wconf 84' lang='lat' dir='ltr'><strong>Hunc</strong></span> <span class='ocrx_word' id='word_1_469' title='bbox 1339 593 1469 622; x_wconf 80' lang='lat' dir='ltr'><strong>autem</strong></span> <span class='ocrx_word' id='word_1_470' title='bbox 1485 587 1673 623; x_wconf 78' lang='lat' dir='ltr'><strong>nescimus</strong></span> <span class='ocrx_word' id='word_1_471' title='bbox 1689 586 1791 623; x_wconf 83' lang='lat' dir='ltr'><strong>unde</strong></span> <span class='ocrx_word' id='word_1_472' title='bbox 1809 588 1869 623; x_wconf 83' lang='lat' dir='ltr'><strong>sit.</strong></span> <span class='ocrx_word' id='word_1_473' title='bbox 1886 586 2087 625; x_wconf 86' lang='lat' dir='ltr'><strong>Nathanael</strong></span> <span class='ocrx_word' id='word_1_474' title='bbox 2107 602 2191 627; x_wconf 64' lang='grc' dir='ltr'>ιειο</span> <span class='ocrx_word' id='word_1_475' title='bbox 2206 595 2390 634; x_wconf 82' lang='lat' dir='ltr'><strong>Joan.9.29.</strong></span> 
     </span>
    </p>
   </div>
   <div class='ocr_carea' id='block_1_10' title="bbox 1147 647 2192 2295">
    <p class='ocr_par' dir='ltr' id='par_1_10' title="bbox 1147 647 2192 2295">
     <span class='ocr_line' id='line_1_61' title="bbox 1209 647 2192 702; baseline 0.005 -17"><span class='ocrx_word' id='word_1_476' title='bbox 1209 661 1278 685; x_wconf 89' lang='lat' dir='ltr'>non</span> <span class='ocrx_word' id='word_1_477' title='bbox 1297 647 1370 699; x_wconf 90' lang='lat' dir='ltr'><strong>sic,</strong></span> <span class='ocrx_word' id='word_1_478' title='bbox 1395 647 1456 686; x_wconf 85' lang='lat' dir='ltr'>sed</span> <span class='ocrx_word' id='word_1_479' title='bbox 1479 662 1589 699; x_wconf 88' lang='lat' dir='ltr'><strong>quam</strong></span> <span class='ocrx_word' id='word_1_480' title='bbox 1607 662 1627 685; x_wconf 84' lang='lat' dir='ltr'><strong>a</strong></span> <span class='ocrx_word' id='word_1_481' title='bbox 1647 648 1825 701; x_wconf 90' lang='lat' dir='ltr'><strong>principio</strong></span> <span class='ocrx_word' id='word_1_482' title='bbox 1846 648 1891 687; x_wconf 87' lang='lat' dir='ltr'>de</span> <span class='ocrx_word' id='word_1_483' title='bbox 1908 649 1970 687; x_wconf 93' lang='lat' dir='ltr'><strong>illo</strong></span> <span class='ocrx_word' id='word_1_484' title='bbox 1989 650 2192 702; x_wconf 86' lang='lat' dir='ltr'>opinionem</span> 
     </span>
     <span class='ocr_line' id='line_1_62' title="bbox 1152 678 2190 762; baseline 0.005 -16"><span class='ocrx_word' id='word_1_485' title='bbox 1152 701 1176 732; x_wconf 77' lang='lat' dir='ltr'>C</span> <span class='ocrx_word' id='word_1_486' title='bbox 1202 707 1348 758; x_wconf 89' lang='lat' dir='ltr'><strong>habuit,</strong></span> <span class='ocrx_word' id='word_1_487' title='bbox 1359 678 1454 747; x_wconf 80' lang='lat' dir='ltr'><strong>hanc</strong></span> <span class='ocrx_word' id='word_1_488' title='bbox 1467 709 1622 747; x_wconf 82' lang='lat' dir='ltr'><strong>servavit</strong></span> <span class='ocrx_word' id='word_1_489' title='bbox 1632 723 1783 762; x_wconf 88' lang='lat' dir='ltr'><strong>,nempe</strong></span> <span class='ocrx_word' id='word_1_490' title='bbox 1810 710 2109 749; x_wconf 72' lang='lat' dir='ltr'><strong>illumaNamret</strong></span> <span class='ocrx_word' id='word_1_491' title='bbox 2123 726 2190 751; x_wconf 90' lang='lat' dir='ltr'>non</span> 
     </span>
     <span class='ocr_line' id='line_1_63' title="bbox 1201 771 2192 824; baseline 0.004 -16"><span class='ocrx_word' id='word_1_492' title='bbox 1201 783 1285 808; x_wconf 89' lang='lat' dir='ltr'><strong>esse.</strong></span> <span class='ocrx_word' id='word_1_493' title='bbox 1303 771 1376 809; x_wconf 92' lang='lat' dir='ltr'>Cur</span> <span class='ocrx_word' id='word_1_494' title='bbox 1389 784 1473 823; x_wconf 84' lang='lat' dir='ltr'><strong>ergo</strong></span> <span class='ocrx_word' id='word_1_495' title='bbox 1489 771 1593 808; x_wconf 90' lang='lat' dir='ltr'><strong>illum</strong></span> <span class='ocrx_word' id='word_1_496' title='bbox 1606 772 1828 809; x_wconf 83' lang='lat' dir='ltr'><strong>Nazarenum</strong></span> <span class='ocrx_word' id='word_1_497' title='bbox 1844 773 2026 824; x_wconf 84' lang='lat' dir='ltr'><strong>prophetae</strong></span> <span class='ocrx_word' id='word_1_498' title='bbox 2040 787 2063 812; x_wconf 76' lang='lat' dir='ltr'><strong>v</strong></span> <span class='ocrx_word' id='word_1_499' title='bbox 2065 774 2192 812; x_wconf 75' lang='lat' dir='ltr'><strong>ocant?</strong></span> 
     </span>
     <span class='ocr_line' id='line_1_64' title="bbox 1202 831 2192 882; baseline 0.004 -13"><span class='ocrx_word' id='word_1_500' title='bbox 1202 831 1308 878; x_wconf 91' lang='lat' dir='ltr'><strong>Quod</strong></span> <span class='ocrx_word' id='word_1_501' title='bbox 1323 832 1375 870; x_wconf 91' lang='lat' dir='ltr'>ibi</span> <span class='ocrx_word' id='word_1_502' title='bbox 1395 832 1566 870; x_wconf 85' lang='lat' dir='ltr'><strong>educatus</strong></span> <span class='ocrx_word' id='word_1_503' title='bbox 1581 833 1725 882; x_wconf 81' lang='lat' dir='ltr'><strong>fuisset,</strong></span> <span class='ocrx_word' id='word_1_504' title='bbox 1743 842 1776 871; x_wconf 89' lang='lat' dir='ltr'>et</span> <span class='ocrx_word' id='word_1_505' title='bbox 1790 834 1986 872; x_wconf 84' lang='lat' dir='ltr'><strong>mansisset.</strong></span> <span class='ocrx_word' id='word_1_506' title='bbox 2004 835 2084 872; x_wconf 90' lang='lat' dir='ltr'>Non</span> <span class='ocrx_word' id='word_1_507' title='bbox 2101 835 2192 874; x_wconf 89' lang='lat' dir='ltr'><strong>dicit</strong></span> 
     </span>
     <span class='ocr_line' id='line_1_65' title="bbox 1200 893 2192 944; baseline 0.004 -14"><span class='ocrx_word' id='word_1_508' title='bbox 1200 902 1319 930; x_wconf 88' lang='lat' dir='ltr'><strong>autem</strong></span> <span class='ocrx_word' id='word_1_509' title='bbox 1333 893 1518 943; x_wconf 90' lang='lat' dir='ltr'><strong>Christus,</strong></span> <span class='ocrx_word' id='word_1_510' title='bbox 1530 894 1609 931; x_wconf 88' lang='lat' dir='ltr'>Non</span> <span class='ocrx_word' id='word_1_511' title='bbox 1625 908 1704 932; x_wconf 89' lang='lat' dir='ltr'>sum</span> <span class='ocrx_word' id='word_1_512' title='bbox 1719 908 1763 932; x_wconf 75' lang='lat' dir='ltr'>ex</span> <span class='ocrx_word' id='word_1_513' title='bbox 1779 895 1931 932; x_wconf 86' lang='lat' dir='ltr'><strong>Nazaret</strong></span> <span class='ocrx_word' id='word_1_514' title='bbox 1941 925 1951 944; x_wconf 90' lang='lat'><strong>,</strong></span> <span class='ocrx_word' id='word_1_515' title='bbox 1970 904 2010 933; x_wconf 88' lang='lat' dir='ltr'>ut</span> <span class='ocrx_word' id='word_1_516' title='bbox 2021 895 2086 933; x_wconf 88' lang='lat' dir='ltr'><strong>tibi</strong></span> <span class='ocrx_word' id='word_1_517' title='bbox 2106 897 2192 934; x_wconf 91' lang='lat' dir='ltr'><strong>Phi-</strong></span> 
     </span>
     <span class='ocr_line' id='line_1_66' title="bbox 1200 955 2190 1008; baseline 0.004 -16"><span class='ocrx_word' id='word_1_518' title='bbox 1200 955 1320 1008; x_wconf 87' lang='lat' dir='ltr'><strong>lippus</strong></span> <span class='ocrx_word' id='word_1_519' title='bbox 1343 955 1545 1005; x_wconf 87' lang='lat' dir='ltr'><strong>nuntiavit,</strong></span> <span class='ocrx_word' id='word_1_520' title='bbox 1580 956 1640 994; x_wconf 88' lang='lat' dir='ltr'>sed</span> <span class='ocrx_word' id='word_1_521' title='bbox 1667 971 1712 994; x_wconf 76' lang='lat' dir='ltr'>ex</span> <span class='ocrx_word' id='word_1_522' title='bbox 1738 956 1968 1007; x_wconf 80' lang='lat' dir='ltr'><strong>Bethlehem,</strong></span> <span class='ocrx_word' id='word_1_523' title='bbox 1996 971 2040 995; x_wconf 87' lang='lat' dir='ltr'>ne</span> <span class='ocrx_word' id='word_1_524' title='bbox 2070 959 2190 996; x_wconf 84' lang='lat' dir='ltr'><strong>statim</strong></span> 
     </span>
     <span class='ocr_line' id='line_1_67' title="bbox 1200 1015 2190 1071; baseline 0.004 -18"><span class='ocrx_word' id='word_1_525' title='bbox 1200 1015 1458 1055; x_wconf 82' lang='lat' dir='ltr'><strong>dubitationem</strong></span> <span class='ocrx_word' id='word_1_526' title='bbox 1472 1017 1640 1070; x_wconf 90' lang='lat' dir='ltr'><strong>injiceret.</strong></span> <span class='ocrx_word' id='word_1_527' title='bbox 1659 1017 1715 1055; x_wconf 86' lang='lat' dir='ltr'><strong>Ad</strong></span> <span class='ocrx_word' id='word_1_528' title='bbox 1727 1018 1816 1069; x_wconf 87' lang='lat' dir='ltr'><strong>haec,</strong></span> <span class='ocrx_word' id='word_1_529' title='bbox 1843 1018 1980 1056; x_wconf 84' lang='lat' dir='ltr'><strong>etiamsi</strong></span> <span class='ocrx_word' id='word_1_530' title='bbox 1994 1018 2032 1056; x_wconf 90' lang='lat' dir='ltr'>id</span> <span class='ocrx_word' id='word_1_531' title='bbox 2046 1033 2190 1071; x_wconf 88' lang='lat' dir='ltr'><strong>persua-</strong></span> 
     </span>
     <span class='ocr_line' id='line_1_68' title="bbox 1200 1077 2186 1131; baseline 0.003 -16"><span class='ocrx_word' id='word_1_532' title='bbox 1200 1077 1320 1128; x_wconf 86' lang='lat' dir='ltr'><strong>sisset,</strong></span> <span class='ocrx_word' id='word_1_533' title='bbox 1342 1092 1412 1116; x_wconf 91' lang='lat' dir='ltr'>non</span> <span class='ocrx_word' id='word_1_534' title='bbox 1431 1078 1600 1117; x_wconf 90' lang='lat' dir='ltr'><strong>idoneum</strong></span> <span class='ocrx_word' id='word_1_535' title='bbox 1619 1088 1737 1117; x_wconf 86' lang='lat' dir='ltr'><strong>tamen</strong></span> <span class='ocrx_word' id='word_1_536' title='bbox 1764 1079 1859 1117; x_wconf 90' lang='lat' dir='ltr'><strong>illud</strong></span> <span class='ocrx_word' id='word_1_537' title='bbox 1883 1079 2060 1117; x_wconf 89' lang='lat' dir='ltr'><strong>indicium</strong></span> <span class='ocrx_word' id='word_1_538' title='bbox 2089 1090 2186 1131; x_wconf 86' lang='lat' dir='ltr'><strong>erat,</strong></span> 
     </span>
     <span class='ocr_line' id='line_1_69' title="bbox 1200 1137 2187 1191; baseline 0.002 -15"><span class='ocrx_word' id='word_1_539' title='bbox 1200 1137 1296 1189; x_wconf 89' lang='lat' dir='ltr'><strong>quod</strong></span> <span class='ocrx_word' id='word_1_540' title='bbox 1325 1139 1400 1191; x_wconf 90' lang='lat' dir='ltr'><strong>ipse</strong></span> <span class='ocrx_word' id='word_1_541' title='bbox 1436 1139 1600 1177; x_wconf 91' lang='lat' dir='ltr'><strong>Christus</strong></span> <span class='ocrx_word' id='word_1_542' title='bbox 1632 1149 1733 1178; x_wconf 88' lang='lat' dir='ltr'><strong>esset.</strong></span> <span class='ocrx_word' id='word_1_543' title='bbox 1766 1140 1865 1187; x_wconf 88' lang='lat' dir='ltr'><strong>Quid</strong></span> <span class='ocrx_word' id='word_1_544' title='bbox 1897 1140 1991 1178; x_wconf 90' lang='lat' dir='ltr'><strong>enim</strong></span> <span class='ocrx_word' id='word_1_545' title='bbox 2022 1141 2187 1190; x_wconf 86' lang='lat' dir='ltr'><strong>vetabat,</strong></span> 
     </span>
     <span class='ocr_line' id='line_1_70' title="bbox 1201 1199 2186 1249; baseline 0.003 -14"><span class='ocrx_word' id='word_1_546' title='bbox 1201 1212 1281 1236; x_wconf 90' lang='lat' dir='ltr'>eum</span> <span class='ocrx_word' id='word_1_547' title='bbox 1301 1200 1364 1249; x_wconf 91' lang='lat' dir='ltr'>qui</span> <span class='ocrx_word' id='word_1_548' title='bbox 1383 1199 1420 1237; x_wconf 89' lang='lat' dir='ltr'>in</span> <span class='ocrx_word' id='word_1_549' title='bbox 1439 1199 1651 1238; x_wconf 87' lang='lat' dir='ltr'><strong>Bethlehem</strong></span> <span class='ocrx_word' id='word_1_550' title='bbox 1666 1209 1771 1238; x_wconf 83' lang='lat' dir='ltr'><strong>natus</strong></span> <span class='ocrx_word' id='word_1_551' title='bbox 1791 1209 1879 1238; x_wconf 88' lang='lat' dir='ltr'><strong>esset</strong></span> <span class='ocrx_word' id='word_1_552' title='bbox 1895 1214 1965 1239; x_wconf 91' lang='lat' dir='ltr'>non</span> <span class='ocrx_word' id='word_1_553' title='bbox 1984 1215 2059 1239; x_wconf 87' lang='lat' dir='ltr'><strong>esse</strong></span> <span class='ocrx_word' id='word_1_554' title='bbox 2079 1201 2186 1239; x_wconf 87' lang='lat' dir='ltr'><strong>Chri-</strong></span> 
     </span>
     <span class='ocr_line' id='line_1_71' title="bbox 1198 1260 2186 1312; baseline 0.003 -16"><span class='ocrx_word' id='word_1_555' title='bbox 1198 1268 1307 1309; x_wconf 84' lang='lat' dir='ltr'><strong>stum,</strong></span> <span class='ocrx_word' id='word_1_556' title='bbox 1333 1269 1373 1297; x_wconf 90' lang='lat' dir='ltr'>ut</span> <span class='ocrx_word' id='word_1_557' title='bbox 1400 1268 1474 1298; x_wconf 89' lang='lat' dir='ltr'>tam</span> <span class='ocrx_word' id='word_1_558' title='bbox 1503 1260 1609 1297; x_wconf 91' lang='lat' dir='ltr'><strong>multi</strong></span> <span class='ocrx_word' id='word_1_559' title='bbox 1637 1260 1713 1298; x_wconf 91' lang='lat' dir='ltr'><strong>illic</strong></span> <span class='ocrx_word' id='word_1_560' title='bbox 1731 1260 1833 1298; x_wconf 76' lang='lat' dir='ltr'><strong>nati?</strong></span> <span class='ocrx_word' id='word_1_561' title='bbox 1855 1260 1931 1299; x_wconf 88' lang='lat' dir='ltr'>Hoc</span> <span class='ocrx_word' id='word_1_562' title='bbox 1950 1274 2034 1312; x_wconf 83' lang='lat' dir='ltr'><strong>ergo</strong></span> <span class='ocrx_word' id='word_1_563' title='bbox 2063 1261 2186 1311; x_wconf 88' lang='lat' dir='ltr'><strong>mittit,</strong></span> 
     </span>
     <span class='ocr_line' id='line_1_72' title="bbox 1199 1320 2189 1375; baseline 0.003 -17"><span class='ocrx_word' id='word_1_564' title='bbox 1199 1320 1365 1372; x_wconf 89' lang='lat' dir='ltr'><strong>quodque</strong></span> <span class='ocrx_word' id='word_1_565' title='bbox 1387 1321 1492 1359; x_wconf 90' lang='lat' dir='ltr'><strong>illum</strong></span> <span class='ocrx_word' id='word_1_566' title='bbox 1507 1321 1621 1373; x_wconf 84' lang='lat' dir='ltr'><strong>magis</strong></span> <span class='ocrx_word' id='word_1_567' title='bbox 1639 1320 1686 1359; x_wconf 90' lang='lat' dir='ltr'>ad</span> <span class='ocrx_word' id='word_1_568' title='bbox 1701 1320 1915 1359; x_wconf 87' lang='lat' dir='ltr'><strong>credendum</strong></span> <span class='ocrx_word' id='word_1_569' title='bbox 1931 1322 2070 1360; x_wconf 82' lang='lat' dir='ltr'><strong>trahere</strong></span> <span class='ocrx_word' id='word_1_570' title='bbox 2089 1331 2189 1375; x_wconf 85' lang='lat' dir='ltr'><strong>pote-</strong></span> 
     </span>
     <span class='ocr_line' id='line_1_73' title="bbox 1199 1382 2186 1435; baseline 0.003 -16"><span class='ocrx_word' id='word_1_571' title='bbox 1199 1391 1266 1433; x_wconf 83' lang='lat' dir='ltr'><strong>rat,</strong></span> <span class='ocrx_word' id='word_1_572' title='bbox 1297 1382 1335 1420; x_wconf 91' lang='lat' dir='ltr'>id</span> <span class='ocrx_word' id='word_1_573' title='bbox 1357 1382 1446 1433; x_wconf 70' lang='lat' dir='ltr'><strong>ogit,</strong></span> <span class='ocrx_word' id='word_1_574' title='bbox 1476 1382 1563 1421; x_wconf 91' lang='lat' dir='ltr'>dum</span> <span class='ocrx_word' id='word_1_575' title='bbox 1592 1382 1746 1425; x_wconf 76' lang='lat' dir='ltr'><strong>declarat</strong></span> <span class='ocrx_word' id='word_1_576' title='bbox 1774 1397 1811 1421; x_wconf 89' lang='lat' dir='ltr'>se</span> <span class='ocrx_word' id='word_1_577' title='bbox 1837 1382 1981 1422; x_wconf 85' lang='lat' dir='ltr'><strong>illorum</strong></span> <span class='ocrx_word' id='word_1_578' title='bbox 2009 1384 2186 1435; x_wconf 92' lang='lat' dir='ltr'><strong>colloquio</strong></span> 
     </span>
     <span class='ocr_line' id='line_1_74' title="bbox 1150 1443 2182 1496; baseline 0.005 -16"><span class='ocrx_word' id='word_1_579' title='bbox 1150 1443 1174 1471; x_wconf 87' lang='lat' dir='ltr'>D</span> <span class='ocrx_word' id='word_1_580' title='bbox 1198 1453 1404 1494; x_wconf 75' lang='lat' dir='ltr'><strong>praesentem</strong></span> <span class='ocrx_word' id='word_1_581' title='bbox 1431 1443 1552 1481; x_wconf 85' lang='lat' dir='ltr'><strong>fuisse.</strong></span> <span class='ocrx_word' id='word_1_582' title='bbox 1585 1443 1678 1481; x_wconf 91' lang='lat' dir='ltr'>Cum</span> <span class='ocrx_word' id='word_1_583' title='bbox 1707 1443 1857 1482; x_wconf 76' lang='lat' dir='ltr'><strong>dixisset</strong></span> <span class='ocrx_word' id='word_1_584' title='bbox 1891 1459 1975 1496; x_wconf 85' lang='lat' dir='ltr'><strong>ergo</strong></span> <span class='ocrx_word' id='word_1_585' title='bbox 1996 1445 2057 1484; x_wconf 84' lang='lat' dir='ltr'><strong>ille</strong></span> <span class='ocrx_word' id='word_1_586' title='bbox 2084 1462 2092 1482; x_wconf 88' lang='lat'><strong>:</strong></span> <span class='ocrx_word' id='word_1_587' title='bbox 2115 1446 2182 1485; x_wconf 69' lang='lat'>48.</span> 
     </span>
     <span class='ocr_line' id='line_1_75' title="bbox 1204 1504 2184 1558; baseline 0.005 -18"><span class='ocrx_word' id='word_1_588' title='bbox 1204 1504 1314 1540; x_wconf 78' lang='lat' dir='ltr'><strong>Unde</strong></span> <span class='ocrx_word' id='word_1_589' title='bbox 1326 1517 1385 1541; x_wconf 83' lang='lat' dir='ltr'>me</span> <span class='ocrx_word' id='word_1_590' title='bbox 1400 1507 1500 1542; x_wconf 81' lang='lat' dir='ltr'><strong>nosti</strong></span> <span class='ocrx_word' id='word_1_591' title='bbox 1513 1507 1528 1540; x_wconf 74' lang='grc' dir='ltr'><em>Ρ</em></span> <span class='ocrx_word' id='word_1_592' title='bbox 1544 1505 1740 1556; x_wconf 79' lang='lat' dir='ltr'><strong>respondit</strong></span> <span class='ocrx_word' id='word_1_593' title='bbox 1753 1520 1763 1540; x_wconf 91' lang='lat'><em>:</em></span> <span class='ocrx_word' id='word_1_594' title='bbox 1785 1506 2021 1558; x_wconf 76' lang='lat' dir='ltr'><strong>Priusquam</strong></span> <span class='ocrx_word' id='word_1_595' title='bbox 2039 1515 2074 1544; x_wconf 81' lang='lat' dir='ltr'>te</span> <span class='ocrx_word' id='word_1_596' title='bbox 2089 1509 2184 1545; x_wconf 81' lang='lat' dir='ltr'><strong>Phi-</strong></span> 
     </span>
     <span class='ocr_line' id='line_1_76' title="bbox 1201 1564 2185 1618; baseline 0.005 -17"><span class='ocrx_word' id='word_1_597' title='bbox 1201 1564 1331 1616; x_wconf 16' lang='lat' dir='ltr'><strong>lippus*</strong></span> <span class='ocrx_word' id='word_1_598' title='bbox 1368 1574 1552 1612; x_wconf 82' lang='lat' dir='ltr'><strong>vocaret,</strong></span> <span class='ocrx_word' id='word_1_599' title='bbox 1596 1578 1683 1602; x_wconf 83' lang='lat' dir='ltr'>cum</span> <span class='ocrx_word' id='word_1_600' title='bbox 1718 1579 1817 1604; x_wconf 78' lang='lat' dir='ltr'><strong>esses</strong></span> <span class='ocrx_word' id='word_1_601' title='bbox 1863 1568 1934 1604; x_wconf 81' lang='lat' dir='ltr'>sub</span> <span class='ocrx_word' id='word_1_602' title='bbox 1951 1567 2062 1618; x_wconf 83' lang='lat' dir='ltr'><strong>ficu,</strong></span> <span class='ocrx_word' id='word_1_603' title='bbox 2108 1570 2185 1606; x_wconf 68' lang='lat' dir='ltr'><strong>vidi</strong></span> 
     </span>
     <span class='ocr_line' id='line_1_77' title="bbox 1200 1625 2185 1666; baseline 0.003 -3"><span class='ocrx_word' id='word_1_604' title='bbox 1200 1634 1249 1663; x_wconf 81' lang='lat' dir='ltr'>te.</span> <span class='ocrx_word' id='word_1_605' title='bbox 1292 1625 1387 1664; x_wconf 82' lang='lat' dir='ltr'><strong>Vide</strong></span> <span class='ocrx_word' id='word_1_606' title='bbox 1431 1626 1522 1664; x_wconf 90' lang='lat' dir='ltr'><strong>mihi</strong></span> <span class='ocrx_word' id='word_1_607' title='bbox 1555 1626 1738 1664; x_wconf 88' lang='lat' dir='ltr'><strong>hominem</strong></span> <span class='ocrx_word' id='word_1_608' title='bbox 1791 1636 2009 1665; x_wconf 84' lang='lat' dir='ltr'><strong>constantem</strong></span> <span class='ocrx_word' id='word_1_609' title='bbox 2054 1637 2088 1666; x_wconf 90' lang='lat' dir='ltr'>et</span> <span class='ocrx_word' id='word_1_610' title='bbox 2124 1629 2185 1666; x_wconf 85' lang='lat' dir='ltr'><strong>fir-</strong></span> 
     </span>
     <span class='ocr_line' id='line_1_78' title="bbox 1198 1687 2185 1737; baseline 0.005 -14"><span class='ocrx_word' id='word_1_611' title='bbox 1198 1700 1309 1724; x_wconf 87' lang='lat' dir='ltr'><strong>mum.</strong></span> <span class='ocrx_word' id='word_1_612' title='bbox 1364 1687 1455 1725; x_wconf 92' lang='lat' dir='ltr'>Cum</span> <span class='ocrx_word' id='word_1_613' title='bbox 1498 1687 1649 1726; x_wconf 83' lang='lat' dir='ltr'><strong>dixisset</strong></span> <span class='ocrx_word' id='word_1_614' title='bbox 1700 1687 1795 1725; x_wconf 90' lang='lat' dir='ltr'><strong>enim</strong></span> <span class='ocrx_word' id='word_1_615' title='bbox 1847 1687 2033 1737; x_wconf 89' lang='lat' dir='ltr'><strong>Christus,</strong></span> <span class='ocrx_word' id='word_1_616' title='bbox 2083 1691 2185 1728; x_wconf 77' lang='lat' dir='ltr'><strong>Ecce</strong></span> 
     </span>
     <span class='ocr_line' id='line_1_79' title="bbox 1197 1749 2183 1799; baseline 0.004 -14"><span class='ocrx_word' id='word_1_617' title='bbox 1197 1762 1290 1786; x_wconf 80' lang='lat' dir='ltr'><strong>vere</strong></span> <span class='ocrx_word' id='word_1_618' title='bbox 1334 1749 1540 1797; x_wconf 68' lang='lat' dir='ltr'><strong>Israelita,</strong></span> <span class='ocrx_word' id='word_1_619' title='bbox 1577 1763 1647 1787; x_wconf 90' lang='lat' dir='ltr'>non</span> <span class='ocrx_word' id='word_1_620' title='bbox 1682 1749 1852 1787; x_wconf 86' lang='lat' dir='ltr'><strong>laudibus</strong></span> <span class='ocrx_word' id='word_1_621' title='bbox 1891 1750 2072 1788; x_wconf 89' lang='lat' dir='ltr'><strong>emollitus</strong></span> <span class='ocrx_word' id='word_1_622' title='bbox 2111 1759 2183 1799; x_wconf 88' lang='lat' dir='ltr'><strong>est,</strong></span> 
     </span>
     <span class='ocr_line' id='line_1_80' title="bbox 1197 1809 2185 1863; baseline 0.003 -16"><span class='ocrx_word' id='word_1_623' title='bbox 1197 1822 1266 1847; x_wconf 87' lang='lat' dir='ltr'>non</span> <span class='ocrx_word' id='word_1_624' title='bbox 1306 1810 1475 1848; x_wconf 88' lang='lat' dir='ltr'><strong>encomiis</strong></span> <span class='ocrx_word' id='word_1_625' title='bbox 1511 1819 1648 1863; x_wconf 79' lang='lat' dir='ltr'><strong>raptus,</strong></span> <span class='ocrx_word' id='word_1_626' title='bbox 1680 1809 1742 1848; x_wconf 88' lang='lat' dir='ltr'>sed</span> <span class='ocrx_word' id='word_1_627' title='bbox 1768 1819 1903 1862; x_wconf 87' lang='lat' dir='ltr'><strong>perstat</strong></span> <span class='ocrx_word' id='word_1_628' title='bbox 1937 1811 2117 1862; x_wconf 87' lang='lat' dir='ltr'><strong>inquirens</strong></span> <span class='ocrx_word' id='word_1_629' title='bbox 2151 1822 2185 1850; x_wconf 87' lang='lat' dir='ltr'>et</span> 
     </span>
     <span class='ocr_line' id='line_1_81' title="bbox 1197 1870 2185 1925; baseline 0.003 -17"><span class='ocrx_word' id='word_1_630' title='bbox 1197 1870 1396 1908; x_wconf 84' lang='lat' dir='ltr'><strong>accuratius</strong></span> <span class='ocrx_word' id='word_1_631' title='bbox 1427 1871 1640 1924; x_wconf 81' lang='lat' dir='ltr'><strong>explorans,</strong></span> <span class='ocrx_word' id='word_1_632' title='bbox 1663 1871 1814 1922; x_wconf 80' lang='lat' dir='ltr'><strong>vultque</strong></span> <span class='ocrx_word' id='word_1_633' title='bbox 1842 1871 1978 1909; x_wconf 88' lang='lat' dir='ltr'><strong>clarum</strong></span> <span class='ocrx_word' id='word_1_634' title='bbox 1997 1872 2185 1925; x_wconf 86' lang='lat' dir='ltr'><strong>quidpiam</strong></span> 
     </span>
     <span class='ocr_line' id='line_1_82' title="bbox 1197 1931 2183 1986; baseline 0.003 -17"><span class='ocrx_word' id='word_1_635' title='bbox 1197 1931 1362 1970; x_wconf 84' lang='lat' dir='ltr'><strong>ediscere.</strong></span> <span class='ocrx_word' id='word_1_636' title='bbox 1395 1933 1475 1985; x_wconf 83' lang='lat' dir='ltr'><strong>Ipse</strong></span> <span class='ocrx_word' id='word_1_637' title='bbox 1500 1933 1610 1985; x_wconf 85' lang='lat' dir='ltr'><strong>igitur</strong></span> <span class='ocrx_word' id='word_1_638' title='bbox 1646 1942 1686 1971; x_wconf 89' lang='lat' dir='ltr'>ut</span> <span class='ocrx_word' id='word_1_639' title='bbox 1717 1933 1824 1971; x_wconf 85' lang='lat' dir='ltr'><strong>homo</strong></span> <span class='ocrx_word' id='word_1_640' title='bbox 1852 1933 1970 1972; x_wconf 85' lang='lat' dir='ltr'><strong>adhuc</strong></span> <span class='ocrx_word' id='word_1_641' title='bbox 1988 1934 2183 1986; x_wconf 83' lang='lat' dir='ltr'><strong>perquirit,</strong></span> 
     </span>
     <span class='ocr_line' id='line_1_83' title="bbox 1147 1994 2184 2047; baseline 0.001 -14"><span class='ocrx_word' id='word_1_642' title='bbox 1147 2009 1170 2038; x_wconf 78' lang='grc' dir='ltr'>Ε</span> <span class='ocrx_word' id='word_1_643' title='bbox 1197 1995 1299 2033; x_wconf 85' lang='lat' dir='ltr'><strong>Jesus</strong></span> <span class='ocrx_word' id='word_1_644' title='bbox 1336 2004 1454 2033; x_wconf 90' lang='lat' dir='ltr'><strong>autem</strong></span> <span class='ocrx_word' id='word_1_645' title='bbox 1491 2003 1531 2032; x_wconf 86' lang='lat' dir='ltr'>ut</span> <span class='ocrx_word' id='word_1_646' title='bbox 1564 1996 1662 2033; x_wconf 85' lang='lat' dir='ltr'><strong>Deus</strong></span> <span class='ocrx_word' id='word_1_647' title='bbox 1694 1994 1905 2047; x_wconf 80' lang='lat' dir='ltr'><strong>respondet,</strong></span> <span class='ocrx_word' id='word_1_648' title='bbox 1934 1997 2015 2035; x_wconf 87' lang='lat' dir='ltr'>Jam</span> <span class='ocrx_word' id='word_1_649' title='bbox 2044 2005 2078 2033; x_wconf 91' lang='lat' dir='ltr'>te</span> <span class='ocrx_word' id='word_1_650' title='bbox 2103 2006 2184 2035; x_wconf 81' lang='lat' dir='ltr'><strong>ante</strong></span> 
     </span>
     <span class='ocr_line' id='line_1_84' title="bbox 1197 2054 2184 2108; baseline 0.002 -15"><span class='ocrx_word' id='word_1_651' title='bbox 1197 2054 1273 2093; x_wconf 82' lang='lat' dir='ltr'><strong>vidi</strong></span> <span class='ocrx_word' id='word_1_652' title='bbox 1284 2071 1297 2106; x_wconf 76' lang='lat'>3</span> <span class='ocrx_word' id='word_1_653' title='bbox 1332 2070 1472 2094; x_wconf 85' lang='lat' dir='ltr'><strong>morum</strong></span> <span class='ocrx_word' id='word_1_654' title='bbox 1510 2056 1642 2108; x_wconf 89' lang='lat' dir='ltr'><strong>quippe</strong></span> <span class='ocrx_word' id='word_1_655' title='bbox 1680 2057 1757 2108; x_wconf 77' lang='lat' dir='ltr'><strong>ejus</strong></span> <span class='ocrx_word' id='word_1_656' title='bbox 1787 2056 2012 2107; x_wconf 60' lang='lat' dir='ltr'><strong>aequitatem,</strong></span> <span class='ocrx_word' id='word_1_657' title='bbox 2042 2071 2111 2095; x_wconf 89' lang='lat' dir='ltr'>non</span> <span class='ocrx_word' id='word_1_658' title='bbox 2145 2067 2184 2095; x_wconf 89' lang='lat' dir='ltr'>ut</span> 
     </span>
     <span class='ocr_line' id='line_1_85' title="bbox 1196 2116 2183 2171; baseline 0.003 -17"><span class='ocrx_word' id='word_1_659' title='bbox 1196 2116 1303 2155; x_wconf 90' lang='lat' dir='ltr'><strong>homo</strong></span> <span class='ocrx_word' id='word_1_660' title='bbox 1346 2117 1409 2168; x_wconf 91' lang='lat' dir='ltr'>qui</span> <span class='ocrx_word' id='word_1_661' title='bbox 1460 2118 1581 2170; x_wconf 87' lang='lat' dir='ltr'><strong>ipsum</strong></span> <span class='ocrx_word' id='word_1_662' title='bbox 1634 2127 1804 2171; x_wconf 88' lang='lat' dir='ltr'><strong>sequutus</strong></span> <span class='ocrx_word' id='word_1_663' title='bbox 1850 2127 1958 2168; x_wconf 89' lang='lat' dir='ltr'><strong>esset,</strong></span> <span class='ocrx_word' id='word_1_664' title='bbox 2005 2118 2066 2156; x_wconf 89' lang='lat' dir='ltr'>sed</span> <span class='ocrx_word' id='word_1_665' title='bbox 2106 2120 2183 2171; x_wconf 87' lang='lat' dir='ltr'>jam</span> 
     </span>
     <span class='ocr_line' id='line_1_86' title="bbox 1196 2179 2181 2231; baseline 0.004 -15"><span class='ocrx_word' id='word_1_666' title='bbox 1196 2179 1282 2218; x_wconf 88' lang='lat' dir='ltr'><strong>olim</strong></span> <span class='ocrx_word' id='word_1_667' title='bbox 1317 2189 1356 2217; x_wconf 90' lang='lat' dir='ltr'>ut</span> <span class='ocrx_word' id='word_1_668' title='bbox 1385 2181 1482 2219; x_wconf 88' lang='lat' dir='ltr'><strong>Deus</strong></span> <span class='ocrx_word' id='word_1_669' title='bbox 1513 2190 1682 2219; x_wconf 74' lang='lat' dir='ltr'><strong>noverat:</strong></span> <span class='ocrx_word' id='word_1_670' title='bbox 1717 2190 1764 2231; x_wconf 85' lang='lat' dir='ltr'>et,</span> <span class='ocrx_word' id='word_1_671' title='bbox 1805 2181 1908 2218; x_wconf 84' lang='lat' dir='ltr'><strong>Nunc</strong></span> <span class='ocrx_word' id='word_1_672' title='bbox 1938 2181 2015 2219; x_wconf 74' lang='lat' dir='ltr'><strong>vidi</strong></span> <span class='ocrx_word' id='word_1_673' title='bbox 2048 2190 2081 2220; x_wconf 88' lang='lat' dir='ltr'>te</span> <span class='ocrx_word' id='word_1_674' title='bbox 2115 2184 2181 2220; x_wconf 87' lang='lat' dir='ltr'>sub</span> 
     </span>
     <span class='ocr_line' id='line_1_87' title="bbox 1194 2241 2182 2295; baseline 0.003 -17"><span class='ocrx_word' id='word_1_675' title='bbox 1194 2241 1290 2291; x_wconf 84' lang='lat' dir='ltr'><strong>ficu,</strong></span> <span class='ocrx_word' id='word_1_676' title='bbox 1327 2256 1409 2279; x_wconf 88' lang='lat' dir='ltr'>cum</span> <span class='ocrx_word' id='word_1_677' title='bbox 1446 2242 1568 2280; x_wconf 90' lang='lat' dir='ltr'><strong>nullus</strong></span> <span class='ocrx_word' id='word_1_678' title='bbox 1598 2242 1649 2280; x_wconf 91' lang='lat' dir='ltr'>ibi</span> <span class='ocrx_word' id='word_1_679' title='bbox 1684 2242 1841 2292; x_wconf 85' lang='lat' dir='ltr'><strong>adesset,</strong></span> <span class='ocrx_word' id='word_1_680' title='bbox 1886 2243 1955 2280; x_wconf 77' lang='lat' dir='ltr'><strong>nisi</strong></span> <span class='ocrx_word' id='word_1_681' title='bbox 1990 2243 2182 2295; x_wconf 87' lang='lat' dir='ltr'><strong>Philippus</strong></span> 
     </span>
    </p>
   </div>
   <div class='ocr_carea' id='block_1_11' title="bbox 613 2297 2180 2354">
    <p class='ocr_par' dir='ltr' id='par_1_11' title="bbox 613 2297 2180 2354">
     <span class='ocr_line' id='line_1_88' title="bbox 613 2297 2180 2354; baseline 0.003 -17"><span class='ocrx_word' id='word_1_682' title='bbox 613 2297 690 2336; x_wconf 59' lang='grc' dir='ltr'>ᾱῗνα</span> <span class='ocrx_word' id='word_1_683' title='bbox 709 2298 803 2350; x_wconf 81' lang='grc' dir='ltr'>μάθῃ</span> <span class='ocrx_word' id='word_1_684' title='bbox 819 2298 873 2337; x_wconf 80' lang='grc' dir='ltr'>ὅτι</span> <span class='ocrx_word' id='word_1_685' title='bbox 889 2298 970 2350; x_wconf 83' lang='grc' dir='ltr'>πρὶν</span> <span class='ocrx_word' id='word_1_686' title='bbox 992 2297 1121 2346; x_wconf 80' lang='grc' dir='ltr'>ἢπλη-</span> <span class='ocrx_word' id='word_1_687' title='bbox 1133 2330 1182 2354; x_wconf 64' lang='lat'>113</span> <span class='ocrx_word' id='word_1_688' title='bbox 1195 2310 1228 2340; x_wconf 89' lang='lat' dir='ltr'>et</span> <span class='ocrx_word' id='word_1_689' title='bbox 1262 2302 1484 2353; x_wconf 87' lang='lat' dir='ltr'><strong>Nathanael,</strong></span> <span class='ocrx_word' id='word_1_690' title='bbox 1521 2303 1582 2354; x_wconf 90' lang='lat' dir='ltr'>qui</span> <span class='ocrx_word' id='word_1_691' title='bbox 1616 2303 1761 2341; x_wconf 90' lang='lat' dir='ltr'><strong>seorsim</strong></span> <span class='ocrx_word' id='word_1_692' title='bbox 1792 2303 1845 2340; x_wconf 90' lang='lat' dir='ltr'>ibi</span> <span class='ocrx_word' id='word_1_693' title='bbox 1878 2303 1953 2341; x_wconf 83' lang='lat' dir='ltr'>haec</span> <span class='ocrx_word' id='word_1_694' title='bbox 1988 2304 2180 2354; x_wconf 86' lang='lat' dir='ltr'><strong>loqueban-</strong></span> 
     </span>
    </p>
   </div>
   <div class='ocr_carea' id='block_1_12' title="bbox 1144 2362 2180 3150">
    <p class='ocr_par' dir='ltr' id='par_1_12' title="bbox 1145 2362 2180 3090">
     <span class='ocr_line' id='line_1_89' title="bbox 1145 2362 2175 2416; baseline 0.001 -16"><span class='ocrx_word' id='word_1_695' title='bbox 1145 2367 1169 2396; x_wconf 86' lang='grc' dir='ltr'>Α</span> <span class='ocrx_word' id='word_1_696' title='bbox 1194 2371 1262 2400; x_wconf 84' lang='lat' dir='ltr'><strong>tur.</strong></span> <span class='ocrx_word' id='word_1_697' title='bbox 1286 2362 1372 2401; x_wconf 89' lang='lat' dir='ltr'><strong>Ideo</strong></span> <span class='ocrx_word' id='word_1_698' title='bbox 1403 2362 1538 2401; x_wconf 89' lang='lat' dir='ltr'><strong>dictum</strong></span> <span class='ocrx_word' id='word_1_699' title='bbox 1573 2372 1644 2401; x_wconf 89' lang='lat' dir='ltr'><strong>est:</strong></span> <span class='ocrx_word' id='word_1_700' title='bbox 1676 2365 1817 2401; x_wconf 83' lang='lat' dir='ltr'><strong>Videns</strong></span> <span class='ocrx_word' id='word_1_701' title='bbox 1850 2365 1964 2400; x_wconf 82' lang='lat' dir='ltr'><strong>illum</strong></span> <span class='ocrx_word' id='word_1_702' title='bbox 1991 2378 2016 2401; x_wconf 88' lang='lat' dir='ltr'><em>a</em></span> <span class='ocrx_word' id='word_1_703' title='bbox 2050 2365 2175 2416; x_wconf 78' lang='lat' dir='ltr'><strong>longe,</strong></span> 
     </span>
     <span class='ocr_line' id='line_1_90' title="bbox 1194 2423 2179 2474; baseline 0.001 -13"><span class='ocrx_word' id='word_1_704' title='bbox 1194 2425 1295 2462; x_wconf 69' lang='lat' dir='ltr'><strong>dixit</strong></span> <span class='ocrx_word' id='word_1_705' title='bbox 1317 2440 1326 2460; x_wconf 92' lang='lat'><em>:</em></span> <span class='ocrx_word' id='word_1_706' title='bbox 1349 2426 1452 2462; x_wconf 85' lang='lat' dir='ltr'><strong>Ecce</strong></span> <span class='ocrx_word' id='word_1_707' title='bbox 1471 2439 1563 2463; x_wconf 71' lang='lat' dir='ltr'><strong>‘vere</strong></span> <span class='ocrx_word' id='word_1_708' title='bbox 1578 2425 1763 2462; x_wconf 66' lang='lat' dir='ltr'><strong>Israelita</strong></span> <span class='ocrx_word' id='word_1_709' title='bbox 1782 2440 1792 2459; x_wconf 91' lang='lat'><em>:</em></span> <span class='ocrx_word' id='word_1_710' title='bbox 1809 2433 1848 2461; x_wconf 88' lang='lat' dir='ltr'>ut</span> <span class='ocrx_word' id='word_1_711' title='bbox 1861 2423 2053 2474; x_wconf 86' lang='lat' dir='ltr'><strong>edisceret,</strong></span> <span class='ocrx_word' id='word_1_712' title='bbox 2071 2425 2179 2463; x_wconf 87' lang='lat' dir='ltr'><strong>etiam</strong></span> 
     </span>
     <span class='ocr_line' id='line_1_91' title="bbox 1193 2485 2180 2537; baseline 0.001 -14"><span class='ocrx_word' id='word_1_713' title='bbox 1193 2495 1382 2536; x_wconf 85' lang='lat' dir='ltr'><strong>antequam</strong></span> <span class='ocrx_word' id='word_1_714' title='bbox 1411 2486 1602 2537; x_wconf 89' lang='lat' dir='ltr'><strong>Philippus</strong></span> <span class='ocrx_word' id='word_1_715' title='bbox 1635 2485 1854 2535; x_wconf 75' lang='lat' dir='ltr'><strong>adventaret,</strong></span> <span class='ocrx_word' id='word_1_716' title='bbox 1875 2486 1951 2523; x_wconf 88' lang='lat' dir='ltr'>haec</span> <span class='ocrx_word' id='word_1_717' title='bbox 1990 2486 2180 2537; x_wconf 88' lang='lat' dir='ltr'><strong>loquutum</strong></span> 
     </span>
     <span class='ocr_line' id='line_1_92' title="bbox 1194 2546 2177 2597; baseline 0.002 -13"><span class='ocrx_word' id='word_1_718' title='bbox 1194 2546 1379 2584; x_wconf 89' lang='lat' dir='ltr'><strong>Christum</strong></span> <span class='ocrx_word' id='word_1_719' title='bbox 1403 2560 1477 2584; x_wconf 90' lang='lat' dir='ltr'><strong>esse</strong></span> <span class='ocrx_word' id='word_1_720' title='bbox 1488 2576 1499 2595; x_wconf 95' lang='lat'><strong>,</strong></span> <span class='ocrx_word' id='word_1_721' title='bbox 1515 2559 1558 2583; x_wconf 92' lang='lat' dir='ltr'>ne</span> <span class='ocrx_word' id='word_1_722' title='bbox 1575 2554 1777 2597; x_wconf 87' lang='lat' dir='ltr'><strong>suspectum</strong></span> <span class='ocrx_word' id='word_1_723' title='bbox 1803 2546 2047 2585; x_wconf 88' lang='lat' dir='ltr'><strong>testimonium</strong></span> <span class='ocrx_word' id='word_1_724' title='bbox 2064 2548 2177 2586; x_wconf 86' lang='lat' dir='ltr'><strong>habe-</strong></span> 
     </span>
     <span class='ocr_line' id='line_1_93' title="bbox 1194 2606 2179 2659; baseline 0.003 -15"><span class='ocrx_word' id='word_1_725' title='bbox 1194 2615 1257 2644; x_wconf 86' lang='lat' dir='ltr'><strong>ret.</strong></span> <span class='ocrx_word' id='word_1_726' title='bbox 1277 2607 1430 2658; x_wconf 88' lang='lat' dir='ltr'><strong>Ideoque</strong></span> <span class='ocrx_word' id='word_1_727' title='bbox 1468 2615 1501 2644; x_wconf 90' lang='lat' dir='ltr'>et</span> <span class='ocrx_word' id='word_1_728' title='bbox 1535 2615 1672 2659; x_wconf 84' lang='lat' dir='ltr'><strong>tempus</strong></span> <span class='ocrx_word' id='word_1_729' title='bbox 1693 2606 1787 2644; x_wconf 80' lang='lat' dir='ltr'><strong>dixit</strong></span> <span class='ocrx_word' id='word_1_730' title='bbox 1808 2616 1841 2645; x_wconf 88' lang='lat' dir='ltr'>et</span> <span class='ocrx_word' id='word_1_731' title='bbox 1861 2607 1980 2645; x_wconf 88' lang='lat' dir='ltr'><strong>locum</strong></span> <span class='ocrx_word' id='word_1_732' title='bbox 1993 2639 2002 2657; x_wconf 90' lang='lat'><strong>,</strong></span> <span class='ocrx_word' id='word_1_733' title='bbox 2023 2617 2057 2646; x_wconf 91' lang='lat' dir='ltr'>et</span> <span class='ocrx_word' id='word_1_734' title='bbox 2076 2610 2179 2647; x_wconf 87' lang='lat' dir='ltr'><strong>arbo-</strong></span> 
     </span>
     <span class='ocr_line' id='line_1_94' title="bbox 1193 2667 2178 2725; baseline 0.003 -19"><span class='ocrx_word' id='word_1_735' title='bbox 1193 2683 1279 2707; x_wconf 86' lang='lat' dir='ltr'><strong>rem.</strong></span> <span class='ocrx_word' id='word_1_736' title='bbox 1300 2670 1394 2707; x_wconf 85' lang='lat' dir='ltr'>Nam</span> <span class='ocrx_word' id='word_1_737' title='bbox 1414 2668 1444 2706; x_wconf 89' lang='lat' dir='ltr'>si</span> <span class='ocrx_word' id='word_1_738' title='bbox 1462 2677 1601 2706; x_wconf 82' lang='lat' dir='ltr'><strong>tantum</strong></span> <span class='ocrx_word' id='word_1_739' title='bbox 1623 2667 1792 2718; x_wconf 73' lang='lat' dir='ltr'><strong>dixisset,</strong></span> <span class='ocrx_word' id='word_1_740' title='bbox 1813 2671 2012 2721; x_wconf 89' lang='lat' dir='ltr'><strong>Antequam</strong></span> <span class='ocrx_word' id='word_1_741' title='bbox 2033 2671 2178 2725; x_wconf 85' lang='lat' dir='ltr'><strong>Philip-</strong></span> 
     </span>
     <span class='ocr_line' id='line_1_95' title="bbox 1195 2728 2180 2784; baseline 0.005 -18"><span class='ocrx_word' id='word_1_742' title='bbox 1195 2743 1262 2782; x_wconf 87' lang='lat' dir='ltr'>pus</span> <span class='ocrx_word' id='word_1_743' title='bbox 1291 2729 1440 2779; x_wconf 68' lang='lat' dir='ltr'><strong>veniret,</strong></span> <span class='ocrx_word' id='word_1_744' title='bbox 1477 2738 1510 2767; x_wconf 90' lang='lat' dir='ltr'>te</span> <span class='ocrx_word' id='word_1_745' title='bbox 1542 2728 1726 2779; x_wconf 83' lang='lat' dir='ltr'><strong>videram,</strong></span> <span class='ocrx_word' id='word_1_746' title='bbox 1765 2744 1820 2768; x_wconf 90' lang='lat' dir='ltr'>res</span> <span class='ocrx_word' id='word_1_747' title='bbox 1851 2741 2014 2784; x_wconf 85' lang='lat' dir='ltr'><strong>suspecta</strong></span> <span class='ocrx_word' id='word_1_748' title='bbox 2034 2733 2157 2771; x_wconf 87' lang='lat' dir='ltr'><strong>fuisset</strong></span> <span class='ocrx_word' id='word_1_749' title='bbox 2170 2763 2180 2777; x_wconf 77' lang='lat'>‚</span> 
     </span>
     <span class='ocr_line' id='line_1_96' title="bbox 1195 2791 2180 2846; baseline 0.004 -18"><span class='ocrx_word' id='word_1_750' title='bbox 1195 2791 1295 2842; x_wconf 87' lang='lat' dir='ltr'><strong>quasi</strong></span> <span class='ocrx_word' id='word_1_751' title='bbox 1321 2791 1397 2843; x_wconf 89' lang='lat' dir='ltr'><strong>ipse</strong></span> <span class='ocrx_word' id='word_1_752' title='bbox 1425 2791 1577 2829; x_wconf 87' lang='lat' dir='ltr'><strong>misisset</strong></span> <span class='ocrx_word' id='word_1_753' title='bbox 1604 2791 1839 2845; x_wconf 88' lang='lat' dir='ltr'><strong>Philippum,</strong></span> <span class='ocrx_word' id='word_1_754' title='bbox 1866 2793 2030 2845; x_wconf 90' lang='lat' dir='ltr'><strong>nihilque</strong></span> <span class='ocrx_word' id='word_1_755' title='bbox 2060 2796 2180 2846; x_wconf 83' lang='lat' dir='ltr'><strong>magni</strong></span> 
     </span>
     <span class='ocr_line' id='line_1_97' title="bbox 1194 2853 2179 2907; baseline 0.003 -16"><span class='ocrx_word' id='word_1_756' title='bbox 1194 2853 1325 2892; x_wconf 86' lang='lat' dir='ltr'><strong>diceret</strong></span> <span class='ocrx_word' id='word_1_757' title='bbox 1336 2870 1348 2905; x_wconf 71' lang='lat'><em>3</em></span> <span class='ocrx_word' id='word_1_758' title='bbox 1366 2867 1460 2891; x_wconf 89' lang='lat' dir='ltr'><strong>nunc</strong></span> <span class='ocrx_word' id='word_1_759' title='bbox 1478 2862 1616 2902; x_wconf 90' lang='lat' dir='ltr'><strong>autem,</strong></span> <span class='ocrx_word' id='word_1_760' title='bbox 1635 2862 1668 2891; x_wconf 90' lang='lat' dir='ltr'>et</span> <span class='ocrx_word' id='word_1_761' title='bbox 1686 2853 1784 2904; x_wconf 90' lang='lat' dir='ltr'><strong>quod</strong></span> <span class='ocrx_word' id='word_1_762' title='bbox 1804 2853 1924 2892; x_wconf 91' lang='lat' dir='ltr'><strong>locum</strong></span> <span class='ocrx_word' id='word_1_763' title='bbox 1938 2855 2033 2893; x_wconf 83' lang='lat' dir='ltr'><strong>dicat</strong></span> <span class='ocrx_word' id='word_1_764' title='bbox 2054 2856 2089 2893; x_wconf 90' lang='lat' dir='ltr'>in</span> <span class='ocrx_word' id='word_1_765' title='bbox 2110 2870 2179 2907; x_wconf 90' lang='lat' dir='ltr'>quo</span> 
     </span>
     <span class='ocr_line' id='line_1_98' title="bbox 1195 2914 2177 2969; baseline 0.002 -16"><span class='ocrx_word' id='word_1_766' title='bbox 1195 2916 1406 2966; x_wconf 87' lang='lat' dir='ltr'><strong>loquebatur</strong></span> <span class='ocrx_word' id='word_1_767' title='bbox 1423 2929 1505 2953; x_wconf 91' lang='lat' dir='ltr'>cum</span> <span class='ocrx_word' id='word_1_768' title='bbox 1534 2914 1725 2968; x_wconf 82' lang='lat' dir='ltr'><strong>Philippo,</strong></span> <span class='ocrx_word' id='word_1_769' title='bbox 1757 2925 1790 2953; x_wconf 86' lang='lat' dir='ltr'>et</span> <span class='ocrx_word' id='word_1_770' title='bbox 1815 2915 1910 2966; x_wconf 87' lang='lat' dir='ltr'><strong>quod</strong></span> <span class='ocrx_word' id='word_1_771' title='bbox 1941 2917 2077 2955; x_wconf 88' lang='lat' dir='ltr'><strong>arboris</strong></span> <span class='ocrx_word' id='word_1_772' title='bbox 2098 2932 2177 2969; x_wconf 89' lang='lat' dir='ltr'><strong>spe-</strong></span> 
     </span>
     <span class='ocr_line' id='line_1_99' title="bbox 1197 2975 2178 3028; baseline 0.002 -15"><span class='ocrx_word' id='word_1_773' title='bbox 1197 2975 1307 3025; x_wconf 89' lang='lat' dir='ltr'><strong>ciem,</strong></span> <span class='ocrx_word' id='word_1_774' title='bbox 1329 2985 1363 3014; x_wconf 90' lang='lat' dir='ltr'>et</span> <span class='ocrx_word' id='word_1_775' title='bbox 1378 2975 1474 3027; x_wconf 89' lang='lat' dir='ltr'><strong>quod</strong></span> <span class='ocrx_word' id='word_1_776' title='bbox 1496 2975 1664 3026; x_wconf 88' lang='lat' dir='ltr'><strong>colloquii</strong></span> <span class='ocrx_word' id='word_1_777' title='bbox 1678 2985 1817 3028; x_wconf 88' lang='lat' dir='ltr'><strong>tempus</strong></span> <span class='ocrx_word' id='word_1_778' title='bbox 1829 3006 1840 3026; x_wconf 89' lang='lat'><strong>,</strong></span> <span class='ocrx_word' id='word_1_779' title='bbox 1860 2977 1950 3014; x_wconf 89' lang='lat' dir='ltr'><strong>nihil</strong></span> <span class='ocrx_word' id='word_1_780' title='bbox 1966 2977 2069 3015; x_wconf 91' lang='lat' dir='ltr'><strong>dubii</strong></span> <span class='ocrx_word' id='word_1_781' title='bbox 2086 2978 2178 3015; x_wconf 81' lang='lat' dir='ltr'><strong>circa</strong></span> 
     </span>
     <span class='ocr_line' id='line_1_100' title="bbox 1195 3037 2176 3090; baseline 0.001 -15"><span class='ocrx_word' id='word_1_782' title='bbox 1195 3052 1269 3076; x_wconf 89' lang='lat' dir='ltr'>rem</span> <span class='ocrx_word' id='word_1_783' title='bbox 1287 3037 1562 3090; x_wconf 81' lang='lat' dir='ltr'><strong>plaenuntiatam</strong></span> <span class='ocrx_word' id='word_1_784' title='bbox 1581 3037 1759 3088; x_wconf 83' lang='lat' dir='ltr'><strong>iclinquit.</strong></span> <span class='ocrx_word' id='word_1_785' title='bbox 1776 3038 1898 3089; x_wconf 89' lang='lat' dir='ltr'><strong>Neque</strong></span> <span class='ocrx_word' id='word_1_786' title='bbox 1915 3038 2000 3076; x_wconf 89' lang='lat' dir='ltr'><strong>hinc</strong></span> <span class='ocrx_word' id='word_1_787' title='bbox 2023 3047 2176 3086; x_wconf 85' lang='lat' dir='ltr'><strong>tantum,</strong></span> 
     </span>
    </p>

    <p class='ocr_par' dir='ltr' id='par_1_13' title="bbox 1144 3098 2176 3150">
     <span class='ocr_line' id='line_1_101' title="bbox 1144 3098 2176 3150; baseline -0.001 -11"><span class='ocrx_word' id='word_1_788' title='bbox 1144 3110 1166 3140; x_wconf 84' lang='grc' dir='ltr'>Β</span> <span class='ocrx_word' id='word_1_789' title='bbox 1192 3099 1255 3138; x_wconf 90' lang='lat' dir='ltr'>sed</span> <span class='ocrx_word' id='word_1_790' title='bbox 1274 3099 1343 3138; x_wconf 83' lang='lat' dir='ltr'><strong>alio</strong></span> <span class='ocrx_word' id='word_1_791' title='bbox 1362 3113 1501 3150; x_wconf 88' lang='lat' dir='ltr'><strong>quoque</strong></span> <span class='ocrx_word' id='word_1_792' title='bbox 1520 3098 1656 3136; x_wconf 90' lang='lat' dir='ltr'><strong>modo</strong></span> <span class='ocrx_word' id='word_1_793' title='bbox 1646 3112 1763 3150; x_wconf 82' lang='lat' dir='ltr'><strong>ipsum</strong></span> <span class='ocrx_word' id='word_1_794' title='bbox 1783 3098 1917 3148; x_wconf 87' lang='lat' dir='ltr'><strong>erudit,</strong></span> <span class='ocrx_word' id='word_1_795' title='bbox 1938 3099 2025 3137; x_wconf 89' lang='lat' dir='ltr'>dum</span> <span class='ocrx_word' id='word_1_796' title='bbox 2045 3113 2176 3138; x_wconf 88' lang='lat' dir='ltr'><strong>memo-</strong></span> 
     </span>
    </p>
   </div>
   <div class='ocr_carea' id='block_1_13' title="bbox 1169 3241 2176 3373">
    <p class='ocr_par' dir='ltr' id='par_1_14' title="bbox 1169 3241 2176 3373">
     <span class='ocr_line' id='line_1_102' title="bbox 1169 3241 1283 3266; baseline -0.009 -5"><span class='ocrx_word' id='word_1_797' title='bbox 1169 3243 1220 3266; x_wconf 75' lang='grc' dir='ltr'>την</span> <span class='ocrx_word' id='word_1_798' title='bbox 1238 3241 1283 3261; x_wconf 73' lang='grc' dir='ltr'>επ.</span> 
     </span>
     <span class='ocr_line' id='line_1_103' title="bbox 1211 3276 2176 3323; baseline -0.009 -11"><span class='ocrx_word' id='word_1_799' title='bbox 1211 3280 1223 3298; x_wconf 80' lang='lat'>‘¹</span> <span class='ocrx_word' id='word_1_800' title='bbox 1241 3283 1286 3312; x_wconf 72' lang='grc' dir='ltr'>ἵνα</span> <span class='ocrx_word' id='word_1_801' title='bbox 1306 3284 1399 3323; x_wconf 46' lang='lat' dir='ltr'>faofi.</span> <span class='ocrx_word' id='word_1_802' title='bbox 1416 3277 1516 3311; x_wconf 58' lang='grc' dir='ltr'>δίη-ἢ.</span> <span class='ocrx_word' id='word_1_803' title='bbox 1536 3276 1710 3319; x_wconf 70' lang='lat' dir='ltr'><strong>legendum</strong></span> <span class='ocrx_word' id='word_1_804' title='bbox 1729 3284 1821 3318; x_wconf 82' lang='lat' dir='ltr'><strong>putat</strong></span> <span class='ocrx_word' id='word_1_805' title='bbox 1846 3283 1890 3310; x_wconf 53' lang='grc' dir='ltr'>ἵνα</span> <span class='ocrx_word' id='word_1_806' title='bbox 1918 3280 2028 3319; x_wconf 63' lang='lat' dir='ltr'>wsslssas-</span> <span class='ocrx_word' id='word_1_807' title='bbox 2044 3277 2110 3309; x_wconf 78' lang='lat' dir='ltr'><strong>Sed</strong></span> <span class='ocrx_word' id='word_1_808' title='bbox 2132 3282 2176 3310; x_wconf 54' lang='lat' dir='ltr'>fn</span> 
     </span>
     <span class='ocr_line' id='line_1_104' title="bbox 1169 3328 1746 3373; baseline -0.009 -9"><span class='ocrx_word' id='word_1_809' title='bbox 1169 3336 1249 3373; x_wconf 69' lang='grc' dir='ltr'>μάθῃ</span> <span class='ocrx_word' id='word_1_810' title='bbox 1269 3329 1382 3362; x_wconf 77' lang='lat' dir='ltr'><strong>melius</strong></span> <span class='ocrx_word' id='word_1_811' title='bbox 1401 3328 1543 3372; x_wconf 81' lang='lat' dir='ltr'><strong>quadrat</strong></span> <span class='ocrx_word' id='word_1_812' title='bbox 1561 3328 1601 3360; x_wconf 84' lang='lat' dir='ltr'><strong>ad</strong></span> <span class='ocrx_word' id='word_1_813' title='bbox 1621 3329 1746 3360; x_wconf 68' lang='lat' dir='ltr'><strong>seriem.</strong></span> 
     </span>
    </p>
   </div>
  </div>
 </body>
</html>
