2522 3683
145 820 283 855 Judoe.9.

142 879 225 905 Dan.
246 885 292 904 ιο.

147 917 193 946 13.

142 993 234 1022 Num.
256 1000 306 1020 22.

140 1043 193 1072 27.

142 1299 172 1334 4.
188 1296 264 1332 ch.
285 1301 333 1333 ῖς.

143 1338 194 1368 35.

147 1464 226 1490 Dan.
249 1462 293 1499 14.

145 1503 196 1533 35.

152 1727 227 1755 Tob.
245 1733 291 1753 11.

158 2398 230 2424 Lus.
248 2404 275 2423 2.
297 2395 340 2431 Ιί..

167 2923 255 2950 I'sal.
277 2929 328 2958 90.

170 2973 215 2991 12.

165 3039 349 3077 J111¹11,8.59,

167 3186 241 3214 Lac.
257 3181 289 3222 2-'1
299 3205 305 3211 .
324 3181 351 3210 5.

344 224 436 284 9γὸ
1294 229 1464 259 spuma.

522 480 573 534 In
582 478 764 528 Synaxin
776 474 1131 527 Archangelorum.
1334 471 1382 495 ²3⁵
1583 473 1646 515 Εἷς
1660 471 1723 520 τὴν
1745 471 1881 517 σύναξιν
1902 474 1970 510 τῶν
1991 472 2229 525 ἀρχαγγέλων.

397 599 587 639 Laudandi
602 608 684 637 sunt
698 597 813 648 angeli
835 613 842 634 ε
862 596 930 649 ipsi
948 609 1099 646 namque
1122 595 1324 632 Creatorem

340 655 573 697 celebrantes,
593 652 787 704 propitium
802 650 905 687 illum
923 663 963 686 ac
980 647 1193 686 benevolum
1208 647 1324 683 homi-

340 707 446 745 nibus
476 704 643 743 reddunt.
673 704 824 754 Angelos
850 702 952 747 dieo,
981 700 1236 739 commilitones
1262 713 1324 736 no-

341 769 445 808 stros,
469 758 529 809 qui
544 758 679 795 bellum
699 764 825 807 gerunt
846 763 965 792 contra
984 752 1203 791 adversarias
1226 761 1323 804 pote-

342 821 465 859 states,
486 824 639 861 quorum
658 824 749 846 uuus
764 818 814 845 est
830 807 1061 854 archangelus
1075 804 1246 849 Michael,
1263 803 1324 854 qui

343 873 463 901 contra
488 863 673 900 diabolum
691 876 754 913 pro
773 874 918 912 corpore
936 859 1074 911 Moysis
1100 857 1301 895 decertabat
1315 885 1324 901 ,

343 926 376 954 et
394 925 515 953 eontra
528 915 727 967 principem
743 916 929 951 Persarum
944 926 1007 963 pro
1025 911 1186 948 libertate
1200 908 1325 961 populi

344 969 539 1020 pugnabat.
556 967 615 1004 Ex
627 981 777 1017 quorum
797 979 943 1003 numero
963 973 1013 1000 est
1035 963 1096 1000 ille
1115 963 1175 1012 qui
1191 961 1327 999 asinam

343 1021 490 1073 repulit,
511 1029 544 1057 et
559 1020 767 1057 Balaamum
788 1018 832 1055 ab
853 1017 975 1054 insano
996 1016 1114 1052 furore
1133 1013 1297 1065 repressit
1315 1029 1323 1049 :

343 1083 376 1112 et
396 1073 478 1123 quia
499 1081 595 1110 vates
623 1071 683 1108 ille
708 1085 781 1107 rem
797 1083 874 1120 quae
895 1068 1083 1119 gerebatur
1104 1080 1172 1103 non
1197 1065 1328 1103 intelli-

345 1126 464 1175 gebat,
487 1124 585 1161 bruti
610 1123 773 1160 animalis
790 1135 874 1159 voce
892 1120 940 1158 ad
954 1134 1076 1157 sanam
1100 1127 1253 1156 mentem
1270 1132 1326 1155 re-

345 1179 473 1216 ductus
491 1185 553 1213 est.
572 1175 631 1213 Ex
655 1175 784 1225 quibus
814 1173 898 1210 item
922 1181 973 1210 est
997 1172 1058 1209 ille
1081 1172 1142 1222 qui
1167 1170 1329 1221 gladium

347 1229 517 1280 arripnit,
539 1238 572 1266 et
590 1230 712 1267 Jesum
738 1226 856 1264 filium
880 1227 996 1273 Nave,
1012 1233 1050 1261 ut
1072 1232 1191 1261 contra
1214 1223 1329 1260 hostes
1352 1236 1373 1265 ις

350 1282 570 1333 confligeret,
586 1280 757 1318 incitavit.
773 1278 832 1316 Ex
849 1292 1003 1328 quorum
1018 1277 1101 1314 item
1120 1290 1267 1313 numero
1280 1285 1331 1313 est

349 1336 409 1374 ille
435 1335 498 1385 qui
525 1343 666 1371 centum
692 1331 869 1382 octoginta
899 1330 1054 1380 quinque
1085 1328 1198 1365 millia
1223 1330 1331 1379 Assy-

348 1389 481 1426 riorum
502 1401 570 1424 una
589 1394 688 1423 nocte
711 1383 901 1437 percussit,
927 1392 959 1420 et
979 1395 1142 1419 somnum
1159 1380 1331 1417 barbaro-

346 1456 427 1478 rum
442 1454 523 1477 011111
539 1448 650 1476 morte
665 1436 863 1485 conjunxit.
879 1435 936 1472 Ex
950 1448 1102 1485 quorum
1116 1447 1263 1470 numero
1280 1442 1331 1470 est

347 1493 376 1531 is
389 1524 398 1542 ,
419 1493 479 1543 qui
497 1492 704 1543 prophetam
722 1490 891 1527 Habacuc
909 1488 1003 1524 aerio
1026 1487 1117 1524 saltu
1132 1485 1329 1535 transtulit,

348 1556 387 1583 ut
402 1545 611 1598 proplietam
640 1543 824 1581 Danielem
843 1541 878 1578 in
899 1540 1018 1577 medio
1033 1539 1238 1591 jejunorum
1258 1538 1331 1575 leo-

347 1613 433 1635 num
456 1598 535 1635 cibo
566 1597 735 1634 reficeret.
759 1594 804 1632 Hi
823 1593 934 1645 igitur
946 1602 980 1630 et
994 1593 1037 1629 iis
1052 1591 1184 1629 similes
1209 1600 1331 1628 eontra

350 1651 513 1688 inimicos
534 1658 641 1695 stant,
662 1658 695 1686 et
720 1657 840 1685 eontra
861 1645 949 1685 vitia
971 1654 1111 1682 strenue
1140 1643 1332 1681 decertant.

351 1704 480 1751 Qualis
509 1712 582 1740 erat
601 1700 834 1739 admirandus
858 1708 891 1736 et
911 1697 1055 1735 divinus
1082 1696 1254 1748 Raphael‚
1273 1695 1333 1745 qui

351 1757 456 1793 unius
469 1755 577 1807 piscis
605 1754 755 1791 sectione
774 1767 791 1789 a
811 1751 971 1789 daemone
985 1759 1151 1788 vexatam
1178 1748 1336 1800 puellam

351 1809 524 1855 restituit,
540 1816 573 1844 et
591 1806 665 1843 seni
686 1819 777 1842 eaeco
796 1805 916 1841 lumen
936 1812 1009 1840 arte
1029 1801 1242 1839 conciliavit.
1264 1800 1336 1838 Sed

351 1858 655 1911 nequeiisilentio
681 1857 843 1895 mittendi
866 1865 968 1902 sunt,
988 1855 1049 1905 qui
1075 1854 1111 1891 in
1136 1855 1237 1891 Novo
1263 1854 1336 1890 Te-

351 1923 523 1952 stamento
542 1912 808 1955 ministrarunt,
831 1909 932 1958 cujus
959 1921 1085 1957 magna
1104 1920 1184 1958 pars
1206 1915 1255 1943 est
1277 1919 1337 1942 ar—

353 1965 545 2017 changelus
567 1963 736 2011 Gabriel,
762 1962 823 2012 qui
847 1960 1028 1999 Zachariae
1054 1959 1196 1996 oracula
1221 1958 1336 2005 fudit,

353 2020 413 2070 qui
443 2016 726 2055 incredulitatem
750 2016 825 2066 ejus
846 2013 985 2052 silentio
1010 2011 1213 2062 castigavit,
1241 2010 1338 2060 quod

354 2087 421 2109 non
431 2071 585 2109 crederet
593 2068 761 2115 sterilem,
773 2076 918 2119 propter·
927 2066 1084 2102 futuram
1095 2064 1338 2111 oeeonomiam,
1360 2078 1384 2108 C

354 2132 596 2177 prregnantem
623 2121 722 2169 fieri,
742 2120 805 2170 qui
821 2118 1029 2158 venerandoe
1052 2116 1177 2155 Mariae
1197 2126 1340 2168 partum

354 2177 430 2215 sine
447 2190 574 2228 sponso
593 2175 753 2211 futurum
774 2170 1016 2220 annuntiavit3
1039 2170 1099 2220 qui
1119 2178 1275 2221 pastores
1294 2169 1341 2206 ad

355 2230 560 2282 speluncam
575 2226 697 2274 duxit,
718 2235 749 2264 et
767 2223 985 2275 significavit
1000 2238 1080 2261 eum
1097 2222 1157 2272 qui
1172 2222 1341 2259 contineri

357 2282 495 2332 nequit,
513 2281 548 2318 in
570 2279 743 2332 praesepio
770 2292 864 2325 esse,
884 2277 920 2314 in
940 2275 1127 2313 cunabulis
1152 2274 1341 2311 incircum-

359 2336 552 2387 scriptum;
573 2347 613 2370 ac
633 2346 715 2369 cum
734 2330 805 2368 illis
825 2343 1017 2368 consonum
1035 2328 1081 2365 ad
1099 2327 1249 2377 gloriam
1274 2326 1342 2364 Dei

360 2388 537 2425 canticum
556 2384 672 2423 emisit
695 2400 702 2420 x
730 2384 867 2421 Gloria
887 2384 928 2419 in
946 2381 1108 2418 eoecelsis
1135 2381 1232 2425 Deo,
1253 2382 1343 2416 etin

362 2450 463 2478 terra
487 2453 580 2491 sumt,
605 2440 647 2474 in
667 2438 884 2474 hominibus
918 2434 1210 2485 beneplacitum.
1243 2431 1343 2469 Alius

361 2506 482 2541 magos
512 2490 652 2528 cohibet
673 2504 715 2527 ne
734 2498 926 2541 tyrannum
952 2486 1080 2523 adeant
1099 2484 1181 2521 :alii
1200 2484 1234 2521 in
1251 2493 1342 2522 terra

362 2544 606 2582 ministrabant
620 2542 665 2585 ei,
682 2541 742 2592 qui
759 2550 888 2578 terram
901 2538 1033 2576 creavit
1049 2554 1056 2573 ε
1071 2537 1163 2574 alius
1177 2551 1343 2588 sponsum

361 2597 524 2645 Virginis
553 2603 690 2642 monet,
716 2608 759 2631 ne
785 2592 942 2630 dimittat
961 2600 1001 2628 ut
1017 2599 1218 2641 corruptam
1248 2603 1342 2635 eam,

363 2646 447 2698 (μιαί
469 2650 673 2699 incorrupta
699 2643 806 2684 erat’:
826 2645 917 2682 alius
941 2644 986 2680 ob
1014 2641 1275 2680 infanticidium
1300 2641 1346 2678 ab

364 2702 502 2738 Ilei-ode
524 2709 699 2752 patratum
718 2712 845 2750 sponso
861 2696 986 2734 suadet
1004 2696 1125 2745 fugam
1137 2725 1146 2742 ,
1170 2703 1202 2731 et
1225 2703 1346 2745 postea

363 2753 538 2798 reditum;
559 2751 736 2802 siquidem
750 2751 785 2788 in
801 2763 904 2787 carne
926 2748 1086 2786 videntes
1108 2761 1187 2784 eum
1209 2746 1270 2796 qui
1292 2746 1346 2782 in-
1367 2767 1392 2796 D

365 2815 500 2843 creatus
528 2814 623 2851 erat,
654 2817 835 2841 servorum
862 2816 959 2839 more
985 2800 1053 2852 ipsi
1086 2799 1345 2837 ministrabant.

365 2858 485 2897 Mirati
516 2866 596 2893 sunt
623 2857 715 2893 enim
744 2853 990 2892 fortitudinem
1015 2853 1107 2903 ejus,
1127 2866 1195 2902 qua
1214 2851 1347 2887 sactum

366 2920 416 2947 est
444 2918 650 2947 attentator
681 2907 864 2954 ceciderit,
894 2905 1089 2943 secundum
1114 2903 1265 2941 Davidis
1285 2917 1347 2940 vo-

368 2978 440 3000 eem
459 2979 465 2998 :
485 2964 522 2999 ln
543 2961 705 2998 manibus
732 2961 891 2997 tollentes
911 2972 1004 3003 euni,
1024 2966 1122 2994 extra
1136 2957 1271 3007 jactum
1290 2955 1347 2992 la-

368 3016 495 3067 pidum
515 3014 757 3065 deportarunt.
782 3013 874 3049 Nam
903 3011 1084 3048 Tnlerunt
1111 3009 1257 3056 lapides
1276 3008 1350 3045 Ju-

368 3069 453 3113 (lwc',
480 3077 518 3104 11!
538 3069 710 3117 jacerent
738 3068 779 3100 in
804 3078 902 3100 enm.
928 3063 996 3099 Alii
1017 3061 1169 3114 passioni
1198 3074 1344 3097 Concur-

369 3121 509 3157 rebant:
526 3118 584 3155 alii
598 3126 675 3168 post
688 3116 979 3154 resurrectionem
992 3128 1103 3152 vacuo
1117 3113 1278 3164 sepulcro
1292 3126 1346 3148 as-
1361 3131 1408 3154 256

369 3173 544 3217 sidebant,
569 3170 804 3219 fidelibusque
822 3167 987 3204 dicebant
1005 3166 1228 3213 mulieribus,
1249 3165 1350 3215 Quid
1374 3169 1397 3196 Α

369 3227 538 3277 quoeritis
557 3225 751 3260 viventem
770 3234 854 3258 cum
874 3220 1058 3256 mortuis?
1077 3219 1161 3261 Post
1176 3218 1349 3255 ascensio-

416 3370 428 3382 ·-
453 3356 553 3389 Savil.
571 3356 656 3398 conj.
675 3361 724 3389 τὸν
740 3361 884 3400 ἄρχοντα.

412 3412 427 3434 b
454 3408 545 3441 Idem
565 3408 651 3450 conj.
667 3413 757 3451 ἀερίῳ
774 3410 990 3449 μιτακομίσες.

1448 591 1628 643 Ἀγγέλους
1648 590 1874 641 ἐγκωμιάζειν
1890 590 1973 645 χρή.
1995 590 2065 629 Καὶ
2084 592 2152 644 γὰρ
2173 591 2268 630 αὐτοὶ
2282 593 2339 630 τὸν
2356 594 2415 639 δη-

1398 645 1559 695 μιουργὸν
1579 646 1782 694 ὑμνοῦντες,
1798 643 1900 682 ἵλεων
1918 644 2021 682 αὐτὸν
2044 645 2103 681 καὶ
2124 646 2253 694 εὐμενῆ
2272 651 2342 687 τοῖς
2359 647 2421 682 ἀν-

1397 697 1546 751 θρώποις
1563 695 1788 747 παρέχουσιν.
1806 696 1986 748 Ἀγγέλους
2002 695 2039 733 δέ
2058 712 2168 747 φημι,
2188 696 2266 740 τοὺς
2288 696 2420 747 ἡμετέ-

1399 767 1475 804 ρους
1499 749 1725 800 συμμάχους,
1754 749 1831 793 τοὺς
1848 748 1939 802 κατὰ
1957 752 2024 802 τῷν
2047 749 2292 799 ἀντικειμένων
2313 748 2419 786 δυνά-

1397 819 1488 852 μεων
1519 801 1810 854 ἐκστρατεύοντας
1823 830 1832 845 ,
1870 804 1917 838 ὧν
1958 805 2006 844 εἷς
2039 802 2112 838 ἐστι
2147 804 2164 838 6
2204 802 2422 854 ἀρχάγγελος

1396 855 1546 907 Μιχαὴλ
1563 855 1648 905 πρὸς
1669 854 1730 904 μὲν
1745 854 1801 893 τὸν
1820 854 1979 891 διάέολον
1996 852 2083 905 ὑπὲρ
2104 847 2280 898 Μωϋσέως
2293 855 2422 903 ’σώμα-

1395 923 1451 950 τος
1469 906 1777 957 ἀντιταττόμενος,
1798 907 1883 957 πρὸς
1902 906 1937 944 δὲ
1957 910 2037 943 3τοῦ
2060 906 2226 959 ἄρχοντος
2244 910 2311 944 τῶν
2330 908 2421 952 Περ-

1398 963 1466 997 σῶν
1484 959 1570 1011 ὑπὲρ
1587 961 1649 1003 τῆς
1667 964 1726 997 τοῦ
1744 961 1829 996 λαοῦ
1857 958 2050 1011 ἐλευθερίας
2069 959 2318 1010 ἀνθιστάμενος
2333 974 2340 982 ·
2370 955 2417 998 ὧν

1398 1014 1491 1050 ἐστιν
1524 1015 1649 1053 ἐκεῖνος
1669 1015 1685 1049 6
1709 1012 1772 1057 τὴν
1792 1011 1867 1048 ὄνον
1899 1011 2162 1062 καταστρέφων,
2186 1012 2246 1049 καὶ
2270 1013 2422 1063 Βαλαὰμ

1397 1068 1458 1111 τῆς
1480 1064 1609 1102 ἀτόπου
1629 1063 1752 1111 μανίας
1769 1063 1892 1113 εἴργων
1910 1079 1917 1086 ·
1948 1063 2007 1100 καὶ
2030 1062 2172 1116 ἐπείπερ
2188 1066 2205 1100 6
2224 1064 2344 1112 μάντις
2362 1068 2422 1103 οὐκ

1399 1116 1523 1155 ἐνενόει
1538 1117 1576 1154 τὸ
1597 1115 1844 1165 πραττόμενον,
1865 1115 1988 1166 ἀλόγου
2012 1114 2107 1166 φωνὴ
2125 1116 2164 1152 τὸ
2179 1116 2316 1167 λογικὸν
2336 1117 2422 1156 5³00)-

1399 1169 1572 1220 φρόνιζεν·
1616 1166 1662 1208 ὧν
1696 1169 1789 1206 ἐστιν
1815 1170 1832 1205 ὁ
1859 1167 1921 1214 τὴν
1954 1168 2131 1219 μάχαιραν
2177 1168 2399 1218 σπασάμενος
2413 1200 2423 1217 ,

1399 1222 1458 1259 καὶ
1473 1222 1529 1260 τὸν
1546 1222 1681 1270 Ἰησοῦν
1700 1225 1760 1274 τοῦ
1780 1222 1880 1264 Ναυῆ
1901 1219 2159 1270 συμπλέκεσθαι
2175 1227 2244 1263 τοῖς
2259 1220 2425 1272 πολέμοις

1398 1274 1677 1327 προτρεπόμενος
1695 1288 1703 1296 ·
1723 1277 1770 1310 ὡν
1787 1275 1879 1310 ἐστιν
1900 1275 1917 1309 6
1937 1272 1997 1315 τὰς
2017 1271 2120 1309 πέντε
2135 1273 2193 1309 καὶ
2214 1274 2425 1323 ὀγδοήκοντα

1399 1327 1458 1364 καὶ
1480 1328 1601 1365 ἑκατὸν
1618 1325 1777 1380 χιλιάδας
1797 1327 1865 1363 τῶν
1888 1324 2077 1377 Ἀσσυρίων
2101 1326 2133 1361 ἐν
2156 1332 2220 1376 μιᾷ
2241 1325 2336 1363 νυκτὶ
2355 1343 2424 1364 πα-

1399 1379 1524 1426 τάξας,
1547 1380 1605 1434 καὶ
1622 1383 1672 1433 τῷ
1688 1378 1785 1430 ὕπνῳ
1806 1380 1875 1415 τῶν
1896 1377 2081 1430 Βαρὸάρων
2105 1377 2260 1428 συνάψας
2289 1378 2347 1416 τὸν
2368 1379 2426 1417 θά-

1399 1447 1501 1469 νατον
1514 1447 1521 1455 ·
1545 1436 1592 1469 ὡν
1614 1436 1705 1471 ἐστιν
1723 1434 1740 1468 6
1753 1430 1810 1468 τὸν
1830 1431 2010 1483 προφήτην
2028 1429 2232 1480 Ἀμὸακοὺμ
2250 1430 2264 1450 ¹’
2277 1431 2426 1482 ἀερίστῳ

1402 1485 1673 1536 μετακοσμήσας
1693 1484 1893 1532 πηδήματι,
1923 1483 1978 1520 ἵνα
2007 1482 2065 1520 τὸν
2085 1482 2266 1534 προφήτην
2293 1483 2427 1529 Δανιὴλ

1401 1539 1436 1574 ἐν
1457 1537 1552 1592 μέσωῳ
1577 1540 1646 1575 τῶν
1672 1535 1849 1587 ἀγεύστων
1868 1534 2015 1573 λεόντων
2036 1534 2141 1585 γεύσῃ
2163 1539 2302 1587 τροφῆς.
2319 1530 2426 1573 Οῧτοι

1402 1589 1463 1639 μὲν
1494 1594 1549 1627 οὐν
1582 1591 1642 1628 καὶ
1670 1591 1701 1627 οἱ
1737 1593 1885 1626 τοιοῦτοι
1915 1587 2007 1625 κατὰ
2031 1589 2100 1624 τῶν
2123 1589 2254 1639 ἐχθρῶν
2277 1591 2375 1634 εἰσιν,
2396 1588 2428 1625 οἳ

1401 1641 1459 1680 καὶ
1477 1642 1568 1680 κατὰ
1594 1646 1663 1680 τῶν
1682 1644 1800 1679 παθῶν
1820 1641 2067 1693 ἀριστεύουσιν.
2090 1639 2233 1684 Ὁποῖος
2255 1634 2295 1686 ῆν
2326 1640 2384 1678 καὶ
2411 1643 2429 1679 6

1402 1694 1593 1743 θαυμάσιος
1623 1695 1682 1733 καὶ
1712 1692 1891 1735 θεσπέσιος
1918 1692 2101 1743 (Ραφαὴλ,
2135 1692 2176 1728 δι’
2212 1693 2284 1735 ἑνὸς
2313 1693 2429 1744 ἰχθύος

1405 1750 1581 1797 ἀνατομῆς
1603 1749 1836 1797 δαιμονιῶσαν
1856 1745 1962 1797 κόρην
1985 1744 2168 1794 ἱστάμενος
2181 1773 2190 1789 ,
2215 1745 2275 1782 καὶ
2295 1738 2430 1797 γέροντι

1404 1800 1523 1852 τυφλῷ
1538 1800 1577 1838 τὸ
1594 1803 1665 1851 φῶς
1684 1797 1988 1850 ιῗτεχνιανάμενος.
2007 1797 2098 1835 Ἀλλ’
2116 1795 2191 1834 οὐδὲ
2212 1800 2333 1836 ἐκεῖνοι
2351 1814 2430 1836 σιω-

1405 1856 1474 1897 πῆς
1488 1851 1577 1895 ἄξιοι
1590 1855 1620 1890 οἱ
1635 1856 1678 1903 τῆ
1696 1851 1771 1902 Νέᾳ
1791 1849 1951 1899 Διαθήκῃ
1970 1850 2255 1897 διακονήσαντες,
2278 1844 2324 1887 ὧν
2342 1850 2433 1901 μέγα

1407 1905 1507 1955 μέρος
1541 1905 1633 1942 ἐστὶν
1654 1908 1671 1942 6
1692 1903 1905 1955 ἀρχάγγελος
1936 1901 2121 1953 Γαὸριὴλ,
2148 1905 2165 1939 6
2192 1906 2241 1954 τῷ
2270 1903 2433 1955 Ζαχαρία

1405 1957 1648 2009 χρηματίσας,
1664 1957 1723 1995 καὶ
1743 1958 1857 2006 σιωπῇ
1875 1954 1938 2001 τὴν
1960 1954 2124 1993 ἀπιστίαν
2140 1944 2433 2006 εἰσπραξάμενος,

1407 2013 1459 2048 ὅτι
1480 2010 1528 2060 μὴ
1550 2009 1643 2048 κύειν
1669 2009 1731 2056 τὴν
1752 2015 1890 2059 στεῖραν
1919 2007 1976 2045 διὰ
1999 2007 2062 2053 τὴν
2092 2007 2283 2058 μέλλουσαν
2306 2010 2436 2046 οἰκονο·

1410 2063 1492 2114 μίαν
1512 2063 1730 2102 ἐπίστευσεν’
1762 2065 1779 2100 6
1807 2063 1850 2111 τῆ
1874 2063 1984 2111 σεμνῆ
2006 2060 2158 2127 Μαριὰμ
2181 2059 2241 2102 τὰς
2260 2060 2436 2111 ἀνυμφεύ-

1409 2132 1486 2159 τους
1502 2117 1625 2158 ὠδῖνας
1645 2113 1973 2166 εὐαγγελισάμενος·
1995 2116 2012 2151 6
2029 2128 2107 2155 τους
2127 2112 2296 2163 ποιμένας
2318 2114 2376 2151 ἐπὶ
2397 2113 2436 2152 τὸ

1411 2168 1584 2214 σπήλαιον
1611 2169 1757 2218 ὁδηγῶν,
1779 2166 1838 2204 καὶ
1868 2165 2103 2215 καταμηνύων
2121 2164 2179 2202 τὸν
2199 2164 2380 2217 ἀγώρητον
2400 2167 2435 2203 ἐν

1411 2221 1542 2274 φάτνῃ,
1555 2223 1588 2258 ἐν
1604 2220 1814 2272 σπαργάνοις
1831 2218 1889 2256 τὸν
1906 2218 2178 2270 ἀπερίγραπτον,
2193 2211 2334 2260 ἐκείνοις
2350 2218 2436 2269 σύμ-

1412 2290 1522 2326 φωνον
1539 2273 1630 2326 ᾠδὴν
1648 2272 1841 2322 δοξολογίας
1862 2271 2079 2321 ἀναπέμπων
2093 2286 2100 2293 ·
2121 2269 2213 2314 Δόξα
2229 2271 2263 2307 ἐν
2282 2270 2436 2322 ὑψίστοις

1412 2329 1515 2377 Θεῷ,
1536 2327 1595 2363 καὶ
1614 2326 1671 2363 ἐπὶ
1688 2328 1750 2377 γῆς
1771 2324 1907 2375 εἰρήνη,
1928 2325 1962 2360 ἐν
1983 2322 2174 2376 ἀνθρώποις
2193 2323 2342 2361 εὐδοκία.
2359 2322 2436 2361 Ἄλ-

1411 2380 1470 2420 λος
1490 2378 1567 2421 τοὺς
1590 2379 1719 2429 μάγους
1747 2376 1874 2415 κωλύει
1895 2378 1956 2420 τῆς
1977 2375 2034 2413 ἐπὶ
2061 2379 2130 2412 τῶν
2157 2375 2332 2426 τυράννων
2355 2377 2437 2412 ἀνα-

1414 2431 1555 2475 ζεύξεως
1569 2446 1576 2454 ·
1598 2433 1628 2469 οἱ
1647 2430 1682 2467 δὲ
1703 2429 1878 2475 διηκόνουν
1900 2428 1957 2465 ἐπὶ
1981 2431 2043 2479 γῆς
2065 2431 2114 2477 τῷ
2134 2427 2311 2465 κτίσαντι·
2335 2428 2437 2470 ἄλλος

1413 2484 1471 2522 τὸν
1490 2486 1675 2534 μνηστῆρα
1692 2481 1754 2527 τῆς
1776 2479 1955 2532 Παρθένου
1972 2483 2122 2517 νουθετεῖ
2140 2480 2187 2529 μὴ
2208 2479 2370 2518 ἀπολύειν
2391 2482 2437 2524 ὡς

1416 2536 1668 2588 διεφθαρμένην
1686 2534 1749 2581 τὴν
1763 2535 1908 2586 ἄφθορον
1922 2549 1929 2556 ·
1951 2533 2053 2575 ἄλλος
2068 2535 2160 2584 αὐτῷ
2176 2532 2232 2570 διὰ
2249 2532 2309 2579 τὴν
2325 2532 2437 2586 ἹῙρώ-

1417 2590 1473 2627 δου
1496 2586 1739 2640 βρεφοκτονίαν
1755 2587 1864 2639 φυγὴν
1883 2585 2047 2624 ἐπάνοδον
2067 2584 2279 2623 ὑποτίθεται.
2302 2586 2438 2638 Καίπερ

1417 2643 1450 2679 ἐν
1477 2642 1581 2693 σαρκὶ
1600 2644 1805 2691 θεωροῦντες
1827 2639 1883 2676 τὸν
1904 2639 2079 2684 άκτιστον,
2097 2639 2338 2688 δουλοπρεπῶς
2361 2639 2438 2684 διη-

1417 2693 1550 2731 κόνουν.
1580 2693 1809 2743 Ἔθαύμασαν
1827 2690 1894 2743 γὰρ
1913 2690 1975 2736 τὴν
2007 2689 2106 2742 ἰσχὺν
2128 2691 2231 2728 αὐτοῦ
2246 2720 2253 2733 ,
2280 2692 2322 2728 δι’
2357 2685 2397 2736 ῆς
2421 2693 2439 2728 ὁ

1418 2746 1589 2797 πειράζων
1609 2744 1801 2790 κατέπεσε,
1819 2743 1879 2781 καὶ
1898 2742 1988 2780 κατὰ
2008 2742 2070 2789 τὴν
2094 2742 2208 2793 φωνὴν
2231 2747 2290 2780 τοῦ
2309 2743 2438 2788 Δαυὶδ,

1419 2798 1475 2838 ἐπὶ
1494 2801 1623 2851 χειρῶν
1642 2798 1787 2851 ἄραντες
1811 2797 1928 2840 αὐτὸν,
1951 2794 2014 2838 ἔξω
2034 2799 2096 2841 τῆς
2127 2797 2230 2844 βολῆς
2247 2797 2315 2832 τῶν
2334 2794 2438 2832 λίθων

1419 2851 1588 2900 ἐκόμιζον.
1610 2852 1720 2900 Ἦραν
1740 2849 1825 2900 γὰρ,
1846 2848 1962 2899 φησὶν,
1980 2847 2138 2885 Ἰουδαῖοι
2153 2847 2284 2894 λίθους,
2302 2846 2357 2884 ἵνα
2380 2846 2441 2898 βά-

1417 2905 1524 2941 λωσιν
1545 2904 1598 2940 ἐπ’
1627 2902 1740 2940 αὐτόν.
1769 2900 1886 2939 Ἄλλοι
1905 2902 1954 2951 τῷ
1977 2899 2081 2937 πάθει
2101 2899 2301 2952 συνέτρεχον
2315 2915 2323 2922 ·
2341 2900 2441 2938 ἄλλοι

1421 2954 1508 3007 μετὰ
1541 2955 1604 3001 τὴν
1629 2954 1818 2992 ἀνάστασιν
1845 2955 1894 3004 τῷ
1927 2954 2015 3002 κενῷ
2041 2951 2139 3003 τάφῳ
2165 2952 2440 3002 συνεδρεύοντες,

1419 3013 1560 3050 πισταῖς
1577 3006 1727 3057 γυναιξὶν
1746 3006 1875 3056 ἔλεγον,
1897 3004 1942 3041 Τί
1963 3006 2095 3050 ζητεῖτε
2114 3004 2171 3041 τὸν
2191 3007 2301 3049 ζῶντα
2315 3003 2441 3054 μεταξὺ

1419 3063 1487 3098 τῶν
1507 3062 1656 3112 νεκρῶν,
1677 3058 1777 3096 Μετὰ
1793 3058 1828 3095 δὲ
1848 3056 1910 3102 τὴν
1931 3056 2101 3108 ἀνάληψιν
2123 3056 2345 3108 ἐδορυφόρουν
2365 3056 2442 3098 τοὺς

1422 3112 1578 3163 μαθητὰς
1592 3142 1600 3157 ,
1619 3111 1662 3148 τὰ
1680 3110 1814 3161 Πέτρου
1832 3109 1969 3151 λύοντες
1986 3108 2115 3158 δεσμὰ,
2134 3108 2277 3146 ’Παύλου
2296 3108 2371 3151 τοὺς
2386 3108 2442 3146 ἐπὶ

1421 3168 1483 3216 γῆς
1498 3165 1556 3203 καὶ
1577 3163 1749 3208 θαλάττης
1765 3161 1937 3203 κινδύνους
1953 3160 2229 3212 ἐπικουφίζοντες
2244 3191 2253 3208 ,
2269 3165 2311 3211 τῆ
2327 3161 2443 3199 πίστει

1421 3216 1613 3269 Κορνηλίου
1627 3215 1874 3266 μεσιτεύοντες,
1887 3214 1944 3251 τὸν
1959 3212 2191 3251 δικαιοκτόνον
2210 3213 2369 3266 Ἡρώδην
2385 3228 2442 3262 με·

1484 3358 1494 3370 ²
1520 3351 1626 3383 Idem.
1646 3351 1732 3392 conj.
1751 3353 1976 3392 τεχνησάμενος.

1487 3402 1502 3425 d
1530 3402 1634 3434 Idem.
1649 3411 1734 3443 conj.
1752 3406 1801 3434 τὸν
1817 3403 1967 3444 τύραννον.
