2481 3678
706 232 747 260 ΙΝ
785 231 995 262 ,ΙΟΛΝΝΕΜ
1033 227 1187 259 ΙΙΟΜΙΙ..

101 317 224 369 ἔργον·
252 316 290 353 τὸ
317 314 352 353 δὲ
380 317 522 352 τοιαῦτα
542 313 688 360 ἀκούειν,
709 315 769 351 οὐκ
798 313 848 351 ἔτι
878 315 939 358 τῆς
972 310 1123 363 ῳύσεως,

103 378 192 416 ἀλλὰ
211 379 272 423 τῆς
293 375 524 429 προαιρέσεως
544 374 751 427 ἁμάρτημα.
772 373 874 412 Ἐπεὶ
889 373 948 411 καὶ
963 372 1019 410 τὸν
1040 374 1123 420 ὁμι-

102 441 226 477 λοῦντα
254 438 352 490 πυρὶ,
375 435 630 489 διαφθείρεσθαι
649 437 720 483 δεῖ,
735 435 794 474 καὶ
815 440 914 473 τοῦτο
937 437 958 479 ἡ
982 435 1043 477 τῆς
1062 430 1125 482 φύ-

103 516 188 543 σεως
208 498 366 537 ἀσθένεια
384 497 562 549 βούλεται·
585 500 660 536 ἀλλ’
680 500 740 536 οὐκ
756 496 807 534 ἔτι
825 495 883 533 καὶ
905 494 990 546 πρὸς
1003 493 1042 529 τὸ
1058 496 1126 542 πῦρ

102 565 196 638 ημᾶς
215 577 274 598 και
297 559 359 607 τὴν
384 561 510 597 ἐκεῖθεν
539 559 616 611 ἄγει
647 557 867 610 διαφθοραν’
852 573 873 602 η
892 554 1008 606 φύσις·
1028 557 1128 591 τοῦτο

103 622 170 674 γὰρ
197 625 260 668 τῆς
288 620 380 659 κατα
399 621 600 674 προαίρεσιν
631 620 737 671 μόνης
762 617 800 655 ἂν
831 616 883 663 εἴη
907 617 1128 667 διαστροφτς.

1227 228 1312 257 xlx.
1353 213 1412 255 al.
1454 227 1580 255 xvut.

2096 230 2105 255 1
2124 229 2176 271 27

1195 316 1318 359 sponte
1336 320 1398 344 vos
1421 306 1622 357 praecipites
1652 306 1755 352 detis,
1776 318 1887 355 neque
1902 306 1948 342 ad
1967 306 2181 355 profundum

1196 366 1362 417 nequitiae
1394 380 1457 405 vos
1489 366 1695 418 impellatis⁷
1723 365 1780 402 vel
1807 374 1930 417 sponte
1961 366 2110 403 curratis
2138 365 2182 402 ad

1196 442 1344 477 rogum3
1372 441 1414 465 ne
1431 427 1582 465 flamma:
1615 427 1759 465 diaholo
1787 436 1916 479 parata!
1933 440 1994 463 nos
2014 426 2182 463 obnoxio<

1198 491 1400 529 reddamus.
1423 491 1570 529 [tinam
1597 506 1681 529 vcro
1708 505 1769 528 nos
1796 503 1915 527 omnes
1935 489 1979 526 ab
1998 489 2110 525 haeet
2127 489 2182 525 ill..

1197 554 1341 591 ssanuna
1375 553 1502 605 erepti,
1537 553 1570 590 in
1609 553 1726 590 sinum
1763 551 1914 590 Abrahae
1957 551 2185 602 recipiamur,

1200 615 1314 667 gratia
1333 624 1366 652 ct
1384 615 1602 666 benignitate
1630 614 1773 652 Domini
1793 613 1903 651 nostri
1927 614 2011 651 jesu
2032 611 2187 660 Christi,

102 685 217 722 Ἰοῦτο
237 686 294 721 οὖν
315 684 481 721 ἀνελεῖν
463 681 503 727 αξ
508 685 548 720 ιῶ
567 682 626 720 καὶ
643 682 846 732 διορθῶσαι,
862 677 952 715 ὥστε
973 675 1021 728 μὴ
1038 675 1131 714 ἑκόν-
1154 675 1178 705 C
1200 677 1347 729 quicum
1363 678 1461 715 Patri
1480 677 1607 729 gloria,
1629 677 1806 729 simulque
1826 684 1946 716 saneto
1965 674 2131 727 Spiritui,
2152 674 2187 711 in

103 760 165 787 τας
185 742 326 787 ἑαυτους
345 742 651 795 κατακρημνίζειν,
670 740 758 792 μηδέ
786 755 872 792 προς
897 738 942 776 τὰ
972 737 1132 790 βάραθρα

104 808 167 852 τ’ῆς
194 804 319 848 κακίας
341 806 453 851 ὠθεῖν,
476 802 564 855 μηδὲ
588 802 792 852 αὐτομάτως
816 799 953 852 τρέχειν
983 798 1041 837 ἐπὶ
1068 797 1131 843 τὴν

104 866 215 919 πυράν
230 882 237 889 ·
260 865 316 904 ἵνα
341 865 388 916 μὴ
411 865 470 903 καὶ
491 868 533 916 τῇ
562 866 612 915 τῷ
643 862 796 914 διαὸόλῳ
826 859 1133 910 κατεσκευασμένῃ

106 927 206 979 φλογὶ
221 925 496 977 καταστήσωμεν
517 924 723 967 ὑπευθύνους
751 921 903 965 ἑαυτούς.
936 920 1077 959 Γένοιτο
1101 920 1136 956 δὲ

106 989 240 1031 πάντας
274 992 368 1038 ἡμᾶς
402 986 461 1025 καὶ
491 985 618 1032 ταύτης
651 983 814 1031 κάκείνης
850 981 1116 1032 ἀπαλλαγέντας
1129 1012 1137 1025 ,

109 1049 195 1102 πρὸς
215 1048 335 1093 αὐτοὺς
356 1053 415 1087 τοῦ
434 1046 596 1100 Ἀὸραὰμ
613 1049 776 1100 χωρῆσαι
796 1044 873 1088 τοὺς
889 1043 1056 1090 κόλπους,
1073 1042 1139 1094 χά-

111 1126 177 1163 ριτι
200 1109 260 1147 καὶ
288 1107 532 1162 φιλανθρωπίᾳ
558 1112 618 1146 τοῦ
637 1106 765 1161 Κυρίου
788 1108 889 1157 ἡμῶν
909 1104 1030 1151 Ἰησοῦ
1050 1104 1138 1155 Χρι-

108 1175 206 1218 στοῦ,
229 1172 302 1221 μεθ’
321 1163 358 1208 οῧ
379 1172 429 1222 τῷ
445 1169 562 1221 Πατρὶ
577 1172 599 1215 ἡ
619 1167 719 1216 δόξα,
751 1168 825 1218 ἅμα
844 1169 894 1219 τῷ
914 1164 1005 1216 ἁγίῳ
1026 1164 1139 1202 Πνεύ-

111 1248 215 1282 ματι,
235 1234 282 1275 εἷς
296 1231 374 1274 τοὺς
397 1233 523 1274 αἰῶνας
540 1232 608 1267 τῶν
631 1228 778 1267 αἰώνων.
795 1228 918 1278 Ἀμήν.

1201 739 1328 778 saecula
1347 739 1568 778 saeculorum.
1590 742 1711 777 Amen.

439 1513 442 1514 γ
495 1487 672 1524 ΟΜΙΑΙΑ
705 1484 758 1523 ιθ’.

114 1610 282 1664 Εὑρίσκει
312 1609 402 1648 οὕτω
428 1611 564 1662 πρῶτος
586 1608 643 1646 τὸν
669 1607 813 1660 ἀδελφὸν
833 1608 891 1646 τὸν
913 1606 996 1644 ἴδιον
1018 1603 1145 1656 Σίμω-

169 1689 230 1720 να,
264 1671 324 1710 καὶ
347 1671 441 1722 λέγει
472 1672 581 1722 αὐτῷ·
613 1668 808 1722 εὑρήκαμεν
835 1668 893 1707 τὸν
927 1667 1100 1715 Μεσσίαν,
1130 1664 1150 1702 ὅ

169 1736 243 1772 ἐστι
263 1730 601 1785 μεθερμηνευόμενον
617 1730 783 1782 Χριστός·
813 1730 874 1768 καὶ
894 1728 1023 1782 ἤγαγεν
1045 1728 1146 1767 αὐτὸν

171 1795 256 1847 πρὸς
275 1794 332 1832 τὸν
353 1795 502 1839 Ἰησοῦν.

170 1915 318 1959 “ΟΘεὸς
337 1914 434 1968 παρα
455 1914 518 1961 τὴν
551 1915 662 1968 ἀρχὴν
689 1915 838 1962 ποιήσας
865 1931 922 1953 τον
953 1913 1147 1965 ἄνθρωπον,

118 1994 179 2017 ουκ
195 1979 325 2029 ἀφ’ἧκεν
343 1980 431 2014 εἰναι
449 1975 565 2027 μόνον,
583 1978 658 2015 ἀλλ’
675 1976 800 2015 ἔδωκεν
829 1992 922 2014 αυτι)
947 1975 1069 2026 βοηθὸν
1084 1973 1146 2021 την

118 2045 279 2092 γυναῖκα,
298 2055 358 2077 και
379 2044 546 2077 συνοικεῖν
559 2038 732 2086 ἐποίησεν,
747 2037 845 2082 atra->q
860 2038 1001 2084 ἀπὸτης
1021 2052 1149 2083 συσκη-

119 2101 192 2145 νίας
220 2099 347 2148 ταύτης
371 2099 459 2139 πολὺ
488 2101 528 2139 τὸ
556 2100 674 2154 κέρδος
703 2099 876 2150 ἐσόμενον.
896 2099 944 2138 Τί
961 2099 1029 2152 γὰρ
1049 2101 1078 2137 εἷ
1099 2097 1146 2149 μὴ
1170 2098 1195 2129 Ε

118 2162 204 2215 πρὸς
228 2162 269 2199 τὸ
297 2161 370 2200 δέον
401 2160 576 2214 ἐχρήσατο
600 2163 643 2212 τῇ
673 2161 851 2214 εὐεργεσίᾳ
877 2160 986 2213 ταύτῃ
1002 2165 1023 2207 ἡ
1041 2160 1147 2212 γυνή,

118 2223 208 2262 Ἀλλ’
224 2222 317 2274 ὅμως
337 2225 366 2261 εἰ
381 2226 440 2261 τοῦ
456 2222 663 2275 πράγματος
684 2225 786 2261 αὐτοῦ
816 2222 878 2270 τὴν
899 2222 998 2275 φύσιν
1017 2239 1069 2266 τις
1086 2238 1149 2260 κα-

120 2283 272 2336 ταμάθοι
284 2314 293 2332 ,
313 2282 445 2330 πολλὴν
467 2284 537 2322 ἀπὸ
556 2286 619 2330 τῆς
640 2283 870 2331 συνοικήσεως
882 2283 1010 2331 ταύτης
1027 2283 1149 2336 ὄψεται

120 2345 183 2393 τὴν
210 2345 378 2398 ὠφέλειαν
403 2345 461 2383 ἐπὶ
480 2347 548 2383 τῶν
570 2350 646 2384 νοῦν
667 2344 817 2397 ἐχόντων
848 2344 1044 2397 γινομένην.
1072 2347 1150 2383 Οὐκ

121 2407 178 2447 ἐπὶ
200 2407 360 2459 γυναικὸς
376 2405 411 2445 δὲ
430 2405 531 2457 μόνον
552 2405 612 2444 καὶ
638 2406 758 2460 ἀνδρὸς
771 2437 780 2454 ,
807 2406 898 2445 ἀλλὰ
920 2405 983 2444 κᾶν
1010 2406 1151 2458 ἀδελφοὶ

120 2484 220 2507 τουτο
234 2471 382 2516 ποιῶσι,
398 2467 457 2505 καὶ
478 2483 574 2505 αυτοι
591 2470 654 2514 τῆς
670 2467 864 2521 εὐεργεσίας
881 2467 1150 2506 ἀπολαύσονται.

123 2530 186 2568 Διὸ
217 2545 278 2567 και
297 2532 315 2566 ὁ
341 2528 521 2581 προφήτης
550 2528 617 2566 ἕλε
607 2544 670 2579 γε·
697 2528 745 2566 Τί
770 2528 914 2567 καλὸν
895 2545 917 2574 η
937 2528 973 2566 τί
992 2528 1151 2582 τερπνὸν,

1542 1480 1753 1518 HOMILIA
1782 1479 1883 1518 XIX.

1217 1604 1280 1641 44.
1311 1606 1467 1643 Invenit
1495 1607 1558 1644 hie
1583 1608 1730 1658 primus
1743 1607 1919 1660 fratrem
1948 1621 2059 1645 suum
2086 1608 2205 1646 Simo-

1274 1680 1373 1713 nem,
1397 1675 1434 1705 et
1453 1668 1547 1705 dicit
1568 1670 1604 1705 ei
1620 1684 1630 1704 .·
1646 1670 1870 1707 Invenimus
1882 1670 2082 1717 Messinm,
2107 1671 2210 1722 quod

1271 1736 1327 1766 est
1355 1731 1648 1781 interpretatum
1678 1730 1853 1768 Christus
1875 1747 1885 1766 .·
1904 1732 1967 1769 42.
1988 1739 2025 1769 et
2045 1732 2209 1769 adduxit

1271 1789 1384 1827 illum
1404 1791 1457 1828 ad
1475 1791 1622 1829 Jesmn.

1273 1904 1308 1939 1.
1333 1904 1429 1941 Deus
1445 1904 1548 1942 initio
1569 1920 1651 1943 cum
1665 1907 1748 1945 fecit
1762 1907 1960 1959 hominem,
1978 1923 2047 1948 non
2066 1911 2211 1961 reliquit

1218 1964 1324 2002 illum
1345 1965 1479 2017 solum,
1500 1967 1562 2005 sed
1588 1968 1687 2006 dedit
1715 1969 1746 2007 ei
1768 1969 1981 2022 adjutricem
2006 1972 2208 2024 mulierem,

1220 2036 1259 2064 ut
1291 2027 1469 2066 habitaret
1499 2044 1580 2069 eum
1609 2045 1648 2068 eo
1670 2047 1678 2067 :
1698 2046 1780 2069 cum
1811 2046 1856 2069 ex
1882 2032 1950 2070 hoe
1979 2034 2210 2073 contubernio

1221 2088 1376 2127 multum
1398 2090 1490 2128 lucri
1520 2106 1743 2130 accessurum
1775 2103 1901 2132 nosset.
1936 2094 2034 2141 Quid
2058 2095 2153 2133 enim
2181 2096 2211 2134 si

1220 2164 1307 2199 non,
1327 2151 1380 2188 uti
1407 2167 1471 2204 par
1495 2163 1592 2203 erat,
1617 2153 1685 2191 hoc
1705 2155 1876 2193 beneficio
1903 2170 1965 2194 usa
1993 2156 2037 2194 sit
2056 2157 2210 2195 mulier?

1219 2213 1384 2250 Attamen
1399 2213 1489 2251 sirei
1504 2223 1668 2253 naturam
1682 2216 1760 2266 quis
1774 2217 1918 2269 explora
1925 2218 2029 2267 verit,
2044 2232 2210 2269 magnam

1219 2274 1410 2326 comperiet
1424 2289 1469 2313 cx
1480 2275 1550 2314 hoc
1564 2277 1794 2316 contubernio
1812 2279 2001 2317 utilitatem
2017 2279 2052 2316 in
2071 2294 2129 2317 eos
2148 2280 2210 2329 qui

1219 2344 1335 2372 mente
1354 2336 1473 2374 valent
1490 2336 1699 2376 derivatam.
1720 2340 1839 2390 Neque
1858 2340 1896 2377 id
1913 2340 1957 2377 de
1974 2341 2052 2378 viro
2071 2349 2210 2378 tantum

1221 2404 1255 2433 et
1279 2411 1391 2435 uxore
1419 2397 1573 2449 dicitur3
1600 2400 1661 2438 sed.
1687 2401 1792 2438 etiam
1816 2401 1845 2438 si
1867 2401 1992 2438 fratres
2017 2415 2085 2438 una
2110 2401 2210 2440 vixe-

1219 2457 1312 2507 rint,
1343 2459 1422 2510 pari
1448 2460 1621 2498 beneficio
1650 2462 1822 2499 fruentur.
1849 2462 2092 2508 Quamobrem
2122 2476 2210 2515 pro-

1220 2518 1328 2569 pheta
1357 2517 1526 2557 dicebat:
1552 2522 1677 2571 Quam
1706 2524 1849 2559 bonum
1868 2531 1905 2560 et
1924 2537 2043 2575 qzcam
2066 2526 2209 2576 jucun-

125 2593 201 2629 ἀλλ’
221 2590 243 2636 ἢ
263 2606 303 2628 το
331 2596 503 2627 κατοικεῖν
537 2588 702 2640 ἀδελφους
737 2589 794 2628 ἐπὶ
825 2606 865 2627 το
901 2589 1002 2637 003-63
1032 2590 1103 2628 Καὶ
1135 2581 1327 2641 0111dum,
1361 2581 1539 2618 habitare
1564 2583 1718 2634 fiatres
1754 2586 1796 2619 in
1832 2588 1976 2621 unum?
2010 2585 2255 2636 Paulusquc¹·

124 2654 263 2695 Παυλος
283 2666 433 2703 παρηνει
454 2648 502 2701 μὴ
532 2651 776 2701 ἐγκαταλιπεῖν
803 2667 865 2697 ττν
889 2650 1152 2702 ἐπισυναγωγὴν
1175 2654 1201 2683 Α
1221 2651 1339 2680 monet
1362 2656 1405 2680 ne
1420 2653 1517 2681 nost1
1520 2658 1581 2681 um
1609 2654 1739 2683 coetum
1763 2645 1975 2684 deseramus.
1991 2647 2067 2686 Hoc
2079 2648 2211 2701 quippe
2226 2662 2277 2690 25

124 2713 186 2761 τὴν
201 2716 347 2752 ἓαυτων.
373 2712 444 2751 Καὶ
454 2712 522 2765 γὰρ
536 2710 636 2750 τουτό
649 2714 740 2750 ἐστιν
755 2728 783 2764 ῳ
795 2728 862 2750 των
879 2710 1007 2765 θηρίων
1022 2712 1155 2759 διεστή-

126 2790 249 2825 καμεν.
274 2773 342 2812 Διὰ
359 2778 459 2811 τοῦτο
471 2773 530 2811 καὶ
555 2772 673 2816 πόλεις
693 2773 921 2824 ἐδειμάμεθα,
947 2789 1007 2810 και
1024 2772 1152 2826 ἀγορὰς

126 2849 186 2872 και
207 2833 335 2881 οἰκίας,
353 2833 409 2872 ινα
424 2837 509 2885 ὁμου
525 2849 586 2872 και
607 2836 681 2885 μετ
707 2833 867 2880 ἀλλήλων
887 2836 994 2884 ὠμεν,
1009 2849 1046 2871 ου
1064 2833 1156 2872 κατὰ

127 2894 190 2942 τὴν
220 2911 353 2942 οικησιν
384 2895 500 2946 μόνον,
526 2894 616 2933 ἀλλὰ
640 2895 700 2933 καὶ
731 2894 823 2933 κατὰ
849 2895 906 2933 τὸν
933 2897 995 2941 τ’ἧς
1018 2894 1157 2946 ἀγάπης

129 2955 330 3007 σύνδεσμον.
365 2954 512 3002 Ἐπειδὴ
548 2955 616 3009 γὰρ
649 2954 764 3003 ἐνδεὴς
789 2959 874 3007 ἡμῖν
893 2960 915 3003 ἡ
933 2956 1031 3008 φύσις
1060 2955 1157 3008 παρὰ

128 3021 188 3056 τοῦ
219 3016 450 3065 πεποιηκότος
483 3015 636 3069 ἐγένετο,
667 3017 728 3056 καὶ
765 3020 826 3056 οὐκ
859 3017 1034 3070 αὐτάρκης
1066 3017 1156 3056 ἐστὶν

131 3080 248 3129 ἑαυτῇ·
280 3078 526 3132 συμφερόντως
540 3078 763 3131 ᾠκονόμησεν
786 3081 804 3116 ὃ
817 3078 905 3122 Θεὸς
924 3077 986 3125 τὴν
1008 3080 1156 3116 ἐντεῦθεν

132 3138 262 3177 ἔνδειαν
278 3140 397 3178 λοιπὸν
414 3142 452 3178 ἐκ
466 3142 528 3185 τῆς
541 3139 633 3178 κατὰ
651 3139 713 3187 τὴν
735 3139 873 3178 σύνοδον
894 3141 978 3192 παρ’
998 3138 1158 3185 ἀλλήλων

132 3200 314 3251 γινομένης
342 3200 510 3252 ὠφελείας
538 3202 778 3254 διορθωθῆναι.
804 3200 899 3239 8Διὰ
924 3205 1022 3238 τοῦτο
1049 3199 1160 3251 γάμος

179 3330 192 3345 ⁰
218 3321 260 3353 In
277 3320 379 3353 Savil.
397 3328 490 3353 textu
508 3329 540 3354 et
568 3320 767 3365 quibusdam
793 3322 870 3353 Mss.
890 3319 978 3363 lirec,
999 3323 1046 3355 διὰ
1062 3326 1151 3354 τοῦτο

138 3380 233 3417 γάμος
258 3379 470 3417 οἰκονομεῖται,
489 3373 630 3417 desunt3
657 3374 715 3407 sed
744 3373 907 3413 habentus
935 3373 968 3406 ln
985 3371 1074 3413 alllq,
1090 3384 1150 3405 nec

1221 2712 1273 2741 est
1291 2703 1327 2740 in
1350 2718 1421 2754 quo
1439 2719 1460 2742 a
1477 2704 1561 2743 fe1is
1577 2705 1790 2745 d1ffe11mus
1810 2707 1895 2746 Ideo
1912 2708 2018 2747 mbos
2038 2718 2155 2747 consti
2158 2724 2211 2747 111-

1223 2779 1320 2814 mus,
1340 2766 1432 2816 fora,
1446 2765 1590 2818 domos,
1609 2777 1648 2806 ut
1664 2782 1735 2806 una
1753 2769 1890 2808 collecti
1912 2771 2044 2819 simus,
2062 2785 2131 2809 non
2148 2771 2211 2809 ha-

1222 2827 1380 2865 bitaculo
1411 2836 1567 2878 tantum,
1593 2829 1656 2867 sed
1683 2838 1717 2867 et
1745 2831 1900 2870 caritatis
1917 2832 2086 2871 *vinculo
2121 2833 2213 2870 Cum

1223 2889 1318 2927 enim
1345 2898 1471 2928 natura
1498 2900 1616 2929 nostra
1638 2905 1659 2929 a
1684 2892 1875 2932 Conditore
1899 2893 1948 2931 ita
1970 2894 2062 2932 faeta
2086 2894 2149 2943 sit,
2174 2903 2214 2931 ut

1224 2951 1304 2990 aliis
1323 2961 1435 3003 egeat,
1465 2966 1529 2991 nec
1553 2953 1624 2992 sibi
1654 2954 1727 3007 ipsi>
1755 2955 1840 2993 satis
1863 2955 1927 2994 sit:
1958 2970 2033 2994 rem
2063 2956 2113 2994 sic
2135 2965 2215 3008 apte

1225 3015 1442 3068 dispensavit
1460 3018 1557 3055 Deus
1566 3049 1577 3069 ,
1598 3027 1638 3056 ut
1656 3018 1853 3070 indigentia
1870 3019 2080 3072 hujusmodi
2097 3034 2115 3057 a
2135 3033 2216 3057 mu-

1227 3087 1288 3116 tuo
1312 3079 1488 3117 consortio
1517 3089 1551 3118 et
1573 3094 1594 3117 a
1618 3080 1851 3118 conventibus
1876 3081 2033 3133 juvetur.
2062 3080 2217 3131 Ideoque

1228 3139 1362 3192 nuptiae
1389 3141 1587 3178 constitutae
1611 3150 1712 3190 sunt,
1737 3151 1778 3179 ut
1808 3141 1903 3192 quod
1922 3142 2023 3179 alteri
2042 3141 2155 3190 deest,
2173 3142 2218 3179 ab

1229 3201 1340 3239 altero
1356 3202 1587 3254 suppleatur,
1607 3202 1728 3252 sicque
1745 3212 1888 3253 natura,
1911 3216 1987 3253 quae
2006 3216 2113 3254 egena
2130 3211 2218 3251 erat,

1217 3320 1370 3355 videntur
1388 3333 1642 3366 supervacanea.

1990 3430 2088 3474 ios

2224 2536 2313 2564 Psal.
2343 2536 2410 2566 132.

2225 2619 2315 2647 Hebr.
2345 2628 2390 2648 [Ο
