2481 3678
39 593 106 621 Job.
119 592 224 623 31.31.

69 2313 222 2347 Sanguinis

37 2355 145 2382 Christi
172 2364 224 2382 en-

38 2399 128 2423 comia
135 2416 141 2425 ι

244 189 335 245 514

240 281 442 331 constituit,
459 289 498 318 ut
517 293 628 317 unum
650 279 782 328 simus,
802 278 901 329 quasi
918 291 1046 329 corpus
1058 278 1224 329 junctum

239 343 358 396 capiti.
378 343 472 381 Nam
504 340 662 378 ardentis
694 339 824 377 amoris
852 339 919 376 hoc
949 346 1000 375 est
1037 337 1224 375 indicium.

241 404 318 442 Hoc
350 402 579 442 subindicans
607 400 696 451 Job,
726 399 771 437 de
793 399 903 438 servis
923 398 996 436 suis
1021 397 1177 446 dicebat,
1206 411 1225 435 a

240 466 370 516 quibus
399 465 450 503 sic
466 464 669 511 amabatur,
688 471 728 499 ut
756 462 832 513 ejus
853 459 1018 498 carnibus
1039 458 1226 499 admisceri

241 536 465 580 peroptarent
482 542 489 561 :
513 533 551 562 ut
568 524 663 562 enim
684 522 865 560 ardentem
882 535 1039 559 amorem
1067 519 1226 559 ostende-

242 597 339 636 rent,
373 586 572 624 dicebant:
604 586 699 635 Quis
731 584 793 621 det
826 585 935 620 nobis
966 583 1013 619 de
1042 583 1226 619 carnibus

240 652 341 696 suis,
363 657 404 685 ut
420 656 639 685 saturemur
654 650 670 682 Ρ
686 645 793 692 Quod.
812 653 845 682 et
864 643 1028 682 Christus
1046 643 1128 681 fecit
1140 673 1151 692 ,
1181 642 1223 680 ad

240 711 409 762 majorem
431 723 494 747 nos
516 707 710 746 amicitiam
735 706 926 756 inducens,
947 714 981 743 et
1000 719 1103 743 suum
1122 704 1225 742 nobis

236 770 480 808 demonstrans
504 783 678 817 amorem;
703 781 815 818 neque
841 781 878 805 se
896 765 1225 818 concupiscentibus

237 831 434 870 videndum
455 830 560 869 modo
579 829 752 882 praebuit3
775 828 836 867 sed
856 826 1091 880 tangendum,
1113 840 1226 864 comc-

236 893 394 931 dendum
408 924 418 943 ,
448 892 614 931 dentibus
648 891 858 938 terendum,
896 888 1221 936 commiscendum3

236 954 525 1005 desideriumque
541 952 705 1005 implevit
722 966 835 989 omne.
853 951 906 988 Ab
921 950 982 987 illa
1005 963 1088 1000 ergo
1104 962 1224 986 mensa

236 1017 456 1066 recedamus,
478 1025 659 1066 tamquam
673 1014 788 1051 leones
809 1013 927 1063 ignem
943 1010 1128 1062 spirantes,
1147 1009 1225 1046 dia-

235 1077 317 1115 bolo
353 1076 548 1125 terribiles,
592 1074 784 1125 cogitantes
813 1071 911 1122 quod
944 1071 990 1107 sit
1021 1078 1127 1121 caput
1163 1083 1224 1106 no-

235 1147 372 1185 stium,
399 1146 432 1174 et
447 1144 617 1187 quantam
637 1134 739 1172 nobis
756 1132 984 1170 dilectionem
1002 1129 1220 1167 exhibuerit

234 1199 399 1235 pauentes
430 1211 521 1248 saepe
540 1196 670 1233 libetos
702 1207 782 1231 suos
812 1192 961 1243 aliisque
980 1190 1125 1228 alendos
1153 1198 1223 1227 tra-

233 1259 344 1308 dunt,

233 1321 350 1372 ipsum
374 1333 533 1372 appono,
563 1333 629 1358 τοῦ
649 1331 768 1356 omnes
789 1315 924 1353 nobiles
951 1328 1024 1352 esse
1050 1314 1156 1381 volo,
1189 1323 1222 1351 et
1248 1310 1272 1339 A

232 1383 361 1419 bonam
382 1381 427 1419 de
449 1380 579 1418 futuris
609 1394 707 1432 spem
735 1378 866 1416 adfero.
889 1377 980 1415 Nam
1005 1375 1067 1426 qui
1090 1375 1126 1412 in
1156 1375 1223 1412 hac

231 1444 304 1483 vita
324 1457 360 1481 se
388 1442 490 1482 vobis
510 1441 680 1491 tradidit,
706 1440 820 1478 multo
840 1438 956 1489 magis
975 1437 1011 1475 in
1030 1437 1150 1474 futura
1170 1437 1222 1474 fa-

232 1505 341 1543 vebit.
363 1506 486 1543 Frater
505 1518 578 1542 esse
603 1512 718 1541 vester
737 1501 854 1551 volui,
874 1508 1018 1552 propter
1038 1512 1103 1537 vos
1127 1511 1223 1535 com·-

231 1581 377 1604 munem
391 1565 502 1603 habui
529 1577 672 1602 carnem
690 1572 724 1600 et
742 1561 955 1613 sanguinem
976 1575 983 1595 :
1001 1573 1144 1596 rursum
1162 1572 1223 1597 vo-

232 1627 288 1664 bis
308 1641 448 1664 caruem
468 1635 501 1663 et
517 1624 726 1676 sanguinem
745 1621 847 1660 trado
870 1635 932 1673 per
952 1634 1030 1671 quae
1051 1632 1223 1670 congener

232 1690 334 1727 vobis
360 1690 473 1727 factus
504 1703 597 1726 sum.
632 1687 697 1724 Hie
726 1685 871 1737 sanguis
898 1685 934 1722 in
955 1683 1056 1721 nobis
1090 1682 1223 1734 regiam

234 1749 466 1801 ssoridamque
494 1748 639 1788 exhibet
670 1746 884 1798 imaginem,
919 1742 1224 1797 pulchritudinem

235 1811 329 1863 parit
347 1810 610 1858 incredibilem,
625 1809 750 1846 animae
771 1807 992 1846 nobilitatem
1013 1819 1224 1843 marcescere

235 1886 303 1910 non
319 1872 403 1909 sinit
417 1901 427 1920 ,
442 1870 528 1908 dum
551 1870 750 1920 frequenter
782 1868 908 1919 irrigat
927 1876 959 1905 et
980 1867 1105 1905 nutrit.
1136 1867 1222 1904 San-

234 1933 314 1983 guis
344 1932 439 1970 enim
462 1945 530 1969 non
551 1931 672 1968 statim
699 1930 734 1967 in
763 1929 864 1967 nobis
888 1929 929 1966 fit
958 1943 1003 1965 ex
1030 1927 1129 1977 cibo,
1163 1926 1223 1964 sed

233 1994 334 2032 aliud
352 1993 538 2045 quidpiam
561 2008 568 2029 :
591 1992 651 2030 hic
670 2006 755 2031 vero
777 1991 920 2043 sanguis
940 1989 1121 2027 confestim
1143 1988 1222 2026 irri-

234 2055 482 2105 gatanimam,
501 2063 534 2091 et
567 2066 735 2104 magnam
754 2052 831 2091 vim
855 2050 957 2088 indit.
986 2051 1052 2088 Hic
1079 2048 1224 2100 sanguis

232 2115 340 2167 digne
358 2124 523 2168 acceptus
552 2114 730 2152 daemonas
759 2112 886 2164 procul
919 2110 1050 2164 pellit,
1083 2110 1224 2162 angelos

234 2178 280 2215 ad
298 2193 359 2216 nos
376 2177 545 2226 advocat,
565 2177 751 2229 ipsumque
777 2175 983 2226 angelorum
1008 2173 1219 2211 Dominum.

234 2240 422 2277 Daemones
450 2238 584 2290 quippe
604 2237 769 2288 fugiunt,
792 2235 855 2273 ubi
873 2234 995 2275 vident
1017 2233 1225 2285 sanguinem

236 2301 483 2350 Dominicum,
503 2307 694 2338 accurrunt
709 2307 828 2336 autem
845 2297 974 2348 angeli.
994 2296 1064 2334 Hic
1082 2294 1225 2347 sanguis

237 2363 369 2400 effusus
396 2370 509 2399 totum
538 2360 661 2398 orbem
690 2359 815 2396 abluit.
836 2358 954 2396 Multa
980 2356 1025 2395 de
1049 2356 1118 2394 hoc
1145 2369 1226 2394 san-

238 2423 344 2475 guine
363 2423 486 2460 beatus
512 2421 645 2458 Paulus
664 2419 700 2457 in
717 2419 881 2472 Epistola
899 2418 945 2456 ad
962 2417 1128 2455 Hebraeos
1145 2415 1224 2469 phi-

236 2485 417 2538 losophice
446 2483 607 2522 tradidit.
638 2483 706 2520 Hic
731 2481 876 2533 sanguis
905 2480 1014 2533 adyta
1043 2490 1076 2518 et
1106 2488 1224 2518 sancta

236 2556 437 2584 sanctorum
463 2545 642 2598 purgavit.
665 2544 773 2592 Quod
803 2544 831 2582 si
858 2544 933 2596 ejus
953 2543 1068 2595 figura
1092 2551 1226 2580 tantam

238 2610 312 2648 vim
344 2609 472 2646 habuit
501 2609 537 2646 in
568 2609 801 2646 Hebraeorum
840 2606 999 2659 templo,
1035 2606 1071 2643 in
1108 2604 1224 2643 media

239 2671 411 2723 AEgypm,
431 2669 614 2708 liminibus
636 2684 811 2722 aspersus,
830 2669 943 2706 multo
958 2668 1129 2720 maj0rem
1146 2667 1223 2719 ipsa

239 2732 370 2769 veritas
385 2731 504 2768 habet.
521 2730 589 2768 Hie
606 2731 747 2782 sanguis
763 2745 861 2768 aram
884 2743 1029 2768 auream
1046 2729 1198 2767 sacravit
1216 2744 1224 2764 ε

239 2793 314 2830 sine
344 2793 410 2830 hoc
445 2806 514 2830 non
558 2792 711 2830 audebat
744 2792 907 2845 princeps
939 2790 1160 2830 sacerdotum
1192 2791 1228 2828 in

238 2853 349 2906 adyta
367 2852 519 2904 ingredi.
545 2853 612 2890 llic
631 2854 773 2904 sanguis
790 2854 986 2892 sacerdotes
1011 2853 1224 2902 ordinabat,

240 2917 300 2954 liic
319 2916 355 2954 in
380 2916 507 2968 liguris
527 2925 667 2968 peecata
683 2917 859 2955 abluebat.
888 2917 927 2956 Si
949 2917 984 2955 in
1006 2916 1133 2968 figuris
1153 2926 1231 2954 tan·
1256 2910 1278 2940 C

240 2987 312 3016 tam
331 2977 407 3017 vim
435 2977 582 3027 babuit,
615 2977 644 3013 si
669 2978 830 3015 umbram
860 2978 907 3015 ita
942 2993 1036 3016 mors
1067 2977 1230 3026 horruit;

242 3039 448 3088 veritatem,
468 3051 607 3088 quaeso,
621 3046 794 3087 quantum
812 3038 1042 3076 formidabit?
1068 3038 1136 3076 Hic
1154 3052 1231 3075 san-

243 3101 320 3152 guis
341 3100 435 3138 salus
455 3099 654 3137 animarum
672 3107 872 3136 nostrarum
891 3109 942 3137 est
962 3115 969 3135 :
988 3100 1054 3137 hoe
1070 3099 1229 3137 abluitur

675 198 694 228 S
704 219 712 227 .
748 197 934 228 JOANMS
969 195 1212 226 CHRYSOST.

288 3214 305 3237 ¹¹
330 3211 431 3246 Savil.
449 3215 511 3245 ἐστὶ
526 3215 626 3245 τοῦτο.
645 3215 734 3245 τοῦτο
751 3215 830 3252 γοῦν.

286 3275 298 3289 c
323 3264 558 3305 [ἐνδεικνύμενος
574 3261 676 3295 Savit.
696 3269 729 3294 et
745 3260 854 3294 Codd.
875 3262 997 3301 nostri,
1024 3262 1143 3302 reem]

290 3326 302 3339 ἢ
327 3314 387 3346 Alii
405 3320 603 3358 παρα-τείνων.

286 3369 302 3391 ¹¹
328 3365 388 3398 Alii
404 3372 491 3401 τοῦτο
516 3372 550 3400 τὸ
568 3368 645 3408 αἷμα
660 3371 695 3400 τὸ
714 3371 857 3409 μυστικὸν
876 3370 973 3407 ἀξίως.
992 3365 1087 3407 [Mox
1106 3363 1205 3399 Savil.
1225 3372 1255 3396 et

250 3415 346 3449 tlodd
363 3416 464 3450 nostri
488 3421 641 3461 πὸῤῥωῦεν
658 3420 727 3452 εἶναι
744 3418 846 3457 nosti-J

1254 194 1459 225 ARCHIEP.
1499 190 1860 223 CONSTANTINOP.

1298 279 1395 326 ἡμῖν,
1415 275 1474 313 καὶ
1495 274 1639 327 ἀνέφυρε
1658 274 1698 312 τὸ
1713 276 1816 323 σῶμα
1836 275 1938 312 αὐτοῦ
1959 275 2004 316 εἷς
2023 277 2134 324 ἡμᾶς,
2154 273 2210 311 ἵνα
2230 272 2264 311 ἕν
2285 289 2317 311 τι

1298 334 1518 388 ὑπάρξωμεν,
1534 334 1694 387 καθάπερ
1716 337 1817 385 σῶμα
1837 336 1969 386 κεφαλῇ
1989 334 2219 385 συνημμένον.
2236 335 2269 371 T
2271 336 2316 371 ῶν

1298 395 1366 449 γὰρ
1397 396 1527 448 σφόδρα
1556 394 1751 434 ποθούντων
1778 392 1878 433 1’ἐστὶ
1909 399 2009 434 τοῦτο
2037 396 2174 447 δεῖγμα.
2206 396 2320 433 Τοῦτο

1300 463 1378 510 γοῦν
1406 457 1467 496 καὶ
1481 460 1498 495 ὁ
1517 455 1601 495 ’1ὼὸ
1630 454 1875 506 αἰνιττόμενος,
1895 455 1990 508 ἔλεγε
2009 455 2089 508 περὶ
2107 459 2176 494 τῶν
2197 458 2319 493 ἑαυτοῦ

1300 521 1454 567 οἰκετῶν,
1482 513 1530 563 οἷς
1555 512 1596 565 ἦν
1627 515 1716 555 οὕτω
1745 518 1819 566 μεθ’
1850 516 2044 569 ὖπερὸολης
2074 516 2245 564 ποθεινὸς,
2274 519 2320 560 ὡς

1299 596 1494 634 προσφυναι
1508 585 1584 623 ταῖς
1602 577 1720 630 σαρξιν
1747 579 1849 616 αὐτοῦ
1870 579 2059 628 ἐπιθυμεῖν.
2084 578 2234 615 Ἐκεῖνοι
2252 576 2319 628 γὰρ

1298 641 1355 679 τὸν
1376 640 1482 679 πολυν
1503 642 1614 678 αὐτων
1634 637 1883 689 ἐνδεικνύμενοι
1896 637 1999 675 πόθον
2015 638 2051 675 ὃν
2071 641 2176 689 εἶχον,
2191 636 2295 680 Τίς
2279 653 2318 674 αν

1300 702 1371 754 ’δώη
1395 706 1479 752 ἡμῖν
1499 717 1567 739 των
1594 716 1731 753 σαρκων
1764 701 1887 746 αὐτου,
1910 698 2038 750 ἔλεγον,
2058 700 2320 749 ἐμπλησθῆναι,

1297 763 1360 802 Διὸ
1376 763 1416 810 δὴ
1432 763 1492 801 καὶ
1508 766 1525 801 ὁ
1545 762 1693 815 Χριστὸς
1713 761 1794 799 αὐτὸ
1814 759 2016 808 πεποίηκεν,
2033 761 2079 803 εἷς
2099 758 2212 812 φιλίαν
2227 763 2321 810 ἡμᾶς

1297 824 1427 876 ἐνάγων
1446 822 1605 874 μείζονα,
1624 822 1684 861 καὶ
1703 822 1761 860 τὸν
1783 823 1886 859 αὐτοῦ
1906 820 2008 858 πόθον
2031 818 2248 864 Εέπιδεικνὺς
2263 820 2320 858 τὸν

1295 884 1376 938 περὶ
1391 887 1484 935 ἡμᾶς
1496 914 1506 932 ,
1521 886 1582 922 οὐκ
1601 884 1682 921 ἰδεῖν
1701 883 1801 920 αὐτὸν
1823 881 1924 933 μόνον
1938 880 2094 934 παρέσχε
2114 885 2185 922 τοῖς
2202 881 2321 918 ἐπιθυ-

1298 951 1437 996 μοῦσιν·
1458 944 1547 983 ἀλλὰ
1574 944 1634 983 καὶ
1658 944 1833 996 ἅψασθαι,
1861 942 1921 981 καὶ
1938 948 2072 994 φαγεῖν,
2088 941 2148 979 καὶ
2168 939 2320 992 ἐμπῆξαι

1294 1005 1374 1050 τοὺς
1400 1006 1540 1049 ὀδόντας
1568 1009 1612 1056 τῇ
1642 1004 1767 1057 σαρκὶ,
1793 1004 1852 1042 καὶ
1880 1005 2152 1055 συμπλακῆναι,
2178 1002 2238 1040 καὶ
2263 1002 2319 1040 τὸν

1297 1066 1400 1104 πόθον
1418 1067 1597 1116 ἐμπλῆσαι
1616 1064 1744 1103 πάντα.
1765 1065 1827 1108 Ὡς
1839 1064 1974 1108 λέοντες
1988 1063 2101 1102 τοίνυν
2117 1067 2185 1115 π’ὗρ
2203 1062 2321 1101 πνέον-

1295 1142 1352 1169 τες
1366 1156 1375 1173 ,
1398 1125 1506 1169 οὕτως
1526 1125 1595 1164 ἀπὸ
1615 1128 1676 1171 τῆς
1703 1124 1877 1178 τραπέζης
1897 1127 2135 1177 ἀναχωρῶμεν
2166 1123 2298 1170 ἐκείνης
2312 1153 2321 1170 ,

1297 1186 1436 1240 φοὸεροι
1457 1202 1507 1238 τῳ
1530 1185 1683 1238 διαὸόλῳ
1703 1184 1899 1236 γινόμενοι,
1919 1184 1978 1222 καὶ
2001 1183 2063 1231 τὴν
2083 1183 2236 1235 κεφαλὴν
2257 1183 2320 1230 τὴν

377 1271 440 1309 ego
481 1266 602 1295 contra
628 1255 794 1294 carnibus
820 1254 901 1291 illos
933 1252 1023 1291 meis
1045 1252 1123 1303 alo,
1151 1266 1221 1290 me·
1235 1247 1470 1300 ἳῃὴμετέραν
1496 1249 1703 1294 ἐννοοῦντες,
1723 1262 1783 1284 και
1801 1245 1865 1292 τὴν
1890 1245 2030 1297 ἀγάπην
2055 1244 2097 1291 ἣν
2122 1260 2203 1297 περι
2228 1248 2322 1296 ἡμᾶς

1297 1309 1568 1354 ἐπεδείξατο.οἳ
1588 1307 1650 1359 μὲν
1670 1311 1726 1346 ουν
1743 1307 1988 1359 γεννήσαντες,
2007 1306 2209 1350 πολλάκις(
2195 1306 2322 1359 ετέροις

1295 1371 1431 1446 τρέφειν
1460 1369 1595 1409 διδόασι
1630 1368 1674 1407 τὰ
1704 1367 1891 1420 τεχθέντα·
1928 1367 1995 1420 ἐγὼ
2035 1367 2071 1405 δὲ
2108 1368 2174 1419 οὐχ
2211 1366 2320 1414 οὕτω,

1297 1432 1413 1508 φησὶν,
1436 1431 1525 1469 ἀλλὰ
1549 1437 1625 1475 ταῖς
1644 1429 1744 1505 σαρξὶ
1772 1445 1887 1482 τρεφω
1912 1434 1989 1472 ταῖς
2017 1431 2138 1479 ἐμαῖς,
2172 1428 2320 1479 ἐμαυτὸν

1297 1496 1376 1542 ὑμῖν
1396 1491 1639 1544 παρατίθημι,
1658 1491 1792 1534 πάντας
1810 1493 1900 1540 ὑμᾶς
1920 1491 2065 1541 εὐγενεῖς
2085 1493 2172 1527 εἶναι
2194 1491 2320 1540 βουλό-

1299 1568 1418 1602 μενος,
1438 1552 1497 1590 καὶ
1515 1551 1671 1605 χρηστὰς
1690 1554 1769 1602 ὑμῖν
1796 1549 1874 1604 περὶ
1898 1566 1968 1588 των
1997 1548 2223 1601 μελλόντωνῧ
2235 1552 2320 1587 υπο-

1297 1612 1416 1651 τείνων
1438 1612 1591 1656 ἐλπίδας.
1612 1611 1656 1650 Ὁ
1676 1610 1743 1664 γὰρ
1770 1612 1917 1649 ἐνταῦθα
1945 1613 2025 1662 ὑμῖν
2042 1609 2159 1654 ἐκδοὺς
2187 1610 2320 1658 ἑαυτὸν,

1296 1675 1415 1725 πολλω
1451 1675 1580 1724 μᾶλλον
1613 1675 1645 1712 ἐν
1680 1688 1731 1710 τω
1767 1672 1938 1723 μέλλοντι.
1971 1671 2130 1723 Ἀδελφὸς
2166 1672 2321 1718 ἠθέλησα

1296 1734 1460 1788 υμέτερος
1489 1734 1669 1787 γενέσθαι,
1697 1732 1910 1780 ἐκοινώνησα
1930 1733 2057 1807 σαρκὸς
2085 1748 2143 1770 και
2176 1731 2321 1782 αι’ματος

1297 1797 1341 1834 δι’
1361 1812 1472 1847 υμας,
1492 1795 1597 1834 πάλιν
1622 1794 1728 1842 αὐτὴν
1756 1798 1836 1846 ὑμῖν
1852 1793 1914 1840 τὴν
1944 1792 2058 1846 σάρκα
2074 1808 2134 1831 και
2154 1793 2194 1831 τὸ
2215 1796 2321 1844 αἱμα,

1298 1858 1340 1895 δι’
1371 1860 1418 1895 ὡν
1440 1856 1607 1909 συγγενὴς
1634 1855 1814 1909 ἐγενόμην,
1837 1853 2015 1906 ἐκδίδωμι.
2039 1855 2112 1892 Γ
2075 1870 2152 1892 ουτο
2169 1854 2209 1893 τὸ
2234 1857 2322 1905 αἱμα

1295 1919 1358 1966 τὴν
1384 1919 1498 1958 εἰκόνα
1525 1922 1609 1970 ἡμῖν
1642 1917 1792 1969 ἀνθηρὰν
1822 1917 2004 1970 ἐργάζεται
2032 1915 2095 1963 τὴν
2124 1915 2322 1967 βασιλικὴν,

1296 1985 1396 2018 τοῦτο
1412 1980 1538 2024 κάλλος
1559 1978 1740 2031 ἀμήχανον
1760 1977 1891 2026 τίκτει,
1907 1982 2007 2016 τοῦτο
2031 1979 2322 2029 ἀπομαρανθῆναι

1295 2044 1358 2088 τῆς
1385 2043 1500 2093 ψυχῆς
1527 2040 1590 2087 τὴν
1623 2039 1792 2092 εὐγένειαν
1821 2041 1882 2078 οὐκ
1903 2038 2057 2091 ἀφίησιν,
2086 2037 2188 2091 ἅρδον
2217 2037 2322 2084 αὐτὴν

1299 2118 1450 2154 συνεχως
1468 2118 1528 2140 και
1548 2101 1682 2156 τρέφον.
1703 2101 1756 2139 Τὸ
1772 2099 1833 2151 μὲν
1850 2100 1918 2152 γὰρ
1934 2100 2003 2138 ἀπὸ
2021 2116 2088 2138 των
2104 2098 2221 2138 σιτίων
2237 2102 2321 2149 ἡμῖν

1299 2158 1387 2215 αἷμα
1407 2163 1598 2216 γινόμενον,
1612 2165 1673 2201 οὐκ
1687 2162 1808 2205 ευθέως
1825 2177 1927 2200 τουτο
1945 2161 2098 2213 γίνεται,
2114 2162 2189 2199 ἀλλ’
2206 2159 2321 2212 ε’τερόν

1298 2240 1356 2262 τι·
1373 2240 1473 2263 τουτο
1495 2223 1530 2262 δὲ
1557 2225 1621 2275 οὐχ
1638 2222 1765 2266 οὕτως,
1792 2223 1866 2260 ἀλλ’
1897 2221 2056 2264 εὐθέως
2040 2220 2102 2267 τὴν
2126 2220 2242 2272 ψυχὴν
2261 2221 2323 2272 ἀρ-

1299 2285 1407 2334 δεύει,
1429 2284 1488 2323 καὶ
1511 2285 1665 2336 μεγάλην
1686 2282 1765 2321 τινὰ
1785 2281 1929 2333 δύναμιν
1952 2284 2099 2332 ἐμποιεῖ.
2128 2283 2240 2319 Τοῦτο
2260 2281 2323 2319 ι’τὸ

1299 2342 1388 2399 αἷμα
1413 2347 1515 2392 ἀξίως
1541 2345 1805 2397 λαμὸανόμενον
1828 2343 1961 2382 ἐλαύνει
1986 2342 2047 2394 μὲν
2068 2342 2234 2394 δαίμονας
2262 2343 2321 2381 καὶ

1297 2409 1472 2461 πόρρωθεν
1488 2410 1588 2459 ἡμῶν
1607 2412 1718 2454 ποιεῖ,
1745 2407 1844 2443 καλεῖ
1868 2404 1903 2442 δὲ
1921 2404 2087 2456 ἀγγέλους
2102 2404 2188 2457 πρὸς
2208 2408 2320 2454 ἡμᾶς,

1298 2470 1358 2509 καὶ
1377 2470 1433 2508 τὸν
1456 2468 1636 2515 Δεσπότην
1657 2470 1725 2505 τῶν
1753 2465 1920 2517 ἀγγέλων.
1937 2464 2055 2503 “Oi-coo
2076 2464 2143 2517 γὰρ
2160 2464 2199 2502 ἂν
2221 2464 2321 2503 ἴδωσι

1298 2532 1338 2570 τὸ
1358 2524 1446 2582 αἷμα
1465 2530 1504 2569 τὸ
1533 2528 1747 2573 δεσποτικὸν,
1767 2526 1929 2579 φεύγουσι
1955 2526 2016 2576 μὲν
2047 2525 2223 2577 δαίμονες,
2244 2543 2321 2564 συν-

1299 2593 1461 2647 τρέχουσι
1486 2591 1521 2630 δὲ
1547 2591 1698 2642 ἄγγελοι.
1727 2590 1839 2626 Τοῦτο
1859 2587 1898 2625 τὸ
1921 2582 2008 2638 αἷμα
2037 2587 2178 2639 ἐκχυθὲν
2204 2594 2320 2625 πᾶσαν

1299 2655 1362 2702 τὴν
1379 2652 1582 2703 οἰκουμένην
1611 2650 1810 2695 *ἐξέπλυνε
1838 2648 1959 2686 Πολλὰ
1990 2648 2069 2699 περὶ
2096 2652 2156 2686 τοῦ
2177 2647 2322 2699 αἵματος

1301 2716 1422 2754 τούτου
1446 2713 1506 2752 καὶ
1529 2716 1547 2751 ὁ
1569 2711 1738 2764 μακάριος
1757 2711 1894 2753 Παῦλος
1916 2712 1948 2747 ἐν
1969 2712 2011 2760 τῇ
2033 2710 2118 2761 πρὸς
2138 2708 2323 2761 Ἑὲραίους

1304 2775 1543 2828 ἐφιλοσόφησε.
1564 2775 1678 2811 Τοῦτο
1707 2772 1746 2809 τὸ
1772 2765 1859 2820 αἷμα
1884 2770 1928 2808 τὰ
1952 2770 2061 2808 ἄδυτα
2087 2770 2146 2807 καὶ
2174 2768 2218 2806 τὰ
2242 2769 2324 2820 ἅγια

1303 2840 1372 2876 τῶν
1395 2837 1501 2889 ἁγίων
1522 2835 1699 2887 ἐκάθηρεν.
1720 2834 1765 2871 Εἰ
1792 2831 1827 2870 δὲ
1855 2835 1872 2870 ὃ
1899 2831 2004 2875 τύπος
2030 2833 2132 2870 αὐτοῦ
2155 2830 2326 2877 τοσαύτην

1305 2900 1404 2952 ἔσχεν
1425 2897 1535 2950 ἰσχὺν,
1556 2896 1588 2935 ἔν
1608 2912 1645 2933 τε
1663 2897 1712 2947 τῷ
1732 2895 1804 2945 ναῷ
1823 2896 1890 2931 τῶν
1907 2892 2097 2945 Ἔὸραίων,
2117 2892 2150 2930 ἔν
2166 2908 2203 2929 τε
2218 2891 2327 2943 Αἰγύ-

1304 2978 1382 3014 πτῳ
1400 2965 1414 2982 ⁰
1425 2959 1527 3012 μέσῃ,
1542 2963 1616 3000 ταῖς
1630 2958 1745 3008 φλιαῖς
1760 2954 2013 3008 ἐπιχριόμενον·
2025 2955 2145 3006 πολλῷ
2160 2953 2290 3004 μᾶλλον
2305 2955 2326 2998 ἦ

1306 3028 1463 3075 ἀλήθεια.
1495 3026 1608 3063 Τοῦτο
1634 3021 1673 3060 τὸ
1703 3016 1809 3072 αἷμα,
1839 3019 1878 3058 τὸ
1904 3024 2051 3073 χρυσοῦν
2085 3018 2326 3071 θυσιαστήριον

1309 3095 1450 3147 ἡγίασε·
1472 3091 1591 3131 τούτου
1612 3089 1719 3143 χωρὶς
1742 3091 1802 3126 οὐκ
1821 3088 1951 3138 ἐτόλμα
1973 3091 1990 3125 ὁ
2013 3085 2192 3139 ἀρχιερεὺς
2212 3087 2258 3128 εἷς
2284 3084 2326 3121 τὰ

1369 3207 1385 3225 *
1410 3204 1524 3239 Morel.
1543 3208 1687 3244 ἐξέλκοσε.

1370 3268 1383 3282 c
1406 3256 1523 3289 Morel.
1543 3262 1619 3299 μέσῃ
1633 3259 1733 3292 αὐταῖς
1752 3260 1826 3290 ταῖς.
1842 3251 1960 3294 [Infra
1984 3262 2045 3293 pro
2059 3255 2202 3285 ἀπέλουεν
2225 3248 2328 3283 savit.

1324 3320 1356 3344 et
1382 3310 1466 3343 (1.οά
1494 3310 1559 3341 706
1585 3312 1746 3352 endo-rpem,
1773 3303 1857 3338 Cod.
1883 3304 1946 3336 7o5
1974 3308 2148 3348 ἐκάθαιρεν,
2177 3301 2330 3343 idemque

1324 3368 1514 3407 &palor-rma?
1519 3377 1535 3395 α
1554 3366 1590 3394 τὸ.
1609 3360 1663 3398 ἐκ]
