2507 3673
771 217 827 246 DE
864 217 901 246 S.

126 303 285 336 τοσοῦτον
307 297 390 350 ὕψος
411 297 593 350 ἀφικέσθαι
614 299 794 352 ἄνθρωπον
815 298 955 350 χοϊκόν;
977 297 1039 336 Ἐν
1057 297 1145 334 πολ-

126 362 167 411 λῇ
192 359 391 412 παρρησίᾳ,
416 359 475 397 καὶ
494 359 559 396 ὅσα
578 359 719 398 δυνατόν
749 362 824 398 ἐστι
849 362 1032 406 θεαθῆναι,
1052 356 1147 395 ἐθεά-

125 435 227 466 σατο,
247 420 305 458 καὶ
326 422 373 466 εἷς
392 420 435 456 τὰ
456 419 616 458 ἐπέκεινα
637 421 736 458 αὐτὸν
753 421 957 472 φιλονεικεῖν
981 418 1145 470 βουλόμε-

123 495 192 527 νον,
211 479 278 518 ιῸν
305 475 391 518 εἶδεν
408 481 516 524 οὐδεὶς
543 481 748 535 ἀνθρώπων,
775 480 851 520 οὐδὲ
875 482 958 518 ἰδεῖν
981 479 1144 524 δύναται,

122 540 236 584 καθὼς
262 540 387 592 γράφει
404 543 541 586 Παῦλος
560 546 577 580 ὁ
597 543 804 585 ἀπόστολος·
833 541 947 585 καθὼς
968 540 1027 578 καὶ
1044 539 1145 580 αὐτὸς

121 601 285 649 Ἰωάννης
306 602 350 641 τὰ
369 603 472 653 ὅμοια
488 635 497 651 ,
516 604 569 642 ὅτι
583 604 674 643 Θεὸν
702 605 811 647 οὐδεὶς
839 601 972 654 ἑώρακε
989 599 1144 638 πώποτε.

122 662 171 699 Τί
190 657 246 700 οῦν
267 665 409 715 ἐροῦμεν
431 664 515 716 πρὸς
535 668 668 710 ταῦτα;
685 663 771 701 ‘'Orv.
792 664 932 705 Παῦλος
953 660 1014 711 μὲν
1030 661 1146 702 καλῶς

122 723 251 777 ἔγραψε
270 724 398 775 λέγων·
414 723 483 763 ”(.)ν
504 719 591 764 εἶδεν
608 725 718 768 οὐδεὶς
738 723 942 776 ἀνθρώπων,
965 720 1042 760 οὐδὲ
1063 722 1145 759 ἰδεῖν

122 784 277 822 δύναται.
297 785 471 823 Ἐνταῦθα
486 785 553 838 γὰρ
565 787 625 823 οὐκ
647 785 737 831 ἔστι,
754 784 799 822 τὰ
815 783 906 822 κατὰ
927 781 1145 834 ἀνθρώπους,

122 846 199 884 οὔτε
223 846 267 884 τὰ
292 846 383 884 κατὰ
401 846 516 898 φύσιν,
541 845 632 884 ἀλλὰ
659 845 704 883 τὰ
729 845 816 897 ὑπὲρ
835 843 954 897 φύσιν·
981 843 1059 882 οὔτε
1081 847 1144 891 τῆς

120 904 295 951 δουλείας,
316 904 405 942 ἀλλὰ
428 908 490 951 τῆς
506 903 676 947 υἱοθεσίας
699 904 759 942 καὶ
779 903 895 956 φιλίας
916 902 1060 954 (Ὑμεῖς
1078 902 1147 955 γὰρ

120 964 213 1016 φίλοι
228 980 293 1015 μου
310 963 387 1003 ἔστε
399 995 408 1012 ,
425 965 538 1004 οὐκέτι
553 965 690 1004 καλέσω
704 967 795 1016 ὑμᾶς
810 964 986 1013 δούλους)·
1003 963 1080 1003 οὔτε
1097 963 1145 1015 μὴ

119 1025 255 1078 καθαρὰ
267 1056 277 1073 ,
302 1025 393 1064 ἀλλὰ
412 1026 549 1078 καθαρὰ
568 1026 627 1065 καὶ
653 1026 877 1078 *λαλούμενα
889 1057 900 1075 ,
926 1025 1040 1069 καθὼς
1062 1026 1148 1078 προς

119 1085 242 1130 αὐτοὺς
260 1090 281 1132 ἡ
304 1086 380 1125 θεία
398 1087 493 1139 φωνὴ
513 1088 608 1139 λέγει
626 1119 634 1137 ,
658 1088 711 1126 ὅτι
736 1089 859 1139 εΥμεῖς
880 1086 1026 1139 καθαροί
1046 1088 1140 1125 ἐστε·

185 1148 211 1163 Nl

118 1151 150 1187 οἳ
181 1164 216 1187 οε
244 1149 390 1201 καθαροὶ
415 1153 458 1201 τῇ
483 1150 610 1202 καρδία
636 1150 694 1188 τὸν
723 1149 812 1189 Θεὸν
836 1149 992 1201 ὄψονται.
1023 1150 1148 1187 Ταῦτα

119 1209 230 1248 τοίνυν
248 1210 291 1248 τὰ
318 1210 466 1260 μέγιστα
488 1212 546 1249 καὶ
568 1216 642 1250 θεῖα
666 1211 873 1263 χαρίσματα
903 1209 1149 1262 ἐπιφερόμενος

119 1274 137 1309 ὅ
157 1271 339 1319 Ἰωάννης,
366 1272 425 1310 καὶ
450 1273 674 1325 τεθαρρηκὼς
701 1272 758 1312 ἐπὶ
788 1271 831 1310 τὰ
859 1272 978 1324 ὑψηλὰ
1006 1271 1147 1319 ἐπιὸὰς,

120 1333 266 1385 ἔφθασεν
284 1334 330 1376 εἷς
349 1333 388 1371 τὸ
405 1334 598 1385 ἀπέραντον
619 1333 788 1385 πέλαγος,
804 1333 863 1372 καὶ
880 1339 952 1376 τοῖς
966 1332 1149 1383 ἀμιάντοις

120 1397 224 1432 αὐτοῦ
241 1400 311 1437 τοῖς
325 1395 469 1446 καρδίας
488 1396 678 1446 ὀφθαλμοῖς
701 1394 911 1445 θεασάμενος
932 1396 964 1432 ἐν
984 1399 1053 1436 τοῖς
1069 1392 1148 1430 κόλ-

118 1470 196 1498 ποις
213 1459 272 1492 τοῦ
297 1454 449 1507 ἀνάρχου
471 1455 612 1507 Πατρὸς
633 1455 690 1493 τὸν
714 1455 929 1507 συνάναρχον
947 1454 1073 1504 Λόγον,
1088 1453 1147 1491 τὸν

118 1515 187 1569 πρὸ
205 1515 345 1553 πάντων
371 1515 505 1554 αἰώνων
533 1519 572 1555 ἐκ
591 1519 650 1554 τοῦ
678 1515 819 1569 Πατρὸς
843 1514 1003 1569 ἀρρήτως
1026 1530 1150 1565 γεννη-

120 1577 222 1615 θέντα
234 1607 243 1624 ,
266 1576 326 1614 καὶ
343 1576 470 1627 μηκέτι
485 1576 548 1624 τὴν
565 1578 803 1624 ἀνεκλάλητον
823 1575 958 1623 ἐκείνην
981 1574 1096 1628 χαρὰν
1114 1575 1149 1612 ἐν

120 1640 234 1690 ἑαυτῷ
246 1637 405 1689 κατέχειν
421 1637 589 1690 ἐνισχύων
603 1638 642 1676 τὸ
656 1637 752 1690 ἅγιον
765 1637 825 1676 καὶ
841 1636 1028 1689 σεραφικὸν
1045 1637 1148 1674 αὐτοῦ

122 1698 255 1750 στόμα,
283 1700 342 1736 καὶ
373 1699 509 1751 μεγάλῃ
536 1703 579 1751 τῇ
608 1704 703 1752 φωνῆ
735 1699 901 1752 ἀνέκραξε
929 1698 1057 1750 λέγων·
1088 1697 1149 1737 Ἐν

122 1761 213 1814 ἀρχῇ
233 1754 274 1806 ἧν
296 1763 314 1797 ὃ
333 1760 458 1811 Λόγος.
477 1760 594 1799 Βλέπε
620 1777 679 1811 μοι
696 1760 831 1800 σύνεσιν
852 1759 988 1807 ἁλιέως,
1016 1758 1150 1807 σκότιη-

122 1836 181 1859 σον
202 1820 324 1872 σοφίαν
351 1821 472 1875 ἀνδρὸς
505 1821 808 1873 ἀγραμματίστου.
838 1815 941 1864 Εἶδές
976 1837 1035 1872 μοι
1067 1821 1151 1873 ὕψος

123 1882 331 1921 διδασκάλου
347 1882 548 1933 ἀδιήγητον,
564 1885 598 1920 ἐν
615 1882 754 1935 Ἐφέσῳ
773 1882 1014 1933 καθεζόμενον,
1032 1882 1091 1920 καὶ
1107 1881 1151 1920 τὰ

122 1945 282 1996 ὑπεράνω
296 1948 365 1982 τῶν
380 1946 532 1996 οὐρανῶν
550 1944 719 1995 θεώμενον
733 1960 745 1995 3
760 1947 824 1997 Τῷ
838 1943 1012 1995 πνεύματι
1029 1945 1076 1988 εἷς
1093 1943 1151 1982 τὸν

123 2005 195 2043 ἅνω
222 2006 321 2056 βυθὸν
346 2005 571 2056 ἀπεδήμησε,
592 2005 652 2043 καὶ
677 2007 716 2043 ἐκ
740 2009 799 2043 τοῦ
820 2008 990 2057 πατρικοῦ
1021 2004 1152 2043 κόλπου

123 2066 185 2113 τὴν
215 2067 390 2119 θεολογίαν
424 2066 584 2111 ἁλιεύσας
603 2070 653 2120 τῷ
682 2066 822 2119 σώματι
849 2066 945 2104 κάτω
979 2066 1150 2118 ἔγραφεν·

123 2127 187 2166 Ἔν
209 2129 301 2180 ἀρχῇ
322 2123 364 2175 ἦν
381 2132 398 2166 ὃ
413 2129 537 2179 Λόγος.
559 2128 745 2168 Ἀκούσατε
764 2131 795 2167 οἱ
811 2128 928 2167 πιστοὶ
953 2127 1012 2165 καὶ
1033 2128 1152 2182 στηρί-

123 2193 253 2240 χθητε,
276 2189 337 2228 Ἔν
358 2192 449 2241 ἀρχῇ
470 2184 512 2236 ἦν
533 2193 551 2228 ὃ
569 2190 681 2241 Λόγος
695 2205 703 2213 ·
731 2189 902 2228 ἀκούσατε
921 2191 953 2227 οἱ
969 2190 1152 2240 γλωσσαλ-

124 2254 262 2303 γοῦντες
285 2250 481 2303 ἀντίλογοι,
508 2251 569 2288 καὶ
597 2251 828 2303 αἰσχύνθητε,
853 2250 915 2289 Ἐν
944 2252 1038 2303 ἀρχῇ
1063 2245 1105 2297 ἦν
1135 2253 1152 2289 ὁ

124 2312 247 2363 Λόγος.
278 2312 418 2360 Μηκέτι
449 2313 728 2365 παῤῥησιάζεσθε
767 2312 990 2364 βλάσφημοι,
1025 2311 1152 2361 μηκέτι

124 2375 310 2423 πολεμεῖτε
335 2373 397 2420 τὴν
419 2373 638 2419 Ἐκκλησίαν
671 2373 907 2427 ἀντίχριστοι·
937 2372 1062 2424 μηκέτι
1084 2390 1152 2411 πα-

127 2441 325 2488 ρανομεῖτε,
358 2434 485 2484 μηκέτι
505 2436 631 2487 ὑψοῦτε
663 2434 765 2486 κέρας
778 2464 788 2482 ,
821 2434 883 2481 Μὴ
915 2435 1076 2489 ἕπαίρετε
1105 2437 1153 2479 εἷς

125 2496 208 2548 ὕψος
229 2496 268 2534 τὸ
287 2494 390 2548 κέρας
413 2498 524 2545 ὑμῶν,
544 2495 604 2533 καὶ
625 2494 674 2546 μὴ
689 2497 831 2533 λαλεῖτε
857 2495 950 2534 κατὰ
974 2501 1033 2535 τοῦ
1059 2499 1152 2549 Θεοῦ

127 2557 277 2604 ἀδικίαν,
290 2556 447 2607 λέγοντες
460 2586 470 2604 ,
489 2557 541 2594 ὅτι
561 2551 602 2603 ἦν
625 2572 729 2604 ποτε,
749 2556 807 2595 ὅτε
825 2558 888 2595 οὔκ
903 2551 960 2605 ἦν,
987 2557 1048 2596 καὶ
1069 2558 1151 2610 πρὶν

126 2617 285 2669 γενέσθαι
304 2619 364 2655 οὔκ
382 2611 437 2665 ἦν,
452 2617 512 2655 καὶ
529 2617 582 2655 ὅτι
598 2617 632 2661 ἐξ
647 2620 708 2656 οὐκ
723 2617 829 2655 ὄντων
845 2617 991 2668 ἐγένετο.
1008 2619 1149 2658 Παῦσον

126 2677 189 2725 τὴν
212 2678 374 2729 γλῶσσάν
399 2694 458 2716 σου
481 2678 549 2717 ἀπὸ
569 2682 698 2727 κακοῦ,
718 2678 777 2716 καὶ
799 2678 901 2731 χείλη
927 2694 988 2717 σου
1014 2683 1074 2717 τοῦ
1100 2680 1148 2731 μὴ

124 2742 276 2787 λαλῆσαι
295 2740 405 2780 δόλον.
429 2741 541 2784 Αὐτὸς
559 2739 626 2793 γὰρ
642 2735 684 2787 ἦν
711 2740 770 2778 καὶ
796 2743 922 2793 προ-ῆν,
941 2740 999 2778 καὶ
1023 2741 1075 2779 ἀεὶ
1094 2736 1150 2790 ἦν,

127 2802 206 2840 οὔτε
221 2802 431 2854 ἀρξάμενος,
453 2802 531 2840 οὔτε
554 2801 778 2853 παυσάμενος
799 2805 859 2838 τοῦ
880 2795 988 2850 εἶναι,
1011 2801 1087 2840 οὔτε
1114 2804 1149 2841 ἐν

127 2864 242 2917 χρόνῳ
262 2867 280 2902 ὃ
299 2864 460 2916 ἄχρονος,
480 2864 557 2903 οὔτε
585 2862 772 2916 κτίσμα,ἢ
792 2863 929 2915 ποίημα
941 2879 948 2887 ·
967 2864 1066 2907 αὐτὸς
1085 2863 1152 2916 γὰρ

126 2924 275 2972 ποιητὴς
289 2925 348 2963 καὶ
365 2925 572 2978 δημιουργὸς
589 2928 657 2964 τῶν
675 2924 851 2974 ἁπάντων,
871 2926 1004 2977 ὁρατῶν
1029 2941 1067 2963 τε
1091 2925 1150 2963 καὶ

129 2986 296 3038 ἀοράτων.
317 2986 442 3024 Πάντα
461 2987 527 3039 γὰρ
552 2988 596 3025 δι’
623 2989 727 3025 αὐτοῦ
753 2986 899 3038 ἐγένετο.
920 2986 1073 3033 Ἀληθῶς
1091 2987 1150 3025 καὶ

127 3052 186 3086 νῦν
203 3050 312 3086 εἰπεῖν
328 3047 445 3100 καιρὸς
464 3049 574 3086 ἐκεῖνο
596 3048 635 3086 τὸ
654 3049 869 3102 προφητικὸν
888 3046 1018 3100 λόγιον,
1038 3041 1151 3091 Οῧτος

127 3112 145 3147 ὃ
164 3109 254 3151 Θεὸς
279 3111 399 3159 ἡμῶν·
429 3111 466 3146 οὔ
495 3109 741 3160 λογισθήσεται
775 3108 890 3162 ἕτερος
916 3109 1002 3162 πρὸς
1030 3108 1147 3148 αὐτόν.

129 3175 270 3227 Ἐξεῦρε
296 3182 412 3213 πᾶσαν
444 3175 520 3213 ὁδὸν
552 3175 768 3226 ἐπιστήμης,
801 3176 860 3214 καὶ
889 3174 1014 3213 ἔδωκεν
1043 3176 1151 3223 αὐτὴν

129 3241 277 3293 Ἰωάννῃ
300 3242 350 3293 τῷ
365 3240 585 3293 ἠγαπημένῳ
617 3243 675 3279 ὑπ’
704 3242 820 3280 αὐτοῦ.
840 3240 980 3280 Θέασαί
1007 3256 1067 3292 μοι
1085 3243 1152 3295 γὰρ

940 215 1115 245 ᾸΟΛΝΝΕ
1150 214 1382 244 APOSTQLO
1418 215 1581 245 SERMO.

1168 544 1193 575 C

2110 201 2197 262 78⁷)

1221 296 1316 333 Tum
1334 293 1380 332 ad
1393 308 1431 332 ea
1445 294 1612 346 deinceps
1625 297 1786 347 pervenit
1798 311 1874 347 quae
1893 298 2066 335 inaccessa
2082 307 2199 345 erant;

1218 360 1428 398 supremum
1445 347 1664 398 profundum
1680 348 1808 399 attigit.
1823 349 1923 393 Quid
1939 349 2047 400 igitur
2063 350 2111 387 ad
2126 350 2201 387 haec

1217 397 1409 436 dicemus?
1437 400 1530 437 Vera
1554 408 1604 436 cst
1626 399 1688 437 illa
1710 414 1783 438 vox
1800 400 1920 438 divina
1938 402 2117 453 prophetae
2142 416 2202 439 ore

1219 451 1378 502 prolata:
1400 451 1475 489 Sed
1491 465 1558 503 ego
1587 465 1663 497 eos,
1692 455 1759 504 qui
1778 467 1837 489 me
1850 453 2087 505 glorificant,
2112 455 2199 505 glo-
2219 470 2243 491 1.
2258 464 2332 500 Ῑιεὸη
2349 473 2378 492 2.

1218 503 1381 555 ristcabo
1397 520 1409 545 ‚-
1428 503 1727 553 quemadmodum
1745 514 1779 542 et
1794 505 1838 542 de
1853 506 1920 542 hoc
1938 505 2004 542 Dei
2021 515 2116 556 pater
2131 508 2200 543 Da—
2213 505 2266 533 30·

1218 554 1282 593 vid
1302 556 1529 608 prophetavit
1547 572 1554 593 τ
1578 558 1654 594 Dei
1672 559 1794 609 sortes
1815 566 1924 596 terroe
1953 559 2201 596 vehementer
2216 569 2300 597 Psal.
2329 567 2380 605 [46.

1217 608 1360 646 elevati
1382 618 1470 647 sunt
1495 625 1505 645 .·
1534 618 1566 647 et
1588 624 1721 657 rursus,
1740 611 1914 656 Sanctis,
1938 613 2005 662 qui
2033 613 2073 647 in
2097 619 2200 648 terra
2218 618 2264 641 ¹0·

1218 669 1307 698 sunt
1327 663 1422 714 ejus,
1446 663 1668 713 mirificavit
1692 664 1884 701 Dominus
1903 677 2034 701 omnes
2054 664 2200 701 volun—
2217 653 2304 680 Psnl.
2319 653 2399 683 ¹⁵⁶3·

1219 721 1318 751 tates
1333 727 1424 752 suas
1442 717 1483 751 in
1496 718 1561 753 eis.
1583 715 1689 762 Quod
1704 716 1798 754 enim
1818 716 1933 767 majus
1945 725 1996 753 est
2010 716 2078 753 hoc
2097 716 2202 754 mira-

1219 766 1340 804 culum
1358 797 1366 813 ,
1387 767 1423 805 in
1448 776 1583 805 tantam
1608 768 1709 806 evehi
1741 769 1997 807 sublimitatem
2025 777 2204 806 terrenum

1218 818 1424 857 hominem?
1446 821 1537 858 Cum
1559 822 1672 858 multa
1693 821 1844 871 fiducia,
1875 831 1908 860 et
1934 831 2108 873 quantum
2127 836 2205 874 spe-

1219 871 1308 909 ctari
1325 872 1496 924 possibile
1519 882 1585 922 est,
1607 875 1792 925 spectavit,
1811 883 1843 912 et
1868 874 1914 912 ad
1935 875 2104 912 ulteriora
2123 889 2205 912 con—

1218 923 1362 963 tendere
1382 925 1412 963 si
1438 926 1610 964 voluisset
1625 927 1675 946 **
1700 928 1820 978 Quem
1846 928 1980 966 nullus
2007 929 2204 965 hominum
2226 948 2250 968 ι.
2273 943 2347 969 Tim.
2372 941 2402 970 6.

1219 978 1339 1024 vidit,
1352 979 1421 1016 sed
1444 993 1568 1031 neque
1588 980 1723 1017 videre
1739 988 1877 1031 potest,
1903 989 1943 1017 ut
1963 980 2098 1017 Paulus
2116 995 2203 1032 apo-
2225 983 2270 1012 ι6-

1220 1030 1330 1068 stolus
1348 1031 1475 1068 scribit
1497 1047 1504 1067 :
1526 1031 1829 1082 quemadmodum
1845 1042 1878 1070 et
1900 1034 2052 1072 Joannes
2068 1031 2144 1084 ipse
2158 1033 2207 1071 si-

1221 1083 1320 1120 milia
1339 1098 1346 1119 :
1365 1085 1494 1122 Deum
1513 1099 1624 1122 nemo
1643 1086 1745 1122 vidit
1762 1100 1958 1137 umquam.
1981 1085 2080 1132 Quid
2098 1085 2208 1136 igitur
2221 1102 2406 1133 Joan.1.18.

1220 1135 1266 1172 ad
1280 1135 1357 1173 haec
1367 1136 1554 1174 dicemus?
1570 1137 1724 1175 Paulum
1737 1137 1882 1188 quidem
1901 1147 1995 1176 reete
2014 1138 2208 1190 scripsisse,

1220 1201 1303 1226 cum
1327 1188 1422 1226 dixit
1445 1206 1452 1226 :
1481 1190 1601 1239 Quem
1624 1191 1757 1228 nullus
1784 1192 1983 1229 hominum
2004 1192 2120 1237 vidit,
2142 1193 2212 1229 sed

1222 1255 1290 1278 nec
1309 1243 1445 1280 ‘videre
1463 1251 1599 1293 potest.
1618 1243 1657 1280 In
1680 1243 1747 1280 hac
1766 1244 1860 1281 enim
1878 1244 1953 1281 vita
1972 1243 2140 1281 nonlicet
2158 1258 2209 1281 se-

1221 1293 1378 1331 cundum
1388 1294 1575 1332 hominum
1585 1295 1801 1343 facultatem,
1818 1310 1929 1346 neque
1941 1296 2136 1334 secundum
2146 1311 2209 1334 na-

1220 1355 1351 1390 turam,
1363 1346 1426 1384 sed
1441 1361 1545 1399 supra
1559 1356 1856 1399 naturam,neque
1871 1349 2055 1387 servitutis
2066 1349 2135 1387 hoc
2145 1358 2208 1397 est,

1222 1398 1283 1436 sed
1293 1399 1452 1437 filiorum
1461 1400 1664 1452 adoptionis
1681 1410 1714 1438 et
1725 1401 1889 1439 amicitiae
1904 1404 1916 1450 (
1928 1403 1967 1439 V
1961 1415 2001 1440 os
2012 1401 2106 1439 enim
2116 1405 2208 1439 ami-
2223 1416 2315 1443 Joan.

1222 1453 1258 1488 ci
1273 1454 1348 1489 mei
1359 1454 1463 1498 estis,
1481 1466 1559 1489 non
1564 1455 1652 1504 jam
1666 1455 1817 1491 vocabo
1827 1468 1898 1492 vos
1917 1458 2076 1503 servos);
2097 1468 2209 1506 neque
2229 1458 2274 1503 ¹4:
2296 1455 2341 1483 ¹5·

1222 1517 1291 1541 non
1315 1518 1419 1555 pura,
1442 1504 1502 1542 sed
1526 1520 1633 1556 pura,
1650 1514 1683 1543 et
1709 1505 1844 1555 abluta,
1866 1516 1971 1558 prout
1996 1507 2041 1544 ad
2061 1508 2140 1545 illos
2158 1508 2208 1546 ait
2223 1498 2304 1566 ''l'‘d'
2324 1497 2370 1526 ¹3·

1221 1569 1296 1594 vox
1312 1556 1457 1594 divina:
1473 1558 1548 1595 Vos
1574 1559 1712 1595 mundi
1736 1561 1825 1596 estis
1845 1575 1855 1595 :
1872 1569 1908 1597 at
1927 1559 1987 1610 qui
2004 1560 2108 1597 corde
2126 1570 2209 1599 sunt
2226 1549 2413 1610 ;tcl)‹ittl1.5.8.

1223 1609 1363 1657 mundi,
1387 1610 1505 1646 Deum
1535 1609 1725 1648 videbunt.
1755 1610 1841 1648 Haec
1868 1625 1952 1663 ergo
1990 1614 2148 1651 maxima
2176 1623 2210 1652 et

1222 1661 1347 1700 divina
1366 1661 1458 1700 dona
1478 1676 1549 1714 prae
1569 1677 1606 1700 se
1622 1663 1736 1700 ferens
1754 1665 1920 1712 Joannes‚
1941 1673 1975 1702 et
1994 1665 2212 1704 confidenter

1224 1714 1272 1752 ad
1289 1715 1428 1753 excelsa
1446 1715 1690 1766 progrediens,
1709 1715 1755 1753 ad
1770 1716 1983 1755 immensum
2002 1719 2148 1770 pelagus
2166 1720 2212 1757 il-

1224 1767 1288 1805 lud
1311 1768 1488 1819 pervenit,
1512 1777 1545 1806 et
1566 1768 1764 1820 impollutis
1791 1769 1846 1807 sui
1865 1769 1981 1808 cordis
2000 1771 2112 1809 oeulis
2129 1786 2213 1810 con-

1224 1821 1398 1872 templans
1420 1820 1457 1858 in
1484 1821 1564 1858 sinu
1591 1822 1708 1859 Patris
1736 1821 1836 1859 initio
1863 1823 2014 1861 carentis
2033 1824 2211 1875 Verbum,

1225 1882 1259 1910 et
1276 1873 1395 1924 ipsum
1418 1873 1521 1911 initio
1542 1888 1674 1921 carens,
1691 1874 1788 1924 quod
1805 1884 1887 1913 ante
1904 1876 2031 1913 saecula
2051 1891 2096 1914 ex
2111 1879 2215 1916 Patre

1226 1925 1454 1963 ineffabiliter
1477 1935 1602 1964 natum
1629 1936 1691 1975 est,
1715 1940 1779 1964 nec
1793 1927 1869 1978 jam
1895 1928 2017 1966 valens
2041 1929 2077 1967 in
2100 1930 2214 1982 scipso

1227 1978 1398 2029 gaudium
1420 1978 1511 2015 illud
1535 1979 1772 2016 inenarrabile
1793 1980 1983 2029 continere,
2003 1992 2164 2020 sanctum
2181 1993 2214 2021 et

1226 2031 1453 2083 seraphicum
1467 2045 1506 2068 os
1528 2045 1632 2069 suum
1651 2032 1804 2083 aperuit,
1827 2041 1861 2069 et
1876 2047 2004 2084 magna
2028 2048 2115 2072 voce
2131 2050 2213 2087 pro-

1227 2084 1409 2128 clamavit,
1433 2083 1554 2121 dicens
1574 2086 1652 2120 :In
1687 2087 1878 2137 principio
1914 2095 1999 2123 erat
2031 2089 2209 2126 Verbum.

1226 2136 1345 2182 Vide,
1370 2150 1507 2187 quaeso,
1535 2136 1761 2188 prudentiam
1796 2138 2002 2189 piscatoris,
2033 2141 2214 2179 considera

1226 2188 1381 2227 hominis
1412 2189 1571 2227 illiterati
1597 2189 1821 2241 sapientiam.
1855 2190 2030 2229 Vidistin’
2058 2192 2213 2232 doctoris

1226 2242 1513 2294 inexplicabilem
1545 2242 1827 2280 sublimitatem?
1852 2242 1987 2295 Ephesi
2013 2245 2211 2295 residebat,

1227 2303 1259 2333 et
1283 2309 1362 2346 quae
1387 2309 1494 2347 supra
1520 2296 1623 2332 eaelos
1654 2304 1748 2342 sunt,
1769 2297 2100 2348 contemplabatur?
2128 2300 2212 2351 Spi-

1225 2347 1297 2386 ritu
1312 2347 1358 2386 ad
1373 2362 1567 2400 supernum
1587 2347 1679 2385 illud
1698 2348 1914 2399 profundum
1948 2350 2211 2403 commigravit,

1225 2410 1259 2438 et
1274 2410 1549 2452 eumepaterno
1578 2400 1656 2438 sinu
1685 2401 1901 2452 theologiam
1927 2402 2130 2453 expiscatus
2158 2419 2211 2443 es-

1226 2463 1288 2502 set,
1304 2467 1450 2505 corpore
1474 2454 1509 2490 in
1536 2453 1638 2490 terris
1659 2452 1801 2505 scripsit
1822 2469 1829 2489 :
1847 2456 1896 2490 In
1918 2458 2108 2507 principio
2127 2467 2212 2496 erat

1228 2508 1406 2544 Verbum.
1431 2505 1562 2543 Audite
1579 2535 1588 2551 ,
1604 2505 1746 2553 fideles,
1778 2515 1811 2543 et
1842 2507 2103 2547 consumamini
2128 2526 2135 2547 :
2161 2514 2213 2548 In

1222 2561 1412 2610 principio
1437 2567 1521 2595 erat
1544 2560 1725 2603 Verhum;
1745 2558 1878 2609 audite,
1905 2559 2031 2611 lingua
2053 2564 2213 2614 petulan-

1225 2620 1274 2649 tes
1296 2610 1510 2657 adversarii‚
1533 2619 1567 2648 et
1592 2611 1811 2649 erubescite:
1833 2613 1882 2649 In
1905 2615 2096 2666 principio
2127 2626 2212 2655 erat

1227 2664 1392 2701 Verbum
1414 2679 1424 2699 .·
1446 2663 1554 2701 nolite
1567 2664 1722 2715 amplius
1747 2664 1964 2703 confidenter
1989 2666 2105 2718 loqui,
2135 2669 2211 2707 bla-

1225 2716 1376 2768 sphemi,
1393 2716 1502 2753 nolite
1516 2717 1671 2768 amplius
1693 2715 1891 2755 Ecclesiam
1902 2731 2120 2771 oppugnare,
2140 2724 2213 2759 An-

1223 2769 1392 2817 tichristi,
1411 2782 1481 2806 uon
1508 2768 1663 2820 amplius
1687 2769 1809 2820 inique
1836 2770 1942 2822 agite,
1962 2786 2030 2810 non
2056 2775 2212 2826 amplius

1223 2821 1377 2859 exaltate
1395 2834 1518 2871 cornu,
1535 2823 1669 2873 Neque
1689 2823 1864 2861 extollite
1884 2827 1926 2861 in
1948 2826 2072 2864 allum
2091 2841 2210 2865 cornu
2228 2843 2313 2871 Psal.
2361 2841 2409 2881 74,

1223 2883 1410 2920 vestrum,
1430 2888 1553 2926 neque
1569 2874 1773 2926 loquimini
1788 2877 1975 2915 adversus·
1994 2880 2121 2917 Deum
2137 2883 2210 2918 ini-
2225 2884 2254 2913 5-
2274 2883 2304 2912 6-

1223 2929 1424 2978 quitatem,
1439 2926 1594 2964 dicentes
1612 2942 1620 2963 ε
1638 2927 1723 2966 Fuit
1752 2937 1907 2981 tempus,
1928 2944 2010 2968 eum
2031 2946 2100 2970 non
2121 2943 2208 2984 erat,

1222 2988 1255 3016 et
1279 2989 1468 3030 antequam
1489 2979 1603 3029 fieret,
1625 2993 1696 3018 non
1724 2990 1812 3028 erat,
1834 2991 1867 3020 et
1892 2996 1937 3021 ex
1968 2998 2038 3022 non
2068 2995 2209 3023 exstan-

1223 3031 1317 3069 tibus
1332 3033 1445 3070 factus
1459 3041 1521 3070 est.
1542 3034 1711 3071 Prohibe
1726 3035 1901 3086 linguam
1917 3045 2025 3074 tuam
2044 3052 2069 3075 α
2087 3039 2204 3084 malo,
2223 3053 2311 3082 Psal.
2336 3053 2386 3082 33.

1222 3093 1259 3122 et
1287 3085 1395 3123 labia
1429 3093 1497 3123 tua
1526 3099 1573 3123 ne
1599 3086 1813 3139 loquantur
1837 3089 1984 3127 dolum.
2008 3091 2087 3141 Ipse
2116 3091 2210 3128 enim
2228 3096 2274 3132 ¹4-

1223 3146 1309 3186 erat,
1332 3146 1366 3175 et
1389 3147 1468 3176 ante
1495 3147 1581 3186 erat,
1605 3147 1639 3176 ct
1663 3153 1801 3192 semper
1823 3151 1910 3189 erat,
1929 3155 2040 3192 neque
2066 3143 2211 3181 initium

1222 3190 1373 3238 habens,
1393 3204 1507 3242 neque
1533 3205 1606 3230 esse
1635 3191 1818 3241 desinens,
1848 3207 1961 3243 neque
1990 3194 2026 3231 in
2055 3204 2213 3247 tempore

1223 3252 1274 3281 est
1298 3257 1360 3295 qui
1384 3258 1512 3296 expers
1541 3253 1592 3283 est
1618 3245 1801 3297 temporiS,
1821 3259 1934 3296 neque
1961 3256 2134 3297 creatura,
2155 3248 2213 3287 vel

2361 1413 2412 1446 15.

177 3376 185 3385 '
212 3372 350 3406 Videtur
377 3373 549 3418 legendum
582 3379 739 3418 λουόμενκ.
768 3373 866 3419 [Imo
893 3378 1069 3418 λελουμένοι.
1088 3374 1128 3408 V.
1145 3375 1281 3409 Joannis
1300 3375 1410 3409 locum
1428 3376 1569 3409 alterum
1585 3378 1658 3417 cir]
