2481 3678
789 196 828 225 ix
869 193 1076 224 somn-:³1
1116 192 1274 221 nonin.
1315 191 1373 219 Μ.
1412 176 1469 219 al.
1516 191 1555 219 ι,.
2131 178 2218 235 34⁷,

145 282 264 325 ευθέως
294 280 482 331 εδεξοίμεθα
511 282 553 330 τῇ
574 281 633 317 τοῦι
655 277 860 328 Πνεύματος
883 276 1025 328 γάριτι,
1047 273 1086 311 ἂν
1103 272 1163 324 μὲν

146 342 370 394 βου)(ι’)μεθα,
390 339 619 415 σφοδροτέραν
645 336 904 415 ἐργασόμεθα”
913 335 1039 382 αὐτήν·
1057 334 1097 372 ἂν
1130 332 1165 371 δὲ

145 404 193 454 κὴ
213 403 436 455 βουλώμεθα,
464 402 598 453 ταχέως
619 400 722 448 αὐτὴν
748 399 976 449 ἀπολέσομεν.
1000 393 1165 435 Σὸεσθεί-

144 482 206 512 σης
233 464 269 504 δὲ
303 463 454 511 ἐκείνης,
479 461 610 501 οὐδὲν’
591 477 723 513 ετερον,
743 461 819 499 ἀλλ’
845 458 867 504 ἢ
901 457 1021 500 σκότος
1040 459 1073 494 ἐν
1092 461 1169 499 ταῖς

143 525 330 600 ἡμετέραις
360 525 457 563 ἔσται
483 525 621 576 ψυχαῖς.
653 521 794 574 ςΏσπερ
813 519 880 572 γὰρ
904 517 1092 568 καιομένης
1106 519 1168 562 τῆς

143 587 326 637 λαμπάδος
343 585 432 624 πολυ
456 585 495 623 τὸ
510 588 602 636 φῶς·
629 583 717 622 οὕτω
737 579 952 626 διαλυθείσης
969 577 1065 616 οὖδεν
1093 576 1168 614 ε’τε-

145 664 214 699 ρον,
249 647 364 686 ἀλλ’
345 664 367 693 η
389 646 510 699 γνόφος
529 646 637 684 ἔσται.
661 643 725 682 Διό
749 658 855 694 φη,σι
875 640 928 678 Τὸ
955 643 1093 690 πνεῦμα
1118 637 1166 689 μὴ

144 709 315 747 σὸέννυτε.
336 708 528 746 Σῧέννυται
551 706 607 754 δὲ,
642 707 722 744 ὅταν
743 704 857 742 ἔλαιον
889 702 937 752 μὴ
966 699 1052 752 ἔχῃ,
1086 699 1167 737 ὅταν

145 769 273 820 ἀνέμου
290 769 500 823 σφοδροτέρα
516 784 567 811 τις
594 765 725 818 ἐμὸολὴ
741 764 902 816 γένηται,
918 761 998 802 ὅταν
1018 761 1169 814 συνέχη-

143 845 200 867 ται
220 830 280 868 καὶ
301 832 560 882 στενοχωρῆται
582 827 663 878 (καὶ
682 825 750 878 γὰρ
767 824 857 864 οὕτω
877 824 1057 863 σὸέννυται
1074 827 1168 875 πῦρ)-

145 891 325 943 συνέχεται
353 890 388 928 δὲ
416 889 481 928 ὑπὸ
504 888 694 942 φροντίδων
717 889 913 939 βιωτικῶν,
933 886 993 924 καὶ
1025 884 1170 923 σέέννυ-

143 968 199 989 ται
220 952 285 989 ὑπὸ
300 950 483 1002 ἐπιθυμίας
502 957 667 1002 πονηρᾶς.
685 948 796 988 Οὐδὲν
821 948 856 986 δὲ
873 947 979 995 αὐτὴν
996 947 1083 1002 πρὸς
1101 953 1172 991 τοῖς

143 1012 335 1066 εἰρημένοις
351 1012 440 1051 οὕτω
454 1011 633 1050 σὸέννυσιν
644 1042 653 1059 ,
677 1014 723 1054 ὡς
742 1009 974 1064 ἀπανθρωπία
986 1009 1063 1057 ,καὶ
1078 1008 1172 1060 ὠμό-

142 1090 204 1121 της
217 1105 226 1122 ,
248 1074 308 1112 καὶ
322 1073 476 1127 ἁρπαγή.
490 1073 604 1112 εὈταν
621 1072 689 1124 γὰρ
702 1075 772 1125 ετῷ
787 1071 900 1111 ἔλαιον
917 1070 965 1122 μὴ
988 1071 1096 1123 ἔχειν,
1112 1070 1172 1108 καὶ

143 1135 233 1187 ὕδωρ
253 1134 506 1186 ἐπεμῧάλωμεν
526 1134 658 1187 ψυχρόν
672 1150 679 1157 ·
694 1138 796 1173 τοῦτο
804 1134 871 1186 γάρ
883 1135 975 1171 ἐστιν
989 1136 1011 1179 ἡ
1031 1134 1171 1170 πλεονε-

145 1195 200 1240 ξία
211 1226 220 1243 ‚
236 1195 463 1248 ἀποψόχουσα
476 1195 533 1234 διὰ
549 1198 612 1241 τ’Νης
627 1194 849 1247 ἀθυμίαςτῶν
865 1193 1099 1244 ἀδικουμένων
1109 1192 1172 1236 τὰς

145 1256 278 1309 ψυχάς·
300 1257 405 1295 πόθεν
424 1257 607 1304 δυνήσεται
629 1259 824 1309 ἀναφθῆναι
841 1254 980 1302 λοιπόν,
1005 1254 1170 1292 'An-ako·-

146 1319 276 1369 σόμεθα
295 1319 406 1358 τοίνυν
427 1319 554 1373 τέφραν
571 1336 609 1358 τε
628 1320 686 1357 καὶ
703 1319 796 1358 κόνιν
820 1318 1000 1370 φέροντες,
1026 1317 1085 1355 καὶ
1109 1333 1171 1356 πο-

145 1379 205 1418 λὺν
224 1380 359 1433 ἔχοντες
377 1381 434 1419 τὸν
457 1381 587 1419 καπνὸν
607 1384 866 1432 κατηγοροῦντα
881 1381 994 1430 ἡμῶν,
1015 1378 1067 1417 ὅτι
1082 1381 1173 1429 λαμ-

145 1442 258 1486 πάδας
273 1442 409 1494 ἔχοντες
427 1441 682 1492 ἀπεσὸέσαμεν.
704 1440 815 1479 Ἔνθα
829 1440 897 1492 γὰρ
920 1440 960 1478 ἂν
979 1434 1002 1491 ἦ
1023 1439 1172 1487 καπνὸς,

146 1503 279 1554 ἀνάγκη
289 1508 357 1556 πῦρ
366 1497 454 1541 εἶναι
463 1504 502 1541 τὸ
514 1502 667 1541 σέεσθέν.
680 1502 783 1541 Ἀλλὰ
797 1503 845 1553 μὴ
855 1501 989 1554 γένοιτό
1000 1517 1079 1539 τινα
1090 1500 1172 1538 ταύ-

144 1581 205 1612 την
229 1565 374 1603 ἀκοῦσαι
389 1564 586 1617 τὴνῖφιιψὴν
601 1564 676 1613 τὴν,
693 1567 770 1603 Οὐκ
785 1559 862 1603 οἰδα
881 1566 983 1615 ὑμᾶς.
1006 1561 1118 1600 Πόθεν
1137 1561 1172 1601 δὲ

144 1625 270 1673 ταύτην
286 1626 377 1664 ἐστὶν
391 1629 536 1665 ἀκοῦσαι
548 1625 610 1673 τὴν
623 1624 782 1678 φωνὴν,ἢ
796 1624 876 1663 ὅταν
887 1625 1021 1671 πένητα
1032 1623 1172 1671 ἰδόντες,

144 1691 189 1731 ὡς
198 1690 258 1726 οὐκ
269 1687 395 1732 ἰδόντες
406 1688 506 1726 αὐτὸν
520 1685 872 1739 διακεώμεθα;“οταν
884 1690 985 1737 ἡμεῖς
993 1688 1171 1738 ἀγνοῶμεν

144 1750 201 1787 τὸν
222 1753 393 1788 πεινῶντα
406 1749 570 1802 Χριστὸν,
588 1748 749 1801 ἀγνοήσει
768 1751 789 1795 ἧ
796 1754 862 1799 μᾶς
879 1748 937 1786 καὶ
954 1748 1056 1791 αὐτὸς
1078 1746 1172 1786 ἐλέου

147 1810 343 1862 δεομένους·
372 1811 432 1849 καὶ
452 1809 606 1854 δικαίως.
627 1810 671 1848 Ὁ
704 1810 771 1862 γὰρ
793 1808 957 1863 περιιδὼν
978 1810 1035 1848 τὸν
1055 1808 1175 1847 θλιὸό-

147 1888 260 1922 μενον,
280 1872 340 1910 καὶ
365 1872 413 1924 μὴ
433 1871 508 1916 δοὺς
537 1874 576 1910 ἐκ
603 1874 671 1910 τῶν
695 1874 814 1919 αὐτοῦ,
831 1875 905 1915 πῶς
934 1871 1075 1918 ζητήσει
1105 1873 1174 1909 λα-

146 1934 217 1972 ὅεῖν
234 1937 273 1973 ἐκ
294 1936 362 1972 τῶν
383 1936 443 1973 οὐκ
462 1936 584 1982 αὐτοῦ,
602 1933 686 1981 Διὸ,
699 1934 894 1986 παρακαλῶ
906 1963 916 1981 ,
932 1933 1048 1971 πάντα
1067 1934 1173 1971 ποιῶ-

147 2011 222 2046 μεν,
255 1996 314 2033 καὶ
345 1994 694 2047 πραγματευώμεθα,
713 1993 803 2033 ὥστε
829 1993 877 2045 μὴ
901 1996 1053 2033 ἐκλιπεῖν
1081 1997 1174 2044 ἡμᾶς

144 2058 184 2096 τὸ
208 2056 334 2105 ἔλαιον,
361 2057 450 2095 ἀλλὰ
464 2060 641 2107 κοσμῆσαι
659 2056 722 2100 τὰς
739 2056 945 2107 λαμπάδας,
963 2055 1023 2094 καὶ
1042 2070 1175 2093 συνεισ-

146 2120 254 2156 ελθεῖν
279 2135 329 2170 τῳ
356 2118 492 2171 νυμφίῳ
519 2120 565 2161 εἰς
590 2134 646 2156 τον
662 2120 849 2169 νυμφῶνα·
872 2110 909 2155 οῧ
935 2116 1067 2168 γένοιτο
1081 2115 1174 2154 πάν-

145 2197 205 2224 τας
231 2183 326 2231 ἡμᾶς
352 2183 526 2232 ἐπιτυχεῖν
541 2211 550 2228 ,
590 2179 710 2232 χάριτι
744 2179 804 2217 καὶ
838 2178 1102 2255 φιλανθρωπίαῗ
1115 2195 1175 2218 του

147 2241 309 2295 Κυρίου(
293 2244 394 2293 ημῶν
422 2241 538 2288 Ιησου
565 2242 775 2294 Χριστου,
757 2242 799 2278 οι’
821 2244 858 2278 οὓ
880 2240 940 2278 καὶ
963 2240 1038 2291 μεθ’
1064 2243 1102 2279 οὑ
1122 2243 1172 2278 τ(Ν)

145 2304 262 2357 Πατρι
279 2306 300 2350 ἦ
327 2302 430 2351 δόξα,
447 2303 521 2354 ἅμα
543 2306 593 2341 τιΝ)
612 2302 700 2355 ἁγίι)
720 2301 924 2353 Πνεύματι,
945 2318 1002 2340 νυν
1017 2318 1076 2339 και
1095 2301 1170 2348 ἀει,

145 2365 204 2403 καὶ
232 2367 279 2409 εἰς
297 2364 373 2409 τοὺς
402 2366 529 2408 αἰῶνας
550 2367 618 2402 τῶν
637 2363 782 2402 αἰώνων.
804 2363 924 2414 Ἀμήν.

191 2483 207 2507 b
231 2484 322 2519 αὐτήν
338 2479 431 2512 deest
448 2478 481 2512 in
498 2478 600 2512 Savil.
619 2479 694 2511 etin
712 2474 912 2521 quibusdam
930 2477 1002 2510 aliis
1017 2477 1094 2509 Mss.

1238 279 1356 308 autem
1374 270 1564 319 exstincta,
1582 269 1674 308 nihil
1693 270 1792 308 aliud
1815 285 1922 321 quam
1942 272 2091 309 tenebra:
2106 273 2140 309 in
2162 288 2221 310 ιιι)-

1238 331 1319 369 stris
1335 330 1506 368 insidebit
1525 330 1666 369 animis.
1682 331 1784 369 Sicut
1802 332 1897 369 enim
1913 332 2056 370 ardent(
2069 334 2222 382 lucerna,

1187 394 1211 426 C
1238 393 1351 431 multa
1370 393 1435 430 lux
1446 392 1629 445 splendet:
1650 393 1702 431 sic
1717 393 1970 444 illalestincta,
1985 394 2073 431 nihil
2094 395 2161 433 nisi
2174 405 2223 433 te-

1237 454 1367 492 nebrae.
1388 454 1474 492 Ideo
1505 454 1582 492 ait:
1603 455 1735 493 nolite
1760 457 1937 507 spiritum
1967 458 2220 507 exstinguere.
2244 454 2421 483 1-Τῖωὸὃῦ-

1238 513 1494 567 Exstinguitur
1505 525 1636 565 autem,
1640 530 1721 554 cum
1733 517 1852 554 oleum
1862 530 1930 554 non
1943 516 2068 554 habet·
2059 517 2223 567 ,quando
2245 504 2290 534 ¹9⁴

1238 585 1344 614 vento
1363 576 1604 614 vehementior
1621 576 1788 627 quaedam
1809 576 1866 615 vis
1885 577 2043 615 insufflat
2050 593 2061 627 5
2083 577 2225 628 quando

1239 637 1488 690 comprimitur
1507 647 1540 676 et
1558 648 1771 676 coarctatur.
1794 638 1854 677 Sic
1872 638 1967 677 enim
1985 639 2226 691 exstinguitur

1238 698 1344 751 ignis.
1367 700 1626 752 Comprimitur
1644 709 1762 738 autem
1792 715 1812 739 a
1831 700 2135 739 sollicitudinibus
2161 716 2225 740 sae-

1237 761 1433 812 cularibus,
1455 771 1488 799 et
1515 762 1756 813 exstinguitur
1774 778 1794 800 a
1813 762 1905 801 mala
1929 763 2223 816 concupiscentia.

1237 823 1294 861 Ad
1318 823 1393 862 llaec
1410 824 1500 862 nihil
1524 824 1624 862 illam
1656 824 1705 862 ita
1727 825 1939 876 exstinguit,
1961 834 2000 862 ut
2020 825 2224 863 inhumani·
2301 832 2428 860 Avaritia

1238 895 1305 937 tas,
1321 886 1528 937 crudelitas,
1540 887 1776 940 rapina.C11m
1794 888 2011 933 autem‚oleo
2027 888 2223 937 deficiente,
2241 884 2303 942 {ssu
2319 874 2428 942 mltis-:2

1238 962 1367 999 aquam
1381 948 1487 986 etiam
1505 948 1676 1000 frigidam
1691 948 1931 999 infundimus,
1953 949 2020 987 hoc
2039 959 2089 987 est
2108 950 2225 989 avari-
2242 959 2308 985 iiam
2320 958 2429 984 :mium

1238 1010 1341 1060 tiam,
1364 1024 1442 1061 quae
1457 1024 1521 1062 per
1533 1010 1699 1048 laesorum
1714 1010 1918 1049 moestitiam
1938 1010 2074 1048 animas
2093 1012 2224 1050 exstin-
2242 1001 2412 1034 ⁰⁸³‘i¹¹3‘¹l¹'

1240 1071 1332 1123 guit,
1354 1072 1447 1110 unde
1465 1081 1631 1124 poterunt
1648 1072 1777 1111 iterum
1796 1072 1968 1112 accendi?
1987 1074 2228 1126 Migrabimus

1191 1152 1216 1181 D
1241 1147 1322 1184 ergo
1332 1133 1517 1185 pulverem
1525 1133 1748 1184 cineremque
1759 1135 1914 1172 multum
1925 1134 2110 1173 nobiscum
2122 1136 2229 1173 feren-

1240 1206 1290 1235 tes
1303 1197 1511 1247 fumumque
1527 1211 1588 1235 nos
1602 1206 1838 1248 accusantem,
1853 1198 1951 1248 quod
1961 1198 2145 1251 lampadas
2166 1213 2228 1237 ex-

1241 1257 1568 1297 stinxerimus.Ubi
1580 1259 1675 1296 enim
1685 1259 1804 1297 fumus
1815 1268 1879 1310 est,
1893 1259 1943 1297 ibi
1957 1274 2095 1298 neeesse
2105 1270 2156 1300 est
2167 1275 2229 1299 ex-

1241 1321 1409 1359 stinctum
1428 1321 1546 1372 ignem
1573 1321 1692 1359 fuisse.
1716 1323 1854 1361 Verum
1872 1322 1965 1360 absit
1991 1336 2034 1360 ne
2049 1322 2228 1375 quispiam

1242 1381 1333 1420 hanc
1349 1396 1471 1420 vocem
1490 1381 1627 1431 audiat,
1646 1384 1786 1420 Nescio
1804 1397 1887 1421 vos.
1908 1383 2146 1429 Quandonam
2167 1398 2227 1421 au-

1241 1451 1313 1480 tem
1341 1443 1416 1480 hcec
1435 1457 1509 1482 vox
1538 1443 1718 1493 audietur,
1747 1443 1815 1481 nisi
1843 1443 1905 1481 ubi
1937 1458 2019 1481 cum
2036 1459 2230 1497 pauperem

1243 1504 1584 1556 videmus,perinde
1599 1504 1717 1542 affecti
1739 1519 1875 1553 sumus,
1895 1519 1935 1542 ac
1953 1505 1983 1542 si
2002 1520 2071 1542 non
2090 1506 2230 1545 videre-

1241 1566 1348 1604 mus?
1371 1565 1524 1612 Quando
1545 1579 1608 1603 nos
1630 1565 1815 1603 Christum
1831 1565 2231 1617 esurientemignorabi-

1241 1641 1333 1677 mus,
1352 1627 1531 1679 ignorabit
1545 1637 1578 1665 et
1593 1627 1654 1665 ille
1667 1641 1730 1665 nos
1749 1627 1826 1666 oleo
1838 1637 1976 1680 egentes
1991 1636 2043 1665 :et
2053 1628 2135 1680 jure
2150 1629 2230 1679 qui-

1241 1688 1333 1726 dem.
1351 1690 1442 1727 Nam
1451 1689 1512 1740 qui
1525 1688 1692 1728 miserum
1703 1688 1868 1741 despicit,
1884 1703 1946 1727 nec
1954 1690 2058 1742 juvat
2072 1704 2116 1727 ex
2128 1689 2232 1727 honis

1243 1749 1516 1801 suis,quon10d0
1528 1750 1825 1803 quaeretaccipere
1844 1764 1889 1788 ex
1901 1763 1971 1787 non
1988 1750 2080 1788 suis?
2097 1751 2231 1796 Quam-

1194 1828 1218 1858 Ε
1245 1812 1380 1861 obrem,
1402 1825 1502 1863 rogo,
1521 1811 1640 1850 omnia
1659 1811 1846 1861 faciamus,
1869 1811 1988 1850 omnia
2025 1826 2232 1850 moveamus

1246 1883 1286 1911 ut
1308 1873 1427 1912 oleum
1450 1873 1552 1912 nobis
1564 1888 1633 1911 non
1651 1873 1796 1911 deficiat
1811 1889 1821 1922 ;
1842 1873 1902 1911 sed
1917 1887 2084 1911 ornemus
2094 1874 2231 1926 lampa—

1246 1937 1323 1987 des,
1355 1945 1389 1974 et
1408 1950 1490 1974 cum
1521 1950 1648 1988 sponso
1668 1935 1704 1973 in
1724 1935 1925 1973 thalamum
1952 1935 2197 1987 ingrediamur
2220 1951 2227 1972 :

1248 2013 1354 2049 quem
1375 2012 1438 2036 nos
1457 2011 1577 2035 omnes
1591 1997 1732 2048 assequi
1751 1997 1943 2048 contingat,
1956 1997 2070 2048 gratia
2082 2006 2114 2034 et
2124 1997 2230 2034 beni—

1247 2061 1381 2113 gnitate
1397 2060 1544 2098 Domini
1574 2059 1685 2097 nostri
1703 2061 1786 2098 Jesu
1811 2058 1963 2105 Christi,
1978 2074 2041 2110 per
2073 2073 2179 2109 quem
2198 2068 2232 2097 et

1243 2136 1325 2160 cum
1346 2135 1415 2172 quo
1436 2121 1533 2159 Patri
1548 2120 1675 2172 gloria,
1709 2119 1884 2170 simulque
1906 2119 2058 2171 Spiritui
2094 2129 2228 2170 sancto,

1245 2198 1337 2222 nunc
1363 2192 1397 2222 et
1427 2197 1579 2235 semper,
1601 2192 1635 2221 et
1657 2182 1694 2220 in
1714 2181 1842 2219 saecula
1861 2180 2085 2219 saeeulorum.
2107 2183 2230 2219 Amen.

1250 2482 1261 2495 ⁴²
1287 2476 1374 2518 [πρὸς
1390 2479 1424 2508 τὸ
1441 2479 1485 2508 ε”λ.
1503 2472 1614 2506 Codd.
1633 2472 1751 2514 nostri3
1769 2476 1843 2516 πρὸς
1858 2478 1899 2514 τῷ
1916 2474 1959 2504 ἕ).
1977 2468 2092 2509 Savil.‚
2112 2470 2230 2511 recte]

520 2729 697 2769 ΟΜΙΑΙΑ
725 2726 791 2765 να’.

146 2857 208 2895 Ἔν
234 2856 270 2896 δὲ
289 2859 331 2907 τῇ
360 2855 490 2908 ἔσχατα]
514 2854 631 2907 ἡμέρᾳ
650 2856 692 2906 τῇ
724 2852 858 2904 μεγάλῃ
886 2854 947 2898 τῆς
970 2853 1110 2902 ἑορτῆς,
1128 2853 1174 2888 εἱ-

199 2918 320 2964 στήκει
341 2921 358 2955 ὃ
374 2917 524 2964 Ἰησοῦς,
540 2916 599 2954 καὶ
615 2915 736 2968 ἔκραζε
756 2914 865 2965 λέγων
879 2928 886 2936 ·
908 2913 966 2951 ἐάν
989 2928 1042 2955 τις
1068 2913 1172 2963 διψᾷ,

199 2978 352 3031 ἐρχέσθω
363 2977 448 3031 πρός
463 2994 518 3030 με,
531 2977 590 3016 καὶ
601 2975 741 3015 πινέτω.
757 2980 772 2995 ²¹
784 2974 828 3013 ‘O
843 2973 1012 3012 πιστεύων
1034 2975 1081 3016 εἰς
1096 2972 1172 3023 ἐμὲ,

198 3039 312 3083 καθὼς
333 3033 425 3077 εἶπεν
441 3043 463 3086 ἡ
484 3037 626 3091 Γραφὴ,
646 3036 800 3088 ποταμοὶ
819 3038 858 3074 ἐκ
876 3038 938 3081 τῆς
957 3033 1090 3077 κοιλίας
1111 3034 1172 3070 αὐ-

198 3104 256 3139 τοῦ
289 3099 462 3152 ῥεύσουσιν
483 3099 605 3144 ὕδατος
631 3102 767 3144 ζῶντος.

198 3223 288 3267 Τοὺς
306 3223 512 3277 προσιόντας
530 3225 580 3274 τῷ
595 3221 674 3274 θείῳ
689 3221 906 3274 κηρύγματι,
923 3218 982 3257 καὶ
996 3221 1039 3270 τῇ
1054 3217 1170 3256 πίστει

146 3284 397 3337 προσέχοντας,
411 3284 468 3322 τὸν
485 3286 552 3322 τῶν
573 3282 751 3335 διψώντων
774 3281 887 3333 ἔρωτα
914 3279 1169 3319 ἐπιδείκνυσθαι

189 3409 200 3420 -·
220 3396 261 3428 ln
276 3396 389 3429 Morel.
410 3408 479 3439 quse
497 3403 676 3438 sequuntur
692 3393 830 3426 deerunt
847 3393 879 3425 in
899 3391 1006 3425 titulo,

1183 2722 1232 2747 299
1579 2723 1791 2762 HOMILIA
1824 2723 1884 2760 LI.

1246 2847 1337 2885 CAP.
1380 2861 1457 2885 vn.
1495 2861 1530 2885 v.
1566 2847 1630 2884 57.
1669 2848 1719 2883 In
1756 2847 1961 2884 novissimo
1997 2853 2125 2883 autem
2169 2845 2230 2881 die

1299 2922 1439 2961 magno
1438 2909 1540 2961 festi
1544 2910 1689 2954 vitatis,
1700 2908 1966 2954 stabatJesus,
1985 2914 2023 2944 et
2033 2907 2228 2944 clamabat

1297 2971 1451 3008 dicens:
1469 2970 1509 3008 Si
1525 2971 1610 3022 quis
1638 2971 1733 3016 sitit,
1756 2971 1893 3007 veniat
1909 2970 1963 3007 ad
1978 2983 2037 3006 me
2056 2976 2092 3005 et
2112 2969 2227 3004 bibat.

1296 3030 1358 3069 58.
1383 3032 1459 3082 Qui
1482 3031 1601 3068 credit
1619 3032 1661 3067 in
1679 3044 1750 3077 me,
1771 3033 1870 3068 sicut
1888 3031 1983 3067 dicit
2014 3029 2225 3079 Scriptura,

1282 3094 1459 3148 flumina
1477 3093 1525 3130 de
1540 3101 1678 3130 ventre
1694 3094 1775 3145 ejus
1785 3091 1915 3144 fluent
1933 3104 2046 3142 aquas2
2061 3090 2174 3125 vivoe.

1299 3219 1314 3254 ’1
1329 3248 1336 3255 .
1360 3217 1433 3264 Qui
1455 3216 1501 3255 ad
1532 3216 1694 3256 divinam
1719 3215 1893 3254 accedunt
1922 3212 2226 3265 prcedicationem,
2274 3226 2435 3256 Auditor&

1244 3288 1278 3317 et
1301 3277 1409 3317 fidem
1428 3287 1583 3328 servant,
1595 3291 1653 3316 eos
1670 3276 1865 3316 sitientium
1877 3273 2175 3326 desideriumprce
2196 3286 2230 3311 se
2246 3269 2338 3297 divini
2367 3279 2431 3296 Ἥ·
