2481 3678
275 226 334 271 υἱ)
555 242 560 245 -
720 224 738 253 S
750 244 757 252 .

275 304 374 356 prior
407 313 440 341 et
479 302 698 356 splendidior
728 303 790 341 illo
814 303 941 351 fucrit,
975 301 1043 339 hoc
1061 300 1262 351 addidisse,

283 367 386 417 Quia
408 367 514 417 prior
537 379 595 403 me
616 373 709 403 erat.
728 364 774 401 Et
792 364 867 401 haec
887 376 955 400 una
975 376 1079 400 causa
1109 371 1160 400 est
1178 362 1262 400 :sed

276 427 396 465 subdit
417 427 524 464 aliam
553 426 596 464 de
626 441 694 477 qua
723 439 817 464 nunc
844 425 973 476 agitur.
1000 425 1172 472 Quaenam
1200 424 1263 462 illa

276 488 354 526 cst?
379 490 438 526 De
465 488 718 539 plenitudine,
751 485 890 536 inquit,
922 487 1002 537 ejus
1036 498 1104 523 nos
1133 498 1262 524 omnes
1286 493 1308 522 Β

276 552 490 601 accepimus
509 554 556 586 ‘et
586 552 749 599 gratiam
768 561 837 598 pro
856 549 987 599 gratia
998 562 1008 596 3
1036 555 1070 584 et
1089 555 1168 598 post
1186 546 1260 584 haec

276 610 404 647 iterum
429 610 550 647 aliam.
570 608 687 654 Quam
710 608 835 645 illam?
856 609 957 659 Quia
976 609 1039 645 lex
1055 621 1124 659 per
1143 609 1261 656 Moy-

275 686 353 710 sem
367 674 461 710 data
476 681 550 720 est,
577 674 707 723 gratia
720 679 757 708 et
777 673 915 708 veritas
925 672 1138 722 perJesum
1153 670 1261 707 Chri-

275 734 503 785 seumfacta
520 742 587 770 est.
611 732 659 769 Et
680 731 767 783 quid
787 741 859 779 est,
877 731 1036 782 inquies,
1058 730 1171 779 illud,
1197 732 1263 768 Ex

271 795 514 845 plenitudine
527 795 608 844 ejus
630 807 699 831 nos
717 807 846 831 omnes
862 793 1100 844 accepimus?
1117 793 1208 829 Nam
1223 805 1263 829 eo

275 855 416 892 interim
436 869 550 893 sermo
567 854 771 892 referendus
790 863 853 893 est.
881 855 959 892 Non
981 853 1087 891 habet
1098 883 1110 903 ,
1128 852 1262 904 inquit,

273 917 357 955 doni
371 917 538 968 erogandi
551 925 769 964 consortem,
791 916 852 954 sed
865 917 941 968 ipso
950 916 1027 953 sons
1038 946 1047 963 ,
1064 915 1139 967 ipse
1157 915 1263 953 radix

273 988 323 1017 est
335 979 511 1017 bonorum
525 979 685 1017 omnium
696 1009 705 1027 ‚
718 979 794 1031 ipsa
808 979 904 1028 vita,
920 979 997 1031 ipsa
1013 978 1094 1027 lux,
1114 978 1189 1030 ipsa
1201 992 1261 1016 ve-

271 1040 380 1087 ritas,
400 1040 461 1091 qui
476 1041 654 1078 bonorum
672 1039 818 1077 divitias
837 1053 906 1077 non
926 1039 961 1076 iu
981 1053 1017 1076 se
1030 1038 1178 1086 retinet,
1201 1038 1264 1076 sed

272 1101 308 1138 in
324 1101 412 1138 alios
431 1116 552 1139 omnes
572 1101 743 1149 esl'undit5
764 1109 797 1138 et
815 1109 1003 1152 postquam
1022 1098 1166 1148 effudit,
1186 1099 1261 1151 ple-

272 1176 338 1200 nus
355 1171 531 1210 remanet,
557 1162 646 1199 nihil
671 1161 788 1201 miuus
815 1161 949 1198 habens
967 1169 1157 1212 postquam
1179 1159 1261 1197 aliis

271 1223 441 1274 elargitus
461 1232 511 1261 est
525 1253 533 1271 ,
554 1222 616 1259 sed
631 1236 769 1274 semper
785 1221 978 1258 scaturiens
990 1249 1001 1269 ,
1018 1228 1051 1257 et
1071 1219 1152 1256 aliis
1167 1219 1260 1256 bona

272 1283 500 1335 impertiens,
538 1283 573 1320 in
601 1282 723 1320 eadem
752 1290 870 1318 manet
891 1279 1119 1332 perfectione.
1155 1279 1262 1326 Quod

271 1354 389 1382 autem
411 1357 476 1395 ego
498 1345 570 1381 fsro
590 1343 765 1396 particeps
786 1342 870 1379 boni
882 1372 892 1391 ,
914 1341 959 1379 ab
980 1341 1050 1379 alio
1066 1340 1203 1393 accepi,
1228 1350 1261 1379 et

271 1406 400 1457 exigua
414 1420 496 1458 pars
513 1406 620 1443 totius
635 1414 703 1454 est,
718 1413 751 1442 et
763 1404 865 1455 quasi
882 1403 975 1442 stilla
990 1404 1120 1456 abysso
1138 1403 1261 1441 ineffa-

271 1467 335 1504 bili
347 1477 380 1505 et
391 1467 516 1519 pelago
533 1467 706 1504 immenso
720 1474 925 1518 comparata
939 1480 946 1501 :
961 1464 1034 1502 imo
1049 1478 1091 1501 ne
1103 1464 1169 1502 boc
1182 1465 1260 1515 qui-

271 1529 352 1567 dem
368 1529 573 1581 exemplum
597 1537 711 1580 potest
730 1527 815 1565 satis
834 1526 1013 1579 explicare
1032 1525 1067 1563 id
1090 1525 1186 1576 quod
1207 1539 1261 1563 re-

272 1605 409 1629 censere
424 1604 604 1628 conamur.
619 1589 762 1627 Etenim
782 1588 810 1626 si
827 1588 960 1626 stillam
973 1601 1019 1624 ex
1034 1586 1158 1639 pelago
1172 1587 1262 1625 hau-

271 1652 358 1701 rias,
375 1666 414 1689 eo
428 1652 504 1704 ipso
529 1651 676 1703 pelagus
692 1649 874 1699 minuisti,
895 1648 1034 1686 etiamsi
1049 1647 1254 1686 imminutio

270 1714 331 1751 illa
351 1714 430 1752 visu
450 1727 520 1751 nou
540 1712 768 1764 percipiatur.
787 1712 840 1748 De
859 1711 954 1748 fonte
989 1719 1108 1748 autem
1134 1710 1202 1747 isto
1221 1708 1259 1747 id

271 1775 343 1812 dici
358 1775 479 1826 nequit
495 1790 505 1824 3
528 1773 587 1811 sed
602 1782 931 1824 quantumcumque
946 1771 1123 1819 hauseris,
1142 1767 1259 1808 manet

271 1846 386 1874 tamen
407 1836 496 1873 nihil
511 1835 734 1872 imminutus.
755 1834 874 1880 Quare
892 1833 964 1870 alio
980 1832 1143 1884 exemplo
1161 1840 1262 1869 uten-

272 1898 380 1935 dum:
397 1897 493 1949 quod
513 1906 628 1934 tamen
657 1895 841 1933 infirmum
870 1904 942 1942 est,
962 1908 1024 1932 nec
1049 1902 1161 1946 potest
1186 1907 1261 1931 rem

272 1959 456 2009 quaesitam
476 1958 717 1996 demonstrare
725 1972 736 2007 ;
756 1956 816 1994 scd
837 1956 950 2007 magis
971 1969 1080 2007 quam
1103 1955 1261 2007 primum
1282 1967 1308 1997 Ι)

271 2020 316 2057 ad
334 2020 551 2072 propositam
572 2033 634 2056 nos
659 2018 806 2056 adducit
826 2017 1049 2056 sententiam.
1075 2017 1261 2068 Suppona-

272 2095 351 2117 mus
368 2095 441 2118 esse
457 2080 600 2132 igneum
618 2080 750 2116 sontem
769 2094 835 2117 :cx
853 2092 924 2129 quo
950 2078 1045 2115 fonte
1060 2076 1178 2126 mille,
1205 2077 1261 2114 bis

272 2141 371 2178 mille
381 2172 390 2189 ,
404 2151 455 2178 ter
469 2141 566 2178 inille
579 2171 588 2187 ,
606 2151 637 2178 ct
653 2141 756 2192 louge
772 2140 891 2192 plures
904 2140 1055 2177 lucernae
1068 2137 1262 2176 accendun-

271 2211 331 2239 tur
343 2219 350 2238 :
362 2217 477 2239 aunon
493 2216 588 2252 acque
603 2203 727 2254 plenus
744 2201 836 2252 ignis
852 2210 988 2250 manet,
1007 2209 1193 2252 postquam
1210 2209 1261 2237 tot

273 2265 353 2302 aliis
364 2265 439 2302 vini
459 2279 558 2303 Suam
575 2263 732 2301 indidit?
751 2262 790 2300 ld
811 2262 941 2300 nemini
961 2276 1030 2299 non
1050 2270 1173 2299 notum
1193 2270 1256 2299 est.

274 2327 380 2373 Quod
416 2326 445 2364 si
479 2326 515 2363 in
553 2325 760 2377 emporibus
795 2323 1058 2372 divisibilibus,
1091 2337 1168 2374 quae
1196 2337 1260 2375 per

273 2388 510 2426 ademtioncm
530 2387 756 2435 minuuntur,
786 2385 973 2438 quidpiam
994 2385 1108 2423 simile
1131 2385 1261 2437 reperi-

279 2459 354 2498 tur,
379 2448 475 2498 quod
494 2457 683 2500 postquam
701 2446 780 2485 aliis
808 2460 885 2497 quae
910 2460 972 2483 sua
986 2454 1085 2483 erant
1104 2444 1258 2493 indidit,

277 2513 367 2550 nihil
391 2521 503 2549 tamen
527 2510 720 2557 minuitur,
738 2509 851 2547 multo
870 2509 983 2560 magis
1006 2509 1042 2546 in
1056 2508 1261 2561 incorporea

277 2585 310 2612 ct
338 2574 529 2611 immortali
553 2574 614 2610 illa
634 2572 788 2625 potentia
810 2572 878 2609 hoc
898 2571 1087 2623 continget.
1110 2572 1201 2609 Nam
1231 2572 1260 2609 si

278 2650 358 2673 cum
383 2635 419 2672 id
444 2634 539 2685 quod
567 2634 801 2685 participatur
830 2643 882 2671 cst
908 2632 1104 2671 substantia
1130 2642 1163 2671 et
1186 2647 1261 2671 eor-

277 2712 362 2749 pus,
385 2706 419 2733 ct
437 2694 631 2742 dividitur,
650 2704 683 2732 ct
706 2710 773 2732 non
794 2695 970 2733 dividitur
988 2710 996 2731 t
1014 2695 1127 2732 multo
1148 2695 1261 2746 magis

277 2773 359 2796 cum
381 2757 424 2794 de
447 2758 481 2795 vi
505 2755 630 2807 agendi
652 2770 765 2793 sermo
785 2765 851 2805 est,
871 2755 983 2807 deque
998 2756 1033 2794 vi
1051 2756 1177 2807 agendi
1206 2756 1260 2794 in-

278 2832 452 2870 corporem
478 2815 701 2864 substantiae,
725 2816 947 2867 exploratum
970 2826 1020 2854 est
1042 2816 1080 2854 id
1108 2817 1260 2856 evenire.

1283 2634 1308 2664 F.

277 2880 361 2918 Ideo
383 2882 534 2918 Joauncs
557 2877 714 2925 dicebat,
739 2878 796 2913 De
817 2877 1059 2927 plenitudine
1087 2881 1170 2930 ejus
1192 2892 1260 2916 nos

277 2954 407 2979 omnes
425 2941 641 2990 accepimus
656 2954 669 2982 ;
695 2947 728 2975 et
743 2937 981 2975 testimonium
1013 2953 1117 2976 suuni
1141 2940 1262 2991 Bapti-

276 3012 336 3040 stae
351 3000 551 3040 testimonio
574 2998 758 3037 connectit.
781 2999 873 3035 Nam
887 2998 1002 3047 illud,
1026 3003 1083 3037 De
1097 3000 1263 3050 plenitu-

276 3066 370 3101 dine
387 3066 468 3116 ejus
490 3075 558 3100 nos
578 3074 707 3098 omnes
727 3061 941 3111 accepimus
955 3089 965 3109 ,
987 3073 1054 3096 non
1069 3074 1261 3112 praecurso-

320 3225 332 3237 ³¹
356 3213 454 3246 Saxil.
474 3221 506 3245 et
523 3213 598 3245 Mss.
626 3211 756 3254 plurimi
776 3216 825 3245 032<
843 3215 994 3257 ἀρκεσθεὶς
1011 3213 1040 3243 ‹322
1066 3214 1171 3253 ἐκείνῃ,
1186 3216 1280 3248 τίθησι

277 3270 416 3311 δευτέραν
440 3269 539 3306 πάλιν,
558 3271 592 3303 ἢν
617 3271 663 3298 νῦν
692 3279 770 3309 φησι.
793 3269 835 3301 τίς
852 3267 883 3296 δέ
905 3268 991 3296 ἐστιν.
1011 3261 1125 3294 Morcl.
1145 3277 1173 3296 τ.
1199 3265 1224 3295 ὃ.
1251 3278 1277 3295 κ.

276 3322 426 3357 δευτέραν,
443 3321 491 3351 οὖκ
508 3322 658 3360 ἀρκεσθεὶς
676 3322 780 3361 ἐκείνη.

322 3370 335 3381 '‘
362 3370 431 3409 [ναὶ
446 3372 535 3402 οὐδενὶ
552 3373 593 3401 ἑ).
613 3367 714 3401 Szuit.
728 3376 759 3400 et
777 3365 861 3401 Cod.
882 3367 973 3407 706]

796 221 982 253 JOANMS
1019 220 1262 250 CHRYSOST.
1302 222 1507 252 Ancurae.
1548 223 1907 254 CONSTANTINOP-

1333 303 1392 341 καὶ
1414 304 1671 357 λαμπρότερος,
1692 305 1846 358 ἐπήγαγε
1862 305 1922 352 τὸ,
1946 304 2032 343 ’Ότι
2061 306 2197 358 πρῶτός
2214 321 2278 357 μου
2298 301 2352 353 ἦν.

1333 364 1403 402 Καὶ
1433 364 1495 414 μία
1520 364 1581 415 μὲν
1604 365 1689 412 αὕτη
1720 365 1832 404 αἰτία·
1865 365 1981 412 τίθησι
2010 366 2045 405 δὲ
2081 366 2138 404 καὶ
2167 367 2352 420 ῧδευτέραν

1334 426 1438 464 πάλιν
1462 426 1504 473 ἣν
1528 431 1584 465 νῦν
1606 442 1702 479 φησι.
1724 426 1789 470 Τίς
1810 426 1847 464 δέ
1866 429 1958 465 ἐστιν
1974 426 2079 474 αὕτη,
2099 427 2166 465 Ἐκ
2183 433 2243 466 τοῦ
2257 430 2353 474 πλη-

1338 487 1496 541 ρώματος
1519 490 1620 526 αὐτοῦ
1652 491 1771 539 ἡμεῖς,
1801 487 1902 540 φησὶ,
1936 489 2062 532 πάντες
2092 488 2274 539 ἐλάὸομεν,
2296 489 2355 527 καὶ

1334 548 1437 601 χάριν
1461 548 1534 587 ἀντὶ
1553 549 1706 603 χάριτος.
1722 549 1790 588 Καὶ
1807 548 1895 600 μετὰ
1911 548 2038 588 τούτων
2059 549 2151 601 λέγει
2170 549 2275 587 πάλιν
2295 550 2356 587 καὶ

1335 609 1453 656 ἄλλην.
1476 609 1587 648 Ποίαν
1617 609 1650 648 δὲ
1670 610 1820 657 ταύτην;
1840 610 1924 649 υΟτι
1938 613 1956 647 ὃ
1971 610 2074 661 νόμος
2093 609 2150 648 διὰ
2180 610 2356 654 Μωϋσέως

1335 671 1453 719 ἐδόθη,
1473 675 1494 718 ἡ
1528 672 1631 725 χάρις
1650 672 1710 710 καὶ
1737 675 1759 718 ἡ
1789 671 1933 718 ἀλήθεια
1965 672 2021 710 διὰ
2054 672 2170 718 Ἰησοῦ
2203 672 2357 724 Χριστοῦ

1334 731 1479 783 ἐγένετο.
1499 733 1569 771 Καὶ
1584 732 1619 770 τί
1634 733 1719 771 ποτέ
1738 736 1832 780 ἐστι,
1853 732 1956 785 φησὶ,
1973 733 2032 780 τὸ,
2044 732 2111 770 Ἐκ
2129 737 2188 770 τοῦ
2209 731 2355 785 πληρώ-

1337 809 1443 844 ματος
1465 796 1567 833 αὖτοῦ
1585 798 1687 846 ἡμεῖς
1706 795 1833 839 πάντες
1852 794 2040 846 ἐλάὸομεν5
2054 793 2139 833 Ἐπὶ
2171 793 2238 847 γὰρ
2256 799 2357 832 τοῦτο

1335 855 1420 899 τέως
1441 856 1562 895 ἀκτέον
1581 857 1639 895 τὸν
1659 857 1772 908 λόγον.
1793 858 1846 894 Οὐ
1868 855 2051 907 μεθεκτὴν,
2071 855 2188 908 φησὶν,
2203 855 2276 908 ἔχει
2294 855 2356 903 τὴν

1336 917 1480 970 δωρεὰν,
1502 919 1577 956 ἀλλ’
1606 917 1787 970 αὐτοπηγὴ
1822 918 1881 956 καὶ
1916 918 2078 971 αὐτορίζα
2112 917 2184 956 ἐστὶ
2216 917 2356 955 πάντων

1334 981 1402 1016 τῶν
1420 981 1548 1028 καλῶν,
1564 979 1716 1027 αὐτοζωὴ
1728 1011 1738 1028 ,
1758 980 1818 1018 καὶ
1838 982 2008 1032 αὐτοφῶς,
2029 979 2090 1017 καὶ
2111 979 2356 1026 αὐτοαλήθεια·

1335 1041 1397 1077 οὐκ
1415 1041 1449 1077 ἐν
1471 1043 1582 1093 ἑαυτῷ
1605 1042 1758 1093 συνέχων
1774 1045 1842 1079 τῶν
1858 1044 1996 1093 ἀγαθῶν
2011 1041 2068 1079 τὸν
2089 1042 2248 1088 πλοῦτον,
2266 1039 2357 1078 ἀλλὰ

1334 1101 1393 1138 καὶ
1415 1104 1462 1145 εἰς
1489 1101 1567 1146 τοὺς
1590 1103 1712 1147 ἄλλους
1738 1103 1894 1147 ἅπαντας
1917 1102 2137 1156 ὓπερὸλύζων
2167 1102 2281 1150 αὐτὸν,
2296 1101 2357 1140 καὶ

1336 1161 1422 1211 μετὰ
1447 1163 1487 1200 τὸ
1513 1163 1726 1216 ὑπερὸλύσαι
1759 1164 1868 1214 μένων
1888 1164 2041 1217 πλήρης·
2060 1164 2079 1183 *
2093 1166 2127 1202 ἐν
2156 1163 2266 1202 οὐδενὶ
2289 1162 2356 1215 γὰρ

1334 1221 1580 1273 ἐλαττούμενος
1599 1225 1637 1261 ἐκ
1656 1225 1718 1268 τῆς
1750 1225 1796 1267 εἷς
1816 1223 1949 1276 ἑτέρους
1973 1223 2167 1277 χορηγίας,
2197 1226 2273 1262 ἀλλ’
2303 1224 2357 1265 ἀεὶ

1333 1283 1500 1335 πηγάζων
1530 1283 1590 1321 καὶ
1621 1290 1709 1323 πᾶσι
1740 1283 1868 1322 τούτων
1901 1284 2108 1336 ματαδιδοὶις
2136 1288 2204 1323 τῶν
2227 1287 2357 1332 καλῶν,

1334 1343 1391 1381 ἐπὶ
1412 1347 1474 1390 τῆς
1494 1347 1599 1391 αὐτῆς
1629 1345 1722 1396 μένει
1751 1345 1976 1393 τελειότητος.
1999 1344 2048 1383 ζῸ
2083 1345 2118 1384 δὲ
2151 1345 2220 1398 ἐγὼ
2241 1345 2356 1398 φέρω,

1335 1406 1497 1456 μεθεκτόν
1520 1406 1559 1445 τέ
1583 1409 1655 1445 ἐστι
1676 1409 1786 1460 (παρ’
1819 1406 1935 1459 ἑτέρου
1968 1407 2039 1460 γὰρ
2072 1406 2196 1446 ἔλαὸον
2229 1406 2357 1458 αὐτὸ),

1332 1466 1392 1503 καὶ
1415 1466 1537 1519 μικρόν
1557 1484 1591 1506 τι
1616 1472 1674 1506 τοῦ
1693 1468 1839 1516 παντὸς,
1858 1468 1918 1506 καὶ
1947 1468 2048 1506 οἱονεὶ
2066 1467 2082 1488 ¹³
2098 1467 2234 1521 σταγὼν
2264 1471 2357 1507 εὔτε-

1331 1526 1394 1573 λὴς
1410 1528 1496 1581 πρὸς
1514 1528 1664 1567 &guo-mv
1682 1528 1812 1581 ἄφατον
1834 1529 1893 1567 καὶ
1912 1528 2062 1580 πέλαγος
2080 1529 2221 1581 ἄπειρον
2238 1545 2245 1552 ·
2261 1531 2355 1580 μᾶλ-

1331 1591 1389 1628 λον
1413 1588 1448 1628 δὲ
1472 1589 1548 1628 οὐδὲ
1569 1595 1668 1628 τοῦτο
1686 1590 1726 1628 τὸ
1752 1590 1978 1644 παράδειγμα
2007 1593 2234 1644 παραστῆσαι
2257 1590 2357 1629 δύνα-

1332 1666 1389 1688 ται
1408 1649 1494 1703 ὅπερ
1512 1653 1751 1704 ἐπιχειροῦμεν
1771 1653 1890 1689 εἰπεῖν.
1911 1651 2073 1703 Σταγόνα
2103 1651 2164 1703 μὲν
2191 1651 2258 1705 γὰρ
2287 1652 2357 1691 ἀπὸ

1332 1711 1503 1762 πελάγους
1532 1711 1571 1749 ἂν
1591 1711 1726 1764 ἐξέλῃς,
1751 1713 1844 1765 αὐτῷ
1866 1712 1975 1765 τούτῳ
1996 1712 2035 1750 τὸ
2068 1715 2217 1765 πέλαγος
2245 1714 2356 1760 ἠλάτ-

1332 1788 1465 1820 τωσας,
1484 1774 1513 1811 εἷ
1531 1773 1591 1811 καὶ
1605 1772 1738 1825 ἀφανὴς
1759 1776 1781 1819 ἡ
1798 1772 1998 1816 ἐλάττωσις.
2012 1773 2097 1812 Ἐπὶ
2112 1773 2147 1812 δὲ
2166 1777 2227 1820 τῆς
2241 1777 2356 1825 πηγῆς

1332 1832 1464 1880 ἐκείνης
1480 1836 1541 1872 οὖν.
1566 1834 1638 1873 ἔστι
1666 1839 1766 1873 τοῦτο
1794 1836 1918 1872 εἰπεῖν·
1949 1836 2024 1873 ἀλλ’
2042 1834 2121 1874 ὅσον
2140 1835 2180 1873 ἄν
2203 1852 2254 1879 τις
2275 1835 2356 1888 ἀρύ-

1333 1910 1461 1943 σηται,
1483 1895 1577 1946 μένει
1606 1894 1712 1946 μηδὲν
1747 1895 1993 1946 ἐλαττουμένη.
2009 1895 2073 1934 Διὸ
2099 1895 2168 1949 χρὴ
2202 1896 2356 1947 μάλιστα

1332 1959 1383 2009 ἐφ’
1403 1957 1516 2011 ἕτερον
1540 1957 1734 2009 ὑπόδειγμα
1763 1959 1888 1995 ἐλθεῖν·
1911 1957 2047 2001 ἀσθενὲς
2066 1963 2079 1978 ⁰
2094 1957 2156 2008 μὲν
2183 1957 2250 2011 γὰρ
2274 1958 2356 1996 αὐτὸ

1332 2018 1392 2056 καὶ
1417 2021 1454 2056 οὐ
1475 2018 1661 2069 δυνάμενον
1681 2017 1766 2071 ὅπερ
1792 2020 1960 2070 ζητοῦμεν
1989 2021 2235 2072 παραστῆσαι,
2264 2021 2355 2069 μᾶλ-

1332 2081 1390 2117 λον
1424 2079 1459 2118 δὲ
1497 2085 1557 2119 τοῦ
1579 2081 1747 2135 προτέρου
1777 2086 2013 2133 χειραγωγοῦν
2042 2085 2138 2132 ἡμᾶς
2171 2081 2257 2135 πρὸς
2291 2081 2354 2128 τὴν

1333 2140 1463 2180 ἔννοιαν
1479 2141 1541 2188 τὴν
1555 2143 1784 2194 προκειμένην
1796 2146 1880 2193 ἡμῖν
1896 2145 1965 2180 νῦν.
1982 2141 2214 2193 Ὑποθώμεθα
2228 2142 2296 2195 γὰρ
2311 2137 2356 2181 ε’ῗ-

1331 2218 1387 2240 ναι
1403 2203 1508 2254 πυρὸς
1528 2202 1658 2254 πηγὴν,
1674 2197 1748 2241 εἶτα
1765 2203 1834 2241 ἀπὸ
1853 2207 1915 2251 τῆς
1934 2208 2049 2256 πηγῆς
2067 2203 2198 2251 ἐκείνης
2215 2204 2356 2256 μυρίους

1335 2263 1547 2302 ἀνάπτεσθαι
1569 2263 1729 2316 λύχνους,
1746 2264 1805 2301 καὶ
1832 2264 1882 2308 δὶς
1897 2265 2098 2314 τοσούτους,
2114 2266 2174 2303 καὶ
2195 2265 2268 2319 τρὶς
2294 2265 2355 2304 καὶ

1333 2324 1500 2368 πολλάκις
1511 2341 1518 2348 ·
1535 2319 1602 2378 ἆρα
1622 2327 1682 2363 οὐκ
1701 2324 1757 2363 ἐπὶ
1770 2328 1833 2370 τῆς
1850 2328 1955 2372 αὐτῆς
1971 2327 2065 2376 μένει
2080 2326 2298 2379 πληρότητος
2316 2327 2356 2365 τὸ

1332 2389 1400 2438 πῦρ
1412 2385 1470 2423 καὶ
1483 2385 1571 2436 μετὰ
1584 2385 1622 2422 τὸ
1635 2387 1838 2435 μεταδοῦναι
1855 2386 2025 2430 τοσούτοις
2037 2391 2099 2433 τῆς
2113 2386 2284 2438 ἐνεργείας
2293 2390 2356 2433 τῆς

1335 2448 1454 2494 αὐτοῦς
1467 2445 1580 2483 Παντί
1595 2462 1658 2484 που
1674 2445 1776 2492 ὂῆλόν
1789 2448 1891 2484 ἐστιν.
1904 2447 1947 2484 Εἰ
1964 2446 1998 2485 δὲ
2016 2447 2072 2485 ἐπὶ
2084 2449 2151 2484 τῶν
2168 2446 2354 2497 σωμάτων,

1334 2509 1402 2544 τῶν
1417 2510 1606 2561 μεριστῶν,
1622 2510 1690 2544 τῶν
1707 2506 1963 2557 ἐλαττουμένων
1978 2507 2043 2545 ὑπὸ
2058 2511 2119 2554 τῆς
2131 2508 2355 2560 ἀφαιρέσεως,

1335 2569 1455 2622 εὑρέθη
1471 2585 1505 2606 τι
1525 2573 1674 2607 τοιοῦτον
1705 2567 1722 2606 ὃ
1753 2567 1812 2604 καὶ
1833 2567 1920 2617 μετὰ
1941 2568 1980 2605 τὸ
2009 2574 2204 2621 παρασχεῖν
2229 2568 2356 2621 ἑτέροις

1332 2629 1376 2668 τὰ
1395 2632 1478 2683 παρ’
1499 2633 1620 2668 ἑαυτοῦ
1634 2629 1728 2668 οὐδὲν
1749 2628 2060 2680 παραὸλάπτεται,
2077 2631 2197 2681 πολλῷ
2224 2631 2354 2680 μᾶλλον

1335 2692 1392 2730 ἐπὶ
1417 2695 1479 2738 τῆς
1506 2691 1693 2742 ἀσωμάτου
1726 2690 1784 2729 καὶ
1810 2690 1985 2743 ἀκηράτου
2020 2691 2196 2741 δυνάμεως
2224 2690 2356 2737 ἐκείνης

1334 2757 1434 2792 τοῦτο
1452 2753 1680 2804 συμὸήσεται.
1693 2754 1735 2790 Εἰ
1746 2751 1813 2804 γὰρ
1830 2752 1908 2789 ἔνθα
1923 2752 2021 2790 οὐσία
2037 2752 2109 2790 ἐστὶ
2123 2752 2162 2790 τὸ
2177 2754 2355 2803 μεταλαμ-

1336 2813 1523 2865 ὅανόμενον
1537 2813 1596 2852 καὶ
1615 2816 1736 2864 σῶμα,
1752 2812 1811 2850 καὶ
1825 2812 2021 2863 μερίζεται,
2037 2812 2096 2850 καὶ
2112 2815 2148 2851 οὐ
2161 2812 2355 2866 μερίζεται,

1335 2877 1452 2927 πολλῷ
1480 2876 1609 2926 μᾶλλον
1633 2874 1713 2913 ὅταν
1734 2874 1812 2926 περὶ
1845 2872 2016 2925 ἐνεργείας
2042 2877 2060 2911 ὁ
2089 2873 2190 2924 λόγος
2218 2869 2240 2926 ᾗ
2255 2905 2264 2922 ,
2294 2875 2354 2912 καὶ

1335 2934 1504 2987 ἐνεργείας
1521 2939 1582 2981 τῆς
1603 2934 1636 2978 ἐξ
1660 2933 1847 2984 ἀσωμάτου
1871 2932 2006 2981 οὐσίας,
2023 2933 2115 2972 οὐδὲν
2132 2935 2220 2978 εἰκὸς
2240 2939 2355 2973 τοιοῦ-

1334 3012 1391 3034 τον
1419 2999 1552 3034 παΟεῖν.
1579 2995 1646 3034 Διὰ
1672 2999 1771 3033 τοῦτο
1792 2994 1849 3031 καὶ
1871 2993 2035 3040 Ἰωάννης
2057 2993 2184 3046 ἔλεγεν,
2203 2995 2269 3034 Ἐκ
2296 2999 2356 3033 τοῦ

1334 3057 1570 3112 πληρώματος
1603 3058 1704 3094 αὐτοῦ
1749 3059 1851 3106 ἡμεῖς
1893 3055 2018 3100 πάντες
2055 3056 2224 3106 ἐλάὸομεν
2247 3072 2254 3079 ·
2297 3055 2356 3094 καὶ

1391 3211 1407 3234 b
1429 3210 1504 3242 Mss.
1520 3207 1653 3251 plurimi
1670 3215 1702 3239 ct
1718 3206 1818 3240 Szuil.
1834 3213 1948 3249 σταγὼν
1971 3211 2101 3246 ehi-3253.
2121 3207 2233 3240 Morcl.
2252 3215 2286 3239 et
2301 3206 2356 3239 alii

1347 3267 1461 3304 σταγὼν
1477 3264 1573 3303 ὀλίγη.
1586 3260 1598 3302 [
1611 3259 1686 3291 Mox
1702 3257 1803 3290 Savil.
1823 3265 1856 3289 et
1875 3257 1984 3291 Codd.
2008 3260 2084 3300 705,
2103 3260 2166 3292 706
2184 3262 2293 3294 zoum'
2307 3265 2353 3293 ἅν.

1347 3312 1439 3345 Infra
1461 3312 1561 3345 iidem
1578 3315 1649 3345 αὐτὸ
1663 3316 1751 3345 τοῦτο
1768 3315 1801 3344 τὸ
1818 3310 1868 3352 π.]

1391 3371 1401 3384 ⁰
1426 3366 1506 3407 [μὲν
1525 3369 1571 3398 καὶ
1588 3367 1660 3397 αὐτὸ
1679 3361 1779 3396 Savil.
1798 3369 1831 3393 et
1846 3359 1955 3394 Codd.
1976 3363 2048 3404 c'u.,
2066 3363 2181 3404 recte]
