2481 3678
120 281 233 345 gsallh.

112 1136 137 1155 1.
158 1126 225 1155 Cor.
247 1127 293 1156 15.

108 1168 159 1198 36.
176 1179 237 1206 sqq.

112 2133 136 2152 1.
160 2124 212 2152 (⁴111
224 2147 228 2152 .

107 2166 156 2195 53.

323 186 414 245 :133ss
758 206 796 235 s,
835 207 1014 237 som-sis
1051 205 1294 236 cnuxsos‘r.

254 283 302 311 23.
323 286 478 335 Quoties
504 285 613 322 volui
632 299 861 338 congregare
873 288 987 340 filios
1005 296 1165 335 vestros,
1183 296 1218 325 et
1239 302 1305 325 no-

1336 207 1540 237 Atttzfltlssl’.

1580 210 1884 241 CONSTANJWM)
1893 212 1913 240 l’
1923 232 1930 240 .

1472 290 1481 303 C
1524 291 1544 300 Ν
1717 293 1726 305 Ί
1783 294 1792 305 '3
1873 292 1880 304 Ι
2011 295 2017 305 V
2035 292 2058 304 ¹!
2092 295 2100 307 ᾖ
2217 294 2225 305 ζ
2314 295 2319 306 V

1379 303 1442 324 κνα
1470 305 1580 339 υμων,
1610 291 1668 328 καὶ
1694 306 1756 329 ουκ
1774 294 1992 339 ηθελησατε,
2019 295 2057 330 lt.
2086 309 2193 330 εστιν·
2228 296 2260 332 Ο
2281 310 2403 337 κοκκος

319 345 469 383 luistis?
500 346 586 384 had
610 346 677 384 sibi
693 348 785 395 vult,
802 348 979 386 Granum
996 349 1206 400 frumenti,
1232 351 1306 386 nisi
1329 351 1352 382 C
1377 352 1436 386 τοῦ
1454 349 1548 387 σίτου
1560 381 1569 398 ,
1588 350 1645 388 ἐὰν
1665 351 1713 402 μὴ
1732 351 1847 390 πεσὼν
1869 352 2046 404 ἀποθάνῃ,
2062 354 2152 405 Περὶ
2169 358 2228 391 τοῦ
2250 360 2399 408 σταυροῦ

317 408 459 444 cadem
479 410 519 444 in
535 417 676 445 terram
690 411 1023 462 mortuumsuerit
1034 415 1050 447 P
1067 412 1120 448 De
1133 425 1236 448 cruce
1253 410 1303 448 lo-

316 467 452 518 quitur.
477 469 530 506 Ne
556 469 648 507 enini
673 470 912 519 turbarentur,
933 470 1126 521 cogitantes
1148 480 1231 508 tunc
1256 471 1301 508 il-

314 528 390 566 lum
406 530 561 567 occisum
582 530 700 578 fuisse,
717 544 796 567 cum
815 539 932 581 gentes
945 541 1179 582 accesserunt,
1194 531 1299 570 dicit:

314 589 388 627 Hoc
414 591 507 642 ipsos
532 591 687 628 maxime
716 590 759 627 ad
792 591 1030 628 accedendum
1059 592 1209 641 inducit,
1233 592 1299 631 hoc

313 651 602 702 pradicationem
618 666 732 688 meam
754 652 909 701 augebit.
927 652 1062 690 Deinde
1074 653 1155 704 quia
1169 668 1300 692 sermo-

312 712 417 749 nibus
444 727 511 749 non
547 712 596 749 ita
625 712 872 764 persuadebat,
890 727 910 750 a
929 728 1049 751 rerum
1084 714 1299 766 experientia

312 772 406 823 ipsos
434 773 546 810 allicit
573 773 696 811 dicens
719 790 726 810 x
750 775 789 812 In
817 774 992 812 frumento
1017 775 1084 813 hoe
1103 776 1243 824 accidit,
1260 787 1298 815 ut

310 843 490 871 mortuum
501 835 668 886 majorem
680 835 835 872 fructum
848 836 986 873 asserat.
1004 837 1042 874 Si
1057 837 1122 874 hoc
1141 837 1176 874 in
1193 838 1298 875 semi-

308 894 427 939 nibus,
450 896 562 933 multo
582 896 695 947 magis
716 896 749 933 in
770 911 838 934 me.
862 899 1000 935 Verum
1018 897 1186 950 discipuli
1202 898 1296 936 dieta

309 969 376 993 non
406 957 665 995 intellexerunt.
698 958 817 1004 Quare
846 958 1044 1008 frequenter
1076 959 1144 997 1100
1172 960 1297 1011 repetit

307 1017 537 1068 evangelista,
556 1028 593 1055 ut
621 1028 762 1056 excuset
787 1033 845 1055 eos
867 1018 965 1068 quod
983 1028 1101 1070 postea
1127 1020 1294 1070 fugerint.

309 1079 513 1116 Istiusmodi
542 1094 737 1118 sermonem
766 1079 811 1117 de
836 1080 1088 1118 resurrectione
1109 1081 1297 1133 disputans

310 1141 442 1177 Paulus
460 1141 593 1178 attulit.

361 1209 396 1245 5.
415 1208 531 1253 Quam
547 1221 629 1259 ergo
648 1209 910 1246 excusationem
931 1209 1114 1248 habebunt
1130 1209 1153 1247 ii
1166 1210 1226 1261 qui
1242 1225 1296 1248 re-

308 1269 559 1306 surrectionem
591 1283 659 1306 non
692 1270 853 1318 credunt,
887 1271 1092 1308 camillam
1124 1272 1159 1309 in
1187 1272 1296 1309 semi-

308 1330 412 1367 nibus
431 1328 591 1380 quotidie
608 1330 839 1383 contemplari
868 1324 1059 1383 possimus,
1098 1332 1133 1369 in
1165 1332 1297 1384 plantis

308 1405 464 1440 quoque,
489 1401 522 1428 et
562 1391 596 1428 in
632 1392 853 1443 generatione
884 1391 1035 1430 nostra?
1055 1393 1176 1431 Primo
1204 1394 1297 1431 enim

309 1453 489 1504 corrumpi
518 1467 634 1491 semen
655 1463 803 1506 oportet,
836 1463 870 1491 et
894 1454 978 1492 inde
999 1455 1076 1492 fieri
1099 1456 1297 1506 generatio-

308 1527 399 1551 nem.
430 1515 635 1553 Universim
674 1529 754 1553 vero
787 1529 867 1552 eum
897 1516 993 1553 Deus
1027 1516 1165 1566 aliquid
1201 1517 1296 1565 facit,

309 1574 417 1611 nullis
435 1589 524 1627 opus
546 1585 595 1612 est
614 1575 819 1613 ratiociniis.
846 1575 1034 1621 Quomodo
1056 1577 1150 1614 enim
1169 1591 1231 1614 nos
1253 1591 1297 1614 ex

310 1649 376 1671 11011
422 1636 640 1673 exstantibus
682 1635 786 1673 fecit?
828 1635 912 1673 11ωο
944 1636 1154 1674 Christianis
1203 1637 1294 1686 dico,

309 1695 370 1745 qui
387 1710 422 1732 se
435 1695 558 1733 dicunt
578 1696 775 1748 Scripturis
797 1695 938 1733 eredere
959 1712 966 1732 ε
983 1695 1113 1733 addam
1130 1697 1227 1734 aliud
1253 1712 1297 1735 ex

310 1756 476 1794 humanis
496 1757 703 1794 ratiociniis.
730 1757 787 1794 Ex
815 1757 1021 1795 hominibus
1042 1757 1104 1794 alii
1128 1757 1295 1809 improbi,

309 1816 369 1853 alii
391 1817 495 1869 probi
516 1827 597 1855 sunt
619 1834 626 1854 z
650 1832 695 1855 ex
709 1817 881 1869 improbis
895 1817 1000 1855 multi
1017 1832 1054 1855 rc
1067 1832 1233 1870 prospera
1249 1820 1296 1858 ad

307 1888 502 1916 extremam
516 1888 728 1917 senectutem
747 1878 981 1928 devenerunt3
998 1893 1042 1915 ex
1060 1879 1181 1930 probis
1195 1894 1294 1918 secus

308 1954 361 1975 res
383 1940 495 1977 cessit.
517 1938 750 1985 Quandonain
775 1953 857 1989 ergo
885 1947 918 1976 et
945 1952 1015 1989 quo
1040 1948 1198 1991 tempore
1221 1941 1293 1978 sin-

308 2000 380 2049 guli
402 2015 465 2051 pro
486 2000 610 2037 merito
623 1999 820 2051 accipient?
834 2000 937 2047 Sane,
955 1999 1132 2049 inquiunt,
1145 2000 1205 2037 sed
1218 2016 1287 2038 cor-

307 2076 434 2112 porum
454 2061 662 2099 resurrectio
686 2075 756 2098 non
783 2070 844 2098 est.
864 2062 943 2098 Non
963 2060 1114 2098 audiunt
1139 2062 1292 2100 Paulum

246 2124 290 2153 ¹5-
308 2123 492 2173 dicentem,
509 2126 663 2176 Oportet
679 2123 927 2175 corruptibile
946 2124 1018 2160 1100
1037 2124 1196 2161 induere
1225 2126 1289 2161 in—

307 2189 613 2238 corrzqnionem?
642 2186 721 2223 Non
748 2185 791 2222 de
810 2184 1029 2233 anima(non
1058 2184 1149 2221 enim
1171 2185 1288 2223 anima

1376 410 1480 461 λέγει.
1511 410 1588 450 Ἵνα
1607 411 1674 464 γὰρ
1704 412 1751 463 μὴ
1781 413 1992 465 θορυὸῶνται
2021 416 2213 458 ἐννοοῦντες
2245 415 2323 463 ὅτι,
2343 415 2400 454 ὅτε

1375 470 1434 508 καὶ
1453 471 1627 520 (Έλληνες
1645 475 1855 527 προσῆλθον,
1878 473 1955 512 τότε
1977 474 2125 527 ἀνῃρέθη
2138 506 2147 522 ,
2172 475 2266 528 λέγει
2283 492 2290 499 ·
2318 477 2401 515 αὐτὸ

1376 533 1437 583 μὲν
1459 527 1516 571 οῦν
1536 538 1636 572 τοῦτο
1664 534 1817 585 μάλιστα
1838 534 1961 578 αὐτοὺς
1985 541 2076 573 ποιεῖ
2104 538 2320 588 προσελθεῖν,
2342 538 2400 575 καὶ

1377 593 1517 641 αὐξήσει
1543 595 1581 632 τὸ
1611 595 1776 647 κήρυγμα
1806 595 1844 633 τὸ
1861 595 1955 645 ἐμόν.
1983 590 2072 634 Εἶτα
2087 596 2232 643 ,ἐπειδὴ
2254 598 2322 636 ἀπὸ
2339 598 2398 636 λό-

1373 671 1442 705 γων
1460 657 1525 708 οὐχ
1544 656 1652 700 οὕτως
1669 657 1817 703 ἔπειθεν,
1841 656 1908 694 ἀπὸ
1923 660 1986 703 τ’ἧς
2001 659 2070 694 τῶν
2086 658 2303 710 πραγμάτων
2323 663 2399 698 πεί-

1376 732 1435 768 ρας
1450 718 1532 755 αὐτὸ
1551 718 1726 768 μεθοδεύει
1742 717 1865 768 λέγων·
1887 717 1962 755 ἐπεὶ
1982 717 2040 755 καὶ
2062 720 2096 755 ἐν
2115 721 2167 770 τῷ
2193 718 2279 771 σίτῳ
2299 725 2398 758 τοῦτο

1372 776 1526 828 γίνεται·
1558 781 1690 828 μᾶλλον
1714 778 1808 830 φέρει
1830 778 1975 830 καρπὸν,
1997 778 2079 817 ὅταν
2101 779 2270 832 ἀποθάνῃ.
2299 782 2343 818 Εἰ
2363 780 2398 819 δὲ

1372 839 1407 875 ἐν
1426 844 1496 881 τοῖς
1516 839 1693 891 σπέρμασι
1714 843 1814 876 τοῦτο
1828 870 1837 886 ,
1861 840 1979 890 πολλῷ
1997 841 2127 887 μᾶλλον
2148 842 2181 877 ἐν
2199 840 2276 890 ἐμοί
2282 870 2289 878 .
2306 841 2397 879 Ἀλλ’

1371 901 1433 936 οὐκ
1464 899 1591 951 ᾔδεσαν
1623 904 1654 939 οἱ
1689 900 1842 951 μαθηταὶ
1864 900 1907 937 τὰ
1940 901 2122 951 λεγόμενα.
2154 901 2217 939 Διὸ
2246 904 2398 955 συνεχῶς

1372 960 1454 997 αὐτὸ
1488 960 1622 1007 τίθησιν
1653 965 1670 999 ὃ
1704 961 1969 1012 εὐαγγελιστὴς,
2004 962 2279 1013 ἀπολογούμενος
2310 962 2398 1016 ὑπὲρ

1369 1023 1431 1066 τῆς
1453 1020 1542 1070 μετὰ
1562 1027 1672 1060 ταῦτα
1691 1025 1812 1074 φυγῆς.
1830 1025 1963 1060 Τοῦτον
1987 1022 2044 1060 καὶ
2064 1022 2144 1075 περὶ
2164 1027 2225 1070 τῆς
2243 1024 2397 1062 ἀναστά-

1370 1096 1456 1124 σεως
1478 1082 1716 1133 διαλεγόμενος
1730 1085 1747 1120 ὃ
1764 1085 1902 1126 Παῦλος
1918 1083 1974 1121 τὸν
1989 1084 2090 1135 λόγον
2110 1084 2259 1131 ἐκίνησε.

1423 1202 1535 1241 Ποίαν
1559 1196 1615 1240 οῦν
1639 1203 1768 1248 ἕξουσιν
1791 1203 1980 1254 ἀπολογίαν
2003 1207 2034 1242 οἳ
2052 1207 2095 1256 τῇ
2118 1206 2306 1243 ἀναστάσει
2322 1207 2395 1243 δια-

1370 1267 1570 1308 πιστοῦντες
1587 1295 1596 1311 ,
1626 1267 1659 1303 ἐν
1688 1272 1759 1308 τοῖς
1787 1265 1965 1318 σπέρμασι
1996 1270 2056 1303 τοῦ
2084 1267 2289 1318 πράγματος
2318 1267 2394 1305 καθ’

1371 1325 1521 1372 ἑκάστην
1544 1325 1783 1377 μελετωμένου
1803 1325 1866 1373 τὴν
1886 1325 2034 1379 ἡμέραν,
2057 1327 2117 1364 καὶ
2137 1328 2171 1364 ἓν
2188 1333 2315 1379 φυτοῖς,
2337 1328 2396 1365 καὶ

1371 1387 1427 1425 ἐπὶ
1446 1390 1508 1433 τ’ἦς
1536 1387 1703 1439 γενέσεως
1734 1390 1796 1433 τῆς
1823 1388 2018 1440 ἡμετέρας,
2050 1388 2226 1441 Πρότερον
2255 1387 2322 1441 γὰρ
2347 1390 2397 1426 δεῖ

1371 1451 1544 1500 φθαρῆναι
1584 1449 1623 1486 τὸ
1658 1449 1823 1502 σπέρμα,
1856 1449 1916 1486 καὶ
1949 1449 2026 1487 τότε
2060 1449 2219 1501 γενέσθαι
2251 1450 2394 1501 γένεσιν.

1370 1508 1490 1552 ἰὈλως
1519 1509 1553 1547 δὲ
1585 1509 1667 1548 ὅταν
1701 1513 1718 1547 ὁ
1744 1510 1832 1553 Θεὸς
1859 1510 1892 1548 τὶ
1911 1514 2016 1562 ποιῇ,
2050 1513 2225 1562 λογισμῶν
2242 1514 2304 1548 οὐκ
2323 1512 2395 1550 ἔστι

1370 1569 1484 1623 χρεία.
1520 1572 1601 1613 Πῶς
1622 1569 1691 1623 γὰρ
1713 1570 1746 1613 ἐξ
1763 1573 1823 1609 οὐκ
1843 1571 1948 1609 ὄντων
1969 1575 2063 1622 ἡμᾶς
2078 1570 2239 1618 ἐποίησε;
2270 1573 2394 1608 Ταῦτα

1370 1631 1454 1683 προς
1470 1630 1698 1683 Χριστιανοὺς
1711 1631 1815 1683 λέγω,
1828 1632 1906 1675 τοὺς
1921 1632 2083 1683 λέγοντας
2101 1631 2279 1670 πείθεσθαι
2294 1633 2392 1682 Γρα-

1370 1698 1460 1743 φαῖς.
1496 1690 1591 1743 Ἐγὼ
1612 1691 1646 1729 δὲ
1672 1692 1731 1730 καὶ
1752 1691 1865 1744 ἕτερον
1889 1696 1956 1745 ἐρῶ
1978 1692 2046 1730 ἀπὸ
2064 1695 2241 1744 λογισμῶν
2262 1694 2392 1744 ἀνθρω-

1369 1752 1490 1791 πίνων.
1521 1755 1601 1791 Τῶν
1631 1752 1822 1806 ἀνθρώπιον
1856 1757 1886 1792 οἱ
1913 1754 1974 1805 μὲν
2002 1757 2035 1792 ἐν
2067 1753 2174 1804 κακίᾳ
2205 1752 2392 1803 διάγουσιν,

1368 1813 1399 1850 οἱ
1437 1813 1472 1852 δὲ
1510 1816 1543 1852 ἐν
1578 1817 1695 1866 ἀρετῇ.
1740 1814 1843 1852 Ἀλλὰ
1876 1817 1944 1852 τῶν
1983 1817 2016 1852 ἐν
2052 1814 2158 1866 κακίᾳ
2193 1814 2391 1867 διατριὸόν-

1366 1890 1434 1911 των
1467 1874 1589 1912 πολλοὶ
1620 1877 1666 1918 εἷς
1696 1874 1841 1926 ἔσχατον
1876 1879 1984 1928 γῆρας
2016 1870 2120 1922 ἦλθον
2147 1877 2391 1919 εὐπαθοῦντες·

1365 1938 1434 1972 τῶν
1472 1936 1507 1974 δὲ
1543 1939 1577 1974 ἐν
1605 1939 1736 1988 ἀρετῇ,
1771 1936 1816 1974 τὰ
1850 1936 1989 1974 ἐναντία
2025 1936 2282 1987 ὑπομείναντες.
2315 1937 2388 1975 Πό-

1365 2013 1402 2035 τε
1430 1991 1486 2035 οῦν
1511 1997 1556 2036 τὰ
1581 1999 1659 2036 κατ’
1686 1998 1784 2042 ἀξίαν
1812 1999 2031 2050 ἀπολήψεται
2057 1998 2219 2045 ἕκαστος,
2251 2001 2284 2036 ἐν
2302 1998 2391 2050 ποίῳ

1365 2060 1495 2110 καιρῷ,
1525 2059 1608 2106 Ναὶ,
1636 2058 1760 2110 φησίν·
1787 2058 1876 2097 ἀλλὰ
1902 2059 2074 2110 σωμάτων
2100 2061 2160 2098 οὐκ
2188 2059 2278 2097 ἔστιν
2300 2060 2388 2098 ἀνά-

1365 2135 1497 2163 στασις.
1541 2121 1619 2158 Οὐκ
1657 2119 1818 2158 ἀκούουσι
1850 2124 1909 2158 τοῦ
1944 2120 2084 2158 Παύλου
2120 2119 2296 2172 λέγοντος”
2329 2122 2390 2158 Δεῖ

1362 2180 1401 2217 τὸ
1428 2181 1577 2234 φθαρτὸν
1609 2185 1709 2219 τοῦτο
1738 2181 1945 2220 ἐνδύσασθαι
1977 2180 2192 2234 ἀφθαρσίαν;
2227 2184 2280 2220 Οὐ
2309 2182 2389 2234 περὶ

306 2248 587 2300 ‹·0r1·umpitur):
614 2256 647 2285 et
673 2246 881 2284 resurrectio
903 2246 1034 2284 dieitur
1061 2245 1106 2283 de
1134 2246 1196 2284 illo
1227 2243 1477 2304 (111139ςψυχῆς
1503 2241 1595 2292 (οὐδὲ
1623 2241 1690 2295 γὰρ
1718 2241 1892 2294 φθείρεται
1911 2246 1932 2288 ἡ
1953 2242 2069 2293 ψυχή)
2085 2257 2092 2264 ·
2116 2242 2175 2279 καὶ
2200 2242 2388 2285 ἀνάστασις

305 2310 431 2348 cecidit
452 2326 459 2346 :
482 2309 607 2347 cecidit
626 2324 709 2348 vero
729 2323 868 2360 eorpus.
904 2308 977 2345 Cur
999 2316 1116 2345 autem
1139 2321 1206 2345 non
1233 2308 1288 2346 vis
1314 2294 1341 2349 Ai
1363 2301 1398 2339 δὲ
1419 2305 1477 2338 Τοῦ
1497 2301 1719 2344 πεπτωκότος
1737 2302 1896 2353 λέγεται·
1920 2301 2020 2339 ἔπεσε
2041 2302 2075 2340 δὲ
2091 2302 2131 2340 τὸ
2146 2305 2261 2353 σῶμα.
2284 2303 2388 2340 Διατί

304 2386 376 2409 esse
413 2371 568 2424 corporis
603 2370 919 2409 resurrectionem?
957 2382 1072 2406 annon
1106 2369 1286 2421 possibilis

305 2435 379 2470 Deo
388 2433 464 2470 est?
482 2433 551 2470 Sed
563 2433 630 2469 boe
645 2446 772 2483 negare
787 2440 952 2468 extrema:
966 2430 1175 2482 insipientiae
1187 2440 1285 2468 esset.

308 2497 352 2532 At
385 2509 451 2532 non
472 2495 595 2532 decet?
620 2495 691 2531 Cur
720 2507 789 2530 non
820 2492 920 2530 decet
949 2492 1016 2529 hoc
1044 2491 1286 2543 corruptibile,

158 2557 290 2583 ll-'vrvlici
306 2556 401 2605 quod
425 2566 458 2593 et
486 2556 642 2593 laborem
667 2564 700 2592 01
730 2563 879 2592 1110110111
904 2568 972 2591 una
997 2553 1121 2599 subiit,
1143 2567 1288 2592 coronas

103 2600 239 2633 erantqui
250 2599 279 2624 ‹li

104 2645 202 2665 errent
231 2649 290 2665 car-

226 2690 281 2706 non

104 2730 168 2747 resu
175 2726 285 2747 vri-ctu-

105 2690 170 2706 110111

106 2772 166 2788 rain
180 2770 251 2789 csse.

106 2813 199 2840 ,Ιυαηι
222 2820 271 2840 20.

107 2862 157 2890 27·

306 2616 409 2653 ctiam
431 2617 664 2669 participare?
678 2617 770 2653 Nam
789 2614 817 2652 si
834 2629 903 2652 non
918 2614 1066 2663 deceret,
1083 2628 1150 2652 non
1162 2629 1181 2652 a
1192 2615 1287 2666 prin-

309 2678 543 2729 ‹·ipiosaetum
560 2679 693 2726 fuisset,
715 2691 825 2728 neque
845 2676 1009 2715 Christus
1031 2690 1170 2714 carnem
1191 2691 1288 2714 sum—

307 2739 418 2776 sisset.
443 2739 549 2785 Quod
567 2749 683 2776 autem
708 2737 884 2786 sumserit,
904 2737 1075 2788 illamque
1104 2737 1288 2775 resuscita-

308 2799 413 2847 verit,
444 2800 527 2836 audi
558 2799 646 2849 quid
665 2799 760 2836 dicat
787 2815 794 2834 :
821 2800 933 2851 Ittser
961 2800 1100 2850 digitos
1130 2807 1225 2847 tuos,
1253 2807 1287 2836 et

309 2861 507 2910 videquia
536 2862 690 2910 spiritus
717 2873 803 2897 ossa
829 2867 865 2896 et
887 2873 1022 2896 nervos
1050 2873 1127 2896 non
1155 2860 1283 2896 habet.

308 2923 381 2957 (1111
410 2920 579 2957 Lazarum
606 2920 799 2968 suscitavit,
822 2920 850 2957 si
873 2919 998 2957 melius
1026 2928 1100 2957 erat
1121 2920 1194 2957 sine
1214 2933 1288 2956 cor·
1312 2931 1334 2960 Β

307 2996 390 3033 pore
403 2980 605 3031 resurgere?
622 2994 683 3016 cur
700 2980 896 3031 intersigna
912 2990 943 3018 et
958 2981 1128 3018 beneficia
1142 2981 1209 3018 1100
1225 2995 1287 3032 po-

306 3043 398 3079 snit?
420 3056 483 3079 cur
508 3041 604 3078 cibos
633 3041 808 3092 praebuit?
834 3042 887 3078 Ne
912 3041 1042 3092 itaque,
1077 3040 1210 3090 dilecti,
1241 3041 1288 3078 ab

307 3103 480 3140 lueretieis
498 3101 739 3153 decipiamini.
756 3101 803 3138 Et
821 3103 1042 3152 resurrectio,
1059 3111 1092 3140 et
1107 3102 1286 3153 judicium

306 3174 366 3201 cst.
392 3165 474 3201 Haec
492 3173 610 3201 autem
626 3163 670 3200 de
684 3161 802 3199 medio
819 3162 947 3199 tollunt
963 3172 1137 3214 quotquot
1160 3164 1285 3202 nolunt

305 3239 450 3276 operum
469 3237 612 3261 suorum
634 3222 804 3260 rationem
824 3221 980 3259 reddere.
1012 3224 1159 3274 Oportet
1190 3223 1283 3262 enim

306 3286 593 3323 resurrectionem
615 3283 720 3321 talem
735 3297 821 3328 esse,
843 3282 957 3333 qualis
986 3283 1053 3320 suit
1078 3285 1284 3323 resurrectio

306 3346 449 3383 ‹ltu-isti.
475 3344 642 3384 Primitiae
671 3343 763 3381 enini
790 3343 849 3380 illc
869 3352 931 3392 cst,
961 3352 992 3380 et
1029 3343 1284 3395 primogenitus

304 3417 535 3445 mortuorum.
562 3405 668 3455 Quod
688 3405 715 3443 si
740 3404 945 3444 resurrectio
966 3413 1017 3442 cst
1051 3405 1176 3443 animae
1197 3420 1285 3457 pur—

1363 2361 1398 2399 δὲ
1415 2364 1452 2399 οὐ
1471 2361 1585 2412 βούλει
1600 2361 1788 2399 ἀνάστασιν
1806 2365 1893 2399 εἰναι
1910 2362 2092 2412 σώματος,
2108 2362 2261 2415 Πότερον
2278 2365 2314 2400 οὐ
2330 2364 2385 2400 δυ-

1360 2423 1460 2460 νατὸν
1473 2425 1522 2474 τῷ
1536 2425 1634 2474 Θεῷ,
1652 2422 1757 2460 Ἀλλὰ
1769 2428 1869 2461 τοῦτο
1885 2423 1945 2474 μὲν
1962 2424 2114 2475 ἐσχάτης
2127 2424 2243 2467 ἀνοίας
2257 2424 2382 2475 λέγειν.

1362 2484 1452 2522 Ἀλλ’
1462 2486 1498 2521 οὐ
1512 2484 1657 2536 πρέπεις
1674 2483 1776 2521 Διατί
1791 2486 1828 2521 οὐ
1845 2484 1970 2537 πρέπει
1986 2485 2025 2522 τὸ
2042 2486 2190 2537 φθαρτὸν
2206 2484 2266 2522 καὶ
2279 2484 2383 2523 πόνου

1358 2545 1417 2583 καὶ
1438 2545 1584 2583 θανάτου
1606 2547 1834 2592 κοινωνῆσαν,
1851 2548 2062 2591 κοινωνῆσαι
2091 2545 2150 2582 καὶ
2169 2548 2237 2582 τῶν
2258 2545 2382 2597 στεφά-

1360 2621 1447 2654 νων,
1481 2607 1525 2643 Εἰ
1550 2605 1617 2657 γὰρ
1648 2604 1695 2655 μὴ
1723 2605 1891 2656 ἔπρεπεν,
1919 2606 1990 2643 οὐδ’
2012 2606 2050 2643 ἂν
2074 2605 2170 2658 παρὰ
2186 2605 2248 2651 τὴν
2270 2606 2381 2658 ἀρχὴν

1361 2667 1514 2719 ἐγένετο,
1541 2669 1602 2704 οὐκ
1623 2665 1660 2703 ἂν
1683 2666 1796 2717 σάρκα
1821 2666 1919 2709 αὐτὸς
1945 2666 2122 2704 ἀνέλαδεν.
2164 2666 2246 2704 (Ότι
2267 2668 2302 2704 δὲ
2324 2667 2382 2704 καὶ

1362 2727 1522 2772 ἀνέλαῗιε,
1556 2726 1615 2764 καὶ
1649 2726 1754 2773 αὐτὴν
1790 2726 1996 2774 ἀνέστησεν,
2036 2727 2182 2765 ἄκουσον
2213 2727 2247 2764 τί
2276 2743 2380 2779 φησι’

1361 2788 1454 2826 Βάλε
1474 2786 1551 2830 τοὺς
1577 2786 1777 2834 δακτύλους,
1805 2786 1864 2823 καὶ
1893 2787 1955 2834 ἴδε,
1981 2786 2034 2825 ὅτι
2058 2790 2195 2837 πνεῦμα
2220 2788 2304 2824 ὀστᾶ
2323 2787 2381 2824 καὶ

1361 2852 1464 2900 νεῦρα
1483 2849 1544 2885 οὐκ
1565 2847 1651 2899 ἔχει.
1685 2847 1787 2884 Διατί
1816 2847 1850 2884 δὲ
1871 2847 1928 2884 τὸν
1954 2847 2113 2898 Λάζαρον
2130 2847 2331 2894 ἀνέστησεν,
2352 2850 2381 2884 εἷ

1363 2909 1495 2960 βέλτιον
1511 2902 1552 2954 ἦν
1572 2908 1679 2960 χωρὶς
1696 2907 1856 2958 σώματος
1877 2909 2090 2955 ἀναστῆναι,
2110 2907 2143 2944 τί
2161 2910 2194 2946 ἐν
2211 2907 2304 2951 τάξει
2319 2923 2381 2954 ση-

1361 2969 1458 3021 μείου
1488 2969 1548 3007 καὶ
1581 2967 1774 3022 εὐεργεσίας
1808 2969 1891 3006 αὐτὸ
1915 2974 2024 3015 ποιεῖ;
2052 2967 2086 3005 τί
2113 2967 2147 3006 δὲ
2170 2967 2258 3011 ὅλως
2274 2967 2380 3006 ἔδωκε

1359 3031 1503 3084 τροφάς;
1535 3029 1595 3076 Μὴ
1623 3030 1734 3068 τοίνυν
1767 3032 1944 3067 ἀπατᾶσθε
1973 3028 2069 3081 παρὰ
2094 3031 2161 3066 τῶν
2186 3032 2379 3081 αἱρετικῶν,

1360 3090 1548 3143 ἀγαπητοί.
1589 3090 1657 3129 Καὶ
1678 3090 1746 3142 γὰρ
1769 3089 1958 3133 ἀνάστασίς
1979 3092 2065 3137 ἐστι,
2085 3090 2142 3127 καὶ
2162 3089 2273 3141 κρίσις
2293 3090 2377 3128 ἐστί.

1359 3155 1480 3191 Ταῦτα
1501 3152 1536 3190 δὲ
1557 3154 1768 3203 ἀναιροῦσιν,
1787 3149 1860 3188 ὅσοι
1878 3150 1925 3201 μὴ
1950 3150 2129 3202 βούλονται
2146 3151 2263 3188 δοῦναι
2277 3149 2376 3202 λόγον

1357 3218 1426 3253 τῶν
1452 3213 1720 3265 πεπραγμένων.
1750 3211 1820 3249 Καὶ
1845 3211 1913 3264 γὰρ
1935 3213 1985 3249 δεῖ
2004 3211 2067 3257 τὴν
2089 3211 2278 3248 ἀνάστασιν
2300 3227 2375 3249 τοι-

1359 3275 1465 3322 αύτην
1483 3268 1582 3322 εἶναι,
1598 3272 1653 3312 οἵα
1671 3273 1806 3324 γέγονεν
1823 3276 1845 3319 ἡ
1865 3277 1924 3310 τοῦ
1944 3273 2111 3325 Χριστοῦ.
2135 3271 2293 3324 Ἀπαρχὴ
2309 3272 2376 3325 γὰρ

1359 3342 1496 3387 ἐκεῖνος,
1516 3339 1574 3377 καὶ
1594 3337 1809 3391 πρωτότοκος
1830 3336 1899 3374 ἀπὸ
1917 3339 1985 3374 τῶν
2006 3339 2147 3388 νεκρῶν.
2183 3338 2225 3374 Εἰ
2241 3336 2276 3375 δὲ
2294 3338 2374 3375 ἀνά-

1358 3423 1475 3450 στασις
1505 3405 1604 3445 τοῦτο’
1638 3408 1730 3454 ἐστι,
1757 3406 1870 3456 ψυχῆς
1890 3404 2085 3456 καθαρμὸς,
2116 3404 2174 3442 καὶ
2195 3405 2374 3455 ἁμαρτιῶν
