<?xml version="1.0" encoding="UTF-8"?>
<!DOCTYPE html PUBLIC "-//W3C//DTD XHTML 1.0 Transitional//EN"
    "http://www.w3.org/TR/xhtml1/DTD/xhtml1-transitional.dtd">
<html xmlns="http://www.w3.org/1999/xhtml" xml:lang="en" lang="en">
 <head>
  <title>
</title>
<meta http-equiv="Content-Type" content="text/html;charset=utf-8" />
  <meta name='ocr-system' content='tesseract 3.04.00' />
  <meta name='ocr-capabilities' content='ocr_page ocr_carea ocr_par ocr_line ocrx_word'/>
</head>
<body>
  <div class='ocr_page' id='page_1' title='image "./operaomniaquaeex08johnuoft/operaomniaquaeex08johnuoft_0774.png"; bbox 0 0 2522 3683; ppageno 0'>
   <div class='ocr_carea' id='block_1_1' title="bbox 145 996 310 1034">
    <p class='ocr_par' dir='ltr' id='par_1_1' title="bbox 145 996 310 1034">
     <span class='ocr_line' id='line_1_1' title="bbox 145 996 310 1034; baseline 0 -10"><span class='ocrx_word' id='word_1_1' title='bbox 145 996 256 1026; x_wconf 57' lang='lat' dir='ltr'>Jsssmh.</span> <span class='ocrx_word' id='word_1_2' title='bbox 279 1004 310 1034; x_wconf 84' lang='lat'>9.</span> 
     </span>
    </p>
   </div>
   <div class='ocr_carea' id='block_1_2' title="bbox 146 1049 195 1078">
    <p class='ocr_par' dir='ltr' id='par_1_2' title="bbox 146 1049 195 1078">
     <span class='ocr_line' id='line_1_2' title="bbox 146 1049 195 1078; baseline -0.02 -10"><span class='ocrx_word' id='word_1_3' title='bbox 146 1049 195 1078; x_wconf 78' lang='lat'>29.</span> 
     </span>
    </p>
   </div>
   <div class='ocr_carea' id='block_1_3' title="bbox 253 1329 298 1352">
    <p class='ocr_par' dir='ltr' id='par_1_3' title="bbox 253 1329 298 1352">
     <span class='ocr_line' id='line_1_3' title="bbox 253 1329 298 1352; baseline 0 0"><span class='ocrx_word' id='word_1_4' title='bbox 253 1329 298 1352; x_wconf 82' lang='lat'>106</span> 
     </span>
    </p>
   </div>
   <div class='ocr_carea' id='block_1_4' title="bbox 240 2922 330 2949">
    <p class='ocr_par' dir='ltr' id='par_1_4' title="bbox 240 2922 330 2949">
     <span class='ocr_line' id='line_1_4' title="bbox 240 2922 330 2949; baseline 0 -1"><span class='ocrx_word' id='word_1_5' title='bbox 240 2922 330 2949; x_wconf 78' lang='grc' dir='ltr'>Εοιτ.</span> 
     </span>
    </p>
   </div>
   <div class='ocr_carea' id='block_1_5' title="bbox 344 169 1466 228">
    <p class='ocr_par' dir='ltr' id='par_1_5' title="bbox 344 169 1466 228">
     <span class='ocr_line' id='line_1_5' title="bbox 344 169 1466 228; baseline -0.006 -18"><span class='ocrx_word' id='word_1_6' title='bbox 344 183 367 228; x_wconf 77' lang='lat'><strong>7</strong></span> <span class='ocrx_word' id='word_1_7' title='bbox 378 169 435 225; x_wconf 61' lang='grc'>44</span> <span class='ocrx_word' id='word_1_8' title='bbox 1291 176 1466 205; x_wconf 64' lang='lat' dir='ltr'>seuam.</span> 
     </span>
    </p>
   </div>
   <div class='ocr_carea' id='block_1_6' title="bbox 340 250 2416 365">
    <p class='ocr_par' dir='ltr' id='par_1_6' title="bbox 340 250 2416 365">
     <span class='ocr_line' id='line_1_6' title="bbox 340 250 2414 311; baseline -0.005 -12"><span class='ocrx_word' id='word_1_9' title='bbox 340 276 478 299; x_wconf 70' lang='lat' dir='ltr'>coenum</span> <span class='ocrx_word' id='word_1_10' title='bbox 493 260 655 308; x_wconf 78' lang='lat' dir='ltr'>abluere3</span> <span class='ocrx_word' id='word_1_11' title='bbox 672 259 847 299; x_wconf 81' lang='lat' dir='ltr'>credimus</span> <span class='ocrx_word' id='word_1_12' title='bbox 858 272 960 311; x_wconf 86' lang='lat' dir='ltr'>posse</span> <span class='ocrx_word' id='word_1_13' title='bbox 979 267 1011 296; x_wconf 85' lang='lat' dir='ltr'>tc</span> <span class='ocrx_word' id='word_1_14' title='bbox 1023 271 1093 303; x_wconf 84' lang='lat' dir='ltr'>eos,</span> <span class='ocrx_word' id='word_1_15' title='bbox 1106 257 1167 308; x_wconf 85' lang='lat' dir='ltr'>qui</span> <span class='ocrx_word' id='word_1_16' title='bbox 1182 257 1217 294; x_wconf 88' lang='lat' dir='ltr'>in</span> <span class='ocrx_word' id='word_1_17' title='bbox 1235 270 1316 309; x_wconf 84' lang='lat' dir='ltr'>peo-</span> <span class='ocrx_word' id='word_1_18' title='bbox 1393 254 1612 304; x_wconf 81' lang='grc' dir='ltr'>πιστεύομεν,</span> <span class='ocrx_word' id='word_1_19' title='bbox 1624 254 1678 291; x_wconf 80' lang='grc' dir='ltr'>ὅτι</span> <span class='ocrx_word' id='word_1_20' title='bbox 1699 252 1843 290; x_wconf 83' lang='grc' dir='ltr'>δύνασαι</span> <span class='ocrx_word' id='word_1_21' title='bbox 1856 258 2021 304; x_wconf 84' lang='grc' dir='ltr'>γυναῖκας</span> <span class='ocrx_word' id='word_1_22' title='bbox 2037 251 2096 289; x_wconf 82' lang='grc' dir='ltr'>καὶ</span> <span class='ocrx_word' id='word_1_23' title='bbox 2116 250 2225 302; x_wconf 78' lang='grc' dir='ltr'>βρέφη</span> <span class='ocrx_word' id='word_1_24' title='bbox 2245 250 2304 288; x_wconf 84' lang='grc' dir='ltr'>καὶ</span> <span class='ocrx_word' id='word_1_25' title='bbox 2321 250 2414 293; x_wconf 88' lang='grc' dir='ltr'>νέους</span> 
     </span>
     <span class='ocr_line' id='line_1_7' title="bbox 340 302 2416 365; baseline -0.006 -14"><span class='ocrx_word' id='word_1_26' title='bbox 340 315 427 352; x_wconf 77' lang='lat' dir='ltr'>eatis</span> <span class='ocrx_word' id='word_1_27' title='bbox 442 314 697 361; x_wconf 84' lang='lat' dir='ltr'>consenuerint,</span> <span class='ocrx_word' id='word_1_28' title='bbox 708 327 770 365; x_wconf 85' lang='lat' dir='ltr'>per</span> <span class='ocrx_word' id='word_1_29' title='bbox 788 312 964 363; x_wconf 86' lang='lat' dir='ltr'>Spiritum</span> <span class='ocrx_word' id='word_1_30' title='bbox 979 320 1012 349; x_wconf 90' lang='lat' dir='ltr'>ct</span> <span class='ocrx_word' id='word_1_31' title='bbox 1027 324 1155 361; x_wconf 89' lang='lat' dir='ltr'>aquam</span> <span class='ocrx_word' id='word_1_32' title='bbox 1171 323 1315 361; x_wconf 83' lang='lat' dir='ltr'>regene-</span> <span class='ocrx_word' id='word_1_33' title='bbox 1393 307 1453 346; x_wconf 81' lang='grc' dir='ltr'>καὶ</span> <span class='ocrx_word' id='word_1_34' title='bbox 1475 307 1600 358; x_wconf 81' lang='grc' dir='ltr'>ἄνδρας</span> <span class='ocrx_word' id='word_1_35' title='bbox 1614 305 1674 343; x_wconf 80' lang='grc' dir='ltr'>καὶ</span> <span class='ocrx_word' id='word_1_36' title='bbox 1692 305 1855 356; x_wconf 83' lang='grc' dir='ltr'>γέροντας</span> <span class='ocrx_word' id='word_1_37' title='bbox 1875 308 1913 344; x_wconf 80' lang='grc' dir='ltr'>ἐκ</span> <span class='ocrx_word' id='word_1_38' title='bbox 1941 308 2008 342; x_wconf 77' lang='grc' dir='ltr'>τῶν</span> <span class='ocrx_word' id='word_1_39' title='bbox 2029 303 2164 342; x_wconf 82' lang='grc' dir='ltr'>ὑδάτων</span> <span class='ocrx_word' id='word_1_40' title='bbox 2183 302 2416 345; x_wconf 85' lang='grc' dir='ltr'>νεοπλάστους</span> 
     </span>
    </p>
   </div>
   <div class='ocr_carea' id='block_1_7' title="bbox 340 354 2417 471">
    <p class='ocr_par' dir='ltr' id='par_1_7' title="bbox 340 354 2417 471">
     <span class='ocr_line' id='line_1_8' title="bbox 340 354 2415 415; baseline -0.006 -11"><span class='ocrx_word' id='word_1_41' title='bbox 340 381 437 415; x_wconf 84' lang='lat' dir='ltr'>rare;</span> <span class='ocrx_word' id='word_1_42' title='bbox 454 367 630 404; x_wconf 84' lang='lat' dir='ltr'>credimus</span> <span class='ocrx_word' id='word_1_43' title='bbox 644 376 676 404; x_wconf 91' lang='lat' dir='ltr'>tc</span> <span class='ocrx_word' id='word_1_44' title='bbox 693 365 856 403; x_wconf 81' lang='lat' dir='ltr'>mirabile</span> <span class='ocrx_word' id='word_1_45' title='bbox 871 363 963 401; x_wconf 88' lang='lat' dir='ltr'>illud</span> <span class='ocrx_word' id='word_1_46' title='bbox 977 362 1204 415; x_wconf 82' lang='lat' dir='ltr'>puerperium</span> <span class='ocrx_word' id='word_1_47' title='bbox 1217 375 1318 414; x_wconf 86' lang='lat' dir='ltr'>posse</span> <span class='ocrx_word' id='word_1_48' title='bbox 1394 363 1579 411; x_wconf 81' lang='grc' dir='ltr'>ἀναγαγεῖν</span> <span class='ocrx_word' id='word_1_49' title='bbox 1606 360 1653 400; x_wconf 79' lang='grc' dir='ltr'>ὡς</span> <span class='ocrx_word' id='word_1_50' title='bbox 1676 358 1841 410; x_wconf 83' lang='grc' dir='ltr'>ἀρτίτοκα</span> <span class='ocrx_word' id='word_1_51' title='bbox 1870 357 1999 411; x_wconf 82' lang='grc' dir='ltr'>βρέφη·</span> <span class='ocrx_word' id='word_1_52' title='bbox 2026 356 2246 406; x_wconf 76' lang='grc' dir='ltr'>πιστεύομεν,</span> <span class='ocrx_word' id='word_1_53' title='bbox 2273 355 2327 394; x_wconf 77' lang='grc' dir='ltr'>ὅτι</span> <span class='ocrx_word' id='word_1_54' title='bbox 2361 354 2415 393; x_wconf 82' lang='grc' dir='ltr'>δύ-</span> 
     </span>
     <span class='ocr_line' id='line_1_9' title="bbox 341 409 2417 471; baseline -0.006 -15"><span class='ocrx_word' id='word_1_55' title='bbox 341 420 524 471; x_wconf 81' lang='lat' dir='ltr'>perficerc3</span> <span class='ocrx_word' id='word_1_56' title='bbox 544 418 721 456; x_wconf 83' lang='lat' dir='ltr'>credimus</span> <span class='ocrx_word' id='word_1_57' title='bbox 744 432 846 469; x_wconf 82' lang='lat' dir='ltr'>posse</span> <span class='ocrx_word' id='word_1_58' title='bbox 874 426 907 454; x_wconf 85' lang='lat' dir='ltr'>te</span> <span class='ocrx_word' id='word_1_59' title='bbox 931 416 1096 453; x_wconf 84' lang='lat' dir='ltr'>mulieres</span> <span class='ocrx_word' id='word_1_60' title='bbox 1117 424 1149 452; x_wconf 87' lang='lat' dir='ltr'>et</span> <span class='ocrx_word' id='word_1_61' title='bbox 1170 415 1317 452; x_wconf 81' lang='lat' dir='ltr'>infantes</span> <span class='ocrx_word' id='word_1_62' title='bbox 1393 428 1496 450; x_wconf 89' lang='grc' dir='ltr'>νασαι</span> <span class='ocrx_word' id='word_1_63' title='bbox 1522 419 1592 454; x_wconf 88' lang='grc' dir='ltr'>τοῖς</span> <span class='ocrx_word' id='word_1_64' title='bbox 1615 410 1734 449; x_wconf 80' lang='grc' dir='ltr'>ὕδασιν</span> <span class='ocrx_word' id='word_1_65' title='bbox 1756 410 1940 454; x_wconf 80' lang='grc' dir='ltr'>ἀποπνῖξαι</span> <span class='ocrx_word' id='word_1_66' title='bbox 1956 409 2018 452; x_wconf 79' lang='grc' dir='ltr'>τὰς</span> <span class='ocrx_word' id='word_1_67' title='bbox 2037 409 2210 461; x_wconf 85' lang='grc' dir='ltr'>ἁμαρτίας</span> <span class='ocrx_word' id='word_1_68' title='bbox 2223 410 2339 458; x_wconf 74' lang='grc' dir='ltr'>ἡμῶν,</span> <span class='ocrx_word' id='word_1_69' title='bbox 2356 423 2417 445; x_wconf 85' lang='grc' dir='ltr'>κα-</span> 
     </span>
    </p>
   </div>
   <div class='ocr_carea' id='block_1_8' title="bbox 340 461 2419 629">
    <p class='ocr_par' dir='ltr' id='par_1_8' title="bbox 340 461 2419 629">
     <span class='ocr_line' id='line_1_10' title="bbox 340 461 2418 524; baseline -0.005 -16"><span class='ocrx_word' id='word_1_70' title='bbox 340 472 532 524; x_wconf 83' lang='lat' dir='ltr'>etjuvenes</span> <span class='ocrx_word' id='word_1_71' title='bbox 552 481 584 509; x_wconf 87' lang='lat' dir='ltr'>et</span> <span class='ocrx_word' id='word_1_72' title='bbox 602 472 697 509; x_wconf 79' lang='lat' dir='ltr'>viros</span> <span class='ocrx_word' id='word_1_73' title='bbox 715 480 746 508; x_wconf 88' lang='lat' dir='ltr'>et</span> <span class='ocrx_word' id='word_1_74' title='bbox 765 484 861 507; x_wconf 85' lang='lat' dir='ltr'>senes</span> <span class='ocrx_word' id='word_1_75' title='bbox 876 483 920 506; x_wconf 75' lang='lat' dir='ltr'>ex</span> <span class='ocrx_word' id='word_1_76' title='bbox 937 468 1036 519; x_wconf 79' lang='lat' dir='ltr'>aquis</span> <span class='ocrx_word' id='word_1_77' title='bbox 1055 482 1174 505; x_wconf 87' lang='lat' dir='ltr'>recens</span> <span class='ocrx_word' id='word_1_78' title='bbox 1187 468 1318 505; x_wconf 84' lang='lat' dir='ltr'>forma-</span> <span class='ocrx_word' id='word_1_79' title='bbox 1395 466 1505 516; x_wconf 79' lang='grc' dir='ltr'>θάπερ</span> <span class='ocrx_word' id='word_1_80' title='bbox 1522 466 1581 503; x_wconf 81' lang='grc' dir='ltr'>τὸν</span> <span class='ocrx_word' id='word_1_81' title='bbox 1598 461 1735 514; x_wconf 84' lang='grc' dir='ltr'>Φαραὼ</span> <span class='ocrx_word' id='word_1_82' title='bbox 1750 461 1809 500; x_wconf 74' lang='grc' dir='ltr'>καὶ</span> <span class='ocrx_word' id='word_1_83' title='bbox 1824 461 1888 508; x_wconf 84' lang='grc' dir='ltr'>τὴν</span> <span class='ocrx_word' id='word_1_84' title='bbox 1909 462 2050 512; x_wconf 80' lang='grc' dir='ltr'>δύναμιν</span> <span class='ocrx_word' id='word_1_85' title='bbox 2068 464 2170 500; x_wconf 78' lang='grc' dir='ltr'>αὐτοῦ</span> <span class='ocrx_word' id='word_1_86' title='bbox 2186 467 2299 498; x_wconf 84' lang='grc' dir='ltr'>πᾶσαν</span> <span class='ocrx_word' id='word_1_87' title='bbox 2320 461 2418 498; x_wconf 83' lang='grc' dir='ltr'>κατέ-</span> 
     </span>
     <span class='ocr_line' id='line_1_11' title="bbox 340 511 2418 576; baseline -0.005 -14"><span class='ocrx_word' id='word_1_88' title='bbox 340 533 407 568; x_wconf 72' lang='lat' dir='ltr'>tos,</span> <span class='ocrx_word' id='word_1_89' title='bbox 421 525 521 576; x_wconf 82' lang='lat' dir='ltr'>quasi</span> <span class='ocrx_word' id='word_1_90' title='bbox 534 524 639 562; x_wconf 92' lang='lat' dir='ltr'>modo</span> <span class='ocrx_word' id='word_1_91' title='bbox 653 523 787 575; x_wconf 80' lang='lat' dir='ltr'>genitos</span> <span class='ocrx_word' id='word_1_92' title='bbox 798 523 945 559; x_wconf 79' lang='lat' dir='ltr'>infantes</span> <span class='ocrx_word' id='word_1_93' title='bbox 959 521 1126 569; x_wconf 73' lang='lat' dir='ltr'>educet-03</span> <span class='ocrx_word' id='word_1_94' title='bbox 1139 520 1317 557; x_wconf 85' lang='lat' dir='ltr'>credimus</span> <span class='ocrx_word' id='word_1_95' title='bbox 1340 524 1364 555; x_wconf 87' lang='lat' dir='ltr'><strong>E</strong></span> <span class='ocrx_word' id='word_1_96' title='bbox 1394 520 1539 560; x_wconf 85' lang='grc' dir='ltr'>κλυσας·</span> <span class='ocrx_word' id='word_1_97' title='bbox 1555 515 1759 565; x_wconf 80' lang='grc' dir='ltr'>πιστεύομεν</span> <span class='ocrx_word' id='word_1_98' title='bbox 1771 545 1780 562; x_wconf 93' lang='grc'>,</span> <span class='ocrx_word' id='word_1_99' title='bbox 1795 514 1848 552; x_wconf 77' lang='grc' dir='ltr'>ὅτι</span> <span class='ocrx_word' id='word_1_100' title='bbox 1871 514 2014 554; x_wconf 84' lang='grc' dir='ltr'>δύνασαι</span> <span class='ocrx_word' id='word_1_101' title='bbox 2030 513 2204 565; x_wconf 83' lang='grc' dir='ltr'>σωτηρίας</span> <span class='ocrx_word' id='word_1_102' title='bbox 2232 512 2308 550; x_wconf 77' lang='grc' dir='ltr'>ὁδὸν</span> <span class='ocrx_word' id='word_1_103' title='bbox 2329 511 2418 555; x_wconf 82' lang='grc' dir='ltr'>ἔξευ-</span> 
     </span>
     <span class='ocr_line' id='line_1_12' title="bbox 340 566 2419 629; baseline -0.005 -16"><span class='ocrx_word' id='word_1_104' title='bbox 340 591 440 629; x_wconf 82' lang='lat' dir='ltr'>posse</span> <span class='ocrx_word' id='word_1_105' title='bbox 458 587 492 615; x_wconf 88' lang='lat' dir='ltr'>te</span> <span class='ocrx_word' id='word_1_106' title='bbox 510 586 651 629; x_wconf 84' lang='lat' dir='ltr'>peccata</span> <span class='ocrx_word' id='word_1_107' title='bbox 676 585 793 612; x_wconf 83' lang='lat' dir='ltr'>nostra</span> <span class='ocrx_word' id='word_1_108' title='bbox 816 574 916 625; x_wconf 89' lang='lat' dir='ltr'>aquis</span> <span class='ocrx_word' id='word_1_109' title='bbox 941 573 1127 621; x_wconf 78' lang='lat' dir='ltr'>suffocare,</span> <span class='ocrx_word' id='word_1_110' title='bbox 1149 571 1319 623; x_wconf 83' lang='lat' dir='ltr'>quemad-</span> <span class='ocrx_word' id='word_1_111' title='bbox 1398 576 1479 623; x_wconf 86' lang='grc' dir='ltr'>ρεῖν,</span> <span class='ocrx_word' id='word_1_112' title='bbox 1499 572 1545 614; x_wconf 82' lang='grc' dir='ltr'>ὡς</span> <span class='ocrx_word' id='word_1_113' title='bbox 1560 568 1644 608; x_wconf 82' lang='grc' dir='ltr'>ποτὲ</span> <span class='ocrx_word' id='word_1_114' title='bbox 1663 575 1734 612; x_wconf 86' lang='grc' dir='ltr'>τοῖς</span> <span class='ocrx_word' id='word_1_115' title='bbox 1749 567 1984 620; x_wconf 82' lang='grc' dir='ltr'>Ἰσραηλίταις</span> <span class='ocrx_word' id='word_1_116' title='bbox 1999 567 2274 620; x_wconf 82' lang='grc' dir='ltr'>ἐδημιούργησας</span> <span class='ocrx_word' id='word_1_117' title='bbox 2287 566 2362 604; x_wconf 78' lang='grc' dir='ltr'>ὁδὸν</span> <span class='ocrx_word' id='word_1_118' title='bbox 2385 568 2419 604; x_wconf 83' lang='grc' dir='ltr'>ἐν</span> 
     </span>
    </p>
   </div>
   <div class='ocr_carea' id='block_1_9' title="bbox 341 619 2420 1088">
    <p class='ocr_par' dir='ltr' id='par_1_9' title="bbox 341 619 2420 944">
     <span class='ocr_line' id='line_1_13' title="bbox 343 619 2418 677; baseline -0.006 -10"><span class='ocrx_word' id='word_1_119' title='bbox 343 630 489 667; x_wconf 83' lang='lat' dir='ltr'>niodum</span> <span class='ocrx_word' id='word_1_120' title='bbox 518 630 736 666; x_wconf 73' lang='lat' dir='ltr'>Pharaonem</span> <span class='ocrx_word' id='word_1_121' title='bbox 767 636 950 676; x_wconf 83' lang='lat' dir='ltr'>totumque</span> <span class='ocrx_word' id='word_1_122' title='bbox 986 625 1098 677; x_wconf 86' lang='lat' dir='ltr'>ipsius</span> <span class='ocrx_word' id='word_1_123' title='bbox 1126 625 1322 662; x_wconf 78' lang='lat' dir='ltr'>exercitum</span> <span class='ocrx_word' id='word_1_124' title='bbox 1397 623 1493 676; x_wconf 81' lang='grc' dir='ltr'>μέσῳ</span> <span class='ocrx_word' id='word_1_125' title='bbox 1512 626 1573 669; x_wconf 75' lang='grc' dir='ltr'>τῆς</span> <span class='ocrx_word' id='word_1_126' title='bbox 1593 619 2016 670; x_wconf 79' lang='grc' dir='ltr'>θαλάσσης·πιστεύομεν,</span> <span class='ocrx_word' id='word_1_127' title='bbox 2028 621 2082 660; x_wconf 74' lang='grc' dir='ltr'>ὅτι</span> <span class='ocrx_word' id='word_1_128' title='bbox 2096 619 2240 658; x_wconf 83' lang='grc' dir='ltr'>δύνασαι</span> <span class='ocrx_word' id='word_1_129' title='bbox 2252 622 2418 664; x_wconf 76' lang='grc' dir='ltr'>τοσαῦτα,</span> 
     </span>
     <span class='ocr_line' id='line_1_14' title="bbox 343 671 2418 731; baseline -0.005 -12"><span class='ocrx_word' id='word_1_130' title='bbox 343 682 562 719; x_wconf 83' lang='lat' dir='ltr'>sulnnersisti</span> <span class='ocrx_word' id='word_1_131' title='bbox 572 697 583 730; x_wconf 74' lang='lat'><em>3</em></span> <span class='ocrx_word' id='word_1_132' title='bbox 603 680 778 718; x_wconf 87' lang='lat' dir='ltr'>eredimus</span> <span class='ocrx_word' id='word_1_133' title='bbox 795 693 896 731; x_wconf 85' lang='lat' dir='ltr'>posse</span> <span class='ocrx_word' id='word_1_134' title='bbox 912 687 944 716; x_wconf 88' lang='lat' dir='ltr'>te</span> <span class='ocrx_word' id='word_1_135' title='bbox 959 677 1055 715; x_wconf 84' lang='lat' dir='ltr'>viam</span> <span class='ocrx_word' id='word_1_136' title='bbox 1074 677 1198 715; x_wconf 86' lang='lat' dir='ltr'>salutis</span> <span class='ocrx_word' id='word_1_137' title='bbox 1220 677 1321 715; x_wconf 86' lang='lat' dir='ltr'>adin·</span> <span class='ocrx_word' id='word_1_138' title='bbox 1396 676 1462 715; x_wconf 79' lang='grc' dir='ltr'>ὅσα</span> <span class='ocrx_word' id='word_1_139' title='bbox 1476 675 1535 713; x_wconf 80' lang='grc' dir='ltr'>καὶ</span> <span class='ocrx_word' id='word_1_140' title='bbox 1560 675 1679 717; x_wconf 85' lang='grc' dir='ltr'>Οέλεις.</span> <span class='ocrx_word' id='word_1_141' title='bbox 1696 676 1820 712; x_wconf 79' lang='grc' dir='ltr'>Ταῦτα</span> <span class='ocrx_word' id='word_1_142' title='bbox 1840 672 1998 723; x_wconf 85' lang='grc' dir='ltr'>λέγοντες</span> <span class='ocrx_word' id='word_1_143' title='bbox 2016 673 2101 724; x_wconf 80' lang='grc' dir='ltr'>πρὸς</span> <span class='ocrx_word' id='word_1_144' title='bbox 2115 673 2172 710; x_wconf 78' lang='grc' dir='ltr'>τὸν</span> <span class='ocrx_word' id='word_1_145' title='bbox 2194 671 2321 723; x_wconf 83' lang='grc' dir='ltr'>Κύριον</span> <span class='ocrx_word' id='word_1_146' title='bbox 2346 674 2418 710; x_wconf 82' lang='grc' dir='ltr'>ἐπι-</span> 
     </span>
     <span class='ocr_line' id='line_1_15' title="bbox 341 723 2418 785; baseline -0.006 -13"><span class='ocrx_word' id='word_1_147' title='bbox 341 735 476 779; x_wconf 65' lang='grc' dir='ltr'>το11ίιό,</span> <span class='ocrx_word' id='word_1_148' title='bbox 495 732 796 785; x_wconf 81' lang='lat' dir='ltr'>quemadmodum</span> <span class='ocrx_word' id='word_1_149' title='bbox 815 730 981 769; x_wconf 69' lang='lat' dir='ltr'>Israelitis</span> <span class='ocrx_word' id='word_1_150' title='bbox 1003 730 1182 780; x_wconf 87' lang='lat' dir='ltr'>quondam</span> <span class='ocrx_word' id='word_1_151' title='bbox 1196 730 1232 766; x_wconf 88' lang='lat' dir='ltr'>in</span> <span class='ocrx_word' id='word_1_152' title='bbox 1248 744 1322 767; x_wconf 86' lang='lat' dir='ltr'>ma-</span> <span class='ocrx_word' id='word_1_153' title='bbox 1399 727 1556 779; x_wconf 84' lang='grc' dir='ltr'>μείνατε,</span> <span class='ocrx_word' id='word_1_154' title='bbox 1575 728 1630 766; x_wconf 74' lang='grc' dir='ltr'>ἵνα</span> <span class='ocrx_word' id='word_1_155' title='bbox 1650 726 1730 778; x_wconf 82' lang='grc' dir='ltr'>εἴπῃ</span> <span class='ocrx_word' id='word_1_156' title='bbox 1748 725 1807 765; x_wconf 79' lang='grc' dir='ltr'>καὶ</span> <span class='ocrx_word' id='word_1_157' title='bbox 1823 724 1908 777; x_wconf 80' lang='grc' dir='ltr'>πρὸς</span> <span class='ocrx_word' id='word_1_158' title='bbox 1926 728 2016 776; x_wconf 72' lang='grc' dir='ltr'>ὑμᾶς</span> <span class='ocrx_word' id='word_1_159' title='bbox 2030 724 2203 776; x_wconf 82' lang='grc' dir='ltr'>ὃΣωτήρ·</span> <span class='ocrx_word' id='word_1_160' title='bbox 2223 723 2418 770; x_wconf 85' lang='grc' dir='ltr'>πιστεύετε,</span> 
     </span>
     <span class='ocr_line' id='line_1_16' title="bbox 341 776 2418 830; baseline -0.006 -6"><span class='ocrx_word' id='word_1_161' title='bbox 341 787 389 823; x_wconf 85' lang='lat' dir='ltr'>ris</span> <span class='ocrx_word' id='word_1_162' title='bbox 408 787 525 824; x_wconf 88' lang='lat' dir='ltr'>medio</span> <span class='ocrx_word' id='word_1_163' title='bbox 538 786 636 823; x_wconf 71' lang='lat' dir='ltr'>viam</span> <span class='ocrx_word' id='word_1_164' title='bbox 662 784 839 830; x_wconf 77' lang='lat' dir='ltr'>stravisti;</span> <span class='ocrx_word' id='word_1_165' title='bbox 859 783 1034 821; x_wconf 84' lang='lat' dir='ltr'>credimus</span> <span class='ocrx_word' id='word_1_166' title='bbox 1053 792 1126 820; x_wconf 90' lang='lat' dir='ltr'>tam</span> <span class='ocrx_word' id='word_1_167' title='bbox 1157 782 1269 819; x_wconf 84' lang='lat' dir='ltr'>multa</span> <span class='ocrx_word' id='word_1_168' title='bbox 1291 791 1324 819; x_wconf 89' lang='lat' dir='ltr'>te</span> <span class='ocrx_word' id='word_1_169' title='bbox 1394 781 1446 819; x_wconf 74' lang='grc' dir='ltr'>ὅτι</span> <span class='ocrx_word' id='word_1_170' title='bbox 1482 780 1629 830; x_wconf 80' lang='grc' dir='ltr'>δύναμαι</span> <span class='ocrx_word' id='word_1_171' title='bbox 1652 783 1754 818; x_wconf 77' lang='grc' dir='ltr'>τοῦτο</span> <span class='ocrx_word' id='word_1_172' title='bbox 1780 780 1947 824; x_wconf 64' lang='grc' dir='ltr'>ποιῆσαι·</span> <span class='ocrx_word' id='word_1_173' title='bbox 1969 777 2070 816; x_wconf 81' lang='grc' dir='ltr'>Κατὰ</span> <span class='ocrx_word' id='word_1_174' title='bbox 2098 776 2161 823; x_wconf 83' lang='grc' dir='ltr'>τὴν</span> <span class='ocrx_word' id='word_1_175' title='bbox 2180 776 2297 814; x_wconf 89' lang='grc' dir='ltr'>πίστιν</span> <span class='ocrx_word' id='word_1_176' title='bbox 2318 778 2418 826; x_wconf 78' lang='grc' dir='ltr'>ὑμῶν</span> 
     </span>
     <span class='ocr_line' id='line_1_17' title="bbox 342 829 2420 890; baseline -0.005 -15"><span class='ocrx_word' id='word_1_177' title='bbox 342 854 456 889; x_wconf 78' lang='lat' dir='ltr'>posse,</span> <span class='ocrx_word' id='word_1_178' title='bbox 477 853 585 890; x_wconf 88' lang='lat' dir='ltr'>quam</span> <span class='ocrx_word' id='word_1_179' title='bbox 599 838 711 875; x_wconf 90' lang='lat' dir='ltr'>multa</span> <span class='ocrx_word' id='word_1_180' title='bbox 724 837 790 876; x_wconf 89' lang='lat' dir='ltr'>vis.</span> <span class='ocrx_word' id='word_1_181' title='bbox 813 837 877 873; x_wconf 75' lang='lat' dir='ltr'>His</span> <span class='ocrx_word' id='word_1_182' title='bbox 895 837 943 873; x_wconf 87' lang='lat' dir='ltr'>ita</span> <span class='ocrx_word' id='word_1_183' title='bbox 960 835 1155 873; x_wconf 85' lang='lat' dir='ltr'>Dominum</span> <span class='ocrx_word' id='word_1_184' title='bbox 1168 834 1323 886; x_wconf 87' lang='lat' dir='ltr'>compel-</span> <span class='ocrx_word' id='word_1_185' title='bbox 1395 832 1575 885; x_wconf 74' lang='grc' dir='ltr'>γενηθήτω</span> <span class='ocrx_word' id='word_1_186' title='bbox 1599 836 1691 882; x_wconf 80' lang='grc' dir='ltr'>ὑμῖν.</span> <span class='ocrx_word' id='word_1_187' title='bbox 1724 834 1828 884; x_wconf 78' lang='grc' dir='ltr'>Αὐτῷ</span> <span class='ocrx_word' id='word_1_188' title='bbox 1855 832 1877 876; x_wconf 81' lang='grc' dir='ltr'>ἧ</span> <span class='ocrx_word' id='word_1_189' title='bbox 1911 829 1991 874; x_wconf 80' lang='grc' dir='ltr'>δόξα</span> <span class='ocrx_word' id='word_1_190' title='bbox 2012 832 2060 873; x_wconf 87' lang='grc' dir='ltr'>εἷς</span> <span class='ocrx_word' id='word_1_191' title='bbox 2091 829 2169 872; x_wconf 74' lang='grc' dir='ltr'>τοὺς</span> <span class='ocrx_word' id='word_1_192' title='bbox 2201 830 2326 870; x_wconf 78' lang='grc' dir='ltr'>αἰῶνας</span> <span class='ocrx_word' id='word_1_193' title='bbox 2351 831 2420 866; x_wconf 82' lang='grc' dir='ltr'>τῶν</span> 
     </span>
     <span class='ocr_line' id='line_1_18' title="bbox 343 884 1684 944; baseline -0.006 -15"><span class='ocrx_word' id='word_1_194' title='bbox 343 893 456 930; x_wconf 84' lang='lat' dir='ltr'>lantes</span> <span class='ocrx_word' id='word_1_195' title='bbox 477 900 709 944; x_wconf 83' lang='lat' dir='ltr'>perseverate,</span> <span class='ocrx_word' id='word_1_196' title='bbox 729 898 768 927; x_wconf 92' lang='lat' dir='ltr'>ut</span> <span class='ocrx_word' id='word_1_197' title='bbox 783 904 846 927; x_wconf 84' lang='lat' dir='ltr'>vos</span> <span class='ocrx_word' id='word_1_198' title='bbox 865 889 971 926; x_wconf 85' lang='lat' dir='ltr'>etiam</span> <span class='ocrx_word' id='word_1_199' title='bbox 992 889 1156 926; x_wconf 76' lang='lat' dir='ltr'>Salvator</span> <span class='ocrx_word' id='word_1_200' title='bbox 1171 887 1221 924; x_wconf 89' lang='lat' dir='ltr'>sic</span> <span class='ocrx_word' id='word_1_201' title='bbox 1235 887 1322 924; x_wconf 92' lang='lat' dir='ltr'>allo·</span> <span class='ocrx_word' id='word_1_202' title='bbox 1398 884 1542 924; x_wconf 81' lang='grc' dir='ltr'>αἰώνων.</span> <span class='ocrx_word' id='word_1_203' title='bbox 1565 884 1684 935; x_wconf 86' lang='grc' dir='ltr'>Ἀμήν.</span> 
     </span>
    </p>

    <p class='ocr_par' dir='ltr' id='par_1_10' title="bbox 345 940 1325 995">
     <span class='ocr_line' id='line_1_19' title="bbox 345 940 1325 995; baseline -0.005 -15"><span class='ocrx_word' id='word_1_204' title='bbox 345 954 474 995; x_wconf 82' lang='lat' dir='ltr'>quatur</span> <span class='ocrx_word' id='word_1_205' title='bbox 494 961 501 980; x_wconf 74' lang='grc' dir='ltr'>ε</span> <span class='ocrx_word' id='word_1_206' title='bbox 523 943 676 982; x_wconf 75' lang='lat' dir='ltr'>Creditis</span> <span class='ocrx_word' id='word_1_207' title='bbox 692 942 855 993; x_wconf 87' lang='lat' dir='ltr'>quiahoc</span> <span class='ocrx_word' id='word_1_208' title='bbox 869 955 1014 993; x_wconf 78' lang='lat' dir='ltr'>possum</span> <span class='ocrx_word' id='word_1_209' title='bbox 1033 940 1170 978; x_wconf 68' lang='lat' dir='ltr'>facere?</span> <span class='ocrx_word' id='word_1_210' title='bbox 1184 940 1325 977; x_wconf 81' lang='lat' dir='ltr'>Secun-</span> 
     </span>
    </p>

    <p class='ocr_par' dir='ltr' id='par_1_11' title="bbox 347 991 1326 1050">
     <span class='ocr_line' id='line_1_20' title="bbox 347 991 1326 1050; baseline -0.006 -16"><span class='ocrx_word' id='word_1_211' title='bbox 347 999 576 1050; x_wconf 38' lang='lat' dir='ltr'>dum-fidem</span> <span class='ocrx_word' id='word_1_212' title='bbox 610 1005 784 1034; x_wconf 74' lang='lat' dir='ltr'>vestram</span> <span class='ocrx_word' id='word_1_213' title='bbox 807 995 890 1047; x_wconf 81' lang='lat' dir='ltr'>flat</span> <span class='ocrx_word' id='word_1_214' title='bbox 920 996 1042 1032; x_wconf 77' lang='lat' dir='ltr'>vohis.</span> <span class='ocrx_word' id='word_1_215' title='bbox 1062 992 1135 1045; x_wconf 84' lang='lat' dir='ltr'>Ipsi</span> <span class='ocrx_word' id='word_1_216' title='bbox 1159 991 1270 1043; x_wconf 81' lang='lat' dir='ltr'>gloria</span> <span class='ocrx_word' id='word_1_217' title='bbox 1290 991 1326 1028; x_wconf 88' lang='lat' dir='ltr'>in</span> 
     </span>
    </p>

    <p class='ocr_par' dir='ltr' id='par_1_12' title="bbox 346 1050 860 1088">
     <span class='ocr_line' id='line_1_21' title="bbox 346 1050 860 1088; baseline -0.01 0"><span class='ocrx_word' id='word_1_218' title='bbox 346 1051 474 1088; x_wconf 81' lang='lat' dir='ltr'>saecula</span> <span class='ocrx_word' id='word_1_219' title='bbox 492 1050 712 1088; x_wconf 80' lang='lat' dir='ltr'>saeculorum.</span> <span class='ocrx_word' id='word_1_220' title='bbox 736 1050 860 1085; x_wconf 79' lang='lat' dir='ltr'>Amen.</span> 
     </span>
    </p>
   </div>
   <div class='ocr_carea' id='block_1_10' title="bbox 345 1166 2414 1185">
    <p class='ocr_par' dir='ltr' id='par_1_13' title="bbox 345 1166 2414 1185">
     <span class='ocr_line' id='line_1_22' title="bbox 345 1166 2414 1185; baseline 0 2498"><span class='ocrx_word' id='word_1_221' title='bbox 345 1166 2414 1185; x_wconf 95' lang='lat' dir='ltr'> </span> 
     </span>
    </p>
   </div>
   <div class='ocr_carea' id='block_1_11' title="bbox 346 1184 971 1192">
    <p class='ocr_par' dir='ltr' id='par_1_14' title="bbox 346 1184 971 1192">
     <span class='ocr_line' id='line_1_23' title="bbox 346 1184 971 1192; baseline 0 0"><span class='ocrx_word' id='word_1_222' title='bbox 346 1184 971 1192; x_wconf 95' lang='lat' dir='ltr'> </span> 
     </span>
    </p>
   </div>
   <div class='ocr_carea' id='block_1_12' title="bbox 1794 1177 2400 1185">
    <p class='ocr_par' dir='ltr' id='par_1_15' title="bbox 1794 1177 2400 1185">
     <span class='ocr_line' id='line_1_24' title="bbox 1794 1177 2400 1185; baseline 0 0"><span class='ocrx_word' id='word_1_223' title='bbox 1794 1177 2400 1185; x_wconf 95' lang='lat' dir='ltr'> </span> 
     </span>
    </p>
   </div>
   <div class='ocr_carea' id='block_1_13' title="bbox 1104 1286 1654 1370">
    <p class='ocr_par' dir='ltr' id='par_1_16' title="bbox 1104 1286 1654 1370">
     <span class='ocr_line' id='line_1_25' title="bbox 1104 1286 1654 1370; baseline -0.004 0"><span class='ocrx_word' id='word_1_224' title='bbox 1104 1286 1654 1370; x_wconf 82' lang='lat' dir='ltr'><strong>MONITUM</strong></span> 
     </span>
    </p>
   </div>
   <div class='ocr_carea' id='block_1_14' title="bbox 777 1471 1995 1523">
    <p class='ocr_par' dir='ltr' id='par_1_17' title="bbox 777 1471 1995 1523">
     <span class='ocr_line' id='line_1_26' title="bbox 777 1471 1995 1523; baseline -0.003 0"><span class='ocrx_word' id='word_1_225' title='bbox 777 1477 866 1523; x_wconf 93' lang='lat' dir='ltr'>AD</span> <span class='ocrx_word' id='word_1_226' title='bbox 900 1473 1262 1523; x_wconf 89' lang='lat' dir='ltr'><strong>IIOMILIAM</strong></span> <span class='ocrx_word' id='word_1_227' title='bbox 1295 1474 1383 1521; x_wconf 92' lang='lat' dir='ltr'>DE</span> <span class='ocrx_word' id='word_1_228' title='bbox 1416 1472 1576 1519; x_wconf 90' lang='lat' dir='ltr'>FICU</span> <span class='ocrx_word' id='word_1_229' title='bbox 1614 1471 1995 1520; x_wconf 89' lang='lat' dir='ltr'><strong>AREFACTA.</strong></span> 
     </span>
    </p>
   </div>
   <div class='ocr_carea' id='block_1_15' title="bbox 356 1605 2430 1979">
    <p class='ocr_par' dir='ltr' id='par_1_18' title="bbox 356 1605 2430 1916">
     <span class='ocr_line' id='line_1_27' title="bbox 408 1605 2430 1664; baseline -0.004 -13"><span class='ocrx_word' id='word_1_230' title='bbox 408 1615 507 1651; x_wconf 90' lang='lat' dir='ltr'>Hanc</span> <span class='ocrx_word' id='word_1_231' title='bbox 527 1626 667 1664; x_wconf 86' lang='lat' dir='ltr'>quoque</span> <span class='ocrx_word' id='word_1_232' title='bbox 689 1611 876 1649; x_wconf 86' lang='lat' dir='ltr'>homiliam</span> <span class='ocrx_word' id='word_1_233' title='bbox 895 1609 1036 1662; x_wconf 88' lang='lat' dir='ltr'>putavit</span> <span class='ocrx_word' id='word_1_234' title='bbox 1055 1608 1151 1647; x_wconf 89' lang='lat' dir='ltr'>idem</span> <span class='ocrx_word' id='word_1_235' title='bbox 1170 1608 1246 1661; x_wconf 86' lang='lat' dir='ltr'>ipse</span> <span class='ocrx_word' id='word_1_236' title='bbox 1264 1607 1325 1659; x_wconf 86' lang='lat' dir='ltr'>qui</span> <span class='ocrx_word' id='word_1_237' title='bbox 1345 1622 1464 1660; x_wconf 81' lang='lat' dir='ltr'>supra,</span> <span class='ocrx_word' id='word_1_238' title='bbox 1484 1621 1557 1645; x_wconf 86' lang='lat' dir='ltr'>esse</span> <span class='ocrx_word' id='word_1_239' title='bbox 1586 1606 1770 1646; x_wconf 81' lang='lat' dir='ltr'>severiani</span> <span class='ocrx_word' id='word_1_240' title='bbox 1790 1606 2012 1645; x_wconf 83' lang='lat' dir='ltr'>Gabalorum</span> <span class='ocrx_word' id='word_1_241' title='bbox 2030 1605 2186 1658; x_wconf 85' lang='lat' dir='ltr'>episcopi</span> <span class='ocrx_word' id='word_1_242' title='bbox 2197 1619 2207 1654; x_wconf 92' lang='lat'>;</span> <span class='ocrx_word' id='word_1_243' title='bbox 2227 1614 2261 1643; x_wconf 86' lang='lat' dir='ltr'>et</span> <span class='ocrx_word' id='word_1_244' title='bbox 2283 1606 2430 1643; x_wconf 83' lang='lat' dir='ltr'>fortasse</span> 
     </span>
     <span class='ocr_line' id='line_1_28' title="bbox 356 1668 2430 1728; baseline -0.004 -14"><span class='ocrx_word' id='word_1_245' title='bbox 356 1691 424 1714; x_wconf 88' lang='lat' dir='ltr'>non</span> <span class='ocrx_word' id='word_1_246' title='bbox 447 1675 588 1728; x_wconf 83' lang='lat' dir='ltr'>injuria.</span> <span class='ocrx_word' id='word_1_247' title='bbox 608 1675 672 1712; x_wconf 87' lang='lat' dir='ltr'>Est</span> <span class='ocrx_word' id='word_1_248' title='bbox 688 1674 821 1726; x_wconf 79' lang='lat' dir='ltr'>quippe</span> <span class='ocrx_word' id='word_1_249' title='bbox 837 1673 952 1725; x_wconf 77' lang='lat' dir='ltr'>stylus</span> <span class='ocrx_word' id='word_1_250' title='bbox 972 1672 1152 1711; x_wconf 79' lang='lat' dir='ltr'>Severiani</span> <span class='ocrx_word' id='word_1_251' title='bbox 1168 1671 1327 1709; x_wconf 85' lang='lat' dir='ltr'>homiliis</span> <span class='ocrx_word' id='word_1_252' title='bbox 1353 1670 1548 1709; x_wconf 81' lang='lat' dir='ltr'>admodum</span> <span class='ocrx_word' id='word_1_253' title='bbox 1567 1670 1685 1708; x_wconf 87' lang='lat' dir='ltr'>affinis</span> <span class='ocrx_word' id='word_1_254' title='bbox 1704 1686 1711 1706; x_wconf 91' lang='lat'>:</span> <span class='ocrx_word' id='word_1_255' title='bbox 1729 1670 1929 1720; x_wconf 77' lang='lat' dir='ltr'>eloquentia</span> <span class='ocrx_word' id='word_1_256' title='bbox 1948 1669 2090 1707; x_wconf 91' lang='lat' dir='ltr'>omnino</span> <span class='ocrx_word' id='word_1_257' title='bbox 2106 1669 2226 1717; x_wconf 83' lang='lat' dir='ltr'>ferrea,</span> <span class='ocrx_word' id='word_1_258' title='bbox 2244 1677 2283 1706; x_wconf 90' lang='lat' dir='ltr'>ut</span> <span class='ocrx_word' id='word_1_259' title='bbox 2301 1668 2346 1706; x_wconf 86' lang='lat' dir='ltr'>de</span> <span class='ocrx_word' id='word_1_260' title='bbox 2365 1669 2430 1706; x_wconf 87' lang='lat' dir='ltr'>Se-</span> 
     </span>
     <span class='ocr_line' id='line_1_29' title="bbox 356 1732 2429 1789; baseline -0.005 -12"><span class='ocrx_word' id='word_1_261' title='bbox 356 1740 501 1778; x_wconf 74' lang='lat' dir='ltr'>veriano</span> <span class='ocrx_word' id='word_1_262' title='bbox 519 1739 664 1789; x_wconf 87' lang='lat' dir='ltr'>loquens</span> <span class='ocrx_word' id='word_1_263' title='bbox 679 1737 729 1774; x_wconf 81' lang='lat' dir='ltr'>ait</span> <span class='ocrx_word' id='word_1_264' title='bbox 747 1737 918 1775; x_wconf 77' lang='lat' dir='ltr'>Savilius.</span> <span class='ocrx_word' id='word_1_265' title='bbox 940 1735 1070 1774; x_wconf 86' lang='lat' dir='ltr'>Omnia</span> <span class='ocrx_word' id='word_1_266' title='bbox 1091 1735 1280 1784; x_wconf 80' lang='lat' dir='ltr'>salebrosa,</span> <span class='ocrx_word' id='word_1_267' title='bbox 1303 1734 1378 1772; x_wconf 83' lang='lat' dir='ltr'>sive</span> <span class='ocrx_word' id='word_1_268' title='bbox 1392 1734 1631 1772; x_wconf 82' lang='lat' dir='ltr'>inventionem</span> <span class='ocrx_word' id='word_1_269' title='bbox 1651 1742 1799 1785; x_wconf 77' lang='lat' dir='ltr'>spectes,</span> <span class='ocrx_word' id='word_1_270' title='bbox 1821 1732 1896 1771; x_wconf 79' lang='lat' dir='ltr'>sive</span> <span class='ocrx_word' id='word_1_271' title='bbox 1912 1732 2045 1783; x_wconf 79' lang='lat' dir='ltr'>figuras</span> <span class='ocrx_word' id='word_1_272' title='bbox 2064 1741 2097 1769; x_wconf 92' lang='lat' dir='ltr'>et</span> <span class='ocrx_word' id='word_1_273' title='bbox 2115 1741 2249 1783; x_wconf 85' lang='lat' dir='ltr'>tropos.</span> <span class='ocrx_word' id='word_1_274' title='bbox 2267 1732 2429 1768; x_wconf 78' lang='lat' dir='ltr'>Attamen</span> 
     </span>
     <span class='ocr_line' id='line_1_30' title="bbox 357 1793 2430 1847; baseline -0.004 -8"><span class='ocrx_word' id='word_1_275' title='bbox 357 1802 538 1842; x_wconf 71' lang='lat' dir='ltr'>Severiani</span> <span class='ocrx_word' id='word_1_276' title='bbox 557 1815 629 1839; x_wconf 83' lang='lat' dir='ltr'>esse</span> <span class='ocrx_word' id='word_1_277' title='bbox 647 1800 825 1838; x_wconf 83' lang='lat' dir='ltr'>affirmare</span> <span class='ocrx_word' id='word_1_278' title='bbox 847 1814 916 1837; x_wconf 90' lang='lat' dir='ltr'>non</span> <span class='ocrx_word' id='word_1_279' title='bbox 937 1799 1064 1838; x_wconf 81' lang='lat' dir='ltr'>ausim.</span> <span class='ocrx_word' id='word_1_280' title='bbox 1085 1799 1161 1836; x_wconf 87' lang='lat' dir='ltr'>Hoc</span> <span class='ocrx_word' id='word_1_281' title='bbox 1180 1812 1291 1836; x_wconf 90' lang='lat' dir='ltr'>unum</span> <span class='ocrx_word' id='word_1_282' title='bbox 1311 1797 1463 1835; x_wconf 86' lang='lat' dir='ltr'>fidenter</span> <span class='ocrx_word' id='word_1_283' title='bbox 1480 1797 1612 1847; x_wconf 70' lang='lat' dir='ltr'>dicam,</span> <span class='ocrx_word' id='word_1_284' title='bbox 1634 1811 1708 1834; x_wconf 87' lang='lat' dir='ltr'>esse</span> <span class='ocrx_word' id='word_1_285' title='bbox 1723 1796 1815 1833; x_wconf 82' lang='lat' dir='ltr'>lianc</span> <span class='ocrx_word' id='word_1_286' title='bbox 1831 1795 2068 1847; x_wconf 85' lang='lat' dir='ltr'>eloquentiam</span> <span class='ocrx_word' id='word_1_287' title='bbox 2084 1793 2331 1847; x_wconf 81' lang='lat' dir='ltr'>Chrysostomi</span> <span class='ocrx_word' id='word_1_288' title='bbox 2353 1793 2430 1832; x_wconf 84' lang='lat' dir='ltr'>elo-</span> 
     </span>
     <span class='ocr_line' id='line_1_31' title="bbox 359 1863 992 1916; baseline -0.003 -14"><span class='ocrx_word' id='word_1_289' title='bbox 359 1865 509 1916; x_wconf 86' lang='lat' dir='ltr'>quentiae</span> <span class='ocrx_word' id='word_1_290' title='bbox 529 1879 574 1902; x_wconf 78' lang='lat' dir='ltr'>ex</span> <span class='ocrx_word' id='word_1_291' title='bbox 586 1864 760 1901; x_wconf 87' lang='lat' dir='ltr'>diametro</span> <span class='ocrx_word' id='word_1_292' title='bbox 779 1863 992 1915; x_wconf 79' lang='lat' dir='ltr'>oppositam.</span> 
     </span>
    </p>

    <p class='ocr_par' dir='ltr' id='par_1_19' title="bbox 408 1921 2060 1979">
     <span class='ocr_line' id='line_1_32' title="bbox 408 1921 2060 1979; baseline -0.004 -14"><span class='ocrx_word' id='word_1_293' title='bbox 408 1926 655 1979; x_wconf 81' lang='lat' dir='ltr'>Interpretatio</span> <span class='ocrx_word' id='word_1_294' title='bbox 675 1925 802 1963; x_wconf 84' lang='lat' dir='ltr'>Latina</span> <span class='ocrx_word' id='word_1_295' title='bbox 819 1933 869 1962; x_wconf 86' lang='lat' dir='ltr'>est</span> <span class='ocrx_word' id='word_1_296' title='bbox 887 1923 1076 1962; x_wconf 82' lang='lat' dir='ltr'>Frontonis</span> <span class='ocrx_word' id='word_1_297' title='bbox 1095 1924 1234 1973; x_wconf 81' lang='lat' dir='ltr'>Ducaei,</span> <span class='ocrx_word' id='word_1_298' title='bbox 1251 1938 1360 1974; x_wconf 81' lang='lat' dir='ltr'>quam</span> <span class='ocrx_word' id='word_1_299' title='bbox 1376 1922 1594 1975; x_wconf 86' lang='lat' dir='ltr'>quibusdam</span> <span class='ocrx_word' id='word_1_300' title='bbox 1613 1922 1649 1960; x_wconf 92' lang='lat' dir='ltr'>in</span> <span class='ocrx_word' id='word_1_301' title='bbox 1665 1921 1753 1960; x_wconf 87' lang='lat' dir='ltr'>loeis</span> <span class='ocrx_word' id='word_1_302' title='bbox 1773 1921 2060 1960; x_wconf 84' lang='lat' dir='ltr'>emendavimus.</span> 
     </span>
    </p>
   </div>
   <div class='ocr_carea' id='block_1_16' title="bbox 360 2036 2438 2190">
    <p class='ocr_par' dir='ltr' id='par_1_20' title="bbox 360 2036 2438 2190">
     <span class='ocr_line' id='line_1_33' title="bbox 403 2036 2438 2084; baseline -0.003 -10"><span class='ocrx_word' id='word_1_303' title='bbox 403 2042 493 2084; x_wconf 78' lang='lat' dir='ltr'>[Sub</span> <span class='ocrx_word' id='word_1_304' title='bbox 510 2040 676 2074; x_wconf 86' lang='lat' dir='ltr'>Severiani</span> <span class='ocrx_word' id='word_1_305' title='bbox 705 2040 838 2073; x_wconf 88' lang='lat' dir='ltr'>nomine</span> <span class='ocrx_word' id='word_1_306' title='bbox 856 2039 1026 2072; x_wconf 87' lang='lat' dir='ltr'>homiliam</span> <span class='ocrx_word' id='word_1_307' title='bbox 1044 2037 1130 2071; x_wconf 83' lang='lat' dir='ltr'>lianc</span> <span class='ocrx_word' id='word_1_308' title='bbox 1147 2039 1341 2071; x_wconf 86' lang='lat' dir='ltr'>Armeniace</span> <span class='ocrx_word' id='word_1_309' title='bbox 1353 2046 1385 2071; x_wconf 85' lang='lat' dir='ltr'>et</span> <span class='ocrx_word' id='word_1_310' title='bbox 1395 2039 1514 2071; x_wconf 85' lang='lat' dir='ltr'>Latine</span> <span class='ocrx_word' id='word_1_311' title='bbox 1537 2036 1643 2070; x_wconf 80' lang='lat' dir='ltr'>edidit</span> <span class='ocrx_word' id='word_1_312' title='bbox 1658 2036 1805 2070; x_wconf 85' lang='lat' dir='ltr'>Venetiis</span> <span class='ocrx_word' id='word_1_313' title='bbox 1818 2065 1825 2079; x_wconf 77' lang='lat'>⁷</span> <span class='ocrx_word' id='word_1_314' title='bbox 1845 2039 1943 2074; x_wconf 71' lang='lat'>4827,</span> <span class='ocrx_word' id='word_1_315' title='bbox 1960 2038 1992 2069; x_wconf 85' lang='lat' dir='ltr'>J.</span> <span class='ocrx_word' id='word_1_316' title='bbox 2011 2039 2048 2069; x_wconf 90' lang='lat' dir='ltr'>B.</span> <span class='ocrx_word' id='word_1_317' title='bbox 2067 2036 2207 2078; x_wconf 71' lang='lat' dir='ltr'>Arxcher,</span> <span class='ocrx_word' id='word_1_318' title='bbox 2226 2037 2259 2069; x_wconf 88' lang='lat' dir='ltr'>in</span> <span class='ocrx_word' id='word_1_319' title='bbox 2271 2036 2438 2069; x_wconf 89' lang='lat' dir='ltr'>volumine</span> 
     </span>
     <span class='ocr_line' id='line_1_34' title="bbox 360 2087 2438 2138; baseline -0.003 -13"><span class='ocrx_word' id='word_1_320' title='bbox 360 2096 450 2138; x_wconf 73' lang='lat' dir='ltr'>eujus</span> <span class='ocrx_word' id='word_1_321' title='bbox 464 2094 593 2127; x_wconf 80' lang='lat' dir='ltr'>titulum</span> <span class='ocrx_word' id='word_1_322' title='bbox 611 2092 844 2135; x_wconf 79' lang='lat' dir='ltr'>descripsimus</span> <span class='ocrx_word' id='word_1_323' title='bbox 863 2091 895 2124; x_wconf 93' lang='lat' dir='ltr'>in</span> <span class='ocrx_word' id='word_1_324' title='bbox 907 2091 1147 2124; x_wconf 83' lang='lat' dir='ltr'>Additamento</span> <span class='ocrx_word' id='word_1_325' title='bbox 1158 2090 1202 2123; x_wconf 86' lang='lat' dir='ltr'>ad</span> <span class='ocrx_word' id='word_1_326' title='bbox 1211 2092 1357 2123; x_wconf 87' lang='lat' dir='ltr'>Tomum</span> <span class='ocrx_word' id='word_1_327' title='bbox 1374 2092 1449 2133; x_wconf 84' lang='lat' dir='ltr'>6‚p.</span> <span class='ocrx_word' id='word_1_328' title='bbox 1469 2092 1544 2124; x_wconf 81' lang='lat'><strong>972.</strong></span> <span class='ocrx_word' id='word_1_329' title='bbox 1563 2089 1754 2132; x_wconf 83' lang='lat' dir='ltr'>Repetimus</span> <span class='ocrx_word' id='word_1_330' title='bbox 1765 2090 1798 2121; x_wconf 90' lang='lat' dir='ltr'>in</span> <span class='ocrx_word' id='word_1_331' title='bbox 1811 2088 1875 2121; x_wconf 87' lang='lat' dir='ltr'>ima</span> <span class='ocrx_word' id='word_1_332' title='bbox 1894 2088 2012 2133; x_wconf 81' lang='lat' dir='ltr'>pagina</span> <span class='ocrx_word' id='word_1_333' title='bbox 2029 2087 2167 2120; x_wconf 85' lang='lat' dir='ltr'>Aucheri</span> <span class='ocrx_word' id='word_1_334' title='bbox 2186 2088 2438 2121; x_wconf 82' lang='lat' dir='ltr'>translationem</span> 
     </span>
     <span class='ocr_line' id='line_1_35' title="bbox 361 2142 1819 2190; baseline -0.005 -9"><span class='ocrx_word' id='word_1_335' title='bbox 361 2150 534 2190; x_wconf 78' lang='lat' dir='ltr'>Latinam,</span> <span class='ocrx_word' id='word_1_336' title='bbox 550 2148 778 2179; x_wconf 84' lang='lat' dir='ltr'>Armeniacam</span> <span class='ocrx_word' id='word_1_337' title='bbox 793 2144 972 2177; x_wconf 86' lang='lat' dir='ltr'>lectionem</span> <span class='ocrx_word' id='word_1_338' title='bbox 986 2171 994 2186; x_wconf 84' lang='lat'>‚</span> <span class='ocrx_word' id='word_1_339' title='bbox 1014 2152 1049 2176; x_wconf 90' lang='lat' dir='ltr'>ut</span> <span class='ocrx_word' id='word_1_340' title='bbox 1066 2144 1135 2187; x_wconf 85' lang='lat' dir='ltr'>ipse</span> <span class='ocrx_word' id='word_1_341' title='bbox 1154 2145 1202 2176; x_wconf 88' lang='lat' dir='ltr'>ait</span> <span class='ocrx_word' id='word_1_342' title='bbox 1217 2144 1258 2178; x_wconf 91' lang='lat' dir='ltr'>V.</span> <span class='ocrx_word' id='word_1_343' title='bbox 1277 2143 1343 2183; x_wconf 90' lang='lat' dir='ltr'>Cl.‚</span> <span class='ocrx_word' id='word_1_344' title='bbox 1361 2142 1532 2175; x_wconf 83' lang='lat' dir='ltr'>sinceriter</span> <span class='ocrx_word' id='word_1_345' title='bbox 1551 2143 1819 2185; x_wconf 79' lang='lat' dir='ltr'>exprimentem.]</span> 
     </span>
    </p>
   </div>
   <div class='ocr_carea' id='block_1_17' title="bbox 379 2263 1273 2273">
    <p class='ocr_par' dir='ltr' id='par_1_21' title="bbox 379 2263 1273 2273">
     <span class='ocr_line' id='line_1_36' title="bbox 379 2263 1273 2273; baseline 0 0"><span class='ocrx_word' id='word_1_346' title='bbox 379 2263 1273 2273; x_wconf 95' lang='lat' dir='ltr'> </span> 
     </span>
    </p>
   </div>
   <div class='ocr_carea' id='block_1_18' title="bbox 543 2263 1273 2272">
    <p class='ocr_par' dir='ltr' id='par_1_22' title="bbox 543 2263 1273 2272">
     <span class='ocr_line' id='line_1_37' title="bbox 543 2263 1273 2272; baseline 0 0"><span class='ocrx_word' id='word_1_347' title='bbox 543 2263 1273 2272; x_wconf 95' lang='lat' dir='ltr'> </span> 
     </span>
    </p>
   </div>
   <div class='ocr_carea' id='block_1_19' title="bbox 385 2264 2359 2288">
    <p class='ocr_par' dir='ltr' id='par_1_23' title="bbox 385 2264 2359 2288">
     <span class='ocr_line' id='line_1_38' title="bbox 385 2264 2359 2288; baseline 0 0"><span class='ocrx_word' id='word_1_348' title='bbox 385 2264 2359 2288; x_wconf 95' lang='lat' dir='ltr'> </span> 
     </span>
    </p>
   </div>
   <div class='ocr_carea' id='block_1_20' title="bbox 421 2366 2443 2544">
    <p class='ocr_par' dir='ltr' id='par_1_24' title="bbox 421 2366 2443 2544">
     <span class='ocr_line' id='line_1_39' title="bbox 507 2366 2306 2435; baseline -0.004 -23"><span class='ocrx_word' id='word_1_349' title='bbox 507 2378 556 2412; x_wconf 83' lang='lat' dir='ltr'>In</span> <span class='ocrx_word' id='word_1_350' title='bbox 565 2374 796 2426; x_wconf 80' lang='lat' dir='ltr'>parabolam</span> <span class='ocrx_word' id='word_1_351' title='bbox 813 2372 966 2426; x_wconf 76' lang='lat' dir='ltr'>defien,</span> <span class='ocrx_word' id='word_1_352' title='bbox 983 2372 1002 2391; x_wconf 84' lang='lat'><em>*</em></span> <span class='ocrx_word' id='word_1_353' title='bbox 1015 2372 1207 2409; x_wconf 80' lang='lat' dir='ltr'>Homilia.</span> <span class='ocrx_word' id='word_1_354' title='bbox 1363 2369 1409 2435; x_wconf 51' lang='lat'>¹2⁶</span> <span class='ocrx_word' id='word_1_355' title='bbox 1546 2371 1609 2412; x_wconf 87' lang='grc' dir='ltr'>Εἷς</span> <span class='ocrx_word' id='word_1_356' title='bbox 1633 2368 1695 2417; x_wconf 81' lang='grc' dir='ltr'>τὴν</span> <span class='ocrx_word' id='word_1_357' title='bbox 1713 2367 1915 2423; x_wconf 64' lang='grc' dir='ltr'>παραδολὴν</span> <span class='ocrx_word' id='word_1_358' title='bbox 1935 2366 2014 2419; x_wconf 84' lang='grc' dir='ltr'>περὶ</span> <span class='ocrx_word' id='word_1_359' title='bbox 2032 2369 2154 2413; x_wconf 78' lang='grc' dir='ltr'>συκῆς,</span> <span class='ocrx_word' id='word_1_360' title='bbox 2175 2366 2306 2418; x_wconf 83' lang='grc' dir='ltr'>ὁμιλία.</span> 
     </span>
     <span class='ocr_line' id='line_1_40' title="bbox 421 2488 2443 2544; baseline -0.004 -9"><span class='ocrx_word' id='word_1_361' title='bbox 421 2501 456 2536; x_wconf 76' lang='lat' dir='ltr'>t.</span> <span class='ocrx_word' id='word_1_362' title='bbox 487 2497 578 2534; x_wconf 82' lang='lat' dir='ltr'>Cum</span> <span class='ocrx_word' id='word_1_363' title='bbox 589 2496 647 2534; x_wconf 71' lang='lat' dir='ltr'>vel</span> <span class='ocrx_word' id='word_1_364' title='bbox 661 2495 823 2534; x_wconf 89' lang='lat' dir='ltr'>ssoridam</span> <span class='ocrx_word' id='word_1_365' title='bbox 840 2493 1085 2543; x_wconf 71' lang='lat' dir='ltr'>arborem7v01</span> <span class='ocrx_word' id='word_1_366' title='bbox 1101 2493 1232 2531; x_wconf 88' lang='lat' dir='ltr'>fontem</span> <span class='ocrx_word' id='word_1_367' title='bbox 1248 2491 1350 2542; x_wconf 85' lang='lat' dir='ltr'>aquis</span> <span class='ocrx_word' id='word_1_368' title='bbox 1475 2491 1677 2544; x_wconf 77' lang='grc' dir='ltr'>Ὀφθαλμὸς</span> <span class='ocrx_word' id='word_1_369' title='bbox 1709 2490 1770 2542; x_wconf 80' lang='grc' dir='ltr'>μὲν</span> <span class='ocrx_word' id='word_1_370' title='bbox 1799 2493 1886 2543; x_wconf 73' lang='grc' dir='ltr'>ὁρῶν</span> <span class='ocrx_word' id='word_1_371' title='bbox 1905 2489 1927 2536; x_wconf 88' lang='grc' dir='ltr'>ἢ</span> <span class='ocrx_word' id='word_1_372' title='bbox 1949 2489 2084 2541; x_wconf 81' lang='grc' dir='ltr'>δένδρον</span> <span class='ocrx_word' id='word_1_373' title='bbox 2108 2488 2307 2542; x_wconf 75' lang='grc' dir='ltr'>ἀνθοφόρον,</span> <span class='ocrx_word' id='word_1_374' title='bbox 2324 2488 2346 2535; x_wconf 82' lang='grc' dir='ltr'>ἢ</span> <span class='ocrx_word' id='word_1_375' title='bbox 2370 2505 2443 2536; x_wconf 90' lang='grc' dir='ltr'>πη-</span> 
     </span>
    </p>
   </div>
   <div class='ocr_carea' id='block_1_21' title="bbox 367 2541 2447 2705">
    <p class='ocr_par' dir='ltr' id='par_1_25' title="bbox 367 2541 2447 2705">
     <span class='ocr_line' id='line_1_41' title="bbox 367 2541 2444 2599; baseline -0.004 -11"><span class='ocrx_word' id='word_1_376' title='bbox 367 2550 612 2589; x_wconf 82' lang='lat' dir='ltr'>scaturientem</span> <span class='ocrx_word' id='word_1_377' title='bbox 635 2548 745 2587; x_wconf 83' lang='lat' dir='ltr'>cernit</span> <span class='ocrx_word' id='word_1_378' title='bbox 775 2548 917 2597; x_wconf 83' lang='lat' dir='ltr'>oculus,</span> <span class='ocrx_word' id='word_1_379' title='bbox 942 2548 1017 2599; x_wconf 83' lang='lat' dir='ltr'>ipso</span> <span class='ocrx_word' id='word_1_380' title='bbox 1049 2555 1192 2598; x_wconf 84' lang='lat' dir='ltr'>aspectu</span> <span class='ocrx_word' id='word_1_381' title='bbox 1216 2546 1351 2597; x_wconf 81' lang='lat' dir='ltr'>pollici-</span> <span class='ocrx_word' id='word_1_382' title='bbox 1419 2544 1483 2596; x_wconf 83' lang='grc' dir='ltr'>γὴν</span> <span class='ocrx_word' id='word_1_383' title='bbox 1516 2544 1710 2597; x_wconf 79' lang='grc' dir='ltr'>ὑδροτόκον,</span> <span class='ocrx_word' id='word_1_384' title='bbox 1731 2545 1789 2581; x_wconf 80' lang='grc' dir='ltr'>ὑπ’</span> <span class='ocrx_word' id='word_1_385' title='bbox 1811 2546 1916 2590; x_wconf 72' lang='grc' dir='ltr'>αὐτῆς</span> <span class='ocrx_word' id='word_1_386' title='bbox 1943 2545 2005 2588; x_wconf 72' lang='grc' dir='ltr'>τῆς</span> <span class='ocrx_word' id='word_1_387' title='bbox 2025 2542 2103 2586; x_wconf 81' lang='grc' dir='ltr'>Οέας</span> <span class='ocrx_word' id='word_1_388' title='bbox 2131 2541 2290 2589; x_wconf 78' lang='grc' dir='ltr'>ἕλκεται,</span> <span class='ocrx_word' id='word_1_389' title='bbox 2311 2541 2369 2579; x_wconf 80' lang='grc' dir='ltr'>καὶ</span> <span class='ocrx_word' id='word_1_390' title='bbox 2387 2543 2444 2580; x_wconf 86' lang='grc' dir='ltr'>τὸν</span> 
     </span>
     <span class='ocr_line' id='line_1_42' title="bbox 369 2594 2446 2653; baseline -0.004 -13"><span class='ocrx_word' id='word_1_391' title='bbox 369 2613 440 2653; x_wconf 75' lang='lat' dir='ltr'>tur,</span> <span class='ocrx_word' id='word_1_392' title='bbox 468 2613 501 2640; x_wconf 89' lang='lat' dir='ltr'>et</span> <span class='ocrx_word' id='word_1_393' title='bbox 530 2603 616 2639; x_wconf 87' lang='lat' dir='ltr'>illuc</span> <span class='ocrx_word' id='word_1_394' title='bbox 640 2601 749 2640; x_wconf 85' lang='lat' dir='ltr'>animi</span> <span class='ocrx_word' id='word_1_395' title='bbox 781 2615 922 2639; x_wconf 84' lang='lat' dir='ltr'>sensum</span> <span class='ocrx_word' id='word_1_396' title='bbox 940 2601 1126 2638; x_wconf 86' lang='lat' dir='ltr'>convertit.</span> <span class='ocrx_word' id='word_1_397' title='bbox 1152 2599 1234 2637; x_wconf 86' lang='lat' dir='ltr'>Pari</span> <span class='ocrx_word' id='word_1_398' title='bbox 1262 2612 1350 2649; x_wconf 87' lang='lat' dir='ltr'>quo·</span> <span class='ocrx_word' id='word_1_399' title='bbox 1418 2601 1481 2644; x_wconf 73' lang='grc' dir='ltr'>τῆς</span> <span class='ocrx_word' id='word_1_400' title='bbox 1511 2596 1654 2649; x_wconf 84' lang='grc' dir='ltr'>καρδίας</span> <span class='ocrx_word' id='word_1_401' title='bbox 1675 2602 1751 2635; x_wconf 74' lang='grc' dir='ltr'>νοῦν</span> <span class='ocrx_word' id='word_1_402' title='bbox 1777 2595 2007 2649; x_wconf 78' lang='grc' dir='ltr'>μεταστρέφει</span> <span class='ocrx_word' id='word_1_403' title='bbox 2026 2598 2107 2634; x_wconf 83' lang='grc' dir='ltr'>ἐκεῖ.</span> <span class='ocrx_word' id='word_1_404' title='bbox 2134 2594 2288 2645; x_wconf 85' lang='grc' dir='ltr'>Ὁμοίως</span> <span class='ocrx_word' id='word_1_405' title='bbox 2317 2594 2351 2632; x_wconf 84' lang='grc' dir='ltr'>δὲ</span> <span class='ocrx_word' id='word_1_406' title='bbox 2387 2594 2446 2632; x_wconf 83' lang='grc' dir='ltr'>καὶ</span> 
     </span>
     <span class='ocr_line' id='line_1_43' title="bbox 370 2647 2447 2705; baseline -0.003 -14"><span class='ocrx_word' id='word_1_407' title='bbox 370 2670 437 2705; x_wconf 85' lang='lat' dir='ltr'>que</span> <span class='ocrx_word' id='word_1_408' title='bbox 463 2655 596 2693; x_wconf 85' lang='lat' dir='ltr'>ratione</span> <span class='ocrx_word' id='word_1_409' title='bbox 619 2655 662 2705; x_wconf 80' lang='lat' dir='ltr'>is,</span> <span class='ocrx_word' id='word_1_410' title='bbox 678 2654 740 2705; x_wconf 86' lang='lat' dir='ltr'>qui</span> <span class='ocrx_word' id='word_1_411' title='bbox 760 2655 849 2692; x_wconf 86' lang='lat' dir='ltr'>sacta</span> <span class='ocrx_word' id='word_1_412' title='bbox 866 2663 899 2691; x_wconf 85' lang='lat' dir='ltr'>et</span> <span class='ocrx_word' id='word_1_413' title='bbox 914 2652 1080 2690; x_wconf 86' lang='lat' dir='ltr'>historias</span> <span class='ocrx_word' id='word_1_414' title='bbox 1101 2651 1220 2691; x_wconf 83' lang='lat' dir='ltr'>verbis</span> <span class='ocrx_word' id='word_1_415' title='bbox 1239 2665 1348 2703; x_wconf 81' lang='lat' dir='ltr'>expo-</span> <span class='ocrx_word' id='word_1_416' title='bbox 1420 2654 1462 2689; x_wconf 67' lang='lat'>¹¹5</span> <span class='ocrx_word' id='word_1_417' title='bbox 1495 2649 1627 2689; x_wconf 75' lang='grc' dir='ltr'>ἀκούων</span> <span class='ocrx_word' id='word_1_418' title='bbox 1661 2649 1719 2688; x_wconf 84' lang='grc' dir='ltr'>διὰ</span> <span class='ocrx_word' id='word_1_419' title='bbox 1750 2649 1861 2701; x_wconf 87' lang='grc' dir='ltr'>λόγων</span> <span class='ocrx_word' id='word_1_420' title='bbox 1900 2648 2042 2700; x_wconf 84' lang='grc' dir='ltr'>πράξεις</span> <span class='ocrx_word' id='word_1_421' title='bbox 2076 2648 2135 2687; x_wconf 77' lang='grc' dir='ltr'>καὶ</span> <span class='ocrx_word' id='word_1_422' title='bbox 2162 2647 2330 2700; x_wconf 82' lang='grc' dir='ltr'>ἱστορίας,</span> <span class='ocrx_word' id='word_1_423' title='bbox 2362 2647 2447 2699; x_wconf 85' lang='grc' dir='ltr'>πρὸς</span> 
     </span>
    </p>
   </div>
   <div class='ocr_carea' id='block_1_22' title="bbox 369 2764 1966 2863">
    <p class='ocr_par' dir='ltr' id='par_1_26' title="bbox 369 2764 1966 2863">
     <span class='ocr_line' id='line_1_44' title="bbox 414 2764 1966 2810; baseline -0.003 -9"><span class='ocrx_word' id='word_1_424' title='bbox 414 2770 428 2784; x_wconf 69' lang='lat'>*</span> <span class='ocrx_word' id='word_1_425' title='bbox 440 2769 568 2801; x_wconf 86' lang='lat' dir='ltr'>Collata</span> <span class='ocrx_word' id='word_1_426' title='bbox 583 2782 657 2801; x_wconf 78' lang='lat' dir='ltr'>cun]</span> <span class='ocrx_word' id='word_1_427' title='bbox 677 2770 782 2801; x_wconf 87' lang='lat' dir='ltr'>tribus</span> <span class='ocrx_word' id='word_1_428' title='bbox 794 2767 985 2801; x_wconf 83' lang='lat' dir='ltr'>Codicibus.</span> <span class='ocrx_word' id='word_1_429' title='bbox 999 2766 1211 2810; x_wconf 82' lang='lat' dir='ltr'>[Addidimus</span> <span class='ocrx_word' id='word_1_430' title='bbox 1225 2764 1383 2808; x_wconf 84' lang='lat' dir='ltr'>insignio·</span> <span class='ocrx_word' id='word_1_431' title='bbox 1490 2774 1504 2791; x_wconf 53' lang='grc' dir='ltr'>ἢ</span> <span class='ocrx_word' id='word_1_432' title='bbox 1527 2765 1539 2808; x_wconf 94' lang='grc'>[</span> <span class='ocrx_word' id='word_1_433' title='bbox 1556 2764 1658 2798; x_wconf 78' lang='lat' dir='ltr'>Savit.</span> <span class='ocrx_word' id='word_1_434' title='bbox 1674 2765 1721 2803; x_wconf 81' lang='grc' dir='ltr'>οὖς</span> <span class='ocrx_word' id='word_1_435' title='bbox 1737 2768 1841 2800; x_wconf 77' lang='grc' dir='ltr'>ἀκοῦον</span> <span class='ocrx_word' id='word_1_436' title='bbox 1858 2765 1905 2798; x_wconf 85' lang='grc' dir='ltr'>διὰ</span> <span class='ocrx_word' id='word_1_437' title='bbox 1921 2764 1966 2806; x_wconf 58' lang='lat' dir='ltr'>L]</span> 
     </span>
     <span class='ocr_line' id='line_1_45' title="bbox 369 2820 1581 2863; baseline -0.002 -11"><span class='ocrx_word' id='word_1_438' title='bbox 369 2832 439 2852; x_wconf 84' lang='lat' dir='ltr'>rem</span> <span class='ocrx_word' id='word_1_439' title='bbox 457 2821 632 2853; x_wconf 80' lang='lat' dir='ltr'>lectionem</span> <span class='ocrx_word' id='word_1_440' title='bbox 650 2821 811 2853; x_wconf 83' lang='lat' dir='ltr'>Editionis</span> <span class='ocrx_word' id='word_1_441' title='bbox 827 2820 969 2863; x_wconf 68' lang='lat' dir='ltr'>SaxiliL]</span> <span class='ocrx_word' id='word_1_442' title='bbox 1578 2822 1581 2823; x_wconf 50' lang='lat'><em>⁷</em></span> 
     </span>
    </p>
   </div>
   <div class='ocr_carea' id='block_1_23' title="bbox 1238 2905 1582 2944">
    <p class='ocr_par' dir='ltr' id='par_1_27' title="bbox 1238 2905 1582 2944">
     <span class='ocr_line' id='line_1_46' title="bbox 1238 2905 1582 2944; baseline -0.006 0"><span class='ocrx_word' id='word_1_443' title='bbox 1238 2906 1447 2944; x_wconf 79' lang='lat' dir='ltr'>HOMILIA</span> <span class='ocrx_word' id='word_1_444' title='bbox 1480 2906 1531 2944; x_wconf 89' lang='lat' dir='ltr'>XI</span> <span class='ocrx_word' id='word_1_445' title='bbox 1537 2905 1582 2943; x_wconf 88' lang='lat'>11.</span> 
     </span>
    </p>
   </div>
   <div class='ocr_carea' id='block_1_24' title="bbox 172 2962 361 3000">
    <p class='ocr_par' dir='ltr' id='par_1_28' title="bbox 172 2962 361 3000">
     <span class='ocr_line' id='line_1_47' title="bbox 172 2962 361 3000; baseline 0 -9"><span class='ocrx_word' id='word_1_446' title='bbox 172 2971 250 2991; x_wconf 68' lang='grc' dir='ltr'><strong>ΜΕΝ.</strong></span> <span class='ocrx_word' id='word_1_447' title='bbox 286 2962 361 3000; x_wconf 77' lang='grc'><strong>415.</strong></span> 
     </span>
    </p>
   </div>
   <div class='ocr_carea' id='block_1_25' title="bbox 1117 2993 1132 3008">
    <p class='ocr_par' dir='ltr' id='par_1_29' title="bbox 1117 2993 1132 3008">
     <span class='ocr_line' id='line_1_48' title="bbox 1117 2993 1132 3008; baseline 0 -3"><span class='ocrx_word' id='word_1_448' title='bbox 1117 2993 1132 3008; x_wconf 60' lang='grc' dir='ltr'>η</span> 
     </span>
    </p>
   </div>
   <div class='ocr_carea' id='block_1_26' title="bbox 842 3012 1986 3125">
    <p class='ocr_par' dir='ltr' id='par_1_30' title="bbox 842 3012 1986 3125">
     <span class='ocr_line' id='line_1_49' title="bbox 842 3012 1986 3067; baseline -0.003 -16"><span class='ocrx_word' id='word_1_449' title='bbox 842 3016 959 3053; x_wconf 73' lang='lat' dir='ltr'>Beati</span> <span class='ocrx_word' id='word_1_450' title='bbox 974 3015 1172 3054; x_wconf 79' lang='lat' dir='ltr'>Severiani</span> <span class='ocrx_word' id='word_1_451' title='bbox 1188 3017 1371 3067; x_wconf 83' lang='lat' dir='ltr'>Episcopi</span> <span class='ocrx_word' id='word_1_452' title='bbox 1391 3017 1445 3064; x_wconf 74' lang='lat'>(³)</span> <span class='ocrx_word' id='word_1_453' title='bbox 1466 3013 1740 3066; x_wconf 81' lang='lat' dir='ltr'>inflculneam</span> <span class='ocrx_word' id='word_1_454' title='bbox 1756 3012 1986 3064; x_wconf 80' lang='lat' dir='ltr'>arefactam.</span> 
     </span>
     <span class='ocr_line' id='line_1_50' title="bbox 1010 3078 1824 3125; baseline -0.004 -9"><span class='ocrx_word' id='word_1_455' title='bbox 1010 3081 1022 3125; x_wconf 89' lang='lat'>(</span> <span class='ocrx_word' id='word_1_456' title='bbox 1041 3078 1099 3116; x_wconf 82' lang='lat' dir='ltr'>Al.</span> <span class='ocrx_word' id='word_1_457' title='bbox 1126 3079 1199 3116; x_wconf 78' lang='lat' dir='ltr'>Cui</span> <span class='ocrx_word' id='word_1_458' title='bbox 1217 3079 1423 3116; x_wconf 73' lang='lat' dir='ltr'>maledixit</span> <span class='ocrx_word' id='word_1_459' title='bbox 1443 3079 1635 3115; x_wconf 82' lang='lat' dir='ltr'>Dominus</span> <span class='ocrx_word' id='word_1_460' title='bbox 1658 3084 1795 3114; x_wconf 80' lang='lat' dir='ltr'>noster.</span> <span class='ocrx_word' id='word_1_461' title='bbox 1812 3079 1824 3123; x_wconf 91' lang='lat'>)</span> 
     </span>
    </p>
   </div>
   <div class='ocr_carea' id='block_1_27' title="bbox 376 3173 2455 3278">
    <p class='ocr_par' dir='ltr' id='par_1_31' title="bbox 376 3173 2455 3278">
     <span class='ocr_line' id='line_1_51' title="bbox 428 3173 2453 3233; baseline -0.006 -10"><span class='ocrx_word' id='word_1_462' title='bbox 428 3183 565 3223; x_wconf 76' lang='lat' dir='ltr'>Oculus</span> <span class='ocrx_word' id='word_1_463' title='bbox 580 3181 704 3220; x_wconf 68' lang='lat' dir='ltr'>videns</span> <span class='ocrx_word' id='word_1_464' title='bbox 729 3180 891 3217; x_wconf 75' lang='lat' dir='ltr'>arborem</span> <span class='ocrx_word' id='word_1_465' title='bbox 908 3181 1057 3218; x_wconf 80' lang='lat' dir='ltr'>floribus</span> <span class='ocrx_word' id='word_1_466' title='bbox 1076 3182 1293 3233; x_wconf 71' lang='lat' dir='ltr'>decoratam,</span> <span class='ocrx_word' id='word_1_467' title='bbox 1310 3191 1371 3219; x_wconf 89' lang='lat' dir='ltr'>aut</span> <span class='ocrx_word' id='word_1_468' title='bbox 1391 3182 1523 3220; x_wconf 86' lang='lat' dir='ltr'>fontem</span> <span class='ocrx_word' id='word_1_469' title='bbox 1541 3180 1641 3232; x_wconf 86' lang='lat' dir='ltr'>aquis</span> <span class='ocrx_word' id='word_1_470' title='bbox 1662 3178 1922 3223; x_wconf 74' lang='lat' dir='ltr'>scaturientem,</span> <span class='ocrx_word' id='word_1_471' title='bbox 1939 3177 2016 3229; x_wconf 88' lang='lat' dir='ltr'>ipso</span> <span class='ocrx_word' id='word_1_472' title='bbox 2041 3176 2122 3215; x_wconf 83' lang='lat' dir='ltr'>visu</span> <span class='ocrx_word' id='word_1_473' title='bbox 2142 3183 2272 3223; x_wconf 85' lang='lat' dir='ltr'>motus,</span> <span class='ocrx_word' id='word_1_474' title='bbox 2292 3173 2453 3212; x_wconf 89' lang='lat' dir='ltr'>animum</span> 
     </span>
     <span class='ocr_line' id='line_1_52' title="bbox 376 3226 2455 3278; baseline -0.006 -3"><span class='ocrx_word' id='word_1_475' title='bbox 376 3237 483 3275; x_wconf 85' lang='lat' dir='ltr'>etiam</span> <span class='ocrx_word' id='word_1_476' title='bbox 513 3250 553 3273; x_wconf 89' lang='lat' dir='ltr'>ac</span> <span class='ocrx_word' id='word_1_477' title='bbox 573 3244 725 3272; x_wconf 81' lang='lat' dir='ltr'>mentem</span> <span class='ocrx_word' id='word_1_478' title='bbox 755 3233 841 3270; x_wconf 84' lang='lat' dir='ltr'>illue</span> <span class='ocrx_word' id='word_1_479' title='bbox 866 3233 1051 3271; x_wconf 80' lang='lat' dir='ltr'>convertit.</span> <span class='ocrx_word' id='word_1_480' title='bbox 1076 3234 1212 3272; x_wconf 78' lang='lat' dir='ltr'>Pariter</span> <span class='ocrx_word' id='word_1_481' title='bbox 1232 3244 1266 3272; x_wconf 87' lang='lat' dir='ltr'>et</span> <span class='ocrx_word' id='word_1_482' title='bbox 1294 3235 1389 3272; x_wconf 84' lang='lat' dir='ltr'>auris</span> <span class='ocrx_word' id='word_1_483' title='bbox 1412 3234 1559 3273; x_wconf 87' lang='lat' dir='ltr'>audiens</span> <span class='ocrx_word' id='word_1_484' title='bbox 1586 3232 1705 3274; x_wconf 83' lang='lat' dir='ltr'>verbis</span> <span class='ocrx_word' id='word_1_485' title='bbox 1727 3231 1967 3270; x_wconf 85' lang='lat' dir='ltr'>mediantibus</span> <span class='ocrx_word' id='word_1_486' title='bbox 1986 3238 2062 3268; x_wconf 80' lang='lat' dir='ltr'>acta</span> <span class='ocrx_word' id='word_1_487' title='bbox 2082 3227 2381 3278; x_wconf 65' lang='lat' dir='ltr'>nai-rationesque„</span> <span class='ocrx_word' id='word_1_488' title='bbox 2410 3226 2455 3264; x_wconf 78' lang='lat' dir='ltr'>ad</span> 
     </span>
    </p>
   </div>
   <div class='ocr_carea' id='block_1_28' title="bbox 423 3346 1317 3395">
    <p class='ocr_par' dir='ltr' id='par_1_32' title="bbox 423 3346 1317 3395">
     <span class='ocr_line' id='line_1_53' title="bbox 423 3346 1317 3395; baseline -0.006 -11"><span class='ocrx_word' id='word_1_489' title='bbox 423 3352 462 3395; x_wconf 51' lang='grc' dir='ltr'>(Α)</span> <span class='ocrx_word' id='word_1_490' title='bbox 487 3352 540 3384; x_wconf 85' lang='lat' dir='ltr'>Sic</span> <span class='ocrx_word' id='word_1_491' title='bbox 559 3352 591 3383; x_wconf 93' lang='lat' dir='ltr'>in</span> <span class='ocrx_word' id='word_1_492' title='bbox 607 3348 716 3382; x_wconf 87' lang='lat' dir='ltr'>Codd.</span> <span class='ocrx_word' id='word_1_493' title='bbox 737 3346 859 3380; x_wconf 79' lang='lat' dir='ltr'>llomil,</span> <span class='ocrx_word' id='word_1_494' title='bbox 880 3347 969 3379; x_wconf 82' lang='lat' dir='ltr'>Arm.</span> <span class='ocrx_word' id='word_1_495' title='bbox 990 3348 1022 3380; x_wconf 86' lang='grc'>3.</span> <span class='ocrx_word' id='word_1_496' title='bbox 1038 3346 1099 3378; x_wconf 71' lang='lat'>6013</span> <span class='ocrx_word' id='word_1_497' title='bbox 1116 3354 1148 3378; x_wconf 86' lang='lat' dir='ltr'>et</span> <span class='ocrx_word' id='word_1_498' title='bbox 1167 3348 1219 3379; x_wconf 80' lang='grc'>13.</span> <span class='ocrx_word' id='word_1_499' title='bbox 1241 3348 1317 3379; x_wconf 77' lang='grc'>297.</span> 
     </span>
    </p>
   </div>
  </div>
 </body>
</html>
