2481 3678
762 221 802 250 m*
839 220 1044 251 somnam
1080 205 1421 250 uoiw111..v.al.
1462 220 1523 249 iv.
2116 207 2173 266 47

106 304 195 343 ἀλλὰ
214 305 310 358 παρὰ
336 305 398 351 τὴν
419 305 557 356 ἄγνοιαν
585 305 653 340 τῶν
676 302 846 355 ὁρώντων.
878 305 932 341 Οὐ
957 307 1056 340 τοῦτο
1087 300 1123 338 δὲ
1151 307 1264 352 Eque
1281 299 1348 338 hoc
1365 314 1477 338 unum
1494 300 1596 338 nobis
1617 300 1814 338 damnum
1807 314 1842 338 m
1859 312 2000 352 pccc1to
2018 302 2177 352 degenti-

105 367 206 417 μόνον
221 372 305 418 ἡμῖν
324 368 363 406 τὸ
380 367 486 404 δεινὸν
505 371 574 408 τοῖς
604 367 637 403 ἐν
660 364 848 415 ἁμαρτίαις
878 359 954 403 οῧσι
977 362 1124 414 συμὸαί-

102 444 173 476 νει,
203 431 279 468 ἀλλ’
300 428 352 466 ὅτι
371 428 430 466 καὶ
448 427 544 479 φόὸῳ
572 428 726 477 συζῶμεν
747 428 911 474 διηνεκεῖ·
938 427 997 464 καὶ
1017 426 1125 464 καθά-

101 506 167 542 περ
193 494 223 528 οἱ
243 489 298 528 διὰ
319 490 438 532 νυκτὸς
458 488 624 536 ἀσελήνου
649 487 841 539 βαδίζοντες
859 488 1040 541 τρέμουσι,
1060 487 1123 525 κᾶν

103 551 222 600 μηδεὶς
247 554 264 588 ὃ
285 551 398 603 φοὸῶν
420 554 535 602 παρῇ·
556 549 646 588 οὕτω
664 549 724 588 καὶ
743 553 774 588 οἱ
795 549 857 596 τὴν
876 549 1049 600 ἁμαρτίαν
1067 551 1123 601 ἐρ-

101 611 301 662 γαζόμενοι,
317 614 452 664 Οαῤῥεῖν
473 614 533 649 οὐκ
549 611 667 663 ἔχουσι
679 642 688 659 ,
714 610 776 648 κᾶν
799 611 918 661 μηδεὶς
934 613 952 647 ὃ
971 610 1122 662 ἐλέγχων

101 666 136 722 ἦ,
150 671 239 709 ἀλλὰ
246 672 362 710 πάντα
373 672 558 720 δεδοίκασι,
570 672 629 710 καὶ
639 670 1038 719 ὑποπτεύουσιν,ὓπὸτο’ῦ
1047 687 1124 709 συν-

102 732 230 776 ειδότος
250 738 263 754 ‘³
273 733 503 785 κεντούμενοι,
514 734 574 771 καὶ
587 734 703 772 πάντα
722 736 834 777 αὐτοῖς
845 732 941 776 δέους
953 732 1014 770 καὶ
1034 735 1123 781 ἀγω-

101 793 177 838 νίας
192 795 264 833 ἐστὶ
279 794 406 845 μεστὰ,
420 795 535 833 πάντα
548 794 816 847 περιὸλέπονται
827 825 836 841 ,
853 794 969 832 πάντα
983 793 1124 845 φοὸοῧν-

101 855 350 906 ται.(Ι)ύγωμεν
364 855 476 894 τοίνυν
488 854 551 901 τὴν
564 854 670 899 οὕτως
680 854 846 908 ὀδυνηρὰν
860 855 963 901 ζωήν.
978 854 1049 893 Καὶ
1057 853 1126 906 γὰρ

105 914 192 965 μετὰ
205 915 267 962 τὴν
283 916 405 963 ὀδύνην
419 916 546 963 ταύτην
563 916 707 959 θάνατος
722 916 860 968 ἕψεται,
881 916 1025 959 Θάνατος
1045 916 1127 954 ἀθά-

102 991 218 1019 νατος·
240 976 316 1014 οὐδὲ
339 977 406 1030 γάρ
422 979 494 1015 ἐστι
508 980 570 1023 τῆς
583 980 652 1015 ἐκεῖ
665 977 840 1020 κολάσεως
853 976 948 1020 τέλος
961 992 968 998 ·
989 975 1048 1013 καὶ
1070 977 1126 1013 ἐν-

101 1040 212 1075 ταῦθα
246 1036 281 1075 δὲ
312 1040 380 1074 τῶν
415 1037 687 1090 παραπαιόντων
711 1036 804 1076 οὐδὲν
827 1037 1064 1089 διενηνόχασιν
1096 1039 1127 1074 οἳ

102 1098 295 1151 πράγματα
313 1100 606 1151 ὀνειροπολοῦντες
627 1100 691 1150 οὐχ
703 1101 896 1151 ὑφεστῶτα.
911 1098 981 1137 Καὶ
996 1097 1063 1150 γὰρ
1076 1099 1128 1136 δο-

72 1180 76 1182 -
102 1163 200 1196 κοῦσι
225 1161 384 1197 πλουτεῖν
406 1162 443 1197 οὐ
464 1161 704 1206 πλουτοῦντες,
722 1160 780 1197 καὶ
800 1159 975 1209 νομίζουσι
996 1165 1127 1212 τρυφᾷν

103 1221 141 1257 οὐ
159 1223 369 1272 τρυφῶντες,
385 1221 444 1257 καὶ
463 1223 500 1258 οὐ
526 1220 692 1273 πρότερον
710 1219 929 1258 αἰσθάνονται
950 1224 1012 1266 τῆς
1040 1221 1129 1258 ἀποί-

103 1297 164 1327 της
183 1283 230 1324 ὣς
256 1280 325 1332 χρὴ
342 1281 488 1328 ταύτης,
504 1280 568 1324 ἕως
586 1280 624 1318 ἂν
640 1284 701 1326 τῆς
717 1280 841 1331 μανίας
865 1283 1128 1332 ἀπαλλαγῶσιν,

117 1338 170 1382 ’ως
183 1339 221 1376 ἂν
237 1339 293 1376 τὸν
316 1338 420 1377 ὕπνον
439 1339 724 1383 ἀποτινάξωνται.
741 1340 804 1377 Διὸ
822 1339 939 1391 νήφειν
955 1339 1016 1376 καὶ
1030 1342 1128 1392 ἐγρη-

104 1399 242 1451 γορέναι
265 1406 369 1438 πᾶσιν
385 1403 402 1437 ὁ
418 1401 557 1443 Παῦλος
571 1401 589 1420 *
603 1400 877 1452 παρακελεύεται
894 1415 901 1422 ·
923 1400 983 1437 καὶ
1006 1403 1023 1438 ὁ
1043 1401 1129 1453 Χρι-

105 1459 183 1502 στὸς
211 1458 255 1496 τὰ
285 1458 373 1495 αὐτὰ
398 1459 516 1496 πάλιν.
536 1459 580 1496 ‘O
599 1459 714 1511 νήφων
747 1459 806 1496 καὶ
833 1457 1045 1510 ἐγρηγορὼς,
1065 1458 1128 1495 κᾶν

104 1519 170 1556 ὑπὸ
192 1522 252 1565 τῆς
274 1519 448 1570 ἁμαρτίας
475 1521 567 1571 ἁλῷ,
589 1519 724 1571 ταχέως
756 1518 860 1565 αὐτὴν
882 1519 1129 1571 ἀποκρούεται·

104 1582 121 1617 ὃ
138 1579 173 1618 δὲ
195 1580 368 1617 καθεύδων
390 1580 449 1618 καὶ
465 1580 671 1626 ἐξεστηκὼς,
688 1582 749 1617 οὐκ
764 1579 965 1618 αἰσθάνεται
983 1583 1058 1623 πῶς
1072 1580 1130 1618 ὑπ’

105 1642 211 1688 αὐτῆς
236 1641 432 1694 κατέχεται.
464 1640 524 1687 Μὴ
540 1640 650 1679 τοίνυν
665 1640 897 1692 καθεύδωμεν.
918 1643 972 1679 Οὐ
989 1641 1057 1694 γὰρ
1072 1657 1128 1679 νυ·

105 1703 183 1746 κτὸς
199 1707 216 1741 ὃ
235 1702 372 1756 καιρὸς,
396 1704 471 1741 ἀλλ’
498 1703 640 1755 ἡμέρας.
658 1701 720 1745 εΩς
740 1706 772 1742 ἓν
796 1702 913 1757 ἡμέρᾳ
943 1702 1056 1740 τοίνυν
1073 1703 1128 1741 εὗ-

105 1764 290 1816 σχημόνως
306 1763 611 1816 περιπατήσωμεν.
624 1763 735 1802 Οὐδὲν
752 1763 820 1817 γὰρ
836 1764 1009 1817 ἁμαρτίας
1021 1768 1131 1817 ἀσχη-

107 1826 321 1880 μονέστερον.
336 1826 507 1865 ’Ἑλαττον
528 1825 634 1864 κακὸν
669 1828 714 1870 εἷς
737 1826 983 1879 ἀσΑ·ημοσύν·ης
1008 1826 1108 1879 λόγον
1121 1858 1131 1875 ,

105 1887 254 1939 γυμνοὺς
266 1919 274 1935 ,
294 1887 316 1934 ἢ
333 1889 595 1942 ἁμαρτάνοντας
609 1893 624 1908 ³
639 1887 661 1933 ἢ
681 1890 975 1938 πλημμελοῦντας
994 1889 1131 1943 περιέρ-

105 1952 240 2001 χεσθαι.
258 1949 393 1988 Ἐκεῖνο
409 1949 470 2001 μὲν
489 1949 556 2002 γὰρ
578 1951 614 1987 οὐ
629 1953 789 1988 τοσοῦτον
809 1949 988 2002 ἔγκλημα·
1003 1950 1133 1989 πολλοί-

106 2027 160 2054 κις
178 2010 246 2064 γὰρ
277 2011 336 2049 καὶ
357 2011 425 2049 ἀπὸ
454 2010 574 2054 πενίας
603 2010 726 2061 γένοιτ’
746 2011 803 2048 ἅν·
824 2016 882 2049 τοῦ
912 2010 947 2049 δὲ
968 2012 1131 2065 ἁμαρτά-

107 2088 221 2115 νοντος
247 2072 340 2111 οὐδὲν
364 2071 585 2125 αἰσχρότερον
616 2071 676 2109 καὶ
703 2071 918 2126 ἀτιμότερον.
934 2072 1132 2120 Ἔννοήσω-

108 2150 169 2185 μεν
198 2128 254 2173 οῧν
279 2134 356 2178 τοὺς
374 2135 421 2177 εἷς
440 2133 660 2185 δικαστήριον
679 2134 844 2178 ἀπιόντας
858 2134 1019 2188 ἁρπαγῆς
1032 2134 1133 2174 ἕνεκα

106 2195 166 2233 καὶ
184 2195 399 2241 πλεονεξίας,
426 2198 500 2238 πῶς
520 2194 657 2246 αἰσχροὶ
680 2194 739 2232 καὶ
771 2195 1025 2247 καταγέλαστοι
1054 2197 1132 2249 φαί-

106 2273 242 2305 νονται,
272 2257 388 2296 πάντα
410 2259 735 2308 ἀναισχυντοῦντες,
753 2256 956 2309 ψευδόμενοι
976 2258 1035 2296 καὶ
1056 2261 1132 2297 ἰτα-

108 2319 303 2370 μευόμενοι.
325 2318 449 2368 ίΗμεῖς
471 2316 507 2355 δὲ
524 2316 631 2360 οὕτως
650 2317 753 2369 ἐσμὲν
770 2318 909 2357 ἐλεεινοὶ
934 2320 993 2358 καὶ
1013 2321 1133 2358 ταλαί-

106 2396 235 2433 πωροι,
255 2382 301 2423 ὡς
321 2379 458 2430 ἱμάτιον
481 2377 541 2429 μὲν
560 2377 607 2429 μὴ
626 2378 664 2416 ἂν
686 2381 872 2430 ὖπομεῖναι
892 2381 1011 2424 ἁπλῶς
1026 2398 1131 2434 περι-

109 2441 277 2479 Ξαλέσθαι
304 2440 365 2478 καὶ.
392 2439 691 2491 διεστραμμένως,
721 2439 811 2478 ἀλλὰ
827 2440 890 2478 κᾶν
908 2441 1023 2495 ἕτερον
1044 2443 1130 2481 ἴδω-

109 2519 170 2554 μεν
200 2508 300 2541 τοῦτο
327 2502 511 2553 πάσχοντα
523 2532 532 2548 ,
563 2501 808 2554 διορθούμεθα·
838 2503 977 2542 πάντων
1008 2504 1044 2543 δὲ
1071 2506 1132 2544 καὶ

106 2568 206 2615 ἡμῶν
222 2564 282 2602 καὶ
304 2567 371 2601 τῶν
387 2562 533 2609 πλησίον
554 2562 645 2600 κατὰ
660 2566 810 2614 κεφαλῆς
836 2566 1131 2616 περιπατούντων,

111 2625 198 2677 μηδὲ
227 2625 506 2664 ἐπαισθάνεσθαι.
527 2623 575 2661 Τί
593 2623 660 2675 γὰρ
689 2625 925 2677 αἰσχρότερον,
955 2627 1030 2664 εἶπέ
1054 2644 1132 2678 μοι,

109 2687 230 2738 ἀνδρὸς
247 2702 333 2739 προς
348 2690 497 2736 (omi-soc
510 2683 638 2737 πόρνην
657 2684 882 2730 εἷσιόντος;τί
898 2685 933 2724 δὲ
953 2687 1134 2740 υέριστοῧ,

107 2748 141 2786 τί
169 2746 205 2786 δε
230 2746 385 2799 λοιδόρου
422 2761 481 2783 και
510 2744 684 2795 βασκανου
713 2761 803 2782 κατα
806 2746 1050 2798 (ελαστοτερον
1079 2765 1135 2799 γε

108 2811 191 2847 νοιτ’
211 2808 275 2846 ἄν·
267 2807 393 2855 ,πόθεν
411 2810 468 2845 οὖν
484 2809 521 2844 οὐ
536 2807 628 2843 δογεῖ
645 2810 730 2843 ταυτ
734 2822 754 2843 α
765 2805 870 2849 οὕτως
885 2811 972 2844 εἰναι
992 2808 1133 2861 αἰσχρα,

110 2873 156 2915 ὡς
174 2887 213 2910 το
230 2885 375 2922 (υμφους
394 2875 614 2921 περιπατεῖν,
623 2866 706 2904 Ἀπο
721 2869 782 2912 τῆς
796 2868 1000 2916 ι’συνηθείας
1016 2869 1133 2920 αόνης.

109 2933 142 2969 Τ
145 2937 222 2970 οῧτο
238 2931 298 2982 μὲν
319 2930 386 2983 γὰρ
406 2930 512 2974 οὐδεὶς
533 2929 693 2967 οὐδέποτε
714 2928 801 2967 ἑκὼν
818 2929 942 2968 ἔπαθεν
953 2945 960 2951 ·
977 2933 1085 2968 ἐκεῖνο
1099 2930 1134 2969 δὲ

111 2993 239 3031 ἅπασιν
256 2992 309 3030 ἀεὶ
327 2994 499 3042 τολμᾶται
519 2989 607 3041 μετὰ
629 2989 754 3032 ἀδείας.
773 2990 875 3028 Ἐπεὶ
895 2990 927 3028 εἴ
938 3007 989 3034 τις
1004 2992 1050 3034 εἷς
1073 2994 1134 3042 ἀγ-

109 3054 218 3106 γέλων
238 3055 367 3099 πλῆθος
385 3047 488 3099 ἦλθε,
504 3053 587 3104 παρ’
616 3045 664 3094 οἷς
687 3050 782 3089 οὐδὲν
803 3051 965 3090 οὐδέποτε
983 3058 1133 3091 τοιοῦτον

111 3120 265 3172 ἐγένετο,
285 3124 298 3139 ⁰
313 3112 398 3158 εἶδεν
429 3119 468 3156 ἂν
491 3118 568 3156 τότε
597 3118 750 3171 ἀκριέῶς
779 3118 836 3156 τὸν
853 3118 959 3156 πολὺν
988 3118 1135 3170 γέλωτα.

111 3186 182 3225 Καὶ
202 3185 237 3223 τί
256 3186 346 3238 λέγω
360 3187 490 3233 πλῆθος
504 3185 680 3236 ἀγγέλων,
697 3184 757 3223 Ἐν
778 3183 846 3237 γὰρ
860 3191 930 3228 τοῖς
951 3186 1136 3235 βασιλείοις

154 3299 166 3312 ⁰
181 3295 378 3334 κεντούμενοι,
391 3291 436 3322 sic
449 3289 550 3323 Savil.
566 3296 600 3321 et
609 3288 724 3321 Movet.
743 3288 802 3320 Alii
822 3291 1005 3330 δακνόμενοι.

159 3344 175 3360 *
192 3342 291 3385 [Cod.
311 3344 374 3375 705
390 3345 617 3386 παρεκελεύετο.
638 3339 740 3373 Savil.
760 3342 986 3382 &immin-w]

160 3407 171 3419 ἢ
190 3394 311 3439 {savit
346 3403 378 3427 et
410 3393 519 3427 Codd.
554 3395 630 3425 705.
652 3394 714 3425 706
731 3398 777 3425 καὶ
795 3393 871 3433 th]

1195 363 1263 401 bus
1284 362 1439 412 accidit;
1458 362 1520 400 sed
1538 371 1571 401 et
1598 363 1633 400 in
1653 371 1822 415 perpetuo
1849 372 1943 400 metu
1966 378 2173 402 versamur:

1196 437 1236 462 ac
1273 422 1577 474 quemadmodum
1614 423 1640 461 ii
1681 423 1742 474 qui
1766 438 1830 475 per
1856 433 1993 461 noctem
2030 425 2177 462 illunc-nx

1197 485 1264 523 iter
1280 494 1404 535 agunt,
1423 499 1561 537 semper
1584 494 1752 533 tremunt,
1773 485 1855 522 licet
1872 499 1973 522 nemo
2001 486 2094 523 adsit
2118 488 2179 537 qui

1198 555 1332 584 metum
1359 545 1509 584 incutiat
1532 562 1540 582 :
1561 546 1610 584 sic
1638 546 1664 584 ii
1692 546 1753 597 qui
1779 546 1931 598 peccatis
1947 546 2061 584 dediti
2081 557 2176 595 sunt,

1196 607 1308 646 fidere
1332 617 1524 658 nequeunt,
1543 608 1681 646 etiamsi
1707 608 1827 646 nullus
1852 608 1946 646 adsit
1972 609 2032 659 qui
2058 609 2180 647 redar-

1197 678 1282 720 guat
1295 684 1307 719 ;
1336 669 1399 707 scd
1423 669 1542 706 omnia
1567 669 1761 707 formidant
1788 679 1822 707 et
1849 680 2009 721 suspecta
2033 671 2178 720 habent,

1198 730 1410 769 conscientia
1434 731 1652 781 stimulante,
1673 732 1861 782 omniaque
1884 732 1970 783 ipsis
1991 742 2124 771 terrore
2149 743 2183 771 et

1199 793 1391 830 formidine
1406 793 1510 845 plena
1524 802 1617 842 sunt,
1629 794 1748 831 omnia
1766 793 1865 831 anxii
1880 794 2182 847 circumspiciunt.

1201 855 1294 892 Tam
1318 855 1503 892 molestam
1528 868 1612 905 ergo
1636 854 1749 893 vitam
1769 855 1961 906 fugiamus.
1984 857 2075 893 Nam
2106 865 2185 908 post

1200 929 1367 968 angorem
1385 915 1604 968 hujusmodi,
1620 930 1714 954 mors
1732 926 1911 966 sequetur,
1930 931 2023 954 mors
2041 918 2185 955 immor-

1200 979 1282 1016 talis
1302 995 1309 1015 :
1331 978 1408 1016 illic
1430 979 1525 1016 enim
1550 979 1670 1016 nullus
1699 979 1869 1031 supplicii
1896 980 1978 1017 finis
2002 981 2095 1029 erit;
2128 981 2187 1018 hic

1202 1053 1287 1077 vero
1306 1039 1352 1077 ab
1381 1039 1639 1077 insanientibus
1667 1040 1759 1077 nihil
1783 1040 1954 1078 differunt
1981 1041 2025 1090 ii,
2045 1042 2104 1091 qui
2134 1056 2187 1079 res

1202 1100 1271 1139 sibi
1288 1100 1449 1152 fingunt,
1469 1115 1547 1151 quae
1569 1115 1612 1139 ne
1630 1101 1777 1152 quidem
1799 1102 1986 1140 exsistunt.
2010 1103 2188 1142 Videntur

1203 1163 1297 1200 enim
1319 1162 1387 1200 sibi
1413 1162 1544 1200 divites
1556 1177 1647 1209 esse,
1666 1177 1748 1201 cum
1766 1177 1835 1201 non
1854 1164 1947 1214 sint,
1965 1179 2001 1202 se
2027 1164 2188 1202 deliciari

1202 1231 1342 1276 putant,
1357 1232 1392 1260 et
1419 1224 1528 1261 nullae
1549 1224 1710 1261 deliciae:
1740 1240 1803 1263 nec
1821 1225 1921 1277 prius
1949 1226 2127 1264 fallaciam
2149 1236 2189 1264 ut

1204 1299 1268 1337 par
1296 1293 1385 1321 esset
1402 1285 1573 1334 sentiunt,
1594 1300 1701 1335 quam
1721 1287 1766 1324 ab
1791 1286 1857 1323 hac
1874 1286 2009 1324 insania
2036 1288 2188 1325 liberen-

1203 1354 1276 1393 tur,
1297 1355 1330 1382 et
1346 1344 1458 1382 donec
1484 1360 1648 1383 somnum
1669 1347 1864 1384 excutiant.
1883 1347 2039 1398 Ideoque
2068 1358 2107 1385 ut
2134 1363 2189 1386 so-

1202 1405 1274 1443 brii
1291 1405 1402 1443 simus
1416 1415 1451 1443 et
1464 1406 1655 1457 vigilemus
1675 1408 1808 1446 Paulus
1830 1410 1996 1446 omnibus
2008 1410 2188 1462 praecipit:

1204 1475 1237 1503 et
1269 1465 1429 1517 idipsum
1451 1481 1591 1516 quoquc
1613 1468 1790 1506 Christus.
1816 1469 1889 1515 Qui
1915 1471 2055 1508 sobrius
2080 1481 2131 1509 est
2158 1481 2192 1509 et

1204 1527 1346 1577 vigilat,
1367 1526 1397 1563 si
1414 1542 1433 1563 a
1456 1537 1599 1578 peccato
1620 1529 1795 1580 capiatur,
1809 1530 1879 1568 cito
1897 1531 2015 1583 ipsum
2036 1535 2188 1572 excutit:

1207 1587 1267 1636 qui
1298 1601 1384 1624 vero
1413 1587 1548 1625 dormit
1573 1598 1635 1625 aut
1664 1589 1818 1640 insanit,
1847 1605 1890 1628 nc
1918 1592 2064 1642 quidem
2089 1594 2194 1631 sentit

1207 1648 1385 1698 quomodo
1404 1663 1424 1686 a
1447 1658 1590 1701 peccato
1616 1658 1788 1689 teneatur.
1814 1653 1868 1689 Ne
1890 1652 2010 1703 itaque
2036 1654 2193 1692 dormia—

1206 1724 1298 1747 mus.
1331 1711 1455 1761 Neque
1479 1711 1574 1749 enim
1605 1712 1720 1750 noctis
1746 1722 1885 1766 tempus
1911 1723 1985 1764 est,
2020 1716 2082 1753 sed
2103 1716 2189 1754 diei.

1206 1771 1330 1821 Itaque
1346 1770 1452 1808 Sicut
1477 1774 1518 1808 in
1541 1774 1604 1809 die
1632 1774 1788 1811 honeste
1813 1777 2067 1815 ambulemus.
2094 1778 2195 1816 Nihil
2210 1786 2285 1814 Rom
2316 1787 2361 1814 13.

1205 1831 1301 1869 enim
1322 1841 1465 1884 peccato
1494 1832 1648 1885 turpius.
1669 1834 1792 1872 Minus
1815 1844 1866 1873 est
1896 1837 2044 1887 malum,
2070 1853 2193 1878 sccun-
2214 1828 2259 1855 ¹3¹
2304 1872 2398 1898 Satius

1206 1892 1295 1930 dum
1312 1893 1548 1945 turpitudinis
1561 1893 1748 1945 1ati0nem,
1767 1896 1896 1947 nudos,
1916 1912 2023 1948 quam
2041 1901 2194 1951 peccatis
2209 1922 2236 1937 e:
2242 1917 2251 1938 ι
2283 1914 2396 1940 nudum

1206 1963 1240 1992 et
1258 1955 1450 1992 sceleribus
1467 1964 1610 1993 onustos
1633 1956 1876 1995 obambulare.
1897 1959 1994 1997 Illud
2010 1960 2104 1998 enim
2122 1976 2191 2000 non
2207 1963 2292 2021 Εἲς]
2323 1966 2397 2024 ἕξ·

1206 2026 1345 2055 tantum
1372 2017 1504 2056 crimen
1534 2027 1647 2055 esset.
1674 2032 1766 2071 saepe
1793 2034 1946 2070 namque
1967 2036 2012 2060 ex
2040 2038 2192 2076 paupei-
2208 2042 2283 2063 stum
2334 2050 2397 2065 am-

1206 2090 1277 2119 tate
1299 2079 1440 2118 oritur:
1464 2089 1646 2132 pcccat01c
1669 2090 1787 2119 autem
1810 2082 1899 2120 nihil
1922 2084 2077 2136 turpius,
2102 2086 2195 2124 nihil
2210 2079 2320 2107 ''¹¹³¹0·

1207 2151 1386 2181 contemtu
1402 2141 1562 2193 dignius.
1578 2141 1782 2194 Cogitemus
1798 2158 1882 2195 eigo
1898 2159 1969 2195 cos,
1987 2146 2047 2196 qui
2062 2148 2197 2200 rapinre

1207 2212 1241 2242 et
1261 2217 1378 2241 usurae
1395 2217 1501 2241 causa
1516 2203 1552 2241 in
1570 2203 1753 2255 judicium
1768 2214 1970 2258 raptantur,
1991 2222 2098 2257 quam
2121 2219 2196 2247 tur-

1207 2281 1282 2319 pes,
1314 2279 1423 2316 quam
1449 2264 1596 2302 ridiculi
1619 2265 1825 2316 videantur,
1841 2276 1881 2304 ut
1903 2268 1964 2318 qui
1987 2269 2105 2306 omnia
2128 2270 2195 2306 im-

1207 2328 1396 2381 pudenter,
1418 2327 1593 2365 fallaciter
1615 2337 1745 2365 etcum
1763 2328 1930 2367 violentia
1949 2331 2096 2380 egerint.
2123 2333 2194 2368 Nos

1206 2401 1326 2430 autem
1347 2391 1396 2428 ita
1414 2390 1535 2428 miseri
1557 2390 1784 2440 infelicesque
1804 2405 1937 2438 sumus,
1951 2400 1990 2428 ut
2011 2392 2099 2429 dum
2116 2394 2194 2444 pal-

1205 2453 1297 2491 lium
1320 2451 1541 2502 negligenter
1568 2451 1625 2489 vel
1655 2460 1853 2488 transverse
1874 2451 2030 2502 positum
2058 2463 2193 2504 gestare

1207 2528 1277 2552 non
1295 2512 1479 2565 patimur,
1505 2511 1576 2548 imo
1599 2511 1758 2562 idipsum
1782 2511 1819 2548 in
1843 2512 1914 2550 alio
1939 2514 2191 2563 emendamus;

1207 2587 1289 2612 cum
1305 2582 1422 2610 autem
1445 2579 1478 2607 ct
1500 2584 1563 2608 nos
1579 2580 1612 2607 et
1633 2570 1791 2622 proximi
1805 2573 1916 2610 nostri
1935 2573 2076 2612 inverso
2095 2578 2191 2628 capi-

1208 2644 1241 2672 te
1271 2632 1518 2680 ambulemus,
1543 2630 1584 2668 id
1611 2645 1654 2669 ne
1685 2632 1831 2682 quidem
1857 2634 2063 2674 sentiamus.
2092 2638 2193 2683 Quid

1208 2694 1317 2743 enim,
1339 2707 1470 2745 quaeso,
1490 2692 1630 2745 turpius
1654 2693 1745 2743 viro,
1769 2694 1830 2745 qui
1851 2698 2072 2736 meretricem
2086 2700 2191 2738 adit?

1210 2755 1298 2807 quid
1328 2755 1595 2804 contumelioso,
1621 2755 1708 2805 quid
1732 2756 1932 2806 maledico,
1952 2759 2039 2808 quid
2067 2760 2193 2799 invido

1208 2817 1283 2855 risu
1305 2815 1482 2868 dignius?
1515 2815 1578 2866 qui
1604 2815 1683 2853 fieri
1704 2826 1820 2868 potest
1861 2828 1900 2855 ut
1927 2818 2002 2857 haec
2027 2833 2094 2858 non
2120 2831 2193 2860 tam

1207 2879 1327 2932 turpia
1341 2879 1554 2929 habeantur,
1574 2893 1680 2929 quam
1697 2879 1811 2917 nudos
1834 2882 2045 2921 ambulare?
2065 2886 2093 2921 A
2110 2899 2192 2923 con—

1207 2939 1394 2979 suetudine
1408 2949 1558 2978 tantum.
1575 2939 1672 2978 Illud
1687 2940 1781 2978 enim
1793 2956 1895 2980 nemo
1912 2958 2068 2994 unquam
2087 2960 2192 2998 spon-

1207 3012 1241 3041 te
1257 3018 1319 3041 sua
1337 3016 1460 3054 passus
1477 3011 1541 3051 est,
1557 3002 1625 3039 hoc
1646 3016 1730 3040 vero
1753 3017 1873 3042 omnes
1895 3006 2113 3045 confidenter
2130 3023 2192 3046 au-

1206 3063 1303 3102 dent.
1335 3064 1437 3101 Certe
1459 3063 1489 3101 si
1517 3062 1596 3113 quis
1618 3063 1827 3114 angelorum
1849 3075 1979 3104 coetum
2001 3068 2130 3117 adiret,
2155 3070 2191 3107 in

1207 3139 1278 3177 quo
1304 3125 1397 3163 nihil
1432 3138 1591 3174 unquam
1617 3124 1824 3176 hujusmodi
1853 3136 1990 3177 gestum
2018 3139 2068 3166 cst
2085 3160 2094 3173 ,
2121 3140 2191 3168 sta-

1206 3187 1273 3224 tim
1314 3185 1452 3223 viderct
1492 3199 1601 3235 quam
1634 3184 1787 3223 ridicula
1820 3201 1875 3225 res
1905 3198 2005 3226 essct.
2047 3190 2190 3241 Ecquid

1227 3292 1243 3315 ¹¹
1260 3290 1322 3322 Alii
1348 3295 1498 3327 συνηθείας
1524 3292 1646 3327 ταύτης.

1229 3354 1240 3367 c
1259 3342 1373 3374 Morel.
1395 3345 1466 3375 εἶδεν
1483 3347 1518 3374 ἂν
1534 3349 1614 3375 τότε.
1629 3341 1717 3374 Savil
1751 3346 1824 3376 εἶδεν
1840 3350 1874 3377 αν
1889 3349 1989 3378 αὑτοῦ·

1955 3478 1981 3496 1.
