2481 3678
88 803 271 834 R11111.15.3.

88 868 175 896 Psnl.
188 866 238 897 68.

91 915 137 936 ῘΟ.

94 958 118 977 1.
141 949 211 977 Cor.
228 958 273 979 ιο.

89 992 136 1028 24.

90 1171 176 1199 Rom.
192 1171 273 1200 125.

119 1239 274 1267 Christiani

90 1291 180 1308 unum
214 1292 277 1308 cor-

89 1331 140 1358 pus
184 1327 274 1355 sunt,

88 1364 164 1399 qnod
235 1370 274 1391 cst

89 1406 246 1431 niaximum

87 1446 219 1472 amicitia*

88 1486 246 1513 vinculum.

99 2285 122 2302 ι.
144 2274 213 2301 Γω.
232 2281 275 2301 12,

98 2315 142 2342 13.

98 2578 204 2614 [Cpb-vs.
232 2575 260 2604 5.

100 2628 136 2649 ει)

296 233 375 259 Ιιὶζὶ
815 228 998 258 ,ΙΟΑᾸΝΙΞ
1033 226 1283 256 (ΣΙΙΙὶὶδθὸΤ.

739 231 776 258 5.

285 312 333 348 sis
353 311 548 348 Dominum
565 309 745 347 doctorem
764 309 949 347 habemus.
972 308 1080 346 Tanti
1101 321 1184 358 ergo
1203 306 1267 344 ho-

288 371 380 409 noris
393 371 539 421 dignam
558 369 823 422 philosophiam
840 369 1078 422 proferamus,
1107 367 1269 417 nihilque

286 434 478 471 habeamus
497 447 579 470 cum
598 441 689 471 terra
707 445 903 469 commune.
936 430 1021 468 Ideo
1040 443 1192 479 namque
1211 428 1270 466 illc

287 495 331 533 de
348 494 442 533 ca¹lis
457 494 559 532 nobis
578 492 776 531 doctrinam
798 492 937 542 attulit,
961 501 999 529 ut
1017 506 1058 529 eo
1085 490 1269 542 cogitatio-

287 570 367 594 nem
385 565 541 593 nostram
560 554 782 602 transferret,
808 561 842 590 et
860 567 925 605 pro
943 552 1044 590 virili
1055 560 1173 589 nostra
1188 550 1269 587 imi-

289 627 416 655 tatores
438 615 601 653 Doctoris
620 614 729 652 nostri
754 614 878 652 simus.
911 613 959 651 Et
984 612 1161 664 quomodo
1189 626 1269 663 pos—

287 692 428 723 sumus,
450 676 606 726 inquies,
629 674 822 712 imitatores
841 673 1082 712 Clu-istiessei‘
1102 673 1141 711 Si
1154 672 1270 710 onmia

287 739 332 776 ad
348 752 571 775 communem
590 736 779 774 utilitatem
797 736 986 786 faciainus,
1009 750 1070 773 nec
1098 749 1176 785 quae
1208 747 1271 772 no-

287 809 358 836 stra
380 807 461 835 sunt
479 812 691 848 quau-amus.
715 798 817 835 Nam
838 806 872 835 et
899 796 1075 835 Christus
1101 810 1176 834 non
1197 797 1272 833 sihi

289 865 358 913 ipsi
367 863 525 914 placuit,
537 863 603 899 sed
611 864 709 900 sicut
719 861 898 912 scriptum
910 860 1195 912 est.0ppr·ol›ria
1207 874 1270 897 ex-

289 927 553 977 probrantium
575 926 643 961 tibi
671 924 890 961 ceciderunt
909 936 1022 975 super
1047 937 1116 960 me.
1150 923 1271 960 Nemo

289 989 408 1038 igitur
435 986 539 1038 quod
562 998 671 1023 suum
700 993 756 1021 est
783 993 943 1036 quoerat.
980 983 1039 1022 Sic
1067 984 1161 1022 enim
1192 983 1270 1033 quis

290 1047 382 1098 quod
405 1062 506 1084 suum
519 1056 569 1084 cst
581 1045 727 1097 quaerit,
742 1045 771 1083 si
789 1045 886 1095 quod
897 1045 1104 1097 proximum
1121 1053 1269 1096 spectat,

290 1107 468 1159 respiciat.
489 1109 580 1146 Nam
599 1121 677 1157 quae
702 1105 862 1158 proximi
890 1114 991 1154 sunt,
1026 1114 1143 1142 nostra
1173 1114 1268 1142 sunt.

294 1169 439 1219 Corpus
456 1182 573 1206 unum
589 1179 739 1215 sumus,
757 1166 858 1202 alter
875 1166 1036 1202 alterius
1055 1167 1224 1202 membra
1237 1173 1274 1201 et

288 1239 430 1281 partes.
454 1231 506 1267 Ne
522 1230 632 1280 igitur
668 1229 717 1265 ita
734 1228 850 1264 affecti
869 1227 980 1264 simus
998 1240 1038 1263 ac
1053 1226 1082 1263 si
1101 1226 1274 1277 segregati

289 1305 441 1328 essemus
456 1306 463 1326 :
485 1305 527 1327 ne
543 1289 621 1339 quis
633 1287 781 1338 dixerit,
795 1287 860 1324 Ille
867 1287 957 1324 mihi
973 1286 1108 1324 amicus
1119 1301 1189 1324 non
1206 1295 1271 1337 est,

1292 376 1315 407 C

290 1366 356 1389 non
377 1359 566 1402 cognatus,
589 1363 658 1387 non
678 1348 838 1398 vicinus,
855 1362 969 1398 neque
988 1347 1077 1397 quid
1088 1361 1275 1385 commune

288 1426 369 1449 cum
388 1411 449 1448 illo
460 1411 573 1448 habeo
587 1426 594 1446 ε
607 1408 786 1460 quomodo
806 1407 997 1446 accedam?
1018 1407 1109 1458 quid
1130 1407 1275 1445 dicam?

288 1472 439 1509 Etiamsi
456 1471 550 1508 enim
569 1484 638 1508 non
661 1478 849 1520 cognatus,
874 1468 1011 1506 etiamsi
1040 1482 1109 1506 non
1139 1469 1273 1506 amicus

287 1533 352 1582 sit,
372 1542 408 1569 at
422 1533 530 1570 homo
549 1541 599 1569 est
612 1531 771 1583 ejusdem
783 1538 917 1567 natura)
928 1560 938 1578 ,
960 1529 1124 1567 eumdem
1140 1529 1273 1567 habens

289 1593 500 1637 Dominum,
532 1605 741 1639 conservus,
775 1589 1037 1627 contubernalis
1057 1605 1064 1626 ε
1082 1590 1117 1627 in
1149 1589 1274 1627 eodem

287 1654 418 1705 quippe
430 1652 563 1690 mundo
581 1660 644 1689 est.
661 1650 767 1697 Quod
777 1650 806 1687 si
825 1649 987 1688 eamdem
998 1650 1107 1688 fidem
1123 1651 1270 1702 habeat,
1295 1669 1318 1699 Ε

287 1729 365 1753 ecee
377 1714 576 1751 membrum
587 1721 638 1750 est
650 1721 764 1750 tuum.
780 1711 869 1757 Qure
881 1711 1038 1750 amicitia
1048 1721 1180 1749 tantam
1190 1725 1272 1749 con-

283 1775 502 1827 junctionem
520 1774 657 1812 efficere
668 1781 796 1825 potest,
811 1780 980 1822 quantam
994 1771 1079 1809 fidei
1091 1772 1273 1823 cognatio?

289 1839 411 1887 Neque
432 1836 527 1873 enim
546 1844 640 1873 tanta
660 1834 776 1873 solum
802 1833 1051 1886 propinquitas
1084 1833 1176 1871 inter
1211 1848 1274 1871 nos

289 1897 512 1947 exhibenda,
535 1905 668 1947 quanta
705 1904 757 1933 est
785 1894 891 1932 amici
928 1894 975 1933 ad
1004 1895 1179 1945 amicum,
1211 1894 1275 1933 sed

290 1967 420 2010 quanta
442 1957 590 1996 membri
602 1957 649 1995 ad
670 1956 883 1994 membrum.
907 1956 983 1994 Hoc
1002 1955 1136 2008 quippe
1151 1956 1274 1994 amici-

291 2020 346 2057 tiae
365 2028 395 2057 et
417 2018 686 2057 necessitudinis
709 2031 834 2069 genere
860 2016 1000 2055 nullum
1034 2018 1148 2070 majus
1175 2032 1273 2069 repe-

292 2081 373 2117 rias.
407 2078 722 2126 Quemadmodum
750 2091 813 2116 nec
849 2076 967 2116 dicere
998 2077 1130 2130 possis,
1171 2078 1277 2117 Unde

291 2141 378 2178 mihi
398 2140 619 2178 familiaritas
630 2148 663 2177 et
681 2137 901 2177 necessitudo
921 2152 1002 2175 cum
1015 2137 1076 2175 illo
1089 2154 1101 2189 3
1126 2138 1165 2176 id
1182 2139 1277 2177 enim
1293 2179 1323 2204 8‘)

292 2202 488 2239 ridiculum
506 2209 572 2238 cst:
591 2200 641 2238 sic
656 2214 719 2238 nec
738 2199 782 2237 de
801 2199 909 2236 fratre
931 2198 999 2236 hoc
1012 2198 1129 2237 dicere
1147 2199 1272 2251 possis.
1298 2215 1324 2245 A

296 2265 436 2301 Omnes
451 2265 564 2310 enim,
582 2260 718 2311 inquit,
738 2262 778 2296 in
799 2273 919 2297 unam
933 2273 1069 2310 corpus
1090 2262 1278 2310 baptizali

294 2337 435 2361 szcmns.
457 2324 530 2360 Cur
541 2322 577 2360 in
594 2336 706 2359 unum
725 2320 876 2373 corpus?
893 2320 943 2359 Ut
956 2334 1025 2358 non
1040 2334 1277 2372 segregenmr,

294 2385 355 2422 sed
375 2393 414 2421 ut
432 2398 476 2422 ex
495 2392 620 2421 mutua
649 2381 905 2420 necessitudine
930 2391 964 2419 ct
991 2382 1147 2420 amicitia
1175 2382 1279 2420 unius

294 2445 452 2498 corporis
470 2443 709 2483 conditionem
737 2457 931 2482 servemus
966 2444 1018 2480 Nc
1045 2457 1127 2495 ergo
1157 2443 1279 2495 proxi-

297 2521 394 2544 mum
411 2505 669 2558 despiciamus,
684 2513 723 2542 ut
746 2518 789 2542 ne
806 2518 868 2542 nos
887 2503 981 2556 ipsos
1000 2513 1277 2542 contemnamus.

299 2568 431 2615 Nemo,
452 2567 584 2617 inquit,
598 2579 751 2604 carnem
765 2579 875 2603 Sllam
891 2566 978 2602 odio
991 2566 1121 2613 habet,
1141 2565 1203 2603 scd
1216 2580 1281 2604 nu—

298 2627 355 2664 trit
381 2636 411 2664 et
434 2627 540 2664 fovet.
568 2626 652 2664 Ideo
673 2626 821 2664 domum
848 2640 956 2663 unam
980 2625 1074 2663 hunc
1106 2626 1281 2664 mundum

298 2688 400 2726 «ledit
432 2687 533 2725 nobis
567 2689 684 2736 Deus,
717 2687 835 2724 omnia
870 2700 915 2724 ex
944 2701 1045 2737 aequo
1075 2686 1279 2738 distribuit,

301 2762 409 2785 unum
425 2747 586 2785 accendit
598 2747 762 2784 omnibus
781 2748 909 2797 solem,
932 2761 1043 2785 unum
1064 2756 1194 2786 tectum
1219 2762 1282 2785 ex-

300 2808 426 2857 tendit,
455 2808 598 2856 carlum,
628 2820 734 2844 unam
757 2807 897 2858 paravit
926 2822 1102 2857 mensam,
1135 2818 1278 2846 terram.

300 2869 409 2907 Dedit
428 2881 567 2919 quoque
585 2867 731 2904 alteram
751 2880 925 2915 mensam,
958 2868 1025 2904 hac
1050 2867 1153 2919 longe
1172 2869 1284 2921 majO-

304 2945 374 2967 rem
386 2960 395 2978 ,
416 2929 478 2967 sed
490 2929 580 2966 hanc.
598 2942 724 2975 unam,
744 2936 784 2964 ut
802 2927 917 2964 sciunt
937 2929 1187 2979 mysteriorum
1202 2944 1283 2968 con-

303 3001 431 3038 sortes3
463 3003 573 3027 unum
603 2988 825 3041 spiritualem
861 2988 1094 3038 gent-rationis
1137 2990 1286 3028 modum

304 3057 467 3095 ominbus
485 3055 635 3106 largitus
651 3064 702 3092 est
722 3071 729 3090 :
750 3068 818 3091 una
838 3062 889 3091 est
914 3054 1077 3091 omnibus
1105 3056 1220 3106 patria
1250 3057 1285 3094 in

305 3125 399 3162 ‹wrlis
413 3140 419 3160 ε
432 3138 477 3161 ex
496 3121 619 3159 eodem
638 3121 745 3159 calice
767 3135 886 3158 onmes
909 3120 1081 3158 bibimus.
1111 3123 1210 3160 Nihil
1230 3123 1285 3161 di-

355 3275 359 3285 ·
387 3262 447 3293 Alii
463 3269 496 3293 et
512 3260 613 3294 Savil.
630 3266 748 3303 ἔχομεν.
765 3262 873 3296 ταύτης
891 3260 938 3291 οὖν
955 3267 1016 3295 τῆς.

353 3317 366 3336 ¹¹
393 3312 451 3345 Alii
472 3317 633 3357 ἡμετέραν-
653 3322 712 3348 πῶς
728 3313 759 3343 δέ
775 3315 834 3343 ἐστι
851 3326 921 3351 μψ-

350 3380 353 3389 ¹
387 3365 445 3397 Alii
466 3370 558 3409 sahas-
577 3369 624 3397 καὶ
641 3366 821 3404 κηδεμονίας.

355 3428 360 3441 ³
388 3416 487 3448 Sznil.
507 3415 608 3447 etalii
633 3418 792 3459 ἦιατηῃεὶν.
813 3419 856 3455 μὴ
875 3416 907 3451 δή
933 3422 1166 3456 καταφρονῶμεν
1185 3428 1209 3444 κ.
1229 3428 1254 3446 τ.
1278 3417 1302 3445 λ,

1325 226 1527 257 anctum).
1566 229 1650 257 (jon
1660 229 1770 258 S'I'AN
1780 229 1913 258 'uxot’
1923 249 1931 258 .

1342 306 1457 345 πλέον,
1477 307 1625 347 Ἐκεῖνοι
1644 308 1704 359 μὲν
1722 302 1965 357 οῧνΜωϋσεά,
1993 313 2092 359 ἡμεῖς
2126 310 2160 348 δὲ
2181 310 2237 348 τὸν
2255 312 2361 350 Μωυ-

1342 367 1426 412 σέως
1437 369 1617 417 Δεσπότην
1634 371 1840 409 διδάσκαλον
1853 371 2010 423 θέχομεν.
2025 373 2158 409 Οὐκοῦν
2168 371 2294 418 ταύτης
2303 375 2364 418 τῆς

1341 432 1445 480 τιμῆς
1464 429 1560 474 ἀξίαν
1578 431 1778 484 φιλοσοφίαν
1795 432 2043 484 ἐπιδειξώμεθα
2054 463 2063 480 ,
2079 432 2138 471 καὶ
2155 431 2260 482 μηδὲν
2277 433 2365 484 ἔχω-

1344 507 1405 541 μεν
1422 492 1532 530 κοινὸν
1552 493 1637 546 πρὸς
1655 492 1717 540 τὴν
1735 495 1813 544 γ’ἥν.
1834 493 1900 532 Διὰ
1916 493 1982 546 γὰρ
2009 499 2108 533 τοῦτο
2125 498 2209 545 ἡμῖν
2237 493 2365 532 ἄνωθεν

1342 553 1381 588 ἐκ
1400 553 1468 590 τῶν
1491 554 1640 605 οὐρανῶν
1663 552 1887 592 διδασκαλίαν
1923 554 2097 605 ἐκόμισεν,
2127 552 2183 592 ἵνα
2204 557 2274 592 ἐκεῖ
2303 570 2367 605 με-

1342 613 1499 666 ταστήσῃ
1517 614 1579 662 τὴν
1614 614 1778 661 διάνοιαν,
1809 614 1864 652 ἵνα
1890 615 2041 665 μιμηταὶ
2068 621 2128 654 τοῦ
2159 615 2364 654 διδασκάλου

1342 676 1525 728 γενώμεθα
1551 676 1640 715 κατὰ
1672 677 1818 728 δύναμιν
1848 677 1910 724 τὴν
1930 676 1946 696 ¹¹
1962 677 2148 729 ἡμετέραν.
2172 678 2241 716 Καὶ
2265 679 2338 720 πῶς
2354 707 2364 723 ,

1342 738 1458 790 φησὶν,
1474 738 1546 777 ἔστι
1580 738 1734 789 μιμητὰς
1756 738 1914 790 γενέσθαι
1944 743 2003 777 τοῦ
2041 739 2214 791 Χριστοῦ,
2235 738 2298 781 Εἷς
2328 739 2367 776 τὸ

1342 798 1546 852 κοινωφελὲς
1581 799 1718 838 ἅπαντα
1751 798 2118 853 πραγματευομένους,
2153 799 2212 838 καὶ
2245 800 2293 849 μὴ
2323 798 2366 837 τὰ

1344 863 1472 899 ἑαυτῶν
1500 863 1693 908 ζητοῦντας.
1737 861 1806 899 Καὶ
1833 860 1900 914 γὰρ
1922 865 1939 900 ὃ
1969 861 2139 914 Χριστὸς,
2167 860 2283 913 φησὶν,
2305 863 2368 912 οὐχ

1345 924 1456 973 ἑαυτῷ
1487 922 1627 974 ἤρεσεν,
1651 921 1740 961 ἀλλὰ
1756 922 1870 965 καθὼς
1885 921 2099 975 γέγραπται·
2119 924 2165 960 Οἱ
2181 922 2367 972 ὀνειδισμοὶ

1344 987 1412 1022 τῶν
1432 983 1662 1028 ὀνειδιζόντων
1684 1001 1720 1023 σε
1737 984 1901 1023 ἐπέπεσον
1922 986 1976 1023 ἐπ’
1994 984 2066 1035 ἐμέ.
2089 984 2220 1030 Μηδεὶς
2229 999 2366 1037 τοιγαρ-

1346 1050 1401 1084 οῦν
1439 1045 1480 1083 τὸ
1500 1048 1622 1084 ἑαυτοῦ
1641 1045 1797 1092 ζητείτω.
1819 1045 1922 1084 Οὕτω
1943 1045 2010 1099 γάρ
2029 1062 2079 1089 τις
2103 1046 2142 1083 τὸ
2163 1048 2284 1084 ἑαυτοῦ
2303 1048 2367 1092 ζη-

1345 1113 1414 1152 τεῖ,
1438 1106 1477 1143 ἂν
1498 1106 1536 1144 τὸ
1565 1110 1624 1144 τοῦ
1655 1106 1802 1153 πλησίον
1831 1110 1964 1159 σκοπῇ·
1992 1106 2134 1160 καὶγὰρ
2161 1106 2205 1144 τὰ
2231 1105 2367 1144 ἐκείνων

1346 1167 1512 1219 ἡμέτερα.
1526 1167 1639 1218 Σῶμα
1653 1169 1755 1218 ἐσμεν
1769 1167 1820 1213 ἓν,
1838 1168 1897 1205 καὶ
1908 1168 2067 1214 ἀλλήλων
2085 1167 2172 1221 μέρη
2192 1168 2250 1206 καὶ
2269 1167 2367 1218 μέλη.

1347 1227 1408 1274 Μὴ
1431 1227 1541 1266 τοίνυν
1561 1230 1607 1271 ὡς
1623 1227 1867 1278 διεσπασμένοι
1881 1228 2118 1278 διακεώμεθα,
2136 1227 2222 1278 μηδὲ
2241 1228 2370 1279 λεγέτω

1347 1305 1418 1337 τις,
1438 1291 1457 1326 ὃ
1475 1288 1568 1326 δεῖνά
1591 1304 1649 1339 μοι
1668 1287 1764 1340 φίλος
1793 1290 1853 1327 οὐκ
1872 1287 1977 1336 ἔστιν,
1996 1288 2071 1327 οὐδὲ
2093 1288 2278 1340 συγγενὴς,
2295 1288 2369 1327 οὐδὲ

1347 1350 1481 1402 γείτων,
1505 1349 1580 1388 οὐδὲ
1603 1348 1674 1401 ἔχω
1702 1366 1737 1387 τι
1764 1350 1875 1388 κοινὸν
1910 1350 1996 1403 πρὸς
2020 1349 2137 1388 αὐτόν·
2169 1351 2243 1393 πῶς
2263 1366 2369 1403 προσ-

1347 1411 1551 1462 ελεύσομαι,
1582 1413 1656 1453 πῶς
1685 1409 1900 1461 διαλέξομαι,
1934 1413 1979 1449 Εἰ
2008 1410 2075 1463 γὰρ
2114 1410 2174 1449 καὶ
2207 1410 2255 1461 μὴ
2285 1427 2370 1462 συγ-

1346 1472 1468 1523 γενὴς,
1491 1470 1578 1522 μηδὲ
1600 1470 1694 1523 φίλος
1728 1471 1833 1518 ἐστὶν,
1863 1473 1938 1510 ἀλλ’
1971 1472 2149 1524 ἅνθρωπός
2181 1474 2276 1520 ἐστι,
2309 1476 2371 1519 τῆς

1347 1535 1453 1579 αὐτῆς
1476 1549 1529 1572 σοι
1561 1531 1716 1584 μετέχων
1737 1531 1880 1584 φύσεως,
1904 1532 1960 1571 τὸν
1996 1533 2097 1571 αὐτὸν
2116 1533 2206 1584 ἔχων
2238 1533 2371 1572 Δεσπό-

1345 1611 1420 1643 την,
1440 1594 1623 1646 ὃμόδουλος
1644 1593 1702 1631 καὶ
1726 1593 1935 1644 ὁμόσκηνος·
1960 1596 1994 1644 ἐν
2017 1594 2084 1648 γὰρ
2115 1597 2166 1647 τῷ
2193 1597 2286 1646 αὐτῷ
2315 1595 2371 1646 γέ-

1344 1672 1422 1708 γονε
1441 1655 1574 1708 κόσμῳ.
1605 1656 1649 1692 Εἰ
1670 1654 1704 1692 δὲ
1724 1654 1783 1692 καὶ
1812 1657 1873 1701 τῆς
1900 1654 2049 1699 πίστεως
2073 1655 2212 1707 μετέχει
2231 1659 2292 1702 τῆς
2313 1658 2372 1694 αὐ-

1344 1719 1431 1763 τῆς,
1462 1717 1533 1755 ἰδού
1567 1732 1620 1755 σοι
1652 1715 1711 1753 καὶ
1742 1715 1844 1766 μέλος
1880 1716 2009 1767 γέγονε.
2048 1715 2142 1754 Ποία
2173 1716 2240 1768 γὰρ
2275 1716 2373 1768 φιλία

1345 1777 1514 1825 τοσαύτην
1544 1777 1664 1815 ἕνωσιν
1699 1775 1913 1828 ἐργάσασθαι
1942 1776 2069 1815 δύναιτ’
2104 1776 2165 1824 ἂν,
2198 1776 2282 1824 ὅσην
2312 1781 2374 1824 τῆς

1345 1839 1493 1883 πίστεως
1515 1843 1537 1885 ἡ
1568 1837 1769 1890 συγγένεια,
1791 1839 1844 1876 Οὐ
1872 1838 1939 1890 γὰρ
1967 1837 2050 1885 ὅσην
2070 1837 2187 1890 φίλους
2213 1839 2297 1890 πρὸς
2321 1839 2373 1890 φί-

1343 1903 1423 1945 λους
1451 1899 1705 1939 ἐπιδείκνυσθαι
1738 1898 1808 1951 χρὴ
1845 1899 1908 1947 τὴν
1938 1899 2132 1952 ἐγγύτητα,
2168 1900 2227 1938 καὶ
2245 1900 2372 1938 τοσαύ-

1345 1979 1407 2010 την
1438 1966 1532 2013 ἡμᾶς
1552 1961 1643 2013 ἔχειν
1682 1961 1732 1998 δεῖ
1759 1960 1822 2008 τὴν
1868 1961 1953 2014 πρὸς
1984 1961 2152 2008 ἀλλήλους
2179 1960 2371 2000 οἷκείωσιν’

1347 2026 1423 2062 ἀλλ’
1444 2023 1527 2070 ὅσην
1551 2022 1652 2074 μέλος
1672 2022 1757 2076 πρὸς
1778 2023 1891 2073 μέλος.
1911 2021 2043 2060 Τούτου
2064 2021 2132 2076 γὰρ
2157 2027 2218 2061 τοῦ
2244 2022 2372 2074 τρόπου

1346 2087 1408 2130 τῆς
1428 2083 1566 2136 ρφιλίας
1584 2084 1643 2121 καὶ
1677 2083 1855 2127 κοινωνίας
1890 2083 1998 2130 ἄλλην
2042 2083 2181 2134 μείζονα
2205 2083 2375 2122 οἰκείωσιν

1347 2148 1408 2184 οὐκ
1438 2145 1478 2183 ἄν
1500 2161 1552 2188 τις
1580 2143 1672 2196 εὕροι
1687 2143 1783 2182 ποτέ.
1800 2143 1943 2195 Ἵὶσπερ
1960 2138 2017 2183 οῧν
2044 2146 2106 2182 οὐκ
2128 2144 2167 2183 ἂν
2185 2144 2302 2183 δύναιο
2319 2144 2375 2183 λέ-

1347 2222 1431 2258 γειν,
1452 2205 1556 2244 πόθεν
1580 2221 1638 2256 μοι
1669 2205 1837 2251 οἰκειότης
1870 2204 1929 2242 καὶ
1961 2205 2105 2256 ἐγγύτης
2131 2206 2216 2256 πρὸς
2249 2205 2376 2253 αὐτόν,

1348 2267 1607 2319 καταγέλαστον
1631 2266 1699 2319 γὰρ
1717 2271 1816 2304 τοῦτο
1837 2281 1844 2289 ·
1875 2264 1982 2309 οὕτως
2002 2266 2076 2305 οὐδὲ
2097 2266 2177 2318 περὶ
2195 2270 2254 2304 τοῦ
2281 2268 2375 2305 ἀδελ-

1349 2335 1412 2382 φοῦ
1441 2329 1571 2379 δυνήσῃ
1591 2333 1690 2367 τοῦτο
1710 2330 1829 2366 εἰπεῖν.
1857 2329 1904 2365 Οἱ
1923 2327 1990 2380 γὰρ
2008 2327 2135 2372 πάντες
2155 2330 2201 2372 εἷς
2221 2328 2256 2366 ἓν
2272 2332 2376 2381 σῶμα

1350 2390 1623 2440 ἐδαπτίσθημεν,
1651 2388 1747 2441 φησί.
1770 2387 1894 2436 Διατί,
1914 2389 1975 2432 Εἷς
1995 2388 2030 2425 ἓν
2051 2391 2174 2439 σῶμα;
2192 2387 2302 2428 εΏστε
2327 2389 2375 2440 μὴ

1351 2450 1577 2498 διεσπάσθαι,
1605 2448 1694 2487 ἀλλὰ
1714 2452 1756 2498 τῇ
1786 2449 1870 2500 πρὸς
1899 2449 2068 2495 ἀλλήλους
2094 2450 2222 2501 συνόδῳ
2238 2450 2297 2488 καὶ
2316 2467 2375 2502 <pt--

1350 2512 1409 2563 λίᾳ
1429 2510 1589 2562 σώματος
1618 2510 1690 2554 ἑνὸς
1709 2509 1911 2548 ἀκολουθίαν
1934 2515 1946 2531 ³
1962 2511 2149 2562 διατηρεῖν.
2178 2511 2240 2558 Μὴ
2258 2511 2298 2558 δὴ
2315 2528 2376 2550 κακ

1351 2572 1620 2626 ταφρονήσωμεν
1645 2570 1820 2618 ἀλλήλοιν,
1840 2570 1895 2608 ἵνα
1919 2570 1967 2620 μὴ
1991 2573 2121 2609 ἑαυτῶν
2147 2571 2375 2624 ὑπερίδωμεν,

1352 2633 1474 2677 Οὐδεὶς
1493 2634 1561 2686 γάρ
1586 2648 1670 2671 ποτε
1690 2630 1752 2678 τὴν
1780 2633 1901 2670 ἑαυτοῦ
1930 2630 2044 2685 σάρκα
2066 2631 2230 2683 ἐμίσησε,
2255 2634 2377 2685 φησὶν,

1354 2696 1429 2733 ἀλλ’
1449 2694 1605 2747 ἐκτρέφει
1620 2693 1680 2731 καὶ
1695 2692 1819 2731 θάλπει
1835 2692 1952 2738 αὐτήν.
1970 2691 2036 2729 Διὰ
2052 2698 2151 2731 τοῦτο
2167 2693 2277 2731 οἰκίαν
2295 2694 2376 2744 μίαν

1352 2761 1468 2795 τοῦτον
1488 2759 1572 2806 ἡμῖν
1597 2755 1654 2792 τὸν
1674 2753 1802 2804 κόσμον
1831 2752 1986 2791 ἔδωκενὸ
2007 2754 2112 2799 Θεὸς,
2131 2753 2246 2792 πάντα
2270 2754 2378 2798 ἐξίσου

1355 2815 1533 2866 διένειμεν,
1560 2814 1619 2852 ἕνα
1646 2815 1755 2865 ἀνῆψε
1783 2819 1888 2851 πᾶσιν
1907 2812 2018 2861 ἥλιον,
2036 2813 2095 2851 ἕνα
2117 2813 2280 2857 ἐξέτεινεν
2303 2814 2377 2866 ὅροι·

1354 2893 1428 2930 φον,
1437 2877 1494 2915 τὸν
1509 2875 1649 2929 οὐρανὸν
1658 2904 1666 2920 ,
1680 2874 1762 2924 μίαν
1774 2876 1879 2920 ἀνῆκε
1890 2874 2076 2927 τράπεζαν,
2088 2874 2150 2920 τὴν
2165 2875 2381 2926 γῆνῘῚΞδωκε

1355 2938 1413 2976 καὶ
1430 2936 1549 2989 ἑτέραν
1568 2935 1695 2981 ταύτης
1713 2936 1832 2987 πολλῷ
1845 2934 1983 2985 μείζονα
2005 2935 2192 2988 τράπεζαν,
2213 2935 2302 2974 ἀλλὰ
2321 2936 2379 2973 καὶ

1355 2999 1484 3046 ταύτην
1508 2997 1590 3050 μίαν
1603 3013 1611 3021 ·
1640 2997 1752 3036 ἴσασιν
1774 2999 1804 3034 οἱ
1827 2995 2027 3047 συμμύσται
2047 2998 2086 3036 τὸ
2100 2997 2283 3048 λεγόμενον
2300 3014 2305 3021 ·
2320 2997 2379 3035 ἕνα

1355 3061 1481 3114 τρόπον
1500 3059 1688 3112 γεννήσεως
1704 3058 1832 3096 ἅπασιν
1853 3057 2040 3110 ἐχαρίσατο
2059 3059 2115 3097 τὸν
2135 3059 2378 3109 πνευματικόν·

1360 3121 1422 3173 μία
1452 3127 1538 3159 πᾶσι
1558 3119 1703 3171 πατρὶς,
1729 3122 1751 3164 ἡ
1769 3120 1802 3156 ἐν
1830 3124 1899 3162 τοῖς
1918 3120 2092 3170 οὐρανοῖς·
2111 3121 2149 3158 ἐκ
2178 3124 2237 3158 τοῦ
2263 3135 2377 3165 ποτη-

1374 3258 1487 3292 Morcl.
1502 3261 1601 3291 οὐκοῦν
1615 3259 1690 3291 οὕτω
1707 3259 1866 3298 mesalum
1883 3267 1940 3291 τῶν
1957 3262 2088 3297 πλησίον,
2105 3262 2140 3296 ὡς
2157 3262 2275 3295 ἕκαστος
2298 3262 2379 3299 ἡμῶν

1375 3317 1428 3348 τὴν
1442 3314 1547 3344 §.z-„023
1563 3316 1607 3353 μὴ
1625 3312 1773 3354 ὑπερορῶν
1799 3314 1905 3352 σάρκα..
1927 3312 2026 3347 οὐδείς.
2047 3310 2176 3352 [Supra
2194 3308 2301 3342 Codd.
2319 3308 2374 3341 cit.

1375 3368 1401 3395 τὶ
1419 3369 1505 3403 ἐστιν,
1528 3369 1562 3401 εἰς
1579 3366 1606 3396 ἓν
1624 3362 1735 3404 &ism-J
