2507 3673
543 183 583 213 lN
621 182 827 213 JOANNEM
867 179 1022 210 nomn„
1065 176 1264 207 Lxxxvss.
1303 160 1364 205 al.
1405 176 1589 207 LXXXVI.

2027 160 2119 222 597

1130 255 1228 307 quod
1245 269 1318 293 sese
1340 255 1500 293 millibus
1520 264 1680 305 torqueat
1694 254 2010 303 sollicitudinibus,
2024 255 2124 292 labo-

1130 317 1232 354 ribus
1244 346 1253 364 ,
1273 317 1496 354 moeroribus.
1516 318 1607 354 Nam
1623 316 1922 368 peregrinationes
1941 316 2122 368 suscipiet,

2140 376 2203 393 ΓΙΙΙἺΙ
2247 375 2329 393 amor

1130 377 1306 430 pericula,
1336 377 1484 414 insidias
1513 386 1547 414 et
1581 376 1728 427 quidvis
1754 376 1870 423 ¹iliud,
1900 386 1939 413 ut
1969 376 2244 434 mdioemmanu
2269 416 2330 432 ma-

1131 437 1307 475 malorum
1328 451 1448 474 secum
1473 437 1620 485 habeat,
1644 445 1677 473 et
1698 436 1852 473 multum
1876 445 2036 472 numelet
2064 451 2127 473 ιιι-
2142 419 2166 475 tia
2181 449 2286 485 pariat.

37 267 178 314 ἑαυτοῦ,
208 266 297 305 ἀλλὰ
325 265 384 304 καὶ
413 267 463 317 τῷ
507 264 646 317 μυρίαις
683 263 803 301 ἑαυτὸν
845 260 1059 300 κατατείνειν

36 327 205 380 φροντίσι,
233 327 292 366 καὶ
326 327 484 378 μόχθοις,
511 325 570 363 καὶ
590 324 726 367 λύπαις.
747 324 816 362 Καὶ
837 322 904 374 γὰρ
923 321 1060 366 ἀποδη-
2189 325 2329 351 Pecunia-

38 388 137 439 μίας,
168 390 228 427 καὶ
248 388 456 440 ἀπεχθείας,
479 386 538 425 καὶ
558 385 749 432 κινδύνους,
777 384 837 422 καὶ
857 381 1060 426 ἐπιὸουλὰς,

37 450 98 487 καὶ
116 457 184 487 πᾶν
206 453 314 488 ὁτιοῦν
330 447 586 493 ὑποστήσεται,
605 447 706 497 μόνον
723 445 779 483 ἰ’να
802 444 864 491 τὴν
882 443 976 495 ῥίζαν
992 443 1060 478 τῶν

36 514 153 549 κακῶν
174 511 237 563 ἔχῃ
268 512 350 562 παρ’
382 511 513 561 ἑαυτῷ,
533 508 592 546 καὶ
621 506 708 545 πολὺ
752 508 881 559 ἀριθμῇ
906 501 1061 555 χρυσίον.

37 571 84 610 'li
103 571 215 609 τοίνυν
239 571 362 622 γένοιτ’
385 570 424 607 ἂν
444 572 506 615 τῆς
533 568 632 607 νόσου
656 567 783 614 ταύτης
800 563 1062 617 χαλεπωτερον,

36 632 136 671 Καὶ
125 631 193 685 (ἂρ
210 648 269 669 και
284 634 415 704 τρυφῆς
428 646 488 668 και
502 630 627 676 ἡδονῆς
640 628 778 672 ἁπάσης
793 629 868 664 ἐστε
874 639 996 676 ρηται,
1017 622 1060 658 δι’

35 693 76 739 ἣν
96 692 246 730 πολλὰζ
230 692 489 745 αμαρτάνουσιν
506 690 702 741 ἅνθρωποι,
724 687 782 724 καὶ
810 684 907 730 δόξης
929 681 989 720 καὶ
1007 696 1063 718 τι·

38 772 117 806 μης.
134 754 179 793 O
198 755 265 828 γὰρ
284 753 476 807 χρημάτων
498 754 597 803 ἐρῶν,
611 766 671 788 και
689 745 873 786 υποπτεύει
904 743 1063 797 μυρίους,

37 817 97 854 καὶ
122 816 334 868 κατηγόρους
356 814 428 866 ἔχει
443 811 607 857 πολλους,
626 809 685 848 καὶ
700 824 776 850 τους
794 804 1063 858 βασκαίνοντας,

39 894 99 915 και
125 895 201 921 τους
226 878 493 922 διαὸάλλοντας,
512 889 572 912 και
595 888 672 915 τους
702 867 998 910 ἐπιδουλεύοντας.
1018 868 1065 905 Οἱ

41 937 103 989 μὲν
123 938 189 989 γὰρ
219 937 438 987 ἀδικούμενοι
462 939 633 985 μισούσιν,
650 932 710 970 ἅτε
739 933 856 974 κακῶς
882 928 1061 971 παθόντες·

39 1001 70 1036 οἱ
90 999 125 1036 δὲ
149 998 294 1049 μηδέπω
315 997 502 1042 παθόντες,
524 993 711 1037 δεδοικότες
744 992 792 1044 μὴ
823 991 980 1037 πάθωσι,
1005 989 1064 1027 καὶ

40 1061 285 1111 συναλγοῦντες
308 1064 377 1101 τοῖς
397 1056 616 1102 πεπονθόσιν,
638 1054 892 1093 ἐπιδείκνυνται
910 1051 1062 1102 πόλεμον

38 1121 94 1159 τὸν
116 1119 217 1158 αὐτόν
231 1136 238 1143 ·
255 1123 286 1158 οἱ
313 1118 348 1157 δὲ
366 1118 501 1170 μείζους
523 1117 582 1155 καὶ
600 1115 848 1168 δυνατώτεροι,
860 1113 1065 1165 δακνόμενοι

38 1182 98 1220 καὶ
118 1184 390 1232 ἀγανακτοῦντες
409 1178 496 1232 ὑπὲρ
513 1182 581 1216 τῶν
601 1177 867 1228 ταπεινοτέρων,
888 1175 939 1213 ἔτι
959 1174 1065 1213 δὲκαὶ

41 1241 285 1293 βασκαίνοντες
298 1272 307 1289 ,
322 1240 448 1292 ὁμοίως
465 1240 548 1277 εἰσὶν
567 1238 684 1291 ἐχθροὶ
701 1237 760 1276 καὶ
781 1242 930 1288 μισοῦσι.
946 1235 1016 1274 Καὶ
1031 1235 1065 1273 τί

39 1303 130 1355 λέγω
156 1302 232 1346 τοὺς
259 1301 476 1355 ἀνθρώπους,
505 1301 619 1339 “Ox-<zv
639 1300 706 1351 γὰρ
727 1299 785 1337 καὶ
812 1299 869 1336 τὸν
889 1298 978 1337 Θεὸν
1010 1299 1065 1334 ε’κ-

40 1363 333 1414 πεπολεμωμένον
354 1363 417 1415 ἔχῃ
439 1378 510 1409 τις,
529 1362 580 1405 τίς
596 1364 688 1412 αὐτῷ
709 1360 830 1398 λοιπὸν
845 1359 942 1402 ἐλπὶς
957 1359 1067 1405 ἔσται,

39 1424 122 1462 ποία
143 1424 366 1477 παραμυθία,
383 1424 434 1466 τίς
453 1429 466 1444 ²¹
479 1422 689 1475 παραψυχή,
701 1421 746 1459 ‘O
760 1420 953 1473 χρημάτων
968 1421 1067 1472 ἐρῶν,

39 1487 76 1523 οὖ
95 1489 248 1537 χρῆσθαι
264 1488 377 1528 αὐτοῖς
397 1483 581 1530 δυνήσεταί
600 1498 701 1527 ποτε,
725 1481 814 1520 ἀλλὰ
835 1483 951 1524 δοῦλος
970 1480 1068 1518 ἔσται

40 1546 98 1584 καὶ
118 1545 244 1597 φύλαξ,
259 1548 296 1583 οὐ
312 1544 491 1591 δεσπότης.
512 1543 665 1582 Πλείονα
681 1542 748 1596 γὰρ
766 1542 819 1580 ἀεὶ
835 1548 945 1580 ποιεῖν
963 1556 1069 1579 σπου-

41 1608 164 1655 δάζων,
180 1608 330 1658 οὐδαμοῦ
348 1606 545 1645 ἀναλίσκειν
561 1605 735 1652 ἐθελήσει·
754 1603 920 1656 συγκόψει
935 1602 970 1640 δὲ
991 1605 1069 1640 ἑαυ-

40 1669 110 1716 τὸν,
129 1668 189 1707 καὶ
207 1667 346 1706 πάντων
365 1666 525 1713 πενήτων
545 1665 747 1719 πενέστερος
767 1664 998 1712 διακείσεται,
1024 1666 1070 1707 ὡς

41 1731 191 1780 οὐδαμοῦ
207 1733 269 1776 τῆς
297 1727 481 1778 ἐπιθυμίας
504 1728 698 1778 ἱστάμενος,
720 1726 844 1764 Καίτοι
872 1742 910 1777 γε
931 1725 1071 1778 χρήμα-

40 1807 106 1837 τα,
127 1793 192 1842 οὐχ
208 1790 264 1828 ἵνα
284 1789 505 1841 φυλάξωμεν,
528 1790 603 1826 ἀλλ’
626 1787 684 1826 ἵνα
711 1786 901 1840 χρώμεθα,
929 1785 1072 1837 γεγόνα-

43 1868 114 1890 σιν·
144 1854 173 1889 εἷ
206 1850 241 1889 δὲ
267 1851 451 1902 μέλλοιμεν
485 1849 574 1887 αὐτὰ
610 1848 832 1902 κατορύττειν
863 1847 1009 1899 ἑτέροις,
1038 1853 1072 1891 τί

42 1913 164 1965 γένοιτ’
195 1912 235 1950 ἂν
263 1914 363 1962 ἡμῶν
402 1910 609 1964 ἀθλιώτερον
626 1941 635 1958 ,
673 1911 704 1949 οἳ
740 1909 991 1963 περιτρέχομεν
1028 1907 1072 1946 τὰ

41 1973 156 2011 πάντα
170 1973 353 2012 συλλαὸεῖν
371 1973 640 2020 σπουδάζοντες,
660 1971 716 2010 ἵνα
737 1970 1002 2020 ἀποκλείσωμεν
1017 1969 1073 2007 ἕν-

44 2037 118 2083 δον,
143 2035 203 2073 καὶ
232 2034 294 2082 τὴν
329 2034 445 2081 κοινὴν
474 2033 676 2085 ἐκκόψωμεν
709 2036 854 2085 χρῆσιν,
875 2030 979 2069 ’Έστι
1013 2030 1072 2068 καὶ

43 2096 144 2150 ἑτέρα
168 2095 266 2139 νόσος
295 2095 423 2142 ταύτης
447 2096 512 2147 οὐχ
530 2095 656 2142 ἥττων.
686 2097 733 2133 Οἱ
760 2093 822 2145 μὲν
845 2092 912 2146 γὰρ
938 2094 985 2136 εἷς
1008 2091 1070 2139 τὴν

43 2161 106 2209 γῆν
130 2157 408 2211 κατορύττουσιν,
438 2159 469 2194 οἱ
487 2156 522 2195 δὲ
542 2158 589 2200 εἷς
607 2155 669 2203 τὴν
696 2155 869 2208 γαστέρα,
906 2154 966 2193 καὶ
993 2155 1072 2200 ἡδο·
1093 2155 1117 2185 Ε

42 2219 117 2267 νὴν,
139 2219 198 2257 καὶ
219 2219 339 2270 μέθην,
361 2218 448 2270 μετὰ
464 2222 526 2265 τῆς
546 2217 682 2261 ἀδικίας
708 2217 768 2255 καὶ
786 2216 849 2263 τὴν
882 2219 943 2262 τῆς
970 2217 1074 2254 ἀσελ-

43 2281 137 2332 γείας
156 2279 395 2333 προστιθέντες
411 2282 545 2322 ἑαυτοῖς
561 2278 716 2317 κόλασιν.
733 2278 803 2317 Καὶ
825 2281 855 2316 οἱ
873 2277 935 2329 μὲν
956 2293 1074 2332 παρα-

44 2342 149 2386 σίτοις
182 2341 241 2379 καὶ
269 2341 422 2390 κόλαξιν,
445 2344 476 2379 οἱ
510 2340 544 2379 δὲ
570 2340 686 2384 κύὸοις
714 2341 773 2378 καὶ
794 2340 1006 2393 πόρναις,οἱ
1036 2338 1073 2376 δὲ

45 2403 179 2456 ἑτέραις
201 2402 377 2445 τοιαύταις
395 2405 631 2454 λειτουργοῦσι
651 2402 822 2444 δαπάναις
838 2432 847 2449 ,
879 2401 1005 2454 μυρίας
1019 2400 1073 2438 τέ-

47 2479 187 2515 μνοντες
208 2465 341 2506 ἑαυτοῖς
364 2465 410 2506 εἷς
425 2463 563 2514 γέενναν
580 2462 746 2514 φερούσας
762 2461 877 2508 ὁδοὺς,
889 2462 951 2508 τὴν
968 2461 1071 2514 ὀρθὴν

45 2525 105 2563 καὶ
125 2524 376 2575 νενομισμένην
395 2524 553 2574 ἀφέντες,
581 2523 643 2570 τὴν
674 2523 759 2576 πρὸς
773 2523 831 2561 τὸν
848 2523 989 2576 οὐρανὸν
1008 2522 1072 2574 φέ-

49 2601 187 2639 ρουσαν.
214 2584 338 2623 Καίτοι
357 2601 396 2636 γε
419 2585 495 2636 οὐχὶ
523 2584 642 2637 κέρδος
672 2583 787 2635 μόνον,
811 2583 901 2622 ἀλλὰ
920 2584 980 2621 καὶ
994 2585 1073 2630 ἡδο-

1133 498 1178 535 ri.
1202 496 1301 544 Quid
1320 497 1382 534 illo
1402 498 1527 535 morbo
1558 497 1704 549 gravius
1731 496 1860 534 suerit?
1881 498 1973 534 Nam
1995 506 2029 534 et
2050 497 2130 534 cibo

1132 559 1387 610 voluptateque
1407 559 1525 607 omni,
1542 559 1588 596 ob
1608 573 1716 610 quam
1742 558 1854 595 solent
1871 557 2033 595 homines
2051 571 2131 609 pec-

1133 633 1212 656 care
1227 619 1380 657 multum
1393 650 1403 669 ,
1426 620 1607 672 privatur,
1626 632 1758 656 necnon
1779 618 1894 670 gloria
1917 618 2131 669 honoreque.

1134 679 1277 717 Etenim
1289 680 1352 730 qui
1365 680 1534 733 pecunias
1549 689 1662 728 amat,
1679 679 1883 717 innumeros
1895 679 2057 717 homines
2074 693 2133 716 su-

1134 749 1270 791 spectos
1304 740 1412 778 habet
1424 770 1434 789 ,
1463 740 1665 790 multosque
1702 749 1941 787 accusatores,
1972 738 2132 787 invidos,

1135 801 1425 849 calumniatores,
1443 800 1677 839 insidiatores.
1696 800 1838 838 Etenim
1854 801 1914 852 qui
1930 800 2061 852 injuste
2075 800 2136 837 lae-

1135 861 1288 912 duntur,
1306 862 1389 900 odio
1408 863 1561 912 habent,
1583 871 1705 915 utpote
1723 862 1784 913 qui
1804 862 1895 900 male
1916 861 2012 913 passi
2030 861 2102 899 sint
2126 876 2134 897 :

1137 923 1199 973 qui
1228 923 1388 961 nondum
1421 924 1496 961 laesi
1523 933 1624 969 sunt,
1647 924 1771 961 timent
1801 937 1844 960 ne
1873 922 2071 975 patiantur,
2103 931 2138 960 et

1136 999 1219 1037 erga
1241 986 1345 1024 laesos
1364 985 1669 1024 commiseratione
1690 985 1806 1035 ducti,
1827 985 1896 1022 hoc
1919 984 2037 1037 ipsum
2062 984 2137 1021 bel—

1136 1046 1214 1085 lum
1239 1047 1439 1099 suscipiunt
1460 1064 1467 1084 ε
1485 1048 1674 1100 optimates
1701 1060 1785 1086 vero
1807 1055 1839 1083 et
1856 1046 2070 1098 potentiores
2093 1045 2139 1083 de

1138 1110 1285 1147 minoris
1301 1109 1516 1148 conditionis
1536 1109 1743 1147 hominibus
1763 1109 2021 1148 stomachantes
2038 1117 2070 1145 et
2084 1107 2138 1145 in-

1138 1171 1336 1223 dignantes,
1345 1180 1421 1208 tum
1433 1171 1540 1209 etiam
1554 1171 1626 1208 illis
1641 1170 1855 1219 invidentes,
1867 1169 2000 1222 pariter
2016 1183 2138 1206 eorum

1138 1242 1219 1270 sunt
1231 1232 1368 1270 inimici
1378 1241 1412 1270 et
1422 1232 1553 1270 hostes.
1569 1230 1709 1282 Ecquid
1721 1231 1765 1268 de
1775 1229 2137 1280 hominibusloquor?

1140 1294 1230 1331 Cum
1243 1293 1322 1344 quis
1331 1293 1562 1331 Deumhabet
1573 1292 1854 1342 inimicum,quae
1867 1292 2047 1344 illipostea
2060 1304 2138 1342 spes

1138 1355 1223 1392 erit?
1231 1369 1309 1405 quae
1322 1354 1533 1392 consolatio?
1545 1353 1643 1405 quod
1655 1352 2139 1404 rcfrigeriumPPecuniarum

1139 1424 1277 1453 amator
1298 1416 1372 1453 illis
1391 1429 1587 1465 numquam
1606 1415 1659 1451 uti
1678 1414 1810 1466 poterit
1818 1430 1829 1464 3
1850 1414 1910 1451 sed
1933 1428 2055 1453 servus
2077 1427 2139 1450 cu-

1139 1486 1280 1527 stosque
1293 1477 1374 1527 erit,
1394 1491 1464 1514 non
1486 1476 1667 1514 dominus.
1691 1476 1783 1513 Cum
1798 1475 1892 1512 enim
1912 1476 2033 1527 plures
2049 1489 2141 1512 sem-

1139 1552 1203 1589 per
1221 1539 1406 1587 acquirere
1424 1538 1578 1588 studeat,
1599 1551 1775 1589 nusquam
1805 1536 2010 1588 impendere
2028 1536 2139 1586 volet,

1139 1599 1202 1637 sed
1217 1599 1285 1636 sibi
1301 1599 1371 1651 ipsi
1390 1614 1582 1651 expensam
1607 1599 1784 1648 detrahet,
1803 1598 2034 1648 omniumque
2052 1612 2142 1650 pau-

1140 1674 1265 1713 perum
1293 1660 1547 1712 pauperrimus
1574 1661 1655 1710 erit,
1682 1669 1804 1712 utpote
1826 1659 1887 1710 qui
1911 1658 2143 1711 cupiditatem

1141 1722 1263 1759 sistere
1287 1731 1451 1772 nequeat.
1478 1722 1587 1772 Atqui
1619 1721 1778 1773 pecuniae
1799 1719 1878 1758 ideo
1899 1729 1993 1770 sunt,
2016 1734 2086 1757 non
2105 1729 2146 1758 ut

1141 1783 1222 1821 illas
1245 1783 1499 1832 custodiamus,
1520 1782 1582 1821 sed
1603 1792 1641 1821 ut
1659 1783 1703 1821 iis
1725 1792 1878 1820 utamur.
1904 1782 2013 1828 Quod
2034 1782 2063 1820 si
2083 1796 2144 1821 ve-

1140 1845 1250 1884 limus
1266 1845 1345 1883 illas
1365 1845 1444 1883 aliis
1466 1845 1648 1896 defodere,
1668 1844 1754 1896 quid
1776 1843 1879 1882 nobis
1905 1843 2144 1882 miserabilius

1142 1907 1264 1957 fuerit,
1289 1906 1351 1957 qui
1381 1906 1696 1944 circumcurrimus
1718 1906 1764 1943 ad
1785 1904 2017 1956 acquirendas
2047 1905 2141 1955 illas,

1142 1977 1181 2006 ut
1197 1983 1254 2006 eas
1274 1967 1486 2006 claudamus
1503 1977 1536 2005 et
1556 1968 1700 2005 illarum
1719 1981 1944 2005 communem
1962 1982 2066 2005 usum
2081 1982 2144 2005 au-

1141 2030 1324 2068 feramus?
1347 2030 1414 2068 Est
1432 2030 1527 2068 enim
1543 2030 1634 2067 alius
1654 2044 1795 2080 quoque
1816 2030 1962 2067 morbus
1982 2043 2050 2066 non
2077 2029 2145 2066 mi-

1141 2106 1206 2130 nor
1222 2092 1303 2130 isto.
1319 2093 1411 2129 Nam
1431 2091 1470 2128 hi
1490 2091 1526 2129 in
1549 2100 1681 2128 terram
1701 2089 1903 2138 defodiunt,
1927 2089 1982 2125 illi
1998 2089 2034 2126 in
2054 2103 2138 2127 ven-

1142 2163 1247 2204 trem,
1288 2153 1531 2206 voluptatem,
1568 2152 1787 2201 ebrietatem,
1816 2159 1849 2188 et
1874 2150 1943 2188 sibi
1973 2150 2081 2187 simul
2111 2158 2145 2188 et

1144 2211 1347 2266 iniquitatis
1375 2225 1408 2253 et
1437 2214 1592 2253 lasciviae
1618 2213 1837 2266 supplicium
1862 2212 2050 2265 adjiciunt.
2072 2212 2144 2250 Alii

1144 2278 1309 2330 parasitis
1335 2287 1368 2315 et
1394 2276 1656 2326 adulatoribus,
1678 2275 1741 2313 alii
1766 2274 1863 2312 ludis
1892 2284 1925 2312 et
1950 2273 2144 2311 meretrici-

1144 2339 1227 2390 bus,
1246 2339 1308 2377 alii
1325 2339 1505 2377 similibus
1534 2337 1703 2389 impensis
1735 2336 1906 2388 gaudent,
1937 2336 2141 2373 innumeras

1143 2401 1211 2446 sibi
1227 2401 1272 2440 ad
1289 2401 1487 2453 gehennam
1499 2409 1662 2452 parantes
1675 2398 1769 2448 vias,
1788 2412 1869 2435 cum
1885 2398 1992 2435 semel
2008 2406 2140 2435 rectam

1143 2473 1177 2501 et
1207 2463 1434 2502 constitutam
1467 2462 1566 2501 viam
1593 2461 1827 2511 reliquerunt,
1854 2473 1933 2510 quae
1959 2458 2004 2496 ad
2037 2459 2140 2497 caelos

1142 2525 1256 2563 ducit.
1278 2524 1388 2575 Atqui
1411 2523 1471 2575 qui
1493 2523 1585 2560 hanc
1618 2522 1781 2574 suscipit,
1810 2535 1879 2559 non
1899 2521 2005 2559 modo
2025 2522 2141 2573 majus

1143 2587 1304 2635 lucrum,
1325 2585 1387 2624 sed
1415 2585 1585 2637 majorem
1609 2583 1729 2633 etiam,
1749 2597 1858 2633 quam
1883 2582 1952 2632 illi,
1973 2583 2141 2635 volupta-

47 2646 106 2693 νὴν
136 2645 275 2696 μείζονα
297 2649 364 2683 τῶν
386 2645 576 2698 εἰρημένων
597 2645 681 2697 ἔχει.
698 2644 743 2683 Ὁ
766 2644 827 2696 μὲν
844 2644 911 2696 γὰρ
932 2644 1075 2697 πόρναις
1085 2672 1131 2697 525
1145 2657 1217 2685 tem
1237 2655 1452 2697 assequatur.
1472 2644 1544 2691 Qui
1573 2644 1669 2682 enim
1696 2642 1942 2680 meretricibus
1968 2642 2138 2694 largitur,

48 2706 177 2754 διδοὺς,
197 2707 453 2758 καταγέλαστος
473 2707 570 2745 ἔσται
588 2706 646 2744 καὶ
669 2706 829 2759 αἰσχρὸς,
850 2706 909 2743 καὶ
929 2705 1076 2749 πολλοὺς
1098 2709 1122 2738 Α
1145 2709 1319 2746 ridiculus
1333 2708 1397 2745 erit
1413 2716 1446 2744 et
1461 2705 1590 2758 turpis,
1609 2715 1642 2743 et
1657 2705 1769 2742 multa
1791 2703 1959 2757 suscipiet
1974 2704 2085 2753 bella,
2105 2712 2140 2742 et

48 2769 114 2813 ἕξει
142 2769 332 2819 πολέμους,
353 2768 413 2805 καὶ
439 2770 605 2821 βραχεῖαν
633 2767 696 2814 τὴν
718 2767 843 2814 ἡδονήν
857 2783 864 2790 ·
886 2768 1017 2818 μᾶλλον
1040 2766 1074 2805 δὲ

49 2829 126 2868 οὐδὲ
144 2832 313 2882 βραχεῖαν
329 2845 336 2852 ·
351 2829 416 2868 ὅσα
432 2829 499 2883 γὰρ
511 2829 550 2867 ἂν
571 2830 618 2881 δῷ
632 2836 708 2872 ταῖς
725 2828 998 2881 ἑταιριζομέναις
1013 2845 1075 2880 γυ-

48 2890 169 2936 ναιξὶν,
189 2890 350 2941 οὐδεμίαν
369 2890 471 2942 χάριν
493 2891 586 2943 αὐτῷ
607 2890 767 2928 εἴσονται.
797 2890 905 2933 Πίθος
931 2889 998 2942 γὰρ
1026 2906 1074 2927 τε·

48 2951 216 3005 τρημένος
248 2952 339 2990 ἐστὶν
363 2946 453 2995 οἶκος
484 2951 674 3004 ἀλλότριος.
699 2951 769 2990 Καὶ
797 2951 909 2994 ἄλλως
929 2950 982 2997 δὲ,
1003 2952 1075 2988 ἰτα-

50 3012 113 3063 μὸν
131 3013 282 3064 τὸγένος
304 3015 428 3059 ἐκεῖνο,
456 3012 515 3050 καὶ
541 3016 591 3065 τῷ
617 3013 682 3064 ᾄδῃ
702 3012 943 3066 προσεοικέναι
970 3015 1076 3058 αὐτῆς

49 3074 105 3112 τὸν
134 3074 247 3127 ἔρωτα
275 3073 472 3126 παρέὸαλεν
493 3076 510 3111 ὃ
537 3075 723 3124 Σολομῶν·
758 3074 816 3112 καὶ
839 3074 917 3111 τότε
937 3072 1076 3110 ἵσταται

52 3135 166 3185 μόνον,
198 3135 281 3174 ὅταν
313 3135 454 3174 πάντων
477 3134 702 3186 γυμνωθέντα
730 3135 786 3187 ἴδη
820 3134 876 3173 τὸν
907 3134 1076 3187 ἐραστήν*

282 3197 330 3213 'Nx

53 3199 181 3247 μᾶλλον
206 3197 241 3236 δὲ
259 3212 334 3236 ουοε
350 3197 428 3235 τότε
455 3197 614 3245 ἵσταται,
644 3197 734 3236 ἀλλὰ
757 3197 816 3235 καὶ
839 3195 1077 3235 ἐπικαλλωπί-

53 3274 146 3316 ζεται
166 3264 346 3314 μειζόνως,
365 3265 424 3303 καὶ
446 3264 650 3315 ε’πεμὲαίνει
681 3264 847 3316 κειμένῳ,
878 3264 937 3302 καὶ
969 3263 1077 3302 πολὺν

98 3376 111 3390 ³
137 3366 195 3399 Alii
214 3375 394 3413 παραψυχή,
416 3375 445 3403 ἐκ.
463 3380 520 3404 τῶν
537 3375 703 3414 χρημάτων
724 3373 753 3402 9)
769 3374 909 3413 χρῆσθαι.

1143 2770 1365 2822 voluptatem
1389 2769 1534 2806 brevem
1542 2783 1552 2816 3
1571 2766 1642 2804 imo
1666 2779 1728 2803 nec
1745 2765 1892 2803 brevem
1917 2781 1924 2802 :
1949 2774 2139 2816 quantum-

1144 2845 1296 2881 cumque
1312 2830 1406 2867 enim
1425 2830 1549 2867 scortis
1568 2827 1720 2877 dederit,
1745 2826 1882 2864 nullam
1900 2827 1970 2864 illae
1987 2827 2139 2878 gratiam

1142 2891 1338 2929 habebunt.
1368 2890 1532 2927 Dolium
1563 2891 1666 2927 enim
1697 2895 1897 2940 pertusum
1920 2897 1976 2926 est
2001 2889 2137 2925 domus
2155 2900 2240 2927 prov.
2267 2897 2318 2926 23.

1144 2955 1290 2991 aliena.
1309 2951 1479 3003 Alioquin
1496 2960 1613 2989 autem
1628 2950 1790 3003 petulans
1810 2959 1862 2988 est
1882 2963 1992 3001 genus
2012 2949 2139 2986 mulie-
2155 2949 2204 2979 27‘

1143 3016 1218 3063 bre,
1232 3015 1378 3067 ejusque
1392 3027 1547 3051 amorem
1564 3013 1698 3050 inferno
1716 3011 1936 3064 comparavit
1954 3011 2139 3049 Salomon:

1145 3087 1179 3115 et
1196 3087 1282 3115 tune
1299 3077 1415 3115 solum
1435 3085 1558 3125 cessat,
1575 3090 1655 3113 cum
1671 3085 1847 3113 amantem
1862 3074 1961 3113 videt
1976 3073 2141 3111 omnibus

1145 3139 1339 3188 nudatum5
1358 3139 1429 3176 imo
1449 3153 1492 3177 ne
1507 3147 1591 3175 tunc
1619 3136 1764 3188 quidem
1793 3146 1923 3185 cessat,
1947 3135 2009 3172 sed
2028 3134 2141 3185 magis

1146 3209 1360 3249 exornatur,
1383 3209 1416 3238 et
1435 3199 1566 3253 jacenti
1589 3198 1753 3247 insultat,
1778 3198 1953 3247 illumque
1977 3195 2141 3232 deriden-

1147 3263 1234 3302 dum
1253 3262 1414 3313 exhibet,
1432 3271 1553 3313 totque
1573 3261 1676 3299 malis
1697 3260 1827 3308 afficit,
1847 3267 1934 3309 quot
1952 3272 1994 3296 ne
2013 3255 2145 3294 descri-
