2481 3678
76 1025 186 1053 nauh.
209 1032 237 1060 7.

73 1074 122 1093 21.

93 1269 181 1295 Fides
198 1269 258 1295 sinc

74 1312 130 1337 xita
184 1310 259 1336 bona

74 1351 149 1379 nihil
188 1360 260 1387 pro-

72 1394 145 1419 dest.

73 1456 259 1496 Joan.17.3.

277 269 367 297 202
742 267 779 296 S.

819 266 997 297 JoANNIS
1032 264 1285 294 CHRYSOST.

1325 262 1526 292 Attenuat&
1572 261 1932 292 CONSTANTiNoP.

2036 345 2056 354 ω

272 349 371 402 plicii
391 361 555 400 magnam
582 349 770 386 utilitatem
790 361 912 400 parere
925 377 934 393 ,
955 346 1156 395 multosque
1186 358 1255 383 non
1282 348 1304 379 B
1330 344 1388 382 καὶ
1408 343 1522 381 πάντα
1543 343 1689 381 δέδωκεν
1711 345 1746 381 ἐν
1765 345 1808 394 τῇ
1829 344 1921 395 χειρὶ
1952 345 2071 380 αὐτου.
2090 347 2102 363 ⁰
2115 335 2204 381 Εἶτα
2224 343 2282 380 καὶ
2311 345 2354 380 εἷ-

273 421 345 448 tam
383 410 564 462 promissis
593 423 699 460 quam
730 407 1065 447 eonmiinationilnis
1098 407 1255 455 moveri,

273 472 333 509 hic
351 471 494 509 tandem
524 471 659 509 claudit
681 484 878 509 sermonem
896 478 928 506 et
942 469 991 506 ait
1008 484 1016 505 τ
1038 470 1112 519 Qui
1139 469 1260 506 credit

275 537 316 570 in
344 534 506 577 Filium,
539 534 654 570 habet
681 535 807 569 vitam
836 539 1043 568 oeternam:
1068 531 1134 582 qui
1163 542 1257 566 vero

279 607 355 630 non
371 595 491 631 credit
507 594 634 638 Filio,
668 606 745 629 non
768 591 920 628 videbit
936 592 1077 633 vitam,
1106 588 1174 626 sed
1198 591 1259 625 ira.

275 655 351 692 Dei
375 662 505 690 manet
530 667 642 704 super
664 666 763 689 eum.
786 652 945 688 Rursum
965 649 1025 686 hie
1040 647 1086 686 ad
1117 649 1258 685 Patrem

275 727 470 751 sermonem
505 712 671 765 supplicii
694 711 811 749 refert.
834 711 920 761 JNon
948 709 1043 747 enim
1060 708 1177 758 dixit,
1201 708 1258 746 Ira

275 775 382 824 Filii,
404 775 541 812 etiamsi
558 774 618 812 1110
631 774 675 812 sit
690 772 822 826 judex3
843 772 904 810 sed
923 772 1064 809 Patrem
1082 783 1257 808 memora-

274 836 326 873 vit
339 866 349 885 ,
371 845 409 873 ut
425 836 537 887 magis
549 845 705 875 terreret.
723 836 820 873 Num
833 847 916 885 ergo
930 832 1083 880 sufficit,
1099 831 1258 882 inquies,

274 896 309 933 in
334 897 467 934 Filium
487 896 648 945 credere,
670 905 709 933 ut
732 896 805 935 vita
832 903 958 932 aeterna
977 892 1174 930 habeatur?
1188 892 1259 930 Ne-

274 971 461 1008 quaquam.
486 957 581 994 Audi
602 956 785 995 Christum
803 955 870 993 hoe
885 955 1003 1006 ipsum
1021 952 1259 990 declarantem

275 1018 331 1055 1115
347 1017 484 1067 verbis,
502 1019 591 1054 3³*th
608 1020 731 1054 omnis
747 1019 812 1068 qui
823 1016 916 1052 dicit
936 1015 1044 1059 milti,
1064 1014 1254 1059 Domine,

275 1080 444 1116 Domine
456 1109 465 1123 ,
503 1081 664 1116 intrabit
708 1081 749 1114 in
797 1089 955 1127 regnum
991 1074 1173 1112 coelorum
1182 1089 1197 1117 ;
1226 1082 1260 1110 et

274 1139 495 1191 blasphemia
520 1139 556 1176 in
577 1138 751 1190 Spiritum
779 1136 912 1173 suffieit
943 1143 981 1171 ut
1005 1134 1041 1170 in
1063 1133 1258 1183 gehennam

275 1200 354 1250 quis
374 1200 594 1238 detrudatur.
612 1199 659 1236 Et
677 1197 765 1249 quid
784 1197 863 1234 dico
880 1195 923 1233 de
944 1203 1042 1247 parte
1057 1193 1258 1244 dogmatis?

274 1263 365 1299 Nam
381 1270 412 1298 et
433 1261 461 1298 si
489 1260 569 1310 quis
596 1253 688 1296 recte
714 1257 832 1296 credat
850 1256 886 1293 111
915 1257 1057 1292 Patrem
1075 1263 1108 1291 et
1125 1254 1259 1291 Filium

275 1331 307 1359 et
324 1321 496 1374 Spiritum
512 1330 690 1369 sanetum,
707 1319 736 1357 si
754 1327 846 1356 reete
859 1331 927 1355 non
945 1316 1066 1364 vivat,
1083 1314 1175 1352 nihil
1190 1313 1258 1366 ipsi

275 1383 363 1421 fides
394 1382 550 1435 proderit
581 1381 628 1419 ad
661 1381 824 1419 salutem.
856 1378 954 1429 Ergo
982 1375 1123 1427 quando
1155 1375 1259 1424 dicit,

277 1447 371 1482 Hoeo
399 1453 455 1481 est
473 1446 576 1481 enim
600 1446 687 1480 vita
707 1451 872 1487 aeterna,
897 1448 938 1477 ut
958 1445 1192 1490 cognoscant
1224 1444 1260 1473 te

275 1507 399 1544 solum
434 1520 569 1543 verum
597 1506 747 1550 Deum,
771 1516 813 1540 ne
833 1510 1000 1554 putemus
1019 1498 1058 1536 id
1087 1497 1189 1535 nobis
1215 1495 1261 1533 ad

275 1567 424 1604 salutem
443 1566 527 1604 satis
543 1580 628 1603 esse.
648 1566 750 1617 Opus
768 1575 921 1613 namque
934 1560 1035 1598 nobis
1056 1567 1108 1596 est
1127 1567 1160 1595 et
1178 1557 1260 1595 vitae

276 1637 308 1666 et
331 1641 472 1664 morum
488 1626 647 1664 instituto
662 1625 788 1678 probo.
813 1623 859 1661 Et
879 1623 908 1660 si
930 1621 990 1658 hie
1008 1618 1157 1666 dixerit,
1185 1619 1261 1669 Qui

276 1688 395 1725 eredit
423 1691 464 1724 in
492 1687 661 1732 Filium,
685 1687 801 1723 habet
820 1686 947 1721 vitam
969 1690 1153 1719 aeternam
1163 1693 1180 1726 ;
1200 1692 1260 1717 ve-

275 1762 355 1784 rum
376 1747 552 1798 sequentia
571 1744 813 1785 vehementius
840 1741 1000 1795 protulit.
1021 1741 1143 1790 Neque
1167 1738 1260 1776 enim

275 1822 320 1846 ex
333 1808 436 1846 bonis
446 1817 596 1854 tantum,
613 1806 673 1844 sed
688 1806 793 1844 etiam
808 1818 852 1841 ex
865 1801 1050 1842 contrariis
1065 1813 1260 1838 sermonem

276 1870 453 1918 contexit;
496 1878 527 1907 et
559 1867 641 1908 vide
660 1881 730 1918 quo
748 1875 863 1919 paeto.
883 1864 993 1902 Infert
1025 1862 1146 1910 enim,
1187 1862 1260 1911 Qui

278 1945 356 1968 non
375 1932 494 1968 eredit
514 1930 641 1975 Filio,
666 1943 743 1966 non
762 1928 911 1965 videbit
931 1927 1081 1969 vitam,
1104 1923 1172 1960 sed
1200 1925 1260 1960 ira

278 1993 353 2029 Dei
372 2000 501 2028 manet
521 2004 634 2042 super
652 2003 751 2027 eum.
775 1990 938 2025 Attamen
957 1997 1027 2022 non
1043 1982 1128 2020 hine
1147 1981 1261 2020 inferi-

278 2068 369 2102 mus,
384 2053 494 2091 solam
508 2051 615 2089 fidem
628 2050 672 2088 ad
687 2050 837 2088 salutem
851 2061 923 2085 esse
941 2046 1046 2092 satis;
1066 2043 1162 2095 quod
1177 2057 1260 2095 pro-

277 2115 382 2152 batur
407 2129 452 2152 ex
477 2113 583 2152 dictis
607 2110 818 2163 evangelicis
844 2107 1105 2159 frequentibus,
1130 2106 1261 2143 bonam

278 2175 388 2213 vitam
407 2174 658 2227 spectantibus.
679 2173 764 2210 Ideo
785 2185 853 2208 non
879 2169 990 2217 dixit,
1010 2169 1094 2205 Haec
1117 2167 1190 2204 sola
1207 2175 1258 2204 est

280 2235 353 2274 vita
372 2245 500 2273 aeterna
513 2265 522 2283 ‚
542 2248 669 2285 neque,
691 2234 726 2270 Is
749 2232 811 2282 qui
830 2229 1053 2269 solummodo
1083 2227 1194 2265 eredit
1224 2227 1260 2264 in

279 2297 434 2345 Filium,
466 2296 571 2333 habet
593 2295 705 2333 vitam
732 2302 919 2340 aeternam3
953 2289 1013 2327 sed
1046 2289 1081 2326 in
1114 2297 1262 2338 utroque

277 2358 388 2397 vitam
416 2371 488 2395 esse
508 2356 694 2407 significat.
717 2354 819 2391 Certe
839 2352 867 2389 si
897 2351 967 2389 vita
988 2349 1098 2402 proba
1119 2362 1187 2386 non
1208 2363 1261 2386 se-

277 2428 417 2469 quatur,
430 2431 598 2468 magnum
609 2423 774 2466 sequetur
785 2411 1052 2465 supplicium.N
1056 2424 1145 2461 eque
1157 2409 1262 2459 dixit,

278 2482 400 2518 Manet
423 2493 524 2525 eum,
545 2477 622 2524 sed,
647 2477 785 2513 Manet
804 2487 919 2525 super
947 2486 1029 2509 eum
1043 2487 1058 2516 ;
1080 2470 1262 2508 declarans

279 2554 474 2591 numquam
486 2539 531 2576 ab
549 2553 588 2576 eo
601 2537 836 2575 discessuram
851 2535 941 2571 iram
958 2546 1041 2571 esse.
1052 2533 1104 2570 Ne
1119 2541 1262 2584 putares

279 2601 373 2639 0111111
389 2601 496 2648 illud,
520 2601 609 2637 Non
634 2599 783 2636 videbit
797 2598 947 2641 vitam,
964 2602 1114 2631 mortem
1130 2602 1262 2645 tempo-

280 2676 421 2699 raneam
438 2660 613 2709 indicare,
627 2659 687 2697 sed
701 2657 857 2696 crederes
870 2663 1080 2708 perpetuum
1093 2667 1167 2691 esse
1180 2668 1262 2706 sup-

278 2723 428 2775 plicium
440 2752 450 2771 ,
472 2722 538 2758 1100
556 2721 692 2758 dictum
716 2718 856 2771 posuit,
878 2726 916 2754 ut
934 2715 1131 2754 ostenderet
1161 2715 1262 2753 illam

280 2794 450 2837 perpetuo
466 2797 606 2821 manere
624 2791 656 2819 ct
676 2781 836 2819 insidere.
857 2777 954 2816 Illud
972 2786 1090 2815 autem
1107 2776 1209 2825 feeit,
1227 2785 1265 2815 ut

279 2860 343 2897 per
356 2846 431 2882 haee
445 2843 561 2881 omnia
576 2842 682 2881 verba
698 2842 790 2892 ipsos
804 2840 850 2878 ad
860 2839 1044 2877 Christum
1058 2838 1263 2890 impelleret.

280 2908 504 2958 Quapropter
524 2917 591 2940 11011
621 2902 666 2939 ad
683 2902 762 2938 illos
780 2899 948 2951 privatim
967 2899 1099 2936 monita
1119 2898 1262 2950 dirigit,

281 2968 388 3005 sedin
403 2964 581 3004 communi
596 2995 603 3012 ,
625 2972 657 3000 et
673 2971 711 2999 ut
727 2961 882 2998 maxime
902 2961 995 3012 ipsos
1013 2961 1152 2998 allicere
1170 2968 1264 3012 pote-

1331 404 1396 447 δὼς
1425 404 1494 442 ἀπὸ
1513 408 1572 441 τοῦ
1591 403 1693 454 λόγου
1709 407 1770 449 τῆς
1791 404 1966 447 κολάσεως
1992 403 2176 454 γινομένην
2196 403 2259 449 τὴν
2278 403 2355 448 ὄνη-

1332 480 1397 511 σιν,
1421 464 1478 502 καὶ
1504 466 1569 516 οὐχ
1595 464 1685 502 οὕτω
1713 467 1755 515 τῇ
1775 467 1843 501 τῶν
1871 467 2033 517 χρηστῶν
2061 462 2252 515 ἐπαγγελίᾳ
2278 462 2356 506 τοὺς

1331 525 1479 568 πολλοὺς
1509 524 1761 576 ἐπαγομένους,
1788 527 1834 567 ὣς
1867 528 1909 576 τῇ
1943 528 2012 562 τῶν
2035 525 2191 577 φοὸερῶν
2210 525 2356 576 ἀπειλῇ,

1334 587 1481 624 ἐνταῦθα
1499 585 1700 624 κατακλείει
1718 585 1776 623 τὸν
1795 585 1895 635 λόγον
1919 585 2052 631 λοιπὸν,
2079 586 2137 623 καὶ
2161 585 2265 637 φησίν
2278 600 2286 607 ·
2312 584 2356 622 ‘O

1334 646 1507 684 πιστεύων
1530 648 1576 690 εἷς
1596 646 1653 684 τὸν
1675 646 1772 691 Υἱὸν,
1789 646 1861 698 ἔχει
1877 645 1966 692 ζωὴν
1983 646 2120 684 αἰώνιον
2134 662 2141 669 ·
2163 649 2180 683 ὃ
2197 645 2233 683 δὲ
2253 647 2358 683 ἀπει-

1335 709 1401 745 θῶν
1424 710 1473 760 τῷ
1488 708 1584 759 Υἱῷ,
1603 709 1665 745 οὐκ
1689 707 1811 759 ὄψεται
1835 706 1898 753 τὴν
1919 705 2024 754 ζωὴν,
2052 707 2128 744 ἀλλ’
2148 710 2169 753 ἡ
2191 705 2276 758 ὀργὴ
2297 709 2357 744 τοῦ

1334 768 1426 806 Θεοῦ
1444 768 1540 819 μένει
1558 768 1636 806 ᾱέπ’
1659 768 1774 807 αὐτόν,
1801 768 1915 806 Πάλιν
1932 768 2108 805 κάνταῦθα
2127 767 2185 805 ἐπὶ
2203 767 2260 804 τὸν
2280 768 2356 804 Πα-

1335 827 1417 880 τέρα
1437 829 1560 880 ἀνάγει
1576 830 1632 868 τὸν
1655 833 1717 876 τῆς
1737 828 1912 871 κολάσεως
1929 828 2042 879 λόγον.
2059 829 2112 866 Οὐ
2144 827 2210 880 γὰρ
2240 821 2333 865 εἶπεν
2346 856 2355 872 ,

1335 892 1356 935 ἡ
1378 889 1462 941 ὀργὴ
1483 893 1542 928 τοῦ
1557 892 1661 937 Υἱοῦ,
1675 890 1788 928 καίτοι
1802 906 1842 941 γε
1855 889 1956 932 αὐτός
1975 890 2067 926 ἐστιν
2080 891 2097 926 ὃ
2113 887 2232 940 κριτής
2243 903 2251 911 ·
2268 887 2358 926 ἀλλὰ

1335 949 1393 987 τὸν
1412 950 1557 1002 Πατέρα
1577 953 1691 995 αὐτοῖς
1717 950 1907 997 ἐπέστησε,
1939 951 2070 1001 μᾶλλον
2093 949 2245 1002 φοὸἧσαι
2276 951 2358 1000 βου·-

1335 1010 1488 1061 λόμενος.
1506 1006 1594 1064 Ἆρα
1604 1006 1660 1050 οῦν
1677 1016 1774 1064 ἀρκεῖ
1789 1012 1828 1050 τὸ
1842 1015 2028 1049 πιστεῦσαι
2039 1012 2086 1053 εἷς
2102 1010 2159 1048 τὸν
2178 1010 2275 1054 Υἱὸν,
2293 1025 2357 1061 φη-

1336 1070 1369 1108 σὶ
1385 1101 1394 1118 ,
1412 1072 1496 1123 πρὸς
1516 1072 1555 1109 τὸ
1569 1072 1658 1119 ζωὴν
1675 1073 1765 1124 ἔχειν
1780 1072 1937 1120 αἷ(ο’)νιον;
1959 1073 2144 1121 Οὐδαμῶς.
2164 1070 2234 1108 Καὶ
2255 1070 2356 1108 ἄκουε

1335 1135 1394 1170 τοῦ
1416 1133 1570 1183 Χριστοῦ
1600 1137 1701 1171 τοῦτο
1721 1133 1913 1176 δεικνύντος
1939 1133 1998 1171 καὶ
2017 1133 2192 1183 λέγοντος·
2217 1133 2270 1170 Οὐ
2290 1138 2357 1173 πᾶς

1335 1195 1351 1229 ὁ
1371 1191 1481 1243 λέγων
1502 1208 1580 1242 μοι,
1602 1192 1727 1245 Κύριε,
1747 1193 1876 1245 Κύριε,
1892 1193 2124 1232 εἰσελεύσεται
2141 1195 2188 1236 εἷς
2208 1192 2271 1239 τὴν
2295 1195 2357 1243 βα-

1335 1253 1466 1290 σιλείαν
1484 1257 1552 1291 τῶν
1568 1255 1721 1305 οὐρανῶν
1735 1269 1742 1277 ·
1761 1254 1819 1292 καὶ
1833 1257 1854 1300 ἡ
1871 1256 1918 1296 εἷς
1933 1254 1971 1291 τὸ
1986 1255 2132 1302 Πνεῦμα
2148 1253 2183 1290 δὲ
2201 1255 2361 1304 βλασφη-

1335 1312 1398 1364 μία
1413 1315 1512 1365 ἀρκεῖ
1531 1315 1590 1352 καὶ
1608 1314 1695 1364 μόνη
1714 1316 1761 1357 εἷς
1776 1313 1915 1365 γέενναν
1935 1314 2112 1364 ἐμὸαλεῖν.
2127 1313 2196 1351 Καὶ
2215 1312 2249 1350 τί
2267 1312 2358 1365 λέγω

1332 1374 1412 1428 περὶ
1442 1374 1566 1428 μέρους
1588 1375 1776 1426 δόγματος
1799 1375 1873 1414 Κᾶν
1902 1374 1969 1427 γὰρ
1988 1377 2036 1417 εἰς
2057 1374 2113 1413 τὸν
2142 1374 2286 1425 Πατέρα
2306 1389 2358 1416 τις

1333 1435 1391 1472 καὶ
1417 1436 1475 1473 τὸν
1496 1436 1578 1474 Υἱὸν
1603 1439 1710 1488 ὀρθῶς
1732 1435 1922 1488 πιστεύσῃ,
1939 1435 1998 1473 καὶ
2014 1438 2062 1478 εἷς
2084 1435 2123 1473 τὸ
2146 1437 2294 1485 Πνεῦμα
2319 1434 2358 1472 τὸ

1334 1497 1445 1547 ἅγιον,
1466 1497 1538 1549 βίον
1569 1498 1604 1536 δὲ
1623 1498 1671 1549 μὴ
1694 1498 1757 1550 ἔχῃ
1780 1498 1893 1550 ὀρθὸν,
1912 1497 2029 1535 θούδὲν
2051 1498 2145 1549 αὐτῷ
2159 1496 2278 1548 κέρδος
2295 1498 2358 1541 τῆς

1333 1557 1482 1602 πίστεως
1502 1561 1549 1602 εἷς
1579 1559 1765 1611 σωτηρίαν.
1793 1560 1928 1597 Οὐκοῦν
1952 1558 2010 1596 καὶ
2029 1557 2110 1595 ὅταν
2129 1557 2213 1608 λέγῃ
2228 1586 2238 1605 ,
2258 1556 2356 1602 Αὕτη

1333 1617 1400 1670 γάρ
1428 1620 1521 1657 ἐστιν
1538 1624 1559 1666 ἦ
1576 1619 1712 1663 αἰώνιος
1727 1619 1815 1666 ζωὴ,
1833 1619 1889 1657 ἵνα
1904 1618 2103 1670 γινώσκωσί
2121 1635 2159 1657 σε
2177 1618 2234 1656 τὸν
2256 1618 2356 1668 μόνον

1336 1680 1495 1726 ἀληθινὸν
1518 1680 1621 1728 Θεὸν,
1642 1680 1691 1730 μὴ
1713 1680 1912 1730 νομίσωμεν
1931 1682 2048 1731 ἀρκεῖν
2065 1683 2149 1729 ἡμῖν
2165 1681 2212 1722 εἷς
2240 1694 2357 1724 σωτη-

1336 1740 1411 1791 ρίαν
1431 1741 1470 1779 τὸ
1488 1741 1687 1794 λεγόμενον.
1707 1743 1769 1778 Δεῖ
1794 1740 1861 1792 γὰρ
1886 1745 1971 1791 ἡμῖν
1990 1740 2049 1777 καὶ
2065 1739 2147 1791 ,βίου
2169 1739 2228 1777 καὶ
2253 1741 2358 1777 πολι-

1333 1802 1426 1845 τείας
1452 1800 1748 1852 Ῑάκριὸεστοίτης·
1769 1801 1844 1838 ἐπεὶ
1873 1801 1932 1839 καὶ
1962 1803 2107 1838 ἐνταῦθα
2139 1800 2294 1852 εἴρηκεν,
2312 1799 2357 1839 ‘O

1333 1862 1506 1901 πιστεύων
1519 1865 1566 1906 εἷς
1581 1862 1637 1900 τὸν
1652 1862 1748 1910 Υἱὸν,
1765 1862 1837 1914 ἔχει
1849 1861 1939 1909 ζωὴν
1951 1861 2087 1900 αἰώνιον
2098 1878 2105 1885 ·
2119 1860 2209 1900 ἀλλὰ
2225 1861 2263 1899 τὸ
2281 1861 2359 1898 τού·

1333 1939 1391 1961 του
1415 1922 1491 1969 ἑξῆς
1508 1923 1640 1961 τέθεικε
1656 1923 1895 1975 σφοδρότερον.
1909 1922 2002 1961 Οὐδὲ
2020 1922 2088 1974 γὰρ
2104 1922 2172 1960 ἀπὸ
2186 1925 2255 1959 τῶν
2271 1938 2359 1974 χρη-

1336 1988 1426 2024 στῶν
1448 1983 1563 2034 μόνον,
1584 1984 1674 2022 ἀλλὰ
1698 1983 1758 2021 καὶ
1780 1984 1849 2022 ἀπὸ
1876 1986 1944 2021 τῶν
1971 1983 2134 2020 ἐναντίων
2154 1983 2238 2021 ἕτὸν
2258 1982 2357 2033 λόγον

1335 2046 1480 2097 ὑφαίνει.
1503 2045 1573 2085 Καὶ
1589 2044 1652 2097 ὅρα
1671 2049 1757 2089 πῶς.
1782 2045 1965 2096 Ἐπήγαγε
1990 2043 2069 2097 γάρ·
2087 2043 2132 2083 ‘O
2154 2043 2189 2082 δὲ
2208 2046 2359 2082 ἀπειθῶν

1335 2110 1384 2158 τῷ
1401 2107 1476 2159 Υἱῷ
1492 2136 1501 2153 ,
1526 2109 1587 2144 οὐκ
1609 2106 1730 2158 ὄψεται
1753 2105 1817 2153 τὴν
1836 2106 1944 2154 ζωὴν,
1960 2108 2037 2144 ἀλλ’
2052 2110 2073 2153 ἡ
2091 2104 2177 2158 ὀργὴ
2193 2109 2252 2143 τοῦ
2269 2106 2360 2143 Θεοῦ

1339 2168 1433 2218 μένει
1454 2169 1508 2204 ἐπ’
1529 2166 1643 2205 αὐτόν.
1663 2167 1754 2205 Ἀλλ’
1771 2167 1864 2217 ὅμως
1893 2167 1969 2205 οὐδὲ
1987 2166 2138 2206 ἐντεῦθέν
2158 2180 2270 2218 φαμεν
2293 2167 2358 2217 ἀρ-

1337 2234 1409 2266 κεῖν
1428 2227 1491 2274 τὴν
1516 2227 1632 2266 πίστιν
1649 2229 1696 2270 εἷς
1723 2227 1897 2279 σωτηρίαν
1919 2228 2037 2278 μόνην.
2058 2227 2129 2266 Καὶ
2146 2227 2298 2264 δείκνυσι
2316 2225 2360 2264 τὰ

1338 2289 1418 2340 περὶ
1441 2288 1516 2338 βίου
1530 2289 1710 2339 πολλαχοῦ
1726 2290 1794 2325 τῶν
1809 2288 2018 2339 εὐαγγελίων
2039 2288 2216 2340 εἰρημένα.
2228 2287 2296 2325 Διά
2308 2303 2361 2326 τοι

1339 2353 1440 2387 τοῦτο
1461 2351 1523 2387 οὐκ
1539 2343 1645 2396 εἶπεν,
1677 2348 1764 2395 αὕτη
1785 2348 1820 2386 δέ
1834 2350 1927 2386 ἐστιν
1953 2352 1974 2395 ἡ
1996 2348 2131 2391 αἰώνιος
2150 2348 2220 2394 ζωὴ
2251 2347 2337 2398 μόνη
2352 2363 2359 2371 ·

1340 2410 1430 2458 οὐδὲ,
1444 2413 1461 2448 ὁ
1475 2408 1646 2447 πιστεύων
1663 2411 1708 2452 εἰς
1725 2409 1781 2447 τὸν
1800 2409 1882 2447 Υἱὸν
1895 2408 1996 2459 μόνον
2016 2409 2090 2461 ἔχει
2104 2408 2240 2446 αἰώνιον
2257 2408 2360 2455 ζωήν·

1339 2473 1415 2510 ἀλλ’
1438 2474 1471 2509 ἐν
1486 2469 1638 2522 ἑκατέρῳ
1664 2468 1787 2508 1’τοῦτο
1815 2469 1992 2521 ἐμφαίνει,
2011 2469 2065 2507 ὅτι
2101 2469 2172 2521 ἔχει
2202 2468 2292 2516 ζωὴν
2322 2468 2362 2506 τὸ

1338 2539 1498 2585 πρᾶγμα.
1517 2529 1577 2569 Ἂν
1608 2530 1725 2581 μέντοι
1749 2530 1794 2569 τὰ
1821 2533 1884 2577 τῆς
1900 2530 2076 2574 πολιτείας
2093 2529 2141 2581 μὴ
2172 2531 2362 2580 ἀκολουθῇ,

1338 2593 1451 2641 πολλὴ
1472 2593 1591 2645 ἕψεται
1609 2595 1630 2638 ἡ
1650 2591 1800 2635 κόλασις.
1830 2591 1899 2631 Καὶ
1919 2594 1980 2629 οὐκ
1999 2586 2074 2629 εἷπε
2092 2622 2101 2639 ,
2132 2590 2228 2641 μένει
2247 2591 2362 2637 αὐτὸν,

1341 2657 1431 2701 ἀλλ’,
1459 2654 1541 2692 Ἐπ’
1559 2653 1673 2701 αὐτὸν,
1691 2654 1803 2699 δηλῶν
1819 2652 1872 2690 ὅτι
1891 2652 2053 2691 οὐδέποτε
2072 2655 2131 2690 ἀπ’
2152 2655 2256 2691 αὐτοῦ
2277 2654 2363 2690 ἀπο-

1340 2717 1518 2764 στήσεται.
1534 2714 1612 2753 Ἵνα
1628 2714 1694 2766 γὰρ
1710 2713 1757 2764 μὴ
1776 2713 1919 2764 νομίσῃς
1935 2713 2078 2751 θάνατον
2093 2707 2178 2751 εἶναι
2193 2713 2363 2765 πρόσκαι-

1341 2794 1398 2832 ρον
1419 2777 1477 2825 τὸ,
1499 2778 1576 2815 Οὐκ
1589 2776 1708 2827 ὄψεται
1736 2774 1840 2821 ζωὴν,
1854 2773 1944 2812 ἀλλὰ
1963 2773 2153 2825 πιστεύσῃς
2173 2773 2225 2811 ὅτι
2245 2775 2362 2820 διηνε-

1340 2839 1438 2887 κὴςὴ
1454 2837 1615 2880 κόλασις,
1636 2840 1736 2874 τοῦτο
1763 2835 1894 2873 τέθεικε
1919 2835 1958 2873 τὸ
1994 2838 2087 2886 ῥῆμα
2105 2863 2114 2880 ,
2147 2833 2279 2877 δεικνὺς
2309 2833 2362 2871 ὅτι

1339 2900 1484 2944 ἐνιζάνει
1499 2900 1592 2951 αὐτῷ
1609 2899 1783 2943 διηνεκῶς.
1796 2895 1965 2942 Ἐποίησε
1978 2895 2012 2932 δὲ
2029 2899 2147 2943 τοῦτο,
2161 2894 2216 2933 διὰ
2232 2896 2363 2933 τούτων

1341 2960 1463 3003 αὐτοὺς
1485 2962 1553 2997 τῶν
1568 2957 1732 3010 ῥημάτων
1745 2958 1842 2994 ὠθῶν
1864 2956 1949 3007 πρὸς
1968 2955 2025 2994 τὸν
2051 2955 2216 3008 Χριστόν.
2233 2955 2363 3008 Διόπερ

279 3040 344 3067 rat.
358 3031 438 3067 Non
454 3028 547 3066 enim
560 3025 675 3072 dixit,
696 3023 733 3060 Si
748 3022 898 3061 credatis
910 3052 919 3070 ,
941 3023 976 3059 Si
998 3036 1067 3059 non
1091 3021 1262 3071 credati53
1290 3030 1316 3060 A
1341 3021 1418 3061 οὐδὲ
1434 3019 1504 3071 ἰδίᾳ
1519 3018 1604 3070 πρὸς
1620 3016 1742 3060 αὐτοὺς
1757 3016 1819 3064 τὴν
1839 3017 2042 3068 παραίνεσιν
2059 3017 2261 3063 ἐποιήσατο,
2274 3017 2364 3054 ἀλλὰ

278 3091 341 3129 sed
360 3087 592 3128 imcummuni
619 3085 796 3136 loquitur,
820 3093 859 3121 ut
881 3098 958 3135 quze
986 3084 1154 3121 dicuntur
1175 3083 1267 3121 nulli

280 3157 350 3193 sint
365 3152 557 3206 suspicioni
574 3149 728 3190 obnoxia
751 3164 758 3185 :
779 3147 885 3198 idque
904 3147 984 3185 fecit
1000 3147 1242 3187 vehementius
1256 3178 1264 3194 ,

325 3306 339 3319 0
358 3293 459 3327 Savil.
487 3295 551 3327 εἶτα
573 3296 621 3325 καὶ
647 3293 726 3328 εἰδὼς
742 3292 855 3326 πολλὴν
878 3295 929 3325 τῆς
954 3291 1100 3325 κολάσεως
1126 3288 1212 3320 οὖσαν
1240 3293 1292 3326 τὴν

281 3350 372 3389 ἰσχύν.
390 3343 504 3376 ΜΟΙὋῙ.
524 3349 627 3378 ἔπειτα
645 3346 758 3379 πολλὴν
775 3342 853 3377 εἰδὼς
869 3345 939 3372 ἀπὸ.

329 3400 344 3422 ⁴¹
369 3400 421 3429 Sic
438 3396 537 3430 Savil.
557 3394 670 3427 Morel.
690 3398 760 3438 ὁρᾷς
777 3400 835 3430 πῶς
851 3396 1012 3425 κάνταῦθα-

324 3466 328 3474 ‘
351 3451 462 3485 Mor-vl.
481 3453 559 3483 οὐδὲν
576 3452 652 3489 αὐτῷ
673 3449 760 3480 izi-{ov
778 3450 836 3477 ἀπὸ
851 3452 901 3480 τῖς
918 3448 1039 3479 πίστεως
1056 3447 1147 3475 ἔπται-

1342 3080 1544 3128 καθολικὴν,
1565 3079 1624 3117 καὶ
1649 3081 1694 3121 ὡς
1726 3077 1765 3116 ἂν
1793 3078 1947 3128 μάλιστα
1969 3076 2092 3121 αὐτοὺς
2127 3077 2363 3129 ἐπαγαγέσθαι

1343 3145 1500 3184 ἐδύνατο.
1523 3143 1575 3181 Οὐ
1595 3140 1664 3192 γὰρ
1684 3133 1793 3189 εἶπεν,
1813 3140 1872 3177 ἐὰν
1891 3139 2124 3187 πιστεύσητε,
2142 3138 2222 3187 καὶ,
2239 3138 2297 3177 ἐὰν
2314 3139 2362 3190 μὴ

1402 3285 1415 3310 s
1432 3281 1534 3316 Savil.
1554 3285 1781 3326 καθαρωτάτης·

1403 3346 1415 3368 β
1438 3334 1539 3370 511111.
1558 3339 1608 3368 τὸν
1626 3336 1710 3375 λόγον
1727 3335 1886 3367 συντίθησιν
1903 3332 1991 3363 οὕτω.

1405 3390 1420 3414 ¹¹
1443 3387 1543 3421 Savil.
1565 3390 1651 3420 τοῦτο
1668 3388 1781 3423 ἐδήλου,
1800 3382 1878 3413 Mox
1892 3379 1976 3412 idem
1993 3384 2036 3422 μὴ
2054 3383 2172 3418 ἕπηται,
