2481 3678
1390 209 1450 255 al.
1491 227 1535 255 x.
2131 236 2181 277 7¹

1207 304 1459 355 experiamur3
1486 319 1526 343 ac
1548 306 1736 357 splendida
1759 308 1891 359 singuli
1920 319 2014 347 veste
2049 311 2189 356 induti,

1207 363 1253 402 ad
1272 364 1405 415 locum,
1427 380 1497 416 quo
1517 367 1634 404 vocati
1653 382 1791 418 sumus,
1806 369 2098 420 proficiscamur3
2120 386 2190 421 quo

1207 439 1269 463 nos
1283 439 1403 464 omnes
1415 427 1486 464 frui
1505 427 1697 480 contingat,
1712 429 1826 481 gratia
1841 439 1874 467 et
1891 431 2108 482 benignitate
2119 433 2191 469 Do-

1206 487 1295 525 mini
1317 487 1427 525 nostri
1453 489 1537 527 Jesu
1558 488 1707 540 Christi,
1734 504 1797 543 per
1817 505 1924 541 quem
1954 500 1987 529 et
2018 505 2100 529 cum
2121 506 2191 542 quo

1206 548 1305 587 Patri
1328 548 1436 587 simul
1461 558 1495 588 et
1514 550 1666 603 Spiritui
1685 560 1804 589 sancto
1824 552 1952 603 gloria,
1975 552 2101 601 honor,
2124 553 2191 590 im-

1206 611 1361 663 perium,
1379 620 1413 648 et
1444 625 1537 650 nunc
1564 622 1596 650 et
1615 627 1767 665 semper,
1791 622 1824 651 ct
1843 613 1879 651 in
1898 614 2026 652 saecula
2045 615 2190 652 saeculo—

1205 687 1299 711 rum.
1327 675 1451 711 Amen.

764 222 805 251 ln*
845 221 1051 251 sommam
1087 223 1247 252 HOMIL.
1289 225 1350 254 Xl.

110 301 188 345 τοὺς
210 303 333 345 ἄλλους
351 301 512 354 ὓὸρίζειν.
535 300 638 339 Ἀλλὰ
665 300 798 351 μηδένα
823 302 955 353 γένοιτο
981 302 1135 341 τοιούτου

110 365 317 414 πειραθῆναι
335 367 394 400 τοῦ
406 360 629 406 κεκληκότος,
656 360 746 410 μήτε
761 364 876 412 ἡμῶν,
898 362 986 413 μήτε
1005 362 1132 414 ἑτέρων

109 427 223 461 τινῶν.
243 423 312 461 Διὰ
328 421 396 474 γὰρ
414 426 515 460 τοῦτο
527 451 536 469 ,
554 421 636 473 πρὶν
655 421 677 467 ἢ
698 422 856 474 γενέσθαι
869 428 978 462 ταῦτα
996 424 1132 471 πάντα,

108 483 391 536 ἀναγέγραπται·
413 481 467 519 ἵνα
484 483 517 519 ἐν
537 485 580 531 τῇ
601 485 669 520 τῶν
684 483 904 536 γραμμάτων
924 485 1050 536 ἀπειλῇ
1067 500 1132 522 σω-

107 543 361 596 φρονισθέντες,
384 542 432 594 μὴ
453 543 738 596 συγχωρήσωμεν
757 545 804 588 εἷς
824 544 921 596 ἔργον
945 547 1053 583 ἐλθεῖν
1068 545 1130 593 τὴν

107 605 248 655 ἀτιμίαν
265 604 324 642 καὶ
345 603 408 651 τὴν
428 603 569 642 κόλασιν
588 604 731 653 ταύτην,
752 607 828 643 ἀλλ’
850 605 907 644 ἐπὶ
924 608 992 643 τῶν
1011 607 1130 658 ῥημά-

105 680 171 702 των
192 665 297 711 αὖτὴν
317 665 501 716 στήσωμεν
529 664 644 715 μόνον,
662 665 722 703 καὶ
747 665 836 717 μετὰ
851 668 1016 718 λαμπρᾶς
1042 666 1129 704 ἔκα-

104 741 182 769 στος
198 727 321 772 στολῆς
336 729 382 770 εἰς
400 727 463 773 τὴν
478 727 601 772 κλῆσιν
619 725 752 773 ἐκείνην
771 726 1051 780 παραγενώμεῡα
1064 743 1071 751 ·
1089 722 1130 774 ἧς

105 790 301 826 ἀπολαῦσαι
323 788 454 840 γένοιτο
476 787 610 831 πάντας
641 792 747 838 ἡμᾶς,
773 788 893 842 χάριτι
924 788 984 826 καὶ
1010 791 1131 840 φιλαν-

103 848 240 902 θρωπίᾳ
269 854 328 887 τοῦ
354 848 482 901 Κυρίου
508 852 608 900 ἡμῶν
626 849 742 895 Ἰησοῦ
770 850 943 901 Χριστοῦ,
963 848 1063 900 ὀμε6’
1091 844 1129 889 οῧ

101 912 150 961 τῷ
165 910 281 963 Πατρὶ
296 910 369 960 ἅμα
382 913 432 962 τῷ
448 909 535 963 ἁγίῳ
551 909 736 961 Πνεύματι
751 910 831 956 δόξα
842 940 852 957 ,
868 910 1012 964 κράτος,
1028 911 1128 962 τιμὴ,

101 976 155 1009 νῦν
178 970 237 1009 καὶ
257 971 330 1019 ἀεὶ,
349 971 409 1009 καὶ
429 973 474 1013 εἰς
494 970 585 1022 τοὺςζ
601 974 728 1015 αἰῶνας
747 974 816 1010 τῶν
836 971 983 1010 αἰώνων.
1005 972 1125 1023 Ἀμήν.
1152 981 1175 1011 Ε

144 1103 158 1126 ⁴¹
174 1103 224 1144 [δι’
242 1102 275 1136 οὗ
291 1108 339 1137 καὶ
355 1119 391 1145 μ.
411 1118 438 1137 ο.
453 1103 530 1135 Sav.
550 1111 582 1136 et
595 1104 681 1138 Cod.
695 1105 778 1146 705,
789 1104 944 1147 idemque
961 1103 1122 1147 expressit
1137 1106 1335 1147 Interpres.]

478 1354 659 1392 OMIAlA
691 1352 746 1390 ια’.
1534 1351 1747 1389 HOMILIA
1776 1351 1842 1389 M.

122 1476 192 1513 Καὶ
210 1478 228 1512 ὁ
248 1475 357 1526 Λόγος
379 1473 463 1526 σὰρξ
483 1474 636 1526 ἐγένετο,
655 1475 714 1512 καὶ
734 1474 928 1519 ἐσκήνωσεν
950 1475 983 1510 ἐν
996 1475 1094 1522 ἡμῖν.
1195 1474 1257 1509 14.
1280 1473 1331 1510 Ec
1356 1473 1517 1510 Verbum
1541 1486 1632 1510 caro
1658 1473 1812 1523 saccum
1825 1481 1880 1511 est
1899 1504 1908 1522 ,
1930 1482 1967 1511 et
1987 1475 2179 1513 habitavit

1594 1537 1634 1571 in
1658 1536 1780 1571 nobis.

1251 1658 1265 1691 1
1281 1686 1287 1692 .
1308 1656 1427 1693 Unam
1445 1669 1465 1692 a
1484 1654 1588 1693 vobis
1608 1654 1760 1706 gratiam
1777 1663 1909 1706 petam,
1929 1663 2118 1705 antequam
2136 1656 2183 1694 ad

1195 1717 1303 1755 verba
1334 1716 1477 1755 veniam
1500 1716 1728 1769 evangeliea,
1749 1716 1812 1754 sed
1840 1730 1925 1768 rogo
1953 1730 1997 1754 ne
2025 1717 2182 1768 postula-

1193 1785 1271 1815 tum
1302 1778 1448 1830 negetis.
1480 1779 1602 1829 Neque
1632 1777 1728 1816 enim
1763 1791 1872 1829 grate
1900 1776 2088 1830 quidpiam
2124 1779 2181 1816 101
2232 1804 2382 1843 Evangelii

1193 1854 1380 1878 011010511111
1408 1840 1578 1891 lequir,o
1603 1854 1716 1891 neque
1739 1839 1926 1891 accipienti
1945 1839 2035 1877 mihi
2065 1840 2181 1878 solum
2195 1847 2289 1880 dicta
2317 1854 2382 1876 ante

145 1658 241 1696 Μίαν
260 1661 351 1709 ὑμᾶς
367 1659 523 1703 ἅπαντας
543 1661 686 1706 αἰτῆσαι
710 1658 878 1710 βούλομαι
905 1656 1024 1709 χάριν,
1039 1657 1120 1708 πρὶν

90 1719 111 1767 ἢ
133 1723 202 1758 τῶν
222 1721 454 1773 εὖαγγελικῶν
471 1720 626 1773 ἅψασθαι
647 1720 826 1773 ῥημάτων·
850 1718 939 1757 ἀλλὰ
961 1718 1009 1769 μὴ
1034 1721 1121 1757 ἀνα-

89 1782 233 1828 νεύσητε
250 1781 336 1833 πρὸς
350 1781 412 1829 τὴν
431 1781 580 1829 αἴτησιν.
596 1782 690 1820 Οὔτε
705 1781 773 1835 γὰρ
795 1779 883 1834 βαρύ
900 1797 935 1818 τι
955 1779 1015 1818 καὶ
1032 1782 1120 1818 ἐπα-

88 1842 168 1894 χθες
190 1844 298 1890 αἰτῶ,
320 1842 390 1882 οὔτ’
411 1843 488 1894 ἐμοὶ
516 1860 566 1881 τω
585 1843 802 1895 λαμὸάνοντι
823 1841 924 1894 μόνον
943 1858 1118 1895 χρησιμον

2211 1899 2382 1916 concionem

87 1904 185 1942 ἔσται
210 1903 249 1942 τὸ
276 1903 466 1952 διδόμενον,
488 1904 578 1943 ἀλλὰ
608 1904 667 1943 καὶ
695 1907 776 1955 υυῖν
796 1909 867 1947 τοῖς
899 1902 1117 1956 παρέχουσι·

87 1980 145 2002 και
164 1965 258 2017 τάχα
285 1967 404 2017 πολλῳ
431 1965 571 2003 πλέον
557 1972 651 2015 υμῖν.
674 1966 721 2003 Τι
740 1967 817 2003 ποτ’
836 1967 893 2003 οὖν
915 1965 1008 2001 ἐστιν
1031 1962 1116 2039 ὅπερ

87 2027 250 2064 αἰτοῦμαι
273 2029 383 2077 ὓμας;
402 2030 416 2046 ³
430 2025 532 2064 Κατὰ
556 2026 640 2077 μίαν
660 2025 907 2074 σαὸὅάτων,
888 2042 910 2071 η
940 2024 1000 2063 καὶ
1024 2026 1114 2062 κατὰ

87 2087 275 2136 σάὸὅατον,
307 2086 370 2133 τὴν
392 2087 587 2138 μέλλουσαν
610 2089 644 2125 ἐν
675 2090 755 2137 ὑμῖν
787 2085 1114 2139 ἀναγνωσθήσεσθαι

84 2151 153 2186 τῶν
174 2147 383 2200 εὐαγγελίων
410 2148 617 2200 περικοπὴν,
645 2148 775 2196 ταύτην
803 2148 872 2202 πρὸ
892 2148 1021 2186 τούτων
1044 2150 1112 2185 τῶν

85 2211 226 2263 ἡμερῶν
250 2210 338 2261 μετὰ
359 2216 479 2263 χεῖρας
505 2209 696 2262 λαμὸάνων
722 2209 867 2253 ἕκαστος
892 2209 979 2247 οἴκοι
1000 2209 1114 2256 καθή-

86 2287 185 2321 μενος
205 2272 471 2323 ἀναγινωσκέτω
493 2275 665 2324 συνεχῶς,
685 2272 744 2311 καὶ
767 2271 935 2316 πολλάκις
953 2287 1113 2325 περισκο-

84 2332 193 2370 πείτω
219 2332 308 2383 μετὰ
331 2331 510 2386 ἀκριὸείας
531 2332 577 2371 τὰ
597 2333 799 2385 ἐγκείμενα,
814 2349 873 2371 και
898 2333 1113 2384 βασανιζέτω

83 2398 193 2432 ταῦτα
212 2396 348 2438 καλῶς·
369 2410 430 2432 και
453 2394 487 2432 τί
508 2393 571 2444 μὲν
592 2394 721 2447 σαφὲς,
740 2394 799 2432 1’τί
825 2394 861 2433 δὲ
894 2395 1021 2441 ἄδηλον
1050 2411 1113 2442 ση

85 2454 274 2503 μειούσθω·
292 2454 327 2493 τί
343 2454 378 2493 δὲ
393 2457 504 2493 αὐτων
515 2455 668 2494 ἐναντίον
682 2460 769 2493 εἶναι
785 2457 918 2503 δοκουν,
934 2457 995 2493 οὐκ
1008 2454 1044 2493 ὂν
1058 2457 1094 2494 δέ
1103 2469 1114 2480 ·’

82 2515 141 2552 καὶ
170 2515 285 2553 πάντα
307 2515 426 2558 ἁπλως
446 2515 762 2560 διακωδωνίσαντες
775 2546 784 2563 ,
805 2532 913 2559 ουτως
933 2519 1110 2555 ἀπαντᾶτε

81 2576 166 2628 πρὸς
197 2575 259 2622 τὴν
282 2575 462 2629 ἀκρόασιν.
484 2578 537 2614 Οὐ
555 2576 622 2629 γὰρ
643 2577 765 2629 μικρὸν
787 2577 856 2615 ἀπὸ
870 2580 933 2623 τῆς
947 2577 1112 2624 τοιαύτης

81 2638 230 2684 σπουδῆς
254 2636 313 2674 καὶ
338 2639 418 2686 ὑμῖν
431 2636 491 2674 καὶ
505 2640 589 2687 ἡμῖν
605 2637 703 2675 ἔσται
715 2637 754 2675 τὸ
769 2636 898 2689 κέρδος.
908 2636 1032 2687 (Ημεῑς
1047 2637 1109 2688 μὲν

79 2697 146 2750 γὰρ
165 2700 202 2736 οὐ
221 2699 350 2736 πολλοῦ
381 2696 576 2748 δεησόμεθα
595 2697 700 2735 πόνου
723 2697 808 2750 πρὸς
829 2697 868 2736 τὸ
887 2699 981 2749 σαφῆ
1001 2702 1107 2745 mii]-

78 2774 137 2796 σαι
160 2762 229 2797 τῶν
256 2759 451 2810 λεγομένων
479 2758 541 2805 τὴν
572 2758 733 2809 δύναμιν,
765 2760 827 2804 τῆς
853 2756 1005 2802 διανοίας
1025 2762 1105 2809 ὑμῖν

76 2820 142 2867 ἤδη
165 2819 470 2873 προοικειωθείσης
493 2823 535 2871 τῇ
557 2821 626 2857 τῶν
650 2819 816 2871 ῥημάτων
839 2817 986 2871 γνώσει·
1008 2822 1106 2869 ὑμεῖς

76 2879 110 2918 δὲ
139 2881 289 2935 ὀξύτεροι
308 2881 367 2919 καὶ
389 2879 673 2933 διορατικώτεροι
700 2879 810 2933 τούτῳ
831 2883 881 2932 τῷ
909 2879 1029 2934 τρόπῳ
1048 2897 1104 2933 γε·

74 2942 240 2990 νήσεσθε,
258 2944 295 2980 οὐ
322 2942 408 2993 πρὸς
434 2940 497 2988 τὴν
515 2941 681 2995 ἀκρόασιν
703 2942 818 2991 μόνον,
838 2940 914 2979 οὐδὲ
936 2941 1021 2994 πρὸς
1039 2941 1103 2989 τὴν

76 3003 239 3053 μάθησιν,
261 3002 351 3041 ἀλλὰ
367 3002 426 3040 καὶ
449 3003 534 3055 πρὸς
552 3003 592 3040 τὸ
612 3002 746 3046 διδάξαι
766 3002 914 3055 ἑτέρους.
937 3002 1040 3041 Ἐπεὶ
1056 3003 1103 3047 ὥς

73 3087 111 3122 γε
131 3073 190 3108 νῦν
209 3073 239 3108 οἱ
258 3069 380 3108 πολλοὶ
399 3072 467 3107 τῶν
485 3071 631 3108 ἐνταῦθα
649 3069 937 3122 παραγινομένων
959 3069 1101 3108 ἀκούου-

116 3211 127 3224 ²
145 3206 223 3234 κατὰ
240 3206 312 3242 μίαν
327 3203 482 3233 σκέἒάτων
510 3207 622 3241 potest
643 3201 742 3232 etiam
767 3199 950 3243 significare
977 3201 1084 3241 prima

73 3250 291 3284 hebdomadae
304 3250 369 3292 die,
389 3258 425 3282 ut
442 3249 520 3283 alibi
538 3257 595 3294 μέν,
610 3255 765 3285 σαὸὅάτων
793 3252 937 3293 primam
955 3249 1083 3283 hebdo-

73 3303 178 3335 madae
195 3302 358 3345 siguificat
371 3302 471 3334 etiam
492 3302 581 3344 apud
598 3302 879 3346 Chrysostomum
898 3302 994 3334 infra.

117 3357 132 3378 b
155 3353 301 3395 Quidam
321 3361 349 3389 τί
366 3358 395 3388 δὲ
415 3358 546 3392 sia-4202.
572 3354 694 3396 [Paulo
719 3362 795 3386 ante
822 3354 923 3387 Savil.
944 3363 976 3386 et
999 3354 1084 3387 eod.

71 3408 133 3439 TUS
151 3414 249 3442 πάντα
266 3411 371 3445 καλῶς.
394 3405 479 3439 Cod.
499 3409 563 3441 706
582 3414 680 3442 πάντα.
695 3415 793 3442 ταῦτα
810 3408 855 3451 1.]
870 3406 1001 3440 Ibidem
1018 3407 1089 3440 Mo-

1193 1902 1280 1940 utile
1307 1902 1388 1953 elit,
1411 1902 1474 1940 sed
1507 1912 1540 1940 et
1566 1901 1809 1954 praebentibus
1832 1901 1960 1951 vobis3
1986 1901 2058 1940 imo
2090 1903 2201 1956 forte!

1190 1964 1296 2002 vobis
1312 1964 1418 2016 longe
1436 1964 1573 2002 utilius.
1597 1963 1695 2010 Quid
1715 1963 1826 2015 igitur
1845 1977 1865 2000 a
1884 1963 1987 2001 vobis
2012 1964 2178 2015 postulo?

1191 2026 1240 2063 Ut
1268 2040 1339 2064 una
1362 2026 1605 2076 sabbatorum,
1636 2025 1694 2063 vel
1724 2027 1761 2062 in
1790 2024 1866 2076 ipso
1886 2024 2047 2074 sabbato,
2080 2024 2180 2062 illam

1187 2087 1458 2139 evangeliorum
1479 2096 1617 2139 partem
1638 2100 1717 2137 quae
1746 2085 1849 2123 vobis
1869 2084 1906 2123 in
1933 2086 2101 2123 concione
2128 2086 2179 2123 le-

1188 2149 1302 2199 genda
1321 2158 1372 2186 est
1391 2163 1464 2201 prae
1484 2148 1649 2186 manilius
1677 2146 1812 2199 singuli
1830 2147 2057 2198 accipientes,
2080 2147 2180 2185 domi

1187 2210 1345 2248 sedentes
1373 2211 1575 2261 frequenter
1593 2209 1734 2261 legatis,
1756 2223 1797 2247 ac
1818 2208 1915 2246 dicta
1933 2223 2026 2261 saepe
2054 2210 2179 2262 explo-

1186 2273 1272 2310 retis
1291 2282 1325 2310 et
1343 2272 1575 2310 examinetis:
1596 2286 1636 2309 ac
1663 2270 1753 2322 quid
1771 2271 1923 2321 clarum,
1945 2270 2035 2321 quid
2050 2271 2177 2309 obscu-

1186 2349 1269 2373 rum
1283 2335 1331 2373 sit
1349 2335 1523 2373 annotetis
1535 2350 1546 2385 ,
1569 2333 1659 2385 quid
1682 2334 1719 2371 in
1738 2333 1858 2371 verbis
1876 2347 2035 2384 pugnare
2053 2333 2176 2371 videa-

1185 2407 1258 2449 tur,
1279 2399 1362 2437 licet
1381 2413 1450 2437 11011
1470 2407 1628 2451 pugnet:
1650 2397 1771 2447 sieque
1790 2396 1955 2432 omnibus
1974 2395 2176 2445 frequenter

1184 2461 1362 2512 expensis,
1399 2460 1447 2497 ad
1476 2460 1680 2497 concionem
1710 2456 1900 2494 accedatis.
1924 2457 2048 2506 Neque
2079 2457 2174 2496 enim

1183 2521 1366 2558 modicum
1385 2535 1430 2558 ex
1449 2520 1511 2557 tali
1530 2518 1651 2556 studio
1669 2527 1703 2554 et
1721 2511 1823 2554 nobis
1847 2525 1881 2554 et
1907 2517 2011 2555 tobis
2030 2517 2173 2556 lucrum

1182 2581 1337 2619 accedet.
1358 2581 1470 2618 Nobis
1498 2579 1592 2617 enim
1614 2592 1684 2616 non
1715 2577 1827 2615 multo
1846 2591 1935 2630 opus
1963 2577 2032 2616 elit
2050 2578 2172 2617 labore

1182 2642 1229 2679 ad
1248 2643 1325 2681 vim
1343 2641 1597 2680 sententiarum
1625 2639 1729 2679 vobis
1751 2639 2034 2691 explanandam,
2056 2651 2173 2678 mente

1177 2704 1254 2756 jam
1275 2703 1378 2742 1101115
1398 2702 1445 2741 ad
1462 2702 1642 2740 dictorum
1661 2701 1826 2739 notitiam
1845 2711 2004 2739 assueta:
2024 2716 2088 2740 vos
2107 2717 2170 2741 au-

1130 2768 1155 2800 C
1180 2772 1251 2801 tem
1276 2763 1449 2801 acutiores
1468 2772 1503 2801 et
1526 2761 1802 2815 perspicaciores
1821 2761 1889 2799 hoc
1912 2761 2019 2800 modo
2039 2763 2171 2801 efficie-

1179 2825 1282 2876 mini,
1304 2839 1377 2863 non
1394 2825 1501 2864 modo
1519 2834 1560 2862 ut
1578 2823 1734 2862 audiatis
1750 2833 1784 2861 et
1803 2823 1963 2873 discatis,
1981 2824 2044 2862 sed
2062 2825 2170 2863 etiam

1178 2895 1217 2923 ut
1230 2895 1373 2924 caeteros
1390 2885 1559 2924 doceatis.
1578 2884 1768 2935 Siquidem
1786 2884 1849 2922 illo
1866 2898 1938 2934 quo
1951 2898 2045 2922 nune
2064 2885 2169 2935 agitis

1178 2947 1299 2998 modo,
1324 2947 1428 2986 multi
1456 2946 1688 3000 praesentium
1707 2946 1818 2984 verba
1838 2945 2033 2997 Scripturae
2061 2946 2168 2984 simul

1177 3017 1210 3046 et
1227 3009 1479 3062 explicationes
1498 3017 1633 3047 nostras
1645 3007 1800 3045 ediscere
1814 3008 1944 3063 eoacti,
1958 3021 2002 3045 ne
2021 3007 2168 3057 quidem

1175 3069 1202 3107 si
1217 3085 1349 3109 annum
1368 3070 1547 3122 integrum
1558 3069 1615 3108 his
1626 3069 1860 3119 insumamus,
1876 3083 2046 3121 magnum
2060 3069 2166 3120 quid-

1151 3200 1208 3234 1181,
1238 3201 1335 3234 addit
1362 3204 1562 3245 σημειοὸσθω,
1594 3200 1765 3242 pergitque
1792 3205 1821 3233 τί
1846 3202 1876 3233 δὲ
1903 3204 1999 3234 αὐτῶν
2025 3205 2164 3234 ἐναντίον.

1152 3252 1285 3285 Ibidem
1319 3257 1593 3290 διακωδωνίσαντ-ς
1627 3252 1820 3294 frequentet
1853 3258 2045 3291 (ructantes,
2077 3252 2167 3283 inso-

1152 3313 1291 3347 nantes,
1311 3316 1350 3337 ex
1378 3303 1592 3336 tintinnabuli
1622 3303 1746 3334 tinnitu
1776 3302 1927 3334 desumta
1958 3302 2164 3345 metaphora

1154 3358 1231 3389 ncnc
1251 3368 1313 3389 xox
1333 3368 1399 3389 non
1417 3355 1560 3388 insoleus
1579 3362 1627 3387 est
1645 3353 1733 3396 apud
1752 3355 1913 3396 scriptor(
1917 3364 1942 3386 s

2205 1931 2326 1967 egentia.
