2481 3678
613 198 655 227 tx
691 198 900 228 MixNM-:M
938 196 1091 226 noun..
1134 193 1322 223 xxxviii.
1357 178 1416 221 (ll.

103 282 205 320 αὐτὸν
226 284 283 320 ἐπὶ
301 284 363 328 τῆς
385 281 524 333 ὑγιείας.
549 281 617 318 Καὶ
642 282 705 332 ὅρα
734 281 773 318 τὸ
806 280 1047 330 ἀκόμπαστον.
1069 278 1122 315 Οὐ

101 343 167 394 γὰρ
187 337 294 391 εἶπεν,
314 343 364 381 ἴδε
384 345 463 394 ὑγιῆ
496 357 533 379 σε
559 341 726 386 ἐποίησα·
757 342 834 378 ἀλλ’
848 369 857 386 ,
879 338 1001 390 Ὑγιὴς
1019 339 1123 389 γέγο-

287 404 296 417 t
356 405 366 419 ς
415 403 422 414 ι
580 404 591 413 r
619 402 625 414 ι
692 402 701 415 s
802 403 811 415 2
873 394 892 402 ‘⁸
989 398 1006 413 et
1101 398 1122 420 ,1

100 420 176 447 νας·
204 419 330 454 μηκετι
350 418 540 455 αμαρτανε.
562 404 631 440 lxm
652 403 756 440 παλιν
779 417 840 439 ουκ
861 404 969 444 εἶπεν,
992 415 1046 437 ινα
1073 415 1121 450 μη

100 480 137 502 σε
171 465 327 503 κολάσω·
351 466 443 510 ἀλλ’,
471 463 550 502 Ἵνα
577 463 625 514 μὴ
662 462 778 515 χεῖρόν
813 477 844 498 τι
881 475 935 498 σοι
959 460 1121 509 γένηται,

100 525 318 577 ἀπροσώπως
352 525 533 577 ἀμφότερα
570 524 693 571 τιθεὶς,
720 523 779 562 καὶ
811 519 943 563 δεικνὺς
979 520 1122 572 χάριτος

99 587 230 637 μᾶλλον
251 580 354 624 οὖσαν
385 586 448 632 τὴν
469 586 612 638 ὑγίειαν,
630 587 652 632 ἢ
669 589 730 632 τῆς
756 582 864 631 ἀξίας-
885 583 938 620 Οὔ
957 581 1025 633 γὰρ
1046 581 1121 618 ἐνέ-

98 663 202 699 φηνεν
235 648 289 685 ὅτι
315 648 377 695 τὴν
413 648 509 692 ἀξίαν
545 647 621 691 δοὺς
651 647 841 698 ἀπηλλάγη
875 643 1021 707 *Sir-‘¹193
1042 643 1119 707 ἀλλ’

96 709 149 747 ὅτι
166 710 408 763 φιλανθρωπίᾳ
427 710 588 754 ἐσώζετο.
610 709 711 748 Ἐπεὶ
738 711 765 747 εἰ
794 709 842 759 μὴ
874 709 975 745 wirto
993 709 1049 752 ἦν,
1071 709 1117 742 Ξῖ·

95 787 159 809 πεν
178 772 218 809 ἄν
233 788 240 795 ·
263 772 333 811 ἰδοὺ
353 772 505 815 δέδωκας
533 775 602 810 τῶν
623 770 879 822 ἡμαρτημένων
908 768 1006 814 δίκην
1037 768 1118 804 ἱκα-

94 832 156 879 νήν
169 849 176 856 ·
195 833 383 886 ἀσφαλίζου
397 833 530 871 λοιπόν.
547 835 620 871 Νῦν
638 831 674 870 δὲ
693 834 761 884 οὐχ
780 831 889 873 οὕτως
902 823 1010 875 εἶπεν,
1030 827 1119 866 ἀλλὰ

94 896 184 942 πῶς
201 894 272 932 Ἴδε
302 894 400 946 ὑγιὴς
422 893 562 945 γέγονας
575 909 582 916 ·
621 892 749 944 μηκέτι
780 891 972 944 ἁμάρτανε.
992 892 1118 929 Ταῦτα

93 955 152 993 καὶ
169 958 254 1005 ἡμῖν
275 955 388 997 αὐτοῖς
416 957 568 1006 συνεχῶς
589 953 819 1005 ἐπιλέγωμεν,
840 951 903 989 κᾶν
928 950 989 1002 μὲν
1009 952 1118 989 κολα-

92 1017 227 1060 σθέντες
260 1019 536 1068 ἀπαλλαγῶμεν,
571 1020 673 1054 τοῦτο
704 1016 849 1058 ἕκαστος
875 1014 960 1066 πρὸς
995 1013 1115 1052 ἑαυτὸν

90 1079 232 1130 λεγέτω·
253 1079 325 1116 Ἴδε
347 1078 446 1130 ὑγιὴς
465 1078 620 1130 γέγονας·
641 1077 768 1129 μήκετι
786 1076 977 1128 ἁμάρτανε.
995 1073 1056 1114 Ἂν
1077 1075 1113 1115 δὲ

91 1139 139 1189 μὴ
163 1141 277 1190 δῶμεν
305 1140 417 1188 δίκην,
442 1147 512 1183 τοῖς
541 1142 653 1181 αὐτοῖς
672 1137 913 1189 ἐπιμένοντες,
935 1139 1046 1175 ἐκεῖνο
1075 1136 1114 1174 τὸ

90 1202 320 1240 ἀποστολικὸν
340 1202 535 1254 ἐπᾴδωμεν,
551 1201 605 1240 ὅτι
622 1200 674 1238 Τὸ
693 1200 847 1252 χρηστὸν
869 1203 928 1237 τοῦ
955 1202 1047 1238 Θεοῦ
1067 1201 1115 1241 εἰς

90 1263 274 1312 μετάνοιαν
293 1267 388 1314 ἡμᾶς
421 1263 496 1314 ἄγει
513 1278 520 1286 ·
541 1261 632 1300 κατὰ
668 1261 702 1300 δὲ
722 1261 785 1308 τὴν
813 1260 1037 1313 σκληρότητα
1055 1259 1114 1297 καὶ

89 1324 325 1374 ἀμετανόητον
341 1327 440 1375 ἡμῶν
462 1323 606 1376 καρδίαν
627 1323 880 1375 θησαυρίζομεν
900 1326 1036 1365 ἑαυτοῖς
1051 1323 1113 1373 ὀρ-

87 1384 165 1435 γήν.
185 1388 238 1423 Οὐ
258 1388 308 1436 τῷ
328 1384 466 1437 σφίγξαι
487 1385 523 1423 δὲ
542 1384 582 1422 τὸ
599 1388 702 1435 σῶμα
716 1383 831 1434 μόνον,
852 1382 941 1421 ἀλλὰ
960 1383 1018 1420 καὶ
1038 1381 1112 1420 ἑτέ-

91 1449 194 1496 ρωθεν
234 1446 325 1497 μέγα
356 1448 450 1497 αὐτῷ
477 1445 676 1497 παρέσχετο
706 1447 769 1490 τ’ἧς
793 1444 920 1487 οἰκείας
951 1443 1112 1488 θεότητος

87 1513 241 1556 σημεῖον.
263 1508 325 1558 Τῷ
344 1506 411 1558 γὰρ
435 1508 555 1553 εἰπεῖν,
582 1506 723 1552 Μηκέτι
755 1504 952 1556 ἁμάρτανε,
974 1504 1109 1550 ἐδήλω-

86 1583 143 1605 σεν
177 1567 292 1606 εἰδότα
317 1568 434 1606 πάντα
467 1567 511 1605 τὰ
540 1567 735 1618 ἔμπροσθεν
766 1568 860 1617 αὐτῷ
895 1565 1111 1618 γεγενημένα

85 1629 375 1680 πλημμελήματα
389 1646 396 1653 ·
414 1629 489 1668 ὅθεν
510 1629 569 1667 καὶ
593 1629 679 1678 πρὸς
699 1627 743 1665 τὰ
772 1627 944 1679 μέλλοντα
967 1627 1110 1679 ἔμελλεν

85 1690 280 1734 ἀξιόπιστος
299 1684 398 1729 εἶναι.
416 1690 585 1736 Ἀπῆλθεν
602 1683 659 1727 οῧν
680 1692 697 1728 ὃ
715 1689 894 1741 ἅνθρωπος
914 1689 972 1726 καὶ
993 1688 1110 1740 ἀπήγ-

83 1753 174 1802 γειλε
195 1759 264 1795 τοῖς
279 1751 475 1799 Ἰουδαίοις,
495 1752 548 1790 ὅτι
568 1751 703 1798 Ἰησοῦς
730 1753 822 1789 ἐστιν
843 1753 860 1789 ὁ
880 1750 1031 1797 ποιήσας
1048 1752 1108 1788 αὐ-

82 1812 140 1850 τὸν
156 1815 248 1864 ὑγιῆ.
269 1814 339 1852 Καὶ
363 1814 426 1865 ὅρα
446 1814 546 1852 αὐτὸν
566 1813 672 1851 πάλιν
694 1812 752 1850 ἐπὶ
772 1815 836 1858 τῆς
855 1814 964 1859 αὐτῆς
989 1812 1108 1863 με’νον-

81 1889 125 1911 τα
150 1876 424 1926 εὐγνωμοσύνης.
447 1877 500 1913 Οὐ
528 1874 594 1927 γὰρ
626 1868 732 1920 εἶπεν,
755 1874 808 1912 ὅτι
837 1874 937 1918 αὐτός
968 1876 1061 1912 ἐστιν
1091 1877 1108 1911 ὁ

82 1935 201 1983 εἰπὼν,
222 1930 323 1988 Ἆρον
336 1938 393 1975 τὸν
414 1935 612 1989 κράόὅατόν
634 1951 706 1974 σου.
727 1936 875 1982 Ἐπειδὴ
898 1935 965 1988 γὰρ
983 1937 1108 1974 ἐκεῖνοι

81 2002 119 2040 τὸ
136 2004 255 2041 δοκοῦν
275 2003 436 2054 ἔγκλημα
454 2006 577 2049 ἷίτοῦτο
595 2003 649 2041 ἀεὶ
677 2003 883 2055 προέφερον,
916 2003 1015 2046 αὐτὸς
1043 2002 1106 2050 τὴν

81 2070 271 2121 ἀπολογίαν
301 2071 353 2108 ἀεὶ
374 2070 632 2122 προὸάλλεται,
651 2070 757 2109 πάλιν
783 2070 840 2108 τὸν
867 2070 984 2123 ἰατρὸν
1003 2071 1105 2117 δῆλον

78 2141 199 2185 ποιῶν,
220 2138 278 2175 καὶ
304 2138 383 2181 τοὺς
404 2138 528 2181 ἄλλους
552 2137 808 2189 ἐφελκύσασθαι
834 2136 1018 2177 10σπεύδων
1046 2138 1106 2176 καὶ

76 2205 333 2243 οἰκειώσασθαι.
355 2207 408 2243 Οὐ
431 2204 498 2256 γὰρ
518 2205 627 2249 οὕτως
648 2205 855 2252 ἀναίσθητος
874 2200 929 2253 ἦν,
950 2208 996 2250 ὡς
1016 2207 1104 2257 μετὰ

76 2272 247 2319 τοσαύτην
277 2273 475 2325 εὐεργεσίαν
507 2273 566 2311 καὶ
591 2273 796 2325 παραίνεσιν
824 2275 1012 2327 προδοῦναι
1045 2275 1102 2313 τὸν

75 2337 268 2391 εὐεργέτην,
289 2339 348 2377 καὶ
362 2339 545 2392 κακούργῳ
565 2339 699 2392 διανοίᾳ
714 2345 816 2380 τοῦτο
836 2344 956 2379 εἰπεῖν.
974 2343 1018 2380 Εἰ
1035 2342 1103 2394 γὰρ

74 2406 133 2444 καὶ
161 2407 277 2459 θηρίον
308 2403 363 2455 ἦν,
384 2411 413 2446 εἰ
438 2408 506 2461 γὰρ
536 2407 768 2459 ἀπάνθρωπός
794 2426 846 2453 τις
867 2409 925 2447 καὶ
950 2410 1100 2456 λίθινος,

74 2475 176 2522 ἱκανὴ
194 2475 253 2513 καὶ
277 2479 298 2521 ἡ
327 2475 504 2527 εὐεργεσία
520 2475 579 2513 καὶ
598 2479 616 2513 ὁ
648 2475 751 2528 φόέος
781 2478 880 2516 αὐτὸν
915 2473 957 2524 ἦν
990 2495 1100 2517 κατα-

75 2547 184 2593 σχεῖν.
211 2543 278 2580 Καὶ
293 2543 360 2594 γὰρ
376 2543 517 2581 ἔναυλον
533 2544 623 2596 ἔχων
643 2543 706 2590 τὴν
737 2544 897 2591 ἀπειλὴν,
912 2545 1041 2583 ἔδεισεν
1060 2546 1100 2583 ἂν

74 2608 123 2657 μὴ
136 2608 252 2660 χεῖρόν
268 2625 301 2646 τι
318 2610 411 2661 πάθῃ
422 2640 431 2657 ,
444 2609 591 2661 μέγιστα
604 2610 721 2648 λαῖὼν
742 2614 803 2656 τῆς
821 2615 880 2648 τοῦ
894 2613 1010 2664 ἰατροῦ
1024 2617 1037 2633 ⁰
1048 2613 1101 2650 δυ-

74 2674 210 2724 νάμεως
229 2675 419 2727 δείγματα·
446 2677 559 2720 ἄλλως
583 2693 620 2715 τε
645 2679 673 2715 εἷ
703 2677 901 2716 διαὸάλλειν
921 2678 1099 2725 ἐῧούλετο,

73 2743 136 2790 τὴν
155 2745 286 2795 ὑγίειαν
307 2746 454 2797 σιγήσας
466 2775 475 2793 ,
493 2746 555 2793 τὴν
570 2746 770 2798 παράὸασιν
786 2740 881 2784 εἶπεν
897 2748 937 2785 ἂν
954 2748 1013 2786 καὶ
1030 2763 1098 2786 κα-

73 2813 279 2865 τηγόρησεν.
298 2814 388 2853 Ἀλλ’
409 2817 471 2853 οὐκ
485 2815 560 2852 ἔστι
579 2818 693 2862 τοῦτο,
713 2816 775 2852 οὐκ
791 2814 877 2853 ἔστι·
899 2815 989 2854 ἀλλὰ
1009 2817 1097 2854 πολ-

72 2880 136 2925 λῆς
168 2880 364 2932 παρρησίας
395 2881 438 2919 τὰ
471 2881 612 2934 ῥήματα
638 2881 697 2919 καὶ
732 2882 1017 2932 εὐγνωμοσύνης,
1038 2883 1097 2922 καὶ

73 2946 304 2999 ἀνακηρύττει
319 2949 376 2987 τὸν
397 2949 580 3001 εὐεργέτην
600 2949 696 2987 οὐδὲν
716 2949 858 2987 ἔλαττον
875 2953 934 2987 τοῦ
955 2953 1095 3002 τυφλοῦ.

72 3013 120 3051 Τί
137 3013 203 3066 γὰρ
236 3014 365 3058 ἐκεῖνός
390 3031 515 3068 φησιν;
533 3016 703 3064 Ἐποίησε
731 3016 856 3063 πηλὸν,
890 3017 948 3055 καὶ
976 3016 1095 3069 ἔχρισε

73 3096 138 3131 μου
157 3081 236 3125 τοὺς
262 3082 480 3134 ὀφθαλμούς·
504 3083 595 3122 οὕτω
615 3084 674 3123 καὶ
692 3078 788 3128 οῧτος
807 3100 814 3107 ·
838 3084 972 3131 Ἰησοῦς
999 3086 1094 3123 ἐστιν

73 3150 90 3185 ὃ
106 3148 252 3194 ποιήσας
273 3165 315 3199 με
334 3151 426 3200 ὑγιῆ.
448 3149 616 3188 ’mim-mv
636 3145 692 3189 οὖν
728 3150 830 3189 αὐτὸν
862 3155 892 3189 οἱ
912 3151 1093 3199 Ἰουδαῖοι,

73 3214 131 3252 καὶ
154 3216 294 3262 ἐζήτουν
327 3217 428 3255 αὐτὸν
460 3221 674 3267 ἀποκτεῖναι,
705 3219 759 3256 ὅτι
778 3223 888 3257 ταῦτα
921 3218 1029 3257 ἐποίει
1061 3221 1096 3257 ἐν

120 3335 133 3347 ⁸
152 3334 245 3375 [δίκην
257 3334 357 3368 Savil.
376 3344 408 3367 et
422 3335 532 3369 Codd.
548 3338 685 3380 nostri]

124 3397 136 3410 ¹
161 3394 247 3421 τοῦτο
263 3386 354 3420 deest,
368 3387 400 3421 in
419 3388 629 3431 quibusdam.

2126 184 2149 209 Γ

1458 194 1630 223 xxxvu.
2093 201 2174 229 221

1199 283 1270 311 net.
1294 273 1340 310 Et
1354 272 1438 310 vide
1455 288 1562 324 quam
1583 274 1628 311 sit
1648 274 1785 311 alienus
1813 288 1831 311 a
1853 275 1958 312 fastu.
1990 278 2066 314 Non
2090 280 2182 317 enim

1197 333 1304 382 dixit,
1319 334 1412 372 Ecce
1434 347 1559 372 sanum
1577 343 1612 372 te
1630 334 1714 384 seci3
1732 335 1809 384 sed,
1827 336 1952 374 Sanus
1957 339 2098 389 sactus
2119 355 2156 377 es
2169 358 2183 384 ,-

1198 395 1280 432 noli
1309 395 1477 446 amplius
1500 410 1672 447 peccare.
1711 397 1833 447 Neque
1857 396 1966 448 dixit7
1985 400 2038 436 Ne
2059 408 2092 437 te
2117 415 2181 452 pu-

1196 456 1293 494 niam
1301 472 1311 506 3
1330 456 1407 507 sed,
1437 458 1497 494 Ne
1518 459 1587 494 tihi
1606 458 1760 509 aliquid
1777 459 1942 496 deterius
1966 464 2179 514 contingat.

1196 518 1237 555 In
1255 527 1381 556 neutro
1395 532 1583 571 personam
1602 528 1788 567 memorat,
1809 519 2032 571 ostenditque
2048 523 2183 561 valetu-

1195 577 1316 617 dinem
1331 594 1375 617 ex
1389 580 1502 631 gratia
1516 580 1635 632 potius
1650 595 1758 631 quam
1774 595 1819 618 ex
1829 581 1955 619 merito
1969 583 2180 622 restitutam.

1195 641 1317 691 Neque
1339 641 1432 678 enim
1463 641 1558 679 dixit
1595 641 1698 679 illum
1722 657 1766 680 ex
1786 643 1912 681 merito
1937 645 2090 683 evasisse
2111 661 2184 698 poe-

1145 705 1168 734 B
1194 715 1268 750 nas,
1288 702 1349 740 sed
1368 717 1413 740 ex
1433 703 1652 755 benignitate
1675 714 1855 742 servatum
1872 720 1956 744 esse.
1988 707 2067 745 Nisi
2088 709 2183 747 enim

1194 763 1242 801 ita
1268 778 1322 802 res
1353 773 1455 813 esset,
1476 765 1640 814 dixisset,
1670 765 1761 803 Ecce
1787 766 1926 805 debitas
1958 778 2182 820 peccatorum

1192 838 1314 876 poenas
1331 825 1582 876 dedisti3cave
1608 826 1674 864 tihi
1701 826 1877 880 deinceps
1897 830 1979 868 Jam
2000 845 2084 868 vero
2112 844 2181 869 non

1191 886 1239 924 ita
1268 886 1369 937 dicit,
1398 887 1461 925 sed
1483 888 1691 939 quomodo?
1706 891 1809 927 Ecce
1832 893 2098 943 sanzcsfaetus
2119 908 2157 932 es
2166 912 2180 939 ,-

1184 950 1270 1000 jam
1301 949 1382 986 noli
1423 963 1597 1001 peccare.
1634 950 1718 988 Haec
1753 950 1857 988 nobis
1897 951 1984 1004 ipsis
2015 955 2180 1004 frequen-

1190 1011 1243 1046 ter
1260 1008 1434 1059 dicamus,
1457 1019 1491 1047 et
1514 1009 1543 1048 si
1564 1010 1728 1062 castigati
1757 1011 1962 1061 evadamus,
1982 1013 2059 1051 liaec
2088 1014 2179 1052 intra

1189 1083 1252 1108 nos
1284 1071 1476 1122 loquamur
1492 1071 1650 1123 singuli:
1679 1073 1783 1110 Ecce
1811 1087 1930 1112 sanus
1950 1076 2091 1127 faetus
2116 1090 2178 1121 es,-

1180 1134 1270 1184 jam
1300 1133 1382 1170 noli
1408 1147 1582 1185 peccare.
1608 1133 1716 1180 Quod
1736 1134 1765 1171 si
1802 1135 1837 1173 in
1872 1135 2000 1173 iisdem
2020 1151 2177 1189 perseve-

1188 1205 1318 1245 rantes,
1340 1210 1462 1248 poenas
1476 1210 1546 1234 non
1564 1196 1704 1245 demus,
1722 1198 1818 1236 illud
1839 1200 2074 1251 apostolieum
2089 1201 2176 1238 reci-

1187 1264 1302 1295 temus
1325 1273 1332 1293 :
1355 1260 1585 1310 Benignitas
1619 1260 1696 1296 Dei
1729 1261 1784 1297 ad
1813 1265 2078 1312 poenitentiam
2107 1277 2176 1301 nos
2191 1274 2278 1302 Rom.
2304 1276 2377 1311 24.

1187 1319 1345 1357 adducit
1370 1336 1381 1355 .-
1402 1321 1612 1357 secundum
1632 1321 1817 1359 duritiam
1837 1332 1967 1361 autem
1986 1334 2022 1362 et
2046 1328 2175 1377 impoe-
2191 1315 2220 1343 ⁵·

1187 1382 1314 1418 nitens
1328 1395 1395 1418 cor
1415 1390 1588 1419 nostrum
1606 1383 1914 1423 thesaurizamus
1928 1389 2037 1424 nobis
2058 1390 2171 1426 iram.

1186 1441 1309 1491 Neque
1333 1441 1514 1491 firmando
1549 1456 1679 1494 corpus
1708 1442 1909 1493 dumtaxat,
1943 1447 2004 1485 sed
2029 1448 2176 1487 aliunde

1184 1501 1290 1538 etiam
1310 1515 1478 1553 magnum
1498 1501 1701 1540 divinitatis
1722 1518 1794 1541 suae
1824 1505 1968 1557 signum
1990 1508 2058 1560 ipsi
2081 1525 2174 1561 prae-

1183 1560 1274 1598 buit.
1297 1562 1389 1599 Cum
1403 1562 1498 1600 enim
1515 1562 1625 1613 dixit,
1644 1565 1739 1601 Jam
1764 1567 1846 1603 noli
1861 1581 2035 1618 peecare,
2061 1570 2174 1621 signi-

1184 1622 1268 1660 ficat
1299 1637 1334 1660 se
1362 1633 1507 1676 peccata
1538 1624 1599 1661 illa
1630 1624 1749 1662 omnia
1783 1640 1894 1674 nosse,
1914 1643 1991 1679 quae
2014 1629 2075 1667 ille
2095 1641 2177 1670 ante

1183 1684 1312 1722 fecerat
1319 1700 1329 1733 3
1351 1684 1444 1722 unde
1462 1685 1498 1722 in
1514 1694 1695 1737 posterum
1719 1686 1792 1725 fide
1814 1686 1947 1740 dignus
1964 1690 2089 1729 haberi
2111 1693 2174 1731 de—

1182 1745 1300 1783 bebat.
1325 1747 1388 1784 15.
1412 1746 1528 1784 Abiit
1551 1761 1639 1798 ergo
1669 1748 1737 1785 ille
1756 1749 1890 1796 homo,
1916 1759 1953 1789 et
1979 1756 2175 1792 nuntiavit

1181 1809 1345 1855 Judoez's,
1369 1811 1462 1860 quia
1475 1810 1589 1847 Jesus
1610 1818 1706 1847 esset
1723 1812 1896 1863 qzcifecz't
1914 1827 2000 1850 ezcm
2021 1828 2171 1853 sanum.

1182 1869 1277 1908 Vide
1293 1869 1423 1908 iterum
1445 1870 1564 1922 ipsum
1586 1880 1687 1922 grato
1707 1871 1826 1910 animo
1846 1886 1918 1911 esse
1942 1889 2171 1926 perseveran-

1181 1940 1263 1968 tem.
1280 1932 1360 1970 Non
1378 1932 1473 1970 enim
1492 1931 1677 1970 dixitlele
1690 1941 1739 1970 est
1752 1933 1813 1984 qui
1833 1934 1928 1972 dixit
1941 1936 2044 1986 mihi,
2064 1939 2173 1976 Tolle

1179 1994 1414 2044 grabbatum
1433 2002 1553 2031 tuum.
1565 1993 1659 2040 Quia
1679 1994 1772 2031 enim
1788 1994 1842 2032 illi
1858 1995 1897 2033 id
1907 1997 2004 2046 quod
2021 1998 2169 2051 culpan-

1181 2053 1269 2091 dum
1298 2053 1489 2092 videbatur
1509 2069 1647 2107 semper
1666 2055 1894 2107 objiciebant,
1920 2057 1995 2110 ipse
2022 2074 2168 2112 respon-

1180 2114 1313 2152 sionem
1327 2129 1464 2168 semper
1474 2116 1589 2165 afsert,
1606 2125 1645 2153 ut
1660 2116 1841 2155 medicum
1860 2118 2022 2168 celebret,
2032 2130 2066 2158 et
2082 2121 2171 2159 alios

1178 2176 1312 2214 alliciat
1327 2186 1359 2215 et
1374 2177 1504 2215 trahat.
1517 2178 1595 2215 Non
1608 2177 1703 2216 enim
1721 2187 1794 2216 tam
1810 2179 1976 2231 stupidus
1990 2191 2022 2219 et
2046 2182 2167 2234 ingra-

1178 2248 1235 2276 tus
1254 2248 1343 2290 crat,
1359 2248 1398 2276 ut
1413 2249 1493 2291 post
1513 2248 1652 2277 tantum
1670 2240 1887 2279 beneficium
1908 2257 1989 2280 cum
2007 2243 2168 2282 admoni-

1178 2300 1272 2339 tione
1297 2302 1547 2353 conjunctum‚
1568 2301 1767 2339 beneficum
1794 2302 1970 2354 proderet,
1993 2314 2026 2342 et
2059 2307 2165 2343 mali-

1177 2375 1246 2413 gno
1268 2362 1387 2400 animo
1409 2363 1459 2400 sic
1482 2363 1696 2413 loqueretur.
1719 2364 1811 2400 Nam
1832 2363 1896 2401 etsi
1915 2365 2004 2414 fera,
2022 2366 2088 2403 etsi
2107 2366 2164 2403 in-

1175 2424 1353 2461 humanus
1395 2433 1428 2461 et
1459 2424 1622 2475 lapideus
1648 2424 1782 2472 fuisset,
1822 2433 1855 2461 et
1883 2425 2099 2465 heneficium
2131 2438 2164 2466 et

1175 2495 1289 2522 metus
1306 2485 1424 2536 ipsum
1442 2494 1605 2536 poterant
1621 2485 1795 2522 cohibere.
1817 2485 1875 2523 Ex
1895 2488 2167 2528 comminatione

1174 2546 1306 2598 quippe
1328 2546 1474 2584 timebat
1490 2559 1533 2583 ne
1551 2545 1640 2596 quid.
1661 2546 1730 2583 sihi
1751 2546 1908 2586 deterius
1931 2550 2164 2603 contingeret,

1174 2622 1256 2644 cum
1276 2606 1433 2644 maxima
1450 2606 1596 2643 haberet
1609 2607 1793 2658 potestatis
1808 2608 1897 2646 tanti
1913 2611 2043 2650 medici
2061 2627 2166 2665 argu-

1172 2677 1300 2705 menta.
1322 2667 1491 2717 Alioquin
1509 2667 1537 2704 si
1564 2668 1775 2706 calumniari
1794 2669 1979 2720 voluisset,
1994 2687 2063 2710 non
2087 2689 2163 2713 me—

1173 2739 1307 2768 morata
1329 2729 1490 2777 sanitate,
1513 2730 1826 2781 transgressionem
1844 2741 1984 2771 tantum
2004 2734 2163 2775 incusas-

1170 2801 1236 2829 set.
1247 2793 1292 2828 At
1308 2800 1430 2828 contra
1444 2790 1504 2827 ille
1517 2805 1643 2842 magna
1654 2805 1735 2828 cum
1753 2791 1882 2830 fiducia
1897 2803 1929 2831 et
1946 2795 2036 2846 grati
2053 2797 2163 2845 animi

1170 2852 1198 2890 si
1204 2852 1429 2904 gnificatione
1443 2851 1643 2889 beneficum
1659 2852 1823 2903 celebrat,
1835 2869 1903 2892 non
1919 2857 2037 2895 minus
2056 2873 2162 2909 quam

1171 2928 1282 2951 caecus
1298 2913 1370 2962 ille,
1388 2913 1451 2964 qui
1474 2913 1628 2963 dicebat,
1649 2915 1792 2953 Lutum
1803 2918 1907 2969 fecit
1925 2920 1973 2956 de
1990 2929 2114 2971 spum,
2127 2931 2163 2959 et

1171 2977 1286 3012 una-it
1306 2975 1435 3013 oculos
1452 2989 1571 3019 meos,·
1588 2974 1637 3012 ita
1651 2985 1685 3013 et
1709 2976 1902 3015 hic:.1esus
1921 2988 1974 3016 est
1994 2981 2056 3030 qui
2079 2982 2162 3020 feeit

1168 3049 1224 3072 me
1251 3050 1389 3073 sanum.
1420 3038 1481 3074 16.
1508 3038 1721 3089 Propterea
1736 3042 2066 3091 persequebantur
2090 3045 2161 3082 Ju-

1168 3098 1242 3134 doei
1261 3097 1409 3144 Jesum,
1426 3106 1463 3135 et
1481 3098 1670 3136 ‘volebant
1690 3099 1801 3136 illum
1817 3102 2044 3154 interficere,
2069 3109 2161 3157 quia

1169 3159 1250 3195 haec
1257 3160 1441 3211 faciebat
1461 3161 1502 3196 in
1530 3161 1707 3196 sabbato.
1726 3160 1826 3206 Quid
1855 3176 1937 3213 ergo
1973 3164 2161 3202 Christus?

1170 3221 1231 3257 17.
1255 3222 1377 3259 Pater
1403 3234 1508 3258 meus
1539 3235 1658 3272 usque
1683 3223 1796 3259 modo
1819 3233 2013 3274 operatur,
2032 3235 2067 3263 et
2092 3241 2161 3278 ego

1194 3341 1210 3364 ¹>
1227 3339 1287 3371 Alii
1306 3343 1434 3374 σπεύδων
1451 3346 1522 3384 πρὸς
1538 3346 1593 3377 τὴν
1609 3345 1758 3373 alteiam-2.

1194 3403 1206 3416 ⁰
1223 3392 1324 3427 Suvil.
1345 3396 1494 3435 δυνάμεως
1512 3398 1550 3425 τὰ
1567 3397 1701 3435 ἐνέχυρα.

2177 2943 2269 2970 joan.
2287 2944 2313 2970 9.
2331 2941 2360 2970 6.
