2481 3678
59 1308 242 1348 .Ῐυ[ιη.6,67.

56 2965 240 3004 Μηιι]ι.3.9.

266 220 353 266 5622
705 240 742 269 5.
769 240 958 270 ,10131115
995 239 1240 269 0111115051.

261 318 374 357 siones
395 319 498 357 facile
526 319 696 358 tolerare:
713 322 765 359 illi
792 336 875 360 vero
901 322 1020 360 statim
1048 321 1245 359 excandue-

261 389 355 417 runt.
372 381 560 428 Quomodo
582 381 619 419 id
634 381 734 433 agit?
756 383 874 421 Primo
904 383 1066 421 hortatur
1088 398 1095 418 :
1116 383 1156 420 Si
1173 396 1245 420 vos

261 445 480 480 manseritis
496 445 537 479 in
552 457 725 480 sermone
744 458 839 489 meo,
852 458 942 481 vere
968 444 1146 495 discipuli
1173 444 1247 480 mei

261 504 385 547 eritis,
416 512 452 540 et
479 507 626 541 veritas
657 505 834 542 liberabit
860 519 1007 550 vos;ac
1035 505 1065 542 si
1088 505 1243 542 diceret:

261 561 380 600 Altam
407 564 563 601 facturus
587 579 668 601 sum
696 565 920 615 incisionem,
943 565 1003 603 sed
1023 580 1065 603 ne
1085 565 1244 616 exagite-

261 616 362 662 mini.
381 626 456 662 Imo
478 640 562 664 vero
592 627 649 663 his
680 626 825 664 illorum
845 628 1047 680 superbiam
1063 628 1242 679 repressit.

261 688 289 722 A
315 700 396 736 quo,
418 701 555 736 quaeso,
580 687 772 725 liberabit?
794 691 822 725 A
851 690 1013 741 peccatis.
1034 690 1131 736 Quid
1163 703 1245 740 ergo

261 757 462 798 arrogantes
476 748 555 786 illi?
567 750 630 787 55.
642 750 778 787 Semen
789 751 831 788 A
835 754 963 790 bralzoe
976 766 1118 797 summ,
1133 761 1170 789 et
1184 766 1246 789 ne-

262 810 357 844 mini
369 811 594 847 servivimus
613 824 808 862 nmquam.
826 812 955 849 Statim
969 812 1086 850 animo
1101 812 1242 849 decide-

261 877 355 917 runt,
375 869 459 919 quia
478 871 622 909 terrenis
651 871 849 910 inhiabant.
870 872 979 923 Illud,
992 873 1032 911 Si
1060 876 1246 911 manseri-
1268 879 1292 907 D

261 932 309 966 tis
328 933 370 967 in
392 945 565 969 sermone
586 947 681 978 mee,
699 942 751 971 est
770 933 960 971 indicantis
982 935 1068 985 quid
1088 934 1123 971 in
1141 934 1245 972 corde

259 1001 451 1041 versarent,
473 1002 506 1030 01
525 994 663 1031 scientis
677 994 772 1046 ipsos
791 994 980 1032 credidisse
995 996 1155 1046 quidem,
1174 1010 1243 1033 non

259 1061 376 1090 autem
389 1055 602 1093 mansisscin
620 1055 699 1092 fide.
713 1055 761 1092 Et
779 1069 949 1107 magnum
963 1056 1149 1108 quidpiam
1165 1070 1244 1108 pro-

259 1114 379 1161 mittit,
391 1116 485 1166 ipsos
501 1130 626 1168 nempe
645 1116 841 1167 discipulos
854 1117 929 1168 ejus
942 1118 1025 1154 fore.
1044 1118 1135 1155 Cum
1150 1118 1242 1155 enim

258 1175 419 1212 nonnulli
434 1189 547 1227 nuper
560 1176 794 1225 recessissent,
816 1177 911 1228 ipsos
937 1177 1168 1216 subindicans
1181 1178 1242 1216 di-

260 1236 319 1285 cit,
327 1237 366 1274 Si
379 1241 596 1276 manseritis
616 1254 625 1274 .·
646 1252 729 1276 nam
740 1238 794 1275 illi
804 1238 1000 1289 audierant,
1009 1240 1242 1289 crediderant,

259 1305 291 1334 et
304 1307 527 1346 recesserant,
536 1313 557 1349 q
564 1299 705 1336 uoniam
714 1313 782 1337 non
794 1309 1004 1339 manserant.
1013 1303 1134 1339 Multi
1142 1305 1244 1340 enim

259 1359 533 1411 discipulorum
561 1362 642 1412 ejus
669 1362 847 1398 abierunt
872 1371 986 1409 retro,
1004 1373 1039 1399 ec
1057 1365 1145 1416 jam
1166 1378 1244 1401 non

259 1436 345 1460 eum
361 1423 430 1460 illo
452 1423 588 1475 palam
618 1423 886 1462 ambulabant.
909 1426 1152 1477 Cognoscetis
1175 1441 1242 1464 ve—

258 1485 509 1525 1·ila1em‚·hoc
530 1494 593 1534 est,
602 1500 674 1533 me3
696 1500 778 1524 nam
798 1488 881 1538 Ego
899 1501 981 1525 snm
1000 1491 1158 1526 veritas.
1177 1490 1241 1528 Ju-

257 1544 359 1583 da'ica
375 1545 520 1596 quidem
533 1547 649 1584 omnia
661 1556 769 1599 typus
782 1558 898 1598 erant3
921 1549 1106 1587 Veritatem
1125 1560 1243 1588 autem

258 1623 277 1645 a
297 1622 352 1645 1110
367 1608 519 1657 discetis,
537 1624 614 1659 quae
635 1623 698 1647 vos
716 1624 735 1647 a
748 1610 899 1661 peccatis
918 1610 1096 1649 liberabit.
1110 1612 1243 1658 Quem-

257 1669 450 1707 admodum
463 1670 556 1707 enim
583 1671 655 1708 illis
675 1670 826 1721 dicebat,
844 1674 893 1709 In
913 1676 1081 1724 peccatis
1102 1678 1242 1713 vestris

257 1733 501 1776 11201·ie1nini;
519 1731 569 1768 sic
582 1741 615 1768 et
633 1730 689 1768 his
708 1731 816 1782 dixit,
835 1734 1030 1771 Liberabit
1058 1748 1144 1772 vos.
1163 1737 1242 1773 Non

255 1791 360 1839 dixit,
374 1792 549 1829 Libcrabo
565 1806 627 1830 vos
641 1806 660 1828 a
682 1792 851 1830 servitute
865 1821 875 1841 ,
887 1792 946 1830 sed
957 1793 1024 1830 hoc
1042 1793 1115 1832 illis
1134 1795 1242 1834 intel—

254 1852 438 1904 ligendum
451 1852 606 1903 reliquit.
620 1852 719 1900 Quid
728 1866 811 1904 ergo
830 1852 885 1891 illi
897 1854 913 1890 {³
924 1854 1059 1892 Semen
1067 1855 1242 1894 Abrahae

254 1928 399 1959 sumus,
422 1923 458 1951 et
483 1916 629 1951 nemini
657 1917 883 1953 servivimus
913 1929 1110 1968 umquam.
1133 1918 1241 1969 Atqui

253 1974 282 2011 si
308 1974 569 2025 indignandum
593 1974 728 2023 fuisset,
744 1975 788 2013 de
813 1977 924 2028 priori
940 1976 1062 2028 utique
1076 1989 1242 2031 oportue-

253 2045 321 2083 rat,
338 2051 419 2073 cum
438 2036 546 2086 dixit,
573 2038 816 2089 Cognoscetis
835 2041 1054 2086 veritatem,
1071 2049 1103 2078 01
1119 2041 1240 2080 dicen—

252 2097 340 2135 dum
366 2107 440 2136 erat
457 2098 577 2145 :Quid
604 2099 771 2150 ergoi‘an
798 2100 982 2154 veritatem
1010 2101 1299 2153 ignoramus?315

253 2160 312 2197 lex
325 2174 407 2211 ergo
422 2170 454 2198 et
470 2160 602 2198 notitiae
622 2170 748 2198 nostrae
774 2161 955 2199 mendacia
980 2164 1086 2201 sunt?
1102 2166 1239 2203 Verum
1264 2158 1289 2187 Α

251 2221 329 2259 haic
340 2236 407 2259 non
421 2222 605 2271 curabant,
617 2221 675 2260 sed
688 2222 732 2260 de
748 2223 895 2261 terrenis
910 2234 1048 2263 tantum
1058 2226 1163 2263 rebus
1174 2226 1237 2264 do-

251 2282 383 2331 lebant,
395 2292 429 2320 01
446 2283 522 2320 haec
537 2282 744 2320 servitutem
760 2297 833 2321 esse
850 2285 1135 2336 suspicabantur.
1148 2287 1239 2325 Sunt

253 2344 359 2390 enim,
373 2353 454 2381 sunt
474 2344 597 2394 utique
624 2358 717 2382 nunc.
735 2345 841 2383 etiam
861 2346 964 2384 multi
992 2348 1052 2398 qui
1070 2348 1115 2386 de
1133 2350 1238 2388 rebus

252 2403 537 2443 indifferentibus
559 2416 592 2444 et
616 2406 661 2444 de
676 2407 742 2444 hac
766 2406 935 2446 servitute
950 2409 1171 2460 erubescant;
1194 2411 1239 2449 de

253 2466 420 2503 servitute
438 2467 573 2518 peccati
592 2482 660 2505 11011
680 2468 784 2518 item,
806 2482 846 2505 ac
862 2469 1008 2507 mallent
1027 2471 1157 2509 millies
1177 2472 1238 2510 illa

254 2527 423 2565 servitute
442 2529 535 2567 servi
557 2529 693 2577 vocari,
712 2544 821 2580 quam
831 2529 898 2568 hac
922 2531 1041 2569 semel.
1063 2533 1168 2571 Tales
1187 2534 1240 2571 illi

254 2597 364 2635 erant,
384 2602 495 2639 neque
518 2590 625 2628 aliam
652 2600 820 2630 noverant
845 2592 1053 2631 servitutem
1061 2609 1072 2643 3
1100 2594 1241 2632 dicunt-

255 2662 324 2697 que
345 2663 352 2683 :
375 2650 502 2688 Servos
522 2652 655 2690 vocasti
683 2666 741 2690 cos
765 2652 826 2703 qui
857 2667 902 2691 ex
933 2667 1057 2705 genere
1088 2656 1241 2694 Abrahae

255 2718 349 2757 sunt,
369 2711 504 2749 nobiles
522 2712 625 2750 illos?
641 2727 728 2763 quos
744 2713 822 2751 idco
836 2728 905 2751 non
924 2716 1108 2766 oportebat
1124 2730 1241 2756 servos

254 2783 391 2808 vocare.
416 2773 649 2824 Nmuqnum,
662 2774 841 2825 inquiunt,
868 2779 1105 2815 servivimus.
1141 2778 1241 2817 Talis

255 2830 460 2869 Judaeorum
490 2834 598 2871 fastus
625 2845 686 2872 est.
716 2836 850 2874 Semen
875 2837 1050 2875 Abrahae
1092 2853 1237 2886 sumus,
1265 2836 1288 2866 13

255 2895 444 2933 Isr'ae'litoe
464 2910 605 2935 sumus.
627 2900 809 2949 Nusquam
831 2910 925 2951 gesta
947 2915 1009 2939 sua
1028 2915 1241 2940 commemo—

256 2964 344 2992 rant.
359 2955 443 2993 Ideo
455 2957 490 2994 111
506 2971 562 2994 cos
576 2958 748 2996 clamabat
763 2962 930 3010 Jounnes,
949 2963 1082 3000 Nolite
1097 2964 1236 3011 dicere,

256 3017 415 3053 Patrem
432 3018 615 3055 habemns
635 3018 675 3055 Α
680 3021 852 3058 traham,
872 3022 944 3058 Cur
959 3031 1076 3060 autem
1100 3038 1169 3062 non
1182 3037 1240 3062 co-

255 3077 376 3127 arguit
402 3077 482 3115 illos
508 3078 697 3115 Clu-istus?
724 3080 897 3130 siquidem
926 3096 1018 3134 stepo
1043 3084 1239 3122 servierunt

257 3137 449 3190 AEgyptiis,
476 3139 694 3191 Babyloniis,
718 3140 865 3191 aliisque
893 3143 1030 3180 multis.
1055 3145 1148 3190 Quia
1170 3159 1239 3183 non

256 3199 301 3237 ad
316 3200 588 3251 contentionem,
605 3201 666 3239 sed
688 3201 732 3239 ad
751 3203 899 3242 salutem
926 3206 1094 3255 loquutus
1108 3209 1235 3259 fuerat,

302 3315 318 3338 ¹>
343 3319 495 3359 παρρησίᾳ
511 3313 603 3347 deest
620 3317 652 3347 in
669 3316 867 3359 quibusdam
883 3319 959 3350 Mss.

304 3375 315 3388 π
342 3365 400 3397 Alii
416 3369 485 3400 ἀλλ’
499 3370 609 3405 οὐδενὸς
626 3372 723 3406 ahot,-
739 3373 845 3411 ἔμελεν
865 3374 910 3404 ἐπὶ
927 3379 1074 3408 κωμικοῖς
1090 3376 1259 3414 πράγμασι-

262 3417 351 3448 1¹1ssst
372 3424 416 3452 mi
436 3424 478 3453 ἐπὶ
506 3429 539 3455 τῆ
569 3423 681 3454 took-1¹2
710 3424 801 3458 ταύτῃ
821 3433 824 3438 “
848 3426 890 3456 ἐπὶ
921 3424 948 3454 ὖέ
978 3431 1029 3459 τῆς
1055 3425 1184 3460 cufi-ziz,-
1214 3431 1263 3461 τῆς

1282 239 1491 268 ΛΙὶΕΗΙΙεΡ.

1531 240 1897 271 cous'rAN'rumP.

1321 336 1394 369 ναι,
1428 321 1635 359 διασκάπτει
1665 321 1728 369 τὴν
1758 324 1871 375 ψυχὴν
1901 323 2195 375 πληκτικωτέροις
2215 323 2335 376 λόγοις.

1321 384 1401 421 Τῶν
1417 383 1484 436 γὰρ
1500 383 1731 422 πιστευόντων
1750 379 1791 431 ἦν
1807 385 1866 423 καὶ
1877 385 2028 437 ἐλέγχων
2044 385 2239 437 ἀνέχεσθαι·
2254 388 2285 423 οἱ
2301 385 2338 424 δὲ

1321 444 1442 488 εὐθέως
1461 444 1651 498 ἠγρίαινον.
1683 446 1764 488 Πῶς
1796 444 1831 484 δὲ
1852 451 1951 485 τοῦτο
1975 452 2086 493 ποιεῖ,
2103 447 2248 498 Πρῶτον
2265 462 2336 483 πα-

1322 505 1519 557 ραγγέλλει·
1547 504 1633 544 Ἐὰν
1661 509 1758 557 ὑμεῖς
1781 506 1920 557 μείνητε
1941 510 1974 546 ἐν
1999 510 2048 560 τῷ
2071 506 2163 558 λόγῳ
2180 509 2229 558 τῷ
2252 508 2338 558 ἐμῷ,

1319 567 1425 611 ὅντως
1452 568 1607 619 μαθηταί
1630 585 1694 619 μου
1722 567 1816 617 ἐστὲ,
1836 570 1896 607 καὶ
1914 573 1935 615 ἦ
1954 570 2099 616 ἀλήθεια
2118 565 2338 619 ἐλευθερώσει

1320 630 1429 679 ὑμᾶς·
1457 630 1637 682 μονονουχὶ
1662 630 1786 681 λέγων,
1813 630 1929 681 μέλλω
1958 633 2098 682 βαθεῖαν
2125 629 2256 667 διδόναι
2283 644 2339 666 το-

1320 690 1402 739 μὴν,
1432 691 1520 729 ἀλλὰ
1544 691 1592 742 μὴ
1614 691 1809 730 σαλεύεσθε.
1847 693 1991 730 Μᾶλλον
2010 691 2120 730 δὲκαὶ
2139 690 2195 728 διὰ
2210 689 2339 728 τούτων

1320 753 1430 789 αὐτῶν
1450 753 1506 791 τὸν
1529 757 1632 804 τῦφον
1654 755 1764 791 αὐτῶν
1785 756 1847 799 τῆς
1866 752 2018 797 διανοίας
2033 752 2244 790 κατέστειλε.
2270 753 2303 788 Τ
2307 750 2338 788 ι’-

1318 827 1373 856 νος
1398 813 1635 866 ἐλευθερώσει,
1656 814 1731 852 εἰπέ
1747 830 1826 865 μοι,
1849 813 2141 866 Ἁμαρτημάτων.
2171 812 2218 851 Τί
2234 806 2289 850 οῧν
2307 815 2337 850 οἱ

1319 873 1481 917 ἀλαζόνες
1500 876 1646 922 ἐκεῖνοι,
1665 875 1814 929 Σπέρμα
1834 875 1993 928 Ἀδραάμ
2015 878 2131 926 ἐσμεν,
2150 873 2210 912 καὶ
2228 872 2336 911 οὐδενὶ

1318 933 1584 985 δεδουλεύκαμεν
1610 935 1764 974 πώποτε.
1806 936 2004 975 Κατέπεσεν
2033 936 2156 979 εὐθέως
2181 937 2292 973 αὐτῶν
2314 938 2336 979 ἦ

1318 994 1450 1033 διάνοια
1466 1011 1474 1018 ·
1494 1001 1593 1035 τοῦτο
1613 995 1647 1034 δὲ
1667 998 1802 1050 γέγονεν
1815 1029 1824 1045 ,
1849 999 1917 1037 ἀπὸ
1936 1001 1996 1036 τοῦ
2015 998 2100 1051 πρὸς
2118 997 2162 1036 τὰ
2182 995 2335 1046 κοσμικὰ

1317 1056 1521 1101 ἐπτοῆσθαι.
1552 1056 1637 1094 Ἐὰν
1657 1057 1795 1108 μείνητε
1811 1061 1843 1097 ἐν
1859 1061 1908 1110 τῷ
1921 1058 2013 1110 λόγῳ
2027 1061 2076 1111 τῷ
2093 1061 2180 1109 ἐμῷ,
2197 1058 2336 1103 δηλοῦν-

1315 1130 1372 1157 τος
1399 1110 1440 1161 {v
1466 1116 1510 1154 τὰ
1539 1118 1572 1154 ἐν
1598 1121 1641 1168 τῇ
1663 1118 1790 1171 καρδίᾳ
1810 1121 1941 1166 αὐτῶν,
1964 1120 2023 1157 καὶ
2044 1119 2169 1162 εἰδότος
2192 1119 2245 1157 ὅτι
2263 1118 2337 1156 ἐπί-

1317 1191 1462 1214 στευσαν
1483 1176 1558 1228 μὲν,
1575 1182 1637 1216 οὐκ
1653 1179 1792 1229 ἔμειναν
1808 1180 1855 1218 δέ.
1884 1181 1953 1218 Καὶ
1971 1180 2059 1232 μέγα
2074 1179 2337 1231 ἐπαγγέλλεται,

1315 1238 1354 1276 τὸ
1374 1239 1532 1289 μαθητὰς
1552 1241 1655 1279 αὐτοῦ
1674 1240 1821 1285 ἐκείνους
1835 1241 2003 1293 γενέσθαι.
2037 1241 2183 1286 Ἐπειδὴ
2203 1241 2269 1292 γάρ
2284 1257 2335 1278 τι-

1314 1315 1368 1343 νες
1388 1300 1614 1354 ἀνεχώρησαν
1645 1301 1767 1354 πρῴην
1781 1331 1790 1348 ,
1824 1302 2057 1353 αἰνιττόμενος
2079 1301 2198 1344 αὐτούς
2220 1317 2337 1353 φησιν,

1314 1360 1399 1399 Ἐὰν
1430 1361 1570 1413 μείνητε
1583 1377 1590 1384 ·
1621 1362 1694 1401 ἐπεὶ
1710 1364 1862 1401 κάκεῖνοι
1878 1363 2029 1409 ἤκουσαν
2044 1362 2103 1401 καὶ
2118 1362 2337 1410 ἐπίστευσαν,

1314 1422 1373 1460 καὶ
1405 1422 1651 1476 ἀνεχώρησαν,
1685 1424 1804 1471 ἐπειδὴ
1835 1426 1896 1462 οὐκ
1921 1424 2071 1475 ἔμειναν.
2115 1423 2245 1462 Πολλοὶ
2269 1422 2336 1477 γὰρ

1311 1486 1379 1521 τῶν
1410 1488 1573 1535 μαθητῶν
1602 1488 1704 1523 αὐτοῦ
1732 1487 1885 1532 ἀπῆλθον
1907 1489 1952 1530 εἷς
1979 1485 2023 1524 τὰ
2041 1485 2170 1533 ὀπίσω,
2197 1485 2256 1523 καὶ
2278 1486 2337 1522 οὐκ

1632 1545 1838 1598 1’ποιῤῥησίοιι
1867 1546 2108 1598 περιεπάτουν.
2155 1545 2336 1586 Γνώσεσθε

1313 1545 1364 1583 ἔτι
1396 1547 1471 1596 μετ’
1508 1548 1610 1584 αὐτοῦ

1313 1606 1376 1652 τὴν
1398 1607 1582 1653 ἀλήθειαν·
1611 1607 1799 1654 τουτέστιν,
1821 1608 1899 1659 ἐμέ·
1921 1608 2016 1657 Ἐγὼ
2031 1608 2098 1661 γάρ
2119 1611 2190 1658 εἶμι
2209 1612 2230 1654 ἡ
2249 1607 2336 1654 ἀλή-

1315 1672 1401 1706 θεια.
1436 1670 1493 1706 Τὰ
1514 1667 1575 1718 μὲν
1591 1668 1766 1707 Ἰουδαϊκὰ
1789 1669 1904 1707 πάντα
1920 1668 2024 1713 τύπος
2037 1664 2096 1716 ἦν·
2116 1669 2179 1716 τὴν
2199 1667 2234 1706 δὲ
2251 1668 2336 1715 ἀλή-

1316 1733 1408 1767 θειαν
1440 1729 1524 1781 παρ’
1552 1732 1636 1780 ἐμοῦ
1666 1731 1815 1777 εἴσεσθε,
1841 1730 1900 1767 καὶ
1920 1730 2139 1783 ἐλευθερώσει
2160 1733 2250 1780 ὑμᾶς
2267 1732 2334 1766 τῶν

1315 1791 1591 1843 ἁμαρτημάτων.
1621 1789 1760 1843 ςΏσπερ
1779 1790 1846 1843 γὰρ
1868 1790 2008 1834 ἐκείνοις
2023 1790 2137 1842 ἔλεγεν
2150 1806 2157 1813 ·
2181 1790 2241 1828 Ἐν
2261 1794 2336 1832 ταῖς

1314 1851 1501 1903 ἁμαρτίαις
1523 1854 1618 1902 ὑμῶν
1640 1854 1885 1890 ἀποθανεῖσθε·
1906 1851 1996 1889 οὕτω
2018 1851 2077 1890 καὶ
2106 1851 2236 1894 τούτοις
2257 1849 2335 1887 ἔλε-

1312 1929 1391 1964 γεν,
1422 1912 1669 1966 Έλευθερώσει
1694 1915 1796 1964 ὑμᾶς.
1839 1914 1909 1952 Καὶ
1940 1916 2000 1952 οὐκ
2020 1908 2125 1961 εἶπεν,
2147 1910 2336 1954 ἀπαλλάξω

1313 1975 1404 2024 ὑμᾶς
1433 1973 1586 2018 δουλείας
1599 1989 1607 1997 ·
1627 1974 1717 2013 ἀλλὰ
1735 1978 1835 2014 τοῦτο
1854 1977 1967 2019 αὐτοῖς
1984 1974 2078 2013 εἴασε
2098 1976 2254 2013 συνιδεῖν.
2290 1972 2338 2010 Τί

1314 2027 1372 2072 οῧν
1387 2035 1531 2082 ἐκεῖνοι,
1547 2035 1699 2089 Σπέρμα
1714 2035 1875 2089 Ἀὸραάμ
1891 2039 2007 2087 ἐσμεν,
2024 2036 2084 2074 καὶ
2101 2035 2208 2074 οὐδενὶ
2225 2037 2338 2074 δεδου-

1313 2095 1484 2147 λεύκαμεν
1507 2095 1660 2135 πώποτε.
1693 2096 1818 2136 Καίτοι
1839 2100 1867 2135 εἷ
1881 2099 1987 2151 ἐχρῆν
2004 2100 2258 2150 ἀγανακτῆσαι,
2279 2097 2335 2135 ἐπὶ

1312 2159 1362 2209 τῷ
1375 2157 1533 2209 προτέρῳ
1546 2158 1636 2201 εἰκὸς
1651 2152 1706 2205 ἦν,
1721 2161 1770 2211 τῷ
1786 2159 1971 2211 εἰρηκέναι,
1981 2158 2160 2198 Γνώσεσθε
2169 2157 2232 2205 τὴν
2249 2157 2332 2204 ἀλή-

1314 2221 1420 2266 θειαν,
1435 2218 1494 2256 καὶ
1509 2221 1631 2256 εἰπεῖν·
1648 2218 1681 2256 τί
1698 2212 1753 2256 οὖν
1766 2234 1775 2265 ;
1786 2223 1843 2257 νῦν
1858 2219 1920 2266 τὴν
1936 2219 2099 2266 ἀλήθειαν
2128 2221 2188 2256 οὐκ
2212 2218 2332 2269 ἴσμεν;

1312 2281 1330 2316 ὁ
1345 2277 1448 2329 νόμος
1463 2272 1519 2316 οἶν
1534 2280 1654 2331 ψεῦδος
1669 2279 1728 2317 καὶ
1739 2282 1760 2325 ἡ
1775 2283 1900 2331 γνῶσις
1915 2283 1935 2325 ἡ
1950 2279 2125 2332 ἡμετέρα,
2142 2284 2157 2300 ²¹
2171 2278 2264 2316 Ἀλλ’
2281 2282 2333 2316 οὐ·

1312 2340 1403 2383 δενὸς
1421 2339 1549 2378 τούτων
1571 2342 1683 2383 αὐτοῖς
1700 2340 1818 2390 ἔμελεν
1832 2371 1841 2387 ,
1863 2341 1940 2378 ἀλλ’
1962 2340 2018 2378 ἐπὶ
2040 2345 2219 2390 κοσμικοῖς
2236 2340 2331 2393 πρά-

1310 2417 1439 2453 γμασιν
1460 2403 1622 2453 ἀλγοῧσι,
1654 2402 1712 2440 καὶ
1734 2405 1845 2440 ταῦτα
1865 2400 2022 2439 δουλείαν
2044 2401 2331 2443 ὑποπτεύσαντες.

1312 2461 1393 2500 Εἰσὶ
1411 2461 1490 2515 γὰρ,
1508 2462 1574 2500 εἶσὶ
1595 2463 1654 2500 καὶ
1673 2467 1730 2501 νῦν
1749 2462 1869 2501 πολλοὶ
1890 2461 1923 2501 οἳ
1942 2462 1999 2500 ἐπὶ
2020 2461 2081 2513 μὲν
2100 2467 2170 2505 τοῖς
2192 2462 2334 2513 ἀδιαφό-

1315 2539 1382 2576 ροις
1402 2522 1624 2575 αἰσχύνονται
1639 2554 1648 2572 ,
1669 2524 1729 2562 καὶ
1752 2523 1808 2561 ἐπὶ
1827 2526 1869 2575 τῇ
1891 2522 2026 2575 δουλείᾳ
2057 2522 2184 2575 ταύτῃ·
2226 2523 2281 2562 ἐπὶ
2302 2522 2336 2561 δὲ

1312 2588 1374 2630 τῆς
1389 2584 1542 2628 δουλείας
1562 2588 1624 2632 τῆς
1646 2583 1819 2636 ἁμαρτίας
1838 2584 1964 2632 οὐκέτι,
1980 2584 2039 2622 καὶ
2058 2583 2190 2623 ἕλοιντο
2210 2584 2249 2622 ἂν
2272 2600 2335 2635 μυ-

1315 2645 1425 2698 ριάκις
1445 2645 1577 2693 ἐκείνην
1594 2649 1765 2694 κληθῆναι
1783 2647 1895 2684 δοῦλοι
1911 2645 1972 2693 τὴν
1991 2645 2157 2693 δουλείαν,
2172 2645 2193 2691 ἢ
2208 2645 2336 2692 ταύτην

1314 2707 1418 2751 ἅπαξ.
1456 2708 1615 2746 Τοιοῦτοί
1639 2724 1726 2752 τινες
1759 2702 1846 2754 ἦσαν
1879 2710 2050 2755 κάκεῖνοι,
2079 2707 2138 2745 καὶ
2158 2706 2234 2745 οὐδὲ
2253 2707 2336 2758 ᾔδε-

1315 2783 1378 2806 σαν
1398 2768 1505 2816 ὀίλλην
1526 2768 1694 2816 δουλείαν,
1715 2769 1774 2806 καὶ
1794 2768 1896 2820 φασί·
1924 2768 2060 2812 δούλους
2078 2768 2243 2810 ἐκάλεσας
2260 2767 2337 2810 τοὺς

1315 2829 1383 2867 ἀπὸ
1409 2835 1468 2868 τοῦ
1486 2829 1600 2881 γένους
1618 2834 1677 2867 τοῦ
1699 2829 1876 2883 Ἀὸραὰμ,
1907 2828 1984 2872 τοὺς
2007 2831 2171 2880 εὐγενεῖς,
2200 2827 2257 2871 οὒς
2277 2830 2337 2866 οὐκ

1314 2892 1418 2942 ἐχρῆν
1442 2889 1498 2928 διὰ
1517 2895 1616 2928 τοῦτο
1633 2889 1779 2928 καλέσαι
1796 2889 1943 2933 δούλους.
1970 2888 2147 2927 Οὐδέποτε
2164 2887 2250 2942 γὰρ,
2274 2904 2338 2940 φη-

1315 2950 1379 2998 σὶν,
1396 2950 1654 3001 ἐδουλεύσαμεν.
1683 2952 1838 2988 Τοιαῦτα
1857 2949 1923 3002 γὰρ
1939 2952 2007 2988 τῶν
2024 2949 2201 2988 Ἰουδαίων
2218 2948 2263 2987 τὰ
2280 2951 2339 2987 αὐ·

1312 3012 1460 3064 χήματα
1473 3027 1481 3035 ·
1502 3012 1653 3065 Σπέρμα
1676 3011 1834 3064 Ἀδραάμ
1848 3014 1965 3062 ἐσμεν,
1987 3010 2206 3064 Ἰσραηλῖταί
2221 3013 2336 3060 ἐσμεν.

1313 3074 1482 3123 Οὖδαμοῧ
1501 3075 1568 3111 τῶν
1585 3073 1718 3111 οἰκείων
1737 3072 2015 3126 κατορθωμάτων
2035 3073 2240 3124 μέμνηνται.
2269 3070 2337 3108 Διὰ

1311 3147 1411 3181 τοῦτο
1438 3142 1523 3195 πρὸς
1543 3141 1663 3185 αὐτοὺς
1682 3140 1869 3193 ἀνέκραγεν
1893 3140 2057 3187 Ἰωάννης
2072 3170 2081 3187 ,
2103 3139 2212 3189 λέγων
2230 3153 2236 3161 ·
2271 3137 2331 3185 Μὴ

1312 3209 1430 3257 δόξητε
1451 3209 1575 3261 λέγειν,
1598 3208 1649 3247 ὅτι
1668 3207 1803 3261 πατέρα
1819 3208 1943 3260 ἔχομεν
1963 3208 2019 3245 τὸν
2036 3206 2206 3259 Ἀὸραάμ.
2228 3206 2332 3243 Διατί

1328 3328 1493 3366 ἁμαρτίας,
1518 3322 1635 3355 eodem
1661 3321 1818 3365 regimine
1835 3319 2014 3355 dicendum
2042 3318 2216 3352 ridebatur
2237 3325 2284 3355 ἐπὶ
2308 3323 2338 3352 δὲ

1329 3382 1366 3418 τῇ
1380 3378 1498 3417 δουλείᾳ
1511 3383 1573 3413 τῆς,
1587 3373 1651 3407 Sed
1669 3375 1779 3406 onmia
1795 3372 1994 3414 exemptaria
2022 3377 2069 3407 ἐπὶ
2086 3375 2115 3406 δὲ-
2140 3380 2192 3410 τῆς
2208 3375 2337 3409 δουλείας

1332 3424 1465 3460 habent.
