2481 3678
751 197 793 227 IN
831 200 1036 229 JoANMiM
1072 201 1224 230 HOMtL.

122 276 382 328 προσελθόντος,
412 277 509 319 αὐτὸς
542 278 662 321 αὐτοὺς
696 279 939 330 ἐφειλκύσατο,
961 282 1024 318 κᾶν
1057 285 1140 319 ἀπε-

121 336 280 383 π-ἧδησαν
319 337 420 381 ἴσως·
441 341 498 374 νῦν
531 337 566 376 δὲ
598 340 655 390 ἀφ’
687 341 817 378 ἑαυτῶν
840 341 996 392 ἑλόμενοι
1022 346 1138 387 τοῦτο,

120 397 254 446 §geaeon
273 399 391 437 λοιπὸν
411 398 542 449 ἔμενον.
563 401 632 438 Τὸν
654 400 688 439 δὲ
708 401 889 440 Φίλιππον
910 405 1028 450 καλεῖ,
1051 404 1139 452 μᾶλ-

118 459 175 496 λον
204 462 296 512 αὐτῷ
321 459 494 513 γνώριμον
517 461 616 499 ὄντα·
652 462 711 500 ἅτε
737 462 805 514 γὰρ
830 465 864 500 ἐν
892 464 936 512 τῇ
966 460 1139 513 Γαλιλαίᾳ

116 521 289 569 γεννηθεὶς
307 521 366 559 καὶ
385 522 542 574 τραφεὶς,
560 524 690 574 μᾶλλον
712 523 813 561 αὐτὸν
831 522 1050 574 ἐπεγίνωσκε.
1068 525 1137 560 Λα-

116 579 186 618 &dm
223 582 333 620 τοίνυν
361 583 438 628 τοὺς
474 585 654 635 μαθητὰς,
674 585 814 638 ἔρχεται
839 583 958 621 λοιπὸν
988 583 1045 621 ἐπὶ
1072 582 1134 629 τὴν

115 642 223 695 ἄγραν
243 646 312 681 τῶν
334 647 478 693 λοιπῶν,
498 646 558 684 καὶ
584 646 641 684 τὸν
657 645 838 683 Φίλιππον
860 643 919 681 καὶ
937 644 995 681 τὸν
1015 646 1133 682 Ναθα-

113 701 201 749 ναὴλ
227 708 429 744 ἐπισπᾶται.
453 707 543 745 Ἀλλ’
574 706 631 744 ἐπὶ
657 705 718 756 μὲν
749 704 868 742 τούτου
888 705 949 742 οὐκ
980 698 1021 750 ἦν
1044 704 1134 742 οὕτω

113 767 324 815 θαυμαστὸν,
342 767 393 805 ὅτι
409 768 468 805 καὶ
487 771 508 813 ἦ
532 766 618 813 ἀκοὴ
638 769 697 804 τοῦ
717 765 832 812 Ἰησοῦ
852 765 1061 811 ἀπεληλύθει
1088 768 1135 809 εἷς

113 825 174 871 τὴν
197 827 326 879 Συρίαν
352 829 511 866 ἅπασαν·
531 828 570 866 τὸ
590 825 625 865 δὲ
644 825 856 876 θαυμαστὸν,
876 825 915 864 τὸ
934 829 1002 864 τῶν
1022 825 1038 846 ¹'
1054 826 1134 879 περὶ

114 886 246 939 Πέτρον
267 889 325 926 καὶ
349 888 516 927 Ἰάκωὸον
532 886 590 926 καί
607 886 787 926 Φίλιππον
806 881 863 934 ἦν,
878 888 942 939 οὐχ
960 886 1014 925 ὅτι
1031 887 1132 938 μόνον

112 947 178 999 πρὸ
207 951 274 986 τῶν
308 948 462 1000 σημείων
489 947 710 995 ἐπείσθησαν,
730 949 806 986 ἀλλ’
835 947 889 986 ὅτι
920 948 980 986 καὶ
1013 951 1052 987 ἐκ
1071 951 1132 995 τῆς

112 1009 139 1045 l
143 1008 340 1053 αλιλαίας”
320 1026 432 1055 οντες,
455 1009 530 1048 ὅθεν
551 1008 626 1047 οὐδὲ
645 1024 826 1061 προιοητης
844 1007 1036 1061 ἐγείρεται,
1056 1010 1132 1048 οὐδὲ

109 1068 250 1106 δυναταί
266 1085 300 1106 τι
317 1069 451 1120 ἀγαθον
472 1073 569 1107 εἰναι.
593 1068 849 1128 Ἀγροικότερον
869 1069 937 1121 γάρ
966 1085 1040 1112 πως
1071 1085 1131 1107 και

1015 1127 1060 1166 O
1093 1127 1128 1166 δὲ

103 1186 248 1237 Χριστὸς
264 1190 445 1227 κάντευθεν
461 1191 563 1227 αὐτου
578 1188 665 1235 τ>ν’
658 1204 754 1240 ισγυν
772 1188 893 1240 ἐνέφην
898 1204 944 1235 εν,
961 1189 1085 1226 εάπὸτ
1073 1206 1128 1236 ης

108 1125 316 1180 ἇῖρῑώῖερθν
353 1128 412 1166 καὶ
448 1127 642 1180 Ταγύτερῡν
679 1130 771 1165 Οὑτῦῐ.
805 1142 853 1165 ΟῑΞ
857 1143 982 1166 κΞῑνῖΟ-

101 1248 220 1287 οὐδένα
242 1250 409 1302 φερούσης
432 1267 564 1302 καρπον
597 1266 659 1301 (ης
678 1266 755 1293 τους
787 1265 855 1287 των
882 1253 1047 1300 μαθητων
1071 1253 1125 1288 ἐκ·

101 1310 237 1361 κρίτους
269 1311 436 1362 ἐκλέγων.
470 1311 574 1354 Εἰκὸς
595 1310 656 1362 μὲν
689 1304 746 1348 οῧν
774 1310 830 1349 τὸν
856 1310 1036 1350 Φίλιππον
1066 1312 1124 1350 καί

101 1371 178 1414 τοὺς
197 1372 276 1424 περὶ
289 1372 423 1425 Πέτρον
442 1371 575 1421 ἰδόντα,
591 1372 652 1410 καὶ
670 1372 767 1424 παρὰ
783 1376 842 1411 τοῦ
854 1372 1016 1411 Ἰωάννου
1032 1376 1123 1420 ἀκη-

100 1430 225 1476 κοότα,
260 1432 517 1476 ἀκολουθησαι·
550 1430 640 1474 εἰκὸς
673 1429 709 1468 δε
741 1446 799 1467 και
830 1428 892 1475 τὴν
916 1429 1033 1481 φωνὴν
1065 1435 1124 1469 τοῦ

1268 200 1344 230 xx.
1382 187 1443 230 al.
1485 202 1556 231 xix
2109 190 2190 237 133

1209 282 1312 318 dente
1338 281 1433 332 ipsos
1461 282 1522 318 ille
1545 283 1768 331 attraxisset,
1790 284 1935 323 sortasse
1960 296 2076 337 postea
2106 290 2190 326 resi-

1209 342 1344 380 liissent
1366 358 1374 378 :
1396 343 1458 380 ubi
1479 352 1597 380 autem
1616 343 1707 381 illud
1727 345 1821 383 ultro
1846 345 2071 398 delegerunt,
2094 350 2187 388 sirmi

1208 411 1324 453 postea
1347 416 1515 441 mansere.
1539 403 1747 456 Philippum
1768 415 1887 443 autem
1904 417 2005 445 vocat
2025 408 2091 445 sibi
2109 424 2187 447 nia-

1207 462 1261 512 gis
1292 471 1433 511 notum,
1457 473 1578 516 utpote
1594 465 1705 515 quiin
1725 466 1874 504 Galilaea
1891 475 1994 504 natus
2013 476 2045 504 et
2065 468 2189 507 educa-

1205 530 1262 560 tus
1278 532 1377 561 esset.
1394 525 1571 563 Assumtis
1586 539 1669 576 ergo
1685 525 1893 579 discipulis,
1910 527 1957 565 ad
1973 528 2190 579 reliquorum

1206 592 1371 621 venatum
1399 585 1657 636 proficiscitur,
1688 601 1729 624 ac
1756 587 1966 640 Philippum
1993 598 2026 626 et
2056 590 2191 627 Natha-

1204 644 1337 682 naelem
1357 646 1516 683 attrahit.
1537 647 1591 684 De
1609 647 1676 685 hoc
1695 657 1811 685 autem
1839 662 1907 686 non
1938 658 2008 686 tam
2028 650 2190 688 mirabile

1204 704 1292 755 suit,
1313 706 1396 756 quia
1416 708 1500 746 Jesu
1528 708 1620 745 sama
1646 723 1710 760 per
1728 718 1839 747 totam
1858 709 2001 762 Syriam
2024 711 2190 762 pervola-

1205 775 1321 815 verat,
1343 767 1404 805 sed
1423 768 1555 805 mirum
1574 779 1646 806 erat
1668 769 1765 821 quod
1786 770 1910 807 Petrus
1931 780 1964 808 et
1984 772 2138 810 Jacobus
2157 782 2189 810 et

1206 826 1396 879 Philippus
1427 830 1568 879 sequuti
1588 830 1657 867 sint
1668 860 1680 881 7
1712 845 1780 868 non
1806 830 1912 869 modo
1931 832 2026 883 quod
2044 842 2124 871 ante
2143 834 2189 871 si—

1205 899 1273 936 gna
1302 887 1537 938 crediderint,
1561 890 1623 927 sed
1648 890 1752 928 etiam
1771 891 1867 942 quod
1895 906 1939 929 ex
1966 893 2115 931 Galilaea
2137 908 2189 931 es-

1203 957 1300 999 sent,
1320 949 1415 988 unde
1434 964 1497 988 nec
1515 952 1687 1004 propheta
1713 952 1878 1004 prodibat
1889 983 1900 1004 7
1924 968 2034 1006 neque
2052 956 2189 1007 aliquid

1201 1009 1285 1047 boni
1314 1011 1453 1049 exibat:
1474 1013 1605 1051 rustica
1629 1014 1762 1066 quippe
1789 1027 1874 1066 gens
1902 1025 1994 1065 erat,
2015 1019 2185 1069 agrestis,

1200 1084 1334 1123 aspera.
1360 1074 1497 1112 Verum
1516 1074 1600 1112 inde
1625 1075 1788 1116 Christus
1817 1078 2008 1129 potentiam
2037 1080 2188 1118 ostendit

1199 1146 1323 1179 suam,
1351 1134 1440 1172 dum
1472 1150 1516 1173 ex
1541 1145 1633 1174 terra
1673 1137 1814 1175 nullum
1842 1138 1974 1177 ferente
2008 1140 2185 1190 fructum,

1198 1193 1362 1231 selectam
1386 1195 1647 1248 discipulorum
1668 1207 1805 1250 partem
1824 1199 1959 1238 eduxit.
1982 1201 2187 1240 Verisimile

1197 1254 1308 1305 igitur
1336 1265 1386 1293 est
1416 1256 1648 1309 Philippum,
1679 1258 1777 1309 quod
1802 1260 1946 1298 Petrum
1975 1261 2122 1300 vidisset
2152 1272 2185 1301 et

1196 1314 1366 1352 Joannem
1383 1315 1558 1366 audisset,
1579 1326 1769 1368 sequutum
1790 1332 1863 1356 esse
1873 1334 1884 1369 3
1908 1319 2078 1358 credibile
2096 1335 2182 1372 qno-

1195 1388 1263 1424 que
1296 1384 1345 1412 est
1376 1376 1507 1413 Christi
1537 1391 1659 1415 iocem
1690 1377 1856 1428 aliquid
1847 1393 1883 1417 1n
1913 1380 1975 1418 illo
2002 1391 2182 1433 opeiatam

1194 1450 1267 1474 esse
1290 1452 1297 1472 ε
1321 1451 1390 1475 nox
1392 1446 1465 1475 eiat
1485 1438 1580 1475 enim
1611 1438 1776 1477 Christus
1805 1441 1951 1490 quinam
1984 1442 2102 1481 idonei
2128 1445 2182 1482 su-

1156 891 1178 920 D

100 1491 253 1543 Χριστοῦ
272 1491 488 1542 εργάσασθαί
507 1506 542 1528 τι
574 1507 606 1528 Ξν
628 1493 733 1541 αὖτῳ
753 1484 838 1528 Οῖδε
856 1489 924 1542 γὰρ
943 1506 1021 1534 τους
1041 1508 1083 1541 με
1070 1491 1123 1528 ’λ-
1145 1495 1168 1523 Ε
1199 1498 1268 1535 turi
1302 1509 1426 1536 essent.
1457 1499 1685 1550 Evangelista
1715 1510 1832 1539 autem
1855 1503 1932 1541 haec
1961 1505 2079 1543 omnia
2107 1521 2182 1544 cai-

99 1529 221 1595 λοντας
236 1551 405 1590 ἔσεσθαι’
391 1551 615 1598 επιτηδείους.
636 1551 681 1590 O
702 1551 736 1589 δὲ
749 1551 1026 1602 εὖαγγελιστὴς
1014 1552 1124 1590 οίπαν-

99 1630 142 1651 τα
161 1613 382 1663 ἐπιτέμνεται
407 1617 528 1652 ταῦτα.
550 1612 636 1651 εὈτι
658 1611 718 1663 μὲν
739 1615 795 1650 οὐν
822 1615 840 1650 ὁ
858 1612 1007 1663 Χριστος
1023 1613 1124 1664 ἔμελ-

1199 1558 1291 1610 ptim
1309 1569 1460 1598 enar-,iat
1482 1560 1589 1607 Quod
1619 1561 1782 1600 Christus
1806 1572 1978 1602 ientuius
1994 1575 2096 1615 essct,
2114 1567 2182 1605 hoc

1195 1620 1257 1658 ille
1278 1621 1439 1660 sciebat:
1461 1621 1558 1672 quod
1577 1636 1661 1661 velo
1679 1623 1739 1661 hic
1754 1633 1842 1662 esset
1862 1625 2054 1664 Christus
2044 1641 2182 1678 ignora—

99 1676 155 1711 ὶεν
192 1673 298 1721 ἥξειν,
336 1674 530 1720 ἠπίστατο·
565 1691 618 1713 οτι
649 1673 684 1712 δὲ
707 1677 803 1717 Οὗτος
834 1677 851 1712 ὃ
883 1674 1033 1726 Χριστος
1066 1678 1120 1723 ἦν,
1134 1699 1179 1723 116
1193 1681 1279 1732 bat,
1302 1682 1337 1720 id
1360 1683 1485 1735 quod'
1476 1698 1596 1736 ipsum
1615 1684 1673 1723 xel
1691 1699 1711 1722 a
1731 1686 1836 1723 Petro
1853 1687 1911 1725 vel
1929 1702 1949 1725 a
1968 1690 2102 1727 Joanne
2121 1704 2183 1727 au-

98 1735 235 1785 ἠγνόει·
255 1734 339 1787 ὅπερ
357 1735 456 1774 αὖτὸν
479 1735 500 1781 ἢ
525 1735 622 1787 παρὰ
636 1734 691 1772 1’1!
675 1750 792 1786 Ξτρθυ
803 1733 826 1780 ἢ
846 1734 944 1787 παρὰ
959 1733 1120 1774 Ῑωᾶννθυ
1143 1737 1168 1766 Α
1193 1742 1324 1783 (livisse
1336 1754 1433 1797 puto.
1451 1746 1604 1784 Joannes
1620 1760 1725 1798 porlo
1740 1760 1798 1785 vi(
1802 1762 1863 1785 um
1883 1748 1979 1787 illius
2000 1751 2180 1801 nominat,

577 1796 607 1834 δΧ

100 1796 286 1843 ἀκηκοέναι
308 1796 410 1848 φημί.
441 1797 546 1849 Λέγει
577 1812 610 1835 οε
636 1812 695 1834 και
725 1795 788 1843 τὴν
818 1794 942 1846 κώμην
973 1798 1075 1836 αὐτου
1103 1801 1121 1835 ὃ

99 1856 316 1905 ’‘lumime-qq,
311 1856 364 1895 ι’να
382 1857 494 1910 μάθῃς
521 1857 574 1897 ὅτι
603 1856 647 1895 τα
678 1859 804 1903 ἀσθενη
830 1873 888 1896 του
916 1857 1083 1908 κόσμουε
1070 1858 1121 1897 3³³-

1090 1887 1104 1903 Ἰ

99 1917 236 1962 ελέξατο
262 1921 279 1956 ὃ
307 1919 407 1963 Θεός.
428 1919 595 1972 Εὑρίσκει
611 1919 792 1962 Φίλιππος
816 1919 873 1957 τὸν
907 1919 1119 1969 Ναθαναὴλ,

98 1979 158 2017 καὶ
177 1979 269 2031 λέγει
301 1982 412 2033 αὐτῷ·
432 1981 467 2020 ὃν
489 1981 619 2033 ἔγραψε
640 1982 803 2026 Μωῦσῆς·
820 1981 854 2017 ἐν
872 1982 921 2033 τῷ
945 1980 1042 2034 νόμῳ
1061 1984 1120 2020 καὶ

98 2043 129 2079 οἱ
152 2044 340 2094 προφῆται,
361 2041 569 2095 εὑρήκαμεν,
589 2041 724 2088 Ἰησοῦν
743 2041 800 2079 τὸν
821 2041 891 2080 υἱὸν
912 2041 1043 2095 Ἰωσὴφ
1063 2043 1119 2082 τὸν

101 2102 170 2140 ἀπὸ
198 2102 370 2156 Ναζαρέτ.
400 2103 506 2154 Λέγει
527 2102 562 2141 δὲ
589 2107 699 2141 ταῦτα
732 2101 928 2146 ἀξιόπιστον
952 2107 1060 2142 ποιῶν
1080 2105 1120 2143 τὸ

98 2164 282 2216 κήρυγμα,
307 2163 393 2215 εἴγε
421 2164 490 2202 ἀπὸ
509 2162 687 2207 Μωῦσέως
714 2162 788 2201 ἐστὶ
817 2162 878 2201 καὶ
896 2166 965 2202 τῶν
986 2180 1120 2218 προφη-

98 2228 179 2273 τῶν,
212 2224 272 2263 καὶ
301 2226 469 2264 δυσωπῶν
498 2225 554 2264 τὸν
586 2224 759 2278 ἀκροατὴν
789 2227 952 2264 ἐντεῦθεν.
973 2224 1119 2273 Ἐπειδὴ

97 2286 193 2340 γὰρὸ
210 2286 404 2333 Ναθαναὴλ
424 2285 571 2340 ἇκριὸὴς
589 2281 645 2334 ἦν,
664 2286 725 2325 καὶ
741 2286 856 2324 πάντα
876 2288 1120 2339 διεσκεμμένος

99 2347 187 2399 μετὰ
220 2347 403 2395 ἀληθείας,
422 2350 469 2392 ὡς
490 2347 549 2386 καὶ
583 2351 601 2386 ὃ
619 2348 770 2402 Χριστὸς
801 2347 1038 2401 ἐμαρτύρησε,
1060 2350 1120 2388 καὶ

97 2409 136 2447 τὸ
155 2409 250 2461 ἔργον
271 2407 407 2457 ἔδειξεν,
427 2408 567 2453 εἰκότως
598 2409 698 2447 αὐτὸν
719 2409 776 2448 ἐπὶ
805 2409 862 2447 τὸν
883 2410 1037 2449 Μωϋσέα
1061 2410 1120 2449 καὶ

98 2486 173 2513 τους
199 2470 379 2523 προφήτας
411 2470 690 2546 'ttotpss'w-ltu-ssssvf
676 2486 730 2508 ινα
762 2469 852 2508 οὕτω
881 2470 1120 2522 παραδέξηται

97 2548 154 2570 τον
174 2531 440 2584 κηρυττόμενον.
460 2532 506 2570 Εἰ
526 2530 562 2569 δὲ
582 2532 653 2569 υἱὸν
670 2530 803 2583 Ἰωσὴφ
822 2532 922 2569 αὐτὸν
941 2531 1054 2583 λέγει,
1071 2533 1119 2583 μὴ

99 2592 309 2644 θορυόηθῃς·
330 2590 380 2629 ἔτι
399 2590 467 2643 γὰρ
492 2590 612 2629 τούτου
630 2597 713 2635 παῖς
736 2591 911 2641 ἐνομίζετο
930 2596 1029 2630 εἶναι.
1049 2594 1120 2631 Καὶ

97 2653 199 2692 πόθεν
221 2654 336 2700 οηλον,
364 2654 393 2689 ὠ
428 2651 611 2699 Φίλιππε,
631 2651 682 2690 ὅτι
703 2655 800 2695 οὗτος
825 2653 951 2697 ἐκεῖνός
973 2656 1070 2701 ἐστι,
1086 2654 1121 2692 τί

97 2714 239 2767 λέγεις(
223 2721 307 2765 ημῖν
327 2730 534 2768 τεκμηριον·
526 2744 536 2761 ,
551 2716 604 2752 Οὐ
622 2713 690 2766 γὰρ
708 2716 823 2766 ἀρκεῖ
818 2713 919 2752 μόνον
930 2714 970 2752 τὸ
985 2715 1120 2766 ἀποφη-

96 2780 232 2815 νασθαι.
257 2778 363 2814 Ποῖον
384 2781 526 2826 σημεῖον
546 2769 654 2822 εἶδες,
673 2781 768 2814 ποῖον
786 2779 919 2826 θαῦμα,
931 2777 1009 2814 Οὐκ
1026 2776 1117 2814 ἔστιν

97 2837 274 2876 ἀκίνδυνον
294 2836 466 2875 πιστεύειν
482 2836 601 2880 ἁπλῶς
611 2835 696 2886 ὑπὲρ
712 2835 874 2874 τοιούτων
889 2835 1117 2889 πραγμάτων.

95 2898 207 2937 Ποίαν
244 2891 298 2936 οὖν
332 2897 423 2950 ἔχεις
448 2897 639 2945 ἀπόδειξιν,
659 2897 735 2944 Τὴν
756 2897 862 2945 αὐτὴν
889 2900 938 2950 τῷ
959 2898 1117 2951 Ἀνδρέᾳ,

95 2960 191 3012 φησί.
205 2960 279 2998 Καὶ
290 2958 358 3011 γὰρ
369 2961 494 3002 ἐκεῖνος
506 2962 732 3011 παραστῆσαι
746 2959 802 2997 τὸν
818 2961 963 2998 πλοῦτον
975 2959 1010 2998 ὃν
1022 2954 1116 3013 εῧρεν

94 3023 155 3058 οὐκ
165 3019 268 3072 ἔχων,
276 3020 351 3058 ουδε
367 3019 447 3057 δια(
434 3035 521 3071 ρηυ.
510 3020 600 3058 άτων
615 3019 849 3063 ἐπιδείξασθαι
863 3019 1046 3070 δυνάμενος
1060 3020 1117 3058 τὸν

95 3088 277 3141 θησαυρον,
297 3088 373 3139 ἄγει
391 3088 477 3140 πρὸς
494 3088 550 3125 τὸν
571 3087 750 3139 ευρεθέντα
767 3103 824 3125 τον
841 3087 996 3139 ἀδελφόν.
1013 3087 1087 3125 Ode
1088 3104 1116 3125 ω

96 3155 136 3201 δὴ
156 3171 216 3193 και
234 3159 350 3202 οὗτος,
366 3171 440 3197 πως
461 3171 502 3205 με
504 3171 521 3192 ν
544 3154 643 3198 αυτός
666 3157 757 3193 ἐστιν
773 3156 929 3198 εκεῖνοςὸ
950 3156 1115 3207 Χριστος,

95 3224 150 3261 καὶ
173 3239 246 3266 πως
275 3225 338 3260 αὐτ
341 3239 376 3260 ον
405 3225 435 3260 οἱ
465 3225 642 3275 προερῆται
991 3225 1050 3261 οὔκ
1073 3228 1115 3261 εἰ·

94 3297 174 3320 πεν·
196 3281 287 3319 ἕλκει
323 3282 337 3293 “

319 3281 354 3319 οὲ
389 3282 487 3319 αὑτὸν
511 3282 595 3333 πρὸς
628 3283 683 3319 τὸν
706 3282 854 3329 Ἰησοῦν,
876 3283 935 3320 οὐκ
958 3283 1113 3328 ἀποστη-

679 3248 698 3260 ,.
675 3223 909 3274 προανεκήρυς
895 3221 966 3269 :Q

140 3388 153 3408 t.
172 3384 284 3417 Morcl.
304 3390 369 3427 περὶ
388 3391 435 3419 του
457 3389 568 3428 Πέτρου

1192 1813 1230 1842 ut
1258 1818 1426 1856 agnoscas
1455 1807 1572 1844 Deum
1600 1806 1743 1845 infirma
1772 1808 1896 1846 mundi
1927 1810 2084 1862 elegisse.
2116 1813 2180 1850 45

1191 1868 1346 1904 Invenit
1375 1868 1580 1921 Philippus
1614 1869 1679 1906 Na
1683 1869 1867 1917 thanael,
1900 1879 1937 1909 et
1961 1873 2055 1909 dicit
2084 1873 2146 1910 zlli
2168 1889 2179 1908 :

1197 1929 1316 1978 Quem
1343 1931 1493 1981 scripsit
1523 1931 1683 1979 Moyses
1709 1933 1751 1967 in
1783 1931 1865 1983 lege
1897 1940 1933 1970 et
1956 1935 2153 1985 propheta>
2165 1964 2178 1981 ,

1191 1993 1430 2038 invenimus,
1455 1992 1590 2029 Jesum
1605 1992 1743 2045 filium
1771 1993 1915 2044 Joseph
1944 2009 1969 2031 a
1990 1996 2178 2033 lVazaret.

1192 2050 1277 2089 Haec
1304 2051 1393 2089 dicit
1420 2061 1459 2090 ut
1481 2051 1589 2090 fidem
1608 2052 1853 2105 praedicationi
1884 2054 2105 2104 conciliaret,
2136 2070 2181 2094 ex

1190 2113 1319 2165 Moyse
1339 2126 1464 2165 nempe
1482 2121 1514 2151 et
1532 2113 1715 2166 prophetis
1726 2143 1739 2164 7
1758 2123 1868 2165 utque
1884 2114 2082 2153 auditorem
2098 2115 2182 2155 inde

1190 2175 1485 2213 venel-abundum
1515 2175 1689 2213 redderet.
1725 2175 1820 2222 Quia
1851 2177 1947 2215 enim
1979 2178 2179 2216 Nathanael

1190 2237 1325 2289 peritus
1356 2246 1449 2286 erat,
1470 2246 1504 2275 et
1533 2237 1691 2276 veritatis
1724 2238 1904 2277 studiosus
1935 2249 2106 2290 sectator,
2141 2249 2179 2277 ut

1191 2298 1299 2336 etiam
1309 2299 1473 2337 Christus
1484 2299 1694 2337 testificatus
1709 2308 1760 2337 est
1771 2329 1781 2348 7
1793 2299 1940 2352 ipsaque
1955 2315 2010 2338 res
2020 2315 2179 2353 compro-

1190 2361 1310 2411 bavit,
1329 2361 1411 2414 jure
1432 2360 1536 2398 illum
1554 2360 1600 2398 ad
1619 2362 1769 2413 Moysen
1788 2370 1820 2398 et
1838 2362 2028 2412 prophetas
2060 2362 2176 2411 misit,

1191 2431 1230 2460 nt
1249 2422 1300 2460 sic
1321 2421 1558 2474 praedjcatum
1575 2421 1680 2458 illum
1704 2421 1909 2472 susciperet.
1935 2421 1973 2459 Si
1993 2431 2110 2460 autem
2135 2423 2179 2460 il-

1192 2483 1269 2520 lum
1291 2482 1410 2530 filium
1435 2481 1568 2532 Joseph
1598 2479 1768 2532 appellat,
1791 2494 1833 2517 ne
1862 2481 2017 2520 turberis
2037 2498 2044 2519 ε
2062 2483 2180 2522 adhuc

1192 2543 1288 2580 enim
1302 2542 1449 2594 Josephi
1478 2541 1577 2578 filius
1610 2554 1684 2578 esse
1715 2540 1997 2580 existimabatur.
2018 2543 2066 2581 Et
2084 2545 2180 2582 undo

1193 2613 1350 2653 constat,
1374 2602 1670 2654 Pl1ilippe7hunc
1708 2616 1782 2641 esse
1803 2617 1907 2654 quem
1936 2603 2054 2643 dicis?
2082 2607 2180 2656 quod

1193 2666 1334 2716 signum
1345 2664 1409 2702 das
1423 2663 1552 2701 nobis?
1568 2665 1648 2701 Non
1659 2663 1791 2701 sufficit
1802 2664 1897 2701 enim
1910 2664 1958 2702 ita
1971 2667 2179 2718 pronuntia-

1193 2741 1241 2765 re.
1261 2726 1369 2773 Quod
1390 2726 1533 2777 signum
1549 2724 1702 2763 vidjsti?
1721 2724 1818 2775 quod
1837 2726 2080 2765 miraculum?
2100 2730 2178 2767 Non

1194 2788 1268 2826 sine
1294 2788 1453 2841 periculo
1481 2786 1587 2825 tantis
1606 2787 1711 2825 rebus
1738 2796 1868 2826 temere
1894 2789 1985 2827 fides
2015 2790 2177 2829 habetur.

1194 2851 1301 2899 Quod
1337 2865 1421 2903 ergo
1453 2851 1564 2889 habes
1596 2860 1845 2903 argumentum
1865 2851 1882 2888 Ξ)
1900 2852 2002 2891 Idem
2034 2854 2174 2906 ipsum7

1194 2912 1309 2964 inquit
1324 2942 1334 2961 7
1356 2911 1454 2964 quod
1478 2911 1647 2950 Andreas.
1668 2913 1762 2950 Nam
1781 2913 1841 2951 ille
1871 2927 1952 2951 cum
1971 2914 2176 2954 thesaurum

1193 2989 1299 3026 quem
1341 2982 1514 3026 repererat
1552 2973 1735 3011 enuntiare
1767 2988 1836 3011 non
1867 2975 2021 3026 valeret,
2067 2991 2178 3027 neque

1194 3037 1311 3076 verbis
1331 3037 1509 3075 declarare
1520 3067 1532 3087 7
1553 3038 1698 3075 fratrem
1716 3051 1823 3087 quem
1841 3039 1971 3090 reperit
1987 3039 2049 3076 illo
2063 3039 2177 3078 addu-

1194 3099 1252 3137 cit.
1274 3099 1335 3137 Sic
1354 3108 1386 3137 et
1400 3099 1465 3137 iste
1476 3129 1487 3149 7
1509 3098 1688 3149 quomodo
1699 3098 1760 3136 ille
1774 3098 1819 3136 sit
1836 3099 2020 3149 Christus,
2039 3111 2072 3138 et
2090 3115 2176 3151 quo-

1142 3163 1164 3193 C
1194 3160 1298 3199 modo
1319 3160 1421 3198 illum
1446 3160 1627 3212 prophetae
1659 3160 1952 3211 prcenuntiarint7
1976 3175 2042 3198 non
2061 3161 2171 3211 dicit3

1194 3221 1255 3259 sed
1274 3221 1372 3259 ducit
1392 3221 1495 3259 illum
1512 3219 1557 3258 ad
1573 3222 1710 3268 Jesum,
1731 3220 1842 3258 sciens
1868 3220 1969 3258 illum
1991 3235 2057 3258 nou
2080 3222 2173 3259 ultra

1188 3282 1427 3321 discessurum
1457 3295 1551 3327 csse,
1587 3281 1612 3319 si
1644 3280 1740 3318 illius
1766 3280 1872 3318 verba
1908 3280 2173 3333 doctrinamque

1207 3397 1218 3410 Ρ
1236 3386 1296 3418 Alii
1314 3394 1345 3418 ct
1363 3385 1463 3418 Savil
1490 3391 1548 3418 ἀπὸ
1566 3393 1614 3425 γῆς
1632 3387 1730 3417 wie-»2
1749 3387 1888 3428 εεροοσης
1904 3392 2026 3428 καρπόν.
