2481 3678
96 1349 278 1379 LuaIOAS.

95 2330 281 2370 Joun.l.47.

97 2389 184 2418 Joan.
196 2388 282 2427 752.

284 2136 394 2186 sesto
417 2151 427 2170 :

301 207 392 263 234
729 219 766 249 s.

298 308 359 345 sed
389 321 433 345 ex
466 316 593 346 eventu
627 317 741 346 totum
780 309 1123 348 demonstraverunt.
1153 307 1285 348 Verbis

297 368 391 406 enim
424 369 497 407 suis
523 378 635 407 totum
659 370 842 422 populum,
864 370 1137 420 universamque
1161 369 1285 408 civita·
1298 398 1345 422 203
1359 365 1394 404 δὲ
1413 370 1472 404 τοῦ
1489 366 1607 410 τέλους
1631 367 1670 406 τὸ
1699 373 1768 406 πᾶν
1787 368 1979 414 ἐδήλωσαν.

804 217 991 248 JOANNIS
1026 217 1268 248 CHRYSOST.
1310 216 1512 245 ARCHIEP.
1552 216 1914 248 CONSTANTINOP.

1359 306 1471 358 μάθῃς
1489 306 1542 345 ὅτι
1572 308 1684 346 πολλὰ
1714 309 1782 345 τῶν
1807 309 1966 359 μεγάλων
1995 307 2287 360 παρατρέχουσιν,
2307 309 2376 346 ἀπὸ

2009 367 2155 406 ’Έπεισε
2175 367 2242 420 γὰρ
2270 369 2376 419 δῆμον

298 440 369 468 tem
398 431 581 469 convertit.
607 431 680 469 Ubi
709 440 828 468 autem
849 430 1027 469 auditores
1058 444 1127 468 non
1148 431 1284 469 obtem·
1312 434 1336 464 Α
1357 426 1544 479 ὁλόκληρον
1561 428 1620 466 καὶ
1648 427 1748 466 πόλιν
1769 428 1852 475 ὅλην
1874 429 1930 466 διὰ
1958 432 2026 466 τῶν
2045 429 2247 481 εἰρημένων.
2268 428 2378 466 ’ΈνΟα

295 501 431 544 perant,
452 501 535 529 tunc
556 505 634 541 quae
660 491 824 529 Christus
841 491 975 529 dixerit
1003 491 1133 529 referre
1154 504 1285 542 eogun-

296 562 368 601 tur,
398 567 441 589 ne
454 552 659 590 auditorum
677 552 857 603 ignaviam
877 552 913 589 in
928 552 1193 590 concionantem
1208 552 1286 604 quis

297 615 433 651 referat.
450 615 544 651 Post
560 615 654 652 duos
676 623 805 652 autem
824 615 904 652 dies
918 616 1012 651 exiit
1032 615 1135 660 inde,
1154 622 1191 652 et
1211 616 1284 651 ab-

296 679 340 713 iit
371 678 412 712 in
435 675 658 713 Galilaeam.
693 674 756 712 44.
778 677 866 727 Ipse
893 677 994 712 enim
1023 676 1197 713 Christus
1233 684 1286 713 te-

295 739 516 775 stimonium
529 738 724 789 perhibuit
740 767 750 783 ‚
775 740 868 790 qaia
894 738 1082 788 propheta
1104 739 1145 774 in
1154 740 1286 789 patria

297 812 367 836 sua
382 800 565 836 honorem
580 813 657 836 non
672 800 802 836 habet.
829 799 902 836 Cur
914 799 982 836 hoc
995 798 1175 851 adjcitur?
1191 799 1286 845 Quia

297 859 333 896 in
357 859 579 912 Capernaum
594 874 663 898 non
679 860 779 910 abiit,
795 859 907 898 sedin
936 859 1136 909 Galilaeam,
1152 869 1185 897 et
1200 859 1286 898 inde

297 920 333 958 in
351 921 456 959 Cana.
475 923 528 959 Ne
550 936 685 971 qureras
706 921 813 971 enim,
828 935 890 958 cur
904 934 974 959 non
994 920 1090 973 apud.
1114 935 1207 970 suos,
1222 920 1284 959 secl

296 983 394 1035 apud
424 984 665 1022 samaritanos
695 994 848 1034 maneat,
868 998 1012 1022 causam
1041 984 1159 1033 affert,
1191 984 1287 1035 quod

295 1058 421 1096 nempe
440 1045 557 1097 ipsum
574 1059 642 1083 non
665 1045 839 1083 audirent.
862 1045 947 1083 Ideo
966 1044 1076 1095 igitur
1094 1058 1163 1082 non
1185 1058 1224 1082 eo
1248 1059 1284 1082 se

297 1105 464 1154 contulit,
484 1119 527 1143 ne
542 1106 686 1155 gravius
700 1105 883 1156 judicium
898 1105 1066 1143 subirent.

349 1220 384 1255 9.
410 1218 500 1255 Puto
532 1217 627 1254 enim
646 1217 705 1254 hic
732 1216 886 1268 patriam
914 1229 1016 1253 suam
1042 1215 1193 1267 intelligi
1215 1216 1282 1253 Ca—

297 1292 468 1331 pernaum
490 1295 496 1315 :
519 1278 616 1329 quod
630 1287 749 1316 autem
770 1278 820 1316 ibi
844 1277 943 1315 nullo
965 1291 1047 1315 cum
1065 1277 1199 1315 honore
1221 1292 1282 1316 ex-

297 1350 418 1393 ceptus
437 1340 494 1389 sit,
508 1341 594 1378 audi
620 1341 738 1393 ipsum
750 1340 955 1378 dicentem:
980 1341 1034 1377 Et
1058 1348 1112 1385 ta,
1140 1340 1282 1391 Caper-

299 1416 429 1449 naam,
450 1416 535 1454 quse
549 1416 668 1454 usque
685 1403 738 1440 ad
748 1403 884 1440 eoelum
897 1401 1074 1439 exaltata
1090 1400 1152 1447 es,
1163 1414 1282 1453 nsque

296 1464 350 1500 ad
367 1464 565 1517 infernum
585 1464 803 1502 descendes.
822 1462 980 1500 Patriam
996 1476 1081 1501 vero
1098 1476 1200 1499 suam
1218 1476 1281 1501 vo-

297 1533 352 1561 cat
374 1524 571 1562 secundum
599 1523 801 1562 oeconomiae
829 1523 1018 1572 rationem,
1040 1523 1121 1574 quia
1144 1523 1281 1562 diutius

296 1583 347 1621 ihi
379 1595 537 1623 versatus
569 1585 694 1622 fuerat.
724 1584 824 1630 Quid
845 1584 955 1636 ergo?
988 1584 1146 1636 inquies,
1166 1599 1282 1623 annon

296 1645 428 1683 multos
444 1646 621 1695 videmus,
644 1646 704 1697 qui
727 1645 822 1697 apud
847 1645 1036 1698 populares
1067 1660 1148 1683 suos
1168 1645 1282 1683 admi-

296 1708 425 1746 rationi
439 1707 640 1745 hahentur?
654 1706 827 1747 Videmus
842 1706 985 1757 utique;
1000 1706 1062 1744 sed
1075 1721 1138 1758 per
1153 1720 1192 1743 ea
1203 1721 1282 1758 quae

296 1783 375 1806 raro
402 1768 609 1820 contingunt
634 1781 703 1805 non
729 1776 780 1805 est
811 1767 981 1805 sententia
1000 1767 1153 1805 ferenda.
1175 1767 1284 1814 Quod

296 1829 324 1866 si
338 1829 482 1879 quidam
503 1829 537 1866 iu
553 1829 667 1880 patria
691 1843 752 1866 sua
774 1829 944 1866 honorem
966 1837 1045 1865 sunt
1061 1828 1279 1878 consequuti,

295 1892 409 1929 multo
428 1891 541 1942 magis
564 1891 600 1928 in
616 1891 730 1928 aliena
758 1906 765 1926 z
789 1889 1006 1927 consuetudo
1033 1903 1184 1940 namque
1200 1904 1280 1928 con-

296 1960 444 1989 temtum
464 1966 588 2004 parere
607 1951 704 1989 solet.
722 1951 784 1989 45.
810 1953 906 1989 Cum
934 1964 1022 2003 ergo
1053 1953 1222 1988 venisset
1240 1953 1282 1987 in,

298 2014 523 2059 Galiloeam,
547 2021 775 2064 exceperunt
800 2026 886 2050 eum
914 2012 1085 2059 Galiloei,
1109 2025 1196 2049 cum
1219 2014 1281 2049 vi-

296 2075 439 2112 dissent
457 2077 588 2111 omm‘a
608 2087 692 2125 qaoe
715 2074 866 2125 fecerat
885 2073 1144 2124 Jerosolymis
1160 2075 1201 2110 in
1219 2074 1282 2111 die

458 2138 530 2186 ipsi
556 2137 658 2171 enim
671 2134 877 2185 {venerant
904 2135 958 2171 ad
989 2135 1091 2170 diem
1106 2135 1278 2186 festum.

296 2198 429 2236 Videu'
453 2197 631 2248 quomodo
644 2197 669 2234 ii
691 2197 750 2247 qui
785 2197 876 2234 male
897 2197 1102 2245 audiebant,
1118 2197 1185 2248 ipsi
1206 2212 1280 2234 ma-

297 2259 393 2297 xime
416 2259 599 2297 Christum
625 2258 780 2296 adeant?
803 2259 895 2296 Nam
924 2258 982 2296 hic
1002 2258 1148 2308 quidem
1175 2272 1281 2297 evan-

299 2322 420 2373 gelista
445 2321 532 2359 dieit
552 2337 560 2357 ε
578 2322 642 2358 Er
662 2322 834 2358 Nazaret
861 2329 986 2372 potest
1022 2321 1175 2373 aliquid
1194 2323 1284 2358 honi

299 2387 405 2421 esse?
432 2382 524 2419 alius
548 2391 679 2429 autem,
698 2382 878 2420 Scrutare
898 2390 934 2419 et
953 2382 1059 2426 vide,
1085 2385 1176 2433 qaia
1194 2396 1283 2434 pro-

297 2446 415 2496 pheta
437 2458 462 2481 a
484 2444 654 2481 Galiloea
687 2456 765 2480 non
796 2445 918 2495 surgit
938 2458 949 2478 .·
965 2442 1062 2493 quod
1093 2443 1128 2480 in
1159 2453 1282 2481 contu-

300 2506 443 2542 meliam
467 2505 581 2557 ipsius
603 2504 782 2542 dicebant.
808 2504 919 2541 Multi
938 2518 1091 2555 namque
1109 2505 1283 2557 putabant

301 2566 419 2617 ipsum
442 2579 486 2602 ex
503 2566 651 2602 Nazaret
670 2579 743 2602 esse
766 2580 772 2601 z
793 2573 897 2615 atque
911 2565 942 2602 ei
961 2574 1143 2615 tamquam
1161 2566 1284 2604 Sama-

301 2627 416 2664 ritano
446 2626 721 2678 exprobrabant.
748 2626 1018 2664 Samaritanus
1048 2640 1100 2673 es,
1127 2626 1282 2676 aiebant,

301 2696 338 2725 et
357 2689 585 2725 dcemonimn
611 2689 742 2724 habes.
766 2687 838 2725 Sed
858 2700 951 2737 ecee,
973 2686 1103 2738 inquit,
1125 2687 1285 2725 Samari-

302 2748 374 2786 tani
406 2757 439 2785 et
454 2748 597 2785 Galilaei
629 2748 776 2786 credunt
807 2748 854 2786 ad
885 2748 1119 2799 ignominiam
1145 2749 1286 2789 Judaeo-

302 2824 404 2858 rum;
428 2809 498 2847 imo
514 2810 725 2847 Samaritani
741 2810 902 2848 Galilaeis
918 2810 1080 2848 meliores
1091 2810 1286 2863 deprehen-

302 2870 438 2907 duntur
460 2870 536 2907 :illi
560 2870 653 2907 enirn
684 2884 729 2907 ex
754 2870 912 2908 mulieris
940 2871 1056 2909 solum
1086 2871 1287 2910 testimonio

305 2930 423 2982 ipsum
445 2939 673 2981 aeceperunt5
701 2929 740 2966 hi
774 2944 870 2980 vero,
894 2941 1083 2983 postquam
1114 2932 1214 2983 signa
1241 2932 1288 2970 ab

305 2992 368 3029 illo
388 2993 479 3029 faeta
499 2991 670 3030 viderant.
687 2991 749 3028 46.
774 2994 885 3029 Venit
904 3006 991 3044 ergo
1012 2994 1127 3032 Jesns
1149 2997 1288 3032 iterum

306 3056 347 3089 θη
381 3053 492 3090 Cana
521 3052 709 3097 Galiloece,
738 3054 802 3089 ubi
827 3053 927 3103 fecit
960 3067 1105 3105 aquam
1132 3057 1283 3092 vinum.

306 3113 521 3151 'Wiiaculum
555 3113 591 3150 in
617 3112 823 3150 memmiam
852 3123 1006 3161 revocat,
1039 3115 1087 3152 ad
1119 3116 1288 3167 majmem

307 3173 612 3211 Samaritanorum
639 3172 791 3210 laudem.
816 3172 861 3209 Hi
899 3186 1052 3224 namque
1079 3184 1159 3225 post
1191 3175 1290 3226 signa

1358 487 1393 527 δὲ
1414 489 1462 539 μὴ
1487 488 1685 535 πείθονται,
1703 489 1782 528 τότε
1807 490 2061 541 ἀναγκάζονται
2079 490 2193 541 λέγειν
2217 489 2261 527 τὰ
2282 492 2379 541 εἰρη-

1359 549 1466 599 μένα,
1482 549 1537 587 ἵνα
1560 548 1606 600 μὴ
1625 551 1694 588 ἀπὸ
1716 553 1778 596 τ’ἦς
1811 550 2057 601 ἀγνωμοσύνης
2087 553 2157 588 τῶν
2185 549 2377 588 ἀκουόντων

1359 609 1644 662 καταψηφίζηταί
1656 627 1708 654 τις
1728 614 1787 648 τοῦ
1809 612 2098 664 δημηγοροῦντος.
2118 610 2187 649 Καὶ
2214 609 2303 661 μετὰ
2323 610 2379 649 δύο

1359 671 1491 723 ἡμέρας
1507 671 1646 717 ἐξῆλθεν
1671 675 1812 719 ἐκεῖθεν,
1833 672 1892 710 καὶ
1923 674 2075 718 ἀπῆλθεν
2107 674 2154 715 εἰς
2185 671 2248 718 τὴν
2274 673 2379 710 Γαλι-

1358 733 1471 772 λαίαν.
1487 734 1604 781 Αὐτὸς
1627 734 1693 787 γὰρ
1724 737 1740 772 ὁ
1773 733 1924 786 Χριστὸς
1949 733 2203 786 ἐμαρτύρησεν,
2218 733 2270 772 ὅτι
2289 749 2379 785 προ-

1358 794 1468 846 φήτης
1489 797 1523 833 ἐν
1539 799 1581 847 τῇ
1599 795 1668 848 ἰδίᾳ
1683 795 1824 847 πατρίδι
1843 793 1948 844 τιμὴν
1968 795 2030 832 οὐκ
2053 794 2138 846 ἔχει.
2158 794 2262 832 Διατί
2277 798 2379 832 τοῦτο

1356 856 1582 908 πρόσκειται;
1601 855 1687 895 (Ότι
1701 859 1747 900 εἰς
1762 855 2000 908 Καπερναοὺμ
2021 858 2081 894 οὐκ
2107 857 2274 902 ἀπῆλθεν,
2301 857 2375 894 ἀλλ’

1357 920 1405 961 εἷς
1427 917 1488 964 τὴν
1516 918 1724 966 Γαλιλαίαν,
1750 920 1908 955 κάκεῖθεν
1931 919 1978 960 εἰς
1993 917 2056 964 τὴν
2075 918 2185 954 Κανᾶ.
2215 915 2293 954 Ἵνα
2311 916 2378 968 γὰρ

1357 977 1405 1027 μὴ
1421 977 1585 1029 ἐξετάσῃς
1598 1006 1607 1023 ,
1624 978 1714 1016 διατί
1741 978 1837 1030 παρὰ
1863 977 1925 1028 μὲν
1945 983 2015 1020 τοῖς
2035 979 2139 1015 αὐτοῦ
2160 979 2222 1015 οὐκ
2241 977 2354 1027 ἔμεινε
2368 1006 2377 1023 ,

1355 1037 1452 1088 παρὰ
1485 1038 1520 1077 δὲ
1546 1045 1617 1082 τοῖς
1636 1039 1874 1091 Σαμαρείταις
1891 1039 2024 1089 ἔμεινε,
2042 1038 2158 1085 τίθησι
2172 1038 2235 1085 τὴν
2252 1038 2377 1085 αἰτίαν,

1354 1098 1478 1149 λέγων,
1498 1099 1551 1136 ὅτι
1577 1102 1615 1136 οὐ
1635 1100 1829 1151 προσέσχον
1849 1100 1956 1151 αὐτῷ.
1971 1099 2038 1137 Διὰ
2063 1103 2164 1137 τοῦτο
2179 1100 2241 1137 οὐκ
2261 1101 2378 1145 ἀπῆλ-

1307 1190 1309 1192 .
1356 1162 1410 1196 θεν
1434 1160 1525 1206 ἐκεῖ,
1545 1160 1636 1197 ὥστε
1662 1159 1709 1210 μὴ
1726 1162 1840 1209 μεῖζον
1869 1161 1983 1203 αὐτοῖς
2009 1159 2167 1210 γενέσθαι
2186 1161 2226 1198 τὸ
2249 1160 2373 1211 κρίμα.

1407 1218 1478 1256 Καὶ
1497 1218 1565 1270 γὰρ
1591 1219 1743 1270 πατρίδα
1776 1220 1876 1257 αὐτὸν
1907 1221 2054 1257 ἐνταῦθα
2077 1224 2231 1272 ἡγοῦμαι
2265 1221 2377 1271 λέγειν

1354 1278 1417 1325 τὴν
1437 1281 1686 1330 Καπερναούμ.
1705 1279 1791 1318 ἱὈτι
1811 1279 1846 1317 δὲ
1863 1282 1925 1318 οὐκ
1942 1280 2143 1326 ἀπήλαυσεν
2160 1283 2232 1319 ἐκεῖ
2250 1285 2377 1333 τιμῆς,

1356 1341 1502 1379 ἄκουσον
1516 1342 1620 1379 αὐτοῦ
1639 1340 1738 1392 λέγον
1745 1357 1798 1384 τος
1812 1356 1819 1363 ·
1834 1341 1903 1379 Καὶ
1918 1340 1959 1378 σὺ
1971 1371 1980 1388 ,
1999 1341 2253 1393 Καπερναοὺμ,
2275 1343 2297 1389 ἢ
2315 1343 2378 1388 ἕως

1355 1405 1414 1439 τοῦ
1435 1404 1580 1454 οὐρανοῦ
1600 1402 1760 1454 ὕψώθης,
1779 1401 1842 1444 ἕως
1875 1402 1957 1455 ᾅδου
1977 1402 2280 1455 καταὸιὸασθήσῃ.
2302 1405 2380 1441 Πα-

1355 1462 1455 1514 τρίδα
1472 1463 1506 1500 δὲ
1539 1463 1627 1501 ἰδίαν
1647 1465 1769 1510 καλεῖ,
1788 1463 1844 1501 τὸν
1864 1465 1926 1509 τῆς
1954 1462 2149 1513 οἰκονομίας
2175 1464 2288 1511 δηλῶν
2317 1464 2377 1502 λό-

1354 1539 1429 1575 γον,
1448 1524 1506 1562 καὶ
1537 1525 1649 1577 τούτῳ
1680 1523 1719 1561 τὸ
1755 1523 1860 1561 πλέον
1895 1523 2133 1575 ἓνδιατρίὸων.
2152 1524 2200 1562 Τί
2216 1519 2294 1571 οὖν,
2313 1527 2378 1577 οὐχ

1355 1588 1505 1638 ὁρῶμεν,
1528 1586 1633 1638 φησὶ,
1655 1586 1714 1624 καὶ
1731 1586 1829 1637 παρὰ
1841 1590 1911 1628 τοῖς
1931 1585 2068 1628 οἰκείοις
2084 1585 2232 1629 πολλοὺς
2243 1590 2378 1637 θαυμα-

1356 1647 1537 1698 ζομένους;
1552 1647 1720 1686 Μάλιστα
1747 1646 1808 1698 μὲν
1825 1649 1887 1685 οὐκ
1908 1646 1975 1684 ἀπὸ
1995 1648 2063 1683 τῶν
2086 1646 2318 1691 σπανιζόντων
2335 1647 2379 1685 τὰ

1356 1712 1499 1747 τοιαῦτα
1520 1710 1570 1747 δεῖ
1590 1709 1809 1761 ψηφίζεσθαι.
1829 1710 1873 1746 Εἰ
1891 1707 1927 1745 δέ
1944 1723 2032 1750 τινες
2053 1709 2087 1744 ἐν
2104 1711 2147 1759 τῇ
2175 1709 2288 1745 αὐτῶν
2309 1709 2378 1745 ἐτι-

1358 1772 1492 1820 μῶντο,
1523 1772 1641 1823 πολλῷ
1671 1772 1803 1821 μᾶλλον
1823 1771 1858 1808 ἐν
1877 1771 1920 1820 τῇ
1944 1768 2126 1820 ἀλλοτρίᾳ·
2150 1771 2172 1815 ἡ
2200 1767 2268 1821 γὰρ
2295 1784 2379 1807 συν-

1356 1830 1456 1876 ήθεια
1470 1830 1789 1884 εὐκαταφρονήτους
1803 1836 1914 1868 ποιεῖν
1933 1829 2065 1868 εἴωθεν.
2083 1829 2146 1872 εΩς
2160 1829 2195 1867 δὲ
2210 1824 2312 1876 ἦλθεν
2332 1831 2378 1873 εἰς

1307 1897 1330 1927 C
1354 1891 1417 1938 τὴν
1450 1893 1656 1941 Γαλιλαίαν,
1677 1891 1834 1937 ἐδέξαντο
1859 1891 1961 1929 αὐτὸν
1981 1893 2012 1929 οἱ
2035 1892 2234 1937 Γαλιλαῖοι,
2263 1889 2378 1928 πάντα

1354 1953 1565 2005 ἑωρακότες,
1585 1953 1649 1991 ὅσα
1668 1953 1830 2000 ἐποίησεν
1848 1954 1881 1990 ἐν
1897 1952 2152 2005 Ιεροσολύμοις
2177 1953 2211 1990 ἐν
2231 1968 2273 2003 τῃ
2307 1953 2378 2003 ἑορ-

1352 2031 1415 2067 τῃ·
1436 2015 1494 2053 καὶ
1513 2014 1579 2068 γὰρ
1599 2010 1703 2062 ἠλθον
1720 2016 1767 2058 εἰς
1785 2014 1847 2061 τὴν
1869 2029 2006 2066 εορτην.
2027 2013 2174 2065 Ορᾷς”
2155 2018 2208 2051 οτί
2225 2015 2254 2050 οι
2277 2028 2377 2050 κακι-

1353 2076 1490 2127 ζόμενοι
1509 2079 1602 2113 οὑτοι
1624 2075 1777 2126 μάλιστα
1803 2077 1896 2126 αῧτῳ
1917 2073 2118 2126 προσιόντες
2138 2074 2376 2126 εὑρίσκονται;

1353 2137 1397 2175 Ο
1417 2136 1479 2187 μὲν
1495 2136 1562 2188 γαρ
1587 2136 1641 2174 ἕλε
1629 2152 1715 2187 -γεν,
1733 2136 1800 2174 Ἐκ
1818 2135 1981 2188 Ναζαρὲτ
2012 2134 2154 2173 δύναταί
2187 2150 2221 2172 τι
2251 2135 2378 2186 ἀγαθὸν

1354 2202 1460 2245 εἰναι;
1487 2197 1589 2239 ἄλλος
1606 2198 1641 2234 δε
1655 2225 1665 2243 ,
1682 2197 1883 2249 Ἐρώτησον
1904 2196 2006 2234 >wd'l
1994 2197 2062 2241 ιδε,
2079 2196 2131 2233 ότι
2150 2197 2190 2234 ἐκ
2221 2199 2283 2242 τῆς
2303 2197 2378 2234 Γα-

1351 2257 1489 2300 λιλαίας
1507 2273 1689 2309 προφητης
1714 2262 1775 2295 οὐκ
1791 2257 1896 2308 ἐγηγε
1900 2273 1990 2308 ρται.
2008 2258 2132 2294 Ταυτα
2146 2256 2180 2293 δὲ
2197 2255 2255 2293 καὶ
2278 2255 2379 2293 αὐτὸ)

1353 2319 1546 2370 ὓὸρίζοντες
1585 2318 1714 2369 ἔλεγον,
1748 2317 1867 2363 ἐπειδὴ
1902 2319 1941 2354 ἐκ
1973 2315 2135 2367 Ναζαρετ
2162 2315 2272 2353 ἓοόκει
2308 2321 2379 2358 τοῖς

1353 2381 1494 2422 πολλοῖς
1513 2384 1619 2417 εἶναι·
1639 2378 1698 2417 καὶ
1718 2378 1799 2416 τὸ
1777 2377 2004 2429 ...αμαρείτην
2028 2376 2063 2413 δὲ
2084 2380 2170 2414 εἶναι
2186 2375 2375 2419 ὠνείδιζον.

1355 2440 1580 2493 Σαμαρείτης
1594 2439 1661 2492 γὰρ
1679 2444 1725 2486 εἰ,
1741 2455 1799 2477 και
1815 2437 2021 2489 δαιμόνιον’
2011 2436 2123 2488 ε’χεις,
2147 2436 2260 2488 φησίν.
2283 2436 2374 2475 Ἀλλ’

1356 2502 1427 2540 ἰδοὺ
1447 2502 1505 2540 καὶ
1528 2503 1748 2552 Σαμαρεῖται
1763 2499 1822 2537 καὶ
1842 2500 2044 2543 Γαλιλαῖοι,
2067 2497 2172 2550 φησὶ,
2195 2497 2378 2535 πιστεύου-

1357 2580 1409 2602 σιν
1440 2565 1487 2605 εἷς
1512 2561 1679 2614 αἰσχύνην
1700 2563 1768 2598 τῶν
1788 2559 1976 2598 Ἰουδαίων.
1999 2558 2230 2609 Ιίὓρίσκονται
2251 2557 2286 2596 δὲ
2319 2557 2378 2596 καὶ

1356 2622 1554 2664 Γαλιλαίων
1571 2625 1602 2660 οἳ
1624 2623 1843 2673 Σαμαρεῖται
1861 2618 2029 2671 βελτίους.
2053 2618 2204 2656 Ἐκεῖνοι
2225 2619 2286 2669 μὲν
2309 2617 2377 2670 γὰρ

1357 2686 1426 2725 ἀπὸ
1453 2686 1520 2722 τῶν
1543 2686 1605 2730 τῆς
1632 2681 1791 2734 γυναικὸς
1823 2679 1980 2724 ἐδέξαντο
2007 2679 2171 2730 ῥημάτων
2189 2695 2196 2702 ·
2214 2673 2307 2717 οὗτοι
2341 2679 2375 2717 δὲ

1357 2745 1548 2799 ἑωρακότες
1563 2744 1606 2782 τὰ
1623 2749 1752 2794 σημεῖα
1768 2742 1790 2780 ἃ
1808 2741 1981 2787 ἐποίησεν.
1996 2734 2127 2779 ἾΙλΟεν
2140 2734 2197 2777 οῧν
2213 2743 2230 2777 ὁ
2242 2739 2378 2787 Ἰησοῦς

1357 2808 1462 2846 πάλιν
1479 2808 1526 2849 εἰς
1548 2805 1611 2852 τὴν
1634 2807 1730 2843 Κανᾶ
1749 2819 1809 2849 της
1832 2802 2044 2848 Ιαλιλαίας,
2067 2801 2151 2838 ὅπου
2175 2799 2318 2846 εποίησε
2337 2800 2377 2838 τὸ

1358 2871 1449 2922 ὕδωρ
1469 2873 1569 2907 οἶνον.
1589 2863 1863 2916 Ἀναμιμνήσκει
1881 2878 1940 2900 του
1969 2861 2143 2911 θαύματος
2174 2861 2231 2898 τὸν
2249 2863 2375 2912 ἀκροα

1358 2931 1436 2978 τὴν,
1467 2930 1506 2968 τὸ
1539 2928 1711 2980 ἐγκώμιον
1739 2928 1808 2962 τῶν
1829 2924 2060 2974 Σαμαρειτῶν
2081 2921 2246 2973 ἐπαίρων.
2270 2924 2378 2960 Ουτοι

1362 3007 1423 3043 μ;ν
1449 2990 1516 3042 γὰρ
1544 2989 1603 3027 καὶ
1630 2987 1699 3026 ἀπὸ
1717 3000 1785 3024 των
1801 2996 1835 3022 εν
1851 2982 2106 3059 Ἱεροσολύμοις
2134 2982 2193 3020 καὶ
2226 2982 2295 3020 ἀπὸ
2311 2997 2378 3019 των

1361 3055 1432 3091 ἐκεῖ
1450 3049 1642 3103 γενομένων
1659 3046 1813 3098 σημείων
1833 3045 1934 3083 αὐτον
1954 3043 2130 3088 εδεξαντο·
2151 3045 2182 3081 οἱ
2199 3044 2345 3093 Σαμαρε
2347 3048 2381 3079 ἷ-

1359 3130 1416 3151 ται
1434 3114 1468 3151 δὲ
1489 3114 1554 3163 οὐχ
1572 3110 1700 3155 οὕτως,
1720 3109 1797 3146 ἀλλ’
1819 3106 1888 3144 ἀπὸ
1908 3104 2135 3147 διδασκαλίας
2157 3103 2275 3154 μόνης
2296 3102 2382 3142 (Ότι

1360 3174 1422 3225 μεν
1442 3177 1499 3212 οὐν
1514 3167 1558 3219 ἠλ
1562 3175 1616 3209 θεν
1633 3172 1725 3214 ἐκεῖ,
1746 3172 1838 3206 εἰπε·
1854 3183 1916 3213 την
1933 3166 1968 3204 δὲ
1988 3164 2102 3203 αἰτίαν
2121 3166 2159 3202 οὐ
2174 3163 2382 3215 προσέθηκε,

309 3244 342 3272 et
363 3237 422 3273 lei
425 3234 594 3287 osolymis
616 3243 649 3271 et
668 3233 764 3286 apud
792 3248 828 3271 sc
848 3233 958 3283 edita,
990 3234 1105 3285 ipsum
1129 3249 1290 3287 suscepe-
1310 3235 1334 3264 Ε
1361 3236 1402 3272 δι’
1418 3234 1459 3281 ἣν
1481 3228 1596 3280 ἠλθεν.
1618 3232 1679 3273 Εἷς
1700 3228 1742 3280 μὲ
1745 3244 1762 3265 V
1777 3227 1844 3279 γὰρ
1862 3227 1926 3273 τὴν
1943 3228 1971 3264 l
1974 3225 2170 3264 αλῑλαίαν
2152 3223 2208 3261 Οῑὰ
2226 3239 2284 3261 τον
2301 3223 2382 3298 φεοο·

311 3304 420 3331 1·:unt
442 3294 657 3332 Samalitani
681 3305 765 3333 vero
791 3307 836 3331 ex
855 3294 1015 3332 doctrina
1036 3303 1184 3333 tantum.
1197 3297 1293 3334 Istuc

312 3355 446 3393 senisse
465 3364 599 3401 narrat3
625 3369 692 3404 qua
711 3354 756 3392 de
782 3368 884 3392 causa
908 3355 1042 3393 venerit
1064 3369 1131 3393 non
1151 3355 1288 3407 adjicit.

1358 3311 1414 3333 νον
1435 3294 1493 3331 τὸν
1514 3291 1702 3331 Ἰουδαϊκὸν
1716 3287 1945 3340 παρεγένετο
1963 3289 2009 3329 εἰς
2030 3286 2065 3324 δὲ
2085 3287 2184 3323 Κανᾶ
2202 3283 2292 3327 τίνος
2317 3283 2385 3321 ἕνε-

1361 3372 1439 3403 κεν;
1456 3353 1563 3405 Παρὰ
1586 3352 1648 3403 μὲν
1666 3349 1733 3401 γὰρ
1751 3348 1814 3395 τὴν
1832 3348 1943 3399 ἀρχὴν
1958 3346 2168 3396 καλούμενος
2197 3345 2243 3387 εἰς
2258 3343 2382 3395 γάμον
