2522 3683
109 929 221 959 Matrh.
247 927 293 960 15.

111 969 162 1009 24.

118 1720 303 1760 Psal.7t.1.

122 1877 205 1909 Ilsld.
222 1888 249 1905 v.
265 1873 296 1904 5.

127 2091 208 2120 Ibid.
225 2101 252 2118 v.
269 2088 299 2118 8.

310 200 402 245 838

307 295 394 346 petii
415 293 508 332 :duo
535 294 597 332 illa
624 307 736 333 unum
755 295 896 346 signum
910 304 1003 334 sunt.
1027 295 1110 335 Ideo
1124 295 1232 346 dixit,
1252 296 1291 335 Si

306 347 445 384 dederit
459 347 550 384 mihi
565 347 741 385 Dominus
761 349 900 399 signum
919 363 1058 398 verum,
1079 363 1145 401 pro
1163 350 1290 387 futurae

306 399 463 436 veritatis
476 400 693 451 probatione.
710 401 844 438 Deinde
855 401 1008 439 seeundo
1022 401 1141 453 posuit
1157 402 1268 440 vellus
1283 416 1290 437 ε

306 461 339 488 et
353 451 485 489 decidit
501 453 615 490 imber
636 467 698 504 per
720 462 830 490 totam
850 462 991 501 terram,
1008 454 1206 505 mansitque
1224 454 1292 491 sic-

307 518 387 541 cum
409 505 536 543 vellus.
561 506 644 542 Post
666 506 732 542 1100
752 506 1050 557 experimentum,
1074 507 1208 544 bellum
1228 521 1292 543 au-

306 557 425 594 dacter
451 556 672 608 aggreditur,
702 566 735 594 et
759 557 921 596 inimicos
953 559 1122 597 debellat.
1154 559 1292 597 Pluviae

307 609 458 659 aenigma
482 610 605 661 paucis
625 609 878 661 explicandum
901 620 962 649 est.
985 613 1062 650 Hoc
1081 612 1196 651 vellus
1218 612 1292 664 pri-

308 676 407 698 mum
425 671 457 698 et
476 661 673 699 seeundum
701 663 846 700 Domini
872 664 1065 703 adventum
1090 664 1292 715 significat:

1267 216 1445 246 svium.

1361 296 1486 348 Κύριος
1511 303 1654 347 σημεῖον
1680 298 1858 350 ἀληθινὸν,
1888 298 1964 337 ἀντὶ
1991 301 2053 345 τῆς
2076 298 2268 349 μελλούσης
2295 300 2383 346 cix-s,-

1361 350 1452 392 θείας
1482 350 1659 401 θεώρημα.
1688 345 1775 388 Εἶτα
1798 350 1898 397 ἔθηκε
1917 351 1975 389 τὸν
2000 353 2105 390 πόκον
2127 351 2300 402 δεύτερον,
2324 352 2383 389 καὶ

1360 403 1530 448 κατῆλθεν
1547 406 1564 440 6
1582 403 1711 453 ὄμὸρος
1730 404 1787 441 ἐπὶ
1813 410 1928 441 πᾶσαν
1951 404 2013 450 τὴν
2032 407 2109 457 γῆν,
2129 404 2189 441 καὶ
2206 403 2338 453 ἔμεινεν
2368 407 2385 441 6

1360 454 1465 497 πόκος
1484 454 1593 506 ξηρός.
1616 456 1718 494 Μετὰ
1735 455 1863 501 ταύτην
1879 456 1941 502 τὴν
1962 464 2082 509 πεῖραν
2101 459 2312 507 καταθαρσεῖ
2325 460 2384 493 τοῦ

1360 506 1531 557 πολέμου,
1548 506 1607 544 καὶ
1621 508 1877 559 κατηγωνίζετο
1896 508 1973 552 τοὺς
1990 508 2222 551 ὑπεναντίους.
2240 511 2302 546 Δεῖ
2317 508 2385 561 γὰρ

1362 565 1540 610 συντεμεῖν
1560 560 1600 598 τὸ
1617 560 1761 612 αἴνιγμα
1781 563 1842 606 τῆς
1864 563 2005 612 βροχῆς.
2023 557 2135 604 Οῧτος
2160 565 2177 598 6
2196 560 2302 603 πόκος
2325 565 2384 599 τοῦ

1362 613 1527 664 Σωτῆρος
1547 612 1697 662 ἐμήνυσε
1711 613 1774 660 τὴν
1791 614 1983 664 παρουσίαν
2006 613 2068 661 τὴν
2085 613 2227 665 πρώτην
2244 613 2303 651 καὶ
2322 612 2386 659 τὴν

1364 664 1542 717 δευτέραν·
1558 665 1611 704 ὅτι
1630 669 1651 712 ἡ
1675 666 1737 716 μὲν
1759 665 1881 718 πρώτη
1904 665 1948 703 τὰ
1967 665 2192 717 Ἱεροσολυμα
2214 666 2300 715 μόνα
2322 682 2387 703 κα-

309 714 475 763 quoniam
498 714 634 765 primus
653 714 766 752 solam
782 717 1040 769 „lerosolymam
1062 718 1351 769 comp1·ehen-1⁷⁶
1365 716 1520 765 τέλαδεν,
1539 721 1560 764 ἡ
1595 718 1630 756 δὲ
1657 721 1701 770 γῆ
1729 726 1826 757 πᾶσα
1857 720 1919 757 οὐκ
1944 718 2092 762 ἐδέξατο.
2117 717 2257 783 ‘'sse-rte?
2274 718 2341 770 γὰρ
2370 722 2389 756 ὃ

307 766 375 814 dit,
393 766 510 818 ipsum
532 780 616 804 vero
644 767 809 805 universa
829 779 920 807 terra
940 784 1007 807 11011
1027 771 1172 822 aceepit.
1194 771 1296 808 Sicut
1318 758 1343 786 Α

309 819 402 855 0111111
417 819 533 856 vellus
545 819 719 858 universae
735 829 835 858 terrae
849 832 1091 874 comparatum
1103 823 1194 860 nihil
1204 832 1292 872 crat,

309 870 470 908 5101111111
490 881 564 908 erat
591 873 813 925 Jerosolyma
841 888 921 912 cum
946 876 1111 913 omnibus
1133 876 1297 927 gentibus

310 933 525 975 comparata,
540 938 665 974 resque
679 926 905 965 miserabilis.
926 927 1008 965 Ideo
1027 928 1190 965 dicebat:
1206 930 1298 965 Non

309 980 403 1014 veni
424 979 500 1014 nisi
511 977 565 1013 ad
579 991 667 1015 oves
690 992 775 1029 quoe
791 983 988 1030 perierunt
1007 982 1142 1017 domus
1153 981 1294 1027 Israel,

309 1028 480 1066 adunam
507 1029 621 1066 solum
647 1040 798 1081 gentem.
828 1032 919 1069 Cum
944 1046 1028 1071 vero
1049 1041 1167 1084 postea
1187 1033 1300 1083 gratia

317 1081 464 1119 Domini
477 1095 663 1134 progressa
675 1092 739 1132 est,
754 1083 896 1133 quando
912 1098 1091 1136 synagoga
1103 1094 1135 1122 et
1148 1085 1303 1136 populus

310 1134 371 1171 illc
400 1144 603 1185 negaturus,
626 1144 659 1171 et
688 1135 854 1172 universa
880 1145 972 1173 terra
999 1146 1186 1189 acceptura
1213 1146 1300 1186 erat,

308 1187 486 1238 praecessit
505 1186 620 1236 figura
643 1187 679 1223 in
696 1187 850 1225 secundo
872 1204 879 1224 τ
899 1203 982 1226 nam
1001 1189 1092 1226 sicut
1111 1190 1198 1227 olim
1217 1190 1299 1228 vel—

310 1240 381 1276 lere
395 1239 509 1276 solum
529 1238 654 1289 pluvia
676 1239 831 1291 imbuto,
848 1250 939 1278 terra
961 1251 1034 1279 erat
1055 1242 1169 1292 arida,
1187 1251 1218 1279 et
1234 1242 1302 1280 sub

310 1291 385 1328 liaee
401 1291 549 1342 irrigata
568 1301 674 1341 terra,
693 1292 809 1330 vellus
823 1293 956 1331 siceum
972 1295 1162 1344 remansit,
1180 1295 1229 1333 5Ξο
1242 1295 1301 1333 1110

311 1343 397 1381 olim
414 1345 567 1396 populus
581 1345 720 1396 primus
736 1345 905 1396 irrigatus
925 1347 1021 1398 piam
1040 1347 1249 1398 religionem
1265 1347 1302 1385 in

313 1406 432 1447 gentes
448 1411 650 1434 0111110511011
664 1397 818 1435 infudit:
834 1413 915 1436 eum
923 1409 1040 1437 autem
1054 1410 1172 1451 gentes
1184 1414 1303 1438 omnes

314 1449 528 1487 heneficium
563 1460 787 1501 acceperunt,
827 1452 934 1490 Israel
971 1452 1085 1490 siccus
1120 1453 1301 1491 remansit.

314 1503 452 1540 Verum
472 1516 515 1539 ne
534 1502 699 1540 humanis
731 1504 925 1542 ratiociniis
947 1514 979 1542 et
997 1506 1216 1557 complicatis
1245 1520 1303 1543 00-

316 1554 547 1605 gitationibus
568 1555 645 1593 haec
673 1557 867 1607 speculatio
904 1558 1095 1609 procedere
1123 1559 1302 1608 videatur,

316 1607 403 1644 111110
418 1608 649 1659 speculationi
661 1609 910 1660 propheticum
923 1610 1051 1648 addere
1063 1612 1139 1648 testi
1145 1612 1305 1649 monium

318 1674 432 1711 operae
450 1661 603 1711 pretium
618 1661 736 1698 fuerit.
755 1663 808 1699 De
825 1663 1012 1701 servatore
1028 1664 1232 1715 prophetice
1250 1664 1306 1701 di-

320 1714 367 1750 cit
387 1712 504 1750 David
526 1728 533 1748 :
552 1714 670 1760 Deus,
683 1716 878 1765 judicium
895 1724 1002 1752 tunm
1019 1720 1100 1767 regi
1115 1718 1180 1764 da,
1197 1726 1233 1754 et
1242 1720 1308 1768 ju-

321 1767 467 1803 stitiam
495 1774 602 1802 tuam
620 1767 715 1817 filio
741 1770 841 1819 regis
871 1783 881 1804 :
908 1770 1103 1820 judicabit
1124 1771 1307 1821 populum

324 1826 431 1855 tumn
444 1820 660 1870 injltscitia,
681 1828 912 1872 etpacheres
936 1829 1020 1859 tuos
1037 1825 1079 1858 in
1094 1824 1261 1874 jzcdiei05
1276 1831 1310 1859 et

326 1871 473 1922 paulum
502 1884 707 1922 progressus
726 1872 814 1910 dicit
834 1888 842 1908 ε
859 1873 967 1910 Ante
980 1875 1098 1911 solem
1108 1884 1310 1926 permanet

328 1938 465 1960 nomen
478 1926 573 1976 ejus,
591 1933 626 1961 et
640 1933 731 1961 arzle
754 1925 889 1962 lunam
910 1929 1173 1977 generationis
1191 1943 1309 1979 gene-

326 1979 535 2014 rationum.
549 1975 685 2014 Deinde
697 1976 890 2015 adventum
903 1979 977 2030 ejus
993 1979 1197 2030 significans
1211 1980 1310 2029 dicit,

327 2030 544 2066 Descendet
557 2031 657 2066 sicut
666 2030 801 2080 pluvia
815 2033 856 2067 in
869 2032 1011 2077 vellus,
1028 2041 1064 2069 et
1078 2035 1175 2070 sieut
1191 2034 1312 2071 stilli-

327 2083 471 2118 cidium
487 2082 646 2120 stillans
661 2096 772 2134 Super
794 2092 952 2129 terrain,-
967 2093 1000 2121 et
1016 2085 1134 2122 statim
1150 2101 1158 2122 t
1174 2087 1227 2123 Et
1244 2087 1314 2123 do-

328 2136 541 2171 minabitur
554 2149 578 2173 a
592 2138 692 2172 mari
724 2149 843 2188 usque
855 2138 908 2174 ad
920 2151 1038 2183 mare,
1055 2147 1091 2175 et
1104 2139 1314 2191 aslumini-

330 2189 396 2224 bns
419 2201 538 2239 usque
554 2189 607 2225 ad
622 2191 805 2226 terminos
826 2191 927 2227 orbis
949 2199 1152 2228 terrarum.
1168 2191 1315 2230 Utinam

329 2239 439 2289 igitur
457 2254 518 2277 nos
539 2254 621 2278 011111
641 2241 805 2279 universa
832 2251 923 2279 terra
942 2241 1095 2293 irrigati,
1115 2244 1250 2281 fructus
1266 2245 1317 2281 af-

329 2292 504 2341 feramus,
535 2294 699 2344 precibus
733 2303 765 2330 et
798 2294 1043 2332 intercessione
1069 2296 1178 2347 patris
1201 2305 1234 2334 et
1253 2296 1318 2334 do-

332 2345 437 2381 ctoris
459 2345 583 2391 nostri,
607 2346 669 2396 qui
688 2355 802 2398 potest
829 2356 862 2384 et
885 2356 1045 2385 nostrum
1071 2363 1265 2386 sermonem
1285 2358 1318 2386 et

332 2406 490 2435 Vestrum
524 2397 741 2435 desiderium
774 2399 960 2449 obsignare
992 2400 1027 2437 in
1061 2401 1204 2439 Christo
1233 2403 1317 2441 Jesu

335 2450 490 2487 Domino
510 2460 641 2498 nostro,
666 2451 722 2488 cui
753 2451 866 2501 gloria
888 2461 921 2489 et
947 2452 1152 2505 imperium,
1175 2468 1269 2492 nune
1287 2463 1319 2492 ct

335 2516 483 2554 semper,
498 2512 530 2541 et
547 2503 583 2540 in
599 2504 727 2541 saeeulu
741 2505 961 2542 saeculorum.
979 2507 1104 2544 Amen.

380 2637 393 2650 ²¹
418 2627 520 2660 Savil.
532 2633 642 2663 καὶτὸν
658 2633 802 2674 ὑμέτερον
813 2635 885 2666 izi-r)
895 2641 1021 2677 ηρῶσαι,
1035 2637 1062 2666 ἐν
1077 2641 1212 2678 Χριστῷ,
1228 2640 1294 2667 etc.

1364 769 1470 812 πόκος
1491 771 1576 822 πρὸς
1589 771 1671 818 ὅλην
1690 771 1752 817 τὴν
1771 774 1835 822 γῆν
1857 771 1969 817 οὐδὲν,
1992 771 2080 809 οὕτω
2101 771 2185 822 πρὸς
2202 786 2317 808 παντα
2344 770 2389 808 τὰ

1365 822 1443 869 ἔθνη
1487 824 1546 860 καὶ
1581 823 1625 860 τὰ
1653 823 1881 876 Ἱεροσόλυμα
1932 823 2027 862 οὐδὲν
2055 824 2114 862 καὶ
2143 823 2288 887 οἰκτρόν.
2320 823 2388 861 Διὰ

1365 878 1464 912 τοῦτο
1489 875 1616 927 ἔλεγεν,
1635 878 1713 914 Οὐκ
1742 872 1846 924 ἦλθον
1860 905 1870 922 ,
1894 878 1924 914 εἰ
1944 876 1992 927 μὴ
2025 878 2071 920 εἷς
2092 876 2136 914 τὰ
2158 876 2317 927 προὸατα
2344 876 2390 913 τὰ

1367 928 1573 966 ἀπολωλότα
1607 928 1700 967 οἴκου
1723 929 1886 982 Ἰσραὴλ,
1907 932 1953 972 εἷς
1975 929 2076 980 μόνον
2102 929 2141 966 τὸ
2161 928 2264 971 ἔθνος.
2287 928 2391 966 Ἐπεὶ

1368 979 1403 1017 δὲ
1426 982 1575 1029 μετῆλθε
1598 982 1686 1030 μετὰ
1705 986 1814 1020 ταῦτα
1848 985 1868 1028 ἡ
1899 981 2001 1034 χάρις
2028 986 2086 1020 τοῦ
2104 981 2251 1034 Κυρίου,
2281 981 2340 1019 καὶ
2366 984 2388 1027 ἠ

1369 1031 1432 1081 μὲν
1464 1034 1646 1084 συναγωγὴ
1669 1037 1844 1085 ἀρνεῖσθαι
1876 1035 2007 1083 ἤμελλε
2035 1035 2094 1073 καὶ
2111 1038 2128 1072 6
2146 1034 2228 1077 λαὸς
2247 1036 2391 1080 ἐκεῖνος,

1368 1087 1390 1130 ἡ
1407 1082 1442 1121 δὲ
1459 1088 1503 1136 γῆ
1523 1092 1620 1122 πᾶσα
1636 1085 1818 1138 δέχεσθαι,
1836 1086 2022 1139 προλαὸὼν
2038 1091 2055 1126 6
2073 1087 2178 1130 τόπος
2197 1089 2231 1125 ἐν
2252 1089 2301 1139 τῷ
2316 1087 2391 1124 δευ-

1368 1136 1477 1188 τέρῳ,
1509 1138 1560 1175 ὅτι
1582 1136 1700 1190 ὥσπερ
1731 1138 1815 1177 ποτὲ
1834 1144 1892 1176 τοῦ
1912 1139 2020 1177 πόκου
2038 1138 2139 1189 μόνου
2162 1138 2350 1191 βραχέντος
2369 1144 2390 1186 ἡ

1369 1194 1413 1241 γῆ
1430 1187 1471 1238 ῆν
1493 1189 1597 1243 ξηρὰ,
1626 1194 1713 1241 μετὰ
1733 1191 1768 1229 δὲ
1789 1195 1899 1228 ταῦτα
1916 1194 1978 1236 τῆς
2001 1195 2064 1243 γῆς
2084 1191 2274 1243 βραχείσης
2292 1195 2309 1229 6
2328 1191 2394 1228 πό-

1370 1259 1428 1286 κος
1451 1245 1563 1294 ἔμεινε
1592 1242 1709 1296 ξηρός·
1732 1243 1819 1281 οὕτω
1839 1242 1923 1281 ποτὲ
1943 1243 1982 1281 τὸ
2009 1244 2101 1287 ἔθνος
2121 1245 2160 1282 τὸ
2177 1247 2315 1295 πρῶτον
2334 1245 2394 1296 ἀρ-

1371 1296 1555 1348 δευόμενον
1581 1298 1618 1334 οὗ
1641 1295 1814 1346 μετέδωκε
1834 1298 1896 1341 τῆς
1913 1295 2086 1339 neeffleta<
2113 1303 2200 1335 πᾶσι
2218 1302 2287 1339 τοῖς
2303 1295 2397 1334 ἔθνε-

1371 1365 1443 1387 σιν·
1462 1351 1517 1388 ὅτε
1537 1347 1572 1386 δὲ
1595 1348 1639 1386 τὰ
1658 1348 1737 1395 ἔθνη
1758 1348 1873 1387 πάντα
1891 1349 2047 1392 ἐδέξαντο
2072 1349 2133 1396 τὴν
2152 1349 2361 1401 εὐεργεσίαν,
2379 1352 2397 1386 6

1371 1402 1518 1454 Ἰσραὴλ
1542 1400 1656 1451 ἔμεινε
1676 1401 1786 1455 ξηρός.
1808 1401 1897 1439 Ἀλλ’
1919 1401 1975 1439 ἵνα
1997 1401 2044 1452 μὴ
2064 1404 2241 1453 λογισμοῖς
2259 1404 2396 1455 ἀνθρω-

1371 1454 1482 1499 πίνοις
1508 1454 1567 1492 καὶ
1605 1455 1741 1507 ἐπινοίᾳ
1778 1453 1976 1505 πλεκομένη
2003 1458 2150 1505 νομισθῆ
2187 1459 2208 1501 ἡ
2249 1454 2374 1505 Θεωρία
2387 1484 2397 1501 ,

1373 1510 1559 1559 ἀναγκαῖον
1583 1511 1625 1558 τῆ
1648 1507 1774 1559 θεωρίᾳ
1795 1506 1904 1557 ταύτῃ
1921 1506 2140 1559 προφητικὴν
2171 1509 2398 1558 παραστῆσαι

1372 1560 1434 1607 τὴν
1471 1560 1676 1613 μαρτυρίαν.
1712 1560 1801 1611 Περὶ
1829 1563 1888 1596 τοῦ
1928 1561 2092 1612 Σωτῆρος
2123 1559 2347 1611 προφητεύων
2382 1561 2399 1596 6

1374 1612 1483 1650 Δαυὶδ
1504 1613 1563 1651 καὶ
1580 1613 1712 1662 λέγων·
1734 1612 1778 1650 Ὁ
1797 1612 1905 1659 Θεὸς,
1925 1613 1963 1651 τὸ
1982 1613 2092 1663 κρίμα
2112 1627 2171 1650 σου
2192 1615 2241 1664 τῷ
2264 1613 2400 1663 βασιλεῖ

1375 1666 1451 1713 δὸς,
1471 1666 1530 1704 καὶ
1552 1665 1615 1711 τὴν
1633 1665 1854 1711 δικαιοσύνην
1876 1680 1935 1702 σου
1956 1668 2005 1716 τῷ
2024 1668 2091 1717 υἱῷ
2118 1668 2177 1702 τοῦ
2209 1664 2378 1715 βασιλέως
2391 1680 2398 1687 ·

1375 1724 1484 1770 κρινεῖ
1503 1718 1559 1756 τὸν
1586 1717 1669 1756 λαόν
1692 1733 1751 1755 σου
1772 1720 1804 1755 ἐν
1825 1717 2042 1768 δικαιοσύνῃ,
2060 1717 2119 1755 καὶ
2146 1715 2223 1760 τοὺς
2238 1717 2401 1768 πτωχούς

1377 1786 1435 1808 σου
1454 1773 1487 1808 ἐν
1506 1770 1635 1822 κρίσει·
1650 1769 1710 1808 καὶ
1727 1770 1849 1821 μικρὸν
1866 1770 1998 1812 ὑποὸάς
2012 1785 2115 1822 φησι·
2132 1769 2209 1822 Πρὸ
2224 1773 2283 1807 τοῦ
2302 1769 2400 1816 ἡλίου

1376 1823 1530 1873 διαμένει
1555 1824 1593 1861 τὸ
1611 1822 1721 1872 ὄνομα
1742 1824 1863 1869 αὐτοῦ,
1879 1822 1939 1860 καὶ
1957 1822 2024 1873 πρὸ
2040 1825 2102 1868 τῆς
2119 1823 2265 1869 σελήνης
2283 1829 2402 1874 γενεᾶς

1375 1878 1511 1926 γενεῶν.
1537 1870 1626 1913 Εἶτα
1643 1875 1706 1922 τὴν
1722 1874 1915 1927 παρουσίαν
1946 1874 2138 1925 σημαίνων,
2159 1874 2261 1927 φησί·
2278 1877 2402 1913 Κατα-

1377 1928 1522 1976 ὅήσεται
1542 1932 1587 1972 ὡς
1606 1928 1702 1971 ὑετὸς
1728 1928 1786 1965 ἐπὶ
1803 1926 1928 1974 πόκον,
1945 1928 2004 1965 καὶ
2019 1930 2065 1971 ὡς
2083 1931 2103 1973 ἡ
2124 1927 2260 1978 σταγὼν
2275 1932 2296 1974 ἠ
2319 1928 2403 1966 στά-

1378 1984 1481 2026 ζουσα
1506 1981 1563 2019 ἐπὶ
1584 1981 1646 2029 τὴν
1675 1983 1759 2032 γῆν·
1791 1980 1851 2018 καὶ
1876 1980 2020 2027 εὐθέως,
2044 1982 2113 2018 Καὶ
2139 1980 2404 2031 κατακυριεύσει

1379 2034 1448 2074 ἀπὸ
1470 2033 1645 2081 θαλάσσης
1665 2033 1729 2076 ἕως
1750 2033 1944 2079 θαλάσσης,
1977 2033 2037 2070 καὶ
2063 2033 2132 2071 ἀπὸ
2157 2037 2323 2084 ποταμῶν
2341 2033 2405 2075 ἕως

1378 2086 1538 2139 περάτων
1559 2090 1621 2132 τῆς
1637 2086 1851 2136 οἰκουμένης.
1886 2085 2025 2123 Γένοιτο
2055 2085 2167 2123 τοίνυν
2192 2089 2287 2136 ἡμᾶς
2318 2086 2405 2136 μετὰ

1379 2139 1495 2186 πάσης
1513 2143 1575 2185 τῆς
1593 2143 1657 2192 γῆς
1677 2138 1923 2189 ἀρδευομένους
1937 2167 1947 2185 ,
1970 2138 2121 2191 καρποὺς
2142 2139 2337 2190 ἀναφέρειν,
2354 2140 2407 2176 εὖ-

1379 2199 1460 2244 χαῖς
1478 2192 1537 2230 καὶ
1556 2191 1756 2244 πρεσέείαις
1786 2195 1846 2229 τοῦ
1872 2191 2002 2242 πατρὸς
2021 2194 2121 2241 ἡμῶν
2149 2191 2208 2228 καὶ
2237 2191 2407 2228 διδασκά-

1381 2247 1462 2292 λου,
1480 2243 1514 2288 ὃς
1540 2244 1682 2282 δύναται
1710 2243 1769 2281 καὶ
1798 2244 1856 2281 τὸν
1876 2243 2046 2294 ἡμέτερον
2075 2239 2325 2295 ἕπισφραγίσαι
2347 2242 2408 2280 λό-

1382 2313 1459 2349 γον,
1481 2297 1566 2334 ῧΙκαὶ
1588 2296 1646 2334 τὸν
1668 2296 1832 2347 ὑμέτερον
1854 2295 1971 2341 πόθον,
2001 2298 2034 2333 ἐν
2052 2297 2193 2347 Χριστῷ
2213 2296 2328 2342 Ἰησοῦ
2357 2298 2408 2346 τῷ

1382 2349 1500 2402 Κυρίῳ
1517 2351 1639 2399 ἡμῶν,
1662 2343 1690 2400 ᾧ
1712 2351 1733 2394 ἡ
1756 2347 1834 2391 δόξα
1856 2347 1915 2384 καὶ
1944 2347 1983 2385 τὸ
2007 2347 2148 2398 κράτος,
2173 2352 2229 2385 νῦν
2255 2347 2313 2385 καὶ
2333 2347 2408 2394 ἀεὶ,

1383 2402 1442 2440 καὶ
1459 2404 1505 2445 εἷς
1524 2400 1601 2445 τοὺς
1619 2403 1746 2444 αἰῶνας
1764 2402 1832 2438 τῶν
1855 2399 1999 2437 αἰώνων.
2023 2399 2143 2451 Ἀμήν.

1117 2880 1658 2963 MONITUM

893 3055 962 3101 IN
998 3055 1385 3102 SERMONEM
1420 3056 1871 3117 SEQUENTEM.

402 3195 517 3231 Hanc
532 3195 763 3238 orationem,
783 3192 895 3243 inquit
911 3193 1067 3231 Savilius
1083 3225 1092 3242 ,
1110 3209 1156 3232 ex
1176 3196 1264 3248 fide
1286 3198 1438 3234 Codicis
1463 3211 1532 3235 ms.
1553 3200 1594 3234 in
1622 3198 1867 3234 Bibliotheca
1888 3197 2052 3249 collegii
2073 3200 2167 3234 novi
2189 3199 2419 3236 Orom'ensis

348 3256 498 3300 (lamus,
527 3268 648 3305 neque
669 3253 779 3290 aliud
794 3262 979 3304 proelerea
1008 3257 1230 3305 suppetebat
1252 3258 1451 3308 exemplar
1460 3274 1475 3302 ;
1503 3272 1578 3310 ‘7¹¹⁰
1589 3258 1646 3310 sit
1666 3267 1705 3295 uc
1723 3258 1839 3309 plura
1859 3261 2049 3309 supersint
2087 3260 2345 3296 emendanda.
2366 3261 2420 3297 Ec

349 3318 533 3368 (logmata
552 3325 589 3354 et
614 3317 831 3353 doctrinam
852 3330 1018 3367 agnosco
1046 3318 1108 3354 hic
1140 3318 1457 3366 Chrysostomiea
1467 3337 1482 3364 ;
1506 3322 1574 3358 sed
1591 3324 1633 3358 in
1653 3321 1759 3369 stylo
1780 3335 1923 3372 magna
1959 3330 2013 3358 est
2041 3322 2260 3372 disparitas.
2282 3323 2420 3373 Itaque

351 3383 451 3416 inter
473 3379 763 3430 ἀμφιὸἀλλόμενα
782 3380 973 3429 relinquo,
1000 3381 1135 3417 Oratio
1148 3410 1158 3425 ,
1177 3383 1301 3431 inquit
1319 3383 1503 3420 Halesius
1525 3398 1628 3420 meus
1643 3414 1650 3426 ,
1667 3384 1890 3436 perelegans
1907 3392 2006 3420 certe
2019 3413 2028 3428 ‚
2053 3392 2085 3421 et
2108 3397 2192 3435 qua?
2209 3385 2417 3433 disparita-
