2481 3678
908 207 947 235 in*
987 205 1197 236 JOANNEM
1234 204 1393 235 uomit„
1435 207 1463 235 1.
2172 213 2195 254 7

126 308 197 338 τες,
222 290 393 344 ἀρξόμεθα
417 289 478 332 τὰς
511 287 661 330 ἀκάνθας
690 286 883 334 ἐκκόπτειν,
904 287 1009 325 πάλιν
1039 285 1144 338 ἐσχά-

125 370 185 401 της
202 352 318 395 ἀνοίας
336 350 521 402 σπέρματα
542 347 753 386 καταθαλεῖν
776 350 822 392 εἷς
845 347 1052 401 ἀνέργαστον
1067 351 1143 399 γῆν.

124 414 193 451 Τὸν
224 413 352 458 ταύτης
378 409 595 448 ἀπολαύοντα
616 412 677 455 τῆς
707 408 920 461 ἀκροάσεως,
942 411 979 446 οὐ
1006 409 1056 446 δεῖ
1084 410 1146 454 τῆς

125 475 327 523 δαιμονικῆς
363 470 520 522 μετέχειν
555 468 739 523 τραπέζης.
777 468 841 512 Τίς
873 468 941 520 γὰρ
984 467 1146 506 κοινωνία

124 532 320 584 δικαιοσύνῃ
344 532 404 570 καὶ
431 530 581 584 ἀνομίᾳ,
603 529 784 577 (Έστῃκας
814 529 945 568 ἀκούων
965 529 1146 577 Ἰωάννου,

123 593 181 631 καὶ
199 593 241 629 δι’
257 592 385 630 ἐκείνου
404 591 448 629 τὰ
463 597 522 630 τοῦ
549 591 752 641 Πνεύματος
769 590 964 641 μανθάνων,
983 590 1043 627 καὶ
1060 589 1148 640 μετὰ

121 658 230 692 ταῦτα
249 653 385 705 ἀπέρχῃ
406 655 540 705 πορνῶν
568 650 796 701 ἀκουσόμενος
815 653 999 701 γυναικῶν,
1018 650 1148 702 αἰσχρὰ

122 713 375 766 φθεγγομένων,
394 715 476 765 αἰσχ
481 712 601 765 ρότερα
619 710 940 764 ἡῦποκρινομένων,
956 710 1015 748 καὶ
1033 714 1147 761 μαλα-

121 777 190 812 κῶν
213 773 448 827 ῥαπιζομένων
468 789 505 810 τε
526 772 585 811 καὶ
615 772 827 825 ῥαπιζόντων
857 771 1043 820 ἀλλήλους,
1064 774 1148 816 Πῶς

121 834 250 885 δυνήσῃ
272 835 388 877 καλῶς
409 835 642 887 καθαρθῆναι,
666 831 970 884 ἐγκαλινδούμενος
990 832 1148 885 βορὸόρῳ

119 894 286 947 τοσούτῳ,
304 893 351 932 Τί
380 893 447 946 γὰρ
476 894 526 931 δεῖ
554 893 645 931 κατὰ
671 893 773 945 μέρος
795 899 910 931 πᾶσαν
942 893 1145 946 καταλέγειν

119 955 181 1002 τὴν
202 954 449 1007 ἀσχημοσύνην
465 953 526 1001 τὴν
544 953 679 1000 αὐτόθι,
698 947 825 991 Πάντα
839 952 906 1006 γὰρ
928 955 998 991 ἐκεῖ
1015 953 1124 1005 γέλως
1136 984 1145 1001 ,

118 1017 233 1055 πάντα
270 1015 438 1068 αἰσχύνη,
470 1015 585 1054 πάντα
615 1015 762 1062 ὄνειδος,
789 1014 848 1052 καὶ
882 1014 1052 1068 λοιδορίαι
1086 1016 1145 1053 καὶ

119 1078 319 1130 σκώμματα
333 1093 340 1100 ·
363 1078 478 1116 πάντα
507 1077 659 1125 ἔκλυσις,
679 1077 795 1116 πάντα
819 1076 924 1127 λύμη.
946 1076 1034 1115 Ἰδοὺ
1061 1094 1145 1130 προ-

117 1139 208 1190 λέγω
241 1138 300 1177 καὶ
322 1138 555 1191 παραγγέλλω
578 1145 682 1176 πᾶσιν
704 1141 803 1189 ὑμῖν·
825 1138 944 1189 μηδεὶς
965 1141 1033 1176 τῶν
1066 1139 1145 1177 ταύ-

118 1216 178 1246 της
196 1198 440 1237 ἀπολαυόντων
468 1202 529 1245 τῆς
547 1198 720 1250 τραπέζης
732 1229 741 1246 ,
758 1198 925 1252 φθειρέτω
943 1198 1005 1246 τὴν
1025 1201 1145 1238 ἑαυτοῦ

118 1259 232 1312 ψυχὴν
265 1266 336 1303 τοῖς
381 1260 603 1312 δηλητηρίοις
643 1259 782 1303 ἐκείνοις
815 1260 977 1310 θεάμασι.
1008 1259 1144 1312 Πομπὴ

118 1322 233 1359 πάντα
253 1320 326 1359 ἐστὶ
350 1320 394 1358 τὰ
414 1323 484 1358 ἐκεῖ
510 1320 680 1372 λεγόμενα
704 1320 764 1358 καὶ
791 1319 1014 1374 πραττόμενα
1039 1337 1146 1359 σατα-

117 1381 207 1428 νική.
220 1379 313 1419 Ἴστε
334 1378 369 1417 δὲ
391 1383 422 1418 οἳ
444 1380 685 1431 μεμυημένοι,
705 1380 807 1424 ποίας
826 1384 911 1431 ἡμῖν
926 1380 1041 1419 ἔθεσθε
1061 1397 1143 1420 συν-

118 1442 242 1488 θήκας·
266 1443 396 1491 μᾶλλον
418 1441 453 1478 δὲ
473 1440 576 1484 ποίας
600 1441 716 1479 ἔθεσθε
738 1443 787 1492 τῷ
803 1442 964 1493 Χριστῷ,
979 1441 1036 1479 ὅτε
1055 1444 1146 1492 ὑμᾶς

117 1502 217 1545 αὐτὸς
233 1500 491 1553 ἐμυσταγώγει·
512 1501 546 1539 τί
561 1502 647 1555 πρὸς
663 1503 765 1540 αὐτὸν
786 1501 905 1540 εἴπατε
918 1532 927 1549 ,
942 1501 975 1539 τί
990 1503 1070 1555 περὶ
1085 1506 1146 1549 τῆς

115 1565 260 1614 πομπῆς
270 1566 333 1609 τῆς
347 1565 536 1609 σατανικῆς
553 1565 645 1612 αὐτῷ
662 1563 880 1613 διελέχθητε,
897 1566 970 1604 πῶς
986 1563 1075 1612 μετὰ
1088 1566 1147 1600 τοῦ

116 1630 248 1663 σατανᾶ
269 1623 328 1661 καὶ
344 1626 411 1661 τῶν
439 1624 593 1675 ἀγγέλων
623 1624 725 1660 αὐτοῦ
745 1622 804 1661 καὶ
826 1621 934 1674 ταύτῃ
957 1622 1036 1661 τότε
1061 1626 1145 1662 ἀπε-

114 1684 296 1732 τάττεσθε,
332 1684 392 1722 καὶ
425 1687 649 1736 ὑπισχνεῖσθε
691 1683 779 1735 μηδὲ
809 1683 1029 1737 παρακύψειν
1058 1687 1145 1732 ἐκεῖ,

114 1746 199 1789 Δέος
212 1740 268 1784 οὖν
296 1747 333 1784 οὗ
355 1744 490 1798 μικρὸν,
513 1744 560 1795 μὴ
583 1744 664 1798 περὶ
682 1744 744 1789 τὰς
764 1744 923 1787 τοιαύτας
940 1746 1145 1798 ὑποσχέσεις

115 1805 286 1858 ἀγνώμων
313 1823 365 1850 τις
379 1805 578 1857 γενόμενος,
600 1805 735 1850 ἀνάξιον
761 1806 881 1844 ἑαυτὸν
908 1804 925 1826 ¹³
939 1807 1142 1860 καταστήσῃ

113 1871 182 1905 τῶν
204 1867 401 1920 μυστηρίων
423 1867 563 1906 τούτων.
586 1869 666 1919 Οὐχ
684 1870 765 1921 ὁρᾷς
784 1870 858 1911 πῶς
879 1869 912 1905 ἐν
939 1874 1014 1912 ταῖς
1037 1870 1143 1919 βασι-

112 1931 226 1972 λικαῖς
258 1931 400 1976 αὐλαῖς,
433 1931 496 1981 οὐχ
524 1932 555 1967 οἱ
582 1929 914 1982 προσκεκρουκότες,
933 1931 1012 1968 ἀλλ’
1034 1932 1064 1968 οἱ
1090 1947 1144 1969 τε-

111 1990 300 2041 τιμημένοι
319 1994 505 2029 καλοῦνται
535 1990 729 2042 μεθέξοντες
748 1993 809 2037 τῆς
833 1990 974 2043 γνώμης
993 1990 1142 2039 ἐκείνης,

112 2051 172 2089 καὶ
200 2054 246 2094 εἷς
267 2051 344 2095 τοὺς
363 2051 481 2104 φίλους
499 2052 684 2090 τάττονται
703 2050 781 2095 τοὺς
803 2051 1015 2101 )ασιλικούς;
1044 2054 1141 2107 Πρε-

112 2110 257 2158 σὲευτὴς
281 2115 364 2163 ἡμῖν
382 2106 484 2159 ἦλθεν
509 2111 542 2156 ἐξ
563 2114 725 2164 οὐρανοῦ,
741 2114 823 2165 παρ’
845 2114 947 2151 αὐτοῦ
973 2114 1142 2166 πεμφθεὶς

110 2176 169 2212 τοῦ
189 2175 298 2221 Θεοῦ,
320 2173 400 2226 περί
428 2190 529 2212 τινων
560 2173 759 2225 ἀναγκαίων
788 2173 1025 2225 διαλεξόμενος
1039 2190 1046 2198 ·
1064 2168 1139 2213 εἶτα

111 2237 206 2284 ὑμεῖς
221 2234 367 2286 ,ἀφέντες
390 2233 585 2273 ἀκοῦσαιτί
607 2233 768 2285 βούλεται
784 2234 843 2272 καί
862 2234 897 2272 τί
914 2235 1140 2290 διαπρεσὸεύ-

110 2311 184 2333 εται
201 2296 286 2348 πρὸς
299 2299 320 2343 ἡ
327 2302 411 2347 μᾶς,
428 2296 580 2342 κάθησθε
597 2294 714 2347 μίμων
730 2294 920 2340 ἀκούοντες.
935 2296 1006 2334 Καὶ
1021 2296 1138 2336 πόσων

110 2358 172 2394 οὐκ
200 2356 278 2401 ἀξια
305 2362 415 2396 ταῦτα
450 2359 636 2409 κεραυνῶν,
656 2356 773 2395 πόσων
798 2356 1138 2412 σκηπτῶν;“Ωσπερ

109 2417 177 2470 γὰρ
196 2417 370 2470 τραπέζης
386 2420 422 2456 οὗ
441 2417 511 2470 χρὴ
531 2417 688 2469 μετέχειν
710 2417 916 2469 δαιμονίων·
937 2417 1045 2462 οὕτως
1063 2419 1138 2458 οὐδὲ

111 2479 310 2531 ἀκροάσεως
334 2479 540 2530 δαιμονίων,
557 2478 633 2517 οὐδὲ
657 2477 746 2529 μετὰ
772 2482 928 2532 ῥυπαρᾶς
956 2482 1019 2526 τῆς
1038 2482 1139 2527 ἐσθῆ-

108 2555 165 2583 τος
192 2542 238 2582 εἷς
270 2539 332 2586 τὴν
359 2539 527 2591 λαμπρὰν
557 2539 731 2592 τράπεζαν
765 2539 1041 2592 παραγενέσθαι,
1073 2541 1136 2588 τὴν

109 2599 278 2638 τοσούτων
317 2600 490 2652 γέμουσαν
523 2602 675 2651 ἀγαθῶν,
696 2600 738 2646 ἢν
778 2599 878 2643 αὐτὸς
915 2601 1136 2653 παρεσκεύα-

111 2676 166 2699 σεν
197 2663 215 2698 ὁ
249 2660 348 2704 Θεός.
368 2659 530 2706 Τοσαύτη
556 2659 624 2712 γὰρ
653 2661 759 2706 αὖτ’-ῆς
784 2663 805 2706 ἡ
831 2659 996 2710 δύναμις,
1011 2663 1058 2704 ὡς
1077 2662 1136 2699 καὶ

110 2722 195 2774 πρὸς
212 2722 269 2760 τὸν
289 2721 428 2775 οὐρανὸν
465 2721 566 2759 αὐτὸν
596 2720 718 2774 ἀθρόον
739 2724 833 2771 ἡμᾶς
856 2724 1005 2773 ἐπᾶραι,
1033 2721 1134 2772 μόνον

111 2782 170 2821 ἐὰν
190 2782 341 2836 σώφρονι
361 2782 495 2835 διανοίᾳ
526 2782 768 2835 προσέχωμεν.
796 2784 849 2820 Οὐ
876 2781 944 2835 γὰρ
974 2782 1047 2820 ἔστι
1077 2783 1134 2821 τὸν

106 2847 257 2896 συνεχῶς
271 2850 342 2887 τοῖς
361 2843 462 2888 θείοις
482 2843 694 2897 ἐπᾳδόμενον
723 2841 877 2895 ςλόγοις,
900 2843 957 2881 ἐπὶ
982 2846 1045 2890 τῆς
1063 2859 1134 2882 πα-

107 2904 229 2957 ρούσης
250 2911 365 2955 μεῖναι
385 2904 632 2951 ταπεινότητος
647 2919 655 2927 ·
679 2903 769 2942 ἀλλὰ
793 2904 926 2956 ἀνάγκη
946 2907 1132 2957 πτερωθῆ-

103 2980 159 3003 ναι
185 2965 330 3013 εὐθέως,
351 2965 411 3004 καὶ
433 2966 520 3017 πρὸς
541 2966 642 3004 αὐτὸν
668 2966 866 3010 ἀναπτῆναι
885 2966 942 3004 τὸν
969 2965 1039 3003 ἅνω
1059 2968 1132 3017 χῶ-

105 3042 173 3078 ρον,
191 3026 250 3064 καὶ
271 3033 341 3070 τοῖς
359 3026 512 3079 ἀπείροις
528 3028 680 3078 ἐντυχεῖν
696 3029 763 3064 τῶν
782 3028 920 3077 ἀγαθῶν
937 3030 1131 3077 θησαυροῖς·

102 3081 148 3123 ῶν
171 3085 302 3135 γένοιτο
317 3086 449 3130 πάντας
463 3091 557 3137 ἡμᾶς
571 3088 745 3138 ἐπιτυχεῖν
759 3116 768 3133 ,
789 3086 908 3139 χάριτι
931 3087 991 3124 καὶ
1010 3089 1130 3138 φιλαν-

145 3217 159 3229 ⁸
185 3220 431 3258 ὑποκρινομὲνωυ.
451 3217 658 3248 Histrionum
682 3228 774 3248 more
792 3215 824 3248 in
844 3216 972 3248 theatro
991 3228 1111 3258 reprae-

101 3276 286 3306 sentantes,
306 3269 336 3299 in
360 3279 431 3309 quae
450 3269 555 3308 turpia
576 3267 786 3299 theatralium
805 3269 1016 3299 meretricum
1035 3280 1108 3310 spe-

100 3318 228 3350 ctacula
247 3330 330 3360 szepe
349 3318 512 3350 invehitur
526 3319 798 3363 Clirysostomus.

145 3372 157 3393 ¹*
185 3370 291 3413 Aliqui
316 3380 510 3408 καταςτῆται.
528 3371 618 3403 Infra
650 3380 702 3410 τῆς
728 3380 843 3414 γνώμης
870 3377 986 3409 ἐκείνης.
1008 3372 1107 3404 Rt‘ctt‘.

1218 285 1349 323 cultam
1365 286 1495 324 semina
1507 287 1632 338 jacere.
1649 286 1765 339 llujus
1784 288 1959 324 concionis
1979 288 2174 326 auditorem
2189 318 2198 335 ‚

1172 351 1192 380 B
1219 361 1287 385 non
1319 347 1401 386 licet
1430 362 1557 385 mensae
1589 347 1844 385 daemoniorum
1878 361 1951 385 esse
1979 348 2197 399 participem.

1216 408 1322 455 Quod
1337 410 1431 447 enim
1451 410 1667 447 consortium
1683 409 1859 461 justitiam
1878 409 1967 446 inter
1982 418 2015 446 et
2034 409 2202 459 iniquita-

1218 475 1310 509 tem?
1329 473 1408 510 Stas
1438 472 1584 512 Joannis
1613 471 1774 520 auditor,
1795 485 1834 508 ae
1856 485 1918 522 per
1944 470 2048 508 illum
2067 485 2105 507 ea
2124 485 2200 520 qua)

1218 532 1374 584 Spiritus
1395 542 1477 570 sunt
1505 532 1631 570 ediscis
1648 548 1654 568 :
1669 541 1701 570 et
1724 541 1844 584 postea
1863 531 2022 570 abscedis
2044 541 2202 569 meretri-

1218 664 1478 706 praesentantes,
1501 663 1534 692 et
1559 654 1778 692 effeminatos
1800 654 1861 704 qui
1881 668 1916 691 se
1938 662 2062 691 mutuo
2087 653 2202 705 alapis

1218 714 1384 752 caedunt?
1400 714 1587 762 Quomodo
1607 714 1738 766 poteris
1758 714 1868 766 probe
1886 714 1984 751 ablui
2001 723 2032 751 et
2045 715 2204 766 purgari,

1217 775 1252 812 in
1273 784 1369 814 tanto
1391 790 1488 814 coeno
1510 775 1715 816 volutatus?
1735 774 1832 821 Quid
1852 788 1941 826 opus
1960 784 2009 812 est
2033 775 2203 812 obscoeni-

1216 846 1324 875 tatem
1355 838 1454 876 illam
1485 847 1594 876 totam
1619 837 1823 875 minutatim
1849 837 2054 874 recensere?
2074 837 2203 874 Omnia

1216 897 1290 935 illic
1306 898 1410 947 risus,
1429 899 1548 936 omnia
1575 898 1820 950 opprobrium,
1839 897 2071 943 contumeliae,
2095 897 2203 935 dicte-

1214 958 1267 996 ria
1282 975 1289 995 :
1302 959 1420 997 onmia
1441 959 1649 1008 dissolutio,
1668 960 1786 997 onmia
1805 958 1988 1011 pernicies.
2009 958 2103 996 Ecce
2116 973 2202 1010 prce-

1213 1019 1294 1058 dico
1320 1031 1355 1059 et
1376 1021 1548 1059 annuntio
1570 1021 1735 1059 omnibus
1767 1020 1870 1059 vobis
1891 1036 1898 1056 :
1927 1034 2029 1058 nemo
2058 1033 2178 1057 eorum
2193 1050 2202 1067 ,

1214 1083 1273 1134 qui
1296 1083 1364 1120 hac
1383 1097 1502 1120 mensa
1529 1083 1717 1131 fruuntur,
1740 1082 1898 1120 animam
1922 1096 2023 1119 suam
2043 1081 2202 1119 exitiosis

1214 1145 1286 1183 illis
1305 1146 1515 1197 spectaculis
1535 1154 1750 1197 corrumpat.
1770 1145 1836 1182 Illa
1857 1144 1989 1196 quippe
2009 1143 2126 1181 omnia
2146 1143 2201 1180 (li-

1215 1215 1269 1243 cta
1288 1215 1321 1243 et
1351 1207 1459 1254 facta,
1479 1220 1609 1258 pompa
1641 1206 1795 1243 satanica
1827 1214 1919 1243 sunt.
1949 1204 2054 1243 Scitis
2082 1213 2201 1242 autem

1214 1276 1385 1318 quotquot
1404 1267 1531 1304 initiati
1554 1267 1637 1304 estis
1650 1296 1659 1313 ,
1680 1280 1757 1317 quae
1778 1275 1880 1317 pacta
1900 1266 2084 1303 nobiscum
2114 1266 2199 1303 inie-
2214 1270 2401 1338 ‚Iu-isiaiomm

2214 1322 2254 1338 ini
2271 1322 2284 1338 a
2310 1318 2399 1349 pacta.

1214 1328 1314 1376 ritis,
1335 1328 1406 1366 imo
1435 1342 1511 1379 quae
1537 1341 1618 1364 cum
1638 1327 1799 1376 Christo,
1820 1326 1961 1377 quando
1983 1327 2043 1364 ille
2057 1327 2132 1379 ipse
2150 1336 2201 1364 est

1214 1389 1275 1439 qui
1291 1404 1353 1426 vos
1367 1389 1484 1426 initiat
1501 1405 1507 1424 :
1529 1388 1617 1439 quid
1630 1389 1683 1425 illi
1695 1388 1879 1437 dixeritis,
1895 1402 1973 1438 qua?
1988 1387 2032 1425 de
2047 1389 2201 1426 satanica

1215 1463 1345 1501 pompa
1375 1463 1457 1486 cum
1488 1449 1550 1486 illo
1579 1448 1689 1486 verba
1718 1448 1939 1496 habueritis;
1968 1449 2146 1498 quomodo
2169 1459 2201 1487 et

1216 1520 1346 1548 satanae
1379 1519 1413 1546 et
1446 1510 1582 1560 angelis
1606 1510 1681 1560 ejus
1710 1508 1818 1546 simul
1847 1509 2200 1553 abrenuntiaveritis‚

1215 1569 1518 1621 promiseritisque
1544 1584 1608 1608 vos
1628 1569 1673 1606 ad
1698 1569 1761 1606 illa
1788 1583 1858 1606 non
1882 1568 2083 1607 deflexuros
2103 1572 2202 1608 esscl'

1217 1630 1436 1668 Timendum
1465 1644 1548 1682 ergo
1574 1630 1770 1669 admodum
1798 1644 1841 1668 ne
1866 1630 1944 1681 quis
1973 1630 2031 1668 his
2059 1631 2202 1670 violatis

1214 1691 1532 1743 promissionibus,
1552 1705 1624 1729 sese
1638 1691 1694 1729 his
1714 1691 1903 1743 indignum
1922 1692 2102 1744 mysteriis
2122 1694 2203 1731 effe-

1215 1752 1311 1790 cerit.
1342 1755 1469 1790 Annon
1497 1752 1597 1791 vides
1634 1752 1811 1803 quomodo
1840 1752 1876 1790 in
1907 1753 2014 1804 regiis
2041 1753 2199 1801 aedibus,

1214 1828 1284 1852 non
1303 1814 1328 1852 ii
1348 1814 1464 1866 quiin
1491 1814 1612 1865 aliquo
1641 1813 1888 1864 offenderunt,
1912 1814 1972 1851 sed
2000 1815 2062 1864 qui
2086 1815 2120 1852 in
2137 1815 2200 1853 lio-

1213 1892 1297 1917 nore
1313 1879 1513 1930 habentur,
1537 1879 1676 1917 consilii
1697 1878 1886 1931 participes
1907 1878 2146 1929 advocentur,
2167 1890 2200 1918 et

1212 1946 1303 1984 inter
1327 1947 1459 1985 amicos
1488 1947 1582 1998 regis
1608 1946 1895 1984 constituantur?
1918 1947 2070 1997 Legatus
2097 1947 2198 1985 nobis

1210 2013 1255 2051 de
1271 2015 1356 2052 caelo
1372 2015 1489 2066 venit,
1509 2015 1555 2052 ab
1574 2015 1652 2067 ipso
1670 2016 1744 2052 Deo
1761 2013 1911 2062 missus,
1931 2013 1975 2051 de
1994 2015 2198 2053 necessariis

1211 2095 1274 2119 nos
1293 2081 1400 2120 rebus
1418 2082 1679 2132 alloquuturus.
1700 2083 1745 2119 At
1764 2096 1827 2120 vos
1847 2081 1937 2118 nihil
1959 2091 2120 2120 curantes
2138 2097 2198 2120 au-

1209 2148 1288 2186 dire
1308 2148 1398 2199 quid
1426 2149 1533 2196 velit,
1561 2148 1694 2199 quidve
1715 2148 1899 2199 loquatur,
1920 2149 2046 2187 sedetis
2070 2150 2198 2188 mimos

1210 2214 1402 2252 audientes.
1440 2214 1486 2252 Et
1519 2223 1605 2265 quot
1635 2214 1848 2265 quantisque
1879 2215 2091 2253 fulminibus
2124 2217 2198 2254 haec

1208 2280 1317 2333 digna
1337 2295 1406 2318 non
1428 2281 1586 2319 fuerint?
1608 2282 1658 2319 Ut
1678 2282 1770 2319 enim
1793 2295 1862 2319 non
1882 2281 1962 2319 licet
1981 2282 2196 2334 participare

1209 2363 1338 2387 mensae
1358 2350 1636 2398 daemoniorum,
1659 2350 1709 2387 sic
1735 2364 1797 2387 nec
1818 2350 1881 2387 illa
1899 2349 2114 2388 daemoniaca
2133 2366 2194 2388 au-

1209 2417 1286 2455 dire
1301 2418 1354 2455 sas
1373 2427 1440 2466 est,
1458 2431 1569 2468 neque
1588 2417 1732 2455 sordida
1750 2426 1846 2456 veste
1868 2416 1914 2454 ad
1940 2418 2074 2455 lautam
2094 2418 2194 2456 illam

1209 2499 1367 2523 mensam
1386 2495 1437 2523 tot
1454 2485 1558 2522 bonis
1572 2485 1735 2521 refertam
1756 2483 1942 2534 accedere,
1963 2499 2070 2536 quam
2083 2500 2193 2537 appa-

1208 2552 1300 2590 ravit
1322 2552 1396 2603 ipse
1419 2553 1528 2588 Deus.
1550 2552 1666 2588 Tanta
1692 2550 1786 2588 enim
1811 2551 1886 2603 ejus
1913 2552 1968 2591 vis
1992 2561 2065 2600 est,
2084 2562 2122 2591 ut
2140 2568 2192 2591 re-

1207 2628 1313 2671 pente
1328 2633 1391 2656 nos
1410 2618 1455 2656 ad
1481 2618 1607 2656 caelum
1626 2619 1746 2671 ipsum
1774 2619 1889 2671 rapiat
1913 2635 1921 2656 ε
1943 2621 1973 2658 si
2002 2630 2117 2659 tamen
2139 2623 2193 2661 vi-

1207 2686 1272 2738 gili
1296 2695 1413 2724 mente
1442 2685 1676 2724 attendamus.
1697 2687 1821 2737 Neque
1847 2687 1941 2724 enim
1971 2688 2031 2739 qui
2059 2688 2193 2728 divinis

1207 2752 1427 2790 sermonibus
1453 2753 1653 2803 frequenter
1679 2753 1865 2792 institutus
1895 2764 1964 2803 est,
1985 2755 2021 2793 in
2041 2756 2108 2794 hoc
2127 2757 2191 2795 vili

1206 2829 1299 2857 statu
1314 2829 1448 2859 manet:
1466 2819 1528 2858 sed
1542 2821 1737 2858 necessario
1754 2822 1872 2859 statim
1887 2822 2017 2871 evolat,
2034 2833 2066 2861 et
2080 2824 2191 2861 subli-

1206 2901 1299 2925 mem
1313 2887 1417 2925 illum
1437 2887 1524 2940 petit
1543 2888 1674 2937 locum,
1695 2888 1948 2940 immensisque
1962 2890 2098 2942 potitur
2115 2891 2190 2928 the-

1158 2938 1181 3002 ,ζ
1206 2953 1336 2992 sauris:
1355 2968 1443 3005 quos
1457 2954 1595 2992 utinam
1615 2968 1677 2992 nos
1694 2969 1814 2993 omnes
1828 2969 2098 3009 consequamur,
2113 2971 2191 3008 gra-

1204 3019 1251 3057 tia
1267 3029 1300 3057 et
1316 3020 1534 3072 benignitate
1554 3021 1701 3058 Domini
1722 3022 1832 3059 nostri
1851 3024 1935 3062 Jesu
1955 3023 2108 3071 Christi,
2129 3039 2189 3076 per

1203 3101 1308 3137 quem
1335 3096 1368 3124 et
1400 3101 1480 3124 cum
1512 3102 1581 3138 quo
1609 3088 1705 3125 Patri
1736 3088 1868 3140 gloria,
1899 3105 2040 3141 unaque
2070 3102 2187 3130 sancto

1180 3219 1316 3260 conjicit
1339 3216 1479 3250 Saxitius
1505 3218 1679 3260 legendum
1708 3228 1759 3258 τῆς
1787 3228 1903 3262 γνώμης
1929 3227 2050 3259 ἐκείνου,
2072 3233 2186 3263 nempe

1179 3271 1278 3313 regis,
1296 3269 1351 3301 sed
1370 3270 1481 3302 omnia
1506 3270 1705 3312 exemplaria
1728 3278 1834 3310 ἐκείνης
1852 3271 1986 3303 liabent.

1221 3333 1232 3345 1*
1259 3320 1404 3361 Quid-'tm
1425 3327 1544 3364 λογίοις,
1565 3334 1629 3354 non
1649 3322 1744 3354 male.

2261 480 2401 508 Theatra-

2176 532 2182 538 ·
2214 520 2285 547 lium
2335 532 2400 558 spe-

2215 558 2393 590 cuculorum

1219 608 1273 631 ces
1291 593 1492 643 auditurus,
1515 594 1676 631 obscoena
1696 594 1888 644 loquentes,
1910 593 2127 631 obscoeniora
2146 608 2202 631 re-
2217 602 2339 630 fet-duas,
