2481 3678
253 189 345 233 318
697 201 733 230 S.

251 286 389 322 hahere
411 286 452 320 in
477 285 685 334 semetipso.
700 280 808 328 Quod
835 280 863 317 si
893 287 992 331 egeat
1011 277 1227 329 operatione,

250 354 416 396 sequetur
454 353 514 381 aut
540 345 680 381 Patrem
712 356 782 380 non
805 340 957 384 dedisse,
974 348 1008 377 et
1034 339 1069 377 id
1101 338 1229 375 falsum

249 420 342 453 esse;
369 406 426 444 vol
442 405 471 443 si
498 405 651 451 dederit,
675 404 773 442 nullo
793 411 910 455 postea
928 400 1124 453 opitulante
1143 413 1231 451 opus

250 469 460 506 habiturum
472 482 558 505 esse.
571 466 667 513 Quid
685 466 752 503 sibi
765 465 856 507 vult,
868 466 1033 514 Propter
1048 463 1206 499 Patrem
1217 464 1233 497 Ρ

252 531 402 567 Causam
416 529 531 566 solum
545 527 689 565 indicat.
711 526 785 563 Hoc
802 539 908 578 porro
920 524 999 562 vult
1010 522 1232 573 significare:

251 591 351 627 Sicut
367 589 458 627 vivit
478 591 595 637 Pater,
613 597 647 625 et
666 601 729 639 ego
748 587 847 624 vivo.
869 587 922 623 Et
939 587 1007 637 qui
1023 584 1234 621 manducat

252 665 323 695 me,
334 659 369 686 et
385 650 455 686 ille
470 652 575 686 vivet
587 657 741 700 propter
757 662 828 685 me.
845 645 970 685 Vitam
985 645 1046 682 hic
1063 644 1152 681 dicit
1165 657 1235 681 non

251 712 558 761 qualemcumque,
582 709 644 747 sed
667 708 909 761 conspicuam.
935 705 1041 753 Quod
1060 714 1179 743 autem
1197 704 1236 741 id

250 786 320 810 non
336 772 380 809 (10
401 771 557 823 simplici
573 771 647 809 vita
663 770 771 819 dicat,
791 769 853 807 sed
870 768 914 806 (le
934 767 1086 819 gloriosa
1103 775 1136 803 et
1149 765 1236 802 inef-

248 833 351 871 fabili
377 834 455 883 illa,
475 833 562 871 hine
588 833 707 885 palam
734 841 796 881 est,
821 830 917 881 quod
937 843 1056 868 omnes
1076 826 1235 865 infideles

250 904 283 932 et
299 909 367 932 non
388 894 519 932 initiati
538 894 676 942 vivant,
690 893 773 930 licet
786 891 830 930 de
842 892 916 943 ejus
927 904 1031 928 earne
1051 903 1118 926 non
1132 900 1233 925 man-

248 956 391 995 ducent.
414 957 546 996 Viden’
569 955 665 1007 quod
685 969 753 993 non
780 955 824 992 de
854 954 921 991 hac
940 953 1015 991 vita
1035 965 1148 989 sermo
1175 949 1234 996 sit,

249 1019 312 1056 sed
321 1019 366 1057 de
383 1019 470 1056 illa?
491 1018 596 1065 Quod
609 1027 726 1055 autem
739 1016 839 1063 dicit,
855 1013 1063 1066 hujusmodi
1081 1021 1143 1049 est.
1163 1011 1235 1057 Qui

250 1081 442 1118 manducat
468 1094 583 1118 meam
602 1093 757 1127 carnem,
783 1075 966 1114 moriendo
992 1087 1060 1111 non
1086 1073 1233 1125 peribit,

249 1156 362 1191 neque
386 1141 565 1193 punietur.
594 1141 671 1177 Iino
697 1152 765 1176 non
796 1137 841 1175 de
867 1135 1047 1174 communi
1081 1149 1235 1172 resurre-

249 1203 363 1240 ctione
381 1203 541 1253 loquitur
554 1217 564 1251 3
590 1215 709 1238 omnes
728 1199 861 1251 quippe
882 1205 1082 1249 resurgent3
1106 1196 1169 1233 sed
1191 1196 1236 1234 de

249 1263 381 1300 eximia
407 1272 440 1299 et
469 1262 622 1313 gloriosa
651 1260 906 1299 resurrectione
922 1289 931 1307 ,
964 1272 1072 1309 quam
1104 1271 1236 1295 merces

250 1334 426 1375 sequetur.
453 1325 513 1361 59.
532 1326 608 1362 Hic
625 1333 679 1362 est
693 1325 807 1375 panis
824 1324 892 1374 qui
907 1322 954 1358 de
969 1321 1063 1358 caelo
1080 1321 1235 1357 descen-

250 1387 308 1422 dit
323 1402 333 1421 :
357 1400 433 1423 non
462 1389 562 1424 sicut
592 1386 927 1423 manducaverunt
954 1390 1084 1434 patres
1115 1383 1237 1418 vestri

251 1463 412 1495 manna,
433 1457 469 1486 et
499 1451 641 1486 mortui
671 1455 774 1485 sunt.
799 1446 875 1496 Qui
897 1444 1110 1481 manducat
1134 1443 1237 1480 hunc

249 1524 405 1562 panem,
424 1513 532 1548 vivet
564 1512 606 1547 in
628 1518 824 1547 (eternum.
843 1507 1058 1556 Frequenter
1079 1503 1117 1541 id
1137 1518 1236 1555 repe-

252 1571 309 1614 tit,
330 1581 369 1609 ut
385 1571 420 1608 in
439 1580 593 1608 mentem
605 1569 809 1607 auditorum
824 1567 950 1617 infigat
969 1568 980 1613 (
1000 1564 1128 1602 ultima
1142 1564 1237 1602 enim

252 1634 328 1671 haee
341 1642 415 1670 erat
426 1632 586 1670 doctrina
602 1636 626 1680 ),
643 1640 675 1668 et
691 1630 735 1668 de
750 1628 1017 1677 resurrectione,
1037 1626 1151 1677 deque
1163 1626 1236 1665 vita

252 1703 379 1731 aeterna
407 1693 493 1730 fides
514 1692 795 1730 continuaretur.
822 1690 978 1739 Ideoque
1010 1687 1238 1725 resurrectio-

251 1769 332 1792 nem
349 1755 472 1803 addit;
487 1764 564 1792 tum
586 1753 669 1804 quia
683 1752 792 1798 dixit,
811 1754 939 1789 Vitam
955 1759 1238 1797 oeternam,tun1

253 1825 292 1853 ut
311 1816 470 1853 ostendat
496 1816 594 1853 illam
619 1815 731 1853 vitam
759 1827 829 1851 non
851 1826 944 1849 nunc
967 1825 1053 1858 esse,
1075 1811 1136 1848 sed
1159 1821 1239 1863 post

254 1878 555 1915 resurrectionem.
576 1877 623 1914 Et
645 1876 836 1919 undenam,
854 1874 1003 1925 inquies,
1026 1873 1093 1910 hoe
1109 1874 1238 1925 proba—

254 1939 340 1975 tur}J
360 1938 419 1976 Ex
447 1938 654 1990 Scripturis.
669 1938 760 1975 Nam
786 1936 920 1985 ubique
950 1934 1032 1972 illos
1054 1949 1093 1971 eo
1112 1934 1237 1983 mittit,

254 2009 293 2036 ut
312 1999 395 2037 inde
414 1999 563 2037 discant.
586 1999 677 2036 Cum
696 2011 780 2036 vero
796 1996 906 2044 dixit,
936 1997 1011 2046 Qui
1026 1997 1095 2033 dat
1112 1998 1238 2034 vitam

255 2062 412 2107 mundo,
437 2060 473 2098 in
493 2059 754 2098 {emulationem
787 2057 954 2106 deducit,
973 2065 1011 2093 ut
1039 2057 1126 2094 alios
1146 2057 1238 2095 dono

255 2131 352 2159 tanto
370 2122 439 2158 frui
460 2121 634 2171 videntes,
649 2135 718 2158 non
738 2129 838 2158 extra
861 2127 1036 2156 maneant.
1060 2119 1240 2168 Frequen-

255 2193 308 2220 ter
330 2192 447 2220 autem
478 2197 607 2220 manna
635 2189 899 2228 commemorat,
918 2188 994 2216 tum
1012 2188 1050 2216 ut
1071 2179 1238 2216 differen-

256 2244 343 2281 tiam
362 2243 505 2292 indicet,
525 2253 601 2281 tun]
623 2252 662 2280 ut
683 2242 762 2279 illos
782 2241 828 2279 ad
846 2240 955 2279 fidem
976 2240 1131 2278 inducat.
1149 2242 1242 2278 Nam

255 2305 285 2343 si
305 2304 421 2357 potuit
440 2306 536 2342 Deus
563 2303 638 2342 sine
662 2317 783 2352 messe,
799 2302 873 2340 sine
895 2303 1086 2350 frumento,
1101 2312 1135 2340 et
1158 2302 1241 2339 reli—

254 2380 324 2417 quo
343 2374 517 2418 apparatu
545 2365 626 2402 illos
648 2379 712 2417 per
739 2363 974 2415 quadraginta
993 2377 1103 2402 annos
1126 2364 1219 2401 alere
1227 2379 1238 2414 3

255 2427 369 2464 multo
387 2426 501 2477 magis
519 2440 625 2476 nunc,
646 2435 835 2478 postquam
852 2425 897 2462 ad.
916 2425 1051 2477 majora
1068 2424 1242 2476 patranda

255 2487 367 2534 venit,
390 2487 429 2524 id
450 2487 591 2539 poterit.
612 2486 783 2537 Alioquin
798 2485 828 2523 si
851 2485 913 2523 illa
926 2485 1050 2537 figurae
1070 2494 1183 2536 erant,
1209 2494 1242 2523 et

257 2548 331 2585 sine
367 2547 493 2586 sudore
517 2549 707 2598 laboreque
732 2547 945 2599 colligebant
971 2561 1103 2596 cseam;
1129 2548 1241 2585 multo

259 2610 372 2661 magis
387 2624 479 2648 nune
492 2610 559 2648 hoe
568 2610 715 2660 erit,ubi
728 2619 826 2647 tanta
838 2609 1054 2658 differentia,
1066 2609 1128 2647 ubi
1145 2609 1241 2647 nulla

258 2685 340 2709 vere
358 2685 464 2719 mors,
483 2671 545 2709 ubi
560 2671 633 2709 vita
650 2685 732 2709 vera
752 2670 916 2708 fruimur.
931 2670 963 2707 E
976 2685 1014 2708 re
1027 2680 1145 2708 autem
1160 2671 1241 2710 vitae

259 2746 349 2783 saepe
367 2732 538 2779 meminit,
553 2732 635 2782 quia
652 2731 744 2770 illud
760 2731 858 2784 apud
876 2731 1036 2769 homines
1057 2731 1092 2769 in
1110 2732 1242 2784 optatis

259 2802 328 2840 est;
347 2793 508 2842 nihilque
523 2792 681 2841 suavius,
692 2807 796 2843 quam
812 2807 881 2830 non
897 2793 1000 2831 mori.
1020 2793 1111 2830 Nam
1126 2793 1243 2832 inVc-

259 2854 323 2892 teri
348 2854 574 2891 Testamento
597 2853 812 2891 diuturnitas
834 2853 915 2892 vitae
946 2853 1221 2906 promittebatur
1230 2870 1239 2904 3

260 2915 323 2953 sed
342 2929 436 2952 nunc
455 2928 523 2951 non
543 2914 759 2952 diuturnitas
780 2915 900 2964 modo,
921 2914 983 2953 sed
1002 2915 1077 2953 vita
1099 2916 1173 2954 sine
1196 2916 1241 2953 fi-

261 2991 303 3013 ne
316 2975 548 3028 promittitur.
558 2975 672 3013 81111111
690 2975 795 3014 etiam
806 2976 885 3014 vult
896 2976 1093 3027 ostendere,
1109 2991 1145 3015 se
1159 2992 1242 3029 sup-

261 3038 411 3088 plicium
433 3052 451 3074 a
472 3046 614 3089 peccato
639 3036 823 3073 inductum
849 3051 942 3073 nune
960 3052 1135 3086 revocare,
1159 3052 1241 3075 sen-

263 3099 405 3135 tentiam
432 3098 531 3135 illam
558 3097 683 3135 mortis
715 3096 892 3144 solvende,
910 3097 998 3134 (111111
1024 3098 1135 3136 vitam
1173 3113 1240 3137 non

774 199 959 230 JOANMS
998 194 1241 227 CHRYSOST.
1283 193 1485 222 ARCHIEP.
1524 190 1884 222 CONSTANTINOP.

1305 273 1525 326 εὑρεθήσεται
1550 271 1572 318 ἢ
1597 275 1614 310 ὃ
1636 270 1766 323 Πατὴρ
1788 271 1838 322 μὴ
1854 269 2014 312 δεδωκὼς
2035 267 2124 306 οὕτω
2138 297 2148 316 ,
2168 267 2226 304 καὶ
2242 268 2322 318 ψευ-

1304 335 1365 381 δὴς
1378 337 1394 371 ὁ
1407 333 1527 385 λόγος·
1550 333 1572 379 ἢ
1592 336 1622 371 εἷ
1642 332 1748 376 οὕτως
1768 332 1906 379 ἔδωκεν,
1930 330 2064 373 οὐδενὸς
2084 327 2184 372 αὐτὸς
2204 327 2324 366 λοιπὸν

1305 395 1509 441 δεηθήσεται
1537 394 1653 446 ἑτέρου
1673 397 1732 431 τοῦ
1754 391 1770 412 ¹'
1786 395 2065 444 συγκροτοῦντος.
2087 389 2133 427 Τί
2151 382 2208 426 οῧν
2231 389 2325 434 ἐστι,

1306 454 1372 493 Διὰ
1395 456 1451 493 τὸν
1472 455 1637 507 Πατέρα,
1651 456 1727 502 Τὴν
1755 454 1867 492 αἰτίαν
1888 454 2035 490 ἐνταῦθα
2055 449 2243 488 αἰνίττεται
2261 448 2326 498 μό-

1305 532 1375 554 νον,
1388 516 1436 554 “’·Ὸ
1452 516 1487 555 δὲ
1506 516 1619 567 λέγει,
1634 515 1788 554 τοιοῦτόν
1801 516 1875 553 ἐστι
1886 530 1894 538 ·
1915 512 2027 556 καθώς
2043 514 2117 550 ἐστι
2136 512 2202 554 ζῶν
2220 513 2237 547 ὃ
2253 511 2327 547 Πα-

1303 577 1390 629 τὴρ,
1420 578 1510 616 οὕτω
1537 577 1633 628 κάγὼ
1665 579 1726 621 ζῶ.
1758 575 1828 614 Καὶ
1856 579 1873 613 ὁ
1901 574 2044 626 τρώγων
2076 589 2143 623 με,
2170 573 2329 613 κάκεῖνος

1305 640 1401 686 ζήσει
1422 641 1464 677 δι’
1485 639 1559 690 ἐμέ.
1580 639 1682 686 Ζωὴν
1703 638 1737 676 δὲ
1754 639 1901 675 ἐνταῦθα
1916 634 2032 686 λέγει,
2054 637 2091 673 οὐ
2104 633 2166 679 τὴν
2187 633 2305 674 ἁπλῶς
2318 662 2327 678 ,

1306 700 1395 738 ἀλλὰ
1415 700 1477 747 τὴν
1497 700 1689 751 εὐδόκιμον.
1714 699 1783 738 Καὶ
1800 698 1850 736 ὅτι
1868 700 1905 736 οὗ
1922 696 2002 748 περὶ
2022 698 2083 742 τῆς
2101 699 2220 742 ἁπλῶς
2240 699 2329 742 ζωῆς

1305 754 1412 807 εἶπεν,
1435 761 1524 799 ἀλλὰ
1543 761 1623 813 περὶ
1641 763 1702 807 τῆς
1719 760 1852 804 ἐνδόξου
1873 760 1932 798 καὶ
1952 758 2151 813 ἀπορρήτου
2170 758 2304 804 ἐκείνης
2319 787 2328 804 ,

1306 822 1408 866 δῆλον
1431 824 1573 860 ἐκεῖθεν.
1608 821 1676 860 Καὶ
1691 821 1758 873 γὰρ
1782 820 1910 864 πάντες
1924 850 1933 867 ,
1954 820 2013 858 καὶ
2033 823 2063 858 οἳ
2083 820 2225 858 ἄπιστοι
2245 821 2330 863 ζῶσι

1305 882 1364 919 καὶ
1383 884 1413 919 οἱ
1430 882 1577 933 ἀμύητοι
1594 913 1603 931 ,
1622 882 1669 934 μὴ
1691 881 1857 935 φαγόντες
1873 881 1942 920 ἀπὸ
1958 885 2018 929 τῆς
2039 881 2165 933 σαρκὸς
2185 878 2331 926 ἐκείνης.

1306 941 1414 994 Ὁρᾷς
1430 943 1483 981 ὅτι
1498 946 1534 981 οὐ
1550 943 1629 995 περὶ
1649 942 1777 989 ταύτης
1791 945 1807 981 ὁ
1821 943 1922 994 λόγος
1941 942 2013 981 ἐστὶ
2032 945 2093 988 τῆς
2114 943 2224 990 ζωῆς,
2242 940 2333 979 ἀλλὰ

1307 1004 1387 1055 περὶ
1408 1004 1561 1052 ἐκείνης,
1581 1003 1630 1042 uO
1659 1005 1693 1043 δὲ
1712 1003 1818 1056 λέγει,
1829 1003 1981 1042 τοιοῦτόν
2013 1005 2122 1041 ἐστιν·
2145 1006 2162 1041 ὁ
2190 1001 2333 1054 τρώγων

1309 1079 1374 1113 μου
1392 1064 1453 1111 τὴν
1472 1064 1604 1116 σάρκα,
1627 1069 1689 1102 οὐκ
1720 1067 1902 1103 ἀπολεῖται
1926 1065 2153 1111 τελευτήσας,
2180 1063 2255 1102 οὐδὲ
2275 1079 2334 1101 κο-

1307 1127 1531 1173 λασθήσεται.
1545 1126 1636 1163 Ἀλλ’
1655 1126 1733 1164 οὐδὲ
1751 1125 1832 1178 περὶ
1845 1130 1906 1173 τῆς
1923 1126 2146 1168 ἀναστάσεως
2160 1128 2222 1172 τῆς
2233 1125 2250 1144 *
2262 1139 2333 1162 κοι-

1308 1189 1368 1232 νῆς
1385 1202 1486 1239 φησι·
1507 1187 1566 1224 καὶ
1595 1186 1662 1239 γὰρ
1690 1186 1817 1237 ὁμοίως
1842 1187 1970 1229 πάντες
1998 1187 2221 1225 ἀνίστανται·
2245 1183 2334 1221 ἀλλὰ

1307 1249 1462 1301 περὶτῆς
1485 1248 1677 1300 ἐξαιρέτου,
1698 1252 1759 1295 τῆς
1780 1247 1913 1292 ἐνδόξου
1926 1278 1935 1294 ,
1955 1248 2015 1286 καὶ
2033 1247 2153 1299 μισθὸν
2175 1245 2335 1298 ἐχούσης.

1308 1305 1420 1352 Οῧτός
1440 1312 1532 1348 ἐστιν
1547 1313 1564 1348 ὃ
1583 1310 1684 1362 ἄρτος
1699 1313 1716 1348 ὅ
1737 1312 1775 1348 ἐκ
1790 1312 1849 1347 τοῦ
1870 1311 2014 1361 οὐρανοῦ
2031 1307 2201 1351 καταὸάς·
2217 1308 2254 1346 οὐ
2274 1322 2334 1344 κα-

1309 1372 1375 1415 θὼς
1396 1372 1521 1424 ἔφαγον
1541 1376 1571 1410 οἱ
1591 1371 1737 1423 πατέρες
1753 1374 1850 1423 ὑμῶν
1870 1372 1909 1410 τὸ
1930 1371 2059 1421 μάννα,
2078 1369 2137 1408 καὶ
2152 1369 2334 1408 ἀπέθανον.

1309 1432 1353 1471 ‘O
1367 1433 1509 1485 τρώγων
1525 1438 1645 1472 τοῦτον
1660 1433 1717 1471 τὸν
1734 1433 1849 1486 ἄρτον,
1858 1432 1955 1479 ζήσει
1971 1435 2017 1475 εἷς
2039 1431 2097 1469 τὸν
2113 1433 2233 1469 αἰῶνα.
2250 1432 2334 1469 Συν-

1310 1496 1397 1546 εχῶς
1425 1495 1463 1532 τὸ
1483 1496 1566 1534 αὐτὸ
1593 1494 1836 1546 περιστρέφει,
1865 1494 1955 1532 ὥστε
1975 1493 2057 1531 αὐτὸ
2078 1492 2331 1541 ἐντυπῶσαιτῇ

1308 1558 1376 1592 τῶν
1398 1555 1592 1593 ἀκουόντων
1617 1555 1749 1608 διανοίᾳ
1767 1557 1778 1602 (
1793 1555 1924 1607 ἐσχάτη
1947 1555 2013 1606 γάρ
2032 1570 2084 1597 τις
2101 1548 2142 1599 ἦν
2162 1553 2334 1589 διδασκομ-

1308 1615 1368 1653 λία
1389 1619 1410 1661 ἡ
1434 1616 1514 1668 περὶ
1535 1615 1666 1654 τούτων
1683 1616 1706 1666 ),
1737 1615 1797 1654 καὶ
1822 1616 1861 1654 τὸ
1881 1615 1960 1668 περὶ
1982 1613 2203 1656 ἀναστάσεως
2223 1611 2336 1663 δόγμα

1308 1679 1484 1714 πιστῶσαι
1495 1708 1504 1725 ,
1520 1676 1580 1715 καὶ
1599 1678 1637 1715 τὸ
1654 1677 1733 1729 περὶ
1750 1679 1838 1723 ζωῆς
1855 1676 2005 1714 αἰωνίου.
2022 1675 2085 1713 Διὸ
2101 1676 2158 1712 καὶ
2175 1673 2238 1720 τὴν
2252 1672 2336 1711 ἀνά-

1311 1753 1431 1776 στασιν
1446 1739 1686 1790 προστίθησιν,
1707 1743 1791 1790 ὁμοῦ
1810 1738 1871 1789 μὲν
1886 1737 2004 1784 ἐπειδὴ
2023 1730 2098 1774 εἶπε
2114 1767 2122 1784 ,
2145 1737 2234 1780 ζωῆς
2251 1735 2334 1772 αἰω-

1309 1798 1393 1845 νίου,
1410 1803 1496 1850 ὁμοῦ
1509 1800 1544 1838 δὲ
1561 1800 1692 1844 δεικνὺς
1706 1801 1758 1838 ὅτι
1778 1803 1815 1838 οὐ
1835 1804 1891 1838 νῦν
1903 1799 1995 1837 ἐστὶν
2014 1797 2120 1845 αὕτη,
2137 1795 2226 1835 ἀλλὰ
2247 1793 2334 1846 μετὰ

1309 1859 1372 1905 τὴν
1393 1861 1595 1899 ἀνάστασιν.
1616 1861 1685 1900 Καὶ
1705 1861 1808 1899 πόθεν
1838 1866 1948 1899 ταῦτα
1969 1861 2079 1907 δῆλα,
2100 1857 2222 1910 φησίν,
2253 1855 2336 1894 Ἀπὸ

1309 1923 1376 1959 τῶν
1395 1923 1556 1974 Γραφῶν.
1572 1924 1760 1975 Πανταχοῧ
1778 1922 1844 1975 γὰρ
1862 1921 1983 1965 αὐτοὺς
1999 1923 2070 1959 ἐκεῖ
2085 1917 2335 1972 παραπέμπει,

1309 1986 1392 2035 παρ’
1417 1986 1529 2023 αὐτῶν
1558 1985 1707 2023 κελεύων
1730 1988 1840 2022 ταῦτα
1860 1988 1992 2034 μαθεῖν.
2011 1982 2132 2022 Εἰπὼν
2156 1982 2212 2029 δὲ,
2232 1978 2333 2026 Ζωὴν

1310 2045 1421 2089 διδοὺς
1442 2048 1491 2098 τῷ
1511 2047 1652 2099 κόσμῳ,
1671 2046 1729 2084 καὶ
1750 2048 1797 2089 εἷς
1826 2047 1927 2092 ζῆλον
1948 2043 2068 2089 αὐτοὺς
2088 2043 2220 2094 ἐνάγει,
2244 2041 2334 2079 ὥστε

1309 2105 1372 2143 κᾶν
1390 2107 1607 2158 ἀλγήσαντας
1626 2107 1684 2145 ἐπὶ
1697 2110 1747 2158 τῷ
1768 2107 1892 2150 ἄλλους
1908 2105 2093 2145 ἀπολαύειν
2109 2108 2171 2151 τῆς
2186 2105 2335 2156 δωρεᾶς,

1312 2168 1359 2218 μὴ
1384 2174 1498 2218 μεῖναι
1514 2168 1590 2212 ἔξω.
1611 2170 1773 2220 Συνεχῶς
1793 2167 1829 2206 δὲ
1849 2167 2107 2218 ἀναμιμνήσκει
2122 2169 2180 2204 τοῦ
2203 2164 2334 2216 μάννα,

1310 2228 1369 2265 καὶ
1386 2229 1425 2267 τὸ
1443 2228 1602 2280 διάφορον
1621 2228 1793 2280 παριστὰς
1806 2258 1815 2276 ,
1835 2228 1894 2265 καὶ
1911 2227 2033 2270 αὐτοὺς
2055 2230 2102 2270 εἷς
2130 2226 2248 2264 πίστιν
2281 2227 2334 2263 ἐν·

1311 2288 1418 2340 άγων.
1443 2293 1456 2309 ⁰
1470 2291 1514 2327 Εἰ
1531 2289 1598 2341 γὰρ
1614 2289 1755 2326 δυνατὸν
1780 2288 1914 2340 ἐγένετο
1935 2287 2195 2339 τεσσαράκοντα
2222 2286 2333 2323 ἔτεσιν

1311 2352 1446 2399 ἀμητοῦ1
1474 2349 1582 2402 χωρὶς
1613 2349 1672 2387 καὶ
1698 2348 1793 2387 σίτου
1815 2348 1874 2386 καὶ
1901 2351 1963 2394 τῆς
1996 2348 2104 2394 ἄλλης
2134 2346 2336 2389 ἀκολουθίας

1312 2410 1544 2462 διακρατῆσαι
1564 2409 1627 2456 τὴν
1648 2409 1786 2448 ἐκείνων
1815 2409 1906 2456 ζωήν
1923 2424 1930 2432 ·
1961 2410 2080 2460 πολλῷ
2109 2409 2240 2457 μᾶλλον
2261 2411 2333 2453 νῦν,

1311 2472 1371 2509 ἅτε
1405 2471 1461 2509 ἐπὶ
1496 2471 1629 2521 μείζοσι
1661 2470 1958 2523 παραγενόμενος,
1993 2469 2180 2516 δυνήσεται
2222 2471 2334 2506 τοῦτο.

1310 2530 1440 2575 Ἄλλως
1458 2531 1512 2580 δὲ,
1532 2532 1590 2570 καὶ
1608 2535 1637 2570 εἰ
1659 2534 1773 2570 ἐκεῖνα
1799 2531 1900 2570 τύποι
1919 2530 2007 2574 τινὲς
2023 2525 2124 2577 ῆσαν,
2151 2529 2211 2567 καὶ
2227 2528 2336 2582 χωρὶς

1311 2592 1466 2646 ἱδρώτων
1494 2593 1552 2631 καὶ
1572 2593 1686 2632 πόνων
1711 2593 1888 2644 συνέλεγον
1917 2592 1957 2630 τὸ
1980 2591 2184 2644 φερόμενον·
2215 2591 2334 2641 πολλῷ

1313 2656 1444 2705 μᾶλλον
1471 2658 1528 2692 νῦν
1552 2659 1651 2693 τοῦτο
1675 2654 1773 2692 ἔσται
1787 2683 1796 2700 ,
1819 2653 1899 2691 ἔνθα
1915 2654 2027 2700 πολλὴ
2046 2657 2067 2699 ἡ
2090 2650 2256 2704 διαφορὰ,
2276 2650 2335 2688 καὶ

1313 2716 1352 2754 τὸ
1385 2715 1560 2767 μηδέποτε
1591 2717 1766 2766 τελευτᾷν,
1793 2714 1851 2752 καὶ
1883 2714 1922 2751 τὸ
1952 2716 2041 2760 ζωῆς
2065 2713 2252 2752 ἀπολαύειν
2272 2714 2334 2758 τῆς

1278 2786 1290 2814 3
1315 2776 1329 2797 ‘¹
1343 2779 1503 2824 ἀληθοῦς.
1524 2778 1648 2820 Καλῶς
1665 2776 1699 2814 δὲ
1714 2777 1802 2821 ζωῆς
1815 2775 1984 2819 πολλάκις
1997 2775 2189 2826 μέμνηται,
2212 2773 2333 2820 ἐπειδὴ

1314 2842 1414 2876 τοῦτο
1441 2838 1596 2876 ποθεινὸν
1624 2836 1837 2889 ἀνθρώποις,
1865 2836 1924 2874 καὶ
1943 2836 2040 2874 οὐδὲν
2059 2835 2167 2879 οὕτως
2189 2834 2269 2882 ἡδὺ,
2290 2838 2336 2878 ὡς

1314 2900 1353 2938 τὸ
1373 2899 1421 2950 μὴ
1436 2900 1632 2937 ἀποθανεῖν.
1650 2897 1752 2936 Ἐπεὶ
1771 2897 1830 2936 καὶ
1848 2899 1882 2935 ἓν
1901 2900 1943 2948 τῇ
1964 2899 2109 2949 Παλαιᾷ
2128 2902 2228 2935 τοῦτο
2247 2892 2288 2944 ἦν
2308 2900 2329 2943 ἡ

1315 2961 1501 3014 ὑπόσχεσις
1513 2991 1522 3009 ,
1539 2964 1648 3012 μῆκος
1670 2960 1762 3011 βίου,
1779 2960 1837 2998 καὶ
1856 2960 1984 2999 πολλαὶ
2002 2960 2153 3012 ἡμέραι·
2174 2960 2263 2998 ἀλλὰ
2277 2964 2336 2998 νῦν

1318 3025 1381 3061 οὐκ
1407 3023 1480 3061 ἔστι
1503 3024 1612 3072 μῆκος
1634 3021 1769 3067 ἁπλῶς,
1790 3019 1880 3058 ἀλλὰ
1905 3020 1974 3068 ζωὴ
1996 3021 2092 3064 τέλος
2110 3023 2172 3059 οὐκ
2191 3021 2332 3073 ἔχουσα.

1318 3090 1333 3104 ΓΙ
1434 3091 1448 3103 (N
1565 3090 1579 3103 R
1599 3087 1630 3103 ’Υ
1735 3087 1744 3101 f
1890 3087 1906 3103 (Ι
1984 3087 1992 3104 x
2038 3090 2047 3103 7
2109 3091 2131 3099 Ν
2171 3089 2181 3103 (
2288 3088 2296 3102 Ι

1328 3093 1413 3141 Αμα
1431 3089 1465 3127 οὲ
1485 3089 1543 3128 καὶ
1562 3104 1668 3132 οειςαι
1686 3090 1844 3139 βουλεται
1857 3117 1866 3134 ,
1886 3104 1938 3126 οτι
1956 3104 2019 3135 την
2033 3104 2072 3126 εκ
2087 3105 2150 3134 της
2165 3104 2340 3140 αμαρτιας

260 3159 566 3209 qualemcumque,
583 3157 645 3195 sed
667 3167 846 3205 aeternam,
866 3167 983 3195 eontra
1010 3173 1114 3209 quam
1140 3160 1241 3212 prius
1266 3170 1291 3198 Α
1318 3159 1504 3211 γενομένην
1523 3157 1663 3196 κόλασιν
1684 3158 1908 3195 ἀνακαλεῖται
1934 3160 2006 3205 νῦν,
2035 3156 2098 3203 τὴν
2116 3158 2227 3208 ψῆφον
2245 3155 2333 3194 λύων

300 3298 317 3320 ¹¹
342 3295 454 3329 Movet,
472 3301 708 3339 συγ-κροτοῦντος.
724 3301 785 3339 ἄρα
802 3299 852 3335 τὀ,
874 3300 931 3334 ζῶ,
950 3297 997 3327 διὰ.
1014 3302 1073 3328 τόν.

303 3348 318 3365 ⁸
343 3357 435 3387 κοινῆς
457 3365 542 3393 φησι,
561 3349 607 3380 sic
624 3348 698 3379 MSS.
718 3348 757 3378 Iu
776 3345 881 3378 Editis
899 3361 964 3390 φησι
982 3345 1084 3378 deest.

1373 3305 1386 3319 ‘⁷
1411 3294 1524 3328 Morel.
1550 3299 1573 3328 εἰ
1590 3297 1709 3331 δυνατὸς
1723 3298 1766 3335 ἐγ.

1372 3347 1388 3372 ⁴¹
1412 3346 1472 3379 Alii
1489 3351 1627 3385 ἀληθοῦς.
1646 3353 1721 3387 ζωῆς
1737 3348 1767 3379 δὲ
1786 3348 1937 3387 πανταχοῦ
1953 3349 2116 3388 μέμνητκι.
