2481 3678
634 209 672 237 IN
711 209 917 239 JoAMsEM
956 207 1118 237 HOMIL.

110 292 283 342 λημένων,
298 291 389 330 ὥστε
404 291 460 329 διὰ
475 293 534 336 τῆς
552 294 612 328 τοῦ
630 291 810 334 ἐλάττονος
832 291 999 342 μάστιγος
1018 289 1077 327 καὶ
1091 288 1130 325 τὸ

110 358 264 405 κρεῖττον
282 357 399 404 τυχεῖν
420 351 603 423 θεραπείας
625 352 727 394 τινός.
749 351 854 390 Οὕτω
870 367 928 389 και
942 349 1038 402 παρὰ
1056 350 1130 386 Κο-

101 413 250 479 ριιθίοις
270 414 326 451 τὸν
348 411 586 464 πορνεύσαντα
602 415 619 450 ὁ
637 414 775 457 Παῦλος
791 413 985 465 διώρθωσε,
1004 427 1054 462 τῳ
1068 411 1130 454 τ’ἧς

101 465 236 526 σαρκὸς
262 473 392 525 ὀλέθρι)
418 473 456 511 τὸ
483 477 543 520 τῆς
565 476 678 526 ψυχῆς
707 471 1034 548 veo-nume’mosp'w.
1060 467 1129 507 Και

110 534 177 585 γὰρ
206 550 255 571 τω
285 533 423 584 σώματι
455 550 516 582 την
546 535 655 585 τομὴν
685 533 886 585 ἐπαγαγων,
908 532 998 570 οὕτω
1027 545 1111 568 κατε
1104 529 1127 557 ’-

111 596 226 632 στειλε
251 595 290 632 τ“ο
310 595 434 633 κακόν·
453 596 610 649 καθάπερ
626 612 677 639 τις
698 595 812 647 ἰατρὸς
831 595 990 646 ἄριστος,
1011 591 1130 642 ὕδερον

110 654 132 700 ἢ
156 657 314 703 σπλῆνα,
340 663 410 701 τοῖς
434 657 566 695 ἔνδοθεν
589 656 784 710 φαρμάκοις
806 657 868 693 οὐκ
885 653 1042 700 εἴκοντα,
1065 667 1130 688 κα-

110 717 263 754 τακαίων
290 718 425 762 ἔξωθεν.
453 721 485 757 Τ
488 723 568 757 οῧτο
597 718 656 756 καὶ
672 721 690 755 ὁ
707 716 854 769 Χριστὸς
881 714 1044 760 ἐποίησεν
1074 711 1131 749 ἐπὶ

109 781 169 814 τοῦ
189 779 401 830 παραλύτου.
435 779 504 818 Καὶ
531 779 595 830 ὅρα
620 782 693 822 πῶς
719 779 832 824 δηλῶν
864 776 965 819 αὐτὸς
993 774 1130 825 ᾒεγεν·

109 836 179 875 Ἴδε
200 839 298 890 ὑγιὴς
315 840 478 891 γέγονας·
501 839 627 890 μηκέτι
645 838 846 890 ἁμάρτανε,
866 838 922 875 ἵνα
943 837 991 888 μὴ
1014 834 1130 888 χεῖρόν

109 915 142 936 τι
165 916 218 938 σοι
233 901 386 952 γένηται.
403 902 450 939 Τί
466 901 578 939 τοίνυν
596 903 750 939 ἐντεῦθεν
768 899 1007 950 μανθάνομεν;
1029 898 1132 948 Πρῶ-

108 975 166 997 τον
194 960 269 1010 μὲν,
297 962 349 999 ὅτι
381 964 474 1014 αὐτῷ
495 961 529 1005 ἐξ
550 962 731 1013 ἁμαρτιῶν
761 960 885 1012 ἐτέχθη
907 960 945 998 τὸ
971 959 1129 1008 νόσημα·

110 1021 266 1074 δεύτερον
287 1022 342 1071 δὲ,
362 1023 414 1061 ὅτι
434 1023 554 1066 πιστὸς
572 1026 589 1061 ὃ
605 1027 666 1069 τῆς
682 1023 820 1074 γεέννης
842 1022 960 1073 λόγος·
979 1020 1038 1059 καὶ
1057 1018 1132 1071 τρί-

107 1098 181 1129 τον,
198 1084 237 1121 τὸ
255 1085 392 1156 μακρὰν
413 1079 499 1123 εἶναι
519 1084 578 1123 καὶ
598 1085 740 1137 ἄπειρον
759 1083 821 1131 τὴν
849 1082 1033 1158 τιμωρίαν.
1056 1083 1130 1119 Ποῧ

109 1144 221 1182 τοίνυν
242 1147 328 1183 εἰσιν
352 1149 383 1184 οἱ
411 1146 450 1184 λε’
452 1162 569 1198 γοντες
587 1175 595 1192 ,
622 1146 675 1183 ὅτι
704 1148 739 1183 ἐν
761 1145 860 1199 ωρα
855 1152 918 1197 μιᾷ
937 1145 1104 1196 εφόνευσα
1121 1172 1129 1188 ,

110 1205 169 1243 καὶ
188 1208 221 1244 ἐν
243 1209 353 1259 βραγε
339 1208 393 1261 ίᾳ
412 1224 470 1246 και
465 1211 532 1259 -p03
556 1210 644 1259 ῥοπῃ
664 1207 871 1259 ἐμοίγευσα,
889 1206 948 1244 καὶ
978 1205 1132 1244 ἀθάνατα

110 1269 172 1304 κολ
176 1267 326 1318 άζομαι·
319 1299 328 1315 ,
360 1249 448 1307 Ιιδοὺ
478 1269 546 1321 γὰρ
579 1284 637 1306 και
674 1272 771 1312 οὗτος
799 1269 860 1306 οὐκ
892 1269 927 1305 ἐν
960 1281 1134 1308 τοσουτοις

110 1328 265 1381 ἥμαρτεν
285 1330 408 1377 ἔτεσιν,
430 1332 464 1369 ἐν
483 1331 575 1375 ὅσοις
602 1347 660 1368 και
680 1331 881 1377 ἐκολάζετο,
901 1345 960 1367 και
980 1329 1132 1374 ὁλόκλη-

112 1405 169 1441 ρον
195 1390 288 1441 ὅμως
319 1392 501 1443 ἀνθρώπου
531 1392 603 1443 βίον
622 1393 800 1431 ἀνάλωσεν
821 1393 854 1429 ἐν
878 1394 928 1443 τῷ
949 1390 1054 1441 μήκει
1072 1392 1134 1435 τῆς

110 1452 290 1504 τιμωρίας.
312 1454 403 1492 Οὐῗὲ
419 1453 486 1505 γὰρ
509 1455 543 1490 ἐν
563 1453 677 1505 χρόνῳ
697 1452 740 1490 τὰ
759 1452 1000 1503 ἁμαρτήματα
1017 1451 1131 1502 κρίνε-

109 1530 183 1559 ται,
208 1516 284 1551 ἀλλ’
305 1515 340 1551 ἐν
361 1517 448 1566 αὐτῇ
470 1517 512 1565 τῇ
537 1515 637 1566 φύσει
657 1517 725 1552 τῶν
756 1514 976 1564 πεπληυ.μελ
969 1528 1130 1563 ημενι)ν.

109 1573 212 1612 Μετὰ
240 1575 370 1613 τούτων
390 1576 529 1613 κάκεῖνο
545 1574 668 1612 ι’ἔστιν
683 1576 732 1612 ἷοε
734 1581 778 1622 ἷν,
796 1575 871 1620 ὅτι,
887 1573 951 1611 κᾶν
971 1571 1132 1625 γαλεπην

109 1637 223 1687 δωμεν
245 1636 343 1683 δίκην
362 1636 449 1688 ὑπερ
465 1652 534 1674 των
555 1636 733 1689 προτέρων
755 1635 1035 1688 ἁμαρτημάτων,
1057 1637 1132 1672 εἶτα

108 1703 179 1740 τοῖς
198 1700 310 1741 αὐτοῖς
330 1697 586 1749 περιπέσωμεν,
605 1697 837 1750 χαλεπώτερα
857 1697 978 1747 πολλῷ
999 1696 1131 1746 μᾶλλον

108 1758 300 1809 πεισόμεθα
318 1758 436 1797 πάλιν·
459 1759 517 1797 καὶ
538 1760 633 1809 μάλα
657 1758 808 1802 εἰκότως.
829 1758 873 1797 ‘O
889 1758 956 1810 γὰρ
979 1756 1067 1807 μηδὲ
1086 1759 1128 1808 τῇ

107 1820 260 1873 τιμωρία
276 1820 457 1872 γενόμενος
475 1820 632 1872 βελτίων,
650 1823 695 1864 ὡς
716 1820 923 1866 ἀναίσθητος
937 1819 1055 1858 λοιπὸν
1072 1818 1130 1857 καὶ

1004 1880 1131 1933 Ἤρκει

109 1941 171 1992 μὲν
190 1943 257 1994 γὰρ
278 1943 336 1980 καὶ
367 1945 443 1981 καθ’
475 1942 598 1989 ἑαυτὴν
619 1945 641 1988 ἦ
665 1942 807 1985 κόλασις
836 1944 1039 1988 συστεῖλαι,
1072 1941 1131 1978 καὶ

107 1882 374 1934 καταφρονητὴς
404 1881 460 1919 ἐπὶ
493 1882 633 1932 μείζονα
665 1881 787 1933 ἄγεται
817 1881 972 1920 κόλασιν.

107 2005 253 2049 ποιῆσαι
273 2003 549 2057 σωφρονέστερον
569 2004 625 2042 τὸν
643 2003 902 2050 Εόλισθήσαντα
918 2002 1009 2047 ἅπαξ
1026 2018 1033 2026 ·
1054 2002 1130 2040 ἐπεὶ

107 2063 141 2101 δὲ
162 2068 204 2116 τῇ
227 2065 450 2117 ἐπενεχθείσῃ
471 2065 623 2117 τιμωρία
646 2064 694 2116 μὴ
719 2064 962 2117 σωφρονισθεὶς
979 2065 1023 2102 τὰ
1042 2063 1130 2101 αὐτὰ

106 2126 211 2164 πάλιν
231 2128 360 2179 τολμα,
383 2127 522 2170 εἰκότως
536 2127 576 2164 άν
598 2143 675 2164 τινα
690 2127 789 2173 οίκην
802 2131 982 2170 ὁτοιουτος
1002 2126 1129 2179 υφεξει,

105 2203 235 2233 ταυτην
255 2190 319 2226 αὐτ
321 2205 356 2232 ος
381 2190 433 2240 ἐφ’
454 2188 575 2226 ἑαυτον
595 2188 887 2240 προκα)ούμενος.
915 2187 987 2226 ἃΕἰ
1014 2204 1049 2226 οε
1070 2204 1129 2226 και

104 2249 251 2286 ἐνταῦθα
267 2250 484 2301 τιμωρηθεντ
472 2266 566 2298 .ες,
556 2250 629 2288 πά)
634 2266 661 2287 ιν
676 2257 747 2293 τοῖς
766 2252 882 2293 αὐτοί
868 2267 882 2278 ν·
900 2249 1128 2303 περιπίπτον·

103 2326 175 2357 τες,
218 2311 464 2363 χαλεπώτερον
501 2312 718 2363 κολαζόμεθά
735 2342 744 2361 ,
790 2312 872 2350 ὅταν
914 2313 996 2362 μηδ’
1041 2313 1128 2355 ὅλως

104 2372 316 2424 ἁμαρτόντες
335 2373 505 2426 τιμωρίαν
522 2373 745 2425 ὑπέσχιιηκεν,
761 2377 836 2417 πῶς
846 2375 883 2411 οὗ
905 2373 1037 2426 σφόδρα
1056 2373 1126 2425 χρὴ

103 2437 204 2471 τοῦτο
224 2435 378 2484 μάλιστα
402 2435 593 2472 δεδοικέναι
615 2435 675 2472 καὶ
700 2434 852 2486 τρέμειν,
871 2434 931 2472 ἅτε
951 2434 1127 2481 ἀνήκεστα

1079 2494 1126 2545 μὴ

104 2554 231 2598 πάντες
254 2555 344 2593 οὕτω
370 2556 593 2602 κολάζονται;
620 2556 687 2594 Καὶ
715 2555 781 2608 γὰρ
811 2556 957 2599 πολλοὺς
980 2559 1128 2608 ὁρῶμεν,

105 2493 294 2544 μέλλοντας
327 2495 529 2545 ὕπομένειν;
562 2496 632 2533 Καὶ
668 2496 757 2538 τίνος
777 2495 903 2543 ἕνεκεν,
938 2495 1044 2548 φησὶ,

103 2619 171 2653 τῶν
204 2616 344 2667 φαύλων
379 2619 667 2663 εὐσωματοῦντας
700 2618 758 2654 καὶ
797 2621 1032 2670 σφριγῶντας,
1069 2618 1128 2655 καὶ

103 2678 235 2722 πολλῆς
255 2676 493 2720 ἀπολαύοντας
513 2677 713 2730 εὐημερίας.
737 2678 841 2716 Ἀλλὰ
863 2678 910 2728 μὴ
932 2681 1128 2731 θαρρῶμεν,

102 2737 181 2776 ἀλλ’
201 2737 257 2776 ἐπὶ
282 2737 414 2782 τούτοις
435 2739 589 2788 μάλιστα
604 2739 745 2777 πάντων
766 2738 888 2783 αὐτοὺς
908 2739 1125 2791 ὃακρύωμεν.

103 2799 155 2837 Τὸ
169 2799 236 2852 γὰρ
257 2799 366 2850 μηδὲν
382 2800 504 2843 αὐτοὺς
524 2802 672 2840 ἐνταῦθα
687 2805 824 2849 παθεῖν,
842 2802 974 2854 ἐφόδιον
992 2801 1126 2853 γίνεται

103 2859 255 2909 μείζονος
269 2864 330 2907 τῆς
343 2864 413 2900 ἐκεῖ
428 2862 608 2914 τιμωρίας.
625 2863 693 2901 Καὶ
709 2867 810 2901 τοῦτο
827 2865 940 2910 δηλῶν
955 2867 972 2902 ὁ
986 2865 1126 2907 Παῦλος

101 2922 215 2973 ἔλεγε·
238 2924 311 2960 Νῦν
328 2923 363 2960 δὲ
378 2924 575 2975 κρινόμενοι
597 2924 664 2962 ὑπὸ
691 2924 840 2977 Κυρίου,
859 2925 1096 2975 παιδευόμεθα
1113 2955 1122 2973 ,

101 2982 156 3020 ἵνα
186 2982 235 3033 μὴ
264 2983 324 3022 σὺν
354 2988 403 3036 τῷ
433 2985 555 3037 κόσμῳ
581 2989 860 3037 κατακριθῶμεν.
892 2987 949 3025 Τὰ
969 2987 1031 3037 μὲν
1057 2987 1124 3038 γὰρ

104 3044 272 3092 ἐνταῦθα,
300 3045 496 3089 νουθεσίας·
524 3046 568 3084 τὰ
592 3046 627 3084 δὲ
653 3048 747 3093 ἐκεῖ,
775 3048 946 3099 τιμωρίας
971 3047 1056 3085 ἐστί.
1079 3047 1126 3085 Τί

103 3099 184 3152 effu
205 3107 342 3154 πάντα,
369 3107 474 3159 φησὶ,
502 3107 545 3145 τὰ
564 3108 748 3159 νοσήματα
775 3108 811 3153 ἐξ
838 3108 1124 3161 ἁμαρτημάτιι)ν;

102 3168 154 3204 Οὐ
169 3167 285 3206 πάντα
300 3168 375 3218 μὲν,
397 3168 487 3206 ἀλλὰ
506 3168 550 3206 τὰ
565 3170 736 3220 ξπλείονα·
765 3170 838 3208 ἔνια
859 3170 893 3208 δὲ
910 3170 968 3208 καὶ
985 3171 1054 3209 ἀπὸ
1070 3173 1126 3222 ῥᾳ-

146 3296 162 3319 l
182 3295 297 3329 Morel.
321 3301 484 3340 ἐστιμαθε
478 3314 513 3331 w
533 3297 633 3330 Saxil.
654 3304 730 3333 ἐστιν
745 3301 786 3332 io:-
786 3306 824 3331 ἶν-

144 3356 157 3370 0
176 3345 236 3378 Alii
264 3352 476 3382 ὀλισθαίνοντα.
508 3350 627 3392 [Supra
652 3357 723 3387 τ”πκε

113 3397 222 3431 Codd.
252 3401 327 3443 705,
351 3402 425 3434 7045.
450 3401 578 3434 Savil..
588 3428 592 3434 .

764 3354 798 3383 ol:
802 3367 815 3383 ν
840 3366 897 3395 ¹777)
930 3354 947 3387 ἡ
976 3356 1114 3397 αμαρτίκ

627 3408 674 3435 καὶ
703 3380 767 3436 κ79
793 3406 825 3436 ἑ7
809 3419 898 3443 :rr-2
920 3420 937 3441 η
962 3408 1047 3450 ἁμαρ
1037 3410 1110 3439 τίκ.

1495 206 1667 236 xxxvn.
2096 194 2185 252 249

1207 286 1369 324 tudinem
1381 286 1507 338 pariat.
1531 287 1591 325 Sic
1609 295 1642 324 et
1660 285 1759 337 apud
1778 284 1979 322 Corinthios
1997 285 2185 323 fornicato—

1206 360 1281 384 rem
1291 347 1425 384 Paulus
1440 347 1653 396 emendavit,
1664 361 1726 399 per
1741 345 1857 384 carnis
1869 344 2050 382 interitum
2065 346 2189 382 anima:

1207 407 1373 444 morbum
1382 408 1562 446 cohibens.
1576 409 1668 446 Nam
1682 408 1820 445 invecta
1835 406 1870 444 in
1886 419 2014 458 corpus
2022 405 2188 454 sectione,

1207 467 1258 504 sic
1276 468 1412 506 malum
1431 468 1637 521 compressit
1652 484 1659 504 :
1677 467 1778 505 haud
1796 481 1894 505 secus
1907 481 2015 518 quam
2033 466 2192 504 medicus

1206 528 1377 579 optimus,
1392 529 1453 580 qui
1467 543 1548 568 cum
1562 528 1777 582 hydropisin
1796 537 1857 565 aut
1870 528 2027 579 splenem
2046 527 2190 565 interio-

1205 588 1305 626 ribus
1330 589 1532 642 pharmacis
1557 605 1626 628 non
1650 589 1772 628 cedere
1791 589 1902 638 videt,
1922 589 2078 626 exterius
2103 589 2188 626 urit.

1207 648 1267 688 Sic
1285 664 1367 702 erga
1388 652 1627 704 paralyticum
1647 651 1716 703 egit
1736 650 1910 689 Christus.
1934 653 1985 687 Ac
2003 649 2088 688 vide
2101 664 2191 700 quo-

1206 712 1314 751 modo
1338 713 1377 750 id
1407 714 1561 751 declaret
1582 730 1590 750 z
1611 716 1713 752 Ecce
1734 714 2003 765 sanussactus
2029 726 2084 757 es,-
2107 715 2194 764 jam

1208 774 1291 811 noli
1300 788 1472 826 peccare,
1485 790 1533 813 ne
1548 776 1714 813 deterius
1731 776 1801 812 tihi
1819 774 1971 826 aliquid
1978 777 2191 825 contingat.

1207 834 1308 881 Quid
1325 836 1436 888 igitur
1455 837 1539 875 inde
1556 837 1754 875 djscimus?
1774 836 1956 882 Primum,
1983 850 2027 873 ex
2054 844 2195 887 peceato

1207 896 1275 948 ipsi
1307 907 1429 936 natum
1462 899 1650 948 morbum;
1680 897 1852 945 secundo,
1875 911 1957 936 vere
1982 897 2195 935 credendam

1206 972 1280 996 esse
1302 959 1522 1009 gehennam,
1553 959 1672 1009 tertio,
1699 959 1914 997 diuturnum
1936 967 2041 1008 atque
2069 972 2194 1010 perpe-

1206 1027 1309 1057 tuum
1331 1034 1404 1058 esse
1422 1021 1656 1073 supplicium.
1681 1020 1838 1059 [binam
1858 1033 1940 1071 ergo
1959 1028 2040 1057 sunt
2059 1018 2114 1056 illi
2133 1019 2195 1070 qui

1205 1072 1345 1131 dicunt,
1367 1082 1471 1120 Horae
1502 1082 1609 1120 unius
1627 1081 1742 1134 spatio
1756 1080 1886 1130 occidi,
1908 1080 2011 1118 brevi
2038 1089 2196 1132 tempore

1206 1142 1425 1181 adulterium
1441 1144 1618 1194 commisi,
1644 1154 1677 1182 et
1700 1144 1916 1182 immortales
1939 1143 2032 1180 dabo
2048 1142 2194 1195 poenas?

1207 1203 1299 1241 Ecce
1317 1203 1376 1241 hic
1395 1219 1464 1242 non
1482 1214 1534 1242 tot
1555 1205 1718 1257 peccavit
1732 1213 1817 1254 quot
1846 1204 1975 1255 plexus
2001 1213 2053 1241 est
2076 1203 2191 1252 annis,

1206 1272 1239 1301 et
1256 1263 1293 1301 in
1312 1263 1548 1303 diuturnitate
1562 1280 1674 1317 poenae
1694 1274 1804 1306 totam
1821 1265 1892 1303 fere
1908 1264 2062 1302 hominis
2082 1264 2196 1301 vitam

1205 1325 1391 1363 absumsit.
1415 1327 1493 1364 Non
1516 1326 1611 1364 enim
1626 1340 1671 1363 ex
1697 1336 1855 1378 tempore
1887 1335 2031 1377 peecata
2050 1325 2196 1362 metitur

1206 1387 1316 1435 Deus,
1337 1386 1399 1424 sed
1417 1401 1463 1424 ex
1478 1387 1555 1438 ipsa
1574 1387 1746 1424 scelerum
1763 1396 1902 1424 natura.
1932 1386 1989 1424 Ad
2006 1386 2083 1424 haec
2102 1385 2198 1424 illud

1157 1455 1183 1485 D
1206 1461 1347 1496 quoque
1368 1447 1680 1497 considerandum,
1706 1448 1771 1485 etsi
1793 1462 1919 1499 graves
1936 1448 2100 1499 priorum
2119 1461 2192 1485 sce-

1204 1507 1320 1545 lerum
1339 1522 1460 1560 poenas
1477 1509 1618 1558 demus,
1646 1509 1676 1547 si
1704 1509 1741 1546 in
1766 1508 1889 1546 eadem
1914 1518 2035 1561 postea
2059 1508 2196 1546 incida-

1205 1583 1298 1617 mus,
1329 1569 1433 1621 longe
1458 1570 1624 1622 graviora
1658 1584 1721 1608 nos
1757 1569 1924 1622 deinceps
1952 1583 2134 1621 passuros,
2158 1584 2197 1607 ac

1201 1631 1283 1682 jure
1302 1630 1442 1669 merito.
1465 1633 1500 1669 Is
1513 1631 1609 1669 enim
1628 1631 1691 1682 qui
1707 1645 1750 1669 ne
1769 1631 1947 1683 supplicio
1962 1630 2107 1681 quidem
2120 1645 2194 1668 me-

1204 1692 1273 1730 lior
1286 1692 1456 1743 efficitur,
1480 1693 1581 1743 quasi
1599 1692 1765 1745 stupidus
1787 1692 1933 1730 demum
1956 1701 1990 1730 et
2001 1700 2198 1730 contemtor

1206 1752 1242 1790 in
1268 1754 1440 1806 majorem
1461 1753 1612 1792 ducetur
1634 1753 1847 1792 cruciatum.
1880 1753 1999 1791 Semel
2020 1752 2116 1791 enim
2144 1753 2198 1790 la-

1205 1828 1311 1866 psum
1328 1815 1481 1853 debebat
1509 1815 1730 1868 supplicium
1751 1813 1917 1853 cohibere
1937 1823 1970 1852 et
2002 1813 2050 1852 ad
2074 1814 2197 1852 melio-

1206 1890 1280 1914 rem
1309 1877 1452 1928 frugem
1488 1877 1657 1915 reducere
1682 1893 1689 1913 :
1715 1877 1799 1928 quia
1821 1891 1906 1915 vero
1940 1885 2020 1928 post
2055 1876 2198 1914 illatum

1205 1938 1427 1990 supplicium
1456 1953 1525 1976 non
1558 1938 1813 1991 temperantior
1850 1937 2020 1987 efficitur,
2041 1937 2104 1975 sed
2141 1951 2197 1974 ea-

1205 2000 1287 2039 dem
1317 2001 1393 2054 ipsa
1421 2001 1528 2040 audet
1566 2001 1730 2054 aggredi,
1760 2002 1842 2053 jure
1873 2000 1975 2038 dabit
2006 2015 2128 2052 peenas
2151 1999 2198 2038 ad

1206 2077 1293 2113 quas
1311 2063 1511 2102 inferendas
1529 2064 1604 2117 ipse
1623 2063 1846 2116 provocavit.
1867 2062 1906 2100 Si
1936 2076 2020 2101 vero
2055 2071 2197 2114 peccata

1156 2138 1179 2168 Ε
1204 2123 1264 2161 hic
1284 2125 1432 2177 repetita
1456 2126 1602 2177 gravius
1614 2124 1834 2177 puniuntur,
1858 2123 2004 2173 quando
2033 2123 2093 2160 hic
2116 2123 2196 2161 nul-

1204 2186 1256 2223 las
1269 2195 1496 2238 peccatorum
1520 2201 1640 2239 poenas
1665 2185 1806 2235 damus,
1840 2199 1956 2222 annon
1986 2197 2198 2236 magnopere

1206 2248 1406 2287 timendum
1424 2250 1723 2300 tremendumque
1746 2248 1849 2286 nobis
1873 2257 1937 2298 est,
1962 2257 2084 2299 utpote
2105 2247 2196 2285 into-

1203 2310 1367 2348 lerabilia
1380 2312 1564 2363 passuris?
1587 2311 1633 2348 Et
1653 2325 1730 2360 cur,
1747 2310 1899 2360 inquies,
1918 2323 1989 2346 non
2009 2322 2128 2345 omnes
2145 2309 2196 2345 sic

1203 2372 1433 2423 puniuntur?
1458 2373 1592 2410 Multos
1621 2371 1716 2409 enim
1740 2371 1903 2408 scelestos
1927 2369 2090 2407 videmus
2115 2369 2195 2420 pin-

1204 2433 1266 2483 gui
1288 2433 1494 2471 valetudine
1512 2434 1679 2480 fruentes,
1698 2444 1938 2484 prosperaque
1953 2427 2106 2467 fruentes
2126 2430 2196 2467 for-

1204 2503 1299 2532 tuna.
1318 2497 1457 2533 Verum
1474 2509 1517 2531 ne
1536 2493 1705 2540 fidamus,
1726 2492 1789 2530 sed
1806 2490 2015 2543 hujusmodi
2034 2491 2195 2529 homines

1143 2580 1191 2605 217
1205 2554 1367 2592 omnium
1382 2554 1539 2592 maxime
1557 2554 1797 2606 deploremus.
1834 2552 1874 2591 Si
1901 2552 1997 2590 enim
2018 2552 2077 2590 hic
2102 2553 2196 2590 nihil

1154 2619 1179 2648 Α
1204 2616 1397 2668 patiantur,
1420 2616 1487 2653 hoc
1509 2615 1580 2653 illis
1607 2614 1782 2653 viaticum
1815 2622 1866 2651 est
1900 2613 1945 2651 ad
1966 2613 2081 2665 majus
2109 2628 2193 2665 sup-

1203 2676 1364 2728 plicium.
1401 2676 1478 2713 Hoc
1509 2675 1641 2713 Paulus
1677 2675 1734 2712 his
1775 2674 1895 2713 verbis
1924 2674 2145 2726 significavit
2184 2691 2192 2710 :

1202 2740 1319 2776 Νιιηε
1346 2746 1475 2776 autem
1501 2752 1587 2776 cum
1602 2739 1842 2791 judicamur,
1869 2752 1894 2775 cz
1923 2739 2095 2775 Domino
2109 2752 2192 2775 σοι·

1200 2803 1373 2852 ripimur,
1393 2810 1432 2838 ut
1459 2814 1536 2837 non
1561 2814 1647 2838 cum
1673 2801 1744 2838 hoc
1777 2801 1922 2837 mundo
1945 2801 2186 2838 damnemur.

1201 2862 1269 2899 Hic
1288 2861 1499 2911 admonitio,
1519 2861 1594 2899 illie
1610 2861 1840 2914 supplicium.
1864 2861 1988 2908 Quid
1979 2860 2117 2912 igitur⁰
2139 2862 2189 2899 in-

1201 2925 1322 2975 quies3
1340 2938 1383 2961 an
1401 2924 1517 2961 morbi
1533 2937 1652 2961 omnes
1672 2938 1717 2962 ex
1736 2924 1889 2992 peccatis
1904 2923 2086 2961 01iunt1u.
2079 2923 2095 2944 ‘³
2110 2924 2187 2960 Non

1200 2999 1331 3034 omnes,
1343 2984 1405 3023 sed
1425 2985 1583 3037 plurimi.
1600 2985 1760 3031 Quidam
1779 2985 1874 3023 enim
1895 2999 1940 3022 ex
1966 2984 2115 3036 segnitie
2134 2998 2188 3021 or—

1201 3056 1277 3084 tum
1301 3047 1443 3084 habent.
1466 3048 1558 3085 Nam
1591 3047 1695 3099 gula,
1718 3047 1882 3096 ehiietas,
1916 3047 2096 3098 segnities,
2121 3046 2189 3083 hu-

1194 3109 1355 3161 jusmodi
1391 3110 1534 3147 morbos
1561 3109 1720 3162 pariunt.
1759 3110 1791 3147 13
1796 3123 1883 3146 num
1916 3122 2023 3160 porro
2057 3108 2189 3158 ubique

1199 3171 1463 3210 observandum
1482 3180 1547 3222 est,
1573 3181 1611 3209 ut
1634 3172 1779 3223 plagam
1802 3184 1941 3209 omnem
1959 3183 2041 3207 cum
2059 3169 2189 3221 gratia-

1158 205 1352 236 xxxvun
1395 191 1454 235 aL

1179 3300 1255 3332 Mox
1274 3299 1373 3333 iidem
1389 3299 1532 3332 multum
1545 3311 1563 3331 a
1580 3298 1700 3332 Montf.
1720 3297 1941 3340 discrepant]

1224 3353 1240 3377 d
1257 3353 1360 3386 Savil.
1385 3359 1410 3388 εἰ
1438 3358 1468 3387 δὲ
1493 3357 1573 3392 δίκην
1599 3357 1712 3391 δόντες,
1737 3360 1770 3385 et
1792 3351 1891 3394 paulo
1918 3357 1993 3393 post
2023 3355 2094 3385 ἔταν
2118 3353 2189 3391 μηδ’

1180 3409 1253 3444 ὅλως
1269 3411 1456 3451 τιμωρηθῶμ
1462 3421 1488 3439 εν
1505 3411 1703 3451 ἁμαρτόντες.

2212 2754 2236 2772 ι
2253 2745 2324 2773 Cor
2346 2753 2392 2774 ῐι.

2206 2786 2257 2815 32.

2206 2877 2299 2905 Morbi
2326 2879 2394 2916 plu-

2204 2921 2312 2946 iimiex
2325 2931 2393 2957 pec-

2203 2966 2264 2987 calo
2289 2963 2391 2989 oliuu-

2204 3007 2263 3028 tur.
