2481 3678
679 245 721 275 [N
760 246 969 276 solmNEM
1007 246 1162 275 nomn„

77 326 307 374 πιστεύσητε·
325 328 401 364 ἀλλ’
423 327 480 364 ἐπὶ
503 329 560 364 τοῦ
582 332 694 365 κοινοῦ
724 328 870 379 προάγει
901 328 958 365 τὸν
985 327 1100 400 λόγον,

76 387 166 426 ι’)στε
183 387 365 425 ἀνύποπτα
380 386 539 438 γενέσθαι
559 387 602 424 τὰ
617 389 655 425 λε
642 404 808 439 εγουιενα
830 405 888 426 και
914 387 1101 439 σφοορότε-

76 463 133 498 ρον
155 448 175 494 ἢ
192 451 209 486 ὁ
227 448 374 499 Χριστος
389 450 491 485 τοῦτο
505 448 675 494 πεποίηκε
679 465 707 486 ν.
727 448 770 486 ‘O
792 449 853 499 μὲν
874 448 940 499 γὰρ
954 446 1102 498 Χριστὸς

74 512 181 556 εἶπεν,
198 508 250 546 ο’τι
279 507 323 545 ‘O
345 507 393 558 μὴ
414 507 587 546 πιστεύων
606 509 672 555 ἤδη
706 508 886 560 κέκριται·
915 512 1011 549 οὗτος
1046 505 1101 551 δὲ,

73 570 151 607 Οὐκ
181 569 303 620 ὄψεται
324 568 387 615 τὴν
409 568 514 615 ζωὴν,
535 571 612 606 ἀλλ’
643 573 664 615 ἡ
693 569 779 620 ὀργὴ
810 572 870 605 τοῦ
892 569 984 606 Θεοῦ
1005 565 1102 616 μένει

73 631 127 666 ἐπ’
156 629 277 667 αὐτόν·
304 630 362 667 καὶ
384 629 478 680 μάλα
495 629 647 673 εἰκότως.
665 632 718 668 Οὐ
740 629 807 681 γὰρ
830 628 957 678 ὁμοίως
973 631 1016 673 ἠν
1037 629 1099 664 αὐ-

73 690 131 728 τόν
147 706 224 728 τινα
242 690 322 742 περὶ
342 694 464 729 ἑαυτου
481 691 608 742 λέγειν,
637 691 695 728 καὶ
729 689 845 741 ἕτερον
876 688 956 740 περὶ
983 690 1100 726 αὐτοῦ.

74 751 146 789 Τὸν
165 750 227 801 μὲν
257 753 322 803 γὰρ
352 753 504 803 Χριστὸν
526 751 688 802 ἐνόμισαν
710 751 749 788 ἂν
770 749 957 802 φιλαυτίας
986 748 1100 787 ἕνεκεν

74 817 183 850 ταῦτα
201 813 369 856 πολλάκις
389 812 596 864 φθέγγεσθαι
610 812 668 850 καὶ
679 810 889 861 κομπάζειν·
906 809 967 848 ὅδὲ
983 810 1103 848 Ἰωάν-

74 889 133 919 νης
148 873 277 919 ταύτης
294 873 499 920 ἀπήλλακτο
518 877 579 919 τῆς
595 872 756 924 ὑποψίας.
777 873 821 909 Εἰ
834 872 868 910 δὲ
888 871 976 921 μετὰ
992 874 1104 908 ταῦτα

75 934 133 971 καὶ
153 937 170 972 ὃ
191 934 340 985 Χριστὸς
359 933 578 986 σφοδροτέρῳ
609 933 782 985 κέχρηται
818 932 932 985 λόγῳ,
954 933 1030 970 ἀλλ’
1047 931 1104 969 ὅτε

77 995 233 1045 μεγάλην
250 994 312 1041 τὴν
336 995 417 1046 περὶ
434 997 535 1032 αὐτοῦ
554 994 652 1039 δόξαν
675 995 777 1046 ἔσχον
795 993 931 1032 λοιπόν.
956 993 1016 1037 Ὡς
1046 987 1104 1031 οὖν

74 1056 161 1106 ἔγνω
183 1057 200 1092 ὁ
218 1054 369 1102 Ἰησοῦς,
390 1056 442 1093 ὅτι
471 1055 624 1101 ἤκουσαν
652 1058 683 1093 οἱ
717 1056 930 1106 Φαρισαῖοι,
960 1054 1011 1092 ὅτι
1032 1056 1103 1101 Ἰη-

74 1121 151 1159 σοῦς
170 1116 331 1159 πλείονας
353 1115 508 1167 μαθητὰς
530 1122 621 1154 ποιεῖ
647 1117 704 1154 καὶ
725 1115 920 1167 βαπτίζειῆ
941 1116 1105 1162 Ἰωάννης

76 1176 212 1227 (καίτοι
230 1193 268 1228 γε
304 1177 404 1221 αὐτὸς
439 1180 456 1215 ὃ
490 1178 627 1224 Ἰησοῦς
650 1180 712 1215 οὐκ
743 1177 942 1221 ἐὸάπτιζεν,
973 1178 1049 1214 ἀλλ’
1072 1179 1103 1214 οἱ

77 1239 230 1287 μαθηταὶ
253 1240 397 1284 αὐτοῦ),
428 1238 648 1290 ἀνεχώρησεν
669 1238 737 1275 ἀπὸ
756 1240 818 1283 τῆς
839 1236 1025 1282 Ἰουδαίας,
1043 1237 1102 1274 καὶ

74 1294 177 1345 ἦλθεν
198 1302 245 1342 εἷς
267 1300 329 1346 τὴν
346 1300 552 1337 Γαλιλαίαν.
574 1300 685 1342 Αὐτὸς
705 1299 766 1350 μὲν
788 1293 845 1336 οὖν
865 1300 928 1336 οὐκ
957 1298 1102 1336 &civen-

75 1363 142 1406 ζεν,
163 1364 194 1399 οἱ
220 1362 256 1399 δὲ
280 1361 580 1412 ἀπαγγέλλοντες,
603 1360 806 1412 βουλόμενοι
834 1361 999 1413 διεγεῖραι
1022 1359 1102 1403 τοὺς

75 1422 262 1465 ἀκούοντας
278 1424 324 1464 εἷς
344 1421 478 1474 φθόνον,
495 1421 604 1464 οὕτως
620 1421 851 1472 ἀπήγγελλον.
881 1420 951 1458 ιΊΤί
970 1420 1100 1466 δήποτε

75 1475 146 1528 οὖν,
163 1483 279 1534 φησὶν,
300 1482 488 1534 ἀνεχώρει,
508 1484 561 1520 Οὐ
593 1482 721 1524 δειλίας
741 1481 869 1527 ἕνεκεν,
895 1483 971 1519 ἀλλ’
993 1481 1099 1518 ἐκκό-

75 1559 169 1580 πτων
187 1544 300 1580 αὐτῶν
317 1541 379 1589 τὴν
397 1542 602 1593 βασκανίαν,
635 1541 694 1579 καὶ
711 1541 1027 1592 παραμυθούμενος
1040 1541 1097 1580 τὸν
1123 1537 1147 1568 C

74 1602 207 1653 φθόνον.
228 1603 382 1646 Δυνατὸς
401 1602 463 1653 μὲν
478 1603 545 1655 γὰρ
571 1598 613 1649 ἦν
629 1602 688 1640 καὶ
704 1602 910 1645 ἐπελθόντας
930 1605 1100 1654 ἐπισχεῖν,

74 1665 150 1702 ἀλλ’
170 1666 232 1702 οὐκ
247 1664 409 1702 {Commo
427 1667 578 1716 συνεχῶς
588 1668 690 1702 τοῦτο
702 1669 826 1709 ποιεῖν,
844 1663 934 1702 ὥστε
950 1663 998 1714 μὴ
1018 1666 1100 1701 ἀπι-

74 1729 229 1764 στεῖσθαι
247 1729 308 1773 τῆς
332 1725 459 1778 σαρκὸς
478 1725 540 1773 τὴν
558 1725 768 1777 οἰκονομίαν.
789 1728 833 1764 Εἰ
861 1725 928 1778 γὰρ
947 1728 1100 1778 συνεχῶς

72 1787 303 1839 κρατούμενος
337 1787 513 1839 διέφευγε,
546 1790 648 1824 τοῦτο
681 1786 721 1824 ἂν
758 1787 968 1833 ὑπωπτεύθη
1002 1787 1099 1839 παρὰ

72 1850 224 1892 πολλοῖς.
236 1849 305 1887 Διά
319 1863 372 1886 τοι
387 1853 486 1887 τοῦτο
500 1848 544 1886 τὰ
558 1848 672 1886 πολλὰ
687 1847 993 1900 ἀνθρωπινώτερον
1007 1849 1098 1900 ᾠκο-

72 1912 183 1963 νόμει.
206 1912 346 1964 “Ώσπερ
382 1911 449 1964 γὰρ
482 1911 644 1950 {gomez-0
680 1915 909 1958 πιστευθῆναι
933 1912 985 1950 ὅτι
1011 1913 1100 1957 Θεὸς

72 1968 133 2021 ἦν,
154 1973 262 2017 οὕτως
280 1973 333 2011 ὅτι
351 1973 440 2016 Θεὸς
455 1972 515 2020 ὢν,
532 1973 644 2025 σάρκα
677 1973 808 2026 ἐφόρει.
831 1973 899 2011 Διὰ
919 1978 1020 2013 τοῦτο
1040 1974 1099 2012 καὶ

73 2035 162 2086 μετὰ
176 2035 240 2082 τὴν
260 2035 450 2073 ἀνάστασιν
468 2033 553 2085 πρὸς
574 2035 632 2073 τὸν
652 2034 811 2085 μαθητὴν
827 2034 924 2086 ἔλεγε
936 2051 944 2058 ·
966 2036 1101 2079 Ψηλά-

74 2112 183 2149 φησον
203 2095 262 2133 καὶ
282 2096 352 2142 ἴδε,
371 2095 422 2133 ὅτι
450 2100 588 2146 πνεῦμα
605 2095 719 2147 σάρκα
736 2096 794 2134 καὶ
811 2096 915 2135 ὀστέα
934 2098 997 2135 οὐκ
1013 2098 1097 2150 ἔχει.

386 2150 390 2154 ’
976 2157 1100 2203 Ἵλεώς

73 2235 144 2265 cot,
165 2235 202 2257 Ol)
226 2217 274 2269 μὴ
294 2218 391 2256 ἔσται
410 2233 524 2256 τουτο.
557 2218 664 2256 Ουτω
683 2232 815 2270 σφΟΟρα
839 2235 934 2272 αυτῳ
949 2235 988 2258 ‘CO
1008 2227 1100 2273 πρα-

71 2158 140 2195 Aa&
179 2161 281 2195 τοῦτο
313 2156 372 2194 καὶ
402 2157 529 2210 Πέτρῳ
555 2157 783 2208 επετίμησεν,
805 2157 956 2196 εἰπόντι·

71 2296 145 2331 γαα
165 2278 444 2333 περισπούδαστο
470 2284 524 2327 ἠν.

124 2341 228 2380 Επεὶ
243 2357 302 2379 και
315 2343 383 2378 τῶν
404 2356 467 2387 της
482 2341 736 2389 Εκκλησίας
717 2342 901 2419 οργμάτων
921 2343 958 2380 οὖ
975 2345 1099 2396 μικρὸν

70 2418 171 2440 τουτο
193 2418 233 2440 το
252 2401 354 2454 μέρος
368 2400 488 2448 ὴέστὶ,
507 2418 568 2440 και
599 2418 660 2450 της
688 2403 774 2455 υπὲρ
805 2405 905 2454 ἡμῶν
926 2404 1101 2458 σωτηρίας

70 2463 109 2502 τὸ
128 2463 314 2515 κεφάλαιον
330 2477 453 2509 τουτο,
469 2463 528 2501 καὶ
562 2462 606 2501 δι’
627 2467 664 2501 οὑ
696 2464 812 2502 πάντα
833 2465 1017 2516 γεγένηται
1041 2467 1100 2504 καὶ

71 2523 309 2577 κατώρθωται.
324 2523 429 2561 Οὕτω
449 2523 517 2575 γὰρ
531 2539 591 2561 και
606 2524 750 2567 θάνατος
761 2526 865 2571 ἐλύθη
877 2554 885 2570 ,
902 2541 960 2563 και
981 2527 1099 2577 ἁμαρ-

70 2583 128 2621 τία
146 2582 318 2635 ἀνῃρέθη,
347 2582 406 2621 καὶ
439 2583 576 2636 κατάρα
605 2584 801 2636 ἠφανίσθη,
826 2585 885 2623 καὶ
916 2585 959 2623 τὰ
992 2586 1098 2638 μυρία

72 2646 228 2691 εἰσῆλθεν
247 2646 295 2687 εἷς
313 2643 371 2681 τὸν
390 2643 463 2694 βίον
479 2646 580 2694 ἡμῶν
598 2645 722 2696 ἀγαθά.
741 2646 804 2683 Διὸ
825 2646 979 2696 μάλιστα
999 2646 1099 2684 {606-

70 2707 151 2743 λετο
177 2703 403 2743 πιστεύεσθαι
425 2705 486 2752 τὴν
508 2705 720 2756 οἰκονομίαν,
746 2706 810 2753 τὴν
830 2707 924 2759 ῥίζαν
940 2706 999 2744 καὶ
1027 2723 1098 2755 πη-

71 2766 136 2817 γὴν
154 2769 239 2816 ἡμῖν
267 2769 336 2803 τΓ)ν
364 2765 494 2817 μυρίων
528 2766 716 2817 γενομένην
737 2770 889 2818 ἀγαθῶν.
893 2769 1098 2817 Οἰκονομῶν

72 2826 107 2863 δὲ
125 2826 168 2864 τὰ
188 2825 407 2878 ἀνθρώπινα,
425 2825 504 2864 οὔτε
533 2827 578 2864 τὰ
610 2830 659 2864 θε
632 2842 684 2864 εια
713 2827 962 2871 συσκιάζεσθαι
991 2827 1098 2879 ἠφίει.

71 2887 317 2940 Ἀναχωρήσας
347 2892 440 2938 ⁴(oo'v,
462 2888 567 2926 πάλιν
589 2891 657 2926 τῶν
679 2890 791 2926 αὐτῶν
816 2905 931 2941 ειχετο
963 2892 1010 2926 ὡν
1041 2890 1099 2928 καὶ

70 2948 323 3000 πρότερον.οὐ
351 2948 418 3000 γὰρ
441 2950 559 2992 ἁπλῶς
591 2949 648 2986 ἐπὶ
673 2948 737 2996 τὴν
764 2949 956 2988 Γαλιλαίαν
986 2950 1099 3002 ἀπηρ-

70 3024 153 3060 χετο
166 3039 175 3057 ,
191 3009 280 3047 ἀλλὰ
300 3009 438 3060 μεγάλα
462 3008 540 3047 τινὰ
555 3011 827 3055 κατασκευάζων
842 3011 1036 3064 πράγματα
1055 3010 1098 3048 τὰ

71 3069 161 3108 κατὰ
174 3069 252 3113 τοὺς
264 3070 503 3121 Σαμαρείτας·
524 3071 605 3108 οκαί
616 3073 681 3123 οὐχ
692 3072 812 3115 ἁπλῶς
826 3074 1016 3121 οἰκονομῶν
1038 3075 1098 3110 αὖ-

71 3129 127 3177 τὰ,
143 3129 232 3168 ἀλλὰ
249 3129 338 3180 μετὰ
354 3134 416 3177 τῆς
430 3131 675 3182 προσηκούσης
695 3134 788 3170 αὐτῶ
805 3132 940 3184 σοφίας,
965 3133 1024 3170 καὶ
1038 3136 1097 3171 τοῦ

73 3190 246 3240 μηδεμίαν
290 3192 495 3229 καταλιπεῖν
525 3192 704 3236 Ἰουδαίοις
734 3191 822 3243 μηδὲ
866 3192 1097 3245 ἀναισχύντου

117 3337 130 3351 a
148 3326 248 3359 Savil.
267 3333 342 3366 τίνος
359 3330 410 3362 οὖν
427 3333 522 3362 ἕνεκεν
537 3336 622 3373 ἀνεχ.

119 3379 134 3403 b
150 3377 264 3411 Morcl.
280 3385 370 3424 μέρος
386 3385 560 3425 §samur-swa,
576 3386 697 3424 μᾶλλον
714 3385 743 3415 δὲ
757 3391 820 3420 τῆς·

1125 2346 1149 2376 l)

1202 244 1326 273 xxxi.
1365 227 1425 272 al.
1466 243 1576 273 xxx.
2077 233 2161 276 203

1178 337 1285 374 quam
1319 323 1494 360 Christus.
1526 324 1615 360 Nam
1651 322 1816 360 Christus
1846 322 1957 373 dicit,
1984 328 2056 373 Qui
2088 340 2164 363 non

1176 384 1297 421 credit
1308 412 1320 429 ,
1336 384 1424 434 jam
1436 383 1636 434 jlcdicatus
1656 391 1732 432 εει,
1754 382 1814 420 hic
1831 392 1949 420 autem
1961 412 1972 433 ,
1996 386 2085 421 Non
2105 390 2165 422 vi-

1177 445 1281 481 debit
1309 445 1458 490 vitam,
1491 444 1559 481 sed
1576 446 1636 481 ira
1667 444 1743 480 Dei
1762 452 1894 481 manet
1921 458 2034 495 super
2052 458 2137 482 eum
2149 462 2165 492 ,·
2208 460 2212 462 ·

1176 513 1210 541 et
1223 503 1304 555 jure
1322 503 1482 554 quidem.
1500 505 1622 554 Neque
1640 503 1735 541 enim
1758 502 1854 541 idem
1870 513 1921 542 est
1944 504 2099 554 aliquem
2124 505 2167 543 de

1176 563 1291 616 seipso
1314 564 1436 615 loqui,
1458 572 1491 601 et
1510 564 1661 601 alterum
1686 563 1730 601 de
1754 563 1830 602 illo.
1860 565 1954 602 Nam
1983 566 2167 604 Christum

1176 633 1356 676 putassent
1377 637 1421 662 ex
1437 624 1633 663 ambitione
1650 633 1683 662 et
1706 624 1799 662 fastu
1819 638 1910 676 saepe
1934 625 2018 663 talia
2038 626 2135 677 loqui
2158 643 2165 662 :

1174 686 1195 723 J
1200 699 1329 724 oannes
1345 699 1428 725 vero
1441 685 1510 723 hac
1526 685 1667 723 carebat
1684 686 1894 739 suspicione.
1904 686 2012 732 Quod.
2028 687 2056 725 si
2073 696 2168 739 post-

1175 759 1215 782 ea
1246 746 1411 784 Christus
1444 746 1709 785 vehementiore
1738 761 1823 785 usus
1849 756 1901 785 est
1930 762 2108 795 sermone,
2129 748 2167 785 id

1176 815 1260 843 tunc
1273 806 1356 844 fecit
1369 836 1380 856 ,
1398 805 1541 857 quando
1557 806 1602 844 de
1618 806 1694 858 ipso
1709 820 1876 858 magnam
1892 807 2071 846 habebant
2091 808 2167 860 opi-

1177 866 1329 905 nionem.
1364 870 1398 904 t.
1425 869 1476 905 Ut
1504 882 1592 918 ergo
1621 871 1798 920 cognovit
1818 869 1957 915 Jesus,
1983 873 2077 922 quia
2097 884 2166 907 αιι-
2180 881 2250 919 Cap.
2271 880 2300 920 4.

1178 927 1333 965 dierunt
1357 929 1573 975 Pharisaei,
1598 929 1702 980 quod
1720 930 1834 967 Jesus
1850 929 1980 980 plures
2001 931 2167 982 discipu-

1179 987 1236 1024 los
1260 988 1392 1040 facit,
1434 997 1471 1027 et
1511 991 1709 1041 baptizat,
1745 1004 1864 1042 quam
1893 991 2068 1028 Joannes
2101 994 2164 1039 (a.

1179 1061 1419 1099 quamquam
1438 1050 1551 1087 Jesus
1583 1063 1661 1086 non
1693 1051 1929 1102 baptizaret,
1959 1050 2028 1089 sed
2054 1052 2168 1089 disci-

1175 1111 1260 1161 puli
1279 1114 1407 1164 ejus),
1428 1111 1466 1148 5.
1492 1113 1646 1149 secessit
1676 1125 1723 1148 ex
1743 1111 1884 1148 Judoea
1897 1141 1908 1156 ,
1932 1120 1968 1148 et
1997 1114 2105 1149 venit
2126 1115 2168 1148 in

1181 1171 1406 1209 Galiloeam.
1444 1172 1525 1223 Ipse
1557 1170 1702 1222 quidem
1741 1185 1810 1208 non
1850 1171 2072 1223 baptizabat,
2105 1171 2166 1209 sed

1177 1232 1295 1269 nuntii
1312 1246 1394 1270 cum
1410 1232 1544 1270 vellent
1559 1232 1731 1283 majorem
1744 1232 1797 1269 illi
1813 1231 1987 1269 invidiam
2000 1233 2164 1281 conflare,

1176 1291 1225 1330 ita
1239 1293 1447 1330 referebant.
1469 1293 1565 1342 Cur,
1594 1292 1753 1342 inquies,
1776 1292 1945 1330 secessit?
1969 1294 2049 1330 Non
2068 1294 2163 1344 quod

1175 1352 1334 1401 timeret,
1355 1354 1417 1391 sed
1435 1362 1474 1390 ut
1494 1352 1639 1392 invidiae
1659 1367 1801 1391 causam
1832 1353 2105 1405 praescinderet,
2131 1363 2164 1392 ct

1174 1413 1326 1452 livorem
1343 1413 1533 1464 mitigaret.
1558 1415 1699 1451 Poterat
1723 1414 1817 1451 enim
1856 1428 1892 1451 se
1924 1414 2166 1465 aggredientes

1175 1473 1360 1521 cohibere,
1383 1473 1446 1511 sed
1465 1474 1605 1511 nolebat
1621 1474 1713 1511 illud
1733 1475 1951 1525 frequentius
1977 1488 2099 1526 agere,
2124 1490 2167 1513 ne

1174 1536 1425 1574 incarnationis
1456 1536 1566 1574 fidem
1599 1537 1644 1574 de
1676 1536 1793 1574 medio
1818 1537 1966 1574 tolleret.
2006 1538 2099 1575 Nam
2137 1539 2166 1575 si

1174 1610 1268 1648 saepe
1279 1596 1519 1649 deprehensus
1533 1597 1748 1648 aufugisset,
1766 1597 1802 1634 in
1822 1611 1899 1634 eam
1918 1596 2016 1648 apud
2034 1598 2167 1636 multos

1174 1657 1412 1709 suspicionem
1436 1657 1601 1698 venisset.
1631 1658 1715 1696 Ideo
1737 1658 1850 1696 multa
1878 1658 2038 1695 humano
2069 1672 2167 1696 more

1171 1718 1334 1757 faciebat.
1353 1720 1403 1757 Ut
1419 1719 1512 1757 enim
1531 1718 1628 1756 credi
1647 1719 1782 1768 voluit,
1803 1733 1839 1757 se
1855 1720 1974 1757 Deum
1997 1733 2091 1767 esse,
2118 1719 2168 1756 ita

1172 1788 1207 1817 et
1225 1794 1365 1818 carnem
1384 1789 1548 1832 gestasse.
1564 1779 1649 1818 Ideo
1662 1789 1741 1832 post
1754 1780 2046 1819 resurrectionem
2057 1779 2167 1818 disci,

1172 1841 1259 1892 pulo
1293 1841 1434 1880 dicebat
1466 1857 1474 1877 ε
1507 1842 1638 1893 Palpa
1674 1850 1711 1879 et
1739 1843 1853 1888 vide,
1888 1845 1981 1894 qnia
2010 1844 2164 1893 spiritus
2178 1853 2362 1892 Luam-39.

1172 1915 1331 1940 carnem
1349 1912 1385 1941 et
1410 1916 1498 1941 ossa
1519 1917 1597 1940 non
1616 1904 1747 1941 habet.
1768 1902 1907 1941 Idcirco
1935 1904 2081 1942 Petrum
2104 1904 2163 1941 in—

1172 1965 1330 2017 crepavit
1345 1965 1540 2013 dicentem,
1566 1966 1764 2017 Propitius
1784 1974 1864 2004 esto
1881 1968 1973 2012 cibi,
1999 1979 2076 2004 non
2092 1968 2163 2004 erit
2177 1973 2288 2002 Matth.
2315 1973 2363 2003 16.

1173 2028 1242 2064 tibi
1261 2028 1345 2066 hoc.
1362 2027 1520 2065 Tantum
1543 2040 1582 2065 ea
1597 2026 1642 2065 de
1660 2041 1699 2065 re
1717 2027 1897 2066 sollicitus
1914 2027 1994 2065 fuit.
2176 2024 2227 2045 ²²·

2234 1295 2366 1324 Christus

2177 1347 2228 1364 cur
2237 1338 2363 1365 secedat.

1226 2341 1261 2376 Ξ.
1282 2340 1375 2376 Nam
1395 2352 1465 2377 non
1484 2338 1624 2376 modica
1638 2339 1713 2376 haec
1731 2347 1782 2376 est
1800 2339 1890 2376 inter
1910 2338 2076 2376 Ecclesiae
2091 2338 2161 2376 do-

1172 2409 1291 2451 gmata
1306 2399 1423 2452 portio
1435 2430 1446 2449 ‚
1465 2400 1538 2437 imo
1554 2400 1679 2437 salutis
1698 2408 1825 2437 nostrae
1842 2408 1948 2450 caput
1960 2428 1970 2447 ,
1986 2413 2050 2450 per
2068 2400 2163 2449 quod

1171 2460 1290 2498 omnia
1310 2461 1402 2497 facta
1435 2469 1747 2509 consummataque
1780 2468 1873 2496 sunt.
1901 2459 1961 2497 Sic
1980 2473 2076 2496 mors
2108 2473 2162 2497 so-

1170 2520 1263 2569 luta,
1291 2529 1477 2571 peccatum
1507 2519 1713 2567 sublatum,
1748 2518 1981 2556 maledictum
2011 2519 2163 2571 abroga-

1170 2589 1267 2628 tum,
1289 2579 1473 2617 innumera
1502 2579 1537 2617 in
1564 2579 1677 2617 vitam
1698 2587 1856 2616 nostram
1898 2578 2045 2617 inducta
2072 2580 2163 2618 bona

1173 2649 1269 2678 sunt.
1307 2638 1392 2676 Ideo
1419 2639 1576 2676 maxime
1610 2638 1844 2676 oeconomiam
1878 2638 1974 2677 credi
2000 2640 2162 2689 volebat,

1175 2714 1253 2750 quae
1283 2700 1394 2738 radix
1426 2709 1460 2738 et
1490 2701 1567 2737 fons
1608 2700 1710 2737 nobis
1744 2700 2016 2738 innumerorum
2051 2702 2166 2740 fuerat

1172 2761 1360 2799 bonorum.
1382 2763 1480 2799 Dum
1499 2769 1618 2798 autem
1633 2761 1791 2798 humana
1810 2760 2053 2813 dispensabat,
2095 2776 2165 2800 non

1173 2822 1309 2860 sinebat
1335 2822 1459 2861 divina
1486 2821 1680 2860 obscurari.
1714 2822 1806 2859 Cum
1835 2823 2032 2862 recessisset
2056 2837 2162 2874 ergo,

1173 2899 1212 2923 ea
1247 2885 1342 2938 ipsa,
1376 2900 1454 2936 quae
1485 2885 1611 2938 prius,
1646 2894 1797 2923 tractare
1828 2886 2010 2938 pergebat.
2044 2888 2166 2938 Neque

1174 2947 1268 2984 enim
1287 2947 1362 2985 sine
1382 2961 1486 2985 eausa
1507 2947 1542 2985 in
1562 2946 1750 2985 Galilaeam
1769 2948 1926 2998 abierat,
1949 2947 2010 2986 sed
2034 2962 2164 2999 magna

1173 3023 1302 3061 parans
1321 3008 1418 3061 apud
1439 3009 1678 3048 Samaritanos
1704 3009 1842 3060 negotia
1853 3025 1864 3060 5
1892 3024 1955 3047 nec
1975 3019 2166 3060 utcumque

1174 3070 1234 3107 illa
1248 3069 1477 3122 dispensans,
1493 3069 1557 3108 sed.
1569 3079 1701 3121 quanta
1721 3085 1786 3122 par
1800 3070 1869 3122 ipsi
1885 3079 1958 3108 erat
1975 3071 2145 3122 sapientia
2156 3100 2165 3118 ⁷

1175 3140 1213 3169 ut
1241 3131 1379 3169 nullam
1416 3131 1550 3171 Judaeis
1589 3131 1647 3170 vel
1680 3131 1896 3183 impudentis
1929 3131 2167 3170 excusationis

1176 3206 1297 3231 ansam
1322 3192 1535 3244 relinqueret
1552 3208 1559 3229 :
1587 3192 1685 3244 quod
1704 3192 1933 3232 subindicans
1950 3192 2166 3243 evangelista

1205 3339 1217 3351 ⁶
1233 3331 1348 3365 Morcl.
1368 3336 1485 3375 μᾶλλον
1503 3335 1532 3366 δὲ
1546 3335 1600 3375 οὐχ
1616 3335 1727 3369 ἁπλῶς.
