2522 3683
83 1630 160 1658 Ilzid.
182 1640 205 1655 v.
226 1627 253 1655 5.

95 2318 168 2343 Ima,
187 2328 211 2343 1.
229 2315 257 2344 (J.

269 190 359 251 736

269 295 406 325 aetatem
424 285 542 325 obviis
564 285 659 324 ulnis
686 286 838 339 excipio.
868 287 965 324 Licet
985 286 1134 324 infantes
1160 286 1247 323 mihi

268 342 472 389 offerantur,
486 339 588 377 laetus
601 338 749 377 admitto
763 355 770 375 ε
784 353 865 377 nam
877 353 940 390 ego
952 339 1141 377 infantium
1155 353 1251 377 crea-

270 404 323 431 tor
344 407 435 441 sum,
454 401 488 429 et
506 400 654 444 pateret
673 401 796 441 mater,
812 401 845 429 et
865 392 956 430 altor
971 401 1004 430 et
1022 392 1250 430 alimentum:

270 447 344 484 sive
358 445 460 498 pueri
475 444 522 482 ad
541 459 596 483 me
614 444 848 482 balbutientes
868 445 1086 495 confugiant,
1106 444 1180 481 illis
1193 443 1252 482 de-

1223 206 1400 236 SPtJulA.

1322 291 1434 332 ζοντες
1461 286 1718 340 προσφύγωσιν,
1742 287 1891 338 ἥδομαι·
1915 288 1978 327 κᾶν
1997 289 2157 341 νεώτεροι
2181 303 2343 341 προσχω-

1325 339 1488 392 ρήσωσιν,
1523 341 1653 389 μᾶλλον
1684 340 1933 392 εὐφραίνομαι·
1968 342 2033 380 κᾶν
2067 341 2186 394 ἄνδρες
2220 341 2344 379 τέλειοι

1322 392 1604 444 προσδράμωσιν,
1616 392 1848 444 ὑποδέχομαι·
1864 394 1996 439 πάντας
2009 394 2085 438 τοὺς
2098 394 2186 446 μετὰ
2195 394 2346 436 πίστεως

1323 444 1603 497 προστρέχοντας
1633 448 1679 489 ὡς
1712 445 1878 498 ἀδελφοὺς
1920 447 2020 498 ἐμοὺς
2052 447 2345 499 περιπτύσσομαι.

271 500 381 536 lector
398 514 406 534 ε
425 498 501 537 sive
517 497 677 549 juniores
709 497 892 545 accedant,
922 497 1048 549 majori
1074 497 1256 549 voluptate
1278 506 1301 534 1)
1325 498 1500 550 Ὑπάγετε
1519 498 1578 536 καὶ
1599 500 1698 548 ὑμεῖς
1722 500 1770 541 εἷς
1791 499 1849 536 τὸν
1871 502 2073 549 ἀμπελῶνα.
2093 503 2146 539 Οὐ
2166 499 2347 552 λογίζομαι

271 551 468 604 perfundor
492 567 499 587 ε
525 550 599 589 sive
631 550 775 602 perfecti
794 549 865 588 viri
900 559 1100 598 accurrant,
1136 551 1254 602 suspi-

273 605 327 642 cio
349 620 355 640 :
373 617 493 642 omues
524 617 605 640 cum
633 602 703 640 fide
724 610 944 639 accurrentes
966 611 1147 653 tamquam
1179 603 1255 640 fra—

274 666 342 694 tres
378 670 474 694 meos
515 655 740 706 complector.
777 656 891 692 [teet
918 669 987 693 vos
1019 659 1061 692 in
1081 657 1253 692 vineam.

275 709 535 746 Praeteritariun
564 708 733 744 horarum
758 706 880 744 damni
903 707 1075 745 rationem
1099 721 1168 745 non
1196 708 1258 745 ha-

274 763 357 809 bco,
387 762 415 799 si
444 760 603 798 studium
635 770 668 797 et
702 759 921 798 alacritatem
952 761 1062 798 animi
1092 760 1255 806 videam,

275 814 426 865 ignavia:
460 812 791 865 praeponderantem
813 828 820 848 :
842 812 871 850 si
906 826 983 862 eos,
1017 814 1077 864 qui
1108 827 1171 851 vos
1198 828 1260 851 an-

276 875 510 914 teverterunt,
532 866 671 916 assequi
695 865 918 916 studueritis,
943 865 987 904 de
1017 866 1143 903 diurna
1169 880 1260 903 mer-

279 920 363 957 cede
393 919 590 969 quidquam
623 932 692 956 non
729 918 894 956 detraho.
927 919 1086 957 Deserite
1119 919 1261 957 vineam

279 975 297 1012 J
303 972 486 1010 udteorum
514 972 707 1023 ingratam,
727 971 970 1010 immemorem
986 971 1167 1019 beneficii,
1184 985 1261 1021 quae

279 1026 394 1064 solum
412 1034 552 1063 acetum
569 1024 668 1062 novit
679 1024 856 1061 excolere:
871 1024 1106 1074 derelinquite
1121 1024 1262 1060 vineam

279 1078 324 1116 de
342 1078 501 1130 AEgypto
525 1077 742 1125 translatam,
763 1085 795 1115 et
811 1075 1021 1114 idololatriae
1042 1075 1262 1127 AEgyptiacae

279 1131 505 1169 acerbitatem
528 1143 649 1167 secum
674 1128 1001 1177 circumferentem,
1021 1142 1097 1179 quae
1120 1128 1262 1165 botrum

280 1182 528 1221 amaritudinis
550 1181 693 1221 vinitori
712 1180 840 1218 didicit
859 1181 1073 1232 germinare,
1092 1188 1199 1230 atque
1218 1179 1264 1217 ad

280 1237 420 1274 vineam
439 1249 554 1273 meam
572 1234 738 1284 transite,
759 1235 794 1272 E
798 1242 811 1271 t
834 1235 937 1286 quod
952 1234 1261 1286 justzcnzsuerit,

281 1291 382 1327 dabo
401 1290 526 1327 vobis.
553 1287 632 1326 Non
663 1300 743 1324 sum
768 1287 935 1338 injustus,
960 1295 1086 1324 natura
1105 1300 1186 1323 sum
1200 1285 1263 1337 ju-

282 1350 382 1379 stus:
403 1355 472 1379 non
504 1355 583 1379 sum
612 1354 755 1389 avarus,
790 1339 851 1390 qui
878 1338 1047 1378 adversus
1077 1338 1266 1377 avaritiam

282 1396 375 1446 leges
393 1394 460 1432 tuli
476 1410 482 1430 :
500 1408 569 1432 non
593 1407 672 1431 sum
701 1393 862 1444 ingratus
880 1406 963 1444 erga
982 1401 1100 1442 gratos
1120 1405 1241 1429 servos
1256 1421 1265 1438 ,

283 1462 353 1485 non
377 1461 456 1486 sum
471 1461 599 1499 parcus
617 1454 677 1483 aut
692 1445 932 1498 pusillanimis
951 1459 1033 1496 erga
1054 1459 1111 1482 eos
1123 1473 1132 1489 ‚
1152 1444 1213 1495 qui
1231 1443 1266 1480 in

284 1515 340 1538 me
373 1499 590 1552 magnanimi
610 1499 730 1537 fuere:
765 1497 962 1536 mercedem
979 1497 1108 1536 vestris
1128 1496 1266 1534 labori—

282 1555 350 1592 bus
366 1555 535 1605 majorem
551 1552 768 1604 persolvam,
780 1551 873 1589 dona
887 1565 964 1601 quae
977 1550 1121 1588 sudores
1133 1558 1267 1589 vestros

1328 554 1396 588 τῶν
1413 552 1657 603 παρελθουσῶν
1678 554 1776 603 ὡρῶν
1799 551 1860 599 τὴν
1883 552 2023 603 ζημίαν,
2043 553 2102 591 ἐὰν
2130 553 2194 590 ἴδω
2220 556 2349 604 προθυ-

1328 603 1412 655 μίαν
1431 603 1729 654 ταλαντευομένην
1749 607 1791 656 τῆ
1816 605 1969 658 ῥᾳθυμία
1984 620 1992 627 ·
2017 608 2053 643 οὐ
2074 609 2161 656 μειῶ
2180 608 2241 651 τῆς
2263 604 2349 653 ἡμέ-

1328 671 1388 707 ρας
1413 655 1490 700 τοὺς
1508 656 1666 708 μισθοὺς,
1686 656 1744 694 ἐὰν
1771 656 1849 700 τοὺς
1866 657 2133 709 προφθάσαντας
2156 660 2247 708 ὑμᾶς
2276 659 2350 695 ἐπι-

1327 709 1816 762 φθάσαισπουδάζητε.Ἄφετε
1825 710 1882 748 τὸν
1892 712 2083 760 ἀμπελῶνα
2095 709 2350 748 τῶνἾουδοιίων

1327 763 1384 799 τὸν
1406 762 1614 812 ἀγνώμονα,
1642 763 1700 801 τὸν
1730 762 1932 815 ἀχάριστον,
1965 764 2022 802 τὸν
2053 762 2126 807 ὅξος
2156 763 2256 813 μόνον
2278 763 2352 800 ἔπι-

1329 814 1498 864 στάμενον
1518 821 1682 869 γεωργεῖν
1696 832 1703 839 ·
1721 815 1951 854 καταλείπετε
1975 816 2038 863 τὴν
2058 816 2215 867 ἄμπελον
2237 815 2298 862 τὴν
2318 815 2352 859 ἐξ

1330 867 1506 918 Αἰγύπτου
1545 873 1879 921 μεταφυτευθεῖσαν,
1912 869 1971 906 καὶ
2008 873 2070 916 τῆς
2113 871 2354 920 Αἰγυπτιακῆς

1331 920 1614 972 εἷδωλολατρείας
1630 921 1691 968 τὴν
1712 920 1854 973 πικρίαν
1871 921 2137 974 περιφέρουσαν,
2154 922 2212 960 καὶ
2230 921 2354 973 βότρυν

1330 971 1471 1024 πικρίας
1491 977 1666 1023 μαθοῦσαν
1686 973 1891 1024 βλαστάνειν
1911 977 1960 1026 τῷ
1981 977 2177 1027 φυτουργῶ,
2194 974 2253 1012 καὶ
2267 974 2354 1025 πρὸς

1330 1024 1386 1062 τὸν
1407 1025 1489 1074 ἐμὸν
1511 1026 1701 1075 ἀμπελῶνα
1723 1027 1918 1076 μετάστητε
1931 1043 1939 1050 ·
1960 1027 2031 1065 Καὶ
2051 1027 2069 1065 ὃ
2089 1028 2147 1065 ἐὰν
2167 1023 2190 1074 ἦ
2210 1026 2354 1074 δίκαιον,

1332 1076 1431 1114 δώσω
1451 1078 1543 1126 ὑμῖν.
1564 1079 1641 1116 Οὐκ
1660 1079 1732 1128 εἰμὶ
1757 1079 1893 1127 ἄδικος,
1915 1079 2006 1117 κατὰ
2024 1079 2124 1131 φύσιν
2144 1072 2274 1123 δίκαιος
2293 1079 2356 1118 πέ-

1333 1144 1444 1192 φυκα·
1469 1132 1530 1168 οὐκ
1553 1130 1625 1181 εἰμὶ
1650 1130 1882 1178 πλεονέκτης,
1910 1135 1927 1169 ὃ
1952 1132 2044 1170 κατὰ
2071 1136 2133 1178 τῆς
2159 1131 2357 1176 πλεονεξίας

1286 1192 1308 1221 E
1334 1196 1455 1232 νόμους
1471 1182 1669 1232 ἐκθέμενος·
1690 1185 1750 1221 οὐκ
1775 1183 1848 1234 εἰμὶ
1868 1183 2039 1234 ἀγνώμων
2068 1184 2148 1238 περὶ
2174 1184 2252 1228 τοὺς
2272 1183 2357 1222 ”513—

1333 1234 1514 1285 γνώμονας
1539 1235 1676 1278 δούλους
1688 1267 1696 1279 ,
1718 1238 1779 1274 οὐκ
1793 1236 1864 1287 εἰμὶ
1881 1237 2086 1303 μικρόλογος
2101 1236 2122 1283 ἢ
2142 1238 2358 1290 μικρόψυχος

1334 1286 1413 1339 περὶ
1431 1287 1508 1330 τοὺς
1524 1288 1786 1342 μεγαλοψύχους
1801 1289 1881 1340 περὶ
1901 1289 1963 1340 ἐμέ
1978 1305 1985 1313 ·
2002 1291 2102 1328 δωσω
2119 1293 2197 1340 ὑμῖν
2218 1289 2360 1341 μισθοὺς

1334 1340 1524 1393 παριόντας
1552 1340 1629 1384 τοὺς
1654 1341 1795 1384 πόνους·
1826 1341 2018 1393 χορηγήσω
2048 1343 2178 1395 δωρεὰς
2208 1342 2358 1385 νικώσας

1335 1392 1412 1435 τοὺς
1428 1394 1575 1445 ἱδρῶτας
1594 1396 1703 1444 ὑμῶν.
1720 1394 1835 1432 Πάλιν
1854 1394 1974 1440 ἐξῆλθε
1992 1396 2072 1448 περὶ
2098 1395 2160 1442 τὴν
2181 1396 2283 1442 ἕκτην
2300 1395 2361 1433 καὶ

1335 1445 1477 1492 ἐννάτην
1494 1448 1600 1500 ὥραν,
1615 1447 1673 1484 καὶ
1691 1447 1850 1493 ἐποίησεν
1867 1447 2042 1492 ὡσαύτως.
2062 1449 2115 1486 Οὐ
2135 1450 2359 1498 καταλιμπά-

1336 1515 1383 1536 νω
1412 1499 1531 1551 καιρὸν
1552 1499 1671 1538 οὐδένα
1688 1517 1695 1524 ·
1718 1500 1899 1551 σαγηνεύω
1923 1500 2000 1544 τοὺς
2015 1501 2201 1548 θέλοντας,
2232 1501 2292 1539 καὶ
2321 1503 2358 1539 οὗ

1336 1551 1459 1602 κάμνω
1486 1551 1562 1595 τοὺς
1589 1552 1784 1603 κάμνοντας
1810 1555 1843 1591 ἐν
1864 1559 1939 1595 ταῖς
1966 1553 2155 1607 ἁμαρτίαις
2183 1554 2269 1606 πρὸς
2305 1554 2358 1590 δι-

283 1607 440 1656 vincant,
459 1605 656 1658 impertiar.
675 1607 820 1642 Iterum
837 1606 929 1641 exiit
943 1606 1047 1641 circa
1063 1612 1211 1641 sextam
1233 1611 1324 1656 et100
1336 1603 1524 1652 καιοσύνην
1540 1606 1669 1643 καλῶν.
1686 1604 1854 1651 Ἐξῆλθον
1879 1605 1989 1654 ἅπαξ,
2009 1607 2068 1644 καὶ
2087 1606 2257 1659 θηρεύσας
2280 1606 2361 1644 ὑπέ-

286 1674 428 1698 nonam
448 1661 597 1704 horam,
619 1666 655 1695 et
662 1658 767 1710 fecit
791 1657 979 1694 similiter.
1007 1655 1158 1693 Nullum
1174 1665 1265 1693 tem-
1290 1669 1314 1697 Α
1338 1658 1470 1708 στρεψα
1484 1674 1491 1681 ·
1516 1656 1655 1704 ἐξῆλθον
1676 1658 1847 1711 δεύτερον,
1871 1658 1929 1696 καὶ
1957 1659 2137 1712 ζωγρήσας
2153 1659 2360 1710 ἀνέκαμψα·

284 1728 351 1765 pus
374 1713 504 1750 vomitto
521 1727 529 1748 z
545 1724 665 1749 omnes
680 1709 835 1748 volentes
855 1722 981 1760 sagena
1000 1709 1135 1757 irretio,
1159 1722 1269 1759 neque

285 1766 379 1804 iniis
398 1765 459 1816 qui
484 1765 519 1801 in
538 1762 689 1816 peccatis
708 1762 891 1813 defatigati
914 1770 1007 1811 sunt,
1028 1761 1075 1799 ad
1091 1760 1267 1814 justitiam

285 1818 455 1857 vocandis
473 1817 658 1867 defatigor.
680 1815 795 1853 Semel
815 1828 973 1866 egressus
992 1828 1083 1864 sum,
1103 1823 1136 1852 et
1159 1828 1269 1852 vena—

287 1882 343 1910 tus
370 1871 460 1909 redii
476 1887 482 1907 :
498 1870 627 1908 iterum
645 1883 724 1907 sum
743 1881 914 1919 egressus,
942 1875 975 1905 et
999 1875 1123 1905 auctus
1150 1866 1267 1918 praeda

288 1925 416 1962 reverti
435 1941 441 1961 :
460 1936 618 1974 egressus
653 1935 732 1959 sum
762 1920 882 1969 tertio,
907 1929 942 1957 et
962 1920 1095 1958 ditatus
1127 1919 1268 1957 reveni:

287 1987 413 2028 quarto
428 1976 519 2014 eirca
535 1975 661 2012 horam
679 1987 808 2011 nonam
833 1973 945 2022 exivi,
965 1981 998 2010 et
1016 1971 1196 2011 nonnullis
1214 1985 1270 2009 ca-

287 2031 358 2082 ptis
383 2029 546 2069 advenio.
577 2028 718 2074 Quanto
736 2025 954 2076 frequentius
982 2025 1028 2063 ad
1050 2039 1194 2064 cursum
1216 2039 1272 2062 me

288 2084 437 2131 confero,
453 2090 550 2120 tanto
568 2079 761 2118 ardentiori
777 2078 953 2116 desiderio
972 2079 1190 2116 inflammor:
1201 2092 1271 2129 quo

288 2136 406 2188 plures
425 2134 577 2183 adduco,
597 2147 637 2170 eo
656 2132 775 2184 plures
793 2131 882 2169 alios
902 2140 1031 2184 exopto
1046 2140 1098 2169 :et
1117 2131 1196 2168 illos
1212 2146 1273 2169 na-

289 2198 378 2237 ctus,
402 2189 489 2226 alios
509 2200 651 2225 rursum
671 2184 810 2236 requiro
827 2200 833 2220 :
852 2198 972 2222 omnes
994 2185 1089 2222 enim
1111 2183 1273 2222 homines

288 2243 370 2280 volo
387 2241 504 2280 salvos
520 2239 597 2277 fieri
616 2246 650 2276 et
669 2238 716 2275 ad
731 2237 948 2288 agnitionem
965 2237 1123 2275 veritatis
1142 2237 1271 2276 venire.

341 2297 379 2333 9.
405 2295 519 2333 Circa
541 2293 785 2330 undecimam
806 2298 936 2328 autem
958 2291 1094 2327 horam
1111 2292 1218 2336 exiit,
1237 2299 1273 2328 et

289 2351 441 2386 invenit
457 2347 556 2384 alios
580 2353 727 2383 stantes
760 2346 913 2382 otiosos.
934 2343 1013 2380 Non
1035 2357 1130 2380 cesso
1149 2343 1273 2381 diabo-

289 2402 365 2439 lum
387 2399 552 2453 spoliare,
577 2396 750 2448 quamdiu
777 2396 851 2435 vita
876 2396 942 2434 ista
969 2395 1273 2447 superfuerittnon

290 2454 432 2492 cessabo
448 2461 594 2490 mortem
607 2448 821 2503 depraedari,
835 2463 970 2487 saevum
979 2449 1114 2499 generis
1126 2448 1275 2486 humani

292 2509 422 2544 furem:
445 2519 513 2543 non
524 2518 669 2557 possum
681 2517 750 2541 non
766 2517 837 2550 eos,
858 2502 919 2552 qui
938 2501 1083 2554 proprio
1102 2500 1273 2539 arbitratu

293 2560 457 2597 mortales
472 2567 552 2595 sunt
570 2557 653 2594 facti
664 2586 673 2604 ,
686 2555 731 2593 ad
747 2555 1051 2593 immortalitatem
1064 2554 1251 2592 traducere
1264 2587 1274 2604 ⁷

293 2613 488 2662 usquedum
513 2619 713 2647 extremum
741 2623 845 2646 suum
865 2608 1032 2659 spiritum
1057 2607 1271 2646 exhalarint.

293 2667 481 2716 Propterea
495 2677 537 2700 ne
548 2662 769 2700 undecimam
781 2661 928 2712 quidem
941 2661 1064 2698 horam
1073 2669 1273 2698 contemno:

294 2727 476 2770 propterca
507 2716 643 2753 foribus
672 2714 867 2752 inferorum
894 2713 1047 2762 assides),
1074 2722 1112 2750 ut
1136 2713 1274 2763 aliquos

294 2779 374 2808 ante
399 2778 546 2806 mortem
574 2768 620 2805 ad
648 2767 759 2805 vitam
789 2766 921 2818 possim
940 2766 1139 2804 trzmsferre.
1160 2767 1273 2804 Circa

297 2824 539 2860 undecimam
553 2829 679 2857 aulem
692 2822 828 2857 horam
842 2822 950 2865 erili,
966 2828 998 2856 et
1013 2821 1160 2856 invenit
1176 2820 1274 2856 alios

296 2883 441 2913 stantes
469 2876 621 2917 otiosos,
644 2881 679 2909 et
707 2874 799 2910 dicit
820 2872 923 2909 illis.-
943 2873 1046 2921 Quid
1071 2873 1133 2908 hic
1162 2875 1275 2909 statis

297 2937 378 2965 lota
394 2928 455 2963 die
469 2928 603 2962 otiosi?
619 2928 642 2961 A
651 2939 670 2961 11
690 2924 852 2961 ecclesias
867 2938 931 2960 111111
948 2923 1109 2961 habetis?
1123 2924 1275 2975 prophe-

297 2990 349 3018 1115
369 2993 437 3017 11011
458 2977 619 3015 habetis?
642 2977 817 3027 apostolos
837 2990 903 3013 non
922 2976 1084 3014 habetis?
1103 2974 1277 3027 martyres

296 3047 364 3071 non
387 3030 547 3069 habetis?
562 3029 764 3080 Scripturas
783 3028 922 3066 divinas
936 3043 1005 3066 non
1024 3028 1190 3066 habetis?
1206 3030 1276 3081 spi-

296 3085 422 3124 rituale
448 3084 586 3121 nullum
613 3081 725 3133 opus?
749 3081 850 3130 Quid
870 3094 951 3129 ergo
976 3085 1087 3118 statis
1107 3083 1169 3118 hic
1197 3090 1278 3119 tota

295 3140 357 3176 die
376 3139 513 3175 otiosi?
529 3137 606 3174 Non
635 3133 743 3170 solem
773 3132 904 3169 videtis
923 3141 1052 3169 statum
1072 3147 1176 3170 suum
1196 3148 1277 3171 cur-

295 3206 372 3229 sum
390 3187 636 3243 peragentem?
657 3199 724 3223 non
746 3185 867 3221 lunam
886 3184 1014 3221 vidctis
1036 3186 1191 3223 Creatori
1216 3200 1277 3223 au-

294 3242 495 3282 rillantemf‘
522 3254 589 3279 11011
619 3247 812 3277 creaturam
840 3236 971 3274 videtis
997 3237 1182 3275 Conditori
1204 3251 1276 3275 ser-

1337 1709 1475 1756 ἐξῆλθον
1493 1710 1621 1762 τρίτον,
1650 1711 1710 1749 καὶ
1729 1711 1927 1757 πλουτήσας
1944 1712 2182 1758 ἐπανελήλυθα
2196 1728 2203 1735 ·
2221 1711 2360 1758 ἐξῆλθον

1336 1762 1498 1815 τέταρτον
1519 1763 1599 1815 περὶ
1617 1762 1680 1809 τὴν
1698 1764 1842 1810 ἐννάτην
1870 1764 1976 1817 ὥραν,
1992 1764 2052 1802 καὶ
2079 1764 2197 1803 λαὸὼν
2216 1764 2293 1811 ἥκω
2309 1780 2362 1803 τι-

1336 1815 1407 1858 νάς.
1421 1815 1532 1854 εΌσον
1544 1819 1672 1868 συνεχῆ
1693 1821 1859 1867 ποιοῦμαι
1874 1816 1930 1854 τὸν
1952 1816 2091 1868 δρόμον,
2109 1822 2267 1855 τοσοῦτον
2285 1820 2361 1869 θερ-

1339 1869 1482 1920 μότερον
1499 1869 1683 1921 ἀναφλέγω
1699 1869 1756 1907 τὸν
1772 1869 1876 1907 πόθον
1893 1885 1900 1892 ·
1917 1870 2014 1912 ὅσους
2034 1869 2092 1908 ἐὰν
2114 1870 2360 1923 προσάγωμαι,

1338 1922 1520 1964 τοσούτους
1535 1922 1658 1965 ἄλλους
1677 1924 1772 1960 ποθῶ
1788 1937 1795 1945 ·
1811 1921 1987 1965 κάκείνους
2003 1921 2122 1974 εὑρὼν,
2139 1923 2274 1975 ἑτέρους
2288 1924 2360 1960 ἐπι-

1339 1978 1451 2020 ζητῶ·
1472 1974 1560 2012 θέλω
1581 1974 1648 2026 γὰρ
1665 1975 1799 2017 πάντας
1825 1974 2024 2028 ἀνθρώπους
2045 1978 2213 2022 σωθῆναι,
2237 1975 2297 2014 καὶ
2314 1977 2362 2019 εἷς

1340 2027 1523 2079 ἐπίγνωσιν
1545 2027 1706 2075 ἀληθείας
1720 2028 1843 2066 ἐλθεῖν.

1396 2289 1483 2342 Περὶ
1505 2289 1540 2328 δὲ
1559 2289 1620 2336 τὴν
1642 2289 1825 2335 ἑνδεκάτην
1840 2289 1934 2340 ὥραν
1955 2288 2112 2336 ἐξελθὼν,
2127 2282 2224 2340 εῧρεν
2239 2289 2363 2332 ἄλλους

1343 2346 1495 2385 ἑστῶτας
1527 2341 1669 2397 ἀργούςᾧ
1691 2345 1744 2381 Οὐ
1763 2341 1920 2392 παύομαι
1940 2344 2078 2392 γυμνῶν
2110 2341 2166 2380 τὸν
2190 2341 2363 2387 διάὸολον,

1343 2396 1407 2439 ἕως
1436 2395 1475 2433 ἂν
1497 2398 1515 2432 ὃ
1536 2394 1608 2446 βίος
1632 2399 1727 2437 οὗτος
1752 2394 1878 2447 παρείη
1894 2410 1902 2417 ·
1922 2397 1960 2432 οὐ
1979 2393 2159 2445 παύσομαι
2184 2395 2362 2446 λῃστεύων

1342 2450 1399 2487 τὸν
1429 2449 1587 2494 θάνατον,
1610 2447 1667 2485 τὸν
1685 2448 1793 2486 δεινὸν
1823 2447 1975 2493 κλέπτην
1997 2450 2060 2493 τῆς
2080 2448 2361 2500 ἀνθρωπότητος·

1344 2504 1404 2540 οὐκ
1431 2501 1601 2552 ἀνέχομαι
1632 2500 1708 2544 τοὺς
1735 2500 1803 2538 ἀπὸ
1828 2499 1970 2550 γνώμης
2005 2500 2131 2543 οἰκείας
2162 2499 2364 2552 γενομένους

1344 2553 1484 2600 θνητοὺς
1502 2553 1549 2604 μὴ
1568 2553 1775 2603 μεταδαλεῖν
1791 2553 1876 2605 πρὸς
1890 2553 2092 2600 ἀθανασίαν,
2111 2553 2175 2597 ἕως
2189 2556 2293 2599 αὐτῆς
2308 2555 2366 2591 αὖ·

1343 2611 1411 2645 τῶν
1430 2606 1631 2649 τελευταίας
1651 2609 1837 2651 ἀναπνοῆς.
1853 2606 1920 2643 Διὰ
1939 2610 2040 2644 τοῦτο
2058 2605 2132 2644 οὐδὲ
2148 2609 2210 2652 τῆς
2227 2605 2365 2643 ἑνδεκά-

1343 2677 1403 2707 της
1419 2659 1511 2712 ὥρας
1533 2662 1740 2726 καταιρρονῶ
1753 2674 1760 2681 ·
1785 2658 1841 2696 διὰ
1857 2662 1957 2696 τοῦτο
1975 2658 2194 2710 προσεδρεύω
2209 2665 2284 2702 ταῖς
2298 2657 2365 2696 πύ-

1342 2715 1418 2757 λαις
1439 2718 1498 2751 τοῧ
1518 2711 1612 2763 ᾅδου,
1627 2714 1683 2750 ἳνα
1703 2712 1838 2758 δυνηθῶ
1854 2726 1948 2753 τινας
1968 2711 2036 2763 πρὸ
2061 2716 2121 2749 τοῦ
2138 2710 2283 2750 θανάτου
2304 2727 2368 2761 με-

1296 2777 1318 2806 B
1343 2768 1518 2811 ταστῆσαι
1535 2765 1620 2817 πρὸς
1632 2765 1694 2811 τὴν
1715 2763 1818 2809 ζωήν.
1838 2763 1926 2815 Περὶ
1942 2763 1976 2801 δὲ
1991 2762 2054 2810 τὴν
2069 2763 2254 2809 ἑνδεκάτην
2271 2763 2364 2816 ὥραν

1345 2818 1499 2864 ἐξελθὼν,
1513 2820 1615 2872 Νεῦρεν
1641 2817 1763 2858 ἄλλους
1783 2818 1935 2859 ἑστῶτας
1958 2815 2097 2869 ἀργοὺς,
2115 2816 2174 2853 καὶ
2191 2816 2285 2866 λέγει
2302 2818 2365 2854 αὖ-

1346 2878 1415 2914 τοῖς
1429 2887 1436 2894 ·
1455 2871 1490 2908 τί
1509 2872 1574 2908 ὧδε
1592 2869 1760 2916 ἑστήκατε
1778 2867 1862 2915 ὅλην
1888 2867 1949 2914 τὴν
1969 2868 2103 2921 ἡμέραν
2128 2868 2250 2920 ἀργοίς
2275 2868 2364 2906 Ἔκ-

1345 2924 1490 2970 κλησίας
1516 2925 1578 2961 οὐκ
1597 2923 1714 2974 ἔχετε5
1737 2921 1915 2972 προφήτας
1935 2923 1995 2958 οὐκ
2014 2921 2134 2972 ἔχετες
2154 2919 2366 2964 ἀποστόλους

1345 2979 1407 3014 οὐκ
1435 2976 1556 3028 {Zeu-:3
1584 2975 1762 3026 μάρτυρας
1791 2975 1854 3010 οὐκ
1882 2973 2000 3024 ἕχετε;
2030 2973 2122 3027 θεωίας
2145 2973 2287 3026 Γραφὰς
2302 2975 2365 3026 οὐκ

1345 3028 1441 3080 ἔχετε
1455 3044 1464 3075 ;
1484 3027 1718 3078 πνευματικὸν
1734 3026 1830 3077 ἔργον
1847 3026 1961 3073 οὐδέν;
1979 3026 2025 3064 Τί
2040 3029 2097 3064 οὐν
2114 3026 2284 3072 ἑστήκατε
2298 3026 2364 3062 ὧδε

1346 3082 1426 3128 ὅλην
1443 3080 1506 3127 τὴν
1521 3080 1655 3132 ἡμέραν
1677 3078 1796 3130 ἀργοί;
1815 3081 1867 3116 Οὐ
1884 3078 2030 3130 βλέπετε
2047 3078 2105 3116 τὸν
2124 3078 2219 3124 ἥλιον
2239 3078 2295 3115 τὸν
2309 3093 2363 3114 τε-

1345 3133 1515 3184 ταγμένον
1545 3133 1670 3184 δρόμον
1692 3130 1857 3178 ἀνύοντα·,
1885 3133 1938 3169 Οὐ
1969 3131 2114 3182 βλέπετε
2134 3131 2196 3176 τὴν
2217 3129 2363 3175 σελήνην

1347 3188 1571 3224 διακονοῦσαν
1583 3189 1631 3236 τῷ
1651 3183 1829 3230 κτίσαντι;
1848 3186 1885 3222 οὐ
1907 3183 2051 3234 βλέπετε
2071 3183 2133 3229 τὴν
2154 3182 2264 3220 κτίσιν
2286 3182 2361 3219 δου-

1346 3238 1512 3276 λεύουσαν
1524 3241 1572 3289 τῷ
1583 3238 1711 3287 ποιητῇ
1725 3237 1782 3284 5οὖ
1795 3235 1938 3287 βλέπετε
1949 3238 2018 3274 τῶν
2030 3235 2208 3286 στοιχείων
2219 3234 2362 3272 ἕκαστον

337 3379 351 3400 t,
377 3376 467 3408 Unus
482 3372 593 3407 Codex
613 3380 697 3405 recte
717 3375 908 3414 εόγνςίψωας.
928 3369 986 3402 Atii
1004 3376 1035 3401 ct
1051 3367 1139 3400 Edu
1159 3375 1343 3410 ἀγνώμονας,
1364 3367 1458 3400 male.
