2481 3678
700 217 742 245 ΙΝ
782 217 890 246 ,ΙΟΛΝ
902 216 993 245 ΝΕΜ
1030 215 1186 245 noMIL.

131 298 307 338 σαῧὸάτου
330 299 424 338 λύσιν
448 299 588 337 ἵσταται
606 298 736 349 λέγων·
760 301 812 337 Οὐ
833 300 982 344 Μωῦσῆς
1004 297 1150 336 δέδωκεν

670 359 696 373 ,ν

131 363 211 410 ὑμῖν
231 361 287 398 τὸν
308 360 425 412 νόμον,
451 360 511 398 καὶ
535 359 642 403 οὐδεὶς
664 375 696 404 ες
717 361 813 410 ὑμῶν
832 365 929 413 τηρεῖ
949 359 1007 398 τὸν
1026 357 1148 406 νόμον;
1176 365 1199 395 B

131 420 273 459 Ὡσανεὶ
298 420 432 472 ἔλεγεν·
451 414 543 459 εἶπεν
566 423 583 458 ὃ
605 420 726 472 νόμος,
742 423 779 458 οὗ
796 420 967 473 φονεύσεις
979 435 986 443 ·
1005 422 1101 469 ὑμεῖς
1117 416 1152 455 δὲ

131 482 304 533 φονεύετε,
333 482 392 520 καὶ
428 482 504 533 ἐμοὶ
535 483 714 534 ἐγκαλεῖτε
743 485 788 526 ὡς
817 481 1069 534 παραὸαίνοντι
1097 479 1154 517 τὸν

131 543 255 594 νόμον5
275 543 378 582 Διατί
403 543 437 581 δὲ
457 537 563 591 εἶπεν,
584 543 732 589 Οὐδείς5
751 541 836 582 “Ort
863 542 989 585 πάντες
1015 540 1153 587 ἐζήτουν

130 605 232 645 αὐτὸν
255 606 469 643 ἀποκτεῖναι.
502 603 596 657 Ἐγὼ
614 604 675 656 μὲν
697 599 751 642 οὖν
767 606 796 641 εἷ
820 603 879 641 καὶ
898 602 1005 641 ἔλυσα
1025 602 1080 639 τὸν
1100 602 1154 641 νό-

134 681 210 716 μον,
231 665 348 717 φησὶν,
371 665 461 704 ἀλλὰ
487 665 666 718 ἄνθρωπον
688 664 802 708 σώσας
815 679 822 687 ·
841 667 936 714 ὑμεῖς
950 662 986 700 δὲ
1005 662 1156 714 *παρα-

131 726 268 765 &alvers
285 727 342 766 ἐπὶ
357 729 467 780 κακῷ.
484 727 536 766 Τὸ
555 728 637 778 ἐμὸν
655 729 684 765 εἷ
699 726 759 764 καὶ
782 723 982 777 παράὸασις
1003 718 1058 772 ἦν,
1078 725 1154 762 ἀλλ’

130 787 187 824 ἐπὶ
204 787 382 841 σωτηρίᾳ,
406 787 464 826 καὶ
484 790 546 826 οὐκ
565 789 671 839 ἐχρῆν
686 788 741 838 ὑφ’
755 789 855 836 ἡμῶν
873 788 941 824 τῶν
960 785 1004 824 τὰ
1019 785 1154 837 μεγαλα

129 849 418 900 παραὸαινόντων
453 848 514 899 ἐμὲ
562 848 750 900 κρίνεσθαι.
786 848 838 885 Τὸ
872 847 939 901 γὰρ
977 847 1154 899 ὑμέτερον,

131 909 308 961 ἀνατροπὴ
328 913 387 948 τοῦ
413 909 520 960 νόμου
538 908 678 952 παντός.
698 902 789 947 Εἶτα
804 908 864 947 καὶ
881 907 1154 961 ἐπαγωνίζεται,

128 969 243 1009 καίτοι
267 970 381 1009 πολλὰ
400 970 460 1009 καὶ
490 969 602 1016 πρίλαι
623 969 816 1022 διαλεχθείς
831 985 838 993 ·
860 969 950 1008 ἀλλὰ
983 969 1062 1008 τότε
1091 969 1153 1020 μὲν

128 1030 339 1085 ὑψηλότερον
355 1031 415 1069 καὶ
433 1031 526 1071 κατὰ
539 1031 602 1079 τὴν
624 1031 720 1076 ἀξίαν
740 1031 802 1078 τὴν
820 1033 923 1070 αὐτοῦ
937 1062 946 1079 ,
965 1034 1022 1069 νῦν
1042 1031 1077 1070 δὲ
1094 1048 1153 1070 τα-

130 1092 340 1145 πεινότερον.
363 1092 410 1132 Τί
432 1092 580 1142 δήποτε5
599 1092 687 1133 εΌτι
716 1095 778 1131 οὐκ
808 1093 968 1132 ἐὲούλετο
999 1096 1153 1145 συνεχῶς

128 1154 351 1206 παρακνίζειν
375 1154 510 1198 αὐτούς.
543 1157 641 1193 ἃΝῦν
661 1154 727 1206 γὰρ
755 1154 800 1192 τὰ
831 1156 894 1200 τῆς
916 1156 1021 1207 ὀργῆς
1040 1155 1154 1194 ἐπιτέ-

130 1232 213 1255 τατο
226 1246 236 1264 ,
260 1216 319 1254 καὶ
343 1218 390 1260 εἷς
414 1216 513 1269 φόνον
529 1217 716 1269 προῄεσαν.
736 1216 799 1254 Διὸ
819 1216 926 1267 μένει,
947 1216 1006 1255 δύο
1024 1217 1154 1260 τούτοις

130 1277 374 1316 καταστέλλων
396 1277 538 1321 αὐτούς·
572 1280 621 1329 τῷ
652 1293 690 1315 τε
719 1276 855 1329 ἐλέγξαι
879 1278 992 1315 αὐτῶν
1014 1278 1054 1316 τὸ
1074 1277 1154 1316 τόλ-

130 1354 234 1388 μημα
256 1338 315 1376 καὶ
342 1340 463 1386 εἰπεῖν,
483 1338 530 1377 Τί
550 1355 593 1388 με
621 1340 753 1385 ζητεῖτε
776 1341 998 1384 ἀποκτεῖναι5
1025 1338 1085 1376 καὶ
1105 1341 1155 1390 τῷ

131 1401 205 1448 μετ’
228 1398 415 1442 ἐπιεικείας
446 1401 566 1446 εἰπεῖν,
595 1399 807 1450 Ἄνθρωπον,
840 1398 874 1442 ὃς
899 1398 962 1445 τὴν
991 1399 1155 1445 ἀλήθειαν

461 1458 570 1472 mmm?

128 1459 306 1507 λελάληκα
318 1489 328 1507 ,
353 1460 413 1497 καὶ
436 1476 485 1511 τῳ
503 1473 610 1503 οειςαι
631 1459 683 1497 ὅτι
701 1463 867 1511 φονῶντες
883 1461 944 1497 οὐκ
965 1460 1049 1498 εἰσὶν
1067 1459 1156 1504 ἄξιοι

129 1519 258 1572 κρίνειν
278 1520 405 1571 ἕτερον.
435 1519 485 1558 Σὺ
507 1520 542 1558 δὲ
559 1520 623 1571 ὅρα
652 1520 711 1558 καί
736 1524 798 1567 τῆς
817 1520 1020 1571 ἐρωτήσεως
1033 1521 1072 1559 τὸ
1087 1537 1154 1558 τα-

127 1581 245 1619 πεινὸν
260 1583 322 1627 τῆς
340 1585 399 1619 τοῦ
418 1582 591 1633 Χριστοῦ,
618 1581 678 1621 καὶ
697 1585 759 1629 τῆς
777 1581 993 1635 ἀποκρίσεως
1015 1581 1153 1620 ἐκείνων

127 1642 166 1680 τὸ
187 1642 305 1695 θρασύ.
325 1642 511 1693 Δαιμόνιον
536 1643 625 1695 ἔχεις
641 1659 649 1666 ·
672 1643 724 1687 τίς
751 1659 788 1682 σε
813 1645 907 1689 ζητεῖ
934 1646 1153 1692 ἀποκτεῖναι5

130 1704 262 1756 Ὀργῆς
278 1704 317 1742 τὸ
335 1706 430 1756 ῥῆμα
443 1735 452 1752 ,
470 1705 530 1742 καὶ
550 1708 678 1755 Θυμοῦ,
704 1704 763 1744 καὶ
777 1707 892 1757 ψυχῆς
908 1705 1156 1758 ἀναισχυντού-

129 1781 192 1811 σης
208 1765 265 1804 ἐπὶ
279 1767 329 1817 τῷ
348 1765 552 1817 παραδόξως
569 1766 795 1818 ἐληλέγχιθαι,
810 1766 869 1803 καὶ
883 1769 1155 1818 προκαταπλητ-

128 1827 276 1877 τομένης
292 1830 416 1875 αὐτῶν,
434 1830 480 1871 ὡς
491 1827 611 1880 ᾤοντο.
632 1829 802 1882 Καθάπερ
814 1828 882 1882 γὰρ
893 1828 1023 1880 λῃσταί
1041 1827 1155 1872 τινεςὴ

128 1888 268 1939 ᾄδοντες
295 1888 353 1926 ἐπὶ
373 1894 450 1932 ταῖς
466 1888 665 1932 ἐπιδουλαῖς
678 1920 687 1937 ,
702 1883 776 1927 εἶτα
796 1890 1000 1941 βουλόμενοι
1019 1889 1155 1941 ἀφύλα-

127 1965 208 1988 κτον
224 1949 440 2001 ἐργάσασθαι
454 1949 512 1988 τὸν
528 1950 848 2001 ἐπιδουλευόμενον,
871 1950 928 1989 διὰ
940 1954 1002 1997 τῆς
1019 1953 1155 1998 σιωπῆς

126 2013 227 2048 τοῦτο
245 2014 412 2049 ποιοῦσιν·
438 2009 527 2048 οὕτω
547 2011 607 2049 καὶ
624 2006 729 2050 οὗτοι.
755 2012 866 2056 Αὐτὸς
883 2012 918 2051 δὲ
939 2012 1035 2064 ἀφεὶς
1056 2012 1153 2064 ἐλέγ-

128 2071 182 2114 ξαι
199 2075 299 2109 τοῦτο
311 2103 319 2118 ,
338 2071 426 2111 ὥστε
444 2072 492 2123 μὴ
513 2073 840 2125 ἀναισχυντοτέρους
855 2076 1001 2120 ποιῆσαι
1013 2105 1022 2122 ,
1046 2074 1152 2112 πάλιν

127 2134 188 2177 τῆς
209 2132 397 2184 ἀπολογίας
425 2133 574 2171 ἅπτεται
589 2136 650 2179 τῆς
668 2134 754 2187 ὑπὲρ
773 2139 833 2173 τοῦ
858 2134 1035 2173 σαόἒοίτου
1052 2166 1060 2181 ,
1085 2136 1154 2174 ἀπὸ

127 2197 185 2231 τοῦ
199 2192 304 2242 νόμου
319 2194 603 2245 συλλογιζόμενος
620 2194 751 2238 αὐτούς.

180 2588 249 2626 Καὶ
275 2587 340 2642 ὅρα
367 2591 441 2632 πῶς
465 2590 624 2632 συνετῶς.
654 2587 764 2627 Οὐδὲν
786 2587 1006 2639 Θαυμαστὸν,
1034 2587 1151 2639 φησιν,

130 2649 159 2684 εἰ
187 2649 270 2697 ἐμοῦ
298 2647 532 2701 παρακούετε,
559 2648 644 2686 ὅπου
665 2664 704 2698 γε
723 2651 782 2685 τοῦ
802 2647 928 2698 νόμου,
960 2650 998 2684 οὑ
1022 2647 1154 2684 δοκεῖτε
1186 2670 1191 2680 «

988 2704 1060 2718 &Nl

127 2704 288 2752 ἀκούειν,
315 2705 375 2743 καὶ
408 2706 445 2744 ὃν
477 2705 633 2756 νομίζετε
661 2705 758 2758 παρὰ
778 2705 956 2748 Μωϋσέως
984 2709 1154 2753 οεοοσθαι,

125 2765 351 2816 παρακούετε.
370 2765 480 2804 Οὐδὲν
502 2761 558 2804 οὖν
583 2767 720 2815 καινὸν,
743 2769 772 2804 εἰ
793 2773 864 2810 τοῖς
878 2769 972 2817 ἐμοῖς
991 2768 1028 2804 οὐ
1043 2781 1154 2819 προσ-

125 2827 222 2878 έχετε
243 2827 368 2878 λόγοις.
413 2828 561 2876 Ἐπειδὴ
583 2828 650 2880 γὰρ
677 2828 817 2881 ἔλεγον,
845 2827 898 2867 ὅτι
924 2831 1070 2867 Motae?
1093 2830 1154 2865 λε-

706 2890 715 2901 ’)
728 2888 755 2901 ’ΝΚ
806 2888 838 2901 :l'x
986 2887 995 2900 Ι

125 2886 277 2932 λάληκεν
303 2890 321 2925 ὃ
346 2887 435 2931 Θεὸς
449 2916 458 2934 ,
489 2892 607 2926 τοῦτον
628 2887 662 2927 δὲ
683 2903 759 2926 ουοε
786 2903 926 2938 οιοαμεν
947 2891 1051 2926 ποθεν
1069 2886 1156 2934 ἔστι,

125 2945 296 2984 δείκνυσιν
318 2949 372 2985 ὅτι
392 2948 452 2986 καὶ
467 2951 515 2992 εἷς
535 2950 661 2988 ἐκεῖνον
685 2949 840 3002 ῧὸριζον·
860 2948 920 2987 καὶ
941 2948 1010 3002 γὰρ
1027 2948 1086 2987 τὸν
1103 2947 1158 2985 νό-

125 3025 188 3060 μον
205 3013 330 3056 ἓκεῖνος
344 3012 463 3062 ἔδωκε,
477 3013 537 3052 καὶ
553 3016 615 3054 οὔκ
628 3014 791 3061 ἤκουσαν.
807 3015 872 3054 ’Ὲν
888 3015 986 3068 ἔργον
999 3013 1159 3062 ἐποίησα,
1168 3049 1215 3075 292
1229 3033 1306 3062 tum

1226 214 1348 244 xux.
1387 198 1448 242 al.
1488 213 1652 242 vam.
2119 202 2207 246 335

1224 294 1362 332 dictum
1393 302 1469 339 est,
1500 293 1712 343 confirmat,
1745 295 1841 343 quod
1879 309 2002 346 nempe
2040 298 2206 345 aequalem

1225 369 1261 392 se
1290 354 1397 392 faciat
1426 355 1518 402 Deo;
1547 354 1771 405 ostenditque
1798 368 1834 391 se
1865 369 1934 393 non
1965 370 2037 393 esse
2056 358 2128 393 Deo
2149 358 2210 395 ad-

1227 415 1447 465 versarium,
1472 415 1534 453 sed
1559 415 1707 464 eadem,
1733 429 1812 466 quae
1840 415 1902 453 ille
1930 416 2045 464 (licit,
2072 417 2210 467 dicere,

1226 475 1351 514 eadem
1378 475 1504 514 docere
1512 492 1524 527 5
1547 475 1693 514 demum
1716 476 1761 514 de
1784 476 1923 514 sabbati
1937 477 2111 516 solutione
2140 479 2214 529 agit

1226 537 1375 577 dicens:
1429 540 1538 577 'Onne
1564 541 1726 588 Moyses
1756 539 1862 577 dedit
1885 542 1996 578 vobis
2013 541 2145 592 legem,
2177 550 2214 578 et

1228 614 1338 638 nemo
1354 615 1402 638 ex
1422 602 1533 638 vobis
1549 609 1679 639 servat
1694 601 1838 653 legem?
1855 603 1904 638 Ac
1922 601 1951 638 si
1967 601 2099 639 diceret
2115 618 2121 637 :
2138 603 2213 640 Lex

1226 662 1350 700 statuit
1365 692 1375 711 ,
1394 663 1474 701 Non
1493 661 1632 700 occides
1647 677 1658 713 5
1684 675 1745 701 vos
1763 671 1881 700 autem
1900 662 2077 711 occiditis,
2097 673 2131 701 et
2160 678 2215 701 me

1226 733 1265 762 ut
1281 724 1370 776 legis
1393 734 1686 777 transgressorem
1704 724 1901 763 accusatis?
1920 726 1994 762 Cur
2017 734 2135 763 autem
2159 726 2215 764 di-

1226 785 1296 836 xit,
1322 787 1470 824 lVemoP
1485 786 1579 833 Quia
1610 800 1730 824 omnes
1755 786 1961 837 quaerebant
1979 801 2061 824 eum
2079 787 2214 825 interfi-

1225 861 1315 885 cere.
1339 848 1432 900 Ego,
1455 848 1586 900 inquit,
1602 848 1632 886 si
1650 847 1765 900 legem
1780 848 1884 897 solvi,
1897 847 1936 886 id
1954 848 2021 886 feci
2042 858 2079 886 ut
2098 849 2216 887 homi-

1225 923 1306 948 nem
1324 925 1503 949 servarem
1518 926 1530 961 5
1552 925 1616 950 vos
1634 920 1753 949 autem
1770 910 1818 948 ad
1836 910 1970 949 malum
1990 911 2216 950 inserendum

1225 972 1366 1011 solvitis
1383 973 1497 1012 illam.
1518 972 1671 1011 Etiamsi
1690 973 1970 1025 transgrederer,
1995 973 2033 1011 id
2051 973 2098 1011 ad
2123 975 2215 1012 salu-

1225 1043 1297 1072 tem
1320 1034 1436 1084 facio,
1461 1049 1575 1086 neque
1601 1044 1780 1088 oporteret
1806 1049 1862 1073 me
1886 1049 1907 1073 a
1938 1035 2062 1086 vobis,
2090 1036 2153 1087 qui
2179 1036 2214 1074 in

1226 1097 1396 1147 gravibus
1408 1097 1510 1135 illam
1517 1097 1822 1148 transgredimini,
1838 1097 2005 1136 incusari.
2020 1100 2053 1136 N
2055 1113 2111 1136 am
2118 1099 2216 1149 quod

1226 1173 1290 1196 vos
1312 1159 1442 1211 facitis,
1454 1160 1543 1212 legis
1558 1161 1693 1199 eversio
1710 1175 1856 1213 prorsus
1876 1170 1937 1200 est.
1953 1161 2092 1199 Deinde
2109 1162 2216 1200 etiam

1226 1219 1407 1272 decertat,
1435 1221 1500 1259 etsi
1527 1221 1631 1273 plura
1655 1221 1741 1259 olim
1767 1221 1989 1260 disseruisset
2003 1238 2014 1273 5
2043 1223 2106 1260 sed
2134 1232 2216 1261 tunc

1228 1283 1432 1334 sublimius,
1459 1293 1492 1322 et
1513 1283 1709 1322 secundum
1734 1283 1946 1335 dignitatem
1970 1299 2070 1322 suam
2083 1300 2094 1335 5
2123 1300 2217 1323 nune

1228 1353 1347 1382 autem
1368 1344 1554 1383 humilius.
1587 1345 1734 1392 Quare?
1763 1345 1857 1391 Quia
1880 1345 2023 1383 nolebat
2045 1355 2118 1384 tam
2144 1348 2216 1385 fre-

1227 1414 1375 1455 quenter
1402 1406 1483 1444 illos
1511 1420 1749 1458 exasperare,
1780 1420 1874 1443 nune
1901 1421 1985 1446 vero
2014 1407 2068 1444 ira
2097 1407 2216 1446 incen-

1228 1465 1424 1516 debantur,
1446 1476 1480 1504 et
1502 1467 1539 1504 in
1558 1466 1691 1504 eaedem
1708 1466 1970 1518 processissent.
1990 1468 2217 1520 Quapropter

1228 1526 1360 1565 insistit
1378 1536 1418 1565 ut
1438 1541 1561 1566 eorum
1584 1527 1722 1565 sedaret
1746 1527 1906 1565 animum
1921 1557 1932 1578 ,
1955 1528 2052 1566 hisee
2077 1529 2217 1567 duobus

1229 1598 1330 1627 utens
1361 1589 1499 1641 modis,
1534 1598 1568 1628 et
1598 1590 1734 1628 facinus
1763 1604 1956 1642 coarguens
1984 1590 2042 1628 his
2071 1591 2212 1641 verbis,

1233 1651 1338 1701 Quid
1362 1665 1422 1689 me
1446 1654 1618 1702 quaeritis
1643 1652 1884 1704 inteificere?
1900 1661 1933 1689 et
1961 1652 2119 1690 modeste
2147 1652 2217 1690 ad—

1228 1712 1329 1763 dens,
1350 1715 1572 1764 Hominem,
1600 1715 1667 1767 qui
1695 1716 1901 1752 veritatem
1923 1714 2103 1767 loquutus
2120 1728 2217 1764 sum,

1227 1783 1261 1812 et
1278 1775 1466 1814 ostendens
1485 1775 1580 1824 illos,
1603 1790 1686 1814 eum
1705 1775 1839 1814 eaedem
1851 1776 2001 1828 spirent,
2019 1791 2088 1815 non
2111 1776 2217 1815 dehe-

1226 1850 1263 1873 re
1281 1835 1325 1873 de
1344 1836 1424 1874 aliis
1443 1837 1620 1889 judicare.
1642 1838 1702 1876 Tu
1720 1852 1806 1877 vero
1826 1838 1916 1876 mihi
1934 1838 2134 1877 consideres
2158 1854 2217 1877 ve-

1224 1897 1305 1948 lim,
1325 1912 1433 1949 quam
1449 1897 1495 1936 sit
1509 1897 1659 1937 humilis
1682 1899 1818 1937 Christi
1842 1899 2087 1951 interrogatio,
2109 1915 2218 1951 quam

1225 1959 1427 1998 truculenta
1460 1959 1607 1998 illorum
1637 1961 1818 2013 responsio
1842 1977 1849 1998 ε
1879 1963 1941 1999 90.
1971 1963 2217 2000 Doemom'mn

1225 2022 1342 2059 hahes
1361 2038 1371 2058 .-
1396 2024 1481 2074 quis
1499 2030 1535 2059 te
1560 2025 1698 2075 quoerit
1714 2023 1929 2076 interficere
1942 2027 1958 2060 9
1974 2024 2135 2062 Verbum
2156 2024 2216 2061 irae

1224 2092 1257 2121 et
1287 2083 1433 2134 furoris,
1454 2083 1638 2135 animique
1656 2084 1693 2121 in
1720 2084 1983 2136 impudentiam
2010 2085 2095 2134 acti,
2118 2086 2216 2136 quod

1224 2145 1467 2197 inexspectato
1492 2145 1597 2183 modo
1618 2145 1931 2197 redarguerentur,
1954 2156 1986 2185 et
2014 2162 2050 2184 se
2074 2148 2215 2185 lacessi-

1224 2216 1277 2245 tos
1301 2215 1479 2259 putarent.
1512 2208 1563 2245 Ut
1591 2207 1687 2245 enim
1711 2207 1864 2245 latrones
1894 2208 1929 2246 in
1963 2208 2105 2246 insidiis
2133 2223 2214 2246 can-

1225 2278 1300 2307 tant
1313 2299 1322 2317 ,
1343 2269 1474 2307 deinde
1494 2278 1532 2306 ut
1552 2269 1770 2321 imparatum
1789 2269 2058 2321 aggrediantur,
2071 2270 2211 2307 silentio

1224 2345 1298 2368 rem
1314 2339 1511 2383 peragunt:
1531 2330 1580 2368 ita
1599 2339 1633 2367 et
1648 2330 1779 2369 Judaei.
1793 2332 1872 2382 Ipse
1893 2345 1987 2379 vero,
2007 2331 2135 2368 omissa
2155 2346 2209 2369 re-
2244 2337 2263 2365 J
2268 2339 2412 2366 mimorum

2225 2381 2348 2408 insidiae.

1224 2392 1468 2443 prehensione‚
1488 2405 1531 2429 ne
1555 2391 1834 2442 impudentiores
1857 2391 2035 2441 redderet,
2063 2392 2108 2429 dc
2129 2392 2208 2429 sah-

1222 2453 1297 2490 bati
1321 2467 1463 2491 rursum
1481 2452 1657 2490 solutione
1685 2466 1758 2489 sese
1785 2461 1929 2503 purgat,
1954 2466 1997 2490 cx
2023 2453 2100 2503 lege
2128 2468 2210 2492 euin

1223 2514 1296 2551 illis
1315 2513 1514 2565 disputans.

1276 2590 1315 2626 5.
1337 2589 1384 2627 Et
1402 2588 1487 2627 vide
1513 2601 1621 2638 quam
1641 2588 1843 2639 prudenter.
1865 2588 1965 2626 Nihil
1986 2589 2134 2640 mirum,
2158 2590 2210 2627 in-

1223 2650 1314 2700 quit,
1331 2649 1361 2686 si
1379 2648 1470 2686 mihi
1485 2662 1554 2686 non
1568 2663 1703 2687 morem
1716 2649 1853 2701 geritis,
1875 2649 2020 2701 quando
2039 2665 2082 2688 ne
2096 2651 2210 2703 legem

1222 2711 1367 2764 quidem
1382 2710 1530 2760 auditis,
1551 2720 1584 2748 et
1597 2725 1705 2762 quam
1724 2725 1745 2748 a
1762 2712 1890 2763 Moyse
1910 2711 2031 2750 datam
2059 2714 2207 2765 putatis,

1225 2788 1302 2812 eam
1312 2772 1470 2811 violatis.
1487 2772 1589 2811 Nihil
1598 2787 1680 2824 ergo
1690 2786 1840 2821 novum,
1855 2773 1885 2810 si
1899 2774 2017 2813 verbis
2036 2775 2124 2813 meis
2141 2789 2210 2813 non

1226 2833 1421 2873 attenditis.
1454 2833 1548 2880 Quia
1565 2834 1660 2872 enim
1677 2833 1856 2883 dixerant,
1873 2836 2008 2884 Moy-si
2029 2836 2211 2887 loquutus
2226 2848 2349 2883 ]ο.ιη.94
2360 2853 2406 2881 τῇ.

1228 2907 1283 2937 est
1311 2899 1438 2947 Deus,
1471 2899 1576 2935 hunc
1606 2906 1736 2935 autem
1769 2900 1957 2936 nescimus
1993 2900 2094 2936 unde
2135 2903 2210 2948 sit,

1228 2958 1380 2999 ostendit
1398 2959 1487 3012 ipse,
1506 2960 1657 3012 Moysen
1676 2959 1721 2996 ab
1743 2958 1816 2996 illis
1841 2960 2092 2998 contumeliose
2109 2961 2211 2998 hahi-

1332 3039 1340 3060 :
1375 3037 1458 3061 cum
1478 3022 1540 3060 ille
1567 3023 1680 3074 legem
1712 3021 1880 3073 dedisset,
1913 3036 2020 3073 quam
2046 3023 2115 3075 ipsi
2143 3038 2213 3062 non

125 3078 184 3115 καὶ
198 3077 326 3123 πάντες
341 3080 551 3132 θαυμάζετε.
581 3082 714 3121 Σκόπει
731 3086 806 3127 πῶς
822 3083 903 3121 ἔνθα
924 3082 963 3120 ἂν
982 3080 1156 3133 ἀπολογή-
1181 3087 1205 3116 Α
1228 3084 1405 3124 audirent.
1423 3086 1488 3123 91.
1512 3085 1640 3122 Unum
1657 3097 1749 3136 opus
1752 3084 1854 3136 feci,
1887 3092 1923 3121 et
1951 3098 2080 3122 omnes
2097 3087 2214 3122 mira-

124 3150 250 3184 σασΟαι
281 3147 362 3200 δέῃ,
387 3148 470 3186 ἒ’καὶ
495 3151 541 3193 ὡς
567 3150 728 3202 ἔγκλημα
757 3150 919 3202 δέχεσθαι
943 3150 982 3188 τὸ
1000 3149 1150 3201 γεγονὸς,

170 3249 184 3266 *
211 3250 264 3282 Ita
281 3250 418 3295 qnidam
429 3254 504 3286 Mss.
521 3255 637 3287 nostri.
649 3254 741 3287 Editi
758 3257 1012 3299 πκραέαίνουτες,
1031 3253 1140 3284 minus

126 3309 228 3334 recte.

171 3363 184 3379 ³
210 3354 312 3389 Savil.
332 3361 379 3390 νῦν
395 3360 426 3392 δὲ
441 3363 491 3393 τά.

174 3409 190 3432 ¹¹
215 3411 332 3450 ᾅδοντες
350 3414 394 3444 ἐπ’(
413 3414 663 3451 7u2557515’02>.21;.
683 3411 777 3445 Unus
793 3411 840 3452 [et
857 3408 942 3444 Cod.
964 3410 1041 3452 7013]
1057 3415 1140 3453 ἄγου·

1227 3149 1335 3185 mini.
1372 3145 1628 3185 Animadverte
1656 3144 1835 3196 quomodo
1863 3144 1925 3182 ubi
1957 3159 2030 3183 sese
2060 3159 2213 3197 purgare

1205 3266 1256 3286 ται
1275 3254 1324 3286 ἐπὶ
1344 3258 1420 3289 ταῖς.
1435 3251 1558 3283 Fateor
1576 3248 1666 3281 hunc
1691 3247 1800 3280 locum
1823 3247 1903 3280 mihi
1930 3255 2116 3290 suspectum
2135 3259 2214 3281 esse.

1207 3304 1311 3337 Paulo
1327 3310 1405 3346 post
1421 3309 1468 3339 ἐπὶ
1485 3311 1539 3342 τῆς
1555 3308 1680 3341 σιωπῆς,
1698 3299 1754 3332 alii
1770 3305 1817 3335 ἐπὶ
1833 3307 1885 3338 τῆς
1902 3306 2061 3345 ἀρνήσεως.

1251 3367 1265 3382 ³
1289 3357 1413 3389 Omnes
1427 3356 1495 3389 fere
1504 3355 1581 3388 Mss,
1601 3365 1670 3385 rem
1687 3352 1752 3385 alio
1769 3351 1870 3384 modo
1889 3353 2049 3393 efferunt,
2062 3350 2138 3384 licet
2152 3364 2219 3385 non

1212 3411 1295 3443 inter
1313 3421 1345 3442 se
1362 3420 1496 3453 prorsus
1510 3406 1715 3439 dissentiant,
1733 3405 1796 3445 Qui
1829 3404 1947 3436 clarius
1964 3415 2029 3436 rem
2042 3413 2221 3447 exponunt.

1987 3459 2051 3496 25.
