2522 3683
112 398 226 428 Matth.
249 395 297 424 25.

111 442 163 472 35.
194 439 244 478 37.

137 1212 304 1247 Eleemosy-

118 1264 152 1280 na
202 1252 291 1280 defun
302 1265 311 1270 ·

119 1295 172 1320 etis

119 1336 192 1362 dest.

242 1304 307 1331 [1Γο-

312 176 403 222 582
751 186 789 216 s,
828 183 1006 216 Jomms
1041 179 1294 212 cmwsosr.

315 272 496 323 Alioquin,
516 279 556 308 ut
573 269 667 319 dixi,
683 268 727 307 de
745 267 950 306 hominibus
966 264 1068 303 nohis
1082 277 1175 301 nunc
1191 276 1305 301 sermo

314 343 365 371 cst
383 349 390 369 ε
410 342 494 370 tunc
521 345 605 370 vero
633 331 694 368 illa
719 330 874 368 Domino
903 326 1063 365 exhibita
1083 334 1177 363 sunt.
1205 324 1250 361 Et
1266 332 1303 360 ut

314 393 429 430 discas
444 392 534 430 nihil
550 392 627 429 haec
643 391 826 429 Christum
845 388 1033 434 curavisse,
1050 386 1100 424 ait
1119 385 1179 422 ille
1192 401 1199 421 :
1214 384 1306 422 Esu-

315 454 465 492 rientem
491 468 547 491 me
578 452 734 501 vidistis,
755 461 787 489 et
811 448 1032 497 nutrivistis;
1051 447 1246 495 sitientem,
1272 455 1305 484 et

313 525 438 568 potum
463 514 612 553 dedistis
623 530 633 564 ;
667 514 819 561 nudum,
848 521 880 549 et
912 509 1089 548 induistis.
1120 511 1304 560 Nusquam

312 577 418 625 dixit,
437 578 680 624 Mortuum,et
699 573 884 626 sepelistis.
902 573 987 609 Haec
1008 585 1112 623 porro
1127 571 1221 619 dico,
1236 584 1304 608 non

312 650 350 678 ut
370 640 591 692 sepulturam
609 639 733 676 tollam
751 653 758 674 :
776 636 887 683 absit3
908 634 970 673 secl
989 643 1027 672 ut
1051 633 1179 672 luxum
1199 642 1232 672 et
1252 634 1306 671 in-

310 703 563 755 tempestivam
584 702 815 740 ambitionem
837 697 1032 737 succidam.
1060 698 1230 745 Affectus,
1251 697 1306 735 in-

311 764 422 815 quies,
442 763 545 802 dolor
564 773 594 801 et
615 762 876 801 commiseratio
895 774 978 811 erga
1010 759 1219 797 defunctum
1232 758 1307 796 haec

311 825 475 863 suadent.
499 826 578 864 Non
601 834 681 863 sunt
694 825 769 861 haec
789 820 1048 861 commiseratio
1068 833 1150 871 erga
1173 819 1306 857 defun-

313 886 498 935 ctum,sed
526 901 618 925 vana
650 885 776 937 gloria.
804 885 842 923 Si
864 883 952 922 velis
981 881 1191 920 defunctum
1212 895 1308 919 com-

314 949 489 997 miserari,
512 947 620 984 aliam
646 946 713 984 tibi
737 945 872 983 funeris
894 952 1052 981 monstro
1071 942 1255 989 rationem,
1276 949 1310 978 et

315 1009 425 1047 doceo
444 1018 491 1057 tc,
513 1023 584 1059 quo
599 1017 702 1060 pacto
721 1006 931 1044 vestimenta
951 1017 1109 1055 apponas
1128 1017 1208 1052 quae
1229 1015 1311 1038 cum

316 1070 379 1108 illo
399 1078 586 1121 resurgant
604 1078 637 1105 et
654 1068 758 1105 illum
787 1065 935 1103 reddant
963 1062 1192 1115 splendidum
1210 1077 1217 1098 ε
1234 1076 1311 1112 quae

317 1131 527 1169 vestimenta
555 1143 624 1166 non
652 1141 804 1175 vermes,
826 1139 896 1163 non
933 1126 1075 1176 tempus
1102 1123 1310 1170 absumunt,

319 1205 388 1228 non
408 1205 427 1228 a
447 1190 588 1227 furibus
605 1189 667 1226 illa
687 1188 880 1225 tolluntur.
905 1187 1081 1233 Quaenam
1102 1183 1178 1220 haec
1207 1182 1313 1220 sunt?

322 1252 565 1303 Eleemosynae
602 1248 764 1287 amictus.
794 1247 879 1284 Haec
902 1259 984 1283 eum
1014 1244 1078 1281 illo
1112 1252 1270 1294 resurget
1302 1258 1309 1278 :

321 1313 553 1364 eleemosynae
578 1310 804 1362 signaculum
824 1322 907 1346 eum
932 1306 994 1343 illo
1017 1314 1082 1343 est.
1107 1304 1171 1342 His
1199 1305 1314 1356 fulge-

320 1374 411 1411 bunt
448 1373 606 1411 vestibus
626 1372 687 1423 qui
706 1381 791 1409 tunc
820 1369 965 1407 audient
986 1384 994 1404 ε
1014 1367 1241 1405 Esurientem
1259 1380 1316 1403 me

318 1434 532 1472 nutrivistis.
545 1434 626 1471 Haec
645 1432 812 1483 insignes,
827 1431 903 1468 haec
917 1430 1030 1467 claros
1051 1426 1217 1475 reddunt,
1239 1427 1316 1465 haec

319 1495 356 1533 in
373 1504 449 1533 tuto
462 1495 647 1532 collocant.
665 1495 753 1540 Quae
768 1506 863 1530 nunc
877 1492 982 1539 fiunt,
997 1489 1088 1528 nihil
1101 1488 1201 1526 aliud
1216 1497 1312 1538 sunt,

320 1571 427 1607 quam
450 1566 587 1594 sumtus
619 1556 797 1593 tinearum
816 1563 849 1591 et
872 1566 992 1590 mensa
1015 1550 1205 1589 vermium.
1230 1550 1315 1587 Haee

319 1633 427 1671 porro
452 1618 548 1666 (lieo,
572 1632 642 1655 non
667 1616 841 1654 funeralia
865 1614 1070 1667 prohibens,
1088 1612 1148 1649 sed
1167 1612 1314 1650 modum

321 1681 492 1719 excedere
514 1689 657 1727 vetans,
679 1688 718 1717 ut
747 1687 886 1729 tegatur
916 1690 1065 1728 corpus,
1087 1688 1150 1712 nec
1176 1674 1314 1712 nudum

321 1754 424 1782 terrae
442 1743 643 1781 mandetur.
663 1744 755 1780 Nam
776 1741 805 1779 si
822 1740 1029 1779 viventibus
1046 1738 1267 1791 praecipitur,
1275 1747 1315 1775 ut

321 1806 413 1843 nihil
432 1806 513 1857 plus
533 1805 685 1842 habeant
702 1818 810 1855 quam
828 1802 1096 1850 vestimentum,
1112 1799 1224 1837 multo
1239 1814 1315 1837 ma—

322 1866 376 1918 gis
395 1865 559 1903 mortuis.
582 1866 706 1915 Neque
732 1864 826 1901 enim
852 1863 902 1900 ita
921 1870 1082 1899 mortuus
1102 1870 1199 1899 veste
1222 1860 1316 1898 indi-

323 1936 392 1977 get,
418 1936 457 1963 ut
483 1927 604 1965 vivus.
625 1927 724 1963 Dum
750 1925 909 1963 vivimus
937 1922 1044 1971 enim,
1065 1931 1137 1959 tam
1173 1921 1317 1972 frigoris

323 2003 431 2038 quam
450 1987 598 2039 pudoris
617 2001 721 2024 causa
737 1985 894 2024 vestibus
917 1996 1081 2035 egemus3
1100 1983 1250 2020 mortuis
1270 1981 1316 2019 ad

322 2049 397 2086 haec
418 2063 486 2086 non
504 2062 593 2100 opus
610 2057 672 2094 est,
686 2047 748 2085 sed
766 2061 809 2084 ne
829 2059 958 2098 corpus
978 2045 1015 2082 in
1034 2044 1156 2081 funere
1176 2043 1315 2081 nudum

317 2111 446 2161 jaceat.
466 2109 629 2147 Primum
648 2109 743 2146 enim
768 2116 1009 2159 tegumentum
1032 2105 1317 2158 pulcherrimum

322 2171 494 2208 habemus
523 2180 666 2219 terram,
687 2183 878 2222 corporum
910 2177 1048 2206 naturae
1076 2166 1312 2218 aptissimam.

323 2231 363 2270 Si
380 2246 462 2283 ergo
482 2232 544 2269 ubi
560 2241 612 2269 tot
633 2241 715 2269 sunt
729 2230 961 2275 necessitates,
981 2228 1073 2266 nihil
1095 2228 1316 2280 superfluum

324 2293 592 2345 inquirendum5
610 2293 722 2331 multo
750 2291 865 2341 magis
892 2290 954 2327 ubi
977 2304 1046 2327 non
1067 2298 1163 2327 tanta
1185 2298 1235 2327 est
1256 2303 1316 2327 ne-

325 2356 480 2406 cessitas,
497 2355 746 2408 intempestiva
765 2363 817 2392 est
833 2352 994 2390 ambitio.

384 2780 422 2815 (j.
450 2779 495 2814 At
518 2778 578 2828 qui
597 2777 774 2827 viderint,
796 2777 988 2825 ridebunt,
1010 2776 1162 2827 inquies.
1184 2775 1318 2813 Riden-

332 2848 403 2876 tem
435 2853 516 2875 sane
537 2853 606 2876 non
639 2848 711 2875 tam
743 2852 866 2876 curare
889 2846 1050 2890 oportet,
1085 2837 1149 2887 qui
1182 2845 1320 2874 tantum

333 2899 496 2937 insaniat.
516 2901 618 2937 Nune
640 2909 757 2937 autem
781 2900 883 2937 multi
901 2899 1021 2951 potius
1044 2907 1147 2936 erunt
1166 2897 1226 2948 qui
1246 2897 1319 2935 mi-

335 2960 530 3009 rabuntur,
563 2969 597 2997 et
619 2969 774 2996 nostram
809 2959 1010 2997 laudabunt
1038 2958 1319 3011 philosophiam.

336 3021 423 3058 Risu
441 3020 548 3072 digna
572 3029 653 3057 sunt
674 3034 743 3057 non
761 3020 835 3057 haee
850 3049 860 3069 ,
887 3019 948 3057 sed
969 3034 1046 3070 quae
1070 3033 1132 3057 nos
1151 3019 1321 3068 facimus,

336 3082 526 3134 plorantes,
545 3081 716 3132 lugentes,
738 3094 800 3117 nos
819 3080 927 3117 simul
949 3095 1031 3118 cum
1056 3081 1205 3118 mortuis
1222 3080 1322 3118 defo-

336 3143 483 3181 dientes.
518 3142 600 3179 Haec
633 3150 666 3178 et
696 3140 768 3178 risu
799 3150 832 3177 et
863 3141 1042 3192 supplicio
1089 3141 1198 3192 digna
1229 3150 1322 3179 sunt.

1335 180 1535 210 ARCfflEP.
1581 180 1831 211 CONSTANTi
1840 182 1922 211 Nor
1932 202 1939 210 .

1375 263 1457 300 δεκα
1474 265 1538 314 οὐχ
1563 262 1671 306 οὕτως
1691 263 1792 301 αὐτὸν
1811 263 1953 314 ἐτίμων,
1968 263 2058 302 ἀλλὰ
2079 263 2216 315 θανάτῳ
2233 264 2292 301 καὶ
2311 280 2400 316 σφα-

1372 327 1416 375 γῇ
1430 354 1439 370 ,
1463 324 1523 361 καὶ
1548 329 1617 367 τοῖς
1649 323 1738 377 ὑπὲρ
1759 326 1861 363 αὐτοῦ
1883 324 2060 368 κινδύνοις.
2080 317 2149 362 ῗἨν
2172 323 2233 375 μὲν
2253 324 2320 377 γὰρ
2343 326 2403 363 καὶ

1373 384 1486 432 ἐκείνη
1512 385 1619 435 τιμὴ,
1637 386 1758 438 πολλῷ
1779 385 1814 424 δὲ
1830 386 1982 424 ἐλάττων
2001 379 2183 431 ταύτηςῆς
2203 379 2310 424 εἶπον.
2325 384 2403 423 Ἄλ-

1372 447 1440 489 λως
1466 445 1501 484 δὲ
1514 476 1524 494 ,
1544 445 1631 498 ὅπερ
1647 445 1730 497 ἔφην
1754 445 1874 494 εἰπὼν,
1889 447 1969 500 περὶ
1994 445 2186 500 ἀνθρώπων
2206 449 2290 497 ἡμῖν
2307 448 2324 483 ὁ
2338 445 2402 484 λό-

1372 522 1431 558 γος
1446 512 1523 545 νῦν·
1552 506 1630 545 τότε
1653 506 1688 546 δὲ
1713 512 1824 545 ταῦτα
1851 508 1931 560 περὶ
1956 509 2013 547 τὸν
2047 507 2228 553 Δεσπότην
2261 507 2401 558 ἐγίνετο.

1373 568 1443 606 Καὶ
1463 567 1517 606 ἵνα
1539 568 1651 620 μάθῃς
1673 568 1726 607 ὅτι
1760 567 1888 607 τούτων
1905 569 2014 612 οὐδεὶς
2043 572 2092 621 τῷ
2121 570 2264 621 Χριστῷ
2286 567 2402 620 λόγος,

1373 622 1467 667 εἷπε·
1496 629 1668 667 πεινῶντα
1706 645 1748 680 με
1779 629 1906 676 εἴδετε,
1936 629 1996 667 καὶ
2031 628 2220 682 ἐθρέψατε·
2251 628 2310 666 καὶ
2345 630 2394 666 δι-

1372 691 1504 741 ψῶντα,
1516 691 1574 728 καὶ
1589 690 1782 729 ἐποτίσατε·
1794 689 1854 728 καὶ
1866 690 2005 742 γυμνὸν,
2018 690 2077 728 καὶ
2087 690 2323 741 περιεδάλετε.
2334 689 2403 727 Καὶ

1373 753 1524 802 οὐδαμοῦ
1541 745 1617 790 εἶπε
1628 783 1638 800 ,
1659 752 1718 790 καὶ
1741 755 1910 790 τεθνεῶτα
1923 780 1932 797 ,
1954 751 2012 789 καὶ
2028 751 2190 804 ἕθοίψατε.
2209 751 2278 789 Καὶ
2293 757 2402 790 ταῦτα

1373 812 1482 865 λέγω,
1509 816 1546 851 οὔ
1563 813 1675 865 ταφὴν
1693 815 1843 866 ἀναιρῶν
1859 829 1866 836 ·
1884 813 1932 864 μὴ
1948 813 2082 865 γένοιτο
2094 829 2101 836 ·
2119 812 2209 851 ἀλλὰ
2228 812 2292 860 τὴν
2310 816 2404 851 ἀσω-

1374 876 1449 914 τίαν
1475 875 1653 914 ἐκκόπτων
1676 876 1735 914 καὶ
1765 875 1826 922 τὴν
1848 875 1991 928 ἄκαιρον
2025 875 2237 927 φιλοτιμίαν.
2258 876 2310 914 Τὸ
2338 875 2406 928 γὰρ

1375 938 1502 986 πάθος,
1522 937 1623 989 φησὶ,
1643 936 1702 974 καὶ
1718 941 1739 984 ἡ
1757 936 1857 984 ὀδύνη
1871 967 1880 984 ,
1903 936 1962 974 καὶ
1980 940 2002 983 ἠ
2025 937 2111 988 πρὸς
2130 936 2187 974 τὸν
2211 936 2405 975 ἀπελθόντα

1378 999 1578 1050 συμπάθεια
1596 1003 1706 1036 ταῦτα
1730 998 1853 1036 πείθει.
1877 999 1954 1035 Οὐκ
1971 998 2044 1036 ἔστι
2063 1002 2173 1036 ταῦτα
2188 997 2406 1048 συμπαθείας

1376 1064 1439 1106 τῆς
1466 1060 1551 1113 πρὸς
1569 1060 1626 1097 τὸν
1651 1059 1861 1106 ἀπελθόντα,
1890 1058 1980 1097 ἀλλὰ
2009 1059 2212 1103 κενοδοξίας.
2236 1059 2337 1098 Ἐπεὶ
2371 1061 2401 1096 εἰ

1381 1120 1496 1172 βούλει
1514 1122 1730 1170 συναλγῆσαι
1745 1123 1795 1171 τῷ
1811 1120 2012 1167 τεθνηκότι,
2036 1120 2193 1171 δείκνυμί
2213 1136 2266 1160 σοι
2287 1121 2407 1174 ἑτέραν

1378 1182 1454 1220 ὁδὸν
1477 1181 1643 1229 κηδείας,
1679 1181 1738 1219 καὶ
1780 1180 1933 1219 διδάσκω
1964 1197 2001 1218 σε
2030 1181 2155 1231 ἱμάτια
2184 1182 2337 1229 τιθέναι,
2364 1182 2408 1220 τὰ

1379 1244 1398 1263 *
1419 1242 1697 1291 συνανιστάμενα
1726 1243 1839 1295 αὐτῷ,
1875 1242 1935 1280 καὶ
1962 1242 2122 1295 λαμπρὸν
2159 1242 2407 1294 ἀποφαίνοντα.

1336 1312 1360 1342 C
1380 1307 1503 1343 Ταῦτα
1519 1304 1586 1356 γὰρ
1611 1303 1655 1342 τὰ
1690 1303 1816 1355 ἱμάτια
1835 1303 1912 1342 οὔτε
1941 1304 2009 1342 ὑπὸ
2031 1307 2145 1351 σητῶν
2164 1304 2408 1352 ἀναλίσκεται,

1383 1365 1460 1404 οὔτε
1480 1366 1546 1404 ὑπὸ
1573 1365 1698 1419 χρόνου
1727 1366 1946 1414 δαπανᾶται,
1975 1364 2051 1404 οὐδὲ
2082 1365 2149 1403 ὑπὸ
2167 1365 2408 1419 τυμὸωρύχων

1381 1428 1582 1467 κλέπτεται.
1606 1429 1699 1466 Ποῖα
1713 1427 1754 1473 δὴ
1769 1427 1881 1465 ταῦτά
1897 1428 2010 1474 ἐστιν,
2031 1427 2076 1465 ‘H
2092 1430 2155 1473 τῆς
2171 1427 2405 1478 ε’λεημοσύνης

1381 1489 1563 1543 περιὸολή.
1586 1487 1681 1535 Αὕτη
1702 1488 1769 1541 γὰρ
1794 1490 1868 1539 μετ’
1898 1490 2000 1527 αὐτοῦ
2031 1487 2214 1526 ἀνίσταται
2234 1492 2255 1535 ἡ
2285 1489 2409 1536 στολή·

1383 1550 1616 1602 ἐλεημοσύνης
1642 1550 1709 1603 γὰρ
1734 1549 1879 1603 σφραγὶς
1919 1552 1992 1600 μετ’
2025 1552 2140 1588 αὐτοῦ.
2167 1550 2250 1588 Ἀπὸ
2276 1550 2403 1589 τούτων

1381 1612 1559 1663 λάμπουσι
1572 1615 1640 1650 τῶν
1656 1611 1804 1662 ἱματίων
1829 1613 1859 1648 οἱ
1881 1610 1958 1649 τότε
1976 1611 2167 1658 ἀκούοντες,
2176 1612 2349 1650 πεινῶντά
2366 1627 2409 1663 με

1382 1673 1560 1726 ἐθρέψατε.
1576 1674 1699 1710 Ταῦτα
1718 1671 1910 1722 ἐπισήμους
1925 1678 2038 1719 ποιεῖ,
2057 1677 2168 1710 ταῦτα
2187 1680 2402 1726 περιφανεῖς,

1381 1739 1491 1773 ταῦτα
1521 1737 1554 1772 ἐν
1581 1733 1752 1785 ἀσφαλείᾳ
1776 1732 1982 1778 καθίστησι·
2009 1733 2054 1771 τὰ
2074 1732 2109 1771 δὲ
2128 1738 2198 1782 νῦν,
2219 1733 2313 1772 οὐδὲν
2335 1734 2411 1773 ἕτε-

1385 1795 1440 1847 ρόν
1458 1799 1566 1842 ἐστιν,
1587 1794 1609 1841 ἢ
1631 1795 1768 1842 δαπάνη
1793 1797 1908 1841 σητῶν
1937 1793 1994 1831 καὶ
2017 1795 2173 1848 τράπεζα
2204 1796 2409 1842 σκωλήκων.

1384 1857 1453 1895 Καὶ
1472 1861 1583 1895 ταῦτα
1605 1856 1724 1907 λέγω,
1756 1856 1794 1894 οὗ
1822 1854 1979 1902 κηδεύειν
2007 1855 2172 1903 κωλύων,
2206 1855 2295 1894 ἀλλὰ
2323 1855 2411 1907 μετὰ

1382 1918 1598 1971 συμμετρίας
1622 1923 1722 1956 τοῦτο
1746 1923 1868 1964 ποιεῖν,
1885 1916 1975 1955 ὥστε
1995 1917 2133 1955 σκέπειν
2149 1917 2188 1955 τὸ
2209 1921 2331 1969 σῶμα,
2352 1918 2411 1956 καὶ

1384 1979 1432 2031 μὴ
1448 1980 1575 2031 γυμνὸν
1599 1977 1829 2032 παραδιδόναι
1845 1981 1888 2029 τῇ
1916 1981 1974 2030 γῇ.
1995 1980 2039 2016 Εἰ
2067 1978 2133 2032 γὰρ
2154 1980 2284 2022 ζῶντας
2302 1980 2410 2030 μηδὲν

1383 2042 1474 2094 ἔχειν
1491 2040 1594 2079 πλέον
1622 2039 1771 2088 κελεύει,
1797 2041 1873 2077 ἀλλ’
1903 2039 1925 2086 ἢ
1949 2039 2159 2090 σκέπασμα·
2179 2042 2299 2092 πολλῷ
2323 2043 2411 2092 μᾶλ-

1381 2104 1440 2140 λον
1465 2101 1749 2149 τελευτήσαντας.
1788 2103 1841 2139 Οὐ
1869 2100 1937 2153 γὰρ
1964 2099 2054 2138 οὕτω
2073 2102 2345 2148 3τετελευτηκὸς
2372 2102 2412 2140 τὸ

1383 2166 1485 2214 σῶμα
1505 2165 1614 2201 δεῖται
1641 2162 1802 2213 ἱματίων,
1835 2165 1881 2205 ὡς
1915 2164 1980 2206 ζῶν
2003 2162 2062 2200 καὶ
2084 2161 2246 2213 ἐμπνέον.
2277 2165 2412 2207 Ζῶντες

1384 2224 1444 2275 μὲν
1468 2224 1553 2275 γὰρ,
1572 2224 1631 2261 καὶ
1657 2222 1786 2274 ψύχους
1813 2222 1926 2260 ἕνεκεν
1947 2222 2005 2260 καὶ
2029 2224 2311 2275 εὐσχημοσύνης,
2333 2224 2409 2262 δεό-

1384 2290 1471 2336 μεθα
1490 2288 1552 2331 τῆς
1571 2288 1639 2323 τῶν
1659 2283 1808 2334 ἱματίων
1826 2283 2014 2335 περιὸολῆς
2027 2299 2034 2306 ·
2060 2285 2327 2331 τελευτήσαντες
2357 2286 2410 2331 δὲ,

1381 2347 1510 2385 τούτων
1530 2346 1592 2397 μὲν
1612 2346 1746 2388 οὐδενὸς
1765 2344 1892 2391 ἕνεκεν,
1913 2344 1968 2382 ἵνα
1989 2344 2024 2383 δὲ
2051 2345 2098 2396 μὴ
2131 2347 2260 2397 γυμνὸν
2288 2347 2411 2395 κέηται

1381 2409 1420 2447 τὸ
1435 2412 1558 2460 σῶμα,
1588 2407 1736 2458 δεόμεθα
1757 2409 1824 2443 τῶν
1847 2405 2015 2458 ἐνταφίων
2029 2422 2036 2429 ·
2058 2407 2117 2444 καὶ
2138 2408 2206 2460 πρὸ
2226 2410 2294 2445 τῶν
2315 2410 2411 2447 ἐντα-

1382 2470 1468 2522 φίων
1491 2468 1526 2508 δὲ
1554 2469 1677 2521 ἔχομεν
1696 2468 1868 2518 κάλυμμα
1900 2467 2083 2506 κάλλιστον
2101 2467 2162 2515 τὴν
2183 2471 2260 2520 γῆν,
2283 2470 2342 2508 καὶ
2367 2474 2411 2522 τῇ

1382 2530 1525 2582 τοιαύτῃ
1548 2533 1616 2568 τῶν
1645 2529 1817 2580 σωμάτων
1839 2529 1939 2581 φύσει
1968 2529 2262 2583 πρεπωδέστερον.
2280 2533 2324 2569 Εἰ
2343 2531 2412 2571 τοί-

1384 2608 1442 2629 νυν
1474 2591 1554 2629 ἔνθα
1581 2594 1747 2628 τοσαῦται
1766 2595 1903 2642 χρεῖαι,
1924 2589 2021 2628 οὐδὲν
2042 2591 2092 2628 δεῖ
2109 2591 2269 2643 περιττὸν
2287 2593 2410 2638 ἐπιζη-

1354 2677 1362 2686 ,
1386 2658 1476 2690 τεῑν·
1508 2653 1627 2704 πολλῷ
1649 2652 1794 2702 μᾶλλον,
1816 2649 1895 2688 ἔνθα
1928 2650 1965 2688 οὔ
2005 2650 2157 2697 τοσαύτη
2194 2653 2216 2697 ἡ
2256 2652 2411 2703 ἀνάγκη,

1388 2714 1530 2766 ἄκαιρος
1542 2718 1563 2760 ἡ
1581 2711 1772 2765 φιλοτιμία.

1440 2775 1529 2813 Ἀλλ’
1552 2777 1583 2813 οἱ
1601 2777 1747 2826 ὁρῶντες
1775 2772 2002 2824 γελάσονται,
2025 2772 2141 2824 φησίν.
2165 2773 2329 2812 Μάλιστα
2350 2774 2412 2826 μὲν

1388 2836 1452 2875 κᾶν
1475 2831 1498 2887 ἦ
1523 2852 1574 2879 τις
1595 2838 1612 2873 ὁ
1628 2836 1751 2886 γελῶν,
1770 2836 1808 2871 οὐ
1829 2833 1937 2872 πολὺν
1955 2836 2004 2872 δεῖ
2032 2838 2206 2872 ποιεῖσθαι
2221 2834 2335 2886 λόγον,
2354 2839 2414 2873 τοῦ

1388 2896 1477 2935 οὕτω
1505 2895 1638 2948 σφόδρα
1671 2894 1947 2941 ἀνοηταίνοντος·
1968 2895 2040 2932 νυνὶ
2075 2894 2108 2933 δὲ
2129 2895 2251 2934 πολλοὶ
2271 2898 2302 2933 οἱ
2330 2899 2414 2933 Οαυ-

1390 2958 1553 3009 μοίζοντες
1584 2958 1728 3006 μᾶλλον,
1752 2955 1811 2993 καὶ
1839 2955 1902 3002 τὴν
1919 2956 2122 3007 φιλοσοφίαν
2141 2957 2320 3009 δεχόμενοι
2351 2957 2413 3004 τὴν

1388 3019 1573 3072 ἡμετέραν.
1602 3018 1757 3061 Γέλωτος
1771 3016 1838 3069 γὰρ
1862 3017 1940 3061 ἄξια
1961 3019 1998 3055 οὐ
2027 3021 2155 3065 ταῦτα,
2174 3020 2249 3056 ἀλλ’
2265 3019 2286 3056 ἃ
2304 3023 2416 3057 ποιοῦ-

1391 3097 1453 3132 μεν
1474 3086 1545 3128 νῖῖν,
1583 3079 1800 3132 ὀδυρόμενοι,
1830 3082 2048 3126 πενθοῦντες,
2083 3079 2415 3131 συγκατορύττοντες

1391 3141 1531 3185 ἑαυτοὺς
1547 3146 1616 3185 τοῖς
1633 3142 1830 3178 ἀπελθοῦσι.
1845 3141 1878 3177 Τ
1882 3142 1970 3177 αὔτα
1992 3140 2050 3177 καὶ
2072 3139 2220 3191 γέλωτος
2235 3140 2294 3177 καὶ
2311 3140 2413 3178 κολά-

338 3203 587 3255 Philosophari
610 3211 728 3240 autem
748 3210 781 3239 et
807 3201 842 3238 in
861 3201 918 3238 his
926 3231 938 3251 ,
965 3211 999 3239 et
1018 3202 1053 3239 in
1074 3202 1227 3239 vestium
1248 3216 1323 3240 mo·
1335 3227 1383 3253 512
1393 3219 1478 3247 σεως
1494 3202 1584 3247 ἄξια.
1598 3202 1651 3240 Τὸ
1672 3201 1707 3239 δὲ
1727 3203 1922 3253 φιλοσοφεῖν
1945 3200 2004 3238 καὶ
2021 3203 2054 3239 ἐν
2071 3200 2221 3248 τούτοις,
2238 3200 2296 3238 καὶ
2317 3203 2350 3239 ἐν
2371 3204 2412 3247 τῆ

337 3265 403 3314 do,
440 3266 509 3303 hoc
527 3273 618 3302 certe
638 3277 783 3302 coronas
806 3272 839 3300 et
866 3262 989 3300 laudes
1015 3263 1116 3300 nobis
1135 3264 1319 3315 conciliat,
1347 3265 1372 3295 Α
1393 3267 1460 3303 τῶν
1482 3263 1631 3315 ἱματίων
1649 3260 1866 3313 συμμετρίᾳ,
1882 3261 2066 3312 στεφάνους
2083 3260 2141 3299 καὶ
2156 3261 2314 3306 ἐπαίνους
2329 3265 2413 3312 ἡμῖν

384 3372 397 3385 *
424 3373 498 3411 [lta
517 3371 615 3403 Snvil.
635 3378 663 3402 et
684 3368 791 3403 Codd.
812 3369 996 3413 Legebatur
1014 3372 1233 3412 κυκώμενα]

1454 3383 1466 3395 «·
1493 3369 1591 3402 More!
1626 3372 1877 3406 τετελευτηκότος.
