2481 3678
631 192 684 243 vIN
726 214 931 244 JOXNNEM
971 213 1126 242 lioMlL.
1166 212 1292 242 XXIV.

99 298 211 344 δέναι,
240 302 298 336 τοῦ
320 298 516 341 πλάσαντος
530 297 621 335 κατὰ
651 298 758 349 μόνας
779 298 840 342 τὰς
860 298 1004 351 καρδίας
1025 303 1038 319 ⁰
1053 296 1126 335 ἐστὶ

95 360 199 397 (θεοῦ.
223 358 273 396 Σὺ
290 358 375 411 γὰρ,
399 357 514 410 φησὶν,
536 357 722 397 ἐπίστασαι
747 360 892 413 καρδίας
914 358 1122 410 μονώτατος.

98 421 176 457 Οὐκ
205 421 313 458 ἐδεῖτο
339 419 451 457 τοίνυν
471 419 654 472 μαρτύρων
679 419 768 458 ὥστε
787 423 854 458 τῶν
876 419 1010 458 οἰκείων
1029 420 1124 455 πλα-

1331 196 1391 240 al.
1430 212 1556 241 xxm.
1820 200 1823 204 ’
2100 200 2184 262 ιῖἷς)

1198 296 1267 330 tim
1293 293 1426 339 corda,
1456 307 1582 345 nempe
1603 293 1712 331 solius
1740 295 1820 331 Dei.
1841 295 1932 331 Nam
1956 295 2025 342 Τιι,
2049 296 2182 346 iuquit,
2200 303 2227 332 3.
2246 304 2323 339 Req.
2351 304 2382 334 8.

1195 356 1391 405 cognoscis
1419 354 1538 391 corda
1568 354 1685 392 solus.
1710 355 1790 391 Non
1816 355 1939 405 egebat
1961 355 2122 401 testibus,
2146 369 2183 395 ut
2198 351 2247 390 39.

1194 427 1250 451 eas
1272 428 1360 464 quas
1387 414 1601 453 formaverat
1626 424 1760 453 mentes
1779 426 2018 467 cognosceret3
2038 416 2183 469 ideoque

97 481 242 531 σμάτων
260 484 379 531 μαθεῖν
393 480 455 527 τὴν
477 481 647 520 διάνοιαν·
669 481 744 520 ὅθεν
759 480 834 520 οὐδὲ
855 480 924 518 ἀπὸ
935 482 998 526 τῆς
1016 493 1125 530 προσ·
1146 485 1170 515 E
1193 482 1426 526 temporanea}
1449 475 1606 528 lPSOl'UI‘ss
1628 475 1712 513 fidel
1735 490 1804 514 non
1829 476 2039 514 confidebat.
2060 478 2184 515 Homi-

97 541 218 594 καίρου
241 541 391 586 πίστεως
411 541 554 586 ᾱαύτοῖς
575 542 723 595 ἐθάρρει.
749 540 944 593 Ἄνθρωποι
967 538 1028 590 μὲν
1056 537 1124 590 γὰρ

97 602 175 641 οὔτε
188 602 232 640 τὰ
254 603 411 656 παρόντα
423 634 432 651 ,
450 603 528 642 οὔτε
540 603 584 641 τὰ
602 603 771 654 μέλλοντα
787 601 912 644 εἰδότες
924 630 933 647 ,
955 599 1125 642 πολλάκις

91 664 157 703 ,καὶ
179 670 249 708 τοῖς
277 665 423 717 δολερῶς
449 670 629 716 προσιοῦσι
659 664 719 701 καὶ
739 669 810 706 τοῖς
839 662 960 714 μικρὸν
983 660 1124 713 ὕστερον

95 725 391 776 ἄποστησομένοις
422 726 559 764 ἅπαντα
583 725 692 778 χωρὶς
724 724 814 767 τινὸς
844 725 1037 768 ὑποστολῆς
1065 721 1124 759 καὶ

95 785 234 837 λέγουσι
256 786 315 825 καὶ
342 786 604 839 ἐγχειρίζουσιν·
628 784 697 823 ὅδὲ
726 785 874 838 Χριστὸς
907 785 972 835 οὐχ
1004 781 1123 825 οὕτως.

95 847 197 902 ’ῌδει
212 847 279 901 γὰρ
296 850 406 886 αὐτῶν
423 847 467 885 τὰ
484 846 666 900 ἀπόρρητα
680 844 796 884 πάντα
816 848 946 898 σαφῶς.
962 846 1123 883 Τοιοῦτοι

1136 880 1184 904 138

1194 549 1254 574 nes
1270 536 1416 589 quippe,
1432 537 1491 588 qui
1513 551 1626 588 neque
1647 538 1831 591 praesentia
1850 552 1963 589 neque
1983 535 2102 577 futura
2124 554 2185 577 no-

1192 606 1297 647 runt,
1317 612 1410 651 saepe
1435 598 1556 637 dolose
1580 598 1830 638 accedentibus
1849 608 1882 637 et
1901 600 2008 652 paulo
2037 610 2115 653 post
2132 616 2185 638 re—

1193 659 1342 700 cessuris
1364 661 1483 698 omnia
1503 660 1579 699 sine
1603 661 1676 699 ullo
1699 670 1795 700 metu
1822 661 1947 700 dicunt
1970 671 2004 700 et
2028 662 2183 700 tradunt.

1195 721 1358 760 Christus
1376 736 1460 760 vero
1479 736 1549 760 non
1565 722 1648 760 item
1660 738 1670 771 ;
1684 736 1768 761 nam
1787 737 1913 761 arcana
1928 738 2050 762 eorum
2067 725 2184 762 omnia

1193 783 1305 834 probe
1329 783 1472 822 sciebat.
1499 784 1607 822 Tales
1631 798 1727 822 nunc
1752 794 1834 823 sunt
1858 785 1985 834 multi,
2011 786 2073 836 qui
2099 786 2185 823 fide-

1194 843 1285 882 lium
1303 844 1450 896 quidem
1476 859 1603 884 nomen
1626 846 1772 896 liabent,
1796 846 1856 884 sed
1885 847 2066 885 versatiles
2080 856 2113 885 ct
2132 847 2185 884 in-

95 909 217 947 πολλοὶ
243 909 302 946 καὶ
323 913 379 946 νῦν
395 910 479 955 εἰσι,
502 908 541 945 τὸ
567 906 628 958 μὲν
648 910 710 953 τῆς
725 905 876 950 πίστεως
892 905 1002 957 ὄνομα
1020 906 1123 957 ἔχον-
1150 917 1172 945 Α
1196 914 1391 944 constantes
1421 916 1515 946 sunt.
1537 906 1622 946 Ideo
1644 907 1807 945 Christus
1832 922 1901 946 non
1924 922 1959 946 se
1978 908 2090 946 credit
2114 908 2185 955 cis,

95 984 169 1017 τες,
191 969 383 1022 εὐρίπιστοι
412 968 447 1007 δὲ
468 968 527 1006 καὶ
547 968 727 1020 εὖοίγωγοι.
748 967 816 1006 Διὰ
829 972 929 1006 τοῦτο
949 965 1022 1005 οὐδὲ
1042 971 1122 1005 ἷινῦν

94 1034 113 1068 ὁ
135 1031 284 1083 Χριστὸς
308 1031 429 1069 ἑαυτὸν
454 1029 676 1081 ἐμπιστεύει,
694 1028 784 1068 ἀλλὰ
809 1028 853 1067 τὰ
871 1028 1014 1067 πλείονα
1040 1031 1125 1067 ἀπο-

94 1090 296 1144 κρύπτεται.
318 1092 487 1144 Καθάπερ
505 1091 573 1144 γὰρ
595 1094 695 1141 ἡμεῖς
710 1092 747 1129 οὐ
768 1096 837 1133 τοῖς
857 1090 976 1133 ἁπλῶς
996 1088 1124 1140 φίλοις,

95 1152 184 1190 ἀλλὰ
210 1159 281 1196 τοῖς
307 1152 461 1204 γνησίοις
489 1155 680 1204 Θαῤῥοῧμεν
698 1166 705 1174 ·
741 1150 831 1189 οὕτω
855 1149 944 1187 ι’καὶ
976 1153 994 1187 ὃ
1023 1148 1123 1192 Θεός.

94 1212 257 1251 Ἄκουσον
280 1218 358 1265 γοῦν
378 1213 516 1266 τῖφησι
538 1219 608 1257 τοῖς
630 1215 802 1264 μαθηταῖς
815 1215 833 1250 ὃ
852 1211 1018 1263 Χριστός·
1046 1212 1124 1247 Οὐκ

94 1274 145 1312 ἔτι
161 1277 251 1325 ὑμᾶς
275 1275 367 1326 λέγω
384 1274 540 1317 δούλους·
555 1278 652 1325 ὑμεῖς
670 1273 738 1326 γὰρ
753 1272 845 1325 φίλοι
861 1288 926 1323 μου
939 1270 1028 1311 ἐστέ.
1048 1270 1124 1308 Πό-

96 1339 164 1383 Οεν,
194 1336 254 1374 καὶ
283 1336 394 1383 διατί,
415 1335 501 1373 “Ort
520 1335 655 1382 πάντα,
683 1334 747 1373 ὅσα
777 1334 911 1380 ἤκουσα
941 1332 1039 1385 παρὰ
1064 1337 1124 1370 τοῦ

95 1397 252 1449 Πατρὸς,
278 1397 486 1448 ἀπεκάλυψα
508 1400 602 1447 ὑμῖν.
621 1395 689 1434 Διὰ
717 1400 816 1434 τοῦτο
843 1394 919 1434 οὐδὲ
950 1401 1021 1438 τοῖς
1040 1394 1123 1432 Ἴου·

95 1457 204 1502 δαίοις
234 1457 280 1496 τὰ
305 1463 436 1507 σημεῖα
471 1457 581 1496 ἐδίδου
616 1459 785 1504 αἰτοῦσιν,
825 1456 877 1494 ὅτι
905 1455 1123 1508 πειράζοντες

93 1519 216 1593 ᾔτρυν.
229 1512 318 1557 ’Ἆοα
342 1513 398 1557 οἶν
420 1518 460 1556 τὸ
487 1524 617 1569 σημεῖα
644 1519 764 1565 αἰτεῖν,
791 1516 1024 1570 πειραζόντων
1051 1517 1124 1556 ἐστὶ

92 1596 152 1618 και
175 1579 253 1618 τότε
272 1579 332 1618 καὶ
353 1595 436 1627 νυν;
443 1578 545 1618 Και
534 1578 602 1631 γὰρ
629 1594 688 1616 και
714 1582 772 1616 νῦν
793 1580 878 1616 εἰσιν
899 1579 931 1613 οἱ
945 1579 1124 1622 ζητοῦντες

92 1641 152 1680 καὶ
171 1641 346 1693 λέγοντες,
372 1640 464 1678 διατί
494 1640 542 1690 μὴ
571 1657 630 1677 και
654 1654 712 1676 νυν
742 1643 873 1689 σημεῖα
899 1636 1050 1689 (ίνεται;
1078 1639 1170 1683 ΕἷΒ

90 1702 158 1780 γὰρ
172 1702 293 1746 πιστὸς
310 1706 362 1749 εἰ,
381 1703 427 1745 ὡς
447 1705 533 1739 εἶναι
555 1699 624 1753 χρὴ
638 1730 648 1748 ,
667 1699 727 1738 καὶ
747 1701 878 1752 φιλεῖς
876 1698 934 1737 τὸν
957 1697 1124 1750 Χριστον,

90 1767 138 1808 ὡς
164 1764 312 1816 φιλεῖν
294 1769 364 1812 οεῖ,
384 1765 421 1801 οὐ
442 1761 573 1816 χρείαν
604 1761 694 1814 ἔχεις
716 1760 893 1811 σημείων·
925 1765 1036 1799 ταῦτα
1055 1759 1123 1812 γαρ

90 1831 160 1869 τοῖς
180 1824 338 1869 ἀπίστοις
363 1824 505 1863 δίδοται.
525 1825 610 1867 Πως
635 1826 691 1862 οὖν
708 1821 885 1867 Ἰουδαίοις
909 1824 971 1860 οὐκ
997 1820 1096 1868 ἐδόθη
1112 1852 1122 1869 ,

91 1885 196 1939 φησί,
213 1886 380 1925 Μάλιστα
406 1903 448 1937 με
451 1903 468 1923 ν
495 1884 614 1931 ἐδόθη·
641 1887 671 1922 εἷ
704 1883 739 1921 δὲ
760 1883 888 1922 ἕστιν“
868 1899 953 1922 οπου
984 1899 1042 1921 και
1065 1885 1121 1921 αἷ-

90 1951 226 1991 τοῧντες
253 1950 316 1985 οὒκ
330 1946 466 1995 ἔλαὲον,
487 1945 606 1993 ἐπειδὴ
622 1948 686 1998 οὐχ
700 1944 787 1998 ὑπὲρ
803 1949 862 1983 τοῦ
878 1948 940 1991 τῆς
957 1944 1122 1988 ἀπιστίας

92 2010 341 2060 ἀπαλλαγῆναι
355 2011 466 2046 ταῦτα
484 2007 602 2059 ᾔτουν,
620 2006 696 2045 ἀλλ’
720 2005 806 2059 ὑπὲρ
827 2010 887 2044 τοῦ
914 2007 1044 2057 μᾶλλον
1061 2008 1121 2044 αὖ-

90 2071 158 2106 τῶν
186 2068 372 2107 )ε8αιῶσαι
400 2067 464 2114 τὴν
495 2067 677 2120 πονηρίαν.
710 2067 782 2105 Καὶ
811 2061 852 2114 ἦν
874 2066 1054 2120 ἄνθρωπος
1083 2070 1122 2106 ἐκ

89 2132 158 2168 τῶν
177 2129 398 2183 Φαρισαίων,
424 2129 626 2180 Νικόδημος
645 2128 754 2180 ὄνομα
776 2130 868 2181 αὐτῷ
884 2158 894 2176 ,
913 2129 1032 2182 ἄρχων
1051 2132 1119 2167 τῶν

90 2190 286 2229 Ἰουδαίων·
303 2185 400 2235 οἶτος
425 2185 509 2237 ἦλθε
528 2189 614 2242 πρὸς
641 2189 742 2228 αὐτὸν
766 2189 899 2232 νυκτός.
927 2183 1039 2234 Οἶτος
1060 2190 1120 2228 καὶ

90 2254 124 2290 ἐν
157 2251 252 2305 μέσῳ
278 2254 329 2304 τῷ
355 2250 544 2304 εὐαγγελίῳ
569 2250 728 2302 φαίνεται
746 2250 803 2289 τὸν
834 2249 920 2303 ὑπὲρ
947 2254 1006 2288 τοῦ
1024 2251 1118 2302 ,Χρι-

89 2318 171 2352 στοῦ
191 2312 395 2364 ποιούμενος
419 2312 519 2364 λόγον
535 2327 544 2335 ·
577 2312 670 2364 λέγει
700 2312 787 2365 γάρ·

89 2374 209 2413 οὐδένα
227 2373 356 2426 κρίνει,
373 2373 430 2413 ἐὰν
461 2373 508 2425 μὴ
532 2373 698 2426 πρότερον
721 2373 865 2425 ἀκούσῃ.
889 2373 985 2426 Πρὸς
999 2377 1116 2410 τοῦτον

832 2433 1034 2487 Ἐρώτησον
1057 2434 1117 2472 καὶ

807 2311 852 2350 ‘O
879 2311 983 2362 νόμος
1015 2314 1116 2362 ἡμῶν

89 2436 148 2475 καὶ
167 2436 327 2474 Ἰουδαῖοι
349 2435 611 2488 δυσχεραίνουσι
624 2435 781 2487 λέγοντες
794 2450 802 2458 ·

90 2496 139 2534 ἴδε
158 2496 211 2535 ὅτι
224 2496 404 2549 προφήτης
422 2498 461 2534 ἐκ
478 2499 540 2542 τῆς
558 2494 746 2539 Γαλιλαίας
758 2496 820 2534 οὐκ
838 2495 1033 2548 ἐγήγερται.
1046 2494 1116 2533 Καὶ

92 2557 181 2608 μετὰ
199 2557 255 2595 τὸν
272 2557 418 2609 σταυρὸν
435 2556 471 2595 δὲ
483 2556 615 2602 πολλὴν
630 2555 692 2602 τὴν
710 2556 910 2607 ἐπιμέλειαν
926 2559 989 2602 τῆς
1006 2559 1118 2608 ταφῑῖἷς

90 2622 149 2656 τοῦ
164 2618 367 2655 δεσποτικοῦ
388 2615 549 2667 σώματος
563 2615 764 2662 πεποίηται.
783 2609 897 2654 Ν’Ἡλῡε
910 2615 978 2668 γὰρ
989 2616 1116 2667 ,φἠσὶ,

91 2678 150 2716 καὶ
164 2677 363 2728 Νικόδημος
383 2679 400 2714 ὃ
425 2675 530 2714 ἐλθὼν
553 2676 638 2728 πρὸς
662 2676 720 2714 τὸν
748 2675 873 2729 Κύριον
894 2676 1034 2722 νυκτὸς,
1061 2675 1118 2726 φέ-

93 2755 159 2791 ρων
179 2738 292 2791 μίγμα
316 2737 424 2790 μύρου
450 2737 510 2775 καὶ
527 2736 633 2784 ἀλόης
659 2739 704 2780 ὡς
733 2737 853 2790 λίτρας
882 2736 1017 2775 ἑκατόν.
1047 2736 1117 2774 Καὶ

91 2804 149 2838 νῦν
172 2799 207 2839 δὲ
226 2799 371 2838 διέκειτο
395 2798 456 2849 μὲν
477 2797 557 2850 περὶ
583 2798 639 2836 τὸν
674 2798 837 2851 Χριστὸν,
861 2800 924 2850 οὐχ
945 2800 991 2841 ὥς
1010 2799 1115 2850 ἐχρῆν

93 2860 146 2909 δὲ,
162 2860 239 2898 οὔτε
267 2859 355 2911 μετὰ
374 2858 525 2902 διανοίας
539 2861 600 2904 τῆς
613 2858 873 2911 προσηκούσης,
890 2858 968 2897 ἀλλ’
987 2858 1037 2897 ἔτι
1051 2857 1117 2895 ὑπὸ

89 2925 151 2969 τῆς
164 2923 358 2968 Ἰουδαϊκῆς
376 2920 559 2972 κατείχετο
580 2920 767 2965 ἀσθενείας.
788 2920 856 2958 Διὰ
873 2925 971 2959 τοῦτο
985 2919 1044 2958 καὶ
1059 2936 1115 2957 νυ-

91 2983 170 3026 κτὸς
189 2977 293 3030 ἦλθε,
314 2980 475 3025 δεδοικὼς
496 2983 530 3019 ἐν
557 2980 675 3034 ἡμέρα
694 2986 794 3020 τοῦτο
811 2984 967 3028 ποιῆσαι.
989 2981 1080 3019 Ἀλλ’
1100 2984 1117 3018 ὃ

91 3044 332 3096 φιλάνθρωπος
352 3043 441 3087 Θεὸς
467 3042 544 3081 οὐδὲ
569 3041 676 3087 οὕτως
698 3044 800 3082 αὐτὸν
823 3041 1009 3090 ἀπώσατο,
1040 3041 1116 3081 οὐδὲ

93 3109 279 3161 διήλεγξεν,
304 3108 379 3148 οὐδὲ
407 3112 470 3156 τῆς
489 3110 592 3149 αὗτοῧ
622 3108 848 3154 διδασκαλίας
868 3109 1114 3162 ἀπεστέρησεν,

94 3175 183 3214 ἀλλὰ
197 3175 257 3214 καὶ
287 3174 376 3226 μετὰ
391 3176 523 3223 πολλῆς
547 3177 640 3227 αὐτῷ
667 3178 730 3223 τῆς
755 3175 941 3218 ἐπιεικείας
960 3174 1116 3227 διαλέγε-

139 3301 151 3314 0
174 3294 321 3336 Quidam
338 3300 400 3330 ἐστὶ
416 3303 506 3338 μόνον
524 3301 600 3330 θεοῦ.
620 3294 680 3328 Alii
699 3294 832 3338 paulum
851 3296 992 3331 variant.

144 3347 161 3372 d
185 3346 301 3378 Morel.
319 3351 424 3382 αὐτῶν.

1194 967 1256 1005 sed
1271 968 1426 1020 plurima
1451 969 1537 1021 ipsis
1550 969 1724 1007 occultat.
1749 970 1798 1008 Ut
1814 970 1908 1007 enim
1928 984 1990 1007 nos
2004 984 2072 1008 non
2089 970 2184 1008 aini—

1195 1029 1245 1066 cis
1269 1029 1507 1080 quibuslibet,
1530 1029 1592 1068 sed
1618 1031 1711 1069 veris
1738 1030 1906 1080 fidimus;
1934 1032 1981 1069 ita
2009 1040 2042 1068 et
2071 1032 2180 1068 Deus.

1195 1089 1288 1127 Audi
1314 1089 1433 1140 itaque
1460 1090 1547 1141 quid
1566 1090 1730 1129 Christus
1746 1090 1933 1143 discipulis
1948 1091 2043 1129 (licat
2067 1108 2074 1127 ε
2095 1093 2184 1129 Non
2201 1111 2286 1138 [οἴω
2312 1112 2355 1140 ,5,

1187 1152 1275 1202 jam
1297 1151 1382 1188 dico
1403 1165 1474 1188 vos
1490 1165 1619 1189 servos
1632 1167 1642 1187 .-
1656 1165 1727 1189 vos
1743 1154 1845 1189 enim
1860 1155 1976 1189 amici
1989 1155 2062 1189 mei
2077 1155 2178 1190 estis.
2203 1153 2246 1188 ¹4-

1195 1209 1313 1260 Unde,
1329 1220 1362 1248 et
1384 1211 1518 1261 quare?
1537 1212 1637 1261 Quia
1651 1215 1797 1259 omnia,
1814 1226 1899 1264 quoe
1913 1214 2047 1250 audivi
2061 1227 2085 1250 a
2100 1214 2179 1250 Pa-

1195 1280 1252 1309 tre
1271 1285 1366 1318 meO,
1391 1273 1584 1324 nocafeci
1611 1274 1737 1310 vobis.
1764 1273 1900 1311 Idcirco
1919 1288 2031 1324 neque
2050 1276 2069 1313 J
2076 1274 2183 1311 udaeis

1194 1334 1294 1385 signa
1317 1334 1516 1386 petentibus
1536 1334 1665 1384 dabat,
1699 1335 1783 1386 quia
1804 1335 1859 1373 illi
1885 1345 2055 1374 tentantes
2089 1346 2184 1388 pete-

1192 1394 1292 1432 bant.
1312 1396 1436 1432 Annon
1450 1405 1489 1433 ut
1502 1395 1603 1445 olim,
1620 1396 1669 1433 sic
1682 1410 1776 1433 nunc
1796 1410 1936 1448 quoque
1952 1398 2051 1449 signa
2065 1407 2183 1450 petere
2241 1447 2246 1452 ,

1192 1455 1403 1494 tentantium
1422 1457 1500 1494 est?
1523 1457 1615 1494 Nam
1640 1466 1721 1494 sunt
1742 1456 1917 1508 hodieque
1937 1459 1999 1508 qui
2021 1463 2190 1509 quierunt
2231 1473 2291 1501 cur
2308 1484 2383 1501 nun-2

1192 1530 1233 1554 ac.
1254 1517 1396 1564 dicunt,
1421 1518 1496 1555 Cur
1523 1529 1593 1553 non
1623 1517 1730 1554 etiam
1752 1531 1846 1555 nunc
1875 1518 1975 1570 signa
2004 1520 2126 1557 fiunt?
2144 1520 2179 1558 Si
2253 1516 2383 1564 ''¹³„¹'²¹¹¹*¹⁴¹

1193 1573 1310 1613 fidelis
1324 1589 1360 1613 es
1373 1585 1412 1614 ut
1427 1590 1500 1614 esse
1514 1575 1634 1628 debes,
1654 1577 1684 1616 si
1703 1592 1799 1617 amas
1813 1579 1996 1618 Christum
2008 1590 2047 1618 ut
2063 1595 2182 1619 amare
2195 1567 2251 1584 mm
2281 1560 2360 1584 ‘mm‘

1148 1650 1258 1688 sspar
1276 1645 1345 1686 est,
1364 1651 1434 1675 non
1450 1651 1539 1690 opus
1559 1637 1669 1676 babes
1684 1640 1794 1690 signis
1811 1656 1818 1675 :
1840 1640 1917 1677 haee
1938 1641 2032 1678 enim
2052 1641 2181 1679 inlide-

1191 1698 1287 1737 libus
1300 1698 1443 1737 dantur.
1465 1700 1538 1738 Cur
1549 1702 1569 1740 J
1574 1699 1684 1738 udaeis
1693 1731 1703 1750 ,
1719 1701 1871 1752 inquies7
1888 1715 1959 1739 non
1974 1702 2055 1740 data
2072 1704 2180 1740 sunt?

1190 1760 1282 1797 Data
1301 1768 1392 1798 certe
1410 1770 1491 1798 sunt
1509 1776 1517 1796 :
1533 1761 1705 1812 siquando
1726 1775 1811 1800 vero
1826 1770 1980 1814 petentes
1994 1776 2063 1801 non
2084 1778 2182 1802 accc-

1190 1822 1325 1872 perint‚
1348 1819 1439 1858 illud
1459 1820 1538 1858 ideo
1562 1822 1697 1860 sactum
1715 1832 1788 1873 est,
1807 1822 1903 1874 quod
1917 1837 1986 1861 non
2003 1833 2041 1861 ut
2062 1825 2108 1862 ab
2126 1825 2181 1862 in—

1189 1883 1360 1922 fidelitate
1384 1884 1620 1922 liberarentur
1644 1885 1720 1923 baec
1739 1886 1945 1938 petiissent,
1971 1886 2034 1924 sed
2053 1896 2090 1925 ut
2110 1902 2182 1925 sesc

1189 1945 1304 1997 magis
1323 1945 1359 1983 in
1381 1945 1538 1996 nequitia
1553 1945 1814 1985 confirmarent.
1836 1949 1873 1984 Ἰ.
1893 1949 1948 1985 Et
1962 1957 2046 1986 erat
2068 1950 2182 1986 homo
2197 1963 2266 2000 cap.
2283 1962 2310 1989 3.

1189 2021 1238 2044 ex
1273 2008 1487 2045 Plzarisoeis
1525 2008 1760 2045 Nicodemus
1799 2012 1965 2056 nomine,
2005 2013 2182 2061 princeps

1188 2069 1414 2106 Judceorum
1436 2070 1497 2106 :2
1524 2069 1586 2107 hic
1611 2071 1721 2107 venit
1743 2070 1796 2106 ad
1815 2070 1949 2108 ιῙεςιιιη
1973 2079 2096 2108 nocte.
2114 2070 2182 2108 Hic

1186 2138 1220 2167 et
1235 2129 1270 2166 in
1285 2128 1404 2167 medio
1417 2128 1616 2181 Evangelio
1627 2129 1812 2167 Christum
1825 2129 2011 2168 defendere
2021 2130 2176 2181 videtur3
2188 2139 2202 2149 ⁴

1185 2190 1235 2228 ait
1264 2190 1358 2228 enim
1383 2206 1391 2227 ε
1419 2191 1500 2228 Lex
1527 2199 1660 2228 nostra
1690 2194 1881 2229 neminem
1901 2193 2072 2244 judicat,
2105 2195 2180 2230 nisi
2192 2206 2271 2234 Jfflm
2292 2203 2374 2242 751,

1183 2254 1290 2303 prius
1304 2252 1440 2290 audiat
1463 2253 1512 2289 ab
1531 2265 1589 2289 eo.
1615 2250 1793 2290 Adversus
1817 2252 1913 2290 hunc
1939 2251 2055 2291 Judaei
2078 2252 2175 2289 indi-

1185 2313 1387 2365 gnabantur
1416 2312 1571 2350 dicentes
1609 2328 1616 2349 :
1650 2315 1853 2364 Interroga
1882 2322 1917 2350 et
1950 2314 2043 2350 vide
2085 2316 2176 2363 quia
2195 2322 2307 2351 lnam.
2324 2322 2374 2352 52.

1141 2384 1164 2414 C
1182 2377 1371 2427 propheta
1391 2388 1438 2412 ea·
1458 2374 1629 2413 Galiloea
1650 2387 1727 2410 non
1740 2376 1917 2411 surrexit.
1935 2373 2019 2410 Post
2034 2386 2176 2410 crucem

1185 2437 1292 2475 etiam
1318 2449 1481 2486 magnam
1508 2448 1572 2486 pro
1599 2433 1780 2471 Dominici
1808 2433 1965 2484 colporis
1994 2434 2174 2486 sepultum

1186 2511 1308 2535 curam
1325 2495 1506 2534 adhibuit
1538 2496 1663 2540 Venit,
1687 2493 1815 2544 inquit,
1837 2495 1888 2532 N
1885 2496 2084 2543 eodemus,
2109 2499 2174 2547 qui
2190 2506 2239 2531 lo
2231 2516 2278 2532 ιιι
2303 2512 2347 2541 ¹9

1186 2565 1349 2596 venerat
1367 2557 1422 2594 ad
1441 2557 1653 2593 Dominum
1675 2563 1797 2601 nocte,
1806 2556 1944 2607 serens
1962 2558 2174 2603 mit-turam
2189 2544 2240 2583 30·

1187 2622 1372 2673 unguenti
1391 2627 1427 2657 et
1443 2619 1548 2656 aloes
1567 2620 1680 2669 quasi
1696 2618 1816 2656 libras
1833 2627 1999 2656 centum.
2022 2619 2089 2657 Hic
2098 2621 2174 2672 jam

1187 2695 1280 2720 nunc
1293 2681 1380 2720 bene
1394 2680 1541 2718 affectus
1561 2687 1634 2718 erat
1646 2692 1729 2731 erga
1749 2679 1934 2718 Christum
1946 2710 1957 2729 ‚
1976 2695 2040 2718 nec
2058 2690 2174 2719 tamen

1185 2751 1359 2793 quantum
1373 2754 1439 2793 par
1459 2749 1550 2790 erat,
1568 2753 1680 2790 neque
1693 2753 1733 2778 eo
1752 2754 1823 2791 quo
1840 2741 2023 2793 oportebat
2037 2742 2173 2789 animo,

1186 2803 1248 2842 sed.
1261 2802 1379 2841 adhuc
1399 2803 1419 2841 J
1424 2801 1552 2839 uda'l'ca
1567 2801 1811 2840 imbecillitate
1828 2801 2065 2841 detinebatur.
2090 2804 2174 2842 Ideo

1186 2874 1291 2903 noctu
1314 2863 1425 2912 venit,
1450 2863 1534 2914 quia
1562 2861 1716 2901 interdiu
1743 2862 1782 2901 id
1803 2864 1917 2902 facere
1941 2864 2169 2903 formidabat.

1185 2927 1257 2967 Sed
1274 2926 1448 2978 benignus
1466 2927 1564 2964 Deus
1581 2919 1666 2964 eum
1686 2939 1798 2977 neque
1815 2926 1960 2978 repulit,
1979 2941 2091 2978 neque
2117 2943 2172 2965 re-

1187 2988 1344 3041 darguit,
1379 3001 1442 3026 nec
1467 2986 1629 3024 doctrina
1657 3000 1721 3025 sua
1748 2987 1928 3039 privavit:
1946 3002 2070 3027 verum
2092 3003 2174 3026 cum

1187 3047 1456 3089 mansuetudine
1468 3060 1596 3099 magna
1617 3047 1734 3100 ipsum
1750 3047 1968 3098 alloquitur,
1989 3048 2174 3086 sublimia-

1189 3120 1258 3162 q'ue
1282 3109 1351 3163 ipsi
1384 3107 1552 3160 dogmata
1588 3107 1702 3160 aperit
1711 3123 1722 3158 5
1753 3107 1974 3159 aenigmatice
2006 3107 2149 3158 quidem
2164 3138 2173 3156 ,

1190 3172 1372 3226 aperitque
1390 3180 1521 3210 tamen.
1549 3169 1667 3208 Multo
1683 3168 1796 3221 magis
1814 3169 1908 3208 enim
1924 3169 2027 3208 venia
2045 3168 2174 3221 dignus

1178 3324 1184 3330 ,
1219 3303 1232 3317 ³
1255 3291 1372 3324 Morel.
1392 3295 1439 3326 νῦν
1455 3294 1541 3328 αὐτὸς
1556 3293 1571 3323 ὸ
1588 3296 1722 3334 Χριστός·

1221 3346 1237 3369 ¹³
1261 3343 1322 3377 Alii
1341 3348 1390 3378 καὶ
1406 3347 1420 3377 ὁ
1437 3348 1573 3389 Χριστὸς.

1911 3400 1969 3435 12
