2481 3678
753 209 792 238 ix
831 209 1042 238 suffixum
1078 208 1234 238 nonni„
1277 207 1365 236 ιιιι.
1405 191 1467 235 al.

136 289 195 326 οὐκ
216 289 329 341 ἀψῆκέ
361 305 403 340 με
422 289 536 340 μόνον,
565 288 617 326 ὅτι
640 289 707 341 ἐγὼ
725 289 768 327 τὰ
795 289 924 343 ἀρεστὰ
953 291 1046 342 αὐτῷ
1066 291 1155 327 ποιῶ

135 352 293 390 πάντοτε.
314 351 427 389 Πάλιν
448 351 503 389 ἐπὶ
529 350 567 388 τὸ
586 351 826 404 ταπεινότερον
842 351 898 390 τὸν
921 351 1021 403 λόγον
1041 350 1155 396 κατή-

133 429 218 464 γαγε
231 444 239 456 ,
258 413 343 466 πρὸς
360 415 467 451 ἐκεῖνο
487 415 637 464 συνεχῶς
657 412 838 463 ἱστάμενος
856 412 940 465 ὅπερ
956 412 1083 463 ἔλεγον,
1104 410 1156 448 ὅτι

133 477 193 512 οὐκ
218 475 309 512 ἔστιν
330 474 363 518 ἐξ
390 475 510 520 αὐτοῦ,
533 474 592 512 καὶ
621 474 672 512 ὅτι
699 474 738 512 τὸ
765 473 940 513 σάὲὅατον
970 475 1007 511 οὐ
1032 478 1154 524 τηρεῖ,

132 535 215 587 πρὸς
240 535 340 573 τοῦτό
369 550 474 586 φησι·
503 534 560 572 Τὰ
590 533 718 587 ἀρεστὰ
749 536 843 586 αὐτῷ
866 536 956 571 ποιῶ
984 532 1154 570 πάντοτε·

131 595 283 643 δεικνὺς,
313 596 365 634 ὅτι
393 596 452 634 καὶ
480 596 518 633 τὸ
548 595 688 634 λύεσθαι
719 595 759 633 τὸ
789 593 977 640 σάὸὅατον,
1011 593 1154 646 ἀρεστὸν

132 660 237 710 αὐτῷ.
255 657 360 696 Οὕτω
377 663 457 710 γοῦν
479 657 538 695 καὶ
562 656 618 696 ἐπὶ
639 661 698 694 τοῦ
718 658 865 707 σταυροῦ
884 670 988 706 φησι·
1013 656 1155 692 Δοκεῖτε

130 719 183 756 ὅτι
196 721 233 757 οὐ
251 719 400 770 δύναμαι
417 717 663 771 παρακαλέσαι
678 717 736 754 τὸν
752 715 898 768 Πατέρα
915 731 997 766 μου,
1029 715 1154 754 Καίτοι

130 797 167 832 γε
191 780 296 818 εἰπὼν
327 780 450 831 μόνον·
475 779 564 817 Τίνα
592 780 744 825 ζητεῖτε,
769 776 905 830 ἔρριψεν
926 776 1077 821 ὑπτίους.
1108 778 1155 816 Τί

129 837 184 880 οὖν
208 843 266 880 Γοῦ
282 842 393 893 λέγει,
416 842 546 879 δοκεῖτε
561 838 613 877 ὅτι
636 841 673 877 οὐ
691 837 840 888 δύναμαι
858 841 949 889 ὑμᾶς
965 839 1152 886 ἀπολέσαι;

129 903 218 955 ἔργῳ
232 907 331 941 τοῦτο
346 901 620 952 ἐπιδειξάμενος,
640 899 734 951 Πρὸς
757 899 820 946 τὴν
844 900 1022 938 ἀσθένειαν
1041 903 1153 939 αὐτῶν

128 963 342 1002 καταὸαίνει.
359 961 498 1009 Πολλὴν
513 962 580 1015 γὰρ
595 964 744 1000 ἐποιεῖτο
759 961 925 1010 σπουδὴν,
942 960 1032 1000 ὥστε
1047 961 1154 1006 δεῖξαι

127 1025 179 1063 ὅτι
197 1023 292 1062 οὐδὲν
312 1022 463 1062 ἐναντίον
492 1029 583 1061 ποιεῖ
602 1025 651 1074 τῷ
668 1022 798 1076 Πατρί.
819 1022 923 1061 Οὕτω
945 1022 986 1070 δὴ
1008 1023 1068 1061 καὶ
1096 1025 1152 1061 ἐν·

126 1089 235 1124 mooe
263 1082 567 1138 ἀνθρωπινώτερον
598 1083 795 1137 φθέγγεται.
827 1082 992 1139 ὀϋΩσπερ
1023 1083 1058 1123 δὲ
1090 1085 1151 1133 τὸ,

126 1149 202 1185 Οὐκ
222 1146 335 1198 ἀφῆκέ
352 1161 396 1196 με
416 1145 530 1196 μόνον,
552 1145 710 1197 εἴρηται·
730 1144 818 1182 οὕτω
838 1145 967 1193 καὶτὸ,
984 1145 1036 1184 ὅτι
1056 1145 1152 1198 Ἐγὼ

125 1208 169 1246 τὰ
190 1206 320 1260 ἀρεστὰ
349 1209 441 1258 αὐτῷ
468 1209 556 1244 ποιῶ
582 1206 742 1244 πάντοτε.
769 1208 891 1244 Ταῦτα
912 1209 1015 1245 αὐτοῦ
1044 1208 1152 1253 λαλή-

126 1285 247 1311 σαντος
262 1300 270 1317 ,
288 1268 410 1306 πολλοὶ
430 1267 633 1306 ἐπίστευσαν
655 1270 702 1311 εἷς
723 1266 836 1306 αὐτόν.
856 1266 944 1305 ΕὈτε
961 1270 1009 1311 εἷς
1026 1269 1066 1306 τὸ
1084 1285 1151 1307 τα-

124 1330 239 1368 πεινὸν
259 1330 316 1368 τὸν
336 1329 436 1380 λόγον
456 1329 652 1380 κατήγαγε,
680 1328 758 1366 τότε
786 1328 908 1367 πολλοὶ
933 1329 1150 1368 ἐπίστευσαν.

125 1390 206 1428 ''Fa-t
231 1384 289 1428 οὖν
309 1393 457 1443 ἐρωτᾷς,
485 1389 575 1433 τίνος
603 1389 716 1427 ἕνεκεν
745 1392 917 1433 ταπεινῶς
946 1390 1152 1442 φθέγγεται;

126 1450 250 1489 Καίτοι
277 1467 315 1502 γε
345 1453 462 1501 σαφῶς
481 1452 498 1487 ὃ
518 1449 763 1501 εὐαγγελιστὴς
789 1449 930 1501 ’ᾐνίξατο
958 1455 1076 1499 τοῦτο,
1103 1454 1153 1489 εἷ-

124 1511 211 1559 πὼν,
235 1512 287 1550 ὅτι
310 1514 342 1550 Τ
346 1517 432 1550 αῦτα
455 1513 559 1549 αὐτοῦ
587 1511 803 1557 λαλήσαντος
816 1539 825 1556 ,
845 1511 968 1550 πολλοὶ
988 1512 1151 1551 ἐπίστευ-

123 1589 186 1611 σαν
209 1575 256 1617 εἷς
284 1573 385 1612 αὐτόν
403 1588 410 1596 ·
433 1573 616 1625 μονονουχὶ
645 1575 732 1624 βοῶν
753 1572 810 1610 διὰ
825 1572 955 1610 τούτων
970 1576 1039 1611 τῶν
1060 1591 1148 1628 πρα-

122 1633 281 1686 γμάτων·
312 1633 359 1684 μὴ
384 1634 550 1685 θορυέοῧ,
571 1627 599 1671 ὦ
626 1633 803 1686 ἀκροατὰ,
837 1633 894 1672 ἐοίν
927 1650 961 1672 τι
988 1635 1151 1674 ταπεινὸν

123 1694 285 1747 ἀκούσῃς.
307 1698 354 1733 Οἱ
370 1694 437 1747 γὰρ
459 1694 547 1745 μετὰ
564 1695 733 1742 τοσαύτην
760 1695 987 1734 διδασκαλίαν
1005 1696 1151 1747 μηδέπω

121 1755 347 1807 πεπεισμένοι
367 1755 420 1793 ὅτι
445 1755 543 1808 παρὰ
562 1761 621 1794 τοῦ
641 1755 783 1807 Πατρός
799 1758 904 1804 ἐστιν,
926 1757 1066 1800 εἰκότως
1082 1773 1149 1796 τα-

121 1816 304 1869 πεινότερα
323 1817 446 1862 ἤκουον
467 1816 523 1855 ἵνα
536 1820 718 1855 πεισθῶσι.
736 1817 806 1855 Καὶ
828 1821 928 1856 τοῦτο
944 1811 1001 1856 οὖν
1026 1821 1151 1857 ἀπολο-

120 1878 178 1924 γία
202 1878 293 1915 ἐστὶν
315 1877 402 1931 ὑπὲρ
420 1881 488 1915 τῶν
517 1877 713 1928 μελλόντων
741 1882 913 1923 ταπεινῶς
940 1879 1151 1931 εἰρήσεσθαι.

120 1938 354 1977 Ἔπίστευσαν
377 1938 438 1989 μὲν
462 1932 532 1986 οὖν,
558 1941 622 1991 οὐχ
640 1941 686 1983 ὡς
710 1942 816 1993 ἐχρῆν
847 1939 901 1988 δὲ,
932 1942 1008 1979 ἀλλ’
1035 1942 1154 1984 ἁπλῶς

120 2000 178 2039 καὶ
199 2000 388 2053 ὡςέτυχεν,
403 2001 563 2047 ἡσθέντες
579 2000 638 2038 καὶ
653 2001 940 2052 ἀναπαυσάμενοι
951 2002 1008 2040 ἐπὶ
1026 2006 1068 2054 τῇ
1085 2004 1153 2041 τῶν

118 2063 229 2114 λόγων
246 2061 483 2108 ταπεινότητι.
509 2061 592 2100 (Ότι
611 2061 679 2113 γὰρ
708 2064 745 2100 οὗ
765 2062 900 2101 τελείαν
916 2063 1032 2102 πίστιν
1048 2057 1154 2116 εἶχον,

121 2124 289 2162 δείκνυσιν
308 2127 325 2161 ὃ
344 2122 591 2175 εὖαγγελιστὴς
619 2125 658 2161 ἐκ
686 2127 753 2162 τῶν
789 2124 877 2176 μετὰ
891 2128 1002 2163 ταῦτα
1029 2125 1154 2178 λόγων,

120 2188 153 2224 ἐν
182 2180 231 2229 οἷς
253 2184 353 2222 αὐτὸν
382 2185 486 2223 πάλιν
515 2184 704 2236 ὑδρίζουσι.
741 2186 812 2223 Καὶ
849 2185 902 2224 ὅτι
930 2181 1024 2225 οῧτοι
1058 2187 1155 2225 αὐτοί

120 2250 203 2285 εἰσιν
221 2249 365 2293 ἐκεῖνοι,
393 2246 564 2292 ἐδήλωσεν
589 2246 694 2285 εἰπών
709 2263 717 2270 ·
744 2246 892 2299 ’Ἔλεγεν
915 2241 974 2285 οῧν
987 2251 1004 2286 ὁ
1020 2249 1153 2296 Ἰησοῦς

118 2308 203 2361 πρὸς
221 2306 299 2350 τοὺς
317 2306 592 2350 πεπιστευκότας
619 2310 711 2361 αὐτῷ
735 2308 943 2352 Ἰουδαίους·
969 2308 1027 2348 ἐὰν
1053 2312 1151 2361 ὑμεῖς

120 2370 260 2421 μείνητε
276 2372 309 2407 ἐν
325 2372 376 2421 τῷ
392 2369 485 2421 λόγῳ
512 2373 562 2423 τῷ
588 2372 663 2422 ἐμῷ
677 2386 684 2394 ·
706 2371 838 2415 δεικνὺς
854 2370 906 2409 ὅτι
934 2372 1067 2411 οὐδέπω
1084 2389 1153 2411 πα-

162 2431 214 2444 Nl?

122 2447 299 2485 ρεοεςαντο
330 2430 392 2477 τὴν
434 2432 679 2479 διδασκαλίαν,
714 2431 802 2470 ἀλλὰ
833 2432 935 2482 μόνον
966 2440 1150 2486 προσεῖχον

118 2499 188 2535 τοῖς
205 2491 414 2542 λεγομένοις.
437 2492 500 2529 Διὸ
526 2493 585 2530 καὶ
607 2492 889 2545 πληκτικώτερον
918 2487 1024 2532 εἶπεν.
1052 2494 1151 2532 Ἐκεῖ

122 2553 182 2604 μὲν
203 2552 270 2606 γὰρ
289 2553 408 2594 ἁπλῶς
425 2546 531 2600 εἶπεν,
550 2553 730 2600 Ζητήσετέ
758 2569 818 2603 με·
850 2559 908 2592 νῦν
938 2553 974 2592 δὲ
1006 2555 1023 2570 *
1036 2558 1148 2605 μεῖζον

120 2614 348 2667 προσέθηκεν,
366 2613 418 2651 ὅτι
433 2614 493 2651 Ἔν
509 2620 584 2657 ταῖς
599 2614 788 2667 ἁμαρτίαις
799 2617 897 2666 ὑμῶν
909 2618 1148 2655 ἀποθανεῖσθε.

121 2676 191 2714 Καὶ
205 2676 244 2712 τὸ
267 2679 341 2718 πῶς
364 2674 545 2723 δείκνυσιν,
571 2676 624 2714 ὅτι
643 2677 680 2714 οὗ
706 2676 850 2715 δύνασθε
877 2677 1030 2721 ἐλθόντες
1057 2681 1149 2726 ἐκεῖ,

120 2735 367 2787 παρακαλέσαι
396 2753 439 2787 με
469 2737 602 2776 λοιπόν.
629 2739 754 2776 Ταῦτα
781 2738 802 2775 ἃ
822 2738 920 2776 λαλῶ
941 2741 988 2782 εἷς
1010 2739 1067 2777 τὸν
1094 2740 1150 2777 κό-

122 2813 221 2847 σμον.
247 2797 315 2836 Διὰ
335 2797 464 2836 τούτων
491 2798 644 2845 ἐδήλωσε
668 2800 789 2838 λοιπὸν
806 2800 1030 2853 ἐξερχόμενον
1047 2802 1149 2840 αὐτὸν

122 2860 168 2901 εἷς
187 2857 230 2895 τὰ
246 2858 337 2904 ἔθνη.
353 2858 500 2906 Ἐπειδὴ
530 2860 564 2898 δὲ
594 2862 655 2898 οὐκ
684 2860 837 2911 ἔγνωσαν
858 2862 979 2900 λοιπὸν
1005 2862 1058 2900 ὅτι
1090 2863 1147 2901 τὸν

121 2917 267 2970 Πατέρα
302 2921 418 2963 αὐτοῖς
452 2920 545 2971 λέγει
580 2921 789 2974 ἔμπροσθεν,
822 2922 928 2960 πάλιν
966 2923 1149 2976 φθέγγεται

122 2978 201 3029 περὶ
224 2981 343 3017 αὐτοῦ·
363 2980 422 3017 καὶ
441 2980 502 3027 τὴν
521 2981 635 3020 αἰτίαν
654 2985 716 3028 τῆς
731 2983 979 3031 ταπεινότητος
997 2987 1065 3022 τῶν
1087 2988 1147 3037 ῥη-

124 3039 243 3090 μάτων
262 3039 411 3078 τέθεικεν
431 3044 448 3079 ὅ
470 3043 727 3093 εὐαγγελιστής.

174 3109 234 3148 Ἂν
252 3109 342 3147 οὕτω
358 3110 470 3148 τοίνυν
490 3112 644 3163 θέλωμεν
660 3113 722 3157 τὰς
743 3114 886 3167 Γραφὰς
905 3117 1043 3168 ε’ρευνᾷν
1059 3116 1147 3166 μετὰ

124 3177 302 3228 ἀκριὸείας
326 3177 385 3216 καὶ
419 3177 466 3228 μὴ
489 3180 631 3229 ἅπλῶς,
651 3180 872 3231 δυνησόμεθα
889 3184 953 3227 τῆς
974 3182 1149 3234 σωτηρίας

168 3324 179 3337 1·
205 3313 263 3346 Alii
282 3319 313 3348 o)
329 3320 419 3358 λὲγεις
434 3322 478 3350 ἔτι
497 3322 527 3351 οὐ
542 3321 600 3351 ὢν.

169 3366 184 3389 ‘¹
211 3366 270 3398 Alii
288 3372 384 3413 ὥσπερ
403 3370 450 3403 οὖν
466 3377 509 3403 τὸ.

1510 207 1581 236 Lu.
2122 197 2212 262 359

1227 287 1425 337 frequenter
1441 295 1592 326 tractans
1609 287 1707 338 quod
1726 288 1909 339 dicebant,
1927 291 2045 342 ipsum
2067 307 2111 330 ex
2138 296 2213 332 Deo

1229 360 1296 384 non
1327 360 1400 385 esse
1408 376 1419 395 ,
1449 347 1708 399 sabbatumque
1727 364 1795 387 non
1817 364 1956 389 servare
1979 367 1986 387 z
2009 352 2088 390 ideo
2113 354 2213 402 dicit,

1233 409 1326 458 Quoe
1352 409 1502 459 placita
1523 419 1613 447 sunt
1632 413 1667 448 ei
1681 441 1693 458 ,
1716 413 1833 463 facio
1859 426 2006 464 semper
2025 429 2035 449 .·
2055 414 2214 454 indicans

1228 470 1396 522 placitam
1413 471 1480 523 ipsi
1497 486 1571 510 esse
1590 473 1727 510 sabbati
1747 474 1971 513 solutionem.
1995 476 2054 514 Sic
2073 490 2154 514 cum
2170 478 2215 515 ad

1229 543 1369 567 crucem
1389 529 1601 579 duceretur,
1632 532 1713 569 ait:
1737 533 1808 570 An
1834 536 1982 584 putatis
2014 537 2107 586 quia
2140 550 2217 573 non

1221 604 1376 642 possum
1390 605 1527 643 rogare
1545 594 1705 630 Patrem
1722 608 1846 631 meum
1860 598 1876 630 P
1895 594 2003 645 Atqui
2019 595 2086 633 hoc
2100 596 2218 635 solum

1177 667 1201 696 1)
1223 651 1318 690 dicto
1331 682 1343 703 ,
1369 654 1490 704 Quem
1512 657 1684 706 quaeritis
1702 659 1718 692 Ρ
1741 656 1887 707 supinos
1906 657 1987 694 illos
2012 659 2215 709 prostravit.

1225 714 1299 752 Cur
1315 729 1378 766 ego
1398 729 1466 753 non
1493 715 1581 754 dicit
1595 747 1604 765 ,
1634 719 1688 754 An
1708 717 1842 769 putatis
1858 732 1914 755 me
1942 732 2011 756 non
2031 734 2133 771 posse
2153 734 2217 758 vos

1223 776 1394 828 perdere?
1426 791 1507 815 cum
1529 778 1566 816 id
1593 779 1708 832 reipsa
1728 779 2047 819 demonstraverit?
2068 781 2216 820 Illorum

1223 837 1426 877 infirmitati
1457 854 1493 877 se
1521 850 1739 893 attemperat.
1768 841 1926 879 Multum
1955 842 2049 880 enim
2070 844 2217 882 curabat

1223 900 1418 951 ostendere,
1438 917 1474 940 se
1492 902 1585 941 nihil
1602 903 1699 941 Patri
1726 904 1941 942 contrarium
1957 905 2081 943 facere.
2105 906 2165 944 Sic
2184 916 2217 944 et

1222 961 1382 1001 hocloco
1399 963 1557 1002 humano
1582 979 1680 1002 more
1708 965 1879 1016 loquitur.
1897 967 1948 1003 Ut
1971 975 2091 1004 autem
2106 967 2215 1016 illud,

1223 1026 1313 1062 Non
1326 1025 1482 1077 reliquit
1500 1041 1558 1064 me
1573 1027 1698 1064 solum
1712 1057 1724 1073 ,
1742 1026 1880 1064 dictum
1892 1027 1960 1065 fuit
1974 1043 1982 1064 ε
1996 1028 2047 1065 sic
2057 1037 2090 1065 et
2105 1027 2214 1077 illud,

1228 1089 1320 1138 Quoe
1340 1088 1496 1139 placita,
1518 1098 1609 1126 sunt
1635 1092 1693 1135 ei,
1712 1091 1830 1142 facio
1846 1104 2005 1141 semper.
2026 1091 2096 1127 50.
2118 1092 2215 1128 Hoec

1221 1150 1291 1187 illo
1318 1150 1520 1202 loquente,
1542 1151 1656 1187 multi
1676 1152 1920 1189 erediderunt
1939 1154 1981 1188 in
1995 1165 2095 1189 eum.
2120 1152 2212 1189 Cum

1222 1209 1268 1248 ad
1291 1210 1485 1248 humiliora
1517 1210 1722 1261 descendit,
1758 1211 1865 1249 multi
1889 1211 2130 1250 crediderunt.
2157 1214 2211 1250 An

1220 1272 1339 1311 adhuc
1369 1273 1564 1324 interrogas
1584 1288 1647 1311 cur
1674 1273 1860 1312 humiliter
1885 1274 2074 1325 loquatur?
2103 1275 2211 1325 Atqui

1173 1349 1196 1378 Ε
1222 1334 1259 1372 id
1278 1335 1463 1372 manifeste
1491 1334 1663 1373 indicavit
1685 1335 1903 1387 evangelista
1934 1335 2056 1374 dicens
2083 1353 2090 1373 ε
2116 1339 2213 1376 Hoec

1222 1396 1292 1432 illo
1314 1396 1519 1447 loquente,
1541 1397 1657 1434 multi
1682 1398 1929 1434 crediderunt
1947 1400 1988 1435 in
2004 1413 2091 1436 eum
2102 1415 2117 1443 ,·
2137 1407 2212 1436 tan-

1221 1466 1298 1494 tum
1324 1470 1394 1494 non
1424 1457 1580 1495 clamans
1609 1472 1654 1495 ex
1682 1458 1789 1495 rebus
1823 1458 1909 1510 ipsis
1932 1475 1939 1495 :
1961 1460 2014 1497 Ne
2032 1460 2210 1510 turberis,

1221 1517 1388 1567 auditor,
1418 1517 1448 1555 si
1467 1517 1557 1568 quid
1581 1517 1718 1555 humile
1748 1518 1886 1556 audias.
1917 1519 1989 1565 Qui
2015 1521 2109 1557 enim
2134 1531 2214 1573 post

1221 1588 1355 1617 tantam
1385 1578 1585 1617 doctrinam
1613 1579 1772 1617 nondum
1799 1581 1957 1632 persuasi
1977 1592 2076 1619 crant
2096 1583 2214 1634 ipsum

1220 1658 1239 1680 a
1256 1643 1361 1680 Patre
1382 1657 1456 1680 esse
1468 1673 1478 1692 ,
1494 1642 1621 1680 merito
1639 1642 1833 1681 humiliora
1850 1644 2041 1682 audierunt
2054 1676 2065 1695 ,
2085 1655 2124 1683 ut
2140 1660 2214 1683 cre-

1221 1703 1355 1743 derent.
1374 1704 1421 1742 Et
1439 1705 1517 1742 haec
1533 1705 1610 1757 jam
1639 1704 1797 1743 defensio
1816 1706 2050 1757 praemittitur
2077 1720 2141 1758 pro
2170 1705 2215 1744 iis

1160 1794 1208 1819 313
1221 1781 1298 1818 quae
1330 1776 1451 1819 postea
1482 1767 1668 1805 humiliter
1695 1767 1858 1805 dicturus
1880 1778 1943 1806 est.
1976 1767 2215 1806 crediderunt

1173 1833 1196 1861 A
1221 1841 1305 1879 ergo
1316 1844 1326 1878 3
1350 1837 1549 1866 nontamen
1569 1838 1745 1879 quantum
1765 1830 1973 1881 oportebat,
1992 1829 2053 1867 scd
2072 1839 2213 1867 utcum-

1221 1904 1310 1941 que,
1331 1889 1368 1927 in
1386 1889 1592 1927 humilitate
1606 1890 1799 1929 verborum
1818 1890 1958 1942 placide
1974 1891 2212 1929 consistentes.

1222 1951 1328 1999 Quod
1349 1952 1443 1990 enim
1465 1966 1533 1990 non
1553 1952 1746 2004 perfectam
1765 1953 1936 1990 haberent
1964 1953 2072 1991 fidem
2084 1983 2093 2003 ,
2114 1968 2214 1991 mon-

1221 2023 1310 2052 strat
1335 2013 1552 2064 evangelista
1572 2013 1606 2050 in
1630 2014 1880 2064 sequentibus,
1912 2014 1975 2051 ubi
2003 2015 2072 2067 ipsi
2091 2024 2214 2052 contu-

1222 2075 1366 2113 meliam
1386 2075 1552 2112 inferunt.
1582 2074 1690 2121 Quod
1711 2084 1829 2112 autem
1849 2075 1958 2113 iidem
1978 2075 2046 2127 ipsi
2075 2085 2210 2125 essent,

1221 2137 1395 2175 indicavit
1409 2136 1466 2173 his
1483 2136 1602 2174 verbis
1625 2152 1632 2172 τ
1651 2137 1694 2174 51
1707 2166 1714 2173 .
1735 2138 1903 2174 Dicebat
1925 2151 2013 2189 ergo
2029 2138 2143 2175 Jesus
2164 2139 2218 2175 acl

1221 2211 1284 2235 eos
1302 2200 1367 2250 qui
1395 2198 1640 2235 crediderant
1656 2200 1691 2235 ei
1704 2198 1734 2235 J
1733 2198 1861 2236 zcdaeos
1880 2214 1890 2233 :
1904 2199 1945 2237 Si
1973 2212 2044 2236 vos
2065 2213 2215 2237 manse—

1220 2263 1305 2298 ritis
1337 2263 1378 2297 in
1398 2273 1573 2298 sermone
1601 2274 1683 2296 meo
1695 2276 1709 2304 ,-
1730 2259 1915 2298 ostendens
1935 2261 2030 2313 ipsos
2055 2261 2215 2298 nondum

1219 2321 1416 2373 suscepisse
1444 2321 1663 2370 doctrinam,
1695 2320 1757 2358 sed
1784 2321 1890 2359 dictis
1927 2322 2106 2359 attendere
2137 2331 2214 2359 tan-

1219 2394 1307 2422 tum.
1334 2384 1536 2436 Quaproter
1555 2383 1799 2423 vehementius
1817 2383 1988 2434 loquitur.
2009 2383 2090 2421 Illic
2119 2384 2213 2421 enim

1220 2444 1430 2497 simpliciter
1465 2444 1629 2493 dicebat,
1673 2445 1859 2494 Quaeretis
1888 2459 1969 2489 me;
2005 2458 2099 2482 nunc
2129 2460 2214 2483 vcro

1172 2508 1195 2537 B
1219 2505 1340 2554 addit,
1373 2508 1423 2542 In
1452 2507 1622 2556 peccatis
1640 2506 1781 2541 vestris
1801 2507 2032 2543 moriemini.
2056 2505 2104 2543 Et
2123 2521 2213 2557 quo-

1219 2566 1325 2604 modo
1353 2566 1392 2603 id
1424 2566 1486 2603 fiat
1507 2564 1683 2613 ostendit,
1705 2564 1799 2611 Quia
1833 2579 1915 2602 cum
1948 2580 1988 2603 eo
2021 2568 2212 2615 veneritis,

1218 2642 1287 2664 non
1316 2626 1479 2679 poteritis
1513 2640 1571 2663 me
1591 2639 1726 2677 rogare.
1757 2628 1853 2664 Hoeo
1883 2641 1970 2679 quse
2005 2628 2144 2681 loquor
2173 2632 2214 2666 in

1219 2690 1373 2727 mundo.
1391 2689 1456 2726 His
1485 2688 1641 2726 declarat
1660 2702 1696 2726 56
1717 2688 1792 2740 jam
1812 2688 1994 2727 exiturum
2013 2690 2061 2728 ad
2081 2701 2210 2742 gentes.

1220 2751 1310 2788 Cum
1329 2764 1413 2788 vero
1432 2763 1502 2787 non
1532 2750 1662 2787 scirent
1689 2749 1806 2801 ipsum
1829 2749 1874 2787 de
1905 2752 2010 2788 Patre
2028 2752 2128 2804 prius
2152 2753 2209 2791 lo—

1220 2821 1372 2862 quutum
1391 2825 1478 2861 esse,
1498 2825 1642 2849 rursum
1659 2810 1704 2848 de
1722 2811 1784 2848 illo
1805 2811 1977 2863 loquitur,
1998 2823 2032 2852 et
2050 2828 2207 2865 causam,

1220 2888 1283 2911 cur
1297 2873 1487 2911 humiliter
1505 2873 1675 2924 loquutus
1694 2873 1762 2925 sit,
1781 2874 1883 2912 affert
1900 2877 2127 2928 evangelista.

1272 3121 1310 3158 5.
1335 3119 1373 3158 Si
1398 3119 1447 3157 sic
1477 3133 1560 3171 ergo
1577 3120 1778 3173 Scripturas
1797 3130 1958 3159 accurate
1978 3123 2126 3160 scrutari
2145 3137 2204 3160 vc*

1219 3182 1346 3231 limus,
1375 3195 1445 3219 non
1467 3181 1727 3233 perfunctorie,
1755 3183 1905 3221 salutem
1923 3184 2085 3233 consequi
2107 3192 2205 3235 pote-

1244 3320 1257 3335 *
1282 3320 1398 3361 [μεῖζον
1415 3318 1606 3351 addidimus
1623 3331 1638 3351 6
1653 3320 1753 3352 Savil.
1780 3328 1811 3353 et
1824 3320 1907 3354 Cod.
1929 3323 2002 3352 706.
2021 3327 2146 3364 μείζονα
2160 3321 2202 3353 16,-

1200 3373 1286 3415 gitur
1300 3374 1331 3404 in
1349 3372 1433 3404 Cod.
1452 3373 1544 3413 705]

2281 1155 2414 1183 Christus

2225 1206 2277 1223 cur
2292 1197 2415 1224 humili-

2227 1243 2269 1264 ter
2310 1239 2415 1276 loqua-

2226 1284 2286 1308 tur.
