2481 3678
695 188 739 217 ΙΝ
775 187 985 217 ,ΙΟΛΝΝΕΜ
1020 186 1172 216 nomm.
1214 186 1310 216 vlu.

78 265 145 318 γὰρ
160 267 319 312 καθάπαξ
349 269 415 307 ὑπὸ
442 268 722 320 φιλοχρηματίας
741 269 894 317 ἁλοῦσα,
916 272 954 308 οὐ
979 268 1105 321 ῥᾳδίως

77 329 154 366 οὐδὲ
189 329 337 372 εὐκόλως
364 329 618 382 παραιτήσεται
652 328 711 367 καὶ
743 329 872 382 πρᾶξαι
911 330 970 369 καὶ
998 332 1104 368 εἰπεῖν

78 405 110 426 τι
126 393 194 427 τῶν
208 390 464 443 παροξυνόντων
482 390 538 428 τὸν
556 390 658 437 Θεὸν,
676 390 735 428 ἅτε
751 391 809 428 καὶ
830 391 945 445 ἑτέρου
962 392 1105 442 γενομέ-

77 466 118 496 νη
137 451 302 489 δεσπότου
326 450 447 497 δούλη,
465 450 524 488 καὶ
544 451 659 489 πάντα
676 451 881 495 ἀπεναντίας
902 452 1102 491 ἐπιτάττον-

76 527 132 555 τος
147 515 196 564 τῷ
216 514 310 565 Θεῷ.
327 511 542 563 Ἀνανῆψατε
567 511 678 550 τοίνυν
694 511 778 551 ποτὲ
797 512 855 550 καὶ
884 513 1080 565 διεγέρθητε
1090 543 1100 561 ,

75 573 135 610 καὶ
155 573 374 619 ἐννοήσαντες
389 572 479 616 τίνος
496 572 599 647 ε’σμὲν
614 573 745 611 οἰκέται
760 604 770 621 ,
783 573 845 620 τὴν
861 572 980 611 τούτου
997 576 1099 624 βασι-

74 633 169 671 λείαν
192 634 431 685 ἀγαπήσωμεν
462 633 589 685 μόνην·
620 633 841 686 κλαύσωμεν,
870 634 1098 688 θρηνήσωμεν

74 694 159 746 ὑπὲρ
175 698 243 733 τῶν
261 694 452 748 ἔμπροσθεν
471 695 618 747 χρόνων,
635 699 681 732 ὡν
699 695 948 769 ἕρουλεύσαμεν
965 713 1015 749 τῳ
1033 713 1099 747 μα-

2106 182 2131 208 [⁴³

2104 202 2163 247 ας)

1174 277 1324 318 vocant,
1345 279 1467 322 utpote
1495 285 1573 322 quae
1595 273 1696 311 alteri
1716 275 1848 313 serviat
1870 276 2027 324 domino,
2046 279 2106 328 qui
2127 279 2162 317 in

1174 331 1340 370 omnibus
1368 343 1489 372 contra
1514 335 1578 373 Dei
1600 336 1766 375 mandata
1788 338 1982 390 praecipiat.
2006 341 2164 390 Vigilate

1348 175 1408 218 al.
1453 192 1532 220 vu.

1174 399 1296 450 itaque
1345 411 1379 439 et
1409 404 1720 456 expergiscimini,
1752 421 1793 444 ac
1823 407 2014 459 cogitantes
2046 410 2164 461 cujus—

1173 482 1256 506 nam
1272 468 1408 509 domini
1439 472 1551 511 simus
1579 475 1673 512 servi
1690 476 1802 528 ‚ejus
1831 477 2078 515 tintummodo
2110 494 2163 516 re-

1173 551 1284 590 gnum
1299 538 1517 593 dssigamus3
1541 544 1726 595 lugeamus
1742 555 1775 583 et
1798 547 1976 598 praeteiita
1995 546 2162 600 deploie-

1167 624 1247 648 mus
1263 620 1434 664 tempma,
1458 615 1589 665 quibus
1612 630 1821 655 mammonae
1843 618 2081 657 seivivimus:
2098 620 2160 658 ab-

1162 677 1330 730 jiciamus
1357 683 1494 719 semel'
1479 698 1609 735 jugum
1638 686 1713 737 ejus
1735 700 1843 738 grave
1867 696 1900 724 et
1922 686 2191 749 intolelabile7c

2211 556 2363 594 Quantum

2175 598 2259 626 disci*
2254 610 2331 627 imen

2175 640 2251 667 inter
2302 651 2363 669 Ser-

2177 691 2225 707 vos
2255 682 2365 710 Christi

2267 733 2363 751 servos

79 761 198 807 μωνᾷ.
219 755 373 808 ῥίψωμεν
391 759 494 794 αὐτου
514 754 678 799 καθάπαξ
693 772 750 794 τον
767 757 879 808 ζυγῡν,
899 773 955 795 τον
972 757 1102 809 &Pop-r,
1121 768 1144 798 C
1165 756 1199 784 et
1214 748 1344 801 jugum
1359 750 1493 789 Christi
1509 752 1586 792 leve
1611 763 1645 791 et
1665 769 1774 792 suave
1799 770 1882 793 cum
1902 770 2027 808 persev
2030 771 2066 795 ei
2068 767 2164 796 antia
2181 773 2360 792 mammonae.

73 830 130 853 τον
165 816 223 854 καὶ
254 817 310 854 τὸν
340 816 468 870 βαρυν,
501 816 561 854 καὶ
591 816 750 867 μένωμεν
778 817 936 870 φέροντες
956 818 1013 856 τὸν
1041 834 1100 856 του

73 877 244 929 Χριστοῦ,
290 877 348 916 τὸν
378 882 500 929 κοῦφον
532 893 591 916 και
623 881 766 930 ρᾷστον·
797 877 892 916 ουδὲν
925 878 992 955 γὰρ
1026 880 1100 917 ἐπι-

72 937 188 976 τάττει
205 954 355 977 τοιουτον
376 943 459 990 ημῖν
475 942 577 977 οἷον
564 956 581 976 ο
597 955 778 990 μαμωνας.
802 942 914 982 Ουτος
941 939 1003 991 μὲν
1032 940 1099 994 γὰρ

73 999 215 1052 ἐχθρους
242 999 373 1038 κελεύει
393 1007 481 1039 πᾶσι
500 1000 673 1052 γίνεσθαι·
695 1004 712 1038 ὁ
732 1000 767 1038 δὲ
790 1001 940 1054 Χριστὸς
959 1018 1099 1057 τιουναν-

73 1060 158 1107 τίον,
193 1061 348 1104 ἅπαντας
373 1062 589 1105 ἀσπάζεσθαι
623 1061 683 1099 καὶ
716 1063 838 1113 φιλεῖν.
875 1062 1028 1106 Ἐκεῖνος
1050 1066 1100 1116 τῷ

72 1123 174 1174 πηλοΝ)
190 1121 249 1159 καὶ
267 1138 309 1173 τῃ
325 1122 485 1161 πλινθεία
499 1122 730 1175 προσηλώσας
752 1124 874 1170 (τοῦτο
888 1123 956 1176 γάρ
972 1125 1064 1162 ἐστιν
1083 1128 1101 1163 ὃ

72 1182 232 1235 χρυσός),
250 1182 328 1222 οὐδὲ
345 1183 407 1227 τας
425 1183 551 1227 νύκτας
567 1183 708 1236 ἀφιησιν
727 1186 941 1222 ἀναπνευσαι
963 1183 1100 1235 μικρόν·

73 1247 168 1288 οὗτος
188 1261 271 1295 της
266 1244 326 1282 μὲν
342 1261 506 1296 περιττης
519 1244 646 1292 ταύτης
660 1245 720 1282 καὶ
736 1245 880 1291 ἀνοήτου
900 1244 1102 1298 φροντίδος

74 1304 307 1351 ἀπαλλάττει,
332 1305 464 1344 κελευει
490 1306 526 1344 δε
552 1306 710 1357 συνάγειν
746 1322 823 1350 τους
853 1305 1044 1358 θησαυρους
1065 1308 1098 1344 ἐν

72 1371 142 1408 τοῖς
158 1368 330 1418 οὐρανοῖς,
360 1369 420 1405 οὐκ
438 1370 476 1405 ἐκ
492 1370 554 1413 τ’Νης
570 1369 617 1410 εἷς
638 1366 773 1420 ἑτέρους
793 1367 949 1415 ἀδικίας,
967 1369 1043 1405 ἀλλ’
1061 1369 1100 1404 ἐκ

71 1430 134 1473 τῆς
156 1427 283 1471 οἰκείας
299 1428 530 1475 δικαιοσύνης.
546 1428 700 1471 Ἐκεῖνος
728 1427 815 1479 μετὰ
841 1428 919 1471 τοὺς
950 1428 1099 1472 πολλοὺς

72 1489 220 1541 ἱδρῶτας
247 1489 305 1526 καὶ
320 1488 382 1533 τὰς
400 1488 642 1542 ταλαιπωρίας
663 1489 739 1527 οὔτε
756 1488 898 1526 δυναται
915 1504 1098 1542 παραστη-

71 1566 126 1588 ναι
146 1549 391 1601 κολαζομένοις
417 1554 501 1601 ηυῖν
531 1554 600 1589 εκεῖ
631 1550 819 1593 καικακδς
837 1549 1014 1601 πάσχουσι
1042 1549 1099 1588 δια

70 1628 147 1655 τους
174 1627 275 1649 αυτου
299 1610 444 1662 νόμους,
465 1610 548 1649 ᾱκαι
567 1610 728 1650 ἐπιτείνει
755 1609 817 1657 τὴν
839 1610 972 1662 φλόγα·
1002 1626 1098 1654 ουτος

71 1672 107 1711 δὲ
133 1672 195 1710 κᾶν
216 1671 379 1724 πο-ήριον
406 1676 489 1723 ἡμῖν
516 1671 660 1724 επιτοίςῃ
690 1672 804 1710 δουναι
833 1673 988 1725 ψυχρου,
1022 1671 1098 1711 οὐδὲ

70 1733 190 1772 τούτου
219 1733 276 1771 τὸν
314 1733 434 1784 μισθὸν
467 1734 527 1771 καὶ
564 1732 626 1780 τὴν
653 1732 804 1784 ἀμοιέὴν
843 1733 983 1785 ἀφίησιν
1003 1737 1098 1784 ἡμᾶς

72 1794 241 1833 ἀπολέσαι
265 1793 366 1841 ποτὲ,
395 1794 484 1833 ἀλλὰ
512 1794 600 1846 μετὰ
633 1796 766 1841 πολλῆς
804 1794 1003 1834 ἀντιδίδωσι
1034 1798 1097 1841 τῆς

72 1856 262 1909 δαψιλείας.
290 1859 374 1901 Πῶς
406 1852 461 1896 οὖν
490 1860 550 1896 οὐκ
577 1858 728 1909 ἐσχάτης
760 1856 897 1904 ἀνοίας,
920 1861 982 1904 τῆς
1005 1856 1095 1895 οὕτω

70 1924 261 1972 προσηνοῦς
281 1919 479 1963 δεσποτείας
496 1919 555 1958 καὶ
573 1919 743 1958 τοσούτων
761 1917 935 1972 γεμούσης
955 1922 1094 1972 ἀγαθῶν

71 1982 301 2031 ἀμελοῦντας,
333 1981 514 2034 ἀχαρίστῳ
541 1981 600 2020 καὶ
630 1980 805 2033 ἀγνώμονι
837 1981 1005 2020 δουλεύειν
1036 1998 1097 2019 τυ-

73 2041 202 2094 ροίννῳ,
226 2043 285 2080 καὶ
312 2041 406 2081 οὐδὲν
428 2043 504 2081 οὔτε
530 2045 694 2090 ἐνταῦθα,
718 2043 794 2081 οὔτε
825 2044 895 2081 ἐκεῖ
915 2042 1095 2095 δυναμένῳ

69 2101 146 2146 τοὺς
173 2103 395 2154 πειθομένους
422 2107 514 2157 αὐτῷ
545 2103 604 2142 καὶ
638 2102 897 2157 Θπροσέχοντας
929 2104 1094 2155 ὠφελεῖν5

69 2165 139 2202 Καὶ
159 2167 195 2203 οὐ
211 2181 310 2203 τουτο
328 2165 429 2216 μόνον
448 2166 520 2203 ἐστὶ
540 2183 579 2204 το
602 2165 721 2213 δεινον,
745 2164 821 2204 οὐδὲ
838 2165 924 2213 αὕτη
945 2170 965 2213 ἡ
985 2166 1093 2218 ζημία

71 2225 186 2276 μόνον,
205 2242 258 2264 οτι
283 2242 345 2265 ουκ
375 2226 496 2277 ἀμύνει
524 2229 600 2264 κολ
590 2226 785 2277 αζουενοις·
817 2229 892 2266 ἀλλ’
922 2227 975 2266 ὅτι
1009 2227 1095 2281 πρὸς

67 2304 176 2325 τουτι)
207 2304 266 2325 και
297 2288 430 2341 μυρίοις
460 2288 664 2341 περιὲοίλλει
696 2295 836 2337 κακοῖς,
869 2288 955 2343 ὅπερ
989 2290 1092 2341 ἔφθην

68 2347 186 2395 εἰπὼν,
218 2348 295 2392 τοὺς
322 2349 543 2400 πειθομένους
575 2352 680 2402 αὐτῷ.
717 2349 807 2393 Τοὺς
839 2349 907 2403 γὰρ
934 2350 1095 2394 πλείονας

68 2412 135 2447 τῶν
159 2412 228 2447 ἐκεῖ
249 2410 501 2460 κολαζομένων,
525 2409 594 2448 ἀπὸ
610 2410 737 2457 ταύτης
765 2411 830 2449 ἴδοι
856 2427 907 2454 τις
928 2412 966 2449 ἂν
987 2414 1094 2450 κολα-

69 2469 229 2520 ζομένους
252 2474 314 2516 τῆς
334 2470 466 2518 αἰτίας,
483 2471 536 2509 ὅτι
554 2471 733 2524 χρήμασιν
752 2471 955 2511 ἐδούλευσαν
977 2472 1035 2510 καὶ
1055 2472 1094 2511 τὸ

68 2532 207 2585 χρυσίον
224 2533 425 2583 ἠγάπησαν,
447 2533 507 2570 καὶ
526 2540 595 2576 τοῖς
612 2533 784 2583 δεομένοις
805 2536 865 2572 οὐκ
882 2534 1091 2587 ἐπήρκεσαν

68 2593 177 2645 Ἅπερ
195 2592 251 2630 ἵνα
281 2592 328 2642 μὴ
350 2593 408 2630 καὶ
423 2597 524 2642 ἡμεῖς
542 2594 722 2643 πάθωμεν,
743 2594 999 2646 σκορπίσωμεν,
1021 2596 1092 2632 δῶ-

71 2669 131 2703 μεν
154 2659 224 2696 τοῖς
250 2652 406 2700 πένησιν,
428 2653 684 2703 ἀπαλλάξιι3μεν
704 2653 766 2700 τὴν
796 2654 909 2706 ψυχὴν
936 2655 998 2692 καὶ
1024 2671 1092 2692 των

69 2717 214 2752 ε’νταυθα
242 2714 429 2765 φροντίδωκ
452 2717 519 2751 τιΝ)ν
549 2714 736 2766 5λα6ερι3ν,
763 2714 822 2751 καὶ
849 2717 911 2760 τῆς
941 2717 1012 2752 εκεῖ
1037 2714 1094 2752 διὰ

67 2779 177 2812 ταῦτα
196 2791 233 2812 κε
239 2791 355 2825 ιμενης
377 2791 429 2825 ms
434 2792 460 2812 ιν
477 2775 660 2828 τιμωρίας
678 2774 856 2826 Αποθώμς
844 2776 939 2813 θα
921 2775 1095 2813 οικαιοσυ-

67 2852 128 2882 νην
144 2838 176 2873 ἐν
196 2838 368 2889 ουρανοῖς,
390 2837 466 2874 ἀντὶ
481 2852 710 2890 χρηματων
695 2839 762 2874 τῶν
780 2836 837 2874 επὶ
850 2840 914 2888 γ7,ς
929 2836 1094 2881 συλλέξω-

70 2912 130 2947 υ.εν
169 2896 359 2950 θησαυρους
405 2896 622 2944 ἀναλωτους,
659 2896 848 2950 θησαυρους
887 2913 923 2935 ου
927 2913 1094 2948 1111.νους

68 2959 358 3008 συναποδημῆσαι
387 2959 472 3011 πρὸς
499 2975 555 2997 τον
587 2959 728 3011 οὐρανον
750 2962 854 3009 ημῖν·
888 2958 1094 3009 δυναμένους

67 3023 150 3069 ἡμῖν
167 3019 398 3058 κινδυνεύουσι
411 3023 654 3072 παραστῆναι,
670 3037 729 3058 και
743 3020 954 3067 ποιησαιτον
971 3019 1091 3072 κριτὴν

67 3078 166 3117 ἵλεων
194 3080 282 3118 τότε·
314 3081 348 3119 ὃν
381 3080 513 3132 γένοιτο
533 3081 667 3124 πάντας
685 3085 779 3131 ἡμᾶς
807 3084 930 3132 εὐμενῆ
954 3081 1013 3118 καὶ
1035 3084 1090 3117 νῦν

68 3140 127 3178 καὶ
157 3143 234 3178 κατ’
262 3140 393 3187 ἐκείνην
425 3140 488 3187 τὴν
515 3142 650 3194 ἡμέραν
677 3141 866 3193 ῧσχόντας,
895 3143 1091 3180 ἀπολαῦσαι

112 3279 124 3294 ⁰
142 3270 197 3302 Sic
214 3269 342 3311 Morel.‚
361 3269 461 3302 smil.
482 3275 632 3316 φροντίδος
649 3279 759 3319 ἀφίησι.

114 3322 130 3346 ‘¹
151 3328 199 3356 m
224 3326 369 3356 ἐπιτείνει.
395 3323 520 3355 Boisius
541 3323 629 3366 apud
654 3324 754 3358 Savil.
779 3323 953 3368 legendum
980 3332 1071 3368 putat

72 3370 150 3399 *HM
166 3371 213 3399 καὶ
232 3371 375 3400 ἐπιτείνει.

116 3425 125 3437 ‘
142 3418 234 3450 Unus
249 3427 458 3462 προσήκοντας,

1166 818 1345 857 feramus·
1333 820 1434 871 ‚qui
1456 821 1549 860 nihil
1568 824 1638 861 tale
1663 825 1840 878 praecipit,
1865 827 1969 877 quale
1991 841 2166 866 mammo-

1167 904 1226 928 na.
1252 891 1320 930 Hic
1353 892 1448 931 enim
1471 894 1576 946 jubet
1606 910 1667 934 nos
1698 897 1863 936 omnibus
1886 899 2050 937 inimicos
2069 914 2160 950 esse3

1166 970 1289 999 contra
1321 976 1406 1001 vero
1437 964 1616 1014 Christus,
1637 981 1757 1005 omnes
1788 969 1956 1020 amplecti
1974 979 2007 1007 et
2029 984 2160 1008 amare.

1166 1031 1232 1068 Ille
1264 1046 1328 1069 nos
1353 1032 1430 1071 luto
1449 1044 1483 1072 et
1503 1035 1676 1075 lateribus
1699 1038 1864 1090 affigens,
1884 1039 1952 1077 hoc
1981 1049 2032 1078 est
2056 1055 2160 1091 auro,

1167 1115 1210 1138 ne
1237 1111 1344 1140 noctu
1377 1104 1526 1154 quidem
1552 1106 1637 1144 sinit
1681 1121 1743 1146 nos
1779 1109 1837 1147 vel
1870 1110 2062 1161 paululum
2108 1127 2162 1150 re-

1165 1169 1320 1221 spirare3
1336 1171 1396 1210 hic
1419 1187 1438 1211 a
1462 1175 1644 1227 superflua
1672 1177 1735 1215 illa
1765 1187 1799 1216 et
1831 1178 1953 1217 insana
1985 1194 2069 1218 cura
2099 1195 2162 1219 nos

1164 1238 1293 1277 liberat
1302 1255 1313 1290 5
1335 1241 1397 1279 sed
1422 1243 1527 1294 jubet
1569 1245 1754 1284 thesauros
1799 1246 1835 1284 in
1870 1248 1955 1285 caelo
1992 1263 2119 1300 parare
2149 1267 2156 1286 ε

1166 1324 1235 1348 non
1284 1325 1329 1350 ex
1370 1312 1502 1365 injuria
1540 1315 1620 1353 aliis
1657 1316 1790 1365 illata,
1837 1318 1900 1356 sed
1934 1333 1978 1356 ex
2013 1319 2158 1372 propria

1160 1380 1313 1433 justitia.
1346 1384 1411 1421 Ille
1454 1395 1534 1437 post
1577 1387 1709 1425 multos
1756 1388 1904 1427 sudores
1955 1399 2091 1429 nostros
2126 1401 2160 1429 et

1165 1449 1324 1489 miserias
1344 1466 1413 1490 non
1435 1454 1566 1505 poterit
1587 1454 1708 1493 adesse
1728 1456 1830 1494 nobis
1845 1487 1855 1506 ,
1887 1472 1970 1495 cum
2002 1469 2160 1498 extremo

1120 1495 1143 1524 D
1165 1521 1343 1572 supplicio
1378 1523 1594 1574 puniemur,
1628 1534 1661 1562 et
1694 1525 1739 1562 ob
1768 1526 1862 1577 leges
1895 1527 1969 1578 ejus
2005 1538 2161 1567 servatas

1164 1591 1256 1629 mala
1289 1593 1493 1645 patiemur;
1519 1594 1591 1632 imo
1617 1595 1799 1634 flammam
1833 1598 2000 1636 accendet
2012 1615 2023 1649 5
2048 1600 2108 1637 hic
2131 1601 2162 1638 si

1163 1663 1350 1716 praecipiat
1371 1666 1545 1717 poculum
1565 1681 1666 1717 aquae
1698 1667 1842 1720 frigidae
1865 1669 1964 1718 dare,
1987 1684 2030 1707 ne
2052 1670 2162 1723 hujus

1164 1733 1312 1784 quidem
1339 1735 1424 1773 facti
1455 1736 1655 1775 mercedem
1693 1738 1811 1776 amitti
1844 1739 1950 1788 sinet,
1976 1741 2039 1778 sed
2064 1742 2161 1794 large

1163 1818 1225 1842 nos
1244 1805 1393 1857 praemio
1421 1805 1582 1844 donabit.
1620 1809 1746 1845 Annon
1776 1818 1944 1846 extremae
1973 1809 2159 1848 dementiae

1161 1874 1289 1925 fuerit,
1310 1884 1384 1913 tam
1408 1875 1552 1928 placida
1573 1886 1607 1914 et
1632 1886 1683 1914 tot
1714 1877 1818 1916 bonis
1839 1879 1965 1916 referta
1987 1880 2160 1918 servitute

1162 1943 1332 1995 neglecta,
1355 1944 1495 1995 ingrato
1522 1944 1656 1984 servire
1678 1955 1843 1999 tyranno,
1867 1947 1931 1997 qui
1950 1962 2063 1998 neque
2082 1949 2158 1999 hic,

1161 2028 1274 2065 neque
1296 2014 1373 2052 illic
1396 2024 1511 2067 potest
1533 2030 1591 2053 eos
1626 2016 1688 2067 qui
1718 2017 1788 2055 sibi
1818 2018 2050 2069 obsequentes
2076 2029 2160 2058 sunt

1156 2084 1310 2136 juvare?
1331 2086 1363 2123 N
1366 2099 1454 2136 eque
1472 2085 1511 2123 id
1530 2086 1649 2124 solum
1668 2087 1753 2124 mali
1776 2097 1808 2125 et
1827 2088 1949 2126 damni
1969 2098 2038 2139 cst,
2060 2090 2159 2140 quod

1117 2174 1139 2203 Ε
1159 2155 1338 2208 supplicio
1356 2156 1508 2194 traditos
1539 2171 1608 2194 non
1631 2167 1757 2208 eruat3
1780 2158 1843 2196 sed
1865 2159 1981 2209 quod,
1999 2169 2039 2197 ut
2058 2160 2155 2208 dixi,

1160 2241 1327 2277 sequaces
1352 2241 1435 2265 suos
1455 2227 1652 2265 innumeris
1673 2229 1802 2267 obruat
1827 2230 1943 2268 malis.
1978 2231 2157 2270 Plurimos

1160 2294 1256 2332 enim
1288 2309 1334 2332 ex
1358 2294 1402 2332 iis
1429 2295 1492 2345 qui
1519 2296 1570 2333 ibi
1600 2296 1819 2346 cruciantur,
1848 2298 1971 2336 videre
1998 2309 2048 2337 est
2076 2299 2156 2337 ideo

1159 2363 1338 2416 supplicio
1374 2364 1548 2411 traditos,
1584 2366 1683 2416 quod
1711 2367 1873 2418 pecuniis
1905 2368 2093 2405 servierint
2122 2378 2156 2405 et

1160 2448 1290 2471 aurum
1308 2433 1480 2480 amarint,
1503 2434 1691 2485 egenisque
1712 2449 1778 2471 non
1800 2435 1989 2485 erogarint.
2005 2436 2094 2482 Quae
2112 2451 2156 2473 ne

1159 2517 1222 2540 nos
1244 2518 1386 2553 quoque
1404 2503 1609 2554 patiamui‚

1112 2556 1509 2624 ΕΧΡω-111115,ε1111111ο111
1537 2581 1694 2609 nostram
1733 2587 1900 2611 eruamus
1923 2583 1957 2611 et
1986 2589 2007 2612 a
2036 2577 2154 2615 noxiis

1634 2504 1894 2555 dispergamus,
1917 2504 2042 2543 demus
2063 2521 2154 2558 pau-

1159 2642 1268 2694 hujus
1291 2642 1374 2680 vitae
1395 2641 1508 2690 curis,
1530 2651 1563 2679 et
1584 2656 1602 2679 a
1623 2643 1803 2694 supplicio
1830 2643 1907 2682 illic
1928 2646 2030 2684 nobis
2049 2662 2155 2699 para-

1160 2712 1195 2740 to
1215 2719 1221 2738 ε
1241 2702 1460 2754 deponamus
1482 2672 1661 2754 jilstitiam
1687 2703 1724 2741 in
1749 2704 1844 2742 caelis
1864 2706 1964 2744 :loco
1997 2717 2153 2747 terrena-

1160 2778 1242 2801 rum
1274 2777 1383 2815 opum
1402 2763 1611 2815 colligamus
1633 2764 1817 2804 thesauros
1846 2768 1907 2817 qui
1928 2769 2069 2807 absumi
2092 2786 2152 2809 ne-

1161 2834 1302 2876 queant,
1322 2825 1502 2863 thesauros
1525 2825 1587 2876 qui
1610 2827 1746 2878 possint
1765 2829 1951 2867 nobiseum
1968 2831 2004 2868 in
2024 2834 2153 2871 caelum

1160 2887 1368 2939 pervenire,
1393 2887 1455 2938 qui
1484 2887 1621 2939 possint
1650 2889 1751 2927 nobis
1784 2891 2069 2942 periclitantibus
2089 2910 2151 2947 pa-

1159 2948 1329 2987 trocinari
1357 2958 1391 2987 ct
1418 2948 1581 3001 judicem
1611 2950 1762 2988 reddere
1794 2952 1993 3004 propitium
2001 2970 2013 3003 5
2045 2970 2152 3006 quem

1162 3010 1298 3048 utinam
1328 3019 1362 3048 et
1388 3024 1482 3048 nunc
1501 3010 1590 3048 etin
1622 3011 1683 3049 illa
1708 3012 1766 3050 die
1796 3014 1995 3065 propitium
2018 3016 2150 3055 haben-

1159 3083 1223 3122 tes,
1247 3087 1330 3111 cum
1349 3073 1514 3111 libertate
1543 3072 1646 3111 bonis
1679 3073 1751 3112 illis
1783 3074 1819 3112 in
1843 3076 1929 3113 caelo
1945 3078 2078 3128 paratis
2106 3079 2150 3116 iis

1160 3136 1222 3187 qui
1244 3144 1337 3173 recte
1358 3135 1517 3187 diligunt
1537 3149 1636 3185 eum⁷
1659 3136 1823 3173 fruamur
1840 3153 1847 3172 :
1864 3137 1977 3188 gratia
1997 3149 2031 3177 et
2048 3140 2148 3178 beni-

1183 3280 1196 3294 a
1214 3266 1330 3300 Morel.
1349 3271 1486 3309 ἔχοντας.
1506 3265 1606 3300 Savil.
1626 3275 1659 3298 et
1675 3267 1751 3299 Mss.
1776 3275 1898 3310 σχόντας
1911 3268 2035 3301 melius.
2052 3271 2148 3313 [Mox

1142 3320 1244 3355 Savil.
1261 3327 1292 3352 et
1305 3317 1416 3351 Codd.
1427 3318 1490 3349 705
1505 3325 1537 3350 et
1552 3320 1628 3359 706,
1639 3326 1715 3351 ante
1730 3325 1831 3364 χάριτι
1843 3318 1967 3352 habent
1985 3323 2022 3355 ὧν
2037 3329 2147 3364 γένοιτο

1144 3381 1258 3411 πάντας
1275 3378 1354 3416 ἡμᾶς
1373 3371 1546 3413 ἐπιτυχεῖ-1.]
