2481 3678
630 194 674 223 IN
709 194 919 225 JOANNEM
956 195 1114 225 HoMtL,
1154 195 1313 224 XXXlX.
1351 178 1412 223 fll-
1452 195 1639 224 xxxvttt.

98 290 152 321 σι,
169 276 228 312 καὶ
248 275 378 318 δεικνὺς
394 273 489 312 οὐδὲν
504 275 599 326 αὐτῷ
614 275 858 325 προσήκουσαν
872 276 971 319 ὅλως.
986 276 1039 314 Τὸ
1051 275 1118 327 γὰρ

2081 186 2169 231 263

1188 273 1456 312 translationem
1483 273 1618 312 indicat
1645 290 1652 310 :
1680 275 1776 312 Deus
1798 285 1918 314 autem
1942 278 2076 330 ubique
2103 292 2167 320 est.

98 339 318 388 πεμφθῆναι,
346 334 571 386 paneam&
591 339 701 374 ἐστιν·
729 339 747 374 ὁ
767 337 802 374 δὲ
822 337 911 380 Θεὸς
938 339 1118 387 πανταχοῦ
1140 337 1163 369 C
1187 334 1263 371 Cur
1284 347 1368 385 ergo
1399 333 1488 372 dicit
1502 334 1652 373 missum
1686 335 1817 374 fuisse?
1846 337 2021 377 crassiori
2061 342 2171 379 verbo

96 397 280 448 ρποίρεστι.
301 395 404 439 Τίνος
423 389 479 433 οὖν
498 395 612 434 ἕνεκέν
635 412 759 448 φησιν,
782 397 1014 444 ἀπεστάλθαι;
1034 397 1118 433 Πα-

97 455 228 508 χύτερα
254 456 366 508 λέγει,
383 455 447 502 τὴν
468 457 552 508 πρὸς
569 457 626 495 τὸν
642 458 787 509 Πατέρα
809 457 969 509 ὁμόνοιαν
985 457 1098 503 δηλῶν
1110 471 1118 480 ·

96 515 184 553 οὕτω
202 520 282 567 γοῦν
302 517 361 555 καὶ
377 517 420 555 τὰ
437 517 514 564 ἑξῆς
529 519 740 570 σχηματίζει
759 518 918 570 ῥήματα,
940 521 1040 555 τοῦτο
1054 533 1119 555 κα-

94 577 308 615 τασκευάσαι
326 578 444 617 θέλων.
468 578 576 630 Ἀμὴν
595 581 683 632 γὰρ,
701 579 794 629 ἀμὴν
822 579 913 630 λέγω
936 580 1029 629 ὑμῖν,
1047 593 1118 630 φη·

95 638 161 684 σὶν,
181 637 233 675 ὅτι
252 641 269 676 ὁ
285 639 420 678 ἀκούων
438 656 502 690 μου
529 640 604 684 τοὺς
634 641 774 691 λόγους,
798 639 857 677 καὶ
874 638 1049 676 πιστεύων
1069 640 1118 690 τῷ

93 697 272 750 πέμψαντί
293 716 336 750 με
350 730 360 749 ,
387 700 460 753 ἔχει
480 700 571 748 ζωὴν
586 701 734 739 αἰώνιον.
751 700 859 752 ζΟρξίς
875 703 949 743 πῶς
966 702 1118 752 συνεχῶς

93 759 132 796 τὸ
159 760 242 798 αὐτὸ
258 762 394 810 τίθησι,
415 762 613 815 θεραπεύων
632 762 767 807 ἐκείνην
787 761 850 808 τὴν
874 761 1038 813 ὑποψίαν,
1059 762 1118 799 καὶ

93 821 246 859 ἐντεῦθεν
263 823 322 860 καὶ
338 823 395 861 διὰ
410 827 478 861 τῶν
503 824 597 869 ἑξῆς,
626 823 683 860 καὶ
704 822 800 875 <fatiem
834 822 892 860 καὶ
922 823 1118 875 εὐεργεσίας

93 882 286 936 ἐπαγγελίᾳ
299 883 362 931 τὴν
374 884 459 936 πρὸς
478 883 581 921 αὐτὸν
599 883 809 935 φιλονεικίαν
825 883 1023 932 καταλύων,
1036 886 1118 922 κάν-

92 946 201 980 ταῦθα
239 945 345 982 πάλιν
384 944 672 996 συγκαταὸαίνων
709 944 798 982 πολὺ
837 950 908 987 τοῖς
945 944 1117 997 ῥήμασιν,

92 1002 185 1040 Οὐδὲ
204 1002 271 1055 γὰρ
288 997 396 1050 εἶπεν,
423 1006 440 1040 ὁ
460 1002 594 1042 ἀκούων
623 1018 687 1053 μου
707 1002 786 1046 τοὺς
814 1002 953 1054 λόγους,
973 1003 1033 1041 καὶ
1056 1020 1118 1041 πι-

92 1062 222 1101 στεύων
238 1064 328 1115 ἐμοί.
347 1058 398 1103 Ἦ
428 1064 495 1117 γὰρ
525 1064 565 1101 ἂν
581 1067 687 1116 τῦφον
720 1064 759 1102 τὸ
789 1071 935 1116 πρᾶγμα
955 1064 1118 1115 ἐνόμισαν

91 1118 200 1172 εἶναι,
232 1126 291 1164 καὶ
326 1126 462 1177 κόμπον
485 1126 650 1178 ῥημάτων
669 1125 843 1178 περιττόν.
869 1128 914 1164 Εἰ
944 1126 1009 1178 γὰρ
1032 1126 1120 1177 μετὰ

91 1190 252 1225 τοσοῦτον
273 1187 396 1240 χρόνον
416 1187 476 1226 καὶ
496 1188 603 1240 μυρία
622 1187 784 1238 θαύματα
803 1191 905 1225 τοῦτο
929 1187 1119 1226 ὑπώπτευ-

93 1263 169 1295 σαν,
181 1249 414 1301 φθεγξαμένου
427 1251 531 1287 αὐτοῧ
545 1248 633 1286 οὕτω
644 1280 653 1297 ,
665 1250 785 1302 πολλῷ
800 1250 931 1298 μᾶλλον
951 1249 1041 1288 τότε.
1056 1251 1121 1289 Διὸ

93 1310 152 1347 καὶ
173 1309 292 1361 ἔλεγον
313 1312 407 1362 αὐτῷ
430 1309 527 1349 τότε·
542 1310 702 1361 Ἀὲραὰμ
718 1309 869 1347 ἀπέθανε
881 1340 890 1358 ,
907 1310 966 1348 καὶ
985 1313 1016 1349 οἱ
1036 1327 1120 1363 προ-

93 1374 199 1422 φῆται
223 1370 405 1417 ἀπέθανον,
420 1370 479 1408 καὶ
494 1372 568 1414 πῶς
589 1369 630 1408 σὺ
645 1370 777 1419 λέγεις,
795 1371 854 1408 ἐάν
872 1387 924 1414 τις
943 1372 1001 1410 τὸν
1019 1372 1120 1423 λόγον

94 1447 159 1482 μου
176 1431 313 1483 τηρήσῃ
327 1461 336 1479 ,
358 1434 405 1475 εἷς
429 1431 487 1469 τὸν
506 1433 615 1468 αἰῶνα
639 1433 677 1468 οὐ
697 1432 744 1482 μὴ
773 1431 935 1483 γεύσεται
955 1432 1121 1480 θανάτου,

93 1491 159 1530 Ἵν’
178 1486 236 1530 οῧν
253 1492 301 1542 μὴ
323 1491 381 1529 καὶ
402 1493 549 1528 ἐνταῦθα
567 1493 838 1543 ἐκθηριωθῶσιν,
864 1492 927 1544 ὅρα
946 1492 980 1531 τί
999 1509 1102 1545 φησιν
1115 1508 1122 1517 ·

93 1552 138 1591 ‘O
156 1553 213 1590 τὸν
233 1552 335 1601 λόγον
355 1568 420 1602 μου
437 1552 584 1599 ἀκούων,
611 1552 670 1590 καὶ
686 1552 859 1590 πιστεύων
875 1556 926 1605 τῷ
942 1553 1123 1605 πέμψαντί

93 1630 158 1665 με,
187 1614 260 1666 ἔχει
291 1613 382 1661 ζωὴν
403 1613 552 1652 αἰώνιον.
572 1616 687 1653 Τοῦτο
716 1614 753 1653 δὲ
789 1616 826 1652 οὐ
859 1617 990 1666 μικρῶς
1016 1617 1123 1654 εὐπα-
1145 1627 1169 1657 Ε

93 1676 257 1728 ράδεκτον
285 1674 396 1713 ἐποίει
426 1674 485 1712 τὸν
510 1675 624 1726 λόγον,
655 1675 696 1713 τὸ
716 1679 837 1726 μαθεῖν
860 1675 972 1727 λέγω,
990 1675 1043 1727 ὅτι
1073 1679 1123 1729 τῷ

92 1736 210 1789 Πατρὶ
229 1735 450 1774 πιστεύουσιν
466 1738 498 1774 οἱ
517 1736 622 1774 αὐτοῦ
639 1736 837 1780 ἀκούοντες.
860 1739 975 1776 Τοῦτο
989 1737 1058 1790 γὰρ
1070 1740 1123 1776 δε-

94 1796 232 1849 ξάμενοι
252 1798 343 1848 μετὰ
374 1797 592 1850 προθυμίας,
615 1798 674 1835 καὶ
694 1798 737 1836 τὰ
755 1798 862 1836 λοιπὰ
895 1799 1038 1849 ἔμελλον
1060 1802 1122 1838 εὐ-

92 1859 270 1912 κολώτερα
300 1859 474 1912 δέχεσθαι.
494 1858 607 1898 υΩστε
630 1859 689 1897 καὶ
708 1862 758 1912 τῷ
778 1860 940 1899 ταπεινόν
957 1877 992 1899 τι
1011 1864 1122 1900 εἰπεῖν

90 1926 161 1964 τοῖς
179 1922 324 1972 ὑψηλοῖς
348 1920 523 1958 συνετέλει
553 1920 612 1958 καὶ
631 1918 896 1972 ῐπροωδοποίει.
922 1921 1044 1960 Εἰπὼν
1064 1922 1121 1971 δὲ,

91 1980 195 2034 '‘E-Lei
220 1981 310 2029 ζωὴν
330 1981 482 2030 αἰώνιον,
506 1981 630 2033 ἐπάγει
644 1998 652 2005 ·
672 1982 744 2020 Καὶ
772 1985 819 2026 εἷς
837 1984 950 2035 κρίσιν
968 1986 1030 2023 οὐκ
1060 1985 1120 2038 ἔρ-

90 2058 211 2094 χεται,
246 2042 335 2081 ἀλλὰ
365 2042 604 2093 μεταὸέὸηκεν
641 2045 680 2082 ἐκ
714 2047 775 2082 τοῦ
806 2045 954 2083 θανάτου
989 2049 1037 2091 εἷς
1054 2048 1119 2095 τὴν
1127 2037 1176 2107 ²29
1192 2050 1256 2089 His
1274 2051 1415 2091 duobus
1434 2053 1503 2091 sibi
1516 2053 1627 2092 fidem
1638 2056 1863 2104 conciliat,et
1879 2058 1975 2108 quod
1995 2059 2094 2097 Patri
2107 2075 2182 2099 cre-

91 2103 200 2150 ζωήν·
226 2103 285 2141 δύο
303 2103 437 2147 τούτοις
457 2104 713 2156 εὖπαροίδεκτον
732 2107 841 2144 ποιῶν
858 2107 916 2145 τὸν
931 2108 1045 2160 λόγον,
1062 2109 1121 2148 καὶ

90 2167 140 2216 τῷ
155 2165 214 2202 τὸν
228 2165 374 2217 Πατέρα
390 2158 477 2203 εἶναι
488 2165 545 2204 τὸν
561 2167 821 2217 πιστευόμενον,
838 2168 897 2206 καὶ
914 2171 964 2220 τῷ
978 2172 1119 2209 πολλῶν

90 2225 278 2264 ἀπολαύειν
305 2228 444 2277 ἀγαθῶν
461 2226 519 2264 τὸν
544 2227 761 2278 πειθόμενον.
781 2229 834 2267 Τὸ
855 2228 903 2278 δὲ,
923 2231 985 2274 Εἰς
1005 2231 1120 2283 κρίσιν

89 2288 152 2325 οὐκ
166 2286 325 2340 ἔρχεται,
342 2287 442 2326 τοῦτό
461 2289 567 2336 ἐστιν,
586 2289 624 2326 οὐ
651 2289 849 2335 κολάζεται.
871 2291 1034 2331 Θάνατον
1052 2291 1119 2346 γὰρ

89 2350 127 2387 οὐ
146 2349 265 2387 τοῦτόν
295 2365 381 2402 φησι
399 2349 457 2387 τὸν
480 2350 648 2397 ἐνταῦθα,
672 2350 762 2389 ἀλλὰ
789 2352 847 2390 τὸν
878 2351 1028 2402 αἰώνιον,
1050 2353 1119 2392 ὥσ-

89 2426 155 2462 περ
175 2403 232 2448 οῧν
253 2411 312 2449 καὶ
329 2410 419 2458 ζωὴν
443 2411 577 2458 ἐκείνην
605 2412 667 2460 τὴν
686 2412 867 2452 ἀθάνατον.
882 2413 1006 2465 Ἀμὴν,
1023 2416 1117 2466 ἀμὴν

88 2470 180 2522 λέγω
199 2474 295 2521 ὑμῖν,
317 2472 458 2524 ἔρχεται
480 2471 572 2524 ὥρα,
588 2473 648 2511 καὶ
668 2476 726 2511 νῦν
747 2475 854 2523 ἔστιν,
880 2474 936 2513 ὅτε
956 2479 989 2514 οἳ
1003 2477 1118 2529 νεκροὶ

91 2532 278 2571 ἀκούσουσι
304 2536 367 2579 τῆς
387 2536 503 2585 φωνῆς
523 2537 583 2571 τοῦ
602 2535 688 2572 Υἱοῧ
706 2539 767 2572 τοῦ
786 2536 967 2587 ἀνθρώπου
979 2567 989 2586 ,
1008 2538 1068 2576 καὶ
1086 2541 1118 2577 οἱ

91 2593 302 2637 ἀκούσαντες
315 2599 328 2615 ³
338 2594 511 2640 ζήσονται.
521 2593 642 2632 Εἰπὼν
654 2594 698 2632 τὰ
712 2595 866 2647 ῥήματα,
878 2597 972 2648 λέγει
983 2599 1042 2636 καὶ
1052 2599 1116 2647 τὴν

91 2654 148 2692 διὰ
161 2657 230 2692 τῶν
250 2654 357 2707 ἔργων
378 2654 564 2699 ἀπόδειξιν.
580 2652 728 2701 Ἐπειδὴ
744 2655 809 2708 γὰρ
830 2657 959 2708 ἔλεγεν,
975 2659 1116 2714 εὨσπερ

90 2718 108 2753 ὁ
128 2714 257 2767 Πατὴρ
273 2714 399 2767 ἐγείρει
417 2714 495 2759 τοὺς
510 2715 647 2768 νεκροὺς
666 2717 725 2754 καὶ
753 2720 934 2767 ζωοποιεῖ,
954 2719 1042 2758 οὕτω
1057 2721 1116 2759 καὶ

90 2780 108 2814 ὅ
126 2777 210 2820 Υἱὸς
227 2776 284 2820 οὒς
307 2776 398 2815 θέλει
418 2779 596 2822 ζωοποιεῖ·
616 2777 671 2816 ἵνα
693 2778 741 2829 μὴ
766 2778 844 2832 δόξῃ
869 2780 1003 2831 κόμπος
1030 2775 1116 2820 εἶναι

90 2838 129 2876 τὸ
153 2845 302 2890 πρᾶγμα
321 2839 380 2877 καὶ
409 2842 532 2891 τῦφος,
563 2839 757 2892 παρέχεται
788 2840 847 2879 καὶ
882 2841 948 2888 τὴν
971 2842 1026 2881 διὰ
1046 2847 1114 2882 τῶν

90 2899 198 2950 ἔργων
218 2899 392 2944 ἀπόδειξιν
409 2900 520 2951 λέγων
537 2915 544 2923 “
564 2899 736 2952 Ἔρχεται
757 2901 845 2954 ὥρα.
879 2897 970 2941 Εἶτα
993 2903 1048 2942 ἵνα
1065 2905 1113 2955 μὴ

92 2961 224 3013 μακρὸν
239 2960 460 3013 ὑποπτεύσῃς
489 2961 626 3013 χρόνον,
647 2962 790 3014 ἐπάγει·
817 2963 888 3002 Καὶ
918 2969 976 3002 νῦν
1008 2967 1113 3015 ἐστιν,

90 3020 146 3058 ὅτε
161 3024 192 3058 οἱ
210 3021 325 3072 νεκροὶ
347 3021 533 3060 ἀκούσουσι
553 3026 615 3071 τῆς
629 3025 744 3075 φωνῆς
759 3027 818 3061 τοῦ
834 3025 920 3063 Υἱοῧ
934 3029 992 3064 τοῦ
1010 3028 1114 3075 Θεοῦ,

91 3087 150 3125 καὶ
170 3090 201 3125 οἱ
220 3087 431 3132 ἀκούσαντες
457 3089 633 3136 ζήσονται.
649 3084 752 3134 Εἶδες
771 3092 950 3130 αὖθεντίαν
969 3094 1115 3133 ἐνταῦθα

91 3155 150 3192 καὶ
177 3154 333 3199 ἐξουσίαν
354 3156 504 3207 &qa—„ou
532 3156 668 3209 Ἵὶσπερ
691 3158 758 3211 γὰρ
783 3160 817 3196 ἐν
839 3162 881 3210 τῇ
902 3160 1111 3212 ἀναστάσει,

135 3284 146 3297 ‘³
162 3278 276 3311 Morel.
303 3285 440 3326 πάρεστι.
456 3284 503 3315 διά.
519 3297 563 3316 τοι
581 3288 669 3317 τοῦτο
692 3288 740 3317 καὶ
752 3291 919 3330 χρήσασθαι
938 3291 969 3320 οὐ
986 3303 1097 3335 παραι-

94 3337 186 3364 τεῖται
201 3338 357 3376 παχυτέρα
371 3336 444 3372 λέξει
455 3358 463 3373 ,
479 3340 533 3373 τὴν
549 3340 621 3379 πρὸς
638 3343 699 3370 τόν.

136 3385 148 3407 f
169 3382 229 3415 Alii
246 3387 450 3424 προωδοποὶῖιι
470 3387 552 3425 οὗτος
567 3389 633 3426 οὖν,
654 3393 746 3431 φησιν,
764 3393 865 3433 ὄψεται
880 3397 956 3432 ζωὴν
972 3399 1094 3431 αἰώνιον,

1188 395 1315 444 utitur,
1344 395 1433 433 dum
1461 410 1566 434 suum
1588 410 1670 435 cum
1697 398 1800 436 Patre
1824 412 2032 439 eonsensum
2055 401 2172 440 decla-

1189 464 1244 493 rat
1265 471 1273 492 :
1297 464 1332 494 et
1345 456 1396 494 sic
1426 457 1608 507 sequentia
1641 458 1765 497 eadem
1787 459 1832 498 de
1848 474 1953 498 causa
1983 471 2169 515 temperat.

1189 517 1254 554 24.
1279 517 1426 563 Amen,
1452 532 1567 556 amen
1586 520 1672 557 dico
1700 523 1826 568 vobis,
1856 525 1949 574 quia
1970 526 2037 575 qui
2065 525 2174 562 audit

1190 591 1381 616 sermones
1401 593 1517 626 meos,
1541 588 1577 617 et
1595 581 1717 618 credit
1736 584 1771 618 ei
1795 585 1862 634 qui
1890 586 1993 621 misit
2010 599 2082 632 me,
2105 586 2175 622 ha-

1191 640 1251 676 bet
1271 641 1398 676 vitam
1417 648 1616 678 aeternam.
1634 641 1764 680 Viden’
1781 657 1889 693 quam
1906 644 2104 695 frequenter
2119 646 2176 684 id-

1189 699 1308 752 ipsum
1321 710 1470 753 repetat,
1493 711 1533 740 ut
1554 702 1656 741 illam
1676 704 1915 757 suspicionem
1930 707 2047 755 tollat,
2067 707 2176 746 ethic

1189 769 1222 798 et
1244 761 1281 799 in
1303 763 1547 813 sequentibus,
1563 773 1658 802 metu
1671 774 1704 803 et
1717 767 1902 818 promissis
1917 783 1937 805 a
1955 770 2177 808 contentione.

1189 835 1389 871 removens,
1409 834 1516 875 atque
1536 825 1598 863 hic
1613 840 1737 864 rursus
1749 827 1796 865 ad
1813 828 1966 866 humilia
1981 830 2176 869 admodum

1189 881 1400 922 descendat?
1424 887 1546 937 Neque
1567 886 1662 925 enim
1675 885 1784 937 dixit,
1799 889 1875 936 Qui
1887 890 1988 928 audit
2000 905 2177 930 sermones

1189 957 1297 994 meOS,
1320 954 1354 983 et
1368 946 1482 985 credit
1494 947 1530 986 in
1546 962 1603 986 me
1613 964 1626 998 5
1657 963 1740 986 nam
1756 949 1795 987 id
1813 951 1964 1002 superbe
1985 952 2125 991 dictum
2144 962 2178 991 et

1189 1005 1384 1044 verborum
1405 1007 1536 1046 fastum
1555 1018 1752 1061 putassent.
1778 1010 1923 1049 Etenim
1945 1012 1976 1050 si
1999 1023 2079 1064 post
2100 1023 2178 1052 tan-

1190 1076 1267 1105 tum
1279 1069 1450 1120 temporis
1466 1079 1500 1108 et
1517 1079 1569 1108 tot
1581 1071 1731 1123 patratis
1742 1072 1940 1122 miraculis,
1954 1088 2037 1112 cum
2051 1075 2101 1113 sic
2117 1076 2179 1114 ille

1188 1127 1409 1180 loqueretur,
1424 1131 1492 1169 hoc
1509 1132 1683 1184 suspicati
1697 1143 1779 1172 sunt
1788 1150 1801 1184 5
1828 1136 1942 1173 multo
1958 1137 2072 1189 magis
2093 1147 2179 1176 tunc

1191 1190 1232 1228 id
1253 1192 1414 1243 putaturi
1433 1203 1544 1231 erant.
1570 1194 1729 1245 Ideoque
1754 1195 1922 1235 dicebant
1940 1198 1995 1236 illi
2020 1199 2178 1237 :Abra-

1193 1253 1287 1290 ham
1306 1263 1478 1292 mortuus
1498 1263 1568 1302 est,
1588 1264 1624 1293 et
1642 1258 1838 1308 prophetoe
1857 1262 1998 1297 mortui
2016 1269 2118 1307 sunt,
2141 1270 2179 1299 et

1193 1316 1384 1366 quomodo
1418 1324 1459 1353 tu
1478 1317 1574 1354 dicis
1594 1332 1608 1354 .-
1627 1317 1668 1355 Si
1693 1321 1778 1369 quis
1809 1332 2022 1358 sermonem
2054 1335 2180 1360 meum

1192 1379 1419 1423 servaverit,
1442 1380 1484 1414 in
1500 1386 1685 1415 oeternum
1701 1393 1779 1416 non
1796 1384 1967 1432 gustabit
1994 1387 2179 1421 mortem?

1193 1437 1246 1474 Ne
1256 1437 1367 1487 igitur
1377 1437 1437 1476 hic
1450 1452 1594 1489 quoque
1607 1440 1854 1491 efferarentur,
1869 1442 1953 1481 vide
1964 1444 2053 1494 quid
2065 1445 2178 1484 dieat:

1199 1498 1274 1547 Qui
1293 1501 1456 1536 verbum
1476 1513 1601 1537 meum
1618 1502 1742 1548 audit,
1764 1510 1801 1539 et
1825 1505 1945 1541 credit
1967 1508 2002 1542 ei
2031 1509 2097 1558 qni
2121 1521 2182 1545 me

1195 1559 1313 1604 misit,
1330 1559 1447 1597 habet
1466 1562 1594 1597 vitam
1608 1569 1808 1599 aeternam.
1821 1563 1921 1601 Hanc
1935 1564 2107 1615 loquendi
2125 1582 2182 1605 ra-

1196 1617 1329 1656 tionem
1341 1619 1445 1657 facile
1459 1619 1647 1659 admittere
1657 1631 1832 1674 poterant,
1847 1639 1929 1662 cum
1943 1625 2119 1666 discerent
2126 1642 2183 1666 eos

1194 1679 1259 1730 qui
1275 1681 1399 1719 Jesum
1419 1681 1584 1720 audirent
1600 1682 1699 1721 Patri
1714 1684 1867 1723 credere.
1888 1686 1981 1724 Cum
1999 1688 2094 1725 enim
2116 1688 2184 1728 hoc

1192 1740 1345 1780 libenter
1380 1742 1625 1793 admitterent,
1659 1754 1783 1783 caetera
1829 1746 1969 1786 facilius
2004 1751 2185 1802 accepturi

1192 1813 1304 1841 erant.
1326 1805 1451 1856 Itaque
1470 1820 1553 1843 cum
1575 1806 1714 1845 humile
1739 1807 1927 1860 quidpiam
1954 1809 2101 1861 diceret,
2123 1828 2183 1851 su-

1191 1865 1420 1904 blimioribus
1436 1867 1535 1905 viam
1544 1868 1706 1920 parabat.
1721 1870 1916 1921 Postquam
1937 1882 2056 1912 autem
2080 1874 2182 1924 dicit,

1192 1930 1323 1968 Habet
1343 1933 1471 1969 vitam
1489 1941 1690 1980 oeternam,
1706 1934 1913 1987 subjungit:
1942 1938 1997 1974 Et
2015 1940 2057 1975 in
2074 1940 2183 1991 judi-

1194 1992 1297 2028 cium
1313 2006 1392 2029 non
1405 1995 1529 2040 venit,
1552 1995 1621 2032 sed
1642 1998 1797 2033 transiit
1809 2010 1835 2034 a
1855 2006 1976 2035 morte
1986 2001 2028 2035 in
2043 2002 2181 2038 vitam.

1191 2113 1352 2152 dendum
1369 2115 1516 2165 diceret,
1540 2126 1574 2155 et
1590 2117 1689 2168 quod
1715 2119 1921 2170 obsequenti
1950 2122 2063 2160 multa
2088 2123 2183 2162 bona

1190 2176 1434 2227 polliceretur.
1455 2179 1555 2218 Illud
1576 2190 1709 2227 autem,
1727 2184 1778 2218 In
1788 2184 1982 2234 judicium
2015 2199 2092 2223 non
2113 2201 2181 2224 ve-

1192 2239 1262 2285 nit,
1279 2238 1318 2276 id
1336 2248 1400 2287 est,
1421 2254 1491 2278 non
1504 2241 1666 2293 punitur.
1686 2243 1842 2281 Mortem
1857 2254 1976 2282 autem
1989 2259 2058 2284 non
2078 2247 2180 2297 hane,

1190 2299 1253 2337 sed
1276 2309 1444 2338 aeternam
1465 2301 1555 2340 dicit
1563 2318 1574 2351 3
1591 2312 1631 2340 ut
1641 2312 1675 2341 et
1696 2303 1810 2342 Vitam
1825 2305 2175 2346 dicitimmortalem.

1190 2362 1254 2400 95.
1270 2362 1417 2411 Amen,
1428 2379 1542 2403 amen
1550 2367 1635 2403 dico
1643 2368 1768 2413 vobis,
1779 2371 1891 2405 venit
1902 2369 2013 2414 hora,
2029 2378 2065 2407 et
2078 2384 2180 2409 nunc

1189 2431 1259 2469 est,
1282 2437 1370 2461 cum
1384 2429 1527 2464 mortui
1538 2428 1699 2464 audient
1717 2441 1854 2465 vocem
1878 2430 1976 2465 Filii
1993 2431 2175 2478 hominis,

1189 2486 1309 2535 etqui
1328 2487 1537 2533 audierint,
1571 2489 1718 2524 vivent.
1743 2488 1923 2539 Operibus
1951 2490 2038 2542 ipsis
2066 2492 2177 2530 verba

1188 2546 1408 2597 comprobat.
1425 2548 1519 2585 Nam
1543 2561 1626 2585 cum
1638 2547 1801 2597 dixisset,
1823 2551 1928 2589 Sicut
1945 2554 2069 2591 Pater
2092 2569 2174 2593 sus-

1190 2609 1289 2643 citat
1309 2616 1478 2646 mortuos
1506 2616 1544 2646 et
1576 2609 1770 2661 vivificat,
1792 2613 1848 2649 sic
1872 2621 1909 2649 et
1930 2614 2059 2651 Filius
2078 2630 2173 2667 quos

1186 2667 1276 2704 vult
1293 2668 1488 2720 vivificat,
1510 2682 1554 2707 ne
1569 2668 1778 2708 viderentur
1795 2671 1872 2711 haec
1888 2687 1934 2712 ex
1943 2675 2115 2726 jactantia
2139 2687 2173 2716 et

1185 2728 1275 2766 fastu
1294 2727 1389 2767 dicta
1420 2730 1543 2779 fuisse,
1573 2745 1618 2769 ex
1640 2733 1808 2784 operibus
1831 2749 1908 2774 rem
1939 2736 2170 2787 demonstrat,

1187 2804 1269 2827 cum
1288 2790 1388 2839 djcit‚
1409 2793 1523 2830 Venit
1537 2794 1646 2831 hora.
1667 2793 1806 2833 Deinde
1827 2810 1871 2834 ne
1889 2807 1992 2850 putes
2020 2799 2085 2837 diu
2106 2814 2170 2838 ex-

1187 2852 1421 2904 spectandum
1433 2868 1522 2903 esse,
1541 2855 1678 2907 adjicit,
1694 2859 1750 2895 Et
1763 2872 1865 2897 nunc
1876 2869 1945 2907 est,
1964 2875 2051 2899 cum
2070 2877 2170 2901 mor-

1187 2917 1243 2952 tui
1258 2915 1419 2952 audient
1439 2930 1575 2954 vocem
1594 2918 1692 2956 Filii
1706 2920 1796 2967 Dei,
1820 2930 1855 2958 et
1873 2924 1940 2973 qui
1957 2924 2167 2971 audierint,

1188 2978 1335 3014 vivent.
1370 2976 1504 3016 Viden’
1538 2977 1599 3016 hic
1634 2980 1881 3019 auctoritatem
1910 2991 1944 3020 et
1976 2984 2169 3035 potentiam

1187 3037 1430 3076 ineffabilem?
1460 3039 1778 3087 Quemadmodum
1817 3043 1911 3081 enim
1944 3043 1980 3081 in
2013 3059 2170 3084 resurre-

1186 3100 1313 3149 ctione,
1337 3100 1388 3139 sic
1405 3110 1438 3139 et
1460 3115 1554 3140 nunc
1570 3102 1651 3151 erit,
1677 3103 1807 3154 inquit.
1835 3106 1927 3142 Nam
1947 3115 2032 3144 tunc
2048 3107 2170 3145 audita

1185 3162 1393 3215 imperantis
1401 3177 1502 3212 voce,
1510 3178 1736 3217 oesurgemus
1746 3169 1789 3216 ,Ι
1787 3181 1812 3203 n
1816 3169 1926 3218 jussu
1935 3169 2026 3215 Dei,
2039 3169 2167 3220 inquit,

1164 3296 1211 3325 καὶ
1227 3297 1264 3328 εἰς
1279 3297 1381 3337 κρίσιν.

1206 3355 1219 3368 ²¹
1246 3343 1356 3375 noret.
1374 3351 1524 3384 ζήσουται.
1548 3346 1609 3378 εἷπε
1626 3347 1719 3386 λόγοις
1742 3351 1781 3378 τὸ.
1805 3350 1926 3389 μεγάλα
1952 3351 2061 3388 ἐκεῖνα,
2079 3352 2167 3389 δεῖξαι(

1166 3400 1265 3431 λοιπὸν
1281 3399 1421 3437 βούλεται
1437 3401 1484 3430 καὶ
1503 3401 1596 3439 ἔργοις
1613 3400 1699 3430 αὐτὰ,
1721 3400 1828 3434 ἐπειδή.

2192 1206 2375 1237 Joan.8.52.

2188 3190 2211 3208 ι.
2228 3181 2366 3218 ΤΙιεεε..ῇ.

2185 3223 2232 3251 iti.
