<?xml version="1.0" encoding="UTF-8"?>
<!DOCTYPE html PUBLIC "-//W3C//DTD XHTML 1.0 Transitional//EN"
    "http://www.w3.org/TR/xhtml1/DTD/xhtml1-transitional.dtd">
<html xmlns="http://www.w3.org/1999/xhtml" xml:lang="en" lang="en">
 <head>
  <title>
</title>
<meta http-equiv="Content-Type" content="text/html;charset=utf-8" />
  <meta name='ocr-system' content='tesseract 3.04.00' />
  <meta name='ocr-capabilities' content='ocr_page ocr_carea ocr_par ocr_line ocrx_word'/>
</head>
<body>
  <div class='ocr_page' id='page_1' title='image "./operaomniaquaeex08johnuoft/operaomniaquaeex08johnuoft_0689.png"; bbox 0 0 2507 3673; ppageno 0'>
   <div class='ocr_carea' id='block_1_1' title="bbox 674 229 1551 270">
    <p class='ocr_par' dir='ltr' id='par_1_1' title="bbox 674 229 1551 270">
     <span class='ocr_line' id='line_1_1' title="bbox 674 229 1551 270; baseline 0.002 -13"><span class='ocrx_word' id='word_1_1' title='bbox 674 231 715 259; x_wconf 64' lang='grc' dir='ltr'><strong>ΙΝ</strong></span> <span class='ocrx_word' id='word_1_2' title='bbox 756 229 1073 260; x_wconf 65' lang='lat' dir='ltr'><strong>SALTATtONEM</strong></span> <span class='ocrx_word' id='word_1_3' title='bbox 1111 229 1407 270; x_wconf 76' lang='lat' dir='ltr'><strong>HERODtAnls,</strong></span> <span class='ocrx_word' id='word_1_4' title='bbox 1449 231 1551 260; x_wconf 85' lang='lat' dir='ltr'><strong>E&#39;l&#39;C.</strong></span> 
     </span>
    </p>
   </div>
   <div class='ocr_carea' id='block_1_2' title="bbox 62 309 1081 520">
    <p class='ocr_par' dir='ltr' id='par_1_2' title="bbox 62 309 1081 520">
     <span class='ocr_line' id='line_1_2' title="bbox 64 309 1078 378; baseline 0 -33"><span class='ocrx_word' id='word_1_5' title='bbox 64 309 324 360; x_wconf 66' lang='grc' dir='ltr'>κυλινδούμενος</span> <span class='ocrx_word' id='word_1_6' title='bbox 360 317 467 361; x_wconf 73' lang='grc' dir='ltr'>πρᾶον</span> <span class='ocrx_word' id='word_1_7' title='bbox 496 311 568 362; x_wconf 67' lang='grc' dir='ltr'>ἔχει</span> <span class='ocrx_word' id='word_1_8' title='bbox 607 310 644 348; x_wconf 83' lang='grc' dir='ltr'><strong>τὸ</strong></span> <span class='ocrx_word' id='word_1_9' title='bbox 669 311 853 378; x_wconf 71' lang='grc' dir='ltr'>φρόνημα,</span> <span class='ocrx_word' id='word_1_10' title='bbox 882 317 987 348; x_wconf 82' lang='grc' dir='ltr'>πᾶσιν</span> <span class='ocrx_word' id='word_1_11' title='bbox 1014 311 1078 364; x_wconf 34' lang='grc' dir='ltr'>ἀν·-</span> 
     </span>
     <span class='ocr_line' id='line_1_3' title="bbox 63 362 1080 415; baseline -0.001 -16"><span class='ocrx_word' id='word_1_12' title='bbox 63 362 211 411; x_wconf 80' lang='grc' dir='ltr'>Ορώποις</span> <span class='ocrx_word' id='word_1_13' title='bbox 244 366 262 400; x_wconf 83' lang='grc' dir='ltr'>ὃ</span> <span class='ocrx_word' id='word_1_14' title='bbox 292 367 442 405; x_wconf 71' lang='grc' dir='ltr'>τοιοῦτος</span> <span class='ocrx_word' id='word_1_15' title='bbox 482 362 637 415; x_wconf 86' lang='grc' dir='ltr'>ἀρέσκει·</span> <span class='ocrx_word' id='word_1_16' title='bbox 666 367 754 401; x_wconf 70' lang='grc' dir='ltr'>ουτω</span> <span class='ocrx_word' id='word_1_17' title='bbox 784 364 842 402; x_wconf 77' lang='grc' dir='ltr'><strong>καὶ</strong></span> <span class='ocrx_word' id='word_1_18' title='bbox 871 367 971 413; x_wconf 81' lang='grc' dir='ltr'>ἡμεῖς</span> <span class='ocrx_word' id='word_1_19' title='bbox 1008 366 1080 403; x_wconf 85' lang='grc' dir='ltr'>ταῖς</span> 
     </span>
     <span class='ocr_line' id='line_1_4' title="bbox 62 414 1081 468; baseline -0.001 -17"><span class='ocrx_word' id='word_1_20' title='bbox 62 415 319 465; x_wconf 65' lang='grc' dir='ltr'>προλαόούσαις</span> <span class='ocrx_word' id='word_1_21' title='bbox 354 415 500 466; x_wconf 79' lang='grc' dir='ltr'>ἡμέραις</span> <span class='ocrx_word' id='word_1_22' title='bbox 536 418 578 466; x_wconf 78' lang='grc' dir='ltr'><strong>τῇ</strong></span> <span class='ocrx_word' id='word_1_23' title='bbox 612 417 739 468; x_wconf 77' lang='grc' dir='ltr'>πραείᾳ</span> <span class='ocrx_word' id='word_1_24' title='bbox 771 420 830 453; x_wconf 84' lang='grc' dir='ltr'><strong>τοῦ</strong></span> <span class='ocrx_word' id='word_1_25' title='bbox 876 414 1081 464; x_wconf 86' lang='grc' dir='ltr'>ΙΙνεύματος</span> 
     </span>
     <span class='ocr_line' id='line_1_5' title="bbox 63 467 1080 520; baseline 0.003 -17"><span class='ocrx_word' id='word_1_26' title='bbox 63 467 152 520; x_wconf 71' lang='grc' dir='ltr'>αὔρα</span> <span class='ocrx_word' id='word_1_27' title='bbox 183 467 509 519; x_wconf 76' lang='grc' dir='ltr'>παρακαλούμενοι,</span> <span class='ocrx_word' id='word_1_28' title='bbox 545 468 588 505; x_wconf 83' lang='grc' dir='ltr'><strong>τὰ</strong></span> <span class='ocrx_word' id='word_1_29' title='bbox 616 469 696 520; x_wconf 82' lang='grc' dir='ltr'>περὶ</span> <span class='ocrx_word' id='word_1_30' title='bbox 727 467 962 519; x_wconf 81' lang='grc' dir='ltr'>ἐλεημοσύνης</span> <span class='ocrx_word' id='word_1_31' title='bbox 999 468 1080 516; x_wconf 72' lang='grc' dir='ltr'>ὑμῖν</span> 
     </span>
    </p>
   </div>
   <div class='ocr_carea' id='block_1_3' title="bbox 468 520 494 535">
    <p class='ocr_par' dir='ltr' id='par_1_3' title="bbox 468 520 494 535">
     <span class='ocr_line' id='line_1_6' title="bbox 468 520 494 535; baseline 0.077 -2"><span class='ocrx_word' id='word_1_32' title='bbox 468 520 494 535; x_wconf 55' lang='lat' dir='ltr'><strong>&#39;xx</strong></span> 
     </span>
    </p>
   </div>
   <div class='ocr_carea' id='block_1_4' title="bbox 57 517 1129 953">
    <p class='ocr_par' dir='ltr' id='par_1_4' title="bbox 57 517 1129 953">
     <span class='ocr_line' id='line_1_7' title="bbox 63 517 1082 572; baseline -0.002 -16"><span class='ocrx_word' id='word_1_33' title='bbox 63 519 299 571; x_wconf 81' lang='grc' dir='ltr'>διελεγόμεθα.</span> <span class='ocrx_word' id='word_1_34' title='bbox 333 519 349 534; x_wconf 66' lang='lat'><strong>‘¹</strong></span> <span class='ocrx_word' id='word_1_35' title='bbox 387 536 423 557; x_wconf 87' lang='grc' dir='ltr'><strong>τε</strong></span> <span class='ocrx_word' id='word_1_36' title='bbox 464 534 499 559; x_wconf 87' lang='grc' dir='ltr'><strong>οε</strong></span> <span class='ocrx_word' id='word_1_37' title='bbox 538 522 577 559; x_wconf 84' lang='grc' dir='ltr'><strong>τὸ</strong></span> <span class='ocrx_word' id='word_1_38' title='bbox 614 524 814 572; x_wconf 80' lang='grc' dir='ltr'>εὐαγγέλιον</span> <span class='ocrx_word' id='word_1_39' title='bbox 848 519 988 571; x_wconf 82' lang='grc' dir='ltr'>ἐκήρυξε</span> <span class='ocrx_word' id='word_1_40' title='bbox 1018 517 1082 563; x_wconf 80' lang='grc' dir='ltr'><strong>τὴν</strong></span> 
     </span>
     <span class='ocr_line' id='line_1_8' title="bbox 61 570 1084 625; baseline -0.003 -16"><span class='ocrx_word' id='word_1_41' title='bbox 61 570 219 623; x_wconf 79' lang='grc' dir='ltr'>Ἡρώδου</span> <span class='ocrx_word' id='word_1_42' title='bbox 255 573 546 624; x_wconf 66' lang='grc' dir='ltr'>παραφροσύνην,</span> <span class='ocrx_word' id='word_1_43' title='bbox 578 574 636 611; x_wconf 80' lang='grc' dir='ltr'><strong>καὶ</strong></span> <span class='ocrx_word' id='word_1_44' title='bbox 667 576 839 625; x_wconf 87' lang='grc' dir='ltr'>γυναικῶν</span> <span class='ocrx_word' id='word_1_45' title='bbox 871 571 1053 621; x_wconf 77' lang='grc' dir='ltr'>ἀσέλγειαν</span> <span class='ocrx_word' id='word_1_46' title='bbox 1074 596 1084 614; x_wconf 84' lang='grc'>,</span> 
     </span>
     <span class='ocr_line' id='line_1_9' title="bbox 60 624 1081 687; baseline 0.004 -26"><span class='ocrx_word' id='word_1_47' title='bbox 60 624 119 661; x_wconf 78' lang='grc' dir='ltr'><strong>καὶ</strong></span> <span class='ocrx_word' id='word_1_48' title='bbox 162 628 279 675; x_wconf 84' lang='grc' dir='ltr'>κῶμον</span> <span class='ocrx_word' id='word_1_49' title='bbox 324 627 456 678; x_wconf 85' lang='grc' dir='ltr'>ἀνδρῶν</span> <span class='ocrx_word' id='word_1_50' title='bbox 508 627 759 678; x_wconf 85' lang='grc' dir='ltr'>παραφρόνων,</span> <span class='ocrx_word' id='word_1_51' title='bbox 796 624 855 664; x_wconf 77' lang='grc' dir='ltr'><strong>καὶ</strong></span> <span class='ocrx_word' id='word_1_52' title='bbox 898 624 1081 687; x_wconf 44' lang='grc' dir='ltr'>Ιτράπεζαῂ</span> 
     </span>
     <span class='ocr_line' id='line_1_10' title="bbox 60 676 1082 739; baseline -0.002 -26"><span class='ocrx_word' id='word_1_53' title='bbox 60 676 189 728; x_wconf 75' lang='grc' dir='ltr'>ἐναγῆ,</span> <span class='ocrx_word' id='word_1_54' title='bbox 216 678 274 716; x_wconf 79' lang='grc' dir='ltr'><strong>καὶ</strong></span> <span class='ocrx_word' id='word_1_55' title='bbox 301 680 408 730; x_wconf 84' lang='grc' dir='ltr'>δῶρον</span> <span class='ocrx_word' id='word_1_56' title='bbox 441 679 616 729; x_wconf 70' lang='grc' dir='ltr'>ἀθέμιτον,</span> <span class='ocrx_word' id='word_1_57' title='bbox 644 679 702 717; x_wconf 77' lang='grc' dir='ltr'><strong>καὶ</strong></span> <span class='ocrx_word' id='word_1_58' title='bbox 727 679 825 730; x_wconf 82' lang='grc' dir='ltr'>ἔργον</span> <span class='ocrx_word' id='word_1_59' title='bbox 846 677 994 721; x_wconf 85' lang='grc' dir='ltr'>ἀνοσιον,</span> <span class='ocrx_word' id='word_1_60' title='bbox 1023 690 1082 739; x_wconf 77' lang='grc' dir='ltr'><strong>και</strong></span> 
     </span>
     <span class='ocr_line' id='line_1_11' title="bbox 59 728 1081 793; baseline -0.002 -27"><span class='ocrx_word' id='word_1_61' title='bbox 59 731 201 775; x_wconf 77' lang='grc' dir='ltr'>κηδείαν</span> <span class='ocrx_word' id='word_1_62' title='bbox 223 731 383 781; x_wconf 81' lang='grc' dir='ltr'>σώματος</span> <span class='ocrx_word' id='word_1_63' title='bbox 402 732 627 782; x_wconf 80' lang='grc' dir='ltr'>σεμνοτάτου,</span> <span class='ocrx_word' id='word_1_64' title='bbox 657 732 759 773; x_wconf 80' lang='grc' dir='ltr'>ἄλλος</span> <span class='ocrx_word' id='word_1_65' title='bbox 791 728 826 772; x_wconf 79' lang='grc' dir='ltr'><strong>ἐξ</strong></span> <span class='ocrx_word' id='word_1_66' title='bbox 848 728 952 766; x_wconf 80' lang='grc' dir='ltr'>ἄλλου</span> <span class='ocrx_word' id='word_1_67' title='bbox 979 743 1081 793; x_wconf 42' lang='grc' dir='ltr'>γεγγε-</span> 
     </span>
     <span class='ocr_line' id='line_1_12' title="bbox 59 781 1129 846; baseline -0.003 -24"><span class='ocrx_word' id='word_1_68' title='bbox 59 798 180 832; x_wconf 85' lang='grc' dir='ltr'>νημαι.</span> <span class='ocrx_word' id='word_1_69' title='bbox 201 784 319 827; x_wconf 69' lang='grc' dir='ltr'>Ἰὶνεὸς</span> <span class='ocrx_word' id='word_1_70' title='bbox 338 784 405 836; x_wconf 78' lang='grc' dir='ltr'>γὰρ</span> <span class='ocrx_word' id='word_1_71' title='bbox 422 785 562 835; x_wconf 87' lang='grc' dir='ltr'>γίνομαι</span> <span class='ocrx_word' id='word_1_72' title='bbox 576 813 586 830; x_wconf 90' lang='grc'>,</span> <span class='ocrx_word' id='word_1_73' title='bbox 606 782 801 834; x_wconf 81' lang='grc' dir='ltr'>ἀγαπητοὶ,</span> <span class='ocrx_word' id='word_1_74' title='bbox 822 781 902 819; x_wconf 81' lang='grc' dir='ltr'>ὅταν</span> <span class='ocrx_word' id='word_1_75' title='bbox 923 783 990 846; x_wconf 46' lang='grc' dir='ltr'>ὑπ’,</span> <span class='ocrx_word' id='word_1_76' title='bbox 1003 782 1080 832; x_wconf 80' lang='grc' dir='ltr'>οψιν</span> <span class='ocrx_word' id='word_1_77' title='bbox 1106 789 1129 819; x_wconf 91' lang='grc' dir='ltr'><strong><em>Β</em></strong></span> 
     </span>
     <span class='ocr_line' id='line_1_13' title="bbox 59 833 1081 888; baseline -0.001 -17"><span class='ocrx_word' id='word_1_78' title='bbox 59 836 210 885; x_wconf 79' lang='grc' dir='ltr'>ἐμαυτοῦ</span> <span class='ocrx_word' id='word_1_79' title='bbox 230 837 349 888; x_wconf 75' lang='grc' dir='ltr'>ἀγάγω</span> <span class='ocrx_word' id='word_1_80' title='bbox 367 837 411 875; x_wconf 81' lang='grc' dir='ltr'><strong>τὰ</strong></span> <span class='ocrx_word' id='word_1_81' title='bbox 429 837 495 874; x_wconf 80' lang='grc' dir='ltr'>ὑπὸ</span> <span class='ocrx_word' id='word_1_82' title='bbox 514 835 672 887; x_wconf 53' lang='grc' dir='ltr'>(Ηρώδου</span> <span class='ocrx_word' id='word_1_83' title='bbox 688 833 902 886; x_wconf 78' lang='grc' dir='ltr'>γεγενημένα</span> <span class='ocrx_word' id='word_1_84' title='bbox 919 849 1081 885; x_wconf 85' lang='grc' dir='ltr'>πραγμα-</span> 
     </span>
     <span class='ocr_line' id='line_1_14' title="bbox 57 886 1078 953; baseline 0 -29"><span class='ocrx_word' id='word_1_85' title='bbox 57 903 122 925; x_wconf 88' lang='grc' dir='ltr'><strong>τα·</strong></span> <span class='ocrx_word' id='word_1_86' title='bbox 152 889 186 926; x_wconf 85' lang='grc' dir='ltr'><strong>εἴ</strong></span> <span class='ocrx_word' id='word_1_87' title='bbox 212 905 250 939; x_wconf 88' lang='grc' dir='ltr'><strong>γε</strong></span> <span class='ocrx_word' id='word_1_88' title='bbox 279 889 371 927; x_wconf 80' lang='grc' dir='ltr'>ἔστιν</span> <span class='ocrx_word' id='word_1_89' title='bbox 401 891 514 926; x_wconf 79' lang='grc' dir='ltr'>ἐκεῖνα</span> <span class='ocrx_word' id='word_1_90' title='bbox 539 889 652 939; x_wconf 83' lang='grc' dir='ltr'>λέγειν</span> <span class='ocrx_word' id='word_1_91' title='bbox 684 887 901 953; x_wconf 55' lang='grc' dir='ltr'>πράγματα,</span> <span class='ocrx_word' id='word_1_92' title='bbox 936 886 995 924; x_wconf 79' lang='grc' dir='ltr'><strong>καὶ</strong></span> <span class='ocrx_word' id='word_1_93' title='bbox 1019 886 1078 952; x_wconf 54' lang='grc' dir='ltr'><strong>μὴ</strong></span> 
     </span>
    </p>
   </div>
   <div class='ocr_carea' id='block_1_5' title="bbox 56 941 1059 1005">
    <p class='ocr_par' dir='ltr' id='par_1_5' title="bbox 56 941 1059 1005">
     <span class='ocr_line' id='line_1_15' title="bbox 56 941 1059 993; baseline 0.001 -16"><span class='ocrx_word' id='word_1_94' title='bbox 56 941 259 991; x_wconf 80' lang='grc' dir='ltr'>τραύματα,</span> <span class='ocrx_word' id='word_1_95' title='bbox 279 946 338 979; x_wconf 70' lang='grc' dir='ltr'><strong>τοῦ</strong></span> <span class='ocrx_word' id='word_1_96' title='bbox 356 945 500 979; x_wconf 73' lang='grc' dir='ltr'>τοιαῦτα</span> <span class='ocrx_word' id='word_1_97' title='bbox 532 942 757 993; x_wconf 65' lang='grc' dir='ltr'><strong>ἷιδεδρακοτος</strong></span> <span class='ocrx_word' id='word_1_98' title='bbox 787 955 992 992; x_wconf 88' lang='grc' dir='ltr'>πραγματα.</span> <span class='ocrx_word' id='word_1_99' title='bbox 1029 941 1059 978; x_wconf 64' lang='lat' dir='ltr'><strong>I:</strong></span> 
     </span>
     <span class='ocr_line' id='line_1_16' title="bbox 62 993 128 1005; baseline 0 0"><span class='ocrx_word' id='word_1_100' title='bbox 62 993 71 1005; x_wconf 54' lang='lat'>³</span> <span class='ocrx_word' id='word_1_101' title='bbox 120 993 128 1005; x_wconf 79' lang='lat' dir='ltr'><em>l</em></span> 
     </span>
    </p>
   </div>
   <div class='ocr_carea' id='block_1_6' title="bbox 50 992 1129 3155">
    <p class='ocr_par' dir='ltr' id='par_1_6' title="bbox 50 992 1129 3155">
     <span class='ocr_line' id='line_1_17' title="bbox 56 992 1080 1049; baseline 0.001 -20"><span class='ocrx_word' id='word_1_102' title='bbox 56 1008 177 1045; x_wconf 82' lang='grc' dir='ltr'>εκεινῳ</span> <span class='ocrx_word' id='word_1_103' title='bbox 195 1024 204 1042; x_wconf 89' lang='grc'>,</span> <span class='ocrx_word' id='word_1_104' title='bbox 222 993 327 1045; x_wconf 79' lang='grc' dir='ltr'>φησὶ,</span> <span class='ocrx_word' id='word_1_105' title='bbox 346 997 396 1046; x_wconf 82' lang='grc' dir='ltr'><strong>τῷ</strong></span> <span class='ocrx_word' id='word_1_106' title='bbox 418 996 529 1047; x_wconf 78' lang='grc' dir='ltr'>καιρῷ</span> <span class='ocrx_word' id='word_1_107' title='bbox 547 993 693 1049; x_wconf 61' lang='grc' dir='ltr'>ἤκουσεν</span> <span class='ocrx_word' id='word_1_108' title='bbox 710 992 871 1045; x_wconf 78' lang='grc' dir='ltr'>Ἡρώδης</span> <span class='ocrx_word' id='word_1_109' title='bbox 891 995 908 1030; x_wconf 82' lang='grc' dir='ltr'>ὁ</span> <span class='ocrx_word' id='word_1_110' title='bbox 930 993 1080 1045; x_wconf 88' lang='grc' dir='ltr'>τετράρ-</span> 
     </span>
     <span class='ocr_line' id='line_1_18' title="bbox 53 1045 1079 1096; baseline 0 -13"><span class='ocrx_word' id='word_1_111' title='bbox 53 1061 120 1096; x_wconf 63' lang='grc' dir='ltr'><strong>χης</strong></span> <span class='ocrx_word' id='word_1_112' title='bbox 139 1046 202 1092; x_wconf 83' lang='grc' dir='ltr'><strong>τὴν</strong></span> <span class='ocrx_word' id='word_1_113' title='bbox 224 1045 331 1092; x_wconf 71' lang='grc' dir='ltr'>ἀκοὴν</span> <span class='ocrx_word' id='word_1_114' title='bbox 351 1048 485 1094; x_wconf 74' lang='grc' dir='ltr'>Ἰησοῦ,</span> <span class='ocrx_word' id='word_1_115' title='bbox 508 1046 567 1084; x_wconf 83' lang='grc' dir='ltr'><strong>καὶ</strong></span> <span class='ocrx_word' id='word_1_116' title='bbox 596 1051 671 1085; x_wconf 87' lang='grc' dir='ltr'>εἰπε</span> <span class='ocrx_word' id='word_1_117' title='bbox 701 1052 771 1089; x_wconf 84' lang='grc' dir='ltr'>τοῖς</span> <span class='ocrx_word' id='word_1_118' title='bbox 802 1045 922 1084; x_wconf 80' lang='grc' dir='ltr'>παισὶν</span> <span class='ocrx_word' id='word_1_119' title='bbox 951 1047 1079 1093; x_wconf 78' lang='grc' dir='ltr'>αὐτοῦ,</span> 
     </span>
     <span class='ocr_line' id='line_1_19' title="bbox 57 1091 1080 1151; baseline 0.001 -16"><span class='ocrx_word' id='word_1_120' title='bbox 57 1091 154 1142; x_wconf 66' lang='grc' dir='ltr'>δῧτός</span> <span class='ocrx_word' id='word_1_121' title='bbox 183 1100 275 1136; x_wconf 80' lang='grc' dir='ltr'>ἐστιν</span> <span class='ocrx_word' id='word_1_122' title='bbox 297 1098 482 1147; x_wconf 80' lang='grc' dir='ltr'>Ἰωάννης,</span> <span class='ocrx_word' id='word_1_123' title='bbox 513 1099 547 1137; x_wconf 84' lang='grc' dir='ltr'><strong>δν</strong></span> <span class='ocrx_word' id='word_1_124' title='bbox 581 1099 648 1150; x_wconf 78' lang='grc' dir='ltr'><strong>ἐγὼ</strong></span> <span class='ocrx_word' id='word_1_125' title='bbox 681 1099 933 1151; x_wconf 86' lang='grc' dir='ltr'>ἀπεκεφάλισα.</span> <span class='ocrx_word' id='word_1_126' title='bbox 969 1098 1080 1142; x_wconf 83' lang='grc' dir='ltr'>Αὐτὸς</span> 
     </span>
     <span class='ocr_line' id='line_1_20' title="bbox 55 1151 1079 1216; baseline 0 -27"><span class='ocrx_word' id='word_1_127' title='bbox 55 1151 186 1203; x_wconf 72' lang='grc' dir='ltr'>ἠγέρθη</span> <span class='ocrx_word' id='word_1_128' title='bbox 207 1152 276 1189; x_wconf 77' lang='grc' dir='ltr'>ἀπὸ</span> <span class='ocrx_word' id='word_1_129' title='bbox 302 1154 370 1189; x_wconf 89' lang='grc' dir='ltr'><strong>τῶν</strong></span> <span class='ocrx_word' id='word_1_130' title='bbox 390 1155 533 1203; x_wconf 78' lang='grc' dir='ltr'>νεκρῶν,</span> <span class='ocrx_word' id='word_1_131' title='bbox 560 1153 618 1190; x_wconf 80' lang='grc' dir='ltr'><strong>καὶ</strong></span> <span class='ocrx_word' id='word_1_132' title='bbox 639 1152 694 1190; x_wconf 76' lang='grc' dir='ltr'>διὰ</span> <span class='ocrx_word' id='word_1_133' title='bbox 724 1155 825 1190; x_wconf 77' lang='grc' dir='ltr'>τοῦτο</span> <span class='ocrx_word' id='word_1_134' title='bbox 852 1154 887 1190; x_wconf 79' lang='grc' dir='ltr'><strong>αἱ</strong></span> <span class='ocrx_word' id='word_1_135' title='bbox 918 1151 1079 1216; x_wconf 69' lang='grc' dir='ltr'>δυνάμεις</span> 
     </span>
     <span class='ocr_line' id='line_1_21' title="bbox 56 1204 1078 1257; baseline 0.003 -16"><span class='ocrx_word' id='word_1_136' title='bbox 56 1205 250 1256; x_wconf 77' lang='grc' dir='ltr'>ἐνεργοῦσιν</span> <span class='ocrx_word' id='word_1_137' title='bbox 271 1207 304 1243; x_wconf 79' lang='grc' dir='ltr'><strong>ἐν</strong></span> <span class='ocrx_word' id='word_1_138' title='bbox 323 1207 429 1257; x_wconf 79' lang='grc' dir='ltr'>αὐτῷ.</span> <span class='ocrx_word' id='word_1_139' title='bbox 449 1205 638 1256; x_wconf 53' lang='grc' dir='ltr'>(Ομολογεῖ</span> <span class='ocrx_word' id='word_1_140' title='bbox 659 1209 718 1243; x_wconf 80' lang='grc' dir='ltr'><strong>τοῦ</strong></span> <span class='ocrx_word' id='word_1_141' title='bbox 738 1204 916 1257; x_wconf 89' lang='grc' dir='ltr'>προφήτου</span> <span class='ocrx_word' id='word_1_142' title='bbox 936 1220 993 1242; x_wconf 90' lang='grc' dir='ltr'><strong>τον</strong></span> <span class='ocrx_word' id='word_1_143' title='bbox 1017 1205 1078 1256; x_wconf 65' lang='lat' dir='ltr'><strong>&lt;pd-</strong></span> 
     </span>
     <span class='ocr_line' id='line_1_22' title="bbox 57 1256 1080 1310; baseline 0.003 -17"><span class='ocrx_word' id='word_1_144' title='bbox 57 1272 125 1304; x_wconf 82' lang='lat' dir='ltr'><strong>vov,</strong></span> <span class='ocrx_word' id='word_1_145' title='bbox 145 1258 180 1296; x_wconf 79' lang='grc' dir='ltr'><strong>ὃν</strong></span> <span class='ocrx_word' id='word_1_146' title='bbox 197 1260 233 1295; x_wconf 84' lang='grc' dir='ltr'><strong>οὐ</strong></span> <span class='ocrx_word' id='word_1_147' title='bbox 257 1257 399 1295; x_wconf 83' lang='grc' dir='ltr'>δύναται</span> <span class='ocrx_word' id='word_1_148' title='bbox 417 1257 634 1310; x_wconf 74' lang='grc' dir='ltr'>ψεύσασθαι·</span> <span class='ocrx_word' id='word_1_149' title='bbox 649 1258 707 1296; x_wconf 78' lang='grc' dir='ltr'><strong>καὶ</strong></span> <span class='ocrx_word' id='word_1_150' title='bbox 721 1258 798 1309; x_wconf 78' lang='grc' dir='ltr'>ᾔδει</span> <span class='ocrx_word' id='word_1_151' title='bbox 813 1258 849 1296; x_wconf 80' lang='grc' dir='ltr'><strong>δν</strong></span> <span class='ocrx_word' id='word_1_152' title='bbox 866 1256 1080 1306; x_wconf 87' lang='grc' dir='ltr'>ἀπέκτεινεν,</span> 
     </span>
     <span class='ocr_line' id='line_1_23' title="bbox 55 1309 1078 1375; baseline 0.001 -28"><span class='ocrx_word' id='word_1_153' title='bbox 55 1309 108 1347; x_wconf 81' lang='grc' dir='ltr'><strong>ὅτι</strong></span> <span class='ocrx_word' id='word_1_154' title='bbox 127 1310 308 1362; x_wconf 88' lang='grc' dir='ltr'>προφήτης</span> <span class='ocrx_word' id='word_1_155' title='bbox 329 1311 422 1358; x_wconf 73' lang='grc' dir='ltr'>ἐστὶ,</span> <span class='ocrx_word' id='word_1_156' title='bbox 447 1311 505 1349; x_wconf 80' lang='grc' dir='ltr'><strong>καὶ</strong></span> <span class='ocrx_word' id='word_1_157' title='bbox 525 1311 613 1363; x_wconf 83' lang='grc' dir='ltr'>ἀνὴρ</span> <span class='ocrx_word' id='word_1_158' title='bbox 633 1312 774 1354; x_wconf 84' lang='grc' dir='ltr'>δίκαιος.</span> <span class='ocrx_word' id='word_1_159' title='bbox 795 1312 841 1348; x_wconf 82' lang='grc' dir='ltr'><strong>Εἰ</strong></span> <span class='ocrx_word' id='word_1_160' title='bbox 860 1309 908 1360; x_wconf 77' lang='grc' dir='ltr'><strong>μὴ</strong></span> <span class='ocrx_word' id='word_1_161' title='bbox 926 1310 993 1375; x_wconf 78' lang='grc' dir='ltr'>γὰρ</span> <span class='ocrx_word' id='word_1_162' title='bbox 1007 1310 1078 1361; x_wconf 81' lang='grc' dir='ltr'>ἐγί-</span> 
     </span>
     <span class='ocr_line' id='line_1_24' title="bbox 56 1363 1077 1416; baseline 0.001 -17"><span class='ocrx_word' id='word_1_163' title='bbox 56 1378 199 1409; x_wconf 89' lang='grc' dir='ltr'>νωσκεν,</span> <span class='ocrx_word' id='word_1_164' title='bbox 222 1365 283 1402; x_wconf 77' lang='grc' dir='ltr'>οὐκ</span> <span class='ocrx_word' id='word_1_165' title='bbox 304 1363 344 1401; x_wconf 81' lang='grc' dir='ltr'><strong>ἂν</strong></span> <span class='ocrx_word' id='word_1_166' title='bbox 376 1364 492 1415; x_wconf 79' lang='grc' dir='ltr'>ἔλεγεν</span> <span class='ocrx_word' id='word_1_167' title='bbox 514 1364 615 1402; x_wconf 79' lang='grc' dir='ltr'>αὐτὸν</span> <span class='ocrx_word' id='word_1_168' title='bbox 639 1366 678 1402; x_wconf 79' lang='grc' dir='ltr'>ἐκ</span> <span class='ocrx_word' id='word_1_169' title='bbox 709 1366 840 1416; x_wconf 87' lang='grc' dir='ltr'>νεκρῶν</span> <span class='ocrx_word' id='word_1_170' title='bbox 874 1364 1077 1415; x_wconf 82' lang='grc' dir='ltr'>ἐγηγερθαι,</span> 
     </span>
     <span class='ocr_line' id='line_1_25' title="bbox 55 1415 1077 1468; baseline 0 -16"><span class='ocrx_word' id='word_1_171' title='bbox 55 1415 113 1452; x_wconf 85' lang='grc' dir='ltr'><strong>καὶ</strong></span> <span class='ocrx_word' id='word_1_172' title='bbox 131 1415 187 1453; x_wconf 81' lang='grc' dir='ltr'>διὰ</span> <span class='ocrx_word' id='word_1_173' title='bbox 207 1420 308 1454; x_wconf 81' lang='grc' dir='ltr'>τοῦτο</span> <span class='ocrx_word' id='word_1_174' title='bbox 326 1415 388 1459; x_wconf 85' lang='grc' dir='ltr'><strong>τὰς</strong></span> <span class='ocrx_word' id='word_1_175' title='bbox 411 1417 573 1466; x_wconf 83' lang='grc' dir='ltr'>δυνάμεις</span> <span class='ocrx_word' id='word_1_176' title='bbox 592 1419 626 1454; x_wconf 81' lang='grc' dir='ltr'><strong>ἐν</strong></span> <span class='ocrx_word' id='word_1_177' title='bbox 644 1419 738 1468; x_wconf 81' lang='grc' dir='ltr'>αὐτῷ</span> <span class='ocrx_word' id='word_1_178' title='bbox 754 1418 916 1467; x_wconf 84' lang='grc' dir='ltr'>ἐνεργεῖν.</span> <span class='ocrx_word' id='word_1_179' title='bbox 934 1416 982 1453; x_wconf 83' lang='grc' dir='ltr'>Ὢ</span> <span class='ocrx_word' id='word_1_180' title='bbox 999 1432 1077 1454; x_wconf 93' lang='grc' dir='ltr'>συν-</span> 
     </span>
     <span class='ocr_line' id='line_1_26' title="bbox 54 1468 1079 1521; baseline 0.001 -16"><span class='ocrx_word' id='word_1_181' title='bbox 54 1468 217 1515; x_wconf 84' lang='grc' dir='ltr'>ειδήσεως</span> <span class='ocrx_word' id='word_1_182' title='bbox 236 1472 365 1515; x_wconf 77' lang='grc' dir='ltr'>κακῆς·</span> <span class='ocrx_word' id='word_1_183' title='bbox 391 1468 447 1507; x_wconf 79' lang='grc' dir='ltr'>ἐπὶ</span> <span class='ocrx_word' id='word_1_184' title='bbox 471 1469 687 1521; x_wconf 57' lang='grc' dir='ltr'>ὓοὶῳδήποτε</span> <span class='ocrx_word' id='word_1_185' title='bbox 710 1469 802 1520; x_wconf 87' lang='grc' dir='ltr'>φόνῳ</span> <span class='ocrx_word' id='word_1_186' title='bbox 821 1472 838 1506; x_wconf 82' lang='grc' dir='ltr'>ὁ</span> <span class='ocrx_word' id='word_1_187' title='bbox 858 1468 958 1512; x_wconf 77' lang='grc' dir='ltr'>αὐτὸς</span> <span class='ocrx_word' id='word_1_188' title='bbox 989 1485 1079 1521; x_wconf 91' lang='grc' dir='ltr'>μαρ-</span> 
     </span>
     <span class='ocr_line' id='line_1_27' title="bbox 51 1520 1075 1574; baseline 0 -16"><span class='ocrx_word' id='word_1_189' title='bbox 51 1527 147 1572; x_wconf 86' lang='grc' dir='ltr'>τυρεῖ</span> <span class='ocrx_word' id='word_1_190' title='bbox 167 1523 302 1574; x_wconf 77' lang='grc' dir='ltr'>ἑαυτῷ,</span> <span class='ocrx_word' id='word_1_191' title='bbox 335 1521 362 1558; x_wconf 83' lang='grc' dir='ltr'>ὢ</span> <span class='ocrx_word' id='word_1_192' title='bbox 393 1522 621 1568; x_wconf 83' lang='grc' dir='ltr'>συνειδήσεως</span> <span class='ocrx_word' id='word_1_193' title='bbox 651 1525 762 1568; x_wconf 73' lang='grc' dir='ltr'>κακῆς</span> <span class='ocrx_word' id='word_1_194' title='bbox 792 1520 952 1567; x_wconf 81' lang='grc' dir='ltr'>συζώσης</span> <span class='ocrx_word' id='word_1_195' title='bbox 979 1524 1075 1574; x_wconf 73' lang='grc' dir='ltr'>ψυχῇ</span> 
     </span>
     <span class='ocr_line' id='line_1_28' title="bbox 54 1573 1129 1627; baseline 0.002 -16"><span class='ocrx_word' id='word_1_196' title='bbox 54 1581 164 1626; x_wconf 71' lang='grc' dir='ltr'>μιαρᾷ</span> <span class='ocrx_word' id='word_1_197' title='bbox 181 1604 191 1622; x_wconf 90' lang='grc'>,</span> <span class='ocrx_word' id='word_1_198' title='bbox 229 1574 288 1612; x_wconf 84' lang='grc' dir='ltr'><strong>καὶ</strong></span> <span class='ocrx_word' id='word_1_199' title='bbox 321 1575 534 1622; x_wconf 80' lang='grc' dir='ltr'>κολαζούσης</span> <span class='ocrx_word' id='word_1_200' title='bbox 573 1574 637 1618; x_wconf 75' lang='grc' dir='ltr'>ἕως</span> <span class='ocrx_word' id='word_1_201' title='bbox 673 1573 842 1621; x_wconf 77' lang='grc' dir='ltr'>Θανάτου,</span> <span class='ocrx_word' id='word_1_202' title='bbox 885 1573 945 1612; x_wconf 79' lang='grc' dir='ltr'><strong>καὶ</strong></span> <span class='ocrx_word' id='word_1_203' title='bbox 988 1576 1076 1625; x_wconf 88' lang='grc' dir='ltr'>μετὰ</span> <span class='ocrx_word' id='word_1_204' title='bbox 1098 1601 1129 1627; x_wconf 61' lang='lat'><strong>40</strong></span> 
     </span>
     <span class='ocr_line' id='line_1_29' title="bbox 54 1626 1127 1680; baseline 0.004 -17"><span class='ocrx_word' id='word_1_205' title='bbox 54 1626 198 1666; x_wconf 85' lang='grc' dir='ltr'>θάνατον</span> <span class='ocrx_word' id='word_1_206' title='bbox 247 1626 471 1680; x_wconf 86' lang='grc' dir='ltr'>ἀπαραίτητα</span> <span class='ocrx_word' id='word_1_207' title='bbox 521 1627 716 1680; x_wconf 88' lang='grc' dir='ltr'>κρινούσης.</span> <span class='ocrx_word' id='word_1_208' title='bbox 766 1626 834 1665; x_wconf 83' lang='grc' dir='ltr'><strong>Καὶ</strong></span> <span class='ocrx_word' id='word_1_209' title='bbox 873 1627 929 1664; x_wconf 81' lang='grc' dir='ltr'>διὰ</span> <span class='ocrx_word' id='word_1_210' title='bbox 974 1628 1075 1666; x_wconf 88' lang='grc' dir='ltr'>ποίαν</span> <span class='ocrx_word' id='word_1_211' title='bbox 1101 1640 1127 1666; x_wconf 87' lang='grc' dir='ltr'>Α</span> 
     </span>
     <span class='ocr_line' id='line_1_30' title="bbox 53 1679 1078 1733; baseline 0.002 -17"><span class='ocrx_word' id='word_1_212' title='bbox 53 1680 166 1718; x_wconf 84' lang='grc' dir='ltr'>αἰτίαν</span> <span class='ocrx_word' id='word_1_213' title='bbox 199 1681 380 1719; x_wconf 85' lang='grc' dir='ltr'>ἀπέκτεινε</span> <span class='ocrx_word' id='word_1_214' title='bbox 417 1681 473 1719; x_wconf 80' lang='grc' dir='ltr'><strong>τὸν</strong></span> <span class='ocrx_word' id='word_1_215' title='bbox 507 1681 688 1733; x_wconf 88' lang='grc' dir='ltr'>προφήτην</span> <span class='ocrx_word' id='word_1_216' title='bbox 708 1697 717 1728; x_wconf 85' lang='grc'><strong>;</strong></span> <span class='ocrx_word' id='word_1_217' title='bbox 751 1680 836 1719; x_wconf 59' lang='lat' dir='ltr'><strong>“Ort</strong></span> <span class='ocrx_word' id='word_1_218' title='bbox 873 1679 984 1733; x_wconf 80' lang='grc' dir='ltr'>κήρυξ</span> <span class='ocrx_word' id='word_1_219' title='bbox 1015 1683 1078 1727; x_wconf 74' lang='grc' dir='ltr'><strong>τῆς</strong></span> 
     </span>
     <span class='ocr_line' id='line_1_31' title="bbox 53 1733 1077 1787; baseline 0.002 -17"><span class='ocrx_word' id='word_1_220' title='bbox 53 1734 216 1780; x_wconf 84' lang='grc' dir='ltr'>ἀληθείας</span> <span class='ocrx_word' id='word_1_221' title='bbox 248 1733 406 1784; x_wconf 79' lang='grc' dir='ltr'>ἐγένετο,</span> <span class='ocrx_word' id='word_1_222' title='bbox 439 1734 498 1772; x_wconf 82' lang='grc' dir='ltr'><strong>καὶ</strong></span> <span class='ocrx_word' id='word_1_223' title='bbox 528 1734 590 1781; x_wconf 79' lang='grc' dir='ltr'><strong>τὴν</strong></span> <span class='ocrx_word' id='word_1_224' title='bbox 625 1733 824 1785; x_wconf 80' lang='grc' dir='ltr'>παράνομον</span> <span class='ocrx_word' id='word_1_225' title='bbox 853 1734 956 1772; x_wconf 75' lang='grc' dir='ltr'>αὐτοῦ</span> <span class='ocrx_word' id='word_1_226' title='bbox 987 1741 1077 1787; x_wconf 81' lang='grc' dir='ltr'>πρᾶ-</span> 
     </span>
     <span class='ocr_line' id='line_1_32' title="bbox 54 1784 1077 1838; baseline 0.002 -15"><span class='ocrx_word' id='word_1_227' title='bbox 54 1784 102 1829; x_wconf 82' lang='grc' dir='ltr'><strong>ξιν</strong></span> <span class='ocrx_word' id='word_1_228' title='bbox 130 1785 187 1824; x_wconf 86' lang='grc' dir='ltr'>διὰ</span> <span class='ocrx_word' id='word_1_229' title='bbox 217 1791 275 1825; x_wconf 75' lang='grc' dir='ltr'><strong>τοῦ</strong></span> <span class='ocrx_word' id='word_1_230' title='bbox 297 1786 440 1838; x_wconf 68' lang='grc' dir='ltr'>ἐλέγχου</span> <span class='ocrx_word' id='word_1_231' title='bbox 461 1787 623 1826; x_wconf 64' lang='grc' dir='ltr'>ἐδούλετο</span> <span class='ocrx_word' id='word_1_232' title='bbox 650 1787 744 1825; x_wconf 80' lang='grc' dir='ltr'>λύειν</span> <span class='ocrx_word' id='word_1_233' title='bbox 760 1802 767 1810; x_wconf 89' lang='grc'><em>·</em></span> <span class='ocrx_word' id='word_1_234' title='bbox 796 1785 856 1823; x_wconf 78' lang='grc' dir='ltr'><strong>καὶ</strong></span> <span class='ocrx_word' id='word_1_235' title='bbox 880 1786 916 1825; x_wconf 80' lang='grc' dir='ltr'><strong>ὃν</strong></span> <span class='ocrx_word' id='word_1_236' title='bbox 943 1786 1011 1824; x_wconf 83' lang='grc' dir='ltr'>ἔδει</span> <span class='ocrx_word' id='word_1_237' title='bbox 1030 1789 1077 1830; x_wconf 86' lang='grc' dir='ltr'>ὡς</span> 
     </span>
     <span class='ocr_line' id='line_1_33' title="bbox 54 1833 1076 1890; baseline 0.003 -15"><span class='ocrx_word' id='word_1_238' title='bbox 54 1839 201 1888; x_wconf 84' lang='grc' dir='ltr'>βασιλέα</span> <span class='ocrx_word' id='word_1_239' title='bbox 228 1839 366 1890; x_wconf 86' lang='grc' dir='ltr'>φύλακα</span> <span class='ocrx_word' id='word_1_240' title='bbox 391 1833 478 1878; x_wconf 62' lang='grc' dir='ltr'>εἶναι</span> <span class='ocrx_word' id='word_1_241' title='bbox 497 1842 566 1877; x_wconf 89' lang='grc' dir='ltr'><strong>τῶν</strong></span> <span class='ocrx_word' id='word_1_242' title='bbox 594 1841 740 1878; x_wconf 78' lang='grc' dir='ltr'>ἐντολῶν</span> <span class='ocrx_word' id='word_1_243' title='bbox 759 1842 818 1877; x_wconf 76' lang='grc' dir='ltr'><strong>τοῦ</strong></span> <span class='ocrx_word' id='word_1_244' title='bbox 838 1840 930 1877; x_wconf 77' lang='grc' dir='ltr'>Θεοῦ</span> <span class='ocrx_word' id='word_1_245' title='bbox 944 1870 954 1888; x_wconf 91' lang='grc'>,</span> <span class='ocrx_word' id='word_1_246' title='bbox 975 1840 1076 1883; x_wconf 81' lang='grc' dir='ltr'>αὐτὸς</span> 
     </span>
     <span class='ocr_line' id='line_1_34' title="bbox 51 1890 1075 1945; baseline 0.001 -17"><span class='ocrx_word' id='word_1_247' title='bbox 51 1894 94 1942; x_wconf 84' lang='grc' dir='ltr'><strong>τῇ</strong></span> <span class='ocrx_word' id='word_1_248' title='bbox 111 1893 301 1945; x_wconf 75' lang='grc' dir='ltr'><strong>ἱ1ἀκηράτῳ</strong></span> <span class='ocrx_word' id='word_1_249' title='bbox 320 1895 388 1930; x_wconf 85' lang='grc' dir='ltr'><strong>τῶν</strong></span> <span class='ocrx_word' id='word_1_250' title='bbox 415 1894 546 1939; x_wconf 80' lang='grc' dir='ltr'>ἡδονῶν</span> <span class='ocrx_word' id='word_1_251' title='bbox 569 1892 694 1944; x_wconf 72' lang='grc' dir='ltr'>ἀταξία</span> <span class='ocrx_word' id='word_1_252' title='bbox 711 1891 790 1935; x_wconf 77' lang='grc' dir='ltr'>τοὺς</span> <span class='ocrx_word' id='word_1_253' title='bbox 817 1890 941 1942; x_wconf 83' lang='grc' dir='ltr'>νόμους</span> <span class='ocrx_word' id='word_1_254' title='bbox 963 1892 1075 1944; x_wconf 79' lang='grc' dir='ltr'>παρέ-</span> 
     </span>
     <span class='ocr_line' id='line_1_35' title="bbox 50 1944 1075 1999; baseline 0.002 -19"><span class='ocrx_word' id='word_1_255' title='bbox 50 1944 124 1982; x_wconf 83' lang='grc' dir='ltr'>λυε.</span> <span class='ocrx_word' id='word_1_256' title='bbox 148 1946 318 1987; x_wconf 76' lang='grc' dir='ltr'>Βασιλεὺς</span> <span class='ocrx_word' id='word_1_257' title='bbox 342 1944 409 1999; x_wconf 78' lang='grc' dir='ltr'>γὰρ</span> <span class='ocrx_word' id='word_1_258' title='bbox 439 1945 568 1990; x_wconf 80' lang='grc' dir='ltr'>ἐκεῖνός</span> <span class='ocrx_word' id='word_1_259' title='bbox 595 1947 702 1993; x_wconf 77' lang='grc' dir='ltr'>ἐστιν,</span> <span class='ocrx_word' id='word_1_260' title='bbox 724 1948 741 1983; x_wconf 82' lang='grc' dir='ltr'><strong>ὃ</strong></span> <span class='ocrx_word' id='word_1_261' title='bbox 765 1944 889 1995; x_wconf 83' lang='grc' dir='ltr'>νόμους</span> <span class='ocrx_word' id='word_1_262' title='bbox 923 1945 1075 1989; x_wconf 80' lang='grc' dir='ltr'>δικαίους</span> 
     </span>
     <span class='ocr_line' id='line_1_36' title="bbox 51 1997 1074 2051; baseline 0.002 -16"><span class='ocrx_word' id='word_1_263' title='bbox 51 1997 253 2048; x_wconf 77' lang='grc' dir='ltr'>ἐκπέμπων,</span> <span class='ocrx_word' id='word_1_264' title='bbox 274 2002 411 2047; x_wconf 83' lang='grc' dir='ltr'>πρῶτον</span> <span class='ocrx_word' id='word_1_265' title='bbox 431 1999 468 2037; x_wconf 74' lang='grc' dir='ltr'>δὲ</span> <span class='ocrx_word' id='word_1_266' title='bbox 486 1999 664 2051; x_wconf 78' lang='grc' dir='ltr'>πράττων,</span> <span class='ocrx_word' id='word_1_267' title='bbox 684 1997 761 2036; x_wconf 59' lang='grc' dir='ltr'>οὐδὲ</span> <span class='ocrx_word' id='word_1_268' title='bbox 777 1998 1074 2050; x_wconf 75' lang='grc' dir='ltr'>παραχαράττων.</span> 
     </span>
     <span class='ocr_line' id='line_1_37' title="bbox 50 2050 1074 2117; baseline 0.003 -30"><span class='ocrx_word' id='word_1_269' title='bbox 50 2050 133 2093; x_wconf 77' lang='grc' dir='ltr'>Πῶς</span> <span class='ocrx_word' id='word_1_270' title='bbox 151 2051 218 2102; x_wconf 71' lang='grc' dir='ltr'>γὰρ</span> <span class='ocrx_word' id='word_1_271' title='bbox 245 2051 284 2089; x_wconf 82' lang='grc' dir='ltr'><strong>ἂν</strong></span> <span class='ocrx_word' id='word_1_272' title='bbox 306 2052 419 2095; x_wconf 79' lang='grc' dir='ltr'>ἄλλως</span> <span class='ocrx_word' id='word_1_273' title='bbox 438 2052 494 2090; x_wconf 80' lang='grc' dir='ltr'><strong>τὸν</strong></span> <span class='ocrx_word' id='word_1_274' title='bbox 515 2054 573 2090; x_wconf 77' lang='grc' dir='ltr'>ὑπ’</span> <span class='ocrx_word' id='word_1_275' title='bbox 602 2053 705 2089; x_wconf 75' lang='grc' dir='ltr'>αὐτοῦ</span> <span class='ocrx_word' id='word_1_276' title='bbox 732 2051 923 2117; x_wconf 77' lang='grc' dir='ltr'>ἀρχόμενον</span> <span class='ocrx_word' id='word_1_277' title='bbox 944 2050 1074 2101; x_wconf 81' lang='grc' dir='ltr'>κόσμον</span> 
     </span>
     <span class='ocr_line' id='line_1_38' title="bbox 51 2103 1076 2155; baseline 0.001 -15"><span class='ocrx_word' id='word_1_278' title='bbox 51 2104 98 2145; x_wconf 81' lang='grc' dir='ltr'><strong>εἰς</strong></span> <span class='ocrx_word' id='word_1_279' title='bbox 120 2104 278 2148; x_wconf 80' lang='grc' dir='ltr'>εὐταξίαν</span> <span class='ocrx_word' id='word_1_280' title='bbox 298 2103 505 2155; x_wconf 72' lang='grc' dir='ltr'>ῥυθμίσειεν,</span> <span class='ocrx_word' id='word_1_281' title='bbox 525 2104 583 2142; x_wconf 79' lang='grc' dir='ltr'><strong>ἐὰν</strong></span> <span class='ocrx_word' id='word_1_282' title='bbox 605 2104 653 2154; x_wconf 85' lang='grc' dir='ltr'><strong>μὴ</strong></span> <span class='ocrx_word' id='word_1_283' title='bbox 670 2106 815 2147; x_wconf 89' lang='grc' dir='ltr'>δικαιοις</span> <span class='ocrx_word' id='word_1_284' title='bbox 833 2103 951 2154; x_wconf 83' lang='grc' dir='ltr'>νόμοις</span> <span class='ocrx_word' id='word_1_285' title='bbox 966 2104 1076 2141; x_wconf 79' lang='grc' dir='ltr'>καθά-</span> 
     </span>
     <span class='ocr_line' id='line_1_39' title="bbox 51 2156 1074 2208; baseline 0.001 -16"><span class='ocrx_word' id='word_1_286' title='bbox 51 2171 116 2207; x_wconf 85' lang='grc' dir='ltr'><strong>περ</strong></span> <span class='ocrx_word' id='word_1_287' title='bbox 133 2156 246 2202; x_wconf 81' lang='grc' dir='ltr'>ἡνίαις</span> <span class='ocrx_word' id='word_1_288' title='bbox 267 2156 306 2195; x_wconf 78' lang='grc' dir='ltr'><strong>τὸ</strong></span> <span class='ocrx_word' id='word_1_289' title='bbox 326 2157 485 2203; x_wconf 79' lang='grc' dir='ltr'>δυσήνιον</span> <span class='ocrx_word' id='word_1_290' title='bbox 510 2157 606 2208; x_wconf 82' lang='grc' dir='ltr'>γένος</span> <span class='ocrx_word' id='word_1_291' title='bbox 624 2159 691 2195; x_wconf 87' lang='grc' dir='ltr'><strong>τῶν</strong></span> <span class='ocrx_word' id='word_1_292' title='bbox 715 2156 904 2208; x_wconf 70' lang='grc' dir='ltr'>ἀνθρώπιον</span> <span class='ocrx_word' id='word_1_293' title='bbox 922 2158 1074 2208; x_wconf 78' lang='grc' dir='ltr'>χαλινα-</span> 
     </span>
     <span class='ocr_line' id='line_1_40' title="bbox 50 2209 1076 2263; baseline 0.004 -19"><span class='ocrx_word' id='word_1_294' title='bbox 50 2209 215 2260; x_wconf 77' lang='grc' dir='ltr'>γωγήσῃ;</span> <span class='ocrx_word' id='word_1_295' title='bbox 236 2209 396 2263; x_wconf 58' lang='grc' dir='ltr'><strong>εΗρώδης</strong></span> <span class='ocrx_word' id='word_1_296' title='bbox 417 2209 453 2247; x_wconf 81' lang='grc' dir='ltr'>δὲ</span> <span class='ocrx_word' id='word_1_297' title='bbox 475 2210 635 2261; x_wconf 73' lang='grc' dir='ltr'>βασιλεὺς</span> <span class='ocrx_word' id='word_1_298' title='bbox 655 2209 701 2248; x_wconf 81' lang='grc' dir='ltr'><strong>ὢν</strong></span> <span class='ocrx_word' id='word_1_299' title='bbox 720 2210 760 2262; x_wconf 49' lang='grc' dir='ltr'><strong>οἴω)</strong></span> <span class='ocrx_word' id='word_1_300' title='bbox 773 2211 878 2256; x_wconf 88' lang='grc' dir='ltr'>λαῶν,</span> <span class='ocrx_word' id='word_1_301' title='bbox 897 2210 974 2246; x_wconf 78' lang='grc' dir='ltr'>ἀλλ’</span> <span class='ocrx_word' id='word_1_302' title='bbox 997 2211 1076 2256; x_wconf 81' lang='grc' dir='ltr'>ἡδο-</span> 
     </span>
     <span class='ocr_line' id='line_1_41' title="bbox 50 2261 1075 2316; baseline 0.003 -20"><span class='ocrx_word' id='word_1_303' title='bbox 50 2263 129 2309; x_wconf 86' lang='grc' dir='ltr'>νῶν,</span> <span class='ocrx_word' id='word_1_304' title='bbox 149 2265 279 2312; x_wconf 79' lang='grc' dir='ltr'>μᾶλλον</span> <span class='ocrx_word' id='word_1_305' title='bbox 299 2263 334 2300; x_wconf 82' lang='grc' dir='ltr'>δὲ</span> <span class='ocrx_word' id='word_1_306' title='bbox 355 2263 472 2306; x_wconf 75' lang='grc' dir='ltr'>δοῦλος</span> <span class='ocrx_word' id='word_1_307' title='bbox 491 2266 559 2300; x_wconf 87' lang='grc' dir='ltr'><strong>τῶν</strong></span> <span class='ocrx_word' id='word_1_308' title='bbox 573 2264 729 2310; x_wconf 84' lang='grc' dir='ltr'>ἡδονῶν(</span> <span class='ocrx_word' id='word_1_309' title='bbox 745 2263 792 2316; x_wconf 78' lang='grc' dir='ltr'><strong>ᾩ.</strong></span> <span class='ocrx_word' id='word_1_310' title='bbox 809 2261 877 2315; x_wconf 87' lang='grc' dir='ltr'>γάρ</span> <span class='ocrx_word' id='word_1_311' title='bbox 897 2278 948 2305; x_wconf 87' lang='grc' dir='ltr'><strong>τις</strong></span> <span class='ocrx_word' id='word_1_312' title='bbox 966 2261 1075 2310; x_wconf 81' lang='grc' dir='ltr'>ἥττη-</span> 
     </span>
     <span class='ocr_line' id='line_1_42' title="bbox 50 2315 1075 2368; baseline 0.003 -18"><span class='ocrx_word' id='word_1_313' title='bbox 50 2329 129 2359; x_wconf 85' lang='grc' dir='ltr'>ται,</span> <span class='ocrx_word' id='word_1_314' title='bbox 144 2315 257 2368; x_wconf 85' lang='grc' dir='ltr'>τούτῳ</span> <span class='ocrx_word' id='word_1_315' title='bbox 274 2315 332 2353; x_wconf 80' lang='grc' dir='ltr'><strong>καὶ</strong></span> <span class='ocrx_word' id='word_1_316' title='bbox 355 2315 599 2364; x_wconf 82' lang='grc' dir='ltr'>δεδούλωται),</span> <span class='ocrx_word' id='word_1_317' title='bbox 619 2316 657 2353; x_wconf 78' lang='grc' dir='ltr'><strong>οὔ</strong></span> <span class='ocrx_word' id='word_1_318' title='bbox 676 2315 778 2366; x_wconf 85' lang='grc' dir='ltr'>μόνον</span> <span class='ocrx_word' id='word_1_319' title='bbox 797 2315 854 2353; x_wconf 76' lang='grc' dir='ltr'><strong>τὸν</strong></span> <span class='ocrx_word' id='word_1_320' title='bbox 885 2315 988 2365; x_wconf 86' lang='grc' dir='ltr'>νόμον</span> <span class='ocrx_word' id='word_1_321' title='bbox 1015 2319 1075 2354; x_wconf 78' lang='grc' dir='ltr'><strong>τοῦ</strong></span> 
     </span>
     <span class='ocr_line' id='line_1_43' title="bbox 51 2367 1075 2422; baseline 0.001 -18"><span class='ocrx_word' id='word_1_322' title='bbox 51 2368 142 2404; x_wconf 77' lang='grc' dir='ltr'>Θεοῦ</span> <span class='ocrx_word' id='word_1_323' title='bbox 163 2368 347 2419; x_wconf 87' lang='grc' dir='ltr'>παρέλυεν,</span> <span class='ocrx_word' id='word_1_324' title='bbox 363 2368 453 2406; x_wconf 77' lang='grc' dir='ltr'>ἀλλὰ</span> <span class='ocrx_word' id='word_1_325' title='bbox 467 2368 525 2407; x_wconf 84' lang='grc' dir='ltr'><strong>καὶ</strong></span> <span class='ocrx_word' id='word_1_326' title='bbox 544 2368 644 2420; x_wconf 84' lang='grc' dir='ltr'>φόνον</span> <span class='ocrx_word' id='word_1_327' title='bbox 658 2368 785 2422; x_wconf 52' lang='grc' dir='ltr'>ἀδίκως</span> <span class='ocrx_word' id='word_1_328' title='bbox 802 2367 989 2406; x_wconf 81' lang='grc' dir='ltr'>ἐτέκταινε.</span> <span class='ocrx_word' id='word_1_329' title='bbox 1005 2368 1075 2406; x_wconf 84' lang='grc' dir='ltr'><strong>Καὶ</strong></span> 
     </span>
     <span class='ocr_line' id='line_1_44' title="bbox 50 2419 1075 2472; baseline 0.002 -16"><span class='ocrx_word' id='word_1_330' title='bbox 50 2419 127 2457; x_wconf 90' lang='grc' dir='ltr'>τίνα</span> <span class='ocrx_word' id='word_1_331' title='bbox 147 2420 344 2472; x_wconf 77' lang='grc' dir='ltr'>ἐφόνευσεν,</span> <span class='ocrx_word' id='word_1_332' title='bbox 366 2420 492 2472; x_wconf 85' lang='grc' dir='ltr'>Ἄνδρα</span> <span class='ocrx_word' id='word_1_333' title='bbox 514 2420 658 2467; x_wconf 86' lang='grc' dir='ltr'>δίκαιον,</span> <span class='ocrx_word' id='word_1_334' title='bbox 686 2424 723 2458; x_wconf 70' lang='grc' dir='ltr'><strong>οὗ</strong></span> <span class='ocrx_word' id='word_1_335' title='bbox 754 2420 880 2471; x_wconf 86' lang='grc' dir='ltr'>μείζων</span> <span class='ocrx_word' id='word_1_336' title='bbox 899 2423 933 2458; x_wconf 81' lang='grc' dir='ltr'><strong>ἐν</strong></span> <span class='ocrx_word' id='word_1_337' title='bbox 955 2436 1075 2471; x_wconf 82' lang='grc' dir='ltr'>γεννη-</span> 
     </span>
     <span class='ocr_line' id='line_1_45' title="bbox 51 2472 1076 2525; baseline 0.003 -17"><span class='ocrx_word' id='word_1_338' title='bbox 51 2478 122 2515; x_wconf 86' lang='grc' dir='ltr'>τοῖς</span> <span class='ocrx_word' id='word_1_339' title='bbox 151 2475 323 2523; x_wconf 87' lang='grc' dir='ltr'>γυναικῶν</span> <span class='ocrx_word' id='word_1_340' title='bbox 348 2474 410 2511; x_wconf 73' lang='grc' dir='ltr'>οὐκ</span> <span class='ocrx_word' id='word_1_341' title='bbox 435 2473 644 2525; x_wconf 82' lang='grc' dir='ltr'>ἐγήγερται,</span> <span class='ocrx_word' id='word_1_342' title='bbox 671 2472 786 2516; x_wconf 84' lang='grc' dir='ltr'>καθὼς</span> <span class='ocrx_word' id='word_1_343' title='bbox 819 2473 878 2511; x_wconf 84' lang='grc' dir='ltr'><strong>καὶ</strong></span> <span class='ocrx_word' id='word_1_344' title='bbox 906 2477 923 2511; x_wconf 86' lang='grc' dir='ltr'><em>ὃ</em></span> <span class='ocrx_word' id='word_1_345' title='bbox 948 2473 1076 2525; x_wconf 87' lang='grc' dir='ltr'>Κύριος</span> 
     </span>
     <span class='ocr_line' id='line_1_46' title="bbox 53 2525 1124 2577; baseline 0.003 -16"><span class='ocrx_word' id='word_1_346' title='bbox 53 2525 312 2576; x_wconf 79' lang='grc' dir='ltr'>ἐμαρτύρησεν·</span> <span class='ocrx_word' id='word_1_347' title='bbox 333 2525 460 2577; x_wconf 80' lang='grc' dir='ltr'>ἄνδρα,</span> <span class='ocrx_word' id='word_1_348' title='bbox 485 2526 519 2569; x_wconf 80' lang='grc' dir='ltr'>ὃς</span> <span class='ocrx_word' id='word_1_349' title='bbox 541 2526 668 2576; x_wconf 83' lang='grc' dir='ltr'>ἔρημον</span> <span class='ocrx_word' id='word_1_350' title='bbox 697 2526 804 2576; x_wconf 85' lang='grc' dir='ltr'>ᾤκει,</span> <span class='ocrx_word' id='word_1_351' title='bbox 835 2526 977 2577; x_wconf 79' lang='grc' dir='ltr'>ἔρημον,</span> <span class='ocrx_word' id='word_1_352' title='bbox 999 2526 1074 2564; x_wconf 85' lang='grc' dir='ltr'>ἀοί-</span> <span class='ocrx_word' id='word_1_353' title='bbox 1100 2531 1124 2560; x_wconf 79' lang='lat' dir='ltr'>B</span> 
     </span>
     <span class='ocr_line' id='line_1_47' title="bbox 53 2577 1074 2630; baseline 0.002 -16"><span class='ocrx_word' id='word_1_354' title='bbox 53 2593 170 2625; x_wconf 83' lang='grc' dir='ltr'>κητον,</span> <span class='ocrx_word' id='word_1_355' title='bbox 182 2578 336 2629; x_wconf 69' lang='grc' dir='ltr'>ἄνυδρον,</span> <span class='ocrx_word' id='word_1_356' title='bbox 354 2578 524 2630; x_wconf 88' lang='grc' dir='ltr'>ἄκαρπον,</span> <span class='ocrx_word' id='word_1_357' title='bbox 542 2578 683 2624; x_wconf 61' lang='grc' dir='ltr'>ἄὸατον,</span> <span class='ocrx_word' id='word_1_358' title='bbox 698 2578 873 2629; x_wconf 83' lang='grc' dir='ltr'>ἄδενδρον,</span> <span class='ocrx_word' id='word_1_359' title='bbox 895 2577 1074 2626; x_wconf 67' lang='grc' dir='ltr'>ἀὸότανον,</span> 
     </span>
     <span class='ocr_line' id='line_1_48' title="bbox 54 2629 1074 2682; baseline 0.002 -16"><span class='ocrx_word' id='word_1_360' title='bbox 54 2630 282 2681; x_wconf 68' lang='grc' dir='ltr'>ἀχλοηφόρον.</span> <span class='ocrx_word' id='word_1_361' title='bbox 304 2630 462 2682; x_wconf 82' lang='grc' dir='ltr'>’Έρημον</span> <span class='ocrx_word' id='word_1_362' title='bbox 482 2630 517 2668; x_wconf 77' lang='grc' dir='ltr'>δὲ</span> <span class='ocrx_word' id='word_1_363' title='bbox 537 2629 621 2682; x_wconf 83' lang='grc' dir='ltr'>ᾤκει</span> <span class='ocrx_word' id='word_1_364' title='bbox 637 2633 654 2667; x_wconf 81' lang='grc' dir='ltr'>ὁ</span> <span class='ocrx_word' id='word_1_365' title='bbox 674 2630 837 2675; x_wconf 84' lang='grc' dir='ltr'>Ἰωάννης</span> <span class='ocrx_word' id='word_1_366' title='bbox 851 2660 860 2677; x_wconf 93' lang='grc'>,</span> <span class='ocrx_word' id='word_1_367' title='bbox 880 2631 917 2667; x_wconf 77' lang='grc' dir='ltr'><strong>οὗ</strong></span> <span class='ocrx_word' id='word_1_368' title='bbox 939 2630 1074 2682; x_wconf 83' lang='grc' dir='ltr'>φεύγων</span> 
     </span>
     <span class='ocr_line' id='line_1_49' title="bbox 52 2681 1075 2735; baseline 0.002 -16"><span class='ocrx_word' id='word_1_369' title='bbox 52 2683 91 2719; x_wconf 72' lang='grc' dir='ltr'><strong>τὸ</strong></span> <span class='ocrx_word' id='word_1_370' title='bbox 108 2683 279 2735; x_wconf 82' lang='grc' dir='ltr'>ὁμόφυλον</span> <span class='ocrx_word' id='word_1_371' title='bbox 299 2683 358 2721; x_wconf 78' lang='grc' dir='ltr'><strong>καὶ</strong></span> <span class='ocrx_word' id='word_1_372' title='bbox 379 2682 537 2734; x_wconf 79' lang='grc' dir='ltr'>συγγενὲς</span> <span class='ocrx_word' id='word_1_373' title='bbox 551 2685 619 2720; x_wconf 92' lang='grc' dir='ltr'><strong>τῶν</strong></span> <span class='ocrx_word' id='word_1_374' title='bbox 642 2681 831 2735; x_wconf 83' lang='grc' dir='ltr'>ἀνθρώπων</span> <span class='ocrx_word' id='word_1_375' title='bbox 853 2682 967 2732; x_wconf 79' lang='grc' dir='ltr'>γένος,</span> <span class='ocrx_word' id='word_1_376' title='bbox 985 2683 1075 2721; x_wconf 84' lang='grc' dir='ltr'>ἀλλὰ</span> 
     </span>
     <span class='ocr_line' id='line_1_50' title="bbox 53 2734 1074 2801; baseline 0 -29"><span class='ocrx_word' id='word_1_377' title='bbox 53 2734 185 2787; x_wconf 82' lang='grc' dir='ltr'>φεύγων</span> <span class='ocrx_word' id='word_1_378' title='bbox 212 2735 251 2773; x_wconf 78' lang='grc' dir='ltr'><strong>τὸ</strong></span> <span class='ocrx_word' id='word_1_379' title='bbox 273 2736 411 2786; x_wconf 83' lang='grc' dir='ltr'>βλέπειν</span> <span class='ocrx_word' id='word_1_380' title='bbox 432 2736 491 2773; x_wconf 81' lang='grc' dir='ltr'><strong>καὶ</strong></span> <span class='ocrx_word' id='word_1_381' title='bbox 524 2735 660 2790; x_wconf 53' lang='grc' dir='ltr'>ἀκούΝειν</span> <span class='ocrx_word' id='word_1_382' title='bbox 678 2734 722 2772; x_wconf 82' lang='grc' dir='ltr'><strong>τὰ</strong></span> <span class='ocrx_word' id='word_1_383' title='bbox 759 2735 899 2786; x_wconf 82' lang='grc' dir='ltr'>μυσαρὰ</span> <span class='ocrx_word' id='word_1_384' title='bbox 920 2738 989 2773; x_wconf 87' lang='grc' dir='ltr'><strong>τῶν</strong></span> <span class='ocrx_word' id='word_1_385' title='bbox 1012 2737 1074 2801; x_wconf 66' lang='grc' dir='ltr'><strong>ἀν-</strong></span> 
     </span>
     <span class='ocr_line' id='line_1_51' title="bbox 52 2787 1074 2843; baseline 0.002 -19"><span class='ocrx_word' id='word_1_386' title='bbox 52 2787 198 2840; x_wconf 81' lang='grc' dir='ltr'>θρώπων</span> <span class='ocrx_word' id='word_1_387' title='bbox 226 2788 543 2841; x_wconf 83' lang='grc' dir='ltr'>κακοπραγήματα.</span> <span class='ocrx_word' id='word_1_388' title='bbox 564 2790 676 2842; x_wconf 54' lang='grc' dir='ltr'>Οὗτος</span> <span class='ocrx_word' id='word_1_389' title='bbox 704 2787 783 2826; x_wconf 85' lang='grc' dir='ltr'>οὔτε</span> <span class='ocrx_word' id='word_1_390' title='bbox 802 2788 972 2843; x_wconf 58' lang='grc' dir='ltr'>ἔσπειρεν,</span> <span class='ocrx_word' id='word_1_391' title='bbox 995 2803 1074 2826; x_wconf 85' lang='grc' dir='ltr'>ουτε</span> 
     </span>
     <span class='ocr_line' id='line_1_52' title="bbox 53 2839 1075 2894; baseline 0.001 -17"><span class='ocrx_word' id='word_1_392' title='bbox 53 2839 185 2893; x_wconf 79' lang='grc' dir='ltr'>ἐΟέρισέ</span> <span class='ocrx_word' id='word_1_393' title='bbox 199 2855 302 2878; x_wconf 82' lang='grc' dir='ltr'>ποτε·</span> <span class='ocrx_word' id='word_1_394' title='bbox 321 2841 373 2880; x_wconf 85' lang='grc' dir='ltr'>διὸ</span> <span class='ocrx_word' id='word_1_395' title='bbox 392 2841 467 2879; x_wconf 84' lang='grc' dir='ltr'>οὔτε</span> <span class='ocrx_word' id='word_1_396' title='bbox 488 2842 590 2894; x_wconf 81' lang='grc' dir='ltr'>ἄρτον</span> <span class='ocrx_word' id='word_1_397' title='bbox 609 2844 713 2892; x_wconf 73' lang='grc' dir='ltr'>εἶχεν,</span> <span class='ocrx_word' id='word_1_398' title='bbox 727 2842 790 2878; x_wconf 78' lang='grc' dir='ltr'>οὐκ</span> <span class='ocrx_word' id='word_1_399' title='bbox 808 2845 910 2887; x_wconf 80' lang='grc' dir='ltr'>οἶνον,</span> <span class='ocrx_word' id='word_1_400' title='bbox 930 2842 967 2879; x_wconf 80' lang='grc' dir='ltr'><strong>οὐ</strong></span> <span class='ocrx_word' id='word_1_401' title='bbox 986 2840 1075 2892; x_wconf 84' lang='grc' dir='ltr'>τρά-</span> 
     </span>
     <span class='ocr_line' id='line_1_53' title="bbox 51 2893 1074 2946; baseline 0.001 -17"><span class='ocrx_word' id='word_1_402' title='bbox 51 2895 169 2941; x_wconf 85' lang='grc' dir='ltr'>πεζαν,</span> <span class='ocrx_word' id='word_1_403' title='bbox 190 2895 227 2931; x_wconf 73' lang='grc' dir='ltr'><strong>οὗ</strong></span> <span class='ocrx_word' id='word_1_404' title='bbox 253 2893 373 2939; x_wconf 86' lang='grc' dir='ltr'>κλίνην</span> <span class='ocrx_word' id='word_1_405' title='bbox 392 2893 454 2941; x_wconf 85' lang='grc' dir='ltr'><strong>τὴν</strong></span> <span class='ocrx_word' id='word_1_406' title='bbox 475 2897 543 2932; x_wconf 87' lang='grc' dir='ltr'><strong>τῶν</strong></span> <span class='ocrx_word' id='word_1_407' title='bbox 562 2895 693 2939; x_wconf 83' lang='grc' dir='ltr'>ἡδονῶν</span> <span class='ocrx_word' id='word_1_408' title='bbox 714 2894 733 2913; x_wconf 86' lang='lat'><em>*</em></span> <span class='ocrx_word' id='word_1_409' title='bbox 747 2893 936 2946; x_wconf 81' lang='grc' dir='ltr'>ὑπηρέτην,</span> <span class='ocrx_word' id='word_1_410' title='bbox 963 2895 1000 2932; x_wconf 78' lang='grc' dir='ltr'><strong>οὗ</strong></span> <span class='ocrx_word' id='word_1_411' title='bbox 1030 2893 1074 2931; x_wconf 82' lang='grc' dir='ltr'><strong>τὰ</strong></span> 
     </span>
     <span class='ocr_line' id='line_1_54' title="bbox 52 2945 1072 3001; baseline 0 -18"><span class='ocrx_word' id='word_1_412' title='bbox 52 2945 196 2995; x_wconf 81' lang='grc' dir='ltr'>μαλακὰ</span> <span class='ocrx_word' id='word_1_413' title='bbox 214 2945 490 2998; x_wconf 76' lang='grc' dir='ltr'>χηνοπλούματα</span> <span class='ocrx_word' id='word_1_414' title='bbox 519 2946 686 2985; x_wconf 80' lang='grc' dir='ltr'>ἐκλύοντα</span> <span class='ocrx_word' id='word_1_415' title='bbox 703 2946 762 2984; x_wconf 85' lang='grc' dir='ltr'><strong>καὶ</strong></span> <span class='ocrx_word' id='word_1_416' title='bbox 779 2950 974 3001; x_wconf 40' lang='grc' dir='ltr'>χαυυνοῧντα</span> <span class='ocrx_word' id='word_1_417' title='bbox 1003 2948 1072 2983; x_wconf 87' lang='grc' dir='ltr'><strong>τῶν</strong></span> 
     </span>
     <span class='ocr_line' id='line_1_55' title="bbox 50 2998 1069 3051; baseline 0 -16"><span class='ocrx_word' id='word_1_418' title='bbox 50 2998 266 3050; x_wconf 78' lang='grc' dir='ltr'>ἀνδρογύνων</span> <span class='ocrx_word' id='word_1_419' title='bbox 292 2998 335 3036; x_wconf 77' lang='grc' dir='ltr'><strong>τὰ</strong></span> <span class='ocrx_word' id='word_1_420' title='bbox 359 2998 525 3049; x_wconf 81' lang='grc' dir='ltr'>σώματα,</span> <span class='ocrx_word' id='word_1_421' title='bbox 558 3001 594 3037; x_wconf 77' lang='grc' dir='ltr'><strong>οὗ</strong></span> <span class='ocrx_word' id='word_1_422' title='bbox 626 2998 771 3051; x_wconf 73' lang='grc' dir='ltr'>λυχνίαν</span> <span class='ocrx_word' id='word_1_423' title='bbox 805 3002 910 3051; x_wconf 76' lang='grc' dir='ltr'>εἶχεν,</span> <span class='ocrx_word' id='word_1_424' title='bbox 944 3001 980 3037; x_wconf 83' lang='grc' dir='ltr'><strong>οὖ</strong></span> <span class='ocrx_word' id='word_1_425' title='bbox 1012 2998 1069 3036; x_wconf 88' lang='grc' dir='ltr'>λύ-</span> 
     </span>
     <span class='ocr_line' id='line_1_56' title="bbox 50 3051 1069 3104; baseline 0 -16"><span class='ocrx_word' id='word_1_426' title='bbox 50 3067 144 3102; x_wconf 79' lang='grc' dir='ltr'>χνον,</span> <span class='ocrx_word' id='word_1_427' title='bbox 181 3054 218 3089; x_wconf 81' lang='grc' dir='ltr'><strong>οὐ</strong></span> <span class='ocrx_word' id='word_1_428' title='bbox 257 3051 442 3104; x_wconf 82' lang='grc' dir='ltr'>τράπεζαν,</span> <span class='ocrx_word' id='word_1_429' title='bbox 476 3054 514 3089; x_wconf 83' lang='grc' dir='ltr'><strong>οὐ</strong></span> <span class='ocrx_word' id='word_1_430' title='bbox 551 3052 718 3102; x_wconf 83' lang='grc' dir='ltr'>σκάμνον,</span> <span class='ocrx_word' id='word_1_431' title='bbox 750 3054 787 3090; x_wconf 80' lang='grc' dir='ltr'><strong>οὐ</strong></span> <span class='ocrx_word' id='word_1_432' title='bbox 820 3052 998 3103; x_wconf 86' lang='grc' dir='ltr'>ποτήριον,</span> <span class='ocrx_word' id='word_1_433' title='bbox 1032 3052 1069 3088; x_wconf 76' lang='grc' dir='ltr'><strong>οὐ</strong></span> 
     </span>
     <span class='ocr_line' id='line_1_57' title="bbox 50 3103 1069 3155; baseline 0 -14"><span class='ocrx_word' id='word_1_434' title='bbox 50 3104 191 3143; x_wconf 85' lang='grc' dir='ltr'>πίνακα.</span> <span class='ocrx_word' id='word_1_435' title='bbox 211 3103 306 3148; x_wconf 81' lang='grc' dir='ltr'><strong>Ἔξω</strong></span> <span class='ocrx_word' id='word_1_436' title='bbox 330 3103 396 3155; x_wconf 88' lang='grc' dir='ltr'>γὰρ</span> <span class='ocrx_word' id='word_1_437' title='bbox 422 3103 468 3141; x_wconf 78' lang='grc' dir='ltr'><strong>ὢν</strong></span> <span class='ocrx_word' id='word_1_438' title='bbox 489 3107 547 3142; x_wconf 75' lang='grc' dir='ltr'><strong>τοῦ</strong></span> <span class='ocrx_word' id='word_1_439' title='bbox 579 3104 710 3154; x_wconf 79' lang='grc' dir='ltr'>κόσμου</span> <span class='ocrx_word' id='word_1_440' title='bbox 725 3135 734 3152; x_wconf 91' lang='grc'>,</span> <span class='ocrx_word' id='word_1_441' title='bbox 752 3104 892 3142; x_wconf 60' lang='grc' dir='ltr'>Ῑόὐδενὶ</span> <span class='ocrx_word' id='word_1_442' title='bbox 918 3107 985 3141; x_wconf 84' lang='grc' dir='ltr'><strong>τῶν</strong></span> <span class='ocrx_word' id='word_1_443' title='bbox 1010 3107 1069 3141; x_wconf 80' lang='grc' dir='ltr'><strong>τοῦ</strong></span> 
     </span>
    </p>
   </div>
   <div class='ocr_carea' id='block_1_7' title="bbox 219 3252 223 3262">
    <p class='ocr_par' dir='ltr' id='par_1_7' title="bbox 219 3252 223 3262">
     <span class='ocr_line' id='line_1_58' title="bbox 219 3252 223 3262; baseline 0 0"><span class='ocrx_word' id='word_1_444' title='bbox 219 3252 223 3262; x_wconf 80' lang='grc' dir='ltr'>ι</span> 
     </span>
    </p>
   </div>
   <div class='ocr_carea' id='block_1_8' title="bbox 51 3233 1055 3383">
    <p class='ocr_par' dir='ltr' id='par_1_8' title="bbox 51 3233 1055 3383">
     <span class='ocr_line' id='line_1_59' title="bbox 92 3233 566 3278; baseline 0.008 -15"><span class='ocrx_word' id='word_1_445' title='bbox 92 3243 104 3257; x_wconf 70' lang='lat'><strong>‘¹</strong></span> <span class='ocrx_word' id='word_1_446' title='bbox 122 3233 201 3275; x_wconf 80' lang='lat' dir='ltr'><strong>Reg.</strong></span> <span class='ocrx_word' id='word_1_447' title='bbox 223 3236 391 3278; x_wconf 64' lang='grc' dir='ltr'>,εὸρακότος</span> <span class='ocrx_word' id='word_1_448' title='bbox 412 3237 566 3278; x_wconf 67' lang='grc' dir='ltr'>δράματα.</span> 
     </span>
     <span class='ocr_line' id='line_1_60' title="bbox 95 3287 1055 3331; baseline -0.003 -11"><span class='ocrx_word' id='word_1_449' title='bbox 95 3287 109 3308; x_wconf 81' lang='lat'><strong>¹·</strong></span> <span class='ocrx_word' id='word_1_450' title='bbox 134 3287 213 3329; x_wconf 72' lang='lat' dir='ltr'><strong>Reg-</strong></span> <span class='ocrx_word' id='word_1_451' title='bbox 241 3289 401 3330; x_wconf 71' lang='grc' dir='ltr'>οὶῳδήποτε</span> <span class='ocrx_word' id='word_1_452' title='bbox 428 3294 502 3331; x_wconf 60' lang='grc' dir='ltr'>φόνῳ</span> <span class='ocrx_word' id='word_1_453' title='bbox 518 3298 524 3304; x_wconf 84' lang='grc'>’</span> <span class='ocrx_word' id='word_1_454' title='bbox 553 3291 606 3330; x_wconf 64' lang='grc' dir='ltr'><strong>οὐχ</strong></span> <span class='ocrx_word' id='word_1_455' title='bbox 630 3292 675 3322; x_wconf 69' lang='grc' dir='ltr'>ἑτι</span> <span class='ocrx_word' id='word_1_456' title='bbox 704 3292 748 3322; x_wconf 79' lang='grc' dir='ltr'><strong>ἐπὶ</strong></span> <span class='ocrx_word' id='word_1_457' title='bbox 773 3288 893 3328; x_wconf 71' lang='grc' dir='ltr'>τοιούτῳ</span> <span class='ocrx_word' id='word_1_458' title='bbox 923 3291 1008 3329; x_wconf 51' lang='grc' dir='ltr'>φόνῳ,</span> <span class='ocrx_word' id='word_1_459' title='bbox 1034 3287 1055 3327; x_wconf 81' lang='grc' dir='ltr'><strong><em>ᾧ</em></strong></span> 
     </span>
     <span class='ocr_line' id='line_1_61' title="bbox 51 3341 1055 3383; baseline 0.002 -13"><span class='ocrx_word' id='word_1_460' title='bbox 51 3342 135 3375; x_wconf 55' lang='grc' dir='ltr'>αὐτὸς</span> <span class='ocrx_word' id='word_1_461' title='bbox 158 3342 253 3381; x_wconf 74' lang='grc' dir='ltr'>ἑαυτῷ</span> <span class='ocrx_word' id='word_1_462' title='bbox 275 3346 435 3383; x_wconf 65' lang='grc' dir='ltr'>μαρτυρεῖ.</span> <span class='ocrx_word' id='word_1_463' title='bbox 458 3341 480 3370; x_wconf 81' lang='grc' dir='ltr'><em>ὣ</em></span> <span class='ocrx_word' id='word_1_464' title='bbox 496 3342 678 3377; x_wconf 67' lang='grc' dir='ltr'>συνειδήσεως</span> <span class='ocrx_word' id='word_1_465' title='bbox 695 3349 784 3378; x_wconf 57' lang='grc' dir='ltr'>κικῆς</span> <span class='ocrx_word' id='word_1_466' title='bbox 797 3346 874 3382; x_wconf 56' lang='lat' dir='ltr'><strong>bussi</strong></span> <span class='ocrx_word' id='word_1_467' title='bbox 891 3344 989 3380; x_wconf 58' lang='grc' dir='ltr'><strong>μιᾱρᾷ</strong></span> <span class='ocrx_word' id='word_1_468' title='bbox 1006 3351 1055 3369; x_wconf 64' lang='lat'><strong>⁵¹³·</strong></span> 
     </span>
    </p>
   </div>
   <div class='ocr_carea' id='block_1_9' title="bbox 52 3391 681 3437">
    <p class='ocr_par' dir='ltr' id='par_1_9' title="bbox 52 3391 681 3437">
     <span class='ocr_line' id='line_1_62' title="bbox 52 3391 681 3437; baseline 0.005 -15"><span class='ocrx_word' id='word_1_469' title='bbox 52 3398 129 3430; x_wconf 67' lang='grc' dir='ltr'>ἰςώτα</span> <span class='ocrx_word' id='word_1_470' title='bbox 149 3395 198 3428; x_wconf 73' lang='grc' dir='ltr'><strong>ἕως</strong></span> <span class='ocrx_word' id='word_1_471' title='bbox 215 3396 351 3426; x_wconf 70' lang='grc' dir='ltr'>θανάτου.</span> <span class='ocrx_word' id='word_1_472' title='bbox 371 3393 414 3424; x_wconf 83' lang='lat' dir='ltr'><strong>Et</strong></span> <span class='ocrx_word' id='word_1_473' title='bbox 431 3391 513 3425; x_wconf 81' lang='lat' dir='ltr'><strong>infra</strong></span> <span class='ocrx_word' id='word_1_474' title='bbox 533 3399 681 3437; x_wconf 62' lang='grc' dir='ltr'>κρίνουσα.</span> 
     </span>
    </p>
   </div>
   <div class='ocr_carea' id='block_1_10' title="bbox 2042 224 2136 287">
    <p class='ocr_par' dir='ltr' id='par_1_10' title="bbox 2042 224 2136 287">
     <span class='ocr_line' id='line_1_63' title="bbox 2042 224 2136 287; baseline 0.011 -18"><span class='ocrx_word' id='word_1_475' title='bbox 2042 224 2136 287; x_wconf 67' lang='grc'><strong>(359</strong></span> 
     </span>
    </p>
   </div>
   <div class='ocr_carea' id='block_1_11' title="bbox 1143 309 2143 3161">
    <p class='ocr_par' dir='ltr' id='par_1_11' title="bbox 1143 309 2143 3161">
     <span class='ocr_line' id='line_1_64' title="bbox 1152 309 2137 367; baseline 0.013 -22"><span class='ocrx_word' id='word_1_476' title='bbox 1152 309 1292 347; x_wconf 85' lang='lat' dir='ltr'><strong>fluentis</strong></span> <span class='ocrx_word' id='word_1_477' title='bbox 1323 323 1422 360; x_wconf 68' lang='lat' dir='ltr'><strong>aqua]</strong></span> <span class='ocrx_word' id='word_1_478' title='bbox 1453 324 1636 348; x_wconf 82' lang='lat' dir='ltr'><strong>murmure</strong></span> <span class='ocrx_word' id='word_1_479' title='bbox 1670 313 1809 364; x_wconf 82' lang='lat' dir='ltr'><strong>placido</strong></span> <span class='ocrx_word' id='word_1_480' title='bbox 1829 315 2018 356; x_wconf 73' lang='lat' dir='ltr'><strong>delectetur</strong></span> <span class='ocrx_word' id='word_1_481' title='bbox 2032 349 2042 367; x_wconf 94' lang='lat'><strong>,</strong></span> <span class='ocrx_word' id='word_1_482' title='bbox 2062 320 2137 358; x_wconf 77' lang='lat' dir='ltr'><strong>ficri</strong></span> 
     </span>
     <span class='ocr_line' id='line_1_65' title="bbox 1153 360 2140 422; baseline 0.013 -25"><span class='ocrx_word' id='word_1_483' title='bbox 1153 363 1273 411; x_wconf 91' lang='lat' dir='ltr'><strong>nequit</strong></span> <span class='ocrx_word' id='word_1_484' title='bbox 1296 361 1370 399; x_wconf 89' lang='lat' dir='ltr'><strong>ullo</strong></span> <span class='ocrx_word' id='word_1_485' title='bbox 1393 360 1510 410; x_wconf 88' lang='lat' dir='ltr'><strong>modo,</strong></span> <span class='ocrx_word' id='word_1_486' title='bbox 1548 363 1634 412; x_wconf 90' lang='lat' dir='ltr'><strong>quin</strong></span> <span class='ocrx_word' id='word_1_487' title='bbox 1668 365 1744 415; x_wconf 88' lang='lat' dir='ltr'><strong>ejus</strong></span> <span class='ocrx_word' id='word_1_488' title='bbox 1776 366 1917 405; x_wconf 89' lang='lat' dir='ltr'><strong>animus</strong></span> <span class='ocrx_word' id='word_1_489' title='bbox 1949 384 2140 422; x_wconf 82' lang='lat' dir='ltr'><strong>sensusque</strong></span> 
     </span>
     <span class='ocr_line' id='line_1_66' title="bbox 1153 412 2140 473; baseline 0.012 -24"><span class='ocrx_word' id='word_1_490' title='bbox 1153 412 1268 450; x_wconf 91' lang='lat' dir='ltr'><strong>omnis</strong></span> <span class='ocrx_word' id='word_1_491' title='bbox 1289 413 1334 450; x_wconf 90' lang='lat' dir='ltr'><strong>ad</strong></span> <span class='ocrx_word' id='word_1_492' title='bbox 1362 413 1621 452; x_wconf 77' lang='lat' dir='ltr'><strong>humanitatem</strong></span> <span class='ocrx_word' id='word_1_493' title='bbox 1651 415 1881 468; x_wconf 83' lang='lat' dir='ltr'>traducatur,</span> <span class='ocrx_word' id='word_1_494' title='bbox 1906 422 2140 473; x_wconf 87' lang='lat' dir='ltr'><strong>omnibusque</strong></span> 
     </span>
     <span class='ocr_line' id='line_1_67' title="bbox 1153 465 2139 521; baseline 0.011 -20"><span class='ocrx_word' id='word_1_495' title='bbox 1153 479 1227 502; x_wconf 88' lang='lat' dir='ltr'><strong>sese</strong></span> <span class='ocrx_word' id='word_1_496' title='bbox 1241 465 1422 503; x_wconf 82' lang='lat' dir='ltr'><strong>affabilem</strong></span> <span class='ocrx_word' id='word_1_497' title='bbox 1441 466 1597 518; x_wconf 61' lang='lat' dir='ltr'><strong>praebeat</strong></span> <span class='ocrx_word' id='word_1_498' title='bbox 1617 483 1624 504; x_wconf 91' lang='lat'><strong>:</strong></span> <span class='ocrx_word' id='word_1_499' title='bbox 1648 468 1697 505; x_wconf 88' lang='lat' dir='ltr'><strong>ita</strong></span> <span class='ocrx_word' id='word_1_500' title='bbox 1715 483 1778 507; x_wconf 90' lang='lat' dir='ltr'><strong>nos</strong></span> <span class='ocrx_word' id='word_1_501' title='bbox 1796 484 1936 521; x_wconf 87' lang='lat' dir='ltr'><strong>quoque</strong></span> <span class='ocrx_word' id='word_1_502' title='bbox 1948 487 1987 509; x_wconf 90' lang='lat' dir='ltr'><strong>su</strong></span> <span class='ocrx_word' id='word_1_503' title='bbox 2002 474 2139 513; x_wconf 69' lang='lat' dir='ltr'><strong>ieriori-</strong></span> 
     </span>
     <span class='ocr_line' id='line_1_68' title="bbox 1152 488 2140 573; baseline 0.01 -19"><span class='ocrx_word' id='word_1_504' title='bbox 1152 516 1220 554; x_wconf 88' lang='lat' dir='ltr'><strong>bus</strong></span> <span class='ocrx_word' id='word_1_505' title='bbox 1238 517 1364 556; x_wconf 87' lang='lat' dir='ltr'><strong>diebus</strong></span> <span class='ocrx_word' id='word_1_506' title='bbox 1381 518 1599 570; x_wconf 83' lang='lat' dir='ltr'><strong>benignitate</strong></span> <span class='ocrx_word' id='word_1_507' title='bbox 1614 521 1771 573; x_wconf 81' lang='lat' dir='ltr'><strong>Spiritus</strong></span> <span class='ocrx_word' id='word_1_508' title='bbox 1791 524 1971 570; x_wconf 86' lang='lat' dir='ltr'><strong>commoti,</strong></span> <span class='ocrx_word' id='word_1_509' title='bbox 1987 488 2032 562; x_wconf 74' lang='lat' dir='ltr'><strong>(lie</strong></span> <span class='ocrx_word' id='word_1_510' title='bbox 2054 526 2140 564; x_wconf 81' lang='lat' dir='ltr'><strong>elee-</strong></span> 
     </span>
     <span class='ocr_line' id='line_1_69' title="bbox 1154 573 2142 624; baseline 0.011 -18"><span class='ocrx_word' id='word_1_511' title='bbox 1154 583 1303 622; x_wconf 86' lang='lat' dir='ltr'><strong>mosyna</strong></span> <span class='ocrx_word' id='word_1_512' title='bbox 1336 585 1531 610; x_wconf 89' lang='lat' dir='ltr'><strong>sermonem</strong></span> <span class='ocrx_word' id='word_1_513' title='bbox 1566 573 1662 624; x_wconf 88' lang='lat' dir='ltr'><strong>apud</strong></span> <span class='ocrx_word' id='word_1_514' title='bbox 1698 588 1762 613; x_wconf 80' lang='lat' dir='ltr'><strong>vos</strong></span> <span class='ocrx_word' id='word_1_515' title='bbox 1796 574 2026 614; x_wconf 83' lang='lat' dir='ltr'><strong>habebamus.</strong></span> <span class='ocrx_word' id='word_1_516' title='bbox 2067 579 2142 617; x_wconf 78' lang='lat' dir='ltr'><strong>Ubi</strong></span> 
     </span>
     <span class='ocr_line' id='line_1_70' title="bbox 1154 623 2140 681; baseline 0.011 -23"><span class='ocrx_word' id='word_1_517' title='bbox 1154 635 1237 659; x_wconf 90' lang='lat' dir='ltr'><strong>vero</strong></span> <span class='ocrx_word' id='word_1_518' title='bbox 1265 623 1452 661; x_wconf 84' lang='lat' dir='ltr'><strong>stultitiam</strong></span> <span class='ocrx_word' id='word_1_519' title='bbox 1477 624 1628 663; x_wconf 85' lang='lat' dir='ltr'><strong>Herodis</strong></span> <span class='ocrx_word' id='word_1_520' title='bbox 1664 627 1889 678; x_wconf 83' lang='lat' dir='ltr'><strong>evangelium</strong></span> <span class='ocrx_word' id='word_1_521' title='bbox 1917 629 2140 681; x_wconf 76' lang='lat' dir='ltr'><strong>przedicavit,</strong></span> 
     </span>
     <span class='ocr_line' id='line_1_71' title="bbox 1156 675 2142 729; baseline 0.01 -18"><span class='ocrx_word' id='word_1_522' title='bbox 1156 675 1416 726; x_wconf 87' lang='lat' dir='ltr'><strong>mulierumque</strong></span> <span class='ocrx_word' id='word_1_523' title='bbox 1431 677 1679 729; x_wconf 73' lang='lat' dir='ltr'><strong>petulantiam,</strong></span> <span class='ocrx_word' id='word_1_524' title='bbox 1694 680 1901 718; x_wconf 81' lang='lat' dir='ltr'><strong>convivium</strong></span> <span class='ocrx_word' id='word_1_525' title='bbox 1912 682 2142 722; x_wconf 86' lang='lat' dir='ltr'><strong>delirantium</strong></span> 
     </span>
     <span class='ocr_line' id='line_1_72' title="bbox 1153 727 2139 786; baseline 0.007 -20"><span class='ocrx_word' id='word_1_526' title='bbox 1153 727 1325 776; x_wconf 86' lang='lat' dir='ltr'><strong>virorum,</strong></span> <span class='ocrx_word' id='word_1_527' title='bbox 1342 731 1594 768; x_wconf 79' lang='lat' dir='ltr'><strong>exsecrandam</strong></span> <span class='ocrx_word' id='word_1_528' title='bbox 1610 746 1782 783; x_wconf 89' lang='lat' dir='ltr'><strong>mensam,</strong></span> <span class='ocrx_word' id='word_1_529' title='bbox 1806 733 1941 771; x_wconf 89' lang='lat' dir='ltr'><strong>donum</strong></span> <span class='ocrx_word' id='word_1_530' title='bbox 1960 735 2139 786; x_wconf 88' lang='lat' dir='ltr'><strong>iniquum,</strong></span> 
     </span>
     <span class='ocr_line' id='line_1_73' title="bbox 1153 781 2143 837; baseline 0.01 -20"><span class='ocrx_word' id='word_1_531' title='bbox 1153 794 1241 832; x_wconf 86' lang='lat' dir='ltr'><strong>opus</strong></span> <span class='ocrx_word' id='word_1_532' title='bbox 1261 781 1449 833; x_wconf 83' lang='lat' dir='ltr'><strong>injustum,</strong></span> <span class='ocrx_word' id='word_1_533' title='bbox 1472 792 1504 820; x_wconf 91' lang='lat' dir='ltr'><strong>et</strong></span> <span class='ocrx_word' id='word_1_534' title='bbox 1522 784 1689 834; x_wconf 75' lang='lat' dir='ltr'><strong>exequias</strong></span> <span class='ocrx_word' id='word_1_535' title='bbox 1703 786 1861 837; x_wconf 85' lang='lat' dir='ltr'><strong>corporis</strong></span> <span class='ocrx_word' id='word_1_536' title='bbox 1883 788 1979 825; x_wconf 88' lang='lat' dir='ltr'><strong>omni</strong></span> <span class='ocrx_word' id='word_1_537' title='bbox 1997 802 2143 827; x_wconf 67' lang='lat' dir='ltr'><strong>venera-</strong></span> 
     </span>
     <span class='ocr_line' id='line_1_74' title="bbox 1151 833 2142 888; baseline 0.009 -18"><span class='ocrx_word' id='word_1_538' title='bbox 1151 833 1246 871; x_wconf 84' lang='lat' dir='ltr'><strong>tione</strong></span> <span class='ocrx_word' id='word_1_539' title='bbox 1266 834 1499 886; x_wconf 81' lang='lat' dir='ltr'><strong>prosequendi</strong></span> <span class='ocrx_word' id='word_1_540' title='bbox 1519 866 1527 883; x_wconf 92' lang='lat'><strong>,</strong></span> <span class='ocrx_word' id='word_1_541' title='bbox 1552 837 1693 888; x_wconf 88' lang='lat' dir='ltr'><strong>penitus</strong></span> <span class='ocrx_word' id='word_1_542' title='bbox 1712 838 1922 877; x_wconf 87' lang='lat' dir='ltr'><strong>immutatus</strong></span> <span class='ocrx_word' id='word_1_543' title='bbox 1941 854 2034 878; x_wconf 89' lang='lat' dir='ltr'><strong>sum.</strong></span> <span class='ocrx_word' id='word_1_544' title='bbox 2058 843 2142 879; x_wconf 85' lang='lat' dir='ltr'><strong>Mu—</strong></span> 
     </span>
     <span class='ocr_line' id='line_1_75' title="bbox 1151 887 2141 941; baseline 0.009 -18"><span class='ocrx_word' id='word_1_545' title='bbox 1151 894 1209 924; x_wconf 90' lang='lat' dir='ltr'><strong>tus</strong></span> <span class='ocrx_word' id='word_1_546' title='bbox 1239 887 1335 924; x_wconf 89' lang='lat' dir='ltr'><strong>enim</strong></span> <span class='ocrx_word' id='word_1_547' title='bbox 1359 888 1420 936; x_wconf 86' lang='lat' dir='ltr'><strong>fio,</strong></span> <span class='ocrx_word' id='word_1_548' title='bbox 1440 887 1677 941; x_wconf 80' lang='lat' dir='ltr'><strong>dilectissimi,</strong></span> <span class='ocrx_word' id='word_1_549' title='bbox 1695 904 1777 929; x_wconf 91' lang='lat' dir='ltr'><strong>cum</strong></span> <span class='ocrx_word' id='word_1_550' title='bbox 1794 892 1880 929; x_wconf 89' lang='lat' dir='ltr'><strong>meis</strong></span> <span class='ocrx_word' id='word_1_551' title='bbox 1908 892 2141 933; x_wconf 86' lang='lat' dir='ltr'><strong>observantur</strong></span> 
     </span>
     <span class='ocr_line' id='line_1_76' title="bbox 1151 939 2140 997; baseline 0.01 -21"><span class='ocrx_word' id='word_1_552' title='bbox 1151 939 1264 977; x_wconf 90' lang='lat' dir='ltr'><strong>oculis</strong></span> <span class='ocrx_word' id='word_1_553' title='bbox 1278 940 1456 992; x_wconf 83' lang='lat' dir='ltr'><strong>praeterita</strong></span> <span class='ocrx_word' id='word_1_554' title='bbox 1472 941 1626 981; x_wconf 79' lang='lat' dir='ltr'><strong>Herodis</strong></span> <span class='ocrx_word' id='word_1_555' title='bbox 1647 943 1753 991; x_wconf 80' lang='lat' dir='ltr'><strong>facta,</strong></span> <span class='ocrx_word' id='word_1_556' title='bbox 1771 944 1829 984; x_wconf 87' lang='lat' dir='ltr'><strong>vel</strong></span> <span class='ocrx_word' id='word_1_557' title='bbox 1849 944 1969 997; x_wconf 87' lang='lat' dir='ltr'><strong>potius</strong></span> <span class='ocrx_word' id='word_1_558' title='bbox 1979 948 2140 997; x_wconf 77' lang='lat' dir='ltr'><strong>vulnera,</strong></span> 
     </span>
     <span class='ocr_line' id='line_1_77' title="bbox 1152 991 2141 1049; baseline 0.009 -21"><span class='ocrx_word' id='word_1_559' title='bbox 1152 991 1245 1030; x_wconf 86' lang='lat' dir='ltr'><strong>unde</strong></span> <span class='ocrx_word' id='word_1_560' title='bbox 1264 1001 1336 1030; x_wconf 87' lang='lat' dir='ltr'><strong>tam</strong></span> <span class='ocrx_word' id='word_1_561' title='bbox 1366 993 1537 1032; x_wconf 86' lang='lat' dir='ltr'><strong>immania</strong></span> <span class='ocrx_word' id='word_1_562' title='bbox 1573 997 1773 1047; x_wconf 83' lang='lat' dir='ltr'><strong>spectacula</strong></span> <span class='ocrx_word' id='word_1_563' title='bbox 1804 1008 2071 1049; x_wconf 85' lang='lat' dir='ltr'><strong>consequantur.</strong></span> <span class='ocrx_word' id='word_1_564' title='bbox 2092 1003 2141 1038; x_wconf 90' lang='lat' dir='ltr'><strong>In</strong></span> 
     </span>
     <span class='ocr_line' id='line_1_78' title="bbox 1150 1045 2142 1099; baseline 0.01 -18"><span class='ocrx_word' id='word_1_565' title='bbox 1150 1045 1234 1091; x_wconf 83' lang='lat' dir='ltr'><strong>illo,</strong></span> <span class='ocrx_word' id='word_1_566' title='bbox 1257 1045 1383 1096; x_wconf 90' lang='lat' dir='ltr'><strong>inquit,</strong></span> <span class='ocrx_word' id='word_1_567' title='bbox 1401 1055 1567 1099; x_wconf 85' lang='lat' dir='ltr'><strong>tempore</strong></span> <span class='ocrx_word' id='word_1_568' title='bbox 1588 1050 1739 1087; x_wconf 70' lang='lat' dir='ltr'><strong>audivit</strong></span> <span class='ocrx_word' id='word_1_569' title='bbox 1755 1052 1930 1089; x_wconf 78' lang='lat' dir='ltr'><strong>Herodes</strong></span> <span class='ocrx_word' id='word_1_570' title='bbox 1945 1055 2142 1092; x_wconf 79' lang='lat' dir='ltr'><strong>tetrarcha</strong></span> 
     </span>
     <span class='ocr_line' id='line_1_79' title="bbox 1146 1099 2141 1152; baseline 0.01 -19"><span class='ocrx_word' id='word_1_571' title='bbox 1146 1099 1301 1149; x_wconf 87' lang='lat' dir='ltr'><strong>famam</strong></span> <span class='ocrx_word' id='word_1_572' title='bbox 1315 1100 1425 1146; x_wconf 81' lang='lat' dir='ltr'><strong>Jeszc,</strong></span> <span class='ocrx_word' id='word_1_573' title='bbox 1444 1109 1480 1137; x_wconf 82' lang='lat' dir='ltr'><strong>et</strong></span> <span class='ocrx_word' id='word_1_574' title='bbox 1496 1103 1553 1138; x_wconf 83' lang='lat' dir='ltr'><strong>ait</strong></span> <span class='ocrx_word' id='word_1_575' title='bbox 1571 1105 1700 1152; x_wconf 78' lang='lat' dir='ltr'><strong>pueris</strong></span> <span class='ocrx_word' id='word_1_576' title='bbox 1715 1106 1793 1141; x_wconf 81' lang='lat' dir='ltr'><strong>suis</strong></span> <span class='ocrx_word' id='word_1_577' title='bbox 1812 1120 1821 1140; x_wconf 90' lang='grc'><strong>.·</strong></span> <span class='ocrx_word' id='word_1_578' title='bbox 1848 1106 1925 1141; x_wconf 81' lang='lat' dir='ltr'><strong>Hic</strong></span> <span class='ocrx_word' id='word_1_579' title='bbox 1941 1114 1997 1142; x_wconf 83' lang='lat' dir='ltr'><strong>est</strong></span> <span class='ocrx_word' id='word_1_580' title='bbox 2017 1107 2141 1143; x_wconf 88' lang='lat' dir='ltr'><strong>Joan-</strong></span> 
     </span>
     <span class='ocr_line' id='line_1_80' title="bbox 1153 1153 2143 1209; baseline 0.01 -22"><span class='ocrx_word' id='word_1_581' title='bbox 1153 1164 1217 1188; x_wconf 81' lang='lat' dir='ltr'><strong>nes</strong></span> <span class='ocrx_word' id='word_1_582' title='bbox 1251 1153 1446 1203; x_wconf 76' lang='lat' dir='ltr'><strong>Baptista,</strong></span> <span class='ocrx_word' id='word_1_583' title='bbox 1471 1167 1583 1205; x_wconf 82' lang='lat' dir='ltr'><strong>quem</strong></span> <span class='ocrx_word' id='word_1_584' title='bbox 1602 1168 1669 1206; x_wconf 81' lang='lat' dir='ltr'><strong>ego</strong></span> <span class='ocrx_word' id='word_1_585' title='bbox 1703 1156 1897 1194; x_wconf 71' lang='lat' dir='ltr'><strong>decollavi</strong></span> <span class='ocrx_word' id='word_1_586' title='bbox 1911 1173 1926 1202; x_wconf 83' lang='lat'><strong>,·</strong></span> <span class='ocrx_word' id='word_1_587' title='bbox 1956 1160 2036 1209; x_wconf 82' lang='lat' dir='ltr'><strong>ipse</strong></span> <span class='ocrx_word' id='word_1_588' title='bbox 2059 1173 2143 1197; x_wconf 79' lang='lat' dir='ltr'><strong>sur-</strong></span> 
     </span>
     <span class='ocr_line' id='line_1_81' title="bbox 1151 1206 2142 1261; baseline 0.011 -22"><span class='ocrx_word' id='word_1_589' title='bbox 1151 1206 1251 1240; x_wconf 76' lang='lat' dir='ltr'><strong>rexit</strong></span> <span class='ocrx_word' id='word_1_590' title='bbox 1279 1218 1303 1241; x_wconf 90' lang='lat' dir='ltr'><strong>a</strong></span> <span class='ocrx_word' id='word_1_591' title='bbox 1331 1208 1507 1255; x_wconf 77' lang='lat' dir='ltr'><strong>mortuis,</strong></span> <span class='ocrx_word' id='word_1_592' title='bbox 1523 1215 1561 1243; x_wconf 86' lang='lat' dir='ltr'><strong>et</strong></span> <span class='ocrx_word' id='word_1_593' title='bbox 1583 1209 1668 1244; x_wconf 80' lang='lat' dir='ltr'><strong>ideo</strong></span> <span class='ocrx_word' id='word_1_594' title='bbox 1688 1211 1844 1248; x_wconf 73' lang='lat' dir='ltr'><strong>virtutes</strong></span> <span class='ocrx_word' id='word_1_595' title='bbox 1872 1220 2082 1261; x_wconf 76' lang='lat' dir='ltr'><strong>operantur</strong></span> <span class='ocrx_word' id='word_1_596' title='bbox 2099 1215 2142 1250; x_wconf 85' lang='grc' dir='ltr'><strong>ίη</strong></span> 
     </span>
     <span class='ocr_line' id='line_1_82' title="bbox 1150 1255 2141 1315; baseline 0.009 -22"><span class='ocrx_word' id='word_1_597' title='bbox 1150 1269 1207 1293; x_wconf 82' lang='lat' dir='ltr'><strong>eo.</strong></span> <span class='ocrx_word' id='word_1_598' title='bbox 1232 1255 1432 1295; x_wconf 87' lang='lat' dir='ltr'><strong>Confitetur</strong></span> <span class='ocrx_word' id='word_1_599' title='bbox 1451 1258 1582 1296; x_wconf 78' lang='lat' dir='ltr'><strong>caedeni</strong></span> <span class='ocrx_word' id='word_1_600' title='bbox 1594 1261 1789 1312; x_wconf 85' lang='lat' dir='ltr'><strong>prophetae,</strong></span> <span class='ocrx_word' id='word_1_601' title='bbox 1800 1276 1907 1313; x_wconf 89' lang='lat' dir='ltr'><strong>quam</strong></span> <span class='ocrx_word' id='word_1_602' title='bbox 1927 1277 2053 1315; x_wconf 84' lang='lat' dir='ltr'><strong>negare</strong></span> <span class='ocrx_word' id='word_1_603' title='bbox 2070 1279 2141 1303; x_wconf 91' lang='lat' dir='ltr'><strong>non</strong></span> 
     </span>
     <span class='ocr_line' id='line_1_83' title="bbox 1151 1312 2140 1367; baseline 0.011 -22"><span class='ocrx_word' id='word_1_604' title='bbox 1151 1317 1288 1360; x_wconf 89' lang='lat' dir='ltr'><strong>potest,</strong></span> <span class='ocrx_word' id='word_1_605' title='bbox 1315 1319 1348 1347; x_wconf 91' lang='lat' dir='ltr'><strong>et</strong></span> <span class='ocrx_word' id='word_1_606' title='bbox 1360 1340 1372 1359; x_wconf 92' lang='lat'><strong>,</strong></span> <span class='ocrx_word' id='word_1_607' title='bbox 1395 1325 1500 1361; x_wconf 88' lang='lat' dir='ltr'><strong>quem</strong></span> <span class='ocrx_word' id='word_1_608' title='bbox 1532 1312 1681 1362; x_wconf 79' lang='lat' dir='ltr'><strong>occidit,</strong></span> <span class='ocrx_word' id='word_1_609' title='bbox 1702 1315 1802 1353; x_wconf 75' lang='lat' dir='ltr'><strong>novit</strong></span> <span class='ocrx_word' id='word_1_610' title='bbox 1821 1315 2033 1367; x_wconf 87' lang='lat' dir='ltr'><strong>prophetam</strong></span> <span class='ocrx_word' id='word_1_611' title='bbox 2055 1331 2140 1367; x_wconf 91' lang='lat' dir='ltr'><strong>esse,</strong></span> 
     </span>
     <span class='ocr_line' id='line_1_84' title="bbox 1149 1361 2141 1418; baseline 0.011 -21"><span class='ocrx_word' id='word_1_612' title='bbox 1149 1361 1340 1412; x_wconf 79' lang='lat' dir='ltr'><strong>virumque</strong></span> <span class='ocrx_word' id='word_1_613' title='bbox 1357 1363 1507 1414; x_wconf 87' lang='lat' dir='ltr'><strong>justum.</strong></span> <span class='ocrx_word' id='word_1_614' title='bbox 1528 1365 1606 1403; x_wconf 85' lang='lat' dir='ltr'><strong>Nisi</strong></span> <span class='ocrx_word' id='word_1_615' title='bbox 1625 1366 1720 1404; x_wconf 88' lang='lat' dir='ltr'><strong>enim</strong></span> <span class='ocrx_word' id='word_1_616' title='bbox 1742 1377 1873 1418; x_wconf 90' lang='lat' dir='ltr'><strong>nosset,</strong></span> <span class='ocrx_word' id='word_1_617' title='bbox 1903 1368 2001 1407; x_wconf 88' lang='lat' dir='ltr'><strong>haud</strong></span> <span class='ocrx_word' id='word_1_618' title='bbox 2037 1370 2141 1409; x_wconf 89' lang='lat' dir='ltr'><strong>illum</strong></span> 
     </span>
     <span class='ocr_line' id='line_1_85' title="bbox 1149 1412 2141 1472; baseline 0.011 -22"><span class='ocrx_word' id='word_1_619' title='bbox 1149 1412 1281 1452; x_wconf 86' lang='lat' dir='ltr'><strong>diceret</strong></span> <span class='ocrx_word' id='word_1_620' title='bbox 1312 1429 1332 1452; x_wconf 90' lang='lat' dir='ltr'><strong>a</strong></span> <span class='ocrx_word' id='word_1_621' title='bbox 1364 1417 1513 1454; x_wconf 86' lang='lat' dir='ltr'><strong>mortuis</strong></span> <span class='ocrx_word' id='word_1_622' title='bbox 1547 1419 1744 1457; x_wconf 72' lang='lat' dir='ltr'><strong>surrexisse</strong></span> <span class='ocrx_word' id='word_1_623' title='bbox 1762 1450 1772 1469; x_wconf 92' lang='lat'><strong>,</strong></span> <span class='ocrx_word' id='word_1_624' title='bbox 1805 1420 1953 1472; x_wconf 90' lang='lat' dir='ltr'><strong>ideoque</strong></span> <span class='ocrx_word' id='word_1_625' title='bbox 1990 1421 2141 1461; x_wconf 81' lang='lat' dir='ltr'><strong>virtutes</strong></span> 
     </span>
     <span class='ocr_line' id='line_1_86' title="bbox 1149 1467 2140 1526; baseline 0.012 -24"><span class='ocrx_word' id='word_1_626' title='bbox 1149 1467 1289 1518; x_wconf 85' lang='lat' dir='ltr'><strong>operari</strong></span> <span class='ocrx_word' id='word_1_627' title='bbox 1307 1467 1343 1504; x_wconf 91' lang='lat' dir='ltr'><strong>in</strong></span> <span class='ocrx_word' id='word_1_628' title='bbox 1360 1482 1410 1505; x_wconf 89' lang='lat' dir='ltr'><strong>eo.</strong></span> <span class='ocrx_word' id='word_1_629' title='bbox 1428 1469 1459 1506; x_wconf 94' lang='lat' dir='ltr'>O</span> <span class='ocrx_word' id='word_1_630' title='bbox 1475 1470 1677 1521; x_wconf 88' lang='lat' dir='ltr'><strong>improbam</strong></span> <span class='ocrx_word' id='word_1_631' title='bbox 1693 1473 1964 1514; x_wconf 78' lang='lat' dir='ltr'><strong>conscientiam!</strong></span> <span class='ocrx_word' id='word_1_632' title='bbox 1988 1475 2023 1512; x_wconf 92' lang='lat' dir='ltr'><strong>in</strong></span> <span class='ocrx_word' id='word_1_633' title='bbox 2043 1476 2140 1526; x_wconf 88' lang='lat' dir='ltr'><strong>quali</strong></span> 
     </span>
     <span class='ocr_line' id='line_1_87' title="bbox 1150 1518 2138 1578; baseline 0.012 -23"><span class='ocrx_word' id='word_1_634' title='bbox 1150 1518 1245 1556; x_wconf 84' lang='lat' dir='ltr'><strong>caede</strong></span> <span class='ocrx_word' id='word_1_635' title='bbox 1265 1520 1507 1559; x_wconf 88' lang='lat' dir='ltr'><strong>testimonium</strong></span> <span class='ocrx_word' id='word_1_636' title='bbox 1526 1523 1562 1559; x_wconf 91' lang='lat' dir='ltr'><strong>in</strong></span> <span class='ocrx_word' id='word_1_637' title='bbox 1584 1537 1621 1560; x_wconf 91' lang='lat' dir='ltr'><strong>se</strong></span> <span class='ocrx_word' id='word_1_638' title='bbox 1639 1523 1751 1564; x_wconf 73' lang='lat' dir='ltr'><strong>dicit!</strong></span> <span class='ocrx_word' id='word_1_639' title='bbox 1778 1539 1798 1562; x_wconf 92' lang='grc' dir='ltr'>ο</span> <span class='ocrx_word' id='word_1_640' title='bbox 1818 1526 2018 1578; x_wconf 86' lang='lat' dir='ltr'><strong>improbam</strong></span> <span class='ocrx_word' id='word_1_641' title='bbox 2052 1542 2138 1566; x_wconf 89' lang='lat' dir='ltr'><strong>con-</strong></span> 
     </span>
     <span class='ocr_line' id='line_1_88' title="bbox 1148 1571 2140 1631; baseline 0.012 -23"><span class='ocrx_word' id='word_1_642' title='bbox 1148 1571 1344 1623; x_wconf 70' lang='lat' dir='ltr'><strong>scientiam,</strong></span> <span class='ocrx_word' id='word_1_643' title='bbox 1372 1586 1450 1624; x_wconf 83' lang='lat' dir='ltr'><strong>quae</strong></span> <span class='ocrx_word' id='word_1_644' title='bbox 1485 1589 1566 1613; x_wconf 90' lang='lat' dir='ltr'><strong>cum</strong></span> <span class='ocrx_word' id='word_1_645' title='bbox 1603 1575 1720 1614; x_wconf 89' lang='lat' dir='ltr'><strong>anima</strong></span> <span class='ocrx_word' id='word_1_646' title='bbox 1753 1592 1918 1629; x_wconf 79' lang='lat' dir='ltr'><strong>perversa</strong></span> <span class='ocrx_word' id='word_1_647' title='bbox 1952 1594 2063 1631; x_wconf 89' lang='lat' dir='ltr'><strong>usque</strong></span> <span class='ocrx_word' id='word_1_648' title='bbox 2092 1582 2140 1620; x_wconf 87' lang='lat' dir='ltr'><strong>ad</strong></span> 
     </span>
     <span class='ocr_line' id='line_1_89' title="bbox 1148 1625 2140 1683; baseline 0.011 -22"><span class='ocrx_word' id='word_1_649' title='bbox 1148 1634 1297 1662; x_wconf 86' lang='lat' dir='ltr'><strong>mortem</strong></span> <span class='ocrx_word' id='word_1_650' title='bbox 1328 1625 1454 1665; x_wconf 80' lang='lat' dir='ltr'><strong>vivens</strong></span> <span class='ocrx_word' id='word_1_651' title='bbox 1474 1627 1645 1679; x_wconf 86' lang='lat' dir='ltr'><strong>illamque</strong></span> <span class='ocrx_word' id='word_1_652' title='bbox 1671 1631 1847 1680; x_wconf 86' lang='lat' dir='ltr'><strong>crucians,</strong></span> <span class='ocrx_word' id='word_1_653' title='bbox 1882 1642 1959 1683; x_wconf 87' lang='lat' dir='ltr'><strong>post</strong></span> <span class='ocrx_word' id='word_1_654' title='bbox 1991 1643 2140 1672; x_wconf 87' lang='lat' dir='ltr'><strong>mortem</strong></span> 
     </span>
     <span class='ocr_line' id='line_1_90' title="bbox 1146 1676 2140 1732; baseline 0.01 -17"><span class='ocrx_word' id='word_1_655' title='bbox 1146 1676 1253 1715; x_wconf 90' lang='lat' dir='ltr'><strong>etiam</strong></span> <span class='ocrx_word' id='word_1_656' title='bbox 1272 1678 1548 1731; x_wconf 79' lang='lat' dir='ltr'><strong>implacabiliter</strong></span> <span class='ocrx_word' id='word_1_657' title='bbox 1562 1690 1712 1732; x_wconf 88' lang='lat' dir='ltr'><strong>torquet.</strong></span> <span class='ocrx_word' id='word_1_658' title='bbox 1737 1683 1857 1729; x_wconf 86' lang='lat' dir='ltr'><strong>Quam</strong></span> <span class='ocrx_word' id='word_1_659' title='bbox 1876 1699 1960 1723; x_wconf 90' lang='lat' dir='ltr'><strong>vero</strong></span> <span class='ocrx_word' id='word_1_660' title='bbox 1982 1686 2027 1723; x_wconf 86' lang='lat' dir='ltr'><strong>ob</strong></span> <span class='ocrx_word' id='word_1_661' title='bbox 2058 1701 2140 1724; x_wconf 73' lang='lat' dir='ltr'><strong>(tau-</strong></span> 
     </span>
     <span class='ocr_line' id='line_1_91' title="bbox 1146 1732 2140 1789; baseline 0.011 -22"><span class='ocrx_word' id='word_1_662' title='bbox 1146 1743 1223 1767; x_wconf 84' lang='lat' dir='ltr'><strong>sam</strong></span> <span class='ocrx_word' id='word_1_663' title='bbox 1240 1732 1452 1784; x_wconf 85' lang='lat' dir='ltr'><strong>prophetam</strong></span> <span class='ocrx_word' id='word_1_664' title='bbox 1463 1733 1621 1772; x_wconf 76' lang='lat' dir='ltr'><strong>occidit?</strong></span> <span class='ocrx_word' id='word_1_665' title='bbox 1642 1735 1820 1781; x_wconf 87' lang='lat' dir='ltr'><strong>Quoniam</strong></span> <span class='ocrx_word' id='word_1_666' title='bbox 1840 1751 1956 1789; x_wconf 81' lang='lat' dir='ltr'><strong>praeco</strong></span> <span class='ocrx_word' id='word_1_667' title='bbox 1978 1739 2140 1778; x_wconf 82' lang='lat' dir='ltr'><strong>veritatis</strong></span> 
     </span>
     <span class='ocr_line' id='line_1_92' title="bbox 1146 1785 2139 1842; baseline 0.012 -23"><span class='ocrx_word' id='word_1_668' title='bbox 1146 1792 1234 1833; x_wconf 88' lang='lat' dir='ltr'><strong>erat,</strong></span> <span class='ocrx_word' id='word_1_669' title='bbox 1260 1793 1294 1822; x_wconf 90' lang='lat' dir='ltr'><strong>et</strong></span> <span class='ocrx_word' id='word_1_670' title='bbox 1316 1785 1483 1837; x_wconf 87' lang='lat' dir='ltr'><strong>injustam</strong></span> <span class='ocrx_word' id='word_1_671' title='bbox 1503 1787 1579 1839; x_wconf 83' lang='lat' dir='ltr'><strong>ejus</strong></span> <span class='ocrx_word' id='word_1_672' title='bbox 1609 1788 1783 1828; x_wconf 86' lang='lat' dir='ltr'><strong>actionem</strong></span> <span class='ocrx_word' id='word_1_673' title='bbox 1808 1790 1982 1842; x_wconf 89' lang='lat' dir='ltr'><strong>impedire</strong></span> <span class='ocrx_word' id='word_1_674' title='bbox 2003 1806 2066 1829; x_wconf 90' lang='lat' dir='ltr'><strong>sua</strong></span> <span class='ocrx_word' id='word_1_675' title='bbox 2085 1808 2139 1831; x_wconf 85' lang='lat' dir='ltr'><strong>re-</strong></span> 
     </span>
     <span class='ocr_line' id='line_1_93' title="bbox 1146 1836 2139 1898; baseline 0.012 -26"><span class='ocrx_word' id='word_1_676' title='bbox 1146 1836 1380 1887; x_wconf 88' lang='lat' dir='ltr'><strong>prehensione</strong></span> <span class='ocrx_word' id='word_1_677' title='bbox 1395 1839 1629 1879; x_wconf 85' lang='lat' dir='ltr'><strong>contendebat</strong></span> <span class='ocrx_word' id='word_1_678' title='bbox 1645 1857 1652 1877; x_wconf 93' lang='lat'>:</span> <span class='ocrx_word' id='word_1_679' title='bbox 1674 1851 1707 1880; x_wconf 89' lang='lat' dir='ltr'><strong>et</strong></span> <span class='ocrx_word' id='word_1_680' title='bbox 1721 1857 1827 1893; x_wconf 90' lang='lat' dir='ltr'><strong>quem</strong></span> <span class='ocrx_word' id='word_1_681' title='bbox 1840 1852 1879 1881; x_wconf 91' lang='lat' dir='ltr'><strong>ut</strong></span> <span class='ocrx_word' id='word_1_682' title='bbox 1894 1858 2014 1896; x_wconf 84' lang='lat' dir='ltr'><strong>regem</strong></span> <span class='ocrx_word' id='word_1_683' title='bbox 2033 1859 2139 1898; x_wconf 88' lang='lat' dir='ltr'><strong>opor-</strong></span> 
     </span>
     <span class='ocr_line' id='line_1_94' title="bbox 1146 1889 2139 1949; baseline 0.012 -24"><span class='ocrx_word' id='word_1_684' title='bbox 1146 1889 1243 1926; x_wconf 87' lang='lat' dir='ltr'><strong>tebat</strong></span> <span class='ocrx_word' id='word_1_685' title='bbox 1261 1891 1511 1930; x_wconf 87' lang='lat' dir='ltr'><strong>mandatorum</strong></span> <span class='ocrx_word' id='word_1_686' title='bbox 1528 1894 1595 1931; x_wconf 82' lang='lat' dir='ltr'><strong>Dei</strong></span> <span class='ocrx_word' id='word_1_687' title='bbox 1617 1908 1690 1933; x_wconf 85' lang='lat' dir='ltr'><strong>esse</strong></span> <span class='ocrx_word' id='word_1_688' title='bbox 1718 1896 1914 1946; x_wconf 89' lang='lat' dir='ltr'><strong>custodem,</strong></span> <span class='ocrx_word' id='word_1_689' title='bbox 1939 1898 2015 1949; x_wconf 89' lang='lat' dir='ltr'><strong>ipse</strong></span> <span class='ocrx_word' id='word_1_690' title='bbox 2037 1897 2139 1937; x_wconf 90' lang='lat' dir='ltr'><strong>indo-</strong></span> 
     </span>
     <span class='ocr_line' id='line_1_95' title="bbox 1147 1941 2140 2000; baseline 0.012 -22"><span class='ocrx_word' id='word_1_691' title='bbox 1147 1941 1234 1980; x_wconf 88' lang='lat' dir='ltr'><strong>mita</strong></span> <span class='ocrx_word' id='word_1_692' title='bbox 1266 1943 1493 1996; x_wconf 74' lang='lat' dir='ltr'><strong>voluptatum</strong></span> <span class='ocrx_word' id='word_1_693' title='bbox 1514 1947 1711 1998; x_wconf 86' lang='lat' dir='ltr'><strong>petulantia</strong></span> <span class='ocrx_word' id='word_1_694' title='bbox 1730 1948 1824 2000; x_wconf 83' lang='lat' dir='ltr'><strong>leges</strong></span> <span class='ocrx_word' id='word_1_695' title='bbox 1856 1950 2026 1989; x_wconf 81' lang='lat' dir='ltr'><strong>violabat.</strong></span> <span class='ocrx_word' id='word_1_696' title='bbox 2060 1952 2140 1990; x_wconf 77' lang='lat' dir='ltr'><strong>Rex</strong></span> 
     </span>
     <span class='ocr_line' id='line_1_96' title="bbox 1147 1995 2138 2055; baseline 0.012 -24"><span class='ocrx_word' id='word_1_697' title='bbox 1147 1995 1280 2047; x_wconf 86' lang='lat' dir='ltr'><strong>quippe</strong></span> <span class='ocrx_word' id='word_1_698' title='bbox 1299 1996 1358 2034; x_wconf 86' lang='lat' dir='ltr'><strong>ille</strong></span> <span class='ocrx_word' id='word_1_699' title='bbox 1377 2005 1430 2034; x_wconf 85' lang='lat' dir='ltr'><strong>est</strong></span> <span class='ocrx_word' id='word_1_700' title='bbox 1440 2027 1452 2047; x_wconf 96' lang='lat'><strong>,</strong></span> <span class='ocrx_word' id='word_1_701' title='bbox 1488 1998 1550 2048; x_wconf 91' lang='lat' dir='ltr'><strong>qui</strong></span> <span class='ocrx_word' id='word_1_702' title='bbox 1565 1999 1679 2050; x_wconf 82' lang='lat' dir='ltr'><strong>justas</strong></span> <span class='ocrx_word' id='word_1_703' title='bbox 1712 2002 1779 2039; x_wconf 86' lang='lat' dir='ltr'><strong>fert</strong></span> <span class='ocrx_word' id='word_1_704' title='bbox 1791 2002 1899 2053; x_wconf 82' lang='lat' dir='ltr'><strong>leges,</strong></span> <span class='ocrx_word' id='word_1_705' title='bbox 1928 2004 2138 2055; x_wconf 85' lang='lat' dir='ltr'><strong>primusque</strong></span> 
     </span>
     <span class='ocr_line' id='line_1_97' title="bbox 1146 2048 2135 2102; baseline 0.011 -18"><span class='ocrx_word' id='word_1_706' title='bbox 1146 2048 1233 2098; x_wconf 82' lang='lat' dir='ltr'><strong>agit,</strong></span> <span class='ocrx_word' id='word_1_707' title='bbox 1253 2062 1317 2086; x_wconf 87' lang='lat' dir='ltr'><strong>nec</strong></span> <span class='ocrx_word' id='word_1_708' title='bbox 1347 2063 1404 2087; x_wconf 89' lang='lat' dir='ltr'><strong>eas</strong></span> <span class='ocrx_word' id='word_1_709' title='bbox 1424 2051 1695 2102; x_wconf 83' lang='lat' dir='ltr'><strong>transgreditur.</strong></span> <span class='ocrx_word' id='word_1_710' title='bbox 1713 2054 1903 2100; x_wconf 88' lang='lat' dir='ltr'><strong>Quomodo</strong></span> <span class='ocrx_word' id='word_1_711' title='bbox 1922 2056 2016 2094; x_wconf 88' lang='lat' dir='ltr'><strong>enim</strong></span> <span class='ocrx_word' id='word_1_712' title='bbox 2044 2057 2135 2095; x_wconf 90' lang='lat' dir='ltr'><strong>alio-</strong></span> 
     </span>
     <span class='ocr_line' id='line_1_98' title="bbox 1146 2100 2135 2161; baseline 0.011 -25"><span class='ocrx_word' id='word_1_713' title='bbox 1146 2100 1232 2150; x_wconf 90' lang='lat' dir='ltr'><strong>quin</strong></span> <span class='ocrx_word' id='word_1_714' title='bbox 1252 2101 1320 2139; x_wconf 87' lang='lat' dir='ltr'><strong>sibi</strong></span> <span class='ocrx_word' id='word_1_715' title='bbox 1347 2102 1510 2141; x_wconf 86' lang='lat' dir='ltr'><strong>subditas</strong></span> <span class='ocrx_word' id='word_1_716' title='bbox 1530 2114 1648 2155; x_wconf 85' lang='lat' dir='ltr'><strong>gentes</strong></span> <span class='ocrx_word' id='word_1_717' title='bbox 1673 2115 1768 2145; x_wconf 82' lang='lat' dir='ltr'><strong>recto</strong></span> <span class='ocrx_word' id='word_1_718' title='bbox 1791 2107 1916 2145; x_wconf 90' lang='lat' dir='ltr'><strong>ordine</strong></span> <span class='ocrx_word' id='word_1_719' title='bbox 1935 2119 2135 2161; x_wconf 87' lang='lat' dir='ltr'><strong>componet,</strong></span> 
     </span>
     <span class='ocr_line' id='line_1_99' title="bbox 1146 2152 2137 2211; baseline 0.012 -22"><span class='ocrx_word' id='word_1_720' title='bbox 1146 2152 1216 2191; x_wconf 91' lang='lat' dir='ltr'><strong>nisi</strong></span> <span class='ocrx_word' id='word_1_721' title='bbox 1232 2154 1341 2205; x_wconf 85' lang='lat' dir='ltr'><strong>justis</strong></span> <span class='ocrx_word' id='word_1_722' title='bbox 1359 2155 1500 2206; x_wconf 86' lang='lat' dir='ltr'><strong>legibus</strong></span> <span class='ocrx_word' id='word_1_723' title='bbox 1517 2158 1616 2207; x_wconf 86' lang='lat' dir='ltr'><strong>quasi</strong></span> <span class='ocrx_word' id='word_1_724' title='bbox 1633 2158 1741 2197; x_wconf 86' lang='lat' dir='ltr'><strong>frenis</strong></span> <span class='ocrx_word' id='word_1_725' title='bbox 1755 2160 1924 2211; x_wconf 82' lang='lat' dir='ltr'><strong>pervicax</strong></span> <span class='ocrx_word' id='word_1_726' title='bbox 1940 2171 1973 2199; x_wconf 85' lang='lat' dir='ltr'><strong>et</strong></span> <span class='ocrx_word' id='word_1_727' title='bbox 1983 2161 2137 2201; x_wconf 88' lang='lat' dir='ltr'><strong>insolens</strong></span> 
     </span>
     <span class='ocr_line' id='line_1_100' title="bbox 1146 2207 2135 2261; baseline 0.011 -19"><span class='ocrx_word' id='word_1_728' title='bbox 1146 2219 1257 2257; x_wconf 86' lang='lat' dir='ltr'><strong>genus</strong></span> <span class='ocrx_word' id='word_1_729' title='bbox 1275 2207 1464 2245; x_wconf 88' lang='lat' dir='ltr'><strong>hominum</strong></span> <span class='ocrx_word' id='word_1_730' title='bbox 1493 2219 1592 2261; x_wconf 82' lang='lat' dir='ltr'><strong>regat</strong></span> <span class='ocrx_word' id='word_1_731' title='bbox 1607 2211 1625 2248; x_wconf 74' lang='grc' dir='ltr'>Ρ</span> <span class='ocrx_word' id='word_1_732' title='bbox 1645 2212 1801 2250; x_wconf 86' lang='lat' dir='ltr'><strong>Herodes</strong></span> <span class='ocrx_word' id='word_1_733' title='bbox 1820 2222 1938 2251; x_wconf 89' lang='lat' dir='ltr'><strong>autem</strong></span> <span class='ocrx_word' id='word_1_734' title='bbox 1973 2228 2038 2252; x_wconf 82' lang='lat' dir='ltr'><strong>rex</strong></span> <span class='ocrx_word' id='word_1_735' title='bbox 2066 2229 2135 2253; x_wconf 90' lang='lat' dir='ltr'><strong>non</strong></span> 
     </span>
     <span class='ocr_line' id='line_1_101' title="bbox 1146 2259 2135 2318; baseline 0.01 -22"><span class='ocrx_word' id='word_1_736' title='bbox 1146 2259 1373 2312; x_wconf 85' lang='lat' dir='ltr'><strong>populorum,</strong></span> <span class='ocrx_word' id='word_1_737' title='bbox 1405 2261 1467 2299; x_wconf 89' lang='lat' dir='ltr'><strong>sed</strong></span> <span class='ocrx_word' id='word_1_738' title='bbox 1503 2263 1730 2315; x_wconf 82' lang='lat' dir='ltr'><strong>voluptatum</strong></span> <span class='ocrx_word' id='word_1_739' title='bbox 1742 2296 1753 2316; x_wconf 92' lang='lat'><strong>,</strong></span> <span class='ocrx_word' id='word_1_740' title='bbox 1775 2266 1833 2304; x_wconf 84' lang='lat' dir='ltr'><strong>vel</strong></span> <span class='ocrx_word' id='word_1_741' title='bbox 1860 2267 1980 2318; x_wconf 86' lang='lat' dir='ltr'><strong>potius</strong></span> <span class='ocrx_word' id='word_1_742' title='bbox 2011 2281 2135 2306; x_wconf 81' lang='lat' dir='ltr'><strong>servus</strong></span> 
     </span>
     <span class='ocr_line' id='line_1_102' title="bbox 1146 2313 2134 2371; baseline 0.009 -22"><span class='ocrx_word' id='word_1_743' title='bbox 1146 2313 1351 2351; x_wconf 81' lang='lat' dir='ltr'><strong>earumdem</strong></span> <span class='ocrx_word' id='word_1_744' title='bbox 1369 2317 1466 2362; x_wconf 88' lang='lat' dir='ltr'><strong>(nam</strong></span> <span class='ocrx_word' id='word_1_745' title='bbox 1481 2315 1524 2352; x_wconf 86' lang='lat' dir='ltr'><em>A</em></span> <span class='ocrx_word' id='word_1_746' title='bbox 1544 2330 1619 2368; x_wconf 80' lang='lat' dir='ltr'><strong>quo</strong></span> <span class='ocrx_word' id='word_1_747' title='bbox 1640 2321 1727 2370; x_wconf 78' lang='lat' dir='ltr'><strong>quis</strong></span> <span class='ocrx_word' id='word_1_748' title='bbox 1746 2328 1947 2371; x_wconf 80' lang='lat' dir='ltr'><strong>superatus</strong></span> <span class='ocrx_word' id='word_1_749' title='bbox 1971 2329 2039 2366; x_wconf 81' lang='lat' dir='ltr'><strong>est,</strong></span> <span class='ocrx_word' id='word_1_750' title='bbox 2063 2322 2134 2358; x_wconf 83' lang='grc' dir='ltr'>Ιιιι-</span> 
     </span>
     <span class='ocr_line' id='line_1_103' title="bbox 1144 2367 2133 2424; baseline 0.009 -22"><span class='ocrx_word' id='word_1_751' title='bbox 1144 2367 1206 2414; x_wconf 80' lang='lat' dir='ltr'><strong>jus</strong></span> <span class='ocrx_word' id='word_1_752' title='bbox 1226 2374 1262 2404; x_wconf 83' lang='lat' dir='ltr'><strong>et</strong></span> <span class='ocrx_word' id='word_1_753' title='bbox 1280 2380 1410 2405; x_wconf 77' lang='lat' dir='ltr'><strong>servus</strong></span> <span class='ocrx_word' id='word_1_754' title='bbox 1426 2372 1510 2417; x_wconf 82' lang='lat' dir='ltr'><strong>est),</strong></span> <span class='ocrx_word' id='word_1_755' title='bbox 1534 2382 1603 2406; x_wconf 91' lang='lat' dir='ltr'><strong>non</strong></span> <span class='ocrx_word' id='word_1_756' title='bbox 1623 2370 1729 2408; x_wconf 89' lang='lat' dir='ltr'><strong>modo</strong></span> <span class='ocrx_word' id='word_1_757' title='bbox 1744 2372 1838 2422; x_wconf 83' lang='lat' dir='ltr'><strong>leges</strong></span> <span class='ocrx_word' id='word_1_758' title='bbox 1858 2372 1924 2409; x_wconf 91' lang='lat' dir='ltr'><strong>Dei</strong></span> <span class='ocrx_word' id='word_1_759' title='bbox 1939 2381 2133 2424; x_wconf 85' lang='lat' dir='ltr'><strong>transgres-</strong></span> 
     </span>
     <span class='ocr_line' id='line_1_104' title="bbox 1146 2419 2132 2476; baseline 0.01 -22"><span class='ocrx_word' id='word_1_760' title='bbox 1146 2431 1206 2455; x_wconf 90' lang='lat' dir='ltr'><strong>sus</strong></span> <span class='ocrx_word' id='word_1_761' title='bbox 1229 2427 1294 2468; x_wconf 89' lang='lat' dir='ltr'><strong>est,</strong></span> <span class='ocrx_word' id='word_1_762' title='bbox 1316 2419 1377 2457; x_wconf 89' lang='lat' dir='ltr'><strong>sed</strong></span> <span class='ocrx_word' id='word_1_763' title='bbox 1398 2430 1431 2457; x_wconf 90' lang='lat' dir='ltr'><strong>et</strong></span> <span class='ocrx_word' id='word_1_764' title='bbox 1450 2421 1582 2458; x_wconf 81' lang='lat' dir='ltr'><strong>caedem</strong></span> <span class='ocrx_word' id='word_1_765' title='bbox 1612 2422 1730 2473; x_wconf 91' lang='lat' dir='ltr'><strong>inique</strong></span> <span class='ocrx_word' id='word_1_766' title='bbox 1761 2425 1989 2476; x_wconf 85' lang='lat' dir='ltr'><strong>perpetravit.</strong></span> <span class='ocrx_word' id='word_1_767' title='bbox 2016 2427 2132 2474; x_wconf 88' lang='lat' dir='ltr'><strong>Quem</strong></span> 
     </span>
     <span class='ocr_line' id='line_1_105' title="bbox 1147 2471 2134 2528; baseline 0.01 -21"><span class='ocrx_word' id='word_1_768' title='bbox 1147 2483 1229 2508; x_wconf 78' lang='lat' dir='ltr'><strong>vero</strong></span> <span class='ocrx_word' id='word_1_769' title='bbox 1238 2471 1390 2509; x_wconf 71' lang='lat' dir='ltr'><strong>occidit?</strong></span> <span class='ocrx_word' id='word_1_770' title='bbox 1405 2473 1537 2511; x_wconf 89' lang='lat' dir='ltr'><strong>Virum</strong></span> <span class='ocrx_word' id='word_1_771' title='bbox 1547 2474 1697 2525; x_wconf 87' lang='lat' dir='ltr'><strong>justum,</strong></span> <span class='ocrx_word' id='word_1_772' title='bbox 1712 2490 1781 2526; x_wconf 92' lang='lat' dir='ltr'><strong>quo</strong></span> <span class='ocrx_word' id='word_1_773' title='bbox 1800 2478 1914 2528; x_wconf 85' lang='lat' dir='ltr'><strong>major</strong></span> <span class='ocrx_word' id='word_1_774' title='bbox 1928 2478 2019 2516; x_wconf 89' lang='lat' dir='ltr'><strong>inter</strong></span> <span class='ocrx_word' id='word_1_775' title='bbox 2034 2489 2134 2517; x_wconf 88' lang='lat' dir='ltr'><strong>natos</strong></span> 
     </span>
     <span class='ocr_line' id='line_1_106' title="bbox 1146 2523 2135 2583; baseline 0.011 -24"><span class='ocrx_word' id='word_1_776' title='bbox 1146 2523 1336 2560; x_wconf 89' lang='lat' dir='ltr'><strong>mulierum</strong></span> <span class='ocrx_word' id='word_1_777' title='bbox 1344 2539 1413 2562; x_wconf 93' lang='lat' dir='ltr'><strong>non</strong></span> <span class='ocrx_word' id='word_1_778' title='bbox 1422 2527 1593 2564; x_wconf 79' lang='lat' dir='ltr'><strong>surrexit:</strong></span> <span class='ocrx_word' id='word_1_779' title='bbox 1605 2527 1700 2577; x_wconf 89' lang='lat' dir='ltr'><strong>quod</strong></span> <span class='ocrx_word' id='word_1_780' title='bbox 1712 2538 1745 2566; x_wconf 89' lang='lat' dir='ltr'><strong>et</strong></span> <span class='ocrx_word' id='word_1_781' title='bbox 1753 2530 1928 2568; x_wconf 87' lang='lat' dir='ltr'><strong>Dominus</strong></span> <span class='ocrx_word' id='word_1_782' title='bbox 1942 2531 2017 2583; x_wconf 89' lang='lat' dir='ltr'><strong>ipse</strong></span> <span class='ocrx_word' id='word_1_783' title='bbox 2030 2540 2135 2570; x_wconf 86' lang='lat' dir='ltr'><strong>testa-</strong></span> 
     </span>
     <span class='ocr_line' id='line_1_107' title="bbox 1147 2576 2135 2635; baseline 0.01 -23"><span class='ocrx_word' id='word_1_784' title='bbox 1147 2584 1202 2612; x_wconf 90' lang='lat' dir='ltr'><strong>tus</strong></span> <span class='ocrx_word' id='word_1_785' title='bbox 1218 2585 1285 2613; x_wconf 88' lang='lat' dir='ltr'><strong>est:</strong></span> <span class='ocrx_word' id='word_1_786' title='bbox 1301 2576 1419 2614; x_wconf 80' lang='lat' dir='ltr'><strong>virum</strong></span> <span class='ocrx_word' id='word_1_787' title='bbox 1436 2578 1497 2628; x_wconf 87' lang='lat' dir='ltr'><strong>qui</strong></span> <span class='ocrx_word' id='word_1_788' title='bbox 1520 2579 1699 2618; x_wconf 88' lang='lat' dir='ltr'><strong>desertum</strong></span> <span class='ocrx_word' id='word_1_789' title='bbox 1720 2581 1966 2632; x_wconf 85' lang='lat' dir='ltr'><strong>inhabitabile,</strong></span> <span class='ocrx_word' id='word_1_790' title='bbox 1987 2584 2135 2635; x_wconf 89' lang='lat' dir='ltr'><strong>inaquo-</strong></span> 
     </span>
     <span class='ocr_line' id='line_1_108' title="bbox 1146 2628 2136 2686; baseline 0.012 -23"><span class='ocrx_word' id='word_1_791' title='bbox 1146 2641 1240 2678; x_wconf 90' lang='lat' dir='ltr'><strong>sum,</strong></span> <span class='ocrx_word' id='word_1_792' title='bbox 1255 2628 1515 2680; x_wconf 83' lang='lat' dir='ltr'><strong>infrugiferum,</strong></span> <span class='ocrx_word' id='word_1_793' title='bbox 1528 2631 1757 2683; x_wconf 82' lang='lat' dir='ltr'><strong>inaccessum,</strong></span> <span class='ocrx_word' id='word_1_794' title='bbox 1768 2635 1842 2673; x_wconf 90' lang='lat' dir='ltr'><strong>sine</strong></span> <span class='ocrx_word' id='word_1_795' title='bbox 1850 2635 2051 2686; x_wconf 79' lang='lat' dir='ltr'><strong>arboribus,</strong></span> <span class='ocrx_word' id='word_1_796' title='bbox 2061 2638 2136 2676; x_wconf 90' lang='lat' dir='ltr'><strong>sine</strong></span> 
     </span>
     <span class='ocr_line' id='line_1_109' title="bbox 1146 2681 2135 2732; baseline 0.012 -16"><span class='ocrx_word' id='word_1_797' title='bbox 1146 2681 1380 2732; x_wconf 83' lang='lat' dir='ltr'><strong>graminibus,</strong></span> <span class='ocrx_word' id='word_1_798' title='bbox 1393 2682 1467 2720; x_wconf 89' lang='lat' dir='ltr'><strong>sine</strong></span> <span class='ocrx_word' id='word_1_799' title='bbox 1477 2683 1596 2721; x_wconf 86' lang='lat' dir='ltr'><strong>herbis</strong></span> <span class='ocrx_word' id='word_1_800' title='bbox 1606 2685 1802 2725; x_wconf 85' lang='lat' dir='ltr'><strong>habitabat.</strong></span> <span class='ocrx_word' id='word_1_801' title='bbox 1819 2690 2006 2727; x_wconf 89' lang='lat' dir='ltr'><strong>Desertum</strong></span> <span class='ocrx_word' id='word_1_802' title='bbox 2017 2699 2135 2728; x_wconf 88' lang='lat' dir='ltr'><strong>autem</strong></span> 
     </span>
     <span class='ocr_line' id='line_1_110' title="bbox 1144 2733 2134 2794; baseline 0.011 -24"><span class='ocrx_word' id='word_1_803' title='bbox 1144 2733 1328 2771; x_wconf 85' lang='lat' dir='ltr'><strong>habitabat</strong></span> <span class='ocrx_word' id='word_1_804' title='bbox 1338 2736 1359 2773; x_wconf 83' lang='lat' dir='ltr'>J</span> <span class='ocrx_word' id='word_1_805' title='bbox 1362 2749 1575 2784; x_wconf 89' lang='lat' dir='ltr'><strong>oannes,non</strong></span> <span class='ocrx_word' id='word_1_806' title='bbox 1589 2736 1747 2778; x_wconf 87' lang='lat' dir='ltr'><strong>homines</strong></span> <span class='ocrx_word' id='word_1_807' title='bbox 1757 2741 1907 2779; x_wconf 88' lang='lat' dir='ltr'><strong>tribules</strong></span> <span class='ocrx_word' id='word_1_808' title='bbox 1917 2751 1950 2780; x_wconf 90' lang='lat' dir='ltr'><strong>et</strong></span> <span class='ocrx_word' id='word_1_809' title='bbox 1969 2753 2134 2794; x_wconf 83' lang='lat' dir='ltr'><strong>cognatos</strong></span> 
     </span>
     <span class='ocr_line' id='line_1_111' title="bbox 1145 2786 2133 2845; baseline 0.009 -21"><span class='ocrx_word' id='word_1_810' title='bbox 1145 2799 1226 2824; x_wconf 91' lang='lat' dir='ltr'><strong>suos</strong></span> <span class='ocrx_word' id='word_1_811' title='bbox 1247 2786 1397 2837; x_wconf 83' lang='lat' dir='ltr'><strong>fugiens,</strong></span> <span class='ocrx_word' id='word_1_812' title='bbox 1416 2788 1478 2826; x_wconf 89' lang='lat' dir='ltr'><strong>sed</strong></span> <span class='ocrx_word' id='word_1_813' title='bbox 1499 2803 1542 2827; x_wconf 92' lang='lat' dir='ltr'><strong>ne</strong></span> <span class='ocrx_word' id='word_1_814' title='bbox 1560 2790 1696 2829; x_wconf 88' lang='lat' dir='ltr'><strong>videret</strong></span> <span class='ocrx_word' id='word_1_815' title='bbox 1716 2793 1925 2845; x_wconf 84' lang='lat' dir='ltr'><strong>audiretque</strong></span> <span class='ocrx_word' id='word_1_816' title='bbox 1947 2794 2133 2834; x_wconf 87' lang='lat' dir='ltr'><strong>hominum</strong></span> 
     </span>
     <span class='ocr_line' id='line_1_112' title="bbox 1144 2838 2134 2898; baseline 0.012 -23"><span class='ocrx_word' id='word_1_817' title='bbox 1144 2838 1275 2876; x_wconf 86' lang='lat' dir='ltr'><strong>scelera</strong></span> <span class='ocrx_word' id='word_1_818' title='bbox 1295 2839 1553 2880; x_wconf 86' lang='lat' dir='ltr'><strong>detestanda.ls</strong></span> <span class='ocrx_word' id='word_1_819' title='bbox 1573 2857 1683 2895; x_wconf 89' lang='lat' dir='ltr'><strong>neque</strong></span> <span class='ocrx_word' id='word_1_820' title='bbox 1696 2846 1842 2896; x_wconf 84' lang='lat' dir='ltr'><strong>serebat,</strong></span> <span class='ocrx_word' id='word_1_821' title='bbox 1852 2861 1964 2898; x_wconf 89' lang='lat' dir='ltr'><strong>neque</strong></span> <span class='ocrx_word' id='word_1_822' title='bbox 1981 2849 2134 2887; x_wconf 86' lang='lat' dir='ltr'><strong>metebat</strong></span> 
     </span>
     <span class='ocr_line' id='line_1_113' title="bbox 1145 2900 2133 2952; baseline 0.011 -23"><span class='ocrx_word' id='word_1_823' title='bbox 1145 2905 1330 2943; x_wconf 77' lang='lat' dir='ltr'><strong>umquam,</strong></span> <span class='ocrx_word' id='word_1_824' title='bbox 1350 2903 1533 2945; x_wconf 87' lang='lat' dir='ltr'><strong>propterea</strong></span> <span class='ocrx_word' id='word_1_825' title='bbox 1563 2909 1675 2947; x_wconf 87' lang='lat' dir='ltr'><strong>neque</strong></span> <span class='ocrx_word' id='word_1_826' title='bbox 1693 2912 1820 2950; x_wconf 86' lang='lat' dir='ltr'><strong>panem</strong></span> <span class='ocrx_word' id='word_1_827' title='bbox 1838 2900 2004 2950; x_wconf 82' lang='lat' dir='ltr'><strong>habebat,</strong></span> <span class='ocrx_word' id='word_1_828' title='bbox 2021 2915 2133 2952; x_wconf 88' lang='lat' dir='ltr'><strong>neque</strong></span> 
     </span>
     <span class='ocr_line' id='line_1_114' title="bbox 1145 2944 2132 3004; baseline 0.009 -22"><span class='ocrx_word' id='word_1_829' title='bbox 1145 2944 1281 2993; x_wconf 89' lang='lat' dir='ltr'><strong>vinum,</strong></span> <span class='ocrx_word' id='word_1_830' title='bbox 1293 2959 1362 2983; x_wconf 91' lang='lat' dir='ltr'><strong>non</strong></span> <span class='ocrx_word' id='word_1_831' title='bbox 1373 2960 1542 2996; x_wconf 87' lang='lat' dir='ltr'><strong>mensam,</strong></span> <span class='ocrx_word' id='word_1_832' title='bbox 1556 2963 1627 2986; x_wconf 90' lang='lat' dir='ltr'><strong>non</strong></span> <span class='ocrx_word' id='word_1_833' title='bbox 1639 2950 2003 3004; x_wconf 87' lang='lat' dir='ltr'><strong>lectumvoluptatum</strong></span> <span class='ocrx_word' id='word_1_834' title='bbox 2018 2954 2132 2991; x_wconf 89' lang='lat' dir='ltr'><strong>admi-</strong></span> 
     </span>
     <span class='ocr_line' id='line_1_115' title="bbox 1143 2997 2130 3058; baseline 0.012 -25"><span class='ocrx_word' id='word_1_835' title='bbox 1143 2997 1309 3045; x_wconf 83' lang='lat' dir='ltr'><strong>nistrum,</strong></span> <span class='ocrx_word' id='word_1_836' title='bbox 1323 3012 1392 3036; x_wconf 92' lang='lat' dir='ltr'><strong>non</strong></span> <span class='ocrx_word' id='word_1_837' title='bbox 1403 3000 1567 3039; x_wconf 86' lang='lat' dir='ltr'><strong>suffultas</strong></span> <span class='ocrx_word' id='word_1_838' title='bbox 1583 3002 1682 3040; x_wconf 90' lang='lat' dir='ltr'><strong>molli</strong></span> <span class='ocrx_word' id='word_1_839' title='bbox 1698 3018 1863 3043; x_wconf 84' lang='lat' dir='ltr'><strong>anserum</strong></span> <span class='ocrx_word' id='word_1_840' title='bbox 1876 3005 1999 3058; x_wconf 87' lang='lat' dir='ltr'><strong>pluma</strong></span> <span class='ocrx_word' id='word_1_841' title='bbox 2016 3007 2130 3044; x_wconf 87' lang='lat' dir='ltr'><strong>culci-</strong></span> 
     </span>
     <span class='ocr_line' id='line_1_116' title="bbox 1143 3052 2132 3111; baseline 0.009 -24"><span class='ocrx_word' id='word_1_842' title='bbox 1143 3059 1228 3099; x_wconf 86' lang='lat' dir='ltr'><strong>tras,</strong></span> <span class='ocrx_word' id='word_1_843' title='bbox 1238 3065 1315 3101; x_wconf 89' lang='lat' dir='ltr'><strong>quae</strong></span> <span class='ocrx_word' id='word_1_844' title='bbox 1322 3052 1604 3092; x_wconf 86' lang='lat' dir='ltr'><strong>effeminatorum</strong></span> <span class='ocrx_word' id='word_1_845' title='bbox 1614 3055 1709 3094; x_wconf 88' lang='lat' dir='ltr'><strong>homi</strong></span> <span class='ocrx_word' id='word_1_846' title='bbox 1714 3071 1801 3097; x_wconf 87' lang='lat' dir='ltr'><strong>num</strong></span> <span class='ocrx_word' id='word_1_847' title='bbox 1807 3072 1954 3111; x_wconf 89' lang='lat' dir='ltr'><strong>corpora</strong></span> <span class='ocrx_word' id='word_1_848' title='bbox 1966 3060 2132 3109; x_wconf 83' lang='lat' dir='ltr'><strong>frangunt</strong></span> 
     </span>
     <span class='ocr_line' id='line_1_117' title="bbox 1144 3103 2131 3161; baseline 0.009 -22"><span class='ocrx_word' id='word_1_849' title='bbox 1144 3112 1176 3140; x_wconf 88' lang='lat' dir='ltr'><strong>et</strong></span> <span class='ocrx_word' id='word_1_850' title='bbox 1188 3103 1394 3155; x_wconf 73' lang='lat' dir='ltr'><strong>emolliunt,</strong></span> <span class='ocrx_word' id='word_1_851' title='bbox 1415 3119 1483 3143; x_wconf 87' lang='lat' dir='ltr'><strong>non</strong></span> <span class='ocrx_word' id='word_1_852' title='bbox 1495 3106 1674 3147; x_wconf 87' lang='lat' dir='ltr'><strong>lucernam</strong></span> <span class='ocrx_word' id='word_1_853' title='bbox 1687 3109 1853 3161; x_wconf 85' lang='lat' dir='ltr'><strong>habebat,</strong></span> <span class='ocrx_word' id='word_1_854' title='bbox 1874 3125 1944 3150; x_wconf 89' lang='lat' dir='ltr'><strong>non</strong></span> <span class='ocrx_word' id='word_1_855' title='bbox 1968 3112 2131 3150; x_wconf 82' lang='lat' dir='ltr'><strong>candela-</strong></span> 
     </span>
    </p>
   </div>
   <div class='ocr_carea' id='block_1_12' title="bbox 1165 3234 1657 3381">
    <p class='ocr_par' dir='ltr' id='par_1_12' title="bbox 1165 3234 1657 3381">
     <span class='ocr_line' id='line_1_118' title="bbox 1165 3234 1657 3281; baseline 0.006 -15"><span class='ocrx_word' id='word_1_856' title='bbox 1165 3243 1178 3257; x_wconf 54' lang='grc' dir='ltr'><strong>ἓ</strong></span> <span class='ocrx_word' id='word_1_857' title='bbox 1202 3234 1390 3277; x_wconf 70' lang='grc' dir='ltr'>[ἀκρατήτῳ</span> <span class='ocrx_word' id='word_1_858' title='bbox 1413 3247 1517 3279; x_wconf 81' lang='lat' dir='ltr'><strong>marg.</strong></span> <span class='ocrx_word' id='word_1_859' title='bbox 1537 3237 1657 3281; x_wconf 84' lang='lat' dir='ltr'><strong>Savil.]</strong></span> 
     </span>
     <span class='ocr_line' id='line_1_119' title="bbox 1166 3285 1474 3333; baseline 0.019 -17"><span class='ocrx_word' id='word_1_860' title='bbox 1166 3285 1182 3303; x_wconf 69' lang='lat'><strong>⁴¹</strong></span> <span class='ocrx_word' id='word_1_861' title='bbox 1206 3287 1307 3318; x_wconf 75' lang='lat' dir='ltr'><strong>Forte</strong></span> <span class='ocrx_word' id='word_1_862' title='bbox 1324 3290 1474 3333; x_wconf 68' lang='grc' dir='ltr'>ὑπηρέτιν-</span> 
     </span>
     <span class='ocr_line' id='line_1_120' title="bbox 1167 3339 1424 3381; baseline 0.008 -12"><span class='ocrx_word' id='word_1_863' title='bbox 1167 3339 1182 3361; x_wconf 75' lang='lat' dir='ltr'><strong>b</strong></span> <span class='ocrx_word' id='word_1_864' title='bbox 1207 3339 1286 3381; x_wconf 76' lang='lat' dir='ltr'><strong>Reg.</strong></span> <span class='ocrx_word' id='word_1_865' title='bbox 1303 3342 1424 3377; x_wconf 62' lang='grc' dir='ltr'>οὐδενός.</span> 
     </span>
    </p>
   </div>
   <div class='ocr_carea' id='block_1_13' title="bbox 2156 992 2342 1062">
    <p class='ocr_par' dir='ltr' id='par_1_13' title="bbox 2156 992 2342 1062">
     <span class='ocr_line' id='line_1_121' title="bbox 2156 992 2342 1032; baseline 0.027 -14"><span class='ocrx_word' id='word_1_866' title='bbox 2156 992 2268 1022; x_wconf 77' lang='lat' dir='ltr'><strong>Maulz.</strong></span> <span class='ocrx_word' id='word_1_867' title='bbox 2294 996 2325 1032; x_wconf 63' lang='lat'><strong>14</strong></span> <span class='ocrx_word' id='word_1_868' title='bbox 2335 1016 2342 1023; x_wconf 93' lang='lat'><strong>.</strong></span> 
     </span>
     <span class='ocr_line' id='line_1_122' title="bbox 2159 1043 2185 1062; baseline 0 0"><span class='ocrx_word' id='word_1_869' title='bbox 2159 1043 2185 1062; x_wconf 83' lang='lat'><strong>1.</strong></span> 
     </span>
    </p>
   </div>
   <div class='ocr_carea' id='block_1_14' title="bbox 2148 2317 2334 2490">
    <p class='ocr_par' dir='ltr' id='par_1_14' title="bbox 2148 2317 2334 2490">
     <span class='ocr_line' id='line_1_123' title="bbox 2149 2317 2313 2348; baseline 0.024 -4"><span class='ocrx_word' id='word_1_870' title='bbox 2149 2325 2180 2344; x_wconf 89' lang='lat'><strong>2.</strong></span> <span class='ocrx_word' id='word_1_871' title='bbox 2196 2317 2265 2346; x_wconf 83' lang='lat' dir='ltr'><strong>Pet.</strong></span> <span class='ocrx_word' id='word_1_872' title='bbox 2283 2329 2313 2348; x_wconf 86' lang='lat'><strong>2.</strong></span> 
     </span>
     <span class='ocr_line' id='line_1_124' title="bbox 2152 2367 2200 2397; baseline 0 -11"><span class='ocrx_word' id='word_1_873' title='bbox 2152 2367 2200 2397; x_wconf 84' lang='lat'><strong>¹9·</strong></span> 
     </span>
     <span class='ocr_line' id='line_1_125' title="bbox 2148 2419 2334 2447; baseline 0 -1"><span class='ocrx_word' id='word_1_874' title='bbox 2148 2419 2260 2446; x_wconf 75' lang='lat' dir='ltr'><strong>Matth.</strong></span> <span class='ocrx_word' id='word_1_875' title='bbox 2287 2427 2334 2447; x_wconf 81' lang='grc' dir='ltr'><strong>ιι,</strong></span> 
     </span>
     <span class='ocr_line' id='line_1_126' title="bbox 2153 2469 2198 2490; baseline -0.044 0"><span class='ocrx_word' id='word_1_876' title='bbox 2153 2469 2198 2490; x_wconf 80' lang='grc' dir='ltr'><strong>ιι.</strong></span> 
     </span>
    </p>
   </div>
  </div>
 </body>
</html>
