<?xml version="1.0" encoding="UTF-8"?>
<!DOCTYPE html PUBLIC "-//W3C//DTD XHTML 1.0 Transitional//EN"
    "http://www.w3.org/TR/xhtml1/DTD/xhtml1-transitional.dtd">
<html xmlns="http://www.w3.org/1999/xhtml" xml:lang="en" lang="en">
 <head>
  <title>
</title>
<meta http-equiv="Content-Type" content="text/html;charset=utf-8" />
  <meta name='ocr-system' content='tesseract 3.04.00' />
  <meta name='ocr-capabilities' content='ocr_page ocr_carea ocr_par ocr_line ocrx_word'/>
</head>
<body>
  <div class='ocr_page' id='page_1' title='image "./operaomniaquaeex08johnuoft/operaomniaquaeex08johnuoft_0354.png"; bbox 0 0 2481 3678; ppageno 0'>
   <div class='ocr_carea' id='block_1_1' title="bbox 280 196 369 242">
    <p class='ocr_par' dir='ltr' id='par_1_1' title="bbox 280 196 369 242">
     <span class='ocr_line' id='line_1_1' title="bbox 280 196 369 242; baseline 0 -1"><span class='ocrx_word' id='word_1_1' title='bbox 280 196 369 242; x_wconf 76' lang='lat'>528</span> 
     </span>
    </p>
   </div>
   <div class='ocr_carea' id='block_1_2' title="bbox 270 287 1316 3331">
    <p class='ocr_par' dir='ltr' id='par_1_2' title="bbox 270 287 1316 3331">
     <span class='ocr_line' id='line_1_2' title="bbox 277 287 1268 339; baseline -0.006 -9"><span class='ocrx_word' id='word_1_2' title='bbox 277 294 298 332; x_wconf 85' lang='lat' dir='ltr'><strong>J</strong></span> <span class='ocrx_word' id='word_1_3' title='bbox 302 292 411 330; x_wconf 81' lang='lat' dir='ltr'>udaeis</span> <span class='ocrx_word' id='word_1_4' title='bbox 427 289 562 329; x_wconf 83' lang='lat' dir='ltr'>tradere</span> <span class='ocrx_word' id='word_1_5' title='bbox 575 289 855 339; x_wconf 83' lang='lat' dir='ltr'>meditabantur3</span> <span class='ocrx_word' id='word_1_6' title='bbox 871 289 1023 339; x_wconf 88' lang='lat' dir='ltr'>ideoque</span> <span class='ocrx_word' id='word_1_7' title='bbox 1036 288 1075 326; x_wconf 91' lang='lat' dir='ltr'>id</span> <span class='ocrx_word' id='word_1_8' title='bbox 1088 287 1268 325; x_wconf 84' lang='lat' dir='ltr'>declarans</span> 
     </span>
     <span class='ocr_line' id='line_1_3' title="bbox 277 348 1260 404; baseline -0.006 -14"><span class='ocrx_word' id='word_1_9' title='bbox 277 353 379 397; x_wconf 82' lang='lat' dir='ltr'>dicit,</span> <span class='ocrx_word' id='word_1_10' title='bbox 404 354 565 404; x_wconf 82' lang='lat' dir='ltr'>Tempus</span> <span class='ocrx_word' id='word_1_11' title='bbox 588 366 713 389; x_wconf 82' lang='lat' dir='ltr'>meum</span> <span class='ocrx_word' id='word_1_12' title='bbox 737 352 909 388; x_wconf 84' lang='lat' dir='ltr'>nondum</span> <span class='ocrx_word' id='word_1_13' title='bbox 936 351 1107 395; x_wconf 72' lang='lat' dir='ltr'>advenit,</span> <span class='ocrx_word' id='word_1_14' title='bbox 1132 348 1171 386; x_wconf 90' lang='lat' dir='ltr'>id</span> <span class='ocrx_word' id='word_1_15' title='bbox 1195 357 1260 398; x_wconf 84' lang='lat' dir='ltr'>est,</span> 
     </span>
     <span class='ocr_line' id='line_1_4' title="bbox 277 409 1264 467; baseline -0.007 -15"><span class='ocrx_word' id='word_1_16' title='bbox 277 423 417 467; x_wconf 76' lang='lat' dir='ltr'>tempus</span> <span class='ocrx_word' id='word_1_17' title='bbox 434 414 547 451; x_wconf 85' lang='lat' dir='ltr'>crucis</span> <span class='ocrx_word' id='word_1_18' title='bbox 561 422 593 450; x_wconf 86' lang='lat' dir='ltr'>et</span> <span class='ocrx_word' id='word_1_19' title='bbox 610 413 744 451; x_wconf 86' lang='lat' dir='ltr'>mortis.</span> <span class='ocrx_word' id='word_1_20' title='bbox 763 413 834 448; x_wconf 87' lang='lat' dir='ltr'>Cur</span> <span class='ocrx_word' id='word_1_21' title='bbox 851 425 906 448; x_wconf 90' lang='lat' dir='ltr'>me</span> <span class='ocrx_word' id='word_1_22' title='bbox 922 419 1001 447; x_wconf 89' lang='lat' dir='ltr'>ante</span> <span class='ocrx_word' id='word_1_23' title='bbox 1014 419 1153 461; x_wconf 86' lang='lat' dir='ltr'>tempus</span> <span class='ocrx_word' id='word_1_24' title='bbox 1171 409 1264 446; x_wconf 87' lang='lat' dir='ltr'>ocei-</span> 
     </span>
     <span class='ocr_line' id='line_1_5' title="bbox 277 473 1266 526; baseline -0.004 -15"><span class='ocrx_word' id='word_1_25' title='bbox 277 474 361 512; x_wconf 79' lang='lat' dir='ltr'>(lere</span> <span class='ocrx_word' id='word_1_26' title='bbox 371 473 591 526; x_wconf 68' lang='lat' dir='ltr'>properatis?</span> <span class='ocrx_word' id='word_1_27' title='bbox 610 475 769 523; x_wconf 81' lang='lat' dir='ltr'><em>Tempus</em></span> <span class='ocrx_word' id='word_1_28' title='bbox 785 479 914 508; x_wconf 81' lang='lat' dir='ltr'>autem</span> <span class='ocrx_word' id='word_1_29' title='bbox 930 479 1103 507; x_wconf 78' lang='lat' dir='ltr'>vestrum</span> <span class='ocrx_word' id='word_1_30' title='bbox 1119 483 1266 521; x_wconf 82' lang='lat' dir='ltr'><em>semper</em></span> 
     </span>
     <span class='ocr_line' id='line_1_6' title="bbox 275 530 1264 588; baseline -0.005 -16"><span class='ocrx_word' id='word_1_31' title='bbox 275 546 459 588; x_wconf 77' lang='lat' dir='ltr'>paratum</span> <span class='ocrx_word' id='word_1_32' title='bbox 480 543 548 572; x_wconf 82' lang='lat' dir='ltr'>est.</span> <span class='ocrx_word' id='word_1_33' title='bbox 575 535 650 571; x_wconf 89' lang='lat' dir='ltr'>Hoc</span> <span class='ocrx_word' id='word_1_34' title='bbox 672 542 723 570; x_wconf 86' lang='lat' dir='ltr'>est</span> <span class='ocrx_word' id='word_1_35' title='bbox 745 548 751 568; x_wconf 95' lang='lat'><strong>:</strong></span> <span class='ocrx_word' id='word_1_36' title='bbox 773 534 848 571; x_wconf 87' lang='lat' dir='ltr'>Vos</span> <span class='ocrx_word' id='word_1_37' title='bbox 874 530 1008 579; x_wconf 85' lang='lat' dir='ltr'>Judaei,</span> <span class='ocrx_word' id='word_1_38' title='bbox 1034 530 1099 568; x_wconf 88' lang='lat' dir='ltr'>etsi</span> <span class='ocrx_word' id='word_1_39' title='bbox 1127 544 1264 582; x_wconf 88' lang='lat' dir='ltr'><strong>semper</strong></span> 
     </span>
     <span class='ocr_line' id='line_1_7' title="bbox 279 590 1264 643; baseline -0.006 -10"><span class='ocrx_word' id='word_1_40' title='bbox 279 611 360 634; x_wconf 86' lang='lat' dir='ltr'>eum</span> <span class='ocrx_word' id='word_1_41' title='bbox 387 595 458 632; x_wconf 88' lang='lat' dir='ltr'>illis</span> <span class='ocrx_word' id='word_1_42' title='bbox 485 593 690 641; x_wconf 81' lang='lat' dir='ltr'>versemini,</span> <span class='ocrx_word' id='word_1_43' title='bbox 720 605 916 642; x_wconf 80' lang='lat' dir='ltr'>numquam</span> <span class='ocrx_word' id='word_1_44' title='bbox 942 590 1120 639; x_wconf 86' lang='lat' dir='ltr'>occident,</span> <span class='ocrx_word' id='word_1_45' title='bbox 1143 599 1264 643; x_wconf 81' lang='lat' dir='ltr'>utpote</span> 
     </span>
     <span class='ocr_line' id='line_1_8' title="bbox 277 651 1261 703; baseline -0.006 -9"><span class='ocrx_word' id='word_1_46' title='bbox 277 657 399 695; x_wconf 87' lang='lat' dir='ltr'>eadem</span> <span class='ocrx_word' id='word_1_47' title='bbox 418 655 604 693; x_wconf 85' lang='lat' dir='ltr'>sentientes</span> <span class='ocrx_word' id='word_1_48' title='bbox 611 670 621 703; x_wconf 85' lang='lat'>;</span> <span class='ocrx_word' id='word_1_49' title='bbox 642 668 698 692; x_wconf 91' lang='lat' dir='ltr'>me</span> <span class='ocrx_word' id='word_1_50' title='bbox 715 667 799 691; x_wconf 87' lang='lat' dir='ltr'>vero</span> <span class='ocrx_word' id='word_1_51' title='bbox 824 652 944 690; x_wconf 81' lang='lat' dir='ltr'>statim</span> <span class='ocrx_word' id='word_1_52' title='bbox 969 651 1128 689; x_wconf 89' lang='lat' dir='ltr'>occidere</span> <span class='ocrx_word' id='word_1_53' title='bbox 1147 660 1261 689; x_wconf 86' lang='lat' dir='ltr'>tenta-</span> 
     </span>
     <span class='ocr_line' id='line_1_9' title="bbox 276 712 1264 767; baseline -0.006 -12"><span class='ocrx_word' id='word_1_54' title='bbox 276 719 378 755; x_wconf 83' lang='lat' dir='ltr'>bunt.</span> <span class='ocrx_word' id='word_1_55' title='bbox 398 718 522 767; x_wconf 83' lang='lat' dir='ltr'>Itaque</span> <span class='ocrx_word' id='word_1_56' title='bbox 540 716 643 755; x_wconf 85' lang='lat' dir='ltr'>vobis</span> <span class='ocrx_word' id='word_1_57' title='bbox 663 729 800 767; x_wconf 89' lang='lat' dir='ltr'>semper</span> <span class='ocrx_word' id='word_1_58' title='bbox 817 714 899 751; x_wconf 86' lang='lat' dir='ltr'>licet</span> <span class='ocrx_word' id='word_1_59' title='bbox 913 727 995 751; x_wconf 90' lang='lat' dir='ltr'>cum</span> <span class='ocrx_word' id='word_1_60' title='bbox 1012 712 1082 750; x_wconf 85' lang='lat' dir='ltr'>illis</span> <span class='ocrx_word' id='word_1_61' title='bbox 1099 726 1172 750; x_wconf 88' lang='lat' dir='ltr'>esse</span> <span class='ocrx_word' id='word_1_62' title='bbox 1189 712 1264 750; x_wconf 89' lang='lat' dir='ltr'>sine</span> 
     </span>
     <span class='ocr_line' id='line_1_10' title="bbox 277 775 1263 832; baseline -0.005 -16"><span class='ocrx_word' id='word_1_63' title='bbox 277 780 435 832; x_wconf 84' lang='lat' dir='ltr'>periculo</span> <span class='ocrx_word' id='word_1_64' title='bbox 457 794 463 814; x_wconf 95' lang='lat'>:</span> <span class='ocrx_word' id='word_1_65' title='bbox 489 777 579 816; x_wconf 82' lang='lat' dir='ltr'>mihi</span> <span class='ocrx_word' id='word_1_66' title='bbox 598 792 681 817; x_wconf 86' lang='lat' dir='ltr'>vero</span> <span class='ocrx_word' id='word_1_67' title='bbox 701 786 785 814; x_wconf 88' lang='lat' dir='ltr'>tunc</span> <span class='ocrx_word' id='word_1_68' title='bbox 814 785 949 827; x_wconf 86' lang='lat' dir='ltr'>tempus</span> <span class='ocrx_word' id='word_1_69' title='bbox 977 775 1059 825; x_wconf 87' lang='lat' dir='ltr'>erit,</span> <span class='ocrx_word' id='word_1_70' title='bbox 1082 789 1165 813; x_wconf 86' lang='lat' dir='ltr'>cum</span> <span class='ocrx_word' id='word_1_71' title='bbox 1183 789 1263 812; x_wconf 91' lang='lat' dir='ltr'>cru—</span> 
     </span>
     <span class='ocr_line' id='line_1_11' title="bbox 277 835 1266 891; baseline -0.005 -14"><span class='ocrx_word' id='word_1_72' title='bbox 277 839 374 891; x_wconf 82' lang='lat' dir='ltr'>cifigi</span> <span class='ocrx_word' id='word_1_73' title='bbox 389 849 422 877; x_wconf 88' lang='lat' dir='ltr'>ct</span> <span class='ocrx_word' id='word_1_74' title='bbox 433 839 523 876; x_wconf 89' lang='lat' dir='ltr'>mori</span> <span class='ocrx_word' id='word_1_75' title='bbox 537 836 724 891; x_wconf 82' lang='lat' dir='ltr'><strong>oportebit.</strong></span> <span class='ocrx_word' id='word_1_76' title='bbox 740 838 831 875; x_wconf 87' lang='lat' dir='ltr'>Nam</span> <span class='ocrx_word' id='word_1_77' title='bbox 842 835 938 887; x_wconf 87' lang='lat' dir='ltr'>quod</span> <span class='ocrx_word' id='word_1_78' title='bbox 951 835 1019 873; x_wconf 90' lang='lat' dir='ltr'>hoc</span> <span class='ocrx_word' id='word_1_79' title='bbox 1034 835 1208 886; x_wconf 85' lang='lat' dir='ltr'>intelligat</span> <span class='ocrx_word' id='word_1_80' title='bbox 1221 850 1266 873; x_wconf 77' lang='lat' dir='ltr'>ex</span> 
     </span>
     <span class='ocr_line' id='line_1_12' title="bbox 277 897 1268 951; baseline -0.004 -13"><span class='ocrx_word' id='word_1_81' title='bbox 277 900 504 951; x_wconf 85' lang='lat' dir='ltr'>sequentibus</span> <span class='ocrx_word' id='word_1_82' title='bbox 522 899 633 950; x_wconf 88' lang='lat' dir='ltr'>liquet</span> <span class='ocrx_word' id='word_1_83' title='bbox 651 914 658 934; x_wconf 92' lang='lat'>:</span> <span class='ocrx_word' id='word_1_84' title='bbox 673 900 709 936; x_wconf 79' lang='lat'>7.</span> <span class='ocrx_word' id='word_1_85' title='bbox 722 899 812 936; x_wconf 84' lang='lat' dir='ltr'>Non</span> <span class='ocrx_word' id='word_1_86' title='bbox 825 905 948 949; x_wconf 81' lang='lat' dir='ltr'>potest</span> <span class='ocrx_word' id='word_1_87' title='bbox 964 897 1129 934; x_wconf 77' lang='lat' dir='ltr'>mundus</span> <span class='ocrx_word' id='word_1_88' title='bbox 1145 897 1268 934; x_wconf 82' lang='lat' dir='ltr'>odisse</span> 
     </span>
     <span class='ocr_line' id='line_1_13' title="bbox 277 956 1267 1008; baseline -0.005 -9"><span class='ocrx_word' id='word_1_89' title='bbox 277 976 363 999; x_wconf 73' lang='lat' dir='ltr'>vos.</span> <span class='ocrx_word' id='word_1_90' title='bbox 384 960 572 1007; x_wconf 84' lang='lat' dir='ltr'>Quomodo</span> <span class='ocrx_word' id='word_1_91' title='bbox 588 960 696 1008; x_wconf 89' lang='lat' dir='ltr'>enim,</span> <span class='ocrx_word' id='word_1_92' title='bbox 717 959 744 997; x_wconf 84' lang='lat' dir='ltr'>si</span> <span class='ocrx_word' id='word_1_93' title='bbox 766 958 888 996; x_wconf 84' lang='lat' dir='ltr'>eadem</span> <span class='ocrx_word' id='word_1_94' title='bbox 901 957 1028 1005; x_wconf 87' lang='lat' dir='ltr'>vultis,</span> <span class='ocrx_word' id='word_1_95' title='bbox 1049 956 1171 994; x_wconf 89' lang='lat' dir='ltr'>eadem</span> <span class='ocrx_word' id='word_1_96' title='bbox 1188 971 1267 1008; x_wconf 87' lang='lat' dir='ltr'>per-</span> 
     </span>
     <span class='ocr_line' id='line_1_14' title="bbox 277 1019 1266 1073; baseline -0.006 -14"><span class='ocrx_word' id='word_1_97' title='bbox 277 1022 493 1073; x_wconf 73' lang='lat' dir='ltr'>sequimini?</span> <span class='ocrx_word' id='word_1_98' title='bbox 528 1023 593 1058; x_wconf 78' lang='lat' dir='ltr'>Me</span> <span class='ocrx_word' id='word_1_99' title='bbox 625 1029 755 1058; x_wconf 82' lang='lat' dir='ltr'>autem</span> <span class='ocrx_word' id='word_1_100' title='bbox 791 1021 885 1065; x_wconf 76' lang='lat' dir='ltr'>odit,</span> <span class='ocrx_word' id='word_1_101' title='bbox 911 1021 1004 1070; x_wconf 79' lang='lat' dir='ltr'>quia</span> <span class='ocrx_word' id='word_1_102' title='bbox 1032 1019 1266 1069; x_wconf 79' lang='lat' dir='ltr'><strong><em>reprehendo</em></strong></span> 
     </span>
     <span class='ocr_line' id='line_1_15' title="bbox 276 1079 1264 1136; baseline -0.008 -14"><span class='ocrx_word' id='word_1_103' title='bbox 276 1099 376 1130; x_wconf 79' lang='lat' dir='ltr'>eum,</span> <span class='ocrx_word' id='word_1_104' title='bbox 397 1085 502 1136; x_wconf 82' lang='lat' dir='ltr'>quod</span> <span class='ocrx_word' id='word_1_105' title='bbox 515 1083 623 1120; x_wconf 76' lang='lat' dir='ltr'>mala</span> <span class='ocrx_word' id='word_1_106' title='bbox 639 1085 717 1119; x_wconf 83' lang='lat' dir='ltr'>sint</span> <span class='ocrx_word' id='word_1_107' title='bbox 744 1095 860 1132; x_wconf 80' lang='lat' dir='ltr'>opera</span> <span class='ocrx_word' id='word_1_108' title='bbox 881 1083 961 1131; x_wconf 80' lang='lat' dir='ltr'>ejus</span> <span class='ocrx_word' id='word_1_109' title='bbox 967 1097 979 1124; x_wconf 89' lang='lat'><em>;</em></span> <span class='ocrx_word' id='word_1_110' title='bbox 997 1079 1065 1115; x_wconf 90' lang='lat' dir='ltr'>hoc</span> <span class='ocrx_word' id='word_1_111' title='bbox 1083 1087 1148 1127; x_wconf 87' lang='lat' dir='ltr'>est,</span> <span class='ocrx_word' id='word_1_112' title='bbox 1170 1079 1264 1126; x_wconf 88' lang='lat' dir='ltr'>Quia</span> 
     </span>
     <span class='ocr_line' id='line_1_16' title="bbox 276 1139 1263 1197; baseline -0.007 -15"><span class='ocrx_word' id='word_1_113' title='bbox 276 1145 488 1197; x_wconf 79' lang='lat' dir='ltr'>perstringo,</span> <span class='ocrx_word' id='word_1_114' title='bbox 500 1144 582 1194; x_wconf 89' lang='lat' dir='ltr'>quia</span> <span class='ocrx_word' id='word_1_115' title='bbox 594 1156 718 1193; x_wconf 81' lang='lat' dir='ltr'>arguo,</span> <span class='ocrx_word' id='word_1_116' title='bbox 728 1141 807 1178; x_wconf 89' lang='lat' dir='ltr'>ideo</span> <span class='ocrx_word' id='word_1_117' title='bbox 815 1140 959 1178; x_wconf 88' lang='lat' dir='ltr'>odiosus</span> <span class='ocrx_word' id='word_1_118' title='bbox 970 1154 1061 1177; x_wconf 86' lang='lat' dir='ltr'>sum.</span> <span class='ocrx_word' id='word_1_119' title='bbox 1072 1139 1165 1176; x_wconf 87' lang='lat' dir='ltr'>Hine</span> <span class='ocrx_word' id='word_1_120' title='bbox 1185 1139 1263 1176; x_wconf 89' lang='lat' dir='ltr'>edi-</span> 
     </span>
     <span class='ocr_line' id='line_1_17' title="bbox 277 1200 1263 1253; baseline -0.005 -11"><span class='ocrx_word' id='word_1_121' title='bbox 277 1220 428 1253; x_wconf 77' lang='lat' dir='ltr'>seamus,</span> <span class='ocrx_word' id='word_1_122' title='bbox 447 1204 679 1242; x_wconf 85' lang='lat' dir='ltr'>cohibendam</span> <span class='ocrx_word' id='word_1_123' title='bbox 696 1217 768 1240; x_wconf 87' lang='lat' dir='ltr'>esse</span> <span class='ocrx_word' id='word_1_124' title='bbox 788 1203 878 1240; x_wconf 89' lang='lat' dir='ltr'>iram</span> <span class='ocrx_word' id='word_1_125' title='bbox 905 1210 938 1239; x_wconf 87' lang='lat' dir='ltr'>et</span> <span class='ocrx_word' id='word_1_126' title='bbox 962 1200 1263 1251; x_wconf 80' lang='lat' dir='ltr'>indignationem,</span> 
     </span>
     <span class='ocr_line' id='line_1_18' title="bbox 276 1262 1265 1318; baseline -0.006 -14"><span class='ocrx_word' id='word_1_127' title='bbox 276 1267 413 1304; x_wconf 85' lang='lat' dir='ltr'>etiamsi</span> <span class='ocrx_word' id='word_1_128' title='bbox 436 1265 563 1318; x_wconf 84' lang='lat' dir='ltr'>abjecti</span> <span class='ocrx_word' id='word_1_129' title='bbox 593 1265 662 1302; x_wconf 89' lang='lat' dir='ltr'>sint</span> <span class='ocrx_word' id='word_1_130' title='bbox 688 1264 751 1315; x_wconf 91' lang='lat' dir='ltr'>qui</span> <span class='ocrx_word' id='word_1_131' title='bbox 772 1263 858 1301; x_wconf 88' lang='lat' dir='ltr'>dant</span> <span class='ocrx_word' id='word_1_132' title='bbox 885 1262 1084 1300; x_wconf 88' lang='lat' dir='ltr'>consilium.</span> <span class='ocrx_word' id='word_1_133' title='bbox 1115 1263 1207 1299; x_wconf 88' lang='lat' dir='ltr'>Nam</span> <span class='ocrx_word' id='word_1_134' title='bbox 1234 1262 1265 1299; x_wconf 90' lang='lat' dir='ltr'>si</span> 
     </span>
     <span class='ocr_line' id='line_1_19' title="bbox 276 1324 1264 1367; baseline -0.006 0"><span class='ocrx_word' id='word_1_135' title='bbox 276 1344 344 1367; x_wconf 90' lang='lat' dir='ltr'>non</span> <span class='ocrx_word' id='word_1_136' title='bbox 363 1329 582 1367; x_wconf 84' lang='lat' dir='ltr'>credentium</span> <span class='ocrx_word' id='word_1_137' title='bbox 605 1326 794 1365; x_wconf 89' lang='lat' dir='ltr'>consilium</span> <span class='ocrx_word' id='word_1_138' title='bbox 818 1325 982 1364; x_wconf 81' lang='lat' dir='ltr'>Christus</span> <span class='ocrx_word' id='word_1_139' title='bbox 1004 1324 1185 1363; x_wconf 83' lang='lat' dir='ltr'>moderate</span> <span class='ocrx_word' id='word_1_140' title='bbox 1210 1334 1264 1362; x_wconf 90' lang='lat' dir='ltr'>tu-</span> 
     </span>
     <span class='ocr_line' id='line_1_20' title="bbox 274 1387 1263 1440; baseline -0.006 -11"><span class='ocrx_word' id='word_1_141' title='bbox 274 1392 335 1440; x_wconf 86' lang='lat' dir='ltr'>lit,</span> <span class='ocrx_word' id='word_1_142' title='bbox 364 1391 504 1429; x_wconf 88' lang='lat' dir='ltr'>ctiamsi</span> <span class='ocrx_word' id='word_1_143' title='bbox 529 1390 591 1427; x_wconf 81' lang='lat' dir='ltr'>illa</span> <span class='ocrx_word' id='word_1_144' title='bbox 619 1389 859 1437; x_wconf 82' lang='lat' dir='ltr'>consulerent,</span> <span class='ocrx_word' id='word_1_145' title='bbox 882 1402 959 1438; x_wconf 78' lang='lat' dir='ltr'>quae</span> <span class='ocrx_word' id='word_1_146' title='bbox 982 1400 1052 1424; x_wconf 91' lang='lat' dir='ltr'>non</span> <span class='ocrx_word' id='word_1_147' title='bbox 1075 1387 1263 1435; x_wconf 81' lang='lat' dir='ltr'>decebant,</span> 
     </span>
     <span class='ocr_line' id='line_1_21' title="bbox 276 1451 1264 1504; baseline -0.007 -13"><span class='ocrx_word' id='word_1_148' title='bbox 276 1453 384 1504; x_wconf 87' lang='lat' dir='ltr'>idque</span> <span class='ocrx_word' id='word_1_149' title='bbox 403 1467 471 1490; x_wconf 94' lang='lat' dir='ltr'>non</span> <span class='ocrx_word' id='word_1_150' title='bbox 489 1467 534 1490; x_wconf 79' lang='lat' dir='ltr'>ex</span> <span class='ocrx_word' id='word_1_151' title='bbox 548 1452 641 1489; x_wconf 89' lang='lat' dir='ltr'>bono</span> <span class='ocrx_word' id='word_1_152' title='bbox 655 1451 794 1499; x_wconf 77' lang='lat' dir='ltr'>anim03</span> <span class='ocrx_word' id='word_1_153' title='bbox 810 1463 917 1500; x_wconf 88' lang='lat' dir='ltr'>quam</span> <span class='ocrx_word' id='word_1_154' title='bbox 932 1463 995 1486; x_wconf 91' lang='lat' dir='ltr'>nos</span> <span class='ocrx_word' id='word_1_155' title='bbox 1008 1454 1264 1498; x_wconf 83' lang='lat' dir='ltr'>consequemur</span> 
     </span>
     <span class='ocr_line' id='line_1_22' title="bbox 275 1509 1311 1564; baseline -0.004 -12"><span class='ocrx_word' id='word_1_156' title='bbox 275 1515 436 1563; x_wconf 63' lang='lat' dir='ltr'>veniam,</span> <span class='ocrx_word' id='word_1_157' title='bbox 457 1514 518 1564; x_wconf 86' lang='lat' dir='ltr'>qui</span> <span class='ocrx_word' id='word_1_158' title='bbox 544 1527 666 1550; x_wconf 86' lang='lat' dir='ltr'>sumus</span> <span class='ocrx_word' id='word_1_159' title='bbox 689 1521 779 1550; x_wconf 85' lang='lat' dir='ltr'>terra</span> <span class='ocrx_word' id='word_1_160' title='bbox 801 1521 833 1548; x_wconf 86' lang='lat' dir='ltr'>et</span> <span class='ocrx_word' id='word_1_161' title='bbox 850 1510 958 1559; x_wconf 89' lang='lat' dir='ltr'>cinis,</span> <span class='ocrx_word' id='word_1_162' title='bbox 985 1518 1017 1547; x_wconf 83' lang='lat' dir='ltr'>et</span> <span class='ocrx_word' id='word_1_163' title='bbox 1043 1509 1311 1549; x_wconf 85' lang='lat' dir='ltr'>consulentesC</span> 
     </span>
     <span class='ocr_line' id='line_1_23' title="bbox 275 1570 1262 1626; baseline -0.005 -13"><span class='ocrx_word' id='word_1_164' title='bbox 275 1576 398 1626; x_wconf 89' lang='lat' dir='ltr'>iniquo</span> <span class='ocrx_word' id='word_1_165' title='bbox 418 1575 535 1613; x_wconf 89' lang='lat' dir='ltr'>animo</span> <span class='ocrx_word' id='word_1_166' title='bbox 554 1573 719 1618; x_wconf 81' lang='lat' dir='ltr'>ferimus,</span> <span class='ocrx_word' id='word_1_167' title='bbox 739 1571 874 1610; x_wconf 88' lang='lat' dir='ltr'>etiamsi</span> <span class='ocrx_word' id='word_1_168' title='bbox 889 1570 1018 1622; x_wconf 84' lang='lat' dir='ltr'>abjecti</span> <span class='ocrx_word' id='word_1_169' title='bbox 1033 1579 1066 1607; x_wconf 86' lang='lat' dir='ltr'>et</span> <span class='ocrx_word' id='word_1_170' title='bbox 1081 1570 1168 1609; x_wconf 86' lang='lat' dir='ltr'>Viles</span> <span class='ocrx_word' id='word_1_171' title='bbox 1183 1571 1262 1622; x_wconf 91' lang='lat' dir='ltr'>qui-</span> 
     </span>
     <span class='ocr_line' id='line_1_24' title="bbox 274 1632 1262 1685; baseline -0.005 -11"><span class='ocrx_word' id='word_1_172' title='bbox 274 1636 359 1674; x_wconf 84' lang='lat' dir='ltr'>dam</span> <span class='ocrx_word' id='word_1_173' title='bbox 377 1637 446 1674; x_wconf 90' lang='lat' dir='ltr'>sint</span> <span class='ocrx_word' id='word_1_174' title='bbox 472 1635 543 1684; x_wconf 85' lang='lat' dir='ltr'>illi,</span> <span class='ocrx_word' id='word_1_175' title='bbox 561 1649 635 1673; x_wconf 86' lang='lat' dir='ltr'>rem</span> <span class='ocrx_word' id='word_1_176' title='bbox 659 1634 844 1685; x_wconf 84' lang='lat' dir='ltr'>indignam</span> <span class='ocrx_word' id='word_1_177' title='bbox 866 1646 939 1670; x_wconf 84' lang='lat' dir='ltr'>esse</span> <span class='ocrx_word' id='word_1_178' title='bbox 963 1632 1157 1684; x_wconf 73' lang='lat' dir='ltr'>putantes?</span> <span class='ocrx_word' id='word_1_179' title='bbox 1176 1632 1262 1670; x_wconf 90' lang='lat' dir='ltr'>Ani-</span> 
     </span>
     <span class='ocr_line' id='line_1_25' title="bbox 275 1692 1262 1748; baseline -0.004 -13"><span class='ocrx_word' id='word_1_180' title='bbox 275 1698 459 1736; x_wconf 88' lang='lat' dir='ltr'>madverte</span> <span class='ocrx_word' id='word_1_181' title='bbox 480 1711 562 1748; x_wconf 78' lang='lat' dir='ltr'>ergo</span> <span class='ocrx_word' id='word_1_182' title='bbox 588 1710 669 1734; x_wconf 87' lang='lat' dir='ltr'>eum</span> <span class='ocrx_word' id='word_1_183' title='bbox 691 1704 823 1746; x_wconf 87' lang='lat' dir='ltr'>quanta</span> <span class='ocrx_word' id='word_1_184' title='bbox 848 1692 1119 1731; x_wconf 81' lang='lat' dir='ltr'>mansuetudine</span> <span class='ocrx_word' id='word_1_185' title='bbox 1142 1693 1262 1731; x_wconf 88' lang='lat' dir='ltr'>crimi-</span> 
     </span>
     <span class='ocr_line' id='line_1_26' title="bbox 275 1754 1262 1810; baseline -0.004 -14"><span class='ocrx_word' id='word_1_186' title='bbox 275 1759 453 1796; x_wconf 83' lang='lat' dir='ltr'>nationem</span> <span class='ocrx_word' id='word_1_187' title='bbox 482 1757 675 1810; x_wconf 80' lang='lat' dir='ltr'>propulset.</span> <span class='ocrx_word' id='word_1_188' title='bbox 697 1757 789 1793; x_wconf 87' lang='lat' dir='ltr'>Nam</span> <span class='ocrx_word' id='word_1_189' title='bbox 811 1769 891 1792; x_wconf 87' lang='lat' dir='ltr'>cum</span> <span class='ocrx_word' id='word_1_190' title='bbox 916 1754 1072 1791; x_wconf 87' lang='lat' dir='ltr'>dicerent</span> <span class='ocrx_word' id='word_1_191' title='bbox 1084 1754 1151 1802; x_wconf 78' lang='lat' dir='ltr'>illi,</span> <span class='ocrx_word' id='word_1_192' title='bbox 1174 1756 1262 1793; x_wconf 82' lang='lat' dir='ltr'>Ma-</span> 
     </span>
     <span class='ocr_line' id='line_1_27' title="bbox 276 1814 1263 1873; baseline -0.004 -15"><span class='ocrx_word' id='word_1_193' title='bbox 276 1822 418 1873; x_wconf 59' lang='lat' dir='ltr'>nifesta</span> <span class='ocrx_word' id='word_1_194' title='bbox 436 1822 597 1871; x_wconf 78' lang='lat' dir='ltr'>teipsum</span> <span class='ocrx_word' id='word_1_195' title='bbox 621 1817 781 1861; x_wconf 83' lang='lat' dir='ltr'>mundo;</span> <span class='ocrx_word' id='word_1_196' title='bbox 800 1814 985 1867; x_wconf 85' lang='lat' dir='ltr'>respondet</span> <span class='ocrx_word' id='word_1_197' title='bbox 1003 1830 1010 1851; x_wconf 90' lang='lat'><strong>:</strong></span> <span class='ocrx_word' id='word_1_198' title='bbox 1036 1816 1125 1852; x_wconf 85' lang='lat' dir='ltr'>Non</span> <span class='ocrx_word' id='word_1_199' title='bbox 1139 1823 1263 1867; x_wconf 76' lang='lat' dir='ltr'>potest</span> 
     </span>
     <span class='ocr_line' id='line_1_28' title="bbox 275 1875 1263 1924; baseline -0.006 -6"><span class='ocrx_word' id='word_1_200' title='bbox 275 1882 440 1918; x_wconf 79' lang='lat' dir='ltr'>mundus</span> <span class='ocrx_word' id='word_1_201' title='bbox 461 1881 584 1917; x_wconf 79' lang='lat' dir='ltr'>odisse</span> <span class='ocrx_word' id='word_1_202' title='bbox 601 1892 686 1924; x_wconf 79' lang='lat' dir='ltr'>vos,</span> <span class='ocrx_word' id='word_1_203' title='bbox 707 1892 766 1914; x_wconf 89' lang='lat' dir='ltr'>me</span> <span class='ocrx_word' id='word_1_204' title='bbox 781 1885 911 1913; x_wconf 74' lang='lat' dir='ltr'>autem</span> <span class='ocrx_word' id='word_1_205' title='bbox 933 1876 1014 1912; x_wconf 78' lang='lat' dir='ltr'>odit</span> <span class='ocrx_word' id='word_1_206' title='bbox 1022 1891 1036 1921; x_wconf 88' lang='lat'><em>;</em></span> <span class='ocrx_word' id='word_1_207' title='bbox 1054 1889 1177 1913; x_wconf 88' lang='lat' dir='ltr'>eorum</span> <span class='ocrx_word' id='word_1_208' title='bbox 1202 1875 1263 1914; x_wconf 88' lang='lat' dir='ltr'>de-</span> 
     </span>
     <span class='ocr_line' id='line_1_29' title="bbox 274 1936 1263 1992; baseline -0.002 -15"><span class='ocrx_word' id='word_1_209' title='bbox 274 1942 407 1992; x_wconf 78' lang='lat' dir='ltr'>pellens</span> <span class='ocrx_word' id='word_1_210' title='bbox 439 1940 710 1978; x_wconf 84' lang='lat' dir='ltr'>accusationem.</span> <span class='ocrx_word' id='word_1_211' title='bbox 736 1937 895 1974; x_wconf 85' lang='lat' dir='ltr'>Tantum</span> <span class='ocrx_word' id='word_1_212' title='bbox 925 1936 1038 1984; x_wconf 85' lang='lat' dir='ltr'>abest,</span> <span class='ocrx_word' id='word_1_213' title='bbox 1068 1936 1203 1987; x_wconf 88' lang='lat' dir='ltr'>inquit,</span> <span class='ocrx_word' id='word_1_214' title='bbox 1224 1946 1263 1975; x_wconf 90' lang='lat' dir='ltr'>ut</span> 
     </span>
     <span class='ocr_line' id='line_1_30' title="bbox 273 1996 1262 2052; baseline -0.004 -13"><span class='ocrx_word' id='word_1_215' title='bbox 273 2016 429 2052; x_wconf 80' lang='lat' dir='ltr'>quaeram</span> <span class='ocrx_word' id='word_1_216' title='bbox 458 2000 646 2038; x_wconf 86' lang='lat' dir='ltr'>hominum</span> <span class='ocrx_word' id='word_1_217' title='bbox 678 1998 846 2050; x_wconf 77' lang='lat' dir='ltr'>gloriam,</span> <span class='ocrx_word' id='word_1_218' title='bbox 866 2006 907 2034; x_wconf 89' lang='lat' dir='ltr'>ut</span> <span class='ocrx_word' id='word_1_219' title='bbox 924 2011 993 2034; x_wconf 91' lang='lat' dir='ltr'>non</span> <span class='ocrx_word' id='word_1_220' title='bbox 1009 1996 1117 2034; x_wconf 81' lang='lat' dir='ltr'>finem</span> <span class='ocrx_word' id='word_1_221' title='bbox 1132 1996 1262 2035; x_wconf 82' lang='lat' dir='ltr'>faciam</span> 
     </span>
     <span class='ocr_line' id='line_1_31' title="bbox 273 2058 1262 2115; baseline -0.002 -16"><span class='ocrx_word' id='word_1_222' title='bbox 273 2063 488 2115; x_wconf 71' lang='lat' dir='ltr'>coarguendi</span> <span class='ocrx_word' id='word_1_223' title='bbox 524 2063 623 2111; x_wconf 87' lang='lat' dir='ltr'>illos;</span> <span class='ocrx_word' id='word_1_224' title='bbox 650 2060 786 2099; x_wconf 85' lang='lat' dir='ltr'>etiamsi</span> <span class='ocrx_word' id='word_1_225' title='bbox 812 2058 975 2097; x_wconf 89' lang='lat' dir='ltr'>noverim</span> <span class='ocrx_word' id='word_1_226' title='bbox 997 2058 1086 2096; x_wconf 90' lang='lat' dir='ltr'>mihi</span> <span class='ocrx_word' id='word_1_227' title='bbox 1113 2059 1197 2097; x_wconf 89' lang='lat' dir='ltr'>hinc</span> <span class='ocrx_word' id='word_1_228' title='bbox 1228 2069 1262 2097; x_wconf 90' lang='lat' dir='ltr'>et</span> 
     </span>
     <span class='ocr_line' id='line_1_32' title="bbox 272 2119 1260 2174; baseline -0.002 -12"><span class='ocrx_word' id='word_1_229' title='bbox 272 2125 395 2163; x_wconf 87' lang='lat' dir='ltr'>odium</span> <span class='ocrx_word' id='word_1_230' title='bbox 415 2134 447 2162; x_wconf 92' lang='lat' dir='ltr'>et</span> <span class='ocrx_word' id='word_1_231' title='bbox 466 2138 586 2161; x_wconf 85' lang='lat' dir='ltr'>necem</span> <span class='ocrx_word' id='word_1_232' title='bbox 608 2121 786 2174; x_wconf 82' lang='lat' dir='ltr'>apparari.</span> <span class='ocrx_word' id='word_1_233' title='bbox 812 2119 863 2158; x_wconf 84' lang='lat' dir='ltr'>Et</span> <span class='ocrx_word' id='word_1_234' title='bbox 886 2120 966 2168; x_wconf 85' lang='lat' dir='ltr'>ubi,</span> <span class='ocrx_word' id='word_1_235' title='bbox 989 2120 1141 2171; x_wconf 86' lang='lat' dir='ltr'>inquies,</span> <span class='ocrx_word' id='word_1_236' title='bbox 1162 2137 1260 2160; x_wconf 87' lang='lat' dir='ltr'>coar-</span> 
     </span>
     <span class='ocr_line' id='line_1_33' title="bbox 272 2181 1258 2235; baseline -0.003 -12"><span class='ocrx_word' id='word_1_237' title='bbox 272 2186 350 2235; x_wconf 78' lang='lat' dir='ltr'>guit</span> <span class='ocrx_word' id='word_1_238' title='bbox 378 2185 459 2223; x_wconf 68' lang='lat' dir='ltr'>eos?</span> <span class='ocrx_word' id='word_1_239' title='bbox 486 2186 562 2221; x_wconf 87' lang='lat' dir='ltr'>Imo</span> <span class='ocrx_word' id='word_1_240' title='bbox 588 2182 813 2234; x_wconf 85' lang='lat' dir='ltr'>quandonam</span> <span class='ocrx_word' id='word_1_241' title='bbox 839 2181 906 2218; x_wconf 87' lang='lat' dir='ltr'>hoc</span> <span class='ocrx_word' id='word_1_242' title='bbox 937 2181 1051 2218; x_wconf 86' lang='lat' dir='ltr'>facere</span> <span class='ocrx_word' id='word_1_243' title='bbox 1080 2183 1258 2220; x_wconf 71' lang='lat' dir='ltr'>cessavit?</span> 
     </span>
     <span class='ocr_line' id='line_1_34' title="bbox 273 2245 1259 2295; baseline -0.002 -11"><span class='ocrx_word' id='word_1_244' title='bbox 273 2261 387 2284; x_wconf 86' lang='lat' dir='ltr'>nonne</span> <span class='ocrx_word' id='word_1_245' title='bbox 402 2246 557 2295; x_wconf 86' lang='lat' dir='ltr'>dicebat,</span> <span class='ocrx_word' id='word_1_246' title='bbox 575 2245 707 2282; x_wconf 84' lang='lat' dir='ltr'>Nolite</span> <span class='ocrx_word' id='word_1_247' title='bbox 729 2252 867 2295; x_wconf 80' lang='lat' dir='ltr'>putare</span> <span class='ocrx_word' id='word_1_248' title='bbox 889 2245 984 2295; x_wconf 75' lang='lat' dir='ltr'>quia</span> <span class='ocrx_word' id='word_1_249' title='bbox 1007 2257 1079 2281; x_wconf 77' lang='lat' dir='ltr'>vos</span> <span class='ocrx_word' id='word_1_250' title='bbox 1101 2258 1259 2282; x_wconf 77' lang='lat' dir='ltr'>aecusa—</span> 
     </span>
     <span class='ocr_line' id='line_1_35' title="bbox 272 2307 1260 2358; baseline -0.003 -12"><span class='ocrx_word' id='word_1_251' title='bbox 272 2317 381 2346; x_wconf 80' lang='lat' dir='ltr'>tnrns</span> <span class='ocrx_word' id='word_1_252' title='bbox 397 2322 480 2345; x_wconf 82' lang='lat' dir='ltr'>snm</span> <span class='ocrx_word' id='word_1_253' title='bbox 502 2307 609 2358; x_wconf 79' lang='lat' dir='ltr'>apud</span> <span class='ocrx_word' id='word_1_254' title='bbox 630 2307 789 2343; x_wconf 81' lang='lat' dir='ltr'>Patrem</span> <span class='ocrx_word' id='word_1_255' title='bbox 808 2320 817 2340; x_wconf 91' lang='grc'>.·</span> <span class='ocrx_word' id='word_1_256' title='bbox 837 2312 893 2341; x_wconf 81' lang='lat' dir='ltr'>est</span> <span class='ocrx_word' id='word_1_257' title='bbox 922 2307 989 2356; x_wconf 81' lang='lat' dir='ltr'>qui</span> <span class='ocrx_word' id='word_1_258' title='bbox 1011 2314 1168 2342; x_wconf 80' lang='lat' dir='ltr'>accusat</span> <span class='ocrx_word' id='word_1_259' title='bbox 1189 2319 1260 2343; x_wconf 83' lang='lat' dir='ltr'>vos</span> 
     </span>
     <span class='ocr_line' id='line_1_36' title="bbox 272 2366 1260 2419; baseline -0.003 -12"><span class='ocrx_word' id='word_1_260' title='bbox 272 2371 448 2418; x_wconf 66' lang='lat' dir='ltr'>„Moyses5</span> <span class='ocrx_word' id='word_1_261' title='bbox 464 2377 509 2415; x_wconf 88' lang='lat' dir='ltr'>et,</span> <span class='ocrx_word' id='word_1_262' title='bbox 527 2369 610 2419; x_wconf 82' lang='lat' dir='ltr'>Ego</span> <span class='ocrx_word' id='word_1_263' title='bbox 626 2368 787 2418; x_wconf 68' lang='lat' dir='ltr'>cognovi</span> <span class='ocrx_word' id='word_1_264' title='bbox 803 2379 886 2413; x_wconf 78' lang='lat' dir='ltr'>vos,</span> <span class='ocrx_word' id='word_1_265' title='bbox 908 2368 1001 2417; x_wconf 81' lang='lat' dir='ltr'>quia</span> <span class='ocrx_word' id='word_1_266' title='bbox 1017 2366 1260 2404; x_wconf 80' lang='lat' dir='ltr'>dilectionem</span> 
     </span>
     <span class='ocr_line' id='line_1_37' title="bbox 271 2427 1255 2478; baseline -0.002 -11"><span class='ocrx_word' id='word_1_267' title='bbox 271 2432 348 2467; x_wconf 73' lang='lat' dir='ltr'>Dei</span> <span class='ocrx_word' id='word_1_268' title='bbox 365 2444 441 2467; x_wconf 85' lang='lat' dir='ltr'>non</span> <span class='ocrx_word' id='word_1_269' title='bbox 458 2431 622 2473; x_wconf 76' lang='lat' dir='ltr'>habetis‚·</span> <span class='ocrx_word' id='word_1_270' title='bbox 639 2437 686 2477; x_wconf 88' lang='lat' dir='ltr'>et,</span> <span class='ocrx_word' id='word_1_271' title='bbox 705 2427 902 2478; x_wconf 81' lang='lat' dir='ltr'>Quomodo</span> <span class='ocrx_word' id='word_1_272' title='bbox 915 2429 1073 2478; x_wconf 83' lang='lat' dir='ltr'>potestis</span> <span class='ocrx_word' id='word_1_273' title='bbox 1090 2428 1255 2474; x_wconf 81' lang='lat' dir='ltr'>credere,</span> 
     </span>
     <span class='ocr_line' id='line_1_38' title="bbox 272 2489 1255 2543; baseline -0.002 -15"><span class='ocrx_word' id='word_1_274' title='bbox 272 2495 339 2543; x_wconf 77' lang='lat' dir='ltr'>qui</span> <span class='ocrx_word' id='word_1_275' title='bbox 352 2492 517 2542; x_wconf 73' lang='lat' dir='ltr'>gloriam</span> <span class='ocrx_word' id='word_1_276' title='bbox 535 2492 583 2527; x_wconf 80' lang='lat' dir='ltr'>ab</span> <span class='ocrx_word' id='word_1_277' title='bbox 601 2490 819 2526; x_wconf 79' lang='lat' dir='ltr'>hominibus</span> <span class='ocrx_word' id='word_1_278' title='bbox 828 2490 1014 2539; x_wconf 77' lang='lat' dir='ltr'>accipitis,</span> <span class='ocrx_word' id='word_1_279' title='bbox 1031 2497 1066 2525; x_wconf 86' lang='lat' dir='ltr'>et</span> <span class='ocrx_word' id='word_1_280' title='bbox 1075 2489 1255 2539; x_wconf 81' lang='lat' dir='ltr'>gloriam,</span> 
     </span>
     <span class='ocr_line' id='line_1_39' title="bbox 272 2549 1258 2605; baseline 0 -16"><span class='ocrx_word' id='word_1_281' title='bbox 272 2567 358 2605; x_wconf 73' lang='lat' dir='ltr'>quse</span> <span class='ocrx_word' id='word_1_282' title='bbox 377 2567 401 2590; x_wconf 80' lang='grc' dir='ltr'>(ι</span> <span class='ocrx_word' id='word_1_283' title='bbox 417 2554 497 2590; x_wconf 85' lang='lat' dir='ltr'>solo</span> <span class='ocrx_word' id='word_1_284' title='bbox 516 2553 599 2589; x_wconf 89' lang='lat' dir='ltr'>Deo</span> <span class='ocrx_word' id='word_1_285' title='bbox 616 2560 685 2597; x_wconf 80' lang='lat' dir='ltr'>est,</span> <span class='ocrx_word' id='word_1_286' title='bbox 707 2564 784 2587; x_wconf 86' lang='lat' dir='ltr'>non</span> <span class='ocrx_word' id='word_1_287' title='bbox 801 2552 999 2602; x_wconf 74' lang='lat' dir='ltr'>qzcoeritz&#39;s?</span> <span class='ocrx_word' id='word_1_288' title='bbox 1016 2549 1149 2589; x_wconf 87' lang='lat' dir='ltr'>Viden&#39;</span> <span class='ocrx_word' id='word_1_289' title='bbox 1169 2566 1258 2603; x_wconf 87' lang='lat' dir='ltr'>quo-</span> 
     </span>
     <span class='ocr_line' id='line_1_40' title="bbox 272 2609 1259 2664; baseline 0.001 -14"><span class='ocrx_word' id='word_1_290' title='bbox 272 2613 377 2650; x_wconf 86' lang='lat' dir='ltr'>modo</span> <span class='ocrx_word' id='word_1_291' title='bbox 398 2627 460 2664; x_wconf 82' lang='lat' dir='ltr'>per</span> <span class='ocrx_word' id='word_1_292' title='bbox 482 2612 599 2649; x_wconf 89' lang='lat' dir='ltr'>omnia</span> <span class='ocrx_word' id='word_1_293' title='bbox 624 2610 835 2659; x_wconf 89' lang='lat' dir='ltr'>ostenderit,</span> <span class='ocrx_word' id='word_1_294' title='bbox 861 2609 985 2647; x_wconf 87' lang='lat' dir='ltr'>odium</span> <span class='ocrx_word' id='word_1_295' title='bbox 1010 2609 1202 2649; x_wconf 88' lang='lat' dir='ltr'>adversum</span> <span class='ocrx_word' id='word_1_296' title='bbox 1223 2627 1259 2651; x_wconf 91' lang='lat' dir='ltr'>se</span> 
     </span>
     <span class='ocr_line' id='line_1_41' title="bbox 270 2670 1259 2725; baseline 0.002 -16"><span class='ocrx_word' id='word_1_297' title='bbox 270 2683 472 2725; x_wconf 78' lang='lat' dir='ltr'>susceptum</span> <span class='ocrx_word' id='word_1_298' title='bbox 510 2673 590 2710; x_wconf 83' lang='lat' dir='ltr'>inde</span> <span class='ocrx_word' id='word_1_299' title='bbox 618 2681 737 2710; x_wconf 86' lang='lat' dir='ltr'>ortum</span> <span class='ocrx_word' id='word_1_300' title='bbox 763 2686 855 2720; x_wconf 91' lang='lat' dir='ltr'>esse,</span> <span class='ocrx_word' id='word_1_301' title='bbox 888 2670 984 2722; x_wconf 88' lang='lat' dir='ltr'>quod</span> <span class='ocrx_word' id='word_1_302' title='bbox 1021 2671 1115 2723; x_wconf 84' lang='lat' dir='ltr'>ipsos</span> <span class='ocrx_word' id='word_1_303' title='bbox 1148 2672 1259 2711; x_wconf 88' lang='lat' dir='ltr'>libere</span> 
     </span>
     <span class='ocr_line' id='line_1_42' title="bbox 271 2732 1258 2785; baseline 0 -14"><span class='ocrx_word' id='word_1_304' title='bbox 271 2734 512 2785; x_wconf 80' lang='lat' dir='ltr'>redargueret,</span> <span class='ocrx_word' id='word_1_305' title='bbox 543 2749 610 2771; x_wconf 87' lang='lat' dir='ltr'>non</span> <span class='ocrx_word' id='word_1_306' title='bbox 640 2732 735 2783; x_wconf 89' lang='lat' dir='ltr'>quod</span> <span class='ocrx_word' id='word_1_307' title='bbox 768 2733 954 2770; x_wconf 79' lang='lat' dir='ltr'>sabbatum</span> <span class='ocrx_word' id='word_1_308' title='bbox 983 2733 1160 2771; x_wconf 72' lang='lat' dir='ltr'>solveret?</span> <span class='ocrx_word' id='word_1_309' title='bbox 1185 2735 1258 2772; x_wconf 89' lang='lat' dir='ltr'>Cur</span> 
     </span>
     <span class='ocr_line' id='line_1_43' title="bbox 270 2792 1255 2833; baseline 0.001 -2"><span class='ocrx_word' id='word_1_310' title='bbox 270 2804 388 2833; x_wconf 74' lang='lat' dir='ltr'>autern</span> <span class='ocrx_word' id='word_1_311' title='bbox 419 2794 499 2831; x_wconf 81' lang='lat' dir='ltr'>illos</span> <span class='ocrx_word' id='word_1_312' title='bbox 532 2793 576 2830; x_wconf 81' lang='lat' dir='ltr'>ad</span> <span class='ocrx_word' id='word_1_313' title='bbox 608 2794 735 2830; x_wconf 86' lang='lat' dir='ltr'>festum</span> <span class='ocrx_word' id='word_1_314' title='bbox 768 2793 878 2830; x_wconf 84' lang='lat' dir='ltr'>mittit</span> <span class='ocrx_word' id='word_1_315' title='bbox 911 2792 1032 2830; x_wconf 87' lang='lat' dir='ltr'>dicens</span> <span class='ocrx_word' id='word_1_316' title='bbox 1068 2809 1076 2830; x_wconf 77' lang='grc' dir='ltr'><strong><em>ε</em></strong></span> <span class='ocrx_word' id='word_1_317' title='bbox 1109 2793 1144 2832; x_wconf 82' lang='grc'>8.</span> <span class='ocrx_word' id='word_1_318' title='bbox 1182 2797 1255 2832; x_wconf 84' lang='lat' dir='ltr'>Vos</span> 
     </span>
     <span class='ocr_line' id='line_1_44' title="bbox 271 2855 1255 2905; baseline 0 -12"><span class='ocrx_word' id='word_1_319' title='bbox 271 2856 466 2893; x_wconf 74' lang='lat' dir='ltr'>ascendite</span> <span class='ocrx_word' id='word_1_320' title='bbox 482 2855 534 2891; x_wconf 81' lang='lat' dir='ltr'>ad</span> <span class='ocrx_word' id='word_1_321' title='bbox 549 2855 649 2890; x_wconf 79' lang='lat' dir='ltr'>diem</span> <span class='ocrx_word' id='word_1_322' title='bbox 665 2855 832 2905; x_wconf 82' lang='lat' dir='ltr'>festum,</span> <span class='ocrx_word' id='word_1_323' title='bbox 861 2868 927 2905; x_wconf 78' lang='lat' dir='ltr'>ego</span> <span class='ocrx_word' id='word_1_324' title='bbox 951 2867 1028 2891; x_wconf 82' lang='lat' dir='ltr'>non</span> <span class='ocrx_word' id='word_1_325' title='bbox 1047 2857 1255 2893; x_wconf 77' lang='lat' dir='ltr'>ascendam</span> 
     </span>
     <span class='ocr_line' id='line_1_45' title="bbox 270 2914 1255 2963; baseline 0.001 -9"><span class='ocrx_word' id='word_1_326' title='bbox 270 2918 399 2954; x_wconf 78' lang='lat' dir='ltr'>adhuc</span> <span class='ocrx_word' id='word_1_327' title='bbox 416 2921 431 2953; x_wconf 74' lang='grc' dir='ltr'><em>Ρ</em></span> <span class='ocrx_word' id='word_1_328' title='bbox 447 2917 496 2953; x_wconf 89' lang='lat' dir='ltr'>Ut</span> <span class='ocrx_word' id='word_1_329' title='bbox 513 2914 671 2952; x_wconf 79' lang='lat' dir='ltr'>ostendat</span> <span class='ocrx_word' id='word_1_330' title='bbox 691 2930 726 2952; x_wconf 88' lang='lat' dir='ltr'>se</span> <span class='ocrx_word' id='word_1_331' title='bbox 745 2930 812 2952; x_wconf 89' lang='lat' dir='ltr'>non</span> <span class='ocrx_word' id='word_1_332' title='bbox 836 2915 897 2952; x_wconf 86' lang='lat' dir='ltr'>illa</span> <span class='ocrx_word' id='word_1_333' title='bbox 923 2915 1073 2963; x_wconf 84' lang='lat' dir='ltr'>dixisse,</span> <span class='ocrx_word' id='word_1_334' title='bbox 1093 2930 1128 2954; x_wconf 90' lang='lat' dir='ltr'>se</span> <span class='ocrx_word' id='word_1_335' title='bbox 1147 2931 1255 2955; x_wconf 84' lang='lat' dir='ltr'>excu-</span> 
     </span>
     <span class='ocr_line' id='line_1_46' title="bbox 271 2975 1255 3027; baseline 0.001 -13"><span class='ocrx_word' id='word_1_336' title='bbox 271 2978 371 3015; x_wconf 77' lang='lat' dir='ltr'>sandi</span> <span class='ocrx_word' id='word_1_337' title='bbox 388 2977 444 3015; x_wconf 67' lang='lat' dir='ltr'>vel</span> <span class='ocrx_word' id='word_1_338' title='bbox 462 2975 634 3012; x_wconf 85' lang='lat' dir='ltr'>adulandi</span> <span class='ocrx_word' id='word_1_339' title='bbox 655 2989 776 3022; x_wconf 86' lang='lat' dir='ltr'>eausa,</span> <span class='ocrx_word' id='word_1_340' title='bbox 802 2975 861 3011; x_wconf 83' lang='lat' dir='ltr'>sed</span> <span class='ocrx_word' id='word_1_341' title='bbox 885 2984 923 3012; x_wconf 85' lang='lat' dir='ltr'>ut</span> <span class='ocrx_word' id='word_1_342' title='bbox 945 2976 1163 3027; x_wconf 85' lang='lat' dir='ltr'>permitteret</span> <span class='ocrx_word' id='word_1_343' title='bbox 1191 2980 1255 3017; x_wconf 85' lang='lat' dir='ltr'>Ju-</span> 
     </span>
     <span class='ocr_line' id='line_1_47' title="bbox 270 3036 1256 3084; baseline 0.001 -9"><span class='ocrx_word' id='word_1_344' title='bbox 270 3038 392 3075; x_wconf 78' lang='lat' dir='ltr'>da&#39;i&#39;cos</span> <span class='ocrx_word' id='word_1_345' title='bbox 414 3050 554 3074; x_wconf 78' lang='lat' dir='ltr'>servare</span> <span class='ocrx_word' id='word_1_346' title='bbox 574 3036 675 3073; x_wconf 86' lang='lat' dir='ltr'>ritus.</span> <span class='ocrx_word' id='word_1_347' title='bbox 704 3036 776 3072; x_wconf 88' lang='lat' dir='ltr'>Cur</span> <span class='ocrx_word' id='word_1_348' title='bbox 801 3049 884 3084; x_wconf 73' lang='lat' dir='ltr'>ergo</span> <span class='ocrx_word' id='word_1_349' title='bbox 911 3037 1082 3082; x_wconf 84' lang='lat' dir='ltr'>ascendit,</span> <span class='ocrx_word' id='word_1_350' title='bbox 1101 3053 1182 3076; x_wconf 89' lang='lat' dir='ltr'>cum</span> <span class='ocrx_word' id='word_1_351' title='bbox 1202 3039 1256 3077; x_wconf 82' lang='lat' dir='ltr'>di-</span> 
     </span>
     <span class='ocr_line' id='line_1_48' title="bbox 271 3096 1254 3151; baseline 0 -14"><span class='ocrx_word' id='word_1_352' title='bbox 271 3100 398 3147; x_wconf 70' lang='lat' dir='ltr'>xisset,</span> <span class='ocrx_word' id='word_1_353' title='bbox 424 3100 513 3136; x_wconf 82' lang='lat' dir='ltr'>Non</span> <span class='ocrx_word' id='word_1_354' title='bbox 544 3097 777 3134; x_wconf 77' lang='lat' dir='ltr'>ascendam?</span> <span class='ocrx_word' id='word_1_355' title='bbox 804 3098 881 3133; x_wconf 82' lang='lat' dir='ltr'>Non</span> <span class='ocrx_word' id='word_1_356' title='bbox 903 3096 998 3134; x_wconf 80' lang='lat' dir='ltr'>dixit</span> <span class='ocrx_word' id='word_1_357' title='bbox 1027 3098 1254 3151; x_wconf 74' lang='lat' dir='ltr'>simpliciter,</span> 
     </span>
     <span class='ocr_line' id='line_1_49' title="bbox 272 3155 1253 3206; baseline 0 -8"><span class='ocrx_word' id='word_1_358' title='bbox 272 3163 348 3198; x_wconf 83' lang='lat' dir='ltr'>Non</span> <span class='ocrx_word' id='word_1_359' title='bbox 375 3159 580 3205; x_wconf 83' lang='lat' dir='ltr'>ascendam3</span> <span class='ocrx_word' id='word_1_360' title='bbox 605 3156 667 3195; x_wconf 88' lang='lat' dir='ltr'>sed</span> <span class='ocrx_word' id='word_1_361' title='bbox 686 3155 800 3202; x_wconf 76' lang='lat' dir='ltr'>addit,</span> <span class='ocrx_word' id='word_1_362' title='bbox 831 3157 958 3203; x_wconf 80' lang='lat' dir='ltr'>Nune,</span> <span class='ocrx_word' id='word_1_363' title='bbox 985 3157 1021 3195; x_wconf 88' lang='lat' dir='ltr'>id</span> <span class='ocrx_word' id='word_1_364' title='bbox 1044 3168 1111 3206; x_wconf 85' lang='lat' dir='ltr'>est,</span> <span class='ocrx_word' id='word_1_365' title='bbox 1134 3161 1253 3198; x_wconf 74' lang='lat' dir='ltr'>vobis-</span> 
     </span>
     <span class='ocr_line' id='line_1_50' title="bbox 273 3218 1316 3278; baseline 0 -20"><span class='ocrx_word' id='word_1_366' title='bbox 273 3235 365 3267; x_wconf 69' lang='lat' dir='ltr'>emm</span> <span class='ocrx_word' id='word_1_367' title='bbox 381 3221 481 3269; x_wconf 81' lang='lat' dir='ltr'>Quia</span> <span class='ocrx_word' id='word_1_368' title='bbox 495 3228 641 3269; x_wconf 79' lang='lat' dir='ltr'>tempus</span> <span class='ocrx_word' id='word_1_369' title='bbox 656 3230 778 3254; x_wconf 82' lang='lat' dir='ltr'>meum</span> <span class='ocrx_word' id='word_1_370' title='bbox 792 3218 960 3254; x_wconf 83' lang='lat' dir='ltr'>nondum</span> <span class='ocrx_word' id='word_1_371' title='bbox 973 3220 1171 3270; x_wconf 77' lang='lat' dir='ltr'>impletum</span> <span class='ocrx_word' id='word_1_372' title='bbox 1182 3230 1250 3259; x_wconf 82' lang='lat' dir='ltr'>est.</span> <span class='ocrx_word' id='word_1_373' title='bbox 1268 3255 1316 3278; x_wconf 65' lang='lat'>236</span> 
     </span>
     <span class='ocr_line' id='line_1_51' title="bbox 274 3277 1304 3331; baseline 0.003 -14.029"><span class='ocrx_word' id='word_1_374' title='bbox 274 3281 380 3331; x_wconf 70' lang='lat' dir='ltr'>Atqui</span> <span class='ocrx_word' id='word_1_375' title='bbox 395 3281 429 3317; x_wconf 91' lang='lat' dir='ltr'>in</span> <span class='ocrx_word' id='word_1_376' title='bbox 445 3279 610 3331; x_wconf 77' lang='lat' dir='ltr'>ploximo</span> <span class='ocrx_word' id='word_1_377' title='bbox 623 3277 793 3315; x_wconf 83' lang='lat' dir='ltr'>Paschate</span> <span class='ocrx_word' id='word_1_378' title='bbox 806 3277 1066 3327; x_wconf 76' lang='lat' dir='ltr'>ciuciligendus</span> <span class='ocrx_word' id='word_1_379' title='bbox 1080 3294 1116 3317; x_wconf 86' lang='lat' dir='ltr'>er</span> <span class='ocrx_word' id='word_1_380' title='bbox 1119 3289 1163 3317; x_wconf 82' lang='lat' dir='ltr'>a.t</span> <span class='ocrx_word' id='word_1_381' title='bbox 1182 3281 1253 3319; x_wconf 86' lang='lat' dir='ltr'>Cur</span> <span class='ocrx_word' id='word_1_382' title='bbox 1280 3291 1304 3320; x_wconf 89' lang='grc' dir='ltr'><strong>Λ</strong></span> 
     </span>
    </p>
   </div>
   <div class='ocr_carea' id='block_1_3' title="bbox 724 205 1267 240">
    <p class='ocr_par' dir='ltr' id='par_1_3' title="bbox 724 205 1267 240">
     <span class='ocr_line' id='line_1_52' title="bbox 724 205 1267 240; baseline -0.009 0"><span class='ocrx_word' id='word_1_383' title='bbox 724 208 762 240; x_wconf 83' lang='lat' dir='ltr'>S.</span> <span class='ocrx_word' id='word_1_384' title='bbox 801 206 987 239; x_wconf 80' lang='lat' dir='ltr'>JOANNIS</span> <span class='ocrx_word' id='word_1_385' title='bbox 1022 205 1267 237; x_wconf 81' lang='lat' dir='ltr'>CHRYSOST.</span> 
     </span>
    </p>
   </div>
   <div class='ocr_carea' id='block_1_4' title="bbox 1290 784 1314 814">
    <p class='ocr_par' dir='ltr' id='par_1_4' title="bbox 1290 784 1314 814">
     <span class='ocr_line' id='line_1_53' title="bbox 1290 784 1314 814; baseline 0 0"><span class='ocrx_word' id='word_1_386' title='bbox 1290 784 1314 814; x_wconf 91' lang='lat' dir='ltr'><strong>B</strong></span> 
     </span>
    </p>
   </div>
   <div class='ocr_carea' id='block_1_5' title="bbox 318 3400 957 3443">
    <p class='ocr_par' dir='ltr' id='par_1_5' title="bbox 318 3400 957 3443">
     <span class='ocr_line' id='line_1_54' title="bbox 318 3400 957 3443; baseline 0 -12"><span class='ocrx_word' id='word_1_387' title='bbox 318 3414 330 3425; x_wconf 85' lang='lat'>-·</span> <span class='ocrx_word' id='word_1_388' title='bbox 357 3400 460 3432; x_wconf 66' lang='lat' dir='ltr'>Savil.</span> <span class='ocrx_word' id='word_1_389' title='bbox 478 3406 552 3443; x_wconf 60' lang='lat' dir='ltr'>lis-:c</span> <span class='ocrx_word' id='word_1_390' title='bbox 566 3426 572 3438; x_wconf 75' lang='lat'>,</span> <span class='ocrx_word' id='word_1_391' title='bbox 590 3403 635 3434; x_wconf 67' lang='grc' dir='ltr'>ῧιά</span> <span class='ocrx_word' id='word_1_392' title='bbox 654 3410 710 3433; x_wconf 70' lang='grc' dir='ltr'>τῶν</span> <span class='ocrx_word' id='word_1_393' title='bbox 729 3402 788 3439; x_wconf 66' lang='grc' dir='ltr'>ἑξῆς</span> <span class='ocrx_word' id='word_1_394' title='bbox 806 3402 957 3438; x_wconf 57' lang='grc' dir='ltr'>ἐδήλωσεν.</span> 
     </span>
    </p>
   </div>
   <div class='ocr_carea' id='block_1_6' title="bbox 1307 205 1910 237">
    <p class='ocr_par' dir='ltr' id='par_1_6' title="bbox 1307 205 1910 237">
     <span class='ocr_line' id='line_1_55' title="bbox 1307 205 1910 237; baseline 0 -1"><span class='ocrx_word' id='word_1_395' title='bbox 1307 207 1360 236; x_wconf 78' lang='grc' dir='ltr'>ΑΒ</span> <span class='ocrx_word' id='word_1_396' title='bbox 1368 207 1513 237; x_wconf 81' lang='lat' dir='ltr'><strong>CHIEP.</strong></span> <span class='ocrx_word' id='word_1_397' title='bbox 1550 205 1910 237; x_wconf 82' lang='lat' dir='ltr'><strong>CONSTANTINOP.</strong></span> 
     </span>
    </p>
   </div>
   <div class='ocr_carea' id='block_1_7' title="bbox 1332 286 2365 2477">
    <p class='ocr_par' dir='ltr' id='par_1_7' title="bbox 1332 286 2365 2477">
     <span class='ocr_line' id='line_1_56' title="bbox 1341 286 2365 339; baseline 0.001 -14"><span class='ocrx_word' id='word_1_398' title='bbox 1341 286 1494 335; x_wconf 89' lang='grc' dir='ltr'>λεύοντο,</span> <span class='ocrx_word' id='word_1_399' title='bbox 1522 286 1782 339; x_wconf 85' lang='grc' dir='ltr'>βασκαίνοντες,</span> <span class='ocrx_word' id='word_1_400' title='bbox 1802 294 1873 331; x_wconf 89' lang='grc' dir='ltr'>τοῖς</span> <span class='ocrx_word' id='word_1_401' title='bbox 1889 286 2078 331; x_wconf 86' lang='grc' dir='ltr'>Ἰουδαίοις.</span> <span class='ocrx_word' id='word_1_402' title='bbox 2101 287 2165 327; x_wconf 83' lang='grc' dir='ltr'>Διὸ</span> <span class='ocrx_word' id='word_1_403' title='bbox 2185 286 2245 325; x_wconf 75' lang='grc' dir='ltr'>καὶ</span> <span class='ocrx_word' id='word_1_404' title='bbox 2264 289 2365 326; x_wconf 74' lang='grc' dir='ltr'>τοῦτο</span> 
     </span>
     <span class='ocr_line' id='line_1_57' title="bbox 1340 348 2362 401; baseline -0.001 -15"><span class='ocrx_word' id='word_1_405' title='bbox 1340 348 1513 401; x_wconf 71' lang='grc' dir='ltr'>ἐμφαίνων</span> <span class='ocrx_word' id='word_1_406' title='bbox 1535 349 1650 401; x_wconf 79' lang='grc' dir='ltr'>φησὶν,</span> <span class='ocrx_word' id='word_1_407' title='bbox 1665 348 1709 386; x_wconf 74' lang='lat' dir='ltr'>‘O</span> <span class='ocrx_word' id='word_1_408' title='bbox 1725 349 1843 400; x_wconf 81' lang='grc' dir='ltr'>καιρὸς</span> <span class='ocrx_word' id='word_1_409' title='bbox 1858 351 1876 386; x_wconf 82' lang='grc' dir='ltr'>ὃ</span> <span class='ocrx_word' id='word_1_410' title='bbox 1891 349 1972 399; x_wconf 83' lang='grc' dir='ltr'>ἐμὸς</span> <span class='ocrx_word' id='word_1_411' title='bbox 1989 348 2085 386; x_wconf 81' lang='grc' dir='ltr'>οὔπω</span> <span class='ocrx_word' id='word_1_412' title='bbox 2103 348 2272 401; x_wconf 82' lang='grc' dir='ltr'>πάρεστι·</span> <span class='ocrx_word' id='word_1_413' title='bbox 2287 364 2362 386; x_wconf 88' lang='grc' dir='ltr'>του-</span> 
     </span>
     <span class='ocr_line' id='line_1_58' title="bbox 1337 402 2362 462; baseline -0.001 -15"><span class='ocrx_word' id='word_1_414' title='bbox 1337 410 1463 457; x_wconf 83' lang='grc' dir='ltr'>τέστιν,</span> <span class='ocrx_word' id='word_1_415' title='bbox 1479 414 1496 448; x_wconf 84' lang='grc' dir='ltr'>ὃ</span> <span class='ocrx_word' id='word_1_416' title='bbox 1515 414 1573 448; x_wconf 76' lang='grc' dir='ltr'>τοῦ</span> <span class='ocrx_word' id='word_1_417' title='bbox 1605 414 1751 462; x_wconf 88' lang='grc' dir='ltr'>σταυροῦ</span> <span class='ocrx_word' id='word_1_418' title='bbox 1776 410 1836 448; x_wconf 81' lang='grc' dir='ltr'>καὶ</span> <span class='ocrx_word' id='word_1_419' title='bbox 1867 413 1926 447; x_wconf 86' lang='grc' dir='ltr'>τοῦ</span> <span class='ocrx_word' id='word_1_420' title='bbox 1946 410 2102 448; x_wconf 86' lang='grc' dir='ltr'>θανάτου.</span> <span class='ocrx_word' id='word_1_421' title='bbox 2129 409 2176 447; x_wconf 86' lang='grc' dir='ltr'>Τί</span> <span class='ocrx_word' id='word_1_422' title='bbox 2205 402 2262 447; x_wconf 62' lang='grc' dir='ltr'>οἷν</span> <span class='ocrx_word' id='word_1_423' title='bbox 2293 408 2362 461; x_wconf 82' lang='grc' dir='ltr'>πρὸ</span> 
     </span>
     <span class='ocr_line' id='line_1_59' title="bbox 1337 469 2361 524; baseline -0.001 -17"><span class='ocrx_word' id='word_1_424' title='bbox 1337 475 1458 524; x_wconf 77' lang='grc' dir='ltr'>καιροῦ</span> <span class='ocrx_word' id='word_1_425' title='bbox 1479 470 1700 522; x_wconf 85' lang='grc' dir='ltr'>κατεπείγετε</span> <span class='ocrx_word' id='word_1_426' title='bbox 1728 472 1876 518; x_wconf 74' lang='grc' dir='ltr'>ἀνελεῖν,</span> <span class='ocrx_word' id='word_1_427' title='bbox 1901 469 1945 508; x_wconf 84' lang='lat' dir='ltr'>‘O</span> <span class='ocrx_word' id='word_1_428' title='bbox 1966 470 2001 509; x_wconf 78' lang='grc' dir='ltr'>δὲ</span> <span class='ocrx_word' id='word_1_429' title='bbox 2027 470 2146 524; x_wconf 81' lang='grc' dir='ltr'>καιρὸς</span> <span class='ocrx_word' id='word_1_430' title='bbox 2164 473 2181 507; x_wconf 85' lang='grc' dir='ltr'>ὁ</span> <span class='ocrx_word' id='word_1_431' title='bbox 2199 470 2361 521; x_wconf 83' lang='grc' dir='ltr'>ὑμέτερος</span> 
     </span>
     <span class='ocr_line' id='line_1_60' title="bbox 1337 528 2360 582; baseline -0.004 -12"><span class='ocrx_word' id='word_1_432' title='bbox 1337 531 1485 570; x_wconf 80' lang='grc' dir='ltr'>πάντοτε</span> <span class='ocrx_word' id='word_1_433' title='bbox 1514 530 1650 582; x_wconf 80' lang='grc' dir='ltr'>ἕτοιμός</span> <span class='ocrx_word' id='word_1_434' title='bbox 1676 533 1779 569; x_wconf 80' lang='grc' dir='ltr'>ἐστιν.</span> <span class='ocrx_word' id='word_1_435' title='bbox 1796 530 1894 568; x_wconf 80' lang='grc' dir='ltr'>Ὡσεὶ</span> <span class='ocrx_word' id='word_1_436' title='bbox 1921 530 2052 582; x_wconf 84' lang='grc' dir='ltr'>ἔλεγεν·</span> <span class='ocrx_word' id='word_1_437' title='bbox 2082 534 2178 580; x_wconf 80' lang='grc' dir='ltr'>ὑμεῖς</span> <span class='ocrx_word' id='word_1_438' title='bbox 2211 529 2274 567; x_wconf 81' lang='grc' dir='ltr'>κᾶν</span> <span class='ocrx_word' id='word_1_439' title='bbox 2307 528 2360 566; x_wconf 81' lang='grc' dir='ltr'>ἀεὶ</span> 
     </span>
     <span class='ocr_line' id='line_1_61' title="bbox 1338 590 2359 644; baseline -0.002 -13"><span class='ocrx_word' id='word_1_440' title='bbox 1338 596 1459 639; x_wconf 73' lang='grc' dir='ltr'>συνῆτε</span> <span class='ocrx_word' id='word_1_441' title='bbox 1475 599 1544 636; x_wconf 89' lang='grc' dir='ltr'>τοῖς</span> <span class='ocrx_word' id='word_1_442' title='bbox 1563 592 1759 640; x_wconf 79' lang='grc' dir='ltr'>Ἰουδαίοις,</span> <span class='ocrx_word' id='word_1_443' title='bbox 1770 594 1831 630; x_wconf 78' lang='grc' dir='ltr'>οὐκ</span> <span class='ocrx_word' id='word_1_444' title='bbox 1847 592 2089 644; x_wconf 84' lang='grc' dir='ltr'>ἀναιρήσουσιν</span> <span class='ocrx_word' id='word_1_445' title='bbox 2105 594 2194 643; x_wconf 79' lang='grc' dir='ltr'>ὑμᾶς</span> <span class='ocrx_word' id='word_1_446' title='bbox 2207 590 2251 629; x_wconf 86' lang='grc' dir='ltr'>τὰ</span> <span class='ocrx_word' id='word_1_447' title='bbox 2271 591 2359 629; x_wconf 82' lang='grc' dir='ltr'>αὐτὰ</span> 
     </span>
     <span class='ocr_line' id='line_1_62' title="bbox 1337 652 2359 704; baseline -0.002 -12"><span class='ocrx_word' id='word_1_448' title='bbox 1337 655 1522 700; x_wconf 76' lang='grc' dir='ltr'>ζηλοῦντας</span> <span class='ocrx_word' id='word_1_449' title='bbox 1544 656 1656 696; x_wconf 80' lang='grc' dir='ltr'>αὐτοῖς</span> <span class='ocrx_word' id='word_1_450' title='bbox 1669 669 1676 676; x_wconf 93' lang='grc'><em>·</em></span> <span class='ocrx_word' id='word_1_451' title='bbox 1701 652 1763 704; x_wconf 82' lang='grc' dir='ltr'>ἐμὲ</span> <span class='ocrx_word' id='word_1_452' title='bbox 1780 652 1815 691; x_wconf 80' lang='grc' dir='ltr'>δὲ</span> <span class='ocrx_word' id='word_1_453' title='bbox 1835 652 1956 696; x_wconf 78' lang='grc' dir='ltr'>εὐθέως</span> <span class='ocrx_word' id='word_1_454' title='bbox 1972 653 2196 704; x_wconf 83' lang='grc' dir='ltr'>βουλήσονται</span> <span class='ocrx_word' id='word_1_455' title='bbox 2216 654 2359 690; x_wconf 84' lang='grc' dir='ltr'>ἀνελεῖν.</span> 
     </span>
     <span class='ocr_line' id='line_1_63' title="bbox 1335 713 2359 768; baseline -0.002 -15"><span class='ocrx_word' id='word_1_456' title='bbox 1335 714 1444 754; x_wconf 62' lang='lat' dir='ltr'>“fiere</span> <span class='ocrx_word' id='word_1_457' title='bbox 1465 719 1546 767; x_wconf 76' lang='grc' dir='ltr'>ὑμῖν</span> <span class='ocrx_word' id='word_1_458' title='bbox 1570 715 1630 767; x_wconf 80' lang='grc' dir='ltr'>μὲν</span> <span class='ocrx_word' id='word_1_459' title='bbox 1660 716 1712 754; x_wconf 80' lang='grc' dir='ltr'>ἀεὶ</span> <span class='ocrx_word' id='word_1_460' title='bbox 1735 715 1794 753; x_wconf 83' lang='grc' dir='ltr'>καὶ</span> <span class='ocrx_word' id='word_1_461' title='bbox 1822 714 1940 768; x_wconf 79' lang='grc' dir='ltr'>καιρὸς</span> <span class='ocrx_word' id='word_1_462' title='bbox 1968 720 2119 752; x_wconf 81' lang='grc' dir='ltr'>συνεῖναι</span> <span class='ocrx_word' id='word_1_463' title='bbox 2152 713 2199 765; x_wconf 80' lang='grc' dir='ltr'>μὴ</span> <span class='ocrx_word' id='word_1_464' title='bbox 2239 715 2359 752; x_wconf 85' lang='grc' dir='ltr'>κινδυ-</span> 
     </span>
     <span class='ocr_line' id='line_1_64' title="bbox 1335 775 2359 829; baseline 0 -15"><span class='ocrx_word' id='word_1_465' title='bbox 1335 776 1508 815; x_wconf 81' lang='grc' dir='ltr'>νεύουσιν·</span> <span class='ocrx_word' id='word_1_466' title='bbox 1539 777 1616 828; x_wconf 79' lang='grc' dir='ltr'>ἐμοὶ</span> <span class='ocrx_word' id='word_1_467' title='bbox 1649 776 1684 814; x_wconf 79' lang='grc' dir='ltr'>δὲ</span> <span class='ocrx_word' id='word_1_468' title='bbox 1713 776 1790 815; x_wconf 84' lang='grc' dir='ltr'>τότε</span> <span class='ocrx_word' id='word_1_469' title='bbox 1822 776 1958 829; x_wconf 81' lang='grc' dir='ltr'>καιρὸς,</span> <span class='ocrx_word' id='word_1_470' title='bbox 1976 775 2056 814; x_wconf 81' lang='grc' dir='ltr'>ὅταν</span> <span class='ocrx_word' id='word_1_471' title='bbox 2086 778 2104 813; x_wconf 82' lang='grc' dir='ltr'>ὃ</span> <span class='ocrx_word' id='word_1_472' title='bbox 2133 780 2193 815; x_wconf 90' lang='grc' dir='ltr'>τοῦ</span> <span class='ocrx_word' id='word_1_473' title='bbox 2211 779 2359 827; x_wconf 87' lang='grc' dir='ltr'>σταυροῦ</span> 
     </span>
     <span class='ocr_line' id='line_1_65' title="bbox 1336 835 2358 891; baseline -0.001 -15"><span class='ocrx_word' id='word_1_474' title='bbox 1336 838 1454 891; x_wconf 80' lang='grc' dir='ltr'>καιρὸς</span> <span class='ocrx_word' id='word_1_475' title='bbox 1473 841 1611 889; x_wconf 75' lang='grc' dir='ltr'>ἐπιστῇ,</span> <span class='ocrx_word' id='word_1_476' title='bbox 1631 838 1712 876; x_wconf 81' lang='grc' dir='ltr'>ὅταν</span> <span class='ocrx_word' id='word_1_477' title='bbox 1733 838 1791 889; x_wconf 80' lang='grc' dir='ltr'>δέῃ</span> <span class='ocrx_word' id='word_1_478' title='bbox 1808 840 2002 875; x_wconf 88' lang='grc' dir='ltr'>ἀποθανεῖν.</span> <span class='ocrx_word' id='word_1_479' title='bbox 2023 836 2093 875; x_wconf 78' lang='grc' dir='ltr'>Καὶ</span> <span class='ocrx_word' id='word_1_480' title='bbox 2108 835 2175 889; x_wconf 81' lang='grc' dir='ltr'>γὰρ</span> <span class='ocrx_word' id='word_1_481' title='bbox 2192 835 2245 875; x_wconf 80' lang='grc' dir='ltr'>ὅτι</span> <span class='ocrx_word' id='word_1_482' title='bbox 2259 840 2358 875; x_wconf 91' lang='grc' dir='ltr'>τοῦτο</span> 
     </span>
     <span class='ocr_line' id='line_1_66' title="bbox 1334 897 2359 952; baseline -0.003 -14"><span class='ocrx_word' id='word_1_483' title='bbox 1334 899 1450 952; x_wconf 67' lang='grc' dir='ltr'>ἱὶλέγει</span> <span class='ocrx_word' id='word_1_484' title='bbox 1461 930 1470 947; x_wconf 86' lang='grc'>,</span> <span class='ocrx_word' id='word_1_485' title='bbox 1487 901 1588 946; x_wconf 77' lang='grc' dir='ltr'>δῆλον</span> <span class='ocrx_word' id='word_1_486' title='bbox 1604 900 1660 938; x_wconf 78' lang='grc' dir='ltr'>διὰ</span> <span class='ocrx_word' id='word_1_487' title='bbox 1675 903 1736 946; x_wconf 76' lang='grc' dir='ltr'>τῆς</span> <span class='ocrx_word' id='word_1_488' title='bbox 1756 902 1940 950; x_wconf 64' lang='grc' dir='ltr'>ἐπαγωγῆς</span> <span class='ocrx_word' id='word_1_489' title='bbox 1951 915 1958 922; x_wconf 90' lang='grc'><em>·</em></span> <span class='ocrx_word' id='word_1_490' title='bbox 1975 901 2027 937; x_wconf 82' lang='grc' dir='ltr'>Οὐ</span> <span class='ocrx_word' id='word_1_491' title='bbox 2040 897 2180 936; x_wconf 84' lang='grc' dir='ltr'>δύναται</span> <span class='ocrx_word' id='word_1_492' title='bbox 2195 901 2212 936; x_wconf 78' lang='grc' dir='ltr'>ὁ</span> <span class='ocrx_word' id='word_1_493' title='bbox 2231 897 2359 948; x_wconf 84' lang='grc' dir='ltr'>κόσμος</span> 
     </span>
     <span class='ocr_line' id='line_1_67' title="bbox 1336 958 2359 1013; baseline -0.001 -16"><span class='ocrx_word' id='word_1_494' title='bbox 1336 966 1449 1010; x_wconf 81' lang='grc' dir='ltr'>μισεῖν</span> <span class='ocrx_word' id='word_1_495' title='bbox 1475 963 1577 1011; x_wconf 76' lang='grc' dir='ltr'>ὑμᾶς.</span> <span class='ocrx_word' id='word_1_496' title='bbox 1600 962 1683 1003; x_wconf 80' lang='grc' dir='ltr'>Πῶς</span> <span class='ocrx_word' id='word_1_497' title='bbox 1702 960 1769 1013; x_wconf 82' lang='grc' dir='ltr'>γὰρ</span> <span class='ocrx_word' id='word_1_498' title='bbox 1787 959 1866 1002; x_wconf 69' lang='grc' dir='ltr'>τοὺς</span> <span class='ocrx_word' id='word_1_499' title='bbox 1879 959 1924 997; x_wconf 83' lang='grc' dir='ltr'>τὰ</span> <span class='ocrx_word' id='word_1_500' title='bbox 1937 959 2022 997; x_wconf 77' lang='grc' dir='ltr'>αὐτὰ</span> <span class='ocrx_word' id='word_1_501' title='bbox 2045 958 2287 1010; x_wconf 77' lang='grc' dir='ltr'>βουλομένους,</span> <span class='ocrx_word' id='word_1_502' title='bbox 2299 959 2359 996; x_wconf 84' lang='grc' dir='ltr'>καὶ</span> 
     </span>
     <span class='ocr_line' id='line_1_68' title="bbox 1334 1018 2359 1073; baseline -0.001 -16"><span class='ocrx_word' id='word_1_503' title='bbox 1334 1019 1421 1071; x_wconf 79' lang='grc' dir='ltr'>ὑπὲρ</span> <span class='ocrx_word' id='word_1_504' title='bbox 1440 1023 1508 1058; x_wconf 83' lang='grc' dir='ltr'>τῶν</span> <span class='ocrx_word' id='word_1_505' title='bbox 1530 1023 1641 1058; x_wconf 77' lang='grc' dir='ltr'>αὐτῶν</span> <span class='ocrx_word' id='word_1_506' title='bbox 1657 1019 1960 1073; x_wconf 77' lang='grc' dir='ltr'>τρέχοντας;Ἔμὲ</span> <span class='ocrx_word' id='word_1_507' title='bbox 1975 1019 2010 1058; x_wconf 72' lang='grc' dir='ltr'>δὲ</span> <span class='ocrx_word' id='word_1_508' title='bbox 2031 1026 2142 1070; x_wconf 87' lang='grc' dir='ltr'>μισεῖ,</span> <span class='ocrx_word' id='word_1_509' title='bbox 2156 1019 2209 1057; x_wconf 79' lang='grc' dir='ltr'>ὅτι</span> <span class='ocrx_word' id='word_1_510' title='bbox 2225 1018 2359 1071; x_wconf 78' lang='grc' dir='ltr'>ἐλέγχω</span> 
     </span>
     <span class='ocr_line' id='line_1_69' title="bbox 1335 1080 2357 1134; baseline 0 -16"><span class='ocrx_word' id='word_1_511' title='bbox 1335 1081 1448 1128; x_wconf 82' lang='grc' dir='ltr'>αὐτὸν,</span> <span class='ocrx_word' id='word_1_512' title='bbox 1466 1081 1520 1119; x_wconf 73' lang='grc' dir='ltr'>ὅτι</span> <span class='ocrx_word' id='word_1_513' title='bbox 1534 1082 1670 1133; x_wconf 86' lang='grc' dir='ltr'>πονηρά</span> <span class='ocrx_word' id='word_1_514' title='bbox 1690 1084 1773 1119; x_wconf 83' lang='grc' dir='ltr'>εἰσιν</span> <span class='ocrx_word' id='word_1_515' title='bbox 1795 1084 1897 1119; x_wconf 79' lang='grc' dir='ltr'>αὐτοῦ</span> <span class='ocrx_word' id='word_1_516' title='bbox 1919 1080 1963 1119; x_wconf 80' lang='grc' dir='ltr'>τὰ</span> <span class='ocrx_word' id='word_1_517' title='bbox 1980 1081 2081 1134; x_wconf 85' lang='grc' dir='ltr'>ἔργα·</span> <span class='ocrx_word' id='word_1_518' title='bbox 2101 1081 2289 1129; x_wconf 82' lang='grc' dir='ltr'>τουτέστιν,</span> <span class='ocrx_word' id='word_1_519' title='bbox 2304 1080 2357 1119; x_wconf 72' lang='grc' dir='ltr'>ὅτι</span> 
     </span>
     <span class='ocr_line' id='line_1_70' title="bbox 1334 1141 2359 1194; baseline 0.002 -15"><span class='ocrx_word' id='word_1_520' title='bbox 1334 1141 1558 1192; x_wconf 83' lang='grc' dir='ltr'>καθάπτομαι</span> <span class='ocrx_word' id='word_1_521' title='bbox 1588 1142 1648 1180; x_wconf 82' lang='grc' dir='ltr'>καὶ</span> <span class='ocrx_word' id='word_1_522' title='bbox 1684 1143 1836 1194; x_wconf 65' lang='grc' dir='ltr'>ἐλέγχω,</span> <span class='ocrx_word' id='word_1_523' title='bbox 1865 1142 1922 1180; x_wconf 82' lang='grc' dir='ltr'>δια</span> <span class='ocrx_word' id='word_1_524' title='bbox 1947 1147 2047 1180; x_wconf 88' lang='grc' dir='ltr'>τοῦτο</span> <span class='ocrx_word' id='word_1_525' title='bbox 2067 1147 2246 1193; x_wconf 90' lang='grc' dir='ltr'>μισοῦμαι.</span> <span class='ocrx_word' id='word_1_526' title='bbox 2275 1143 2359 1181; x_wconf 84' lang='grc' dir='ltr'>Ἀπὸ</span> 
     </span>
     <span class='ocr_line' id='line_1_71' title="bbox 1332 1201 2359 1255; baseline 0.001 -16"><span class='ocrx_word' id='word_1_527' title='bbox 1332 1201 1460 1240; x_wconf 85' lang='grc' dir='ltr'>τούτων</span> <span class='ocrx_word' id='word_1_528' title='bbox 1484 1201 1728 1253; x_wconf 84' lang='grc' dir='ltr'>παιδευώμεθα</span> <span class='ocrx_word' id='word_1_529' title='bbox 1754 1209 1891 1254; x_wconf 78' lang='grc' dir='ltr'>κρατεῖν</span> <span class='ocrx_word' id='word_1_530' title='bbox 1911 1205 2036 1255; x_wconf 76' lang='grc' dir='ltr'>ὀργῆς,</span> <span class='ocrx_word' id='word_1_531' title='bbox 2070 1219 2130 1240; x_wconf 85' lang='grc' dir='ltr'>και</span> <span class='ocrx_word' id='word_1_532' title='bbox 2158 1202 2206 1252; x_wconf 87' lang='grc' dir='ltr'>μὴ</span> <span class='ocrx_word' id='word_1_533' title='bbox 2228 1202 2359 1247; x_wconf 84' lang='grc' dir='ltr'>ἀναξιο-</span> 
     </span>
     <span class='ocr_line' id='line_1_72' title="bbox 1332 1263 2358 1316; baseline 0.002 -16"><span class='ocrx_word' id='word_1_534' title='bbox 1332 1266 1467 1310; x_wconf 86' lang='grc' dir='ltr'>παθεῖν,</span> <span class='ocrx_word' id='word_1_535' title='bbox 1490 1279 1553 1301; x_wconf 90' lang='grc' dir='ltr'>καν</span> <span class='ocrx_word' id='word_1_536' title='bbox 1577 1265 1720 1307; x_wconf 88' lang='grc' dir='ltr'>ευτελεῖς</span> <span class='ocrx_word' id='word_1_537' title='bbox 1739 1280 1823 1302; x_wconf 85' lang='grc' dir='ltr'>ωσιν</span> <span class='ocrx_word' id='word_1_538' title='bbox 1845 1265 1876 1302; x_wconf 79' lang='grc' dir='ltr'>οῖ</span> <span class='ocrx_word' id='word_1_539' title='bbox 1893 1263 2190 1314; x_wconf 66' lang='grc' dir='ltr'>συμὸουλεύοντες.</span> <span class='ocrx_word' id='word_1_540' title='bbox 2217 1265 2263 1301; x_wconf 85' lang='grc' dir='ltr'>Εἰ</span> <span class='ocrx_word' id='word_1_541' title='bbox 2291 1263 2358 1316; x_wconf 86' lang='grc' dir='ltr'>γὰρ</span> 
     </span>
     <span class='ocr_line' id='line_1_73' title="bbox 1332 1324 2358 1378; baseline 0.001 -16"><span class='ocrx_word' id='word_1_542' title='bbox 1332 1340 1410 1368; x_wconf 87' lang='grc' dir='ltr'>τους</span> <span class='ocrx_word' id='word_1_543' title='bbox 1429 1327 1466 1363; x_wconf 83' lang='grc' dir='ltr'>οὐ</span> <span class='ocrx_word' id='word_1_544' title='bbox 1486 1324 1710 1368; x_wconf 88' lang='grc' dir='ltr'>πιστεύοντας</span> <span class='ocrx_word' id='word_1_545' title='bbox 1729 1329 1746 1364; x_wconf 85' lang='grc' dir='ltr'>ὁ</span> <span class='ocrx_word' id='word_1_546' title='bbox 1766 1324 1914 1378; x_wconf 81' lang='grc' dir='ltr'>Χριστὸς</span> <span class='ocrx_word' id='word_1_547' title='bbox 1933 1324 2257 1375; x_wconf 62' lang='grc' dir='ltr'>συυΕουλεύοντας”</span> <span class='ocrx_word' id='word_1_548' title='bbox 2235 1340 2358 1376; x_wconf 88' lang='grc' dir='ltr'>ηνεγκε</span> 
     </span>
     <span class='ocr_line' id='line_1_74' title="bbox 1334 1385 2358 1438; baseline 0 -14"><span class='ocrx_word' id='word_1_549' title='bbox 1334 1387 1474 1438; x_wconf 84' lang='grc' dir='ltr'>πράως,</span> <span class='ocrx_word' id='word_1_550' title='bbox 1494 1386 1553 1423; x_wconf 77' lang='grc' dir='ltr'>καὶ</span> <span class='ocrx_word' id='word_1_551' title='bbox 1571 1385 1866 1437; x_wconf 66' lang='grc' dir='ltr'>συμέουλεύοντας</span> <span class='ocrx_word' id='word_1_552' title='bbox 1893 1385 1937 1423; x_wconf 83' lang='grc' dir='ltr'>τὰ</span> <span class='ocrx_word' id='word_1_553' title='bbox 1954 1385 2001 1436; x_wconf 80' lang='grc' dir='ltr'>μὴ</span> <span class='ocrx_word' id='word_1_554' title='bbox 2025 1385 2162 1434; x_wconf 81' lang='grc' dir='ltr'>δέοντα,</span> <span class='ocrx_word' id='word_1_555' title='bbox 2189 1386 2249 1424; x_wconf 78' lang='grc' dir='ltr'>καὶ</span> <span class='ocrx_word' id='word_1_556' title='bbox 2271 1401 2358 1436; x_wconf 86' lang='grc' dir='ltr'>συμ-</span> 
     </span>
     <span class='ocr_line' id='line_1_75' title="bbox 1335 1446 2359 1499; baseline -0.001 -14"><span class='ocrx_word' id='word_1_557' title='bbox 1335 1447 1556 1490; x_wconf 67' lang='grc' dir='ltr'>ὃουλεύοντας</span> <span class='ocrx_word' id='word_1_558' title='bbox 1589 1446 1633 1485; x_wconf 84' lang='grc' dir='ltr'>τὰ</span> <span class='ocrx_word' id='word_1_559' title='bbox 1664 1449 1724 1485; x_wconf 82' lang='grc' dir='ltr'>οὐκ</span> <span class='ocrx_word' id='word_1_560' title='bbox 1755 1447 1823 1485; x_wconf 79' lang='grc' dir='ltr'>ἀπὸ</span> <span class='ocrx_word' id='word_1_561' title='bbox 1850 1446 2083 1499; x_wconf 81' lang='grc' dir='ltr'>προαιρέσεως</span> <span class='ocrx_word' id='word_1_562' title='bbox 2103 1446 2359 1497; x_wconf 73' lang='grc' dir='ltr'>ἀγαθῆς,τίνος</span> 
     </span>
     <span class='ocr_line' id='line_1_76' title="bbox 1333 1506 2358 1559; baseline -0.001 -15"><span class='ocrx_word' id='word_1_563' title='bbox 1333 1508 1434 1557; x_wconf 69' lang='grc' dir='ltr'>ἡμεῖς</span> <span class='ocrx_word' id='word_1_564' title='bbox 1454 1507 1642 1558; x_wconf 84' lang='grc' dir='ltr'>τευξόμεθα</span> <span class='ocrx_word' id='word_1_565' title='bbox 1659 1506 1822 1559; x_wconf 80' lang='grc' dir='ltr'>συγγνώυ.</span> <span class='ocrx_word' id='word_1_566' title='bbox 1814 1523 1882 1555; x_wconf 84' lang='grc' dir='ltr'>.ης,</span> <span class='ocrx_word' id='word_1_567' title='bbox 1898 1524 1941 1559; x_wconf 88' lang='grc' dir='ltr'>γη</span> <span class='ocrx_word' id='word_1_568' title='bbox 1959 1507 2018 1545; x_wconf 81' lang='grc' dir='ltr'>καὶ</span> <span class='ocrx_word' id='word_1_569' title='bbox 2033 1507 2190 1550; x_wconf 83' lang='grc' dir='ltr'>σποδὸς</span> <span class='ocrx_word' id='word_1_570' title='bbox 2171 1519 2283 1554; x_wconf 81' lang='grc' dir='ltr'>οντες,</span> <span class='ocrx_word' id='word_1_571' title='bbox 2298 1523 2358 1544; x_wconf 90' lang='grc' dir='ltr'>και</span> 
     </span>
     <span class='ocr_line' id='line_1_77' title="bbox 1333 1567 2358 1643; baseline 0.001 -39"><span class='ocrx_word' id='word_1_572' title='bbox 1333 1568 1419 1620; x_wconf 81' lang='grc' dir='ltr'>πρὸς</span> <span class='ocrx_word' id='word_1_573' title='bbox 1437 1584 1517 1612; x_wconf 86' lang='grc' dir='ltr'>τους</span> <span class='ocrx_word' id='word_1_574' title='bbox 1533 1568 1827 1619; x_wconf 65' lang='grc' dir='ltr'>συμὸουλεύοντας</span> <span class='ocrx_word' id='word_1_575' title='bbox 1851 1567 2143 1643; x_wconf 77' lang='grc' dir='ltr'>δυσχεραίνοντες</span> <span class='ocrx_word' id='word_1_576' title='bbox 2140 1598 2149 1615; x_wconf 89' lang='grc'>,</span> <span class='ocrx_word' id='word_1_577' title='bbox 2166 1583 2229 1605; x_wconf 89' lang='grc' dir='ltr'>καν</span> <span class='ocrx_word' id='word_1_578' title='bbox 2246 1568 2358 1619; x_wconf 84' lang='grc' dir='ltr'>ὀλίγον</span> 
     </span>
     <span class='ocr_line' id='line_1_78' title="bbox 1333 1628 2358 1682; baseline 0 -16"><span class='ocrx_word' id='word_1_579' title='bbox 1333 1628 1563 1682; x_wconf 80' lang='grc' dir='ltr'>ευτελέστεροι</span> <span class='ocrx_word' id='word_1_580' title='bbox 1583 1632 1613 1668; x_wconf 84' lang='grc' dir='ltr'>οἱ</span> <span class='ocrx_word' id='word_1_581' title='bbox 1630 1635 1728 1668; x_wconf 83' lang='grc' dir='ltr'>τοῦτο</span> <span class='ocrx_word' id='word_1_582' title='bbox 1749 1635 1923 1674; x_wconf 84' lang='grc' dir='ltr'>ποιοῦντες</span> <span class='ocrx_word' id='word_1_583' title='bbox 1941 1645 2039 1677; x_wconf 88' lang='grc' dir='ltr'>ωσιν,</span> <span class='ocrx_word' id='word_1_584' title='bbox 2060 1628 2195 1672; x_wconf 82' lang='grc' dir='ltr'>ἀνάξιον</span> <span class='ocrx_word' id='word_1_585' title='bbox 2229 1631 2358 1666; x_wconf 83' lang='grc' dir='ltr'>εαυτῶν</span> 
     </span>
     <span class='ocr_line' id='line_1_79' title="bbox 1333 1689 2360 1743; baseline -0.001 -14.996"><span class='ocrx_word' id='word_1_586' title='bbox 1333 1689 1516 1740; x_wconf 80' lang='grc' dir='ltr'>ἡγούμενοι</span> <span class='ocrx_word' id='word_1_587' title='bbox 1541 1696 1657 1738; x_wconf 73' lang='grc' dir='ltr'>τοῦτο,</span> <span class='ocrx_word' id='word_1_588' title='bbox 1685 1691 1816 1729; x_wconf 83' lang='grc' dir='ltr'>Σκόπει</span> <span class='ocrx_word' id='word_1_589' title='bbox 1841 1696 1918 1743; x_wconf 88' lang='grc' dir='ltr'>γοῦν</span> <span class='ocrx_word' id='word_1_590' title='bbox 1940 1692 2014 1734; x_wconf 52' lang='lat' dir='ltr'>noe</span> <span class='ocrx_word' id='word_1_591' title='bbox 2046 1689 2133 1740; x_wconf 80' lang='grc' dir='ltr'>μετὰ</span> <span class='ocrx_word' id='word_1_592' title='bbox 2165 1689 2360 1743; x_wconf 83' lang='grc' dir='ltr'>πραότητος</span> 
     </span>
     <span class='ocr_line' id='line_1_80' title="bbox 1334 1750 2360 1805; baseline -0.001 -16"><span class='ocrx_word' id='word_1_593' title='bbox 1334 1751 1449 1798; x_wconf 81' lang='grc' dir='ltr'>πάσης</span> <span class='ocrx_word' id='word_1_594' title='bbox 1476 1752 1705 1805; x_wconf 78' lang='grc' dir='ltr'>ἀποκρούεται</span> <span class='ocrx_word' id='word_1_595' title='bbox 1734 1752 1796 1799; x_wconf 86' lang='grc' dir='ltr'>τὴν</span> <span class='ocrx_word' id='word_1_596' title='bbox 1822 1751 2050 1805; x_wconf 83' lang='grc' dir='ltr'>κατηγορίαν.</span> <span class='ocrx_word' id='word_1_597' title='bbox 2081 1751 2260 1789; x_wconf 80' lang='grc' dir='ltr'>Εἷπόντων</span> <span class='ocrx_word' id='word_1_598' title='bbox 2292 1750 2360 1804; x_wconf 85' lang='grc' dir='ltr'>γὰρ</span> 
     </span>
     <span class='ocr_line' id='line_1_81' title="bbox 1334 1812 2359 1866; baseline 0 -16"><span class='ocrx_word' id='word_1_599' title='bbox 1334 1812 1486 1862; x_wconf 80' lang='grc' dir='ltr'>ἐκείνων,</span> <span class='ocrx_word' id='word_1_600' title='bbox 1510 1814 1707 1866; x_wconf 78' lang='grc' dir='ltr'>φανέρωσον</span> <span class='ocrx_word' id='word_1_601' title='bbox 1730 1815 1871 1853; x_wconf 75' lang='grc' dir='ltr'>σεαυτὸν</span> <span class='ocrx_word' id='word_1_602' title='bbox 1887 1816 1936 1865; x_wconf 81' lang='grc' dir='ltr'>τῷ</span> <span class='ocrx_word' id='word_1_603' title='bbox 1956 1813 2078 1865; x_wconf 85' lang='grc' dir='ltr'>κόσμῳ</span> <span class='ocrx_word' id='word_1_604' title='bbox 2089 1842 2098 1860; x_wconf 86' lang='grc'>,</span> <span class='ocrx_word' id='word_1_605' title='bbox 2115 1812 2216 1857; x_wconf 71' lang='grc' dir='ltr'>αὐτός</span> <span class='ocrx_word' id='word_1_606' title='bbox 2235 1828 2337 1864; x_wconf 78' lang='grc' dir='ltr'>φησιν</span> <span class='ocrx_word' id='word_1_607' title='bbox 2351 1829 2359 1836; x_wconf 91' lang='grc'><em>·</em></span> 
     </span>
     <span class='ocr_line' id='line_1_82' title="bbox 1335 1872 2359 1926; baseline 0 -14"><span class='ocrx_word' id='word_1_608' title='bbox 1335 1876 1388 1912; x_wconf 80' lang='grc' dir='ltr'>Οὐ</span> <span class='ocrx_word' id='word_1_609' title='bbox 1408 1874 1550 1913; x_wconf 84' lang='grc' dir='ltr'>δύναται</span> <span class='ocrx_word' id='word_1_610' title='bbox 1566 1879 1584 1913; x_wconf 80' lang='grc' dir='ltr'><strong><em>ὃ</em></strong></span> <span class='ocrx_word' id='word_1_611' title='bbox 1602 1874 1732 1926; x_wconf 82' lang='grc' dir='ltr'>κόσμος</span> <span class='ocrx_word' id='word_1_612' title='bbox 1756 1878 1845 1926; x_wconf 77' lang='grc' dir='ltr'>ὑμᾶς</span> <span class='ocrx_word' id='word_1_613' title='bbox 1881 1881 2009 1926; x_wconf 82' lang='grc' dir='ltr'>μισεῖν,</span> <span class='ocrx_word' id='word_1_614' title='bbox 2030 1873 2090 1924; x_wconf 77' lang='grc' dir='ltr'>ἐμὲ</span> <span class='ocrx_word' id='word_1_615' title='bbox 2121 1872 2155 1912; x_wconf 78' lang='grc' dir='ltr'>δὲ</span> <span class='ocrx_word' id='word_1_616' title='bbox 2183 1877 2200 1911; x_wconf 84' lang='grc' dir='ltr'>ὁ</span> <span class='ocrx_word' id='word_1_617' title='bbox 2231 1874 2359 1925; x_wconf 85' lang='grc' dir='ltr'>κόσμος</span> 
     </span>
     <span class='ocr_line' id='line_1_83' title="bbox 1337 1934 2359 1990; baseline 0 -17"><span class='ocrx_word' id='word_1_618' title='bbox 1337 1942 1452 1985; x_wconf 87' lang='grc' dir='ltr'>μισεῖ·</span> <span class='ocrx_word' id='word_1_619' title='bbox 1478 1937 1627 1990; x_wconf 71' lang='grc' dir='ltr'>ἀναιρῶν</span> <span class='ocrx_word' id='word_1_620' title='bbox 1645 1938 1755 1974; x_wconf 76' lang='grc' dir='ltr'>αὐτῶν</span> <span class='ocrx_word' id='word_1_621' title='bbox 1777 1936 1839 1983; x_wconf 81' lang='grc' dir='ltr'>τὴν</span> <span class='ocrx_word' id='word_1_622' title='bbox 1863 1935 2086 1988; x_wconf 83' lang='grc' dir='ltr'>κατηγορίαν.</span> <span class='ocrx_word' id='word_1_623' title='bbox 2102 1937 2273 1973; x_wconf 88' lang='grc' dir='ltr'>Τοσοῦτον</span> <span class='ocrx_word' id='word_1_624' title='bbox 2291 1934 2359 1988; x_wconf 82' lang='grc' dir='ltr'>γὰρ</span> 
     </span>
     <span class='ocr_line' id='line_1_84' title="bbox 1336 1995 2358 2050; baseline -0.002 -14"><span class='ocrx_word' id='word_1_625' title='bbox 1336 1996 1476 2049; x_wconf 73' lang='grc' dir='ltr'>ἀπέχω,</span> <span class='ocrx_word' id='word_1_626' title='bbox 1497 1998 1599 2050; x_wconf 74' lang='grc' dir='ltr'>φησί,</span> <span class='ocrx_word' id='word_1_627' title='bbox 1620 2000 1732 2045; x_wconf 86' lang='grc' dir='ltr'>ζητεῖν</span> <span class='ocrx_word' id='word_1_628' title='bbox 1753 1998 1816 2045; x_wconf 84' lang='grc' dir='ltr'>τὴν</span> <span class='ocrx_word' id='word_1_629' title='bbox 1842 1997 1939 2050; x_wconf 83' lang='grc' dir='ltr'>παρὰ</span> <span class='ocrx_word' id='word_1_630' title='bbox 1964 1995 2153 2050; x_wconf 83' lang='grc' dir='ltr'>ἀνθρώπων</span> <span class='ocrx_word' id='word_1_631' title='bbox 2175 1996 2286 2044; x_wconf 79' lang='grc' dir='ltr'>δόξαν,</span> <span class='ocrx_word' id='word_1_632' title='bbox 2306 1996 2358 2035; x_wconf 76' lang='grc' dir='ltr'>ὅτι</span> 
     </span>
     <span class='ocr_line' id='line_1_85' title="bbox 1334 2056 2358 2111; baseline -0.002 -14"><span class='ocrx_word' id='word_1_633' title='bbox 1334 2062 1371 2097; x_wconf 79' lang='grc' dir='ltr'>οὐ</span> <span class='ocrx_word' id='word_1_634' title='bbox 1392 2059 1614 2111; x_wconf 81' lang='grc' dir='ltr'>διαλιμπάνω</span> <span class='ocrx_word' id='word_1_635' title='bbox 1628 2059 1779 2111; x_wconf 76' lang='grc' dir='ltr'>ἐλέγχων</span> <span class='ocrx_word' id='word_1_636' title='bbox 1796 2058 1932 2103; x_wconf 82' lang='grc' dir='ltr'>αὐτούς·</span> <span class='ocrx_word' id='word_1_637' title='bbox 1949 2057 2008 2096; x_wconf 76' lang='grc' dir='ltr'>καὶ</span> <span class='ocrx_word' id='word_1_638' title='bbox 2022 2062 2130 2096; x_wconf 90' lang='grc' dir='ltr'>ταῦτα</span> <span class='ocrx_word' id='word_1_639' title='bbox 2143 2056 2239 2102; x_wconf 75' lang='grc' dir='ltr'>εἰδὼς</span> <span class='ocrx_word' id='word_1_640' title='bbox 2259 2064 2358 2108; x_wconf 87' lang='grc' dir='ltr'>μῖσος</span> 
     </span>
     <span class='ocr_line' id='line_1_86' title="bbox 1334 2119 2355 2172; baseline -0.002 -13"><span class='ocrx_word' id='word_1_641' title='bbox 1334 2123 1372 2159; x_wconf 81' lang='grc' dir='ltr'>ἐκ</span> <span class='ocrx_word' id='word_1_642' title='bbox 1390 2120 1510 2160; x_wconf 89' lang='grc' dir='ltr'>τούτου</span> <span class='ocrx_word' id='word_1_643' title='bbox 1526 2120 1740 2172; x_wconf 82' lang='grc' dir='ltr'>τικτόμενον,</span> <span class='ocrx_word' id='word_1_644' title='bbox 1759 2121 1818 2159; x_wconf 84' lang='grc' dir='ltr'>καὶ</span> <span class='ocrx_word' id='word_1_645' title='bbox 1838 2121 1982 2159; x_wconf 80' lang='grc' dir='ltr'>θάνατον</span> <span class='ocrx_word' id='word_1_646' title='bbox 2001 2119 2355 2170; x_wconf 83' lang='grc' dir='ltr'>κατασκευαζόμενον.</span> 
     </span>
     <span class='ocr_line' id='line_1_87' title="bbox 1333 2181 1795 2233; baseline -0.002 -13"><span class='ocrx_word' id='word_1_647' title='bbox 1333 2182 1403 2220; x_wconf 82' lang='grc' dir='ltr'>Καὶ</span> <span class='ocrx_word' id='word_1_648' title='bbox 1427 2187 1492 2220; x_wconf 89' lang='grc' dir='ltr'>ποῦ</span> <span class='ocrx_word' id='word_1_649' title='bbox 1524 2181 1666 2232; x_wconf 77' lang='grc' dir='ltr'>ἤλεγξε,</span> <span class='ocrx_word' id='word_1_650' title='bbox 1690 2181 1795 2233; x_wconf 72' lang='grc' dir='ltr'>φησί,</span> 
     </span>
     <span class='ocr_line' id='line_1_88' title="bbox 1333 2241 2354 2294; baseline -0.002 -14"><span class='ocrx_word' id='word_1_651' title='bbox 1333 2246 1461 2290; x_wconf 70' lang='grc' dir='ltr'>ποιῶν,</span> <span class='ocrx_word' id='word_1_652' title='bbox 1476 2243 1551 2294; x_wconf 80' lang='grc' dir='ltr'>οὐχὶ</span> <span class='ocrx_word' id='word_1_653' title='bbox 1570 2241 1683 2294; x_wconf 72' lang='grc' dir='ltr'>ἔλεγε’</span> <span class='ocrx_word' id='word_1_654' title='bbox 1704 2242 1765 2289; x_wconf 79' lang='grc' dir='ltr'>Μὴ</span> <span class='ocrx_word' id='word_1_655' title='bbox 1783 2243 1933 2289; x_wconf 78' lang='grc' dir='ltr'>δοκεῖτε,</span> <span class='ocrx_word' id='word_1_656' title='bbox 1953 2241 2005 2279; x_wconf 73' lang='grc' dir='ltr'>ὅτι</span> <span class='ocrx_word' id='word_1_657' title='bbox 2028 2241 2095 2294; x_wconf 82' lang='grc' dir='ltr'>ἐγὼ</span> <span class='ocrx_word' id='word_1_658' title='bbox 2122 2241 2354 2294; x_wconf 80' lang='grc' dir='ltr'>κατηγορήσω</span> 
     </span>
     <span class='ocr_line' id='line_1_89' title="bbox 1333 2301 2352 2356; baseline -0.002 -14"><span class='ocrx_word' id='word_1_659' title='bbox 1333 2307 1430 2355; x_wconf 79' lang='grc' dir='ltr'>ὑμῶν</span> <span class='ocrx_word' id='word_1_660' title='bbox 1462 2304 1546 2356; x_wconf 80' lang='grc' dir='ltr'>πρὸς</span> <span class='ocrx_word' id='word_1_661' title='bbox 1578 2304 1634 2342; x_wconf 81' lang='grc' dir='ltr'>τὸν</span> <span class='ocrx_word' id='word_1_662' title='bbox 1658 2303 1818 2356; x_wconf 81' lang='grc' dir='ltr'>Πατέρα·</span> <span class='ocrx_word' id='word_1_663' title='bbox 1839 2301 1961 2341; x_wconf 81' lang='grc' dir='ltr'>Ἔστιν</span> <span class='ocrx_word' id='word_1_664' title='bbox 1981 2306 1998 2340; x_wconf 82' lang='grc' dir='ltr'><em>ὃ</em></span> <span class='ocrx_word' id='word_1_665' title='bbox 2025 2306 2228 2354; x_wconf 83' lang='grc' dir='ltr'>κατηγορῶν</span> <span class='ocrx_word' id='word_1_666' title='bbox 2256 2305 2352 2353; x_wconf 79' lang='grc' dir='ltr'>ὑμῶν</span> 
     </span>
     <span class='ocr_line' id='line_1_90' title="bbox 1334 2363 2352 2415; baseline 0.001 -14"><span class='ocrx_word' id='word_1_667' title='bbox 1334 2366 1507 2411; x_wconf 79' lang='grc' dir='ltr'>Μωϋσῆς·</span> <span class='ocrx_word' id='word_1_668' title='bbox 1528 2365 1610 2409; x_wconf 84' lang='grc' dir='ltr'>καὶ,</span> <span class='ocrx_word' id='word_1_669' title='bbox 1628 2363 1724 2415; x_wconf 83' lang='grc' dir='ltr'>Ἐγὼ</span> <span class='ocrx_word' id='word_1_670' title='bbox 1753 2363 1887 2415; x_wconf 80' lang='grc' dir='ltr'>ἔγνωκα</span> <span class='ocrx_word' id='word_1_671' title='bbox 1906 2366 2013 2413; x_wconf 78' lang='grc' dir='ltr'>ὑμᾶς,</span> <span class='ocrx_word' id='word_1_672' title='bbox 2042 2363 2092 2401; x_wconf 73' lang='grc' dir='ltr'>ὅτι</span> <span class='ocrx_word' id='word_1_673' title='bbox 2118 2363 2180 2410; x_wconf 81' lang='grc' dir='ltr'>τὴν</span> <span class='ocrx_word' id='word_1_674' title='bbox 2214 2363 2352 2415; x_wconf 71' lang='grc' dir='ltr'>ἀγάπην</span> 
     </span>
     <span class='ocr_line' id='line_1_91' title="bbox 1333 2424 2353 2477; baseline -0.002 -13"><span class='ocrx_word' id='word_1_675' title='bbox 1333 2431 1391 2464; x_wconf 89' lang='grc' dir='ltr'>τοῦ</span> <span class='ocrx_word' id='word_1_676' title='bbox 1408 2428 1498 2464; x_wconf 81' lang='grc' dir='ltr'>Θεοῦ</span> <span class='ocrx_word' id='word_1_677' title='bbox 1511 2428 1572 2464; x_wconf 74' lang='grc' dir='ltr'>οὐκ</span> <span class='ocrx_word' id='word_1_678' title='bbox 1587 2425 1683 2477; x_wconf 75' lang='grc' dir='ltr'>ἔχετε</span> <span class='ocrx_word' id='word_1_679' title='bbox 1696 2441 1703 2447; x_wconf 89' lang='lat'>·</span> <span class='ocrx_word' id='word_1_680' title='bbox 1732 2425 1791 2462; x_wconf 76' lang='grc' dir='ltr'>καὶ</span> <span class='ocrx_word' id='word_1_681' title='bbox 1802 2454 1811 2472; x_wconf 88' lang='grc'>,</span> <span class='ocrx_word' id='word_1_682' title='bbox 1829 2426 1910 2468; x_wconf 83' lang='grc' dir='ltr'>Πῶς</span> <span class='ocrx_word' id='word_1_683' title='bbox 1928 2424 2071 2463; x_wconf 82' lang='grc' dir='ltr'>δύνασθε</span> <span class='ocrx_word' id='word_1_684' title='bbox 2085 2424 2270 2472; x_wconf 84' lang='grc' dir='ltr'>πιστεύειν,</span> <span class='ocrx_word' id='word_1_685' title='bbox 2293 2425 2353 2463; x_wconf 83' lang='grc' dir='ltr'>δό-</span> 
     </span>
    </p>
   </div>
   <div class='ocr_carea' id='block_1_8' title="bbox 1827 2180 2357 2233">
    <p class='ocr_par' dir='ltr' id='par_1_8' title="bbox 1827 2180 2357 2233">
     <span class='ocr_line' id='line_1_92' title="bbox 1827 2180 2357 2233; baseline 0 -15"><span class='ocrx_word' id='word_1_686' title='bbox 1827 2181 1922 2220; x_wconf 83' lang='grc' dir='ltr'>Πότε</span> <span class='ocrx_word' id='word_1_687' title='bbox 1953 2181 2020 2233; x_wconf 82' lang='grc' dir='ltr'>γὰρ</span> <span class='ocrx_word' id='word_1_688' title='bbox 2055 2180 2228 2219; x_wconf 79' lang='grc' dir='ltr'>ἐπαύσατο</span> <span class='ocrx_word' id='word_1_689' title='bbox 2256 2183 2357 2219; x_wconf 89' lang='grc' dir='ltr'>τοῦτο</span> 
     </span>
    </p>
   </div>
   <div class='ocr_carea' id='block_1_9' title="bbox 1331 2485 2352 2661">
    <p class='ocr_par' dir='ltr' id='par_1_9' title="bbox 1331 2485 2352 2661">
     <span class='ocr_line' id='line_1_93' title="bbox 1333 2485 2352 2540; baseline -0.003 -14"><span class='ocrx_word' id='word_1_690' title='bbox 1333 2487 1390 2532; x_wconf 80' lang='grc' dir='ltr'>ξαν</span> <span class='ocrx_word' id='word_1_691' title='bbox 1406 2486 1502 2538; x_wconf 79' lang='grc' dir='ltr'>παρὰ</span> <span class='ocrx_word' id='word_1_692' title='bbox 1533 2485 1720 2540; x_wconf 80' lang='grc' dir='ltr'>ἀνθρώπων</span> <span class='ocrx_word' id='word_1_693' title='bbox 1739 2485 1992 2536; x_wconf 63' lang='grc' dir='ltr'>λαμῧάνοντες,</span> <span class='ocrx_word' id='word_1_694' title='bbox 2018 2485 2078 2523; x_wconf 83' lang='grc' dir='ltr'>καὶ</span> <span class='ocrx_word' id='word_1_695' title='bbox 2100 2485 2161 2533; x_wconf 82' lang='grc' dir='ltr'>τὴν</span> <span class='ocrx_word' id='word_1_696' title='bbox 2182 2485 2278 2539; x_wconf 81' lang='grc' dir='ltr'>παρὰ</span> <span class='ocrx_word' id='word_1_697' title='bbox 2294 2490 2352 2524; x_wconf 88' lang='grc' dir='ltr'>τοῦ</span> 
     </span>
     <span class='ocr_line' id='line_1_94' title="bbox 1334 2540 2352 2599; baseline 0 -14"><span class='ocrx_word' id='word_1_698' title='bbox 1334 2549 1436 2599; x_wconf 86' lang='grc' dir='ltr'>μόνου</span> <span class='ocrx_word' id='word_1_699' title='bbox 1467 2551 1558 2587; x_wconf 90' lang='grc' dir='ltr'>Θεοῦ</span> <span class='ocrx_word' id='word_1_700' title='bbox 1577 2549 1613 2585; x_wconf 85' lang='grc' dir='ltr'>οὖ</span> <span class='ocrx_word' id='word_1_701' title='bbox 1642 2549 1835 2594; x_wconf 73' lang='grc' dir='ltr'>ζητοῦντες,</span> <span class='ocrx_word' id='word_1_702' title='bbox 1853 2540 1953 2590; x_wconf 68' lang='grc' dir='ltr'>Εἶδες</span> <span class='ocrx_word' id='word_1_703' title='bbox 1974 2549 2048 2590; x_wconf 74' lang='grc' dir='ltr'>πῶς</span> <span class='ocrx_word' id='word_1_704' title='bbox 2065 2546 2169 2590; x_wconf 78' lang='grc' dir='ltr'>ἔδειξε</span> <span class='ocrx_word' id='word_1_705' title='bbox 2187 2546 2244 2585; x_wconf 79' lang='grc' dir='ltr'>διὰ</span> <span class='ocrx_word' id='word_1_706' title='bbox 2262 2547 2352 2585; x_wconf 82' lang='grc' dir='ltr'>ποίν-</span> 
     </span>
     <span class='ocr_line' id='line_1_95' title="bbox 1331 2607 2351 2661; baseline -0.002 -14"><span class='ocrx_word' id='word_1_707' title='bbox 1331 2626 1413 2657; x_wconf 84' lang='grc' dir='ltr'>των,</span> <span class='ocrx_word' id='word_1_708' title='bbox 1430 2608 1536 2648; x_wconf 76' lang='grc' dir='ltr'>ὅτιτὸ</span> <span class='ocrx_word' id='word_1_709' title='bbox 1555 2609 1639 2661; x_wconf 81' lang='grc' dir='ltr'>πρὸς</span> <span class='ocrx_word' id='word_1_710' title='bbox 1662 2608 1760 2645; x_wconf 76' lang='grc' dir='ltr'>αὐτὸν</span> <span class='ocrx_word' id='word_1_711' title='bbox 1783 2614 1881 2658; x_wconf 86' lang='grc' dir='ltr'>μῖσος</span> <span class='ocrx_word' id='word_1_712' title='bbox 1901 2607 2008 2645; x_wconf 78' lang='grc' dir='ltr'>ἐποίει</span> <span class='ocrx_word' id='word_1_713' title='bbox 2028 2610 2045 2645; x_wconf 81' lang='grc' dir='ltr'>ὃ</span> <span class='ocrx_word' id='word_1_714' title='bbox 2066 2607 2206 2660; x_wconf 79' lang='grc' dir='ltr'>ἔλεγχος</span> <span class='ocrx_word' id='word_1_715' title='bbox 2235 2611 2252 2645; x_wconf 85' lang='grc' dir='ltr'>ὁ</span> <span class='ocrx_word' id='word_1_716' title='bbox 2284 2624 2351 2646; x_wconf 84' lang='grc' dir='ltr'>πε-</span> 
     </span>
    </p>
   </div>
   <div class='ocr_carea' id='block_1_10' title="bbox 1331 2669 2353 2781">
    <p class='ocr_par' dir='ltr' id='par_1_10' title="bbox 1331 2669 2353 2781">
     <span class='ocr_line' id='line_1_96' title="bbox 1331 2669 2351 2724; baseline -0.003 -15"><span class='ocrx_word' id='word_1_717' title='bbox 1331 2671 1654 2724; x_wconf 78' lang='grc' dir='ltr'>παῤῥησιασμένος,</span> <span class='ocrx_word' id='word_1_718' title='bbox 1677 2671 1739 2720; x_wconf 79' lang='grc' dir='ltr'>οὐχ</span> <span class='ocrx_word' id='word_1_719' title='bbox 1762 2672 1783 2715; x_wconf 78' lang='grc' dir='ltr'>ἡ</span> <span class='ocrx_word' id='word_1_720' title='bbox 1805 2673 1864 2706; x_wconf 91' lang='grc' dir='ltr'>τοῦ</span> <span class='ocrx_word' id='word_1_721' title='bbox 1895 2669 2071 2707; x_wconf 54' lang='lat' dir='ltr'>suffici-tou</span> <span class='ocrx_word' id='word_1_722' title='bbox 2091 2669 2204 2717; x_wconf 75' lang='grc' dir='ltr'>λύσις,</span> <span class='ocrx_word' id='word_1_723' title='bbox 2224 2669 2271 2707; x_wconf 70' lang='lat' dir='ltr'>&#39;li</span> <span class='ocrx_word' id='word_1_724' title='bbox 2290 2670 2351 2716; x_wconf 83' lang='grc' dir='ltr'>δή-</span> 
     </span>
     <span class='ocr_line' id='line_1_97' title="bbox 1331 2729 2353 2781; baseline -0.004 -10"><span class='ocrx_word' id='word_1_725' title='bbox 1331 2749 1413 2771; x_wconf 86' lang='grc' dir='ltr'>ποτε</span> <span class='ocrx_word' id='word_1_726' title='bbox 1438 2731 1473 2770; x_wconf 78' lang='grc' dir='ltr'>δὲ</span> <span class='ocrx_word' id='word_1_727' title='bbox 1499 2747 1619 2775; x_wconf 89' lang='grc' dir='ltr'>αυτους</span> <span class='ocrx_word' id='word_1_728' title='bbox 1651 2730 1783 2780; x_wconf 82' lang='grc' dir='ltr'>πέμπει</span> <span class='ocrx_word' id='word_1_729' title='bbox 1808 2732 1854 2773; x_wconf 87' lang='grc' dir='ltr'>εἷς</span> <span class='ocrx_word' id='word_1_730' title='bbox 1872 2729 1933 2776; x_wconf 78' lang='grc' dir='ltr'>τὴν</span> <span class='ocrx_word' id='word_1_731' title='bbox 1955 2729 2088 2781; x_wconf 79' lang='grc' dir='ltr'>εορτὴν,</span> <span class='ocrx_word' id='word_1_732' title='bbox 2110 2730 2239 2781; x_wconf 81' lang='grc' dir='ltr'>λέγιι·)ν</span> <span class='ocrx_word' id='word_1_733' title='bbox 2258 2730 2353 2768; x_wconf 83' lang='grc' dir='ltr'>Ἀνοί-</span> 
     </span>
    </p>
   </div>
   <div class='ocr_carea' id='block_1_11' title="bbox 1331 2789 2351 2844">
    <p class='ocr_par' dir='ltr' id='par_1_11' title="bbox 1331 2789 2351 2844">
     <span class='ocr_line' id='line_1_98' title="bbox 1331 2789 2351 2844; baseline -0.005 -12"><span class='ocrx_word' id='word_1_734' title='bbox 1331 2795 1414 2840; x_wconf 67' lang='grc' dir='ltr'>ὅητε</span> <span class='ocrx_word' id='word_1_735' title='bbox 1433 2795 1480 2836; x_wconf 85' lang='grc' dir='ltr'>εἷς</span> <span class='ocrx_word' id='word_1_736' title='bbox 1497 2792 1560 2838; x_wconf 81' lang='grc' dir='ltr'>τὴν</span> <span class='ocrx_word' id='word_1_737' title='bbox 1580 2791 1745 2844; x_wconf 78' lang='grc' dir='ltr'>ἑορτὴν,</span> <span class='ocrx_word' id='word_1_738' title='bbox 1731 2807 1797 2842; x_wconf 90' lang='grc' dir='ltr'>εγω</span> <span class='ocrx_word' id='word_1_739' title='bbox 1824 2793 1883 2828; x_wconf 77' lang='grc' dir='ltr'>οὐκ</span> <span class='ocrx_word' id='word_1_740' title='bbox 1901 2790 2115 2828; x_wconf 55' lang='lat' dir='ltr'>&amp;vagabat-st</span> <span class='ocrx_word' id='word_1_741' title='bbox 2093 2807 2191 2843; x_wconf 71' lang='grc' dir='ltr'>αρτι,</span> <span class='ocrx_word' id='word_1_742' title='bbox 2208 2789 2351 2834; x_wconf 88' lang='grc' dir='ltr'>Δεικνυς</span> 
     </span>
    </p>
   </div>
   <div class='ocr_carea' id='block_1_12' title="bbox 1965 2851 2349 2898">
    <p class='ocr_par' dir='ltr' id='par_1_12' title="bbox 1965 2851 2349 2898">
     <span class='ocr_line' id='line_1_99' title="bbox 1965 2851 2349 2898; baseline 0.005 -10"><span class='ocrx_word' id='word_1_743' title='bbox 1965 2851 2117 2898; x_wconf 76' lang='grc' dir='ltr'>ιἀυτι·’)ν,</span> <span class='ocrx_word' id='word_1_744' title='bbox 2148 2851 2223 2890; x_wconf 79' lang='grc' dir='ltr'>ουδε</span> <span class='ocrx_word' id='word_1_745' title='bbox 2247 2854 2349 2890; x_wconf 92' lang='grc' dir='ltr'>κολα-</span> 
     </span>
    </p>
   </div>
   <div class='ocr_carea' id='block_1_13' title="bbox 1327 2850 2349 3272">
    <p class='ocr_par' dir='ltr' id='par_1_13' title="bbox 1327 2850 2349 3270">
     <span class='ocr_line' id='line_1_100' title="bbox 1330 2850 1934 2904; baseline -0.008 -11"><span class='ocrx_word' id='word_1_746' title='bbox 1330 2855 1382 2894; x_wconf 85' lang='grc' dir='ltr'>ὁτι</span> <span class='ocrx_word' id='word_1_747' title='bbox 1402 2859 1510 2892; x_wconf 87' lang='grc' dir='ltr'>ταῦτα</span> <span class='ocrx_word' id='word_1_748' title='bbox 1536 2858 1642 2899; x_wconf 78' lang='grc' dir='ltr'>εἶπεν,</span> <span class='ocrx_word' id='word_1_749' title='bbox 1673 2868 1748 2904; x_wconf 72' lang='lat' dir='ltr'>eust</span> <span class='ocrx_word' id='word_1_750' title='bbox 1776 2850 1934 2901; x_wconf 67' lang='grc' dir='ltr'>δεόμενος</span> 
     </span>
     <span class='ocr_line' id='line_1_101' title="bbox 1329 2911 2348 2963; baseline -0.003 -9"><span class='ocrx_word' id='word_1_751' title='bbox 1329 2915 1487 2954; x_wconf 85' lang='grc' dir='ltr'>κεύεσθαι</span> <span class='ocrx_word' id='word_1_752' title='bbox 1508 2915 1626 2960; x_wconf 82' lang='grc' dir='ltr'>θελων,</span> <span class='ocrx_word' id='word_1_753' title='bbox 1655 2912 1744 2951; x_wconf 86' lang='grc' dir='ltr'>ἀλλα</span> <span class='ocrx_word' id='word_1_754' title='bbox 1764 2926 1954 2963; x_wconf 78' lang='grc' dir='ltr'>συγχωρων</span> <span class='ocrx_word' id='word_1_755' title='bbox 1973 2911 2016 2950; x_wconf 80' lang='grc' dir='ltr'>τὰ</span> <span class='ocrx_word' id='word_1_756' title='bbox 2033 2912 2208 2951; x_wconf 76' lang='grc' dir='ltr'>Ἰουδαϊκὰ</span> <span class='ocrx_word' id='word_1_757' title='bbox 2227 2919 2348 2952; x_wconf 86' lang='grc' dir='ltr'>ποιεῖν.</span> 
     </span>
     <span class='ocr_line' id='line_1_102' title="bbox 1328 2969 2348 3026; baseline -0.003 -11"><span class='ocrx_word' id='word_1_758' title='bbox 1328 2979 1411 3020; x_wconf 82' lang='grc' dir='ltr'>Πῶς</span> <span class='ocrx_word' id='word_1_759' title='bbox 1432 2969 1502 3023; x_wconf 70' lang='grc' dir='ltr'>οῧν,</span> <span class='ocrx_word' id='word_1_760' title='bbox 1520 2975 1634 3026; x_wconf 77' lang='grc' dir='ltr'>φησὶν,</span> <span class='ocrx_word' id='word_1_761' title='bbox 1657 2973 1782 3020; x_wconf 57' lang='lat' dir='ltr'>&amp;vig-q,</span> <span class='ocrx_word' id='word_1_762' title='bbox 1813 2971 1931 3019; x_wconf 80' lang='grc' dir='ltr'>εἰπὼν,</span> <span class='ocrx_word' id='word_1_763' title='bbox 1957 2975 2033 3011; x_wconf 81' lang='grc' dir='ltr'>Οὐκ</span> <span class='ocrx_word' id='word_1_764' title='bbox 2061 2973 2253 3021; x_wconf 49' lang='lat' dir='ltr'>&amp;vatiam-5</span> <span class='ocrx_word' id='word_1_765' title='bbox 2274 2977 2348 3012; x_wconf 83' lang='grc' dir='ltr'>Οὐκ</span> 
     </span>
     <span class='ocr_line' id='line_1_103' title="bbox 1329 3029 2348 3083; baseline -0.005 -6"><span class='ocrx_word' id='word_1_766' title='bbox 1329 3033 1421 3077; x_wconf 63' lang='grc' dir='ltr'>εἶπεν</span> <span class='ocrx_word' id='word_1_767' title='bbox 1443 3035 1625 3083; x_wconf 78' lang='grc' dir='ltr'>καθάπαξ,</span> <span class='ocrx_word' id='word_1_768' title='bbox 1641 3038 1701 3074; x_wconf 84' lang='grc' dir='ltr'>οὐκ</span> <span class='ocrx_word' id='word_1_769' title='bbox 1715 3034 1891 3073; x_wconf 64' lang='grc' dir='ltr'>ἀνοιδαίνω</span> <span class='ocrx_word' id='word_1_770' title='bbox 1903 3049 1910 3056; x_wconf 92' lang='grc'><em>·</em></span> <span class='ocrx_word' id='word_1_771' title='bbox 1927 3033 2033 3082; x_wconf 81' lang='grc' dir='ltr'>ἀλλὰ,</span> <span class='ocrx_word' id='word_1_772' title='bbox 2050 3036 2134 3082; x_wconf 62' lang='grc' dir='ltr'>Νῦν,</span> <span class='ocrx_word' id='word_1_773' title='bbox 2150 3029 2255 3083; x_wconf 65' lang='grc' dir='ltr'>εἶπεν,</span> <span class='ocrx_word' id='word_1_774' title='bbox 2272 3051 2348 3074; x_wconf 91' lang='grc' dir='ltr'>του-</span> 
     </span>
     <span class='ocr_line' id='line_1_104' title="bbox 1327 3094 2348 3149; baseline -0.005 -11"><span class='ocrx_word' id='word_1_775' title='bbox 1327 3101 1443 3147; x_wconf 81' lang='grc' dir='ltr'>τέστι,</span> <span class='ocrx_word' id='word_1_776' title='bbox 1464 3099 1537 3149; x_wconf 83' lang='grc' dir='ltr'>μεθ’</span> <span class='ocrx_word' id='word_1_777' title='bbox 1557 3100 1650 3148; x_wconf 81' lang='grc' dir='ltr'>ὑμῶν</span> <span class='ocrx_word' id='word_1_778' title='bbox 1663 3112 1670 3120; x_wconf 91' lang='grc'><em>·</em></span> <span class='ocrx_word' id='word_1_779' title='bbox 1687 3094 1773 3133; x_wconf 59' lang='grc' dir='ltr'>ξΌτι</span> <span class='ocrx_word' id='word_1_780' title='bbox 1793 3099 1810 3134; x_wconf 83' lang='grc' dir='ltr'>ὁ</span> <span class='ocrx_word' id='word_1_781' title='bbox 1828 3095 1944 3147; x_wconf 76' lang='grc' dir='ltr'>καιρὸς</span> <span class='ocrx_word' id='word_1_782' title='bbox 1960 3098 1977 3132; x_wconf 84' lang='grc' dir='ltr'>ὃ</span> <span class='ocrx_word' id='word_1_783' title='bbox 1995 3096 2075 3146; x_wconf 78' lang='grc' dir='ltr'>ἐμὸς</span> <span class='ocrx_word' id='word_1_784' title='bbox 2095 3096 2189 3134; x_wconf 84' lang='grc' dir='ltr'>οὔπω</span> <span class='ocrx_word' id='word_1_785' title='bbox 2208 3096 2348 3143; x_wconf 81' lang='grc' dir='ltr'>πεπλή-</span> 
     </span>
     <span class='ocr_line' id='line_1_105' title="bbox 1330 3156 2349 3213; baseline -0.003 -15"><span class='ocrx_word' id='word_1_786' title='bbox 1330 3176 1448 3213; x_wconf 89' lang='grc' dir='ltr'>ρωται.</span> <span class='ocrx_word' id='word_1_787' title='bbox 1486 3158 1555 3196; x_wconf 77' lang='grc' dir='ltr'>Καὶ</span> <span class='ocrx_word' id='word_1_788' title='bbox 1590 3157 1656 3209; x_wconf 83' lang='grc' dir='ltr'>μὴν</span> <span class='ocrx_word' id='word_1_789' title='bbox 1685 3160 1734 3194; x_wconf 71' lang='grc' dir='ltr'>τιό</span> <span class='ocrx_word' id='word_1_790' title='bbox 1773 3156 1932 3206; x_wconf 68' lang='grc' dir='ltr'>μελλοντι</span> <span class='ocrx_word' id='word_1_791' title='bbox 1966 3157 2088 3208; x_wconf 72' lang='grc' dir='ltr'>πάσχα</span> <span class='ocrx_word' id='word_1_792' title='bbox 2119 3159 2349 3208; x_wconf 83' lang='grc' dir='ltr'>σταυροῦσθαι</span> 
     </span>
     <span class='ocr_line' id='line_1_106' title="bbox 1328 3217 2346 3272; baseline -0.003 -13"><span class='ocrx_word' id='word_1_793' title='bbox 1328 3221 1462 3272; x_wconf 79' lang='grc' dir='ltr'>ἔμελλε.</span> <span class='ocrx_word' id='word_1_794' title='bbox 1485 3221 1569 3263; x_wconf 89' lang='grc' dir='ltr'>Πως</span> <span class='ocrx_word' id='word_1_795' title='bbox 1589 3223 1644 3258; x_wconf 82' lang='grc' dir='ltr'>οὖν</span> <span class='ocrx_word' id='word_1_796' title='bbox 1665 3221 1724 3257; x_wconf 85' lang='grc' dir='ltr'>οὐκ</span> <span class='ocrx_word' id='word_1_797' title='bbox 1744 3217 1849 3264; x_wconf 68' lang='grc' dir='ltr'>ἀνέὸη</span> <span class='ocrx_word' id='word_1_798' title='bbox 1867 3218 1925 3255; x_wconf 83' lang='grc' dir='ltr'>καὶ</span> <span class='ocrx_word' id='word_1_799' title='bbox 1941 3217 2059 3263; x_wconf 71' lang='grc' dir='ltr'>αὐτός,</span> <span class='ocrx_word' id='word_1_800' title='bbox 2082 3219 2124 3255; x_wconf 80' lang='lat' dir='ltr'>E’</span> <span class='ocrx_word' id='word_1_801' title='bbox 2116 3235 2125 3254; x_wconf 93' lang='grc' dir='ltr'>ι</span> <span class='ocrx_word' id='word_1_802' title='bbox 2144 3217 2212 3270; x_wconf 82' lang='grc' dir='ltr'>γὰρ</span> <span class='ocrx_word' id='word_1_803' title='bbox 2231 3218 2346 3265; x_wconf 79' lang='grc' dir='ltr'>ἐπειδὴ</span> 
     </span>
    </p>
   </div>
   <div class='ocr_carea' id='block_1_14' title="bbox 1328 3277 2346 3335">
    <p class='ocr_par' dir='ltr' id='par_1_14' title="bbox 1328 3277 2346 3335">
     <span class='ocr_line' id='line_1_107' title="bbox 1328 3277 2346 3335; baseline -0.006 -14"><span class='ocrx_word' id='word_1_804' title='bbox 1328 3286 1345 3321; x_wconf 83' lang='grc' dir='ltr'>ὃ</span> <span class='ocrx_word' id='word_1_805' title='bbox 1361 3298 1478 3335; x_wconf 88' lang='grc' dir='ltr'>καιρος</span> <span class='ocrx_word' id='word_1_806' title='bbox 1488 3281 1583 3320; x_wconf 80' lang='grc' dir='ltr'>οὔπω</span> <span class='ocrx_word' id='word_1_807' title='bbox 1612 3296 1744 3333; x_wconf 87' lang='grc' dir='ltr'>παρην,</span> <span class='ocrx_word' id='word_1_808' title='bbox 1758 3278 1814 3317; x_wconf 81' lang='grc' dir='ltr'>διὰ</span> <span class='ocrx_word' id='word_1_809' title='bbox 1822 3283 1921 3316; x_wconf 89' lang='grc' dir='ltr'>τοῦτο</span> <span class='ocrx_word' id='word_1_810' title='bbox 1931 3280 1991 3316; x_wconf 84' lang='grc' dir='ltr'>οὐκ</span> <span class='ocrx_word' id='word_1_811' title='bbox 2003 3277 2107 3325; x_wconf 70' lang='grc' dir='ltr'>ἀνέὸη</span> <span class='ocrx_word' id='word_1_812' title='bbox 2117 3307 2126 3325; x_wconf 88' lang='grc'>,</span> <span class='ocrx_word' id='word_1_813' title='bbox 2141 3279 2182 3330; x_wconf 68' lang='grc' dir='ltr'>ἔγ</span> <span class='ocrx_word' id='word_1_814' title='bbox 2187 3282 2246 3330; x_wconf 82' lang='grc' dir='ltr'>ρῆν</span> <span class='ocrx_word' id='word_1_815' title='bbox 2259 3278 2346 3329; x_wconf 79' lang='grc' dir='ltr'>μηδὲ</span> 
     </span>
    </p>
   </div>
   <div class='ocr_carea' id='block_1_15' title="bbox 1379 3402 2231 3442">
    <p class='ocr_par' dir='ltr' id='par_1_15' title="bbox 1379 3402 2231 3442">
     <span class='ocr_line' id='line_1_108' title="bbox 1379 3402 2231 3442; baseline -0.005 -7"><span class='ocrx_word' id='word_1_816' title='bbox 1379 3405 1393 3425; x_wconf 65' lang='lat'>³·</span> <span class='ocrx_word' id='word_1_817' title='bbox 1419 3402 1531 3436; x_wconf 62' lang='lat' dir='ltr'>Morvl.</span> <span class='ocrx_word' id='word_1_818' title='bbox 1550 3407 1644 3436; x_wconf 57' lang='grc' dir='ltr'>αὐτῶν</span> <span class='ocrx_word' id='word_1_819' title='bbox 1661 3409 1711 3440; x_wconf 74' lang='grc' dir='ltr'>τῆς</span> <span class='ocrx_word' id='word_1_820' title='bbox 1728 3405 1872 3438; x_wconf 66' lang='grc' dir='ltr'>συνουσίας</span> <span class='ocrx_word' id='word_1_821' title='bbox 1890 3404 1936 3433; x_wconf 64' lang='grc' dir='ltr'>καὶ</span> <span class='ocrx_word' id='word_1_822' title='bbox 1955 3408 2005 3437; x_wconf 74' lang='grc' dir='ltr'>τῆς</span> <span class='ocrx_word' id='word_1_823' title='bbox 2023 3406 2126 3442; x_wconf 72' lang='grc' dir='ltr'>τιμῆς,</span> <span class='ocrx_word' id='word_1_824' title='bbox 2141 3402 2231 3433; x_wconf 66' lang='grc' dir='ltr'>ἀλλὰ..</span> 
     </span>
    </p>
   </div>
  </div>
 </body>
</html>
