2481 3678
95 390 150 419 Dei
166 401 246 419 amor

59 443 124 469 crga
151 434 246 460 homi-

57 484 107 500 nes
156 485 247 511 quan-

61 522 117 542 ωε.

263 230 348 276 180

258 326 320 364 scd
338 340 419 365 cum
441 328 574 380 majore
595 328 753 380 emphasi
771 344 778 364 :
799 341 878 378 quae
909 326 944 364 in
967 323 1117 376 singulis
1135 322 1241 361 dictis

259 387 478 426 observatur.
497 388 562 427 His
578 390 671 427 enim
685 388 820 437 verbis,
835 388 895 425 Sic
906 387 1057 431 dilexit,
1076 393 1121 433 et,
1135 384 1241 421 Deus

260 449 467 494 mundum,
511 449 632 500 ingens
672 462 771 486 amor
809 446 1042 497 significatur.
1083 443 1242 482 Multum

260 508 401 560 quippe,
421 509 492 546 imo
512 509 725 547 immensum
743 517 817 546 erat
841 506 1041 544 discrimen.
1063 506 1154 542 Nam
1177 504 1241 542 im-

260 568 420 606 mortalis
443 578 476 606 et
502 569 577 606 sine
596 568 784 620 principio,
804 565 1011 617 magnitudo
1027 564 1179 613 infinita,
1200 578 1244 601 ex

261 639 351 667 terra
366 639 398 667 et
415 630 530 666 cinere
548 630 726 677 formatos,
746 626 941 665 innumeris
961 634 1103 663 onustos
1124 638 1244 677 pecca-

260 690 317 738 tis,
333 691 392 741 qui
410 703 547 741 semper
563 703 597 726 se
617 687 854 734 offendebant,
883 686 1038 738 ingratos
1047 701 1058 736 3
1082 686 1162 735 hos,
1190 684 1245 721 in-

261 764 382 800 quam,
414 749 553 787 dilexit.
583 749 629 786 Et
649 763 727 799 quae
748 757 868 800 postea
890 755 1083 798 sequuntur
1100 744 1247 798 perinde

261 810 480 847 vehementia
501 818 600 858 sunt;
621 808 721 847 addit
750 808 866 845 enim:
890 809 940 846 Ut
960 808 1106 844 Filium
1135 820 1245 845 suum

263 874 501 922 unigenitum
511 872 637 915 (laren
652 883 720 907 non
733 883 886 917 servum,
901 882 968 905 non
980 867 1158 918 angelum,
1177 881 1246 905 non

262 930 512 981 archangelum
537 930 596 968 ait.
619 929 722 981 Atqui
738 943 839 967 nenio
860 942 1015 979 unquam
1030 927 1085 965 vel
1101 927 1193 965 circa
1208 928 1248 964 fi-

263 991 353 1029 lium
373 1001 509 1029 tantum
542 991 698 1028 studium
736 990 912 1039 adhibuit,
944 996 1115 1039 quantum
1152 989 1249 1026 Deus

266 1053 357 1089 circa
374 1052 528 1103 ingratos
548 1066 679 1090 servos.
706 1050 1036 1099 Passionemitaque
1047 1062 1115 1086 non
1135 1049 1250 1086 omui-

266 1126 310 1149 no
348 1122 479 1164 aperte,
517 1112 577 1150 scd
602 1113 749 1150 obscure
773 1111 932 1164 praedicit
948 1127 958 1161 5
974 1109 1251 1148 emolumentum

266 1182 383 1209 autem
401 1187 445 1209 ex
460 1173 620 1223 passione
639 1173 798 1209 futurum
819 1171 912 1208 clare
925 1170 1029 1208 dicit:
1057 1171 1108 1206 Ut
1129 1173 1252 1207 omnis

267 1235 333 1283 qui
347 1234 466 1270 credit
485 1235 526 1268 in
542 1246 641 1278 eum,
667 1245 743 1268 non
757 1239 902 1282 pereat,
927 1232 995 1268 sed
1020 1231 1163 1267 haheat
1192 1233 1251 1267 vi—

269 1302 345 1329 tam
362 1301 560 1329 aeternam.
584 1292 678 1338 Quia
699 1291 839 1329 dixerat
854 1291 972 1343 ipsum
986 1289 1182 1328 exaltatum
1196 1290 1253 1341 iri,

267 1363 298 1391 et
319 1363 468 1391 mortem
490 1353 787 1402 subindicaverat,
801 1366 843 1390 ne
862 1352 970 1391 verba
989 1351 1109 1390 isthaec
1127 1365 1253 1390 moero-

267 1432 340 1455 rem
359 1426 519 1469 parerent
539 1416 705 1467 auditori,
728 1416 820 1454 etde
838 1415 915 1468 ipso
925 1415 1124 1456 humanum
1151 1417 1255 1468 quid-

266 1478 363 1530 piam
378 1478 627 1530 suspicaretur,
660 1486 867 1529 putaretque
885 1485 1034 1514 mortem
1053 1477 1122 1529 ipsi
1148 1478 1255 1516 finem

268 1537 459 1576 exsistendi
473 1539 629 1576 suturam
645 1551 729 1587 esse,
746 1536 828 1575 vide
838 1551 908 1587 quo
922 1546 1025 1589 pacto
1036 1537 1073 1575 id
1088 1546 1255 1590 attempe-

270 1608 332 1648 ret,
351 1614 432 1636 cum
451 1599 537 1636 dicit
548 1598 668 1636 datum
681 1612 754 1635 esse
768 1598 832 1635 Dei
844 1597 993 1648 Filium,
1005 1598 1086 1636 vitae
1098 1612 1253 1648 causam,

269 1659 341 1697 imo
359 1660 440 1697 vitre
464 1668 612 1698 aeternae.
640 1660 674 1696 Is
694 1672 777 1697 vero
807 1658 867 1708 qui
886 1673 949 1710 per
978 1668 1127 1697 mortem
1154 1673 1253 1698 suam

267 1721 380 1759 vitam
400 1720 479 1758 aliis
497 1719 645 1757 daturus
667 1729 752 1769 erat,
764 1720 799 1756 in
820 1728 932 1757 morte
946 1720 1015 1757 non
1031 1719 1094 1757 diu
1106 1733 1252 1758 mansu-

269 1795 329 1819 rus
348 1791 431 1819 erat.
452 1782 541 1818 Nam
554 1780 583 1817 si
598 1780 695 1830 iiqui
716 1780 752 1817 in
772 1779 984 1817 crucifixum
1004 1779 1163 1829 credunt,
1185 1794 1253 1819 non

268 1851 427 1894 pereunt,
448 1841 561 1879 multo
577 1841 694 1879 minus
714 1840 843 1893 peribit
865 1840 926 1878 ille
949 1840 1157 1879 crucifixus.
1182 1841 1254 1888 Qui
1275 1855 1300 1885 D

269 1902 361 1940 enim
375 1902 564 1954 perniciem
582 1901 627 1939 ab
643 1901 722 1939 aliis
735 1901 860 1950 aufert,
879 1900 992 1940 multo
1012 1901 1126 1952 magis
1147 1901 1222 1954 ipse
1235 1917 1255 1940 a

268 1963 422 2016 pernicie
441 1963 532 2000 liber
548 1962 614 2000 erit
630 1978 636 1999 :
652 1962 710 2013 qui
724 1962 805 1999 aliis
821 1962 933 2000 vitam
955 1962 1125 2014 impertit,
1142 1963 1254 2001 multo

270 2025 383 2076 magis
395 2024 463 2062 sibi
474 2023 661 2076 impertiet.
682 2022 811 2061 Viden’
825 2022 956 2074 ubique
971 2037 1059 2075 opus
1077 2037 1149 2062 esse
1161 2023 1256 2062 fide?

270 2087 360 2122 Nam
373 2098 514 2123 erucem
528 2084 608 2123 vitae
619 2084 751 2121 sontem
763 2097 836 2122 esse
851 2083 951 2120 dicit.
971 2083 1014 2120 ld
1028 2084 1254 2123 ratiocinium

270 2159 339 2183 non
351 2146 452 2183 facile
462 2145 626 2182 admittat
647 2161 653 2180 ε
673 2145 774 2196 cujus
792 2144 842 2181 rei
852 2153 956 2182 testes
967 2158 1061 2182 nune
1075 2155 1155 2184 sunt
1175 2159 1256 2197 gen-

271 2205 362 2254 tiles,
377 2205 486 2256 quiid
496 2204 658 2242 videntes
673 2218 754 2241 cum
764 2204 838 2242 risu
849 2203 1050 2256 excipiunt:
1066 2205 1154 2243 fides
1174 2220 1258 2244 vero

272 2281 348 2318 ‹111ae
367 2265 541 2303 ratiocinii
569 2265 847 2303 imbecillitatem
881 2273 1037 2317 superat,
1066 2265 1134 2303 hoc
1156 2267 1259 2304 facile

273 2326 427 2364 admittit
455 2335 488 2363 et
520 2325 654 2363 retinet.
679 2325 783 2364 Unde
809 2334 927 2362 autem
954 2333 1133 2379 tantopere
1162 2328 1259 2365 Deus

273 2387 448 2424 mundum
485 2386 640 2424 dilexit?
672 2387 751 2424 Non
776 2385 933 2435 aliunde,
964 2401 1071 2437 quam
1106 2402 1149 2425 ex
1186 2388 1258 2426 sola

274 2448 490 2499 benignitate
518 2461 590 2484 sua.

676 247 714 277 S.

331 2625 366 2660 5.
389 2624 428 2660 In
443 2624 615 2674 pudorem
633 2638 716 2675 ergo
743 2634 924 2663 vertamur
952 2626 997 2664 ob
1017 2634 1150 2664 tantam
1171 2627 1258 2664 cari-

279 2694 384 2721 tatem
402 2684 670 2723 :crubescamus
684 2685 728 2724 de
742 2685 972 2737 benignitatis
998 2701 1154 2725 excessu.
1182 2689 1260 2741 Ipse
1269 2672 1319 2739 13⁷

279 2745 372 2782 enim
389 2754 426 2782 ut
447 2759 509 2782 nos
530 2755 695 2795 servaret,
718 2761 761 2784 ne
785 2748 968 2799 unigenito
997 2748 1140 2800 quidem
1169 2751 1261 2790 Filio

280 2820 343 2843 suo
363 2815 539 2857 pepercit;
571 2819 633 2843 nos
654 2808 813 2857 pecuniis
837 2809 1016 2860 parcimus
1048 2809 1084 2846 in
1106 2820 1260 2850 nostram

278 2867 481 2918 pernicicm.
504 2867 584 2918 Ipse
606 2867 827 2918 unigenitum
849 2870 981 2907 Filium
1002 2884 1066 2922 pro
1083 2871 1183 2909 nobis
1197 2872 1258 2911 de—

278 2928 348 2976 ‹lit3
381 2941 442 2965 nos
454 2942 495 2963 ue
513 2936 698 2977 argentum
713 2928 858 2977 quidem
874 2930 909 2967 in
926 2931 1000 2982 ejus
1019 2932 1168 2983 gratiam
1190 2934 1258 2972 de—

278 2991 463 3042 spicimus,
483 2991 554 3027 imo
575 3005 636 3027 nec
655 2991 689 3027 in
710 3000 865 3028 nostram
882 2993 1085 3033 utilitatem.
1098 2996 1145 3034 Et
1164 3012 1257 3048 qua-

278 3052 448 3090 nainhaec
465 3051 565 3089 venia
583 3051 690 3101 digna
711 3052 866 3089 sunt3‘Si
882 3053 1062 3093 hominem
1074 3057 1258 3097 videamus

277 3112 431 3164 pericula
447 3121 480 3149 et
497 3120 645 3149 mortem
660 3126 724 3163 pro
746 3112 846 3149 nobis
857 3113 989 3163 subire,
1011 3115 1127 3165 ipsum
1145 3119 1257 3156 omni·

317 3263 328 3274 a
342 3250 483 3290 Quidam
503 3256 753 3294 ἐχιρκτικώτερον.
770 3251 857 3292 [MOX
872 3260 903 3287 τό
928 3268 959 3286 τε
980 3260 1035 3298 γὰρ
1060 3262 1146 3290 sinii)
1166 3260 1272 3292 Codd.

277 3304 347 3343 rib]

320 3356 334 3377 ι,
352 3353 409 3383 iffi}
438 3357 467 3385 o>
502 3356 611 3396 ,μῶρα
637 3360 753 3394 γυμνόν.
771 3353 870 3386 Paulo
896 3363 971 3396 post
995 3356 1095 3391 Saxil.
1119 3358 1148 3390 in
1184 3368 1272 3393 textu

278 3408 371 3448 „sicto-,-
391 3409 565 3449 σαφέστερον
592 3409 701 3445 ἑπάγΰ·
730 3405 847 3447 lSUl‘ffl
878 3405 1028 3440 dedlm'ls
1055 3421 1092 3441 “x
1118 3412 1217 3444 ὕψη
1239 3423 1269 3446 ‘¹‘

753 245 939 276 JOANMS
978 242 1220 274 CHRYSOST.
1259 242 1463 271 ARCHIEP.
1500 241 1859 273 CONSTANTINOI'.

1315 323 1514 373 Νικόδημον
1533 317 1574 370 ἦν
1595 326 1613 361 ὁ
1631 323 1741 375 λόγος·
1763 329 1775 345 ⁸
1796 322 2094 375 ἐμφαντικώτερον
2112 321 2159 359 δέ.
2181 322 2250 360 Καὶ
2266 322 2331 374 γὰρ

1314 382 1443 430 ἑκάστη
1471 382 1561 427 λέξις
1589 383 1722 430 πολλὴν
1743 384 1817 435 ἔχει
1838 383 1901 430 τὴν
1927 384 2091 435 ἔμφασιν.
2122 383 2185 434 Τῷ
2211 398 2249 420 τε
2267 384 2333 434 γὰρ

1314 446 1435 490 εἰπεῖν,
1456 443 1580 487 Οὕτως
1595 444 1778 495 ἠγάπησε,
1791 443 1849 482 καὶ
1867 446 1931 496 τῷ,
1949 443 1993 482 Ὁ
2007 443 2096 486 Θεὸς
2114 443 2171 481 τὸν
2191 443 2333 492 κόσμον,

1315 504 1447 550 πολλὴν
1471 504 1622 543 δείκνυσι
1640 507 1702 550 τῆς
1724 505 1861 555 ἀγάπης
1877 504 1939 551 τὴν
1960 504 2131 542 ἐπίτασιν.
2151 502 2248 542 Πολὺ
2268 502 2335 555 γὰρ

1316 564 1355 601 τὸ
1374 564 1478 614 μέσον
1498 564 1556 602 καὶ
1577 564 1717 617 ἄπειρον
1736 559 1790 611 ἦν.
1811 564 1855 603 Ὁ
1869 564 1935 616 γὰρ
1951 564 2158 611 ἀθάνατος,ὃ
2173 564 2334 615 ἄναρχος,

1316 628 1337 670 ἡ
1361 624 1589 676 μεγαλωσύνη
1617 628 1638 671 ἡ
1663 624 1873 677 ἀπέραντος,
1902 624 1981 669 τοὺς
2000 625 2068 663 ἀπο
2087 626 2150 677 γῆς
2169 624 2228 662 καὶ
2248 639 2333 662 σπο-

1317 686 1375 723 δοῦ
1390 715 1400 733 ,
1419 685 1497 729 τοὺς
1518 685 1648 738 μυρίων
1669 686 1838 737 γέμοντας
1856 685 2118 738 ἁμαρτημάτων
2130 717 2140 734 ,
2171 684 2250 729 τοὺς
2280 685 2336 723 διὰ

1316 746 1445 790 παντὸς
1461 747 1782 800 προσκεκρουκότας
1799 752 1859 786 τοῦ
1875 747 2013 800 χρόνου,
2028 747 2106 790 τοὺς
2120 747 2337 799 ἀγνώμονας,

1317 807 1458 852 τούτους
1476 808 1652 860 ἠγάπησε.
1675 809 1743 848 Καὶ
1760 809 1804 847 τὰ
1819 812 1906 859 μετὰ
1919 812 2030 846 ταῦτα
2044 808 2079 847 δὲ
2094 808 2199 847 πάλιν
2212 807 2338 859 ὁμοίως

1318 870 1532 922 ἐμφαντικὰ,
1553 870 1642 923 ἅπερ
1661 871 1817 922 ἐπήγαγε
1835 869 1945 920 λέγων
1960 899 1969 916 ,
1990 869 2074 908 (Ότι
2093 870 2150 907 τὸν
2170 870 2254 907 Υἷὸν
2275 871 2338 906 αὐ-

1319 933 1379 967 τοῦ
1410 931 1467 968 τὸν
1499 934 1664 982 μονογενῆ
1692 931 1818 969 ἔδωκεν
1832 946 1839 953 ·
1873 932 1910 968 οὐ
1943 931 2075 975 δοῦλον,
2103 932 2164 968 οὐκ
2184 930 2341 981 ἄγγελον,

1286 1004 1294 1031 3
1321 993 1382 1029 οὐκ
1398 992 1613 1044 ἀρχάγγελόν
1629 1008 1726 1044 φησι.
1746 991 1918 1042 Καίτοιγε
1933 992 2003 1028 οὐδ’
2023 990 2062 1028 ἂν
2075 990 2154 1043 περὶ
2168 991 2278 1028 παῖδά
2289 1007 2340 1034 τις

1322 1053 1493 1099 τοσαύτην
1511 1053 1709 1097 ἐπεδείξατο
1728 1052 1898 1100 σπουδὴν,
1914 1052 1998 1098 ὅσην
2015 1052 2094 1104 περὶ
2111 1052 2188 1095 τοὺς
2206 1051 2342 1095 οἰκέτας

1322 1112 1400 1156 τοὺς
1419 1113 1620 1164 ἀγνώμονας
1639 1116 1656 1150 ὅ
1680 1113 1782 1156 Θεός.
1805 1114 1857 1152 Τὸ
1875 1113 1936 1163 μὲν
1956 1107 2013 1150 οὖν
2032 1113 2139 1155 πάθος
2166 1111 2182 1132 ¹³
2198 1115 2235 1150 οὐ
2254 1113 2340 1165 σφό-

1324 1175 1387 1224 δρα
1403 1177 1541 1224 γυμνῶς
1559 1173 1706 1220 τίθησιν,
1728 1173 1816 1212 ἀλλὰ
1832 1173 2141 1224 συνεσκιασμένως·
2161 1173 2200 1211 τὸ
2218 1174 2253 1212 δὲ
2272 1174 2341 1212 ἀπὸ

1324 1236 1383 1269 τοῦ
1399 1232 1527 1275 πάθους
1542 1231 1672 1283 κέρδος,
1694 1234 1810 1284 σαφῶς
1829 1232 1889 1270 καὶ
1908 1232 2260 1283 ἀνακεκαλυμμένως,
2280 1232 2342 1270 λε’-

1325 1308 1393 1344 γιον
1414 1292 1451 1330 οὔ
1462 1308 1533 1336 τως·
1568 1292 1644 1330 Ἵνα
1663 1300 1731 1336 πᾶς
1751 1296 1768 1330 ὃ
1789 1293 1961 1330 πιστεύων
1982 1295 2028 1335 εἷς
2049 1292 2168 1340 αὐτὸν,
2188 1293 2236 1343 μὴ
2258 1293 2342 1330 ἀπό-

1325 1355 1453 1400 ληται,
1487 1355 1563 1391 ἀλλ’
1581 1353 1644 1406 ἔχῃ
1676 1353 1767 1400 ζωὴν
1789 1353 1938 1391 αἰώνιον.
1965 1352 2112 1399 Ἐπειδὴ
2140 1352 2207 1405 γὰρ
2236 1346 2343 1398 εἶπεν,

1325 1413 1530 1466 “Υψωθῆναι
1542 1415 1603 1462 δεῖ,
1624 1414 1681 1452 καὶ
1698 1414 1755 1452 τὸν
1773 1414 1916 1452 θάνατον
1934 1413 2086 1466 ᾐνίξατο,
2097 1412 2152 1450 ἵνα
2169 1413 2216 1463 μὴ
2233 1429 2344 1460 κατ-η·-

1325 1475 1390 1527 φὴς
1408 1479 1425 1513 ὃ
1454 1475 1627 1528 ἀκροατὴς
1647 1476 1715 1514 ἀπὸ
1734 1476 1865 1514 τούτων
1888 1475 2031 1527 γένηται
2060 1477 2129 1512 τῶν
2166 1475 2346 1527 ῥημάτων,

1325 1542 1337 1557 ⁰
1351 1535 1563 1588 ἀνθρώπινόν
1584 1552 1618 1574 τι
1634 1536 1713 1588 περὶ
1734 1538 1838 1574 αὐτοῦ
1859 1536 2073 1582 ὑποπτεύων,
2094 1535 2226 1573 καὶτὸν
2244 1535 2346 1574 θάνα-

1325 1612 1382 1634 τον
1417 1599 1520 1636 αὐτοῦ
1551 1596 1697 1648 νομίζων
1731 1596 1943 1649 ἀνυπαρξίαν
1972 1591 2058 1635 εἶναι
2073 1626 2082 1643 ,
2124 1596 2244 1635 σκόπει
2273 1599 2346 1640 πῶς

1326 1659 1410 1697 αὐτὸ
1431 1659 1636 1710 διορθοῦται,
1661 1659 1745 1696 Υἱόν
1765 1675 1802 1696 τε
1821 1661 1913 1697 Θεοῦ
1932 1658 2042 1709 λέγων
2068 1651 2154 1696 εἶναι
2177 1657 2233 1696 τὸν
2257 1658 2347 1695 διδό-

1327 1735 1426 1771 μενον
1439 1751 1448 1768 ,
1473 1720 1531 1758 καὶ
1552 1722 1640 1766 ζωῆς
1661 1719 1767 1758 αἴτιον
1788 1714 1895 1765 εἶναι,
1915 1720 1974 1757 καὶ
1994 1721 2082 1764 ζωῆς
2103 1719 2251 1757 αἰωνίου.
2269 1720 2347 1757 Οὐκ

1327 1781 1366 1818 ἂν
1396 1780 1430 1818 δὲ
1462 1784 1480 1818 ὃ
1506 1787 1576 1824 τοῖς
1601 1781 1717 1825 ἄλλοις
1744 1780 1834 1828 ζωὴν
1852 1780 2016 1833 παρέχων
2037 1779 2092 1818 διὰ
2112 1784 2171 1817 τοῦ
2188 1779 2347 1829 θανάτου,

1327 1843 1426 1886 αὐτὸς
1443 1843 1583 1893 ἔμελλεν
1603 1836 1688 1880 εἶναι
1705 1844 1739 1879 ἐν
1756 1844 1804 1894 τῷ
1821 1842 1956 1894 θανάτῳ
1975 1842 2149 1887 διηνεκῶς.
2170 1843 2216 1879 Εἰ
2234 1839 2299 1893 γὰρ
2317 1844 2347 1879 οἱ

1325 1902 1546 1946 πιστεύοντες
1574 1905 1620 1946 εἰς
1637 1901 1651 1922 ‘¹
1662 1903 1720 1941 τὸν
1751 1902 2012 1957 ἐσταυρωμέζον
2040 1904 2101 1941 οὐκ
2120 1901 2345 1949 ἀπόλλυνται,

1325 1966 1445 2015 πολλῷ
1461 1966 1592 2015 μᾶλλον
1604 1964 1705 2007 αὗτὸς
1719 1980 1803 2002 σταυ
1810 1963 1927 2016 ρωθεὶς
1941 1958 2006 2001 οὐκ
2016 1965 2208 2002 ἆπολεῖται.
2222 1963 2267 2002 ‘O
2280 1963 2347 2015 γὰρ

1326 2027 1394 2063 τῶν
1411 2025 1523 2064 ἄλλων
1544 2024 1606 2072 τὴν
1626 2024 1800 2062 ἀπώλειαν
1822 2026 1985 2077 ἀναιρῶν,
2003 2026 2121 2077 πολλῷ
2139 2027 2269 2075 μᾶλλον
2284 2026 2347 2063 αὖ-

1327 2086 1383 2129 τὸς
1402 2087 1531 2133 ταύτης
1550 2086 1785 2133 ἀπήλλακται·
1807 2088 1824 2124 ὁ
1843 2092 1914 2130 τοῖς
1933 2086 2049 2129 ἄλλοις
2069 2086 2232 2139 παρέχων
2243 2086 2348 2134 ζωὴν,

1327 2149 1446 2200 πολλῷ
1460 2148 1590 2198 μᾶλλον
1606 2149 1718 2200 ἑαυτῷ
1735 2147 1883 2196 πηγάζει
1901 2147 2007 2194 ζωήν.
2027 2146 2134 2199 Ὁρᾷς
2149 2147 2202 2185 ὅτι
2217 2163 2351 2185 παντα-

1327 2213 1391 2260 χοῦ
1405 2208 1554 2252 πίστεως
1571 2207 1694 2260 χρεία,
1713 2209 1784 2246 Τὸν
1803 2207 1870 2260 γὰρ
1890 2208 2036 2260 σταυρὸν
2052 2207 2168 2259 πηγὴν
2194 2210 2283 2254 ζωῆς
2301 2201 2347 2246 εἷ’-

1329 2267 1384 2306 ναί
1401 2284 1517 2320 φησιν,
1537 2267 1554 2304 ὃ
1573 2267 1738 2319 λογισμὸς
1755 2267 1816 2319 μὲν
1832 2270 1893 2307 οὐκ
1911 2267 1949 2305 ἂν
1966 2269 2090 2320 ῥᾳδίως
2106 2267 2350 2319 παραδέξαιτό·

1329 2329 1387 2368 καὶ
1412 2331 1644 2380 μαρτυροῦσιν
1664 2327 1715 2365 ἔτι
1733 2328 1792 2366 καὶ
1810 2332 1868 2366 νῦν
1890 2328 2059 2374 “EM-meg
2080 2330 2349 2379 καταγελῶντες·

1330 2395 1350 2437 ἦ
1367 2390 1401 2428 δὲ
1417 2391 1479 2437 τὴν
1496 2392 1564 2427 τῶν
1574 2391 1750 2440 λογισμῶν
1766 2388 1944 2427 ἀσθένειαν
1957 2388 2211 2440 ὑπερὸαίνουσα
2221 2388 2349 2435 πίστις,

1334 2451 1456 2504 ῥαδίως
1475 2449 1514 2487 ἂν
1533 2450 1617 2487 αὐτὸ
1632 2449 1690 2487 καὶ
1708 2448 1840 2493 δέξαιτο
1856 2449 1914 2487 καὶ
1931 2452 1944 2468 ⁰
1964 2448 2146 2501 κατάσχοι.
2179 2449 2292 2488 Πόθεν
2315 2450 2351 2489 δὲ

1331 2511 1438 2555 οὕτως
1457 2515 1637 2562 ἠγάπησεν
1651 2513 1668 2548 ὃ
1686 2510 1775 2554 Θεὸς
1792 2511 1848 2548 τὸν
1865 2510 2012 2561 κόσμον,
2031 2509 2191 2549 Ἄλλοθεν
2212 2511 2274 2562 μὲν
2292 2513 2348 2549 οὗ·

1332 2573 1492 2624 δαμόθεν,
1514 2571 1548 2616 ἐξ
1564 2571 1775 2623 ἀγαθότητος
1796 2571 1830 2610 δὲ
1848 2572 1968 2622 μόνης.

1384 2635 1636 2685 Ἔντραπῶμεν
1655 2632 1766 2671 τοίνυν
1784 2636 1886 2670 αὐτοῦ
1903 2633 1966 2679 τὴν
1986 2633 2138 2685 ἀγάπην·
2158 2636 2350 2686 αἰσχυνθῶ-

1334 2711 1395 2747 μεν
1416 2697 1477 2741 τῆς
1495 2692 1751 2746 φιλανθρωπίας
1768 2691 1830 2738 τὴν
1851 2693 2058 2745 ὑπερὸολήν.
2078 2694 2188 2738 Αὐτὸς
2203 2693 2265 2744 μὲν
2282 2693 2350 2745 γὰρ

1331 2755 1407 2795 οὐδὲ
1435 2759 1493 2793 τοῦ
1509 2757 1721 2806 Μονογενοῦς
1745 2753 1904 2805 ἐφείσατο
1924 2754 1965 2792 δι’
1991 2758 2095 2805 ἡμᾶς·
2116 2757 2217 2804 ἡμεῖς
2237 2754 2271 2792 δὲ
2291 2755 2350 2792 καὶ

1331 2817 1522 2872 χρημάτων
1536 2815 1721 2868 φειδόμεθα
1736 2818 1812 2852 καθ’
1832 2817 1977 2853 ἑαυτῶν.
1998 2814 2108 2858 Αὐτὸς
2121 2815 2179 2853 καὶ
2193 2816 2249 2854 τὸν
2265 2816 2350 2867 γνή-

1332 2896 1402 2918 σιον
1421 2878 1504 2917 Υἱὸν
1529 2877 1654 2914 ἔδωκεν
1674 2875 1761 2926 ὑπὲρ
1781 2878 1894 2926 ἡμῶν·
1916 2879 2016 2926 ἡμεῖς
2036 2875 2070 2913 δὲ
2090 2875 2167 2914 οὐδὲ
2189 2876 2350 2928 ἀργυρίου

1330 2941 1610 2991 καταφρονοῦμεν
1628 2935 1713 2987 ὑπὲρ
1730 2937 1844 2981 αὐτοῦ,
1865 2937 1940 2973 ἀλλ’
1961 2935 2037 2974 οὐδὲ
2051 2935 2136 2989 ὓπερ
2150 2939 2263 2987 ἡμῶν.
2282 2937 2351 2975 Καὶ

1329 3004 1403 3044 πῶς
1422 2999 1460 3037 ἂν
1489 2998 1543 3046 εἴη
1559 3002 1670 3036 ταῦτα
1690 2996 1895 3047 συγγν(ἷ)μ.ης
1913 2996 2009 3044 ἄξια,
2030 2997 2103 3034 Κᾶν
2128 2997 2189 3048 μὲν
2215 2998 2348 3049 ἅνθρω-

1329 3077 1392 3100 πον
1412 3061 1538 3110 ἴδωμεν
1559 3058 1731 3100 κινδύνους
1750 3056 1808 3094 καὶ
1830 3057 1995 3100 θανάτους
2011 3057 2095 3109 ὑπὲρ
2116 3060 2216 3109 ἡμῶν
2237 3074 2350 3096 κατα-

1331 3122 1529 3172 δεξάμενον,
1557 3119 1695 3157 πάντων
1719 3118 1946 3170 προτίθεμεν,
1978 3119 2036 3156 καὶ
2056 3120 2090 3156 ἐν
2109 3125 2180 3162 τοῖς
2199 3119 2351 3170 πρώτοις

1348 3261 1455 3295 Codd.
1476 3265 1534 3295 095)
1553 3267 1587 3295 ν’,ν
1603 3264 1670 3305 περὶ
1687 3273 1718 3293 π.
1740 3269 1798 3299 pro
1817 3261 1880 3291 οὐδὲ
1898 3272 1930 3291 π.
1949 3259 1997 3298 τυ]

1385 3325 1397 3338 ⁰
1417 3312 1503 3345 Alius
1517 3318 1775 3357 ἀνθρωπινώτερον
1790 3315 1856 3354 περὶ
1875 3313 1972 3342 αὐτόν.

1385 3366 1399 3389 ‘¹
1419 3364 1515 3397 Saxll
1538 3370 1587 3398 τὸν
1604 3366 1830 3407 σταυιςούμενου.
1851 3361 1905 3402 [V.
1926 3360 2022 3397 infra,
2045 3372 2079 3401 ι).
2103 3359 2188 3400 155.,
2203 3361 2259 3401 Β,[

1384 3425 1388 3431 “
1412 3415 1522 3448 Morcl.
1538 3421 1692 3458 κατάσχοι,
1723 3419 1818 3448 ταῦτα
1835 3415 1985 3450 ἀκούοντες
2001 3416 2044 3446 ἑτι
2062 3414 2160 3449 οὕτως.
