2522 3683
139 1100 251 1138 Ephesi.
274 1098 303 1127 5.

139 1140 191 1168 32.

142 1212 169 1230 1.
199 1203 278 1231 Tim.
296 1201 326 1230 3.

143 1242 190 1271 16.

140 1308 251 1347 Ephes.
266 1307 297 1336 3.

143 1349 171 1378 3.
191 1347 222 1387 4.

140 1462 223 1490 Ibid.
242 1470 269 1487 v.
286 1457 317 1488 8.

147 1982 222 2009 lsai.
239 1980 286 2016 25.

152 2024 199 2051 16.

152 2405 289 2433 Bar-neh.
307 2403 338 2434 3.

151 2446 299 2479 svn-38,

161 2929 232 2957 lsai.
248 2928 298 2957 53.
315 2926 347 2956 8.

163 3144 252 3172 Hdff.
276 3152 300 3171 1.
317 3144 346 3173 3.

339 204 433 251 886

332 302 470 354 primus
491 307 698 351 conspectus
716 296 876 335 secundis
903 294 997 332 curis
1024 301 1238 332 exornatur:
1263 291 1313 329 sic

332 364 366 392 et
386 354 478 392 culta
493 352 617 390 divino
635 351 744 389 verbo
764 350 894 395 anima,
916 348 946 385 si
961 347 1035 397 jam
1061 346 1238 383 dictorum
1257 358 1312 382 re-

333 406 503 458 petitione
518 414 719 447 reuovetur‚
736 401 919 440 fecundior
933 399 979 437 ad
999 399 1143 437 Virtutis
1158 399 1313 436 fructum

333 458 567 496 emittendum
582 457 746 495 efficitur.
762 456 921 505 Tempus
937 461 1054 489 autem
1071 461 1122 489 est
1137 460 1177 488 ut
1192 450 1236 488 ad
1252 450 1312 487 de-

333 511 449 548 bitum
471 510 678 549 solvendum
699 508 906 546 accedamus
925 521 932 540 :
958 504 1003 542 ad
1023 503 1199 550 debitum,
1219 502 1316 554 quod

333 573 368 601 et
383 579 445 602 nos
461 564 594 601 solvere
615 561 855 614 promisimus,
870 567 903 595 ct
921 572 985 595 vos
1006 557 1043 594 in
1065 565 1180 594 mente
1198 570 1317 594 versa-

333 617 393 653 tis.
417 619 547 655 Omnes
560 629 667 666 porro
689 612 821 650 Christi
839 618 995 647 amantes
1015 623 1113 660 rogo,
1134 618 1174 646 ut
1200 617 1233 646 et
1251 622 1315 645 au·

334 683 389 706 res
405 678 438 705 et
457 677 610 705 mentem
626 666 804 718 praebeant
814 679 824 712 3
841 672 880 699 ut
894 671 928 700 et
943 675 1045 698 aures
1064 661 1203 699 assidue
1222 660 1317 698 dicta

335 721 528 771 excipiant,
553 728 586 756 et
605 732 702 755 mens
724 725 885 754 accurate
912 713 1100 752 sententias
1132 713 1314 764 exploret:

335 773 380 810 de
401 773 543 810 Christo
563 771 657 808 enim
670 769 789 820 agitur
796 784 806 817 ;
822 766 999 818 quidquid
1015 775 1131 803 autem
1146 765 1190 802 de
1207 765 1317 802 Chri-

335 835 388 863 sto
408 825 553 873 dicitur,
574 837 642 861 non
662 831 712 860 est
724 821 878 873 simplex
894 818 1113 871 praedicatio,
1132 817 1193 856 sed
1210 818 1318 869 picta-

336 878 382 915 tis
404 877 625 930 mysterium.
650 875 777 913 Omnis
798 873 931 911 Christi
954 870 1147 909 oeconomia
1179 879 1319 922 myste-

335 931 432 967 rium
450 930 602 978 dieitur3
625 926 836 980 mysterium
855 939 939 964 vero
958 938 1027 962 non
1046 924 1082 960 in
1110 923 1242 975 scripto
1258 937 1320 974 ap-

337 992 450 1035 paret,
483 982 545 1020 sed
567 982 602 1019 in
624 995 661 1018 rc
681 981 756 1032 ipsa
778 978 1003 1031 praeclicatur.
1032 976 1115 1013 Ideo
1135 976 1321 1027 Scriptura

339 1045 450 1073 totam
478 1035 611 1072 Christi
644 1032 874 1070 oeconomiam
900 1029 1111 1081 mysterium
1131 1037 1245 1075 vocat,
1283 1036 1322 1064 ut

341 1102 422 1125 cum
439 1087 527 1125 dicit
544 1086 676 1124 Paulus
690 1101 697 1120 :
717 1085 951 1131 ‚Mineruam
967 1083 1039 1118 hoc
1055 1093 1239 1131 magnum
1249 1087 1322 1124 est,-

342 1155 408 1192 ego
426 1149 555 1177 autem
575 1140 660 1175 dico
678 1140 720 1174 in
740 1137 894 1174 Christo
927 1142 963 1171 et
997 1136 1039 1170 in
1063 1133 1261 1175 Ecclesia,·
1289 1140 1323 1168 et

342 1207 500 1239 rursum,
521 1192 735 1243 sslanifeste
764 1200 947 1239 magnum
978 1194 1034 1222 est
1061 1187 1218 1236 pietatis
1238 1198 1323 1232 my-

341 1248 514 1291 sterium,
549 1244 650 1295 qnod
682 1242 975 1293 manifestatum
1000 1246 1055 1275 est
1075 1240 1116 1274 in
1136 1251 1270 1281 carne;
1292 1245 1326 1273 et

342 1299 486 1345 iterum,
519 1296 736 1335 Secundum
769 1293 1043 1331 revelationem
1073 1297 1204 1327 notum
1231 1290 1326 1326 mihi

332 1352 490 1403 factum
512 1359 566 1387 est
595 1349 835 1397 mysterium,
861 1347 959 1382 sieut
972 1345 1130 1395 potestis
1160 1343 1326 1394 legentes

345 1403 665 1454 comprehendere
697 1399 996 1450 intelligentiam
1018 1409 1143 1433 meam
1163 1397 1205 1432 in
1234 1409 1326 1443 my—

346 1459 461 1494 sterio
483 1456 629 1493 Christi
642 1470 656 1497 ,·
677 1462 710 1490 et
728 1452 829 1497 alibi,
853 1451 956 1487 Mihi
978 1451 1150 1486 omnium
1169 1450 1328 1484 minimo

348 1518 572 1546 sanctornm
598 1508 693 1544 data
723 1513 778 1542 est
797 1505 926 1555 gratia
948 1503 1041 1548 hoec,
1061 1501 1331 1552 evangelizare

353 1564 465 1598 vobis
479 1558 764 1611 investigabiles
778 1558 934 1593 divitias
953 1555 1110 1599 Christi,
1134 1561 1170 1590 et
1186 1553 1331 1590 illumi-
1355 1555 1378 1586 C

354 1628 448 1651 nare
463 1615 609 1650 omnia:
623 1625 701 1662 quae
713 1619 761 1648 est
775 1609 1023 1660 Dispensatio
1033 1607 1335 1657 inysterii,qzcod

353 1667 622 1704 absconditum
635 1666 723 1717 fuit
753 1676 778 1699 ιι
806 1661 957 1699 saeculis
976 1668 1013 1696 et
1033 1673 1057 1695 a
1075 1661 1333 1710 generationi-

352 1721 435 1764 bus,
476 1732 577 1756 nunc
614 1725 744 1754 antem
777 1716 1070 1764 manifestatum
1105 1719 1161 1748 est
1189 1714 1334 1749 sanetis

349 1774 446 1824 ejus,
481 1773 616 1821 quibus
649 1769 770 1807 voluit
795 1769 901 1804 Deus
931 1764 1219 1815 notlcinfacere
1250 1778 1334 1815 quae

350 1827 428 1862 Sint
445 1824 589 1862 (livitioe
607 1823 739 1873 glorioe
768 1821 944 1867 mysterii
963 1819 1043 1867 ojits
1073 1819 1113 1853 in
1140 1818 1330 1867 gentibus,

350 1878 456 1927 quod
483 1886 537 1914 est
560 1877 748 1921 Christus,
768 1886 850 1924 spes
877 1872 1022 1922 glorioe.
1046 1869 1141 1918 Ergo
1162 1868 1336 1906 falluntur

349 1928 522 1972 haeretiei,
543 1927 601 1978 qui
630 1926 839 1978 mysterium
869 1923 935 1961 Dei
955 1921 1121 1960 humanis
1141 1921 1336 1959 ratiociniis

351 1982 562 2033 subjiciunt3
584 1979 672 2017 (licit
699 1978 792 2015 enim
811 1993 817 2012 :
842 1977 1218 2024 flZ)·stel‘i1tiiirneztriz
1243 1976 1338 2012 mihi

351 2044 387 2072 et
403 2037 509 2071 meis.
533 2033 690 2077 Quinam
711 2045 793 2069 vero
813 2028 946 2067 Christi
971 2036 1066 2075 sunt,
1098 2026 1166 2064 nisi
1187 2025 1338 2064 fideles?

352 2089 442 2124 Cum
450 2085 605 2124 volueris
618 2083 805 2135 quidpiam
818 2082 861 2119 (lc
871 2080 1011 2119 Christo
1024 2079 1158 2117 discere
1173 2080 1229 2117 vel
1238 2079 1338 2117 audi-

349 2155 399 2188 re,
420 2153 463 2177 ne
483 2138 658 2176 consultas
685 2135 921 2183 ratiocinium,
942 2147 985 2171 ne
1009 2132 1171 2184 explores
1195 2133 1338 2184 sapien-

349 2203 420 2230 tem
434 2191 620 2242 quemvis,
642 2189 701 2227 sed
722 2189 895 2237 interroga
915 2186 1139 2238 prophetam,
1163 2185 1340 2236 interroga

351 2245 565 2297 apostolum,
586 2241 749 2280 examina
766 2241 931 2290 angelum
955 2254 962 2274 :
986 2238 1015 2276 si
1032 2238 1186 2274 haereant
1205 2238 1276 2285 illi,
1293 2238 1341 2276 ad

352 2307 487 2350 patrem
502 2295 692 2343 confugito.
707 2293 745 2331 Si
763 2293 956 2342 interroges
970 2290 1161 2343 prophetas
1173 2299 1205 2326 ct
1220 2289 1317 2328 dicas
1331 2306 1338 2327 ε

354 2350 445 2397 Quis
465 2358 515 2386 est
533 2348 592 2385 hie
609 2346 800 2385 Christus?
815 2343 1003 2396 respondet
1028 2342 1093 2380 tibi
1112 2342 1340 2394 propheticus

354 2404 497 2441 chorus:
515 2403 589 2438 llic
604 2402 708 2438 Dens
721 2408 871 2436 noster:
889 2397 1216 2448 nonreputabitur
1239 2396 1341 2434 alius

350 2465 490 2508 proeter
511 2467 608 2492 eum.
630 2455 785 2490 Invenit
805 2464 955 2488 omnem
971 2451 1081 2486 ‘viam
1100 2450 1282 2493 scientiae,
1305 2458 1341 2486 et

353 2510 458 2546 dedit
471 2522 556 2544 esim
570 2507 693 2543 Jacob
705 2505 799 2557 filio
819 2517 900 2549 sua,
915 2511 951 2539 et
964 2501 1089 2539 Israel
1103 2501 1244 2538 dilecto
1259 2515 1339 2538 suo.

355 2563 449 2599 Post
468 2562 547 2597 han:
562 2562 603 2596 in
618 2561 728 2595 terris
742 2560 850 2595 visus
866 2564 934 2601 est,
955 2563 991 2592 et
1011 2568 1096 2592 cum
1121 2554 1341 2592 hominibus

356 2621 603 2650 conversatus
632 2620 699 2648 est.
728 2610 766 2648 Si
796 2618 914 2646 autem
936 2606 1223 2657 interrogaveris,
1252 2606 1342 2652 Quis

357 2675 408 2702 cst
421 2666 480 2701 hie
494 2665 671 2711 Christus,
685 2672 717 2700 et
734 2661 912 2713 quomodo
926 2669 1028 2697 natus
1048 2668 1110 2706 est,
1129 2658 1343 2709 divinosque

357 2718 490 2754 natales
521 2717 657 2754 curiose
688 2724 864 2753 scrutatus
883 2713 1008 2759 fueris,
1028 2711 1214 2749 audaciam
1244 2721 1342 2749 tuam

359 2770 583 2807 refrenahunt
606 2769 798 2820 prophetas,
817 2776 849 2804 et
884 2766 1003 2803 dicent
1026 2780 1033 2800 τ
1058 2765 1163 2802 Tunc
1177 2763 1272 2815 capis
1290 2778 1341 2813 ea,

360 2837 439 2872 quat
460 2818 624 2871 cogitatio
645 2830 763 2858 nostra
786 2833 910 2870 capere
938 2817 1059 2868 nequit
1070 2818 1086 2854 ἱ)
1109 2816 1148 2854 Si
1172 2816 1259 2855 velis
1283 2816 1344 2853 di-

361 2888 478 2922 scere,
500 2874 601 2911 illum
622 2876 737 2911 Deum
767 2886 839 2909 csse
873 2871 969 2909 disce
991 2886 998 2906 :
1023 2870 1053 2907 si
1080 2869 1256 2920 quomodo
1287 2883 1345 2920 ge-

361 2928 457 2964 nitus
477 2927 521 2963 sit
533 2927 667 2963 curiose
690 2925 859 2975 inquiras,
877 2924 973 2961 disce
991 2937 1011 2960 a
1037 2922 1153 2968 nobis,
1175 2922 1345 2959 Genera-

364 2982 505 3017 tionem
531 2981 610 3030 ejus
646 2980 730 3028 quis
764 2979 987 3014 enarrabit?
1004 2975 1041 3013 δί
1074 2974 1346 3024 interrogaveris

363 3032 578 3083 apostolum,
603 3030 677 3067 sive
696 3029 929 3080 apostolieum
949 3028 1111 3074 chorum,
1131 3027 1249 3064 dicent
1266 3027 1345 3073 tibi,

365 3084 527 3122 Christus
547 3091 597 3120 est
614 3084 720 3128 Deus,
740 3082 772 3117 in
795 3080 970 3131 principio
992 3082 1101 3126 Deus,
1127 3081 1224 3117 Deus
1250 3079 1347 3130 apud

364 3139 494 3181 Deum,
527 3135 560 3172 in
587 3148 724 3185 semper
755 3134 877 3170 Deus:
908 3133 1026 3170 (licent
1052 3131 1130 3178 tihi,
1160 3132 1348 3182 Splendor

362 3191 496 3241 gloria>
515 3197 551 3225 et
562 3188 690 3239 figura
713 3187 952 3228 snbstantioe,
975 3187 1100 3234 imago
1118 3185 1194 3220 Dei
1217 3187 1348 3221 invisi-

367 3243 467 3288 bilis,
488 3249 649 3292 portans
667 3240 798 3275 omnia
816 3239 934 3273 verbo
951 3239 1107 3272 virtutis
1123 3249 1214 3272 szcoe.
1239 3236 1274 3273 Si
1297 3236 1348 3272 in-

365 3303 534 3342 terrogeS,
557 3290 735 3342 quomodo
753 3290 782 3327 is
803 3289 863 3339 qui
879 3297 968 3336 erat,
985 3296 1086 3324 uatus
1103 3287 1159 3335 sit,
1174 3287 1292 3324 dicent
1307 3288 1349 3324 ti-

365 3347 400 3383 hi
425 3363 431 3382 :
457 3345 671 3384 Audivimus
705 3342 810 3391 illud,
837 3343 949 3386 Erat,
972 3349 1003 3377 ct
1024 3338 1119 3389 quod
1138 3349 1225 3376 esset
1254 3339 1349 3376 (lidi-

368 3399 499 3442 cimus;
520 3396 697 3448 quomodo
712 3405 827 3433 autem
841 3395 868 3431 is
883 3393 942 3444 qui
960 3401 1022 3441 est,
1039 3392 1083 3429 ah
1099 3391 1281 3431 Existcnte
1296 3391 1350 3439 sit,

1291 210 1465 240 SPUR1A.

1383 294 1448 342 γῆν
1468 291 1602 342 ὁρῶμεν
1622 289 1701 327 τότε
1725 288 1879 339 μάλιστα
1903 290 2018 332 καλῶς
2033 288 2309 341 γεωργουμένην,
2324 289 2405 327 ὅταν

1385 349 1455 387 τοῖς
1478 345 1592 386 αὐτοῖς
1623 341 1780 395 ἀρότροις
1812 341 2044 389 διευθύνηται,
2077 342 2136 379 καὶ
2167 341 2230 388 τὴν
2265 341 2407 394 πρώτην

1386 395 1586 447 ἐπιφάνειαν
1607 397 1628 441 ἡ
1652 393 1794 447 δευτέρα
1826 394 2073 432 καταλαὸοῦσα
2103 394 2289 445 κοσμήσῃ,
2321 394 2408 432 οὕτω

1385 448 1445 488 καὶ
1465 448 1528 495 τὴν
1547 447 1663 499 ψυχὴν
1682 446 1938 499 ἀροτριωμένην
1954 450 2004 499 τῷ
2023 447 2102 500 θείῳ
2118 447 2228 500 λόγῳ,
2249 447 2307 485 ἐὰν
2325 447 2410 485 ὑπό-

1389 516 1512 551 μνησις
1531 502 1599 538 τῶν
1619 499 1880 553 προειρημένων
1909 501 2108 538 εἰσελθοῦσα
2137 499 2315 546 ἀνανεώση
2346 499 2409 547 τὴν

1388 553 1554 600 διάνοιαν,
1587 553 1645 590 καὶ
1677 552 1913 605 γονιμωτέραν
1945 551 2008 599 τὴν
2038 551 2152 604 ψυχὴν
2179 544 2410 606 ἀπεργάζεται

1389 608 1435 649 εἷς
1455 605 1517 652 τὴν
1538 608 1600 651 τῆς
1624 608 1748 657 ἀρετῆς
1771 605 2020 657 καρποφορίαν.
2041 605 2168 658 Καιρὸς
2190 604 2225 643 δὲ
2246 610 2331 656 ἡμῖν
2354 605 2411 643 ἐπὶ

1389 658 1452 705 τὴν
1474 658 1614 710 ὀφειλὴν
1647 660 1865 704 ὑπαντῆσαι,
1885 657 2037 708 ὀφειλὴν,
2061 658 2102 704 ἢν
2126 658 2185 695 καὶ
2207 659 2302 696 αὐτοὶ
2323 661 2409 696 ὑπε-

1390 710 1569 763 σχόμεθα,
1589 711 1648 748 καὶ
1663 713 1762 761 ὑμεῖς
1783 712 1815 748 ἐν
1835 709 1969 763 διανοίᾳ
1991 710 2121 762 φέρετε.
2144 710 2242 754 ’Ain-”2
2265 711 2299 748 δὲ
2318 711 2410 749 πάν-

1389 779 1451 807 τας
1467 763 1545 806 τοὺς
1561 763 1801 816 φιλοχρίστους
1815 765 1979 814 ὑποσχεῖν
1996 763 2054 800 καὶ
2072 761 2134 805 τὰς
2154 763 2260 806 ἀκοὰς
2273 764 2332 801 καὶ
2349 763 2412 809 τὴν

1391 816 1559 863 διάνοιαν,
1589 815 1681 863 ἵναὴ
1707 815 1767 867 μὲν
1791 815 1876 862 ἀκοὴ
1905 814 2176 868 ἀπαραλείπτως
2205 815 2349 868 δέχηται
2370 816 2413 854 τὰ

1390 867 1582 920 λεγόμενα,
1604 873 1626 916 ἡ
1648 868 1683 907 δὲ
1699 868 1832 906 διάνοια
1853 867 2005 920 ἀκριίῗῶς
2021 867 2162 918 ἐξετάζῃ
2183 867 2227 906 τὰ
2241 868 2413 918 νοήματα·

1391 921 1473 974 περὶ
1496 922 1648 973 Χριστοῦ
1668 920 1736 974 γὰρ
1755 924 1772 959 ὃ
1791 919 1891 971 λόγος
1906 921 1979 958 ἐστί
1994 937 2001 943 ·
2021 927 2089 958 πᾶν
2112 920 2147 958 δὲ
2163 921 2244 971 περὶ
2262 923 2414 973 Χριστοῦ

1393 973 1591 1024 λεγόμενον,
1606 976 1665 1011 οὒκ
1681 973 1772 1011 ἔστιν
1790 974 1919 1011 ἁπλοῦν
1936 972 2102 1024 κήρυγμα
2115 1004 2124 1021 ,
2145 974 2220 1011 ἀλλ’
2242 974 2416 1017 εὐσεὸείας

1397 1025 1596 1076 μυστήριον.
1632 1027 1737 1062 Πᾶσα
1757 1029 1778 1071 ἡ
1798 1030 1856 1063 τοῦ
1877 1026 2029 1077 Χριστοῦ
2060 1025 2238 1075 οἰκονομία
2279 1027 2417 1077 μυστή-

1398 1092 1468 1128 ριον
1497 1077 1720 1126 ὀνομάζεται·
1743 1078 1782 1115 τὸ
1802 1077 1836 1114 δὲ
1860 1077 2050 1143 μυστήριον
2082 1081 2142 1116 οὐκ
2170 1081 2203 1116 ἐν
2231 1083 2281 1132 τῷ
2303 1080 2418 1132 γράμ-

1398 1145 1483 1179 ματι
1503 1129 1681 1181 φαίνεται,
1699 1131 1774 1168 ἀλλ’
1792 1131 1826 1167 ἐν
1846 1134 1895 1182 τῷ
1914 1146 2097 1182 πραγματι
2115 1130 2333 1183 κηρύττεται.
2350 1132 2418 1170 Διὰ

1396 1187 1497 1220 τοῦτο
1521 1185 1542 1227 ἡ
1568 1183 1596 1219 Γ
1602 1181 1690 1234 ραφὴ
1720 1188 1835 1220 πᾶσαν
1864 1185 1922 1220 τοῦ
1945 1184 2096 1235 Χριστοῦ
2126 1183 2189 1229 τὴν
2223 1184 2418 1234 οἰκονομίαν

1400 1234 1587 1287 μυστήριον
1602 1237 1717 1282 καλεῖ,
1733 1236 1779 1277 ὡς
1795 1234 1875 1273 ὅταν
1890 1234 1974 1287 λέγῃ
1993 1236 2147 1282 Παῦλος,
2165 1235 2217 1274 Τὸ
2231 1237 2419 1290 μυστήριον

1398 1290 1501 1325 τοῦτο
1519 1286 1610 1338 μέγα
1630 1286 1741 1325 ἐστίν·
1763 1287 1831 1338 ἐγὼ
1855 1287 1890 1326 δὲ
1919 1288 2010 1340 λέγω
2042 1289 2088 1331 εἰς
2120 1289 2269 1341 Χριστὸν
2290 1291 2349 1328 καὶ
2374 1293 2422 1334 εἰς

1399 1338 1461 1386 τὴν
1494 1339 1728 1385 Ἐκκλησίαν·
1759 1340 1818 1378 καὶ
1842 1341 1958 1387 πάλιν,
1993 1341 2302 1393 Ὁμολογουμένως
2332 1343 2422 1395 μέγα

1402 1393 1474 1430 ἐστὶ
1503 1393 1541 1431 τὸ
1570 1396 1633 1439 τῆς
1661 1392 1837 1437 εὖσεὸείας
1870 1393 2073 1446 μυστήριον,
2103 1393 2121 1431 δ
2159 1396 2357 1447 ἐφανερώθη
2387 1398 2421 1434 ἐν

1403 1445 1526 1498 σαρκί·
1564 1446 1624 1483 καὶ
1659 1445 1786 1491 πάλιν,
1835 1446 1936 1484 Κατὰ
1973 1446 2191 1499 ἀποκάλυψιν
2231 1449 2421 1502 ἐγνωρίσθη

1406 1514 1464 1548 μοι
1494 1498 1534 1536 τὸ
1569 1498 1770 1551 μυστήριον,
1799 1498 1912 1542 καθὼς
1945 1498 2088 1538 δύνασθε
2129 1501 2424 1551 ἀναγινώσκοντες

1403 1553 1525 1596 νοῆσαι
1546 1551 1608 1597 τὴν
1648 1551 1780 1589 σύνεσίν
1809 1568 1873 1602 μου
1910 1554 1944 1590 ἐν
1973 1554 2023 1604 τῷ
2058 1554 2236 1606 μυστηρίῳ
2255 1558 2314 1592 τοῦ
2339 1555 2424 1607 Χρι-

1405 1608 1505 1641 στοῦ·
1553 1603 1613 1641 καὶ
1653 1606 1825 1656 ἀλλαχοῦ,
1868 1604 1970 1656 Ἐμοὶ
2007 1604 2043 1643 δὲ
2079 1608 2128 1658 τῷ
2170 1607 2425 1660 ἐλαχιστοτέρω

1404 1655 1543 1694 πάντων
1556 1660 1623 1695 τῶν
1640 1657 1745 1708 ἁγίων
1761 1657 1859 1704 ἐδόθη
1885 1660 1901 1703 ἡ
1919 1658 2021 1710 γάρις
2037 1659 2123 1705 αὕτη
2140 1647 2426 1711 εὐαγγέλίσασθοίι

1405 1711 1495 1758 ὑμᾶς
1510 1709 1566 1747 τὸν
1585 1709 1840 1761 ἀνεξιχνίαστον
1857 1697 2004 1748 πλοῦτον
2025 1716 2083 1748 τοῦ
2109 1713 2260 1765 Χριστοῦ
2278 1713 2337 1750 καὶ
2357 1728 2427 1765 φω-

1405 1762 1500 1800 τίσαι
1516 1762 1641 1800 πάντα·
1659 1762 1710 1806 τίς
1727 1762 1771 1801 Ἥ
1792 1762 1969 1813 οἰκονομία
1983 1768 2041 1801 τοῦ
2061 1765 2250 1818 μυστηρίου
2269 1771 2328 1804 τοῦ
2344 1769 2428 1804 ἀπο-

1406 1815 1646 1866 κεκρυμμένου
1670 1815 1738 1853 ἀπὸ
1757 1818 1824 1853 τῶν
1852 1815 1997 1864 αἰώνων,
2022 1817 2081 1854 καὶ
2107 1818 2175 1855 ἀπὸ
2196 1822 2265 1856 τῶν
2291 1822 2427 1869 γενεῶν,

1406 1870 1464 1905 νῦν
1487 1867 1521 1905 δὲ
1544 1867 1740 1921 ἐφανερώθη
1767 1874 1838 1911 τοῖς
1869 1868 1978 1918 ἁγίοις
1997 1871 2117 1917 αὐτοῦ,
2141 1865 2189 1914 οἷς
2213 1871 2381 1918 ἠθέλησεν
2411 1875 2428 1909 ὁ

1408 1919 1496 1962 Θεὸς
1523 1919 1714 1973 γνωρίσαι,
1736 1921 1788 1965 τίς
1807 1924 1823 1959 ὁ
1840 1922 1985 1964 πλοῦτος
2003 1924 2065 1967 τ’ῆς
2094 1922 2192 1970 δόξης
2213 1929 2272 1962 τοῦ
2293 1940 2428 1974 μυστη-

1412 1971 1483 2024 ρίου
1504 1975 1607 2010 αὐτοῦ
1634 1975 1667 2011 ἐν
1698 1979 1768 2017 τοῖς
1796 1973 1937 2021 ἔθνεσιν,
1958 1974 1978 2012 δ’
1995 1977 2067 2013 ἐστι
2089 1977 2258 2027 Χριστὸς,
2289 1980 2310 2022 ἠ
2334 1977 2430 2021 ἐλπὶς

1410 2028 1472 2071 τ’ῆς
1504 2025 1614 2072 δόξης.
1650 2025 1774 2064 Τοίνυν
1813 2025 2024 2077 σφάλλονται
2064 2031 2245 2082 αἱρετικῶν
2287 2031 2430 2077 παῖδες,

1414 2078 1602 2130 μυστήριον
1618 2080 1709 2118 Θεοῦ
1727 2081 1905 2132 λογισμοῖς
1925 2080 2177 2124 ὑποὸάλλοντες
2194 2082 2430 2133 ἀνθρωπίνοις·

1411 2130 1504 2182 λέγει
1536 2130 1625 2183 γὰρ,
1652 2131 1704 2169 Τὸ
1736 2133 1923 2182 μυστήριόν
1945 2149 2010 2183 μου
2028 2133 2105 2184 ἐμοὶ
2133 2134 2192 2172 καὶ
2224 2141 2294 2178 τοῖς
2325 2138 2431 2186 ἐμοῖς.

1412 2183 1513 2226 Τίνες
1530 2183 1565 2221 δὲ
1585 2187 1616 2222 οἱ
1632 2188 1691 2222 τοῦ
1714 2187 1804 2223 Θεοῦ
1821 2203 1829 2232 ;
1850 2182 1899 2223 τΗ
1921 2186 2022 2231 δῆλον
2043 2186 2094 2223 ὅτι
2115 2189 2145 2224 οἱ
2165 2187 2292 2226 πιστοί.
2321 2188 2432 2226 σΟταν

1414 2235 1514 2286 θέλῃς
1529 2252 1563 2273 τι
1582 2237 1662 2290 περὶ
1679 2238 1832 2289 Χριστοῦ
1850 2242 1969 2291 μαθεῖν
1991 2238 2013 2284 ἢ
2042 2241 2209 2286 ἀκοῦσαι,
2234 2239 2281 2290 μὴ
2300 2243 2433 2293 ἐπερω-

1413 2286 1524 2339 τήσῃς
1549 2290 1728 2340 λογισμὸν,
1750 2290 1797 2340 μὴ
1819 2290 1981 2341 ἐξετάσῃς
2011 2291 2127 2342 σοφὸν,
2155 2293 2230 2330 ἀλλ’
2260 2293 2433 2343 ἐρώτησον

1414 2341 1609 2393 προφήτην,
1641 2340 1814 2398 ἐρώτησον
1844 2344 2047 2389 ἀπόστολον,
2078 2343 2236 2387 ἐξέτασον
2271 2345 2433 2396 ἄγγελον·

1415 2391 1473 2429 ἐὰν
1499 2393 1723 2444 ἀπορήσωσιν
1743 2399 1856 2445 οὗτοι,
1879 2395 1935 2435 ἐπὶ
1963 2396 2021 2433 τὸν
2046 2395 2182 2449 πατέρα
2204 2397 2327 2449 δράυιε.
2350 2398 2435 2437 Ἐὰν

1416 2445 1594 2497 ἐρωτήσῃς
1622 2446 1819 2500 προφήτας,
1848 2449 1907 2488 καὶ
1933 2447 2052 2499 εἴπῃς,
2084 2448 2136 2491 τίς
2169 2437 2279 2488 ἐστινι
2297 2445 2392 2494 οὗτος
2420 2455 2437 2490 ὁ

1415 2497 1584 2556 Χριστός,
1601 2499 1825 2550 ἀποκρίνεταί
1848 2518 1901 2541 σοι
1917 2503 1934 2538 ὃ
1950 2501 2162 2553 προφητικὸς
2180 2503 2282 2554 γορὸς
2305 2503 2415 2554 λέγων
2428 2521 2435 2527 ·

1416 2553 1528 2594 Οὗτος
1548 2555 1565 2589 ὃ
1585 2552 1674 2595 Θεὸς
1692 2555 1806 2604 ἡμῶν,
1822 2558 1858 2593 οὐ
1879 2554 2122 2605 λογισθήσεται
2138 2547 2258 2604 ἔτερος
2271 2557 2356 2609 πρὸς
2375 2560 2437 2596 αὐ-

1416 2607 1490 2645 τόν·
1512 2604 1625 2657 ἐξεῦρε
1643 2611 1758 2643 πᾶσαν
1781 2607 1856 2645 ὁδὸν
1874 2606 2070 2657 ἐπιστήμης
2083 2635 2092 2652 ,
2110 2607 2170 2644 καὶ
2186 2608 2311 2648 ἔδωκεν
2332 2610 2438 2658 αὐτὴν

1416 2657 1547 2697 Ἰακὼὸ
1564 2661 1614 2710 τῷ
1634 2658 1733 2696 παιδὶ
1752 2661 1872 2708 αὐτοῦ,
1899 2659 1958 2697 καὶ
1977 2658 2122 2710 Ἰσραὴλ
2150 2663 2199 2711 τῷ
2220 2662 2438 2713 ἠγαπημένω

1416 2715 1473 2750 ὑπ’
1500 2712 1618 2748 αὐτοῦ.
1641 2711 1739 2748 Μετὰ
1767 2718 1876 2759 ταῦτα
1906 2711 1962 2750 ἐπὶ
1988 2716 2049 2758 τῆς
2068 2715 2131 2762 γῆς
2159 2712 2256 2764 ὤφθη
2287 2715 2345 2752 καὶ
2369 2701 2439 2758 τοῖς

1418 2762 1610 2819 ἀχθρώποις
1626 2765 1899 2817 συνανεστράφη.
1918 2763 2003 2802 ’Eam
2021 2764 2055 2802 δὲ
2072 2764 2270 2814 ἐρωτήσῃς,
2284 2767 2334 2812 τίς
2347 2769 2439 2805 ἐστιν

1418 2821 1514 2860 οὗτος
1534 2819 1551 2854 ὁ
1570 2816 1739 2867 Χριστὸς,
1765 2818 1825 2855 καὶ
1853 2820 1927 2860 πῶς
1947 2816 2109 2866 ἐγεννήθη
2138 2819 2440 2871 πολυπραγμονῶν

1418 2870 1458 2908 τὸ
1476 2874 1564 2907 θεῖον
1585 2869 1740 2920 γέννημα
1753 2899 1762 2914 ,
1789 2868 2049 2920 ἐπιστομίζουσί
2069 2884 2128 2906 σου
2150 2869 2213 2916 τὴν
2242 2872 2439 2924 παῤῥησίαν

1419 2925 1449 2960 οἱ
1468 2923 1667 2973 προφῆται,
1690 2920 1749 2958 καὶ
1776 2922 1941 2975 ἄρχονται
1958 2921 2088 2972 λέγειν·
2116 2922 2138 2959 ἃ
2165 2922 2212 2972 μὴ
2232 2924 2408 2976 ἐχώρησεν
2424 2928 2442 2963 ὃ

1419 2974 1588 3025 ἡμέτερος
1616 2974 1802 3024 λογισμὸς,
1831 2973 1871 3012 σὺ
1900 2979 2045 3025 χωρεῖς
2074 2973 2157 3012 Ἐὰν
2187 2969 2285 3023 θέλῃς
2306 2981 2440 3027 μαθεῖν,

1422 3027 1522 3078 μάθε,
1540 3025 1592 3064 ὅτι
1607 3025 1707 3069 Θεός.
1721 3028 1765 3064 Εἰ
1779 3026 1814 3063 δὲ
1828 3026 1920 3069 ὅπως
1934 3027 2110 3076 ἐγεννήθη,
2127 3020 2441 3081 πολυπραγμονεῖς,

1423 3079 1510 3130 μάθε
1538 3080 1620 3130 παρ’
1643 3081 1757 3129 ἡμῶν,
1777 3077 1852 3123 Τὴν
1873 3078 1991 3129 γενεὰν
2015 3081 2118 3116 αὐτοῦ
2138 3080 2189 3123 τίς
2214 3081 2442 3132 διηγήσεται;

1421 3131 1507 3170 Ἐὰν
1531 3130 1708 3183 ἐρωτήσῃς
1729 3130 1930 3177 ἀπόστολον,
1958 3131 2050 3180 λέγω
2071 3131 2112 3178 δὴ
2135 3131 2192 3169 τὸν
2217 3133 2442 3172 ἀποστολικὸν

1422 3183 1538 3236 χορὸν,
1560 3183 1673 3235 ἐροῦσί
1695 3198 1769 3226 σοι,
1789 3182 1841 3220 ὅτι
1856 3186 1873 3220 ὃ
1896 3184 2044 3235 Χριστὸς
2058 3185 2167 3231 Θεὸς,
2186 3187 2218 3222 ἐν
2236 3188 2326 3237 ἀργῇ
2342 3186 2443 3231 Θεὸς,

1424 3237 1482 3274 καὶ
1503 3237 1587 3287 πρὸς
1612 3235 1669 3273 τὸν
1689 3234 1778 3273 Θεὸν
1799 3234 1904 3281 Θεὸς,
1926 3236 1984 3273 καὶ
2012 3237 2063 3274 ἀεὶ
2097 3237 2203 3280 Θεός·
2236 3230 2352 3290 ἐροῦσί
2371 3253 2443 3286 σοι,

1424 3287 1655 3338 Ἀπαύγασμα
1668 3290 1730 3333 τῆς
1748 3286 1846 3332 δόξης
1862 3287 1920 3325 καὶ
1937 3289 2120 3341 χαρακτὴρ
2135 3292 2196 3334 τῆς
2211 3290 2443 3337 ὑποστάσεως,

1426 3340 1526 3378 εἰκὼν
1543 3343 1602 3378 τοῦ
1621 3342 1712 3378 Θεοῦ
1733 3343 1791 3377 τοῦ
1811 3339 1971 3391 ἀοράτου,
2000 3341 2109 3392 φέρων
2128 3340 2170 3378 τὰ
2190 3340 2374 3391 σύμπαντα
2396 3347 2444 3381 τῶ

1429 3393 1559 3443 ῥήματι
1583 3395 1644 3436 τῆς
1664 3392 1840 3441 δυνάμεως
1861 3394 1975 3431 αὐτοῦ.
1999 3393 2082 3431 Ἐὰν
2111 3393 2306 3445 ἐρωτήσῃς,
2337 3398 2408 3437 πῶς
2427 3383 2445 3432 ’ὁ
