2481 3678
305 181 392 236 ¹24

299 277 511 321 hominum,
547 286 617 311 non
649 272 829 311 dubitasse
860 272 904 310 (le
937 282 1010 310 tant
1041 271 1279 322 inexspectata

300 335 545 388 promissione,
564 334 681 372 discas
704 334 849 371 fratrem
879 334 954 385 ejus
981 333 1057 384 jam
1086 341 1165 369 ante
1197 331 1280 368 fidei

301 397 529 434 fundamenta
541 396 679 448 jecisse.
692 394 754 432 58.
774 396 987 432 conversas
1004 402 1132 430 mitem
1151 394 1278 436 Jesus,

762 192 782 221 S
792 211 800 220 .
838 190 1017 221 JoANNis
1053 189 1273 219 Cltnx'sos‘r
1283 211 1290 219 .

142 471 209 498 ηας
224 478 289 496 eum
304 466 340 495 et
359 459 497 495 videns
521 470 583 495 eos
608 464 820 508 sequentes,
845 455 938 491 dicit
959 457 1011 491 eis
1031 470 1040 490 :
1065 454 1167 504 Quid
1182 466 1283 505 (μαε-

101 513 225 550 quadam
241 520 289 536 cx-

101 556 234 591 ceptione
246 553 292 577 in-

102 594 257 632 (elligenda

102 644 179 665 sunt.

133 2928 205 2954 Lm.
221 2935 251 2964 9.
266 2922 315 2954 58,

304 520 413 555 ritis?
431 517 523 555 Hinc
545 515 713 554 docemur
734 516 851 552 Deum
873 513 976 550 donis
1000 527 1069 551 non
1095 512 1287 565 praevenire

305 579 503 617 voluntates
549 585 683 614 nostras
692 590 703 624 ;
742 574 802 612 sed
844 573 908 611 ubi
954 587 1016 610 nos
1067 573 1286 625 incepimu5‚

304 655 385 679 cum
412 640 630 679 voluntatem
649 636 896 688 praemisimus,
919 643 1004 672 tunc
1027 634 1202 686 plurimas
1228 633 1288 670 ille

304 703 406 742 nobis
443 701 505 738 dat
540 698 662 737 salutis
694 697 904 735 occasiones.
944 697 1048 747 Quid
1079 698 1250 748 quoeritis
1272 699 1288 731 ἔ)

305 764 403 812 Quid
418 764 485 800 hoe
504 759 653 810 esthui
667 760 766 798 novit
781 758 886 797 corda
899 758 1099 807 hominum,
1118 757 1175 795 cui
1193 757 1289 808 cogi-

303 827 451 864 tationes
484 831 608 861 nostrae
637 830 771 872 patent,
794 821 854 858 hic
884 819 1102 870 interrogat?
1130 818 1200 857 Sed
1221 832 1291 856 non

307 896 345 925 ut
371 886 500 934 discat,
529 880 727 932 (quomodo
755 882 848 920 enim
874 881 912 919 id
936 880 1007 918 dici
1028 880 1168 932 possit?
1189 884 1201 928 )
1231 879 1291 917 sed

308 955 346 983 ut
372 959 434 997 per
467 940 776 992 interrogationem
815 940 896 977 illos
924 939 991 976 sibi
1029 938 1141 989 magis
1176 938 1292 976 conci-

308 1008 395 1056 liet,
422 1006 660 1058 majoremque
682 1002 783 1040 indat
801 1000 985 1047 fiduciam,
1013 1000 1161 1050 illosque
1185 1000 1293 1037 collo-

1332 190 1534 220 ARcmEP.
1573 190 1923 219 CONSTANTINOP-

1351 271 1410 322 φὸς
1429 271 1495 317 ἤδη
1522 275 1536 290 c
1549 270 1860 323 προκατεόάλλετο.
1878 270 2049 323 Στραφεὶς
2068 269 2104 308 δὲ
2123 269 2287 317 ὃἸησοῧς
2314 270 2373 308 καὶ

1352 329 1433 368 ἰδὼν
1453 329 1573 374 αὐτοὺς
1594 331 1880 378 ἀκολουθοῦντας,
1894 331 1987 383 λέγει
2008 332 2140 374 αὐτοῖς·
2159 329 2206 367 Τί
2222 331 2373 376 ζητεῖτε;

1355 390 1532 429 Ἐντεῦθεν
1560 390 1811 441 παιδευόμεθα,
1832 392 1884 429 ὁ’τι
1904 394 1941 430 οὐ
1969 392 2088 444 φθάνει
2106 391 2168 435 τὰς
2198 390 2376 442 βουλήσεις

1356 453 1456 501 ἡμῶν
1480 454 1497 489 ὁ
1509 450 1597 494 Θεὸς
1611 457 1687 495 ταῖς
1707 452 1861 503 δωρεαῖς
1878 453 1953 489 ἀλλ’
1967 450 2048 489 ὅταν
2065 456 2166 502 ἡμεῖς
2181 449 2377 503 ἀρξώμεθα,

1357 510 1438 549 ὅταν
1454 511 1493 550 τὸ
1515 511 1622 550 θέλειν
1634 511 1886 564 παράσχωμεν,
1900 511 1976 549 τότε
1992 511 2052 549 καὶ
2066 511 2164 553 αὐτὸς
2179 509 2308 552 πολλὰς
2330 508 2379 546 δί-

1359 572 1462 610 δωσιν
1477 577 1561 623 ἡμῖν
1577 575 1638 619 τῆς
1655 571 1828 625 σωτηρίας
1839 571 1900 615 τὰς
1920 572 2089 625 ἀφορμάς.
2108 571 2156 610 Τί
2171 568 2380 618 ζητεῖτε5Τί

1358 639 1476 681 τοῦτο;
1513 637 1530 672 ὃ
1555 633 1652 678 εἰδὼς
1670 633 1761 678 ἀτὰς
1785 633 1929 687 καρδίας
1948 636 2016 671 τῶν
2046 634 2249 686 ἀνθρώπων,
2266 635 2284 670 ὃ
2310 636 2381 674 τοῖς

1358 697 1536 747 λογισμοῖς
1547 699 1646 746 ἡμῶν
1668 694 1879 746 ἐμὸατεύων,
1891 689 1986 738 οὗτος
2000 696 2131 748 ἐρωτᾷς
2142 694 2232 732 Ἀλλ’
2250 690 2314 745 οὐχ
2325 692 2382 730 ἵνα.

1362 755 1469 807 μάθῃ,
1481 758 1574 803 (πῶς
1589 757 1656 810 γάρ
1670 772 1678 801 ;
1697 760 1708 804 )
1730 757 1804 794 ἀλλ’
1821 755 1876 794 ἵνα
1893 755 1950 794 διὰ
1963 759 2024 802 τῆς
2038 755 2239 809 ἐρωτήσεως
2252 756 2380 805 μᾶλλον

1363 816 1484 861 αὐτοὺς
1499 816 1742 867 οἰκειώσηται,
1764 817 1824 855 καὶ
1853 817 2007 861 πλείονος
2035 817 2173 868 μεταδῷ
2199 819 2262 862 τῆς
2287 817 2382 866 παῤ-

1313 877 1445 908 Εῃι
1571 877 1814 901 ism-‚pa
1896 878 1904 890 ι
2015 877 2029 892 >t
2143 876 2190 892 ort
2315 876 2358 890 a*

1365 892 1504 931 ρησιας,
1524 895 1584 916 και
1604 893 1694 931 οειςη
1714 895 1775 924 της
1796 894 1993 931 ακροασεως
2009 894 2109 921 οντας
2135 892 2257 921 αςιους.
2281 878 2384 919 Εικος

1363 938 1431 992 γὰρ
1456 943 1497 986 ἠν
1520 942 1678 992 ἐρυθριᾷν
1700 939 1760 977 καὶ
1779 939 1981 987 δεδοικέναι,
2011 939 2070 977 ἅτε
2091 942 2247 990 ἀγνῶτας
2265 938 2385 983 ὄντας,

1363 1000 1423 1037 καὶ
1437 1005 1578 1038 τοιαῦτα
1600 1001 1680 1052 περὶ
1699 1002 1803 1039 αὐτοῦ
1821 1004 1880 1039 τοῦ
1908 1001 2115 1039 διδασκάλου
2135 1004 2387 1052 μαρτυροῦντος

308 1069 391 1120 quio
420 1068 547 1119 dignos
575 1063 744 1102 ostendat.
775 1062 978 1103 Verisimile
1005 1061 1098 1099 enim
1117 1070 1168 1098 est
1183 1060 1263 1098 illos
1279 1090 1290 1110 ,
1305 1081 1352 1105 103
1366 1059 1569 1106 ἀκηκοότας.
1590 1062 1699 1098 Ταῦτ’
1723 1054 1779 1098 οὖν
1811 1061 1949 1099 ἅπαντα
1976 1061 2078 1110 λύων,
2098 1060 2161 1108 τὴν
2201 1061 2306 1108 αἰδῶ,
2329 1060 2385 1098 τὸν

309 1139 430 1182 utpote
450 1130 598 1180 ignotos,
628 1126 808 1166 erubuisse
827 1134 859 1162 et
887 1122 1107 1171 formidasse,
1130 1121 1189 1172 qui
1211 1121 1295 1158 talia
1318 1119 1342 1146 A

309 1190 354 1228 de
387 1190 558 1241 magistro
589 1188 780 1225 audissent.
806 1184 891 1220 Haec
921 1183 1038 1232 itaque
1069 1181 1187 1218 omnia
1216 1180 1295 1217 abi—

309 1264 416 1301 gens,
436 1248 684 1287 verecundiam
713 1257 838 1295 nempe
864 1252 898 1280 et
917 1251 1076 1291 metum,
1104 1240 1297 1292 interrogat

308 1311 412 1360 illos,
447 1323 509 1347 nec
533 1307 616 1346 sinit
643 1320 725 1344 eum
753 1302 892 1342 silentio
918 1301 1066 1340 domum
1100 1301 1294 1353 pervenire.

309 1371 460 1410 Etiamsi
472 1385 555 1410 vero
574 1383 643 1407 non
655 1368 917 1418 interrogasset,
932 1362 1165 1416 perstitissent
1179 1362 1297 1414 ipsum

310 1433 502 1486 sequendo,
523 1442 556 1471 et
578 1433 614 1470 in
635 1431 781 1469 domum
801 1441 912 1478 usque
931 1441 1012 1464 cum
1033 1425 1096 1463 illo
1118 1425 1299 1478 pervenis-

309 1506 398 1535 sent.
422 1496 495 1533 Cur
531 1508 612 1546 ergo
642 1494 833 1542 interrogat
843 1490 860 1527 ἱ)
877 1490 928 1527 Ut
950 1487 986 1525 id
1002 1486 1098 1538 quod
1120 1487 1198 1524 dixi
1221 1487 1298 1525 effi-

310 1567 412 1605 ceret,
430 1565 470 1594 ut
487 1556 725 1593 erubescentes
740 1552 820 1590 illos
834 1549 1102 1598 haesitantesque
1123 1548 1296 1598 firmaret,

310 1633 351 1656 ac
387 1617 556 1655 fiduciam
584 1614 730 1652 inderet.
766 1613 889 1662 Neque
926 1619 1065 1648 tantum
1094 1607 1298 1659 sequendo,

312 1679 376 1718 sed
404 1679 511 1716 etiam
532 1691 594 1729 per
618 1675 928 1725 interrogationem
956 1671 1056 1708 illam
1085 1669 1301 1708 desiderium

312 1755 419 1779 suum
440 1739 689 1777 exhibuerunt.
713 1737 803 1773 Cum
820 1733 915 1772 enim
929 1732 1021 1770 nihil
1036 1731 1082 1769 ab
1101 1731 1163 1768 illo
1180 1729 1297 1768 edidi-

314 1802 440 1840 cissent
461 1800 518 1839 vel
546 1798 749 1846 audissent,
780 1795 992 1847 magistrum
1012 1802 1127 1831 tamen
1151 1800 1300 1841 vocant,

315 1876 388 1901 sese
416 1860 602 1913 discipulis
631 1865 925 1905 annumerantes,
961 1864 994 1892 et
1026 1867 1090 1891 cur
1110 1861 1301 1903 sequantur

315 1926 549 1974 ostendentes,
573 1932 612 1960 ut
642 1935 766 1973 nempe
792 1919 894 1957 utilia
919 1917 1095 1956 audirent.
1126 1914 1299 1953 Animad-

316 1996 423 2036 verte,
442 1999 570 2036 quaeso,
592 1983 737 2021 illorum
761 1979 997 2033 prudentiam.
1019 1979 1098 2016 Non
1116 1976 1300 2026 dixerunt,

317 2048 486 2086 Doctrina
507 2055 569 2083 aut
596 2059 634 2082 re
659 2042 830 2095 quapiam
855 2039 1048 2078 necessaria
1067 2053 1130 2076 nos
1158 2038 1302 2075 imbue:

318 2111 380 2148 scd
405 2108 492 2161 quid
515 2107 671 2146 dieunt?
696 2108 770 2143 Ubi
797 2107 959 2142 manes?
979 2103 1070 2140 Nam
1095 2101 1238 2152 quiete,
1264 2108 1304 2136 ut

314 2173 390 2225 jam
408 2171 486 2209 dixi
503 2201 511 2218 ‚
534 2170 651 2222 ipsum
673 2166 818 2217 alloqui,
835 2164 960 2202 audire
977 2173 1010 2201 et
1031 2162 1165 2200 discere
1185 2161 1305 2213 cupie-

319 2234 415 2271 hant.
432 2231 518 2270 Ideo
534 2244 598 2268 nec
619 2228 804 2275 differunt,
827 2239 889 2262 nec
910 2224 1047 2272 dicunt,
1068 2222 1135 2260 Die
1152 2222 1305 2260 crastino

320 2293 520 2341 veniemus,
551 2300 585 2329 et
617 2299 649 2327 te
679 2287 823 2341 publice
854 2286 1055 2337 loquentem
1085 2283 1270 2321 audiemus
1295 2300 1302 2320 :

320 2354 382 2392 sed
408 2366 577 2404 magnum
610 2348 780 2388 audiendi
811 2347 971 2386 studium
1001 2359 1072 2398 prae
1100 2359 1134 2382 se
1163 2345 1279 2382 serunt
1297 2374 1306 2391 ,

322 2415 417 2468 quod
436 2429 479 2454 ne
498 2414 642 2465 quidem
665 2412 816 2449 instante
835 2409 923 2447 hora
944 2407 1107 2446 recedant
1122 2422 1133 2456 3
1159 2420 1240 2443 nam
1256 2405 1308 2443 sol

323 2477 367 2515 ad
388 2490 551 2515 occasum
571 2472 737 2524 vergebat
754 2487 761 2507 :
784 2472 884 2508 Erat
900 2469 1032 2520 quippe
1049 2469 1145 2505 hora
1158 2468 1309 2504 circiter

326 2539 489 2583 decima,
506 2535 630 2586 inquit.
646 2532 730 2571 Ideo
750 2531 914 2569 Christus
932 2529 1080 2567 domum
1105 2541 1174 2565 non
1193 2527 1307 2577 docet,

328 2613 396 2637 non
411 2598 544 2645 locum,
578 2594 639 2633 sed
660 2603 698 2631 ut
719 2601 909 2644 sequantur
928 2590 1040 2641 magis
1058 2588 1182 2637 allicit,
1197 2597 1311 2625 osten-

328 2661 414 2698 dens
429 2672 464 2697 se
484 2658 564 2695 illos
586 2657 622 2693 in
644 2670 725 2694 suos
750 2655 935 2705 accepisse.
962 2651 1118 2701 Ideoque
1137 2663 1206 2687 non
1225 2648 1313 2700 quid

330 2720 444 2759 simile
454 2718 542 2756 dicit
555 2733 562 2753 ε
578 2716 869 2767 Intempestivum
882 2722 968 2751 esset
981 2726 1044 2752 vos
1062 2724 1155 2749 nunc
1167 2710 1313 2748 domum

1366 1120 1482 1171 φόὸον,
1503 1123 1636 1173 ἐρωτᾷ,
1662 1121 1720 1158 καὶ
1742 1124 1802 1159 οὐκ
1833 1121 1926 1160 εἴασε
1954 1125 2032 1174 σιγῇ
2064 1122 2168 1175 μέχρι
2187 1125 2248 1169 τῆς
2277 1121 2387 1164 οἰκίας

1366 1183 1493 1219 ἐλθεῖν·
1515 1181 1630 1219 καίτοι
1654 1182 1694 1219 τὸ
1723 1181 1805 1219 αὐτὸ
1839 1182 1878 1219 ἂν
1911 1183 2061 1233 ἐγένετο,
2081 1187 2140 1220 καὶ
2166 1185 2195 1221 εἰ
2219 1182 2266 1233 μὴ
2297 1181 2388 1234 ἠρώ-

1366 1256 1460 1286 τησε.
1482 1240 1704 1294 Παρέμειναν
1735 1242 1803 1295 γὰρ
1825 1241 1864 1280 ἂν
1897 1245 2158 1286 ἀκολουθοῦντες
2189 1246 2300 1296 αὐτῷ,
2330 1242 2389 1280 καὶ

1367 1301 1458 1340 κατὰ
1473 1301 1582 1345 πόδας
1603 1301 1794 1353 βαδίζοντες
1813 1303 2006 1350 ἐπέστησαν
2029 1307 2071 1356 τῇ
2094 1303 2198 1356 οἰκίᾳ.
2215 1304 2318 1348 Τίνος
2333 1297 2389 1342 οῧν

1368 1363 1480 1401 ἕνεκεν
1501 1367 1631 1417 ἐρωτᾷ,
1652 1366 1684 1402 Τ
1687 1370 1764 1403 outo
1782 1363 1868 1418 ὅπερ
1896 1359 1990 1403 εἷπον
2020 1365 2301 1413 κατασκευάζων,
2321 1380 2390 1403 κα-

1369 1424 1573 1478 ταπραῢνων
1602 1442 1640 1464 τε
1671 1429 1784 1470 αὐτοῖς
1812 1427 1869 1464 τὸν
1896 1427 2062 1478 λογισμὸν
2097 1429 2324 1479 ἐρυθριῶντα,
2342 1426 2391 1464 ἔτι

1368 1486 1428 1524 καὶ
1458 1489 1681 1539 ἀγωνιῶντα,
1706 1487 1765 1526 καὶ
1790 1487 1955 1540 παρέχων
1989 1490 2138 1539 θαῤῥεῖν.
2167 1489 2220 1525 Οὐ
2250 1487 2306 1525 διὰ
2331 1490 2392 1533 τῆς

1369 1548 1628 1595 ἀκολουθήσεως
1648 1547 1684 1586 δὲ
1706 1548 1807 1599 μόνον
1823 1549 1880 1587 τὸν
1899 1547 2017 1596 πόθον,
2041 1547 2133 1586 ἀλλὰ
2161 1548 2220 1586 καὶ
2248 1548 2304 1586 διὰ
2331 1551 2393 1594 τῆς

1369 1609 1568 1662 ἐρωτήσεως
1600 1608 1832 1662 ἐφανέρωσαν.
1854 1608 1946 1647 Οὐδὲ
1974 1608 2042 1661 γὰρ
2064 1608 2197 1647 οὐδέπω
2229 1608 2394 1659 μαθόντες

1369 1673 1451 1723 παρ’
1484 1673 1586 1709 αὐτοῦ
1614 1671 1691 1710 οὐδὲ
1721 1670 1951 1718 ἀκούσαντες,
1972 1670 2179 1708 διδάσκαλον
2209 1670 2309 1708 αὐτὸν
2332 1685 2394 1708 κα-

1368 1735 1498 1778 λοῦσιν,
1519 1734 1566 1776 εἰς
1594 1731 1673 1775 τοὺς
1704 1731 1864 1782 μαθητὰς
1895 1733 2113 1774 εἷσωθοῦντες
2141 1729 2301 1777 ἑαυτοὺς,
2336 1730 2395 1769 καὶ

1369 1793 1431 1840 τὴν
1456 1792 1569 1831 αἰτίαν
1590 1792 1802 1841 δεικνύντες,
1820 1793 1862 1830 δι’
1891 1792 1932 1838 ἣν
1962 1790 2182 1839 ἠκολούθουν,
2205 1790 2252 1834 ὥς
2272 1808 2306 1829 τι
2326 1795 2394 1830 τῶν

1370 1854 1554 1907 χρησίμων
1576 1854 1816 1905 ἀκουσόμενοι.ι
1837 1853 1913 1892 Θέα
1932 1853 1968 1890 δέ
1994 1869 2052 1903 μοι
2080 1852 2140 1891 καὶ
2159 1852 2221 1900 τὴν
2250 1852 2396 1892 σύνεσιν.

1372 1917 1450 1954 Οὐκ
1466 1909 1573 1963 εἷπον,
1595 1914 1726 1959 δίδαξον
1751 1917 1845 1965 ἡμᾶς
1865 1913 1945 1967 περὶ
1976 1914 2158 1965 δογμάτων
2176 1914 2198 1960 ἤ
2219 1930 2308 1958 τινος
2328 1913 2397 1952 ἑτέ-

1376 1992 1433 2029 ρου
1451 1979 1518 2014 τῶν
1540 1975 1741 2029 ἀναγκαίων
1756 1991 1763 1999 ·
1782 1975 1872 2014 ἀλλὰ
1888 1974 1945 2023 τί,
1962 1976 2038 2013 Ποῦ
2062 1975 2193 2025 μένεις,
2213 1975 2314 2014 Μετὰ
2331 1975 2398 2028 γὰρ

1373 2037 1539 2089 ἡσυχίας,
1563 2037 1647 2089 ὅπερ
1678 2037 1872 2090 ἔμπροσθεν
1904 2036 2000 2088 ἔφην,
2030 2036 2090 2074 καὶ
2121 2037 2226 2074 εἰπεῖν
2251 2052 2285 2074 τι
2314 2037 2398 2089 πρὸς

1376 2099 1490 2146 αὐτὸν,
1508 2098 1567 2136 καὶ
1587 2098 1733 2136 ἀκοῦσαί
1750 2114 1784 2135 τι
1801 2100 1884 2151 παρ’
1905 2099 2026 2145 αὐτοῦ,
2048 2096 2109 2135 καὶ
2126 2100 2246 2148 μαθεῖν
2263 2096 2397 2143 ἤθελον.

1373 2158 1503 2212 Διόπερ
1523 2158 1598 2197 οὐδὲ
1620 2158 1848 2205 ἀνεὸάλοντο,
1869 2157 1945 2196 οὐδὲ
1967 2151 2063 2195 εἶπον
2083 2173 2090 2180 ·
2111 2156 2237 2207 ἥξομεν
2259 2158 2399 2201 πάντως

1375 2219 1505 2272 αὔριον,
1532 2220 1591 2258 καὶ
1618 2219 1835 2269 ἀκουσόμεθα
1868 2217 2111 2269 διαλεγομένου
2134 2233 2193 2256 σου
2226 2217 2397 2270 δημοσίᾳ·

1375 2279 1465 2317 ἀλλὰ
1490 2279 1551 2328 τὴν
1570 2279 1700 2327 πολλὴν
1724 2278 1876 2326 σπουδὴν
1897 2278 1938 2325 ἣν
1961 2272 2052 2330 εἰχον
2072 2278 2152 2331 περὶ
2182 2277 2245 2325 τὴν
2267 2279 2398 2330 ἀκρόα-

1376 2356 1428 2379 σιν
1453 2340 1723 2387 ἐπιδείκνυνται,
1745 2340 1763 2359 '⁴'
1779 2342 1828 2392 τῷ
1846 2338 1933 2390 μηδὲ
1953 2339 2020 2377 ὑπὸ
2038 2342 2100 2386 τῆς
2119 2338 2210 2391 ὥρας
2238 2342 2397 2393 ἀποτρα-

1376 2407 1496 2450 πῆναι.
1520 2402 1590 2440 Καὶ
1611 2402 1679 2454 γὰρ
1709 2401 1809 2453 ἔτυχε
1839 2400 1957 2438 λοιπὸν
1992 2400 2077 2452 πρὸς
2098 2398 2231 2449 δυσμὰς
2258 2403 2275 2438 ὁ
2303 2400 2400 2446 ἥλιος

1378 2463 1423 2502 ὤν
1438 2480 1445 2487 ·
1466 2462 1562 2517 εΏρα
1590 2462 1656 2514 γὰρ
1684 2456 1724 2509 ἦν
1746 2464 1791 2505 ὡς
1821 2459 1947 2506 δεκάτη
1962 2490 1971 2507 ,
1990 2459 2086 2511 φησί.
2109 2460 2177 2498 Διὰ
2209 2464 2309 2499 τοῦτο
2341 2461 2400 2499 καὶ

1379 2529 1396 2564 ὅ
1418 2524 1566 2578 Χριστὸς
1592 2525 1628 2562 οὐ
1646 2522 1739 2575 λέγει
1768 2520 1812 2559 τὰ
1831 2526 1959 2572 σημεῖα
1978 2523 2039 2566 τῆς
2073 2520 2204 2568 οἰκίας,
2238 2520 2312 2560 οὐδὲ
2343 2522 2400 2560 τὸν

1381 2585 1496 2632 τόπον,
1517 2586 1592 2622 ἀλλ’
1625 2586 1816 2622 ἐπισπᾶται
1834 2580 1937 2619 πλέον
1957 2579 2078 2623 αὐτοὺς
2110 2582 2195 2634 πρὸς
2226 2581 2288 2629 τὴν
2324 2583 2403 2621 ἀκο-

1380 2645 1554 2692 λούθησιν,
1577 2643 1707 2686 δεικνὺς
1723 2643 1776 2682 ὅτι
1795 2640 1917 2685 αὐτοὺς
1933 2641 2133 2685 ἀπεδέξατο.
2150 2643 2219 2680 Καὶ
2233 2642 2290 2680 διὰ
2305 2647 2404 2682 τοῦτο

1384 2705 1459 2745 οὐδὲ
1482 2705 1581 2749 αὐτὸς
1601 2703 1751 2742 τοιοῦτόν
1765 2719 1799 2741 τι
1819 2696 1930 2740 εἶπεν·
1952 2701 2094 2754 ἄκαιρόν
2115 2704 2206 2740 ἐστιν
2227 2706 2273 2746 εἰς
2292 2703 2402 2742 οἰκίαν

332 2779 484 2832 ingredi,
505 2777 655 2816 audietis
675 2790 751 2813 cras
772 2773 867 2825 quod
888 2773 1010 2812 voletis
1026 2802 1036 2823 ,
1057 2786 1150 2810 nunc
1169 2771 1317 2809 domum
1337 2765 1359 2796 C
1384 2771 1441 2807 νῦν
1459 2771 1548 2818 ὑμᾶς
1574 2767 1749 2812 εἰσελθεῖν,
1771 2762 1956 2801 ἀκούσεσθε
1979 2760 2095 2814 αὔριον
2115 2762 2146 2800 εἴ
2169 2779 2203 2800 τι
2224 2763 2405 2814 βούλεσθε,

332 2843 448 2892 abite3
470 2839 531 2878 sed
545 2838 645 2889 quasi
670 2836 800 2874 amicos
825 2849 869 2872 ex
895 2834 1063 2872 diuturna
1086 2832 1313 2871 eonsuetudi-

334 2919 376 2943 ne
398 2904 493 2956 ipsos
522 2899 727 2949 alloquitur.
752 2897 826 2933 Cur
845 2909 926 2946 ergo
946 2895 1031 2932 alibi
1053 2895 1164 2932 dicit:
1187 2896 1315 2932 Filius

334 2966 500 3005 hominis
526 2975 602 2999 non
622 2960 736 2997 habet
760 2959 824 2994 ubi
845 2964 957 3007 caput
979 2956 1137 2994 reclinet
1150 2971 1166 3003 ,·
1183 2955 1243 2993 hic
1258 2969 1315 2996 ve-

376 3127 388 3141 ί·
402 3114 518 3148 Morcl.
537 3114 774 3159 προκαταέαλὼν
788 3114 832 3147 ἦν.

377 3171 389 3187 ¹¹
409 3165 510 3200 Suril.
529 3171 582 3203 τὴν
598 3166 731 3208 καρδίαν.

383 3221 397 3233 ²*
416 3229 456 3263 τῷ
472 3220 547 3261 μηδὲ
562 3219 616 3250 ὑπὸ
639 3223 689 3252 τῆς
715 3218 793 3258 ὥρας
814 3217 1035 3255 ἀποτραπῆναι.
1053 3210 1131 3240 Post
1153 3209 1221 3241 liceo
1241 3209 1339 3242 xerba

338 3270 441 3303 multa
476 3269 554 3311 legit
588 3270 643 3299 Fr.
675 3266 845 3303 Ammius,
875 3273 947 3304 quae
975 3262 1009 3293 in
1041 3259 1130 3292 nullo
1161 3261 1340 3304 exemplari

337 3327 453 3358 Graeco
469 3323 656 3361 habentur3
674 3318 773 3351 ‘uertit
797 3316 883 3349 enim
898 3327 904 3346 t
924 3313 981 3348 Ne
999 3312 1112 3344 horam
1129 3313 1261 3356 quidem
1286 3315 1340 3346 di—

338 3379 506 3407 mittentes.
535 3373 596 3417 [Et
612 3369 839 3404 animadverte
862 3367 968 3399 animi
992 3365 1150 3396 ardorem.
1173 3364 1207 3398 O
1223 3376 1342 3397 memo-

1386 2827 1638 2881 ἀναχωρήσατε
1654 2825 1796 2864 “οὶ’καδε
1821 2827 1877 2861 νῦν
1892 2838 1899 2845 ·
1923 2824 1998 2860 ἀλλ’
2022 2824 2068 2866 ὡς
2099 2823 2183 2874 πρὸς
2204 2823 2319 2875 φίλους
2347 2825 2406 2863 καὶ

1385 2891 1490 2930 πολὺν
1515 2891 1607 2940 αὐτῷ
1643 2885 1889 2938 συγγεγονότας
1922 2883 2057 2936 χρόνον,
2080 2883 2169 2922 οὕτω
2199 2885 2406 2937 διαλέγεται.

1386 2953 1469 2995 Πῶς
1489 2943 1545 2988 οὖν
1579 2948 1732 2998 ἀλλαχοῦ
1753 2959 1873 2996 φησιν·
1896 2942 1940 2981 Ὁ
1970 2941 2004 2981 δὲ
2026 2943 2106 2988 Υἱὸς
2135 2950 2195 2983 τοῦ
2226 2945 2407 2998 ἀνθρώπου

1406 3103 1546 3137 rabilem
1574 3099 1704 3131 illorum
1728 3097 1946 3140 sapientium,
1970 3106 1989 3126 ο
2005 3094 2223 3137 diligentiam,
2241 3096 2312 3125 oin
2338 3105 2409 3126 ma-

1406 3150 1692 3201 gistmmfidemJ]
1712 3149 1841 3181 Etenim
1849 3146 1926 3191 jam
1941 3146 2002 3177 sol.
2021 3147 2103 3186 Quae
2119 3156 2196 3177 xero
2212 3143 2410 3177 clauduntur

1407 3208 1535 3242 uncinis
1562 3214 1723 3247 nusquam
1748 3206 1880 3232 exstant
1906 3201 1938 3231 in
1963 3198 2085 3232 Graeeis
2115 3196 2211 3229 editis
2236 3204 2269 3229 et.
2294 3209 2412 3230 manu-

1407 3261 1552 3303 scriptis.

1451 3323 1463 3337 ³
1480 3308 1579 3344 Savil.
1599 3308 1696 3342 οἴκαδε
1713 3308 1760 3338 νῦν
1775 3312 1781 3319 ·
1802 3305 1880 3337 ἀλλ’·
1898 3299 2012 3335 Morel.
2029 3302 2126 3335 οἴκαδε
2145 3306 2235 3339 τέως·
2256 3301 2338 3334 ἀλλ’.
