2481 3678
743 232 784 261 ιΝ
821 230 1030 263 JOANNEM
1066 229 1224 260 nomn.
1266 229 1310 259 v.
1350 214 1412 259 al.
1451 228 1513 259 iv.

86 317 146 362 τῆς
163 316 387 369 δημιουργίας
419 317 486 352 τῶν
515 315 705 359 αἰσθητῶν·
724 312 910 364 προλαδὼν
929 312 996 366 γὰρ
1026 311 1115 350 αὐτὰ

85 379 239 423 Μωϋσῆς
267 376 417 420 ἐδίδαξεν
433 390 440 397 ·
470 368 543 412 εἶτα
562 375 688 411 ἐκεῖθεν
715 373 978 426 προκόψαντας,
995 373 1052 411 ἐπὶ
1070 372 1115 410 τὰ

83 438 280 490 ὑψηλότερα
303 435 442 488 ἀγαγὼν
455 466 464 483 ,
492 434 536 472 τὰ
556 433 728 485 ἀσώματα
748 435 839 486 λέγω
855 434 914 473 καὶ
942 434 986 473 τὰ
1006 434 1114 487 ἀόρα-

83 515 127 536 τα
139 530 147 546 ,
162 498 315 542 ὑπεξεῖλε
335 500 398 543 τῆς
419 495 564 539 κτίσεως
578 495 716 542 ἁπάσης
731 496 770 533 τὸ
786 497 933 546 Πνεῦμα
948 495 987 533 τὸ
1003 495 1112 547 ἅγιον.

83 559 188 599 Οὕτω
211 559 270 597 καὶ
297 559 436 601 Παῦλος
456 558 525 596 ἀπὸ
549 560 611 603 τῆς
639 556 782 609 χάριτος
813 556 941 603 ταύτης
968 556 1113 607 ἐμπνεό-

83 638 182 673 μενος
210 620 323 673 ἐλεγεν
338 636 345 643 ·
377 619 463 658 (Ότι
484 623 516 658 ἐν
542 622 635 672 αὐτῷ
668 618 808 665 ἐκτίσθη
827 617 872 657 τὰ
890 618 1019 656 πάντα.
1040 617 1112 656 Καὶ

83 683 147 735 ὅρα
167 682 273 720 πάλιν
292 682 352 720 καὶ
372 684 520 720 ἐνταῦθα
539 680 601 727 τὴν
624 679 728 727 αὐτὴν
751 678 943 732 ἀκρίὸειαν.
963 678 1016 716 Τὸ
1045 678 1112 732 γὰρ

84 743 165 781 αὐτὸ
181 745 327 794 Πνεῦμα
346 742 473 789 ταύτην
495 741 598 780 ἐκίνει
619 740 680 788 τὴν
693 740 821 793 ψυχήν.
846 739 925 778 Ἵνα
939 739 1006 792 γὰρ
1025 739 1113 790 μήτε

82 803 228 855 ὑπεξέλῃ
246 820 296 846 τις
316 806 383 840 τῶν
399 805 551 854 γενητῶν
567 819 601 840 τι
614 806 675 849 τῆς
691 806 749 840 τοῦ
764 803 854 839 Θεοῦ
869 800 1113 854 δημιουργίας,

83 865 139 903 διὰ
161 865 200 903 τὸ
231 864 363 916 ἀόρατα
386 863 474 901 αὐτὰ
504 857 609 902 εἶναι·
632 863 721 914 μήτε
742 862 873 905 τούτοις
895 861 1110 914 ἐγκαταμίξῃ

81 925 138 963 τὸν
167 924 413 978 Παράκλητον,
427 924 668 978 παραδραμὼν
689 923 747 962 καὶ
768 924 868 966 αὐτὸς
890 922 933 960 τὰ
963 923 1111 970 αἰσθητὰ

83 986 144 1024 καὶ
156 992 243 1024 πᾶσι
255 985 429 1039 γνώριμα,
442 986 485 1024 τὰ
499 989 531 1024 ἓν
548 992 618 1029 τοῖς
631 987 783 1037 οὐρανοῖς
797 984 1111 1037 ἀπαριθμεῖταιλέ-

83 1063 166 1099 γων·
184 1047 266 1085 Εἴτε
278 1046 403 1100 θρόνοι,
419 1046 486 1085 εἴτε
502 1046 713 1099 κυριότητες,
727 1045 793 1083 εἴτε
811 1045 930 1099 ἀρχαὶ,
943 1045 1010 1083 εἴτε
1021 1044 1111 1089 ἐξου-

84 1109 167 1147 σίαι.
190 1109 242 1147 Τὸ
263 1108 348 1161 γὰρ,
369 1109 470 1156 Εἴτε,
491 1107 543 1160 ἐφ’
560 1106 704 1146 ἑκάστου
730 1106 900 1158 κείμενον,
917 1106 1011 1145 οὐδὲν
1028 1107 1112 1145 ἄλλο

82 1173 165 1221 ἡμῖν
182 1169 362 1222 ἐμφαίνει,
382 1170 404 1215 ἢ
420 1173 519 1208 τοῦτο
533 1199 541 1216 ,
558 1169 616 1215 τὸ,
634 1168 759 1206 Πάντα
776 1168 817 1205 δι’
839 1170 941 1206 αὐτοῦ
957 1168 1110 1219 ἐγένετο,

84 1231 143 1269 καὶ
165 1231 272 1283 χωρὶς
289 1233 391 1269 αὐτοῦ
410 1230 544 1282 ἐγένετο
573 1229 648 1268 οὐδὲ
670 1229 704 1266 ἓν
726 1230 744 1267 ὃ
760 1229 909 1280 γέγονεν.
928 1231 972 1267 Εἰ
992 1229 1027 1267 δὲ
1053 1230 1092 1267 τὸ
1100 1259 1110 1277 ,

85 1290 174 1338 Διὰ,
199 1292 349 1342 νομίζεις
378 1290 598 1333 ἐλαττώσεως
634 1284 739 1337 εἶναι,
759 1289 905 1328 ἄκουσον
932 1292 1035 1328 αὐτοῦ
1054 1290 1112 1328 λέ-

84 1367 221 1403 γοντος·
244 1352 294 1390 Σὺ
318 1352 518 1406 καταρχὰς,
541 1352 667 1404 Κύριε,
691 1350 754 1397 τὴν
775 1354 839 1402 γ’ῆν
853 1351 1107 1402 ἐθεμελίωσας,

85 1414 144 1451 καὶ
161 1413 245 1466 ἔργα
266 1417 333 1452 τῶν
353 1417 479 1466 χειρῶν
500 1430 559 1451 σου
573 1413 656 1451 εἰσὶν
686 1414 717 1450 οἱ
739 1412 896 1465 οὐρανοί·
913 1413 930 1451 ὃ
952 1412 1032 1464 περὶ
1050 1416 1109 1451 τοῦ

84 1474 225 1526 Πατρὸς
243 1477 289 1518 ὡς
304 1475 513 1525 δημιουργοῦ
531 1473 682 1526 εἴρηται,
710 1477 809 1511 τοῦτο
829 1473 909 1524 περὶ
936 1477 995 1511 τοῦ
1026 1474 1110 1511 Υἱοῦ

83 1535 192 1587 λέγων
203 1550 211 1557 ·
234 1537 296 1574 οὐκ
313 1536 352 1573 ἂν
370 1534 489 1582 εἰπὼν,
505 1536 535 1572 εἷ
552 1533 600 1585 μὴ
620 1536 667 1577 ὥς
684 1533 765 1586 περὶ
787 1534 1016 1585 δημιουργοῦ,
1035 1535 1110 1571 ἀλλ’

84 1598 158 1649 οὐχ’
184 1595 436 1650 ὑπουργοῦντός
450 1612 518 1634 τινι
540 1595 601 1643 τὴν
626 1594 725 1640 δόξαν
749 1588 833 1647 εἶχε.
850 1596 894 1633 Εἰ
913 1594 947 1632 δὲ
963 1597 1110 1633 ἐνταῦθα

82 1658 121 1696 τὸ
133 1689 142 1706 ,
159 1659 212 1695 Δι’
230 1660 332 1696 αὐτοῦ
343 1688 352 1705 ,
369 1657 523 1710 εἴρηται,
543 1658 587 1694 δι’
603 1655 697 1695 οὐδὲν
715 1655 830 1709 ἕτερον
849 1655 1018 1704 τέθειται,
1034 1657 1109 1694 ἀλλ’

82 1718 138 1756 ἵνα
167 1718 214 1770 μὴ
239 1718 424 1770 ἀγέννητον
439 1718 637 1769 ὑποπτεύσῃ
659 1733 712 1762 τις
733 1717 790 1755 τὸν
809 1717 906 1755 Υἱόν.
935 1717 1038 1756 Ἐπεὶ
1057 1717 1110 1756 ὅτι

82 1780 172 1819 κατὰ
186 1781 226 1819 τὸ
248 1784 309 1827 τῆς
330 1779 557 1833 δημιουργίας
587 1779 727 1831 ἀξίωμα
749 1778 843 1819 οὐδὲν
872 1779 1015 1817 ἔλαττον
1037 1779 1109 1831 ἔχει

82 1844 141 1879 τοῦ
160 1841 316 1893 Πατρὸς,
337 1840 482 1879 ἄκουσον
503 1842 607 1879 αὐτοῦ
635 1840 792 1891 λέγοντος
805 1856 813 1864 ·
838 1839 977 1893 εὨσπερ
996 1843 1014 1878 ὁ
1029 1841 1110 1878 Πα-

81 1902 148 1955 τὴρ
167 1901 290 1955 ἐγείρει
309 1901 385 1945 τοὺς
409 1901 547 1955 νεκροὺς
575 1902 635 1940 καὶ
655 1901 862 1947 ᾱζωοποιεῖ·
884 1901 974 1940 οὕτω
1003 1902 1063 1940 καὶ
1092 1905 1110 1940 ὁ

82 1965 164 2008 Υἱὸς
178 1964 234 2007 οὒς
248 1964 338 2002 θέλει
353 1966 524 2008 ζωοποιεῖ.
537 1966 583 2003 Εἰ
599 1963 660 2015 μὲν
682 1958 738 2002 οῦν
761 1964 843 2017 περὶ
863 1969 923 2002 τοῦ
942 1964 1028 2003 Υἱοῦ
1049 1964 1109 2002 καὶ

81 2028 116 2064 ἐν
143 2029 185 2078 τῇ
213 2027 359 2078 Παλαιᾷ
390 2025 448 2074 τὸ,
482 2024 675 2079 Καταρχὰς
708 2024 748 2062 σὺ
763 2056 772 2073 ,
805 2024 929 2078 Κύριε,
950 2024 1013 2072 τὴν
1044 2028 1109 2076 γῆν

81 2087 313 2139 ἐθεμελίωσας
324 2117 333 2135 ,
349 2086 503 2140 εἴρηται,
516 2086 621 2139 σαφὲς
635 2086 675 2125 τὸ
691 2090 754 2134 τῆς
769 2086 996 2140 δημιουργίας
1010 2086 1110 2132 ἀξίω-

83 2166 133 2201 μα
148 2165 155 2172 ·
186 2152 215 2187 εἰ
234 2148 268 2186 δὲ
284 2148 363 2201 περὶ
378 2153 437 2187 τοῦ
456 2148 598 2200 Πατρὸς
611 2152 713 2186 τοῦτο
736 2148 794 2187 τὸν
812 2148 992 2201 προφήτην
1021 2151 1112 2202 εἰρη-

80 2210 178 2249 κέναι
198 2210 326 2262 λέγεις,
343 2210 401 2248 τὸν
424 2209 460 2248 δὲ
479 2211 620 2249 Παῦλον
639 2212 688 2262 τῷ
704 2211 780 2263 Tu}
793 2209 1112 2262 προσνενεμηκέναι

79 2272 119 2310 τὸ
148 2271 227 2324 περὶ
247 2271 375 2310 ἐκείνου
392 2270 528 2323 λεχθὲν,
544 2271 603 2309 καὶ
622 2270 712 2310 οὕτω
730 2269 770 2309 τὸ
788 2270 871 2308 αὖτὸ
889 2269 1021 2321 γίνεται
1037 2271 1112 2309 πά-

80 2334 145 2371 λιν.
170 2332 261 2370 Οὒδὲ
283 2331 350 2384 γὰρ
372 2331 411 2369 ἂν
427 2332 487 2370 καὶ
506 2335 556 2385 τῷ
576 2333 652 2384 Υἱῷ
674 2331 820 2385 πρέπειν
837 2331 920 2370 αὐτὸ
936 2334 953 2369 ὃ
972 2333 1113 2376 Παῦλος

80 2393 344 2444 ἐνομοθέτησεν,
364 2395 392 2430 εἷ
413 2392 461 2444 μὴ
487 2392 619 2446 σφόδρα
637 2393 793 2445 ε’θάῤῥει,
809 2392 862 2431 ὅτι
877 2392 922 2431 τὰ
937 2396 1000 2440 τῆς
1017 2392 1114 2438 ἀξίας

80 2455 234 2506 ὃμότιμα
253 2449 306 2502 ἦν.
323 2455 393 2493 Καὶ
413 2454 480 2508 γὰρ
499 2449 540 2501 ἦν
553 2454 868 2507 τόλμἠςέιῖ1(άτης,
888 2454 933 2493 τὰ
947 2458 989 2507 τῇ
1009 2458 1114 2507 ἀσυγ-

78 2516 187 2569 κρίτῳ
221 2515 400 2569 πρέποντα
433 2516 548 2569 φύσει,
575 2516 632 2554 ἐπὶ
664 2515 726 2562 τὴν
757 2516 892 2555 ἐλάττω
921 2516 981 2554 καὶ
1014 2518 1109 2555 ἀπο-

80 2577 223 2615 δέουσαν
249 2577 382 2624 ἓκείνης
397 2580 553 2628 ἀγαγεῖν.

132 2709 222 2747 Ἀλλ’
240 2707 317 2746 οὔτε
336 2707 487 2746 ἐλάττων
510 2707 614 2755 ἐστὶν,
632 2706 707 2745 οὔτε
723 2707 862 2745 ἀποδέει
877 2710 939 2754 τῆς
960 2710 1019 2745 τοῦ
1035 2709 1115 2746 Πα-

80 2770 158 2823 τρὸς
184 2768 301 2812 οὐσίας
322 2772 339 2806 ὁ
354 2767 447 2812 Υἱός.
476 2768 607 2821 Διόπερ
625 2770 662 2806 οὐ
675 2771 788 2806 ταῦτα
805 2767 906 2818 μόνον
926 2767 1115 2821 ἐθάρρησεν

81 2833 186 2868 εἰπεῖν
201 2833 218 2868 ὃ
238 2831 377 2874 Παῦλος
394 2830 475 2881 περὶ
498 2832 600 2868 αὐτοῦ
614 2859 623 2875 ,
648 2829 738 2867 ἀλλὰ
765 2829 824 2867 καὶ
841 2829 942 2883 ἕτερα
960 2835 1114 2868 τοιαῦτα·

79 2893 132 2930 Τὸ
153 2891 241 2946 γὰρ,
253 2891 314 2935 Ἓξ
335 2885 373 2930 οῧ
385 2922 396 2939 ,
420 2893 517 2944 ῥῆμα
533 2891 620 2944 ὅπερ
640 2895 654 2911 ²¹
666 2894 712 2934 ὥς
729 2890 821 2935 ἄξιόν
839 2907 917 2928 τινα
934 2891 1036 2941 μόνου
1054 2894 1114 2929 τοῦ

79 2953 219 3005 Πατρδς
241 2952 428 3003 ἀπονέμεις
461 2955 602 3005 κλῆρον,
626 2952 686 2990 καὶ
705 2952 786 3006 περὶ
808 2957 868 2991 τοῦ
889 2953 975 2991 Υἱοῦ
998 2969 1114 3004 φησιν,

81 3013 170 3051 οὕτω
190 3013 319 3065 λέγων·
344 3013 406 3058 Ἐξ
422 3008 460 3051 οἷ
480 3021 549 3052 πᾶν
570 3014 608 3052 τὸ
632 3016 736 3064 σῶμα
765 3013 823 3051 διὰ
841 3015 909 3050 τῶν
935 3014 1030 3065 ἁφῶν
1054 3009 1115 3050 καὶ

80 3075 280 3126 συνδέσμων
313 3075 627 3128 ἐπιχορηγούμενον
648 3075 707 3114 καὶ
735 3074 1036 3126 συμὸιὸαζόμενον
1054 3073 1114 3112 αὕ-

78 3133 127 3179 ξει
142 3138 188 3179 εἷς
206 3136 268 3182 τὴν
286 3135 427 3183 αὔξησιν
445 3142 503 3175 τοῦ
519 3139 621 3175 Θεοῦ.
644 3136 713 3175 Καὶ
730 3139 792 3175 οὐκ
816 3139 975 3189 ἀρκεῖται
1001 3135 1112 3188 τούτῳ

81 3196 187 3249 μόνῳ,
201 3196 290 3234 ἀλλὰ
302 3196 361 3234 καὶ
374 3197 537 3250 ἑτέρωθεν
554 3201 633 3248 ὑμῖν
649 3198 862 3250 ἀποφράττει
878 3197 922 3236 τὰ
937 3196 1113 3248 στόματα,

79 3256 139 3304 τὸ,
156 3259 210 3294 Δι’
239 3251 276 3295 οῧ
291 3287 301 3305 ,
331 3261 430 3296 τοῦτο
449 3258 535 3311 ὅπερ
557 3258 782 3302 ἐλαττώσεως
803 3250 890 3297 εἶναι
907 3258 1040 3309 λέγεις,
1063 3261 1113 3311 τῷ

80 3318 197 3370 Πατρὶ
225 3318 442 3370 προσνέμων.
469 3319 599 3364 Πιστὸς
627 3320 695 3372 γὰρ
716 3323 733 3358 ὃ
752 3319 859 3368 Θεὸς,
874 3319 979 3370 φησὶ,
999 3320 1042 3357 δι’
1074 3313 1112 3358 οἷ

129 3423 140 3440 ³
159 3421 218 3454 Alii
237 3429 384 3466 ζωογονεῖ,
404 3423 465 3455 bis.

2117 219 2175 275 .ᾗῖ

1189 312 1323 348 Rerum
1358 310 1545 348 sensilium
1575 309 1787 347 creationem
1819 312 2043 358 memoravit,
2073 327 2177 361 quani

1187 380 1289 409 antea
1319 371 1463 423 Moyses
1498 368 1668 408 docuerat
1694 385 1701 405 ε
1723 369 1850 407 deinde
1864 370 1940 422 jam
1960 370 2113 408 imbutos
2136 373 2181 409 ad

1187 432 1397 470 sublimiora
1405 431 1550 480 ducens,
1562 432 1769 484 incorporea
1782 444 1907 483 nempe
1920 440 1953 468 et
1968 431 2180 480 invisibilia,

1186 492 1366 546 Spiritum
1385 502 1547 530 sanetum
1564 493 1609 530 ab
1638 491 1735 530 omni
1755 500 1916 529 creatura
1935 492 2103 544 sejunxit.
2123 494 2182 531 Sic

1186 563 1220 592 et
1235 554 1368 592 Paulus
1386 553 1453 592 hac
1467 553 1581 606 gratia
1595 553 1788 606 inspiratus
1803 553 1944 591 dicebat
1959 569 1966 589 ε
1990 556 2179 601 Quoniam

1137 628 1161 659 C
1187 618 1229 652 in
1258 618 1339 667 ipso
1371 625 1503 653 creata
1535 625 1625 654 sunt
1656 617 1797 653 omnia.
1831 615 1899 652 Hic
1926 629 2011 653 vero
2038 630 2179 654 rursum

1186 677 1347 715 eamdem
1365 676 1625 715 accurationem
1643 677 1807 716 observes
1823 677 1944 716 velim.
1963 677 2063 715 Idem
2082 692 2180 716 nam-

1181 754 1255 790 que
1283 739 1442 792 Spiritus
1467 739 1560 777 hanc.
1579 754 1721 790 quoquc
1747 740 1913 778 movebat
1943 740 2109 778 animam.
2129 742 2182 778 Ne

1186 801 1267 852 quis
1294 801 1390 840 enim
1407 816 1482 840 rem
1500 802 1630 839 factam
1651 802 1858 854 quampiam
1875 816 1895 839 a
1913 801 1979 839 Dei
2007 802 2182 840 creatione

1185 872 1396 911 removeret,
1419 877 1460 901 eo
1485 862 1582 913 quod
1606 863 1683 914 ipsa
1708 863 1906 901 invisibilia
1934 872 2065 912 essent3
2095 878 2182 901 neve

1185 925 1241 964 his
1268 927 1491 964 Paracletum
1518 924 1743 973 admisceret,
1768 924 2015 977 praetermissis
2043 925 2181 963 sensili-

1184 987 1266 1035 bus,
1287 1001 1366 1038 quae
1385 987 1551 1025 omnibus
1575 995 1658 1024 nota
1688 995 1800 1035 erant,
1827 985 1979 1024 caelestia
1998 995 2181 1024 enumerat

1184 1048 1241 1087 his
1257 1048 1377 1087 verbis
1399 1064 1405 1084 :
1426 1048 1514 1087 Sive
1527 1050 1670 1096 throni,
1685 1051 1765 1086 sive
1781 1049 2080 1095 dominationes,
2099 1051 2180 1086 sive

1183 1112 1441 1162 principatus,
1469 1112 1548 1149 sive
1572 1118 1793 1162 potestates.
1821 1109 1917 1147 Illud
1947 1109 2054 1153 enim,
2076 1109 2177 1156 Sive,

1185 1171 1338 1223 singulis
1366 1171 1582 1224 appositum,
1607 1171 1700 1208 nihil
1728 1170 1829 1208 aliud
1854 1171 1955 1208 nobis
1986 1170 2179 1221 significat,

1184 1246 1293 1282 quam
1307 1232 1390 1281 hoc,
1413 1234 1555 1269 Omnia
1567 1245 1635 1282 per
1653 1232 1906 1284 ipsumsacta
1922 1241 2024 1279 sunt,
2045 1240 2081 1268 et
2094 1235 2179 1269 sine

1186 1297 1267 1345 ipso
1280 1294 1433 1346 factum
1448 1293 1616 1331 estnihil
1640 1295 1744 1345 quod
1764 1295 1985 1341 factumest
2017 1292 2122 1339 Quod
2146 1292 2176 1329 si

1186 1355 1291 1402 illud,
1309 1356 1398 1403 Per,
1426 1354 1703 1392 diminutionem
1730 1354 1931 1405 significare
1957 1364 2073 1406 putes,
2092 1353 2178 1392 audi

1184 1416 1396 1467 prophetam
1424 1415 1601 1453 dicentem
1627 1431 1634 1450 :
1659 1417 1778 1453 Initio
1806 1425 1858 1463 tu,
1892 1417 2074 1463 Domine,
2107 1425 2178 1453 ter-

1185 1489 1269 1513 ram
1283 1477 1488 1527 fundasti,
1508 1485 1543 1513 et
1564 1489 1678 1526 opera
1698 1489 1884 1512 manuum
1911 1484 2064 1513 tuarum
2088 1484 2177 1513 sunt

1186 1537 1282 1573 coeti.
1297 1536 1406 1582 Quod
1422 1536 1465 1574 de
1488 1536 1593 1573 Patre
1610 1544 1648 1572 ut
1667 1544 1824 1572 creatore
1839 1535 1977 1572 dictum
1995 1545 2058 1583 est,
2080 1536 2117 1573 id
2134 1536 2178 1574 de

1185 1597 1279 1635 Filio
1296 1597 1384 1635 djcit
1405 1613 1412 1634 ε
1432 1611 1503 1635 non
1519 1596 1697 1645 dicturus,
1712 1596 1781 1634 nisi
1794 1606 1943 1641 creator,
1958 1611 2021 1634 nec
2040 1606 2179 1635 tantum

1184 1658 1347 1696 minister
1360 1658 1585 1696 existimatus
1597 1667 1698 1696 esset.
1717 1657 1825 1704 Quod
1840 1657 1871 1695 si
1886 1657 1946 1696 hic
1960 1659 2039 1696 Per
2055 1660 2180 1710 ipsum

1184 1719 1341 1768 dicatur,
1376 1734 1447 1758 non
1485 1720 1556 1758 alia
1588 1720 1633 1758 de
1667 1734 1773 1757 causa
1812 1719 1959 1767 dicitur,
1997 1734 2106 1770 quam
2137 1734 2180 1757 ne

1186 1781 1265 1833 quis
1283 1781 1419 1819 Filium
1442 1795 1513 1819 non
1540 1780 1703 1833 genitum
1726 1795 1798 1819 esse
1822 1781 2033 1833 suspicetur.
2055 1781 2178 1828 Quan-

1185 1843 1380 1894 doquidem
1409 1843 1506 1894 quod
1536 1843 1732 1881 secundum
1758 1843 1946 1881 creationis
1967 1843 2179 1895 dignitatem

1184 1906 1278 1944 nihil
1296 1906 1416 1944 minus
1441 1906 1584 1954 habeat,
1605 1919 1714 1957 quam
1733 1906 1848 1954 Pater,
1872 1905 1958 1943 audi
1981 1905 2100 1958 ipsum
2121 1905 2177 1942 di-

2201 570 2264 598 Col.
2286 578 2311 598 1.
2334 571 2379 599 [ti.

2198 1056 2275 1083 [bid.

2194 1427 2282 1456 Psnl.
2310 1435 2379 1456 101.

2195 1470 2242 1499 26.

1183 1977 1322 2006 centem
1341 1984 1349 2004 ε
1371 1968 1477 2007 Sicut
1495 1968 1616 2005 Pater
1628 1970 1789 2005 suscitat
1810 1975 1980 2005 mortuos
2001 1976 2036 2005 et
2048 1968 2176 2018 vivifi·
2191 1982 2282 2010 Joan.
2293 1981 2378 2011 521,

1185 2038 1263 2077 cat,
1284 2032 1339 2068 sic
1357 2038 1394 2068 et
1409 2029 1537 2068 Filius
1552 2042 1647 2081 quos
1676 2029 1765 2067 vult
1784 2029 1972 2079 vivificat.
1993 2028 2032 2066 Si
2057 2028 2177 2079 itaque

1185 2091 1231 2129 de
1255 2091 1348 2129 Filio
1366 2090 1507 2128 dicatur
1523 2090 1560 2128 in
1574 2088 1698 2130 Veteri
1722 2089 1964 2137 Testamento,
1984 2092 2103 2127 Initio
2120 2098 2175 2136 tu,
2212 2140 2214 2143 7

1184 2153 1365 2201 Domine,
1383 2152 1735 2205 terramsundasti,
1760 2150 1946 2188 manifesta
1961 2159 2012 2188 est
2028 2150 2178 2188 creatio-

1184 2214 1240 2252 nis
1256 2213 1411 2266 dignitas
1433 2229 1440 2250 :
1461 2213 1514 2251 sin
1530 2212 1575 2250 de
1590 2213 1694 2250 Patre
1706 2212 1918 2265 prophetam
1934 2212 1974 2250 id
1990 2213 2180 2263 loquutum

1184 2276 1335 2325 dixeris,
1352 2277 1507 2314 Paulum
1523 2285 1642 2313 autem
1664 2275 1758 2314 Filio
1776 2275 2005 2327 adscripsisse
2022 2275 2061 2313 id
2084 2276 2180 2326 quod

1186 2338 1230 2375 de
1249 2339 1353 2375 Patre
1377 2337 1516 2375 dictum
1543 2345 1639 2387 erat3
1662 2335 1823 2388 idipsum
1854 2345 1972 2374 tamen
1999 2345 2177 2386 sequetur.

1187 2401 1312 2450 Neque
1329 2399 1425 2437 enim
1442 2398 1482 2437 id
1498 2399 1632 2436 Paulus
1651 2398 1747 2435 Filio
1765 2407 1962 2449 competere
1985 2397 2177 2442 statuisset⁷

1189 2460 1258 2498 nisi
1292 2460 1491 2498 admodum
1529 2468 1657 2506 certus,
1693 2473 1817 2510 parem
1850 2471 1922 2495 esse
1954 2457 2177 2509 dignitatem.

1190 2523 1371 2560 Extremae
1403 2533 1557 2570 namque
1586 2519 1746 2556 audaciae
1769 2527 1870 2566 esset,
1888 2532 1928 2556 ea
1949 2533 2028 2569 quae
2046 2518 2179 2557 incom-

1191 2581 1347 2632 parabili
1375 2590 1510 2618 naturae
1536 2588 1786 2631 competerent,
1810 2579 1941 2617 minori
1966 2588 2000 2617 et
2021 2579 2181 2619 inferiori

1192 2640 1405 2679 adscribere.

1245 2704 1283 2740 5.
1317 2705 1361 2740 At
1383 2716 1496 2752 neque
1519 2701 1649 2752 minor,
1666 2715 1778 2752 neque
1801 2701 1947 2740 inferior
1959 2702 2074 2741 Patris
2098 2703 2183 2741 suh-

1191 2764 1320 2803 stantia
1342 2773 1393 2802 est
1416 2763 1543 2802 Filius.
1567 2764 1793 2816 Quapropter
1815 2779 1884 2803 non
1910 2765 1977 2803 hoc
2001 2766 2116 2803 solum
2138 2766 2183 2804 de

1191 2825 1285 2863 Filio
1307 2840 1412 2862 ausus
1426 2834 1476 2863 est
1489 2825 1622 2862 Paulus
1635 2824 1767 2876 dicere,
1783 2825 1845 2863 sed
1871 2826 1978 2864 etiam
2000 2827 2070 2864 alia
2083 2827 2182 2864 simi-

1190 2886 1252 2925 lia.
1274 2887 1367 2924 Nam
1392 2886 1485 2924 illud
1495 2917 1507 2937 ,
1526 2888 1590 2924 Ex
1603 2901 1692 2939 quo,
1710 2887 1807 2937 quod
1820 2897 1857 2925 tu
1873 2888 1983 2926 solius
1996 2889 2112 2927 Patris
2125 2889 2181 2927 di-

1190 2949 1318 3002 gnitati
1331 2950 1520 3002 adscribis,
1536 2950 1597 2988 ille
1619 2950 1664 2988 de
1677 2951 1770 2989 Filio
1784 2951 1874 2990 dicit
1886 2952 1943 2989 his
1956 2952 2076 2991 verbis
2092 2969 2098 2989 :
2116 2955 2152 2990 E
2156 2969 2181 2990 τ

1190 3026 1266 3063 quo
1287 3021 1408 3050 totum
1429 3025 1576 3064 corpus,
1589 3025 1659 3063 per
1683 3026 1802 3050 nexus
1824 3022 1859 3050 et
1886 3015 2179 3064 conjunctiones

1188 3076 1519 3112 subministratum
1545 3083 1580 3111 et
1601 3083 1877 3122 constructum,
1901 3079 2034 3112 crescit
2054 3078 2094 3112 in
2111 3090 2173 3112 au-

1186 3145 1382 3187 gmentum
1416 3136 1503 3174 Dei.
1536 3136 1659 3185 Neque
1680 3135 1748 3173 lioc
1771 3136 1847 3174 solo
1877 3146 2059 3174 contentus
2093 3146 2143 3174 est
2160 3167 2170 3187 ,

1186 3195 1249 3234 sed
1271 3206 1306 3235 et
1327 3196 1475 3235 aliunde
1497 3195 1602 3234 vobis
1631 3197 1811 3234 obstruxit
1839 3211 1924 3247 ora,
1953 3211 2035 3234 cum
2057 3196 2176 3246 illud,

1192 3258 1269 3296 Per
1287 3273 1415 3311 quem,
1436 3258 1532 3309 quod
1547 3257 1720 3295 minorem
1743 3258 1946 3310 significare
1960 3258 2066 3309 dicis,
2082 3258 2179 3296 Patri

1185 3319 1376 3359 adscribit.
1398 3320 1549 3358 Fidelis
1561 3319 1657 3357 enim
1681 3320 1800 3367 Deus,
1820 3320 1950 3370 inquit,
1972 3335 2042 3373 per
2064 3335 2178 3373 quem

1215 3434 1228 3450 a
1244 3424 1320 3457 Mss.
1339 3422 1472 3466 plurimi
1492 3428 1528 3461 ὡς
1546 3428 1629 3463 ἀξέαν
1645 3427 1718 3457 τινά.

2201 2964 2303 2994 Coloss
2333 2974 2361 2993 2,

2201 3015 2245 3046 ¹9·

2199 3330 2330 3358 1.C01‘.t,
2348 3339 2378 3368 9.
