2481 3678
731 221 773 251 ιΝ
812 218 1019 249 JOANNEM
1058 216 1217 247 noun„
1258 216 1317 246 iv.
1359 200 1419 245 al.
1464 215 1527 244 111.

92 310 248 364 σφοδρὸν,
276 313 335 348 τοῦ
364 305 585 357 δικαστηρίου
616 306 675 343 τοῦ
702 302 885 354 μέλλοντος
913 301 970 339 τὸν
995 299 1111 352 φόὲον,

92 371 334 422 ἐμβιάλλωμεν.
350 368 462 407 υΟταν
483 383 520 405 σε
538 364 677 416 λυπήσῃ
697 363 792 416 φίλος
815 362 837 409 ἢ
860 362 919 402 καὶ
940 360 1111 415 παροξύνῃ

89 448 141 475 τις
153 435 220 469 τῶν
239 430 385 474 οἰκείων,
402 427 559 473 ἐννόησον
574 426 617 463 τὰ
630 424 866 477 ἡμαρτημένα
881 440 935 462 σοι
953 425 998 466 εἷς
1011 422 1114 469 Θεὸν,

89 492 148 529 καὶ
173 491 227 530 ὅτι
253 494 296 542 τῇ
328 489 413 541 πρὸς
441 489 568 526 ἐκεῖνον
596 485 763 537 ἐπιεικείᾳ
789 484 978 537 πραότερον
998 484 1114 534 σαυτῷ

88 556 254 603 καθιστᾷς
281 551 320 589 τὸ
349 548 569 601 δικαστήριον
591 549 722 586 ἐκεῖνο·
743 546 864 599 Ἄφετε
891 545 978 598 γὰρ,
1009 543 1114 596 φησὶ,

88 613 147 650 καὶ
169 611 378 663 ἀφεθήσεται
394 614 474 661 ὑμῖν
488 626 495 633 ·
518 608 578 648 καὶ
598 608 732 660 ταχέως
753 606 977 660 δραπετεύσει
995 606 1034 644 τὸ
1047 606 1115 643 πά-

87 677 153 717 θος.
171 673 266 725 Πρὸς
280 672 411 716 τούτοις
429 674 568 710 κάκεῖνο
584 669 772 717 σκόπησον,
793 668 908 707 εἴποτε
924 671 970 712 εἰς
990 670 1111 722 ἀγριό-

85 749 176 781 τητα
197 733 381 786 ἐξενεχθεὶς
401 732 597 785 ἐκράτησας
614 735 759 778 σαυτοῦ,
778 730 838 768 καὶ
867 729 982 768 εἴποτε
1005 746 1112 783 παρε-

86 795 190 848 σύρης
206 795 272 833 ὑπὸ
284 799 344 833 τοῦ
359 794 489 837 πάθους
502 824 511 840 ,
527 792 586 831 καὶ
607 792 819 844 ἀμφοτέρους
833 790 1019 843 παράὲαλε
1034 790 1112 835 τοὺς

85 856 223 907 καιροὺς
235 886 245 903 ,
278 855 337 893 καὶ
356 856 507 893 ἐντεῦθεν
527 853 661 900 πολλὴν
681 852 778 905 λήψῃ
798 852 991 906 διόρθωσιν.
1020 852 1109 891 Εἰπὲ

85 916 151 969 γάρ
181 932 263 967 μοι·
292 915 377 954 πότε
404 915 527 954 σαυτὸν
558 914 749 967 ἐτι-ᾔνεσας,
768 913 874 961 ἡνίκα
893 914 1066 961 ἡττήθης,
1087 913 1108 960 ἢ

84 979 140 1016 ὅτε
167 977 380 1030 ἐκράτησας,
401 976 493 1028 Οὐχὶ
508 976 588 1015 τότε
605 974 621 997 ¹³
634 977 789 1028 σφοδρῶς
814 974 877 1026 μὲν
897 977 1109 1027 ἐγκαλοῦμεν

85 1042 218 1083 ἑαυτοῖς
249 1038 309 1076 καὶ
341 1037 578 1090 αἰσχυνόμεθα
590 1066 599 1084 ,
635 1037 695 1076 καὶ
735 1036 880 1088 μηδενὸς
912 1036 1110 1089 ἐλέγχοντος

84 1104 195 1152 ἡμᾶς,
215 1101 275 1138 καὶ
301 1099 389 1138 πολὺ
413 1100 453 1138 τὸ
475 1103 536 1146 τῆς
559 1098 739 1150 μετανοίας
760 1102 845 1150 ἡμῖν
868 1099 1110 1152 ἐπεισέρχεται

84 1161 144 1200 καὶ
158 1161 323 1214 ῥημάτων
343 1160 456 1199 ἕνεκεν
478 1160 537 1198 καὶ
556 1160 796 1214 πραγμάτων,
814 1160 896 1198 ὅταν
916 1161 952 1200 δὲ
973 1177 1111 1213 περιγε-

85 1222 243 1274 νώμεθα,
263 1223 322 1260 καὶ
350 1225 533 1276 τρυφῶμεν
562 1222 622 1259 καὶ
641 1222 862 1275 γαυρούμεθα
875 1251 884 1269 ,
907 1225 953 1266 ὣς
974 1238 1108 1266 νενικη-

86 1285 203 1331 κότες;
229 1284 322 1331 Νίκη
342 1284 410 1337 γὰρ
427 1283 484 1322 ἐπὶ
503 1287 564 1330 τῆς
581 1286 702 1337 ὀργῆς,
722 1284 759 1321 οὐ
775 1283 814 1321 τὸ
830 1289 900 1326 τοῖς
919 1283 1006 1328 ἴσοις
1023 1283 1111 1334 ἀμύ-

86 1350 210 1385 νασθαι
244 1345 400 1397 (ἐσχάτη
441 1344 509 1397 γὰρ
541 1343 628 1391 αὕτη
663 1339 754 1391 ἧττά
781 1345 873 1382 ἐστιν
889 1347 920 1392 ),
948 1343 1038 1382 ἀλλὰ
1073 1344 1112 1382 τὸ

86 1407 206 1460 πράως
223 1409 369 1457 ἐνεγκεῖν
386 1405 540 1445 παθόντα
557 1407 674 1448 κακῶς
693 1405 752 1443 καὶ
772 1404 979 1443 ἀκούσαντα.
1000 1407 1112 1443 Τοῦτο

85 1468 153 1520 γάρ
173 1471 246 1506 ἐστι
264 1467 303 1505 τὸ
317 1466 422 1505 πλέον
443 1473 551 1518 σχεῖν,
577 1468 614 1504 οὒ
630 1466 670 1504 τὸ
684 1469 850 1513 ποιῆσαι,
871 1464 961 1503 ἀλλὰ
981 1464 1021 1502 τὸ
1037 1481 1111 1502 πα·-

87 1533 154 1566 θεῖν
175 1530 303 1571 κακῶς.
324 1527 386 1573 Μὴ
405 1527 518 1565 τοίνυν
540 1526 620 1577 λέγε
639 1525 876 1579 ὀργιζόμενος,
897 1526 1036 1568 πάντως
1055 1528 1113 1563 ἀν-

85 1591 237 1640 ταναιρῶ
251 1587 362 1641 κάγὼ,
379 1588 516 1631 πάντως
530 1586 817 1638 ἐπεξελεύσομαι·
835 1586 924 1638 μηδὲ
938 1586 1024 1639 πρὸς
1037 1585 1114 1630 τοὺς

86 1654 338 1703 παραινοῦντας
359 1656 457 1702 νικᾷν
481 1648 650 1688 ἀντίτεινε
679 1647 802 1700 λέγων,
832 1650 894 1686 οὐκ
928 1647 1112 1699 ἀνέξομαι,

86 1711 142 1750 ἵνα
163 1728 227 1763 μου
245 1710 488 1763 καταγελάσας
502 1714 520 1749 ὃ
536 1711 628 1748 δεῖνα
649 1709 797 1761 ἀπέλθῃ.
813 1711 866 1747 Οὐ
885 1709 953 1762 γὰρ
973 1709 1013 1756 δή
1030 1709 1116 1748 ποτέ

88 1788 146 1811 σου
167 1772 466 1825 καταγελάσεται,
495 1773 571 1811 ἀλλ’
599 1770 680 1809 ὅταν
704 1769 908 1822 ἐπεξέλθῃς·
936 1773 964 1808 εἷ
996 1769 1030 1809 δὲ
1054 1771 1114 1809 καὶ

86 1835 164 1873 τότε
185 1833 483 1886 καταγελάσεται,
503 1835 549 1877 ὡς
569 1832 712 1879 ἀνόητος
736 1835 836 1870 τοῦτο
863 1831 1035 1870 πείσεται.
1062 1832 1114 1871 Σὺ

88 1895 123 1934 δὲ
145 1895 193 1946 μὴ
217 1895 309 1943 ζήτει
328 1897 432 1933 νικῶν
445 1894 508 1941 τὴν
531 1893 628 1946 παρὰ
642 1895 709 1931 τῶν
727 1893 881 1940 ἀνοήτων
905 1892 1017 1942 δόξαν,
1039 1895 1114 1932 ἀλλ’

88 1960 298 2010 ἀποχρῶσαν
320 1955 438 2007 νόμιζε
457 1954 585 2002 (αὐτὴν
606 1955 698 2007 ἔχειν
715 1954 811 2008 παρὰ
826 1958 894 1992 τῶν
915 1959 991 1993 νοῦν
1015 1955 1115 2008 ἐχόν-

86 2035 167 2056 των.
193 2018 297 2057 Ἀλλὰ
325 2018 392 2071 γὰρ
417 2017 455 2055 τί
486 2033 540 2056 σοι
560 2017 681 2070 μικρὸν
710 2017 770 2055 καὶ
795 2017 956 2056 ταπεινὸν
984 2018 1114 2062 καθίζω

88 2079 240 2132 θέατρον,
256 2079 290 2123 ἐξ
310 2077 501 2132 ἀνθρώπων
523 2078 608 2116 αὐτὸ
630 2077 818 2125 συντιθείς,
838 2078 934 2131 Πρὸς
948 2078 1006 2117 τὸν
1025 2080 1114 2118 Θεὸν

87 2139 210 2184 εὐθέως
242 2139 448 2191 &adme-pov,
481 2137 638 2182 κάκεῖνός
669 2154 707 2176 σε
736 2138 966 2177 ἐπαινέσεται.
985 2139 1056 2178 Τὸν
1080 2139 1115 2179 δὲ

86 2204 170 2254 παρ’
189 2201 321 2240 ἐκείνου
348 2200 608 2252 θαυμαζόμενον
629 2202 666 2238 οὗ
690 2201 739 2238 δεῖ
763 2199 861 2252 παρὰ
887 2203 955 2238 τῶν
983 2201 1118 2254 ἀνθρώ-

85 2280 160 2302 πων
180 2263 286 2315 τιμὴν
303 2264 489 2309 ἐπιζητεῖν.
507 2261 552 2299 ‘H
571 2260 632 2312 μὲν
649 2260 716 2315 γὰρ
731 2261 792 2300 καὶ
807 2261 892 2315 πρὸς
911 2262 1014 2314 χάριν
1033 2265 1116 2301 πολ-

85 2326 186 2370 λάκις
201 2356 210 2373 ,
225 2325 284 2363 καὶ
299 2325 385 2378 πρὸς
402 2323 593 2376 ἀπέχθειαν
611 2323 736 2376 ἑτέρων
752 2322 905 2374 γίνεται,
925 2324 983 2362 καὶ
997 2324 1116 2377 κέρδος

400 2384 446 2433 ᾱὴ
467 2385 503 2424 δὲ
525 2384 623 2438 παρὰ
646 2389 706 2423 τοῦ
734 2386 826 2424 Θεοῦ
853 2386 967 2437 ψῆφος
986 2386 1116 2434 ταύτης

86 2387 228 2439 ἤνεγκεν
256 2386 349 2425 οὐδέν
364 2402 371 2409 ·

88 2449 312 2495 ἀπήλλακται
345 2450 408 2493 τῆς
438 2445 661 2497 ἀνωμαλίας,
690 2446 750 2484 καὶ
778 2447 911 2493 πολλὴν
939 2446 1034 2499 φέρει
1065 2450 1115 2500 τῷ

88 2509 338 2561 θαυμαζομένῳ
356 2507 419 2555 τὴν
440 2507 621 2559 ὠφέλειαν.
648 2509 779 2545 Τοῦτον
811 2501 867 2545 οῧν
886 2507 943 2545 τὸν
974 2507 1114 2546 ἔπαινον

88 2569 202 2608 διώκω
208 2585 267 2619 μεν
274 2601 281 2608 .

140 2636 263 2675 Βούλει
288 2640 409 2687 μαθεῖν
428 2636 533 2674 πόσον
553 2637 592 2674 τὸ
613 2636 807 2688 ὀργίζεσθαι
833 2637 963 2684 κακόν,
989 2637 1116 2689 Παρά-

89 2701 188 2745 στηθι
206 2700 418 2749 μαχομένοις
435 2698 468 2735 ἐν
486 2700 595 2750 ἀγορᾷ
610 2696 749 2749 ἑτέροις.
761 2696 822 2734 Ἐν
839 2696 906 2750 γὰρ
921 2700 1037 2749 σαυτῷ
1053 2698 1115 2744 τὴν

88 2758 338 2811 ἀσχημοσύνην
352 2760 389 2797 οὐ
405 2758 533 2809 δυνήσῃ,
556 2757 682 2811 ῥαδίως
699 2758 794 2804 ἰδεῖν,
811 2757 1037 2809 ἐσκοτωμένῳ
1056 2758 1115 2795 καὶ

89 2819 246 2870 μεθύοντι
281 2823 330 2871 τῷ
362 2821 542 2871 λογισμῷ·
583 2821 660 2857 ἀλλ’
693 2818 775 2857 ὅταν
805 2818 1021 2871 καθαρεύσῃς
1055 2824 1114 2857 τοῦ

88 2881 232 2927 πάθους,
258 2880 336 2919 τότε
363 2883 396 2918 ἐν
419 2880 536 2924 ἄλλοις
565 2879 686 2931 θεώρει
714 2878 758 2917 τὰ
789 2879 851 2927 σὰ,
878 2881 939 2925 τ’ἧς
970 2879 1114 2932 κρίσεῶς

89 2958 141 2980 σοι
170 2941 218 2992 μὴ
238 2941 524 2994 θδιεφθαρμένης.
545 2942 621 2980 Θέα
659 2941 697 2980 δέ
717 2957 776 2992 μοι
811 2940 888 2984 τοὺς
920 2941 1115 2994 περιρρέον-

88 3019 150 3046 τας
184 3003 324 3055 ὄχλους,
351 3003 428 3046 τοὺς
465 3002 717 3054 θυμουμένους,
751 3002 910 3055 καθάπερ
949 3003 1115 3053 μαινομέ-

89 3080 164 3107 νους
201 3066 247 3106 εἷς
278 3064 316 3101 το
350 3063 452 3113 μέσον
487 3066 781 3115 ἀσχημονοῦντας.
798 3060 912 3100 ζΌταν
938 3062 1005 3114 γὰρ
1037 3063 1116 3115 περὶ

137 3195 152 3217 b
169 3193 287 3227 Morel.
303 3197 433 3238 σφοδρῶς
450 3199 498 3227 καὶ
511 3198 705 3236 ἐγκαλοῦμεν,
726 3193 823 3226 male.

136 3257 148 3269 ⁰
168 3245 268 3277 Savil.
289 3250 381 3283 αὐτὴν
398 3252 493 3290 παρὰ.
513 3244 630 3278 Morel.
661 3249 753 3282 αὐτὴν
780 3250 857 3287 ἔχειν
880 3251 975 3290 παρὰ,
1006 3245 1106 3276 Paulo

93 3306 167 3339 post
184 3297 271 3329 idem
290 3302 369 3340 αὐτῷ
395 3303 541 3334 σοντιθεῐς.
571 3296 671 3328 Sat-il.
698 3301 789 3333 αὐτή.
811 3294 903 3327 Infra
922 3302 970 3329 τὸν
989 3300 1017 3330 δὲ
1034 3301 1107 3341 παρ’

93 3355 199 3383 ἐκεῖνον
223 3355 448 3392 θαυμαζόμενον
466 3349 636 3383 vertimus,
656 3359 721 3390 quo
739 3347 899 3378 laudante
912 3360 924 3387 ,·
942 3359 1017 3379 nam
1039 3355 1108 3382 62>-

93 3408 199 3443 μάζειν
222 3413 304 3443 scepe
329 3400 491 3444 significat
511 3400 660 3441 laudare,
681 3399 837 3431 tatalibus
871 3400 1046 3442 celebrare,
1074 3410 1109 3433 ut

2109 198 2164 259 37

1185 297 1396 350 injiciamus.
1418 296 1507 333 Cum
1538 303 1570 331 te
1589 293 1724 330 amicus
1744 291 1887 338 laeserit,
1905 299 1966 328 aut
1985 292 2170 329 familiaris

1186 358 1427 405 concitaverit,
1443 356 1557 407 cogita
1577 362 1707 406 quanta
1723 365 1804 404 erga
1820 353 1937 390 Deum
1956 353 2168 403 peccaveris,

1186 429 1218 458 et
1235 418 1414 472 perpende
1435 428 1468 456 te
1486 418 1513 455 si
1535 415 1750 454 moderatius
1770 428 1851 451 eum
1879 413 1958 450 illos
1986 427 2084 464 agas,
2103 413 2169 450 mi-

1186 482 1256 520 tius
1274 482 1340 520 tihi
1355 480 1533 534 judicium
1555 477 1644 516 illud
1665 476 1884 515 constituere.
1906 476 1998 513 Nam
2017 474 2078 523 ait,
2099 476 2167 512 Di·
2184 483 2256 511 Luc.
2272 484 2301 513 6.
2319 482 2353 520 37
2369 502 2374 509 .

1186 546 1338 590 mittite,
1364 551 1400 581 et
1420 542 1634 578 dimittetur
1657 541 1798 582 ambis,-
1814 536 2002 587 statimque
2027 535 2173 573 morbus

1185 604 1354 656 aufugiet.
1371 602 1426 640 Ad
1440 603 1515 640 haec
1530 601 1727 640 consideres
1741 599 1862 647 velim,
1879 612 1966 635 num
1981 596 2172 647 aliquando

1185 666 1220 704 in
1235 666 1392 703 furorem
1409 673 1525 713 aetus,
1538 673 1572 701 te
1583 660 1817 709 continueris,
1834 667 1867 697 et
1882 672 1969 696 num
1980 657 2173 709 aliquando

1182 727 1289 765 etiam
1307 726 1352 764 ab
1370 726 1422 763 ira
1443 725 1612 777 abreptus
1631 723 1761 760 fueris:
1777 730 2010 771 utrorumque
2029 733 2171 770 eompa-

1184 788 1315 826 ratione
1336 798 1556 840 temporum,
1584 785 1629 823 ad
1648 783 1926 823 emendationem
1944 781 2050 819 valde
2067 782 2172 834 juva-

1181 850 1288 888 beris.
1310 850 1379 888 Dic
1409 848 1503 887 enim
1529 846 1638 896 mihi,
1660 844 1886 896 quandonam
1918 842 2070 895 teipsum
2091 842 2171 880 lau-

1179 910 1283 960 dasti,
1301 925 1384 948 cum
1404 910 1450 948 ab
1469 909 1522 946 ira
1538 915 1722 960 superatus
1739 920 1786 955 es,
1804 920 1847 943 an
1871 918 1953 942 eum
1972 902 2174 956 superasti?

1182 974 1308 1010 Annon
1331 985 1412 1009 cum
1441 970 1600 1023 primum
1625 967 1775 1017 accidit,
1796 981 1857 1004 nos
1877 966 2101 1004 vehementer
2119 965 2174 1002 in-

1181 1048 1364 1082 cusamus,
1390 1031 1648 1080 erubescimus,
1680 1029 1788 1067 etiam
1816 1027 1956 1065 nemine
1982 1035 2172 1078 arguente,

1181 1109 1222 1133 ac
1239 1095 1351 1133 multa
1370 1109 1433 1132 nos
1454 1103 1486 1132 et
1505 1092 1698 1131 verborum
1729 1099 1762 1128 et
1781 1099 1960 1142 gestorum
1980 1089 2075 1126 subit
2099 1102 2174 1141 poe-

1181 1157 1357 1196 nitentia?
1376 1171 1457 1195 cum
1485 1165 1603 1193 autem
1634 1167 1867 1206 superamus,
1900 1150 2110 1204 gaudemus,
2142 1160 2175 1190 et

1181 1219 1281 1270 quasi
1304 1219 1454 1256 victores
1483 1215 1730 1255 exsultamus?
1750 1214 1912 1253 Victoria
1931 1213 2026 1251 enim
2054 1222 2174 1250 eontra

1182 1280 1272 1317 iram
1290 1289 1352 1328 est,
1369 1293 1437 1317 non
1454 1293 1535 1316 cum
1546 1292 1611 1330 par
1625 1277 1703 1329 pari
1724 1275 1910 1314 referimus
1926 1275 2024 1323 (haec
2041 1274 2175 1326 quippe

1183 1351 1338 1380 extrema
1362 1340 1478 1379 clades
1507 1350 1558 1379 est
1571 1345 1597 1388 ),
1616 1339 1676 1378 sed
1697 1352 1779 1376 cum
1801 1351 1901 1388 aequo
1920 1336 2039 1374 animo
2056 1336 2173 1374 omnia

1182 1403 1340 1455 patimur
1358 1411 1390 1440 et
1417 1401 1597 1440 audimus.
1622 1401 1698 1438 Hoc
1719 1399 1851 1451 quippe
1880 1407 1930 1436 est
1957 1398 2175 1450 superiorem

1183 1478 1278 1513 esse,
1301 1478 1370 1501 non
1393 1464 1485 1501 mala
1506 1463 1652 1511 inferre,
1679 1461 1740 1499 sed
1763 1460 1856 1498 mala
1878 1460 1964 1512 pati.
1990 1461 2080 1497 Cum
2105 1460 2175 1497 ira-

1185 1524 1291 1562 sceris
1318 1524 1447 1575 igitur,
1480 1538 1523 1561 ne
1553 1522 1654 1560 dicas
1687 1522 1865 1558 :Prorsus
1892 1519 2062 1557 obsistam
2091 1533 2175 1571 ego,

1183 1599 1328 1637 prorsus
1362 1585 1495 1622 irruam
1522 1584 1558 1621 in
1592 1584 1720 1621 illum:
1738 1595 1851 1633 neque
1885 1581 2108 1619 monentibus
2139 1591 2178 1619 ut

1184 1646 1275 1684 iram
1305 1646 1468 1685 cohibeas
1499 1644 1634 1683 dixeris
1651 1645 1755 1682 :Non
1781 1643 1899 1696 patiar
1920 1651 1959 1679 ut
1988 1652 2178 1695 postquam

1184 1707 1244 1745 ille
1264 1708 1354 1746 mihi
1375 1707 1547 1757 illuserit,
1574 1707 1720 1759 impune
1747 1705 1862 1743 abeat.
1893 1705 2013 1755 Neque
2033 1704 2127 1743 enim
2146 1714 2180 1742 te

1184 1782 1342 1819 unquam
1373 1767 1553 1817 irridebit,
1589 1767 1657 1805 nisi
1687 1765 1830 1817 quando
1861 1764 1907 1803 ad
1925 1764 2123 1804 vindictam
2146 1776 2181 1804 te

1185 1829 1374 1868 contuleris
1391 1846 1397 1866 :
1412 1830 1465 1867 sin
1484 1839 1518 1867 te
1538 1829 1736 1880 quiescente
1754 1826 1924 1878 irriserit,
1943 1836 1981 1864 ut
1996 1828 2124 1866 stultus
2143 1827 2180 1865 id

1185 1900 1274 1943 aget.
1295 1892 1353 1928 Tu
1379 1905 1462 1929 xero
1482 1905 1565 1928 cum
1596 1890 1742 1939 viceris,
1771 1903 1814 1926 ne
1831 1903 1968 1940 quaeras
1988 1888 2141 1940 gloriam
2160 1903 2181 1926 a

1185 1953 1318 2000 stultis,
1350 1953 1411 1991 sed
1427 1967 1466 1991 ea
1494 1961 1678 1990 contentus
1698 1961 1788 2000 esto,
1803 1965 1911 2002 quam
1925 1966 1945 1988 a
1959 1950 2180 2002 sapientibus

1185 2016 1392 2066 assequeris.
1423 2016 1500 2053 Imo
1531 2028 1617 2053 vero
1654 2028 1717 2051 cur
1738 2014 1804 2051 tibi
1833 2027 1987 2065 parvum
2017 2011 2110 2049 illud
2138 2026 2180 2050 ae

1185 2077 1257 2115 vile
1272 2077 1452 2115 theatrum
1466 2076 1654 2114 hominum
1676 2075 1880 2113 constituo?
1902 2073 1958 2111 Ad
1978 2075 2094 2111 Deum
2111 2083 2179 2113 sta-

1136 555 1159 584 B

1137 2023 1161 2052 Ι)

1185 2141 1251 2179 tim
1281 2141 1436 2193 respice,
1468 2150 1501 2178 et
1533 2140 1607 2192 ipse
1638 2149 1672 2177 te
1707 2138 1980 2189 laudabit:quo
2012 2138 2180 2176 laudante

1185 2216 1287 2240 nemo
1309 2202 1413 2240 debet
1436 2203 1481 2240 ab
1503 2201 1709 2239 hominibus
1733 2199 1885 2252 gloriam
1909 2213 2078 2250 quaerere.
2105 2199 2179 2237 Ho-
2194 2205 2232 2271 :iia
2375 2244 2383 2270 ¹

2216 2250 2284 2271 eunt
2332 2253 2369 2270 ve

1186 2264 1325 2302 minum
1348 2264 1481 2316 quippe
1503 2262 1628 2301 laudes
1650 2263 1862 2314 plerumque
1894 2260 1952 2297 vel
1988 2274 2032 2297 ex
2066 2260 2177 2311 gratia

2270 2079 2382 2107 Laudes

2228 2122 2381 2147 hominum

2196 2163 2237 2189 vel
2258 2172 2293 2189 ex
2320 2172 2382 2198 grn-

2317 2213 2385 2239 PFU*

2194 2296 2228 2312 cx
2246 2286 2312 2312 odio
2329 2295 2382 2311 ne-

1186 2325 1379 2377 prodeunt,
1405 2325 1463 2363 vel
1496 2339 1541 2362 ex
1564 2323 1647 2361 odio
1667 2331 1841 2374 negantur
1855 2337 1867 2371 3
1893 2320 2056 2370 nihilque
2088 2320 2308 2363 lucrigautur.

1187 2386 1447 2425 afferunttDei
1479 2401 1564 2426 vero
1596 2384 1778 2438 judicium
1810 2383 1877 2420 hae
1900 2380 2179 2431 inaequabilitate

1187 2458 1309 2497 vacat,
1333 2449 1553 2498 multamque
1575 2445 1720 2483 laudato
1743 2445 1845 2480 affert
1858 2442 2061 2480 utilitatem.
2079 2441 2178 2479 Hanc

1187 2509 1299 2561 igitur
1320 2508 1466 2546 laudem
1493 2519 1696 2557 sequamur.

1242 2636 1278 2673 5.
1306 2634 1417 2672 Yisne
1437 2632 1572 2670 discere
1593 2639 1767 2681 quantum
1779 2630 1826 2667 sit
1838 2628 2038 2667 malumira
2052 2629 2069 2666 ἶ)
2084 2630 2178 2666 Prte-

1190 2709 1267 2733 sens
1286 2703 1358 2731 esto
1381 2694 1469 2731 dum
1492 2691 1554 2729 alii
1577 2691 1743 2729 rixantur
1765 2690 1802 2727 in
1825 2690 1915 2727 foro.
1939 2691 2062 2740 Neque
2085 2690 2180 2728 enim

1189 2757 1226 2794 in
1249 2756 1361 2808 teipso
1395 2753 1658 2807 turpitudinem
1691 2752 1793 2790 illam
1825 2761 1898 2789 tam
1928 2752 2031 2789 facile
2053 2752 2179 2804 depre—

1188 2817 1335 2865 hendes,
1369 2815 1488 2854 animo
1521 2828 1646 2866 nempe
1668 2823 1754 2851 tunc
1782 2812 1936 2851 tenebris
1959 2821 1992 2850 et
2013 2813 2181 2850 ebrietate

1189 2877 1358 2915 obvoluto
1381 2893 1388 2913 :
1409 2877 1473 2915 sed
1495 2891 1577 2914 eum
1599 2876 1653 2913 ira
1676 2889 1810 2914 vacuus
1839 2888 1874 2912 es
1891 2905 1900 2922 ,
1936 2883 2021 2911 tunc
2043 2874 2078 2911 in
2102 2874 2182 2911 aliis

1138 2972 1169 2995 33
1190 2949 1251 2977 tua
1274 2939 1528 2991 contemplare,
1554 2937 1698 2989 quando
1726 2936 1906 2989 judicium
1929 2945 2030 2974 tuum
2061 2950 2181 2973 corru-

1143 3009 1167 3036 Α
1191 3009 1293 3052 ptum
1308 3015 1377 3038 non
1395 3010 1458 3038 est.
1476 2999 1574 3038 Vide
1592 2998 1682 3036 mihi
1702 2999 1845 3036 turbam
1865 2997 2181 3045 circumfluentem,

1191 3071 1224 3100 et
1237 3061 1357 3110 iratos,
1373 3075 1414 3099 ac
1436 3061 1464 3098 si
1480 3061 1650 3107 furerent,
1665 3059 1699 3097 in
1719 3058 1834 3097 medio
1857 3058 2010 3110 turpiter
2025 3067 2177 3107 agentes.

1174 3194 1362 3226 monuimus
1395 3194 1427 3224 in
1471 3190 1688 3224 Onomastieo
1719 3190 1761 3221 ad
1789 3189 1956 3221 Athanasii
1989 3191 2116 3230 Opera,
2151 3197 2182 3219 et

1175 3245 1332 3288 exemplis
1348 3244 1628 3278 confirmavimus.

1219 3299 1235 3322 d
1253 3298 1356 3330 Savil.
1374 3304 1390 3336 ἡ
1409 3301 1438 3331 δὲ
1458 3301 1508 3330 τοῦ
1523 3301 1599 3329 θεοῦ.

1221 3356 1230 3368 ²
1248 3349 1302 3381 Sic
1332 3348 1431 3381 Savil.
1456 3356 1488 3379 et
1510 3348 1585 3379 Mss.
1618 3345 1729 3378 Morel.
1759 3357 1834 3376 xero
1861 3348 2091 3390 διεφθαρμένης·
2122 3349 2183 3385 >AL-:⁷

1177 3408 1233 3447 γὰρ
1252 3406 1316 3439 τοὺς
1336 3405 1543 3443 θυμουμένους-
