2522 3683
126 560 143 578 2
165 550 268 589 δον-,9,

128 665 199 693 Gen.
219 662 263 692 13.

329 184 423 243 614²}

326 296 439 334 aqua>
457 280 619 332 frigida²
635 281 676 316 in
692 280 845 316 nomine
867 275 1059 327 discipuli,
1081 287 1158 312 non
1175 273 1306 325 perdel
1335 291 1349 315 5

326 334 538 371 mercedem
559 347 685 370 suam.
712 329 812 377 Quid
829 329 895 367 sibi
915 328 992 366 vult
1010 341 1091 364 cum
1111 326 1198 364 dicit
1220 339 1306 378 pro—
1331 327 1355 356 Α

324 388 446 439 pheta,
470 386 608 423 Festina
620 386 637 422 ἱ)
669 399 755 422 num
770 382 856 420 adeo
876 382 967 418 same
1000 380 1238 431 premebatur,
1270 387 1309 416 ut

325 450 441 491 egeret
454 438 706 477 festinatione?
724 439 802 475 Non
818 435 947 485 utique.
964 432 1035 471 Sed
1051 433 1191 471 volebat
1206 432 1310 469 henc-

327 493 449 531 ficium
467 492 668 543 diligenter,
690 489 851 526 hilariter
869 486 1101 536 ardenterque
1134 484 1306 537 praestari,

306 574 310 579 -
328 560 396 583 non
415 561 459 584 ex
475 545 614 583 tristitia
627 553 688 581 aut
704 557 748 579 ex
762 541 964 579 necessitate
982 555 989 575 ε
1012 539 1191 576 Hilarem
1207 540 1310 575 enim

329 601 502 637 dacor-em
536 598 664 647 diligit
700 592 1011 641 Deus.Festi11a;
1036 601 1068 629 et
1105 592 1160 629 fae
1191 591 1309 643 primo

328 652 431 695 mihi,
454 650 583 688 deinde
599 649 664 686 ubi
690 657 724 685 et
745 646 829 684 filiis
851 645 933 683 tuis.
960 645 1114 691 Festina,
1138 653 1177 682 ut
1197 644 1310 681 Abra-

327 704 410 741 ham
433 704 466 741 in
486 702 694 753 augelorum
713 700 865 738 adventu
886 697 1120 737 festinavitad
1135 695 1309 744 hoves—,ad

326 757 494 801 vitulum,
517 765 555 792 ut
587 755 758 806 acciperet
777 766 910 803 agnum
929 767 936 787 :
957 761 989 788 et
1008 760 1046 788 ut
1063 751 1148 789 Sara
1167 750 1310 788 festina-

327 810 379 847 vit
405 809 450 847 ud
481 807 713 852 subduci-ios,
734 815 774 843 ut
804 805 978 856 acciperet
1007 817 1133 856 panem
1160 803 1195 840 in
1217 802 1311 840 ecelis

325 862 586 900 absconditum.
610 861 765 907 Festina,
786 867 819 896 et
838 858 893 895 sac
912 867 950 895 ut
981 857 1160 896 Abraham
1178 856 1312 893 hostias

327 916 416 953 Deo.
440 916 492 953 Nc
526 915 625 966 prius
657 914 738 957 tihi,
766 921 799 949 et
835 921 953 963 postea
986 910 1091 957 mihi,
1129 918 1170 945 ut
1203 909 1309 955 Ca'i'n,

328 969 448 1020 Ophni
475 977 507 1005 et
536 967 684 1004 Phinees
705 965 772 1003 filii
794 965 870 1001 lleli
893 962 1097 1006 sacerdotis,
1116 961 1177 1012 qui
1195 962 1311 997 Deum

328 1021 540 1059 contumelia
559 1020 777 1065 alliciebant,
793 1017 881 1054 dum
897 1017 963 1067 ipsi
983 1016 1117 1068 priores
1134 1013 1310 1050 donorum

328 1075 404 1112 Deo
439 1074 641 1111 oblatorum
676 1071 852 1123 primitias
884 1069 1094 1120 acciperent.
1127 1066 1191 1103 tlla
1226 1079 1310 1103 Vero

324 1128 463 1179 jussum
485 1126 674 1175 diligenter
693 1132 886 1173 exsequuta
905 1131 965 1158 est.
990 1120 1165 1171 Propheta
1192 1127 1311 1155 autem

330 1179 605 1216 subcinericium
625 1191 750 1229 panem
765 1176 978 1227 locupletem
998 1172 1102 1217 vidit,
1123 1170 1227 1222 cepit,
1257 1170 1309 1207 lo-

308 1241 462 1282 .quutus
481 1241 544 1278 est,
567 1240 599 1268 et
630 1230 776 1267 domum
813 1243 887 1280 ejus
917 1227 1020 1265 honis
1050 1224 1212 1277 replevit.
1232 1224 1311 1261 Non

329 1285 482 1333 deliciet,
520 1283 646 1334 inquit,
681 1282 841 1335 pugillus
874 1281 994 1318 farinae
1021 1293 1066 1316 ex
1095 1276 1224 1330 hydria
1238 1306 1247 1323 ,
1281 1285 1314 1314 et

330 1339 446 1376 oleum
473 1352 518 1374 ex
548 1336 704 1389 lecytho,
725 1336 836 1372 donec
858 1334 917 1372 det
948 1333 1124 1371 Dominus
1151 1329 1313 1382 pluviam

331 1406 368 1429 su
377 1406 435 1443 per
458 1400 596 1428 terram.
615 1390 688 1427 Cur
708 1402 817 1439 usque
832 1387 877 1425 ad
892 1386 983 1424 illud
997 1395 1135 1437 tempus
1151 1384 1167 1421 ἶ)
1188 1384 1313 1421 Neces-

329 1445 421 1482 sario
440 1444 572 1494 utique.
594 1442 786 1494 Oportebat
804 1441 909 1487 enim,
930 1454 1021 1478 nova
1041 1437 1153 1489 gratia
1169 1444 1207 1473 ut
1230 1435 1312 1488 plu-

330 1497 389 1535 via
408 1496 625 1541 adveniente,
645 1504 798 1534 veterem
817 1494 931 1544 legem
947 1493 1053 1530 finem
1075 1490 1245 1541 accipere.
1265 1488 1312 1526 Et

329 1551 481 1589 vei-hum
511 1564 565 1586 res
599 1557 745 1598 sequuta
770 1555 831 1584 est.
848 1546 981 1587 Viden’
1014 1543 1190 1595 quomodo
1210 1541 1310 1579 bonae

331 1603 495 1641 mulieres
509 1601 759 1653 hospitalitatis
771 1600 908 1637 fructus
920 1596 1181 1649 decerpserint?
1196 1595 1312 1633 Bono-

330 1671 413 1694 rum
441 1654 573 1706 quippe
606 1654 770 1691 laborum
812 1652 949 1689 fruetus
985 1649 1129 1701 gloriosi
1163 1657 1255 1696 sunt,
1281 1655 1313 1685 et

332 1710 540 1747 inconeussa
568 1705 765 1759 prudentiae
790 1704 907 1741 radix.
934 1702 1107 1749 Audistis,
1133 1701 1312 1749 mulieres,

332 1762 508 1800 malarum
528 1759 715 1797 mulierum
738 1772 854 1810 opera,
870 1757 1045 1794 bonarum
1060 1755 1223 1793 virtutes.
1242 1753 1316 1791 Has

333 1815 486 1865 diligite,
502 1813 581 1851 illas
598 1827 718 1849 secus:
741 1812 805 1848 has
825 1808 1026 1856 imitemini,
1046 1808 1126 1845 illas
1147 1807 1229 1845 odio
1245 1807 1315 1843 ha-

333 1869 465 1913 beati53
482 1876 520 1904 ut
537 1866 713 1903 bonorum
735 1877 878 1901 cursum
896 1872 929 1900 et
946 1861 1093 1912 vestigia
1123 1868 1317 1910 sequentes,

334 1921 370 1959 in
384 1929 582 1959 sanctarum
599 1919 704 1955 choro
717 1915 1010 1963 annumeremini,
1025 1915 1062 1952 in
1079 1913 1220 1951 Christo
1236 1914 1318 1951 Jesu

335 1976 488 2012 Domino
505 1981 634 2016 nostro,
655 1971 713 2010 cui
732 1969 843 2022 gloria
871 1978 904 2006 et
923 1967 1116 2020 imperium
1134 1970 1171 2004 in
1191 1965 1319 2003 saeeula

335 2027 553 2065 sacculormn.
584 2027 707 2062 Amen.

1312 192 1466 222 SPURIA
1477 210 1485 219 .

1382 272 1493 325 φήτου
1508 272 1699 324 φιλοξενίαν
1710 288 1720 321 ;
1744 273 1790 311 ‘H
1809 274 1844 312 δὲ
1861 273 1974 312 εἵλετο
1994 274 2124 323 μᾶλλον
2155 274 2260 321 αὐτὴν
2280 274 2339 312 καὶ
2362 274 2404 312 τὰ

1380 325 1484 363 τέκνα
1504 327 1609 371 αὐτῆς
1629 328 1911 378 στενοχωρῆσαι,
1941 326 1999 364 καὶ
2027 326 2086 365 τὸν
2112 327 2294 379 προφήτην
2316 330 2404 365 ὑπο-

1381 377 1556 422 δέξασθαι.
1579 377 1679 433 ’ᾘδει
1696 379 1778 431 γὰρ,
1799 379 1852 416 ὅτι
1881 378 1924 415 ‘O
1946 380 2129 432 δεχόμενος
2148 376 2331 432 προφῆτην
2359 383 2404 423 εἰς

1380 430 1488 481 ὄνομα
1513 431 1711 483 προφήτου,
1747 432 1866 482 μισθὸν
1899 432 2078 485 προφήτου
2109 432 2277 484 λήψεται·
2297 433 2356 470 καὶ
2388 436 2405 470 ὃ

1379 484 1527 528 ποτίζων
1542 486 1707 537 ποτήριον
1724 487 1858 537 ψυχροῦ
1892 486 1938 528 εἷς
1963 487 2071 536 ὄνομα
2095 489 2250 536 μαθητοῦ
2266 517 2275 533 ,
2291 486 2328 522 οὐ
2355 485 2403 535 μὴ

1379 537 1535 589 ἀπολέσῃ
1556 537 1613 576 τὸν
1635 539 1755 593 μισθέὲν
1777 541 1895 576 αὐτοῦ.
1914 539 1960 577 Τί
1980 539 2016 577 δέ
2033 542 2124 577 ἐστιν
2141 540 2159 577 ὃ
2178 532 2273 576 εἶπεν
2286 541 2303 576 ὃ
2319 553 2404 589 προ-

1379 590 1510 642 φήτης,
1532 595 1701 638 σπεῦσον;
1725 591 1792 644 ἀρά
1812 607 1850 642 γε
1870 595 2031 630 τοσοῦτον
2048 591 2167 630 ἐπείνα
2181 623 2189 637 ,
2210 594 2255 634 ὡς
2272 593 2402 629 δεῖσθαι

1381 644 1554 689 σπουδῆς;
1572 647 1624 682 Οὐ
1641 643 1778 687 πάντως
1791 660 1798 667 ·
1817 644 1906 682 ἀλλὰ
1923 644 1961 682 τὸ
1977 646 2039 690 τ’ῆς
2052 644 2205 688 εὐποιίας
2220 644 2404 682 σπουδαῖον

1381 696 1440 733 καὶ
1460 697 1577 747 ἱλαρὸν
1591 697 1649 735 καὶ
1669 696 1809 748 θερμὸν,
1830 696 1878 747 μὴ
1897 696 1986 748 μετὰ
2001 695 2170 744 λύπης,ἢ
2189 697 2277 748 μετὰ
2298 696 2403 747 ἀνοίγ-

1381 764 1465 795 κης·
1499 749 1633 802 Ἱλαρὸν
1673 750 1740 802 γὰρ
1768 749 1871 796 δότην
1904 753 2025 802 ἀγαπᾷ
2064 753 2081 788 ὃ
2114 749 2215 794 Θεός.
2243 751 2403 788 Σπεῦσον

1382 801 1440 839 καὶ
1460 803 1604 850 ποίησον
1624 804 1658 840 ἐν
1689 802 1840 854 πρώτοις
1855 803 1954 854 ἐμοὶ,
1971 804 2026 840 ἐπ’
2054 802 2195 854 ἐσχάτῳ
2213 802 2248 840 δὲ
2272 803 2401 852 σεαυτῇ

1382 854 1440 891 καὶ
1463 860 1533 898 τοῖς
1567 856 1698 899 τέκνοις
1734 872 1804 894 σου.
1834 857 2005 903 Σπεῦσον,
2031 859 2077 900 ὡς
2105 855 2264 907 Ἀδραὰμ
2299 857 2332 892 ἐν
2359 857 2402 905 τῇ

1381 909 1450 944 τῶν
1487 908 1643 959 ἀγγέλων
1681 909 1852 960 ἐπιδημίᾳ
1893 908 2059 947 ἔσπευσεν
2088 908 2145 946 ἐπὶ
2178 907 2256 951 τοὺς
2297 907 2399 958 βόας,

1383 960 1440 996 ἐπὶ
1474 960 1531 998 τὸν
1561 961 1704 1013 μόσχον,
1724 961 1780 998 ἵνα
1799 961 1890 1014 λοίὸῃ
1912 962 1968 1000 τὸν
1992 961 2099 1012 ἀμνόν
2113 977 2120 984 ·
2139 962 2198 999 καὶ
2215 964 2260 1004 ὡς
2280 960 2403 1013 Σάρρα

1383 1010 1547 1050 ἔσπευσεν
1580 1015 1636 1052 ἐπὶ
1662 1015 1740 1058 τοὺς
1762 1015 1966 1068 ἐγκρυφίας,
1986 1013 2044 1052 ἵνα
2074 1014 2166 1066 λοίῧῃ
2195 1015 2251 1052 τὸν
2279 1015 2314 1051 ἐν
2343 1015 2402 1050 οὐ-

1385 1070 1498 1115 ρανοῖς
1524 1065 1761 1117 κρυπτόμενον
1798 1067 1915 1118 ἄρτον.
1950 1069 2128 1113 Σπεῦσον,
2168 1067 2225 1105 καὶ
2255 1065 2400 1112 ποίησον

1383 1119 1429 1159 ὡς
1465 1117 1624 1169 Ἀέραὰμ
1656 1118 1718 1161 τὰς
1758 1120 1875 1163 θυσίας
1915 1122 1965 1171 τῷ
2004 1121 2106 1170 Θεῷ·
2138 1120 2186 1169 μὴ
2233 1119 2401 1170 πρότερον

1384 1173 1493 1217 σαυτῇ
1506 1199 1515 1215 ,
1536 1171 1594 1208 καὶ
1620 1170 1698 1208 τότε
1719 1171 1818 1220 ἐμοὶ,
1839 1175 1885 1216 ὡς
1906 1172 2007 1217 Κάϊν,
2041 1172 2100 1209 καὶ
2130 1171 2232 1224 Ὀφνὶ
2243 1171 2314 1218 ,καὶ
2333 1172 2401 1208 Φι-

1383 1221 1475 1269 νεὲς,
1495 1223 1563 1260 υἱοὶ
1593 1223 1674 1261 Ἠλὶ
1707 1227 1766 1262 τοῦ
1799 1224 1934 1276 ἱερέως,
1973 1225 2096 1268 οἵτινες
2123 1224 2181 1262 τὸν
2215 1223 2304 1262 Θεὸν
2334 1239 2401 1260 πα-

1386 1274 1556 1327 ρύὸριζον,
1580 1280 1715 1329 πρῶτοι
1741 1276 1803 1320 τὰς
1820 1277 1982 1330 ἀπαρχὰς
2008 1278 2244 1327 λαμδάνοντες
2263 1279 2330 1314 τῶν
2352 1277 2401 1327 τῷ

1384 1329 1466 1379 Θεῷ
1497 1329 1785 1382 προσφερομένων
1833 1329 1964 1383 δώρων.
1996 1330 2040 1367 Ἡ
2075 1330 2109 1369 δὲ
2139 1330 2178 1368 τὸ
2211 1344 2402 1381 προστετα-

1383 1382 1509 1431 γμένον
1531 1384 1726 1427 σπουδαίως
1745 1382 1864 1422 ἐποίει.
1882 1385 1926 1422 ‘O
1948 1383 1983 1421 δὲ
1998 1383 2055 1421 τὸν
2086 1383 2188 1437 ἄρτον
2215 1381 2402 1436 ἐγκρυφίαν

1383 1433 1546 1488 πΝλούσιον
1576 1438 1786 1488 θεασάμενος
1816 1436 1973 1484 ἐδέξατο,
2008 1436 2213 1489 ἐφθέγξατο,
2250 1436 2309 1473 καὶ
2344 1437 2401 1472 τὸν

1383 1490 1475 1525 οἰκον
1504 1489 1611 1535 αὐτῆς
1643 1491 1829 1535 ἐνέπλησεν
1865 1491 2014 1540 ἀγαθῶν.
2034 1492 2111 1527 Οὐκ
2143 1488 2294 1540 ἐκλείψει
2318 1487 2403 1539 γὰρ,

1383 1540 1540 1590 φησὶν,ἡ
1572 1542 1654 1593 δρὰξ
1688 1547 1746 1581 τοῦ
1775 1541 1918 1593 ἀλεύρου
1950 1546 1989 1582 ἐκ
2021 1545 2083 1588 τῆς
2114 1542 2252 1594 ὑδρίας,
2280 1542 2338 1579 καὶ
2365 1540 2405 1579 τὸ

1382 1592 1495 1631 ἔλαιον
1516 1596 1554 1631 ἐκ
1573 1599 1633 1632 τοῦ
1662 1593 1870 1646 καμψοίκου,
1887 1595 1950 1640 ἕως
1975 1598 2033 1632 τοῦ
2055 1596 2171 1632 δοῦναι
2190 1594 2246 1631 τὸν
2275 1593 2403 1645 Κύριον

1383 1646 1480 1683 ὑετὸν
1496 1647 1552 1684 ἐπὶ
1566 1648 1628 1694 τὴν
1647 1651 1723 1700 γῆν.
1740 1647 1807 1685 Διὰ
1827 1647 1861 1684 τί
1889 1648 1952 1692 ἕως
1971 1647 2071 1693 τότε;
2096 1647 2166 1685 Καὶ
2196 1646 2403 1698 ἀναγκαίως.

1385 1697 1485 1736 ”met
1503 1699 1569 1751 γὰρ
1585 1704 1647 1747 τῆς
1677 1703 1797 1745 καινῆς
1818 1700 1959 1753 χάριτος
1977 1703 2022 1743 ὡς
2041 1703 2138 1738 ὑετοῦ
2159 1699 2331 1746 ἐλθόντος,
2346 1699 2404 1736 τὸν

1386 1755 1534 1791 παλαιὸν
1562 1753 1664 1804 νόμον
1697 1752 1817 1790 λαὸεῖν
1854 1753 1962 1798 τέλος.
1984 1752 2053 1790 Καὶ
2085 1752 2265 1798 ἠκολούθει
2286 1751 2325 1789 τὸ
2357 1750 2407 1803 ἔρ-

1383 1820 1442 1855 γον
1460 1811 1509 1859 τῷ
1527 1807 1632 1859 λόγῳ.
1657 1806 1765 1858 ζΟρᾷς
1783 1808 1856 1848 πῶς
1869 1809 1930 1852 τ’ῆς
1950 1805 2142 1858 φιλοξενίας
2161 1804 2239 1847 τοὺς
2253 1804 2406 1856 καρποὺς

1387 1859 1579 1912 ἓτρύγησαν
1610 1861 1644 1897 αἲ
1679 1858 1829 1909 ἀγαθαί,
1858 1861 2008 1911 Ἀγαθῶν
2039 1857 2104 1911 γὰρ
2139 1857 2252 1896 πόνων
2281 1856 2409 1909 καρποὶ

1388 1916 1553 1960 εὐκλεεῖς,
1593 1913 1652 1950 καὶ
1686 1911 1901 1955 ἀδιάπτωτος
1935 1915 1957 1958 ἡ
1996 1911 2072 1963 ῥίζα
2101 1914 2163 1957 τῆς
2197 1910 2406 1963 φρονήσεως.

1388 1965 1596 2014 Ἠκούσατε,
1609 1970 1781 2017 γυναῖκες,
1799 1965 1859 2007 τὰς
1870 1968 1937 2002 τῶν
1953 1967 2113 2017 πονηρῶν
2129 1967 2301 2015 γυναικῶν
2321 1963 2411 2014 πρά-

1389 2019 1479 2068 ξεις,
1501 2019 1561 2058 καὶ
1580 2019 1641 2063 τὰς
1658 2020 1727 2056 τῶν
1749 2019 1885 2068 ἀγαθῶν
1908 2016 2046 2069 ἀρετάς.
2066 2017 2140 2060 Τὰς
2161 2015 2221 2068 μὲν
2240 2009 2297 2053 οῦν
2325 2018 2410 2066 ἀγα-

1388 2072 1548 2120 πήσατε,
1568 2072 1630 2115 τὰς
1654 2070 1688 2109 δὲ
1715 2069 1763 2121 μὴ
1783 2070 1960 2116 ποθήσατε
1973 2086 1980 2094 ·
1999 2069 2059 2108 καὶ
2078 2070 2139 2113 τὰς
2159 2069 2221 2120 μὲν
2251 2068 2409 2119 μιμήσα-

1390 2132 1469 2175 σθε,
1490 2125 1552 2167 τὰς
1581 2125 1616 2163 δὲ
1646 2123 1840 2175 μισήσατε,
1868 2123 1925 2162 ἵνα
1949 2123 2005 2162 τὸν
2034 2124 2144 2161 αὐτῶν
2174 2121 2313 2174 δρόμον,
2341 2123 2409 2158 τῶν

1390 2181 1506 2219 καλῶν
1542 2177 1652 2229 λέγω,
1691 2175 2005 2228 ἷχνηλατήσαντες,
2041 2178 2087 2219 εἰς
2120 2176 2177 2214 τὸν
2210 2174 2310 2213 αὐτὸν
2342 2176 2411 2211 τῶν

1391 2233 1497 2285 ἁγίων
1519 2231 1623 2283 χορὸν
1641 2231 1855 2281 ἀριθμηθῆτε
1871 2231 1906 2267 ἐν
1927 2230 2070 2281 Χριστῷ
2089 2229 2206 2275 Ἰησοῦ
2225 2229 2274 2279 τῷ
2292 2225 2411 2278 Κυρίῳ

1390 2289 1504 2336 ἡμῶν,
1524 2281 1552 2338 ᾧ
1580 2287 1602 2329 ἡ
1620 2282 1699 2326 δόξα
1725 2281 1783 2319 καὶ
1811 2281 1850 2318 τὸ
1869 2281 1994 2334 κράτος
2010 2281 2055 2324 εἷς
2083 2280 2161 2324 τοὺς
2195 2282 2320 2322 αἰῶνας
2343 2281 2410 2315 τῶν

1392 2338 1541 2377 αἰώνων.
1563 2335 1682 2387 Ἀμήν.

1098 2621 1639 2707 MONITUM

868 2809 937 2855 IN
992 2805 1433 2868 SEQUENTEM
1485 2801 1899 2850 SERMONEM.

396 2962 499 2999 Hune
518 2973 730 3007 sermonem,
757 2959 914 2997 flosculis
941 2958 987 2996 ad
1021 2971 1187 2996 nauseam
1217 2969 1325 3007 usque
1352 2953 1630 3002 redundantem,
1654 2967 1756 2991 nemo
1776 2966 1881 2990 sanus
1901 2951 2156 3005 Chrysostomo
2175 2951 2412 3004 adscripserit.

343 3025 408 3063 Est
424 3024 519 3062 enim
537 3023 655 3075 potius
675 3023 822 3074 nugacis
841 3022 1027 3075 cujusdam
1044 3020 1222 3067 Graeculi,
1245 3029 1285 3058 ut
1310 3017 1530 3057 existimabit
1554 3016 1717 3068 quisquis
1741 3015 1894 3054 doctoris
1915 3015 2025 3053 nostri
2045 3016 2174 3067 scripta
2192 3014 2245 3054 vel
2274 3014 2409 3066 primo--

344 3088 444 3126 ribus
462 3086 572 3124 labris
592 3085 762 3137 attigerit.

397 3148 640 3201 Interpretatio
653 3148 777 3187 Latina
795 3177 803 3188 .
826 3157 988 3185 accurata
1011 3161 1111 3196 sane,
1129 3157 1178 3185 est
1198 3147 1292 3186 Petri
1312 3145 1465 3184 Pantini.
