2522 3683
87 2428 179 2456 Amos
208 2428 237 2458 8.

87 2482 118 2508 ς).
137 2481 180 2498 iu.

305 220 397 283 376

298 317 543 357 fornicationis
576 324 627 355 est
660 316 872 367 excogitatio
901 313 1092 360 idolorum,
1123 309 1280 350 inventio

303 381 422 409 autem
439 371 585 408 illorum
603 378 653 407 est
673 368 852 420 corruptio
869 367 963 414 vitae,
986 364 1064 402 ideo
1083 362 1280 414 iniquitatis

303 424 459 461 radicem
471 422 636 472 succidit,
661 431 700 459 ut
728 435 848 459 omnes
867 417 1058 471 impietatis
1084 416 1204 454 fluxus
1222 428 1279 452 re—

303 477 481 528 primeret.
497 475 545 514 Et
560 475 711 513 removit
724 473 867 524 quidem
883 468 1114 509 exsecrandos
1130 467 1280 505 idolola-

304 529 379 566 triae
399 529 534 576 cultus,
555 527 756 577 nefariaque
781 524 896 563 studia
923 522 1056 561 delevit
1075 537 1083 557 :
1104 519 1280 558 bacchicae

303 581 501 632 iniquitatis
541 580 774 617 dissensiones
804 576 947 614 inutiles
981 572 1152 622 reddidit,
1178 586 1218 610 ac
1237 571 1280 608 fi-

303 643 444 684 gmenta
473 641 747 682 ornamentaque
762 627 956 681 impietatis
974 625 1199 665 obscuravit:
1214 624 1280 661 fal-

302 686 400 723 laciae
416 685 627 737 injustitiam
645 682 810 732 succidit,
831 679 1000 733 perniciei
1023 678 1121 716 rivos
1140 677 1280 715 obstru-

303 739 369 787 xit,
383 738 517 775 animas
528 751 605 787 quae
619 735 736 787 spinas
750 732 943 786 impietatis
953 731 1149 771 evellebant
1159 742 1279 767 emun-

302 790 423 839 davi13
440 791 578 840 illaeque
591 788 725 826 semina
740 787 807 839 piae
818 784 998 837 religionis
1010 783 1110 834 quasi
1128 795 1280 833 granum

302 843 470 880 frumenti
484 843 652 889 tulerunt,
668 850 709 878 ut
734 839 941 877 exhiberent
960 836 1096 875 animas
1124 836 1280 872 fructum

297 895 446 946 justitiae
471 895 619 933 ferentes
646 908 654 929 :
694 900 885 930 cataractas
919 889 1056 942 aperuit
1083 886 1281 940 spiritualis

301 962 460 997 annonae,
476 957 509 985 et
528 945 753 985 rationabilia
769 945 896 982 horrea
913 941 1048 980 divinis
1060 939 1206 978 caelestis
1225 952 1279 976 sa-

300 1000 442 1052 pientiae
456 1000 629 1038 fructibus
648 997 796 1050 replevit
811 1012 821 1045 ,
841 995 1021 1034 eredentes
1034 992 1180 1044 spiritus
1195 1005 1280 1029 san-

300 1053 421 1091 etitate
438 1052 648 1099 cumulavit,
665 1060 697 1088 et
715 1049 847 1100 singuli
865 1047 948 1085 facti
959 1054 1041 1084 sunt
1050 1043 1182 1083 divinae
1195 1056 1277 1080 san-

300 1106 431 1144 ctitatis
458 1104 734 1163 receptaculum,
756 1100 941 1150 divinique
967 1098 1105 1135 decoris
1128 1096 1274 1132 flumen.

300 1158 436 1196 Horum
455 1171 614 1195 omnium
632 1154 885 1208 possessionem
905 1164 997 1189 crux
1026 1147 1277 1187 subministra-

298 1211 365 1258 vit,
383 1210 558 1260 tantisque
582 1208 685 1246 bonis
709 1220 772 1258 per
791 1218 930 1243 crucem
945 1201 1100 1239 fruimur
1117 1216 1125 1236 :
1150 1198 1278 1238 horum

297 1263 458 1300 omnium
489 1261 651 1300 notitiam
683 1273 745 1311 per
771 1271 911 1295 crucem
944 1254 1144 1306 accepimus
1161 1282 1170 1301 ,
1203 1252 1278 1290 haec

296 1315 414 1353 omnia
432 1329 494 1367 per
512 1314 626 1366 ipsam
643 1311 849 1350 didicimus.
866 1310 916 1347 Ut
931 1316 1049 1345 autem
1061 1306 1178 1343 discas
1200 1319 1276 1342 cru-

296 1368 346 1406 cis
378 1367 569 1420 potentiam
596 1375 629 1403 et
656 1364 862 1411 efficaciam,
881 1360 1079 1399 consideres
1096 1357 1205 1397 velim
1225 1371 1277 1406 ea,

297 1435 376 1470 qum
397 1434 486 1458 crux
507 1427 650 1471 operata
667 1427 729 1465 est,
749 1425 784 1454 et
802 1414 958 1454 invenies
976 1412 1108 1451 divinae
1127 1419 1274 1463 potesta-

296 1473 341 1510 tis
363 1482 456 1524 gesta
474 1487 537 1524 per
556 1471 657 1508 illam
680 1476 931 1507 consummata.
957 1466 1057 1502 Crux
1083 1472 1203 1501 contra
1223 1462 1276 1501 vi-

295 1535 368 1563 tam
389 1525 527 1576 figitur,
558 1533 590 1561 ct
619 1523 691 1561 vita
710 1520 844 1559 mundo
879 1533 943 1572 per
974 1529 1114 1555 crucem
1143 1515 1274 1552 datur:

294 1592 384 1616 crux
402 1578 449 1616 ad
467 1586 616 1615 mortem
649 1573 884 1625 excogitatur,
907 1580 939 1608 et
958 1584 1053 1607 mors
1081 1582 1145 1620 per
1175 1567 1275 1605 illam

294 1640 434 1668 mortua
463 1629 652 1668 exhibetur
673 1643 680 1664 :
704 1640 795 1665 crux
822 1633 942 1662 contra
964 1622 1151 1661 veritatem
1171 1620 1276 1671 erigi-

294 1692 365 1730 tur,
385 1693 418 1720 et
439 1697 501 1735 per
531 1693 670 1719 crucem
702 1677 858 1716 mundus
880 1676 953 1715 vita
977 1674 1135 1726 repletur
1156 1688 1164 1709 :
1186 1687 1275 1710 crux

294 1745 437 1773 extensa
455 1735 523 1772 suit
555 1742 675 1773 contra
707 1729 915 1776 Dominum,
948 1736 982 1765 et
1015 1725 1190 1764 Dominus
1213 1739 1275 1777 per

292 1802 370 1826 eam
400 1787 567 1839 expansis
608 1783 773 1822 manibus
810 1781 929 1820 omnia
964 1779 1171 1831 complexus
1209 1787 1271 1815 est.

293 1841 458 1879 Christus
474 1840 509 1877 in
529 1851 634 1878 cruce
653 1835 796 1889 pendet,
818 1843 851 1872 et
869 1831 1035 1871 diabolus
1062 1830 1236 1869 occiditur
1261 1847 1267 1867 :

292 1893 455 1932 Christus
484 1893 520 1930 in
550 1904 652 1929 cruce
678 1887 893 1934 extenditur,
915 1894 949 1922 ct
975 1884 1117 1935 signum
1149 1882 1274 1920 salutis

290 1945 424 1984 mundo
443 1945 549 1983 datur
567 1960 574 1980 :
598 1942 761 1980 Christus
777 1940 814 1977 in
842 1952 945 1976 cruce
964 1936 1076 1974 clavis
1095 1935 1270 1987 affigitur,

289 2008 323 2036 ct
349 1998 463 2037 omnis
490 1996 608 2034 anima
641 2009 660 2032 a
685 1992 839 2033 vinculis
872 1989 1085 2028 redimitur:
1109 1988 1272 2025 Christus

289 2051 385 2089 cruci
397 2050 567 2101 affigitur,
587 2057 620 2086 et
635 2046 748 2085 omnis
771 2053 931 2083 creatura
949 2056 969 2080 a
993 2040 1175 2080 servitutis
1194 2055 1272 2079 cor-

288 2104 453 2155 ruptione
472 2103 641 2140 liberatur
661 2115 668 2136 :
690 2098 854 2136 Christus
873 2097 909 2134 in
929 2109 1032 2134 cruce
1052 2093 1216 2144 quiescit,
1238 2102 1272 2130 et

1253 228 1429 259 SPURIA.

1351 325 1413 356 σης
1430 309 1626 361 παῤῥησίας
1643 310 1742 348 αὐτὸν
1762 310 2048 362 ὁμολογήσωμεν,
2070 311 2112 348 δι’
2137 304 2174 348 οὗ
2190 313 2236 354 εἷς
2253 327 2372 358 σωτηω

1354 361 1427 412 ρίαν
1444 362 1697 412 ἀνεκλήθημεν,
1713 363 1772 400 καὶ
1798 365 1844 406 εἷς
1865 362 2001 401 αἰώνιον
2022 362 2112 409 ζωὴν
2130 363 2371 414 παραπεμπό-

1354 417 1453 478 μεθα.
1471 413 1580 467 Ὁρᾷς
1608 414 1718 461 πόσην
1748 418 1766 453 ὃ
1796 415 1940 466 σταυρὸς
1969 409 2064 458 οὗτος
2094 415 2291 465 οἰκονομίαν
2324 418 2374 453 τῶ

1352 480 1474 518 κοσμῳ
1506 467 1778 519 κατειργάσατο;
1809 467 2012 505 Μετέὸαλεν
2051 470 2155 506 αὐτοῦ
2185 467 2229 505 τὰ
2260 456 2373 517 ἄνομα

1352 519 1565 583 πράγματα,
1585 520 1643 557 καὶ
1667 519 1837 565 ἠλλοίωσε
1862 519 1906 556 τὰ
1925 520 2008 557 ἄθεα
2042 520 2218 570 δόγματα,
2241 521 2304 557 οὐκ
2324 519 2374 557 ἔτι

1351 585 1468 620 νομοις
1486 571 1694 615 διαὸολικοῖς
1714 571 1995 622 ἐμπολιτεύεται,
2019 575 2056 610 οὗ
2079 576 2216 622 θεσμοῖς
2232 575 2374 610 θανατι-

1348 629 1420 666 κοῖς
1443 624 1705 677 ἀναστρέφεται.
1726 625 1816 667 Θεὸς
1837 624 1904 676 γὰρ
1928 624 2145 675 ἐπεδήμησε,
2166 624 2225 662 καὶ
2244 626 2306 669 τῆς
2320 627 2372 662 οἷ-

1349 675 1561 726 στρηλασίας
1588 677 1633 715 τὰ
1662 678 1755 724 πάθη
1777 676 1933 727 ἐξέτεμε,
1957 676 2004 715 τὰ
2023 676 2094 715 ἴδια
2126 677 2371 726 ἐνομοθέτησε,

1348 729 1408 765 καὶ
1423 727 1465 765 τὰ
1485 729 1704 781 συμφέροντα
1718 729 1776 767 καὶ
1793 731 1952 780 ἐπωφελῆ
1968 729 2174 781 ἐδογμάτισε
2187 744 2194 752 ·
2214 729 2372 779 δόγματα

1348 780 1570 832 σωφροσύνης
1588 782 1766 830 ἐθέσπισε,
1785 781 1843 819 καὶΙ
1874 782 1936 829 τὴν
1959 781 2173 827 ἡδυπάθειαν
2193 780 2349 832 ἐξέκοψεν
2363 797 2370 803 ·

1346 831 1445 884 ὅρους
1457 834 1651 884 ἁγιωσύνης
1672 835 1810 882 ἐνέθηκε
1823 865 1832 882 ,
1852 835 1912 873 καὶ
1941 833 2045 885 νόμον
2064 834 2202 886 ἁγνείας
2218 833 2350 885 ἥρμοσε
2362 862 2372 878 ,

1347 884 1406 949 καιὶ
1422 885 1549 936 ἄνομον
1565 887 1726 939 πορνείαν
1741 886 1895 925 ἐκποδὼν
1908 887 2049 934 ἐποίησε
2063 902 2070 909 ·
2085 885 2164 930 τοὺς
2174 889 2235 932 τῆς
2250 890 2372 938 ἐγκρα-

1348 952 1440 980 τειας
1459 939 1685 988 ἐνομοθέτησε
1714 939 1880 987 κανόνας,
1906 939 1967 978 καὶ
1982 940 2044 983 τὰς
2058 942 2126 977 τῶν
2145 939 2276 985 ἡδονῶν
2298 941 2372 976 ἐπι-

1347 989 1509 1055 κρατείας
1529 991 1710 1044 ἀνέτρεψε·
1741 991 1890 1043 δόγματι
1910 995 2012 1044 θεϊκῷ
2030 992 2075 1030 τὰ
2096 995 2163 1029 τῶν
2181 994 2371 1042 ἐπιθυμιῶν

1346 1055 1475 1092 οργανα
1506 1043 1726 1092 κατέσπασε,
1749 1045 1808 1081 καὶ
1841 1051 1958 1082 πᾶσαν
1979 1046 2041 1092 τὴν
2065 1045 2106 1082 δι’
2124 1045 2248 1090 ἡδονῆς
2277 1046 2371 1081 ἐντι-

1345 1092 1515 1143 κτομένην
1536 1096 1709 1148 ἁμαρτίαν
1731 1096 1908 1145 ἐμείωσεν.
1928 1097 2075 1144 Ἐπειδὴ
2091 1096 2158 1149 γὰρ
2179 1095 2270 1148 ἀρχὴ
2287 1111 2372 1149 πορ-

1346 1145 1454 1192 νείας,
1491 1147 1626 1184 ἐπίνοια
1658 1147 1809 1186 εἰδώλων
1825 1177 1834 1194 ,
1862 1147 1994 1201 εὕρεσις
2028 1150 2064 1187 δὲ
2097 1151 2228 1196 αὐτῶν,
2243 1141 2249 1148 ’
2263 1148 2373 1200 φθορὰ

1346 1198 1454 1244 ζωῆς,
1479 1199 1536 1237 διὰ
1555 1203 1654 1238 τοῦτο
1672 1200 1735 1247 τὴν
1758 1199 1852 1252 ῥίζαν
1871 1204 1933 1247 τῆς
1952 1201 2097 1252 ἀνομίας
2120 1201 2295 1252 ἐξέκοψεν,
2316 1202 2373 1238 ἵνα

1300 1260 1324 1290 C
1345 1249 1462 1301 παύσῃ
1484 1251 1598 1289 πάντα
1617 1252 1662 1290 τὰ
1685 1253 1840 1306 ῥεύματα
1857 1256 1919 1300 τῆς
1940 1254 2110 1296 ἀσεέείας.
2143 1252 2212 1292 Καὶ
2234 1253 2371 1306 κατήρ-

1345 1318 1431 1364 γηισε
1451 1302 1512 1352 μὲν
1532 1304 1576 1341 τὰ
1598 1305 1737 1359 μυσαρὰ
1757 1305 1964 1357 σεέάσματα
1985 1309 2047 1352 τῆς
2068 1304 2372 1357 εἷδωλολατρείας,

1345 1356 1514 1407 διεφθειρε
1535 1357 1569 1396 δὲ
1588 1358 1632 1396 τὰ
1652 1362 1720 1396 τῶν
1740 1357 1913 1408 ἀθεμίτων
1929 1358 2209 1409 ἐπιτηδεύματα,
2227 1358 2373 1410 *Ἷήγρεί-

1344 1423 1412 1445 ωσε
1425 1408 1468 1445 τὰ
1483 1409 1664 1461 σχίσματα
1673 1414 1735 1456 τῆς
1750 1413 1922 1462 βακχικῆς
1937 1411 2172 1464 παρανομίας,
2183 1411 2243 1449 καὶ
2254 1397 2373 1461 ἠμαύ-

1346 1476 1435 1512 ρωσε
1450 1460 1494 1499 τὰ
1513 1463 1705 1513 πλάσματα
1725 1462 1783 1501 καὶ
1804 1463 1848 1500 τὰ
1874 1464 2158 1514 καλλωπίσματα
2190 1466 2252 1509 τῆς
2286 1465 2370 1501 ἀσε-

1343 1513 1454 1557 Εείας·
1475 1513 1519 1551 τὰ
1533 1517 1595 1561 τῆς
1609 1515 1914 1567 ἀπάτηςένέκοψεν
1933 1517 2134 1565 ἀδικήματα
2146 1547 2155 1564 ,
2172 1515 2231 1553 καὶ
2247 1515 2291 1554 τὰ
2307 1518 2370 1562 τῆς

1343 1564 1518 1610 ἀπωλείας
1548 1567 1708 1620 ἐνέφραξε
1743 1567 1914 1620 ῥεύματα·
1948 1569 2134 1620 ἐκαθάρισε
2163 1568 2224 1611 τὰς
2254 1567 2369 1620 ψυχὰς

1342 1618 1530 1682 ἐκριζώσας
1548 1619 1610 1664 τὰς
1630 1620 1780 1663 ἀκάνθας
1804 1625 1867 1667 τῆς
1886 1621 2064 1669 ἀσεὸείας,
2083 1621 2143 1659 καὶ
2160 1621 2305 1671 ἤνεγκεν
2319 1613 2369 1663 ὧς

1341 1685 1464 1709 κοκκον
1489 1671 1584 1710 σίτου
1606 1672 1650 1710 τὰ
1672 1673 1858 1726 σπέρματα
1886 1678 1948 1721 τ’ῆς
1978 1673 2190 1718 θεοσεὸείας,
2211 1672 2254 1710 ἵν’
2279 1674 2370 1711 ἀπο-

1341 1723 1431 1775 δείξῃ
1451 1723 1512 1768 τὰς
1530 1725 1644 1776 ψυχὰς
1662 1725 1948 1779 καρποφορούσας
1973 1727 2172 1777 γεννήματα
2193 1724 2371 1764 δικαιοσύ-

1338 1791 1418 1823 νης·
1441 1776 1555 1822 ἤνοιξε
1572 1777 1650 1820 τοὺς
1669 1779 1915 1830 καταρράκτας
1939 1782 1999 1825 τῆς
2018 1782 2256 1829 πνευματικῆς
2276 1793 2370 1816 σιτο-

1339 1828 1472 1876 δοσίας,
1510 1830 1569 1867 καὶ
1603 1830 1785 1882 ἐπλήρωσε
1818 1831 1879 1873 τὰς
1910 1831 2051 1883 λογικὰς
2085 1831 2266 1878 ἀποθήκας
2299 1833 2368 1868 τῶν

1338 1884 1459 1919 θεϊκῶν
1478 1882 1701 1932 γεννημάτων
1717 1886 1779 1928 τῆς
1794 1885 2001 1936 ἐπαυρανίου
2020 1883 2158 1936 σοφίας·
2182 1883 2368 1937 ἐνεφόρησε

1337 1933 1415 1976 τοὺς
1431 1934 1656 1978 πιστεύοντας
1682 1938 1745 1981 τ’ῆς
1774 1939 1833 1973 τοῦ
1854 1937 2058 1986 Πνεύματος
2077 1936 2278 1987 ἁγιαστίας,
2308 1936 2369 1973 καὶ

1337 1986 1475 2037 γέγονεν
1500 1987 1643 2030 ἕκαστος
1665 1989 1797 2040 δοχεῖον
1829 1990 1891 2033 τῆς
1920 1989 2033 2027 ἐνθέου
2066 1988 2277 2039 ἁγιωσύνης,
2308 1988 2367 2026 καὶ

1337 2038 1495 2089 ποταμὸς
1511 2042 1574 2086 τῆς
1593 2040 1685 2084 θείας
1702 2041 1918 2092 εὐπρεπείας.
1939 2041 2080 2080 Τούτων
2098 2045 2182 2091 ἡμῖν
2203 2041 2368 2079 ἁπάντων

1338 2094 1355 2129 ὃ
1375 2092 1521 2144 σταυρὸς
1537 2092 1732 2144 ἐχορήγησε
1750 2093 1812 2140 τὴν
1833 2097 1971 2140 κτῆσιν,
1993 2094 2052 2132 καὶ
2070 2093 2208 2132 πάντων
2220 2096 2287 2131 τῶν
2303 2109 2367 2140 τη-

287 2156 494 2208 prodigium
520 2167 653 2194 novum
686 2151 819 2189 mundo
844 2148 1066 2187 ostenditur:
1095 2161 1177 2184 nam
1207 2146 1271 2183 lux
1292 2151 1317 2180 D
1337 2143 1506 2183 λικούτων
1529 2147 1665 2196 ἀγαθῶν
1691 2146 1748 2184 διὰ
1768 2150 1827 2184 τοῦ
1850 2152 1998 2198 σταυροῦ
2017 2145 2250 2196 ἀπολαύομεν,
2274 2145 2363 2184 Τού-

289 2209 373 2247 solis
395 2208 664 2246 obtenebratur:
681 2204 776 2255 quod
790 2201 981 2241 incredulis
992 2199 1197 2253 symbolum
1208 2207 1270 2246 est,

287 2263 361 2299 fore
380 2270 417 2299 ut
441 2261 477 2299 in
496 2261 552 2298 dic
577 2259 706 2312 judicii
738 2256 889 2294 tencbrae
910 2253 996 2306 ipsis
1015 2261 1238 2290 reserventur
1258 2266 1268 2300 3

288 2314 510 2352 credentibus
541 2327 623 2351 vero
643 2313 707 2349 lux
735 2309 807 2347 diei
838 2322 883 2345 ex
914 2305 1068 2344 tenebris
1102 2313 1269 2355 emergat.

288 2367 364 2405 Hoc.
395 2376 512 2404 autem
547 2366 675 2402 clamat
717 2360 964 2414 propheticum
1005 2357 1185 2408 eloquium
1217 2357 1272 2393 his

289 2420 407 2459 verbis
426 2436 433 2456 ε
469 2420 522 2457 Et
558 2420 630 2455 erit
667 2419 708 2453 in
740 2416 812 2452 illa
838 2414 912 2458 die,
941 2412 1035 2448 dicit
1062 2411 1268 2455 Dominus,

291 2474 435 2510 occidet
448 2472 508 2510 sol
519 2473 559 2507 in
579 2469 748 2511 meridie,
768 2475 804 2504 et
824 2465 1138 2502 obtenebrabitur
1151 2464 1192 2498 in
1210 2463 1272 2498 die

291 2527 358 2562 lux
381 2540 392 2561 .·
414 2534 449 2562 et
470 2531 691 2562 convertam
709 2521 943 2571 festivitates
976 2524 1125 2553 vestras
1142 2517 1183 2551 in
1210 2515 1272 2551 lu-

288 2587 406 2625 ctum,
436 2585 471 2614 et
497 2578 628 2613 omnin
647 2575 800 2611 cantica
826 2578 959 2608 ‘vestra
981 2571 1023 2605 in
1051 2568 1267 2619 planctum.

289 2629 436 2678 Viden’,
454 2629 595 2675 dilecte,
610 2634 790 2678 quantum
817 2621 1028 2675 mysterium
1060 2619 1270 2671 complecta-

290 2691 347 2718 tur
361 2682 526 2719 diviuum
540 2679 724 2718 oraculum
738 2677 755 2714 ἶ)
772 2676 839 2714 Hic
852 2675 946 2712 enim
962 2673 1149 2710 amborum
1163 2685 1269 2723 opera

289 2734 558 2771 subindirautur
572 2748 583 2781 3
605 2731 812 2770 Judaeorum
836 2740 974 2778 nempe,
1006 2724 1068 2776 qui
1100 2724 1167 2762 sub
1193 2725 1270 2774 lege

289 2796 400 2834 erant,
418 2795 451 2823 et
472 2784 640 2835 gentium,
663 2796 741 2833 quae
770 2790 868 2819 extra
900 2780 1015 2830 legem
1044 2776 1269 2827 iniquitatem

288 2838 507 2876 exercebant.
527 2838 619 2875 Nam
638 2835 699 2885 qui
716 2833 911 2871 secundum
930 2831 1041 2882 legem
1061 2828 1268 2867 festivitates

287 2891 525 2936 celebrabant,
550 2888 618 2925 illis
636 2886 807 2924 absolutis
826 2883 1008 2935 lugebant,
1031 2890 1063 2919 et
1080 2882 1157 2919 loco
1185 2895 1266 2918 can--

286 2944 449 2989 ficorum,
466 2941 647 2993 planetum
665 2938 769 2976 edent
780 2951 883 2989 super
898 2934 1170 2986 Jcrosolymam.
1187 2934 1266 2970 Non

285 2996 380 3033 enim
396 2996 486 3032 ultra
503 2992 699 3032 Jerusalem
718 2990 856 3026 cultum
876 3002 980 3025 suum
998 2986 1190 3030 exercebit,
1207 2999 1266 3023 ne-

287 3062 354 3097 que
366 3048 438 3085 ulla
452 3046 502 3083 ibi
517 3044 687 3082 festivitas
701 3041 936 3078 celebrabitur
948 3055 958 3088 3
972 3039 1054 3089 quia
1069 3047 1147 3090 post
1164 3037 1267 3075 Chri-

285 3100 330 3137 sti
349 3100 556 3145 adventum,
574 3095 770 3148 passionem
793 3102 825 3129 et
844 3091 1073 3129 oeconomiam
1091 3089 1207 3127 onmia
1222 3090 1265 3127 fi-

287 3166 365 3190 nem
380 3158 599 3203 acceperunt.
618 3147 700 3185 ldeo
728 3145 836 3194 igitur
868 3143 996 3193 inquit,
1031 3144 1263 3180 Convertam

283 3206 513 3253 festivitates
523 3210 674 3239 vestras
690 3201 730 3235 in
742 3198 899 3240 luctzcm,
912 3203 945 3231 et
962 3197 1092 3231 omnia
1108 3197 1263 3231 cantica

272 3251 418 3295 *vestra
434 3260 475 3294 in
485 3255 685 3306 planctum
700 3267 714 3294 ;
735 3264 773 3286 eo
792 3247 887 3298 quod
908 3246 974 3298 ipsi
995 3246 1167 3296 legalibus
1190 3247 1261 3283 illis

1337 2213 1405 2235 των
1428 2197 1590 2236 ἁπάντων
1613 2198 1676 2244 τὴν
1694 2202 1821 2249 γνῶσιν
1845 2199 1901 2236 διὰ
1921 2204 2069 2250 σταυροῦ
2086 2199 2288 2251 εἰλήφαμεν,
2307 2198 2366 2236 καὶ

1338 2254 1448 2287 ταῦτα
1467 2251 1583 2288 πάντα
1603 2252 1645 2288 δι’
1662 2252 1764 2289 αὐτοῦ
1781 2251 2023 2303 ἐδιδάχθημεν.
2037 2251 2113 2289 Ἵνα
2130 2252 2164 2288 δὲ
2178 2251 2290 2302 μάθης
2305 2255 2365 2289 τοῧ

1339 2308 1486 2355 σταυροῦ
1501 2302 1563 2349 τὴν
1588 2303 1733 2353 δύναμιν
1756 2304 1814 2341 καὶ
1841 2304 1946 2341 πόσον
1969 2303 2082 2355 ἰσχύει
2102 2293 2364 2356 σταυροῦλένέρ-

1338 2370 1414 2405 γεια
1426 2385 1435 2401 ,
1453 2355 1635 2405 κατάμαθε
1653 2356 1697 2393 τὰ
1711 2356 1767 2393 ἐπὶ
1783 2360 1842 2394 τοῦΙ
1862 2361 2009 2407 σταυροῦ
2025 2355 2192 2406 γενόμενα
2204 2386 2211 2399 ,
2230 2355 2290 2392 καὶ
2310 2358 2364 2393 εὓ-

1340 2407 1455 2459 ρήσεις
1487 2406 1571 2459 ἔργα
1608 2412 1723 2454 θεϊκῆς
1757 2408 1934 2458 δυνάμεως
1966 2409 2010 2445 δι’
2037 2410 2140 2446 αὐτοῦ
2163 2407 2365 2458 τελούμενα.

1339 2459 1494 2511 Σταυρὸς
1503 2459 1594 2497 κατὰ
1609 2463 1670 2506 τῆς
1690 2462 1779 2507 ζωῆς
1797 2461 1992 2512 πήγνυται,
2010 2460 2069 2498 καὶ
2086 2459 2155 2507 ζωὴ
2174 2462 2223 2512 τῷ
2239 2459 2362 2512 κόσμῳ

1339 2511 1396 2550 διὰ
1411 2517 1559 2565 σταυροῦ
1580 2514 1625 2555 εἷς
1643 2513 1786 2551 θάνατον
1808 2513 2047 2563 ἐπινενόηται,
2065 2513 2124 2550 καὶ
2146 2512 2290 2555 θάνατος
2307 2529 2364 2550 νε-

1337 2565 1418 2617 κρὸς
1437 2566 1479 2602 δι’
1490 2567 1592 2603 αὐτοῦ
1603 2565 1862 2603 ἀποδέδεικται·
1875 2566 2021 2618 σταυρὸς
2031 2565 2122 2603 κατὰ
2131 2568 2192 2611 τῆς
2202 2565 2364 2612 ἀληθείας

1335 2617 1513 2665 ἥπλωται,
1523 2617 1583 2655 καὶ
1604 2617 1660 2655 διὰ
1671 2622 1818 2670 σταυροῦ
1835 2617 1965 2668 κόσμος
1979 2622 2041 2664 τῆς
2055 2617 2216 2664 ἀληθείας
2229 2618 2363 2664 πεπλή-

1339 2685 1467 2721 ρωται·
1491 2670 1637 2720 σταυρὸς
1657 2670 1838 2709 ἐκτέταται
1859 2671 1948 2708 κατὰ
1971 2674 2030 2708 τοῦ
2053 2669 2248 2716 Δεσπότου,
2265 2670 2324 2707 καὶ
2346 2673 2363 2707 ὁ

1336 2721 1516 2769 Δεσπότης
1531 2723 1573 2760 δι’
1585 2723 1686 2761 αὐτοῦ
1700 2723 1761 2766 τὰς
1772 2729 1892 2774 χεῖρας
1907 2722 2076 2769 ἐκτείνας,
2089 2721 2133 2759 τὰ
2147 2722 2262 2760 πάντα
2279 2722 2363 2774 πρὸς

1336 2775 1456 2813 ἑαυτὸν
1476 2775 1664 2826 συνήγαγε.
1684 2776 1832 2826 Χριστὸς
1854 2774 1911 2812 ἐπὶ
1927 2780 2074 2826 σταυροῦ
2093 2774 2287 2825 κρέμαται,
2302 2774 2362 2812 καὶ

1337 2828 1496 2869 διάῧολος
1513 2827 1723 2879 νενέκρωται
1737 2844 1744 2851 ·
1764 2827 1912 2880 Χριστὸς
1936 2827 1992 2864 ἐπὶ
2012 2830 2158 2879 σταυροῦ
2181 2826 2361 2872 ἥπλωται,

1337 2881 1395 2918 καὶ
1416 2885 1557 2930 σημεῖον
1577 2880 1751 2931 σωτηρίας
1769 2883 1819 2932 τῷ
1839 2879 1960 2931 κόσμῳ
1982 2878 2192 2930 δεδώρηται·
2214 2879 2362 2931 Χριστὸς

1336 2933 1393 2971 ἐπὶ
1415 2935 1563 2982 σταυροῦ
1587 2933 1812 2983 προσήλωται
1825 2962 1835 2980 ,
1853 2931 1911 2969 καὶ
1933 2938 2030 2969 πᾶσα
2047 2931 2141 2983 ψυχὴ
2164 2933 2202 2969 ἐκ
2226 2932 2361 2980 δεσμῶν

2025 2983 2033 2995 1

1300 2998 1312 3018 ⁴1
1335 2985 1547 3049 λελύτριινται
1559 2999 1566 3006 ·
1584 2985 1733 3037 Χριστὸς
1753 2984 1810 3021 ἐπὶ
1827 2987 1975 3034 σταυροῦ
1990 2998 2125 3034 πεπηγε
2138 3013 2147 3030 ,
2168 2982 2226 3020 καὶ
2241 2986 2263 3028 ἡ
2276 2982 2363 3032 σύμ-

1335 3053 1431 3075 πασα
1446 3052 1556 3079 κτισις
1584 3038 1653 3075 ἀπὸ
1676 3040 1737 3082 τῆς
1767 3040 1893 3088 φθορᾶς
1912 3039 1973 3080 τῆς
1997 3035 2151 3078 δουλείας
2169 3034 2361 3086 ἠλευθέρω-

1334 3106 1392 3127 ται
1406 3105 1413 3112 ·
1434 3089 1583 3141 Χριστὸς
1600 3090 1658 3126 ἐπὶ
1673 3093 1819 3139 σταυροῦ
1835 3087 2095 3134 ἀναπέπαυται,
2112 3087 2169 3125 καὶ
2179 3086 2358 3137 τεράστιον

1334 3141 1532 3192 καινότερον
1551 3143 1601 3192 τῷ
1618 3141 1738 3192 κόσμῳ
1756 3140 2013 3177 ἀναδέδεικται·
2034 3140 2134 3185 ἡλίου
2155 3139 2221 3190 γὰρ
2235 3139 2274 3176 τὸ
2288 3140 2358 3190 φῶς

1335 3193 1543 3237 σκοτίζεται.
1564 3192 1744 3243 Σύμὸολον
1763 3197 1833 3235 τοῖς
1848 3192 1909 3242 μὲν
1927 3192 2084 3235 ἀπίστοις
2099 3195 2132 3230 ἐν
2150 3190 2267 3243 ἡμέρα
2285 3190 2359 3242 κρί-

1333 3262 1419 3288 σεως
1439 3246 1477 3283 τὸ
1505 3245 1625 3288 σκότος
1655 3245 1920 3295 ταμιευόμενον,
1943 3249 2012 3288 τοῖς
2044 3244 2078 3281 δὲ
2099 3243 2297 3282 πιστεύουσι
2318 3242 2358 3279 τὸ

325 3400 335 3412 -1
363 3385 450 3427 Quid
470 3386 521 3417 bic
539 3383 599 3416 sibi
621 3381 697 3415 velit
716 3377 950 3420 nugacissimus
967 3376 1109 3416 scriptor
1127 3385 1194 3405 non
1211 3375 1292 3404 satis
1312 3372 1471 3415 intelligo,
