2481 3678
152 329 274 357 ,Ῐυόιεο

808 247 994 278 ῘΟΑΝΝΙΞ

291 234 383 292 484
732 247 769 278 5.

286 328 453 378 dationis,
475 327 621 366 decebat
640 328 745 366 illum
764 329 883 367 adhue
904 329 999 367 intus
1019 343 1169 368 manere
1189 329 1273 367 Ideo

83 378 180 398 satana
190 371 273 398 abre·
308 390 315 397 .

83 418 161 449 PUIS.

82 1925 172 1953 Joan.
193 1933 239 1953 to.

87 1965 133 1996 ¹8.

284 452 510 504 dimissisque
529 453 602 490 illis
621 462 726 490 noctu
739 453 903 504 p10dit01
921 453 1149 491 1ccessitffl7.
1163 455 1275 491 Dicit

285 516 320 551 ei
330 515 361 551 J
359 527 443 552 esus
446 544 458 561 ,
473 513 626 560 Amice,
644 515 749 566 quod
746 515 882 566 facis&
884 515 953 565 fac
967 517 1093 553 citius.
1109 514 1173 553 98.
1189 516 1274 553 Hoc

285 584 413 613 autem
435 589 544 613 nemo
563 577 674 612 scivit
693 575 1027 612 discumbentium.

336 826 370 860 i).
403 822 526 875 Papae,
545 831 720 873 quantum
740 835 844 859 sensu
872 821 968 859 omni
999 822 1160 862 carebat!
1185 837 1273 874 quo-

284 884 391 922 modo
412 898 481 922 non
505 884 620 922 flexus
639 892 704 933 est,
730 897 791 920 nec
816 883 975 933 erubuit,
995 883 1056 921 sed
1084 884 1275 936 impuden—

284 946 354 983 tior
372 947 486 983 factus
505 946 642 983 exivit?
661 945 758 982 Illud
779 936 921 993 antem,
944 948 1029 983 Fac
1055 949 1182 992 citius,
1205 960 1274 984 non

284 1006 514 1059 imperantis,
535 1021 597 1044 nec
616 1006 833 1044 consulentis
845 1015 914 1055 est;
936 1005 997 1043 sed
1013 1006 1274 1057 exprobrantis,

282 1077 316 1105 et
334 1067 607 1105 demonstrantis
627 1081 663 1104 se
683 1077 804 1118 optare
826 1075 864 1103 ut
885 1066 1079 1117 resipiscat.
1100 1066 1171 1104 Sed
1193 1081 1275 1104 cum

282 1130 480 1167 obduratus
501 1137 611 1175 esset,
641 1128 778 1165 dimisit
800 1142 892 1164 eum.
917 1129 969 1164 Et
992 1141 1116 1174 nemo,
1142 1127 1276 1178 inquit,

283 1191 607 1227 discumbentium
624 1191 741 1236 novit.
758 1188 826 1225 Hie
839 1201 967 1239 magna
981 1188 1129 1238 quaestio
1142 1188 1279 1226 moveri

284 1250 410 1302 possit,
429 1265 500 1300 quo
524 1259 625 1301 pacto
640 1249 939 1300 interrogantibus
966 1248 1168 1302 discipulis,
1198 1249 1278 1300 quis

283 1321 388 1361 essct,
409 1311 524 1361 dicit,·
539 1312 612 1349 Cui
641 1314 846 1348 intinctum
880 1325 1021 1361 panem
1052 1324 1273 1362 porrexero,

283 1387 396 1424 neque
424 1372 474 1410 sie
499 1372 767 1420 intellexerunt3
790 1371 858 1409 nisi
883 1372 973 1409 forte
1002 1371 1094 1409 clam
1126 1371 1276 1422 dixerit,

283 1435 332 1472 ita
350 1444 388 1472 ut
415 1449 517 1472 nemo
542 1433 691 1471 audiret.
714 1434 807 1471 Nam
826 1433 904 1471 ideo
922 1434 1076 1472 ,Ioannes
1097 1447 1203 1485 supra
1218 1447 1278 1485 pe*

284 1507 361 1535 ctus
382 1497 613 1546 recumbens,
634 1496 679 1533 ad
706 1510 827 1533 aurem
854 1496 927 1533 fere
954 1495 1212 1546 interrogabat,
1228 1495 1276 1532 ita

285 1569 323 1596 nt
340 1558 502 1611 proditor
523 1573 591 1595 non
618 1558 737 1610 palam
766 1558 866 1595 fieret
888 1573 895 1594 ε
916 1566 949 1595 et
965 1557 1129 1595 Christus
1148 1558 1199 1595 sic
1224 1571 1277 1594 re-

285 1619 442 1671 spondit,
475 1628 513 1655 ut
550 1632 619 1655 non
652 1617 881 1654 manifestum
914 1617 1018 1654 illum
1054 1618 1194 1655 faceret.
1229 1617 1277 1655 Et

284 1680 449 1731 quamvis
481 1693 561 1716 cum
593 1678 753 1730 emphasi
785 1680 887 1717 Jesus
919 1678 1051 1716 dixerit
1080 1694 1088 1714 ε
1118 1678 1273 1725 Amice,

286 1741 393 1792 quod
418 1742 533 1791 facis,
549 1741 626 1792 fac
653 1742 783 1784 citizcs;
802 1738 857 1776 illi
883 1752 994 1789 neque
1023 1739 1072 1776 sie
1092 1738 1276 1777 intellexe-

285 1811 379 1839 runt.
402 1802 477 1839 Hoc
489 1810 607 1838 autem
622 1799 777 1850 dicebat,
797 1809 836 1837 ut
857 1799 1052 1838 ostenderet
1065 1814 1103 1838 ea
1114 1815 1192 1851 quae
1211 1803 1276 1840 Ju-

285 1862 370 1901 daeis
399 1863 459 1901 ille
487 1862 531 1900 de
559 1871 672 1900 morte
699 1861 861 1911 dixerat,
886 1876 970 1901 vera
1005 1875 1080 1899 esse
1089 1877 1100 1911 3
1127 1875 1275 1914 nempe:

286 1926 526 1963 Potestatem
545 1926 668 1962 habeo
691 1923 862 1976 ponendi
881 1925 1056 1960 animam
1084 1936 1222 1969 meam,
1241 1931 1278 1961 et

284 1994 512 2038 potestatem
546 1985 669 2022 liabeo
703 1987 841 2021 iterum
874 1984 1052 2020 sumendi
1089 1997 1192 2028 εαηι,ο
1223 1992 1275 2032 et,

288 2048 410 2084 Nemo
430 2047 533 2083 tollit
553 2059 637 2083 eam
659 2059 684 2082 a
703 2059 775 2082 me.
799 2043 983 2090 Quamdiu
1016 2058 1099 2095 ergo
1128 2044 1278 2082 retinere

287 2107 417 2155 voluit,
435 2121 536 2144 nemo
561 2115 681 2144 contra
701 2106 815 2158 potuit
823 2121 832 2154 3
854 2119 936 2142 cum
955 2105 1117 2157 permisit
1135 2115 1275 2155 autem,

287 2177 371 2205 tunc
402 2168 504 2205 facile
532 2167 612 2205 fuit.
643 2167 727 2204 Haec
756 2166 868 2218 igitur
898 2166 1015 2203 omnia
1046 2166 1276 2204 subindicans

285 2229 396 2279 dixit,
422 2230 536 2280 Quod
550 2229 753 2281 faci5,sac
770 2230 882 2265 citius
905 2243 916 2263 .-
933 2241 1046 2277 neque
1068 2236 1151 2264 tunc
1172 2227 1276 2265 illum

286 2300 410 2328 notum
434 2290 526 2328 fecit.
549 2291 652 2327 Forte
681 2303 832 2340 namque
857 2288 961 2325 illum
986 2287 1277 2340 discerpsissent,

285 2352 374 2389 forte
395 2353 520 2389 Petrus
543 2350 739 2388 occidisset.
764 2349 845 2387 Ideo
865 2349 904 2386 id
924 2362 1026 2386 nemo
1051 2348 1278 2386 discumben-

286 2412 377 2450 tium
393 2412 502 2451 novil.
516 2410 629 2462 Quid,
648 2425 761 2461 neque
776 2410 956 2449 Joannes?
974 2411 1026 2447 Ne
1040 2409 1101 2447 ille
1116 2409 1281 2460 quidem:

286 2488 353 2512 non
374 2474 513 2526 putavit
531 2473 625 2511 enim
643 2472 862 2525 discipulum
877 2471 912 2509 in
932 2480 1067 2509 tantam
1084 2481 1277 2523 proruptu-

287 2550 367 2573 rum
391 2535 626 2586 iniquitatem.
647 2534 740 2581 Quia
761 2534 855 2571 enim
879 2533 1004 2585 procul
1028 2541 1127 2570 erant
1141 2547 1160 2569 a
1176 2541 1276 2571 tanto

287 2598 429 2645 scelere,
451 2597 495 2634 de
516 2596 597 2634 aliis
622 2596 712 2633 nihil
740 2594 948 2647 hujusmodi
974 2593 1146 2646 suspicari
1177 2603 1276 2646 pote-

287 2668 376 2697 rant.
395 2660 444 2696 Ut
459 2672 541 2709 ergo
557 2658 655 2711 prius
669 2657 809 2695 dixerat
824 2657 894 2694 illis
909 2687 917 2704 ,
933 2657 1023 2694 Non
1037 2656 1085 2693 de
1099 2657 1276 2694 omnibus

286 2721 386 2765 dico,
409 2729 441 2756 et
464 2720 553 2756 nihil
576 2728 759 2771 aperuerat
780 2734 786 2754 ε
806 2717 856 2755 5ἰο
880 2726 913 2755 et
934 2730 1027 2755 nunc
1051 2715 1094 2754 de
1117 2716 1188 2754 alio
1204 2716 1275 2754 diei

287 2790 469 2832 putarunt.
487 2782 549 2817 50.
568 2782 668 2818 Erat
688 2789 817 2817 autem
845 2793 921 2816 nox
949 2779 1107 2831 quando
1138 2781 1271 2826 exivit,

287 2841 412 2892 inquit.
434 2842 507 2878 Cur
525 2841 614 2878 mihi
634 2850 771 2892 tempus
788 2839 906 2878 dieis?
926 2841 975 2878 Ut
991 2839 1107 2877 discas
1122 2840 1199 2892 ejus
1215 2854 1276 2891 pe-

287 2902 474 2940 tulantiam
487 2932 496 2950 ,
514 2902 614 2953 cujus
642 2901 814 2953 impetum
834 2916 876 2939 ne
895 2910 1032 2953 tempus
1057 2900 1200 2951 quidem
1222 2915 1276 2939 co-

288 2963 419 3001 hibuit.
438 2962 508 3001 Sed
525 2976 635 3013 neque
654 2962 722 2999 hoc
744 2962 847 2999 illum
874 2962 994 3014 palam
1013 2962 1106 2999 fecit.
1130 2962 1189 2999 Illi
1206 2961 1273 3013 igi-

295 3033 355 3062 tur
368 3032 464 3062 metu
481 3022 612 3060 detenti
631 3031 663 3059 et
681 3021 869 3060 formidine
882 3022 1266 3071 multa,turbabantur,

334 3127 350 3152 d
370 3125 485 3160 Morel.
501 3129 701 3171 προέέαλλεν.

335 3192 347 3206 ³
365 3178 428 3210 Alii
444 3182 564 3218 ἐξῆλθεν
580 3183 674 3213 ἐκτός-

335 3234 349 3255 ¹¹
366 3230 428 3263 Alii
456 3236 591 3276 φανερόν.
623 3231 690 3262 ἀλλἼ
713 3231 728 3262 ὁ
753 3232 808 3269 μὲν
840 3234 1019 3273 γυμνότερον
1045 3232 1143 3270 ἔλεγεν
1174 3233 1257 3269 αὐτὸ,
1287 3233 1302 3262 ’ὁ

289 3292 417 3321 ττωεῐς...
441 3287 540 3315 ἐκεῖνοι
556 3284 586 3314 δὲ
603 3285 635 3314 οὗ
657 3283 801 3313 συνίεσαν.
827 3278 904 3320 [Pro
934 3283 1022 3313 εἰπών
1046 3278 1147 3311 Savil.
1176 3282 1266 3317 εἶπεν,
1285 3290 1303 3310 e

291 3336 510 3375 sorrectione,
526 3339 562 3364 ut
576 3330 737 3372 videtum]

333 3398 344 3409 ¹·
365 3384 511 3427 Quidum
528 3388 592 3419 οὐδὲ
609 3391 677 3418 τότε
692 3387 790 3420 αὐτοῖς
803 3385 890 3419 δῆλον
920 3381 1018 3414 Putat
1037 3380 1178 3414 Savilius
1197 3381 1307 3424 legen-

291 3438 370 3469 ‹lum
388 3442 485 3471 αῷτοῖε
506 3442 610 3470 ἐκεῖνον
629 3439 715 3474 δῆλον
735 3440 862 3471 ἐποίησε.

1031 248 1518 279 CHRYSOST.ARC1HEP.
1557 247 1918 279 CONSTANTINOP.

1302 347 1399 394 2[ιμα
1432 332 1668 379 ἐπιπηδῆσαι,
1697 332 1773 368 ἀλλ’
1794 330 1914 375 ἔξωθεν
1944 330 2227 383 ἀπροσέὸαλλεν·
2250 332 2366 380 ἐπειοη

285 390 385 441 ejecit
414 389 531 439 illum,
557 398 590 427 et
615 398 815 442 separatum
838 390 942 428 illum
961 400 1099 429 satanas
1126 391 1272 443 ab1ipit,
1297 405 1323 434 A
1327 377 1383 430 δὲ
1413 393 1516 438 δηλον
1547 392 1647 430 αὐτὸν
1685 392 1829 438 ἐποίησε
1865 393 1924 430 καὶ
1950 392 2137 445 ἀφώρισεν,
2170 394 2370 441 ἐπεπήδησε

1346 454 1464 492 λοιπὸν
1486 453 1574 504 μετὰ
1591 452 1718 496 ἀδείας·
1741 452 1816 491 ουδὲ
1838 453 1905 505 γὰρ
1930 454 1999 492 ἔδει
2017 469 2171 492 τοιουτον
2207 455 2289 493 ὄντα
2310 470 2367 492 και

1347 513 1552 565 ἀδιόρθωτον
1586 515 1643 552 ἐπὶ
1672 513 1760 552 πολὺ
1793 514 1940 564 με’νοντα
1974 513 2136 566 κατέχειν
2169 515 2277 552 ἔνδον.
2303 514 2371 552 Διὰ

1345 579 1445 613 τοῦτο
1467 575 1526 612 καὶ
1546 574 1705 619 ἐξέὸαλεν
1737 575 1836 613 αὐτὸν
1869 575 2002 623 λοιπὸν,
2035 576 2094 614 καὶ
2125 575 2371 626 ἀποτμηθέντα

2294 635 2371 680 33²2-

1345 698 1431 742 ’ῆλθε
1447 697 1580 741 νυκτός.
1599 697 1702 749 Λέγει
1723 698 1816 749 αὐτῷ
1830 699 1847 734 ὁ
1867 697 2001 744 Ἰησοῦς
2014 712 2022 721 ·
2041 697 2201 750 ςΕταῖρε,
2221 697 2370 746 ὃποιεῖς,

1345 636 1520 686 λαμὸάνει
1552 635 1631 674 τότε
1664 638 1813 683 ἐκεῖνος,
1834 636 1893 674 καὶ
1920 637 2124 674 καταλιπὼν
2144 636 2265 680 αὐτοὺς

1345 758 1491 804 ποίησον
1512 759 1645 811 τάχιον.
1664 759 1733 797 Καὶ
1753 758 1860 802 οὐδεὶς
1879 759 1967 810 ἔγνω
1984 761 2052 796 τῶν
2070 759 2318 810 ἀνακειμένων.

1404 827 1533 875 Effluet,
1553 828 1644 874 πόση
1673 832 1694 875 ἡ
1721 828 1953 875 ἀναισθησία·
1982 831 2056 871 πῶς
2088 829 2150 866 οὐκ
2170 828 2371 880 ἐμαλάχθη,

1347 887 1424 926 οὐδὲ
1439 888 1619 940 ᾐσχύνθη,
1636 889 1725 927 ἀλλὰ
1741 889 2050 942 ἀναισχυντότερος
2068 889 2251 941 γενόμενος
2266 888 2368 940 ἐξῄει.

1347 949 1400 986 Τὸ
1419 948 1468 996 δὲ,
1489 948 1643 995 Ποίησον
1663 950 1800 1002 τάχιον,
1821 953 1857 989 οὐ
1872 950 2147 1002 προστάττοντός
2167 952 2273 997 ἐστιν,
2294 948 2370 987 οὐδὲ

1348 1009 1641 1060 συμὸουλεύοντος
1654 1042 1663 1057 ,
1698 1012 1774 1049 ἀλλ’
1810 1011 2029 1056 ὀνειδίζοντος
2067 1011 2126 1049 καὶ
2159 1011 2371 1054 δεικνύντος,

1347 1070 1400 1110 ὅτι
1415 1070 1516 1113 αὐτὸς
1532 1069 1593 1120 μὲν
1611 1071 1771 1109 ἐδούλετο
1788 1072 2051 1123 διορθώσασθαι·
2071 1072 2189 1118 ἐπειδὴ
2208 1072 2243 1109 δὲ
2258 1071 2372 1123 ἀδιόρ-

1349 1135 1456 1175 θωτος
1476 1126 1582 1184 εἶχεν,
1599 1131 1750 1183 ἀφίησιν·
1764 1133 1877 1171 αὐτόν.
1898 1132 1968 1170 Καὶ
1987 1136 2088 1170 τοῦτο
2109 1133 2237 1178 οὐδεὶς,
2255 1132 2373 1184 φησὶν,

1349 1192 1436 1243 ἔγνω
1451 1195 1519 1230 τῶν
1541 1192 1791 1242 ἀνακειμένων.
1819 1192 1961 1239 Πολλὴν
1983 1193 2022 1230 ἄν
2043 1209 2095 1235 τις
2115 1195 2262 1231 ἐνταῦθα
2282 1195 2372 1231 ἀπο-

1353 1253 1429 1304 ρίαν
1445 1253 1550 1305 εῧροι,
1567 1252 1600 1290 εἴ
1612 1268 1664 1303 γε,
1676 1253 1924 1304 ἐρωτησάντων
1941 1256 2010 1290 τῶν
2027 1256 2204 1304 μαθητῶν,
2221 1253 2272 1296 τίς
2288 1256 2373 1300 ἐστι,

1484 1308 1534 1369 ἲῼ.
1563 1314 1677 1366 βάψας
1694 1314 1733 1352 τὸ
1749 1313 1885 1366 ψωμίον
1906 1312 2067 1352 ἐπιδώσω
2084 1344 2093 1362 ,
2115 1313 2174 1350 καὶ
2193 1313 2270 1351 οὐδὲ
2287 1313 2376 1351 οὕτω

1352 1378 1524 1421 συνῆκαν·
1543 1375 1636 1423 πλὴν
1659 1377 1689 1413 εἷ
1717 1375 1765 1426 μὴ
1797 1376 1909 1427 λάθρᾳ
1940 1375 2091 1428 ειρηκεν,
2122 1392 2212 1414 ωστε
2244 1393 2291 1427 μη
2317 1375 2376 1413 ε’να

1351 1314 1445 1365 λέγει
1460 1330 1467 1336 ·

1352 1439 1511 1475 ἄκουσαι.
1529 1437 1599 1474 Καὶ
1617 1437 1683 1489 γὰρ
1709 1440 1726 1475 ὁ
1746 1436 1944 1484 Ἰωάννης
1926 1437 1982 1475 οιὰ
1998 1441 2099 1475 τοῦτο
2122 1437 2218 1490 παρὰ
2236 1436 2275 1474 τὸ
2294 1453 2379 1484 στη-

1351 1500 1407 1540 θος
1427 1497 1624 1545 ἀναπεσὼν,
1650 1500 1763 1549 ἐρωτᾷ
1792 1498 1975 1550 μονονουχὶ
2000 1514 2085 1551 προς
2113 1499 2153 1536 τὸ
2179 1501 2252 1546 οὖς,
2286 1498 2377 1535 ὥστε

1352 1558 1399 1608 μὴ
1431 1558 1591 1609 γενέσθαι
1614 1558 1760 1611 φανερὸν
1785 1559 1842 1596 τὸν
1875 1559 2070 1611 προδότην·
2105 1574 2164 1596 και
2184 1561 2201 1595 ὁ
2229 1558 2377 1610 Χριστὸς

2288 1618 2376 1672 ὕφα-

1348 1679 1445 1732 νερόν
1458 1696 1465 1704 ·
1483 1680 1541 1718 καὶ
1560 1684 1577 1718 ὁ
1598 1680 1660 1731 μὲν
1679 1680 1807 1732 καίπερ
1829 1683 2048 1733 ἐμφαντικῶς
2070 1681 2190 1728 εἰπὼν,
2215 1679 2377 1732 Ἑταῖρε,

1349 1618 1457 1663 οὕτως
1477 1619 1687 1671 ἀπεκρίνατο
1700 1650 1709 1667 ,
1740 1619 1799 1658 καὶ
1816 1619 1892 1658 οὐδὲ
1908 1619 1985 1658 τότε
2007 1620 2108 1658 αὐτὸν
2127 1619 2271 1666 ἐποίησε

1349 1741 1511 1788 ὃποιεῖς,
1538 1740 1683 1787 ποίησον
1709 1741 1848 1793 τάχιον·
1875 1745 1906 1779 οἱ
1927 1742 1961 1780 δὲ
1983 1742 2061 1780 οὐδὲ
2093 1741 2181 1779 οὕτω
2206 1741 2377 1779 συνίεσαν.

1349 1803 1464 1839 Τουτο
1490 1802 1524 1840 δὲ
1542 1802 1660 1854 ἔλεγε,
1681 1802 1849 1846 δεικνυς’
1830 1818 1882 1841 οτι
1905 1804 2017 1849 ἀληθῆ
2033 1802 2078 1840 τὰ
2095 1803 2180 1855 πρὸς
2195 1818 2274 1845 τους
2290 1802 2378 1840 Ιου·

1350 1862 1464 1907 δαίους
1484 1863 1652 1915 εἰρημένα
1673 1868 1715 1911 ἠν
1736 1866 1828 1902 αὐτό
1856 1880 1937 1917 περι
1964 1868 2024 1902 τοῦ
2044 1864 2204 1902 θανάτου.
2226 1864 2296 1901 Καὶ
2313 1863 2380 1916 γὰρ

1348 1924 1434 1977 πρὸς
1462 1924 1611 1968 ἐκείνους
1641 1925 1758 1976 ειρηκε
1787 1925 1848 1973 τὸ,
1876 1924 2061 1968 Ἐξουσίαν
2094 1925 2166 1977 ἔχω
2190 1929 2298 1963 θεῖναι
2316 1925 2380 1972 τὴν

1348 1985 1463 2038 ψυχήν
1489 2001 1575 2037 μου,
1603 1986 1663 2025 καὶ
1688 1986 1845 2031 ἐξουσίαν
1868 1986 1939 2039 ἔχω
1964 1987 2069 2025 πάλιν
2104 1987 2223 2025 λαὸεῖν
2256 1987 2379 2033 αὐτήν·

1348 2046 1406 2083 καὶ
1418 2047 1568 2093 ,Οὐδεὶς
1582 2063 1671 2098 αιρει
1687 2047 1794 2094 αὐτὴν
1812 2049 1872 2086 ἀπ’
1889 2050 1985 2086 {uo-j.
2001 2047 2099 2091 Εως
2109 2051 2190 2099 γούν
2206 2052 2380 2098 κατεῖχεν,

1348 2107 1456 2150 οὖδεις
1470 2107 1632 2159 ἴσχυσεν·
1651 2108 1771 2155 ἐπειδ]
1790 2108 1865 2146 δε’
1846 2112 1958 2161 αφῆκε
1977 2108 2114 2157 λοιπὸν,
2139 2107 2279 2146 εὔκολον
2300 2107 2381 2146 τότε

1346 2167 1386 2205 τὸ
1414 2176 1563 2219 πρᾶγμα
1592 2168 1737 2219 γίνεται.
1759 2170 1869 2207 Ταύτ’
1892 2173 1950 2206 οὐν
1984 2169 2121 2207 ἅπαντα
2149 2167 2382 2218 αἰνιττόμενος

1349 2231 1455 2276 εἶπεν,
1482 2228 1532 2266 uO
1551 2235 1684 2277 ποιεῖς,
1715 2245 1858 2275 ποιησον
1896 2229 2044 2282 τάχιον·
2075 2229 2134 2268 καὶ
2166 2228 2273 2267 εοῦδὲ
2303 2228 2381 2265 τότε

1349 2290 1452 2327 αὐτον
1470 2291 1603 2336 δηλον’
1589 2290 1746 2336 εποίησε.
1764 2289 1870 2342 Τάχα
1888 2291 1956 2343 γὰρ
1977 2290 2016 2327 ἂν
2040 2290 2142 2328 αὐτὸν
2162 2290 2222 2327 καὶ
2238 2289 2381 2327 διεσπα-

1353 2365 1434 2397 σ-αν,
1457 2349 1550 2402 τάχα
1571 2350 1611 2388 ἂν
1629 2354 1646 2388 ὁ
1667 2350 1799 2402 Πέτρος
1819 2351 1877 2388 καὶ
1897 2352 2029 2389 ἀνεῖλεν
2049 2350 2163 2388 αὐτόν.
2194 2349 2263 2388 Διὰ
2280 2352 2382 2387 τοῦτο

1351 2412 1478 2456 Οὐδεὶς
1497 2412 1584 2464 ἔγνω
1603 2414 1671 2449 τῶν
1693 2410 1939 2462 ἀνακειμένων.
1952 2405 2047 2485 ῘΑρα
2065 2412 2142 2449 οὐδὲ
2157 2414 2174 2449 ὁ
2198 2411 2382 2458 Ἰωάννης

1349 2472 1441 2511 Οὐδὲ
1463 2466 1575 2514 οὗτος·
1604 2474 1651 2554 οὐἃ
1669 2471 1736 2524 γὰρ
1766 2472 1805 2509 ἂν
1837 2471 2108 2546 προσεδόκησεν,
2139 2471 2191 2510 ὅτι
2224 2471 2383 2522 μαθητὴς

2124 2533 2272 2580 Ἐπειδὴ
2315 2532 2382 2584 γὰρ

1347 2594 1466 2647 πΟρρω
1487 2609 1548 2640 της
1563 2609 1728 2640 τοιαυῖης
1743 2609 1868 2646 πονηρῑ
1860 2609 1911 2637 ας
1931 2597 2032 2641 ἦσαν,
2054 2594 2130 2632 ou&
2152 2593 2230 2646 περὶ
2256 2594 2382 2645 ἑτερων

1348 2534 1406 2571 ἐπι
1439 2536 1599 2571 τοσοῦτον
1634 2532 1814 2585 ἃχωρήσει
1851 2532 2083 2584 παρανομίας.

1346 2671 1489 2693 τοιαυτα
1510 2653 1714 2692 ὑποπτεύειν
1738 2659 1843 2730 εἰχρν.
1864 2654 1912 2693 Ὠ
1897 2671 2006 2706 ..σπερ
2025 2671 2083 2693 ουν
2105 2655 2301 2707 ἔμπροσθεν
2319 2656 2380 2692 αὖ·

1347 2722 1416 2759 τοῖς
1444 2709 1587 2760 εἶπεν,”
1569 2731 1622 2752 οτι
1642 2716 1695 2753 Οὐ
1723 2715 1804 2767 περὶ
1830 2715 1970 2754 πάντων
2000 2716 2113 2767 λέμο,
2148 2716 2207 2754 καὶ
2228 2716 2380 2765 οὐδαμοῦ

1346 2776 1564 2828 ἐξεκάλυψεν·
1594 2775 1683 2813 οὕτω
1705 2793 1764 2814 και
1789 2779 1938 2816 ἐνταῦθα
1961 2777 2124 2828 ἐνόμισαν
2154 2777 2234 2828 περὶ
2264 2777 2380 2828 ἑτέρου

1345 2837 1517 2888 λέγεσθαι.
1535 2830 1640 2874 NHV
1623 2836 1657 2874 οε
1676 2835 1734 2880 νυξ
1754 2836 1811 2874 ὅτε
1836 2836 1978 2884 ἐξῆλθε,
1997 2836 2093 2889 φησί.
2115 2837 2219 2875 Διατί
2242 2853 2301 2887 μοι
2321 2837 2378 2874 τὸν

1347 2898 1466 2950 καιρὸν
1481 2897 1613 2950 λέγεις,
1632 2896 1711 2935 Ἵνα
1732 2897 1843 2949 μάθῃς
1869 2898 1932 2945 τὴν
1960 2897 2179 2948 ἰταμότητα
2196 2898 2249 2935 ὅτι
2269 2897 2377 2936 ουδὲ’
2364 2914 2381 2935 ο

1344 2959 1463 3012 καιρὸς
1482 2959 1584 2997 αὐτὸν
1605 2959 1732 3010 ἐπέσχε
1749 2962 1810 3004 τῆς
1829 2961 1950 3010 ὁρμῆς.
1973 2959 2064 2997 Ἀλλ’
2083 2958 2161 2997 οὐδὲ
2181 2962 2283 2996 τοῦτο
2309 2961 2370 2995 αὖ·

1346 3021 1402 3059 τὸν
1423 3021 1618 3066 κατάδηλον
1639 3019 1818 3065 θέποίησε.
1839 3019 1989 3058 Ἐκεῖνοι
2007 3023 2088 3071 γοῦν
2109 3019 2205 3072 φόὸῳ
2225 3019 2381 3071 κατεχό-

1414 3124 1426 3142 ‘¹
1445 3121 1591 3164 Quidam
1608 3127 1697 3168 ἐξῄει.

1412 3182 1423 3195 ²
1439 3174 1556 3211 Morel.
1573 3180 1701 3213 ἐποίησε.
1719 3180 1818 3209 ἐκεῖνοι
1831 3180 1898 3218 γοῦν
1914 3179 1992 3221 φὸὸῳ
2005 3191 2073 3209 κατ.
2091 3174 2191 3207 53νὶ1-
2211 3175 2259 3216 [et
2270 3173 2379 3206 Codd.

1368 3228 1494 3270 nostri]
1506 3232 1553 3260 καὶ
1567 3233 1624 3273 γὰρ
1638 3231 1728 3273 φόθῳ.
1742 3227 1833 3268 [Mox
1849 3230 2045 3272 τεθορύὅηντο
2060 3234 2248 3258 correctum
2263 3237 2280 3257 e
2293 3225 2381 3261 Cod.

1368 3280 1450 3322 7053
1471 3283 1631 3324 θορὺίηντο
1653 3277 1738 3312 Cod.
1757 3279 1834 3320 709;
1862 3283 2054 3322 ἐθορυὸοῦντο
2076 3277 2178 3311 Sus-il.
2196 3275 2383 3321 Legebatur

1376 3335 1565 3376 ἐθορύὸηντο.
1584 3329 1690 3363 Iidem
1707 3328 1816 3365 Codd.
1836 3334 1910 3365 πολὺ
1927 3342 1989 3373 pro
2005 3334 2103 3374 πολλῇ
2115 3357 2122 3371 ,
2144 3337 2178 3362 et
2195 3333 2236 3364 διὸ
2252 3336 2306 3370 τὴν
2325 3334 2382 3372 μὲν

1375 3394 1437 3425 pro
1455 3388 1503 3418 καὶ
1522 3399 1548 3417 τι
1569 3384 1621 3424 μ.]
