2481 3678
642 210 681 240 IN
724 211 832 241 JoAN
845 213 933 241 leM
971 212 1125 242 ΙΙΟΜΠ..

100 290 273 337 τουτέστι,
295 290 343 341 μὴ
369 290 512 341 νομίσῃς
536 290 599 336 τὴν
620 291 792 339 ἀναὲολὴν
824 295 966 345 ὠφελεῖν
998 309 1031 331 τι
1063 293 1120 330 τὸν

99 352 282 390 ὑπεύθυνον
299 352 365 398 ἤδη
379 351 618 403 γεγενημένον,
630 352 687 390 ἐὰν
707 354 754 403 μὴ
772 355 1024 405 μεταὸάληται.
1040 355 1121 391 Τῶν

101 411 166 463 γὰρ
194 412 260 458 ἤδη
294 410 616 450 καταδικασθέντων
648 413 708 450 καὶ
753 414 992 464 κολαζομένων
1029 411 1123 450 οὐδὲν

102 473 241 523 ἄμεινον
262 472 473 511 διακείσεται
493 475 509 510 ὃ
531 472 579 523 μὴ
602 473 801 517 πιστεύσας.
819 474 915 520 Αὕτη
938 474 974 512 δέ
992 475 1083 511 ἐστιν
1101 475 1123 518 ἦ

102 535 232 588 κρίσις,
251 534 303 573 ὅτι
322 529 406 581 ἦλθε
424 534 463 572 τὸ
489 537 559 586 φῶς
582 537 628 578 εἷς
658 536 716 574 τὸν
739 535 882 586 κόσμον,
898 535 958 572 καὶ
979 533 1125 585 ἠγάπη-
1149 546 1174 576 Ι)

102 612 164 634 σαν
184 598 213 633 οἱ
233 595 407 648 ἅνθρωποι
427 597 557 645 μᾶλλον
573 596 612 634 τὸ
628 596 748 639 σκότος
764 594 785 640 ἢ
805 595 843 633 τὸ
858 597 939 647 φῶς.
952 594 1001 632 ιῸ
1021 593 1055 632 δὲ
1071 593 1128 632 λέ-

101 673 173 709 γει,
191 656 342 694 τοιοῦτόν
360 658 453 694 ἐστι·
473 656 528 695 διὰ
555 660 656 695 τοῦτο
685 656 908 701 κολάζονται,
929 655 983 694 ὅτι
1008 654 1129 697 σκότος

102 719 236 769 ἀφεῖναι
253 717 311 755 καὶ
333 717 421 769 φωτὶ
437 719 674 770 προσδραμεῖν
694 718 756 755 οὐκ
770 715 1029 762 ἠὸουλήθησαν.
1048 714 1129 753 Ἐν-

100 782 210 816 ταῦθα
227 778 345 816 λοιπὸν
363 779 422 816 καὶ
449 778 637 830 ἀπολογίας
655 777 776 821 αὐτους
799 779 984 829 ἀποστερεῖ
1003 776 1127 823 πάσης.

103 841 146 877 Εἰ
162 839 223 890 μεν
246 838 313 892 γὰρ
335 842 437 886 ἠλΟον
453 839 620 886 κολάζων,
635 838 740 891 φησὶ,
762 855 821 876 και
851 840 1008 876 ἀπαιτων
1027 836 1129 875 εὐθύ-

101 917 160 944 νας
180 917 248 938 'tone
275 917 544 953 πεπραγμενων,
582 903 674 951 Εἰγῡν
712 901 820 937 Εἷπξῖν
851 915 904 937 Οτι

101 961 341 1012 ἀπεπηδησαυ
345 978 390 999 εν.
406 963 479 999 ἸΝυν
500 960 535 998 δὲ
555 955 658 1007 ἠλθον
674 959 874 1003 ἀπαλλάξαι
894 958 1053 1006 σκότους,
1070 959 1130 996 καὶ

101 1023 186 1074 πρὸς
201 1025 272 1071 φῶς
303 1025 457 1074 ἀγαγεῖν.
473 1021 538 1065 Τίς
570 1016 626 1060 οῧν
655 1021 712 1059 τὸν
746 1019 794 1071 μὴ
820 1020 1028 1072 βουλόμενον
1062 1019 1130 1058 ἀπὸ

101 1083 241 1128 σκότους
276 1084 364 1136 φωτὶ
400 1086 601 1136 προσελθεῖν
634 1082 805 1129 ἐλεήσειεν
827 1082 890 1129 ἄν,
924 1079 1034 1119 Οὐδὲν
1063 1080 1131 1134 γὰρ

102 1146 238 1197 ἔχοντες
267 1149 350 1195 ἡμῖν
384 1146 555 1194 ἐγκαλεῖν,
573 1143 662 1182 ἀλλὰ
692 1142 800 1195 μυρία
833 1141 1131 1195 εὐεργετούμενοι,

103 1206 217 1257 φησὶν,
238 1206 501 1252 ἀποπηδῶσιν
490 1221 598 1255 ηαυν.
618 1206 731 1242 Τοῦτο
757 1220 817 1241 και
852 1205 1006 1254 ἀλλαχου
1030 1218 1133 1252 εγκα-

101 1268 171 1303 λῶν
191 1268 303 1308 αὐτοῖς
330 1265 398 1303 ἕλε
387 1282 457 1317 γεν,
479 1265 521 1302 ’E
526 1264 677 1315 μίσησάν
702 1281 744 1316 με
765 1264 915 1317 δωρεάν·
935 1279 994 1301 και
1016 1262 1181 1309 πάλιν,Ε
1169 1282 1174 1293 ο

104 1329 149 1365 Εἰ
174 1326 223 1377 μὴ
241 1321 343 1373 ἠλΟον
365 1326 426 1364 καὶ
449 1326 604 1372 ἐλάλησα
634 1328 768 1372 αὐτοῖς,
792 1323 966 1378 ἁμαρτίαν
995 1325 1057 1362 οὐκ
1084 1327 1134 1361 εἰ-

104 1403 178 1440 χον.
189 1387 233 1425 ‘O
251 1387 292 1438 μὲ
295 1404 312 1424 ν
328 1386 395 1439 γὰρ
408 1388 442 1424 ἐν
460 1386 610 1425 ἀπουσία
624 1386 735 1438 φωτὸς
751 1389 783 1424 ἐν
798 1385 913 1424 σκότει
929 1384 1135 1435 καΟήμενος,

106 1451 188 1493 ι’σως
208 1449 247 1487 ἂν
276 1448 484 1500 συγγνώμην
502 1447 622 1499 σγοίη
637 1450 654 1485 ὃ
672 1447 706 1485 δὲ
733 1446 821 1498 μετα
850 1446 912 1493 τὴν
943 1445 1136 1497 παρουσίαν

108 1512 200 1548 αὐτω
219 1512 269 1562 τῷ
286 1508 401 1547 σκότει
423 1507 674 1560 προσεδρεύων,
697 1505 976 1582 &tempotum-‘evm
994 1505 1136 1557 γνώμης

107 1572 166 1610 καὶ
188 1569 318 1623 φιλονε’
307 1586 379 1608 ικου
402 1569 589 1622 τεκμήριον
607 1567 762 1621 ἐπιοέρει
783 1569 862 1605 καθ’
886 1569 1023 1605 ἑαυτου.
1045 1560 1137 1604 Εἶτα

108 1631 258 1679 ἐπειδὴε
245 1631 355 1670 ἐδόκει
375 1632 415 1669 τὸ
437 1629 617 1684 εἰρημένον
641 1644 786 1667 απιστον
807 1621 978 1671 εἶναιτοῖς
996 1629 1137 1670 πολλοῖς

108 1692 242 1744 (ουδεις
267 1692 335 1745 γὰρ
365 1692 404 1729 ἂν
433 1690 553 1733 σκότος
573 1689 803 1743 προτιμήσειε
837 1689 983 1742 φωτός),
1019 1688 1192 1741 τίθησι,161

109 1770 169 1792 και
187 1770 249 1801 την
271 1753 383 1791 αἰτίαν
405 1754 461 1804 ἀφ’
493 1756 535 1797 ἧς
565 1767 665 1790 τουτο
698 1750 837 1789 ἔπαθον.
856 1749 921 1794 Τίς
950 1753 1007 1787 οὖν
1042 1751 1133 1787 ἐστιν
1160 1754 1185 1784 Α

111 1815 217 1862 αὕτη,
242 1817 307 1852 Ην
327 1814 394 1866 γὰρ
426 1829 553 1860 αυτων,
578 1828 684 1864 φησι,
705 1811 842 1865 πονηρα
866 1810 910 1849 τα
919 1810 1026 1886 ἔργα.
1057 1812 1136 1854 ῙΙας

110 1875 145 1915 δὲ
164 1879 182 1914 ὃ
197 1875 242 1913 τὰ
261 1877 375 1927 φαῦλα
389 1874 596 1927 πράσσων,
590 1890 615 1911 υ
620 1889 684 1912 ισει
703 1873 742 1911 τὸ
763 1876 854 1925 φῶς,
872 1872 932 1909 καὶ
954 1874 1015 1910 οὐκ
1033 1871 1136 1925 ἔρχε-

110 1953 167 1975 ται
182 1936 268 1989 πρὸς
288 1936 327 1974 τὸ
343 1939 432 1988 φῶς,
447 1940 461 1956 ²¹
483 1935 500 1950 ‘¹

111 2074 235 2110 γωρων
255 2057 315 2095 καὶ
337 2057 449 2109 ἀφιεὶς
471 2056 515 2094 τα
544 2056 865 2107 πλημμεληθέντα,
896 2054 957 2093 καὶ
985 2055 1054 2093 ἀπο
1081 2054 1136 2093 πί-

112 2135 219 2163 στεως
251 2117 425 2171 σωτηρίαν
460 2116 581 2160 διδούς.
602 2116 711 2161 1’Πως
741 2120 798 2155 οὖν
832 2116 976 2192 ἔφυγον,
1007 2118 1052 2154 Εἰ
1074 2115 1135 2167 μὲν

111 2180 179 2232 γὰρ
198 2181 244 2223 εἷς
267 2178 486 2256 δικαστήριρν
514 2178 621 2216 ἐλθὼν
650 2178 821 2225 ἐκάθισεν,
838 2178 911 2230 εἶχέ
938 2193 1016 2215 τινα
1035 2176 1136 2230 λόγον

112 2243 151 2280 τὸ
167 2241 368 2294 εἰρημένον·
387 2243 404 2279 ὁ
423 2240 490 2293 γὰρ
512 2239 648 2292 πονηρα
664 2239 825 2283 συνειδως
843 2241 976 2292 ἑαυτι),
998 2239 1056 2278 τὸν
1086 2240 1138 2277 δι-

113 2302 260 2346 κάζοντα
279 2300 413 2353 φεύγειν
432 2300 548 2339 εἴωθε·
567 2317 616 2351 τι)
640 2300 675 2338 δὲ
696 2316 932 2353 συγγωρουντι
949 2300 1009 2338 καὶ
1028 2316 1139 2352 προσ-

113 2362 291 2416 τρέχουσιν
308 2378 339 2400 οι
367 2360 720 2412 πεπλημμεληκότες.
744 2362 789 2399 Εἰ
815 2360 927 2399 τοίνυν
949 2377 1138 2413 συγχωρων

113 2420 218 2472 ἠλθε,
238 2423 376 2466 τούτους
408 2423 560 2474 μάλιστα
588 2424 825 2499 προσδραμεῖν
857 2422 946 2466 εἰκὸς
973 2427 1031 2471 ἠν,
1064 2439 1141 2466 τους

114 2485 228 2524 πολλὰ
251 2484 446 2528 συνειδότας
461 2487 595 2528 ἑαυτοῖς
617 2484 876 2538 ἁμαρτήματα·
898 2483 983 2536 ὅπερ
1002 2487 1059 2522 οὖν
1080 2484 1139 2522 καὶ

115 2546 173 2584 ἐπὶ
200 2547 336 2584 πολλῶν
356 2544 488 2596 γέγονε.
507 2544 577 2582 Καὶ
595 2544 664 2596 γὰρ
686 2544 745 2581 καὶ
765 2545 912 2581 τελῶναι
936 2543 996 2581 καὶ
1028 2544 1140 2596 ἁμαρ·
1164 2544 1187 2574 Β

114 2606 219 2644 τωλοὶ
244 2604 418 2651 ἐλθόντες,
438 2603 677 2642 συνανέκειντο
699 2607 749 2655 τῷ
768 2604 894 2650 Ἰησοῦ.
916 2603 964 2641 Τί
985 2597 1042 2641 οἶν
1070 2605 1144 2642 ἐστι

115 2668 154 2706 τὸ
187 2665 390 2718 λεγόμενον,
425 2664 515 2716 Περὶ
544 2668 612 2702 τῶν
645 2663 858 2717 αἱρουμένων
890 2664 1078 2707 διαπαντὸς
1108 2665 1143 2701 ἐν

116 2726 223 2778 κακίᾳ
238 2725 351 2777 μένειν
371 2730 482 2764 ταῦτα
511 2724 615 2776 λέγει.
634 2725 744 2768 Αὐτὸς
765 2723 826 2775 μὲν
858 2723 926 2777 γὰρ
959 2724 1015 2762 διὰ
1046 2729 1146 2763 τοῦτο

115 2783 232 2835 ἦλθεν,
252 2786 308 2824 ἵνα
333 2786 376 2823 τὰ
399 2785 460 2837 μὲν
492 2785 646 2838 πρότερα
679 2789 749 2838 ἀφῇ
776 2784 1039 2837 ἁμαρτήματα,
1058 2785 1145 2838 πρὸς

116 2849 151 2887 δὲ
178 2848 222 2886 τὰ
243 2847 415 2899 μέλλοντα
432 2846 684 2899 ἀσφαλίσηται.
704 2846 851 2893 Ἐπειδὴ
872 2846 908 2885 δέ

116 2970 256 3017 πόνους,
275 2971 322 3012 ὡς
352 2971 399 3012 εἷς
429 2968 581 3020 ἐσχάτας
614 2969 789 3012 ἀναπνοὰς
818 2967 1003 3020 βούλεσθαι
1035 2984 1144 3020 προσ-

117 3031 267 3084 εδρεύειν
293 3032 336 3081 τῇ
358 3029 528 3082 πονηρίᾳ,
558 3029 617 3066 καὶ
650 3029 826 3080 μηδέποτε
851 3031 958 3075 αὐτῆς
989 3029 1142 3081 ἀφίστα-

118 3096 210 3140 σθαι,
220 3090 361 3134 τούτους
372 3089 604 3128 ἐπισκώπτων
622 3092 769 3129 ἐνταῦθα
785 3091 896 3137 δηλοῖ.
915 3089 1062 3136 Ἐπειδὴ
1075 3089 1143 3143 γὰρ

117 3152 160 3191 ‘¹6
179 3152 444 3205 χριστιανισμὸς
467 3149 526 3189 καὶ
541 3151 580 3189 τὸ
595 3153 658 3197 τῆς
674 3154 742 3189 τῶν
759 3150 943 3202 δογμάτων
960 3150 1145 3202 ὀρθότητος

162 3301 174 3314 ³
192 3289 253 3322 Alii
269 3295 314 3323 ἵνα
326 3296 370 3332 μὴ
389 3293 514 3333 ἐλεγχθῇ
529 3292 630 3323 αὐτοῦ.

164 3341 180 3365 ¹>
203 3339 316 3374 Morel.
335 3344 435 3374 οὐκοῦν
451 3345 499 3375 ἐπὶ
517 3349 596 3384 κακῷ
618 3349 661 3384 τῷ
677 3343 789 3373 ἑαυτῶν
810 3345 922 3384 ἔφυγον.
943 3340 1033 3381 [Mox
1057 3341 1119 3373 Sa-

120 3391 174 3425 vil.
193 3400 225 3424 et
240 3390 349 3425 Codd.
362 3393 467 3425 nostri
484 3397 521 3430 εἰς
537 3400 614 3425 ante
628 3395 811 3437 δικαστήριον
822 3391 1011 3434 omittunt.]

1165 211 1325 242 xxvln.
1363 195 1423 241 al.

942 897 996 936 δια
1029 913 1130 936 τουτο

487 1951 539 1973 ινα
564 1934 611 1985 μὴ
635 1937 815 1987 φανερωθῇ
841 1934 946 1972 αὐτοῦ
971 1934 1016 1971 τὰ
1035 1933 1133 1985 ἔργα.

111 1997 181 2036 Καὶ
203 1996 269 2048 μὴν
291 1998 327 2035 οὐ
348 1995 474 2048 κρίνων
500 1995 577 2034 οὐδὲ
600 1995 763 2040 ἐξετάζων
790 1990 906 2042 ἦλθεν,
938 1993 1028 2033 ἀλλὰ
1048 2010 1135 2046 συγ-

939 2846 1029 2890 τινές
1057 2848 1142 2884 εἰσιν

116 2910 207 2948 οὕτω
222 2913 343 2961 χαῦνοι
362 2908 421 2946 καὶ
437 2907 678 2959 διαλελυμένοι
699 2907 785 2959 πρὸς
810 2912 823 2928 ⁰
835 2906 915 2950 τοὺς
934 2909 997 2953 τῆς
1018 2909 1144 2960 ἀρετῆς

2100 197 2182 245 185

1196 291 1308 340 idest,
1324 292 1376 328 Ne
1398 301 1499 343 putes
1524 307 1639 331 moras
1659 294 1810 345 peccatis
1831 293 2026 330 obnoxium
2041 295 2179 345 juvare,

1196 350 1264 388 nisi
1291 350 1489 402 resipuerit.
1506 353 1598 390 Nam
1617 353 1677 404 qui
1699 365 1767 391 non
1789 352 1992 401 crediderit,
2010 353 2097 389 nihil
2111 353 2179 389 dif-

1196 411 1281 448 feret
1309 410 1355 448 ab
1383 411 1432 449 eis
1458 413 1519 463 qui
1542 414 1619 465 jam
1634 413 1786 466 judicati
1814 423 1895 451 sunt
1919 422 1951 451 et
1973 413 2180 465 puniuntur.

1198 472 1260 509 49.
1281 473 1368 509 Hoc
1384 481 1438 510 est
1458 476 1800 527 autemjudicium,
1825 477 1916 527 quia
1935 475 2001 512 lux
2019 476 2127 510 venit
2143 475 2185 509 in

1200 532 1405 578 mundum,
1432 542 1469 571 et
1494 535 1711 573 dilexerunt
1737 536 1910 572 homines
1936 537 2058 586 magis
2084 541 2185 570 tene-

1201 593 1290 630 bras
1305 605 1424 644 quam
1444 594 1565 632 lucem
1570 610 1584 639 ;
1604 594 1672 632 hoc
1691 603 1754 643 est,
1775 594 1859 633 Ideo
1875 594 2086 646 puniuntur,
2103 594 2185 644 quia

1198 652 1359 691 tenebras
1387 653 1583 705 relinquere
1603 664 1636 692 et
1665 654 1710 692 ad
1728 655 1845 692 lucem
1868 668 2049 692 accurrere
2068 654 2188 692 nolue-

1199 722 1295 751 runt.
1321 713 1387 751 His
1407 714 1525 753 verbis
1547 728 1688 753 omnem
1704 715 1749 752 ab
1766 715 1840 752 illis
1858 715 1970 752 aufert
1988 715 2187 753 excusatio-

1200 788 1292 812 nem.
1313 776 1405 812 Nam
1420 774 1448 812 si
1467 775 1619 814 rationes
1640 785 1673 814 et
1692 790 1811 828 poenas
1826 775 2047 828 expetiturus
2064 775 2188 813 venis-

1202 849 1287 883 sem,
1302 835 1430 886 inquit‚
1450 835 1568 875 dicere
1582 846 1723 889 possent
1745 853 1753 873 ε
1773 836 1858 875 Ideo
1883 836 2096 874 resiluimus.
2120 836 2190 874 Sed

1201 895 1283 935 veni
1302 905 1341 934 ut
1363 896 1443 935 illos
1464 911 1483 935 a
1501 898 1655 935 tenebris
1672 898 1858 950 eriperem,
1880 907 1912 935 et
1932 897 2003 935 luci
2023 897 2190 935 admove-

1200 970 1286 994 rem.
1304 956 1395 1003 Quis
1415 970 1498 1009 ergo
1523 958 1732 996 misereatur
1751 959 1841 1011 ejus,
1863 958 1925 1009 qui
1940 972 1960 995 a
1978 958 2132 996 tenebris
2146 957 2191 995 ad

1204 1016 1320 1054 lucem
1333 1018 1453 1056 venire
1478 1019 1640 1057 recusat?
1657 1019 1748 1056 Cum
1771 1018 1866 1056 enim
1890 1018 1990 1056 nulla
2009 1018 2052 1056 de
2073 1033 2111 1056 re
2130 1030 2192 1056 nos

1204 1078 1364 1116 incusare
1387 1079 1533 1131 possint,
1553 1079 1681 1130 inquit,
1706 1078 1767 1117 sed
1794 1079 1892 1117 mille
1912 1079 2094 1117 beneficiis
2121 1079 2192 1117 sint

1204 1139 1335 1187 affecti,
1356 1153 1375 1177 a
1402 1140 1503 1178 nobis
1526 1140 1698 1178 resiliunt.
1724 1141 1798 1178 Hac
1818 1139 1862 1178 de
1885 1154 1921 1178 re
1948 1154 2086 1191 quoque
2112 1139 2193 1177 illos

1460 210 1607 241 XXVH.

1206 1199 1291 1237 alibi
1309 1215 1476 1239 accusans
1494 1201 1648 1250 dicebat,
1674 1203 1771 1239 Odio
1791 1203 2008 1239 habuerunt
2029 1216 2088 1238 me
2104 1215 2194 1253 gra·
2207 1220 2298 1247 Joan.
2325 1220 2370 1248 ¹5¹

1156 1263 1275 1308 Etzs;
1296 1269 1329 1298 et
1360 1275 1515 1311 rursum,
1535 1261 1575 1300 Si
1606 1274 1684 1298 non
1712 1264 1904 1299 venissem
1945 1269 1979 1298 et
2014 1262 2192 1313 loquutus
2209 1261 2257 1291 25·
2278 1262 2327 1298 24.

1195 1322 1364 1373 fuissem
1384 1324 1450 1369 eis,
1467 1330 1668 1373 peccatmn
1689 1335 1766 1359 non
1786 1323 1984 1359 haberent.
2005 1321 2076 1368 Qui
2100 1322 2193 1361 enim

1207 1395 1333 1433 expers
1351 1381 1441 1419 lucis
1455 1382 1489 1418 in
1511 1382 1662 1419 tenebris
1680 1381 1789 1431 sedet,
1812 1382 1958 1419 fortasse
1973 1382 2110 1420 veniam
2127 1382 2194 1420 im-

1208 1453 1337 1496 petret;
1359 1445 1420 1494 qui
1443 1458 1524 1483 vero
1553 1453 1631 1496 post
1650 1444 1743 1481 lucis
1762 1443 1958 1482 adventum
1988 1445 2024 1482 in
2043 1445 2195 1483 tenebris

1207 1504 1347 1552 residet,
1375 1518 1549 1556 perversae
1582 1514 1614 1541 et
1646 1504 1842 1555 pervicacis
1871 1505 2065 1543 voluntatis
2089 1520 2195 1556 argu-

1207 1575 1365 1603 mentum
1384 1580 1455 1617 prae
1476 1578 1510 1604 se
1532 1565 1611 1603 fert.
1637 1564 1774 1602 Deinde
1787 1565 1870 1615 quia
1894 1564 1932 1602 id
1948 1564 2044 1615 quod
2059 1565 2196 1604 dictum

1206 1627 1321 1664 fuerat
1340 1626 1464 1664 multis
1499 1626 1710 1664 incredibile
1739 1626 1929 1665 videbatur
1951 1630 2073 1674 (nemo
2103 1627 2197 1665 enim

1208 1687 1368 1725 tenebras
1394 1687 1466 1726 luci
1498 1686 1731 1739 praetulerit),
1758 1700 1901 1724 causam
1919 1686 2020 1738 ponit
2056 1701 2118 1725 cur
2149 1687 2199 1725 sie

1209 1749 1325 1786 affecti
1351 1757 1477 1786 essent.
1502 1748 1675 1795 Quaenam
1704 1748 1781 1785 haec
1815 1748 1889 1786 est?
1919 1750 2048 1786 Erant
2078 1751 2194 1795 enim,

1210 1810 1337 1861 inquit,
1357 1823 1488 1848 eorum
1512 1811 1620 1848 mala
1649 1824 1777 1862 opera.
1802 1810 1867 1847 ΞΟ.
1902 1811 2036 1847 Omnis
2070 1818 2199 1848 autem

1211 1874 1277 1923 qui
1297 1872 1400 1910 male
1417 1872 1541 1924 facit,
1569 1872 1649 1909 odit
1678 1871 1815 1918 lucem,
1851 1879 1888 1908 et
1910 1884 1988 1908 non
2013 1874 2123 1909 venit
2148 1872 2202 1908 ad

1213 1933 1349 1979 lucem,
1391 1940 1432 1970 ut
1460 1946 1537 1969 non
1573 1940 1790 1983 arguantur
1823 1945 1938 1983 opera
1969 1933 2063 1983 ejus.
2101 1931 2202 1968 Certe

1211 2007 1281 2031 non
1297 1993 1341 2030 ad
1353 1991 1592 2044 judicandum
1605 1992 1662 2031 vel
1677 1990 1990 2043 adinquirendum
2002 1991 2117 2040 venit;
2137 1991 2200 2029 sed

1210 2063 1250 2092 ut
1276 2054 1418 2093 veniam
1443 2062 1477 2091 et
1504 2052 1748 2091 remissionem
1774 2061 2000 2105 peccatorum
2027 2051 2140 2102 daret,
2160 2044 2203 2089 act

1210 2115 1359 2155 salutem
1375 2129 1439 2168 per
1463 2114 1571 2153 fidem
1587 2114 1792 2166 largiretur.
1814 2115 1888 2151 Cur
1908 2127 1991 2165 ergo
2009 2112 2203 2164 fugerunt?

1210 2177 1304 2214 Nam
1323 2176 1352 2214 si
1367 2175 1593 2228 judicaturus
1612 2175 1649 2212 in
1672 2174 1845 2213 tribunali
1874 2174 2033 2223 sedisset,
2048 2174 2204 2225 aliquem

1211 2237 1449 2276 excusationis
1480 2237 1636 2275 colorem
1665 2236 1884 2274 habuissent.
1906 2235 1978 2282 Qui
2005 2235 2099 2272 enim
2127 2249 2203 2272 ma-

1210 2298 1327 2337 lorum
1346 2298 1414 2336 sibi
1429 2298 1590 2336 conscius
1606 2306 1669 2346 est,
1683 2295 1842 2348 judicem
1870 2296 1993 2347 fugere
2010 2295 2097 2333 solet
2118 2310 2125 2330 ε
2142 2309 2202 2332 ve-

1211 2360 1308 2399 niam
1341 2369 1459 2398 autem
1487 2358 1735 2397 concedentem
1763 2367 1964 2409 peccatores
1985 2369 2105 2393 omnes
2137 2355 2203 2392 ad—

1212 2430 1304 2459 eunt.
1327 2420 1366 2458 Si
1393 2433 1477 2470 ergo
1505 2418 1766 2457 condonaturus
1799 2417 1907 2464 venit,
1948 2415 2012 2453 hos
2045 2415 2203 2453 maxime

1212 2494 1394 2519 accurrere
1418 2494 1484 2532 par
1524 2489 1610 2527 erat,
1640 2478 1701 2528 qui
1740 2477 1937 2514 multorum
1968 2476 2037 2513 sibi
2073 2476 2204 2514 conscii

1212 2551 1310 2580 erant
1320 2550 1543 2593 peccatorum
1560 2556 1566 2575 ε
1581 2539 1676 2589 quod
1689 2538 1795 2576 etiam
1810 2538 1914 2575 multi
1929 2538 2100 2575 fecerunt.
2112 2538 2204 2576 Nam

1213 2612 1246 2641 et
1276 2601 1461 2654 publicani
1487 2609 1520 2638 et
1550 2608 1752 2652 peccatores
1782 2598 1979 2648 venientes,
2005 2612 2086 2635 cum
2116 2599 2202 2637 Jesu

1213 2662 1479 2700 accumbebant.
1498 2660 1596 2707 Quid
1614 2674 1697 2712 ergo
1715 2660 1783 2697 sibi
1812 2660 1892 2699 vult
1911 2659 2031 2697 illud?
2048 2660 2102 2696 De
2128 2659 2201 2696 illis

1212 2723 1369 2774 loquitur
1387 2721 1448 2773 qui
1467 2722 1503 2759 in
1518 2721 1674 2771 nequitia
1693 2720 1837 2759 omnino
1856 2733 2061 2772 permanere
2081 2719 2201 2757 (lecre-

1211 2792 1353 2824 verunt.
1371 2784 1449 2834 lpse
1468 2795 1618 2832 namque
1637 2780 1716 2819 ideo
1734 2781 1844 2830 venit,
1865 2790 1905 2818 ut
1923 2781 2042 2833 priora
2058 2789 2201 2833 peccata

1212 2844 1416 2892 dimitteret,
1436 2852 1469 2880 et
1487 2841 1662 2880 adfutura
1674 2841 1831 2881 cavenda
1846 2843 2087 2879 confirmaret.
2107 2842 2200 2888 Quia

1212 2921 1296 2946 vero
1314 2905 1462 2958 quidam
1480 2914 1561 2944 sunt
1579 2904 1628 2942 ita
1648 2905 1773 2943 molles
1794 2913 1829 2943 et
1855 2904 2021 2942 dissoluti
2051 2904 2097 2943 ad
2124 2904 2201 2944 vir-

1214 2969 1299 3007 tutis
1322 2966 1545 3006 sustinendos
1566 2967 1717 3016 labores,
1733 2975 1772 3004 ut
1788 2966 1835 3004 ad
1862 2976 2063 3005 extremum
2089 2982 2201 3018 usque

1213 3029 1367 3067 halitum
1385 3028 1496 3068 velint
1509 3027 1545 3066 in
1560 3027 1714 3080 peccatis
1733 3027 1932 3080 persistere,
1951 3036 1985 3065 et
2003 3042 2202 3079 numquam

1213 3089 1259 3128 ab
1295 3089 1368 3128 illis
1400 3088 1599 3137 abscedere,
1627 3087 1711 3125 illos
1742 3087 1803 3125 hic
1843 3087 2015 3126 incessere
2048 3089 2200 3127 videtur.

1214 3149 1307 3198 Quia
1339 3149 1433 3188 enim
1466 3147 1760 3186 Christianismus
1795 3161 1876 3186 cum
1914 3158 2007 3186 recta
2042 3148 2201 3187 doctrina

1234 3299 1247 3315 Ε
1271 3288 1386 3322 Morel.
1405 3289 1470 3324 τοὺς
1488 3289 1561 3330 ὑπὲρ
1579 3292 1631 3323 τῆς
1647 3291 1767 3330 ἀρετῆς.

1232 3342 1248 3366 d
1264 3340 1381 3381 Morel.
1401 3344 1415 3374 ὁ
1433 3342 1603 3384 χριστιανὸς
1619 3342 1699 3379 μετ’).
1716 3341 1749 3369 τὸ
1767 3343 1827 3373 τῆς.

2260 3156 2406 3185 ΕΙιιίΞιίλ-
