2481 3678
714 142 754 169 im*
792 142 995 171 „tortum-:M
1035 141 1197 170 nomi„
1235 141 1360 170 xm'l.
1399 126 1460 170 al.

128 225 235 263 ἄδυτα
269 224 429 263 εἰσιέναι·
462 226 561 260 τοῦτο
592 222 630 259 τὸ
661 216 749 273 αἷμα
777 224 887 276 ἱερέας
923 221 1145 274 ἐχειροτόνει·

126 290 225 324 τοῦτο
245 285 411 324 ἀπέλουεν
433 282 606 335 ἁμαρτίας
625 285 659 321 ἐν
675 289 744 326 τοῖς
764 283 893 327 τύποις.
916 285 960 321 Εἰ
976 282 1011 322 δὲ
1029 284 1062 320 ἐν
1079 288 1148 325 τοῖς

125 347 243 391 τύποις
258 347 426 393 τοσαύτην
442 345 541 397 ἔσχεν
563 344 673 397 ἰσχὺν,
687 347 716 383 εἰ
733 344 796 391 τὴν
812 345 912 383 σκιὰν
927 343 1034 386 οὕτως
1049 345 1066 380 ὃ
1086 342 1149 380 θά-

124 424 224 452 νατος
243 407 355 461 ἔφριξε
368 437 377 455 ,
393 406 457 453 τὴν
473 405 635 452 ἀλήθειαν
658 406 778 453 αὐτὴν,
799 404 875 443 εἰπέ
892 420 972 455 μοι,
994 406 1066 446 πῶς
1086 404 1148 440 οὐκ

125 468 165 505 ἂν
186 468 360 519 ἐφοέήοη;
382 469 495 506 Τοῦτο
509 471 530 514 ἡ
547 467 703 518 σωτηρία
722 469 790 505 τῶν
811 464 990 518 ἡμετέρων
1012 465 1147 515 ψυχῶν,

123 529 256 581 ιιτούτῳ
271 528 409 567 λούεται
422 530 444 574 ἡ
460 527 554 580 ψυχὴ
568 559 577 576 ,
598 527 709 580 τούτῳ
734 524 1013 571 καλλωπίζεται,
1035 523 1147 575 τούτῳ

122 594 306 642 πυροῦται,
337 594 438 628 τοῦτο
468 589 573 643 πυρὸς
602 587 844 641 λαμπρότερον
871 584 1052 637 ἐργάζεται
1087 585 1145 624 τὸν

120 655 197 689 νοῦν
228 650 286 688 τὸν
317 651 498 704 ἡμέτερον,
525 655 626 689 τοῦτο
649 648 794 710 χρυσίου
824 645 1051 698 φαιδροτέραν
1083 645 1145 693 τὴν

120 711 235 764 ψυχὴν
253 719 365 761 ποιεῖ,
383 717 484 751 τοῦτο
499 711 640 764 ἐξεχύθη
658 710 698 748 τὸ
718 712 807 758 αἱμα
819 737 828 755 ,
850 706 910 745 καὶ
926 707 983 745 τὸν
1003 708 1144 759 οὐρανὸν

120 772 262 820 ἐποίησε
284 773 403 824 βατόν.

172 833 314 885 Φρικτὰ
334 833 439 876 ὅντως
467 832 510 870 τὰ
532 831 708 884 μυστήρια
730 833 792 877 τ’ῆς
811 830 1047 878 Ἐκκλησίας,
1069 845 1145 884 φρι-

118 894 196 933 κτὸν
214 895 319 938 ὅντως
333 895 373 932 τὸ
389 892 648 944 θυσιαστήριον.
670 891 862 930 Ἀνέδαινεν
889 894 927 930 ἐκ
945 895 1004 930 τοῦ
1020 908 1142 945 παρα-

117 955 228 994 δείσου
247 954 362 1004 πηγὴ,
378 953 556 1005 ποταμοὺς
584 957 598 972 ‘³
611 952 793 1001 αἰσθητοὺς
825 953 1024 1005 προχέουσα
1036 968 1043 975 ·
1074 954 1143 992 ἀπὸ

115 1018 177 1061 τ’ἧς
193 1016 366 1068 τραπέζης
381 1015 511 1061 ταύτης
535 1015 645 1054 ἄνεισι
663 1015 760 1066 πηγὴ
772 1045 781 1063 ,
800 1014 979 1065 ποταμοὺς
1001 1017 1141 1067 ἀφιεῖσα

114 1076 377 1128 πνευματικούς.
392 1076 499 1129 Παρὰ
517 1075 644 1123 ταύτην
669 1075 732 1122 τὴν
747 1076 865 1127 πηγὴν
884 1075 1139 1128 πεφυτευμέναι

113 1137 212 1186 εἰσὶν,
240 1141 300 1177 οὐκ
331 1137 420 1177 ἰτέαι
450 1138 620 1190 ἄκαρποι,
655 1137 744 1176 ἀλλὰ
774 1137 897 1188 δένδρα
926 1137 1010 1190 πρὸς
1039 1138 1137 1176 αὐτὸν

113 1199 285 1251 φθάνοντα
303 1199 359 1237 τὸν
376 1199 531 1251 οὐρανὸν,
547 1198 679 1252 καρπὸν
707 1198 832 1250 ἔχοντα
861 1197 992 1250 ὥριμον
1011 1198 1064 1237 ἀεὶ
1079 1198 1137 1236 καὶ

113 1260 325 1313 ἀμάραντον.
346 1260 393 1298 Εἴ
405 1276 456 1303 τις
469 1263 670 1306 καυσοῦται,
687 1259 784 1313 παρὰ
798 1259 926 1306 ταύτην
943 1260 1057 1306 ἡκέτω
1072 1260 1135 1308 τὴν

112 1320 242 1372 πηγὴν,
264 1321 323 1359 καὶ
337 1320 570 1373 καταψυχέτω
586 1321 625 1359 τὸ
642 1325 778 1364 καῦσος.
799 1321 870 1359 Καὶ
893 1321 960 1373 γὰρ
981 1321 1137 1374 αὐχμοὺς

111 1382 202 1430 λύει,
224 1383 284 1422 καὶ
314 1383 359 1421 τὰ
389 1384 516 1429 διακαῆ
546 1381 683 1420 ῑπάντα
711 1382 930 1434 παραψύχει,
959 1384 997 1420 οὐ
1027 1382 1071 1421 τὰ
1101 1382 1135 1426 ἐξ

110 1444 208 1490 ἡλίου
230 1444 477 1494 διακαιόμενα,
495 1442 585 1482 ἀλλὰ
604 1442 648 1481 τὰ
671 1443 740 1481 ἀπὸ
760 1446 829 1481 τῶν
857 1445 967 1494 βελῶν
985 1447 1052 1482 τῶν
1072 1460 1134 1482 πε-

110 1504 339 1556 πυρωμένων.
357 1505 427 1542 Καὶ
446 1503 514 1557 γὰρ
528 1503 591 1550 τὴν
610 1504 722 1556 ἀρχὴν
739 1503 866 1542 ἄνωθεν
883 1503 977 1555 ἔχει,
999 1503 1058 1541 καὶ
1071 1503 1132 1551 τὴν

110 1565 204 1618 ῥίζαν
233 1568 374 1614 ἐκεῖθεν,
408 1566 482 1604 ὅθεν
513 1565 573 1603 καὶ
602 1564 756 1618 ἄρδεται.
788 1565 919 1603 Πολλοὶ
947 1564 1075 1612 ταύτης
1102 1568 1133 1604 οἱ

110 1626 233 1679 ῥύακες
253 1631 315 1674 τῆς
337 1629 474 1677 πηγῆς,
499 1627 556 1671 οὒς
581 1627 722 1679 ἀφίησιν
745 1630 762 1665 ὁ
790 1627 1043 1678 Παράκλητος·
1072 1627 1132 1666 καὶ

111 1688 252 1739 μεσίτης
271 1693 289 1728 ὁ
310 1689 392 1734 Υἱὸς
419 1689 571 1742 γίνεται,
602 1692 639 1728 οὐ
668 1689 827 1727 δίκελλαν
851 1689 941 1741 ἔχων
973 1690 1032 1727 καὶ
1058 1690 1133 1728 ὁδο-

108 1754 230 1800 ποιῶν,
257 1751 347 1790 ἀλλὰ
372 1751 435 1799 τὴν
465 1752 614 1791 διάθεσιν
647 1751 793 1804 ἀνοίγων
818 1751 881 1799 τὴν
918 1754 1001 1804 παρ’
1032 1756 1130 1803 ἡμῖν.

108 1813 205 1860 Αὕτη
223 1816 244 1860 ἡ
262 1813 358 1865 πηγὴ
388 1813 500 1865 φωτός
528 1816 600 1852 ἐστι
625 1813 743 1865 πηγὴ,
772 1813 1011 1858 ἀναὸλύζουσα
1039 1816 1130 1861 ἀλη-

108 1873 200 1918 θείας
216 1877 368 1918 ἀκτῖνας.
385 1874 505 1927 Ταύτῃ
532 1875 592 1914 καὶ
613 1878 648 1914 αἱ
669 1876 740 1913 ἅνω
763 1874 1005 1927 παρεστήκασι
1031 1875 1130 1913 δυνά-

107 1952 202 1986 μεις,
225 1936 310 1989 πρὸς
333 1937 371 1974 τὸ
392 1936 518 1981 κάλλος
538 1939 704 1989 ἐνορῶσαι
732 1940 799 1974 τῶν
829 1936 984 1988 ῥείθρων,
1010 1936 1128 1985 ἐπειδὴ

106 1996 163 2034 καὶ
198 1996 407 2050 σαφέστερον
439 2000 567 2036 ἐκεῖναι
594 2000 662 2036 τῶν
694 1998 931 2052 προκειμένων
966 2002 1130 2052 θεωροῦσι

104 2057 168 2104 τὴν
198 2058 355 2110 δύναμιν,
382 2059 441 2098 καὶ
466 2059 526 2104 τὰς
559 2060 792 2114 μαρμαρυγὰς
818 2060 880 2104 τὰς
910 2060 1128 2113 ἀπροσίτ;υς.

103 2118 247 2172 ‘'stc-nep
264 2120 332 2172 γὰρ
350 2125 480 2172 χρυσοῦ
501 2121 694 2172 τηκομένου
706 2151 716 2168 ,
740 2121 781 2158 ἄν
803 2138 840 2160 τε
862 2120 924 2168 τὴν
954 2122 1057 2174 χεῖρά
1078 2139 1130 2166 τις

105 2180 261 2232 ἐμέοίλῃ,
294 2184 323 2220 εἰ
354 2177 421 2221 οἷον
448 2199 486 2221 τε
510 2176 565 2229 ἦν,
587 2183 628 2220 ἅν
649 2199 687 2220 τε
706 2181 769 2229 τὴν
797 2185 967 2234 γλῶτταν,
995 2187 1128 2235 χρυσῆν

105 2241 228 2286 εὐθέως
248 2242 353 2290 αὐτὴν
369 2244 531 2292 ἐποίησεν
552 2245 627 2282 *ἄν’
646 2244 736 2283 οὕτω
755 2243 797 2292 δὴ
816 2244 874 2282 καὶ
884 2247 1002 2298 πολλῷ
1025 2246 1129 2284 πλέον

104 2307 250 2343 ἐνταῦθα
268 2305 331 2352 τὴν
353 2306 467 2358 ψυχὴν
488 2307 668 2359 ἐργάζεται
687 2306 731 2344 τὰ
749 2306 973 2360 προκείμενα.
999 2308 1130 2352 Ἀναζεῖ

105 2364 167 2413 μὲν
183 2364 249 2419 γὰρ
265 2366 371 2419 πυρὸς
390 2366 617 2420 σφοδρότερον
641 2370 658 2405 ὃ
677 2367 851 2418 ποταμὸς,
868 2368 945 2405 ἀλλ’
963 2370 1000 2406 οὐ
1016 2368 1107 2432 καίει
1119 2399 1128 2416 ,

105 2426 196 2464 ἀλλὰ
216 2427 374 2478 βαπτίζει
406 2428 507 2477 μόνον
526 2428 611 2480 ὅπερ
632 2428 671 2466 ἂν
698 2429 804 2480 λάέῃ.
832 2431 945 2467 Τοῦτο
974 2430 1014 2468 τὸ
1042 2434 1130 2481 αἱμα

104 2487 234 2524 ἄνωθεν
249 2491 484 2538 προετυποῦτο
500 2488 554 2526 ἀεὶ
569 2525 578 2536 Ι
597 2491 629 2526 ἐν
647 2489 922 2540 θυσιαστηρίοις,
937 2492 971 2528 ἐν
987 2491 1129 2529 δικαίων

104 2555 270 2600 σφαγαῖς·
289 2553 390 2587 τοῦτο
405 2552 426 2595 ἡ
443 2549 528 2600 τιμὴ
541 2553 603 2596 τ’ῆς
616 2550 818 2600 οἰκουμένης
831 2581 840 2597 ,
856 2550 964 2602 τούτῳ
977 2552 1130 2605 ἠγόρασε

103 2609 165 2656 τὴν
201 2609 416 2656 Ἐκκλησίαν
449 2614 466 2648 ὃ
503 2611 674 2663 Χριστὸς,
713 2611 821 2664 τούτῳ
865 2612 1127 2663 κατεκόσμησεν

105 2670 211 2718 αὐτὴν
229 2671 384 2710 ἅπασαν.
407 2672 575 2723 Καθάπερ
591 2672 658 2724 γὰρ
675 2673 853 2724 ἅνθρωπος
867 2674 1003 2716 οἰκέτας
1021 2674 1127 2713 ὠνού-

104 2749 203 2783 μενος
222 2733 364 2785 χρυσίον
383 2733 521 2781 δίδωσι,
542 2734 601 2772 καὶ
621 2734 844 2772 καλλωπίσαι
872 2735 977 2773 πάλιν
1007 2736 1128 2780 αὐτοὺς

105 2795 332 2846 βουλόμενος,
348 2799 469 2848 χρυσῷ
485 2801 584 2835 τοῦτο
603 2803 711 2835 ποιεῖ·
728 2796 818 2836 οὕτω
837 2798 896 2835 καὶ
913 2801 930 2836 ὁ
951 2799 1102 2850 Χριστὸς
1117 2830 1126 2847 ,

103 2857 161 2894 καὶ
176 2856 346 2910 ἠγόρασεν
365 2861 458 2908 ἡμᾶς
474 2857 616 2910 αἵματι,
633 2859 692 2897 καὶ
712 2859 907 2910 ἐκόσμησεν
928 2859 1064 2911 αἵματι.
1080 2864 1126 2900 Οἱ

102 2917 221 2956 τούτου
245 2918 444 2970 μετέχοντες
471 2923 531 2957 τοῦ
559 2921 725 2971 αἵματος,
757 2920 846 2971 μετὰ
868 2921 1035 2973 ἀγγέλων,
1068 2922 1127 2960 καὶ

103 2978 344 3031 ἀρχαγγέλων,
361 2980 420 3017 καὶ
435 2982 502 3017 τῶν
519 2981 591 3018 ἅνω
609 2982 786 3033 δυνάμεων
804 2982 1003 3031 ἑστήκασιν,
1019 2983 1124 3030 αὐτὴν

102 3039 335 3093 περικείμενοι
361 3044 419 3079 τοῦ
447 3042 598 3095 Χριστοῦ
622 3043 683 3090 τὴν
717 3044 900 3095 βασιλικὴν
921 3045 1058 3092 στολὴν,
1083 3046 1126 3083 τὰ

101 3101 193 3139 ὅπλα
212 3101 348 3153 ἔχοντες
364 3101 408 3140 τὰ
429 3104 662 3154 πνευματικοί.
683 3105 773 3143 Ἀλλ’
796 3105 892 3143 οὐδὲν
917 3099 1010 3144 εἷπον
1032 3108 1125 3144 οὐδέ-

103 3178 158 3199 πω
184 3162 294 3213 μέγα·
333 3163 435 3202 αὐτὸν
469 3165 537 3217 γάρ
574 3167 658 3203 εἰσιν
685 3165 900 3217 ἐνδεδυμένοι
931 3166 988 3204 τὸν
1025 3170 1124 3217 βασι-

147 3283 161 3307 d
188 3283 300 3315 Morel.
318 3288 413 3327 τούτῳ
428 3288 540 3323 ἥδεται.

149 3342 158 3351 ¹'
182 3334 282 3367 Saxil.
303 3340 455 3374 ιῖσθητούς
472 3344 597 3380 ἀφιεῖσα.

1173 662 1196 690 l)

1147 1779 1193 1804 2730

2151 136 2201 181 15

2113 136 2134 147 „-

2113 151 2135 178 ἶ)

1504 143 1591 172 XLV

1220 220 1355 268 anima,
1386 220 1454 256 hoc
1486 229 1654 271 ornatur,
1689 223 1756 260 hoc
1789 225 2015 263 incenditur:
2040 228 2097 266 hic
2126 230 2206 280 igne

1221 280 1500 334 splendidiorem
1532 292 1685 322 mentem
1705 294 1860 323 nostram
1876 285 1993 326 reddit
2013 305 2020 325 :
2040 290 2099 328 hic
2127 305 2202 330 san-

1223 343 1302 394 guis
1318 343 1450 381 effusus
1466 344 1592 382 caelum
1608 345 1773 398 pervium
1790 347 1884 386 fecit.

1271 835 1307 871 4.
1340 834 1540 873 Tremenda
1560 850 1642 876 vere
1662 839 1831 890 mysteria
1856 839 2042 892 Ecclesiae3
2060 843 2208 883 horren·

1217 895 1305 933 dum
1340 909 1424 934 vere
1459 897 1583 936 altare.
1629 898 1689 937 Ex
1727 899 1893 951 paradiso
1936 903 2014 941 fons
2046 906 2207 944 scaturiit

1216 957 1359 995 sensiles
1378 958 1540 997 emittens
1562 959 1691 999 fluvios
1714 977 1722 998 :
1744 976 1789 1000 ex
1811 962 1877 1001 hac
1895 979 2015 1004 mensa
2034 968 2112 1006 fons
2130 983 2205 1006 sca-

1215 1020 1302 1057 turit
1325 1020 1454 1059 fluvios
1470 1021 1632 1060 emittens
1651 1023 1864 1075 spirituales.
1887 1027 1941 1065 Ad
1961 1027 2058 1067 hunc
2073 1030 2205 1068 fontem

1213 1080 1400 1132 eriguntur
1419 1095 1489 1120 non
1510 1082 1635 1121 salices
1656 1083 1901 1138 infructuosae,
1920 1089 1979 1127 sed
1997 1090 2140 1129 arbores
2158 1090 2205 1130 ad

1212 1140 1332 1193 ipsum
1359 1142 1488 1181 caelum
1510 1145 1748 1196 pertingentes
1763 1177 1772 1194 ,
1796 1162 1876 1198 quae
1903 1149 2041 1189 fructus
2067 1167 2204 1205 semper

1211 1202 1414 1254 producunt
1428 1205 1665 1256 tempestivos,
1682 1207 1743 1257 qui
1758 1222 1952 1260 numquam
1964 1223 2198 1252 marcescunt.

1211 1263 1248 1300 Si
1281 1264 1361 1314 quis
1392 1274 1527 1316 aestuat,
1548 1266 1643 1305 hunc
1674 1267 1776 1306 adeat
1807 1270 1956 1323 fontem,
1978 1282 2011 1311 et
2038 1275 2201 1314 ardorem

1209 1332 1393 1378 temperet.
1413 1328 1506 1365 Nam
1527 1338 1651 1367 aestum
1675 1330 1790 1382 fugat,
1809 1341 1842 1370 et
1862 1333 1988 1373 adusta
2009 1337 2127 1375 omnia
2143 1352 2198 1376 re—

1208 1386 1355 1438 frigerat
1367 1403 1375 1424 t
1387 1402 1456 1426 non
1473 1404 1551 1440 quae
1565 1404 1611 1428 ex
1629 1391 1714 1429 solis
1732 1392 1858 1431 ardore
1872 1404 2034 1447 aestuant,
2046 1398 2106 1436 sed
2117 1414 2196 1450 quae

1208 1447 1321 1498 igneis
1341 1449 1480 1500 sagittis
1498 1459 1623 1488 exusta
1643 1461 1738 1490 sunt.
1760 1454 1963 1506 Supernum
1978 1458 2072 1497 enim
2090 1460 2197 1499 habet

1207 1509 1427 1562 principium
1445 1519 1478 1548 et
1497 1511 1670 1563 radicem,
1691 1513 1786 1552 unde
1801 1524 1834 1553 et
1855 1516 2036 1569 irrigatur.
2050 1520 2109 1558 Ex
2129 1522 2197 1560 hoc

1207 1571 1302 1609 fonte
1327 1572 1434 1610 multi
1451 1572 1521 1611 rivi
1542 1584 1700 1625 manant,
1720 1591 1809 1627 quos
1833 1578 1964 1618 emittit
1982 1581 2196 1633 Paracletus,

1207 1632 1392 1683 Filiusque
1420 1634 1594 1673 mediator
1615 1645 1667 1674 est
1685 1652 1692 1674 :
1710 1652 1780 1676 non
1800 1639 1945 1679 bidente
1962 1642 2060 1681 viam
2078 1654 2193 1696 parat,

1207 1694 1269 1732 sed
1297 1695 1464 1734 affectum
1491 1706 1653 1736 nostrum
1675 1699 1799 1751 aperit.
1820 1701 1888 1740 Hic
1916 1703 1993 1742 fons
2020 1705 2111 1743 lucis
2130 1716 2194 1756 est,

1207 1756 1366 1795 veritatis
1396 1757 1514 1795 radios
1543 1759 1760 1800 diffundens.
1790 1763 1883 1801 Huic
1914 1765 2019 1803 etiam
2054 1767 2196 1807 adstant

1207 1833 1367 1871 supernae
1395 1820 1563 1871 virtutes,
1586 1823 1770 1862 alveorum
1799 1825 2105 1877 pulchritudinem
2139 1831 2194 1868 in-

1205 1888 1341 1919 tuentes
1357 1897 1365 1917 z
1383 1881 1466 1932 quia
1479 1882 1610 1921 clarius
1626 1885 1814 1937 propositae
1829 1887 1880 1925 rei
1898 1888 2030 1937 vim‚et
2042 1890 2193 1930 inacces-

1205 1955 1260 1979 sos
1281 1941 1400 1980 radios
1418 1943 1649 1996 perspiciunt.
1673 1947 1723 1984 Ut
1748 1947 1842 1985 enim
1864 1948 1893 1985 si
1921 1949 1998 2000 quis
2026 1951 2062 1989 in
2079 1951 2192 2004 lique-

1204 2004 1338 2041 factum
1357 2019 1486 2043 aurum
1503 2020 1649 2045 manum
1670 2008 1727 2047 vel
1742 2009 1903 2061 linguam
1918 2011 2067 2064 injiciat,
2089 2015 2118 2052 si
2138 2025 2191 2053 ta-

1205 2080 1283 2104 men
1305 2066 1344 2104 id
1372 2067 1448 2105 fieri
1477 2068 1600 2120 possit,
1624 2069 1744 2107 statim
1766 2071 1965 2110 inauratam
1993 2073 2110 2113 reddit
2123 2091 2134 2126 3
2154 2076 2192 2114 id

1203 2130 1385 2182 proposita
1412 2132 1583 2184 mysteria
1602 2133 1706 2185 longe
1723 2134 1849 2173 melius
1864 2136 1990 2175 animae
2006 2149 2188 2190 praestant.

1204 2192 1358 2230 Flavius
1377 2192 1470 2230 enim
1490 2193 1572 2245 igne
1586 2194 1781 2234 ferventius
1807 2196 1951 2247 ebullit;
1964 2208 1999 2236 at
2016 2213 2086 2238 non
2102 2202 2188 2251 urit,

1204 2254 1265 2291 sed
1280 2254 1394 2292 abluit
1408 2264 1560 2293 tantum.
1580 2257 1684 2295 Hunc
1701 2258 1908 2309 sanguinem
1923 2261 2009 2298 olim
2026 2263 2190 2314 praefigu-

1203 2315 1330 2354 rabant
1346 2316 1381 2354 in
1405 2317 1593 2367 altaribus,
1610 2318 1645 2355 in
1664 2319 1834 2370 legitimis
1854 2321 2011 2359 caedihus
2030 2339 2037 2358 :
2057 2323 2124 2361 hoc
2140 2334 2191 2362 est

1203 2376 1300 2415 orbis
1329 2378 1496 2430 pretium,
1518 2379 1586 2416 hoc
1621 2388 1671 2416 est
1695 2394 1765 2430 quo
1801 2381 1964 2420 Christus
1993 2383 2191 2423 Ecclesiam

1204 2438 1301 2487 emit,
1321 2439 1388 2476 hoc
1410 2439 1510 2476 illam
1529 2448 1639 2476 totam
1668 2440 1818 2478 ornavit.
1841 2443 1890 2478 Ut
1915 2442 2009 2480 enim
2031 2444 2094 2494 qui
2118 2460 2190 2483 ser-

1204 2512 1267 2537 vos
1282 2498 1381 2548 emit,
1402 2513 1530 2537 aurum
1554 2499 1628 2548 dat,
1645 2509 1677 2537 et
1696 2500 1776 2539 illos
1795 2501 1824 2538 si
1850 2516 1975 2541 ornare
1989 2505 2087 2554 velit,
2102 2519 2190 2545 auro

1203 2568 1323 2596 ornat:
1341 2559 1389 2596 ita
1411 2569 1444 2597 et
1461 2560 1623 2597 Christus
1643 2574 1705 2598 nos
1726 2562 1898 2613 sanguine
1917 2578 1979 2602 suo
2001 2574 2034 2603 et
2053 2567 2137 2605 emit
2157 2578 2191 2606 et

1203 2623 1354 2659 ornavit.
1372 2621 1444 2668 Qui
1465 2621 1573 2673 hujus
1589 2623 1770 2674 sanguinis
1789 2625 1979 2679 participes
1990 2637 2086 2678 sunt,
2107 2644 2189 2669 cum

1202 2681 1336 2732 angelis
1356 2691 1447 2720 stant
1466 2691 1500 2720 et
1518 2683 1740 2735 archangelis
1762 2694 1795 2723 et
1822 2687 1984 2739 supernis
2004 2692 2186 2742 potestati-

1203 2742 1284 2792 bus,
1302 2743 1400 2794 regia
1416 2743 1549 2782 Christi
1570 2745 1658 2783 stola
1686 2745 1803 2784 induti
1828 2757 1862 2785 et
1885 2750 1992 2787 armis
2021 2752 2189 2803 spiritua—

1201 2803 1297 2840 libus
1318 2803 1490 2841 instructi.
1509 2805 1578 2843 Sed
1596 2806 1687 2844 nihil
1708 2821 1879 2859 magnum
1893 2809 2061 2851 hactenus
2075 2813 2154 2852 dixi
2178 2831 2185 2850 ;

1201 2878 1283 2902 nam
1305 2864 1381 2916 ipso
1400 2875 1481 2904 sunt
1495 2865 1611 2906 induti
1626 2882 1719 2920 rege.
1729 2870 1801 2908 Sed
1813 2870 1903 2909 sicut
1916 2887 1971 2911 res
1990 2884 2040 2912 est
2060 2890 2187 2928 magna

1200 2935 1233 2963 et
1252 2926 1444 2965 mirabilis:
1460 2927 1508 2966 ita
1532 2928 1562 2967 si
1579 2943 1659 2968 cum
1678 2932 1835 2984 puritate
1853 2936 2049 2987 accesseris,
2064 2938 2110 2976 ad
2127 2953 2184 2977 sa-

1200 2985 1310 3023 lutem
1333 2988 1507 3026 accessisti
1516 3004 1528 3039 ,
1547 2989 1576 3027 si
1593 3004 1675 3028 cum
1690 2992 1782 3029 mala
1795 2995 2020 3046 conscientia,
2042 2997 2087 3035 ad
2101 3012 2185 3050 sup—

1200 3045 1350 3096 plicium
1364 3056 1397 3086 et
1410 3048 1593 3088 ultionem.
1607 3052 1683 3101 Qui
1697 3054 1797 3090 enim
1815 3055 2039 3103 manducat,
2050 3057 2179 3108 inquit,
2199 3080 2222 3098 1.
2246 3070 2313 3098 Γοι.
2334 3081 2378 3099 ιι.

1201 3116 1237 3144 et
1254 3110 1347 3147 bibit
1361 3111 1518 3163 indigne
1534 3113 1719 3160 Domino,
1723 3116 1916 3166 judicium
1932 3119 2006 3154 sibi
2021 3121 2184 3158 mandu-
2195 3121 2243 3151 ²9·

1199 3178 1263 3208 cat
1279 3179 1316 3208 et
1333 3173 1438 3210 bibit.
1459 3173 1497 3211 Si
1514 3174 1631 3226 itaque
1649 3176 1673 3213 ii
1687 3177 1748 3227 qui
1767 3178 1901 3229 regiam
1919 3194 2113 3232 purpuram
2129 3181 2182 3219 in-

1222 3293 1234 3316 s
1257 3291 1358 3324 Savil·
1376 3299 1473 3328 πάντα
1488 3302 1722 3341 παραμυθεῖται.
1739 3302 1770 3332 οὐ
1786 3305 1824 3333 τὰ
1837 3304 1869 3339 ἐξ
1884 3304 1977 3340 ἡλίου,
1993 3306 2073 3337 ἀλλὰ
2090 3308 2135 3337 τά.

1223 3344 1236 3359 '⁴‘
1263 3344 1320 3385 [ἄν
1335 3345 1496 3379 omittunt
1512 3347 1613 3382 sau-11.
1631 3357 1663 3382 et
1679 3348 1787 3382 Codd.
1811 3353 1941 3393 nostri]
