2450 3683
238 223 281 253 ΙΨ
1152 221 1376 250 PRAEFATto
1387 241 1395 250 .

235 318 306 342 mos
323 305 463 358 dejessi
477 304 559 342 hoec
574 305 784 341 certamina
801 304 962 340 adeatis.
989 303 1210 340 Certamina
1229 305 1366 353 quippe
1387 304 1495 339 nobis
1511 310 1689 352 prostant
1706 311 1840 340 contra
1860 305 2033 342 veritatis
2053 305 2177 343 lzostes
2187 322 2200 350 ;
2220 320 2308 343 conae

236 376 297 405 tra
317 381 381 405 eos
402 369 469 418 qui
489 367 590 404 nihil
611 380 689 403 non
709 366 995 413 machinantur,
1016 373 1057 401 ut
1075 365 1169 401 Filii
1190 365 1266 401 Dei
1285 365 1466 416 gloriam,
1483 367 1560 402 imo
1577 368 1704 416 potins
1719 379 1827 403 suam
1847 366 2032 418 dejiciant
2049 383 2057 403 :
2082 368 2153 404 itta
2173 370 2311 419 quippe

235 441 383 479 semper
400 436 530 466 manet
561 435 602 464 ut
629 435 706 473 est,
726 435 791 463 cte.
812 425 884 463 Ubi
911 424 1012 463 vides
1045 424 1149 461 illum
1179 424 1359 461 auditores
1386 438 1468 462 suos
1497 425 1542 462 ad
1569 426 1759 464 certamina
1788 436 1909 464 contra
1940 427 2123 465 haereticos
2150 428 2309 466 adeunda

235 504 376 539 acuere,
398 490 555 542 ipsisque
578 503 677 526 arma
702 488 911 526 ministrare.
936 486 1033 525 Illud
1048 496 1168 524 autem
1189 487 1259 525 fere
1279 487 1443 526 observes
1461 502 1524 540 per
1541 497 1655 526 totum
1675 489 1914 527 Homiliarum
1934 490 1970 527 in
1996 491 2167 529 Joannem
2186 491 2311 529 decur-

235 566 326 601 sum,
348 552 382 590 in
403 550 630 590 concionibus
659 550 782 588 saltem
804 549 891 599 illis,
915 547 1105 599 Evangelii
1133 549 1211 587 loca
1241 549 1529 601 explanantibus,
1559 566 1637 602 quae
1659 552 1714 591 vel
1737 551 1920 590 Christum
1953 552 2048 589 Patri
2078 553 2249 603 aequalem
2280 562 2313 591 et

232 611 565 652 consubstantialem
580 612 743 664 probant,
760 611 817 651 vel
830 609 877 648 ab
888 609 1064 648 haereticis
1080 620 1200 648 contra
1214 611 1315 649 illam
1335 611 1736 650 consubstantialitatem
1752 622 1786 650 61
1799 613 2037 663 aequalitatem
2057 612 2191 650 detorta
2210 628 2311 651 usur-

232 676 419 728 pabantur.
443 674 501 712 Illi
521 674 655 726 quippe
670 673 840 723 haeretiei,
859 672 943 724 quia
959 686 1005 710 ex
1027 674 1173 712 Joannis
1199 673 1319 712 verbis
1344 673 1563 712 validissime
1582 674 1705 726 impeti
1728 675 1900 723 solebant,
1922 688 1966 712 ex
1987 675 2147 726 ejusdem
2172 685 2206 713 ct
2225 676 2313 728 ipsis

234 737 351 775 verbis
367 736 575 775 senteutiam
594 744 627 773 61
643 735 861 787 impietatem
881 748 983 772 suam
999 733 1091 772 tueri
1108 734 1337 772 conabantur.
1361 734 1454 780 Quia
1471 748 1555 774 vero
1575 744 1660 772 tunc
1685 735 1841 773 haeretici
1862 735 1915 772 illi
1943 735 2136 773 Catholicis
2160 735 2312 773 admixti

232 814 361 851 magno
378 812 522 837 numero
539 807 650 846 erant,
670 799 938 849 frequenterque
958 811 1039 835 cum
1055 797 1171 835 obviis
1189 812 1232 835 ex
1254 797 1400 836 Joannis
1415 797 1654 849 Evangelistae
1676 798 1795 836 verbis
1816 797 2066 850 disputabant,
2093 812 2229 836 necesse
2244 813 2311 851 pu-

231 864 319 903 111111
336 863 613 914 Chrysostomus
633 860 811 899 auditores
827 875 906 898 suos
923 860 969 898 ad
984 860 1069 898 talia
1083 860 1272 898 certamina
1291 860 1516 912 suscipienda
1530 861 1724 911 instituere,
1740 870 1779 899 ut
1797 861 1846 899 ait
1860 861 1934 913 ipse
1955 861 1988 898 in
2007 861 2083 898 loco
2096 862 2172 912 jam
2191 861 2310 907 allato,

232 936 264 964 et
283 926 416 978 passim
433 926 469 963 in
489 924 715 976 sequentibus
737 924 966 962 concionibus
980 924 1117 976 repetit.

283 991 319 1026 5.
343 988 411 1027 Sed
426 1003 489 1026 cur
508 989 730 1026 illucescente
753 1002 878 1025 aurora
893 987 959 1025 has
973 987 1156 1025 conciones
1171 988 1310 1035 habuit,
1331 1002 1393 1026 cnr
1413 997 1488 1025 tam
1509 988 1646 1038 breves,
1661 1002 1724 1025 cur
1751 989 1919 1026 moralem
1945 987 2184 1039 disciplinam,
2204 1002 2310 1038 quam

231 1065 312 1089 611111
331 1059 426 1088 tanta
443 1051 602 1088 ubertate
628 1050 663 1087 in
687 1049 766 1088 aliis
781 1049 1010 1087 concionibus
1031 1049 1242 1100 frequentat,
1264 1049 1323 1086 hic
1348 1049 1490 1101 parcius
1516 1049 1683 1100 attingit?
1707 1049 1892 1095 Quantum
1913 1062 2069 1100 auguror
2089 1049 2308 1099 conjectura,

229 1128 272 1152 ne
289 1123 495 1152 caeterarum
512 1112 743 1150 homiliarum
763 1127 918 1161 cursum,
937 1127 1025 1162 quas
1051 1112 1192 1150 assidue
1212 1125 1274 1163 per
1300 1121 1415 1149 totum
1443 1125 1577 1148 annum
1596 1111 1750 1149 habebat
1763 1141 1773 1160 ,
1797 1121 1830 1148 61
1849 1112 1905 1149 6111
1927 1111 2117 1149 intererant
2133 1110 2309 1148 Catholici

229 1189 348 1212 omnes
373 1174 531 1227 cujusvis
558 1174 686 1224 aetatis,
708 1187 813 1211 sexus
842 1183 946 1224 atque
965 1173 1193 1221 conditioni53
1219 1187 1262 1210 ne
1281 1173 1382 1221 illas,
1403 1172 1567 1222 inquam,
1593 1172 1851 1224 interpellaret:
1868 1174 1971 1210 hasce
1993 1181 2161 1224 praeterca
2180 1172 2309 1210 illuce—

230 1247 345 1275 scente
365 1251 491 1274 aurora
508 1267 518 1286 ,
537 1250 606 1274 non
624 1236 788 1274 universo
808 1237 940 1287 populo
958 1236 1112 1283 dicebat,
1130 1235 1190 1272 sed
1217 1235 1260 1273 iis
1279 1243 1418 1273 tantum
1433 1235 1518 1273 viris
1535 1249 1575 1271 ac
1602 1235 1830 1286 mulieribus,
1851 1236 1911 1286 qui
1937 1235 2164 1274 ferventiores
2187 1245 2312 1283 essent,

228 1298 361 1348 quique
380 1298 521 1349 ingenio
537 1298 709 1346 valerent,
730 1305 940 1347 possentque
955 1296 990 1333 111
1012 1295 1230 1346 quotidianis
1250 1309 1331 1333 cum
1349 1295 1526 1333 haereticis
1545 1294 1826 1341 velitationibus,
1844 1295 2086 1345 lucifugarum
2102 1305 2309 1346 argumenta

229 1375 273 1399 cx
292 1361 488 1412 Evangelio
508 1359 653 1399 Joannis
673 1368 711 1396 ut
742 1359 941 1411 plurimum
959 1359 1088 1411 petita,
1109 1359 1355 1411 Chrysostomi
1375 1358 1519 1396 monitis
1548 1358 1722 1406 instituti,
1744 1359 1936 1396 confutare.
1958 1358 2086 1396 Sancto
2109 1357 2220 1408 igitur
2246 1357 2310 1396 do-

229 1424 333 1473 ctori,
352 1424 408 1461 6111
422 1424 458 1460 111
473 1422 615 1460 dicendi
637 1422 795 1459 ubertate
814 1421 878 1460 vix
894 1436 1016 1474 parem
1043 1422 1080 1459 in
1099 1422 1265 1459 omnibus
1284 1431 1378 1459 retro
1400 1421 1538 1459 saeculis
1551 1420 1812 1473 deprehendas,
1832 1420 1905 1458 duo
1919 1420 2097 1473 praecipue
2115 1420 2236 1457 munia
2255 1421 2310 1458 in-

230 1487 463 1526 cumbebant:
482 1486 653 1537 primum,
670 1493 708 1521 111
721 1493 836 1521 totum
852 1484 1117 1522 Catholicorum
1139 1494 1268 1522 coetum
1288 1494 1410 1524 contra
1424 1484 1512 1524 vitia
1530 1498 1678 1534 quaeque
1692 1483 1905 1533 institueret,
1927 1483 1964 1520 id
1982 1482 2078 1533 quod
2094 1482 2155 1519 ille
2170 1491 2310 1520 strenue

229 1550 498 1601 exsequebatur,
518 1548 605 1585 dum
620 1548 819 1598 frequenter
839 1561 901 1599 per
917 1562 1049 1585 annum
1066 1562 1106 1585 ac
1120 1548 1176 1585 bis
1195 1562 1286 1600 saepe
1301 1548 1337 1585 in
1355 1547 1476 1585 eadem
1489 1546 1714 1584 hebdomada
1735 1546 1906 1583 moralem
1925 1559 2064 1583 omnem
2083 1544 2308 1597 disciplinam

231 1629 313 1652 cum
328 1613 417 1651 mira
433 1611 599 1649 facundia
620 1609 783 1651 versabat
794 1626 804 1659 3
825 1609 1019 1648 secundum
1030 1641 1040 1659 ,
1061 1620 1100 1648 ut
1121 1611 1323 1649 Catlrolicos
1344 1611 1434 1648 inter
1452 1610 1655 1647 innumeras
1674 1609 1920 1647 baereticorum
1943 1618 2100 1647 catervas
2117 1618 2310 1656 versantes,

229 1676 289 1726 qui
306 1674 462 1713 haeretici
479 1673 513 1710 in
535 1671 772 1709 familiaribus
791 1670 975 1721 colloquiis
988 1684 1110 1709 veram
1123 1670 1232 1710 fidem
1251 1685 1295 1708 ex
1314 1670 1513 1722 Evangelio
1531 1670 1687 1707 maxime
1701 1669 1848 1708 Joannis
1864 1669 2101 1721 impetebant3
2124 1678 2163 1705 ut
2180 1669 2310 1706 Catho-

230 1739 329 1787 licos,
346 1738 505 1788 inquam,
525 1735 606 1773 illos
622 1743 740 1773 contra
762 1733 982 1772 adversarios
999 1748 1079 1772 suos
1093 1734 1202 1772 armis
1219 1734 1417 1771 instrueret.
1442 1732 1535 1779 Quia
1550 1746 1634 1770 vero
1660 1746 1730 1770 non
1757 1746 1878 1770 omnes
1896 1731 2039 1769 omnino
2060 1731 2251 1780 Catholici,
2272 1741 2311 1769 ut

231 1800 402 1847 diximus,
420 1797 488 1835 viri
504 1806 608 1847 atquc
627 1795 804 1845 mulieres,
825 1796 984 1847 cujusvis
1000 1796 1112 1834 aetatis
1133 1805 1239 1846 atque
1259 1795 1483 1843 conditionis,
1499 1794 1546 1832 ad
1563 1793 1654 1831 hanc
1668 1793 1919 1846 capessendam
1937 1806 2094 1845 pugnam
2108 1791 2227 1830 idonei
2239 1807 2313 1831 6556

233 1862 411 1910 valebant,
431 1874 498 1897 nou
518 1872 636 1896 omnes
658 1859 802 1895 fortasse
822 1857 917 1895 hisce
932 1858 1115 1896 matutinis
1132 1858 1362 1896 concionibus
1376 1858 1587 1905 intererant,
1608 1856 1669 1894 sed.
1684 1856 1709 1892 ii
1729 1864 1868 1892 tautum
1894 1855 2020 1893 viriae
2039 1854 2202 1892 mulieres
2219 1885 2228 1903 ,
2250 1855 2311 1905 qui

232 1923 371 1974 ingenio
390 1922 567 1970 valebant,
589 1929 817 1971 poterantque
838 1920 907 1957 tela
927 1919 995 1957 sibi
1014 1934 1032 1957 a
1054 1920 1309 1973 Chrysostomo
1327 1920 1594 1958 subministrata
1611 1918 1647 1955 in
1666 1917 1916 1955 haereticorum
1934 1916 2049 1969 capita
2070 1925 2309 1967 contorquere.

233 1985 276 2022 Ηί
289 1984 517 2023 ferventiores
539 1983 672 2020 caeteris
695 1983 840 2020 seorsim
857 1982 955 2020 erant
981 1983 1210 2033 instituendi3
1231 1992 1438 2035 argumenta
1458 1982 1590 2033 quippe
1608 1980 1741 2032 passim
1759 1979 1867 2017 allata
1881 1979 1983 2030 vulgi
2005 1987 2149 2030 captum
2168 1993 2312 2030 supera-

233 2047 328 2084 bant.
344 2047 428 2083 Haec
443 2060 526 2084 vero
540 2045 763 2082 illucescente
782 2059 908 2082 aurora
924 2045 1208 2095 concionabatur,
1227 2046 1261 2082 ni
1280 2045 1399 2095 fallor,
1415 2043 1510 2095 quod
1530 2043 1629 2080 aliud
1650 2042 1722 2080 diei
1738 2051 1878 2094 tempus
1894 2049 2086 2079 reservaret
2101 2040 2147 2078 ad
2163 2042 2312 2093 majores

231 2110 312 2147 illas
334 2110 529 2158 conciones,
551 2108 650 2159 queis
668 2108 712 2145 ad
733 2108 817 2146 vitia
837 2108 1093 2160 propulsanda,
1115 2118 1147 2146 et
1173 2108 1343 2147 virtutem
1369 2121 1510 2145 omnem
1539 2104 1788 2143 inculcandam
1810 2104 2010 2141 uberiorem
2028 2103 2136 2140 dabat
2153 2118 2309 2155 operam.

232 2174 271 2210 111
287 2172 513 2211 concionibus
527 2180 645 2209 autem
659 2171 843 2209 matutinis
857 2171 1085 2224 disciplinam
1105 2172 1205 2209 illam
1220 2171 1390 2209 moralem
1403 2170 1544 2222 parcius
1560 2168 1768 2219 attingebat,
1784 2167 1868 2218 quia
1882 2166 2084 2219 praecipuus
2099 2166 2167 2217 ipsi
2182 2180 2310 2217 scopus

233 2245 306 2273 erat
325 2250 421 2273 arma
439 2235 511 2272 suis
533 2243 653 2272 contra
670 2234 851 2271 haereticos
871 2234 1106 2286 suppeditare.
1123 2236 1164 2272 In
1184 2235 1241 2272 his
1256 2249 1364 2286 porro
1385 2232 1567 2271 matutinis
1585 2231 1812 2269 concionibus
1835 2230 1941 2267 ctiam
1964 2229 2130 2267 mulieres
2148 2228 2315 2266 admitte-

235 2298 375 2344 bantur,
391 2297 464 2334 illae
484 2310 559 2347 quae
575 2305 716 2348 possent
737 2295 773 2333 in
796 2296 1034 2334 familiaribus
1054 2296 1241 2347 colloquiis
1271 2296 1408 2334 oblatas
1430 2296 1476 2332 ab
1498 2294 1673 2332 haereticis
1692 2293 1921 2330 difficultates
1941 2291 2127 2343 depellere.
2155 2292 2245 2329 Nam
2278 2291 2312 2328 in

237 2361 330 2397 bisce
344 2361 379 2397 in
396 2359 542 2399 Joanuis
556 2359 791 2410 Evangelium
816 2359 981 2396 Homiliis
997 2359 1163 2397 mulieres
1179 2358 1383 2410 aliquando,
1402 2358 1465 2395 etsi
1487 2358 1613 2406 rarius,
1637 2356 1830 2406 alloquitur
1854 2355 1889 2391 S.
1907 2353 2040 2391 doctor.
2070 2356 2150 2392 Jam
2166 2368 2249 2391 vero
2269 2354 2314 2391 ad

239 2434 357 2461 rzrtcra
378 2434 605 2461 transeamus.

1217 2548 1240 2595 ,s
1273 2546 1332 2582 111.

244 2671 256 2704 'l
271 2698 275 2703 .
313 2669 489 2704 [heretici
509 2669 574 2717 qni
590 2669 630 2701 in
646 2667 747 2702 hisce
762 2668 1005 2703 concionibus
1025 2669 1300 2718 impugnantur
1318 2666 1498 2703 .·lnomoei
1516 2673 1636 2702 erant.
1659 2667 1697 2701 9.
1720 2665 1830 2701 Unde
1844 2666 1917 2700 orti
1938 2665 2119 2700 Anomoei
2137 2678 2143 2696 :
2161 2663 2315 2699 illorum

296 2731 457 2767 historia
487 2729 712 2779 compendio
744 2726 921 2780 affertur.
959 2729 994 2764 5.
1029 2730 1122 2777 Quis
1146 2728 1299 2765 illorum
1322 2735 1442 2764 status
1473 2734 1567 2764 esset
1598 2740 1674 2776 quo
1707 2735 1870 2775 tempore
1899 2725 1980 2761 hoec
2013 2724 2319 2761 concionabatur

301 2794 608 2840 Chrysostomus.

301 2918 335 2951 1.
356 2915 433 2951 Non
454 2922 505 2951 est
520 2912 632 2949 multa
650 2910 902 2963 perquisitione
918 2923 1006 2961 opus
1024 2919 1061 2946 ut
1081 2910 1363 2961 deprehendatur
1377 2910 1521 2961 quinam
1536 2909 1606 2946 sint
1626 2907 1778 2945 lueretiei
1798 2907 1869 2955 illi,
1889 2907 1948 2956 qui
1968 2920 2012 2943 ex
2029 2905 2176 2945 joannis
2198 2905 2317 2943 Evan-

247 2978 377 3029 gelistae
403 2976 508 3013 dietis
527 2974 594 3011 tela
614 2973 872 3011 mutuabantur
899 2981 937 3008 ut
956 2971 1157 3008 Catholicos
1185 2972 1401 3023 impeterent,
1422 2972 1529 3009 etiam
1548 2971 1584 3007 in
1609 2969 1845 3007 familiaribus
1871 2967 2081 3017 colloquiis:
2104 2967 2165 3017 qui
2191 2980 2318 3017 magno

246 3054 391 3078 numero
408 3052 489 3075 611111
517 3046 628 3073 essent
647 3045 680 3072 et
700 3050 778 3072 611111
802 3034 1035 3086 popularibus
1060 3033 1224 3081 admixti,
1241 3035 1464 3083 ‹puuidianas
1485 3033 1687 3071 excitabant
1707 3032 1944 3079 velitationcs3
1965 3031 2012 3067 ita
2039 3038 2078 3066 ut
2097 3039 2237 3067 sanctus
2255 3028 2318 3066 do—

246 3111 331 3149 ctor,
352 3109 385 3137 et
408 3112 499 3135 sana:
522 3097 709 3144 doctrinm,
728 3105 760 3132 61
787 3095 989 3132 auditorum
1010 3094 1114 3131 saluti
1144 3095 1371 3145 prospiciens,
1395 3104 1576 3147 cogeretur
1598 3094 1677 3130 illos
1707 3094 1889 3131 instituere
1907 3094 1952 3131 ad
1976 3093 2050 3146 ipsa
2071 3092 2137 3130 tela
2158 3092 2191 3128 in
2214 3101 2319 3142 caput

247 3161 489 3198 haerciicorum
506 3155 776 3207 contorqucnda.
796 3155 836 3192 111
856 3166 946 3194 (ferte
973 3155 1146 3200 baeretici,
1170 3156 1326 3191 Anomsri
1355 3166 1448 3203 sunt,
1466 3156 1679 3206 quibuscum
1707 3154 1842 3191 tamdiu
1863 3155 2080 3194 concertavit
2108 3153 2321 3204 Chrysosto-

248 3236 345 3266 111115,
365 3230 397 3257 61
414 3219 558 3270 quidem
586 3226 658 3255 toto
677 3226 832 3269 tempore
850 3231 920 3267 quo
940 3215 1168 3253 concionandi
1199 3216 1316 3252 0111610
1336 3217 1478 3253 functus
1497 3226 1563 3264 651,
1592 3216 1666 3253 sive
1686 3216 1880 3253 Antiochiae
1907 3217 2102 3267 presbyter,
2127 3214 2200 3251 sive
2226 3214 2317 3249 Con-

249 3283 471 3334 stantinopoli
490 3282 675 3333 episeopus
694 3294 773 3317 cum
793 3289 890 3317 65561.
910 3279 1104 3316 Αι1110611116
1121 3288 1211 3316 certe
1228 3292 1317 3315 ,111110
1333 3279 1446 3330 primo
1463 3294 1534 3330 quo
1556 3280 1660 3331 coepit
1676 3279 1887 3327 concion-ui,
1909 3288 2082 3316 certamen
2102 3276 2179 3313 iniit
2200 3284 2315 3313 contin

252 3347 428 3385 lurrctieos
449 3347 532 3382 istos
554 3345 680 3396 passini
704 3359 782 3381 611111
813 3343 1004 3381 Catholicis
1034 3343 1268 3390 intermixtos,
1298 3352 1400 3391 atque
1420 3343 1455 3380 iu
1483 3343 1709 3381 concionibus
1738 3342 1938 3389 duodecim,
1970 3345 2152 3378 ,1110100605
2181 3339 2318 3388 egregie

254 3407 463 3449 vonfutaxit,
486 3407 642 3457 ipsorum
664 3406 728 3443 tela
750 3404 905 3455 depulit,
934 3404 1222 3453 validissimaque
1255 3414 1461 3450 argumenta
1493 3404 1661 3442 adversus
1692 3403 1770 3440 illos
1801 3401 2105 3439 subministravit.
2161 3399 2242 3436 11165
2263 3413 2325 3448 111·
