2481 3678
694 238 734 266 ΙΝ
772 237 982 266 .ΙΟΑΝΝΕΜ
1021 235 1179 263 1103111..
1221 236 1355 266 LXXX.
1396 222 1456 265 al.

124 318 193 356 Καὶ
210 319 252 355 δι’
273 317 420 360 ἐκείνους
435 320 545 354 ταῦτα
562 323 674 365 ποιεῖ,
695 318 813 371 ὥσπερ
838 311 895 355 οὖν
914 317 973 354 καὶ
990 315 1046 354 ἐπὶ
1073 317 1143 352 Λα-

121 379 244 430 ζάρου,
274 377 333 415 καὶ
363 377 457 426 λέγει
485 376 548 423 τὴν
570 377 697 425 αἰτίαν,
725 379 777 416 ὅτι
798 378 866 416 Διὰ
885 378 942 416 τὸν
963 377 1064 428 ὄχλον
1085 375 1143 412 τὸν

119 443 329 492 παρεστῶτα
369 432 477 484 εἷπον,
505 437 560 476 ἵνα
589 439 830 487 πιστεύσωσιν,
851 439 903 476 ὅτι
932 438 972 476 σύ
994 453 1037 487 με
1061 434 1144 474 ἀπέ-

119 502 267 542 στειλας.
289 498 358 537 Ναὶ
372 529 381 546 ,
411 499 513 550 φησίν
528 515 535 522 ·
560 501 636 537 ἀλλ’
656 500 712 538 ἐπὶ
737 499 798 551 μὲν
816 503 884 537 τῶν
904 498 1081 537 Ἰουδαίων
1102 499 1145 535 εἰ·

118 560 228 603 κότως
247 564 358 598 ταῦτα
378 560 526 612 ἐγίνετο·
553 562 610 600 ἐπὶ
635 561 670 600 δὲ
688 566 756 599 τῶν
778 564 942 612 μαθητῶν
958 560 1048 604 τίνος
1070 559 1143 597 ἕνε-

118 636 197 668 κεν;
228 621 297 659 Καὶ
324 621 381 659 ἐπὶ
411 625 478 659 τῶν
508 626 670 673 μαθητῶν
709 621 859 665 εἰκότως.
890 624 936 660 Οἱ
957 620 1025 674 γὰρ
1054 620 1143 671 μετὰ

119 687 270 721 τοσαῦτα
289 682 446 734 λέγοντες
460 715 468 731 ,
487 686 556 722 ’Νῦν
574 683 727 733 οἴδαμεν,
744 681 796 720 ὅτι
810 681 926 720 πάντα
945 675 1056 730 οἶδας,
1079 681 1144 732 μά-

119 744 222 782 λιστα
249 743 388 782 πάντων
413 744 647 795 βεῧαιωθῆναι
666 742 812 781 ἐδέοντο.
829 741 961 786 Ἄλλως
988 741 1024 779 δὲ
1038 772 1047 790 ,
1067 743 1144 779 οὐδὲ

121 804 225 855 εὐχὴν
259 808 276 842 ὃ
312 804 555 856 εὖαγγελιστὴς
587 804 626 842 τὸ
657 809 805 855 πρᾶγμα
842 804 958 842 καλεῖ·
989 801 1079 840 ἀλλὰ
1109 802 1144 840 τί

1157 841 1205 868 473

1500 239 1651 268 Lxxix.
2110 228 2194 287 541

1215 315 1311 352 bant.
1334 315 1379 353 Et
1399 326 1541 368 propter
1564 317 1644 354 illos
1664 317 1731 355 hoc
1749 319 1836 369 agit,
1854 329 1891 357 ut
1907 320 1941 357 in
1958 323 2100 371 Lazaro,
2116 337 2199 361 cau-

1215 388 1361 425 samque
1379 376 1512 427 aperit,
1533 378 1697 428 Propter
1715 380 1867 415 turbam
1887 382 2198 420 circumstantem
2213 394 2302 422 Joan.
2331 401 2377 423 11.

1215 435 1310 482 dixi,
1331 445 1371 474 ut
1390 438 1551 475 credant
1572 441 1666 490 qnia
1688 448 1728 476 tu
1749 453 1809 476 me
1825 442 1974 477 misisti.
1995 441 2127 492 Etiam,
2144 444 2199 481 in-
2213 433 2264 474 4²·

1217 496 1326 546 quies,
1357 497 1418 535 sed
1446 512 1567 535 coram
1589 499 1723 538 Judaeis
1747 500 1822 537 haec
1841 501 1924 552 jure
1951 500 2001 537 sic
2029 502 2202 553 disposita

1215 566 1324 607 sunt,
1351 572 1469 596 coram
1487 558 1674 611 discipulis
1693 570 1810 598 autem
1829 561 1964 611 quare?
1987 561 2104 599 Etiam
2121 563 2203 614 jure

1217 631 1335 656 coram
1353 619 1550 672 discipulis.
1566 621 1637 666 Qui
1653 621 1747 659 enim
1763 631 1841 674 post
1858 631 1908 659 tot
1926 631 2091 674 tantaque
2109 623 2202 661 dice-

1217 680 1315 729 bant,
1336 684 1452 720 qunc
1472 686 1614 722 scimus
1633 687 1726 736 quia
1747 687 1821 722 scis
1842 688 1991 733 omnia,
2010 685 2201 737 plusquam

1218 755 1339 780 omnes
1371 742 1580 794 indigebant
1614 745 1892 783 confirmatione.
1918 746 2085 796 Alioquin
2118 761 2202 784 vero

1218 800 1255 838 id
1273 802 1488 853 evangelista
1506 817 1574 841 non
1589 803 1785 841 orationem
1800 814 1926 853 vocat,
1947 805 2007 842 scd
2023 804 2109 856 quid
2127 805 2201 843 ait?

120 881 244 916 φησιν,
262 859 354 918 ἾΙρε
386 864 464 908 τοὺς
496 863 694 917 ὀφθαλμοὺς
722 864 826 901 αὐτοῦ
847 866 893 907 εἰς
911 863 968 901 τὸν
989 863 1143 916 οὐρανὸν,
1169 879 1194 907 Α
1216 863 1435 901 Sublevatis
1455 865 1576 903 oculis
1597 868 1638 902 in
1657 866 1811 913 coelum,
1829 875 1861 903 et
1881 866 1993 917 magis
2014 866 2105 903 illud
2131 867 2202 903 col-

166 924 257 939 ΧΝΙ

119 941 178 962 και
201 925 347 969 οιαλεξιν
365 926 448 963 αὐτὸ
472 925 556 977 πρὸς
573 924 630 962 τὸν
649 924 795 977 Πατέρα
815 926 945 974 μᾶλλον
963 923 1052 962 εἷναί
1071 939 1143 975 φη-

118 1001 184 1022 σιν.
206 987 250 1022 Εἰ
267 985 302 1022 δὲ
322 987 477 1036 ἀλλαχοῦ
502 986 594 1035 λέγει
622 984 738 1037 εὐχὴν,
758 985 817 1023 καὶ
842 985 1010 1024 δείκνυσιν
1041 986 1142 1025 αὐτὸν

116 1044 201 1083 ποτὲ
215 1045 278 1095 μὲν
293 1047 350 1084 ἐπὶ
363 1045 494 1097 γόνατα
509 1045 770 1097 καμπτόμενον,
783 1046 866 1084 ποτὲ
881 1046 916 1084 δὲ
925 1046 1003 1090 τοὺς
1016 1048 1143 1099 ὀφθαλ-

117 1104 202 1157 μοὺς
218 1108 264 1149 εἷς
280 1107 337 1145 τὸν
356 1107 497 1160 οὐρανὸν
516 1106 655 1160 αἴροντα
669 1138 678 1154 ,
697 1107 745 1158 μὴ
766 1108 970 1161 θορυὸηθῇς.
990 1108 1059 1146 Διὰ
1075 1108 1142 1160 γὰρ

116 1167 243 1205 τούτων
263 1167 500 1217 παιδευόμεθα
528 1168 567 1205 τὸ
595 1168 728 1212 ἐκτενὲς
743 1169 782 1206 τὸ
810 1171 843 1206 ἐν
865 1174 942 1212 ταῖς
972 1169 1143 1217 δεήσεσιν,

116 1226 172 1265 ἵνα
187 1228 246 1265 καὶ
266 1230 411 1271 ἑστῶτες
432 1227 699 1279 ἀναὲλέπωμεν,
717 1228 764 1279 μὴ
786 1235 857 1272 τοῖς
876 1231 1066 1281 ὀφθαλμοῖς
1081 1233 1143 1277 τῆς

117 1289 244 1338 σαρκὸς
262 1287 376 1339 μόνον,
398 1289 487 1327 ἀλλὰ
518 1289 576 1327 καὶ
609 1293 671 1335 τῆς
688 1289 859 1334 διανοίας·
882 1290 941 1328 καὶ
970 1290 1028 1328 ἵνα
1046 1291 1143 1341 κάμ-

118 1365 261 1399 πτωμεν
276 1349 320 1387 τὰ
338 1349 486 1399 γόνατα,
503 1349 564 1396 τὴν
581 1352 711 1387 ἑαυτῶν
732 1350 878 1402 καρδίαν
894 1350 1143 1404 συντρίὸοντες.

116 1402 228 1447 ῗΗλθε
253 1410 320 1462 γὰρ
333 1414 351 1448 ὁ
371 1411 521 1461 Χριστὸς
535 1441 544 1458 ,
563 1414 628 1462 οὐχ
656 1412 775 1449 ἑαυτὸν
797 1411 905 1455 δεῖξαι
922 1412 1038 1462 μόνον,
1054 1412 1144 1451 ἀλλὰ

117 1470 176 1507 καὶ
209 1472 334 1524 ἀρετὴν
348 1471 545 1509 παιδεύσων
567 1471 709 1523 ἄφατον.
725 1472 795 1510 Τὸν
819 1471 854 1511 δὲ
874 1472 1083 1511 παιδεύοντα
1105 1475 1142 1511 οὐ

117 1531 174 1570 ’διὰ
190 1532 355 1584 ῥημάτων
377 1532 494 1583 μόνον,
525 1533 615 1571 ἀλλὰ
643 1533 702 1571 καὶ
733 1533 790 1572 διὰ
816 1535 1035 1587 πραγμάτων
1062 1551 1145 1573 παι·
1168 1550 1191 1579 13

117 1593 223 1631 δεύειν
255 1593 339 1646 χρή.
372 1592 590 1644 Ἀκούσωμεν
625 1593 737 1632 τοίνυν
774 1594 808 1632 τί
848 1611 951 1646 φησιν
984 1598 1142 1634 ἐνταῦθα.

114 1654 255 1708 Πάτερ,
286 1653 448 1700 ἐλήλυθεν
468 1658 488 1700 ἡ
507 1654 605 1706 ὥρα,
631 1655 772 1700 δόξασόν
800 1672 859 1694 σου
877 1656 935 1694 τὸν
959 1657 1056 1704 Υἱὸν,
1088 1657 1144 1696 ἰ’να

115 1714 175 1753 καὶ
197 1719 214 1753 ὃ
234 1715 316 1759 Υἶός
332 1731 392 1753 σου
412 1714 537 1767 δοξάσῃ
572 1731 621 1754 σε.
649 1716 764 1754 Πάλιν
794 1716 965 1755 δείκνυσιν
983 1720 1067 1768 ἡμῖν
1090 1717 1143 1756 ὅτι

116 1777 177 1813 οὐκ
206 1775 298 1814 ἄκων
320 1776 377 1814 ἐπὶ
401 1776 457 1813 τὸν
486 1777 632 1828 σταυρὸν
651 1777 803 1830 ἔρχεται.
827 1780 911 1822 Πῶς
940 1779 1030 1832 γὰρ,
1051 1782 1068 1817 ὁ
1083 1779 1143 1818 καὶ

776 1839 828 1852 ‘xlv

116 1837 302 1889 εὐχόμενος
329 1840 429 1875 τοῦτο
454 1836 634 1888 γενέσθαι,
671 1839 730 1876 καὶ
773 1854 872 1884 οοςαν
910 1840 950 1878 τὸ
994 1847 1143 1894 πρᾶγμα

115 1899 246 1943 καλῶν,
268 1900 331 1935 οὐκ
353 1900 457 1936 αὐτοῦ
473 1896 576 1948 μόνου
590 1903 649 1937 τοῦ
675 1899 952 1951 σταυρουμένου,
972 1901 1062 1939 ἀλλὰ
1083 1902 1143 1939 καὶ

116 1963 176 1996 τοῦ
196 1958 349 2009 Πατρός,
374 1958 476 1996 Ἐπεὶ
498 1959 557 1996 καὶ
577 1958 683 2002 οὕτως
703 1960 838 2011 ἐγένετο
851 1976 859 1983 ·
882 1963 920 1999 οὖ
939 1960 1007 2013 γὰρ
1027 1965 1044 2000 ὃ
1060 1962 1142 2005 Υἱὸς

118 2018 235 2069 μόνον,
259 2019 348 2057 ἀλλὰ
368 2019 426 2057 καὶ
445 2022 463 2056 ὁ
481 2019 607 2071 Πατὴρ
627 2019 806 2066 ἐδοξάσθη.
824 2022 901 2073 Πρὸ
920 2021 981 2072 μὲν
998 2022 1065 2075 γὰρ
1083 2027 1142 2061 τοῦ

115 2083 265 2130 σταυροῦ
286 2079 361 2118 οὐδὲ
379 2079 537 2117 Ἰουδαῖοι
552 2079 653 2117 αὐτὸν
673 2080 819 2131 ᾔδεσαν·
839 2081 984 2134 Ἰσραὴλ
998 2081 1064 2134 γάρ
1086 2097 1141 2133 με,

117 2140 234 2191 φησὶν,
263 2143 324 2178 οὐκ
352 2139 459 2192 ἔγνον
484 2140 573 2191 μετὰ
602 2140 637 2179 δὲ
655 2141 711 2179 τὸν
730 2142 877 2195 σταυρὸν
906 2145 928 2189 ἡ
958 2143 1142 2194 οἰκουμένη

116 2200 237 2238 ἅπασα
263 2201 518 2254 προσέδραμεν.
546 2195 636 2239 Εἶτα
656 2202 750 2254 λέγει
775 2203 835 2240 καὶ
860 2203 917 2242 τὸν
933 2203 1059 2255 τρόπον
1082 2207 1143 2250 τῆς
1168 2214 1191 2245 C

116 2259 232 2308 δόξης,
252 2261 311 2299 καὶ
332 2265 405 2305 πῶς
435 2262 536 2300 αὐτὸν
558 2261 706 2306 δοξάσει.
737 2263 862 2306 Καθὼς
887 2264 1019 2308 ἔδωκας
1049 2266 1143 2317 αὐτῷ

113 2320 268 2364 ἐξουσίαν
284 2321 400 2369 πάσης
415 2323 544 2374 σαρκὸς
557 2353 567 2370 ,
581 2322 637 2361 ἵνα
652 2330 734 2369 πᾶν,
751 2324 768 2362 ὃ
785 2325 937 2368 δέδωκας
953 2326 1046 2377 αὐτῷ
1060 2355 1068 2373 ,
1092 2326 1141 2376 μὴ

115 2382 303 2429 ἀπόληται.
332 2384 384 2421 Τὸ
411 2383 478 2436 γὰρ
495 2387 684 2437 εὐεργετεῖν
705 2385 783 2433 ἀεὶ,
809 2389 859 2438 τῷ
887 2388 969 2438 Θεῷ
985 2385 1078 2430 δόξα.
1095 2387 1142 2425 Τί

115 2443 153 2480 δέ
173 2446 258 2482 ἐστι·
281 2443 406 2487 Καθὼς
427 2444 558 2489 ἔδωκας
576 2446 670 2497 αὐτῷ
686 2445 840 2489 ἐξουσίαν
861 2446 976 2494 πάσης
995 2448 1142 2499 σαρκός;

115 2503 216 2548 Τέως
243 2505 426 2553 δείκνυσιν,
451 2505 503 2543 ὅτι
519 2507 582 2543 οὐκ
603 2508 649 2549 εἷς
670 2506 856 2550 Ἰουδαίους
876 2507 1000 2558 μόνους
1016 2508 1059 2545 τὰ
1081 2513 1141 2547 τοῦ

116 2565 340 2617 κηρύγματός
359 2569 432 2604 ἐστι
453 2568 733 2617 συνεσταλμένα,
760 2567 850 2606 ἀλλὰ
866 2568 926 2605 καὶ
946 2571 994 2612 εἷς
1011 2569 1074 2614 τὴν
1093 2572 1140 2608 οἷ-

115 2626 287 2677 κουμένην
316 2626 504 2665 ἐκτείνεται
540 2633 669 2675 πᾶσαν,
710 2628 769 2666 καὶ
807 2629 1140 2679 προκαταὸάλλεται

116 2687 284 2740 προοίμια
314 2691 382 2726 τῶν
410 2689 528 2726 ἐθνῶν.
560 2688 707 2736 Ἐπειδὴ
734 2689 801 2741 γὰρ
833 2683 945 2727 εἶπεν·
970 2691 1032 2733 Εἷς
1062 2690 1137 2729 ὁδὸν

116 2750 220 2787 ἐθνῶν
251 2749 299 2800 μὴ
332 2749 524 2796 ἀπέλθητε·
555 2749 674 2799 μέλλει
702 2749 736 2787 δὲ
757 2750 846 2800 μετὰ
866 2754 977 2788 ταῦτα
1010 2750 1137 2802 λέγειν,

115 2811 345 2864 Πορευθέντες
360 2811 598 2862 μαθητεύσατε
613 2812 728 2850 πάντα
748 2812 792 2849 τὰ
804 2811 896 2858 ἔθνη,
916 2812 1066 2850 δείκνυσι
1080 2812 1139 2850 καὶ

114 2873 172 2911 τὸν
206 2872 351 2926 Πατέρα
375 2877 475 2911 τοῦτο
511 2872 732 2923 βουλόμενον.
770 2873 911 2926 Σφόδρα
943 2873 1012 2927 γὰρ
1040 2879 1139 2912 τοῦτο

114 2934 357 2977 ἔσκανδάλιζεν
374 2934 581 2982 Ἰουδαίους,
599 2938 613 2954 ³
625 2933 684 2971 καὶ
703 2933 781 2978 τοὺς
802 2933 959 2985 μαθητὰς
980 2935 1027 2973 δέ.
1048 2934 1139 2973 Οὐδὲ
1164 2944 1190 2973 D

112 2994 181 3048 γὰρ
200 2994 288 3045 μετὰ
308 2998 420 3033 ταῦτα
437 2995 586 3038 εὐκόλως
610 2994 789 3047 ἠνείχοντο
814 2999 882 3033 τῶν
903 2998 1006 3033 ἐθνῶν
1034 2996 1140 3034 ἅπτε-

115 3059 218 3103 σθαι,
244 3055 309 3099 ἕως
337 3055 400 3102 τὴν
429 3060 489 3093 τοῦ
517 3056 721 3106 Πνεύματος
741 3056 867 3094 ἔλαὸον
889 3056 1137 3094 διδασκαλίαν·

115 3117 175 3155 καὶ
194 3117 262 3171 γὰρ
282 3120 318 3156 οὐ
347 3118 468 3169 μικρὸν
486 3117 678 3156 σκάνδαλον
697 3119 849 3155 ἐντεῦθεν
868 3117 1047 3161 Ἰουδαίοις
1069 3118 1138 3168 ε’γί-

116 3193 203 3216 νετο.
224 3178 326 3216 Μετὰ
345 3173 401 3216 οῧν
421 3177 484 3225 τὴν
500 3177 671 3225 τοσαύτην
696 3183 754 3217 τοῦ
777 3177 981 3228 Πνεύματος
1013 3177 1138 3216 ἐπίδει-

117 3237 179 3285 ξιν,
202 3241 248 3282 εἷς
262 3238 307 3277 τὰ
322 3239 547 3291 Ἱεροσόλυμα
566 3240 842 3292 παραγενόμενος
860 3243 878 3278 ὁ
897 3239 1030 3292 Πέτρος
1043 3270 1052 3288 ,
1075 3240 1139 3290 μό·

164 3387 176 3400 ·
201 3376 301 3410 Savil.
317 3382 362 3410 καὶ
376 3382 401 3410 οὶ
417 3383 553 3419 μαθηταὶ
571 3381 600 3410 δὲ
619 3381 681 3411 οὐδὲ
698 3383 779 3420 μετὰ
797 3383 903 3410 ταῦτα.

1215 923 1375 974 loquium
1393 938 1475 961 cum
1493 925 1597 963 Patre
1618 925 1728 963 fuisse
1754 926 1918 964 insinuat.
1940 926 2046 973 Quod
2064 927 2094 964 si
2115 927 2203 964 alibi

1216 983 1409 1022 orationem
1441 994 1564 1034 vocet,
1592 995 1624 1023 et
1651 985 1755 1024 illum
1776 986 1943 1024 exhibeat
1971 1001 2065 1024 nunc
2089 1000 2202 1038 genua

1215 1044 1423 1095 flectentem,
1445 1060 1540 1084 nunc
1560 1060 1645 1085 vero
1664 1046 1786 1084 oculos
1805 1046 1850 1084 ad
1870 1046 1995 1084 caelum
2010 1048 2200 1098 levantem,

1215 1119 1258 1143 ne
1275 1106 1442 1144 turberis.
1465 1107 1530 1145 His
1548 1108 1642 1145 enim
1662 1107 1882 1145 instituimur
1903 1118 2076 1159 quantum
2103 1109 2149 1147 sit
2167 1109 2203 1147 in

1215 1166 1371 1204 oratione
1391 1167 1686 1219 perseverandum
1702 1183 1714 1218 3
1738 1178 1777 1206 ut
1799 1177 1928 1207 stantes
1950 1170 2200 1222 suspiciamus,

1215 1240 1283 1264 non
1307 1227 1421 1265 carnis
1441 1237 1593 1278 tantum,
1614 1227 1677 1266 sed
1691 1228 1796 1266 etiam
1812 1228 1939 1266 mentis
1954 1230 2089 1279 oculis3
2110 1239 2143 1267 et
2164 1239 2202 1267 ut

1214 1287 1396 1325 flectamus
1415 1301 1548 1339 genua,
1570 1288 1676 1326 corda
1704 1298 1821 1326 nostra
1843 1299 2069 1328 conterentes.
2094 1293 2205 1330 Venit

1214 1348 1308 1385 enim
1328 1349 1491 1386 Christus
1516 1363 1584 1387 non
1612 1349 1718 1387 modo
1744 1359 1782 1387 ut
1809 1365 1881 1388 sese
1906 1351 2116 1400 exhiheret3
2141 1353 2204 1391 sed

1216 1409 1322 1446 etiam
1342 1419 1381 1447 ut
1402 1409 1573 1447 virtutem
1591 1425 1654 1448 nos
1678 1410 1818 1448 doceret
1838 1411 2065 1448 ineffabilem.
2086 1413 2205 1463 Magi-

1217 1478 1287 1506 ster
1304 1478 1423 1507 autem
1439 1484 1507 1507 non
1521 1471 1641 1508 verbis
1654 1480 1805 1521 tantum,
1818 1471 1880 1508 sed
1894 1486 1930 1509 re
1948 1472 2053 1509 etiam
2067 1472 2206 1510 erudiat

1217 1539 1364 1582 oportet.
1390 1531 1588 1569 Audiamus
1613 1546 1694 1583 ergo
1714 1532 1802 1582 quid
1829 1532 1889 1569 hic
1908 1532 2015 1570 dicat.
2055 1536 2202 1581 Pater,

1215 1593 1326 1627 venit
1344 1592 1454 1637 hora,
1468 1592 1646 1645 clarffica
1662 1593 1812 1630 Filium
1831 1601 1950 1639 tuum,
1975 1601 2015 1630 ut
2029 1603 2065 1631 et
2080 1596 2206 1633 Filias

1217 1661 1304 1691 tuus
1324 1655 1514 1707 clarificet
1535 1663 1583 1692 te.
1606 1656 1740 1693 Iterum
1770 1655 1923 1693 ostendit
1945 1656 2047 1693 nobis
2072 1672 2108 1695 se
2135 1671 2205 1695 non

1215 1713 1370 1753 invitum
1389 1715 1436 1753 ad
1458 1730 1597 1754 crucem
1620 1716 1752 1754 venire.
1774 1716 1963 1763 Quomodo
1985 1717 2119 1756 invitus
2140 1733 2204 1757 ve—

1215 1777 1320 1825 niret,
1342 1776 1401 1827 qui
1424 1776 1492 1815 hoc
1512 1786 1545 1815 et
1559 1777 1637 1815 fieri
1656 1786 1771 1829 rogat,
1798 1787 1830 1815 et
1849 1792 1923 1815 rem
1945 1778 2100 1830 appellat
2131 1779 2206 1830 glo-

1213 1838 1318 1887 riam,
1341 1852 1410 1876 non
1428 1838 1591 1876 crucifixi
1608 1838 1726 1887 modo,
1747 1838 1808 1876 sed
1827 1839 1934 1876 etiam
1952 1839 2093 1877 Patris?
2115 1841 2207 1878 Nam

1213 1899 1262 1938 ita
1276 1901 1409 1937 factum
1427 1909 1478 1938 est
1495 1916 1502 1937 :
1523 1914 1591 1938 non
1609 1900 1705 1937 enim
1726 1901 1841 1939 Filius
1856 1910 2004 1950 tantum,
2023 1901 2084 1940 sed
2100 1903 2206 1940 etiam

1214 1961 1319 1998 Pater
1338 1960 1551 1998 clarificatus
1576 1969 1638 1998 est.
1660 1962 1750 1998 Ante
1772 1975 1912 1999 crucem
1936 1962 2031 1999 enim
2052 1977 2116 2000 nec
2140 1965 2205 2002 Ju-

1213 2021 1280 2059 daei
1300 2021 1417 2072 ipsum
1437 2029 1606 2058 noverant
1626 2021 1785 2067 (Israel,
1805 2021 1936 2071 inquit,
1962 2037 2022 2060 me
2048 2038 2126 2060 non
2144 2037 2205 2061 co·
2221 2037 2296 2065 lsai.
2316 2045 2338 2063 ι.
2355 2037 2371 2066 3

1213 2085 1360 2135 gnovit)
1376 2097 1386 2117 .·
1410 2089 1489 2133 post
1511 2094 1650 2118 crucem
1668 2090 1786 2119 autem
1806 2082 1992 2121 universus
2022 2084 2119 2121 orbis
2146 2099 2204 2122 ac-

1216 2143 1339 2182 currit.
1360 2142 1500 2181 Deinde
1519 2141 1665 2180 modum
1681 2143 1787 2181 etiam
1804 2143 1924 2194 gloriae
1950 2144 2061 2194 addit,
2081 2155 2114 2183 et
2133 2161 2203 2196 quo

1215 2213 1318 2256 pacto
1340 2204 1457 2255 ipsum
1480 2202 1706 2254 glorificabit.
1728 2207 1763 2241 Q.
1780 2204 1885 2242 Sicut
1910 2206 2051 2243 dedisti
2072 2209 2107 2243 ei
2130 2220 2200 2258 po—

1217 2275 1393 2304 testatem
1414 2267 1538 2303 omnz's
1563 2267 1708 2312 carnis,
1740 2274 1782 2303 ut
1804 2280 1916 2303 omne
1939 2268 2045 2318 quod
2062 2269 2204 2306 dedisti

1215 2329 1251 2364 ei
1273 2341 1351 2364 non
1363 2335 1510 2378 pereat.
1532 2326 1678 2378 Semper
1696 2326 1789 2363 enim
1805 2326 2017 2375 benefacere,
2035 2327 2072 2365 id
2088 2329 2202 2380 gloria

1216 2388 1282 2425 Dei
1302 2397 1365 2425 est.
1390 2387 1487 2433 Quid
1502 2387 1571 2424 sibi
1586 2387 1666 2426 vult
1684 2386 1790 2436 illud,
1804 2388 2064 2433 Sicutdedisti
2082 2393 2118 2426 ei
2134 2404 2201 2441 po-

1215 2459 1391 2488 testatem
1401 2452 1526 2486 omnis
1540 2451 1693 2486 carnis?
1704 2449 1851 2486 Interim
1867 2450 2017 2488 ostendit
2029 2451 2202 2503 praedica-

1214 2511 1344 2548 tionem
1370 2524 1439 2547 non
1467 2509 1512 2547 ad
1540 2509 1685 2549 Judaeos
1714 2519 1853 2548 tantum
1881 2511 2201 2564 circumscriptam,

1214 2571 1276 2610 sed
1294 2572 1416 2609 orbem
1432 2580 1547 2609 totum
1566 2585 1794 2623 pervasuram
1814 2586 1898 2621 esse,
1916 2582 1949 2610 et
1964 2573 2124 2624 gentium
2138 2589 2200 2613 vo-

1212 2632 1359 2670 cationis
1378 2630 1577 2684 primordia
1595 2630 1730 2668 statuit.
1750 2631 1843 2678 Quia
1864 2632 1959 2670 enim
1978 2633 2130 2684 dixerat,
2153 2638 2200 2672 In
2214 2645 2326 2673 Manli.
2354 2655 2386 2674 10

1212 2696 1321 2731 viam
1345 2695 1516 2744 gentium
1536 2705 1583 2728 ne
1603 2693 1774 2730 abieritis
1787 2708 1802 2737 ,·
1822 2692 2054 2745 dicturusque
2079 2705 2199 2747 postea
2213 2686 2243 2715 5.

1212 2763 1302 2802 erat,
1325 2755 1361 2790 E
1364 2762 1474 2790 untes
1495 2752 1628 2789 docete
1644 2765 1774 2790 omnes
1791 2762 1935 2804 gentes,
1961 2754 2113 2793 ostendit
2132 2757 2199 2794 Pa·
2217 2771 2293 2798 thid.
2314 2770 2361 2800 23,

1211 2823 1302 2851 trem
1329 2813 1435 2850 etiam
1459 2811 1498 2850 id
1524 2811 1627 2850 velle.
1655 2813 1748 2850 Nam
1774 2812 1811 2850 id
1838 2814 1982 2852 Judaeos
2003 2815 2198 2854 admodum
2219 2820 2263 2849 ¹9·

1212 2873 1428 2922 offendebat,
1451 2873 1626 2924 etiamque
1645 2872 1855 2926 discipulos.
1881 2875 2002 2926 Neque
2025 2877 2119 2914 enim
2139 2891 2198 2929 po-

1211 2944 1283 2973 stea
1297 2948 1398 2985 aequo
1413 2934 1531 2971 animo
1547 2933 1705 2971 serebant
1722 2933 1816 2984 quod
1833 2944 1951 2986 gentes
1966 2935 2199 2988 adjungeren-

1210 3005 1271 3034 tur
1284 3026 1293 3044 ,
1321 2996 1433 3033 donec
1453 2994 1609 3047 Spiritus
1634 2994 1835 3033 doctrinam
1854 3007 2086 3049 acceperunt3
2106 2998 2196 3037 illud

1210 3055 1342 3108 quippe
1355 3057 1376 3095 J
1381 3055 1490 3093 udaeis
1503 3069 1572 3093 non
1588 3070 1714 3107 parum
1730 3055 1951 3108 displicebat.
1965 3059 2049 3095 Post
2063 3067 2196 3095 tantam

1210 3118 1322 3169 igitur
1336 3117 1555 3155 advenientis
1573 3116 1728 3169 Spiritus
1748 3117 1999 3164 celebritatem,
2016 3119 2196 3170 Jerosoly-

1211 3193 1307 3217 mam
1332 3178 1476 3217 veniens
1505 3179 1631 3216 Petrus
1646 3208 1657 3227 ,
1679 3178 1745 3217 vix
1770 3178 1886 3230 potuit
1917 3179 2197 3216 criminationem
2213 3183 2279 3209 Act-
2308 3188 2352 3208 Η·

1212 3240 1378 3292 effugere,
1399 3253 1481 3278 cum
1506 3238 1551 3277 de
1574 3238 1721 3278 sindone
1750 3239 1964 3290 loqueretur.
1992 3239 2090 3285 Quid
2112 3254 2197 3279 vero
