<?xml version="1.0" encoding="UTF-8"?>
<!DOCTYPE html PUBLIC "-//W3C//DTD XHTML 1.0 Transitional//EN"
    "http://www.w3.org/TR/xhtml1/DTD/xhtml1-transitional.dtd">
<html xmlns="http://www.w3.org/1999/xhtml" xml:lang="en" lang="en">
 <head>
  <title>
</title>
<meta http-equiv="Content-Type" content="text/html;charset=utf-8" />
  <meta name='ocr-system' content='tesseract 3.04.00' />
  <meta name='ocr-capabilities' content='ocr_page ocr_carea ocr_par ocr_line ocrx_word'/>
</head>
<body>
  <div class='ocr_page' id='page_1' title='image "./operaomniaquaeex08johnuoft/operaomniaquaeex08johnuoft_0235.png"; bbox 0 0 2481 3678; ppageno 0'>
   <div class='ocr_carea' id='block_1_1' title="bbox 681 220 1572 272">
    <p class='ocr_par' dir='ltr' id='par_1_1' title="bbox 681 220 1572 272">
     <span class='ocr_line' id='line_1_1' title="bbox 681 220 1572 272; baseline -0.01 0"><span class='ocrx_word' id='word_1_1' title='bbox 681 242 722 272; x_wconf 72' lang='lat' dir='ltr'>m</span> <span class='ocrx_word' id='word_1_2' title='bbox 758 240 966 272; x_wconf 61' lang='lat' dir='ltr'>somnam</span> <span class='ocrx_word' id='word_1_3' title='bbox 1003 239 1158 269; x_wconf 73' lang='lat' dir='ltr'>nomn.</span> <span class='ocrx_word' id='word_1_4' title='bbox 1198 238 1326 267; x_wconf 77' lang='lat' dir='ltr'>xxxi.</span> <span class='ocrx_word' id='word_1_5' title='bbox 1364 220 1427 265; x_wconf 85' lang='lat' dir='ltr'>al.</span> <span class='ocrx_word' id='word_1_6' title='bbox 1465 236 1572 264; x_wconf 84' lang='lat' dir='ltr'>xxx.</span> 
     </span>
    </p>
   </div>
   <div class='ocr_carea' id='block_1_2' title="bbox 92 320 1111 376">
    <p class='ocr_par' dir='ltr' id='par_1_2' title="bbox 92 320 1111 376">
     <span class='ocr_line' id='line_1_2' title="bbox 92 320 1111 376; baseline -0.005 -14"><span class='ocrx_word' id='word_1_7' title='bbox 92 323 227 363; x_wconf 80' lang='grc' dir='ltr'>λύπτει.</span> <span class='ocrx_word' id='word_1_8' title='bbox 247 324 316 364; x_wconf 80' lang='grc' dir='ltr'>Καὶ</span> <span class='ocrx_word' id='word_1_9' title='bbox 334 324 401 376; x_wconf 82' lang='grc' dir='ltr'>γὰρ</span> <span class='ocrx_word' id='word_1_10' title='bbox 420 324 561 374; x_wconf 84' lang='grc' dir='ltr'>ἔμελλεν</span> <span class='ocrx_word' id='word_1_11' title='bbox 578 322 702 366; x_wconf 77' lang='grc' dir='ltr'>εὐθέως</span> <span class='ocrx_word' id='word_1_12' title='bbox 720 326 877 373; x_wconf 84' lang='grc' dir='ltr'>μαθοῦσα</span> <span class='ocrx_word' id='word_1_13' title='bbox 895 321 987 364; x_wconf 79' lang='grc' dir='ltr'>ὅστις</span> <span class='ocrx_word' id='word_1_14' title='bbox 1007 320 1111 365; x_wconf 67' lang='grc' dir='ltr'>ἐστὶν,</span> 
     </span>
    </p>
   </div>
   <div class='ocr_carea' id='block_1_3' title="bbox 2076 235 2166 280">
    <p class='ocr_par' dir='ltr' id='par_1_3' title="bbox 2076 235 2166 280">
     <span class='ocr_line' id='line_1_3' title="bbox 2076 235 2166 280; baseline -0.022 -19"><span class='ocrx_word' id='word_1_15' title='bbox 2076 235 2166 280; x_wconf 69' lang='grc'>200</span> 
     </span>
    </p>
   </div>
   <div class='ocr_carea' id='block_1_4' title="bbox 1185 312 2164 367">
    <p class='ocr_par' dir='ltr' id='par_1_4' title="bbox 1185 312 2164 367">
     <span class='ocr_line' id='line_1_4' title="bbox 1185 312 2164 367; baseline -0.004 -13"><span class='ocrx_word' id='word_1_16' title='bbox 1185 317 1262 367; x_wconf 90' lang='lat' dir='ltr'>quis</span> <span class='ocrx_word' id='word_1_17' title='bbox 1281 324 1383 363; x_wconf 85' lang='lat' dir='ltr'>esset,</span> <span class='ocrx_word' id='word_1_18' title='bbox 1408 315 1474 367; x_wconf 82' lang='lat' dir='ltr'>ipsi</span> <span class='ocrx_word' id='word_1_19' title='bbox 1495 314 1777 365; x_wconf 79' lang='lat' dir='ltr'>obtemperatura</span> <span class='ocrx_word' id='word_1_20' title='bbox 1797 321 1890 361; x_wconf 75' lang='lat' dir='ltr'>crat,</span> <span class='ocrx_word' id='word_1_21' title='bbox 1909 312 2003 363; x_wconf 86' lang='lat' dir='ltr'>quod</span> <span class='ocrx_word' id='word_1_22' title='bbox 2032 314 2076 350; x_wconf 88' lang='lat' dir='ltr'>de</span> <span class='ocrx_word' id='word_1_23' title='bbox 2101 316 2164 351; x_wconf 69' lang='lat' dir='ltr'>„lu-</span> 
     </span>
    </p>
   </div>
   <div class='ocr_carea' id='block_1_5' title="bbox 93 373 2167 436">
    <p class='ocr_par' dir='ltr' id='par_1_5' title="bbox 93 373 2167 436">
     <span class='ocr_line' id='line_1_5' title="bbox 93 373 2167 436; baseline -0.007 -12"><span class='ocrx_word' id='word_1_24' title='bbox 93 386 351 424; x_wconf 81' lang='grc' dir='ltr'>ὓπακούσεσθαι</span> <span class='ocrx_word' id='word_1_25' title='bbox 369 384 631 436; x_wconf 69' lang='grc' dir='ltr'>κα“ι’προσέξειν</span> <span class='ocrx_word' id='word_1_26' title='bbox 658 386 770 436; x_wconf 81' lang='grc' dir='ltr'>αὐτῷ·</span> <span class='ocrx_word' id='word_1_27' title='bbox 799 384 883 435; x_wconf 75' lang='grc' dir='ltr'>ὅπερ</span> <span class='ocrx_word' id='word_1_28' title='bbox 911 383 991 434; x_wconf 84' lang='grc' dir='ltr'>περὶ</span> <span class='ocrx_word' id='word_1_29' title='bbox 1022 383 1112 419; x_wconf 90' lang='grc' dir='ltr'>Ἰου-</span> <span class='ocrx_word' id='word_1_30' title='bbox 1137 387 1161 417; x_wconf 73' lang='grc' dir='ltr'><strong><em>Β</em></strong></span> <span class='ocrx_word' id='word_1_31' title='bbox 1184 376 1270 414; x_wconf 79' lang='lat' dir='ltr'>daeis</span> <span class='ocrx_word' id='word_1_32' title='bbox 1297 390 1399 414; x_wconf 88' lang='lat' dir='ltr'>nemo</span> <span class='ocrx_word' id='word_1_33' title='bbox 1430 375 1577 413; x_wconf 74' lang='lat' dir='ltr'>dixerit.</span> <span class='ocrx_word' id='word_1_34' title='bbox 1601 375 1693 412; x_wconf 81' lang='lat' dir='ltr'>Nam</span> <span class='ocrx_word' id='word_1_35' title='bbox 1722 388 1803 411; x_wconf 90' lang='lat' dir='ltr'>cum</span> <span class='ocrx_word' id='word_1_36' title='bbox 1827 373 2049 421; x_wconf 83' lang='lat' dir='ltr'>didicissent,</span> <span class='ocrx_word' id='word_1_37' title='bbox 2078 374 2167 411; x_wconf 85' lang='lat' dir='ltr'>nihil</span> 
     </span>
    </p>
   </div>
   <div class='ocr_carea' id='block_1_6' title="bbox 93 442 1140 3302">
    <p class='ocr_par' dir='ltr' id='par_1_6' title="bbox 93 442 1140 3302">
     <span class='ocr_line' id='line_1_6' title="bbox 94 442 1112 496; baseline -0.005 -13"><span class='ocrx_word' id='word_1_38' title='bbox 94 446 199 483; x_wconf 84' lang='grc' dir='ltr'>δαίων</span> <span class='ocrx_word' id='word_1_39' title='bbox 228 448 289 485; x_wconf 83' lang='grc' dir='ltr'>οὐκ</span> <span class='ocrx_word' id='word_1_40' title='bbox 314 446 354 483; x_wconf 81' lang='grc' dir='ltr'>ἄν</span> <span class='ocrx_word' id='word_1_41' title='bbox 379 461 430 489; x_wconf 91' lang='grc' dir='ltr'>τις</span> <span class='ocrx_word' id='word_1_42' title='bbox 456 445 558 484; x_wconf 84' lang='grc' dir='ltr'><strong>εἴποι.</strong></span> <span class='ocrx_word' id='word_1_43' title='bbox 585 445 654 483; x_wconf 82' lang='grc' dir='ltr'>Καὶ</span> <span class='ocrx_word' id='word_1_44' title='bbox 681 445 748 496; x_wconf 85' lang='grc' dir='ltr'>γὰρ</span> <span class='ocrx_word' id='word_1_45' title='bbox 778 444 958 495; x_wconf 78' lang='grc' dir='ltr'>μαθόντες,</span> <span class='ocrx_word' id='word_1_46' title='bbox 977 442 1112 493; x_wconf 84' lang='grc' dir='ltr'>ᾔτησαν</span> 
     </span>
     <span class='ocr_line' id='line_1_7' title="bbox 94 499 1116 555; baseline -0.005 -12"><span class='ocrx_word' id='word_1_47' title='bbox 94 506 195 544; x_wconf 84' lang='grc' dir='ltr'>αὐτὸν</span> <span class='ocrx_word' id='word_1_48' title='bbox 216 506 324 553; x_wconf 78' lang='grc' dir='ltr'>οὐδὲν,</span> <span class='ocrx_word' id='word_1_49' title='bbox 345 505 420 544; x_wconf 79' lang='grc' dir='ltr'>οὐδὲ</span> <span class='ocrx_word' id='word_1_50' title='bbox 440 504 663 555; x_wconf 81' lang='grc' dir='ltr'>ἐπεθύμησάν</span> <span class='ocrx_word' id='word_1_51' title='bbox 692 521 725 542; x_wconf 91' lang='grc' dir='ltr'>τι</span> <span class='ocrx_word' id='word_1_52' title='bbox 746 509 864 555; x_wconf 78' lang='grc' dir='ltr'>μαθεῖν</span> <span class='ocrx_word' id='word_1_53' title='bbox 893 505 960 540; x_wconf 89' lang='grc' dir='ltr'>τῶν</span> <span class='ocrx_word' id='word_1_54' title='bbox 988 499 1116 552; x_wconf 81' lang='grc' dir='ltr'>χρησί-</span> 
     </span>
     <span class='ocr_line' id='line_1_8' title="bbox 95 557 1113 615; baseline -0.008 -13"><span class='ocrx_word' id='word_1_55' title='bbox 95 580 182 614; x_wconf 86' lang='grc' dir='ltr'>μων,</span> <span class='ocrx_word' id='word_1_56' title='bbox 202 563 292 601; x_wconf 85' lang='grc' dir='ltr'>ἀλλὰ</span> <span class='ocrx_word' id='word_1_57' title='bbox 320 564 379 602; x_wconf 85' lang='grc' dir='ltr'>καὶ</span> <span class='ocrx_word' id='word_1_58' title='bbox 404 562 540 615; x_wconf 67' lang='grc' dir='ltr'>ὕὸριζον</span> <span class='ocrx_word' id='word_1_59' title='bbox 573 563 632 601; x_wconf 79' lang='grc' dir='ltr'>καὶ</span> <span class='ocrx_word' id='word_1_60' title='bbox 660 563 870 609; x_wconf 65' lang='grc' dir='ltr'>ἀπήλαυνον.</span> <span class='ocrx_word' id='word_1_61' title='bbox 891 560 935 598; x_wconf 88' lang='grc' dir='ltr'>Ἡ</span> <span class='ocrx_word' id='word_1_62' title='bbox 965 559 1000 597; x_wconf 82' lang='grc' dir='ltr'>δὲ</span> <span class='ocrx_word' id='word_1_63' title='bbox 1028 557 1113 609; x_wconf 82' lang='grc' dir='ltr'>γυνὴ</span> 
     </span>
     <span class='ocr_line' id='line_1_9' title="bbox 93 619 1113 676; baseline -0.006 -15"><span class='ocrx_word' id='word_1_64' title='bbox 93 628 206 662; x_wconf 86' lang='grc' dir='ltr'>ταῦτα</span> <span class='ocrx_word' id='word_1_65' title='bbox 239 624 440 671; x_wconf 84' lang='grc' dir='ltr'>ἀκούσασα,</span> <span class='ocrx_word' id='word_1_66' title='bbox 479 624 543 676; x_wconf 80' lang='grc' dir='ltr'>ὅρα</span> <span class='ocrx_word' id='word_1_67' title='bbox 577 626 650 667; x_wconf 91' lang='grc' dir='ltr'>πῶς</span> <span class='ocrx_word' id='word_1_68' title='bbox 681 625 840 664; x_wconf 81' lang='grc' dir='ltr'>ἐπιεικῶς</span> <span class='ocrx_word' id='word_1_69' title='bbox 869 619 1113 671; x_wconf 84' lang='grc' dir='ltr'>ἀποκρίνεται·</span> 
     </span>
     <span class='ocr_line' id='line_1_10' title="bbox 94 679 1114 737; baseline -0.007 -14"><span class='ocrx_word' id='word_1_70' title='bbox 94 684 219 736; x_wconf 83' lang='grc' dir='ltr'>Κύριε,</span> <span class='ocrx_word' id='word_1_71' title='bbox 239 684 318 723; x_wconf 86' lang='grc' dir='ltr'>οὔτε</span> <span class='ocrx_word' id='word_1_72' title='bbox 338 685 502 737; x_wconf 80' lang='grc' dir='ltr'>ἄντλημα</span> <span class='ocrx_word' id='word_1_73' title='bbox 521 685 632 737; x_wconf 76' lang='grc' dir='ltr'>ἔχεις,</span> <span class='ocrx_word' id='word_1_74' title='bbox 651 684 709 721; x_wconf 82' lang='grc' dir='ltr'>καὶ</span> <span class='ocrx_word' id='word_1_75' title='bbox 725 683 764 720; x_wconf 84' lang='grc' dir='ltr'>τὸ</span> <span class='ocrx_word' id='word_1_76' title='bbox 783 681 891 734; x_wconf 75' lang='grc' dir='ltr'>φρέαρ</span> <span class='ocrx_word' id='word_1_77' title='bbox 912 680 984 719; x_wconf 80' lang='grc' dir='ltr'>ἐστὶ</span> <span class='ocrx_word' id='word_1_78' title='bbox 1008 679 1114 731; x_wconf 79' lang='grc' dir='ltr'>βαθύ·</span> 
     </span>
     <span class='ocr_line' id='line_1_11' title="bbox 94 739 1118 798; baseline -0.006 -15"><span class='ocrx_word' id='word_1_79' title='bbox 94 746 197 783; x_wconf 84' lang='grc' dir='ltr'>πόθεν</span> <span class='ocrx_word' id='word_1_80' title='bbox 228 739 286 783; x_wconf 73' lang='grc' dir='ltr'>οῦν</span> <span class='ocrx_word' id='word_1_81' title='bbox 315 746 406 798; x_wconf 77' lang='grc' dir='ltr'>ἔχεις</span> <span class='ocrx_word' id='word_1_82' title='bbox 435 747 475 785; x_wconf 85' lang='grc' dir='ltr'>τὸ</span> <span class='ocrx_word' id='word_1_83' title='bbox 503 746 594 797; x_wconf 71' lang='grc' dir='ltr'>ὕδωρ</span> <span class='ocrx_word' id='word_1_84' title='bbox 618 745 657 782; x_wconf 86' lang='grc' dir='ltr'>τὸ</span> <span class='ocrx_word' id='word_1_85' title='bbox 677 745 762 791; x_wconf 68' lang='grc' dir='ltr'>ζῶν,</span> <span class='ocrx_word' id='word_1_86' title='bbox 781 742 881 785; x_wconf 88' lang='grc' dir='ltr'>Τέως</span> <span class='ocrx_word' id='word_1_87' title='bbox 913 741 1021 788; x_wconf 78' lang='grc' dir='ltr'>αὐτὴν</span> <span class='ocrx_word' id='word_1_88' title='bbox 1055 743 1118 786; x_wconf 75' lang='grc' dir='ltr'>τῆς</span> 
     </span>
     <span class='ocr_line' id='line_1_12' title="bbox 95 802 1119 854; baseline -0.006 -9"><span class='ocrx_word' id='word_1_89' title='bbox 95 807 256 850; x_wconf 83' lang='grc' dir='ltr'>ὑπονοίας</span> <span class='ocrx_word' id='word_1_90' title='bbox 274 810 336 854; x_wconf 73' lang='grc' dir='ltr'>τῆς</span> <span class='ocrx_word' id='word_1_91' title='bbox 353 810 519 854; x_wconf 80' lang='grc' dir='ltr'>ταπεινῆς</span> <span class='ocrx_word' id='word_1_92' title='bbox 534 806 700 852; x_wconf 85' lang='grc' dir='ltr'>ἀνέστησε</span> <span class='ocrx_word' id='word_1_93' title='bbox 711 835 720 852; x_wconf 90' lang='grc'>,</span> <span class='ocrx_word' id='word_1_94' title='bbox 736 803 795 842; x_wconf 83' lang='grc' dir='ltr'>καὶ</span> <span class='ocrx_word' id='word_1_95' title='bbox 812 807 872 841; x_wconf 90' lang='grc' dir='ltr'>τοῦ</span> <span class='ocrx_word' id='word_1_96' title='bbox 889 803 1039 853; x_wconf 83' lang='grc' dir='ltr'>νομίζειν</span> <span class='ocrx_word' id='word_1_97' title='bbox 1058 802 1119 839; x_wconf 77' lang='grc' dir='ltr'>ἕνα</span> 
     </span>
     <span class='ocr_line' id='line_1_13' title="bbox 95 862 1117 920; baseline -0.003 -15"><span class='ocrx_word' id='word_1_98' title='bbox 95 871 164 906; x_wconf 83' lang='grc' dir='ltr'>τῶν</span> <span class='ocrx_word' id='word_1_99' title='bbox 180 871 318 907; x_wconf 85' lang='grc' dir='ltr'>πολλῶν</span> <span class='ocrx_word' id='word_1_100' title='bbox 338 862 442 907; x_wconf 67' lang='grc' dir='ltr'>εἶναι.</span> <span class='ocrx_word' id='word_1_101' title='bbox 465 871 518 907; x_wconf 86' lang='grc' dir='ltr'>Οὐ</span> <span class='ocrx_word' id='word_1_102' title='bbox 537 867 604 920; x_wconf 87' lang='grc' dir='ltr'>γὰρ</span> <span class='ocrx_word' id='word_1_103' title='bbox 619 867 737 909; x_wconf 83' lang='grc' dir='ltr'>ἁπλῶς</span> <span class='ocrx_word' id='word_1_104' title='bbox 759 869 906 904; x_wconf 81' lang='grc' dir='ltr'>ἐνταῦθα</span> <span class='ocrx_word' id='word_1_105' title='bbox 922 866 1021 902; x_wconf 86' lang='grc' dir='ltr'>καλεῖ</span> <span class='ocrx_word' id='word_1_106' title='bbox 1042 863 1117 902; x_wconf 74' lang='grc' dir='ltr'>Κό-</span> 
     </span>
     <span class='ocr_line' id='line_1_14' title="bbox 99 925 1119 980; baseline -0.003 -13"><span class='ocrx_word' id='word_1_107' title='bbox 99 945 181 980; x_wconf 83' lang='grc' dir='ltr'>ριον,</span> <span class='ocrx_word' id='word_1_108' title='bbox 202 930 291 968; x_wconf 86' lang='grc' dir='ltr'>ἀλλὰ</span> <span class='ocrx_word' id='word_1_109' title='bbox 310 929 442 976; x_wconf 78' lang='grc' dir='ltr'>πολλὴν</span> <span class='ocrx_word' id='word_1_110' title='bbox 467 928 689 980; x_wconf 85' lang='grc' dir='ltr'>ἀπονέμουσα</span> <span class='ocrx_word' id='word_1_111' title='bbox 714 927 776 975; x_wconf 79' lang='grc' dir='ltr'>τὴν</span> <span class='ocrx_word' id='word_1_112' title='bbox 802 926 921 977; x_wconf 77' lang='grc' dir='ltr'>τιμήν.</span> <span class='ocrx_word' id='word_1_113' title='bbox 939 925 1022 964; x_wconf 71' lang='lat' dir='ltr'><em>‘&#39;O-cz</em></span> <span class='ocrx_word' id='word_1_114' title='bbox 1051 925 1119 976; x_wconf 79' lang='grc' dir='ltr'>γὰρ</span> 
     </span>
     <span class='ocr_line' id='line_1_15' title="bbox 97 988 1118 1041; baseline -0.003 -14"><span class='ocrx_word' id='word_1_115' title='bbox 97 992 236 1040; x_wconf 82' lang='grc' dir='ltr'>τιμῶσα</span> <span class='ocrx_word' id='word_1_116' title='bbox 257 995 367 1028; x_wconf 85' lang='grc' dir='ltr'>ταῦτα</span> <span class='ocrx_word' id='word_1_117' title='bbox 383 991 512 1041; x_wconf 87' lang='grc' dir='ltr'>ἔλεγεν,</span> <span class='ocrx_word' id='word_1_118' title='bbox 524 989 593 1028; x_wconf 87' lang='grc' dir='ltr'>ἀπὸ</span> <span class='ocrx_word' id='word_1_119' title='bbox 607 991 676 1027; x_wconf 88' lang='grc' dir='ltr'>τῶν</span> <span class='ocrx_word' id='word_1_120' title='bbox 691 989 768 1034; x_wconf 77' lang='grc' dir='ltr'>ἑξῆς</span> <span class='ocrx_word' id='word_1_121' title='bbox 790 988 982 1041; x_wconf 79' lang='grc' dir='ltr'>εἰρημένων</span> <span class='ocrx_word' id='word_1_122' title='bbox 1004 989 1118 1033; x_wconf 69' lang='grc' dir='ltr'>δῆλον.</span> 
     </span>
     <span class='ocr_line' id='line_1_16' title="bbox 100 1048 1120 1104; baseline -0.005 -13"><span class='ocrx_word' id='word_1_123' title='bbox 100 1054 153 1091; x_wconf 79' lang='grc' dir='ltr'>Οὔ</span> <span class='ocrx_word' id='word_1_124' title='bbox 170 1051 237 1104; x_wconf 84' lang='grc' dir='ltr'>γὰρ</span> <span class='ocrx_word' id='word_1_125' title='bbox 257 1052 488 1104; x_wconf 81' lang='grc' dir='ltr'>κατεγέλασεν</span> <span class='ocrx_word' id='word_1_126' title='bbox 504 1051 581 1091; x_wconf 76' lang='grc' dir='ltr'>οὐδὲ</span> <span class='ocrx_word' id='word_1_127' title='bbox 598 1051 843 1104; x_wconf 78' lang='grc' dir='ltr'>ἐκωμῴδησεν,</span> <span class='ocrx_word' id='word_1_128' title='bbox 861 1049 950 1087; x_wconf 76' lang='grc' dir='ltr'>ἀλλὰ</span> <span class='ocrx_word' id='word_1_129' title='bbox 968 1048 1120 1096; x_wconf 77' lang='grc' dir='ltr'>1’διηπό-</span> 
     </span>
     <span class='ocr_line' id='line_1_17' title="bbox 103 1107 1120 1164; baseline -0.004 -13"><span class='ocrx_word' id='word_1_130' title='bbox 103 1128 152 1164; x_wconf 90' lang='grc' dir='ltr'>ρει</span> <span class='ocrx_word' id='word_1_131' title='bbox 167 1112 264 1156; x_wconf 83' lang='grc' dir='ltr'>τέως.</span> <span class='ocrx_word' id='word_1_132' title='bbox 284 1114 329 1151; x_wconf 86' lang='grc' dir='ltr'>Εἰ</span> <span class='ocrx_word' id='word_1_133' title='bbox 349 1113 385 1151; x_wconf 80' lang='grc' dir='ltr'>δὲ</span> <span class='ocrx_word' id='word_1_134' title='bbox 407 1113 455 1164; x_wconf 85' lang='grc' dir='ltr'>μὴ</span> <span class='ocrx_word' id='word_1_135' title='bbox 477 1113 598 1156; x_wconf 82' lang='grc' dir='ltr'>εὐθέως</span> <span class='ocrx_word' id='word_1_136' title='bbox 617 1112 656 1150; x_wconf 87' lang='grc' dir='ltr'>τὸ</span> <span class='ocrx_word' id='word_1_137' title='bbox 680 1119 749 1150; x_wconf 81' lang='grc' dir='ltr'>πᾶν</span> <span class='ocrx_word' id='word_1_138' title='bbox 769 1111 944 1160; x_wconf 78' lang='grc' dir='ltr'>ἐνενόησε,</span> <span class='ocrx_word' id='word_1_139' title='bbox 966 1107 1014 1161; x_wconf 75' lang='grc' dir='ltr'>μὴ</span> <span class='ocrx_word' id='word_1_140' title='bbox 1036 1115 1120 1149; x_wconf 90' lang='grc' dir='ltr'>θαυ-</span> 
     </span>
     <span class='ocr_line' id='line_1_18' title="bbox 102 1172 1125 1226; baseline -0.003 -14"><span class='ocrx_word' id='word_1_141' title='bbox 102 1173 217 1225; x_wconf 77' lang='grc' dir='ltr'>μάσῃς</span> <span class='ocrx_word' id='word_1_142' title='bbox 235 1190 242 1196; x_wconf 89' lang='grc'><em>·</em></span> <span class='ocrx_word' id='word_1_143' title='bbox 260 1174 337 1212; x_wconf 79' lang='grc' dir='ltr'>οὐδὲ</span> <span class='ocrx_word' id='word_1_144' title='bbox 356 1174 422 1226; x_wconf 78' lang='grc' dir='ltr'>γὰρ</span> <span class='ocrx_word' id='word_1_145' title='bbox 445 1178 462 1212; x_wconf 85' lang='grc' dir='ltr'>ὁ</span> <span class='ocrx_word' id='word_1_146' title='bbox 482 1173 694 1224; x_wconf 74' lang='grc' dir='ltr'>Νικόδημος.</span> <span class='ocrx_word' id='word_1_147' title='bbox 716 1173 763 1211; x_wconf 89' lang='grc' dir='ltr'>Τί</span> <span class='ocrx_word' id='word_1_148' title='bbox 784 1173 851 1224; x_wconf 74' lang='grc' dir='ltr'>γὰρ</span> <span class='ocrx_word' id='word_1_149' title='bbox 871 1172 999 1215; x_wconf 83' lang='grc' dir='ltr'>ἐκεῖνός</span> <span class='ocrx_word' id='word_1_150' title='bbox 1018 1187 1125 1224; x_wconf 72' lang='grc' dir='ltr'>φησι,</span> 
     </span>
     <span class='ocr_line' id='line_1_19' title="bbox 103 1233 1126 1287; baseline -0.003 -14"><span class='ocrx_word' id='word_1_151' title='bbox 103 1237 186 1278; x_wconf 80' lang='grc' dir='ltr'>Πῶς</span> <span class='ocrx_word' id='word_1_152' title='bbox 202 1235 346 1273; x_wconf 76' lang='grc' dir='ltr'>δύναται</span> <span class='ocrx_word' id='word_1_153' title='bbox 362 1238 473 1273; x_wconf 87' lang='grc' dir='ltr'>ταῦτα</span> <span class='ocrx_word' id='word_1_154' title='bbox 487 1235 645 1287; x_wconf 86' lang='grc' dir='ltr'>γενέσθαι</span> <span class='ocrx_word' id='word_1_155' title='bbox 658 1251 667 1282; x_wconf 89' lang='lat'>;</span> <span class='ocrx_word' id='word_1_156' title='bbox 682 1234 740 1272; x_wconf 78' lang='grc' dir='ltr'>καὶ</span> <span class='ocrx_word' id='word_1_157' title='bbox 754 1234 871 1271; x_wconf 76' lang='grc' dir='ltr'>πάλιν·</span> <span class='ocrx_word' id='word_1_158' title='bbox 887 1235 970 1276; x_wconf 86' lang='grc' dir='ltr'>Πῶς</span> <span class='ocrx_word' id='word_1_159' title='bbox 986 1233 1126 1272; x_wconf 76' lang='grc' dir='ltr'>δύναται</span> 
     </span>
     <span class='ocr_line' id='line_1_20' title="bbox 103 1294 1127 1348; baseline -0.002 -15"><span class='ocrx_word' id='word_1_160' title='bbox 103 1296 283 1348; x_wconf 85' lang='grc' dir='ltr'>ἄνθρωπος</span> <span class='ocrx_word' id='word_1_161' title='bbox 292 1299 498 1347; x_wconf 74' lang='grc' dir='ltr'>γεννηθῆναι</span> <span class='ocrx_word' id='word_1_162' title='bbox 511 1296 621 1348; x_wconf 87' lang='grc' dir='ltr'>γέρων</span> <span class='ocrx_word' id='word_1_163' title='bbox 631 1295 697 1343; x_wconf 72' lang='grc' dir='ltr'>ὤν,</span> <span class='ocrx_word' id='word_1_164' title='bbox 712 1295 771 1333; x_wconf 79' lang='grc' dir='ltr'>καὶ</span> <span class='ocrx_word' id='word_1_165' title='bbox 779 1295 897 1332; x_wconf 81' lang='grc' dir='ltr'>πάλιν·</span> <span class='ocrx_word' id='word_1_166' title='bbox 907 1294 967 1341; x_wconf 80' lang='grc' dir='ltr'>Μὴ</span> <span class='ocrx_word' id='word_1_167' title='bbox 985 1294 1127 1332; x_wconf 77' lang='grc' dir='ltr'>δύναται</span> 
     </span>
     <span class='ocr_line' id='line_1_21' title="bbox 104 1355 1128 1409; baseline -0.001 -16"><span class='ocrx_word' id='word_1_168' title='bbox 104 1358 152 1399; x_wconf 88' lang='grc' dir='ltr'>εἷς</span> <span class='ocrx_word' id='word_1_169' title='bbox 172 1355 234 1402; x_wconf 81' lang='grc' dir='ltr'>τὴν</span> <span class='ocrx_word' id='word_1_170' title='bbox 260 1356 394 1403; x_wconf 76' lang='grc' dir='ltr'>κοιλίαν</span> <span class='ocrx_word' id='word_1_171' title='bbox 416 1360 478 1404; x_wconf 71' lang='grc' dir='ltr'>τῆς</span> <span class='ocrx_word' id='word_1_172' title='bbox 501 1356 632 1409; x_wconf 76' lang='grc' dir='ltr'>μητρὸς</span> <span class='ocrx_word' id='word_1_173' title='bbox 657 1358 760 1394; x_wconf 84' lang='grc' dir='ltr'>αὐτοῦ</span> <span class='ocrx_word' id='word_1_174' title='bbox 781 1356 941 1408; x_wconf 73' lang='grc' dir='ltr'>’δεύτερον</span> <span class='ocrx_word' id='word_1_175' title='bbox 963 1357 1128 1393; x_wconf 77' lang='grc' dir='ltr'>εἰσελθεῖν</span> 
     </span>
     <span class='ocr_line' id='line_1_22' title="bbox 103 1416 1128 1468; baseline -0.001 -13"><span class='ocrx_word' id='word_1_176' title='bbox 103 1416 162 1455; x_wconf 84' lang='grc' dir='ltr'>καὶ</span> <span class='ocrx_word' id='word_1_177' title='bbox 191 1420 421 1468; x_wconf 72' lang='grc' dir='ltr'>γεννηθῆναι;</span> <span class='ocrx_word' id='word_1_178' title='bbox 464 1417 562 1464; x_wconf 78' lang='grc' dir='ltr'>Αὕτη</span> <span class='ocrx_word' id='word_1_179' title='bbox 597 1416 633 1456; x_wconf 83' lang='grc' dir='ltr'>δὲ</span> <span class='ocrx_word' id='word_1_180' title='bbox 674 1416 944 1468; x_wconf 80' lang='grc' dir='ltr'>αἷδεσιμώτερον</span> <span class='ocrx_word' id='word_1_181' title='bbox 957 1432 964 1440; x_wconf 89' lang='grc'><em>·</em></span> <span class='ocrx_word' id='word_1_182' title='bbox 1001 1417 1128 1468; x_wconf 80' lang='grc' dir='ltr'>Κύριε,</span> 
     </span>
     <span class='ocr_line' id='line_1_23' title="bbox 103 1476 1127 1530; baseline -0.002 -14"><span class='ocrx_word' id='word_1_183' title='bbox 103 1479 182 1516; x_wconf 86' lang='grc' dir='ltr'>οὔτε</span> <span class='ocrx_word' id='word_1_184' title='bbox 204 1478 366 1528; x_wconf 85' lang='grc' dir='ltr'>ἄντλημα</span> <span class='ocrx_word' id='word_1_185' title='bbox 391 1478 500 1530; x_wconf 71' lang='grc' dir='ltr'>ἔχεις,</span> <span class='ocrx_word' id='word_1_186' title='bbox 524 1477 584 1516; x_wconf 79' lang='grc' dir='ltr'>καὶ</span> <span class='ocrx_word' id='word_1_187' title='bbox 603 1477 642 1515; x_wconf 81' lang='grc' dir='ltr'>τὸ</span> <span class='ocrx_word' id='word_1_188' title='bbox 667 1477 777 1529; x_wconf 78' lang='grc' dir='ltr'>φρέαρ</span> <span class='ocrx_word' id='word_1_189' title='bbox 797 1477 869 1516; x_wconf 80' lang='grc' dir='ltr'>ἐστὶ</span> <span class='ocrx_word' id='word_1_190' title='bbox 899 1476 986 1528; x_wconf 81' lang='grc' dir='ltr'>βαθύ</span> <span class='ocrx_word' id='word_1_191' title='bbox 1001 1492 1008 1500; x_wconf 91' lang='grc'><em>·</em></span> <span class='ocrx_word' id='word_1_192' title='bbox 1025 1477 1127 1514; x_wconf 88' lang='grc' dir='ltr'>πόθεν</span> 
     </span>
     <span class='ocr_line' id='line_1_24' title="bbox 104 1533 1128 1590; baseline -0.002 -14"><span class='ocrx_word' id='word_1_193' title='bbox 104 1533 162 1576; x_wconf 67' lang='grc' dir='ltr'>οῦν</span> <span class='ocrx_word' id='word_1_194' title='bbox 185 1538 276 1590; x_wconf 77' lang='grc' dir='ltr'>ἔχεις</span> <span class='ocrx_word' id='word_1_195' title='bbox 295 1538 333 1576; x_wconf 85' lang='grc' dir='ltr'>τὸ</span> <span class='ocrx_word' id='word_1_196' title='bbox 348 1538 439 1590; x_wconf 79' lang='grc' dir='ltr'>ὕδωρ</span> <span class='ocrx_word' id='word_1_197' title='bbox 465 1538 505 1576; x_wconf 87' lang='grc' dir='ltr'>τὸ</span> <span class='ocrx_word' id='word_1_198' title='bbox 530 1540 618 1586; x_wconf 69' lang='grc' dir='ltr'>ζῶν,</span> <span class='ocrx_word' id='word_1_199' title='bbox 635 1536 740 1576; x_wconf 85' lang='grc' dir='ltr'>Ἄλλο</span> <span class='ocrx_word' id='word_1_200' title='bbox 766 1537 851 1589; x_wconf 80' lang='grc' dir='ltr'>πρὸς</span> <span class='ocrx_word' id='word_1_201' title='bbox 870 1536 977 1582; x_wconf 77' lang='grc' dir='ltr'>αὐτὴν</span> <span class='ocrx_word' id='word_1_202' title='bbox 999 1537 1128 1588; x_wconf 87' lang='grc' dir='ltr'>ἔλεγεν,</span> 
     </span>
     <span class='ocr_line' id='line_1_25' title="bbox 104 1596 1128 1646; baseline -0.002 -9"><span class='ocrx_word' id='word_1_203' title='bbox 104 1599 189 1637; x_wconf 80' lang='grc' dir='ltr'>ἄλλο</span> <span class='ocrx_word' id='word_1_204' title='bbox 204 1598 240 1635; x_wconf 83' lang='grc' dir='ltr'>δὲ</span> <span class='ocrx_word' id='word_1_205' title='bbox 259 1597 462 1637; x_wconf 78' lang='grc' dir='ltr'>ὑπώπτευεν</span> <span class='ocrx_word' id='word_1_206' title='bbox 480 1598 592 1646; x_wconf 77' lang='grc' dir='ltr'>ἐκείνη</span> <span class='ocrx_word' id='word_1_207' title='bbox 605 1628 615 1645; x_wconf 90' lang='grc'>,</span> <span class='ocrx_word' id='word_1_208' title='bbox 632 1597 729 1636; x_wconf 82' lang='grc' dir='ltr'>οὐδὲν</span> <span class='ocrx_word' id='word_1_209' title='bbox 747 1596 852 1636; x_wconf 82' lang='grc' dir='ltr'>πλέον</span> <span class='ocrx_word' id='word_1_210' title='bbox 870 1597 1046 1635; x_wconf 82' lang='grc' dir='ltr'>ἀκούουσα</span> <span class='ocrx_word' id='word_1_211' title='bbox 1059 1600 1128 1635; x_wconf 85' lang='grc' dir='ltr'>τῶν</span> 
     </span>
     <span class='ocr_line' id='line_1_26' title="bbox 105 1658 1126 1711; baseline -0.001 -14"><span class='ocrx_word' id='word_1_212' title='bbox 105 1659 283 1711; x_wconf 79' lang='grc' dir='ltr'>ῥημάτων,</span> <span class='ocrx_word' id='word_1_213' title='bbox 311 1660 388 1698; x_wconf 80' lang='grc' dir='ltr'>οὐδὲ</span> <span class='ocrx_word' id='word_1_214' title='bbox 418 1662 578 1707; x_wconf 74' lang='grc' dir='ltr'>ἐννοῆσαι</span> <span class='ocrx_word' id='word_1_215' title='bbox 597 1659 683 1703; x_wconf 86' lang='grc' dir='ltr'>τέως</span> <span class='ocrx_word' id='word_1_216' title='bbox 712 1675 746 1697; x_wconf 91' lang='grc' dir='ltr'>τι</span> <span class='ocrx_word' id='word_1_217' title='bbox 775 1658 908 1711; x_wconf 79' lang='grc' dir='ltr'>ὑψηλὸν</span> <span class='ocrx_word' id='word_1_218' title='bbox 930 1659 1126 1709; x_wconf 82' lang='grc' dir='ltr'>δυναμένη,</span> 
     </span>
     <span class='ocr_line' id='line_1_27' title="bbox 104 1719 1129 1773; baseline -0.001 -15"><span class='ocrx_word' id='word_1_219' title='bbox 104 1720 218 1758; x_wconf 86' lang='grc' dir='ltr'>καίτοι</span> <span class='ocrx_word' id='word_1_220' title='bbox 236 1736 275 1772; x_wconf 84' lang='grc' dir='ltr'>γε</span> <span class='ocrx_word' id='word_1_221' title='bbox 295 1722 374 1767; x_wconf 82' lang='grc' dir='ltr'>ἐν’ῆν</span> <span class='ocrx_word' id='word_1_222' title='bbox 395 1723 502 1759; x_wconf 83' lang='grc' dir='ltr'>εἰπεῖν</span> <span class='ocrx_word' id='word_1_223' title='bbox 527 1724 711 1773; x_wconf 82' lang='grc' dir='ltr'>προπετῶς</span> <span class='ocrx_word' id='word_1_224' title='bbox 738 1719 991 1772; x_wconf 81' lang='grc' dir='ltr'>φθεγγομένην,</span> <span class='ocrx_word' id='word_1_225' title='bbox 1018 1719 1072 1759; x_wconf 76' lang='grc' dir='ltr'>ὅτι</span> <span class='ocrx_word' id='word_1_226' title='bbox 1100 1721 1129 1758; x_wconf 86' lang='grc' dir='ltr'>εἷ</span> 
     </span>
     <span class='ocr_line' id='line_1_28' title="bbox 105 1776 1130 1835; baseline -0.001 -15"><span class='ocrx_word' id='word_1_227' title='bbox 105 1776 196 1833; x_wconf 70' lang='grc' dir='ltr'>εἶχες</span> <span class='ocrx_word' id='word_1_228' title='bbox 209 1781 246 1820; x_wconf 80' lang='grc' dir='ltr'>τὸ</span> <span class='ocrx_word' id='word_1_229' title='bbox 265 1781 358 1835; x_wconf 77' lang='grc' dir='ltr'>ὕδωρ</span> <span class='ocrx_word' id='word_1_230' title='bbox 373 1781 414 1821; x_wconf 83' lang='grc' dir='ltr'>τὸ</span> <span class='ocrx_word' id='word_1_231' title='bbox 427 1783 506 1830; x_wconf 88' lang='grc' dir='ltr'>ζῶν,</span> <span class='ocrx_word' id='word_1_232' title='bbox 523 1783 586 1820; x_wconf 80' lang='grc' dir='ltr'>οὐκ</span> <span class='ocrx_word' id='word_1_233' title='bbox 602 1782 641 1819; x_wconf 81' lang='grc' dir='ltr'>ἂν</span> <span class='ocrx_word' id='word_1_234' title='bbox 659 1781 794 1834; x_wconf 80' lang='grc' dir='ltr'>ᾔτησας</span> <span class='ocrx_word' id='word_1_235' title='bbox 810 1782 893 1833; x_wconf 86' lang='grc' dir='ltr'>παρ’</span> <span class='ocrx_word' id='word_1_236' title='bbox 916 1783 1019 1831; x_wconf 81' lang='grc' dir='ltr'>ἐμοῦ,</span> <span class='ocrx_word' id='word_1_237' title='bbox 1040 1781 1130 1819; x_wconf 83' lang='grc' dir='ltr'>ἀλλὰ</span> 
     </span>
     <span class='ocr_line' id='line_1_29' title="bbox 105 1841 1127 1895; baseline -0.001 -15"><span class='ocrx_word' id='word_1_238' title='bbox 105 1845 222 1895; x_wconf 80' lang='grc' dir='ltr'>σαυτῷ</span> <span class='ocrx_word' id='word_1_239' title='bbox 237 1842 411 1895; x_wconf 66' lang='grc' dir='ltr'>παρέσχές</span> <span class='ocrx_word' id='word_1_240' title='bbox 427 1843 468 1881; x_wconf 72' lang='grc' dir='ltr'>ἂν</span> <span class='ocrx_word' id='word_1_241' title='bbox 485 1842 644 1895; x_wconf 87' lang='grc' dir='ltr'>προτέρῳ</span> <span class='ocrx_word' id='word_1_242' title='bbox 660 1857 668 1866; x_wconf 91' lang='grc'><strong><em>·</em></strong></span> <span class='ocrx_word' id='word_1_243' title='bbox 684 1846 743 1880; x_wconf 88' lang='grc' dir='ltr'>νῦν</span> <span class='ocrx_word' id='word_1_244' title='bbox 762 1842 796 1880; x_wconf 78' lang='grc' dir='ltr'>δὲ</span> <span class='ocrx_word' id='word_1_245' title='bbox 813 1842 1015 1893; x_wconf 78' lang='grc' dir='ltr'>κομπάζεις.</span> <span class='ocrx_word' id='word_1_246' title='bbox 1037 1841 1127 1880; x_wconf 83' lang='grc' dir='ltr'>Ἀλλ’</span> 
     </span>
     <span class='ocr_line' id='line_1_30' title="bbox 105 1898 1132 1955; baseline -0.002 -13"><span class='ocrx_word' id='word_1_247' title='bbox 105 1903 201 1942; x_wconf 78' lang='grc' dir='ltr'>οὐδὲν</span> <span class='ocrx_word' id='word_1_248' title='bbox 220 1903 350 1941; x_wconf 83' lang='grc' dir='ltr'>τούτων</span> <span class='ocrx_word' id='word_1_249' title='bbox 379 1898 487 1951; x_wconf 60' lang='grc' dir='ltr'>εἶπεν,</span> <span class='ocrx_word' id='word_1_250' title='bbox 515 1904 605 1943; x_wconf 84' lang='grc' dir='ltr'>ἀλλὰ</span> <span class='ocrx_word' id='word_1_251' title='bbox 636 1906 710 1955; x_wconf 89' lang='grc' dir='ltr'>μετ’</span> <span class='ocrx_word' id='word_1_252' title='bbox 741 1903 928 1947; x_wconf 78' lang='grc' dir='ltr'>ἐπιεικείας</span> <span class='ocrx_word' id='word_1_253' title='bbox 947 1903 1132 1955; x_wconf 85' lang='grc' dir='ltr'>ἀποκρίνε-</span> 
     </span>
     <span class='ocr_line' id='line_1_31' title="bbox 106 1964 1132 2017; baseline -0.001 -15"><span class='ocrx_word' id='word_1_254' title='bbox 106 1981 164 2002; x_wconf 87' lang='grc' dir='ltr'>ται</span> <span class='ocrx_word' id='word_1_255' title='bbox 192 1966 343 2012; x_wconf 77' lang='grc' dir='ltr'>πολλῆς,</span> <span class='ocrx_word' id='word_1_256' title='bbox 373 1965 432 2002; x_wconf 80' lang='grc' dir='ltr'>καὶ</span> <span class='ocrx_word' id='word_1_257' title='bbox 453 1967 486 2004; x_wconf 80' lang='grc' dir='ltr'>ἐν</span> <span class='ocrx_word' id='word_1_258' title='bbox 509 1968 604 2017; x_wconf 75' lang='grc' dir='ltr'>ἀρχῇ</span> <span class='ocrx_word' id='word_1_259' title='bbox 624 1965 683 2003; x_wconf 86' lang='grc' dir='ltr'>καὶ</span> <span class='ocrx_word' id='word_1_260' title='bbox 716 1965 807 2015; x_wconf 80' lang='grc' dir='ltr'>μετὰ</span> <span class='ocrx_word' id='word_1_261' title='bbox 828 1968 952 2002; x_wconf 86' lang='grc' dir='ltr'>ταῦτα.</span> <span class='ocrx_word' id='word_1_262' title='bbox 975 1964 1045 2002; x_wconf 78' lang='grc' dir='ltr'>Καὶ</span> <span class='ocrx_word' id='word_1_263' title='bbox 1064 1964 1132 2016; x_wconf 86' lang='grc' dir='ltr'>γὰρ</span> 
     </span>
     <span class='ocr_line' id='line_1_32' title="bbox 107 2025 1131 2078; baseline 0 -16"><span class='ocrx_word' id='word_1_264' title='bbox 107 2026 140 2062; x_wconf 80' lang='grc' dir='ltr'>ἐν</span> <span class='ocrx_word' id='word_1_265' title='bbox 161 2028 253 2078; x_wconf 75' lang='grc' dir='ltr'>ἀρχῇ</span> <span class='ocrx_word' id='word_1_266' title='bbox 279 2040 379 2077; x_wconf 76' lang='grc' dir='ltr'>φησι·</span> <span class='ocrx_word' id='word_1_267' title='bbox 404 2027 487 2069; x_wconf 86' lang='grc' dir='ltr'>Πῶς</span> <span class='ocrx_word' id='word_1_268' title='bbox 509 2025 550 2065; x_wconf 80' lang='grc' dir='ltr'>σὺ</span> <span class='ocrx_word' id='word_1_269' title='bbox 567 2027 732 2069; x_wconf 72' lang='grc' dir='ltr'>Ἰουδαῖος</span> <span class='ocrx_word' id='word_1_270' title='bbox 751 2025 798 2062; x_wconf 81' lang='grc' dir='ltr'>ὢν</span> <span class='ocrx_word' id='word_1_271' title='bbox 818 2027 924 2068; x_wconf 88' lang='grc' dir='ltr'>αἷτεῖς</span> <span class='ocrx_word' id='word_1_272' title='bbox 947 2027 1030 2077; x_wconf 75' lang='grc' dir='ltr'>παρ’</span> <span class='ocrx_word' id='word_1_273' title='bbox 1047 2027 1131 2075; x_wconf 84' lang='grc' dir='ltr'>ἐμοῦ</span> 
     </span>
     <span class='ocr_line' id='line_1_33' title="bbox 106 2081 1130 2140; baseline 0 -17"><span class='ocrx_word' id='word_1_274' title='bbox 106 2093 216 2134; x_wconf 74' lang='grc' dir='ltr'>πιεῖν,</span> <span class='ocrx_word' id='word_1_275' title='bbox 235 2086 305 2124; x_wconf 80' lang='grc' dir='ltr'>Καὶ</span> <span class='ocrx_word' id='word_1_276' title='bbox 319 2089 381 2125; x_wconf 78' lang='grc' dir='ltr'>οὐκ</span> <span class='ocrx_word' id='word_1_277' title='bbox 400 2081 508 2136; x_wconf 62' lang='grc' dir='ltr'>εἶπεν,</span> <span class='ocrx_word' id='word_1_278' title='bbox 525 2087 586 2126; x_wconf 82' lang='grc' dir='ltr'>ἅτε</span> <span class='ocrx_word' id='word_1_279' title='bbox 601 2087 686 2140; x_wconf 79' lang='grc' dir='ltr'>πρὸς</span> <span class='ocrx_word' id='word_1_280' title='bbox 704 2086 908 2139; x_wconf 73' lang='grc' dir='ltr'>ἀλλόφυλον,</span> <span class='ocrx_word' id='word_1_281' title='bbox 931 2086 990 2124; x_wconf 80' lang='grc' dir='ltr'>καὶ</span> <span class='ocrx_word' id='word_1_282' title='bbox 1009 2087 1130 2138; x_wconf 75' lang='grc' dir='ltr'>ἐχθρὸν</span> 
     </span>
     <span class='ocr_line' id='line_1_34' title="bbox 107 2147 1131 2199; baseline -0.001 -14"><span class='ocrx_word' id='word_1_283' title='bbox 107 2147 353 2199; x_wconf 81' lang='grc' dir='ltr'>διαλεγομένη·</span> <span class='ocrx_word' id='word_1_284' title='bbox 371 2148 421 2199; x_wconf 80' lang='grc' dir='ltr'>μή</span> <span class='ocrx_word' id='word_1_285' title='bbox 437 2164 496 2199; x_wconf 91' lang='grc' dir='ltr'>μοι</span> <span class='ocrx_word' id='word_1_286' title='bbox 511 2148 644 2199; x_wconf 85' lang='grc' dir='ltr'>γένοιτό</span> <span class='ocrx_word' id='word_1_287' title='bbox 660 2164 714 2187; x_wconf 89' lang='grc' dir='ltr'>σοι</span> <span class='ocrx_word' id='word_1_288' title='bbox 731 2149 938 2199; x_wconf 77' lang='grc' dir='ltr'>μεταδοῦναι</span> <span class='ocrx_word' id='word_1_289' title='bbox 959 2147 1131 2199; x_wconf 82' lang='grc' dir='ltr'>ἀνθρώπῳ</span> 
     </span>
     <span class='ocr_line' id='line_1_35' title="bbox 107 2207 1132 2261; baseline 0.001 -16"><span class='ocrx_word' id='word_1_290' title='bbox 107 2207 264 2261; x_wconf 85' lang='grc' dir='ltr'>πολεμίῳ</span> <span class='ocrx_word' id='word_1_291' title='bbox 295 2209 354 2247; x_wconf 84' lang='grc' dir='ltr'>καὶ</span> <span class='ocrx_word' id='word_1_292' title='bbox 385 2213 445 2247; x_wconf 88' lang='grc' dir='ltr'>τοῦ</span> <span class='ocrx_word' id='word_1_293' title='bbox 477 2210 590 2253; x_wconf 83' lang='grc' dir='ltr'>ἔθνους</span> <span class='ocrx_word' id='word_1_294' title='bbox 615 2212 716 2260; x_wconf 81' lang='grc' dir='ltr'>ἡμῶν</span> <span class='ocrx_word' id='word_1_295' title='bbox 745 2208 1030 2260; x_wconf 79' lang='grc' dir='ltr'>ἠλλοτριωμένῳ.</span> <span class='ocrx_word' id='word_1_296' title='bbox 1061 2208 1132 2246; x_wconf 83' lang='grc' dir='ltr'>Καὶ</span> 
     </span>
     <span class='ocr_line' id='line_1_36' title="bbox 109 2263 1132 2322; baseline 0 -16"><span class='ocrx_word' id='word_1_297' title='bbox 109 2269 197 2318; x_wconf 88' lang='grc' dir='ltr'>μετὰ</span> <span class='ocrx_word' id='word_1_298' title='bbox 212 2272 323 2307; x_wconf 90' lang='grc' dir='ltr'>ταῦτα</span> <span class='ocrx_word' id='word_1_299' title='bbox 341 2269 445 2307; x_wconf 87' lang='grc' dir='ltr'>πάλιν</span> <span class='ocrx_word' id='word_1_300' title='bbox 468 2270 650 2309; x_wconf 85' lang='grc' dir='ltr'>ἀκούσασα</span> <span class='ocrx_word' id='word_1_301' title='bbox 672 2270 808 2322; x_wconf 83' lang='grc' dir='ltr'>μεγάλα</span> <span class='ocrx_word' id='word_1_302' title='bbox 832 2269 1010 2321; x_wconf 87' lang='grc' dir='ltr'>λέγοντος,</span> <span class='ocrx_word' id='word_1_303' title='bbox 1031 2271 1084 2321; x_wconf 71' lang='grc' dir='ltr'>ἐφ’</span> <span class='ocrx_word' id='word_1_304' title='bbox 1104 2263 1132 2321; x_wconf 76' lang='grc' dir='ltr'>ᾧ</span> 
     </span>
     <span class='ocr_line' id='line_1_37' title="bbox 109 2329 1132 2384; baseline 0.001 -17"><span class='ocrx_word' id='word_1_305' title='bbox 109 2329 262 2380; x_wconf 83' lang='grc' dir='ltr'>μάλιστα</span> <span class='ocrx_word' id='word_1_306' title='bbox 283 2330 465 2369; x_wconf 79' lang='grc' dir='ltr'>δάκνονται</span> <span class='ocrx_word' id='word_1_307' title='bbox 490 2334 521 2370; x_wconf 86' lang='lat' dir='ltr'>ot</span> <span class='ocrx_word' id='word_1_308' title='bbox 549 2331 688 2384; x_wconf 74' lang='grc' dir='ltr'>ἐχθροὶ,</span> <span class='ocrx_word' id='word_1_309' title='bbox 714 2333 751 2370; x_wconf 85' lang='grc' dir='ltr'>οὖ</span> <span class='ocrx_word' id='word_1_310' title='bbox 772 2330 1027 2382; x_wconf 81' lang='grc' dir='ltr'>κατεγέλασεν,</span> <span class='ocrx_word' id='word_1_311' title='bbox 1056 2329 1132 2368; x_wconf 68' lang='grc' dir='ltr'>οὐδὲ</span> 
     </span>
     <span class='ocr_line' id='line_1_38' title="bbox 108 2385 1133 2445; baseline 0 -16"><span class='ocrx_word' id='word_1_312' title='bbox 108 2390 260 2444; x_wconf 84' lang='grc' dir='ltr'>διέσυρεν</span> <span class='ocrx_word' id='word_1_313' title='bbox 275 2408 283 2415; x_wconf 89' lang='grc'><em>·</em></span> <span class='ocrx_word' id='word_1_314' title='bbox 301 2392 391 2430; x_wconf 78' lang='grc' dir='ltr'>ἀλλὰ</span> <span class='ocrx_word' id='word_1_315' title='bbox 412 2392 447 2431; x_wconf 86' lang='grc' dir='ltr'>τί</span> <span class='ocrx_word' id='word_1_316' title='bbox 463 2409 566 2445; x_wconf 71' lang='grc' dir='ltr'>φησι,</span> <span class='ocrx_word' id='word_1_317' title='bbox 588 2393 649 2440; x_wconf 86' lang='grc' dir='ltr'>Μὴ</span> <span class='ocrx_word' id='word_1_318' title='bbox 667 2393 708 2431; x_wconf 69' lang='grc' dir='ltr'>σὺ</span> <span class='ocrx_word' id='word_1_319' title='bbox 724 2392 850 2444; x_wconf 83' lang='grc' dir='ltr'>μείζων</span> <span class='ocrx_word' id='word_1_320' title='bbox 873 2385 905 2429; x_wconf 64' lang='grc' dir='ltr'>εἷ</span> <span class='ocrx_word' id='word_1_321' title='bbox 923 2395 982 2430; x_wconf 90' lang='grc' dir='ltr'>τοῦ</span> <span class='ocrx_word' id='word_1_322' title='bbox 1004 2391 1133 2444; x_wconf 65' lang='grc' dir='ltr'>πατρὸς</span> 
     </span>
     <span class='ocr_line' id='line_1_39' title="bbox 107 2451 1134 2505; baseline 0 -16"><span class='ocrx_word' id='word_1_323' title='bbox 107 2455 207 2502; x_wconf 77' lang='grc' dir='ltr'>ἡμῶν</span> <span class='ocrx_word' id='word_1_324' title='bbox 227 2451 380 2501; x_wconf 64' lang='grc' dir='ltr'>Ἰακὼὸ,</span> <span class='ocrx_word' id='word_1_325' title='bbox 406 2453 441 2497; x_wconf 82' lang='grc' dir='ltr'>ὃς</span> <span class='ocrx_word' id='word_1_326' title='bbox 464 2453 591 2492; x_wconf 79' lang='grc' dir='ltr'>ἔδωκεν</span> <span class='ocrx_word' id='word_1_327' title='bbox 617 2456 701 2504; x_wconf 77' lang='grc' dir='ltr'>ἡμῖν</span> <span class='ocrx_word' id='word_1_328' title='bbox 728 2454 767 2492; x_wconf 78' lang='grc' dir='ltr'>τὸ</span> <span class='ocrx_word' id='word_1_329' title='bbox 796 2453 906 2505; x_wconf 74' lang='grc' dir='ltr'>φρέαρ</span> <span class='ocrx_word' id='word_1_330' title='bbox 926 2455 1051 2500; x_wconf 89' lang='grc' dir='ltr'>τοῦτο,</span> <span class='ocrx_word' id='word_1_331' title='bbox 1075 2452 1134 2490; x_wconf 83' lang='grc' dir='ltr'>καὶ</span> 
     </span>
     <span class='ocr_line' id='line_1_40' title="bbox 109 2512 1133 2565; baseline 0.001 -15"><span class='ocrx_word' id='word_1_332' title='bbox 109 2513 210 2555; x_wconf 81' lang='grc' dir='ltr'>αὐτὸς</span> <span class='ocrx_word' id='word_1_333' title='bbox 225 2512 259 2557; x_wconf 80' lang='grc' dir='ltr'>ἐξ</span> <span class='ocrx_word' id='word_1_334' title='bbox 274 2515 378 2552; x_wconf 82' lang='grc' dir='ltr'>αὐτοῦ</span> <span class='ocrx_word' id='word_1_335' title='bbox 395 2513 470 2552; x_wconf 83' lang='grc' dir='ltr'>ἔπιε</span> <span class='ocrx_word' id='word_1_336' title='bbox 483 2545 492 2562; x_wconf 90' lang='grc'>,</span> <span class='ocrx_word' id='word_1_337' title='bbox 513 2515 572 2552; x_wconf 80' lang='grc' dir='ltr'>καὶ</span> <span class='ocrx_word' id='word_1_338' title='bbox 592 2517 623 2552; x_wconf 84' lang='grc' dir='ltr'>οἱ</span> <span class='ocrx_word' id='word_1_339' title='bbox 644 2514 712 2552; x_wconf 76' lang='grc' dir='ltr'>υἱοὶ</span> <span class='ocrx_word' id='word_1_340' title='bbox 733 2517 837 2553; x_wconf 77' lang='grc' dir='ltr'>αὐτοῦ</span> <span class='ocrx_word' id='word_1_341' title='bbox 852 2545 861 2562; x_wconf 92' lang='grc'>,</span> <span class='ocrx_word' id='word_1_342' title='bbox 882 2513 941 2551; x_wconf 80' lang='grc' dir='ltr'>καὶ</span> <span class='ocrx_word' id='word_1_343' title='bbox 956 2513 1001 2551; x_wconf 84' lang='grc' dir='ltr'>τὰ</span> <span class='ocrx_word' id='word_1_344' title='bbox 1023 2513 1133 2565; x_wconf 86' lang='grc' dir='ltr'>θρέμ-</span> 
     </span>
     <span class='ocr_line' id='line_1_41' title="bbox 111 2573 1135 2626; baseline 0.003 -16"><span class='ocrx_word' id='word_1_345' title='bbox 111 2589 206 2623; x_wconf 86' lang='grc' dir='ltr'>ματα</span> <span class='ocrx_word' id='word_1_346' title='bbox 226 2574 343 2621; x_wconf 72' lang='grc' dir='ltr'>αὖτοῦ,</span> <span class='ocrx_word' id='word_1_347' title='bbox 359 2573 467 2626; x_wconf 63' lang='grc' dir='ltr'>ςΟρᾷς</span> <span class='ocrx_word' id='word_1_348' title='bbox 486 2577 560 2618; x_wconf 87' lang='grc' dir='ltr'>πῶς</span> <span class='ocrx_word' id='word_1_349' title='bbox 580 2577 714 2613; x_wconf 84' lang='grc' dir='ltr'>εἷσωθεῖ</span> <span class='ocrx_word' id='word_1_350' title='bbox 737 2574 862 2621; x_wconf 79' lang='grc' dir='ltr'>ἑαυτὴν</span> <span class='ocrx_word' id='word_1_351' title='bbox 885 2577 932 2618; x_wconf 87' lang='grc' dir='ltr'>εἷς</span> <span class='ocrx_word' id='word_1_352' title='bbox 952 2574 1015 2621; x_wconf 78' lang='grc' dir='ltr'>τὴν</span> <span class='ocrx_word' id='word_1_353' title='bbox 1036 2574 1135 2625; x_wconf 76' lang='grc' dir='ltr'>εὐγέ-</span> 
     </span>
     <span class='ocr_line' id='line_1_42' title="bbox 111 2634 1133 2686; baseline 0.002 -16"><span class='ocrx_word' id='word_1_354' title='bbox 111 2650 201 2672; x_wconf 89' lang='grc' dir='ltr'>νειαν</span> <span class='ocrx_word' id='word_1_355' title='bbox 233 2634 296 2682; x_wconf 80' lang='grc' dir='ltr'>τὴν</span> <span class='ocrx_word' id='word_1_356' title='bbox 326 2634 540 2683; x_wconf 74' lang='grc' dir='ltr'>Ἰουδαϊκήν;</span> <span class='ocrx_word' id='word_1_357' title='bbox 570 2636 620 2675; x_wconf 65' lang='lat'>⁰0</span> <span class='ocrx_word' id='word_1_358' title='bbox 641 2636 676 2674; x_wconf 76' lang='grc' dir='ltr'>δὲ</span> <span class='ocrx_word' id='word_1_359' title='bbox 695 2636 808 2686; x_wconf 84' lang='grc' dir='ltr'>λέγει,</span> <span class='ocrx_word' id='word_1_360' title='bbox 836 2635 988 2674; x_wconf 84' lang='grc' dir='ltr'>τοιοῦτόν</span> <span class='ocrx_word' id='word_1_361' title='bbox 1018 2637 1133 2672; x_wconf 79' lang='grc' dir='ltr'>ἐστιν·</span> 
     </span>
     <span class='ocr_line' id='line_1_43' title="bbox 111 2694 1133 2749; baseline 0 -17"><span class='ocrx_word' id='word_1_362' title='bbox 111 2698 237 2738; x_wconf 80' lang='grc' dir='ltr'>ἐκεῖνος</span> <span class='ocrx_word' id='word_1_363' title='bbox 261 2694 373 2747; x_wconf 77' lang='grc' dir='ltr'>τούτῳ</span> <span class='ocrx_word' id='word_1_364' title='bbox 403 2695 574 2748; x_wconf 74' lang='grc' dir='ltr'>ἐκέχρητο</span> <span class='ocrx_word' id='word_1_365' title='bbox 593 2699 642 2749; x_wconf 83' lang='grc' dir='ltr'>τῷ</span> <span class='ocrx_word' id='word_1_366' title='bbox 661 2696 783 2745; x_wconf 71' lang='grc' dir='ltr'>ὕδατι,</span> <span class='ocrx_word' id='word_1_367' title='bbox 810 2696 870 2734; x_wconf 81' lang='grc' dir='ltr'>καὶ</span> <span class='ocrx_word' id='word_1_368' title='bbox 899 2695 1004 2733; x_wconf 80' lang='grc' dir='ltr'>πλέον</span> <span class='ocrx_word' id='word_1_369' title='bbox 1033 2695 1133 2747; x_wconf 75' lang='grc' dir='ltr'>ἔσχεν</span> 
     </span>
     <span class='ocr_line' id='line_1_44' title="bbox 111 2755 1135 2808; baseline 0 -15"><span class='ocrx_word' id='word_1_370' title='bbox 111 2755 208 2794; x_wconf 78' lang='grc' dir='ltr'>οὐδὲν</span> <span class='ocrx_word' id='word_1_371' title='bbox 245 2758 377 2794; x_wconf 79' lang='grc' dir='ltr'>δοῦναι.</span> <span class='ocrx_word' id='word_1_372' title='bbox 420 2758 544 2795; x_wconf 90' lang='grc' dir='ltr'>Ταῦτα</span> <span class='ocrx_word' id='word_1_373' title='bbox 574 2756 610 2795; x_wconf 79' lang='grc' dir='ltr'>δὲ</span> <span class='ocrx_word' id='word_1_374' title='bbox 639 2759 757 2808; x_wconf 85' lang='grc' dir='ltr'>ἔλεγε,</span> <span class='ocrx_word' id='word_1_375' title='bbox 790 2757 952 2794; x_wconf 79' lang='grc' dir='ltr'>δεικνῦσα</span> <span class='ocrx_word' id='word_1_376' title='bbox 983 2758 1058 2799; x_wconf 89' lang='grc' dir='ltr'>πῶς</span> <span class='ocrx_word' id='word_1_377' title='bbox 1096 2758 1135 2794; x_wconf 82' lang='grc' dir='ltr'>ἐκ</span> 
     </span>
     <span class='ocr_line' id='line_1_45' title="bbox 111 2816 1132 2870; baseline -0.001 -16"><span class='ocrx_word' id='word_1_378' title='bbox 111 2817 252 2869; x_wconf 80' lang='grc' dir='ltr'>πρώτης</span> <span class='ocrx_word' id='word_1_379' title='bbox 273 2817 487 2870; x_wconf 82' lang='grc' dir='ltr'>ἀποκρίσεως</span> <span class='ocrx_word' id='word_1_380' title='bbox 507 2818 645 2863; x_wconf 77' lang='grc' dir='ltr'>ἐδέξατο</span> <span class='ocrx_word' id='word_1_381' title='bbox 665 2818 778 2869; x_wconf 84' lang='grc' dir='ltr'>νόημα</span> <span class='ocrx_word' id='word_1_382' title='bbox 799 2817 889 2869; x_wconf 85' lang='grc' dir='ltr'>μέγα</span> <span class='ocrx_word' id='word_1_383' title='bbox 914 2816 973 2854; x_wconf 78' lang='grc' dir='ltr'>καὶ</span> <span class='ocrx_word' id='word_1_384' title='bbox 989 2816 1132 2868; x_wconf 74' lang='grc' dir='ltr'>ὑψηλόν.</span> 
     </span>
     <span class='ocr_line' id='line_1_46' title="bbox 109 2877 1132 2930; baseline -0.002 -14"><span class='ocrx_word' id='word_1_385' title='bbox 109 2877 162 2916; x_wconf 86' lang='grc' dir='ltr'>Τὸ</span> <span class='ocrx_word' id='word_1_386' title='bbox 191 2878 258 2930; x_wconf 77' lang='grc' dir='ltr'>γὰρ</span> <span class='ocrx_word' id='word_1_387' title='bbox 270 2908 280 2925; x_wconf 89' lang='grc'>,</span> <span class='ocrx_word' id='word_1_388' title='bbox 301 2879 413 2922; x_wconf 70' lang='grc' dir='ltr'>Αὐτὸς</span> <span class='ocrx_word' id='word_1_389' title='bbox 431 2879 528 2918; x_wconf 88' lang='grc' dir='ltr'>ἔπιεν</span> <span class='ocrx_word' id='word_1_390' title='bbox 555 2881 615 2918; x_wconf 87' lang='grc' dir='ltr'>ἀπ’</span> <span class='ocrx_word' id='word_1_391' title='bbox 646 2880 750 2917; x_wconf 79' lang='grc' dir='ltr'>αὐτοῦ</span> <span class='ocrx_word' id='word_1_392' title='bbox 764 2909 774 2927; x_wconf 92' lang='grc'>,</span> <span class='ocrx_word' id='word_1_393' title='bbox 793 2879 853 2916; x_wconf 85' lang='grc' dir='ltr'>καὶ</span> <span class='ocrx_word' id='word_1_394' title='bbox 870 2880 901 2916; x_wconf 81' lang='grc' dir='ltr'>οἱ</span> <span class='ocrx_word' id='word_1_395' title='bbox 917 2877 984 2915; x_wconf 75' lang='grc' dir='ltr'>υἱοὶ</span> <span class='ocrx_word' id='word_1_396' title='bbox 1006 2879 1109 2915; x_wconf 80' lang='grc' dir='ltr'>αὐτοῦ</span> <span class='ocrx_word' id='word_1_397' title='bbox 1122 2905 1132 2923; x_wconf 89' lang='grc'>,</span> 
     </span>
     <span class='ocr_line' id='line_1_47' title="bbox 110 2938 1134 2991; baseline -0.003 -13"><span class='ocrx_word' id='word_1_398' title='bbox 110 2939 168 2978; x_wconf 86' lang='grc' dir='ltr'>καὶ</span> <span class='ocrx_word' id='word_1_399' title='bbox 198 2940 242 2978; x_wconf 83' lang='grc' dir='ltr'>τὰ</span> <span class='ocrx_word' id='word_1_400' title='bbox 274 2940 460 2991; x_wconf 86' lang='grc' dir='ltr'>θρέμματα</span> <span class='ocrx_word' id='word_1_401' title='bbox 492 2943 596 2980; x_wconf 77' lang='grc' dir='ltr'>αὐτοῦ</span> <span class='ocrx_word' id='word_1_402' title='bbox 608 2972 618 2989; x_wconf 96' lang='grc'>,</span> <span class='ocrx_word' id='word_1_403' title='bbox 650 2940 744 2979; x_wconf 76' lang='grc' dir='ltr'>οὐδὲν</span> <span class='ocrx_word' id='word_1_404' title='bbox 778 2940 862 2978; x_wconf 77' lang='grc' dir='ltr'>ἄλλο</span> <span class='ocrx_word' id='word_1_405' title='bbox 895 2938 1134 2989; x_wconf 85' lang='grc' dir='ltr'>αἷνιττομένης</span> 
     </span>
     <span class='ocr_line' id='line_1_48' title="bbox 111 2999 1132 3054; baseline -0.001 -17"><span class='ocrx_word' id='word_1_406' title='bbox 111 3000 218 3048; x_wconf 80' lang='grc' dir='ltr'>ἐστὶν,</span> <span class='ocrx_word' id='word_1_407' title='bbox 245 3002 322 3038; x_wconf 84' lang='grc' dir='ltr'>ἀλλ’</span> <span class='ocrx_word' id='word_1_408' title='bbox 342 2999 432 3046; x_wconf 77' lang='grc' dir='ltr'>ἢὸτι</span> <span class='ocrx_word' id='word_1_409' title='bbox 457 3001 540 3054; x_wconf 80' lang='grc' dir='ltr'>ἔσχε</span> <span class='ocrx_word' id='word_1_410' title='bbox 567 3001 629 3052; x_wconf 78' lang='grc' dir='ltr'>μὲν</span> <span class='ocrx_word' id='word_1_411' title='bbox 657 3002 788 3040; x_wconf 84' lang='grc' dir='ltr'>ἔννοιαν</span> <span class='ocrx_word' id='word_1_412' title='bbox 807 3000 959 3052; x_wconf 83' lang='grc' dir='ltr'>μείζονος</span> <span class='ocrx_word' id='word_1_413' title='bbox 987 2999 1132 3046; x_wconf 70' lang='grc' dir='ltr'>ὕδατος,</span> 
     </span>
     <span class='ocr_line' id='line_1_49' title="bbox 111 3057 1134 3113; baseline 0 -18"><span class='ocrx_word' id='word_1_414' title='bbox 111 3060 177 3110; x_wconf 77' lang='grc' dir='ltr'>οὐχ</span> <span class='ocrx_word' id='word_1_415' title='bbox 195 3057 333 3111; x_wconf 79' lang='grc' dir='ltr'>εὕρισκε</span> <span class='ocrx_word' id='word_1_416' title='bbox 361 3059 423 3097; x_wconf 53' lang='grc' dir='ltr'>ἃδὲ</span> <span class='ocrx_word' id='word_1_417' title='bbox 445 3060 550 3108; x_wconf 79' lang='grc' dir='ltr'>αὐτὸ,</span> <span class='ocrx_word' id='word_1_418' title='bbox 576 3060 653 3098; x_wconf 79' lang='grc' dir='ltr'>οὐδὲ</span> <span class='ocrx_word' id='word_1_419' title='bbox 674 3061 750 3113; x_wconf 71' lang='grc' dir='ltr'>ᾔδει</span> <span class='ocrx_word' id='word_1_420' title='bbox 771 3062 898 3112; x_wconf 66' lang='grc' dir='ltr'>σαφῶς.</span> <span class='ocrx_word' id='word_1_421' title='bbox 922 3059 997 3096; x_wconf 80' lang='grc' dir='ltr'>Ἵνα</span> <span class='ocrx_word' id='word_1_422' title='bbox 1021 3058 1056 3096; x_wconf 78' lang='grc' dir='ltr'>δὲ</span> <span class='ocrx_word' id='word_1_423' title='bbox 1075 3058 1134 3095; x_wconf 83' lang='grc' dir='ltr'>καὶ</span> 
     </span>
     <span class='ocr_line' id='line_1_50' title="bbox 111 3118 1135 3172; baseline 0 -15"><span class='ocrx_word' id='word_1_424' title='bbox 111 3119 321 3171; x_wconf 76' lang='grc' dir='ltr'>σαφέστερον</span> <span class='ocrx_word' id='word_1_425' title='bbox 341 3118 430 3157; x_wconf 87' lang='grc' dir='ltr'>εἴπω</span> <span class='ocrx_word' id='word_1_426' title='bbox 443 3151 452 3168; x_wconf 95' lang='grc'>,</span> <span class='ocrx_word' id='word_1_427' title='bbox 475 3120 493 3158; x_wconf 86' lang='grc' dir='ltr'>ὃ</span> <span class='ocrx_word' id='word_1_428' title='bbox 515 3120 676 3172; x_wconf 85' lang='grc' dir='ltr'>βούλεται</span> <span class='ocrx_word' id='word_1_429' title='bbox 702 3124 822 3169; x_wconf 80' lang='grc' dir='ltr'>εἰπεῖν,</span> <span class='ocrx_word' id='word_1_430' title='bbox 843 3119 944 3158; x_wconf 87' lang='grc' dir='ltr'>τοῦτό</span> <span class='ocrx_word' id='word_1_431' title='bbox 961 3122 1034 3158; x_wconf 81' lang='grc' dir='ltr'>ἐστι</span> <span class='ocrx_word' id='word_1_432' title='bbox 1049 3135 1056 3142; x_wconf 93' lang='grc'><strong><em>·</em></strong></span> <span class='ocrx_word' id='word_1_433' title='bbox 1074 3121 1135 3157; x_wconf 79' lang='grc' dir='ltr'>οὐκ</span> 
     </span>
     <span class='ocr_line' id='line_1_51' title="bbox 111 3179 1138 3233; baseline 0 -16"><span class='ocrx_word' id='word_1_434' title='bbox 111 3179 203 3231; x_wconf 72' lang='grc' dir='ltr'>ἔχεις</span> <span class='ocrx_word' id='word_1_435' title='bbox 236 3182 356 3228; x_wconf 88' lang='grc' dir='ltr'>εἰπεῖν,</span> <span class='ocrx_word' id='word_1_436' title='bbox 386 3181 503 3233; x_wconf 80' lang='grc' dir='ltr'>φησὶν,</span> <span class='ocrx_word' id='word_1_437' title='bbox 542 3181 596 3220; x_wconf 79' lang='grc' dir='ltr'>ὅτι</span> <span class='ocrx_word' id='word_1_438' title='bbox 632 3182 762 3220; x_wconf 68' lang='grc' dir='ltr'>Ἰακὼὸ</span> <span class='ocrx_word' id='word_1_439' title='bbox 793 3181 855 3232; x_wconf 77' lang='grc' dir='ltr'>μὲν</span> <span class='ocrx_word' id='word_1_440' title='bbox 888 3185 972 3231; x_wconf 76' lang='grc' dir='ltr'>ἡμῖν</span> <span class='ocrx_word' id='word_1_441' title='bbox 1010 3180 1138 3227; x_wconf 83' lang='grc' dir='ltr'>ταύτην</span> 
     </span>
     <span class='ocr_line' id='line_1_52' title="bbox 112 3247 1140 3302; baseline 0.001 -17"><span class='ocrx_word' id='word_1_442' title='bbox 112 3248 220 3285; x_wconf 75' lang='grc' dir='ltr'>ἔδωκε</span> <span class='ocrx_word' id='word_1_443' title='bbox 239 3247 301 3295; x_wconf 81' lang='grc' dir='ltr'>τὴν</span> <span class='ocrx_word' id='word_1_444' title='bbox 317 3248 447 3299; x_wconf 76' lang='grc' dir='ltr'>πηγὴν,</span> <span class='ocrx_word' id='word_1_445' title='bbox 468 3249 570 3302; x_wconf 78' lang='grc' dir='ltr'>ἑτέρᾳ</span> <span class='ocrx_word' id='word_1_446' title='bbox 595 3248 630 3287; x_wconf 79' lang='grc' dir='ltr'>δὲ</span> <span class='ocrx_word' id='word_1_447' title='bbox 651 3249 752 3293; x_wconf 75' lang='grc' dir='ltr'>αὐτὸς</span> <span class='ocrx_word' id='word_1_448' title='bbox 771 3249 946 3301; x_wconf 69' lang='grc' dir='ltr'>ἐχρήσατο</span> <span class='ocrx_word' id='word_1_449' title='bbox 963 3265 970 3272; x_wconf 89' lang='grc'><em>·</em></span> <span class='ocrx_word' id='word_1_450' title='bbox 994 3249 1053 3286; x_wconf 81' lang='grc' dir='ltr'>καὶ</span> <span class='ocrx_word' id='word_1_451' title='bbox 1073 3247 1140 3300; x_wconf 76' lang='grc' dir='ltr'>γὰρ</span> 
     </span>
    </p>
   </div>
   <div class='ocr_carea' id='block_1_7' title="bbox 114 3313 1143 3364">
    <p class='ocr_par' dir='ltr' id='par_1_7' title="bbox 114 3313 1143 3364">
     <span class='ocr_line' id='line_1_53' title="bbox 114 3313 1143 3364; baseline 0 -13"><span class='ocrx_word' id='word_1_452' title='bbox 114 3315 213 3357; x_wconf 84' lang='grc' dir='ltr'>αὐτὸς</span> <span class='ocrx_word' id='word_1_453' title='bbox 233 3314 291 3352; x_wconf 84' lang='grc' dir='ltr'>καὶ</span> <span class='ocrx_word' id='word_1_454' title='bbox 308 3317 339 3354; x_wconf 84' lang='grc' dir='ltr'>οἱ</span> <span class='ocrx_word' id='word_1_455' title='bbox 353 3315 421 3353; x_wconf 78' lang='grc' dir='ltr'>υἱοὶ</span> <span class='ocrx_word' id='word_1_456' title='bbox 440 3316 544 3354; x_wconf 80' lang='grc' dir='ltr'>αὐτοῦ</span> <span class='ocrx_word' id='word_1_457' title='bbox 565 3318 626 3355; x_wconf 88' lang='grc' dir='ltr'>ἀπ’</span> <span class='ocrx_word' id='word_1_458' title='bbox 651 3316 758 3363; x_wconf 72' lang='grc' dir='ltr'>αὐτῆς</span> <span class='ocrx_word' id='word_1_459' title='bbox 780 3315 888 3364; x_wconf 80' lang='grc' dir='ltr'>ἔπιον,</span> <span class='ocrx_word' id='word_1_460' title='bbox 909 3316 970 3353; x_wconf 74' lang='grc' dir='ltr'>οὐκ</span> <span class='ocrx_word' id='word_1_461' title='bbox 989 3314 1028 3352; x_wconf 77' lang='grc' dir='ltr'>ἂν</span> <span class='ocrx_word' id='word_1_462' title='bbox 1046 3313 1143 3352; x_wconf 76' lang='grc' dir='ltr'>πιόν-</span> 
     </span>
    </p>
   </div>
   <div class='ocr_carea' id='block_1_8' title="bbox 160 3431 429 3479">
    <p class='ocr_par' dir='ltr' id='par_1_8' title="bbox 160 3431 429 3479">
     <span class='ocr_line' id='line_1_54' title="bbox 160 3431 429 3479; baseline -0.004 -12"><span class='ocrx_word' id='word_1_463' title='bbox 160 3431 174 3453; x_wconf 68' lang='lat'>¹⁸</span> <span class='ocrx_word' id='word_1_464' title='bbox 193 3431 293 3466; x_wconf 67' lang='lat' dir='ltr'>Sffl‘il.</span> <span class='ocrx_word' id='word_1_465' title='bbox 313 3439 429 3479; x_wconf 69' lang='grc' dir='ltr'>ἠπόρει.</span> 
     </span>
    </p>
   </div>
   <div class='ocr_carea' id='block_1_9' title="bbox 1148 434 2197 2753">
    <p class='ocr_par' dir='ltr' id='par_1_9' title="bbox 1148 434 2197 2753">
     <span class='ocr_line' id='line_1_55' title="bbox 1186 434 2165 489; baseline -0.003 -14"><span class='ocrx_word' id='word_1_466' title='bbox 1186 438 1231 475; x_wconf 80' lang='lat' dir='ltr'>ab</span> <span class='ocrx_word' id='word_1_467' title='bbox 1246 437 1322 489; x_wconf 86' lang='lat' dir='ltr'>ipso</span> <span class='ocrx_word' id='word_1_468' title='bbox 1341 437 1531 489; x_wconf 82' lang='lat' dir='ltr'>petierunt,</span> <span class='ocrx_word' id='word_1_469' title='bbox 1547 450 1610 474; x_wconf 89' lang='lat' dir='ltr'>nec</span> <span class='ocrx_word' id='word_1_470' title='bbox 1624 435 1809 487; x_wconf 78' lang='lat' dir='ltr'>quidpiam</span> <span class='ocrx_word' id='word_1_471' title='bbox 1824 434 1913 472; x_wconf 89' lang='lat' dir='ltr'>utile</span> <span class='ocrx_word' id='word_1_472' title='bbox 1928 434 2079 472; x_wconf 81' lang='lat' dir='ltr'>ediscere</span> <span class='ocrx_word' id='word_1_473' title='bbox 2101 450 2165 473; x_wconf 84' lang='lat' dir='ltr'>cu-</span> 
     </span>
     <span class='ocr_line' id='line_1_56' title="bbox 1186 494 2168 550; baseline -0.004 -15"><span class='ocrx_word' id='word_1_474' title='bbox 1186 498 1344 550; x_wconf 88' lang='lat' dir='ltr'>pierunt;</span> <span class='ocrx_word' id='word_1_475' title='bbox 1366 498 1439 535; x_wconf 87' lang='lat' dir='ltr'>imo</span> <span class='ocrx_word' id='word_1_476' title='bbox 1459 498 1563 535; x_wconf 90' lang='lat' dir='ltr'>illum</span> <span class='ocrx_word' id='word_1_477' title='bbox 1587 496 1812 535; x_wconf 76' lang='lat' dir='ltr'>contumeliis</span> <span class='ocrx_word' id='word_1_478' title='bbox 1831 494 2022 533; x_wconf 87' lang='lat' dir='ltr'>onerabant</span> <span class='ocrx_word' id='word_1_479' title='bbox 2041 504 2074 532; x_wconf 90' lang='lat' dir='ltr'>et</span> <span class='ocrx_word' id='word_1_480' title='bbox 2097 496 2168 547; x_wconf 82' lang='lat' dir='ltr'>pel-</span> 
     </span>
     <span class='ocr_line' id='line_1_57' title="bbox 1186 556 2173 608; baseline -0.004 -11"><span class='ocrx_word' id='word_1_481' title='bbox 1186 559 1321 597; x_wconf 84' lang='lat' dir='ltr'>lebant.</span> <span class='ocrx_word' id='word_1_482' title='bbox 1342 559 1406 598; x_wconf 85' lang='lat' dir='ltr'>His</span> <span class='ocrx_word' id='word_1_483' title='bbox 1439 559 1572 597; x_wconf 83' lang='lat' dir='ltr'>auditis</span> <span class='ocrx_word' id='word_1_484' title='bbox 1596 559 1738 608; x_wconf 86' lang='lat' dir='ltr'>mulier,</span> <span class='ocrx_word' id='word_1_485' title='bbox 1771 556 1854 595; x_wconf 82' lang='lat' dir='ltr'>vide</span> <span class='ocrx_word' id='word_1_486' title='bbox 1883 571 1989 608; x_wconf 89' lang='lat' dir='ltr'>quam</span> <span class='ocrx_word' id='word_1_487' title='bbox 2018 556 2173 595; x_wconf 86' lang='lat' dir='ltr'>modeste</span> 
     </span>
     <span class='ocr_line' id='line_1_58' title="bbox 1188 619 2173 672; baseline -0.003 -14"><span class='ocrx_word' id='word_1_488' title='bbox 1188 619 1417 672; x_wconf 86' lang='lat' dir='ltr'>respondeat:</span> <span class='ocrx_word' id='word_1_489' title='bbox 1434 623 1495 657; x_wconf 86' lang='grc'>11.</span> <span class='ocrx_word' id='word_1_490' title='bbox 1518 621 1698 667; x_wconf 86' lang='lat' dir='ltr'>Domine,</span> <span class='ocrx_word' id='word_1_491' title='bbox 1718 632 1839 671; x_wconf 81' lang='lat' dir='ltr'>neque</span> <span class='ocrx_word' id='word_1_492' title='bbox 1853 621 1895 656; x_wconf 85' lang='lat' dir='ltr'>in</span> <span class='ocrx_word' id='word_1_493' title='bbox 1916 632 1991 670; x_wconf 82' lang='lat' dir='ltr'>quo</span> <span class='ocrx_word' id='word_1_494' title='bbox 2014 620 2173 656; x_wconf 80' lang='lat' dir='ltr'>haurias</span> 
     </span>
     <span class='ocr_line' id='line_1_59' title="bbox 1190 680 2174 733; baseline -0.003 -14"><span class='ocrx_word' id='word_1_495' title='bbox 1190 683 1322 730; x_wconf 79' lang='lat' dir='ltr'>habes,</span> <span class='ocrx_word' id='word_1_496' title='bbox 1345 691 1381 720; x_wconf 80' lang='lat' dir='ltr'>et</span> <span class='ocrx_word' id='word_1_497' title='bbox 1407 690 1544 733; x_wconf 85' lang='lat' dir='ltr'>puteus</span> <span class='ocrx_word' id='word_1_498' title='bbox 1564 682 1670 720; x_wconf 83' lang='lat' dir='ltr'>altus</span> <span class='ocrx_word' id='word_1_499' title='bbox 1697 689 1778 725; x_wconf 80' lang='lat' dir='ltr'>est;</span> <span class='ocrx_word' id='word_1_500' title='bbox 1805 681 1907 717; x_wconf 84' lang='lat' dir='ltr'>unde</span> <span class='ocrx_word' id='word_1_501' title='bbox 1935 693 2022 731; x_wconf 80' lang='lat' dir='ltr'>ergo</span> <span class='ocrx_word' id='word_1_502' title='bbox 2056 680 2174 716; x_wconf 72' lang='lat' dir='ltr'>hahes</span> 
     </span>
     <span class='ocr_line' id='line_1_60' title="bbox 1190 740 2176 795; baseline -0.005 -14"><span class='ocrx_word' id='word_1_503' title='bbox 1190 758 1336 795; x_wconf 81' lang='lat' dir='ltr'>aquam</span> <span class='ocrx_word' id='word_1_504' title='bbox 1365 746 1526 781; x_wconf 75' lang='lat' dir='ltr'>vivum?</span> <span class='ocrx_word' id='word_1_505' title='bbox 1557 744 1638 781; x_wconf 84' lang='lat' dir='ltr'>Jam</span> <span class='ocrx_word' id='word_1_506' title='bbox 1671 741 1772 779; x_wconf 86' lang='lat' dir='ltr'>illam</span> <span class='ocrx_word' id='word_1_507' title='bbox 1806 755 1826 779; x_wconf 83' lang='lat' dir='ltr'>a</span> <span class='ocrx_word' id='word_1_508' title='bbox 1856 740 1982 779; x_wconf 69' lang='lat' dir='ltr'>viliore</span> <span class='ocrx_word' id='word_1_509' title='bbox 2013 740 2176 792; x_wconf 83' lang='lat' dir='ltr'>opinione</span> 
     </span>
     <span class='ocr_line' id='line_1_61' title="bbox 1188 802 2175 853; baseline -0.005 -10"><span class='ocrx_word' id='word_1_510' title='bbox 1188 805 1350 853; x_wconf 77' lang='lat' dir='ltr'>retraxit,</span> <span class='ocrx_word' id='word_1_511' title='bbox 1367 805 1414 842; x_wconf 84' lang='lat' dir='ltr'>ita</span> <span class='ocrx_word' id='word_1_512' title='bbox 1437 814 1476 842; x_wconf 87' lang='lat' dir='ltr'>ut</span> <span class='ocrx_word' id='word_1_513' title='bbox 1506 818 1575 842; x_wconf 90' lang='lat' dir='ltr'>non</span> <span class='ocrx_word' id='word_1_514' title='bbox 1602 804 1695 841; x_wconf 84' lang='lat' dir='ltr'>ultra</span> <span class='ocrx_word' id='word_1_515' title='bbox 1727 802 1883 841; x_wconf 88' lang='lat' dir='ltr'>crederet</span> <span class='ocrx_word' id='word_1_516' title='bbox 1916 802 2020 840; x_wconf 89' lang='lat' dir='ltr'>illum</span> <span class='ocrx_word' id='word_1_517' title='bbox 2051 802 2175 853; x_wconf 73' lang='lat' dir='ltr'>vulga-</span> 
     </span>
     <span class='ocr_line' id='line_1_62' title="bbox 1191 863 2178 918; baseline -0.005 -13"><span class='ocrx_word' id='word_1_518' title='bbox 1191 881 1266 905; x_wconf 87' lang='lat' dir='ltr'>rem</span> <span class='ocrx_word' id='word_1_519' title='bbox 1292 865 1495 918; x_wconf 88' lang='lat' dir='ltr'>quempiam</span> <span class='ocrx_word' id='word_1_520' title='bbox 1520 878 1594 903; x_wconf 90' lang='lat' dir='ltr'>esse</span> <span class='ocrx_word' id='word_1_521' title='bbox 1621 864 1814 902; x_wconf 87' lang='lat' dir='ltr'>hominem.</span> <span class='ocrx_word' id='word_1_522' title='bbox 1846 864 1926 902; x_wconf 86' lang='lat' dir='ltr'>Non</span> <span class='ocrx_word' id='word_1_523' title='bbox 1960 863 2065 901; x_wconf 88' lang='lat' dir='ltr'>modo</span> <span class='ocrx_word' id='word_1_524' title='bbox 2085 863 2178 901; x_wconf 82' lang='lat' dir='ltr'>enini</span> 
     </span>
     <span class='ocr_line' id='line_1_63' title="bbox 1191 925 2176 976; baseline -0.003 -11"><span class='ocrx_word' id='word_1_525' title='bbox 1191 928 1295 966; x_wconf 89' lang='lat' dir='ltr'>illum</span> <span class='ocrx_word' id='word_1_526' title='bbox 1325 928 1518 966; x_wconf 88' lang='lat' dir='ltr'>Dominum</span> <span class='ocrx_word' id='word_1_527' title='bbox 1542 935 1659 976; x_wconf 82' lang='lat' dir='ltr'>vocat,</span> <span class='ocrx_word' id='word_1_528' title='bbox 1689 925 1750 964; x_wconf 87' lang='lat' dir='ltr'>sed</span> <span class='ocrx_word' id='word_1_529' title='bbox 1782 925 1974 964; x_wconf 85' lang='lat' dir='ltr'>honorifice</span> <span class='ocrx_word' id='word_1_530' title='bbox 2005 925 2176 976; x_wconf 86' lang='lat' dir='ltr'>loquitur.</span> 
     </span>
     <span class='ocr_line' id='line_1_64' title="bbox 1194 987 2181 1041; baseline -0.004 -14"><span class='ocrx_word' id='word_1_531' title='bbox 1194 991 1285 1028; x_wconf 86' lang='lat' dir='ltr'>Nam</span> <span class='ocrx_word' id='word_1_532' title='bbox 1314 989 1411 1041; x_wconf 90' lang='lat' dir='ltr'>quod</span> <span class='ocrx_word' id='word_1_533' title='bbox 1436 989 1580 1027; x_wconf 90' lang='lat' dir='ltr'>honoris</span> <span class='ocrx_word' id='word_1_534' title='bbox 1611 1002 1715 1027; x_wconf 81' lang='lat' dir='ltr'>causa</span> <span class='ocrx_word' id='word_1_535' title='bbox 1737 987 1788 1026; x_wconf 88' lang='lat' dir='ltr'>sic</span> <span class='ocrx_word' id='word_1_536' title='bbox 1817 987 2032 1038; x_wconf 88' lang='lat' dir='ltr'>loqueretur,</span> <span class='ocrx_word' id='word_1_537' title='bbox 2056 1000 2099 1024; x_wconf 80' lang='lat' dir='ltr'>ex</span> <span class='ocrx_word' id='word_1_538' title='bbox 2129 1000 2181 1024; x_wconf 87' lang='lat' dir='ltr'>sc-</span> 
     </span>
     <span class='ocr_line' id='line_1_65' title="bbox 1148 1047 2182 1102; baseline -0.001 -15"><span class='ocrx_word' id='word_1_539' title='bbox 1148 1056 1172 1087; x_wconf 90' lang='lat' dir='ltr'>C</span> <span class='ocrx_word' id='word_1_540' title='bbox 1195 1051 1389 1102; x_wconf 86' lang='lat' dir='ltr'>quentibus</span> <span class='ocrx_word' id='word_1_541' title='bbox 1417 1051 1545 1102; x_wconf 89' lang='lat' dir='ltr'>liquet.</span> <span class='ocrx_word' id='word_1_542' title='bbox 1565 1051 1641 1088; x_wconf 87' lang='lat' dir='ltr'>Non</span> <span class='ocrx_word' id='word_1_543' title='bbox 1670 1049 1764 1088; x_wconf 89' lang='lat' dir='ltr'>enim</span> <span class='ocrx_word' id='word_1_544' title='bbox 1785 1048 1907 1098; x_wconf 78' lang='lat' dir='ltr'>irrisit,</span> <span class='ocrx_word' id='word_1_545' title='bbox 1927 1062 1995 1087; x_wconf 90' lang='lat' dir='ltr'>non</span> <span class='ocrx_word' id='word_1_546' title='bbox 2024 1047 2182 1086; x_wconf 78' lang='lat' dir='ltr'>traduxit</span> 
     </span>
     <span class='ocr_line' id='line_1_66' title="bbox 1196 1109 2184 1160; baseline -0.003 -11"><span class='ocrx_word' id='word_1_547' title='bbox 1196 1112 1315 1160; x_wconf 87' lang='lat' dir='ltr'>illum,</span> <span class='ocrx_word' id='word_1_548' title='bbox 1332 1111 1393 1150; x_wconf 89' lang='lat' dir='ltr'>sed</span> <span class='ocrx_word' id='word_1_549' title='bbox 1414 1112 1555 1149; x_wconf 82' lang='lat' dir='ltr'>interim</span> <span class='ocrx_word' id='word_1_550' title='bbox 1576 1110 1844 1149; x_wconf 84' lang='lat' dir='ltr'>subdubitabat.</span> <span class='ocrx_word' id='word_1_551' title='bbox 1865 1109 1970 1156; x_wconf 83' lang='lat' dir='ltr'>Quod</span> <span class='ocrx_word' id='word_1_552' title='bbox 1985 1109 2014 1147; x_wconf 87' lang='lat' dir='ltr'>si</span> <span class='ocrx_word' id='word_1_553' title='bbox 2028 1123 2097 1147; x_wconf 87' lang='lat' dir='ltr'>non</span> <span class='ocrx_word' id='word_1_554' title='bbox 2118 1118 2184 1147; x_wconf 79' lang='lat' dir='ltr'>sta-</span> 
     </span>
     <span class='ocr_line' id='line_1_67' title="bbox 1196 1171 2184 1222; baseline -0.003 -12"><span class='ocrx_word' id='word_1_555' title='bbox 1196 1173 1261 1210; x_wconf 90' lang='lat' dir='ltr'>tim</span> <span class='ocrx_word' id='word_1_556' title='bbox 1276 1187 1349 1210; x_wconf 91' lang='lat' dir='ltr'>rem</span> <span class='ocrx_word' id='word_1_557' title='bbox 1372 1182 1482 1211; x_wconf 86' lang='lat' dir='ltr'>totam</span> <span class='ocrx_word' id='word_1_558' title='bbox 1501 1172 1688 1222; x_wconf 71' lang='lat' dir='ltr'>intellexit,</span> <span class='ocrx_word' id='word_1_559' title='bbox 1708 1186 1752 1209; x_wconf 89' lang='lat' dir='ltr'>ne</span> <span class='ocrx_word' id='word_1_560' title='bbox 1771 1171 1910 1209; x_wconf 89' lang='lat' dir='ltr'>mireris</span> <span class='ocrx_word' id='word_1_561' title='bbox 1933 1187 1940 1208; x_wconf 77' lang='lat' dir='ltr'>z</span> <span class='ocrx_word' id='word_1_562' title='bbox 1964 1185 2075 1221; x_wconf 89' lang='lat' dir='ltr'>neque</span> <span class='ocrx_word' id='word_1_563' title='bbox 2089 1171 2184 1209; x_wconf 86' lang='lat' dir='ltr'>enim</span> 
     </span>
     <span class='ocr_line' id='line_1_68' title="bbox 1199 1232 2184 1284; baseline -0.002 -12"><span class='ocrx_word' id='word_1_564' title='bbox 1199 1234 1415 1272; x_wconf 74' lang='lat' dir='ltr'>Nicodemus</span> <span class='ocrx_word' id='word_1_565' title='bbox 1454 1235 1688 1272; x_wconf 77' lang='lat' dir='ltr'>intellexerat.</span> <span class='ocrx_word' id='word_1_566' title='bbox 1725 1235 1818 1272; x_wconf 80' lang='lat' dir='ltr'>Nam</span> <span class='ocrx_word' id='word_1_567' title='bbox 1854 1233 1942 1284; x_wconf 89' lang='lat' dir='ltr'>quid</span> <span class='ocrx_word' id='word_1_568' title='bbox 1982 1234 2042 1271; x_wconf 90' lang='lat' dir='ltr'>ille</span> <span class='ocrx_word' id='word_1_569' title='bbox 2072 1232 2184 1270; x_wconf 75' lang='lat' dir='ltr'>dicit?</span> 
     </span>
     <span class='ocr_line' id='line_1_69' title="bbox 1203 1296 2185 1348; baseline -0.001 -15"><span class='ocrx_word' id='word_1_570' title='bbox 1203 1297 1400 1347; x_wconf 79' lang='lat' dir='ltr'><em>Quomodo</em></span> <span class='ocrx_word' id='word_1_571' title='bbox 1417 1305 1576 1348; x_wconf 75' lang='lat' dir='ltr'>possunt</span> <span class='ocrx_word' id='word_1_572' title='bbox 1602 1296 1787 1348; x_wconf 76' lang='lat' dir='ltr'>Izoecfieri</span> <span class='ocrx_word' id='word_1_573' title='bbox 1800 1299 1816 1331; x_wconf 71' lang='grc' dir='ltr'><strong><em>Ρ</em></strong></span> <span class='ocrx_word' id='word_1_574' title='bbox 1837 1304 1870 1332; x_wconf 91' lang='lat' dir='ltr'>et</span> <span class='ocrx_word' id='word_1_575' title='bbox 1901 1309 2058 1345; x_wconf 86' lang='lat' dir='ltr'>rursum,</span> <span class='ocrx_word' id='word_1_576' title='bbox 2085 1296 2185 1345; x_wconf 84' lang='lat' dir='ltr'>Quo-</span> 
     </span>
     <span class='ocr_line' id='line_1_70' title="bbox 1199 1355 2184 1410; baseline -0.002 -16"><span class='ocrx_word' id='word_1_577' title='bbox 1199 1359 1312 1395; x_wconf 88' lang='lat' dir='ltr'><em>modo</em></span> <span class='ocrx_word' id='word_1_578' title='bbox 1328 1366 1453 1410; x_wconf 82' lang='lat' dir='ltr'>potest</span> <span class='ocrx_word' id='word_1_579' title='bbox 1477 1359 1591 1395; x_wconf 74' lang='lat' dir='ltr'>homo</span> <span class='ocrx_word' id='word_1_580' title='bbox 1613 1360 1722 1395; x_wconf 83' lang='lat' dir='ltr'>nasci</span> <span class='ocrx_word' id='word_1_581' title='bbox 1737 1370 1824 1395; x_wconf 89' lang='lat' dir='ltr'>cum</span> <span class='ocrx_word' id='word_1_582' title='bbox 1844 1359 1893 1394; x_wconf 85' lang='lat' dir='ltr'>sit</span> <span class='ocrx_word' id='word_1_583' title='bbox 1909 1361 2050 1395; x_wconf 69' lang='lat' dir='ltr'>senex?</span> <span class='ocrx_word' id='word_1_584' title='bbox 2069 1364 2101 1393; x_wconf 86' lang='lat' dir='ltr'>et</span> <span class='ocrx_word' id='word_1_585' title='bbox 2120 1355 2184 1393; x_wconf 83' lang='lat' dir='ltr'>ite-</span> 
     </span>
     <span class='ocr_line' id='line_1_71' title="bbox 1198 1419 2190 1470; baseline -0.002 -15"><span class='ocrx_word' id='word_1_586' title='bbox 1198 1432 1294 1468; x_wconf 89' lang='lat' dir='ltr'>rum,</span> <span class='ocrx_word' id='word_1_587' title='bbox 1318 1419 1521 1470; x_wconf 79' lang='lat' dir='ltr'>Numquid</span> <span class='ocrx_word' id='word_1_588' title='bbox 1550 1427 1674 1468; x_wconf 80' lang='lat' dir='ltr'>potest</span> <span class='ocrx_word' id='word_1_589' title='bbox 1703 1420 1745 1454; x_wconf 85' lang='lat' dir='ltr'>in</span> <span class='ocrx_word' id='word_1_590' title='bbox 1773 1426 1922 1454; x_wconf 82' lang='lat' dir='ltr'>uterum</span> <span class='ocrx_word' id='word_1_591' title='bbox 1946 1419 2081 1455; x_wconf 81' lang='lat' dir='ltr'>matris</span> <span class='ocrx_word' id='word_1_592' title='bbox 2109 1430 2190 1454; x_wconf 80' lang='lat' dir='ltr'>suoe</span> 
     </span>
     <span class='ocr_line' id='line_1_72' title="bbox 1199 1477 2188 1517; baseline -0.004 0"><span class='ocrx_word' id='word_1_593' title='bbox 1199 1482 1338 1517; x_wconf 80' lang='lat' dir='ltr'>iterato</span> <span class='ocrx_word' id='word_1_594' title='bbox 1368 1482 1527 1517; x_wconf 80' lang='lat' dir='ltr'>introire</span> <span class='ocrx_word' id='word_1_595' title='bbox 1553 1487 1589 1517; x_wconf 81' lang='lat' dir='ltr'>et</span> <span class='ocrx_word' id='word_1_596' title='bbox 1616 1481 1750 1517; x_wconf 78' lang='lat' dir='ltr'>nasci?</span> <span class='ocrx_word' id='word_1_597' title='bbox 1772 1477 1857 1515; x_wconf 83' lang='lat' dir='ltr'>Haec</span> <span class='ocrx_word' id='word_1_598' title='bbox 1883 1486 2002 1515; x_wconf 78' lang='lat' dir='ltr'>autem</span> <span class='ocrx_word' id='word_1_599' title='bbox 2021 1490 2188 1516; x_wconf 81' lang='lat' dir='ltr'>verecun-</span> 
     </span>
     <span class='ocr_line' id='line_1_73' title="bbox 1198 1540 2189 1592; baseline -0.002 -14"><span class='ocrx_word' id='word_1_600' title='bbox 1198 1540 1282 1578; x_wconf 86' lang='lat' dir='ltr'>dius</span> <span class='ocrx_word' id='word_1_601' title='bbox 1297 1542 1479 1588; x_wconf 78' lang='lat' dir='ltr'>Domz&#39;ne,</span> <span class='ocrx_word' id='word_1_602' title='bbox 1501 1554 1622 1592; x_wconf 82' lang='lat' dir='ltr'>neque</span> <span class='ocrx_word' id='word_1_603' title='bbox 1643 1543 1684 1577; x_wconf 87' lang='lat' dir='ltr'>in</span> <span class='ocrx_word' id='word_1_604' title='bbox 1703 1553 1779 1591; x_wconf 85' lang='lat' dir='ltr'>quo</span> <span class='ocrx_word' id='word_1_605' title='bbox 1811 1540 1972 1577; x_wconf 79' lang='lat' dir='ltr'>haurias</span> <span class='ocrx_word' id='word_1_606' title='bbox 2003 1540 2136 1584; x_wconf 77' lang='lat' dir='ltr'>habes,</span> <span class='ocrx_word' id='word_1_607' title='bbox 2153 1547 2189 1575; x_wconf 82' lang='lat' dir='ltr'>et</span> 
     </span>
     <span class='ocr_line' id='line_1_74' title="bbox 1197 1603 2190 1655; baseline -0.004 -14"><span class='ocrx_word' id='word_1_608' title='bbox 1197 1612 1333 1655; x_wconf 83' lang='lat' dir='ltr'>puteus</span> <span class='ocrx_word' id='word_1_609' title='bbox 1358 1603 1461 1640; x_wconf 82' lang='lat' dir='ltr'>altus</span> <span class='ocrx_word' id='word_1_610' title='bbox 1489 1611 1562 1648; x_wconf 83' lang='lat' dir='ltr'>est;</span> <span class='ocrx_word' id='word_1_611' title='bbox 1583 1603 1685 1640; x_wconf 82' lang='lat' dir='ltr'>unde</span> <span class='ocrx_word' id='word_1_612' title='bbox 1705 1615 1793 1654; x_wconf 83' lang='lat' dir='ltr'>ergo</span> <span class='ocrx_word' id='word_1_613' title='bbox 1818 1603 1936 1639; x_wconf 78' lang='lat' dir='ltr'>habes</span> <span class='ocrx_word' id='word_1_614' title='bbox 1965 1615 2109 1653; x_wconf 82' lang='lat' dir='ltr'>aquam</span> <span class='ocrx_word' id='word_1_615' title='bbox 2129 1604 2190 1638; x_wconf 74' lang='lat' dir='ltr'>vi-</span> 
     </span>
     <span class='ocr_line' id='line_1_75' title="bbox 1203 1660 2189 1712; baseline -0.004 -11"><span class='ocrx_word' id='word_1_616' title='bbox 1203 1678 1290 1701; x_wconf 79' lang='lat' dir='ltr'>vam</span> <span class='ocrx_word' id='word_1_617' title='bbox 1304 1667 1320 1700; x_wconf 70' lang='grc' dir='ltr'><em>Ρ</em></span> <span class='ocrx_word' id='word_1_618' title='bbox 1335 1662 1445 1700; x_wconf 87' lang='lat' dir='ltr'>Aliud</span> <span class='ocrx_word' id='word_1_619' title='bbox 1469 1661 1633 1700; x_wconf 83' lang='lat' dir='ltr'>Christus</span> <span class='ocrx_word' id='word_1_620' title='bbox 1651 1661 1804 1709; x_wconf 85' lang='lat' dir='ltr'>dicebat,</span> <span class='ocrx_word' id='word_1_621' title='bbox 1826 1660 1926 1698; x_wconf 89' lang='lat' dir='ltr'>aliud</span> <span class='ocrx_word' id='word_1_622' title='bbox 1951 1660 2013 1698; x_wconf 86' lang='lat' dir='ltr'>illa</span> <span class='ocrx_word' id='word_1_623' title='bbox 2033 1660 2189 1712; x_wconf 84' lang='lat' dir='ltr'>suspica-</span> 
     </span>
     <span class='ocr_line' id='line_1_76' title="bbox 1198 1720 2190 1774; baseline -0.004 -12"><span class='ocrx_word' id='word_1_624' title='bbox 1198 1724 1317 1773; x_wconf 85' lang='lat' dir='ltr'>batur,</span> <span class='ocrx_word' id='word_1_625' title='bbox 1337 1723 1430 1762; x_wconf 84' lang='lat' dir='ltr'>nihil</span> <span class='ocrx_word' id='word_1_626' title='bbox 1452 1723 1552 1760; x_wconf 82' lang='lat' dir='ltr'>aliud</span> <span class='ocrx_word' id='word_1_627' title='bbox 1567 1737 1676 1774; x_wconf 84' lang='lat' dir='ltr'>quam</span> <span class='ocrx_word' id='word_1_628' title='bbox 1691 1722 1801 1761; x_wconf 81' lang='lat' dir='ltr'>verba</span> <span class='ocrx_word' id='word_1_629' title='bbox 1825 1721 1987 1771; x_wconf 84' lang='lat' dir='ltr'>audiens,</span> <span class='ocrx_word' id='word_1_630' title='bbox 2003 1735 2115 1773; x_wconf 88' lang='lat' dir='ltr'>neque</span> <span class='ocrx_word' id='word_1_631' title='bbox 2129 1720 2190 1758; x_wconf 87' lang='lat' dir='ltr'>ad-</span> 
     </span>
     <span class='ocr_line' id='line_1_77' title="bbox 1153 1782 2190 1835; baseline -0.005 -12"><span class='ocrx_word' id='word_1_632' title='bbox 1153 1788 1178 1818; x_wconf 89' lang='lat' dir='ltr'>D</span> <span class='ocrx_word' id='word_1_633' title='bbox 1200 1786 1271 1823; x_wconf 86' lang='lat' dir='ltr'>huc</span> <span class='ocrx_word' id='word_1_634' title='bbox 1295 1785 1447 1823; x_wconf 87' lang='lat' dir='ltr'>sublime</span> <span class='ocrx_word' id='word_1_635' title='bbox 1470 1782 1656 1835; x_wconf 83' lang='lat' dir='ltr'>quidpiam</span> <span class='ocrx_word' id='word_1_636' title='bbox 1685 1783 1882 1834; x_wconf 84' lang='lat' dir='ltr'>intelligere</span> <span class='ocrx_word' id='word_1_637' title='bbox 1907 1782 2059 1821; x_wconf 73' lang='lat' dir='ltr'>valebat.</span> <span class='ocrx_word' id='word_1_638' title='bbox 2080 1782 2190 1832; x_wconf 89' lang='lat' dir='ltr'>Atqui</span> 
     </span>
     <span class='ocr_line' id='line_1_78' title="bbox 1200 1844 2190 1900; baseline -0.005 -15"><span class='ocrx_word' id='word_1_639' title='bbox 1200 1846 1414 1900; x_wconf 83' lang='lat' dir='ltr'>petulantius</span> <span class='ocrx_word' id='word_1_640' title='bbox 1429 1844 1639 1897; x_wconf 88' lang='lat' dir='ltr'>respondere</span> <span class='ocrx_word' id='word_1_641' title='bbox 1652 1845 1837 1897; x_wconf 86' lang='lat' dir='ltr'>potuisset,</span> <span class='ocrx_word' id='word_1_642' title='bbox 1848 1844 1887 1882; x_wconf 87' lang='lat' dir='ltr'>Si</span> <span class='ocrx_word' id='word_1_643' title='bbox 1900 1844 2049 1882; x_wconf 86' lang='lat' dir='ltr'>haberes</span> <span class='ocrx_word' id='word_1_644' title='bbox 2062 1857 2190 1894; x_wconf 83' lang='lat' dir='ltr'>aquam</span> 
     </span>
     <span class='ocr_line' id='line_1_79' title="bbox 1199 1907 2190 1960; baseline -0.004 -13"><span class='ocrx_word' id='word_1_645' title='bbox 1199 1909 1335 1957; x_wconf 69' lang='lat' dir='ltr'>vivam,</span> <span class='ocrx_word' id='word_1_646' title='bbox 1352 1921 1421 1946; x_wconf 92' lang='lat' dir='ltr'>non</span> <span class='ocrx_word' id='word_1_647' title='bbox 1437 1917 1572 1960; x_wconf 82' lang='lat' dir='ltr'>peteres</span> <span class='ocrx_word' id='word_1_648' title='bbox 1589 1922 1609 1945; x_wconf 88' lang='lat' dir='ltr'>a</span> <span class='ocrx_word' id='word_1_649' title='bbox 1629 1921 1699 1958; x_wconf 88' lang='lat' dir='ltr'>me,</span> <span class='ocrx_word' id='word_1_650' title='bbox 1719 1907 1780 1945; x_wconf 89' lang='lat' dir='ltr'>sed</span> <span class='ocrx_word' id='word_1_651' title='bbox 1797 1907 1864 1945; x_wconf 87' lang='lat' dir='ltr'>tibi</span> <span class='ocrx_word' id='word_1_652' title='bbox 1881 1907 2166 1959; x_wconf 78' lang='lat' dir='ltr'>priuspraeberes</span> <span class='ocrx_word' id='word_1_653' title='bbox 2183 1923 2190 1942; x_wconf 78' lang='lat' dir='ltr'>t</span> 
     </span>
     <span class='ocr_line' id='line_1_80' title="bbox 1196 1968 2192 2022; baseline -0.003 -14"><span class='ocrx_word' id='word_1_654' title='bbox 1196 1971 1271 2022; x_wconf 87' lang='lat' dir='ltr'>jam</span> <span class='ocrx_word' id='word_1_655' title='bbox 1293 1983 1377 2008; x_wconf 76' lang='lat' dir='ltr'>vero</span> <span class='ocrx_word' id='word_1_656' title='bbox 1396 1978 1429 2006; x_wconf 87' lang='lat' dir='ltr'>te</span> <span class='ocrx_word' id='word_1_657' title='bbox 1441 1969 1566 2021; x_wconf 84' lang='lat' dir='ltr'>jactas.</span> <span class='ocrx_word' id='word_1_658' title='bbox 1587 1971 1725 2009; x_wconf 76' lang='lat' dir='ltr'>Verum</span> <span class='ocrx_word' id='word_1_659' title='bbox 1741 1968 1833 2005; x_wconf 85' lang='lat' dir='ltr'>nihil</span> <span class='ocrx_word' id='word_1_660' title='bbox 1851 1968 1981 2006; x_wconf 89' lang='lat' dir='ltr'>horum</span> <span class='ocrx_word' id='word_1_661' title='bbox 1997 1968 2111 2018; x_wconf 69' lang='lat' dir='ltr'>dixit,</span> <span class='ocrx_word' id='word_1_662' title='bbox 2130 1968 2192 2005; x_wconf 87' lang='lat' dir='ltr'>sed</span> 
     </span>
     <span class='ocr_line' id='line_1_81' title="bbox 1201 2029 2191 2082; baseline -0.003 -13"><span class='ocrx_word' id='word_1_663' title='bbox 1201 2030 1357 2069; x_wconf 87' lang='lat' dir='ltr'>modeste</span> <span class='ocrx_word' id='word_1_664' title='bbox 1374 2030 1535 2080; x_wconf 86' lang='lat' dir='ltr'>loquitur</span> <span class='ocrx_word' id='word_1_665' title='bbox 1553 2039 1586 2067; x_wconf 90' lang='lat' dir='ltr'>et</span> <span class='ocrx_word' id='word_1_666' title='bbox 1605 2030 1640 2067; x_wconf 90' lang='lat' dir='ltr'>in</span> <span class='ocrx_word' id='word_1_667' title='bbox 1657 2029 1835 2082; x_wconf 83' lang='lat' dir='ltr'>principio</span> <span class='ocrx_word' id='word_1_668' title='bbox 1850 2038 1883 2067; x_wconf 89' lang='lat' dir='ltr'>et</span> <span class='ocrx_word' id='word_1_669' title='bbox 1897 2029 1932 2066; x_wconf 91' lang='lat' dir='ltr'>in</span> <span class='ocrx_word' id='word_1_670' title='bbox 1953 2029 2191 2079; x_wconf 87' lang='lat' dir='ltr'>sequentibus.</span> 
     </span>
     <span class='ocr_line' id='line_1_82' title="bbox 1201 2090 2193 2143; baseline -0.003 -13"><span class='ocrx_word' id='word_1_671' title='bbox 1201 2093 1293 2130; x_wconf 86' lang='lat' dir='ltr'>Nam</span> <span class='ocrx_word' id='word_1_672' title='bbox 1308 2092 1343 2129; x_wconf 94' lang='lat' dir='ltr'>in</span> <span class='ocrx_word' id='word_1_673' title='bbox 1361 2090 1539 2143; x_wconf 89' lang='lat' dir='ltr'>principio</span> <span class='ocrx_word' id='word_1_674' title='bbox 1553 2091 1602 2128; x_wconf 85' lang='lat' dir='ltr'>ait</span> <span class='ocrx_word' id='word_1_675' title='bbox 1620 2106 1627 2127; x_wconf 73' lang='grc' dir='ltr'>ε</span> <span class='ocrx_word' id='word_1_676' title='bbox 1650 2091 1848 2141; x_wconf 82' lang='lat' dir='ltr'>Quomodo</span> <span class='ocrx_word' id='word_1_677' title='bbox 1862 2099 1915 2137; x_wconf 84' lang='lat' dir='ltr'>tu,</span> <span class='ocrx_word' id='word_1_678' title='bbox 1933 2091 2092 2128; x_wconf 78' lang='lat' dir='ltr'>Judoeus</span> <span class='ocrx_word' id='word_1_679' title='bbox 2105 2104 2193 2128; x_wconf 86' lang='lat' dir='ltr'>cum</span> 
     </span>
     <span class='ocr_line' id='line_1_83' title="bbox 1201 2150 2193 2204; baseline -0.003 -13"><span class='ocrx_word' id='word_1_680' title='bbox 1201 2156 1266 2201; x_wconf 83' lang='lat' dir='ltr'>sis,</span> <span class='ocrx_word' id='word_1_681' title='bbox 1289 2155 1416 2190; x_wconf 81' lang='lat' dir='ltr'>bibere</span> <span class='ocrx_word' id='word_1_682' title='bbox 1435 2167 1459 2190; x_wconf 83' lang='lat' dir='ltr'><em>a</em></span> <span class='ocrx_word' id='word_1_683' title='bbox 1481 2166 1540 2189; x_wconf 82' lang='lat' dir='ltr'>me</span> <span class='ocrx_word' id='word_1_684' title='bbox 1556 2154 1707 2204; x_wconf 75' lang='lat' dir='ltr'>poscis?</span> <span class='ocrx_word' id='word_1_685' title='bbox 1735 2152 1857 2202; x_wconf 83' lang='lat' dir='ltr'>Neque</span> <span class='ocrx_word' id='word_1_686' title='bbox 1876 2151 1982 2199; x_wconf 75' lang='lat' dir='ltr'>dixit,</span> <span class='ocrx_word' id='word_1_687' title='bbox 1998 2165 2038 2188; x_wconf 82' lang='lat' dir='ltr'>ae</span> <span class='ocrx_word' id='word_1_688' title='bbox 2057 2150 2086 2188; x_wconf 89' lang='lat' dir='ltr'>si</span> <span class='ocrx_word' id='word_1_689' title='bbox 2109 2151 2193 2188; x_wconf 79' lang='lat' dir='ltr'>alie—</span> 
     </span>
     <span class='ocr_line' id='line_1_84' title="bbox 1202 2212 2193 2266; baseline -0.004 -13"><span class='ocrx_word' id='word_1_690' title='bbox 1202 2215 1367 2266; x_wconf 85' lang='lat' dir='ltr'>nigenam</span> <span class='ocrx_word' id='word_1_691' title='bbox 1391 2223 1425 2252; x_wconf 89' lang='lat' dir='ltr'>et</span> <span class='ocrx_word' id='word_1_692' title='bbox 1443 2213 1630 2251; x_wconf 87' lang='lat' dir='ltr'>inimicum</span> <span class='ocrx_word' id='word_1_693' title='bbox 1657 2212 1895 2263; x_wconf 77' lang='lat' dir='ltr'>alloqueretur</span> <span class='ocrx_word' id='word_1_694' title='bbox 1913 2229 1920 2249; x_wconf 90' lang='lat'>:</span> <span class='ocrx_word' id='word_1_695' title='bbox 1940 2213 2041 2250; x_wconf 82' lang='lat' dir='ltr'>Absit</span> <span class='ocrx_word' id='word_1_696' title='bbox 2061 2221 2099 2250; x_wconf 91' lang='lat' dir='ltr'>ut</span> <span class='ocrx_word' id='word_1_697' title='bbox 2127 2212 2193 2249; x_wconf 87' lang='lat' dir='ltr'>tibi</span> 
     </span>
     <span class='ocr_line' id='line_1_85' title="bbox 1203 2273 2191 2329; baseline -0.005 -15"><span class='ocrx_word' id='word_1_698' title='bbox 1203 2276 1382 2329; x_wconf 84' lang='lat' dir='ltr'>praebeam</span> <span class='ocrx_word' id='word_1_699' title='bbox 1399 2274 1537 2312; x_wconf 86' lang='lat' dir='ltr'>homini</span> <span class='ocrx_word' id='word_1_700' title='bbox 1557 2273 1702 2312; x_wconf 88' lang='lat' dir='ltr'>inimico</span> <span class='ocrx_word' id='word_1_701' title='bbox 1720 2283 1752 2311; x_wconf 90' lang='lat' dir='ltr'>et</span> <span class='ocrx_word' id='word_1_702' title='bbox 1773 2288 1791 2311; x_wconf 88' lang='lat' dir='ltr'>a</span> <span class='ocrx_word' id='word_1_703' title='bbox 1813 2283 1914 2325; x_wconf 82' lang='lat' dir='ltr'>gente</span> <span class='ocrx_word' id='word_1_704' title='bbox 1932 2283 2050 2311; x_wconf 80' lang='lat' dir='ltr'>nostra</span> <span class='ocrx_word' id='word_1_705' title='bbox 2066 2273 2191 2310; x_wconf 84' lang='lat' dir='ltr'>alieno.</span> 
     </span>
     <span class='ocr_line' id='line_1_86' title="bbox 1204 2335 2194 2388; baseline -0.004 -12"><span class='ocrx_word' id='word_1_706' title='bbox 1204 2337 1341 2376; x_wconf 84' lang='lat' dir='ltr'>Deinde</span> <span class='ocrx_word' id='word_1_707' title='bbox 1368 2352 1450 2375; x_wconf 91' lang='lat' dir='ltr'>cum</span> <span class='ocrx_word' id='word_1_708' title='bbox 1476 2351 1605 2388; x_wconf 81' lang='lat' dir='ltr'>magna</span> <span class='ocrx_word' id='word_1_709' title='bbox 1626 2336 1829 2387; x_wconf 83' lang='lat' dir='ltr'>loquentem</span> <span class='ocrx_word' id='word_1_710' title='bbox 1860 2335 2013 2385; x_wconf 83' lang='lat' dir='ltr'>audiret,</span> <span class='ocrx_word' id='word_1_711' title='bbox 2030 2349 2107 2385; x_wconf 81' lang='lat' dir='ltr'>quae</span> <span class='ocrx_word' id='word_1_712' title='bbox 2138 2349 2194 2372; x_wconf 91' lang='lat' dir='ltr'>so-</span> 
     </span>
     <span class='ocr_line' id='line_1_87' title="bbox 1205 2396 2193 2445; baseline -0.006 -7"><span class='ocrx_word' id='word_1_713' title='bbox 1205 2400 1277 2438; x_wconf 87' lang='lat' dir='ltr'>lent</span> <span class='ocrx_word' id='word_1_714' title='bbox 1301 2399 1465 2438; x_wconf 88' lang='lat' dir='ltr'>inimicos</span> <span class='ocrx_word' id='word_1_715' title='bbox 1495 2399 1652 2437; x_wconf 75' lang='lat' dir='ltr'>maxime</span> <span class='ocrx_word' id='word_1_716' title='bbox 1679 2397 1858 2445; x_wconf 85' lang='lat' dir='ltr'>mordere,</span> <span class='ocrx_word' id='word_1_717' title='bbox 1879 2410 1946 2434; x_wconf 86' lang='lat' dir='ltr'>non</span> <span class='ocrx_word' id='word_1_718' title='bbox 1976 2396 2102 2444; x_wconf 87' lang='lat' dir='ltr'>irrisit,</span> <span class='ocrx_word' id='word_1_719' title='bbox 2125 2409 2193 2432; x_wconf 91' lang='lat' dir='ltr'>non</span> 
     </span>
     <span class='ocr_line' id='line_1_88' title="bbox 1159 2456 2194 2512; baseline -0.006 -12"><span class='ocrx_word' id='word_1_720' title='bbox 1159 2463 1184 2493; x_wconf 83' lang='lat' dir='ltr'><strong>E</strong></span> <span class='ocrx_word' id='word_1_721' title='bbox 1207 2461 1389 2500; x_wconf 76' lang='lat' dir='ltr'>cachinnis</span> <span class='ocrx_word' id='word_1_722' title='bbox 1403 2461 1542 2512; x_wconf 83' lang='lat' dir='ltr'>excepit</span> <span class='ocrx_word' id='word_1_723' title='bbox 1561 2460 1682 2509; x_wconf 75' lang='lat' dir='ltr'>illum,</span> <span class='ocrx_word' id='word_1_724' title='bbox 1699 2458 1757 2496; x_wconf 83' lang='lat' dir='ltr'>sed</span> <span class='ocrx_word' id='word_1_725' title='bbox 1778 2457 1865 2508; x_wconf 85' lang='lat' dir='ltr'>quid</span> <span class='ocrx_word' id='word_1_726' title='bbox 1878 2456 2053 2495; x_wconf 65' lang='lat' dir='ltr'>diciti’ffl.</span> <span class='ocrx_word' id='word_1_727' title='bbox 2072 2460 2194 2495; x_wconf 73' lang='lat' dir='ltr'>,Num-</span> 
     </span>
     <span class='ocr_line' id='line_1_89' title="bbox 1209 2519 2195 2574; baseline -0.004 -14"><span class='ocrx_word' id='word_1_728' title='bbox 1209 2523 1305 2574; x_wconf 76' lang='lat' dir='ltr'>quid</span> <span class='ocrx_word' id='word_1_729' title='bbox 1327 2531 1367 2560; x_wconf 85' lang='lat' dir='ltr'>tu</span> <span class='ocrx_word' id='word_1_730' title='bbox 1388 2523 1514 2573; x_wconf 85' lang='lat' dir='ltr'>major</span> <span class='ocrx_word' id='word_1_731' title='bbox 1534 2535 1572 2557; x_wconf 84' lang='lat' dir='ltr'>es</span> <span class='ocrx_word' id='word_1_732' title='bbox 1589 2529 1700 2571; x_wconf 81' lang='lat' dir='ltr'>patre</span> <span class='ocrx_word' id='word_1_733' title='bbox 1723 2528 1850 2557; x_wconf 79' lang='lat' dir='ltr'>nostro</span> <span class='ocrx_word' id='word_1_734' title='bbox 1877 2519 2016 2565; x_wconf 82' lang='lat' dir='ltr'>Jacob,</span> <span class='ocrx_word' id='word_1_735' title='bbox 2041 2522 2106 2571; x_wconf 79' lang='lat' dir='ltr'>qui</span> <span class='ocrx_word' id='word_1_736' title='bbox 2131 2521 2195 2556; x_wconf 82' lang='lat' dir='ltr'>de-</span> 
     </span>
     <span class='ocr_line' id='line_1_90' title="bbox 1206 2582 2195 2633; baseline -0.003 -12"><span class='ocrx_word' id='word_1_737' title='bbox 1206 2585 1262 2621; x_wconf 70' lang='lat' dir='ltr'>dic</span> <span class='ocrx_word' id='word_1_738' title='bbox 1284 2585 1392 2620; x_wconf 82' lang='lat' dir='ltr'>nobis</span> <span class='ocrx_word' id='word_1_739' title='bbox 1411 2590 1568 2633; x_wconf 84' lang='lat' dir='ltr'>puteum</span> <span class='ocrx_word' id='word_1_740' title='bbox 1586 2582 1690 2619; x_wconf 75' lang='lat' dir='ltr'>hunc</span> <span class='ocrx_word' id='word_1_741' title='bbox 1703 2610 1712 2628; x_wconf 89' lang='lat'>,</span> <span class='ocrx_word' id='word_1_742' title='bbox 1745 2589 1780 2618; x_wconf 84' lang='lat' dir='ltr'>et</span> <span class='ocrx_word' id='word_1_743' title='bbox 1801 2584 1880 2632; x_wconf 77' lang='lat' dir='ltr'>ipse</span> <span class='ocrx_word' id='word_1_744' title='bbox 1908 2595 1956 2617; x_wconf 59' lang='lat' dir='ltr'>ez*</span> <span class='ocrx_word' id='word_1_745' title='bbox 1971 2594 2014 2618; x_wconf 89' lang='lat' dir='ltr'>eo</span> <span class='ocrx_word' id='word_1_746' title='bbox 2032 2583 2139 2628; x_wconf 79' lang='lat' dir='ltr'>bibit,</span> <span class='ocrx_word' id='word_1_747' title='bbox 2160 2590 2195 2618; x_wconf 77' lang='lat' dir='ltr'>et</span> 
     </span>
     <span class='ocr_line' id='line_1_91' title="bbox 1202 2639 2194 2695; baseline -0.001 -15"><span class='ocrx_word' id='word_1_748' title='bbox 1202 2644 1282 2695; x_wconf 72' lang='lat' dir='ltr'>filii</span> <span class='ocrx_word' id='word_1_749' title='bbox 1302 2645 1396 2694; x_wconf 82' lang='lat' dir='ltr'>ejus,</span> <span class='ocrx_word' id='word_1_750' title='bbox 1416 2651 1452 2679; x_wconf 86' lang='lat' dir='ltr'>et</span> <span class='ocrx_word' id='word_1_751' title='bbox 1467 2645 1630 2693; x_wconf 76' lang='lat' dir='ltr'>pecora?</span> <span class='ocrx_word' id='word_1_752' title='bbox 1646 2639 1778 2680; x_wconf 75' lang='lat' dir='ltr'>Viden&#39;</span> <span class='ocrx_word' id='word_1_753' title='bbox 1799 2655 1869 2691; x_wconf 90' lang='lat' dir='ltr'>quo</span> <span class='ocrx_word' id='word_1_754' title='bbox 1890 2650 1994 2693; x_wconf 84' lang='lat' dir='ltr'>pacto</span> <span class='ocrx_word' id='word_1_755' title='bbox 2014 2655 2054 2679; x_wconf 83' lang='lat' dir='ltr'>se</span> <span class='ocrx_word' id='word_1_756' title='bbox 2076 2641 2112 2679; x_wconf 91' lang='lat' dir='ltr'>in</span> <span class='ocrx_word' id='word_1_757' title='bbox 2131 2644 2194 2681; x_wconf 69' lang='lat' dir='ltr'>‚Ju-</span> 
     </span>
     <span class='ocr_line' id='line_1_92' title="bbox 1206 2701 2197 2753; baseline 0 -13"><span class='ocrx_word' id='word_1_758' title='bbox 1206 2702 1349 2740; x_wconf 84' lang='lat' dir='ltr'>da&#39;icam</span> <span class='ocrx_word' id='word_1_759' title='bbox 1383 2702 1608 2739; x_wconf 80' lang='lat' dir='ltr'>nobilitatem</span> <span class='ocrx_word' id='word_1_760' title='bbox 1636 2701 1795 2753; x_wconf 76' lang='lat' dir='ltr'>ingerat?</span> <span class='ocrx_word' id='word_1_761' title='bbox 1815 2701 1891 2739; x_wconf 89' lang='lat' dir='ltr'>Hoc</span> <span class='ocrx_word' id='word_1_762' title='bbox 1913 2710 2031 2739; x_wconf 83' lang='lat' dir='ltr'>autem</span> <span class='ocrx_word' id='word_1_763' title='bbox 2053 2701 2130 2740; x_wconf 79' lang='lat' dir='ltr'>vult</span> <span class='ocrx_word' id='word_1_764' title='bbox 2151 2703 2197 2740; x_wconf 77' lang='lat' dir='ltr'>si-</span> 
     </span>
    </p>
   </div>
   <div class='ocr_carea' id='block_1_10' title="bbox 1151 2762 2197 2818">
    <p class='ocr_par' dir='ltr' id='par_1_10' title="bbox 1151 2762 2197 2818">
     <span class='ocr_line' id='line_1_93' title="bbox 1151 2762 2197 2818; baseline 0 -17"><span class='ocrx_word' id='word_1_765' title='bbox 1151 2792 1196 2818; x_wconf 72' lang='lat'>182</span> <span class='ocrx_word' id='word_1_766' title='bbox 1208 2764 1377 2815; x_wconf 76' lang='lat' dir='ltr'>gnificare</span> <span class='ocrx_word' id='word_1_767' title='bbox 1393 2779 1401 2799; x_wconf 90' lang='lat'>:</span> <span class='ocrx_word' id='word_1_768' title='bbox 1417 2763 1482 2800; x_wconf 93' lang='lat' dir='ltr'>Ille</span> <span class='ocrx_word' id='word_1_769' title='bbox 1497 2763 1565 2800; x_wconf 89' lang='lat' dir='ltr'>hac</span> <span class='ocrx_word' id='word_1_770' title='bbox 1585 2775 1670 2799; x_wconf 89' lang='lat' dir='ltr'>usus</span> <span class='ocrx_word' id='word_1_771' title='bbox 1689 2771 1739 2800; x_wconf 90' lang='lat' dir='ltr'>est</span> <span class='ocrx_word' id='word_1_772' title='bbox 1755 2776 1858 2813; x_wconf 87' lang='lat' dir='ltr'>aqua,</span> <span class='ocrx_word' id='word_1_773' title='bbox 1878 2762 1971 2800; x_wconf 90' lang='lat' dir='ltr'>nihil</span> <span class='ocrx_word' id='word_1_774' title='bbox 1986 2763 2081 2800; x_wconf 81' lang='lat' dir='ltr'>ultra</span> <span class='ocrx_word' id='word_1_775' title='bbox 2102 2764 2197 2814; x_wconf 70' lang='lat' dir='ltr'>quod</span> 
     </span>
    </p>
   </div>
   <div class='ocr_carea' id='block_1_11' title="bbox 1159 2822 2199 3364">
    <p class='ocr_par' dir='ltr' id='par_1_11' title="bbox 1159 2822 2199 3364">
     <span class='ocr_line' id='line_1_94' title="bbox 1159 2822 2198 2876; baseline 0.002 -17"><span class='ocrx_word' id='word_1_776' title='bbox 1159 2831 1186 2859; x_wconf 86' lang='lat' dir='ltr'>A</span> <span class='ocrx_word' id='word_1_777' title='bbox 1207 2824 1307 2862; x_wconf 81' lang='lat' dir='ltr'>daret</span> <span class='ocrx_word' id='word_1_778' title='bbox 1333 2823 1476 2862; x_wconf 88' lang='lat' dir='ltr'>habuit.</span> <span class='ocrx_word' id='word_1_779' title='bbox 1499 2823 1564 2861; x_wconf 90' lang='lat' dir='ltr'>His</span> <span class='ocrx_word' id='word_1_780' title='bbox 1581 2837 1692 2876; x_wconf 87' lang='lat' dir='ltr'>porro</span> <span class='ocrx_word' id='word_1_781' title='bbox 1707 2822 1863 2861; x_wconf 80' lang='lat' dir='ltr'>declarat</span> <span class='ocrx_word' id='word_1_782' title='bbox 1887 2837 1922 2861; x_wconf 88' lang='lat' dir='ltr'>se</span> <span class='ocrx_word' id='word_1_783' title='bbox 1947 2838 1989 2862; x_wconf 81' lang='lat' dir='ltr'>ex</span> <span class='ocrx_word' id='word_1_784' title='bbox 2009 2824 2124 2876; x_wconf 81' lang='lat' dir='ltr'>prima</span> <span class='ocrx_word' id='word_1_785' title='bbox 2145 2839 2198 2862; x_wconf 77' lang='lat' dir='ltr'>re-</span> 
     </span>
     <span class='ocr_line' id='line_1_95' title="bbox 1207 2883 2199 2937; baseline -0.001 -15"><span class='ocrx_word' id='word_1_786' title='bbox 1207 2884 1394 2937; x_wconf 89' lang='lat' dir='ltr'>sponsione</span> <span class='ocrx_word' id='word_1_787' title='bbox 1424 2897 1594 2935; x_wconf 85' lang='lat' dir='ltr'>magnum</span> <span class='ocrx_word' id='word_1_788' title='bbox 1620 2893 1653 2921; x_wconf 89' lang='lat' dir='ltr'>et</span> <span class='ocrx_word' id='word_1_789' title='bbox 1681 2883 1834 2922; x_wconf 86' lang='lat' dir='ltr'>sublime</span> <span class='ocrx_word' id='word_1_790' title='bbox 1853 2884 2039 2936; x_wconf 82' lang='lat' dir='ltr'>quidpiam</span> <span class='ocrx_word' id='word_1_791' title='bbox 2064 2884 2199 2922; x_wconf 81' lang='lat' dir='ltr'>intelle-</span> 
     </span>
     <span class='ocr_line' id='line_1_96' title="bbox 1209 2945 2197 2998; baseline -0.001 -15"><span class='ocrx_word' id='word_1_792' title='bbox 1209 2945 1425 2983; x_wconf 71' lang='lat' dir='ltr'>xissc.Nam</span> <span class='ocrx_word' id='word_1_793' title='bbox 1446 2959 1528 2982; x_wconf 88' lang='lat' dir='ltr'>cum</span> <span class='ocrx_word' id='word_1_794' title='bbox 1549 2945 1610 2995; x_wconf 84' lang='lat' dir='ltr'>ait,</span> <span class='ocrx_word' id='word_1_795' title='bbox 1631 2947 1718 2996; x_wconf 83' lang='lat' dir='ltr'>Ipse</span> <span class='ocrx_word' id='word_1_796' title='bbox 1747 2947 1853 2993; x_wconf 66' lang='lat' dir='ltr'>bibit,</span> <span class='ocrx_word' id='word_1_797' title='bbox 1866 2954 1903 2983; x_wconf 82' lang='lat' dir='ltr'>et</span> <span class='ocrx_word' id='word_1_798' title='bbox 1920 2946 2008 2998; x_wconf 78' lang='lat' dir='ltr'>filii</span> <span class='ocrx_word' id='word_1_799' title='bbox 2036 2948 2130 2997; x_wconf 78' lang='lat' dir='ltr'>ejus,</span> <span class='ocrx_word' id='word_1_800' title='bbox 2163 2955 2197 2982; x_wconf 80' lang='lat' dir='ltr'>et</span> 
     </span>
     <span class='ocr_line' id='line_1_97' title="bbox 1207 3004 2199 3058; baseline -0.002 -14"><span class='ocrx_word' id='word_1_801' title='bbox 1207 3019 1361 3058; x_wconf 81' lang='lat' dir='ltr'>pecora,</span> <span class='ocrx_word' id='word_1_802' title='bbox 1381 3005 1474 3043; x_wconf 88' lang='lat' dir='ltr'>nihil</span> <span class='ocrx_word' id='word_1_803' title='bbox 1492 3004 1592 3043; x_wconf 84' lang='lat' dir='ltr'>aliud</span> <span class='ocrx_word' id='word_1_804' title='bbox 1611 3005 1828 3055; x_wconf 85' lang='lat' dir='ltr'>subindicat,</span> <span class='ocrx_word' id='word_1_805' title='bbox 1849 3020 1956 3057; x_wconf 86' lang='lat' dir='ltr'>quam</span> <span class='ocrx_word' id='word_1_806' title='bbox 1978 3020 2015 3043; x_wconf 89' lang='lat' dir='ltr'>se</span> <span class='ocrx_word' id='word_1_807' title='bbox 2034 3005 2069 3042; x_wconf 92' lang='lat' dir='ltr'>in</span> <span class='ocrx_word' id='word_1_808' title='bbox 2084 3014 2199 3043; x_wconf 85' lang='lat' dir='ltr'>mente</span> 
     </span>
     <span class='ocr_line' id='line_1_98' title="bbox 1209 3067 2199 3119; baseline -0.001 -14"><span class='ocrx_word' id='word_1_809' title='bbox 1209 3067 1340 3105; x_wconf 85' lang='lat' dir='ltr'>habere</span> <span class='ocrx_word' id='word_1_810' title='bbox 1357 3067 1466 3105; x_wconf 85' lang='lat' dir='ltr'>aliam</span> <span class='ocrx_word' id='word_1_811' title='bbox 1481 3067 1761 3119; x_wconf 79' lang='lat' dir='ltr'>praestantiorem</span> <span class='ocrx_word' id='word_1_812' title='bbox 1777 3082 1917 3117; x_wconf 74' lang='lat' dir='ltr'>aquam,</span> <span class='ocrx_word' id='word_1_813' title='bbox 1935 3082 2041 3118; x_wconf 81' lang='lat' dir='ltr'>quam</span> <span class='ocrx_word' id='word_1_814' title='bbox 2060 3081 2122 3104; x_wconf 84' lang='lat' dir='ltr'>nec</span> <span class='ocrx_word' id='word_1_815' title='bbox 2145 3081 2199 3104; x_wconf 89' lang='lat' dir='ltr'>re-</span> 
     </span>
     <span class='ocr_line' id='line_1_99' title="bbox 1210 3129 2198 3181; baseline -0.002 -14"><span class='ocrx_word' id='word_1_816' title='bbox 1210 3129 1352 3181; x_wconf 88' lang='lat' dir='ltr'>periret,</span> <span class='ocrx_word' id='word_1_817' title='bbox 1370 3143 1432 3167; x_wconf 88' lang='lat' dir='ltr'>nec</span> <span class='ocrx_word' id='word_1_818' title='bbox 1445 3129 1538 3167; x_wconf 84' lang='lat' dir='ltr'>clare</span> <span class='ocrx_word' id='word_1_819' title='bbox 1558 3138 1686 3167; x_wconf 87' lang='lat' dir='ltr'>nosset.</span> <span class='ocrx_word' id='word_1_820' title='bbox 1708 3130 1759 3167; x_wconf 90' lang='lat' dir='ltr'>Ut</span> <span class='ocrx_word' id='word_1_821' title='bbox 1775 3138 1891 3167; x_wconf 88' lang='lat' dir='ltr'>autem</span> <span class='ocrx_word' id='word_1_822' title='bbox 1907 3129 1995 3179; x_wconf 83' lang='lat' dir='ltr'>quid</span> <span class='ocrx_word' id='word_1_823' title='bbox 2011 3129 2071 3165; x_wconf 77' lang='lat' dir='ltr'>illa</span> <span class='ocrx_word' id='word_1_824' title='bbox 2096 3129 2198 3165; x_wconf 85' lang='lat' dir='ltr'>intel-</span> 
     </span>
     <span class='ocr_line' id='line_1_100' title="bbox 1210 3189 2197 3243; baseline -0.001 -15"><span class='ocrx_word' id='word_1_825' title='bbox 1210 3191 1300 3242; x_wconf 87' lang='lat' dir='ltr'>ligat</span> <span class='ocrx_word' id='word_1_826' title='bbox 1315 3190 1444 3228; x_wconf 87' lang='lat' dir='ltr'>clarius</span> <span class='ocrx_word' id='word_1_827' title='bbox 1463 3190 1685 3243; x_wconf 82' lang='lat' dir='ltr'>exprimam:</span> <span class='ocrx_word' id='word_1_828' title='bbox 1707 3191 1786 3228; x_wconf 90' lang='lat' dir='ltr'>Non</span> <span class='ocrx_word' id='word_1_829' title='bbox 1801 3199 1901 3242; x_wconf 87' lang='lat' dir='ltr'>potes</span> <span class='ocrx_word' id='word_1_830' title='bbox 1919 3189 2048 3232; x_wconf 81' lang='lat' dir='ltr'>dicere,</span> <span class='ocrx_word' id='word_1_831' title='bbox 2068 3190 2197 3240; x_wconf 80' lang='lat' dir='ltr'>iuquit,</span> 
     </span>
     <span class='ocr_line' id='line_1_101' title="bbox 1213 3250 2198 3300; baseline -0.004 -8"><span class='ocrx_word' id='word_1_832' title='bbox 1213 3253 1385 3293; x_wconf 83' lang='lat' dir='ltr'>Jacobum</span> <span class='ocrx_word' id='word_1_833' title='bbox 1395 3252 1490 3290; x_wconf 88' lang='lat' dir='ltr'>hunc</span> <span class='ocrx_word' id='word_1_834' title='bbox 1507 3251 1609 3289; x_wconf 89' lang='lat' dir='ltr'>nobis</span> <span class='ocrx_word' id='word_1_835' title='bbox 1626 3251 1766 3289; x_wconf 86' lang='lat' dir='ltr'>dedisse</span> <span class='ocrx_word' id='word_1_836' title='bbox 1781 3252 1926 3300; x_wconf 84' lang='lat' dir='ltr'>fontem,</span> <span class='ocrx_word' id='word_1_837' title='bbox 1937 3250 1997 3288; x_wconf 88' lang='lat' dir='ltr'>sed</span> <span class='ocrx_word' id='word_1_838' title='bbox 2011 3250 2080 3288; x_wconf 80' lang='lat' dir='ltr'>alio</span> <span class='ocrx_word' id='word_1_839' title='bbox 2094 3265 2198 3288; x_wconf 86' lang='lat' dir='ltr'>usum</span> 
     </span>
     <span class='ocr_line' id='line_1_102' title="bbox 1212 3310 2199 3364; baseline -0.001 -14"><span class='ocrx_word' id='word_1_840' title='bbox 1212 3313 1432 3352; x_wconf 76' lang='lat' dir='ltr'>fuisseznam</span> <span class='ocrx_word' id='word_1_841' title='bbox 1448 3321 1480 3351; x_wconf 90' lang='lat' dir='ltr'>et</span> <span class='ocrx_word' id='word_1_842' title='bbox 1506 3312 1580 3364; x_wconf 88' lang='lat' dir='ltr'>ipse</span> <span class='ocrx_word' id='word_1_843' title='bbox 1605 3321 1639 3350; x_wconf 90' lang='lat' dir='ltr'>ct</span> <span class='ocrx_word' id='word_1_844' title='bbox 1660 3311 1727 3349; x_wconf 85' lang='lat' dir='ltr'>filii</span> <span class='ocrx_word' id='word_1_845' title='bbox 1752 3312 1826 3362; x_wconf 85' lang='lat' dir='ltr'>ejus</span> <span class='ocrx_word' id='word_1_846' title='bbox 1860 3324 1903 3348; x_wconf 82' lang='lat' dir='ltr'>ex</span> <span class='ocrx_word' id='word_1_847' title='bbox 1933 3310 1999 3348; x_wconf 77' lang='lat' dir='ltr'>hac</span> <span class='ocrx_word' id='word_1_848' title='bbox 2030 3310 2199 3349; x_wconf 80' lang='lat' dir='ltr'>bibebant</span> 
     </span>
    </p>
   </div>
   <div class='ocr_carea' id='block_1_12' title="bbox 1237 3430 1999 3474">
    <p class='ocr_par' dir='ltr' id='par_1_12' title="bbox 1237 3430 1999 3474">
     <span class='ocr_line' id='line_1_103' title="bbox 1237 3430 1999 3474; baseline 0.005 -17"><span class='ocrx_word' id='word_1_849' title='bbox 1237 3444 1249 3457; x_wconf 71' lang='lat' dir='ltr'>a</span> <span class='ocrx_word' id='word_1_850' title='bbox 1269 3430 1383 3465; x_wconf 78' lang='lat' dir='ltr'>Morel-</span> <span class='ocrx_word' id='word_1_851' title='bbox 1406 3435 1435 3466; x_wconf 69' lang='grc' dir='ltr'>δὲ</span> <span class='ocrx_word' id='word_1_852' title='bbox 1453 3434 1524 3466; x_wconf 63' lang='grc' dir='ltr'>αὐτὸ</span> <span class='ocrx_word' id='word_1_853' title='bbox 1541 3433 1605 3465; x_wconf 64' lang='grc' dir='ltr'>οὐδὲ</span> <span class='ocrx_word' id='word_1_854' title='bbox 1623 3433 1722 3472; x_wconf 52' lang='lat' dir='ltr'>xbris,</span> <span class='ocrx_word' id='word_1_855' title='bbox 1741 3431 1803 3463; x_wconf 65' lang='grc' dir='ltr'>οὐδὲ</span> <span class='ocrx_word' id='word_1_856' title='bbox 1817 3431 1876 3473; x_wconf 63' lang='grc' dir='ltr'>ᾔδει</span> <span class='ocrx_word' id='word_1_857' title='bbox 1895 3438 1999 3474; x_wconf 57' lang='grc' dir='ltr'>παρ-ῶς.</span> 
     </span>
    </p>
   </div>
  </div>
 </body>
</html>
