2481 3678
51 1358 78 1378 1.
97 1349 165 1377 Cor.
182 1349 212 1379 3.

244 200 336 245 530
675 216 713 246 5.
751 216 937 246 solimis
973 212 1214 244 cnm'sosr.

1258 209 1460 241 ARCHIEP.
1501 210 1842 240 CONSTANTffiOP
1853 230 1859 238 .

244 296 334 334 iram
350 296 547 347 cohibebis,
563 297 624 336 sed
641 297 748 336 etiam
765 298 942 350 lacrymas
959 295 1132 334 effundes.
1156 294 1228 331 Ne·
1253 297 1277 327 E
1303 292 1446 331 κόλασιν
1464 293 1506 339 ἣν
1525 292 1728 339 κολάζεται,
1757 293 1816 330 καὶ
1844 295 1881 331 οὐ
1903 292 2003 343 μόνον
2023 294 2090 345 οὐχ
2110 290 2194 336 ἕξεις
2212 289 2330 345 ὀργὴν,

244 371 312 407 que
325 358 420 396 enim
441 357 602 396 irritatur
615 359 794 411 quispiam
815 368 934 396 contra
953 357 1226 405 febricitantem,

244 429 304 457 aut
323 429 425 458 acuto
449 421 573 458 morbo
603 421 876 469 inflammatum,
900 419 961 456 sed
982 418 1114 456 similes
1133 418 1230 457 viros

245 481 434 519 miseratur
447 491 479 519 ct
496 481 670 534 deplorat.
687 480 902 533 Hujusmodi
917 488 968 518 cst
981 479 1061 517 irati
1073 478 1227 516 animus.

246 542 317 580 Sed
348 543 377 580 si
405 543 462 581 vis
492 552 525 579 te
559 543 696 591 ulcisci,
724 551 817 592 tace,
846 550 880 579 et
901 549 1139 593 opportunam
1160 539 1229 591 ipsi

244 604 387 654 plagam
402 603 552 654 inssiges.
576 603 638 641 Sin
661 603 912 641 contumeliam
937 600 1148 639 contumelia
1168 600 1229 638 de-

1242 634 1289 658 287

1303 353 1392 391 ἀλλὰ
1410 353 1468 390 καὶ
1488 353 1620 407 δάκρυα
1641 353 1795 406 ἀφήσεις.
1817 354 1909 393 Οὐδὲ
1933 354 2000 407 γὰρ
2019 353 2105 406 πρὸς
2122 352 2180 390 τὸν
2200 353 2331 406 πυρέτ-

1303 414 1406 452 τοντά
1425 430 1476 458 τις
1497 414 1746 466 παροξύνεται,
1766 415 1843 454 οὔτε
1859 416 1944 467 πρὸς
1971 416 2029 453 τὸν
2054 413 2330 467 φλεγμαίνοντα,

1304 476 1380 512 ἀλλ’
1401 478 1488 514 ἐλεεῖ
1505 475 1638 519 πάντας
1656 475 1735 519 τοὺς
1753 476 1923 521 τοιούτους
1944 476 2003 514 καὶ
2028 474 2181 528 δακρύει.
2201 476 2330 512 Τοιοῦ-

1302 551 1358 574 τον
1375 537 1442 588 γάρ
1463 539 1535 576 ἐστι
1550 537 1645 590 ψυχὴ
1667 537 1888 589 ὀργιζομένη.
1905 537 2026 583 Ἀλλὰ,
2046 537 2110 575 κᾶν
2133 535 2331 587 ἀμύνασθαι

1306 597 1596 650 βούλῃ,σίγησον,
1608 598 1667 636 καὶ
1684 598 1824 652 καιρίαν
1843 598 1974 641 ἔδωκας
1992 600 2086 650 αὐτῷ
2096 596 2159 643 τὴν
2179 595 2330 647 πληγήν.

244 665 371 717 pellas,
403 664 520 715 ignem
547 664 775 702 succendisti.
804 666 863 715 At,
894 663 1046 714 inquies,
1068 663 1098 701 si
1117 672 1230 701 tacea-
1255 671 1278 700 A
1303 656 1362 696 Ἂν
1391 658 1427 696 δὲ
1448 660 1620 714 λοιδορίαν
1648 659 1803 713 λοιδορίᾳ
1826 659 2001 712 συνάψῃς,
2028 659 2066 697 τὸ
2092 662 2160 709 πῦρ
2184 658 2329 708 ἀνῆψας-

245 739 338 774 111115,
373 725 495 776 pusilli
534 725 644 762 animi
683 739 887 777 arguemur.
928 725 1008 763 Non
1045 734 1080 762 te
1107 724 1232 777 pusilli

245 787 355 824 animi
384 787 614 837 accusabunt,
652 787 715 826 sed
743 787 1008 840 philosophiam
1041 796 1138 824 tuam
1163 787 1231 824 mi-

244 847 432 884 rabuntur.
467 847 506 885 Si
536 862 620 886 vero
657 862 702 886 ex
740 847 952 886 contumelia
986 846 1231 895 inflammeris,

244 908 363 946 locum
403 907 507 946 dabis
533 908 684 961 putandi
721 923 804 948 vera
838 923 911 947 csse
939 923 1016 959 quae
1057 908 1233 960 objiciun-

245 978 314 1006 tur.
346 970 433 1020 Cur,
468 984 599 1021 quaeso,
632 970 726 1009 ridet
754 970 855 1009 dives
885 970 946 1020 qui
979 985 1015 1008 se
1042 983 1233 1022 pauperem

247 1032 419 1084 appellari
439 1032 565 1069 audit?
581 1046 696 1070 annon
722 1032 805 1082 quia
825 1032 900 1084 ipse
925 1031 990 1069 scit
1011 1046 1048 1068 se
1069 1044 1137 1068 non
1162 1044 1235 1068 esse

248 1107 442 1145 pauperem
453 1094 471 1131 ἶ)
487 1096 539 1131 Ita
554 1104 586 1132 et
604 1109 668 1132 nos
687 1094 715 1131 si
734 1094 779 1131 de
797 1093 1020 1132 contumeliis
1035 1093 1231 1143 rideamus,

246 1154 314 1191 hoc
333 1164 581 1205 argumentum
599 1155 666 1192 erit
679 1155 892 1203 maximum,
910 1168 972 1191 nos
986 1153 1066 1191 talis
1084 1153 1133 1191 rei
1155 1166 1236 1191 con-

246 1214 337 1252 scios
356 1215 458 1252 nobis
477 1229 546 1252 non
566 1229 650 1253 esse.
677 1215 733 1253 Ad
753 1216 828 1253 haec
844 1229 1027 1266 quousque
1047 1214 1235 1252 hominum

246 1276 485 1314 accusationes
526 1277 750 1315 metuemus?
786 1290 971 1327 quousque
1012 1289 1236 1313 communem

248 1337 443 1375 Dominum
461 1337 712 1390 despiciemus,
733 1347 766 1376 et
785 1338 883 1376 carni
902 1337 1116 1389 affigemur?
1138 1338 1235 1375 Cum

248 1400 350 1436 enim
366 1400 466 1436 inter
490 1413 561 1437 vos
578 1402 627 1438 sic
643 1401 837 1437 contentio
857 1407 894 1436 et
911 1399 1108 1436 [emulatio
1129 1407 1165 1436 et
1180 1412 1236 1436 se-
1259 1397 1281 1426 Β

247 1461 424 1507 ditiones,
464 1474 590 1498 nonne
626 1461 805 1499 carnales
842 1463 932 1498 estis
946 1465 962 1497 Ρ
995 1459 1114 1498 Simus
1152 1473 1236 1511 ergo

246 1520 461 1572 spirituales,
496 1522 588 1559 hanc
624 1521 853 1560 deterrimam
896 1522 1007 1559 feram
1044 1522 1233 1558 frenemus.

247 1584 343 1621 Iram
359 1584 451 1622 inter
465 1594 498 1622 et
512 1586 824 1633 furorem'nullum
838 1585 1048 1633 discrimen;
1065 1584 1127 1622 sed
1146 1593 1234 1622 tem-

246 1645 409 1696 porarius
421 1645 568 1695 quidam
586 1646 724 1685 daemon
752 1657 825 1696 est;
847 1647 918 1684 imo
938 1645 1156 1684 daemoniaeo
1175 1659 1234 1697 pe-

241 1706 313 1758 jor.
337 1708 427 1744 Nam
446 1707 664 1746 daemoniaco
683 1709 785 1747 venia
805 1709 931 1756 0101111,
953 1706 1147 1746 iracundus
1170 1722 1233 1744 au—

246 1778 316 1807 tem
336 1770 434 1807 mille
454 1771 641 1822 suppliciis
666 1771 797 1823 dignus
816 1771 898 1821 erit,
924 1771 986 1821 qui
1006 1784 1041 1808 se
1058 1778 1180 1821 sponte
1196 1769 1232 1806 in

246 1831 414 1883 perniciei
432 1831 600 1871 barathra
628 1833 765 1885 dejicit,
782 1842 814 1871 et
835 1842 914 1870 ante
931 1833 1087 1869 futuram
1103 1830 1233 1882 gehen-

246 1907 328 1930 nam
356 1893 415 1930 hic
437 1894 513 1945 jam
543 1909 661 1946 poenas
688 1895 774 1933 dare
795 1895 938 1947 incipit,
957 1894 1046 1932 dum
1074 1892 1232 1930 tumultu

245 1963 416 2006 perpetuo
441 1963 475 1991 et
499 1964 585 1992 cestu
611 1955 828 1993 intolerabili
851 1955 1107 2007 cogitationum
1132 1963 1233 1992 nocte

244 2014 371 2066 dieque
381 2015 592 2066 exagitatur.
612 2018 664 2054 Ut
682 2017 801 2068 itaque
819 2025 852 2054 et
870 2016 1034 2070 praesenti
1056 2016 1233 2068 supplicio

245 2085 278 2114 et
294 2077 414 2114 futura
434 2076 594 2115 vindicta
612 2091 676 2115 1105
691 2078 900 2127 liberemus,
916 2078 984 2115 hoc
1000 2077 1102 2129 pulso
1122 2077 1233 2115 animi

245 2138 385 2187 morbo,
417 2152 557 2175 omnem
584 2139 815 2177 exhibeamus
844 2138 1166 2189 mansuetudinem,
1194 2148 1234 2176 ut

247 2201 408 2251 requiem
429 2200 614 2240 animabus
634 2205 763 2241 nostris
780 2202 1003 2242 inveniamus
1019 2211 1051 2239 et
1067 2202 1127 2239 hic
1143 2210 1176 2239 et
1197 2202 1232 2239 in
1258 2196 1282 2226 C

247 2275 355 2313 reguo
379 2262 546 2299 caelorum
558 2278 569 2312 3
593 2263 690 2314 quod
702 2264 835 2301 utinam
856 2277 977 2301 omnes
993 2276 1234 2314 assequamur,

247 2323 360 2376 gratia
377 2332 410 2361 et
425 2324 644 2375 benignitate
670 2326 816 2364 Domini
845 2325 955 2364 nostri
977 2327 1061 2365 Jesu
1083 2324 1233 2375 Christi,

248 2400 311 2438 per
325 2399 432 2436 quem
446 2394 578 2423 etcum
602 2401 670 2437 quo
696 2387 794 2424 Patri
818 2387 931 2439 gloria
955 2386 1133 2437 simulque
1154 2387 1236 2439 Spi-

250 2446 334 2484 ritui
351 2455 484 2495 sancto,
512 2461 605 2485 nunc
617 2457 651 2486 et
664 2462 816 2501 semper,
834 2448 917 2486 etin
935 2448 1064 2487 saecula
1086 2448 1236 2486 51001110-

250 2523 343 2546 rum.
377 2511 497 2547 Amen.

299 2763 312 2778 ³¹
335 2752 453 2789 ΜΟΓΘῙ.
479 2759 593 2795 muium
611 2758 686 2788 οὕτω
710 2760 757 2789 καὶ
778 2758 875 2797 ὑμεῖς·
899 2759 935 2789 ἂν
955 2757 1072 2797 μᾶλλον
1090 2758 1262 2797 γελάσωμεν

257 2810 304 2840 ἐπὶ
325 2804 512 2843 rats-Savil.
538 2811 647 2840 πενίαν·
664 2812 698 2839 ἀν
721 2811 814 2840 τοίνυν
835 2809 996 2849 μέλλωμεν
1020 2810 1108 2850 γελᾷν
1131 2811 1178 2841 ἐπὶ
1200 2814 1262 2844 ταῖς

1303 718 1393 758 Ἀλλ’
1411 721 1588 760 ἀσθένειαν
1607 720 1924 774 καταγινώσκουσιν
1943 723 1973 760 οἱ
1995 720 2163 772 παρόντες
2175 749 2184 767 ,
2205 718 2308 770 φησὶν
2322 748 2331 764 ,

1304 780 1344 818 ἂν
1363 783 1573 835 σιγήσωμεν.
1586 785 1662 821 Οὐκ
1676 783 1854 822 ἀσθένειαν
1865 781 2169 834 καταγνώσονται,
2185 782 2261 818 ἀλλ’
2275 779 2331 818 ἐπὶ

1304 843 1487 896 φιλοσοφίᾳ
1502 844 1748 895 θαυμάσονται.
1761 844 1822 883 Ἂν
1838 844 1872 882 δὲ
1884 843 2056 898 ὃὸρισθεὶς
2072 844 2202 894 δηχθῆς
2213 872 2222 889 ,
2236 841 2332 893 &Cpi-

1305 919 1384 947 σας·
1404 905 1541 957 δηχθεὶς
1563 905 1617 953 δὲ,
1638 906 1844 957 ἀναγκάζεις
1861 907 1971 952 ἀληθῆ
1993 903 2192 955 νομίζεσθαι
2213 902 2257 940 τὰ
2277 903 2332 940 λε-

1304 964 1447 1015 γόμενα.
1476 967 1597 1015 Διατί,
1632 967 1708 1006 εἰπέ
1743 984 1819 1018 μοι,
1841 971 1859 1006 ὁ
1888 966 2052 1009 πλούσιος
2084 967 2170 1017 γελᾷ
2199 963 2331 1002 ἀκούων

1305 1025 1430 1074 πένης;
1452 1022 1505 1080 ἀρ’
1528 1030 1592 1080 οὐχ
1604 1028 1656 1066 ὅτι
1673 1028 1720 1079 μὴ
1739 1029 1889 1066 σύνοιδεν
1911 1029 2025 1079 ἑαυτῷ
2043 1026 2209 1073 ἃπενίαν,
2228 1025 2335 1064 Οὕτω

1305 1085 1364 1122 καὶ
1387 1088 1505 1137 ὑμεῖς,
1537 1087 1576 1125 ἂν
1615 1091 1746 1138 μᾶλλον
1777 1089 1981 1140 γελάσωμεν
2008 1088 2065 1126 ἐπὶ
2098 1093 2173 1131 ταῖς
2192 1087 2311 1141 ὕὸρεσι
2322 1117 2331 1134 ,

1307 1147 1471 1199 μεγίστην
1493 1148 1665 1193 ἀπόδειξιν
1685 1149 1878 1201 παρέξομεν
1896 1154 1956 1188 τοῦ
1975 1149 2023 1200 μὴ
2047 1149 2237 1187 συνειδέναι
2263 1154 2333 1192 τοῖς

1304 1209 1513 1259 λεγομένοις.
1534 1208 1666 1254 Ἄλλως
1680 1209 1735 1256 δὲ,
1752 1209 1857 1262 μέχρι
1877 1210 1960 1249 πότε
1974 1210 2036 1253 τὰς
2050 1213 2118 1248 τῶν
2141 1209 2332 1261 ἀνθρώπων

1306 1270 1506 1322 δεδοίκαμεν
1524 1271 1680 1320 εὐθύνας,
1698 1272 1802 1325 μέχρι
1821 1272 1906 1311 πότε
1931 1277 1991 1311 τοῦ
2013 1275 2126 1310 κοινοῦ
2151 1286 2332 1324 καταφρο-

1305 1335 1428 1382 νοῦμεν
1445 1333 1622 1371 Δεσπότου
1633 1363 1642 1380 ,
1662 1333 1721 1371 καὶ
1740 1337 1782 1386 τῇ
1799 1333 1901 1386 σαρκὶ
1925 1332 2199 1386 προσηλώμεοα;
2216 1331 2333 1371 ἱὈπου

1307 1391 1373 1446 γὰρ
1393 1396 1426 1431 ἐν
1447 1397 1526 1445 ὑμῖν
1543 1394 1612 1446 ἔρις
1632 1394 1691 1432 καὶ
1710 1397 1810 1441 ζῆλος
1828 1395 1886 1433 καὶ
1902 1393 2140 1447 διχοστασίαι,
2156 1393 2233 1446 οὐχὶ
2250 1409 2333 1447 σαρ-

1307 1450 1398 1492 κικοί
1420 1458 1518 1503 ἐστε,
1539 1455 1728 1507 Γενώμεθα
1749 1456 1860 1494 τοίνυν
1882 1455 2133 1507 πνευματικοὶ,
2156 1455 2215 1493 καὶ
2234 1457 2333 1507 χαλι-

1307 1520 1472 1573 νώσωμεν
1495 1523 1534 1560 τὸ
1556 1523 1663 1561 δεινὸν
1686 1527 1786 1561 τοῦτο
1813 1522 1942 1575 θηρίον.
1960 1523 2092 1576 Ὀργῆς
2122 1522 2182 1560 καὶ
2207 1521 2333 1573 μανίας

1307 1582 1410 1634 μέσον
1431 1584 1543 1621 οὐδέν·
1577 1583 1667 1622 ἀλλὰ
1700 1583 1911 1638 πρόσκαιρός
1936 1587 2008 1623 ἐστι
2029 1583 2176 1634 δαίμων,
2202 1585 2332 1634 μᾶλλον

1307 1643 1341 1683 δὲ
1361 1645 1420 1683 καὶ
1442 1646 1672 1697 δαιμονῶντος
1690 1645 1948 1698 χαλεπώτερον.
1967 1645 2011 1684 ‘O
2033 1645 2095 1696 μὲν
2113 1645 2181 1696 γὰρ
2211 1645 2334 1695 δαιμο·

1305 1708 1386 1754 νῶν,
1407 1707 1467 1744 καὶ
1487 1706 1693 1759 συγγνώμης
1715 1707 1939 1745 ἀπολαύσειεν
1960 1706 2018 1744 ἄν·
2045 1709 2062 1743 ὁ
2088 1705 2124 1744 δὲ
2156 1704 2334 1757 ὀργιζόμε-

1305 1783 1380 1813 νος,
1402 1767 1532 1820 μυρίων
1552 1768 1648 1807 ἔσται
1681 1767 1857 1806 κολάσεων
1883 1766 1995 1814 ἄξιος,
2018 1766 2106 1804 ἑκὼν
2134 1765 2252 1803 ἑαυτὸν
2277 1765 2333 1803 ἐπὶ

1308 1830 1466 1883 βάραθρα
1485 1833 1547 1876 τῆς
1565 1829 1740 1874 ἀπωλείας
1755 1829 1880 1883 φέρων,
1900 1828 1960 1867 καὶ
1975 1828 2043 1881 πρὸ
2059 1830 2120 1874 τῆς
2142 1826 2334 1878 μελλούσης

1306 1891 1443 1944 γεέννης
1458 1894 1610 1929 ἐντεῦθεν
1630 1890 1697 1938 ἤδη
1717 1890 1781 1936 τὴν
1803 1890 1902 1936 δίκην
1921 1889 2078 1937 τιννύων,
2095 1887 2238 1940 θόρυὲόν
2256 1903 2334 1925 τινα

1308 1953 1482 1992 ἄπαυστον
1499 1953 1558 1991 καὶ
1582 1952 1688 1999 ζάλην
1707 1951 1900 2004 1’ἀσίγητον
1918 1950 1975 1990 διὰ
1989 1951 2105 1997 πάσης
2122 1949 2183 2002 μὲν
2202 1949 2334 1996 νυκτὸς,

1307 2013 1364 2053 διὰ
1379 2013 1493 2062 πάσης
1511 2013 1546 2053 δὲ
1564 2013 1699 2067 ἡμέρας
1729 2013 1920 2065 ἐπεισάγων
1935 2017 2005 2056 τοῖς
2025 2015 2086 2058 τῆς
2112 2013 2226 2063 ψυχῆς
2241 2012 2335 2061 λογι-

1307 2081 1418 2127 σμοῖς,
1434 2075 1501 2114 Ἵν’
1523 2070 1580 2113 οὖν
1599 2075 1658 2113 καὶ
1676 2077 1738 2121 τῆς
1760 2077 1793 2113 ἐν
1817 2078 1866 2126 τῷ
1880 2073 2027 2126 παρόντι
2047 2072 2223 2114 κολάσεως
2238 2098 2247 2116 ,
2274 2070 2334 2108 καὶ

1306 2140 1368 2183 τῆς
1385 2139 1417 2175 ἐν
1435 2139 1483 2188 τῷ
1513 2137 1672 2188 μέλλοντι
1699 2134 1869 2187 τιμωρίας
1899 2133 2040 2178 ἑαυτοὺς
2060 2132 2334 2183 ἀπαλλάξωμεν,

1307 2197 1510 2241 ἓκὸαλόντες
1531 2196 1625 2236 τουτὶ
1653 2197 1693 2235 τὸ
1719 2196 1847 2244 πάθος,
1873 2195 2057 2248 πραότητα
2076 2201 2191 2233 πᾶσαν
2209 2193 2335 2232 ἐπιδει-

1309 2258 1446 2309 ξώμεθα
1461 2257 1520 2296 καὶ
1537 2257 1738 2305 ἐπιείκειαν,
1760 2256 1817 2294 ἵνα
1832 2256 1892 2294 καὶ
1907 2258 2054 2294 ἐνταῦθα
2075 2254 2267 2293 ἀνάπαυσιν
2282 2251 2336 2291 εὕ-

1310 2336 1424 2373 ρωμεν
1440 2323 1482 2371 τῇ
1501 2322 1596 2372 ψυχῇ
1616 2322 1730 2370 ἡμῶν,
1753 2318 1812 2356 καὶ
1833 2319 1867 2356 ἐν
1888 2320 1930 2369 τῇ
1963 2315 2122 2368 βασιλείᾳ
2142 2319 2211 2353 τῶν
2232 2316 2336 2367 οὖρα-

1309 2375 1450 2427 νῶν·ἧς
1465 2380 1598 2432 γένοιτο
1628 2379 1762 2422 πάντας
1789 2383 1883 2429 ἡμᾶς
1913 2381 2108 2430 ἐπιτυχεῖν,
2135 2376 2255 2429 χάριτι
2277 2374 2335 2413 καὶ

1310 2441 1551 2496 φιλανθρωπίᾳ
1571 2445 1631 2479 τοῦ
1654 2440 1782 2493 Κυρίου
1811 2441 1912 2491 ἡμῶν
1945 2439 2060 2486 Ἰησοῦ
2081 2440 2255 2490 Χριστοῦ,
2289 2438 2332 2474 δι’

1309 2498 1347 2543 οὗ
1369 2503 1428 2543 καὶ
1456 2504 1529 2554 μεθ’
1544 2497 1581 2541 οἷ
1598 2504 1648 2554 τῷ
1662 2501 1779 2555 Πατρὶ
1792 2505 1814 2548 ἡ
1834 2500 1914 2545 δόξα
1927 2531 1937 2549 ,
1956 2500 2031 2551 ἅμα
2049 2502 2099 2552 τῷ
2120 2498 2208 2551 ἁγίῳ
2223 2497 2333 2536 Πνεύ-

1311 2581 1409 2616 ματι,
1427 2567 1486 2603 νῦν
1505 2564 1563 2602 καὶ
1594 2564 1664 2612 ἀεὶ,
1684 2562 1743 2601 καὶ
1773 2565 1819 2607 εἷς
1850 2561 1926 2606 τοὺς
1946 2564 2074 2605 αἰῶνας
2094 2563 2163 2599 τῶν
2186 2559 2332 2599 αἰώνων.

1310 2627 1433 2678 Ἀμήν.

1327 2757 1437 2798 &Spect-

1373 2806 1389 2829 Ι)
1412 2802 1474 2837 Alli
1489 2809 1649 2849 ἀφόρητον.
