2481 3678
288 196 379 253 254
730 212 766 241 s.
806 211 992 243 ιοΑΝΝιε
1027 191 1269 242 οιιιιέιεοετ.

285 305 352 341 que
365 291 430 329 hoc
450 291 663 343 evangelista
678 292 855 341 siluisset,
874 307 999 333 verum
1014 294 1134 347 palam
1154 292 1265 331 dixis-

286 368 334 398 set
347 390 358 410 ‚
381 360 431 399 sic
446 361 589 401 Judaeos
607 362 802 415 suspicatos
826 362 958 412 fuisse,
978 363 1040 401 scd
1060 363 1177 415 ipsum
1198 375 1267 400 non

286 442 321 466 se
334 431 408 468 Deo
432 431 604 482 :equalem
624 431 747 470 fecisse
763 447 770 468 ε
788 441 827 469 ut
842 432 926 469 alibi
947 432 1053 477 facit,
1071 446 1152 470 cum
1170 430 1269 471 videt

286 514 360 538 rem
380 502 449 539 alia
464 512 578 540 mente
590 502 723 540 dictam
734 533 745 553 ,
767 502 837 540 alio
857 517 960 541 sensu
975 503 1089 556 accipi
1100 519 1112 554 3
1130 513 1169 542 ut
1187 517 1268 541 cum

286 570 448 609 Christus
478 570 589 619 dicit,
622 572 764 610 Solvite
796 573 978 623 templum
1019 574 1091 611 Ιιοο
1106 604 1118 621 ,
1151 582 1187 611 et
1227 576 1269 610 in

287 643 407 680 tribus
428 643 558 681 diebus
580 644 756 680 excitabo
782 643 900 690 illud,
934 642 978 680 de
1010 657 1113 681 carne
1135 657 1196 681 sua
1216 642 1269 680 lo-

285 723 405 759 quens.
441 713 578 749 Verum
610 710 727 751 Judaei
754 711 792 749 id
823 725 893 749 non
922 711 1178 764 intelligentes,
1207 711 1268 749 sed

285 788 446 829 putantes
461 779 565 818 illum
578 781 622 819 dc
634 779 786 819 ιΙιιᾶειϊςο
800 781 934 833 templo
948 781 1064 832 loqui,
1078 781 1243 820 dicebant
1259 796 1266 818 :

288 848 557 900 Quadraginta
581 864 648 888 sem
679 853 794 888 anrzis
823 851 1058 903 oedz'ficatmn
1086 860 1141 889 est
1172 859 1267 888 tem-

280 919 388 968 plum
419 920 509 967 Ιιοο,
545 930 581 958 et
610 929 650 958 tu
684 923 726 958 in
760 923 880 959 tribus
912 923 1045 960 diebus
1079 923 1267 960 excitabis

283 990 408 1027 illud?
430 991 524 1038 Quia
552 992 662 1043 igitur
690 992 790 1030 aliud
808 993 884 1044 ipse
909 993 1070 1044 dixerat,
1091 993 1190 1031 aliud
1213 994 1267 1031 ilh

283 1059 450 1110 suspicati
485 1061 639 1109 fuerant,
674 1061 804 1111 illeque
834 1060 879 1098 de
909 1075 1012 1099 carne
1044 1076 1126 1111 sua,
1159 1062 1197 1099 hi
1224 1061 1267 1099 dc

282 1128 412 1178 templo
429 1142 493 1166 suo
513 1128 776 1179 intelligebant3
796 1128 833 1165 id
852 1129 1014 1167 indicans
1032 1129 1267 1181 evangelista,

280 1197 351 1234 imo
366 1197 510 1234 illorum
526 1198 703 1249 corrigens
720 1198 922 1250 opinionem
933 1229 944 1248 ,
966 1199 1155 1251 subjunxit
1169 1201 1268 1238 :Ille

280 1275 408 1303 autem
432 1267 585 1305 dicebat
609 1268 655 1305 de
685 1268 825 1319 templo
847 1271 1015 1320 corporis
1042 1272 1114 1307 sui.
1142 1271 1267 1321 Itaque

279 1335 307 1372 si
328 1335 486 1374 hocloco
504 1335 666 1374 Christus
690 1350 759 1374 non
789 1350 825 1374 se
841 1337 1016 1387 aequalem
1035 1339 1134 1376 Patri
1163 1339 1266 1377 secis—

279 1414 349 1453 set,
366 1405 576 1445 Judaeorum
602 1416 695 1444 certe
720 1406 760 1445 id
791 1406 1017 1459 opinantium
1053 1408 1265 1446 sententiam

278 1476 555 1526 emendavisset,
568 1476 789 1528 dixissetque
805 1493 813 1514 ε
832 1477 950 1517 Judaei
962 1478 1137 1530 putabant
1149 1479 1268 1531 ipsum

277 1626 347 1655 tate
364 1617 426 1654 illa
443 1618 669 1667 loquebatur.
690 1618 816 1667 Neque
834 1617 927 1654 enin]
947 1617 1007 1655 hic
1024 1618 1140 1655 solum
1159 1632 1268 1658 cvan-

277 1686 401 1737 gelista
421 1685 461 1723 id
477 1686 545 1722 hoc
566 1686 642 1723 loeo
662 1685 770 1733 facit,
793 1684 854 1723 sed
873 1684 980 1723 etiam
999 1685 1090 1724 alius
1108 1700 1266 1739 evange-

277 1754 358 1791 lista
373 1753 473 1792 alibi.
489 1754 580 1791 Cum
596 1753 690 1791 enim
705 1753 930 1806 praecepisset
941 1753 1130 1806 discipulis
1144 1757 1266 1794 Jesus:

88 1830 192 1859 vazuh.
216 1831 264 1862 16.
280 1824 422 1861 Cavete
451 1837 477 1861 a
504 1824 698 1874 fermento
731 1824 1020 1861 Pharisaeorum
1048 1832 1084 1862 et
1118 1824 1268 1863 Saddu-

88 1886 103 1897 ’”
278 1905 444 1929 eteorum
482 1907 492 1927 :
526 1891 582 1929 illi
619 1905 703 1931 vero
751 1891 967 1942 cogitarent,
1020 1892 1268 1944 dicerentque,

279 1961 389 1997 Panes
422 1974 492 1998 non
528 1960 745 2012 accipin11153
770 1975 853 1998 cum
881 1961 985 2000 aliud.
1018 1962 1079 2000 ille
1111 1963 1265 2015 diceret,

277 2029 487 2068 fermentum
511 2029 711 2068 doctrinam
735 2029 919 2082 appellans
935 2061 945 2080 ,
965 2031 1066 2070 aliud
1087 2032 1143 2070 illi
1163 2033 1268 2072 intel·

276 2098 448 2149 figerent,
493 2098 537 2137 de
586 2099 740 2151 panibus
777 2098 916 2137 dictum
952 2110 1138 2153 putantes,
1175 2103 1270 2142 illud

98 2188 265 2229 (ibjcctioni
278 2169 444 2221 corrigit,
471 2184 541 2207 non
557 2171 633 2221 jam
663 2169 898 2221 evangelista,
918 2172 981 2209 sed
1009 2173 1084 2225 ipse
1104 2174 1269 2213 Christus

83 2232 240 2298 {JJJ'fflde‘
281 2238 332 2276 sic
349 2239 498 2289 loquens
520 2254 528 2275 ε
553 2240 750 2289 Quomodo
771 2253 849 2277 non
868 2242 1089 2294 intelligitis
1112 2258 1172 2281 me
1191 2258 1271 2282 non

84 2293 201 2353 Μὶν,
218 2334 225 2353 1
240 2333 248 2352 ι
261 2347 266 2352 ,
279 2309 422 2346 dixisse
440 2310 553 2346 vobis
575 2321 601 2345 a
616 2310 782 2359 panibus
798 2322 936 2348 cavere
949 2315 966 2348 P
984 2311 1052 2349 Hic
1071 2327 1157 2351 vero
1176 2313 1269 2351 nihil

279 2375 404 2414 simile.
431 2375 540 2426 Atqui
561 2375 656 2414 dicet
676 2376 828 2427 aliquis,
846 2375 915 2415 hoc
942 2378 1061 2430 ipsum
1082 2380 1126 2418 de
1146 2382 1268 2420 medio

279 2447 373 2485 tollit
395 2447 558 2485 Christus
577 2446 666 2484 dum
683 2446 784 2485 addit
807 2463 815 2484 ε
835 2449 926 2486 Non
940 2459 1067 2501 potest
1085 2453 1212 2491 Filius
1244 2468 1268 2492 a

280 2519 401 2567 seipso
421 2517 788 2569 quidquatnfacere.
807 2517 884 2555 Imo
901 2528 1041 2570 contra,
1068 2520 1118 2558 mi
1137 2522 1244 2561 homo
1253 2539 1266 2575 5

281 2598 350 2621 non
370 2584 465 2622 enim
478 2585 571 2622 tollit
590 2585 848 2636 aequalitatem,
865 2587 927 2625 sed
943 2588 1064 2628 firmat
1083 2605 1160 2630 eam
1181 2592 1268 2632 dum

281 2653 357 2690 haec
388 2653 488 2690 dicit.
522 2656 658 2694 Verum
693 2654 883 2706 diligenter
918 2659 1088 2698 attendite
1118 2677 1126 2698 t
1157 2677 1271 2713 neque

282 2720 377 2758 enim
397 2720 525 2760 delevi
543 2736 580 2759 ro
598 2723 747 2772 quaestio
763 2733 824 2761 est.
846 2725 937 2763 Nam
955 2727 1063 2779 illud,
1079 2729 1121 2767 A
1135 2741 1270 2770 semet-

281 2792 382 2840 ipso,
405 2803 497 2841 saepe
527 2789 563 2826 in
590 2790 773 2842 Scriptura
795 2792 968 2844 hahetur,
1001 2806 1034 2834 et
1055 2797 1100 2836 de
1126 2800 1270 2840 Christo

281 2868 314 2896 et
335 2859 380 2897 de
399 2860 537 2912 Spiritu
562 2869 681 2898 sancto
708 2861 844 2900 dictum
865 2874 915 2903 est
928 2882 940 2917 5
962 2867 1085 2919 visque
1103 2870 1269 2912 dictionis

281 2938 332 2967 est
343 2928 543 2978 ediscenda,
559 2943 600 2966 nc
614 2929 649 2966 in
665 2931 892 2984 gravissimis
904 2950 1038 2976 errores
1050 2939 1262 2982 incidamus.

282 2999 373 3036 Nam
399 2998 429 3036 si
459 2998 559 3036 illam
588 2998 747 3050 excipias
776 3010 814 3037 ut
839 3004 959 3042 statim
987 3009 1151 3061 offertur,
1181 3012 1265 3052 vide

280 3076 411 3117 quanta
429 3066 513 3105 hinc
533 3067 733 3105 absurditas
752 3082 998 3121 consequatur.
1024 3078 1147 3129 Neque
1169 3082 1263 3121 enim

1310 209 1498 239 ARCHIEP
1507 229 1516 238 .
1555 208 1898 240 CONSTANTINOP
1907 230 1915 240 .

1339 294 1451 341 ζεται,
1467 291 1555 330 οὕτω
1575 293 1632 330 καὶ
1649 293 1728 344 ἐγώ.
1750 294 1818 334 Καὶ
1836 294 1981 341 ἰσότητα
2000 293 2131 341 πολλὴν
2148 293 2356 338 ἐπεδείξατο.

1339 354 1384 391 Εἰ
1404 352 1440 391 δὲ
1460 355 1520 392 οὐκ
1542 353 1641 397 αὐτὸς
1662 357 1764 393 τοῦτο
1790 355 1952 394 ἐδούλετο
1980 355 2263 402 κατασκευάσαι,
2279 355 2355 391 ἀλλ’

1340 417 1371 452 οἱ
1391 413 1552 453 Ἰουδαῖοι
1569 418 1671 453 τοῦτο
1700 415 1813 466 μάτην
1839 416 2060 454 ὑπώπτευον·
2082 417 2143 454 οὐκ
2168 414 2207 452 ἂν
2229 416 2360 466 ἀφῆκεν

1342 476 1453 513 αὐτῶν
1470 470 1556 513 εἶναι
1575 475 1637 523 τὴν
1656 475 1806 513 διάνοιαν
1823 476 2056 528 ἐσφαλμένην,
2075 475 2164 514 ἀλλὰ
2177 474 2237 513 καὶ
2253 474 2359 527 διώρ-

1340 538 1448 573 θωσεν
1463 535 1529 573 (ἂν
1549 540 1662 575 τοῦτο.
1677 536 1747 575 Καὶ
1767 539 1785 574 ὃ
1805 536 2052 588 εὖαγγελιστὴς
2071 536 2106 575 δὲ
2136 538 2197 574 οὐκ
2217 535 2257 572 ἂν
2276 533 2359 572 αὐτὸ

1336 597 1621 648 παρεσιώπησεν,
1644 599 1720 635 ἀλλ’
1749 590 1843 634 εἶπεν
1864 597 1904 634 ἂν
1933 599 2101 649 φανερῶς,
2127 598 2181 635 ὅτι
2197 596 2361 633 Ἰουδαῖοι

1338 656 1401 706 μὲν
1419 657 1525 701 οὕτως
1543 658 1759 707 ὑπώπτευον,
1776 659 1876 702 αὐτὸς
1893 658 1928 696 δὲ
1942 659 2004 695 οὐκ
2023 657 2132 696 ἐποίει
2149 657 2267 695 ἑαυτὸν
2288 657 2360 694 ἴσον

1337 720 1386 770 τῷ
1405 720 1506 771 Θεῷ·
1531 718 1649 771 ὥσπερ
1665 720 1723 757 καὶ
1743 721 1898 771 ἀλλαχοῦ
1928 719 1968 756 τὸ
1998 719 2079 756 αὐτὸ
2113 722 2217 756 τοῦτο
2247 723 2360 761 ποιεῖ,

1335 778 1418 817 ὅταν
1438 781 1493 831 ἴδῃ
1515 781 1628 824 ἄλλως
1662 780 1723 832 μὲν
1742 780 1942 832 λεγόμενον,
1963 780 2076 822 ἄλλως
2101 778 2136 818 δὲ
2166 777 2360 817 ὑποπτευό-

1337 856 1437 890 μενον
1454 841 1494 878 τὸ
1508 841 1648 894 λεχθέν·
1670 836 1752 889 οἷον,
1771 841 1911 880 Λύσατε
1932 840 1991 879 τὸν
2020 841 2101 879 ναὸν
2129 845 2262 887 τοῦτον,
2282 838 2357 877 ἔλε-

1335 918 1394 953 γεν
1413 905 1430 940 ὁ
1447 903 1616 955 Χριστὸς,
1633 904 1692 941 καὶ
1709 903 1777 955 ἐγὼ
1804 905 1839 941 ἐν
1868 902 1981 955 τρισὶν
2001 903 2149 954 ἡμέραις
2171 903 2280 954 ἐγερῶ
2301 903 2359 938 αὖ·

1259 993 1264 999 .
1289 971 1313 1000 Ε
1335 963 1407 1009 τὸν,
1425 963 1505 1014 περὶ
1524 967 1586 1010 τῆς
1606 965 1732 1016 σαρκὸς
1748 966 1853 1002 αὐτοῦ
1880 964 2006 1015 λέγων.
2028 963 2119 1002 Ἀλλ’
2139 965 2170 1000 οἱ
2197 963 2360 1001 Ἰουδαῖοι

1335 1030 1436 1064 τοῦτο
1461 1025 1508 1076 μὴ
1542 1025 1730 1071 συνιέντες,
1758 1025 1817 1063 καὶ
1845 1024 2051 1076 νομίσαντες
2073 1024 2155 1076 περὶ
2174 1027 2233 1061 τοῦ
2265 1023 2359 1061 Ἰου-

1337 1086 1455 1123 δαϊκοῦ
1476 1089 1559 1124 ναοῦ
1580 1086 1762 1138 λέγεσθαι,
1780 1087 1843 1125 Εν
1862 1101 2124 1138 τεσσαρακοντα
2145 1084 2204 1123 καὶ
2233 1084 2267 1129 ἐξ
2288 1083 2359 1122 ἔτε-

1335 1160 1404 1193 σιν,
1424 1146 1556 1197 ἔλεγον,
1576 1147 1787 1198 ᾠκοδομήθη
1803 1146 1910 1190 ὃναος
1925 1150 2043 1192 οὗτος,
2059 1146 2118 1185 καὶ
2137 1163 2178 1185 συ
2193 1148 2229 1183 ἐν
2248 1145 2358 1197 τρισιν

1334 1205 1482 1258 ἡυ.έραις
1502 1208 1629 1259 ἐγερεῖς
1648 1207 1770 1255 αὐτόν,
1788 1207 1891 1245 Ἐπεὶ
1910 1210 1967 1245 οὖν
1993 1207 2078 1245 ἄλλο
2095 1207 2156 1257 μὲν
2180 1211 2273 1244 εἶπεν
2295 1207 2359 1244 αὖ·-

1334 1267 1409 1313 τὸς,
1433 1267 1519 1306 ἄλλο
1548 1268 1583 1306 δὲ
1615 1268 1847 1307 ὑπώπτευσαν
1881 1270 2003 1306 ἐκεῖνοι
2033 1268 2159 1316 (αὐτὸς
2199 1267 2260 1318 μὲν
2291 1265 2360 1318 γὰρ

1333 1328 1414 1380 περὶ
1429 1331 1493 1374 τ’ῆς
1505 1329 1631 1381 σαρκὸς
1646 1331 1748 1367 αὐτοῦ
1765 1329 1895 1380 ἔλεγεν,
1908 1331 2032 1368 ἐκεῖνοι
2051 1328 2088 1368 δὲ
2101 1329 2184 1380 περὶ
2201 1333 2262 1367 τοῦ
2274 1331 2356 1366 ναοῦ

1334 1394 1394 1427 τοῦ
1415 1392 1550 1428 ἑαυτῶν
1567 1389 1721 1442 ἐνόμιζον
1748 1394 1850 1428 τοῦτο
1870 1389 2068 1443 εἰρῆσθαι),
2087 1388 2360 1440 ἐπισημαινόμε-

1337 1468 1391 1495 νος
1419 1455 1522 1490 τοῦτο
1550 1455 1568 1490 ὁ
1594 1452 1862 1505 εὐαγγελιστὴς,
1896 1454 2027 1503 μᾶλλον
2059 1451 2096 1489 δὲ
2121 1449 2361 1502 διορθούμενος

276 1559 312 1584 se
327 1547 402 1584 Deo
422 1560 461 1583 Ὃ(
522 1546 534 1583 l
608 1547 626 1583 f
694 1561 702 1567 1
763 1545 769 1552 ,
1051 1546 1076 1584 d
1222 1548 1248 1585 l,
1277 1514 1450 1563 221αὖτῶν
1470 1512 1535 1560 τὴν
1567 1512 1743 1559 ὑπόνοιαν,
1777 1513 1933 1565 ἐπήγαγε
1964 1512 2097 1565 λέγων·
2131 1512 2289 1555 Ἐκεῖνος
2323 1510 2357 1549 δὲ

420 1571 428 1583 «
462 1560 519 1596 {ua
538 1561 592 1583 em
624 1560 740 1596 aceio,
760 1560 835 1597 lpse
858 1560 943 1585 vero
960 1560 1029 1584 non
1078 1561 1096 1584 6
1119 1561 1220 1597 aequa
1238 1563 1268 1586 1-
1289 1575 1316 1604 A

1337 1572 1433 1625 ἔλεγε
1450 1573 1532 1625 περὶ
1550 1576 1610 1611 τοῦ
1630 1577 1711 1611 ναοῦ
1731 1577 1792 1611 τοῦ
1810 1573 1971 1624 σώματος
1984 1575 2100 1611 αὐτοῦ.
2119 1571 2231 1610 εΏστε
2251 1574 2280 1610 εἷ
2299 1571 2358 1609 καὶ

1337 1636 1516 1672 ενταῦθα“
1504 1652 1521 1673 ο
1538 1634 1601 1684 μὲν
1627 1634 1776 1686 Χριστὸς
1808 1637 1870 1673 οὐκ
1894 1634 2004 1672 ἐποίει
2034 1633 2194 1672 ἑαυτον”
2181 1649 2264 1680 ισον,
2281 1632 2358 1671 οὐδὲ

1335 1694 1497 1733 ἐδούλετο
1526 1700 1628 1734 τοῦτο
1656 1711 1898 1748 παραστησαι,
1934 1710 1966 1732 οι
1999 1694 2036 1732 δὲ
2063 1694 2224 1732 Ιουδαῖοι
2257 1697 2360 1732 τοῦτο

1335 1754 1581 1804 υπώπτευσαν,
1610 1755 1852 1808 διώρθωσεν”λ
1835 1772 1876 1793 αν
1896 1757 2073 1795 κάνταῦθα
2103 1754 2166 1802 τὴν
2196 1757 2359 1793 υπονοιαν

1336 1819 1462 1866 αὐτων,
1480 1818 1540 1855 καὶ
1566 1821 1680 1855 εἶπεν·
1702 1817 1864 1855 Ἰουδαῖοι
1882 1816 1944 1868 μὲν
1967 1817 2155 1867 ἐνόμιζον(
2142 1817 2262 1854 εαυτὸν
2284 1815 2358 1853 ισον

1334 1883 1445 1915 ποιεῖν
1480 1880 1530 1914 τῶ
1561 1879 1667 1930 Θεω,
1701 1879 1829 1922 ἐκεῖνος
1857 1877 1894 1916 δὲ
1922 1880 1960 1916 οὗ
1995 1894 2077 1931 περι
2104 1893 2186 1924 της
2202 1877 2359 1924 ἰσότητος

1335 1939 1442 1990 ἔλεγε.
1472 1938 1543 1977 Καὶ
1562 1938 1629 1990 γὰρ
1655 1939 1732 1978 οὐδὲ
1766 1941 1915 1978 ἐνταῦθα
1944 1939 2047 1991 μόνον
2076 1933 2201 1983 *οὗτος
2235 1937 2358 1989 μόνος,

1335 2000 1425 2038 ἀλλὰ
1459 1999 1518 2038 καὶ
1558 2002 1712 2053 ἀλλαχου
1743 2001 1848 2039 πάλιν
1882 2000 1921 2039 τὸ
1954 2000 2036 2039 αὐτὸ
2070 2004 2171 2039 τοῦτο
2200 1999 2358 2052 φαίνεται

1333 2064 1442 2099 ποιῶν
1462 2062 1521 2099 καὶ
1541 2061 1656 2114 ἕτερος
1673 2062 1930 2114 εὖαγγελιστής.
1945 2061 2035 2101 ζΌτε
2050 2061 2119 2114 γὰρ
2143 2061 2358 2114 παρήγγειλε

1334 2128 1405 2164 τοῖς
1422 2126 1594 2173 μαθηταῖς
1613 2123 1724 2175 λέγων
1737 2140 1744 2147 ·
1762 2123 1964 2175 Προσέχετε
1981 2123 2051 2162 ἀπὸ
2076 2126 2139 2169 τῆς
2160 2123 2270 2173 ζύμης
2289 2123 2358 2159 τῶν

1335 2183 1542 2235 Φαρισαίων
1555 2184 1614 2221 καὶ
1634 2183 1894 2232 Σαδδουκαίων,
1915 2185 2039 2222 ἐκεῖνοι
2056 2184 2092 2222 δὲ
2112 2183 2357 2236 διελογίζοντο,

1335 2241 1549 2294 λέγοντες,
1536 2243 1589 2281 ο’τι
1609 2244 1732 2295 ἄρτους
1749 2246 1811 2282 οὐκ
1826 2244 2016 2294 ἐλάὸομεν·
2035 2244 2095 2282 καὶ
2116 2244 2202 2282 α’λλο
2219 2244 2260 2293 μὲ
2265 2259 2282 2280 ν
2296 2244 2357 2280 αὗ-

1334 2303 1391 2347 τὸς
1416 2307 1510 2351 εἰπε,
1539 2304 1650 2355 ζυμην
1680 2305 1743 2352 τὴν
1778 2305 2002 2342 διδασκαλίαν
2036 2307 2171 2350 καλῶν,
2205 2305 2290 2342 ἄλλο
2322 2303 2357 2341 δὲ

1335 2364 1566 2404 ὑπωπτευσαν
1583 2368 1613 2404 οἱ
1642 2365 1815 2415 μαθηταὶ,
1835 2365 1914 2416 περὶ
1931 2365 2045 2417 ἄρτων
2075 2367 2235 2415 εἰρῆσθαι
2252 2363 2356 2415 νομί-

1335 2427 1460 2473 ζοντες,
1482 2427 1674 2478 διορθοῦται
1687 2426 1769 2465 αὐτὸ
1787 2426 1906 2472 πάλιν,
1922 2428 1983 2464 οὐκ
1995 2425 2047 2463 ἔτι
2063 2428 2080 2463 ὃ
2091 2425 2357 2478 εὐαγγελιστὴς,

1336 2488 1410 2525 ἀλλ’
1433 2487 1532 2531 αὐτὸς
1556 2489 1574 2525 ὃ
1592 2487 1762 2539 Χριστὸς,
1783 2487 1871 2524 οὕτω
1897 2486 2031 2538 ’Ίλέγων
2046 2502 2054 2510 ·
2073 2488 2158 2530 Πῶς
2184 2489 2221 2525 οὐ
2246 2491 2357 2525 νοεῖτε

1334 2548 1388 2587 ὅτι
1405 2547 1589 2602 προσέχειν
1610 2551 1647 2587 οὗ
1667 2549 1748 2601 περὶ
1765 2549 1878 2602 ἄρτων
1899 2541 1994 2586 εἷπον
2010 2551 2112 2599 ὑμῖν,
2127 2548 2299 2587 Ἐνταῦθα
2318 2547 2354 2587 δὲ

1335 2609 1432 2648 οὐδὲν
1451 2613 1617 2648 τοιοῦτον.
1634 2610 1703 2647 Καὶ
1724 2609 1808 2660 μὴν,
1830 2609 1946 2661 φησὶν,
1967 2610 2051 2648 αὐτὸ
2071 2613 2172 2648 τοῦτο
2193 2611 2355 2661 ἀναιρῶν,

1335 2670 1508 2722 ἐπήγαγεν
1530 2672 1547 2707 ὁ
1568 2669 1734 2721 Χριστός·
1755 2672 1808 2708 Οὐ
1839 2670 1981 2707 δύναται
2012 2673 2029 2708 ὃ
2053 2670 2136 2714 Υἱὸς
2165 2676 2276 2708 ποιεῖν
2297 2671 2354 2722 ἀφ’

1336 2733 1458 2769 ἑαυτοῦ
1479 2730 1585 2769 οὐδέν.
1603 2730 1811 2769 Τούναντίον
1833 2730 1894 2780 μὲν
1914 2724 1986 2778 οὖν,
2008 2731 2166 2782 ἄνθρωπε
2180 2761 2190 2778 ,
2210 2731 2356 2779 πεποίη-

1336 2807 1414 2829 κεν·
1449 2791 1524 2830 οὖδὲ
1558 2791 1624 2844 γὰρ
1653 2793 1816 2842 ἀναιρῶν,
1847 2791 1938 2829 ἀλλὰ
1969 2792 2028 2828 καὶ
2056 2791 2268 2843 ἐπισφίγγων
2291 2791 2354 2839 τὴν

1335 2852 1479 2898 ἰσότητα
1505 2856 1607 2890 τοῦτο
1634 2851 1742 2903 λέγει.
1774 2851 1879 2889 Ἀλλὰ
1913 2851 2105 2903 προσέχετε
2134 2852 2221 2903 μετὰ
2253 2855 2354 2904 ἀκρι-

1337 2913 1447 2956 ὅείας·
1465 2912 1541 2950 οὐδὲ
1559 2912 1626 2964 γὰρ
1644 2912 1684 2949 τὸ
1698 2911 1803 2964 τυχόν
1818 2914 1891 2950 ἐστι
1907 2912 1946 2950 τὸ
1967 2912 2187 2963 ζητούμενον.
2201 2914 2254 2952 Τὸ
2266 2914 2353 2966 γὰρ,

1336 2974 1408 3027 Ἀφ’
1426 2976 1561 3020 ἑαυτοῦ,
1580 2978 1679 3011 τοῦτο
1698 2974 1877 3024 πολλαχοῦ
1897 2976 1958 3019 τῆς
1986 2975 2128 3025 Γραφῆς
2147 2981 2275 3021 κεῖται,
2296 2973 2355 3012 καὶ

1335 3036 1389 3072 ἐπ’
1409 3036 1512 3072 αὐτοῦ
1531 3033 1589 3072 καὶ
1602 3033 1658 3072 ἐπὶ
1680 3038 1739 3071 τοῦ
1756 3033 1960 3082 Πνεύματος
1987 3037 2045 3072 τοῦ
2078 3034 2187 3086 ἁγίου.
2217 3035 2286 3073 Καὶ
2303 3037 2353 3072 δεῖ

1336 3099 1455 3145 μαθεῖν
1484 3097 1546 3141 τῆς
1575 3094 1697 3139 λέξεως
1728 3093 1791 3139 τὴν
1819 3093 1975 3145 δύναμιν,
1994 3093 2050 3132 ἵνα
2077 3095 2124 3145 μὴ
2143 3094 2187 3132 τὰ
2204 3095 2353 3146 μέγιστα

279 3137 398 3188 dixit,
418 3151 454 3175 se
471 3137 541 3175 aha
561 3151 659 3189 posse
678 3152 740 3189 per
760 3141 985 3193 semetipsum
1012 3151 1170 3203 operari,
1193 3154 1261 3193 alia
1287 3164 1311 3195 C
1335 3156 1602 3208 ἁμαρτάνωμεν.
1621 3157 1665 3194 Εἰ
1684 3153 1750 3205 γὰρ
1777 3153 1881 3200 αὐτὴν
1904 3157 1980 3192 καθ’
2012 3155 2137 3202 ἑαυτὴν
2162 3155 2269 3199 οὕτως
2293 3157 2353 3194 ἐκ-

321 3280 332 3293 c
352 3269 450 3304 Savil.
470 3277 504 3304 ἀν
520 3275 619 3311 τοῦτο,
638 3270 751 3304 Morel-
770 3275 876 3317 τούτῳ.

326 3322 336 3334 ⁴
359 3325 436 3361 [οὐδὲ
454 3322 534 3359 οὗτος
549 3331 635 3364 μόνος
650 3323 750 3355 Saxil.
766 3332 794 3355 et
815 3325 923 3358 Codd.
945 3332 1077 3372 nostri.]

1392 3300 1409 3319 a
1428 3287 1534 3332 Aliqui
1553 3293 1643 3333 λέγων
1658 3301 1664 3308 ·
1683 3295 1761 3325 οὔπω
1779 3297 1880 3329 νοεῖτε,
1899 3294 1962 3324 οὐδὲ
1979 3295 2085 3325 συνίετε
2101 3295 2145 3324 ὅτι
2159 3295 2190 3324 οὐ
2205 3297 2283 3336 περί.
