<?xml version="1.0" encoding="UTF-8"?>
<!DOCTYPE html PUBLIC "-//W3C//DTD XHTML 1.0 Transitional//EN"
    "http://www.w3.org/TR/xhtml1/DTD/xhtml1-transitional.dtd">
<html xmlns="http://www.w3.org/1999/xhtml" xml:lang="en" lang="en">
 <head>
  <title>
</title>
<meta http-equiv="Content-Type" content="text/html;charset=utf-8" />
  <meta name='ocr-system' content='tesseract 3.04.00' />
  <meta name='ocr-capabilities' content='ocr_page ocr_carea ocr_par ocr_line ocrx_word'/>
</head>
<body>
  <div class='ocr_page' id='page_1' title='image "./operaomniaquaeex08johnuoft/operaomniaquaeex08johnuoft_0629.png"; bbox 0 0 2507 3673; ppageno 0'>
   <div class='ocr_carea' id='block_1_1' title="bbox 622 139 2160 206">
    <p class='ocr_par' dir='ltr' id='par_1_1' title="bbox 622 139 2160 206">
     <span class='ocr_line' id='line_1_1' title="bbox 622 139 2160 206; baseline 0.007 -27"><span class='ocrx_word' id='word_1_1' title='bbox 622 151 661 179; x_wconf 67' lang='lat' dir='ltr'>ma</span> <span class='ocrx_word' id='word_1_2' title='bbox 699 151 907 181; x_wconf 51' lang='lat' dir='ltr'>sonus-,M</span> <span class='ocrx_word' id='word_1_3' title='bbox 945 152 1099 181; x_wconf 64' lang='lat' dir='ltr'>nonu„</span> <span class='ocrx_word' id='word_1_4' title='bbox 1140 153 1359 183; x_wconf 77' lang='lat' dir='ltr'>Lxxxviu.</span> <span class='ocrx_word' id='word_1_5' title='bbox 1401 139 1462 183; x_wconf 84' lang='lat' dir='ltr'>al.</span> <span class='ocrx_word' id='word_1_6' title='bbox 1503 154 1702 185; x_wconf 72' lang='lat' dir='ltr'>Lxxxvu.</span> <span class='ocrx_word' id='word_1_7' title='bbox 2068 141 2160 206; x_wconf 75' lang='lat'>599</span> 
     </span>
    </p>
   </div>
   <div class='ocr_carea' id='block_1_2' title="bbox 63 233 1103 2192">
    <p class='ocr_par' dir='ltr' id='par_1_2' title="bbox 63 233 1103 2192">
     <span class='ocr_line' id='line_1_2' title="bbox 79 233 1100 287; baseline 0.001 -16"><span class='ocrx_word' id='word_1_8' title='bbox 79 234 179 272; x_wconf 78' lang='grc' dir='ltr'>αὐτὸν</span> <span class='ocrx_word' id='word_1_9' title='bbox 202 235 258 272; x_wconf 85' lang='grc' dir='ltr'>τὸν</span> <span class='ocrx_word' id='word_1_10' title='bbox 278 233 321 272; x_wconf 81' lang='grc' dir='ltr'>τὰ</span> <span class='ocrx_word' id='word_1_11' title='bbox 343 233 525 285; x_wconf 82' lang='grc' dir='ltr'>ἀπόῤῥητα</span> <span class='ocrx_word' id='word_1_12' title='bbox 546 236 608 280; x_wconf 63' lang='grc' dir='ltr'>τῆς</span> <span class='ocrx_word' id='word_1_13' title='bbox 631 234 774 285; x_wconf 70' lang='grc' dir='ltr'>καρδίας</span> <span class='ocrx_word' id='word_1_14' title='bbox 802 235 916 274; x_wconf 76' lang='grc' dir='ltr'>εἰδότα.</span> <span class='ocrx_word' id='word_1_15' title='bbox 941 236 1100 287; x_wconf 82' lang='grc' dir='ltr'>μάρτυρα</span> 
     </span>
     <span class='ocr_line' id='line_1_3' title="bbox 77 290 1099 350; baseline -0.001 -16"><span class='ocrx_word' id='word_1_16' title='bbox 77 295 241 344; x_wconf 82' lang='grc' dir='ltr'>ἐκάλεσε,</span> <span class='ocrx_word' id='word_1_17' title='bbox 275 290 348 334; x_wconf 64' lang='grc' dir='ltr'>εἶτα</span> <span class='ocrx_word' id='word_1_18' title='bbox 383 296 547 348; x_wconf 70' lang='grc' dir='ltr'>ἠρωτήθη</span> <span class='ocrx_word' id='word_1_19' title='bbox 583 296 642 334; x_wconf 77' lang='grc' dir='ltr'>καὶ</span> <span class='ocrx_word' id='word_1_20' title='bbox 664 297 792 348; x_wconf 87' lang='grc' dir='ltr'>τρίτον,</span> <span class='ocrx_word' id='word_1_21' title='bbox 824 298 883 335; x_wconf 77' lang='grc' dir='ltr'>καὶ</span> <span class='ocrx_word' id='word_1_22' title='bbox 911 296 1099 350; x_wconf 74' lang='grc' dir='ltr'>συνεταρά-</span> 
     </span>
     <span class='ocr_line' id='line_1_4' title="bbox 76 355 1102 410; baseline 0 -16"><span class='ocrx_word' id='word_1_23' title='bbox 76 360 144 408; x_wconf 83' lang='grc' dir='ltr'>χθη</span> <span class='ocrx_word' id='word_1_24' title='bbox 158 388 166 403; x_wconf 88' lang='grc'>,</span> <span class='ocrx_word' id='word_1_25' title='bbox 187 358 292 395; x_wconf 79' lang='grc' dir='ltr'>πάλιν</span> <span class='ocrx_word' id='word_1_26' title='bbox 308 355 469 401; x_wconf 85' lang='grc' dir='ltr'>δεδοικὼς</span> <span class='ocrx_word' id='word_1_27' title='bbox 485 356 531 395; x_wconf 83' lang='grc' dir='ltr'>τὰ</span> <span class='ocrx_word' id='word_1_28' title='bbox 545 357 697 410; x_wconf 79' lang='grc' dir='ltr'>πρότερα</span> <span class='ocrx_word' id='word_1_29' title='bbox 712 359 784 409; x_wconf 28' lang='grc' dir='ltr'>,χ’καὶ</span> <span class='ocrx_word' id='word_1_30' title='bbox 798 359 865 410; x_wconf 72' lang='grc' dir='ltr'>γὰρ</span> <span class='ocrx_word' id='word_1_31' title='bbox 881 357 956 396; x_wconf 79' lang='grc' dir='ltr'>τότε</span> <span class='ocrx_word' id='word_1_32' title='bbox 972 359 1102 409; x_wconf 66' lang='grc' dir='ltr'>διισχυ-</span> 
     </span>
     <span class='ocr_line' id='line_1_5' title="bbox 79 416 1099 470; baseline -0.001 -15"><span class='ocrx_word' id='word_1_33' title='bbox 79 416 253 470; x_wconf 85' lang='grc' dir='ltr'>ριζόμενος</span> <span class='ocrx_word' id='word_1_34' title='bbox 271 418 440 470; x_wconf 47' lang='grc' dir='ltr'>ἠλέγχετο</span> <span class='ocrx_word' id='word_1_35' title='bbox 460 417 548 468; x_wconf 77' lang='grc' dir='ltr'>μετὰ</span> <span class='ocrx_word' id='word_1_36' title='bbox 562 419 687 469; x_wconf 47' lang='grc' dir='ltr'>ταῦτα)</span> <span class='ocrx_word' id='word_1_37' title='bbox 701 435 708 442; x_wconf 89' lang='grc'><em>·</em></span> <span class='ocrx_word' id='word_1_38' title='bbox 731 418 787 456; x_wconf 75' lang='grc' dir='ltr'>διὰ</span> <span class='ocrx_word' id='word_1_39' title='bbox 800 423 900 457; x_wconf 77' lang='grc' dir='ltr'>τοῦτο</span> <span class='ocrx_word' id='word_1_40' title='bbox 922 418 1027 456; x_wconf 85' lang='grc' dir='ltr'>πάλιν</span> <span class='ocrx_word' id='word_1_41' title='bbox 1045 419 1099 455; x_wconf 82' lang='grc' dir='ltr'>ἐπ’</span> 
     </span>
     <span class='ocr_line' id='line_1_6' title="bbox 77 474 1100 532; baseline 0 -16"><span class='ocrx_word' id='word_1_42' title='bbox 77 479 179 516; x_wconf 74' lang='grc' dir='ltr'>αὐτὸν</span> <span class='ocrx_word' id='word_1_43' title='bbox 206 479 428 531; x_wconf 74' lang='grc' dir='ltr'>καταφεύγει.</span> <span class='ocrx_word' id='word_1_44' title='bbox 449 481 502 518; x_wconf 78' lang='grc' dir='ltr'>Τὸ</span> <span class='ocrx_word' id='word_1_45' title='bbox 531 480 598 532; x_wconf 76' lang='grc' dir='ltr'>γὰρ</span> <span class='ocrx_word' id='word_1_46' title='bbox 619 483 740 527; x_wconf 86' lang='grc' dir='ltr'>εἰπεῖν,</span> <span class='ocrx_word' id='word_1_47' title='bbox 764 481 814 519; x_wconf 83' lang='grc' dir='ltr'>Σὺ</span> <span class='ocrx_word' id='word_1_48' title='bbox 842 474 935 522; x_wconf 70' lang='grc' dir='ltr'>οἶδας</span> <span class='ocrx_word' id='word_1_49' title='bbox 965 479 1100 525; x_wconf 83' lang='grc' dir='ltr'>πάντα,</span> 
     </span>
     <span class='ocr_line' id='line_1_7' title="bbox 75 539 1101 593; baseline 0 -16"><span class='ocrx_word' id='word_1_50' title='bbox 75 539 251 588; x_wconf 80' lang='grc' dir='ltr'>τουτέστι,</span> <span class='ocrx_word' id='word_1_51' title='bbox 275 539 320 578; x_wconf 76' lang='grc' dir='ltr'>τὰ</span> <span class='ocrx_word' id='word_1_52' title='bbox 345 540 501 593; x_wconf 86' lang='grc' dir='ltr'>παρόντα</span> <span class='ocrx_word' id='word_1_53' title='bbox 530 542 590 580; x_wconf 80' lang='grc' dir='ltr'>καὶ</span> <span class='ocrx_word' id='word_1_54' title='bbox 620 542 663 580; x_wconf 81' lang='grc' dir='ltr'>τὰ</span> <span class='ocrx_word' id='word_1_55' title='bbox 693 542 876 593; x_wconf 87' lang='grc' dir='ltr'>μέλλοντα.</span> <span class='ocrx_word' id='word_1_56' title='bbox 899 540 1007 591; x_wconf 68' lang='grc' dir='ltr'>Ὁρᾷς</span> <span class='ocrx_word' id='word_1_57' title='bbox 1027 542 1101 582; x_wconf 81' lang='grc' dir='ltr'>πῶς</span> 
     </span>
     <span class='ocr_line' id='line_1_8' title="bbox 74 600 1101 658; baseline 0 -20"><span class='ocrx_word' id='word_1_58' title='bbox 74 600 208 652; x_wconf 83' lang='grc' dir='ltr'>ἐγένετο</span> <span class='ocrx_word' id='word_1_59' title='bbox 228 602 372 654; x_wconf 78' lang='grc' dir='ltr'>βελτίων</span> <span class='ocrx_word' id='word_1_60' title='bbox 403 603 461 641; x_wconf 82' lang='grc' dir='ltr'>καὶ</span> <span class='ocrx_word' id='word_1_61' title='bbox 495 605 790 658; x_wconf 68' lang='grc' dir='ltr'>σωφρονέστερος,</span> <span class='ocrx_word' id='word_1_62' title='bbox 810 605 871 641; x_wconf 82' lang='grc' dir='ltr'>οὐκ</span> <span class='ocrx_word' id='word_1_63' title='bbox 894 600 1101 645; x_wconf 73' lang='grc' dir='ltr'>αὐθαὲιαζό-</span> 
     </span>
     <span class='ocr_line' id='line_1_9' title="bbox 75 661 1099 717; baseline -0.001 -18"><span class='ocrx_word' id='word_1_64' title='bbox 75 677 175 711; x_wconf 88' lang='grc' dir='ltr'>μενος</span> <span class='ocrx_word' id='word_1_65' title='bbox 193 663 312 701; x_wconf 77' lang='grc' dir='ltr'>λοιπὸν</span> <span class='ocrx_word' id='word_1_66' title='bbox 333 664 392 701; x_wconf 88' lang='grc' dir='ltr'>καὶ</span> <span class='ocrx_word' id='word_1_67' title='bbox 417 665 603 716; x_wconf 78' lang='grc' dir='ltr'>ἀντιλέγων</span> <span class='ocrx_word' id='word_1_68' title='bbox 620 681 630 712; x_wconf 90' lang='lat'>;</span> <span class='ocrx_word' id='word_1_69' title='bbox 659 664 728 702; x_wconf 81' lang='grc' dir='ltr'>Διὰ</span> <span class='ocrx_word' id='word_1_70' title='bbox 746 664 813 717; x_wconf 85' lang='grc' dir='ltr'>γὰρ</span> <span class='ocrx_word' id='word_1_71' title='bbox 841 667 940 701; x_wconf 78' lang='grc' dir='ltr'>τοῦτο</span> <span class='ocrx_word' id='word_1_72' title='bbox 969 661 1099 714; x_wconf 75' lang='grc' dir='ltr'>ἐταρά-</span> 
     </span>
     <span class='ocr_line' id='line_1_10' title="bbox 73 723 1098 777; baseline 0 -15"><span class='ocrx_word' id='word_1_73' title='bbox 73 726 158 774; x_wconf 80' lang='grc' dir='ltr'>χθη·</span> <span class='ocrx_word' id='word_1_74' title='bbox 191 723 327 774; x_wconf 74' lang='grc' dir='ltr'>μήποτε</span> <span class='ocrx_word' id='word_1_75' title='bbox 358 725 427 777; x_wconf 80' lang='grc' dir='ltr'>ἐγὼ</span> <span class='ocrx_word' id='word_1_76' title='bbox 449 725 509 777; x_wconf 81' lang='grc' dir='ltr'>μὲν</span> <span class='ocrx_word' id='word_1_77' title='bbox 541 726 670 776; x_wconf 84' lang='grc' dir='ltr'>νομίζω</span> <span class='ocrx_word' id='word_1_78' title='bbox 705 727 828 777; x_wconf 78' lang='grc' dir='ltr'>φιλεῖν,</span> <span class='ocrx_word' id='word_1_79' title='bbox 849 725 886 761; x_wconf 84' lang='grc' dir='ltr'>οὗ</span> <span class='ocrx_word' id='word_1_80' title='bbox 921 725 1010 775; x_wconf 72' lang='grc' dir='ltr'>φιλῶ</span> <span class='ocrx_word' id='word_1_81' title='bbox 1042 724 1098 762; x_wconf 79' lang='grc' dir='ltr'>δέ·</span> 
     </span>
     <span class='ocr_line' id='line_1_11' title="bbox 72 783 1102 840; baseline 0.002 -19"><span class='ocrx_word' id='word_1_82' title='bbox 72 783 191 838; x_wconf 74' lang='grc' dir='ltr'>ὥσπερ</span> <span class='ocrx_word' id='word_1_83' title='bbox 207 787 266 824; x_wconf 76' lang='grc' dir='ltr'>καὶ</span> <span class='ocrx_word' id='word_1_84' title='bbox 284 787 451 840; x_wconf 79' lang='grc' dir='ltr'>πρότερον</span> <span class='ocrx_word' id='word_1_85' title='bbox 470 787 583 825; x_wconf 78' lang='grc' dir='ltr'>πολλὰ</span> <span class='ocrx_word' id='word_1_86' title='bbox 603 786 749 837; x_wconf 82' lang='grc' dir='ltr'>νομίζων</span> <span class='ocrx_word' id='word_1_87' title='bbox 769 785 828 824; x_wconf 78' lang='grc' dir='ltr'>καὶ</span> <span class='ocrx_word' id='word_1_88' title='bbox 845 785 1102 839; x_wconf 75' lang='grc' dir='ltr'>διισχυριζόμε-</span> 
     </span>
     <span class='ocr_line' id='line_1_12' title="bbox 72 846 1100 900; baseline 0.002 -17"><span class='ocrx_word' id='word_1_89' title='bbox 72 862 147 894; x_wconf 89' lang='grc' dir='ltr'>νος,</span> <span class='ocrx_word' id='word_1_90' title='bbox 162 848 364 899; x_wconf 55' lang='grc' dir='ltr'>ἠλεγᾸόμην</span> <span class='ocrx_word' id='word_1_91' title='bbox 385 847 539 900; x_wconf 78' lang='grc' dir='ltr'>ὕστερον.</span> <span class='ocrx_word' id='word_1_92' title='bbox 559 847 684 898; x_wconf 86' lang='grc' dir='ltr'>Τρίτον</span> <span class='ocrx_word' id='word_1_93' title='bbox 705 846 740 884; x_wconf 77' lang='grc' dir='ltr'>δὲ</span> <span class='ocrx_word' id='word_1_94' title='bbox 758 849 871 900; x_wconf 71' lang='grc' dir='ltr'>ἐρωτᾷ</span> <span class='ocrx_word' id='word_1_95' title='bbox 882 877 892 895; x_wconf 93' lang='grc'>,</span> <span class='ocrx_word' id='word_1_96' title='bbox 909 847 969 885; x_wconf 83' lang='grc' dir='ltr'>καὶ</span> <span class='ocrx_word' id='word_1_97' title='bbox 985 847 1100 899; x_wconf 86' lang='grc' dir='ltr'>τρίτον</span> 
     </span>
     <span class='ocr_line' id='line_1_13' title="bbox 73 907 1100 960; baseline 0.003 -16"><span class='ocrx_word' id='word_1_98' title='bbox 73 907 248 945; x_wconf 81' lang='grc' dir='ltr'>ἐπιτάττει</span> <span class='ocrx_word' id='word_1_99' title='bbox 277 908 323 946; x_wconf 80' lang='grc' dir='ltr'>τὰ</span> <span class='ocrx_word' id='word_1_100' title='bbox 345 908 450 954; x_wconf 82' lang='grc' dir='ltr'>αὐτὰ,</span> <span class='ocrx_word' id='word_1_101' title='bbox 467 907 599 952; x_wconf 75' lang='grc' dir='ltr'>δεικνὺς</span> <span class='ocrx_word' id='word_1_102' title='bbox 631 908 711 947; x_wconf 79' lang='grc' dir='ltr'>ὅσου</span> <span class='ocrx_word' id='word_1_103' title='bbox 740 916 886 960; x_wconf 73' lang='grc' dir='ltr'>τιμᾶται</span> <span class='ocrx_word' id='word_1_104' title='bbox 916 911 979 955; x_wconf 70' lang='grc' dir='ltr'>τῆν</span> <span class='ocrx_word' id='word_1_105' title='bbox 1009 924 1100 960; x_wconf 79' lang='grc' dir='ltr'>προ-</span> 
     </span>
     <span class='ocr_line' id='line_1_14' title="bbox 73 967 1101 1023; baseline 0.003 -19"><span class='ocrx_word' id='word_1_106' title='bbox 73 967 219 1005; x_wconf 85' lang='grc' dir='ltr'>στασίαν</span> <span class='ocrx_word' id='word_1_107' title='bbox 235 971 302 1006; x_wconf 79' lang='grc' dir='ltr'>τῶν</span> <span class='ocrx_word' id='word_1_108' title='bbox 320 968 454 1007; x_wconf 85' lang='grc' dir='ltr'>οἰκείων</span> <span class='ocrx_word' id='word_1_109' title='bbox 473 969 672 1023; x_wconf 66' lang='grc' dir='ltr'>προὸοίτων,</span> <span class='ocrx_word' id='word_1_110' title='bbox 688 969 748 1008; x_wconf 78' lang='grc' dir='ltr'>καὶ</span> <span class='ocrx_word' id='word_1_111' title='bbox 763 969 816 1008; x_wconf 79' lang='grc' dir='ltr'>ὅτι</span> <span class='ocrx_word' id='word_1_112' title='bbox 829 973 930 1008; x_wconf 72' lang='grc' dir='ltr'>τοῦτο</span> <span class='ocrx_word' id='word_1_113' title='bbox 947 970 1101 1021; x_wconf 84' lang='grc' dir='ltr'>μάλιστα</span> 
     </span>
     <span class='ocr_line' id='line_1_15' title="bbox 71 1031 1103 1085; baseline -0.003 -13"><span class='ocrx_word' id='word_1_114' title='bbox 71 1031 133 1075; x_wconf 75' lang='grc' dir='ltr'>τῆς</span> <span class='ocrx_word' id='word_1_115' title='bbox 167 1031 213 1073; x_wconf 85' lang='grc' dir='ltr'>εἷς</span> <span class='ocrx_word' id='word_1_116' title='bbox 241 1031 341 1069; x_wconf 78' lang='grc' dir='ltr'>αὐτὸν</span> <span class='ocrx_word' id='word_1_117' title='bbox 373 1031 512 1083; x_wconf 80' lang='grc' dir='ltr'>ἀγάπης</span> <span class='ocrx_word' id='word_1_118' title='bbox 534 1038 690 1083; x_wconf 80' lang='grc' dir='ltr'>σημεῖον.</span> <span class='ocrx_word' id='word_1_119' title='bbox 711 1031 832 1070; x_wconf 85' lang='grc' dir='ltr'>Εἰπὼν</span> <span class='ocrx_word' id='word_1_120' title='bbox 854 1031 889 1070; x_wconf 82' lang='grc' dir='ltr'>δὲ</span> <span class='ocrx_word' id='word_1_121' title='bbox 909 1034 1002 1084; x_wconf 80' lang='grc' dir='ltr'>αὐτῷ</span> <span class='ocrx_word' id='word_1_122' title='bbox 1022 1032 1103 1085; x_wconf 78' lang='grc' dir='ltr'>περὶ</span> 
     </span>
     <span class='ocr_line' id='line_1_16' title="bbox 70 1092 1100 1147; baseline 0.004 -20"><span class='ocrx_word' id='word_1_123' title='bbox 70 1093 134 1137; x_wconf 69' lang='grc' dir='ltr'>τῆς</span> <span class='ocrx_word' id='word_1_124' title='bbox 153 1093 200 1134; x_wconf 86' lang='grc' dir='ltr'>εἷς</span> <span class='ocrx_word' id='word_1_125' title='bbox 216 1092 316 1130; x_wconf 78' lang='grc' dir='ltr'>αὐτὸν</span> <span class='ocrx_word' id='word_1_126' title='bbox 335 1093 494 1144; x_wconf 77' lang='grc' dir='ltr'>ἀγάπης,</span> <span class='ocrx_word' id='word_1_127' title='bbox 517 1093 745 1147; x_wconf 76' lang='grc' dir='ltr'>προαγορεύει</span> <span class='ocrx_word' id='word_1_128' title='bbox 766 1096 860 1146; x_wconf 72' lang='grc' dir='ltr'>αὐτῷ</span> <span class='ocrx_word' id='word_1_129' title='bbox 876 1094 935 1132; x_wconf 82' lang='grc' dir='ltr'>καὶ</span> <span class='ocrx_word' id='word_1_130' title='bbox 952 1095 990 1133; x_wconf 84' lang='grc' dir='ltr'>τὸ</span> <span class='ocrx_word' id='word_1_131' title='bbox 1013 1110 1100 1146; x_wconf 86' lang='grc' dir='ltr'>μαρ-</span> 
     </span>
     <span class='ocr_line' id='line_1_17' title="bbox 72 1151 1102 1207; baseline 0.003 -18"><span class='ocrx_word' id='word_1_132' title='bbox 72 1151 188 1205; x_wconf 80' lang='grc' dir='ltr'>τύριον</span> <span class='ocrx_word' id='word_1_133' title='bbox 202 1152 287 1206; x_wconf 76' lang='grc' dir='ltr'>ὅπερ</span> <span class='ocrx_word' id='word_1_134' title='bbox 307 1153 666 1206; x_wconf 47' lang='grc' dir='ltr'>ἔμελλενίὑπομένειν,</span> <span class='ocrx_word' id='word_1_135' title='bbox 676 1155 864 1207; x_wconf 71' lang='grc' dir='ltr'>ἐμφαίνων,</span> <span class='ocrx_word' id='word_1_136' title='bbox 875 1155 927 1193; x_wconf 75' lang='grc' dir='ltr'>ὅτι</span> <span class='ocrx_word' id='word_1_137' title='bbox 944 1157 1005 1194; x_wconf 78' lang='grc' dir='ltr'>οὐκ</span> <span class='ocrx_word' id='word_1_138' title='bbox 1020 1158 1102 1193; x_wconf 88' lang='grc' dir='ltr'>ἀπι-</span> 
     </span>
     <span class='ocr_line' id='line_1_18' title="bbox 73 1215 1100 1270; baseline 0.003 -20"><span class='ocrx_word' id='word_1_139' title='bbox 73 1216 164 1251; x_wconf 82' lang='grc' dir='ltr'>στῶν</span> <span class='ocrx_word' id='word_1_140' title='bbox 191 1216 284 1267; x_wconf 80' lang='grc' dir='ltr'>αὐτῷ</span> <span class='ocrx_word' id='word_1_141' title='bbox 303 1215 418 1267; x_wconf 81' lang='grc' dir='ltr'>ἔλεγεν</span> <span class='ocrx_word' id='word_1_142' title='bbox 440 1216 529 1269; x_wconf 80' lang='grc' dir='ltr'>ἅπερ</span> <span class='ocrx_word' id='word_1_143' title='bbox 546 1216 675 1268; x_wconf 81' lang='grc' dir='ltr'>ἔλεγεν,</span> <span class='ocrx_word' id='word_1_144' title='bbox 695 1216 785 1254; x_wconf 84' lang='grc' dir='ltr'>ἀλλὰ</span> <span class='ocrx_word' id='word_1_145' title='bbox 804 1217 863 1255; x_wconf 83' lang='grc' dir='ltr'>καὶ</span> <span class='ocrx_word' id='word_1_146' title='bbox 888 1217 1020 1270; x_wconf 64' lang='grc' dir='ltr'>σφόδρα</span> <span class='ocrx_word' id='word_1_147' title='bbox 1036 1232 1100 1254; x_wconf 95' lang='grc' dir='ltr'>πι-</span> 
     </span>
     <span class='ocr_line' id='line_1_19' title="bbox 73 1275 1100 1330; baseline 0.002 -17"><span class='ocrx_word' id='word_1_148' title='bbox 73 1275 201 1314; x_wconf 83' lang='grc' dir='ltr'>στεύων</span> <span class='ocrx_word' id='word_1_149' title='bbox 219 1293 227 1300; x_wconf 96' lang='grc'><em>·</em></span> <span class='ocrx_word' id='word_1_150' title='bbox 246 1280 308 1324; x_wconf 66' lang='grc' dir='ltr'>τῆς</span> <span class='ocrx_word' id='word_1_151' title='bbox 326 1278 361 1315; x_wconf 83' lang='grc' dir='ltr'>δὲ</span> <span class='ocrx_word' id='word_1_152' title='bbox 391 1281 438 1321; x_wconf 85' lang='grc' dir='ltr'>εἷς</span> <span class='ocrx_word' id='word_1_153' title='bbox 467 1279 567 1317; x_wconf 80' lang='grc' dir='ltr'>αὐτὸν</span> <span class='ocrx_word' id='word_1_154' title='bbox 596 1279 734 1330; x_wconf 76' lang='grc' dir='ltr'>ἀγάπης</span> <span class='ocrx_word' id='word_1_155' title='bbox 766 1279 805 1317; x_wconf 78' lang='grc' dir='ltr'>τὸ</span> <span class='ocrx_word' id='word_1_156' title='bbox 833 1279 959 1330; x_wconf 75' lang='grc' dir='ltr'>δεῖγμα</span> <span class='ocrx_word' id='word_1_157' title='bbox 993 1277 1100 1322; x_wconf 73' lang='grc' dir='ltr'>δεῖξαι</span> 
     </span>
     <span class='ocr_line' id='line_1_20' title="bbox 73 1337 1098 1392; baseline 0.003 -17"><span class='ocrx_word' id='word_1_158' title='bbox 73 1337 278 1388; x_wconf 81' lang='grc' dir='ltr'>βουλόμενος</span> <span class='ocrx_word' id='word_1_159' title='bbox 289 1369 298 1386; x_wconf 92' lang='grc'>,</span> <span class='ocrx_word' id='word_1_160' title='bbox 316 1339 374 1377; x_wconf 88' lang='grc' dir='ltr'>καὶ</span> <span class='ocrx_word' id='word_1_161' title='bbox 392 1340 576 1378; x_wconf 77' lang='grc' dir='ltr'>παιδεῦσαι</span> <span class='ocrx_word' id='word_1_162' title='bbox 593 1343 706 1390; x_wconf 70' lang='grc' dir='ltr'>ἡμᾶς,</span> <span class='ocrx_word' id='word_1_163' title='bbox 723 1339 814 1392; x_wconf 82' lang='grc' dir='ltr'>ποίῳ</span> <span class='ocrx_word' id='word_1_164' title='bbox 831 1341 881 1378; x_wconf 74' lang='grc' dir='ltr'>δεῖ</span> <span class='ocrx_word' id='word_1_165' title='bbox 897 1340 1015 1392; x_wconf 83' lang='grc' dir='ltr'>τρόπῳ</span> <span class='ocrx_word' id='word_1_166' title='bbox 1031 1340 1098 1390; x_wconf 81' lang='grc' dir='ltr'>μά-</span> 
     </span>
     <span class='ocr_line' id='line_1_21' title="bbox 70 1395 1096 1453; baseline 0.003 -18"><span class='ocrx_word' id='word_1_167' title='bbox 70 1400 172 1436; x_wconf 87' lang='grc' dir='ltr'>λιστα</span> <span class='ocrx_word' id='word_1_168' title='bbox 193 1400 293 1437; x_wconf 82' lang='grc' dir='ltr'>αὐτὸν</span> <span class='ocrx_word' id='word_1_169' title='bbox 316 1403 455 1452; x_wconf 72' lang='grc' dir='ltr'>ἀγαπᾷν</span> <span class='ocrx_word' id='word_1_170' title='bbox 468 1417 475 1424; x_wconf 96' lang='grc'>·</span> <span class='ocrx_word' id='word_1_171' title='bbox 497 1400 550 1438; x_wconf 77' lang='grc' dir='ltr'>διό</span> <span class='ocrx_word' id='word_1_172' title='bbox 577 1416 680 1452; x_wconf 71' lang='grc' dir='ltr'>φησιν</span> <span class='ocrx_word' id='word_1_173' title='bbox 698 1417 705 1424; x_wconf 94' lang='grc'><em>·</em></span> <span class='ocrx_word' id='word_1_174' title='bbox 729 1400 818 1439; x_wconf 65' lang='lat' dir='ltr'>“Ore</span> <span class='ocrx_word' id='word_1_175' title='bbox 846 1395 887 1447; x_wconf 61' lang='grc' dir='ltr'>ἧς</span> <span class='ocrx_word' id='word_1_176' title='bbox 905 1400 1070 1453; x_wconf 83' lang='grc' dir='ltr'>νεώτερος</span> <span class='ocrx_word' id='word_1_177' title='bbox 1087 1431 1096 1448; x_wconf 93' lang='grc'>,</span> 
     </span>
     <span class='ocr_line' id='line_1_22' title="bbox 68 1459 1096 1513; baseline 0.002 -16"><span class='ocrx_word' id='word_1_178' title='bbox 68 1459 229 1504; x_wconf 82' lang='grc' dir='ltr'>ἐζώννυες</span> <span class='ocrx_word' id='word_1_179' title='bbox 246 1461 402 1510; x_wconf 80' lang='grc' dir='ltr'>σεαυτὸν,</span> <span class='ocrx_word' id='word_1_180' title='bbox 425 1462 484 1500; x_wconf 82' lang='grc' dir='ltr'>καὶ</span> <span class='ocrx_word' id='word_1_181' title='bbox 500 1461 723 1513; x_wconf 78' lang='grc' dir='ltr'>περιεπάτεις</span> <span class='ocrx_word' id='word_1_182' title='bbox 746 1462 830 1500; x_wconf 79' lang='grc' dir='ltr'>ὅπου</span> <span class='ocrx_word' id='word_1_183' title='bbox 853 1462 972 1508; x_wconf 77' lang='grc' dir='ltr'>ἤθελες</span> <span class='ocrx_word' id='word_1_184' title='bbox 988 1477 995 1485; x_wconf 89' lang='grc'><em>·</em></span> <span class='ocrx_word' id='word_1_185' title='bbox 1015 1462 1096 1500; x_wconf 78' lang='grc' dir='ltr'>ὅταν</span> 
     </span>
     <span class='ocr_line' id='line_1_23' title="bbox 69 1520 1097 1575; baseline 0.002 -16"><span class='ocrx_word' id='word_1_186' title='bbox 69 1520 104 1560; x_wconf 78' lang='grc' dir='ltr'>δὲ</span> <span class='ocrx_word' id='word_1_187' title='bbox 122 1520 138 1540; x_wconf 78' lang='lat'>¹³</span> <span class='ocrx_word' id='word_1_188' title='bbox 145 1522 322 1575; x_wconf 77' lang='grc' dir='ltr'>γηράσῃς,</span> <span class='ocrx_word' id='word_1_189' title='bbox 340 1523 440 1562; x_wconf 77' lang='grc' dir='ltr'>ἄλλοι</span> <span class='ocrx_word' id='word_1_190' title='bbox 460 1539 499 1562; x_wconf 89' lang='grc' dir='ltr'>σε</span> <span class='ocrx_word' id='word_1_191' title='bbox 518 1523 666 1568; x_wconf 84' lang='grc' dir='ltr'>ζώσουσι</span> <span class='ocrx_word' id='word_1_192' title='bbox 691 1524 750 1561; x_wconf 82' lang='grc' dir='ltr'>καὶ</span> <span class='ocrx_word' id='word_1_193' title='bbox 767 1523 932 1572; x_wconf 83' lang='grc' dir='ltr'>οἴσουσιν,</span> <span class='ocrx_word' id='word_1_194' title='bbox 953 1523 1038 1561; x_wconf 66' lang='grc' dir='ltr'>Γδ’που</span> <span class='ocrx_word' id='word_1_195' title='bbox 1061 1526 1097 1562; x_wconf 78' lang='grc' dir='ltr'>οὗ</span> 
     </span>
     <span class='ocr_line' id='line_1_24' title="bbox 70 1583 1097 1637; baseline 0.002 -16"><span class='ocrx_word' id='word_1_196' title='bbox 70 1583 187 1627; x_wconf 84' lang='grc' dir='ltr'>θέλεις.</span> <span class='ocrx_word' id='word_1_197' title='bbox 215 1585 285 1623; x_wconf 76' lang='grc' dir='ltr'>Καὶ</span> <span class='ocrx_word' id='word_1_198' title='bbox 305 1585 373 1637; x_wconf 75' lang='grc' dir='ltr'>μὴν</span> <span class='ocrx_word' id='word_1_199' title='bbox 395 1590 494 1624; x_wconf 75' lang='grc' dir='ltr'>τοῦτο</span> <span class='ocrx_word' id='word_1_200' title='bbox 521 1585 623 1632; x_wconf 77' lang='grc' dir='ltr'>ἤθελε</span> <span class='ocrx_word' id='word_1_201' title='bbox 646 1586 706 1624; x_wconf 79' lang='grc' dir='ltr'>καὶ</span> <span class='ocrx_word' id='word_1_202' title='bbox 732 1585 914 1636; x_wconf 76' lang='grc' dir='ltr'>ἐπεθύμει·</span> <span class='ocrx_word' id='word_1_203' title='bbox 937 1586 980 1623; x_wconf 77' lang='grc' dir='ltr'>δι’</span> <span class='ocrx_word' id='word_1_204' title='bbox 1002 1585 1019 1624; x_wconf 80' lang='grc' dir='ltr'>ὃ</span> <span class='ocrx_word' id='word_1_205' title='bbox 1038 1585 1097 1623; x_wconf 87' lang='grc' dir='ltr'>καὶ</span> 
     </span>
     <span class='ocr_line' id='line_1_25' title="bbox 68 1645 1096 1699; baseline 0.001 -17"><span class='ocrx_word' id='word_1_206' title='bbox 68 1645 170 1691; x_wconf 68' lang='grc' dir='ltr'>δῆλον</span> <span class='ocrx_word' id='word_1_207' title='bbox 189 1647 283 1699; x_wconf 76' lang='grc' dir='ltr'>αὐτῷ</span> <span class='ocrx_word' id='word_1_208' title='bbox 302 1652 401 1686; x_wconf 78' lang='grc' dir='ltr'>τοῦτο</span> <span class='ocrx_word' id='word_1_209' title='bbox 420 1647 624 1693; x_wconf 77' lang='grc' dir='ltr'>πεποίηκεν.</span> <span class='ocrx_word' id='word_1_210' title='bbox 653 1646 800 1693; x_wconf 73' lang='grc' dir='ltr'>Ἐπειδὴ</span> <span class='ocrx_word' id='word_1_211' title='bbox 833 1646 901 1699; x_wconf 80' lang='grc' dir='ltr'>γὰρ</span> <span class='ocrx_word' id='word_1_212' title='bbox 936 1647 1007 1684; x_wconf 82' lang='grc' dir='ltr'>ἀνω</span> <span class='ocrx_word' id='word_1_213' title='bbox 1036 1645 1096 1684; x_wconf 79' lang='grc' dir='ltr'>καὶ</span> 
     </span>
     <span class='ocr_line' id='line_1_26' title="bbox 67 1706 1096 1761; baseline 0.001 -17"><span class='ocrx_word' id='word_1_214' title='bbox 67 1706 165 1744; x_wconf 79' lang='grc' dir='ltr'>κάτω</span> <span class='ocrx_word' id='word_1_215' title='bbox 185 1707 298 1760; x_wconf 80' lang='grc' dir='ltr'>ἔλεγε,</span> <span class='ocrx_word' id='word_1_216' title='bbox 326 1708 402 1756; x_wconf 72' lang='grc' dir='ltr'>Τὴν</span> <span class='ocrx_word' id='word_1_217' title='bbox 433 1708 548 1761; x_wconf 67' lang='grc' dir='ltr'>ψυχήν</span> <span class='ocrx_word' id='word_1_218' title='bbox 581 1723 646 1760; x_wconf 91' lang='grc' dir='ltr'>μου</span> <span class='ocrx_word' id='word_1_219' title='bbox 667 1707 754 1761; x_wconf 78' lang='grc' dir='ltr'>ὑπὲρ</span> <span class='ocrx_word' id='word_1_220' title='bbox 785 1713 845 1746; x_wconf 78' lang='grc' dir='ltr'>σοῦ</span> <span class='ocrx_word' id='word_1_221' title='bbox 876 1708 990 1755; x_wconf 75' lang='grc' dir='ltr'>θήσω·</span> <span class='ocrx_word' id='word_1_222' title='bbox 1010 1707 1070 1745; x_wconf 74' lang='grc' dir='ltr'>καὶ</span> <span class='ocrx_word' id='word_1_223' title='bbox 1086 1736 1096 1753; x_wconf 90' lang='grc'>,</span> 
     </span>
     <span class='ocr_line' id='line_1_27' title="bbox 66 1766 1095 1823; baseline 0.001 -17"><span class='ocrx_word' id='word_1_224' title='bbox 66 1766 141 1806; x_wconf 76' lang='grc' dir='ltr'>Κᾶν</span> <span class='ocrx_word' id='word_1_225' title='bbox 156 1768 215 1821; x_wconf 75' lang='grc' dir='ltr'>δέῃ</span> <span class='ocrx_word' id='word_1_226' title='bbox 237 1785 280 1819; x_wconf 89' lang='grc' dir='ltr'>με</span> <span class='ocrx_word' id='word_1_227' title='bbox 295 1768 356 1807; x_wconf 75' lang='grc' dir='ltr'>σὺν</span> <span class='ocrx_word' id='word_1_228' title='bbox 374 1770 426 1808; x_wconf 85' lang='grc' dir='ltr'>σοὶ</span> <span class='ocrx_word' id='word_1_229' title='bbox 444 1773 641 1817; x_wconf 80' lang='grc' dir='ltr'>ἀποθανεῖν,</span> <span class='ocrx_word' id='word_1_230' title='bbox 656 1772 693 1808; x_wconf 75' lang='grc' dir='ltr'>οὗ</span> <span class='ocrx_word' id='word_1_231' title='bbox 708 1770 756 1820; x_wconf 75' lang='grc' dir='ltr'>μή</span> <span class='ocrx_word' id='word_1_232' title='bbox 772 1786 810 1808; x_wconf 82' lang='grc' dir='ltr'>σε</span> <span class='ocrx_word' id='word_1_233' title='bbox 826 1769 1095 1823; x_wconf 77' lang='grc' dir='ltr'>ἀπαρνήσομαι,</span> 
     </span>
     <span class='ocr_line' id='line_1_28' title="bbox 65 1825 1094 1884; baseline 0.001 -17"><span class='ocrx_word' id='word_1_234' title='bbox 65 1833 79 1849; x_wconf 72' lang='lat'>⁰</span> <span class='ocrx_word' id='word_1_235' title='bbox 95 1830 271 1868; x_wconf 73' lang='grc' dir='ltr'>ἀπέδωκεν</span> <span class='ocrx_word' id='word_1_236' title='bbox 304 1833 397 1884; x_wconf 79' lang='grc' dir='ltr'>αὐτῷ</span> <span class='ocrx_word' id='word_1_237' title='bbox 428 1830 492 1878; x_wconf 72' lang='grc' dir='ltr'>τὴν</span> <span class='ocrx_word' id='word_1_238' title='bbox 523 1831 723 1882; x_wconf 83' lang='grc' dir='ltr'>ἐπιθυμίαν.</span> <span class='ocrx_word' id='word_1_239' title='bbox 752 1831 799 1869; x_wconf 89' lang='grc' dir='ltr'>Τί</span> <span class='ocrx_word' id='word_1_240' title='bbox 834 1825 892 1870; x_wconf 73' lang='grc' dir='ltr'>οῧν</span> <span class='ocrx_word' id='word_1_241' title='bbox 923 1835 996 1870; x_wconf 76' lang='grc' dir='ltr'>ἐστι</span> <span class='ocrx_word' id='word_1_242' title='bbox 1030 1831 1069 1869; x_wconf 80' lang='grc' dir='ltr'>τὸ</span> <span class='ocrx_word' id='word_1_243' title='bbox 1085 1861 1094 1877; x_wconf 87' lang='grc'>,</span> 
     </span>
     <span class='ocr_line' id='line_1_29' title="bbox 64 1889 1095 1945; baseline 0.002 -17"><span class='ocrx_word' id='word_1_244' title='bbox 64 1889 182 1929; x_wconf 61' lang='lat' dir='ltr'>“Onon</span> <span class='ocrx_word' id='word_1_245' title='bbox 199 1894 236 1929; x_wconf 82' lang='grc' dir='ltr'>οὐ</span> <span class='ocrx_word' id='word_1_246' title='bbox 255 1892 383 1940; x_wconf 83' lang='grc' dir='ltr'>θέλεις;</span> <span class='ocrx_word' id='word_1_247' title='bbox 400 1895 432 1931; x_wconf 88' lang='grc' dir='ltr'>Τ</span> <span class='ocrx_word' id='word_1_248' title='bbox 434 1896 475 1940; x_wconf 75' lang='grc' dir='ltr'>ἧς</span> <span class='ocrx_word' id='word_1_249' title='bbox 494 1893 627 1945; x_wconf 67' lang='grc' dir='ltr'>φύσεως</span> <span class='ocrx_word' id='word_1_250' title='bbox 646 1893 739 1944; x_wconf 86' lang='grc' dir='ltr'>λέγει</span> <span class='ocrx_word' id='word_1_251' title='bbox 757 1892 796 1931; x_wconf 80' lang='grc' dir='ltr'>τὸ</span> <span class='ocrx_word' id='word_1_252' title='bbox 815 1892 994 1944; x_wconf 81' lang='grc' dir='ltr'>συμπαθὲς</span> <span class='ocrx_word' id='word_1_253' title='bbox 1006 1923 1015 1940; x_wconf 93' lang='grc'>,</span> <span class='ocrx_word' id='word_1_254' title='bbox 1036 1892 1095 1930; x_wconf 78' lang='grc' dir='ltr'>καὶ</span> 
     </span>
     <span class='ocr_line' id='line_1_30' title="bbox 63 1953 1094 2007; baseline 0 -16"><span class='ocrx_word' id='word_1_255' title='bbox 63 1955 126 1999; x_wconf 67' lang='grc' dir='ltr'>τῆς</span> <span class='ocrx_word' id='word_1_256' title='bbox 152 1954 277 2007; x_wconf 80' lang='grc' dir='ltr'>σαρκὸς</span> <span class='ocrx_word' id='word_1_257' title='bbox 296 1953 358 2001; x_wconf 77' lang='grc' dir='ltr'>τὴν</span> <span class='ocrx_word' id='word_1_258' title='bbox 380 1954 547 2006; x_wconf 77' lang='grc' dir='ltr'>ἀνάγκην,</span> <span class='ocrx_word' id='word_1_259' title='bbox 568 1955 627 1992; x_wconf 77' lang='grc' dir='ltr'>καὶ</span> <span class='ocrx_word' id='word_1_260' title='bbox 648 1954 700 1992; x_wconf 71' lang='grc' dir='ltr'>ὅτι</span> <span class='ocrx_word' id='word_1_261' title='bbox 717 1954 851 1993; x_wconf 78' lang='grc' dir='ltr'>ἄκουσα</span> <span class='ocrx_word' id='word_1_262' title='bbox 867 1954 1094 2007; x_wconf 70' lang='grc' dir='ltr'>ἀπορρήγνυ-</span> 
     </span>
     <span class='ocr_line' id='line_1_31' title="bbox 63 2014 1092 2069; baseline 0.002 -18"><span class='ocrx_word' id='word_1_263' title='bbox 63 2030 121 2051; x_wconf 88' lang='grc' dir='ltr'>ται</span> <span class='ocrx_word' id='word_1_264' title='bbox 138 2018 196 2052; x_wconf 77' lang='grc' dir='ltr'>τοῦ</span> <span class='ocrx_word' id='word_1_265' title='bbox 218 2014 378 2066; x_wconf 77' lang='grc' dir='ltr'>σώματος</span> <span class='ocrx_word' id='word_1_266' title='bbox 397 2019 418 2062; x_wconf 74' lang='grc' dir='ltr'>ἡ</span> <span class='ocrx_word' id='word_1_267' title='bbox 436 2015 669 2069; x_wconf 62' lang='grc' dir='ltr'>ψυχ’[’,.”Ωστε</span> <span class='ocrx_word' id='word_1_268' title='bbox 680 2047 690 2064; x_wconf 90' lang='grc'>,</span> <span class='ocrx_word' id='word_1_269' title='bbox 708 2019 737 2054; x_wconf 86' lang='grc' dir='ltr'>εἷ</span> <span class='ocrx_word' id='word_1_270' title='bbox 753 2017 812 2055; x_wconf 83' lang='grc' dir='ltr'>καὶ</span> <span class='ocrx_word' id='word_1_271' title='bbox 827 2016 870 2054; x_wconf 76' lang='grc' dir='ltr'>τὰ</span> <span class='ocrx_word' id='word_1_272' title='bbox 883 2020 946 2063; x_wconf 73' lang='grc' dir='ltr'>τῆς</span> <span class='ocrx_word' id='word_1_273' title='bbox 965 2032 1092 2067; x_wconf 86' lang='grc' dir='ltr'>προαι-</span> 
     </span>
     <span class='ocr_line' id='line_1_32' title="bbox 66 2075 1092 2130; baseline 0.002 -16"><span class='ocrx_word' id='word_1_274' title='bbox 66 2075 190 2129; x_wconf 74' lang='grc' dir='ltr'>ρέσεως</span> <span class='ocrx_word' id='word_1_275' title='bbox 204 2077 346 2129; x_wconf 67' lang='grc' dir='ltr'>ἔρρωτο,</span> <span class='ocrx_word' id='word_1_276' title='bbox 361 2080 436 2116; x_wconf 89' lang='grc' dir='ltr'>ἀλλ’</span> <span class='ocrx_word' id='word_1_277' title='bbox 454 2077 549 2129; x_wconf 73' lang='grc' dir='ltr'>ὅμως</span> <span class='ocrx_word' id='word_1_278' title='bbox 565 2078 624 2115; x_wconf 75' lang='grc' dir='ltr'>καὶ</span> <span class='ocrx_word' id='word_1_279' title='bbox 640 2077 746 2122; x_wconf 78' lang='grc' dir='ltr'>οὕτως</span> <span class='ocrx_word' id='word_1_280' title='bbox 761 2081 782 2124; x_wconf 78' lang='grc' dir='ltr'>ἦ</span> <span class='ocrx_word' id='word_1_281' title='bbox 799 2077 899 2130; x_wconf 67' lang='grc' dir='ltr'>φύσις</span> <span class='ocrx_word' id='word_1_282' title='bbox 911 2077 1092 2130; x_wconf 72' lang='grc' dir='ltr'>ἠλέγχετο.</span> 
     </span>
     <span class='ocr_line' id='line_1_33' title="bbox 64 2138 1093 2192; baseline 0.002 -17"><span class='ocrx_word' id='word_1_283' title='bbox 64 2138 188 2181; x_wconf 72' lang='grc' dir='ltr'>Οὐδεὶς</span> <span class='ocrx_word' id='word_1_284' title='bbox 207 2138 274 2192; x_wconf 78' lang='grc' dir='ltr'>γὰρ</span> <span class='ocrx_word' id='word_1_285' title='bbox 302 2141 444 2183; x_wconf 80' lang='grc' dir='ltr'>ἀπαθῶς</span> <span class='ocrx_word' id='word_1_286' title='bbox 473 2140 511 2177; x_wconf 76' lang='grc' dir='ltr'>τὸ</span> <span class='ocrx_word' id='word_1_287' title='bbox 536 2142 639 2189; x_wconf 80' lang='grc' dir='ltr'>σῶμα</span> <span class='ocrx_word' id='word_1_288' title='bbox 662 2139 886 2186; x_wconf 85' lang='grc' dir='ltr'>ἀποτίθεται,</span> <span class='ocrx_word' id='word_1_289' title='bbox 915 2144 1015 2178; x_wconf 74' lang='grc' dir='ltr'>τοῦτο</span> <span class='ocrx_word' id='word_1_290' title='bbox 1034 2143 1093 2177; x_wconf 78' lang='grc' dir='ltr'>τοῦ</span> 
     </span>
    </p>
   </div>
   <div class='ocr_carea' id='block_1_3' title="bbox 63 2200 1136 2255">
    <p class='ocr_par' dir='ltr' id='par_1_3' title="bbox 63 2200 1136 2255">
     <span class='ocr_line' id='line_1_34' title="bbox 63 2200 1136 2255; baseline 0.001 -17"><span class='ocrx_word' id='word_1_291' title='bbox 63 2202 168 2247; x_wconf 79' lang='grc' dir='ltr'>Θεοῦ,</span> <span class='ocrx_word' id='word_1_292' title='bbox 186 2200 269 2251; x_wconf 75' lang='grc' dir='ltr'>ὅπερ</span> <span class='ocrx_word' id='word_1_293' title='bbox 289 2201 348 2238; x_wconf 82' lang='grc' dir='ltr'>καὶ</span> <span class='ocrx_word' id='word_1_294' title='bbox 365 2201 560 2254; x_wconf 81' lang='grc' dir='ltr'>ἔμπροσθεν</span> <span class='ocrx_word' id='word_1_295' title='bbox 580 2201 676 2254; x_wconf 69' lang='grc' dir='ltr'>ἔφην,</span> <span class='ocrx_word' id='word_1_296' title='bbox 698 2201 941 2255; x_wconf 67' lang='grc' dir='ltr'>συμφερόντως</span> <span class='ocrx_word' id='word_1_297' title='bbox 963 2203 1092 2239; x_wconf 87' lang='grc' dir='ltr'>οἷκονο-</span> <span class='ocrx_word' id='word_1_298' title='bbox 1111 2218 1136 2247; x_wconf 82' lang='lat'>1)</span> 
     </span>
    </p>
   </div>
   <div class='ocr_carea' id='block_1_4' title="bbox 58 2261 1092 3119">
    <p class='ocr_par' dir='ltr' id='par_1_4' title="bbox 58 2261 1092 3119">
     <span class='ocr_line' id='line_1_35' title="bbox 64 2261 1092 2314; baseline 0.001 -16"><span class='ocrx_word' id='word_1_299' title='bbox 64 2261 260 2311; x_wconf 73' lang='grc' dir='ltr'>μήσαντος,</span> <span class='ocrx_word' id='word_1_300' title='bbox 282 2261 374 2301; x_wconf 81' lang='grc' dir='ltr'>ὥστε</span> <span class='ocrx_word' id='word_1_301' title='bbox 409 2262 457 2313; x_wconf 79' lang='grc' dir='ltr'>μὴ</span> <span class='ocrx_word' id='word_1_302' title='bbox 487 2262 636 2306; x_wconf 72' lang='grc' dir='ltr'>πολλοὺς</span> <span class='ocrx_word' id='word_1_303' title='bbox 660 2262 815 2314; x_wconf 82' lang='grc' dir='ltr'>γίνεσθαι</span> <span class='ocrx_word' id='word_1_304' title='bbox 848 2262 924 2306; x_wconf 72' lang='grc' dir='ltr'>τοὺς</span> <span class='ocrx_word' id='word_1_305' title='bbox 959 2262 1092 2314; x_wconf 80' lang='grc' dir='ltr'>βιαίους</span> 
     </span>
     <span class='ocr_line' id='line_1_36' title="bbox 63 2322 1091 2378; baseline 0.003 -18"><span class='ocrx_word' id='word_1_306' title='bbox 63 2322 241 2367; x_wconf 75' lang='grc' dir='ltr'>θανάτους.</span> <span class='ocrx_word' id='word_1_307' title='bbox 262 2326 306 2362; x_wconf 79' lang='grc' dir='ltr'>Εἰ</span> <span class='ocrx_word' id='word_1_308' title='bbox 335 2325 402 2377; x_wconf 80' lang='grc' dir='ltr'>γὰρ</span> <span class='ocrx_word' id='word_1_309' title='bbox 422 2324 549 2363; x_wconf 80' lang='grc' dir='ltr'>τούτων</span> <span class='ocrx_word' id='word_1_310' title='bbox 573 2325 681 2363; x_wconf 75' lang='grc' dir='ltr'>ὄντων</span> <span class='ocrx_word' id='word_1_311' title='bbox 715 2325 857 2378; x_wconf 70' lang='grc' dir='ltr'>ἴσχυσεν</span> <span class='ocrx_word' id='word_1_312' title='bbox 887 2328 904 2363; x_wconf 81' lang='grc' dir='ltr'>ὁ</span> <span class='ocrx_word' id='word_1_313' title='bbox 933 2325 1091 2369; x_wconf 54' lang='lat' dir='ltr'>&amp;trifidae</span> 
     </span>
     <span class='ocr_line' id='line_1_37' title="bbox 62 2391 1090 2447; baseline 0.003 -19"><span class='ocrx_word' id='word_1_314' title='bbox 62 2395 162 2429; x_wconf 78' lang='grc' dir='ltr'>τοῦτο</span> <span class='ocrx_word' id='word_1_315' title='bbox 191 2391 427 2444; x_wconf 75' lang='grc' dir='ltr'>ἐργάσασθαι,</span> <span class='ocrx_word' id='word_1_316' title='bbox 449 2392 508 2430; x_wconf 80' lang='grc' dir='ltr'>καὶ</span> <span class='ocrx_word' id='word_1_317' title='bbox 539 2392 682 2444; x_wconf 88' lang='grc' dir='ltr'>μυρίους</span> <span class='ocrx_word' id='word_1_318' title='bbox 702 2393 758 2432; x_wconf 70' lang='grc' dir='ltr'>ἐπὶ</span> <span class='ocrx_word' id='word_1_319' title='bbox 786 2394 960 2447; x_wconf 73' lang='grc' dir='ltr'>κρημνοὺς</span> <span class='ocrx_word' id='word_1_320' title='bbox 979 2395 1090 2447; x_wconf 73' lang='grc' dir='ltr'>ἤγαγε</span> 
     </span>
     <span class='ocr_line' id='line_1_38' title="bbox 62 2455 1089 2514; baseline 0.005 -20"><span class='ocrx_word' id='word_1_321' title='bbox 62 2457 121 2495; x_wconf 82' lang='grc' dir='ltr'>καὶ</span> <span class='ocrx_word' id='word_1_322' title='bbox 145 2457 286 2510; x_wconf 83' lang='grc' dir='ltr'>βόθρους</span> <span class='ocrx_word' id='word_1_323' title='bbox 301 2475 308 2482; x_wconf 91' lang='grc'><em>·</em></span> <span class='ocrx_word' id='word_1_324' title='bbox 338 2461 367 2496; x_wconf 86' lang='grc' dir='ltr'>εἶ</span> <span class='ocrx_word' id='word_1_325' title='bbox 389 2459 437 2510; x_wconf 76' lang='grc' dir='ltr'>μὴ</span> <span class='ocrx_word' id='word_1_326' title='bbox 460 2461 614 2507; x_wconf 80' lang='grc' dir='ltr'>τοσαύτη</span> <span class='ocrx_word' id='word_1_327' title='bbox 635 2455 676 2506; x_wconf 60' lang='grc' dir='ltr'>ἦν</span> <span class='ocrx_word' id='word_1_328' title='bbox 703 2463 724 2505; x_wconf 81' lang='grc' dir='ltr'>ἧ</span> <span class='ocrx_word' id='word_1_329' title='bbox 746 2461 912 2511; x_wconf 84' lang='grc' dir='ltr'>ἐπιθυμία</span> <span class='ocrx_word' id='word_1_330' title='bbox 931 2465 974 2513; x_wconf 77' lang='grc' dir='ltr'>τῇ</span> <span class='ocrx_word' id='word_1_331' title='bbox 994 2464 1089 2514; x_wconf 66' lang='grc' dir='ltr'>ψυχῇ</span> 
     </span>
     <span class='ocr_line' id='line_1_39' title="bbox 62 2524 1090 2581; baseline 0.004 -19"><span class='ocrx_word' id='word_1_332' title='bbox 62 2529 121 2562; x_wconf 76' lang='grc' dir='ltr'>τοῦ</span> <span class='ocrx_word' id='word_1_333' title='bbox 137 2524 318 2575; x_wconf 83' lang='grc' dir='ltr'>σώματος·</span> <span class='ocrx_word' id='word_1_334' title='bbox 339 2525 401 2564; x_wconf 72' lang='grc' dir='ltr'>κᾶν</span> <span class='ocrx_word' id='word_1_335' title='bbox 423 2526 492 2564; x_wconf 76' lang='grc' dir='ltr'>ἀπὸ</span> <span class='ocrx_word' id='word_1_336' title='bbox 510 2529 573 2572; x_wconf 67' lang='grc' dir='ltr'>’.ἧς</span> <span class='ocrx_word' id='word_1_337' title='bbox 593 2526 764 2578; x_wconf 71' lang='grc' dir='ltr'>τυχούσης</span> <span class='ocrx_word' id='word_1_338' title='bbox 786 2528 934 2578; x_wconf 81' lang='grc' dir='ltr'>ἀθυμίας</span> <span class='ocrx_word' id='word_1_339' title='bbox 955 2529 1090 2581; x_wconf 71' lang='grc' dir='ltr'>ταχέως</span> 
     </span>
     <span class='ocr_line' id='line_1_40' title="bbox 63 2587 1085 2645; baseline 0.004 -17"><span class='ocrx_word' id='word_1_340' title='bbox 63 2591 103 2628; x_wconf 79' lang='grc' dir='ltr'>ἂν</span> <span class='ocrx_word' id='word_1_341' title='bbox 121 2594 152 2629; x_wconf 75' lang='grc' dir='ltr'>οἱ</span> <span class='ocrx_word' id='word_1_342' title='bbox 166 2592 290 2631; x_wconf 84' lang='grc' dir='ltr'>πολλοὶ</span> <span class='ocrx_word' id='word_1_343' title='bbox 309 2593 394 2645; x_wconf 75' lang='grc' dir='ltr'>πρὸς</span> <span class='ocrx_word' id='word_1_344' title='bbox 412 2596 514 2631; x_wconf 78' lang='grc' dir='ltr'>τοῦτο</span> <span class='ocrx_word' id='word_1_345' title='bbox 529 2593 713 2645; x_wconf 77' lang='grc' dir='ltr'>ὥρμησαν.</span> <span class='ocrx_word' id='word_1_346' title='bbox 736 2593 789 2632; x_wconf 80' lang='grc' dir='ltr'>Τὸ</span> <span class='ocrx_word' id='word_1_347' title='bbox 811 2587 886 2641; x_wconf 57' lang='grc' dir='ltr'>οὖν,</span> <span class='ocrx_word' id='word_1_348' title='bbox 908 2593 1025 2633; x_wconf 69' lang='lat' dir='ltr'>“Omo</span> <span class='ocrx_word' id='word_1_349' title='bbox 1048 2597 1085 2633; x_wconf 81' lang='grc' dir='ltr'>οὐ</span> 
     </span>
     <span class='ocr_line' id='line_1_41' title="bbox 62 2658 1086 2712; baseline 0.004 -16"><span class='ocrx_word' id='word_1_350' title='bbox 62 2658 188 2706; x_wconf 80' lang='grc' dir='ltr'>θέλεις,</span> <span class='ocrx_word' id='word_1_351' title='bbox 204 2659 268 2705; x_wconf 77' lang='grc' dir='ltr'>τὴν</span> <span class='ocrx_word' id='word_1_352' title='bbox 285 2660 433 2712; x_wconf 70' lang='grc' dir='ltr'>φυσικὴν</span> <span class='ocrx_word' id='word_1_353' title='bbox 454 2660 636 2708; x_wconf 71' lang='grc' dir='ltr'>δηλοῦντός</span> <span class='ocrx_word' id='word_1_354' title='bbox 653 2662 728 2698; x_wconf 80' lang='grc' dir='ltr'>ἐστι</span> <span class='ocrx_word' id='word_1_355' title='bbox 744 2661 978 2711; x_wconf 71' lang='grc' dir='ltr'>συμπάθειαν.</span> <span class='ocrx_word' id='word_1_356' title='bbox 1002 2664 1086 2705; x_wconf 77' lang='grc' dir='ltr'>Πῶς</span> 
     </span>
     <span class='ocr_line' id='line_1_42' title="bbox 61 2722 1086 2780; baseline 0.003 -17"><span class='ocrx_word' id='word_1_357' title='bbox 61 2725 96 2763; x_wconf 76' lang='grc' dir='ltr'>δὲ</span> <span class='ocrx_word' id='word_1_358' title='bbox 125 2726 244 2776; x_wconf 79' lang='grc' dir='ltr'>εἰπὼν,</span> <span class='ocrx_word' id='word_1_359' title='bbox 261 2727 350 2765; x_wconf 69' lang='grc' dir='ltr'>εὈτε</span> <span class='ocrx_word' id='word_1_360' title='bbox 381 2722 421 2774; x_wconf 62' lang='grc' dir='ltr'>ἧς</span> <span class='ocrx_word' id='word_1_361' title='bbox 439 2727 625 2780; x_wconf 71' lang='grc' dir='ltr'>νεώτερος,</span> <span class='ocrx_word' id='word_1_362' title='bbox 647 2728 752 2766; x_wconf 76' lang='grc' dir='ltr'>πάλιν</span> <span class='ocrx_word' id='word_1_363' title='bbox 780 2727 894 2780; x_wconf 78' lang='grc' dir='ltr'>λέγει·</span> <span class='ocrx_word' id='word_1_364' title='bbox 912 2727 1023 2766; x_wconf 61' lang='lat' dir='ltr'>“Ovem</span> <span class='ocrx_word' id='word_1_365' title='bbox 1051 2728 1086 2766; x_wconf 75' lang='grc' dir='ltr'>ἓὲ</span> 
     </span>
     <span class='ocr_line' id='line_1_43' title="bbox 59 2794 1085 2847; baseline 0.001 -15"><span class='ocrx_word' id='word_1_366' title='bbox 59 2794 366 2846; x_wconf 65' lang='grc' dir='ltr'>γηράσῃς5Τοῦτο</span> <span class='ocrx_word' id='word_1_367' title='bbox 387 2795 454 2847; x_wconf 82' lang='grc' dir='ltr'>γὰρ</span> <span class='ocrx_word' id='word_1_368' title='bbox 481 2795 672 2839; x_wconf 75' lang='grc' dir='ltr'>δεικνύντος</span> <span class='ocrx_word' id='word_1_369' title='bbox 699 2795 790 2834; x_wconf 78' lang='grc' dir='ltr'>ἐστὶν</span> <span class='ocrx_word' id='word_1_370' title='bbox 811 2798 872 2833; x_wconf 75' lang='grc' dir='ltr'>οὐκ</span> <span class='ocrx_word' id='word_1_371' title='bbox 902 2795 985 2834; x_wconf 75' lang='grc' dir='ltr'>ὄντα</span> <span class='ocrx_word' id='word_1_372' title='bbox 1008 2796 1085 2834; x_wconf 77' lang='grc' dir='ltr'>τότε</span> 
     </span>
     <span class='ocr_line' id='line_1_44' title="bbox 59 2859 1085 2918; baseline 0.001 -18"><span class='ocrx_word' id='word_1_373' title='bbox 59 2862 134 2901; x_wconf 88' lang='grc' dir='ltr'>νέον</span> <span class='ocrx_word' id='word_1_374' title='bbox 149 2878 156 2886; x_wconf 89' lang='grc'><em>·</em></span> <span class='ocrx_word' id='word_1_375' title='bbox 173 2862 248 2902; x_wconf 72' lang='grc' dir='ltr'>οὐδὲ</span> <span class='ocrx_word' id='word_1_376' title='bbox 277 2864 343 2916; x_wconf 81' lang='grc' dir='ltr'>γὰρ</span> <span class='ocrx_word' id='word_1_377' title='bbox 370 2859 411 2911; x_wconf 60' lang='grc' dir='ltr'>ἦν</span> <span class='ocrx_word' id='word_1_378' title='bbox 427 2881 434 2888; x_wconf 92' lang='grc'><em>·</em></span> <span class='ocrx_word' id='word_1_379' title='bbox 455 2866 532 2903; x_wconf 86' lang='grc' dir='ltr'>ἀλλ’</span> <span class='ocrx_word' id='word_1_380' title='bbox 555 2863 630 2903; x_wconf 56' lang='grc' dir='ltr'>οῧῗὲ</span> <span class='ocrx_word' id='word_1_381' title='bbox 652 2864 878 2918; x_wconf 76' lang='grc' dir='ltr'>γεγηρακὼς,</span> <span class='ocrx_word' id='word_1_382' title='bbox 899 2867 975 2902; x_wconf 83' lang='grc' dir='ltr'>ἀλλ’</span> <span class='ocrx_word' id='word_1_383' title='bbox 997 2864 1085 2917; x_wconf 69' lang='grc' dir='ltr'>ἀνὴρ</span> 
     </span>
     <span class='ocr_line' id='line_1_45' title="bbox 58 2925 1085 2983; baseline 0.001 -15"><span class='ocrx_word' id='word_1_384' title='bbox 58 2931 198 2974; x_wconf 84' lang='grc' dir='ltr'>τέλειος.</span> <span class='ocrx_word' id='word_1_385' title='bbox 219 2930 322 2974; x_wconf 87' lang='grc' dir='ltr'>Τίνος</span> <span class='ocrx_word' id='word_1_386' title='bbox 343 2925 400 2969; x_wconf 70' lang='grc' dir='ltr'>οῧν</span> <span class='ocrx_word' id='word_1_387' title='bbox 421 2931 535 2969; x_wconf 76' lang='grc' dir='ltr'>ἕνεκεν</span> <span class='ocrx_word' id='word_1_388' title='bbox 553 2932 744 2983; x_wconf 79' lang='grc' dir='ltr'>ἀνέμνησεν</span> <span class='ocrx_word' id='word_1_389' title='bbox 762 2931 864 2970; x_wconf 74' lang='grc' dir='ltr'>αὐτὸν</span> <span class='ocrx_word' id='word_1_390' title='bbox 885 2936 944 2970; x_wconf 48' lang='grc' dir='ltr'>τσῦ</span> <span class='ocrx_word' id='word_1_391' title='bbox 962 2931 1085 2983; x_wconf 85' lang='grc' dir='ltr'>προτέ-</span> 
     </span>
     <span class='ocr_line' id='line_1_46' title="bbox 62 2997 1085 3052; baseline 0.003 -17"><span class='ocrx_word' id='word_1_392' title='bbox 62 3013 119 3049; x_wconf 91' lang='grc' dir='ltr'>ρου</span> <span class='ocrx_word' id='word_1_393' title='bbox 141 2997 236 3049; x_wconf 75' lang='grc' dir='ltr'>βίου,</span> <span class='ocrx_word' id='word_1_394' title='bbox 252 2999 389 3046; x_wconf 79' lang='grc' dir='ltr'>Δηλῶν,</span> <span class='ocrx_word' id='word_1_395' title='bbox 410 3000 463 3036; x_wconf 81' lang='grc' dir='ltr'>ὅτι</span> <span class='ocrx_word' id='word_1_396' title='bbox 481 3004 624 3038; x_wconf 75' lang='grc' dir='ltr'>τοιαῦτα</span> <span class='ocrx_word' id='word_1_397' title='bbox 643 2999 688 3038; x_wconf 77' lang='grc' dir='ltr'>τὰ</span> <span class='ocrx_word' id='word_1_398' title='bbox 708 3002 824 3038; x_wconf 69' lang='grc' dir='ltr'>αὐτοῦ.</span> <span class='ocrx_word' id='word_1_399' title='bbox 845 2999 906 3038; x_wconf 80' lang='grc' dir='ltr'>Ἐν</span> <span class='ocrx_word' id='word_1_400' title='bbox 928 3000 990 3051; x_wconf 79' lang='grc' dir='ltr'>μὲν</span> <span class='ocrx_word' id='word_1_401' title='bbox 1017 3000 1085 3052; x_wconf 73' lang='grc' dir='ltr'>γὰρ</span> 
     </span>
     <span class='ocr_line' id='line_1_47' title="bbox 58 3065 1085 3119; baseline 0.002 -17"><span class='ocrx_word' id='word_1_402' title='bbox 58 3071 128 3109; x_wconf 89' lang='grc' dir='ltr'>τοῖς</span> <span class='ocrx_word' id='word_1_403' title='bbox 147 3067 320 3116; x_wconf 86' lang='grc' dir='ltr'>βιωτικοῖς</span> <span class='ocrx_word' id='word_1_404' title='bbox 339 3069 356 3103; x_wconf 86' lang='grc' dir='ltr'>ὃ</span> <span class='ocrx_word' id='word_1_405' title='bbox 379 3065 440 3116; x_wconf 80' lang='grc' dir='ltr'>μὲν</span> <span class='ocrx_word' id='word_1_406' title='bbox 458 3065 532 3109; x_wconf 81' lang='grc' dir='ltr'>νέος</span> <span class='ocrx_word' id='word_1_407' title='bbox 558 3067 755 3119; x_wconf 72' lang='grc' dir='ltr'>χρήσιμος,</span> <span class='ocrx_word' id='word_1_408' title='bbox 778 3071 795 3105; x_wconf 79' lang='grc' dir='ltr'><em>ὃ</em></span> <span class='ocrx_word' id='word_1_409' title='bbox 818 3066 854 3104; x_wconf 75' lang='grc' dir='ltr'>δὲ</span> <span class='ocrx_word' id='word_1_410' title='bbox 880 3066 1085 3119; x_wconf 79' lang='grc' dir='ltr'>γεγηρακὼς</span> 
     </span>
    </p>
   </div>
   <div class='ocr_carea' id='block_1_5' title="bbox 60 3134 1084 3189">
    <p class='ocr_par' dir='ltr' id='par_1_5' title="bbox 60 3134 1084 3189">
     <span class='ocr_line' id='line_1_48' title="bbox 60 3134 1084 3189; baseline 0.001 -18"><span class='ocrx_word' id='word_1_411' title='bbox 60 3134 252 3188; x_wconf 70' lang='grc' dir='ltr'>ἄχρηστος·</span> <span class='ocrx_word' id='word_1_412' title='bbox 273 3138 306 3174; x_wconf 87' lang='grc' dir='ltr'>ἐν</span> <span class='ocrx_word' id='word_1_413' title='bbox 325 3135 361 3174; x_wconf 75' lang='grc' dir='ltr'>δὲ</span> <span class='ocrx_word' id='word_1_414' title='bbox 377 3135 460 3188; x_wconf 67' lang='grc' dir='ltr'>τοῖςζ</span> <span class='ocrx_word' id='word_1_415' title='bbox 463 3138 576 3187; x_wconf 79' lang='grc' dir='ltr'>ἐμοῖς,</span> <span class='ocrx_word' id='word_1_416' title='bbox 606 3136 725 3188; x_wconf 76' lang='grc' dir='ltr'>φησὶν,</span> <span class='ocrx_word' id='word_1_417' title='bbox 748 3139 811 3189; x_wconf 74' lang='grc' dir='ltr'>οὐχ</span> <span class='ocrx_word' id='word_1_418' title='bbox 839 3135 947 3178; x_wconf 77' lang='grc' dir='ltr'>οὕτως</span> <span class='ocrx_word' id='word_1_419' title='bbox 963 3165 972 3183; x_wconf 92' lang='grc'>,</span> <span class='ocrx_word' id='word_1_420' title='bbox 993 3136 1084 3181; x_wconf 81' lang='grc' dir='ltr'>ἀλλ’,</span> 
     </span>
    </p>
   </div>
   <div class='ocr_carea' id='block_1_6' title="bbox 103 3288 1068 3334">
    <p class='ocr_par' dir='ltr' id='par_1_6' title="bbox 103 3288 1068 3334">
     <span class='ocr_line' id='line_1_49' title="bbox 103 3288 1068 3334; baseline -0.005 -10"><span class='ocrx_word' id='word_1_421' title='bbox 103 3290 120 3314; x_wconf 71' lang='lat' dir='ltr'>b</span> <span class='ocrx_word' id='word_1_422' title='bbox 144 3289 224 3321; x_wconf 73' lang='lat' dir='ltr'>POSt</span> <span class='ocrx_word' id='word_1_423' title='bbox 239 3295 369 3334; x_wconf 71' lang='grc' dir='ltr'>γηράσῃς</span> <span class='ocrx_word' id='word_1_424' title='bbox 385 3288 440 3322; x_wconf 78' lang='lat' dir='ltr'>alii</span> <span class='ocrx_word' id='word_1_425' title='bbox 463 3288 593 3321; x_wconf 82' lang='lat' dir='ltr'>addunt</span> <span class='ocrx_word' id='word_1_426' title='bbox 616 3293 736 3328; x_wconf 70' lang='grc' dir='ltr'>ἐκτενεῖς</span> <span class='ocrx_word' id='word_1_427' title='bbox 750 3298 802 3327; x_wconf 61' lang='grc' dir='ltr'>τᾶς</span> <span class='ocrx_word' id='word_1_428' title='bbox 817 3293 916 3334; x_wconf 63' lang='grc' dir='ltr'>χεῖράς</span> <span class='ocrx_word' id='word_1_429' title='bbox 934 3302 1002 3329; x_wconf 74' lang='grc' dir='ltr'>του,</span> <span class='ocrx_word' id='word_1_430' title='bbox 1021 3291 1068 3320; x_wconf 65' lang='grc' dir='ltr'>καὶ</span> 
     </span>
    </p>
   </div>
   <div class='ocr_carea' id='block_1_7' title="bbox 60 3346 606 3382">
    <p class='ocr_par' dir='ltr' id='par_1_7' title="bbox 60 3346 606 3382">
     <span class='ocr_line' id='line_1_50' title="bbox 60 3346 606 3382; baseline 0.004 -9"><span class='ocrx_word' id='word_1_431' title='bbox 60 3346 148 3379; x_wconf 57' lang='grc' dir='ltr'>ἀλλος</span> <span class='ocrx_word' id='word_1_432' title='bbox 168 3357 194 3379; x_wconf 69' lang='lat'>73</span> <span class='ocrx_word' id='word_1_433' title='bbox 214 3348 315 3382; x_wconf 69' lang='grc' dir='ltr'>ζώσει,</span> <span class='ocrx_word' id='word_1_434' title='bbox 337 3358 372 3375; x_wconf 68' lang='grc' dir='ltr'>να</span> <span class='ocrx_word' id='word_1_435' title='bbox 393 3346 515 3381; x_wconf 45' lang='grc' dir='ltr'>’ἄξουσίν</span> <span class='ocrx_word' id='word_1_436' title='bbox 536 3347 606 3376; x_wconf 59' lang='grc' dir='ltr'>’ἴττω</span> 
     </span>
    </p>
   </div>
   <div class='ocr_carea' id='block_1_8' title="bbox 1156 234 2362 3182">
    <p class='ocr_par' dir='ltr' id='par_1_8' title="bbox 1171 234 2161 288">
     <span class='ocr_line' id='line_1_51' title="bbox 1171 234 2161 288; baseline 0.006 -17"><span class='ocrx_word' id='word_1_437' title='bbox 1171 242 1295 271; x_wconf 88' lang='lat' dir='ltr'>testem</span> <span class='ocrx_word' id='word_1_438' title='bbox 1313 243 1487 283; x_wconf 68' lang='lat' dir='ltr'>vocasset,</span> <span class='ocrx_word' id='word_1_439' title='bbox 1505 243 1538 271; x_wconf 85' lang='lat' dir='ltr'>ct</span> <span class='ocrx_word' id='word_1_440' title='bbox 1553 234 1671 272; x_wconf 84' lang='lat' dir='ltr'>adhuc</span> <span class='ocrx_word' id='word_1_441' title='bbox 1690 235 1794 272; x_wconf 86' lang='lat' dir='ltr'>tertio</span> <span class='ocrx_word' id='word_1_442' title='bbox 1815 235 2064 288; x_wconf 83' lang='lat' dir='ltr'>interrogatus,</span> <span class='ocrx_word' id='word_1_443' title='bbox 2085 248 2161 277; x_wconf 88' lang='lat' dir='ltr'>tur-</span> 
     </span>
    </p>

    <p class='ocr_par' dir='ltr' id='par_1_9' title="bbox 1168 294 2160 408">
     <span class='ocr_line' id='line_1_52' title="bbox 1168 294 2160 346; baseline 0.007 -15"><span class='ocrx_word' id='word_1_444' title='bbox 1168 294 1272 331; x_wconf 86' lang='lat' dir='ltr'>batus</span> <span class='ocrx_word' id='word_1_445' title='bbox 1292 303 1392 343; x_wconf 89' lang='lat' dir='ltr'>esset,</span> <span class='ocrx_word' id='word_1_446' title='bbox 1412 294 1457 332; x_wconf 90' lang='lat' dir='ltr'>ob</span> <span class='ocrx_word' id='word_1_447' title='bbox 1476 294 1596 346; x_wconf 86' lang='lat' dir='ltr'>priora</span> <span class='ocrx_word' id='word_1_448' title='bbox 1616 294 1766 332; x_wconf 87' lang='lat' dir='ltr'>timidus</span> <span class='ocrx_word' id='word_1_449' title='bbox 1784 295 1927 334; x_wconf 77' lang='lat' dir='ltr'>effectus</span> <span class='ocrx_word' id='word_1_450' title='bbox 1947 300 2056 344; x_wconf 84' lang='lat' dir='ltr'>(nam</span> <span class='ocrx_word' id='word_1_451' title='bbox 2077 309 2160 338; x_wconf 86' lang='lat' dir='ltr'>tunc</span> 
     </span>
     <span class='ocr_line' id='line_1_53' title="bbox 1168 355 2159 408; baseline 0.007 -16"><span class='ocrx_word' id='word_1_452' title='bbox 1168 356 1346 392; x_wconf 82' lang='lat' dir='ltr'>affirmate</span> <span class='ocrx_word' id='word_1_453' title='bbox 1372 355 1556 406; x_wconf 82' lang='lat' dir='ltr'>loquutus,</span> <span class='ocrx_word' id='word_1_454' title='bbox 1588 364 1709 407; x_wconf 85' lang='lat' dir='ltr'>postea</span> <span class='ocrx_word' id='word_1_455' title='bbox 1737 366 1923 408; x_wconf 85' lang='lat' dir='ltr'>superatus</span> <span class='ocrx_word' id='word_1_456' title='bbox 1955 364 2028 408; x_wconf 70' lang='lat' dir='ltr'>est)</span> <span class='ocrx_word' id='word_1_457' title='bbox 2051 376 2057 395; x_wconf 91' lang='lat'>:</span> <span class='ocrx_word' id='word_1_458' title='bbox 2079 361 2159 399; x_wconf 87' lang='lat' dir='ltr'>idco</span> 
     </span>
    </p>

    <p class='ocr_par' dir='ltr' id='par_1_10' title="bbox 1168 415 2159 468">
     <span class='ocr_line' id='line_1_54' title="bbox 1168 415 2159 468; baseline 0.007 -16"><span class='ocrx_word' id='word_1_459' title='bbox 1168 430 1294 453; x_wconf 87' lang='lat' dir='ltr'>rursus</span> <span class='ocrx_word' id='word_1_460' title='bbox 1310 415 1355 453; x_wconf 88' lang='lat' dir='ltr'>ad</span> <span class='ocrx_word' id='word_1_461' title='bbox 1371 416 1475 454; x_wconf 92' lang='lat' dir='ltr'>illum</span> <span class='ocrx_word' id='word_1_462' title='bbox 1492 416 1666 468; x_wconf 84' lang='lat' dir='ltr'>confugit.</span> <span class='ocrx_word' id='word_1_463' title='bbox 1687 417 1780 454; x_wconf 83' lang='lat' dir='ltr'>Nam</span> <span class='ocrx_word' id='word_1_464' title='bbox 1796 431 1877 454; x_wconf 84' lang='lat' dir='ltr'>cum</span> <span class='ocrx_word' id='word_1_465' title='bbox 1892 417 1995 468; x_wconf 88' lang='lat' dir='ltr'>dicit,</span> <span class='ocrx_word' id='word_1_466' title='bbox 2015 422 2077 457; x_wconf 85' lang='grc'>17.</span> <span class='ocrx_word' id='word_1_467' title='bbox 2102 424 2159 460; x_wconf 76' lang='lat' dir='ltr'>Tu</span> 
     </span>
    </p>

    <p class='ocr_par' dir='ltr' id='par_1_11' title="bbox 1167 477 2362 840">
     <span class='ocr_line' id='line_1_55' title="bbox 1171 477 2359 544; baseline 0.004 -31"><span class='ocrx_word' id='word_1_468' title='bbox 1171 480 1304 515; x_wconf 82' lang='lat' dir='ltr'>omnia</span> <span class='ocrx_word' id='word_1_469' title='bbox 1333 480 1430 524; x_wconf 80' lang='lat' dir='ltr'>scis,·</span> <span class='ocrx_word' id='word_1_470' title='bbox 1455 478 1491 516; x_wconf 89' lang='lat' dir='ltr'>id</span> <span class='ocrx_word' id='word_1_471' title='bbox 1510 488 1574 527; x_wconf 91' lang='lat' dir='ltr'>est,</span> <span class='ocrx_word' id='word_1_472' title='bbox 1604 477 1790 530; x_wconf 86' lang='lat' dir='ltr'>praesentia</span> <span class='ocrx_word' id='word_1_473' title='bbox 1809 488 1843 516; x_wconf 92' lang='lat' dir='ltr'>et</span> <span class='ocrx_word' id='word_1_474' title='bbox 1862 479 1996 517; x_wconf 83' lang='lat' dir='ltr'>futura.</span> <span class='ocrx_word' id='word_1_475' title='bbox 2024 481 2155 519; x_wconf 63' lang='lat' dir='ltr'>Yidcn&#39;</span> <span class='ocrx_word' id='word_1_476' title='bbox 2255 516 2359 544; x_wconf 76' lang='lat' dir='ltr'>Petrus</span> 
     </span>
     <span class='ocr_line' id='line_1_56' title="bbox 1169 541 2359 594; baseline 0.008 -18"><span class='ocrx_word' id='word_1_477' title='bbox 1169 550 1299 591; x_wconf 86' lang='lat' dir='ltr'>quanto</span> <span class='ocrx_word' id='word_1_478' title='bbox 1323 541 1450 579; x_wconf 87' lang='lat' dir='ltr'>melior</span> <span class='ocrx_word' id='word_1_479' title='bbox 1472 542 1585 579; x_wconf 83' lang='lat' dir='ltr'>factus</span> <span class='ocrx_word' id='word_1_480' title='bbox 1614 542 1673 592; x_wconf 88' lang='lat' dir='ltr'>sit,</span> <span class='ocrx_word' id='word_1_481' title='bbox 1696 550 1828 592; x_wconf 87' lang='lat' dir='ltr'>quanto</span> <span class='ocrx_word' id='word_1_482' title='bbox 1856 542 2066 592; x_wconf 78' lang='lat' dir='ltr'>modestior,</span> <span class='ocrx_word' id='word_1_483' title='bbox 2088 557 2156 581; x_wconf 87' lang='lat' dir='ltr'>non</span> <span class='ocrx_word' id='word_1_484' title='bbox 2173 558 2359 594; x_wconf 76' lang='lat' dir='ltr'>posilapsum</span> 
     </span>
     <span class='ocr_line' id='line_1_57' title="bbox 1167 601 2362 668; baseline 0.003 -29"><span class='ocrx_word' id='word_1_485' title='bbox 1167 612 1372 654; x_wconf 77' lang='lat' dir='ltr'>arroganter</span> <span class='ocrx_word' id='word_1_486' title='bbox 1394 603 1659 653; x_wconf 77' lang='lat' dir='ltr'>contradicens,</span> <span class='ocrx_word' id='word_1_487' title='bbox 1688 612 1727 641; x_wconf 91' lang='lat' dir='ltr'>ut</span> <span class='ocrx_word' id='word_1_488' title='bbox 1749 603 1856 641; x_wconf 73' lang='lat' dir='ltr'>ante?</span> <span class='ocrx_word' id='word_1_489' title='bbox 1878 603 1963 642; x_wconf 87' lang='lat' dir='ltr'>Ideo</span> <span class='ocrx_word' id='word_1_490' title='bbox 1994 605 2158 643; x_wconf 83' lang='lat' dir='ltr'>turbatus</span> <span class='ocrx_word' id='word_1_491' title='bbox 2171 601 2362 668; x_wconf 49' lang='grc' dir='ltr'>Ξὲἑῑὲεἱίωθῑ</span> 
     </span>
     <span class='ocr_line' id='line_1_58' title="bbox 1169 661 2342 717; baseline 0.004 -17"><span class='ocrx_word' id='word_1_492' title='bbox 1169 672 1220 700; x_wconf 84' lang='lat' dir='ltr'>est</span> <span class='ocrx_word' id='word_1_493' title='bbox 1237 665 1355 701; x_wconf 84' lang='lat' dir='ltr'>:Num</span> <span class='ocrx_word' id='word_1_494' title='bbox 1387 665 1477 702; x_wconf 87' lang='lat' dir='ltr'>forte</span> <span class='ocrx_word' id='word_1_495' title='bbox 1496 679 1577 702; x_wconf 91' lang='lat' dir='ltr'>cum</span> <span class='ocrx_word' id='word_1_496' title='bbox 1603 678 1722 702; x_wconf 84' lang='lat' dir='ltr'>amare</span> <span class='ocrx_word' id='word_1_497' title='bbox 1748 679 1806 702; x_wconf 91' lang='lat' dir='ltr'>me</span> <span class='ocrx_word' id='word_1_498' title='bbox 1832 674 1969 717; x_wconf 87' lang='lat' dir='ltr'>putem,</span> <span class='ocrx_word' id='word_1_499' title='bbox 1988 680 2056 704; x_wconf 91' lang='lat' dir='ltr'>non</span> <span class='ocrx_word' id='word_1_500' title='bbox 2079 681 2158 705; x_wconf 86' lang='lat' dir='ltr'>amo</span> <span class='ocrx_word' id='word_1_501' title='bbox 2336 661 2342 668; x_wconf 54' lang='lat'>⁸</span> 
     </span>
     <span class='ocr_line' id='line_1_59' title="bbox 1168 727 2160 780; baseline 0.006 -19"><span class='ocrx_word' id='word_1_502' title='bbox 1168 733 1301 762; x_wconf 86' lang='lat' dir='ltr'>tamen:</span> <span class='ocrx_word' id='word_1_503' title='bbox 1320 735 1358 763; x_wconf 93' lang='lat' dir='ltr'>ut</span> <span class='ocrx_word' id='word_1_504' title='bbox 1373 735 1453 764; x_wconf 85' lang='lat' dir='ltr'>ante</span> <span class='ocrx_word' id='word_1_505' title='bbox 1469 727 1583 764; x_wconf 83' lang='lat' dir='ltr'>altum</span> <span class='ocrx_word' id='word_1_506' title='bbox 1602 727 1742 779; x_wconf 85' lang='lat' dir='ltr'>sapiens</span> <span class='ocrx_word' id='word_1_507' title='bbox 1756 736 1790 764; x_wconf 88' lang='lat' dir='ltr'>et</span> <span class='ocrx_word' id='word_1_508' title='bbox 1806 740 2024 777; x_wconf 71' lang='lat' dir='ltr'>asseverans,</span> <span class='ocrx_word' id='word_1_509' title='bbox 2038 738 2160 780; x_wconf 77' lang='lat' dir='ltr'>postca</span> 
     </span>
     <span class='ocr_line' id='line_1_60' title="bbox 1168 787 2159 840; baseline 0.005 -18"><span class='ocrx_word' id='word_1_510' title='bbox 1168 796 1355 838; x_wconf 85' lang='lat' dir='ltr'>superatus</span> <span class='ocrx_word' id='word_1_511' title='bbox 1373 788 1483 825; x_wconf 70' lang='lat' dir='ltr'>sum?</span> <span class='ocrx_word' id='word_1_512' title='bbox 1502 789 1575 825; x_wconf 85' lang='lat' dir='ltr'>Ter</span> <span class='ocrx_word' id='word_1_513' title='bbox 1594 787 1802 840; x_wconf 87' lang='lat' dir='ltr'>interrogat,</span> <span class='ocrx_word' id='word_1_514' title='bbox 1823 797 1857 825; x_wconf 90' lang='lat' dir='ltr'>et</span> <span class='ocrx_word' id='word_1_515' title='bbox 1878 797 1930 826; x_wconf 89' lang='lat' dir='ltr'>ter</span> <span class='ocrx_word' id='word_1_516' title='bbox 1949 788 2071 827; x_wconf 88' lang='lat' dir='ltr'>eadem</span> <span class='ocrx_word' id='word_1_517' title='bbox 2088 790 2159 827; x_wconf 90' lang='lat' dir='ltr'>im-</span> 
     </span>
    </p>

    <p class='ocr_par' dir='ltr' id='par_1_12' title="bbox 1169 849 2158 902">
     <span class='ocr_line' id='line_1_61' title="bbox 1169 849 2158 902; baseline 0.003 -17"><span class='ocrx_word' id='word_1_518' title='bbox 1169 856 1281 899; x_wconf 78' lang='lat' dir='ltr'>perat,</span> <span class='ocrx_word' id='word_1_519' title='bbox 1304 857 1343 886; x_wconf 91' lang='lat' dir='ltr'>ut</span> <span class='ocrx_word' id='word_1_520' title='bbox 1372 849 1557 899; x_wconf 86' lang='lat' dir='ltr'>ostendat,</span> <span class='ocrx_word' id='word_1_521' title='bbox 1587 850 1710 900; x_wconf 90' lang='lat' dir='ltr'>quanti</span> <span class='ocrx_word' id='word_1_522' title='bbox 1738 849 1845 887; x_wconf 86' lang='lat' dir='ltr'>faciat</span> <span class='ocrx_word' id='word_1_523' title='bbox 1867 850 1992 888; x_wconf 75' lang='lat' dir='ltr'>ovium</span> <span class='ocrx_word' id='word_1_524' title='bbox 2011 865 2134 889; x_wconf 88' lang='lat' dir='ltr'>curam</span> <span class='ocrx_word' id='word_1_525' title='bbox 2146 882 2158 902; x_wconf 96' lang='lat'>,</span> 
     </span>
    </p>

    <p class='ocr_par' dir='ltr' id='par_1_13' title="bbox 1170 910 2161 965">
     <span class='ocr_line' id='line_1_62' title="bbox 1170 910 2161 965; baseline 0.006 -18"><span class='ocrx_word' id='word_1_526' title='bbox 1170 919 1204 947; x_wconf 91' lang='lat' dir='ltr'>et</span> <span class='ocrx_word' id='word_1_527' title='bbox 1226 910 1294 948; x_wconf 85' lang='lat' dir='ltr'>hoc</span> <span class='ocrx_word' id='word_1_528' title='bbox 1324 912 1527 950; x_wconf 73' lang='lat' dir='ltr'>maximum</span> <span class='ocrx_word' id='word_1_529' title='bbox 1550 926 1623 950; x_wconf 90' lang='lat' dir='ltr'>esse</span> <span class='ocrx_word' id='word_1_530' title='bbox 1651 912 1783 950; x_wconf 85' lang='lat' dir='ltr'>amoris</span> <span class='ocrx_word' id='word_1_531' title='bbox 1813 926 1894 963; x_wconf 87' lang='lat' dir='ltr'>erga</span> <span class='ocrx_word' id='word_1_532' title='bbox 1915 927 1952 951; x_wconf 91' lang='lat' dir='ltr'>se</span> <span class='ocrx_word' id='word_1_533' title='bbox 1971 928 2161 965; x_wconf 81' lang='lat' dir='ltr'>argumen-</span> 
     </span>
    </p>

    <p class='ocr_par' dir='ltr' id='par_1_14' title="bbox 1168 973 2161 1029">
     <span class='ocr_line' id='line_1_63' title="bbox 1168 973 2161 1029; baseline 0.005 -21"><span class='ocrx_word' id='word_1_534' title='bbox 1168 979 1258 1011; x_wconf 87' lang='lat' dir='ltr'>tum.</span> <span class='ocrx_word' id='word_1_535' title='bbox 1282 974 1336 1011; x_wconf 88' lang='lat' dir='ltr'>De</span> <span class='ocrx_word' id='word_1_536' title='bbox 1355 988 1474 1012; x_wconf 86' lang='lat' dir='ltr'>amore</span> <span class='ocrx_word' id='word_1_537' title='bbox 1499 988 1580 1026; x_wconf 82' lang='lat' dir='ltr'>erga</span> <span class='ocrx_word' id='word_1_538' title='bbox 1603 988 1638 1012; x_wconf 88' lang='lat' dir='ltr'>se</span> <span class='ocrx_word' id='word_1_539' title='bbox 1657 973 1762 1011; x_wconf 89' lang='lat' dir='ltr'>illum</span> <span class='ocrx_word' id='word_1_540' title='bbox 1778 973 2003 1024; x_wconf 85' lang='lat' dir='ltr'>alloquutus,</span> <span class='ocrx_word' id='word_1_541' title='bbox 2023 985 2161 1029; x_wconf 83' lang='lat' dir='ltr'>marty-</span> 
     </span>
    </p>

    <p class='ocr_par' dir='ltr' id='par_1_15' title="bbox 1167 1032 2162 1087">
     <span class='ocr_line' id='line_1_64' title="bbox 1167 1032 2162 1087; baseline 0.006 -19"><span class='ocrx_word' id='word_1_542' title='bbox 1167 1032 1264 1071; x_wconf 87' lang='lat' dir='ltr'>rium</span> <span class='ocrx_word' id='word_1_543' title='bbox 1283 1034 1380 1085; x_wconf 89' lang='lat' dir='ltr'>quod</span> <span class='ocrx_word' id='word_1_544' title='bbox 1404 1049 1574 1087; x_wconf 84' lang='lat' dir='ltr'>passurus</span> <span class='ocrx_word' id='word_1_545' title='bbox 1603 1044 1677 1073; x_wconf 90' lang='lat' dir='ltr'>erat</span> <span class='ocrx_word' id='word_1_546' title='bbox 1704 1034 1870 1086; x_wconf 76' lang='lat' dir='ltr'>praedicit</span> <span class='ocrx_word' id='word_1_547' title='bbox 1887 1051 1897 1071; x_wconf 93' lang='grc'>.·</span> <span class='ocrx_word' id='word_1_548' title='bbox 1918 1034 2100 1074; x_wconf 84' lang='lat' dir='ltr'>declarans</span> <span class='ocrx_word' id='word_1_549' title='bbox 2124 1051 2162 1074; x_wconf 89' lang='lat' dir='ltr'>se</span> 
     </span>
    </p>

    <p class='ocr_par' dir='ltr' id='par_1_16' title="bbox 1169 1095 2160 1148">
     <span class='ocr_line' id='line_1_65' title="bbox 1169 1095 2160 1148; baseline 0.005 -18"><span class='ocrx_word' id='word_1_550' title='bbox 1169 1107 1237 1131; x_wconf 90' lang='lat' dir='ltr'>non</span> <span class='ocrx_word' id='word_1_551' title='bbox 1259 1095 1355 1146; x_wconf 89' lang='lat' dir='ltr'>quod</span> <span class='ocrx_word' id='word_1_552' title='bbox 1378 1096 1560 1135; x_wconf 79' lang='lat' dir='ltr'>djffideret</span> <span class='ocrx_word' id='word_1_553' title='bbox 1589 1096 1638 1134; x_wconf 84' lang='lat' dir='ltr'>ita</span> <span class='ocrx_word' id='word_1_554' title='bbox 1667 1096 1857 1148; x_wconf 87' lang='lat' dir='ltr'>loquutum</span> <span class='ocrx_word' id='word_1_555' title='bbox 1877 1111 1965 1147; x_wconf 89' lang='lat' dir='ltr'>esse,</span> <span class='ocrx_word' id='word_1_556' title='bbox 1997 1098 2059 1135; x_wconf 82' lang='lat' dir='ltr'>sed</span> <span class='ocrx_word' id='word_1_557' title='bbox 2084 1113 2160 1135; x_wconf 81' lang='lat' dir='ltr'>ma-</span> 
     </span>
    </p>

    <p class='ocr_par' dir='ltr' id='par_1_17' title="bbox 1169 1155 2161 1211">
     <span class='ocr_line' id='line_1_66' title="bbox 1169 1155 2161 1211; baseline 0.004 -18"><span class='ocrx_word' id='word_1_558' title='bbox 1169 1155 1266 1194; x_wconf 72' lang='lat' dir='ltr'>xime</span> <span class='ocrx_word' id='word_1_559' title='bbox 1284 1157 1440 1195; x_wconf 87' lang='lat' dir='ltr'>credere.</span> <span class='ocrx_word' id='word_1_560' title='bbox 1463 1159 1514 1196; x_wconf 91' lang='lat' dir='ltr'>Ut</span> <span class='ocrx_word' id='word_1_561' title='bbox 1534 1167 1652 1196; x_wconf 85' lang='lat' dir='ltr'>autem</span> <span class='ocrx_word' id='word_1_562' title='bbox 1673 1158 1804 1196; x_wconf 85' lang='lat' dir='ltr'>amoris</span> <span class='ocrx_word' id='word_1_563' title='bbox 1825 1159 2029 1211; x_wconf 74' lang='lat' dir='ltr'>exemplum</span> <span class='ocrx_word' id='word_1_564' title='bbox 2045 1169 2161 1197; x_wconf 88' lang='lat' dir='ltr'>osten-</span> 
     </span>
    </p>

    <p class='ocr_par' dir='ltr' id='par_1_18' title="bbox 1169 1216 2160 1274">
     <span class='ocr_line' id='line_1_67' title="bbox 1169 1216 2160 1274; baseline 0.006 -20"><span class='ocrx_word' id='word_1_565' title='bbox 1169 1216 1285 1267; x_wconf 82' lang='lat' dir='ltr'><strong>deret,</strong></span> <span class='ocrx_word' id='word_1_566' title='bbox 1306 1219 1517 1270; x_wconf 81' lang='lat' dir='ltr'>doceretque</span> <span class='ocrx_word' id='word_1_567' title='bbox 1545 1219 1723 1271; x_wconf 88' lang='lat' dir='ltr'>quomodo</span> <span class='ocrx_word' id='word_1_568' title='bbox 1743 1220 1864 1272; x_wconf 86' lang='lat' dir='ltr'>ipsum</span> <span class='ocrx_word' id='word_1_569' title='bbox 1883 1235 2001 1259; x_wconf 88' lang='lat' dir='ltr'>amare</span> <span class='ocrx_word' id='word_1_570' title='bbox 2020 1231 2160 1274; x_wconf 85' lang='lat' dir='ltr'>oporte-</span> 
     </span>
    </p>

    <p class='ocr_par' dir='ltr' id='par_1_19' title="bbox 1168 1280 2161 1391">
     <span class='ocr_line' id='line_1_68' title="bbox 1168 1280 2161 1334; baseline 0.004 -18"><span class='ocrx_word' id='word_1_571' title='bbox 1168 1288 1232 1328; x_wconf 86' lang='lat' dir='ltr'>ret,</span> <span class='ocrx_word' id='word_1_572' title='bbox 1255 1280 1328 1318; x_wconf 87' lang='lat' dir='ltr'>ait:</span> <span class='ocrx_word' id='word_1_573' title='bbox 1348 1281 1411 1319; x_wconf 72' lang='lat'>18.</span> <span class='ocrx_word' id='word_1_574' title='bbox 1435 1283 1532 1319; x_wconf 80' lang='lat' dir='ltr'>Cum</span> <span class='ocrx_word' id='word_1_575' title='bbox 1554 1295 1653 1319; x_wconf 76' lang='lat' dir='ltr'>esses</span> <span class='ocrx_word' id='word_1_576' title='bbox 1669 1284 1820 1333; x_wconf 81' lang='lat' dir='ltr'>junior,</span> <span class='ocrx_word' id='word_1_577' title='bbox 1847 1285 2026 1334; x_wconf 78' lang='lat' dir='ltr'>cingebas</span> <span class='ocrx_word' id='word_1_578' title='bbox 2051 1292 2099 1330; x_wconf 83' lang='lat' dir='ltr'>te,</span> <span class='ocrx_word' id='word_1_579' title='bbox 2122 1291 2161 1321; x_wconf 79' lang='lat' dir='ltr'>et</span> 
     </span>
     <span class='ocr_line' id='line_1_69' title="bbox 1168 1342 2155 1391; baseline 0.004 -13"><span class='ocrx_word' id='word_1_580' title='bbox 1168 1342 1400 1380; x_wconf 80' lang='lat' dir='ltr'>ambulabas</span> <span class='ocrx_word' id='word_1_581' title='bbox 1421 1345 1486 1380; x_wconf 78' lang='lat' dir='ltr'>ubi</span> <span class='ocrx_word' id='word_1_582' title='bbox 1505 1343 1667 1380; x_wconf 74' lang='lat' dir='ltr'>volebas</span> <span class='ocrx_word' id='word_1_583' title='bbox 1686 1358 1692 1378; x_wconf 90' lang='lat'>:</span> <span class='ocrx_word' id='word_1_584' title='bbox 1713 1357 1800 1380; x_wconf 81' lang='lat' dir='ltr'>cum</span> <span class='ocrx_word' id='word_1_585' title='bbox 1820 1352 1950 1380; x_wconf 84' lang='lat' dir='ltr'>autem</span> <span class='ocrx_word' id='word_1_586' title='bbox 1970 1348 2155 1391; x_wconf 81' lang='lat' dir='ltr'>senueris,</span> 
     </span>
    </p>

    <p class='ocr_par' dir='ltr' id='par_1_20' title="bbox 1168 1403 2159 1456">
     <span class='ocr_line' id='line_1_70' title="bbox 1168 1403 2159 1456; baseline 0.003 -17"><span class='ocrx_word' id='word_1_587' title='bbox 1168 1403 1240 1439; x_wconf 74' lang='lat' dir='ltr'>alii</span> <span class='ocrx_word' id='word_1_588' title='bbox 1259 1411 1294 1440; x_wconf 84' lang='lat' dir='ltr'>te</span> <span class='ocrx_word' id='word_1_589' title='bbox 1308 1405 1476 1455; x_wconf 77' lang='lat' dir='ltr'>cingent,</span> <span class='ocrx_word' id='word_1_590' title='bbox 1497 1412 1533 1440; x_wconf 80' lang='lat' dir='ltr'>et</span> <span class='ocrx_word' id='word_1_591' title='bbox 1551 1405 1692 1441; x_wconf 81' lang='lat' dir='ltr'>ducent</span> <span class='ocrx_word' id='word_1_592' title='bbox 1707 1418 1783 1456; x_wconf 81' lang='lat' dir='ltr'>quo</span> <span class='ocrx_word' id='word_1_593' title='bbox 1804 1412 1844 1441; x_wconf 83' lang='lat' dir='ltr'>tu</span> <span class='ocrx_word' id='word_1_594' title='bbox 1860 1418 1937 1441; x_wconf 81' lang='lat' dir='ltr'>non</span> <span class='ocrx_word' id='word_1_595' title='bbox 1956 1407 2030 1442; x_wconf 82' lang='lat' dir='ltr'>vis.</span> <span class='ocrx_word' id='word_1_596' title='bbox 2049 1405 2159 1456; x_wconf 74' lang='lat' dir='ltr'>Atqui</span> 
     </span>
    </p>

    <p class='ocr_par' dir='ltr' id='par_1_21' title="bbox 1164 1463 2356 1810">
     <span class='ocr_line' id='line_1_71' title="bbox 1166 1463 2158 1517; baseline 0.003 -17"><span class='ocrx_word' id='word_1_597' title='bbox 1166 1463 1235 1500; x_wconf 87' lang='lat' dir='ltr'>hoc</span> <span class='ocrx_word' id='word_1_598' title='bbox 1254 1464 1397 1501; x_wconf 69' lang='lat' dir='ltr'>volebat</span> <span class='ocrx_word' id='word_1_599' title='bbox 1416 1474 1449 1501; x_wconf 91' lang='lat' dir='ltr'>et</span> <span class='ocrx_word' id='word_1_600' title='bbox 1467 1464 1694 1502; x_wconf 79' lang='lat' dir='ltr'>desiderabat</span> <span class='ocrx_word' id='word_1_601' title='bbox 1713 1480 1720 1500; x_wconf 94' lang='lat'>:</span> <span class='ocrx_word' id='word_1_602' title='bbox 1736 1464 1816 1502; x_wconf 89' lang='lat' dir='ltr'>ideo</span> <span class='ocrx_word' id='word_1_603' title='bbox 1845 1474 1878 1502; x_wconf 91' lang='lat' dir='ltr'>et</span> <span class='ocrx_word' id='word_1_604' title='bbox 1901 1465 1970 1502; x_wconf 87' lang='lat' dir='ltr'>hoc</span> <span class='ocrx_word' id='word_1_605' title='bbox 1989 1466 2059 1517; x_wconf 81' lang='lat' dir='ltr'>ipsi</span> <span class='ocrx_word' id='word_1_606' title='bbox 2076 1481 2158 1503; x_wconf 81' lang='lat' dir='ltr'>ma-</span> 
     </span>
     <span class='ocr_line' id='line_1_72' title="bbox 1166 1524 2155 1576; baseline 0.002 -15"><span class='ocrx_word' id='word_1_607' title='bbox 1166 1524 1336 1562; x_wconf 83' lang='lat' dir='ltr'>nifestum</span> <span class='ocrx_word' id='word_1_608' title='bbox 1364 1524 1459 1562; x_wconf 89' lang='lat' dir='ltr'>fecit.</span> <span class='ocrx_word' id='word_1_609' title='bbox 1503 1524 1594 1562; x_wconf 85' lang='lat' dir='ltr'>Cum</span> <span class='ocrx_word' id='word_1_610' title='bbox 1627 1524 1721 1562; x_wconf 89' lang='lat' dir='ltr'>enim</span> <span class='ocrx_word' id='word_1_611' title='bbox 1750 1525 1950 1576; x_wconf 84' lang='lat' dir='ltr'>frequenter</span> <span class='ocrx_word' id='word_1_612' title='bbox 1985 1526 2155 1576; x_wconf 71' lang='lat' dir='ltr'>dixisset,</span> 
     </span>
     <span class='ocr_line' id='line_1_73' title="bbox 1166 1586 2335 1647; baseline 0.002 -23"><span class='ocrx_word' id='word_1_613' title='bbox 1166 1586 1358 1624; x_wconf 78' lang='lat' dir='ltr'>Animam</span> <span class='ocrx_word' id='word_1_614' title='bbox 1382 1601 1503 1624; x_wconf 83' lang='lat' dir='ltr'>meam</span> <span class='ocrx_word' id='word_1_615' title='bbox 1522 1601 1591 1632; x_wconf 82' lang='lat' dir='ltr'>pro</span> <span class='ocrx_word' id='word_1_616' title='bbox 1609 1595 1644 1624; x_wconf 81' lang='lat' dir='ltr'>te</span> <span class='ocrx_word' id='word_1_617' title='bbox 1657 1600 1825 1638; x_wconf 86' lang='lat' dir='ltr'>ponam,·</span> <span class='ocrx_word' id='word_1_618' title='bbox 1845 1596 1893 1637; x_wconf 86' lang='lat' dir='ltr'>et,</span> <span class='ocrx_word' id='word_1_619' title='bbox 1919 1587 1959 1625; x_wconf 75' lang='lat' dir='ltr'>Si</span> <span class='ocrx_word' id='word_1_620' title='bbox 1978 1597 2154 1639; x_wconf 81' lang='lat' dir='ltr'>oportue·</span> <span class='ocrx_word' id='word_1_621' title='bbox 2171 1614 2262 1644; x_wconf 34' lang='lat' dir='ltr'>JHM.</span> <span class='ocrx_word' id='word_1_622' title='bbox 2287 1618 2335 1647; x_wconf 46' lang='lat'>13-</span> 
     </span>
     <span class='ocr_line' id='line_1_74' title="bbox 1165 1647 2356 1704; baseline 0.002 -19"><span class='ocrx_word' id='word_1_623' title='bbox 1165 1651 1217 1685; x_wconf 81' lang='lat' dir='ltr'>rit</span> <span class='ocrx_word' id='word_1_624' title='bbox 1240 1663 1300 1685; x_wconf 85' lang='lat' dir='ltr'>me</span> <span class='ocrx_word' id='word_1_625' title='bbox 1328 1651 1426 1686; x_wconf 86' lang='lat' dir='ltr'>mori</span> <span class='ocrx_word' id='word_1_626' title='bbox 1446 1656 1584 1694; x_wconf 77' lang='lat' dir='ltr'>tecum,</span> <span class='ocrx_word' id='word_1_627' title='bbox 1618 1661 1696 1684; x_wconf 84' lang='lat' dir='ltr'>non</span> <span class='ocrx_word' id='word_1_628' title='bbox 1718 1656 1754 1685; x_wconf 84' lang='lat' dir='ltr'>te</span> <span class='ocrx_word' id='word_1_629' title='bbox 1775 1650 1934 1700; x_wconf 81' lang='lat' dir='ltr'>negabo,</span> <span class='ocrx_word' id='word_1_630' title='bbox 1957 1647 2156 1687; x_wconf 86' lang='lat' dir='ltr'>desiderata</span> <span class='ocrx_word' id='word_1_631' title='bbox 2170 1655 2220 1704; x_wconf 66' lang='lat'>37:</span> <span class='ocrx_word' id='word_1_632' title='bbox 2246 1660 2356 1687; x_wconf 60' lang='lat' dir='ltr'>Manli.</span> 
     </span>
     <span class='ocr_line' id='line_1_75' title="bbox 1166 1699 2293 1761; baseline 0.003 -16"><span class='ocrx_word' id='word_1_633' title='bbox 1166 1708 1237 1761; x_wconf 85' lang='lat' dir='ltr'>ipsi</span> <span class='ocrx_word' id='word_1_634' title='bbox 1257 1709 1439 1747; x_wconf 87' lang='lat' dir='ltr'>concessit.</span> <span class='ocrx_word' id='word_1_635' title='bbox 1462 1708 1563 1755; x_wconf 88' lang='lat' dir='ltr'>Quid</span> <span class='ocrx_word' id='word_1_636' title='bbox 1586 1708 1656 1746; x_wconf 83' lang='lat' dir='ltr'>sibi</span> <span class='ocrx_word' id='word_1_637' title='bbox 1676 1708 1756 1747; x_wconf 85' lang='lat' dir='ltr'>vult</span> <span class='ocrx_word' id='word_1_638' title='bbox 1781 1708 1887 1758; x_wconf 88' lang='lat' dir='ltr'>illud,</span> <span class='ocrx_word' id='word_1_639' title='bbox 1912 1710 1994 1759; x_wconf 57' lang='lat' dir='ltr'>Quo</span> <span class='ocrx_word' id='word_1_640' title='bbox 2015 1718 2056 1746; x_wconf 78' lang='lat' dir='ltr'>tu</span> <span class='ocrx_word' id='word_1_641' title='bbox 2080 1724 2158 1748; x_wconf 81' lang='lat' dir='ltr'>non</span> <span class='ocrx_word' id='word_1_642' title='bbox 2171 1699 2221 1727; x_wconf 71' lang='lat'>²⁰¹</span> <span class='ocrx_word' id='word_1_643' title='bbox 2242 1700 2293 1730; x_wconf 81' lang='lat'>35.</span> 
     </span>
     <span class='ocr_line' id='line_1_76' title="bbox 1164 1770 2157 1810; baseline 0.002 -2"><span class='ocrx_word' id='word_1_644' title='bbox 1164 1773 1228 1809; x_wconf 81' lang='lat' dir='ltr'>vis</span> <span class='ocrx_word' id='word_1_645' title='bbox 1241 1776 1258 1808; x_wconf 75' lang='lat' dir='ltr'>P</span> <span class='ocrx_word' id='word_1_646' title='bbox 1277 1773 1422 1809; x_wconf 74' lang='lat' dir='ltr'>Naturae</span> <span class='ocrx_word' id='word_1_647' title='bbox 1440 1771 1608 1808; x_wconf 83' lang='lat' dir='ltr'>affectum</span> <span class='ocrx_word' id='word_1_648' title='bbox 1636 1779 1669 1808; x_wconf 90' lang='lat' dir='ltr'>et</span> <span class='ocrx_word' id='word_1_649' title='bbox 1699 1770 1814 1808; x_wconf 88' lang='lat' dir='ltr'>carnis</span> <span class='ocrx_word' id='word_1_650' title='bbox 1833 1771 2074 1809; x_wconf 84' lang='lat' dir='ltr'>necessitatem</span> <span class='ocrx_word' id='word_1_651' title='bbox 2103 1772 2157 1810; x_wconf 93' lang='lat' dir='ltr'>in-</span> 
     </span>
    </p>

    <p class='ocr_par' dir='ltr' id='par_1_22' title="bbox 1163 1831 2158 1886">
     <span class='ocr_line' id='line_1_77' title="bbox 1163 1831 2158 1886; baseline 0.003 -17"><span class='ocrx_word' id='word_1_652' title='bbox 1163 1831 1272 1882; x_wconf 84' lang='lat' dir='ltr'>dicat,</span> <span class='ocrx_word' id='word_1_653' title='bbox 1294 1832 1482 1883; x_wconf 86' lang='lat' dir='ltr'>innuitque</span> <span class='ocrx_word' id='word_1_654' title='bbox 1501 1832 1657 1869; x_wconf 88' lang='lat' dir='ltr'>animam</span> <span class='ocrx_word' id='word_1_655' title='bbox 1678 1831 1830 1870; x_wconf 69' lang='lat' dir='ltr'>invitam</span> <span class='ocrx_word' id='word_1_656' title='bbox 1845 1846 1865 1869; x_wconf 90' lang='lat' dir='ltr'>a</span> <span class='ocrx_word' id='word_1_657' title='bbox 1881 1846 2028 1884; x_wconf 82' lang='lat' dir='ltr'>corpore</span> <span class='ocrx_word' id='word_1_658' title='bbox 2058 1847 2158 1886; x_wconf 87' lang='lat' dir='ltr'>sepa-</span> 
     </span>
    </p>

    <p class='ocr_par' dir='ltr' id='par_1_23' title="bbox 1162 1892 2157 1944">
     <span class='ocr_line' id='line_1_78' title="bbox 1162 1892 2157 1944; baseline 0.001 -13"><span class='ocrx_word' id='word_1_659' title='bbox 1162 1893 1245 1931; x_wconf 87' lang='lat' dir='ltr'>rari.</span> <span class='ocrx_word' id='word_1_660' title='bbox 1259 1894 1395 1944; x_wconf 86' lang='lat' dir='ltr'>Itaque,</span> <span class='ocrx_word' id='word_1_661' title='bbox 1411 1893 1494 1930; x_wconf 89' lang='lat' dir='ltr'>licet</span> <span class='ocrx_word' id='word_1_662' title='bbox 1512 1892 1678 1931; x_wconf 73' lang='lat' dir='ltr'>voluntas</span> <span class='ocrx_word' id='word_1_663' title='bbox 1694 1892 1799 1930; x_wconf 84' lang='lat' dir='ltr'>firma</span> <span class='ocrx_word' id='word_1_664' title='bbox 1811 1902 1844 1930; x_wconf 88' lang='lat' dir='ltr'>et</span> <span class='ocrx_word' id='word_1_665' title='bbox 1860 1902 2023 1931; x_wconf 86' lang='lat' dir='ltr'>constans</span> <span class='ocrx_word' id='word_1_666' title='bbox 2034 1894 2157 1932; x_wconf 82' lang='lat' dir='ltr'>effecta</span> 
     </span>
    </p>

    <p class='ocr_par' dir='ltr' id='par_1_24' title="bbox 1161 1953 2156 2004">
     <span class='ocr_line' id='line_1_79' title="bbox 1161 1953 2156 2004; baseline 0.001 -11"><span class='ocrx_word' id='word_1_667' title='bbox 1161 1965 1247 2004; x_wconf 88' lang='lat' dir='ltr'>erat,</span> <span class='ocrx_word' id='word_1_668' title='bbox 1276 1964 1431 1992; x_wconf 80' lang='lat' dir='ltr'>attamen</span> <span class='ocrx_word' id='word_1_669' title='bbox 1452 1963 1579 1992; x_wconf 89' lang='lat' dir='ltr'>natura</span> <span class='ocrx_word' id='word_1_670' title='bbox 1605 1963 1679 1991; x_wconf 85' lang='lat' dir='ltr'>erat</span> <span class='ocrx_word' id='word_1_671' title='bbox 1701 1953 1894 1992; x_wconf 80' lang='lat' dir='ltr'>imbecilla.</span> <span class='ocrx_word' id='word_1_672' title='bbox 1927 1956 2040 1993; x_wconf 89' lang='lat' dir='ltr'>Nemo</span> <span class='ocrx_word' id='word_1_673' title='bbox 2060 1956 2156 1994; x_wconf 90' lang='lat' dir='ltr'>enim</span> 
     </span>
    </p>

    <p class='ocr_par' dir='ltr' id='par_1_25' title="bbox 1160 2017 2155 2070">
     <span class='ocr_line' id='line_1_80' title="bbox 1160 2017 2155 2070; baseline 0 -13"><span class='ocrx_word' id='word_1_674' title='bbox 1160 2019 1235 2057; x_wconf 89' lang='lat' dir='ltr'>sine</span> <span class='ocrx_word' id='word_1_675' title='bbox 1248 2018 1371 2056; x_wconf 88' lang='lat' dir='ltr'>dolore</span> <span class='ocrx_word' id='word_1_676' title='bbox 1387 2032 1516 2070; x_wconf 85' lang='lat' dir='ltr'>corpus</span> <span class='ocrx_word' id='word_1_677' title='bbox 1537 2017 1697 2069; x_wconf 77' lang='lat' dir='ltr'>deponit,</span> <span class='ocrx_word' id='word_1_678' title='bbox 1717 2017 1766 2054; x_wconf 80' lang='lat' dir='ltr'>ita</span> <span class='ocrx_word' id='word_1_679' title='bbox 1776 2019 1866 2066; x_wconf 90' lang='lat' dir='ltr'>Deo,</span> <span class='ocrx_word' id='word_1_680' title='bbox 1879 2027 1919 2055; x_wconf 89' lang='lat' dir='ltr'>ut</span> <span class='ocrx_word' id='word_1_681' title='bbox 1938 2018 2033 2070; x_wconf 82' lang='lat' dir='ltr'>dixi,</span> <span class='ocrx_word' id='word_1_682' title='bbox 2052 2020 2155 2058; x_wconf 84' lang='lat' dir='ltr'>utili-</span> 
     </span>
    </p>

    <p class='ocr_par' dir='ltr' id='par_1_26' title="bbox 1159 2080 2154 2195">
     <span class='ocr_line' id='line_1_81' title="bbox 1159 2080 2154 2135; baseline 0 -15"><span class='ocrx_word' id='word_1_683' title='bbox 1159 2092 1212 2120; x_wconf 88' lang='lat' dir='ltr'>ter</span> <span class='ocrx_word' id='word_1_684' title='bbox 1230 2083 1468 2135; x_wconf 88' lang='lat' dir='ltr'>dispensante,</span> <span class='ocrx_word' id='word_1_685' title='bbox 1484 2095 1528 2118; x_wconf 94' lang='lat' dir='ltr'>ne</span> <span class='ocrx_word' id='word_1_686' title='bbox 1540 2080 1690 2133; x_wconf 86' lang='lat' dir='ltr'>plurimi</span> <span class='ocrx_word' id='word_1_687' title='bbox 1708 2080 1899 2118; x_wconf 82' lang='lat' dir='ltr'>violentam</span> <span class='ocrx_word' id='word_1_688' title='bbox 1916 2081 1983 2119; x_wconf 84' lang='lat' dir='ltr'>sibi</span> <span class='ocrx_word' id='word_1_689' title='bbox 2001 2091 2154 2121; x_wconf 86' lang='lat' dir='ltr'>mortem</span> 
     </span>
     <span class='ocr_line' id='line_1_82' title="bbox 1159 2141 2152 2195; baseline 0 -13"><span class='ocrx_word' id='word_1_690' title='bbox 1159 2144 1340 2182; x_wconf 84' lang='lat' dir='ltr'>inferrent.</span> <span class='ocrx_word' id='word_1_691' title='bbox 1366 2145 1457 2182; x_wconf 82' lang='lat' dir='ltr'>Nam</span> <span class='ocrx_word' id='word_1_692' title='bbox 1487 2142 1518 2180; x_wconf 88' lang='lat' dir='ltr'>si</span> <span class='ocrx_word' id='word_1_693' title='bbox 1539 2142 1644 2180; x_wconf 88' lang='lat' dir='ltr'>rebus</span> <span class='ocrx_word' id='word_1_694' title='bbox 1672 2141 1721 2179; x_wconf 89' lang='lat' dir='ltr'>ita</span> <span class='ocrx_word' id='word_1_695' title='bbox 1746 2141 1946 2194; x_wconf 82' lang='lat' dir='ltr'>dispositis,</span> <span class='ocrx_word' id='word_1_696' title='bbox 1966 2143 2083 2195; x_wconf 86' lang='lat' dir='ltr'>potuit</span> <span class='ocrx_word' id='word_1_697' title='bbox 2102 2153 2152 2182; x_wconf 81' lang='lat' dir='ltr'>ta-</span> 
     </span>
    </p>

    <p class='ocr_par' dir='ltr' id='par_1_27' title="bbox 1160 2203 2154 2256">
     <span class='ocr_line' id='line_1_83' title="bbox 1160 2203 2154 2256; baseline -0.002 -12"><span class='ocrx_word' id='word_1_698' title='bbox 1160 2221 1239 2244; x_wconf 86' lang='lat' dir='ltr'>men</span> <span class='ocrx_word' id='word_1_699' title='bbox 1259 2205 1425 2244; x_wconf 87' lang='lat' dir='ltr'>diabolus</span> <span class='ocrx_word' id='word_1_700' title='bbox 1451 2203 1490 2242; x_wconf 86' lang='lat' dir='ltr'>id</span> <span class='ocrx_word' id='word_1_701' title='bbox 1518 2204 1675 2252; x_wconf 85' lang='lat' dir='ltr'>efficere,</span> <span class='ocrx_word' id='word_1_702' title='bbox 1696 2212 1729 2241; x_wconf 92' lang='lat' dir='ltr'>et</span> <span class='ocrx_word' id='word_1_703' title='bbox 1747 2203 1949 2241; x_wconf 86' lang='lat' dir='ltr'>innumeros</span> <span class='ocrx_word' id='word_1_704' title='bbox 1965 2203 2011 2241; x_wconf 89' lang='lat' dir='ltr'>ad</span> <span class='ocrx_word' id='word_1_705' title='bbox 2030 2205 2154 2256; x_wconf 74' lang='lat' dir='ltr'>praeci-</span> 
     </span>
    </p>

    <p class='ocr_par' dir='ltr' id='par_1_28' title="bbox 1158 2265 2152 2322">
     <span class='ocr_line' id='line_1_84' title="bbox 1158 2265 2152 2322; baseline -0.002 -17"><span class='ocrx_word' id='word_1_706' title='bbox 1158 2269 1246 2322; x_wconf 80' lang='lat' dir='ltr'>pitia</span> <span class='ocrx_word' id='word_1_707' title='bbox 1264 2278 1297 2306; x_wconf 89' lang='lat' dir='ltr'>et</span> <span class='ocrx_word' id='word_1_708' title='bbox 1319 2267 1509 2318; x_wconf 67' lang='lat' dir='ltr'>voragines</span> <span class='ocrx_word' id='word_1_709' title='bbox 1527 2266 1712 2318; x_wconf 86' lang='lat' dir='ltr'>impellere</span> <span class='ocrx_word' id='word_1_710' title='bbox 1733 2281 1739 2301; x_wconf 76' lang='grc' dir='ltr'>ε</span> <span class='ocrx_word' id='word_1_711' title='bbox 1758 2265 1827 2303; x_wconf 90' lang='lat' dir='ltr'>nisi</span> <span class='ocrx_word' id='word_1_712' title='bbox 1850 2266 1920 2303; x_wconf 83' lang='lat' dir='ltr'>tale</span> <span class='ocrx_word' id='word_1_713' title='bbox 1935 2265 2152 2304; x_wconf 87' lang='lat' dir='ltr'>desiderium</span> 
     </span>
    </p>

    <p class='ocr_par' dir='ltr' id='par_1_29' title="bbox 1158 2327 2152 2383">
     <span class='ocr_line' id='line_1_85' title="bbox 1158 2327 2152 2383; baseline -0.005 -14"><span class='ocrx_word' id='word_1_714' title='bbox 1158 2345 1242 2383; x_wconf 82' lang='lat' dir='ltr'>erga</span> <span class='ocrx_word' id='word_1_715' title='bbox 1258 2344 1387 2382; x_wconf 83' lang='lat' dir='ltr'>corpus</span> <span class='ocrx_word' id='word_1_716' title='bbox 1404 2328 1529 2366; x_wconf 85' lang='lat' dir='ltr'>animae</span> <span class='ocrx_word' id='word_1_717' title='bbox 1546 2327 1695 2365; x_wconf 88' lang='lat' dir='ltr'>insitum</span> <span class='ocrx_word' id='word_1_718' title='bbox 1715 2336 1817 2376; x_wconf 91' lang='lat' dir='ltr'>esset,</span> <span class='ocrx_word' id='word_1_719' title='bbox 1838 2327 1942 2364; x_wconf 89' lang='lat' dir='ltr'>multi</span> <span class='ocrx_word' id='word_1_720' title='bbox 1962 2327 2019 2365; x_wconf 75' lang='lat' dir='ltr'>vel</span> <span class='ocrx_word' id='word_1_721' title='bbox 2041 2342 2086 2365; x_wconf 76' lang='lat' dir='ltr'>ex</span> <span class='ocrx_word' id='word_1_722' title='bbox 2101 2328 2152 2365; x_wconf 88' lang='lat' dir='ltr'>le-</span> 
     </span>
    </p>

    <p class='ocr_par' dir='ltr' id='par_1_30' title="bbox 1158 2388 2153 2440">
     <span class='ocr_line' id='line_1_86' title="bbox 1158 2388 2153 2440; baseline -0.005 -10"><span class='ocrx_word' id='word_1_723' title='bbox 1158 2392 1306 2431; x_wconf 82' lang='lat' dir='ltr'>vissimo</span> <span class='ocrx_word' id='word_1_724' title='bbox 1325 2404 1474 2428; x_wconf 84' lang='lat' dir='ltr'>moerore</span> <span class='ocrx_word' id='word_1_725' title='bbox 1493 2389 1562 2427; x_wconf 90' lang='lat' dir='ltr'>sibi</span> <span class='ocrx_word' id='word_1_726' title='bbox 1584 2398 1735 2426; x_wconf 87' lang='lat' dir='ltr'>mortem</span> <span class='ocrx_word' id='word_1_727' title='bbox 1762 2389 1945 2426; x_wconf 87' lang='lat' dir='ltr'>inferrent.</span> <span class='ocrx_word' id='word_1_728' title='bbox 1969 2388 2065 2426; x_wconf 91' lang='lat' dir='ltr'>Illud</span> <span class='ocrx_word' id='word_1_729' title='bbox 2084 2389 2153 2440; x_wconf 80' lang='lat' dir='ltr'>igi-</span> 
     </span>
    </p>

    <p class='ocr_par' dir='ltr' id='par_1_31' title="bbox 1158 2449 2152 2504">
     <span class='ocr_line' id='line_1_87' title="bbox 1158 2449 2152 2504; baseline -0.003 -13"><span class='ocrx_word' id='word_1_730' title='bbox 1158 2463 1230 2504; x_wconf 90' lang='lat' dir='ltr'>tur,</span> <span class='ocrx_word' id='word_1_731' title='bbox 1261 2455 1344 2504; x_wconf 80' lang='lat' dir='ltr'>Quo</span> <span class='ocrx_word' id='word_1_732' title='bbox 1367 2461 1407 2490; x_wconf 76' lang='lat' dir='ltr'>tu</span> <span class='ocrx_word' id='word_1_733' title='bbox 1430 2465 1507 2488; x_wconf 83' lang='lat' dir='ltr'>non</span> <span class='ocrx_word' id='word_1_734' title='bbox 1535 2453 1611 2497; x_wconf 77' lang='lat' dir='ltr'>vis,</span> <span class='ocrx_word' id='word_1_735' title='bbox 1635 2450 1834 2487; x_wconf 86' lang='lat' dir='ltr'>naturalem</span> <span class='ocrx_word' id='word_1_736' title='bbox 1861 2449 2080 2488; x_wconf 83' lang='lat' dir='ltr'>demonstrat</span> <span class='ocrx_word' id='word_1_737' title='bbox 2100 2451 2152 2488; x_wconf 86' lang='lat' dir='ltr'>af-</span> 
     </span>
    </p>

    <p class='ocr_par' dir='ltr' id='par_1_32' title="bbox 1158 2511 2151 2565">
     <span class='ocr_line' id='line_1_88' title="bbox 1158 2511 2151 2565; baseline -0.003 -12"><span class='ocrx_word' id='word_1_738' title='bbox 1158 2516 1301 2553; x_wconf 88' lang='lat' dir='ltr'>fectum.</span> <span class='ocrx_word' id='word_1_739' title='bbox 1334 2515 1407 2551; x_wconf 88' lang='lat' dir='ltr'>Cur</span> <span class='ocrx_word' id='word_1_740' title='bbox 1431 2526 1515 2552; x_wconf 83' lang='lat' dir='ltr'>vero</span> <span class='ocrx_word' id='word_1_741' title='bbox 1540 2526 1620 2549; x_wconf 89' lang='lat' dir='ltr'>cum</span> <span class='ocrx_word' id='word_1_742' title='bbox 1650 2511 1814 2562; x_wconf 77' lang='lat' dir='ltr'>dixisset,</span> <span class='ocrx_word' id='word_1_743' title='bbox 1839 2513 1936 2550; x_wconf 80' lang='lat' dir='ltr'>Cum</span> <span class='ocrx_word' id='word_1_744' title='bbox 1967 2527 2066 2551; x_wconf 83' lang='lat' dir='ltr'>esses</span> <span class='ocrx_word' id='word_1_745' title='bbox 2084 2516 2151 2565; x_wconf 85' lang='lat' dir='ltr'>ju-</span> 
     </span>
    </p>

    <p class='ocr_par' dir='ltr' id='par_1_33' title="bbox 1160 2575 2151 2626">
     <span class='ocr_line' id='line_1_89' title="bbox 1160 2575 2151 2626; baseline -0.004 -10"><span class='ocrx_word' id='word_1_746' title='bbox 1160 2582 1258 2625; x_wconf 86' lang='lat' dir='ltr'>nior,</span> <span class='ocrx_word' id='word_1_747' title='bbox 1282 2577 1403 2625; x_wconf 79' lang='lat' dir='ltr'>addit,</span> <span class='ocrx_word' id='word_1_748' title='bbox 1426 2576 1522 2613; x_wconf 84' lang='lat' dir='ltr'>Cum</span> <span class='ocrx_word' id='word_1_749' title='bbox 1546 2583 1675 2611; x_wconf 80' lang='lat' dir='ltr'>autem</span> <span class='ocrx_word' id='word_1_750' title='bbox 1698 2577 1869 2612; x_wconf 76' lang='lat' dir='ltr'>senueris</span> <span class='ocrx_word' id='word_1_751' title='bbox 1885 2579 1901 2611; x_wconf 73' lang='grc' dir='ltr'><strong><em>Ρ</em></strong></span> <span class='ocrx_word' id='word_1_752' title='bbox 1917 2575 1994 2612; x_wconf 91' lang='lat' dir='ltr'>Hoc</span> <span class='ocrx_word' id='word_1_753' title='bbox 2012 2575 2151 2626; x_wconf 81' lang='lat' dir='ltr'>signifi-</span> 
     </span>
    </p>

    <p class='ocr_par' dir='ltr' id='par_1_34' title="bbox 1158 2635 2151 2691">
     <span class='ocr_line' id='line_1_90' title="bbox 1158 2635 2151 2691; baseline -0.004 -14"><span class='ocrx_word' id='word_1_754' title='bbox 1158 2649 1273 2689; x_wconf 82' lang='lat' dir='ltr'>catur,</span> <span class='ocrx_word' id='word_1_755' title='bbox 1290 2640 1409 2691; x_wconf 82' lang='lat' dir='ltr'>ipsum</span> <span class='ocrx_word' id='word_1_756' title='bbox 1424 2650 1487 2674; x_wconf 91' lang='lat' dir='ltr'>nec</span> <span class='ocrx_word' id='word_1_757' title='bbox 1501 2635 1695 2688; x_wconf 86' lang='lat' dir='ltr'>juniorem,</span> <span class='ocrx_word' id='word_1_758' title='bbox 1713 2649 1777 2673; x_wconf 89' lang='lat' dir='ltr'>nec</span> <span class='ocrx_word' id='word_1_759' title='bbox 1794 2649 1910 2673; x_wconf 88' lang='lat' dir='ltr'>senem</span> <span class='ocrx_word' id='word_1_760' title='bbox 1925 2644 2010 2673; x_wconf 91' lang='lat' dir='ltr'>tunc</span> <span class='ocrx_word' id='word_1_761' title='bbox 2026 2635 2151 2684; x_wconf 90' lang='lat' dir='ltr'>fuisse,</span> 
     </span>
    </p>

    <p class='ocr_par' dir='ltr' id='par_1_35' title="bbox 1158 2696 2150 2800">
     <span class='ocr_line' id='line_1_91' title="bbox 1158 2696 2150 2750; baseline -0.006 -10"><span class='ocrx_word' id='word_1_762' title='bbox 1158 2702 1220 2739; x_wconf 79' lang='lat' dir='ltr'>sed</span> <span class='ocrx_word' id='word_1_763' title='bbox 1250 2701 1370 2740; x_wconf 71' lang='lat' dir='ltr'>virum</span> <span class='ocrx_word' id='word_1_764' title='bbox 1409 2698 1620 2750; x_wconf 87' lang='lat' dir='ltr'>perfectum.</span> <span class='ocrx_word' id='word_1_765' title='bbox 1651 2697 1725 2734; x_wconf 91' lang='lat' dir='ltr'>Cur</span> <span class='ocrx_word' id='word_1_766' title='bbox 1756 2696 1913 2749; x_wconf 87' lang='lat' dir='ltr'>priorem</span> <span class='ocrx_word' id='word_1_767' title='bbox 1941 2697 2054 2735; x_wconf 68' lang='lat' dir='ltr'>vitam</span> <span class='ocrx_word' id='word_1_768' title='bbox 2081 2697 2150 2749; x_wconf 86' lang='lat' dir='ltr'>ipsi</span> 
     </span>
     <span class='ocr_line' id='line_1_92' title="bbox 1158 2757 2147 2800; baseline -0.006 1"><span class='ocrx_word' id='word_1_769' title='bbox 1158 2760 1474 2800; x_wconf 65' lang='lat' dir='ltr'>commemoravit?</span> <span class='ocrx_word' id='word_1_770' title='bbox 1488 2759 1536 2796; x_wconf 72' lang='lat' dir='ltr'>L&#39;t</span> <span class='ocrx_word' id='word_1_771' title='bbox 1553 2757 1752 2795; x_wconf 86' lang='lat' dir='ltr'>ostenderet</span> <span class='ocrx_word' id='word_1_772' title='bbox 1765 2758 1814 2795; x_wconf 89' lang='lat' dir='ltr'>ita</span> <span class='ocrx_word' id='word_1_773' title='bbox 1829 2772 1865 2795; x_wconf 90' lang='lat' dir='ltr'>se</span> <span class='ocrx_word' id='word_1_774' title='bbox 1881 2772 1955 2795; x_wconf 90' lang='lat' dir='ltr'>rem</span> <span class='ocrx_word' id='word_1_775' title='bbox 1968 2757 2147 2795; x_wconf 81' lang='lat' dir='ltr'>habuisse.</span> 
     </span>
    </p>

    <p class='ocr_par' dir='ltr' id='par_1_36' title="bbox 1158 2819 2149 2872">
     <span class='ocr_line' id='line_1_93' title="bbox 1158 2819 2149 2872; baseline -0.007 -10"><span class='ocrx_word' id='word_1_776' title='bbox 1158 2826 1198 2862; x_wconf 91' lang='lat' dir='ltr'>In</span> <span class='ocrx_word' id='word_1_777' title='bbox 1219 2822 1448 2861; x_wconf 57' lang='lat' dir='ltr'>saecularibus</span> <span class='ocrx_word' id='word_1_778' title='bbox 1468 2819 1560 2858; x_wconf 86' lang='lat' dir='ltr'>enim</span> <span class='ocrx_word' id='word_1_779' title='bbox 1583 2819 1726 2872; x_wconf 77' lang='lat' dir='ltr'>juvenis</span> <span class='ocrx_word' id='word_1_780' title='bbox 1744 2819 1860 2869; x_wconf 87' lang='lat' dir='ltr'>utilis,</span> <span class='ocrx_word' id='word_1_781' title='bbox 1883 2833 1990 2857; x_wconf 78' lang='lat' dir='ltr'>senex</span> <span class='ocrx_word' id='word_1_782' title='bbox 2011 2819 2149 2856; x_wconf 90' lang='lat' dir='ltr'>inutilis</span> 
     </span>
    </p>

    <p class='ocr_par' dir='ltr' id='par_1_37' title="bbox 1157 2881 2146 2937">
     <span class='ocr_line' id='line_1_94' title="bbox 1157 2881 2146 2937; baseline -0.006 -13"><span class='ocrx_word' id='word_1_783' title='bbox 1157 2896 1207 2925; x_wconf 86' lang='lat' dir='ltr'>est</span> <span class='ocrx_word' id='word_1_784' title='bbox 1227 2902 1233 2922; x_wconf 94' lang='lat'>:</span> <span class='ocrx_word' id='word_1_785' title='bbox 1251 2884 1348 2937; x_wconf 84' lang='lat' dir='ltr'>apud</span> <span class='ocrx_word' id='word_1_786' title='bbox 1367 2898 1422 2921; x_wconf 89' lang='lat' dir='ltr'>me</span> <span class='ocrx_word' id='word_1_787' title='bbox 1451 2896 1521 2920; x_wconf 87' lang='lat' dir='ltr'>non</span> <span class='ocrx_word' id='word_1_788' title='bbox 1544 2882 1607 2931; x_wconf 82' lang='lat' dir='ltr'>ita,</span> <span class='ocrx_word' id='word_1_789' title='bbox 1630 2881 1690 2919; x_wconf 89' lang='lat' dir='ltr'>sed</span> <span class='ocrx_word' id='word_1_790' title='bbox 1710 2881 1747 2919; x_wconf 92' lang='lat' dir='ltr'>in</span> <span class='ocrx_word' id='word_1_791' title='bbox 1767 2891 1944 2920; x_wconf 83' lang='lat' dir='ltr'>senectute</span> <span class='ocrx_word' id='word_1_792' title='bbox 1970 2881 2146 2919; x_wconf 88' lang='lat' dir='ltr'>fortitudo</span> 
     </span>
    </p>

    <p class='ocr_par' dir='ltr' id='par_1_38' title="bbox 1157 2942 2147 3000">
     <span class='ocr_line' id='line_1_95' title="bbox 1157 2942 2147 3000; baseline -0.007 -14"><span class='ocrx_word' id='word_1_793' title='bbox 1157 2948 1270 3000; x_wconf 82' lang='lat' dir='ltr'>major</span> <span class='ocrx_word' id='word_1_794' title='bbox 1287 2955 1338 2984; x_wconf 91' lang='lat' dir='ltr'>est</span> <span class='ocrx_word' id='word_1_795' title='bbox 1345 2977 1355 2995; x_wconf 84' lang='lat'>,</span> <span class='ocrx_word' id='word_1_796' title='bbox 1378 2943 1566 2983; x_wconf 85' lang='lat' dir='ltr'>strenuitas</span> <span class='ocrx_word' id='word_1_797' title='bbox 1583 2942 1820 2995; x_wconf 84' lang='lat' dir='ltr'>praestantior,</span> <span class='ocrx_word' id='word_1_798' title='bbox 1841 2952 1941 2980; x_wconf 81' lang='lat' dir='ltr'>aetate</span> <span class='ocrx_word' id='word_1_799' title='bbox 1961 2943 2051 2980; x_wconf 83' lang='lat' dir='ltr'>nihil</span> <span class='ocrx_word' id='word_1_800' title='bbox 2069 2942 2147 2980; x_wconf 86' lang='lat' dir='ltr'>obi-</span> 
     </span>
    </p>

    <p class='ocr_par' dir='ltr' id='par_1_39' title="bbox 1157 3004 2146 3057">
     <span class='ocr_line' id='line_1_96' title="bbox 1157 3004 2146 3057; baseline -0.007 -9"><span class='ocrx_word' id='word_1_801' title='bbox 1157 3010 1205 3048; x_wconf 89' lang='lat' dir='ltr'>cis</span> <span class='ocrx_word' id='word_1_802' title='bbox 1221 3009 1398 3047; x_wconf 79' lang='lat' dir='ltr'>asserente.</span> <span class='ocrx_word' id='word_1_803' title='bbox 1418 3006 1502 3043; x_wconf 87' lang='lat' dir='ltr'>Haec</span> <span class='ocrx_word' id='word_1_804' title='bbox 1516 3019 1624 3057; x_wconf 90' lang='lat' dir='ltr'>porro</span> <span class='ocrx_word' id='word_1_805' title='bbox 1640 3004 1748 3054; x_wconf 76' lang='lat' dir='ltr'>dixit,</span> <span class='ocrx_word' id='word_1_806' title='bbox 1771 3018 1839 3042; x_wconf 93' lang='lat' dir='ltr'>non</span> <span class='ocrx_word' id='word_1_807' title='bbox 1861 3014 1899 3042; x_wconf 91' lang='lat' dir='ltr'>ut</span> <span class='ocrx_word' id='word_1_808' title='bbox 1919 3004 2023 3042; x_wconf 91' lang='lat' dir='ltr'>illum</span> <span class='ocrx_word' id='word_1_809' title='bbox 2037 3013 2146 3041; x_wconf 85' lang='lat' dir='ltr'>terre-</span> 
     </span>
    </p>

    <p class='ocr_par' dir='ltr' id='par_1_40' title="bbox 1156 3066 2145 3120">
     <span class='ocr_line' id='line_1_97' title="bbox 1156 3066 2145 3120; baseline -0.005 -13"><span class='ocrx_word' id='word_1_810' title='bbox 1156 3072 1295 3120; x_wconf 84' lang='lat' dir='ltr'>faceret,</span> <span class='ocrx_word' id='word_1_811' title='bbox 1316 3069 1376 3107; x_wconf 88' lang='lat' dir='ltr'>sed</span> <span class='ocrx_word' id='word_1_812' title='bbox 1396 3077 1435 3106; x_wconf 89' lang='lat' dir='ltr'>ut</span> <span class='ocrx_word' id='word_1_813' title='bbox 1460 3067 1631 3105; x_wconf 77' lang='lat' dir='ltr'>excitaret</span> <span class='ocrx_word' id='word_1_814' title='bbox 1648 3082 1654 3102; x_wconf 92' lang='lat'>:</span> <span class='ocrx_word' id='word_1_815' title='bbox 1670 3076 1819 3104; x_wconf 71' lang='lat' dir='ltr'>noverat</span> <span class='ocrx_word' id='word_1_816' title='bbox 1839 3067 1934 3103; x_wconf 88' lang='lat' dir='ltr'>enim</span> <span class='ocrx_word' id='word_1_817' title='bbox 1952 3066 2029 3117; x_wconf 89' lang='lat' dir='ltr'>ejus</span> <span class='ocrx_word' id='word_1_818' title='bbox 2047 3079 2145 3102; x_wconf 85' lang='lat' dir='ltr'>amo-</span> 
     </span>
    </p>

    <p class='ocr_par' dir='ltr' id='par_1_41' title="bbox 1156 3126 2144 3182">
     <span class='ocr_line' id='line_1_98' title="bbox 1156 3126 2144 3182; baseline -0.01 -11"><span class='ocrx_word' id='word_1_819' title='bbox 1156 3147 1244 3182; x_wconf 88' lang='lat' dir='ltr'>rem,</span> <span class='ocrx_word' id='word_1_820' title='bbox 1282 3131 1457 3182; x_wconf 89' lang='lat' dir='ltr'>illumque</span> <span class='ocrx_word' id='word_1_821' title='bbox 1490 3128 1537 3166; x_wconf 82' lang='lat' dir='ltr'>ad</span> <span class='ocrx_word' id='word_1_822' title='bbox 1567 3128 1642 3167; x_wconf 81' lang='lat' dir='ltr'>haec</span> <span class='ocrx_word' id='word_1_823' title='bbox 1673 3136 1812 3180; x_wconf 83' lang='lat' dir='ltr'>promte</span> <span class='ocrx_word' id='word_1_824' title='bbox 1844 3127 1927 3165; x_wconf 86' lang='lat' dir='ltr'>ferri</span> <span class='ocrx_word' id='word_1_825' title='bbox 1945 3143 1952 3163; x_wconf 92' lang='lat'><strong>:</strong></span> <span class='ocrx_word' id='word_1_826' title='bbox 1969 3126 2144 3176; x_wconf 80' lang='lat' dir='ltr'>simulque</span> 
     </span>
    </p>
   </div>
   <div class='ocr_carea' id='block_1_9' title="bbox 1178 3282 1433 3316">
    <p class='ocr_par' dir='ltr' id='par_1_42' title="bbox 1178 3282 1433 3316">
     <span class='ocr_line' id='line_1_99' title="bbox 1178 3282 1433 3316; baseline -0.008 -1"><span class='ocrx_word' id='word_1_827' title='bbox 1178 3294 1190 3308; x_wconf 77' lang='lat'><strong>0</strong></span> <span class='ocrx_word' id='word_1_828' title='bbox 1215 3282 1301 3316; x_wconf 64' lang='lat' dir='ltr'>Alius</span> <span class='ocrx_word' id='word_1_829' title='bbox 1317 3285 1433 3316; x_wconf 69' lang='grc' dir='ltr'>ἔδωκεν.</span> 
     </span>
    </p>
   </div>
  </div>
 </body>
</html>
