2481 3678
678 251 718 281 m
757 252 966 281 sommum
1004 251 1136 280 uomit

107 334 283 373 ἀσθένειαν
307 339 365 372 τοῦ
387 333 638 385 σταυρουμένου
651 363 660 380 ,
676 334 751 371 οὐδὲ
769 334 824 372 διὰ
844 335 876 372 τὸ
891 334 1128 386 περιγενέσθαι

105 394 305 443 Ἰουδαίους,
316 399 415 434 τοῦτο
428 394 571 446 γίνεται,
587 394 663 432 ἀλλ’
679 394 795 442 ἐπειδὴ
806 393 1128 446 ἸΙγάπησενὸΘεὸς

106 456 162 493 τὸν
178 456 320 507 κόσμον,
344 455 400 493 διὰ
418 458 517 493 τοῦτο
537 458 554 492 6
573 455 727 506 ἔμψυχος
747 456 850 494 αὐτοῦ
869 455 947 498 ναὸς
967 458 1128 507 σταυροῦ-

106 532 174 554 ται.
219 515 294 554 Ἵνα
318 522 386 559 πᾶς
415 518 432 553 6
452 515 623 553 πιστεύων
652 517 698 559 εἷς
718 516 842 563 αὐτὸν,
869 515 918 566 μὴ
941 515 1128 562 ἀπόληται,

106 576 183 614 ἀλλ’
201 575 264 628 ἔχῃ
277 576 367 623 ζωὴν
389 575 538 615 αἰώνιον.
561 575 669 629 ζΟρᾷς
684 576 746 623 τὴν
761 579 821 614 τοῦ
838 580 987 628 σταυροῦ
1003 575 1130 624 αἰτίαν,

106 638 164 674 καὶ
189 637 250 684 τὴν
269 637 303 681 ἐξ
324 640 426 677 αὐτοῦ
448 637 643 690 σωτηρίαν,
669 640 750 689 ὁρᾷς
762 640 822 675 τοῦ
837 636 943 675 τύπου
967 637 1053 689 πρὸς
1067 636 1130 684 τὴν

107 698 268 745 ἀλήθειαν
282 699 344 746 τὴν
361 699 580 753 συγγένειαν,
598 700 697 737 Ἐκεῖ
707 698 852 736 θάνατον
864 697 1039 750 1’διέφυγον
1051 698 1132 738 Ἰου-

106 762 207 808 δαῖοι,
223 761 313 799 ἀλλὰ
329 762 386 799 τὸν
401 761 625 813 πρόσκαιρον·
640 763 786 799 ἐνταῦθα
800 759 858 798 τὸν
872 759 1010 798 αἰώνιον
1028 761 1059 798 οἱ
1071 777 1131 798 πι-

105 821 293 865 στεύοντες.
305 824 401 860 Ἐκεῖ
412 822 574 874 δήγματα
582 821 691 871 ὄφεων
702 823 803 859 ἰᾶτοὸ
815 821 1033 873 κρεμάμενος
1041 821 1128 874 ὄφις,

105 885 251 920 ἐνταῦθα
268 888 327 921 τοῦ
340 889 463 930 νοητοῦ
473 883 657 935 δράκοντος
669 882 880 934 ἐθεράπευσε
891 881 954 926 τὰς
965 882 1129 934 πληγὰςὸ

105 959 189 982 σταυ
196 944 314 995 ρωθεὶς
329 946 463 991 Ἰησοῦς
475 960 483 967 ·
499 946 569 982 ἐκεῖ
585 947 602 981 6
616 949 686 986 τοῖς
699 944 889 995 ὀφθαλμοῖς
902 942 1035 987 τούτοις
1051 944 1128 995 βλέ-

105 1020 179 1042 πων
189 1005 429 1057 ἐθεραπεύετο,
447 1007 592 1043 ἐνταῦθα
602 1007 696 1048 ὃτοῖς
704 1007 766 1050 τῆς
777 1003 927 1047 διανοίας
941 1006 1130 1057 ὀφθαλμοῖς

105 1069 205 1117 ὁρῶν,
225 1066 339 1104 πάντα
360 1065 561 1104 ἀποτίθεται
577 1065 620 1103 τὰ
640 1066 891 1117 ἁμαρτήματα·
912 1066 983 1103 ἐκεῖ
1000 1066 1130 1117 χαλκὸς

105 1127 143 1164 τὸ
162 1127 379 1178 κρεμάμενον
397 1121 439 1174 ἦν
460 1129 506 1170 εἷς
527 1131 651 1179 σχῆμα
676 1127 784 1179 ὄφεως
805 1126 1032 1169 διατυπωθεὶς
1045 1154 1055 1172 ,
1075 1128 1128 1164 ἐν·

105 1191 213 1226 ταῧθα
235 1190 338 1239 σῶμα
369 1189 571 1226 δεσποτικὸν
598 1189 664 1227 ὑπὸ
692 1187 896 1237 Πνεύματος
916 1202 1131 1225 κατασκευα-

106 1249 196 1287 σθέν.
218 1249 326 1302 νΟφις
349 1250 488 1288 ἔδακνεν
508 1252 589 1296 ἐκεῖ,
611 1249 669 1287 καὶ
691 1250 766 1301 ὄφις
789 1251 876 1286 ἷᾶτο·
896 1249 986 1286 οὕτω
1004 1248 1063 1287 καὶ
1079 1251 1131 1287 ἐν-

106 1314 214 1348 ταῦθα
235 1310 379 1354 θάνατος
402 1309 577 1356 ἀπώλεσε,
596 1311 656 1348 καὶ
677 1310 820 1353 θάνατος
839 1309 981 1347 ἔσωσεν.
1004 1310 1092 1347 Ἀλλ’
1116 1314 1134 1349 6

107 1369 170 1419 μὲν
192 1370 345 1414 ἀπολλὺς
365 1371 453 1423 ὄφις,
471 1371 519 1409 ἰὸν
537 1365 629 1422 εἶχεν
644 1387 651 1394 ·
672 1374 689 1409 6
709 1369 744 1408 δὲ
766 1368 898 1416 σώζων,
915 1372 966 1408 ἰοῦ
985 1370 1134 1422 καθαρὸς

106 1425 159 1477 ἦν.
184 1431 252 1469 Καὶ
279 1434 426 1469 ἐνταῦθα
456 1432 496 1469 τὸ
519 1431 603 1469 αὐτὸ
621 1431 739 1469 πάλιν·
767 1433 784 1468 6
809 1429 871 1480 μὲν
895 1429 961 1481 γὰρ
982 1430 1134 1474 ἀπολλὺς

107 1493 251 1535 θάνατος
275 1492 451 1544 ἁμαρτίαν
481 1486 593 1544 εἶχεν,
624 1491 743 1542 ὥσπερ
761 1491 819 1528 τὸν
843 1491 892 1529 ἱὸν
911 1493 928 1528 6
947 1491 1039 1542 ὄφις·
1061 1494 1078 1529 6
1098 1491 1133 1529 δὲ

106 1556 165 1591 τοῦ
191 1552 390 1598 Δεσπότου,
420 1552 593 1605 ἁμαρτίας
616 1551 731 1598 πάσης
752 1551 982 1599 ἀπήλλακτο,
1014 1550 1134 1603 ὥσπερ

105 1607 160 1652 οἶν
178 1617 195 1651 6
217 1615 370 1666 χαλκοῦς
396 1614 492 1665 ὄφις,
522 1615 584 1651 tot).
611 1612 801 1663 Ἁμαρτίαν
821 1612 908 1664 γὰρ,
929 1612 1051 1663 φησὶν,
1075 1615 1135 1650 οὐκ

105 1675 277 1722 ἐποίησεν,
292 1673 369 1713 οὐδὲ
389 1675 486 1717 δόλος
500 1673 621 1726 εὑρέθη
642 1674 676 1711 ἐν
692 1675 742 1725 τῷ
760 1672 910 1724 στόματι
931 1674 1044 1711 αὐτοῦ.
1064 1674 1134 1711 Καὶ

104 1735 206 1773 τοῦτό
231 1737 346 1781 ἐστιν,
378 1735 396 1773 ὅ
427 1750 512 1787 φησι
539 1735 679 1778 Παῦλος
701 1749 708 1757 ·
743 1733 1042 1784 Ἀπεκδυσάμενος
1074 1733 1134 1777 τὰς

106 1797 215 1851 ἀρχὰς
236 1798 296 1836 καὶ
326 1797 387 1841 τὰς
417 1796 592 1845 ἐξουσίας,
626 1796 864 1848 ἐδειγμάτισεν
886 1800 919 1836 ἐν
948 1796 1134 1849 παῤῥησίᾳ

104 1859 338 1910 θριαμὸεύσας
365 1858 485 1902 αὖτοὺς
504 1861 536 1897 ἐν
559 1861 665 1910 αὐτῷ.
686 1857 855 1911 Καθάπερ
873 1857 941 1912 γάρ
960 1874 1010 1901 τις
1031 1861 1134 1906 ἀθλη-

104 1919 164 1967 τὴς
193 1926 365 1971 γενναῖος,
395 1920 477 1959 ὅταν
508 1919 564 1958 ἐπὶ
588 1918 762 1971 μετεώρου
788 1918 845 1956 τὸν
873 1919 1132 1970 ἀνταγωνιστὴν

106 1982 190 2034 ἄρας
213 1981 273 2019 καὶ
298 1980 519 2033 καταῤῥάξας
533 2010 543 2026 ,
566 1980 815 2032 λαμπροτέραν
835 1980 853 1999 *
876 1980 1050 2032 ἀποφαίνῃ
1070 1980 1133 2028 τὴν

104 2043 215 2089 νίκην·
236 2042 326 2081 οὕτω
347 2042 406 2080 καὶ
430 2045 447 2080 6
472 2042 643 2093 Χριστὸς,
670 2044 731 2088 τῆς
757 2041 962 2093 οἰκουμένης
994 2042 1133 2090 ἁπάσης

105 2103 252 2157 ὁρώσης,
268 2103 329 2146 τὰς
346 2103 587 2154 ἀντικειμένας
604 2103 766 2154 δυνάμεις
782 2102 967 2151 κατέὸαλε,
984 2103 1043 2142 καὶ
1055 2103 1133 2148 τοὺς

105 2165 162 2203 ἐπὶ
195 2167 256 2211 τ’ἧς
287 2164 433 2217 ἐρημίας
461 2163 719 2215 πληττομένους
749 2163 934 2215 ἰασάμενος
950 2196 959 2210 ,
990 2165 1130 2203 πάντων

103 2230 171 2265 τῶν
199 2225 326 2279 θηρίων
356 2225 534 2272 ἀπήλλαξε
558 2226 767 2279 κρεμασθεὶς
789 2225 871 2264 ἐπὶ0
890 2230 949 2265 τοῦ
967 2229 1129 2279 σταυροῦ.

97 2287 195 2326 Ἀλλ’
217 2288 279 2326 οὐκ
299 2280 393 2334 εἶπε,
422 2290 662 2340 κρεμασθῆναι
684 2287 751 2334 δεῖ,
783 2288 876 2334 ἀλλ’,
910 2286 1128 2339 “Υψωθῆναι.

102 2349 219 2400 υΟπερ
239 2348 305 2401 γὰρ
326 2348 557 2401 εὐφημότερον
579 2342 666 2386 εἶναι
682 2348 794 2387 ἐδόκει
810 2348 866 2387 διὰ
880 2348 937 2386 τὸν
950 2348 1129 2401 ἀκροώμε-

101 2425 178 2458 νον,
199 2409 258 2447 καὶ
284 2409 383 2461 ἐγγὺς
403 2412 463 2447 τοῦ
483 2409 603 2457 τύπου,
632 2413 733 2448 τοῦτο
748 2408 912 2448 τέθεικεν.
935 2409 1041 2448 Οὕτω
1062 2410 1129 2464 γὰρ

102 2471 283 2523 ἠγάπησεν
303 2474 320 2508 6
339 2470 429 2513 Θεὸς
452 2470 510 2508 τὸν
531 2470 674 2521 κόσμον,
701 2470 753 2508 ὅτι
769 2470 827 2508 τὸν
847 2469 929 2507 Υἱὸν
950 2471 1054 2508 αὐτοῦ
1070 2471 1127 2508 τὸν

103 2535 268 2583 μονογενῆ
296 2532 444 2578 ἔδωκεν,
464 2530 521 2568 ἵνα
546 2538 614 2574 πᾶς
640 2534 658 2568 6
688 2530 860 2568 πιστεύων
884 2533 929 2574 εἷς
956 2532 1058 2570 αὐτὸν
1079 2531 1126 2582 μὴ

103 2593 290 2641 ἀπόληται,
303 2593 378 2630 ἀλλ’
396 2592 459 2643 ἔχῃ
477 2591 567 2638 ζωὴν
581 2590 730 2629 αἰώνιον.
742 2590 791 2629 ⁰0
807 2591 842 2630 δὲ
857 2592 964 2642 λέγει,
974 2594 1127 2632 τοιοῦτόν

103 2657 187 2693 ἐστι·
207 2653 255 2704 μὴ
276 2652 456 2704 θαυμάσῃς
471 2651 524 2689 ὅτι
544 2651 612 2703 ἐγὼ
628 2651 745 2702 μέλλω
765 2653 951 2703 ὑψοῒὶσθαι,
981 2652 1038 2690 ἰ’να
1057 2670 1126 2691 σω-

104 2718 185 2761 θῆτε
207 2718 315 2765 ὑμεῖς.
341 2713 410 2751 Καὶ
436 2712 502 2764 γὰρ
525 2712 584 2750 καὶ
608 2713 657 2763 τῷ
678 2712 795 2764 Πατρὶ
816 2716 917 2750 τοῦτο
937 2713 1040 2760 δοκεῖ,
1068 2715 1124 2752 καὶ

103 2775 203 2819 αὐτὸς
218 2774 325 2819 οὕτως
340 2777 430 2825 ὑμᾶς
445 2773 639 2825 ἠγάπησεν,
655 2775 701 2816 ὡς
717 2772 803 2824 ὑπὲρ
820 2775 887 2810 τῶν
904 2773 1032 2811 δούλων
1049 2776 1125 2813 δοῦ-

103 2853 158 2874 ναι
185 2837 242 2875 τὸν
267 2836 362 2884 Yth),
382 2835 441 2873 καὶ
459 2835 589 2873 δούλων
618 2833 840 2886 ἀγνωμόνων.
858 2833 982 2873 Καίτοι
1003 2837 1065 2873 οὐκ
1084 2837 1124 2873 ἄν

102 2915 152 2941 τις
178 2898 254 2937 οὐδὲ
281 2896 368 2950 ὑπὲρ
388 2896 485 2949 φίλου
506 2901 606 2935 τοῦτο
629 2895 826 2943 ποιήσειεν,
847 2896 887 2915 *³*
905 2897 998 2946 [οὐδὲ
1038 2898 1124 2950 ὑπὲρ

101 2959 235 2997 δικαίου
264 2958 421 3010 ταχέως,
456 2957 541 3008 ὅπερ
569 2957 627 2994 καὶ
652 2959 669 2994 6
696 2958 837 3000 Παῦλος
864 2959 977 3003 δηλῶν
997 2958 1125 3010 ἔλεγε·]

101 3020 212 3063 Μόλις
232 3020 298 3071 γὰρ
327 3018 414 3071 ὑπὲρ
435 3018 567 3056 δικαίου
587 3034 639 3061 τις
660 3020 900 3057 ἀποθανεῖται.
915 3019 1007 3057 Ἀλλ’
1029 3022 1120 3058 ἐκεῖ·

102 3096 155 3123 νος
181 3080 242 3131 μὲν
269 3079 506 3131 πλατύτερον,
529 3079 649 3126 ἐπειδὴ
671 3079 755 3130 πρὸς
776 3078 917 3122 πιστοὺς
937 3078 1120 3131 διελέγετο·

102 3148 248 3185 ἐνταῦθα
262 3147 298 3185 δὲ
312 3146 598 3198 συνεσταλμένως
615 3146 676 3198 μὲν
694 3149 711 3184 6
724 3146 887 3198 Χριστὸς,
905 3146 1024 3194 ἐπειδὴ
1040 3147 1124 3199 πρὸς

149 3290 166 3315 1,
183 3284 329 3325 Quidam
348 3290 462 3329 §po-sou.

150 3338 166 3353 *
183 3336 283 3370 Savil.
314 3342 488 3383 ἀποφαίνει,
514 3337 622 3370 minus
648 3342 736 3369 recte
759 3349 763 3366 τ
790 3346 867 3368 nam
894 3335 981 3378 apud
998 3335 1110 3379 Chry-

106 3397 288 3420 sos-,tomum
304 3394 374 3423 ὅταν
390 3388 632 3432 subjunctivum
649 3400 775 3431 semper
794 3387 941 3432 requirit.

152 3451 164 3465 c
180 3440 293 3473 Mon-el.
322 3447 460 3486 σταυροῦ.
487 3446 592 3476 καὶδιά
615 3447 642 3476 τί
664 3446 712 3476 οὐκ
736 3445 808 3477 εἶπε,
834 3441 934 3482 Quod
960 3441 1041 3474 dicit
1065 3447 1113 3476 καὶ

1146 271 1153 279 .
1197 250 1336 279 xxvu.
1375 235 1434 278 ab

1478 250 1603 278 xxvn
2094 254 2178 297 ¹79

1198 339 1341 382 propter
1349 330 1515 368 crucifixi
1530 330 1823 378 imbecillitatem,
1840 344 1950 380 neque
1960 333 2055 382 quod
2065 334 2178 371 ,luda-i

1198 391 1395 442 superiores
1411 391 1552 440 suerint,
1573 392 1620 429 ita
1636 392 1768 429 sactum
1792 400 1862 429 est:
1884 391 1944 429 sed
1971 393 2053 443 quia
2076 396 2178 433 Deus

1199 453 1336 491 dilexit
1356 455 1554 500 mundum,
1586 454 1664 492 ideo
1689 454 1884 492 animatum
1912 454 1986 506 ejus
2009 456 2182 507 templum

1199 512 1434 564 crucifigitur.
1464 513 1524 549 15.
1550 513 1600 550 Ut
1626 516 1750 551 omnis
1771 515 1836 565 qui
1861 514 1981 551 credit
2012 516 2053 550 in
2070 515 2182 551 illum

1154 582 1178 613 C
1202 586 1279 610 non
1294 582 1440 625 pereat,
1457 575 1525 612 sed
1535 575 1675 612 habeat
1691 577 1817 612 vitam
1831 582 2028 612 (eternam.
2052 574 2182 613 Viden'

1201 635 1316 674 crucis
1334 649 1489 686 causam,
1509 645 1542 674 et
1558 636 1707 674 salutem
1722 636 1804 674 inde
1819 636 1981 688 partam?
1998 636 2113 675 viden'
2134 638 2182 675 fi—

1200 709 1297 747 gurae
1317 711 1398 735 cum
1429 698 1576 736 veritate
1606 697 1897 735 consonantiam?
1923 697 2004 735 lllic
2035 707 2183 735 mortem

1199 758 1354 810 effugere
1368 758 1497 809 Judaei,
1513 758 1574 797 sed
1590 769 1850 811 temporaneam
1859 775 1870 809 3
1888 759 1947 796 hic
1960 769 2126 797 aeternam
2144 760 2183 797 si-

1198 819 1304 858 deles.
1327 820 1408 858 Illic
1426 834 1619 873 suspensus
1646 834 1787 872 serpens
1814 830 2015 872 serpentum
2047 835 2185 859 morsus

1199 881 1364 931 curabat5
1388 881 1446 919 hic
1465 882 1659 920 crucifixus
1677 884 1779 921 Jesus
1798 896 1816 918 a
1841 882 2018 934 spirituali
2032 883 2184 921 dracone

1199 942 1351 981 inflictas
1371 943 1497 995 plagas
1515 943 1673 981 curabat.
1693 942 1772 981 Illic
1793 943 1855 994 qui
1877 943 1991 981 oeulis
2009 945 2184 996 corporeis

1200 1004 1356 1055 videbat,
1378 1005 1589 1054 curabatur,
1610 1004 1671 1042 hie
1702 1004 1763 1055 qui
1788 1005 1916 1042 mentis
1938 1004 2051 1042 oculis
2077 1005 2184 1054 xidct,

1200 1072 1341 1116 peccata
1362 1064 1480 1102 omnia
1495 1063 1650 1117 deponit.
1671 1064 1751 1102 Illic
1779 1078 1825 1102 {es
1844 1063 2019 1116 pendebat
2036 1063 2081 1101 ad
2111 1078 2185 1102 mo-

1199 1124 1287 1162 dum
1307 1125 1477 1177 serpentis
1497 1126 1717 1176 figuratum3
1732 1125 1793 1162 hic
1808 1139 1936 1177 corpus
1956 1125 2184 1163 Dominicum

1201 1203 1220 1225 a
1242 1189 1377 1240 Spiritu
1399 1190 1601 1227 formatum.
1620 1189 1699 1226 lllic
1710 1203 1852 1241 serpens
1866 1189 2061 1237 mordebat,
2077 1198 2187 1226 etser·

1157 1257 1183 1287 D
1203 1265 1290 1302 pens
1306 1251 1472 1300 curabat3
1488 1251 1547 1289 hie
1562 1265 1657 1288 mors
1678 1251 1847 1303 perdidit,
1864 1261 1896 1289 et
1911 1266 2005 1289 mors
2022 1252 2185 1290 servavit.

1204 1312 1274 1351 Sed
1303 1313 1364 1364 qui
1389 1313 1611 1351 interimebat
1638 1328 1794 1365 serpens,
1820 1327 1995 1352 venenum
2016 1314 2187 1361 habebam

1205 1373 1266 1424 qui
1284 1388 1369 1414 vero
1395 1375 1571 1424 servabat,
1596 1389 1730 1414 veneno
1758 1389 1891 1413 vacuus
1922 1384 2005 1412 erat.
2026 1375 2189 1428 Idipsum

1202 1435 1275 1485 jam
1289 1434 1409 1473 videre
1431 1444 1496 1472 est.
1515 1435 1608 1472 Nam
1630 1449 1724 1472 mors
1748 1449 1826 1485 quae
1848 1436 2085 1485 interimebat,
2105 1451 2187 1488 pec-

1207 1504 1325 1532 catum
1345 1495 1509 1543 habebat,
1530 1503 1569 1531 ut
1592 1509 1767 1533 venenum
1781 1509 1920 1546 serpens
1942 1511 1949 1531 :
1971 1497 2115 1534 Domini
2129 1512 2191 1534 au-

1206 1563 1276 1591 tem
1294 1567 1388 1592 mors
1407 1554 1453 1591 ab
1466 1554 1563 1591 omni
1579 1562 1721 1605 peccato
1738 1553 1907 1591 immunis
1920 1563 2006 1600 erat,
2027 1564 2064 1592 ut
2076 1570 2192 1593 aeneus

1207 1628 1348 1668 serpens
1367 1630 1386 1653 a
1404 1629 1537 1655 veneno
1551 1628 1695 1655 vacuus.
1714 1616 1923 1652 Peccatum
1940 1615 2045 1665 enim,
2065 1616 2192 1667 inquit,

1209 1690 1287 1713 non
1301 1678 1420 1731 fecit,
1445 1691 1512 1715 nec
1533 1679 1712 1714 inventus
1734 1684 1788 1713 est
1809 1676 1920 1713 dolus
1946 1678 1985 1712 in
2004 1690 2067 1714 ore
2094 1679 2188 1729 ejus.

1207 1738 1283 1776 Hoc
1311 1752 1394 1790 ergo
1422 1747 1472 1776 est
1495 1737 1592 1789 quod
1621 1737 1837 1788 significavit
1865 1736 2022 1774 Paulus:
2044 1740 2193 1790 Empo-

1207 1861 1354 1905 denter‚
1375 1861 1512 1912 palam
1535 1861 1778 1911 triumphans
1807 1859 1897 1896 illos
1913 1862 1954 1896 in
1979 1863 2191 1912 semetipso.

1207 1921 1518 1970 Quemadmodum
1541 1921 1634 1960 enim
1660 1921 1793 1960 athleta
1818 1930 1992 1970 strenuuS,
2023 1936 2103 1960 cum
2138 1936 2197 1960 su-

1206 1985 1352 2023 blimem
1370 1993 1488 2022 actum
1519 1983 1765 2021 adversarium
1784 1983 1986 2034 prosternit,
2012 1983 2196 2022 clariorem

1158 2056 1182 2085 E
1206 2047 1309 2085 refert
1325 2046 1512 2084 victoriam
1528 2061 1535 2082 :
1562 2045 1613 2083 sie
1628 2054 1661 2083 et
1678 2044 1840 2082 Christus
1850 2053 1926 2082 toto
1941 2054 2117 2097 spectante
2138 2060 2197 2083 or-

1204 2109 1260 2159 be,
1278 2108 1501 2147 adversarias
1518 2115 1705 2160 potestates
1719 2105 1864 2158 dejecit3
1886 2115 1918 2143 et
1937 2106 1986 2144 eis
2006 2106 2067 2157 qui
2090 2107 2124 2144 in
2142 2121 2197 2145 so-

1203 2169 1355 2208 litudine
1371 2168 1549 2208 vulnerati
1562 2168 1699 2205 fuerant
1716 2167 1859 2216 curatis,
1873 2167 1918 2204 ab
1934 2168 2098 2206 omnihus
2116 2168 2197 2206 feris

1204 2231 1298 2283 ipsos
1313 2230 1348 2267 in
1370 2242 1472 2267 cruce
1486 2242 1676 2280 suspensus
1697 2227 1873 2267 liberavit.
1898 2229 2035 2267 Verum
2051 2242 2119 2265 non
2141 2227 2195 2265 di-

1161 2333 1172 2343 r
1202 2293 1269 2342 xit,
1289 2290 1465 2344 Suspendi
1490 2299 1638 2343 oportet,
1654 2289 1729 2338 sed,
1747 2291 1943 2327 Exaltcm'.
1968 2290 2072 2335 Quod
2101 2290 2194 2327 enim

1144 2332 1191 2398 1Ᾰὸ
1202 2354 1302 2391 dictu
1322 2351 1542 2391 tolerabilius
1561 2365 1634 2389 esse
1648 2350 1838 2389 videbatur
1858 2350 1893 2387 in
1911 2350 2087 2387 audientis
2107 2364 2191 2401 gra-

1202 2416 1301 2465 tiam,
1313 2414 1381 2452 hoc
1399 2413 1565 2466 proxime
1575 2411 1620 2449 ad
1634 2411 1788 2462 figuram
1802 2410 1968 2448 accedens
1977 2411 2107 2462 posuit.
2125 2413 2187 2449 16,

1202 2476 1263 2513 Sic
1283 2477 1386 2512 enim
1414 2475 1520 2511 Deus
1553 2473 1690 2509 dilexit
1731 2471 1930 2516 mundum,
1968 2479 2008 2508 ut
2041 2471 2188 2509 Filium

1200 2551 1312 2574 suum
1341 2537 1579 2586 unigenitum
1609 2533 1733 2577 daret,
1758 2540 1797 2569 ut
1815 2534 1953 2578 omnis,
1978 2535 2044 2583 qui
2068 2535 2187 2570 credit

1200 2600 1239 2634 ιή
1262 2599 1399 2647 ipsum,
1426 2608 1503 2630 non
1517 2600 1662 2644 pereat,
1685 2593 1754 2629 sed
1770 2593 1915 2629 habeat
1937 2594 2063 2629 ‘vitam
2080 2602 2187 2630 oeter-

1202 2671 1304 2694 nam.
1329 2656 1403 2693 Hoc
1417 2663 1468 2692 est
1489 2669 1496 2689 :
1518 2654 1571 2691 Ne
1588 2652 1728 2690 mireris
1758 2652 1855 2703 quod
1886 2666 1951 2704 ego
1977 2653 2187 2692 exaltandus

1199 2719 1279 2768 sim,
1296 2726 1334 2754 ut
1346 2730 1407 2755 vos
1421 2715 1570 2754 salutem
1584 2713 1859 2765 consequamini.
1872 2715 1964 2752 Nam
1975 2714 2044 2752 hoe
2063 2715 2109 2753 ita
2123 2716 2187 2752 Pa-

1196 2780 1242 2817 tri
1261 2779 1380 2818 visum
1410 2785 1477 2827 est,
1511 2784 1544 2814 et
1558 2775 1609 2813 sic
1623 2775 1685 2812 ille
1702 2789 1766 2814 vos
1783 2774 1924 2825 dilexit,
1939 2784 1976 2812 ut
1994 2790 2058 2827 pro
2075 2776 2184 2814 servis

1197 2840 1332 2878 Filium
1351 2838 1464 2888 daret,
1480 2846 1513 2875 et
1529 2850 1594 2889 pro
1607 2836 1756 2888 ingratis
1773 2836 1897 2875 servis.
1932 2837 2040 2888 Atqui
2071 2851 2184 2888 neque

1196 2916 1260 2955 pro
1272 2900 1400 2948 amico,
1415 2913 1529 2950 neque
1540 2913 1606 2951 pro
1610 2899 1708 2950 justo
1720 2897 1823 2935 facile
1841 2897 2019 2950 quispiam
2029 2898 2067 2936 id
2078 2909 2158 2950 agat
2175 2915 2181 2935 :

1197 2962 1296 3015 quod
1316 2961 1450 3000 Paulus
1478 2959 1534 2997 his
1559 2959 1674 2998 verbis
1693 2957 1847 2997 ostendit
1869 2974 1876 2994 :
1900 2960 1974 2995 Vim
1997 2962 2099 2996 enim
2112 2974 2182 3011 pro
2198 2969 2283 2999 Rom,
2301 2968 2330 2999 5.

1191 3027 1298 3077 justo
1315 3025 1400 3075 quis
1420 3024 1620 3059 moriatur.
1646 3019 1716 3058 Sed
1734 3020 1796 3058 ille
1820 3020 1980 3071 longiore
2002 3035 2087 3059 usus
2112 3036 2182 3059 ser-

1199 3098 1302 3123 mone
1321 3092 1383 3132 est,
1403 3082 1485 3134 quia
1500 3081 1668 3119 fidelibus
1678 3081 1785 3120 verba
1804 3081 1977 3119 faciebat:
1994 3082 2052 3120 hie
2066 3092 2182 3120 autem

1150 3156 1173 3186 B
1200 3146 1345 3186 brevius
1359 3143 1536 3193 Christus,
1555 3143 1637 3194 quia
1657 3142 1891 3181 Nicodemum
1917 3143 2166 3194 alloquebatur
2173 3160 2182 3193 3

1176 3287 1257 3326 ἐγγὺς
1274 3288 1324 3317 τοῦ
1338 3286 1441 3321 τύπου,
1461 3288 1490 3313 et
1503 3282 1654 3324 prooeime
1668 3278 1885 3323 adfigurczm:
1901 3275 2030 3309 nonnisi
2047 3276 2183 3319 figurate

1177 3335 1300 3368 dicitnr
1315 3333 1466 3367 Christus
1482 3331 1631 3373 exaltari,
1646 3342 1722 3363 cum
1736 3331 1767 3361 in
1783 3340 1879 3361 cruce
1893 3327 2115 3370 suspenditur.

1222 3388 1242 3401 '‘
1261 3387 1357 3428 [Quae
1375 3385 1502 3417 uncinis
1527 3382 1651 3415 inclusa
1677 3388 1770 3418 sunt,
1793 3378 1982 3412 addidimus
2008 3390 2023 3411 e
2040 3380 2140 3414 Saxil,
2153 3390 2186 3414 ρι

1179 3449 1318 3484 utroque
1332 3438 1417 3473 Cod.
1437 3445 1564 3471 nostro.
1584 3432 1746 3468 Reddidit
1760 3432 1956 3474 lutei-pres]

2212 1637 2235 1659 ι,
2254 1627 2319 1654 Pet.
2341 1635 2368 1654 2,

2212 1747 2326 1775 Colum:
2345 1754 2370 1771 2.

1209 1800 1310 1838 lians
1324 1802 1565 1851 principatus
1584 1808 1621 1837 et
1635 1807 1856 1851 potestates,
1883 1800 2055 1837 traduxit
2076 1802 2195 1853 confi·
2232 1795 2239 1816 ⁷
2254 1809 2261 1816 ·

2353 2978 2367 2985 .-

2354 2993 2361 3006 ,
2375 2990 2381 2997 .
