2481 3678
270 186 357 231 258
727 201 764 229 s.

265 282 320 319 illi
339 296 422 321 vero
445 281 500 318 1115
522 281 679 328 omissis,
699 289 732 318 et
752 280 841 318 hanc
860 279 1093 332 dedignantes
1115 277 1247 316 doctri-

268 357 368 391 nam,
385 343 533 380 alteram
565 341 632 380 sibi
655 355 824 394 paravere
843 340 941 380 viam
952 355 965 392 3
993 349 1209 392 quapropter
1230 353 1250 376 a

270 418 352 444 vera
368 404 428 443 via
443 404 664 441 aberrarunt.
687 402 772 441 Ideo
788 401 905 441 Judaei
924 415 992 440 non
1004 401 1251 448 crediderunt,

270 465 391 515 glorize
423 465 586 503 humanae
610 463 735 516 cupidi
743 479 754 513 3
782 463 883 501 illam
909 477 1013 512 vero,
1038 474 1114 513 quae
1134 476 1154 500 a
1177 463 1251 500 Deo

162 546 260 573 „mnis
272 535 342 575 cst,
367 525 518 576 gloriam
535 538 605 563 non
626 532 831 575 quzrrentes.
856 525 994 563 Verum
1010 537 1092 573 nos,
1110 522 1251 569 dilecti,

70 588 162 625 gloria

72 630 187 665 gienala.

219 586 369 625 fu-hunc
397 587 563 624 morbum
593 585 689 623 omni
717 584 836 623 studio
866 594 901 623 et
922 584 1109 636 diligentia
1130 583 1254 635 fugia-

274 662 363 685 mus.
382 646 481 684 Licet
494 646 589 684 enim
601 647 786 684 innumera
801 644 911 698 probe
933 645 1160 697 gesserimus,
1178 643 1256 681 haec

271 707 389 746 omnia
426 721 525 746 vanae
563 707 685 759 gloriae
724 705 897 759 pernicies
937 704 1178 743 labefactabit.
1215 703 1256 742 Si

270 782 353 819 ergo
377 767 423 805 ad
443 768 568 806 laudes
588 767 819 820 respiciamus
833 797 842 815 ,
864 766 944 804 illas
955 779 1160 821 fluaeramus
1176 779 1253 816 quae

271 845 290 867 a
311 831 385 867 Dco
408 839 500 868 sunt.
518 830 613 867 Laus
638 828 732 867 enim
757 828 965 877 hominum,
988 828 1257 878 qualiscumque

271 889 394 938 fuerit,
417 889 536 927 statim
557 898 662 940 atque
677 898 823 941 apparet
838 887 1025 928 evanescit.
1042 885 1121 925 Etsi
1137 895 1256 924 autem

271 966 340 990 non
363 952 513 1005 periret,
538 952 631 990 nihil
646 961 737 990 certe
752 951 844 989 lucri
865 951 966 989 nobis
979 951 1141 999 afferret,
1165 959 1198 988 et
1211 964 1255 988 ex

272 1024 438 1067 corrupto
458 1028 549 1066 saepe
571 1014 710 1066 judicio
732 1013 908 1064 provenit.
933 1011 1033 1058 Quid
1054 1011 1150 1049 enim
1184 1020 1257 1048 tam

271 1074 483 1112 admirabile
503 1076 659 1112 humana
683 1074 797 1124 gloria
825 1073 974 1122 habeat,
998 1086 1067 1122 qua
1088 1072 1258 1109 fruuntur

272 1145 305 1173 et
331 1137 496 1173 saltantes
521 1136 686 1186 ι11110005,
723 1143 757 1170 et
786 1133 977 1184 impudicae
1010 1132 1191 1181 mulieres,
1224 1140 1258 1169 et

272 1197 371 1235 avari
392 1206 497 1246 atque
511 1195 694 1247 raptores?
718 1194 791 1240 Qui
810 1202 929 1231 autem
941 1208 961 1230 a
983 1194 1060 1231 Deo
1071 1192 1258 1242 laudatur,

272 1271 341 1296 non
370 1257 549 1305 cumbis,
578 1256 639 1294 sed
662 1270 743 1293 cum
767 1255 898 1294 sanetis
929 1254 1001 1292 illis
1029 1253 1258 1292 admirationi

272 1320 440 1367 habetur,
464 1332 545 1355 cum
570 1316 754 1369 prophetis
772 1329 900 1368 nempe
922 1324 957 1353 et
985 1314 1176 1367 apostolis,
1196 1315 1260 1365 qui

273 1381 471 1432 angelicam
490 1378 626 1416 duxere
638 1378 763 1418 vitam.
782 1376 888 1424 Quod
900 1376 930 1414 si
949 1377 1094 1414 turbam
1106 1376 1259 1413 circum-

274 1444 403 1482 ducere
422 1452 456 1481 et
477 1442 608 1494 suspici
620 1451 798 1494 optamus,
820 1439 915 1478 illud
926 1439 1014 1491 quid
1027 1439 1074 1477 sit
1095 1439 1259 1491 explore-

276 1520 373 1555 mus,
398 1519 439 1543 ac
460 1504 596 1542 nullius
616 1502 720 1555 pretii
738 1516 811 1540 esse
832 1500 1148 1553 deprehendemus.
1177 1501 1259 1547 Uno

276 1567 404 1612 verbo,
420 1565 448 1602 si
468 1566 611 1603 turbam
626 1578 741 1612 amas,
765 1562 973 1614 angelorum
992 1560 1260 1599 multitudinem

276 1628 342 1665 tibi
364 1627 520 1675 attrahe,
543 1635 576 1663 et
597 1624 817 1663 daemonibus
844 1623 1015 1661 terribilis
1036 1632 1129 1671 esto,
1155 1632 1189 1660 et
1211 1622 1263 1660 sic

279 1689 462 1728 hominum
489 1686 625 1725 nullam
646 1685 796 1724 habebis
821 1684 1016 1734 rationem,
1053 1683 1112 1722 scd
1143 1684 1262 1722 omnia

278 1750 384 1787 etiam
401 1763 478 1799 quae
497 1747 688 1801 splendida
705 1746 887 1794 videntur,
909 1745 957 1782 ita
976 1744 1128 1782 calcabis
1142 1753 1181 1782 ut
1194 1759 1262 1782 000-

280 1824 366 1848 01101
383 1819 488 1860 atque
510 1810 626 1846 lutum
641 1823 648 1844 :
673 1816 707 1845 et
724 1816 808 1845 tunc
821 1807 914 1844 clare
927 1805 1069 1845 videbis
1083 1805 1265 1843 1111ιί13111-

281 1885 376 1908 mam
390 1870 439 1908 ita
453 1869 662 1921 deturpare,
679 1877 719 1905 ut
733 1867 854 1919 gloriae
868 1880 1036 1904 amorem.
1059 1866 1139 1904 Non
1153 1875 1265 1918 potest

281 1932 397 1979 enim,
421 1945 490 1969 non
510 1939 625 1982 potest
647 1929 769 1980 utique
789 1942 891 1967 vanae
909 1927 1035 1979 gloriae
1059 1936 1194 1965 amator
1211 1928 1266 1967 vi-

282 2002 356 2030 tam
376 1992 537 2030 cruciatu
557 1991 698 2043 plenam
711 2004 780 2028 non
800 1989 929 2027 ducere
936 2005 947 2040 3
972 1988 1063 2026 sicut
1081 1989 1188 2026 etiam
1203 1989 1264 2040 qui

283 2054 382 2091 illam
404 2054 535 2102 calcat,
558 2067 628 2091 non
656 2060 771 2104 potest
791 2051 881 2090 vitia
899 2051 1011 2088 multa
1034 2065 1103 2089 non
1123 2051 1265 2089 concul-

282 2129 372 2152 care.
394 2115 487 2152 Nam
514 2114 575 2165 qui
602 2127 732 2152 vanam
762 2112 912 2164 gloriam
936 2111 1140 2164 superavit,
1172 2111 1266 2150 invi-

282 2175 398 2225 diam,
424 2175 655 2227 pecuniarmn
677 2187 852 2222 amorem,
885 2181 1096 2223 caeterosque
1127 2172 1266 2223 gravis·
1285 2179 1310 2208 D

283 2237 390 2274 simos
419 2237 560 2274 morbos
581 2234 789 2273 devicturus
818 2243 879 2272 est.
904 2233 951 2271 Et
979 2234 1177 2284 quomodo,
1212 2234 1266 2272 in-

283 2298 405 2348 quies,
438 2298 537 2335 illam
559 2295 834 2349 superabimus?
860 2295 899 2334 Si
931 2296 1039 2333 aliam
1067 2305 1266 2348 spectemus

285 2359 456 2409 gloriam3
482 2359 550 2396 hoc
565 2368 616 2396 est
632 2359 823 2405 caelestem,
845 2370 865 2394 a
883 2372 950 2408 qua
967 2371 1030 2395 nos
1045 2357 1121 2395 haec
1144 2357 1267 2410 ejicere

285 2430 441 2458 conatur.
466 2421 533 2458 llla
556 2419 651 2457 enim
679 2432 741 2456 nos
769 2427 803 2456 et
822 2417 858 2456 in
875 2418 943 2455 bac,
966 2417 1041 2456 vita
1060 2420 1268 2471 conspicuos

287 2483 394 2519 eflicit
409 2513 417 2529 ,
437 2492 472 2520 et
490 2482 537 2520 ad
554 2482 710 2519 suturam
721 2480 835 2519 Vitam
853 2479 1039 2518 nobiscum
1061 2481 1196 2533 pergit,
1216 2491 1269 2520 at-

293 2558 359 2593 que
380 2544 425 2581 ab
452 2544 548 2581 omni
574 2542 742 2582 servitute
764 2542 897 2580 carnali
914 2555 977 2580 nos
998 2541 1136 2580 liberat.
1162 2543 1269 2581 Carni

291 2604 414 2641 misere
443 2619 534 2642 nunc
564 2604 758 2651 servimus,
793 2612 892 2641 terrm
922 2602 1139 2654 terrenisque
1165 2604 1269 2643 rebus

290 2665 438 2703 addicti.
466 2666 549 2704 Sive
572 2665 608 2703 in
626 2666 743 2702 forum
766 2673 799 2702 te
821 2664 1000 2714 conseras,
1027 2664 1102 2703 sive
1123 2664 1270 2704 domum

291 2726 398 2764 intres
414 2756 423 2774 ,
442 2726 515 2764 sive
527 2726 626 2775 vias,
644 2725 826 2774 stationes,
850 2725 1045 2764 divorsoria
1057 2725 1269 2776 frequentes,

290 2787 317 2824 si
343 2787 463 2824 navim
484 2787 717 2834 conscendas,
748 2787 901 2825 insulam
934 2783 1039 2824 adeas
1069 2787 1127 2824 vel
1155 2788 1270 2839 regias

290 2848 402 2894 cedes,
422 2848 451 2884 51
475 2848 647 2899 judiciale
666 2846 781 2885 sorum
799 2848 856 2885 vel
878 2857 1038 2885 senatum
1057 2847 1180 2896 adeas,
1204 2863 1270 2886 sa:-

289 2908 463 2945 cularium
481 2908 610 2958 ubique
622 2921 737 2945 rerum
755 2907 1031 2945 sollicitudinem
1046 2907 1267 2958 observabis,

290 2968 516 3019 singulosque
544 2967 600 3005 1115
626 2968 661 3004 in
694 2968 797 3005 rebus
821 2968 1037 3017 laborantes,
1074 2968 1241 3007 abeuntes
1257 3000 1267 3018 ,

290 3037 483 3077 manentes,
503 3027 727 3078 navigantes,
745 3027 934 3077 agricolas,
951 3042 1008 3064 cos
1022 3028 1082 3078 qui
1107 3028 1144 3067 in
1161 3043 1266 3079 agro,

289 3089 418 3140 eosqui
442 3089 476 3125 in
490 3089 579 3126 urbe
591 3088 769 3134 habitant,
785 3102 855 3125 uno
872 3088 1001 3135 verbs),
1022 3103 1157 3128 omncs.
1179 3091 1267 3137 Quae

1282 1449 1305 1479 C

332 3226 344 3241 ἢ
361 3215 553 3258 Suspicatur
575 3214 716 3248 Savilius
740 3211 910 3255 legendum
933 3215 1006 3257 παρ’
1023 3218 1183 3258 ἀνθρώπων
1210 3219 1288 3257 λαμ-

289 3273 430 3306 Εάνοντες.
463 3268 561 3308 [Ante
587 3264 696 3298 Codd.
729 3266 806 3305 705«,
826 3264 888 3296 706
911 3267 1047 3302 ἐξέπεσαν
1068 3263 1116 3296 tel
1142 3270 1285 3304 ἐξέπεσον,

290 3326 342 3353 Καὶ
358 3321 476 3353 ἰουῦνὶίοι
494 3319 552 3359 eeu]

331 3374 345 3396 ¹*
367 3377 598 3414 θαυμαζόμενος.
623 3375 794 3411 (θαυμάζει-,ι
812 3378 870 3409 pro
895 3366 1039 3402 laudare,
1060 3373 1096 3398 ut
1108 3368 1174 3409 Jam
1199 3367 1283 3399 dixi-

802 197 987 229 JOANMS
1022 196 1272 228 CHRYSOST.
1311 195 1497 227 ARCHIEP
1506 213 1514 223 .

1553 195 1608 224 CO
1615 195 1638 224 N
1646 195 1832 225 S'rANTIN
1839 196 1895 225 ΟΡ
1903 215 1912 223 .

1320 277 1459 316 τούτου·
1481 278 1604 314 ἐκεῖνοι
1624 275 1659 314 δὲ
1684 280 1792 315 ταῦτα
1813 276 1977 328 ἀφέντες,
2003 276 2062 314 καὶ
2081 274 2338 321 ἀπαξιώσαντες

1322 337 1378 376 διὰ
1401 330 1533 385 ταύτης·
1558 339 1666 376 ἐλθεῖν
1700 340 1762 385 τῆς
1793 337 2034 384 διδασκαλίας,
2066 336 2186 389 ἑτέραν
2218 336 2338 388 ἔτεμον

1322 402 1455 443 ἑαυτοῖς
1470 398 1546 437 ὁδόν
1564 414 1572 422 ·
1589 398 1641 436 διὸ
1664 398 1723 436 καὶ
1741 402 1804 446 τ’ἥς
1827 398 1932 447 οὔσης
1957 398 2128 444 ἐξέπεσον.
2155 397 2223 436 Διὰ
2240 401 2340 437 τοῦτο

1322 459 1382 500 καὶ
1400 460 1562 499 Ἰουδαῖοι
1593 461 1654 498 οὐκ
1681 458 1900 507 ἐπίστευσαν,
1931 459 2029 504 δόξαν
2045 461 2150 511 ξιπαρ’
2180 459 2340 506 ἀλλήλων

1323 521 1581 573 λαμὸάνοντες,
1606 520 1666 560 καὶ
1695 521 1759 568 τὴν
1785 520 1881 574 παρὰ
1899 526 1958 560 τοῦ
1977 523 2068 560 Θεοῦ
2098 520 2197 565 δόξαν
2216 521 2253 558 οὗ
2276 522 2341 567 ζη-

1323 587 1470 628 τοῦντες.
1497 583 1587 621 Ἀλλ’
1606 586 1724 634 ἡμεῖς,
1760 582 1954 633 ἀγαπητοὶ,
1974 587 2074 621 τοῦτο
2101 580 2282 634 φεύγωμεν
2303 581 2343 618 τὸ

1323 644 1460 696 νόσημα
1492 646 1566 695 μεθ’
1589 643 1782 697 ὑπερέολῆς
1810 643 1870 682 καὶ
1906 644 2056 690 σπουδῆς
2087 642 2236 688 ἁπάσης.
2267 641 2342 680 Κᾶν

1278 723 1301 753 Β
1321 706 1389 759 γὰρ
1415 706 1519 758 μυρία
1534 705 1789 758 κατορθώματα
1809 705 1958 758 ἔχωμεν,
1974 704 2090 743 πάντα
2108 703 2209 750 ἱκανὴ
2229 705 2344 742 διαλῦ-

1323 784 1382 806 σαι
1407 771 1469 815 τῆς
1497 767 1690 811 κενοδοξίας
1707 771 1729 815 ἡ
1749 767 1857 816 λύμη.
1883 768 1928 806 Εἰ
1951 766 2065 804 τοίνυν
2090 765 2238 804 ἐπαίνων
2259 767 2343 816 ἐρῶ-

1325 844 1400 880 μεν,
1433 827 1512 872 τοὺς
1538 829 1635 882 παρὰ
1655 831 1704 881 τῷ
1721 830 1803 880 Θεῷ
1833 831 1990 879 ζητῶμεν
2020 826 2192 870 ἐπαίνους.
2215 825 2260 865 ‘O
2282 826 2344 877 μὲν

1323 889 1390 942 γὰρ
1410 889 1506 942 παρὰ
1526 893 1594 928 τῶν
1622 888 1811 941 ἀνθρώπων
1832 889 1969 932 ἔπαινος
1988 882 2054 932 οἷος
2074 887 2113 925 ἂν
2137 883 2178 940 ᾗ,
2201 891 2288 938 ὁμοῦ
2307 902 2346 926 τε

1325 951 1432 1003 ἐφάνη
1462 951 1521 989 καὶ
1558 951 1739 989 ἀπώλετο·
1770 950 1834 988 κᾶν
1860 949 1907 1001 μὴ
1935 948 2134 997 ἀπόληται,
2163 947 2203 986 τὸ
2226 947 2346 1000 κέρδος

1324 1010 1419 1049 οὐδὲν
1441 1014 1522 1061 ἡμῖν
1541 1011 1685 1063 ἤνεγκε,
1706 1011 1765 1048 καὶ
1787 1011 1856 1049 ἀπὸ
1883 1009 2028 1063 κρίσεως
2059 1009 2094 1048 δὲ
2121 1008 2254 1061 γίνεται
2276 1009 2346 1046 διε-

1324 1071 1522 1125 φθαρμένης
1545 1071 1724 1116 πολλάκις.
1742 1072 1789 1109 Τί
1816 1071 1883 1125 γὰρ
1900 1070 2096 1121 θαυμαστὸν
2116 1074 2138 1118 ἧ
2157 1070 2253 1122 παρὰ
2282 1073 2345 1108 ἀν-

1325 1132 1471 1184 θρώπων
1504 1132 1577 1184 ἔχει
1610 1132 1707 1179 δόξα,
1738 1126 1780 1177 ἧς
1810 1132 1869 1169 καὶ
1897 1131 2102 1183 ὀρχούμενοι
2133 1130 2347 1169 ἀπολαύουσι

1325 1193 1414 1241 νέοι,
1434 1192 1494 1230 καὶ
1513 1191 1761 1244 διεφθαρμέναι
1778 1197 1956 1243 γυναῖκες,
1984 1191 2043 1229 καὶ
2063 1192 2269 1230 πλεονέκται
2288 1192 2349 1230 καὶ

1326 1254 1498 1306 ἅρπαγες;
1528 1252 1573 1291 <O
1609 1252 1643 1291 δὲ
1666 1252 1763 1306 παρὰ
1790 1255 1850 1290 τοῦ
1881 1254 1972 1291 Θεοῦ
2000 1250 2287 1302 1)θαυμαζόμενος
2310 1254 2348 1290 οὖ

1328 1314 1417 1365 μετὰ
1445 1315 1591 1363 τούτων,
1614 1313 1704 1352 ἀλλὰ
1730 1313 1819 1365 μετὰ
1839 1317 1907 1352 τῶν
1928 1313 2036 1366 ἁγίων
2052 1312 2191 1352 ἐκείνων
2210 1313 2350 1365 θαυμά-

1328 1378 1434 1422 ζεται,
1453 1378 1521 1414 τῶν
1542 1378 1730 1428 προφητῶν
1746 1375 1856 1427 λέγω,
1878 1378 1946 1413 τῶν
1964 1374 2180 1422 ἀποστόλων,
2200 1376 2268 1412 τῶν
2290 1377 2351 1426 ἀγ-

1327 1436 1462 1489 γελικὸν
1492 1433 1769 1488 >ἐπιδειξαμένων
1812 1436 1898 1488 βίον.
1941 1438 1986 1475 Εἰ
2027 1436 2062 1475 δὲ
2096 1435 2135 1474 τὸ
2173 1434 2351 1488 περιάγειν

1326 1499 1467 1551 ὄχλους,
1495 1498 1554 1536 καὶ
1584 1498 1624 1536 τὸ
1654 1497 1913 1536 ἀποὸλέπεσθαι
1930 1501 2115 1547 ποθοῦμεν,
2135 1495 2351 1546 ἐξετάσωμεν

1329 1560 1412 1599 αὐτὸ
1447 1561 1523 1598 καθ’
1554 1559 1673 1607 ἑαυτὸ,
1703 1559 1762 1597 καὶ
1797 1559 1930 1602 οὐδενὸς
1963 1558 2055 1603 ἄξιον
2084 1557 2275 1610 εὑρήσομεν
2300 1557 2350 1595 ὄν.

1327 1620 1447 1664 ζὈλως
1466 1620 1502 1659 δὲ
1514 1651 1524 1669 ,
1539 1623 1569 1659 εἷ
1589 1621 1648 1659 καὶ
1661 1621 1775 1673 ὄχλων
1790 1622 1870 1672 ἐρᾷς
1883 1649 1892 1666 ,
1914 1617 2058 1672 ἐφέλκου
2077 1619 2136 1657 τὸν
2156 1620 2265 1669 δῆμον
2283 1620 2352 1656 τῶν

1330 1681 1501 1733 ἀγγέλων,
1518 1681 1578 1719 καὶ
1591 1680 1685 1733 γίνου
1706 1681 1849 1734 φοὸερὸς
1869 1680 2009 1731 δαίμοσι
2026 1710 2035 1728 ,
2052 1679 2111 1718 καὶ
2129 1681 2198 1717 τῶν
2223 1681 2354 1729 ἀνθρω-

1330 1743 1439 1781 πίνων
1464 1742 1584 1781 οὐδένα
1602 1743 1732 1795 ποιήσῃ
1751 1743 1852 1793 λόγον
1864 1758 1872 1765 ·
1892 1742 1983 1780 ἀλλὰ
2000 1741 2116 1779 πάντα
2132 1739 2222 1778 οὕτω
2238 1755 2353 1778 κατα-

1331 1804 1500 1851 πατήσεις
1518 1804 1562 1843 τὰ
1590 1803 1759 1855 λαμπρὰ,
1788 1807 1834 1847 ὡς
1865 1802 2029 1857 βόρὸορον
2058 1801 2118 1840 καὶ
2137 1800 2269 1847 πηλόν·
2297 1800 2356 1838 καὶ

1331 1866 1408 1917 ὄψει
1424 1865 1501 1903 τότε
1521 1867 1638 1917 σαφῶς
1652 1893 1661 1910 ,
1680 1864 1733 1902 ὄτι
1751 1864 1846 1903 οὐδὲν
1862 1864 1952 1903 οὕτω
1967 1862 2236 1940 παρασκευάζει
2239 1861 2356 1914 ψυχὴν

1333 1930 1560 1979 ἀσχημονεῖν,
1580 1928 1627 1969 ὡς
1639 1926 1679 1964 τὸ
1697 1925 1796 1973 δόξης
1812 1928 1905 1978 ἐρᾷν.
1922 1927 1975 1964 Οὐ
1995 1924 2062 1978 γὰρ
2079 1924 2185 1970 ἔστιν,
2202 1923 2264 1960 οὐκ
2283 1922 2358 1960 ἔστι

1331 1987 1388 2026 τὸν
1421 1987 1551 2033 ταύτης
1580 1989 1713 2040 ε’ρυντα
1732 1987 1806 2038 εμὴ
1837 1989 1939 2034 ζῆσαι
1950 1986 2036 2038 βίον
2067 1982 2355 2038 ἐσταυρωμένον·

1332 2049 1450 2101 ὥσπερ
1464 2052 1522 2086 οὐν
1541 2050 1603 2086 οὐκ
1618 2047 1692 2086 ἔστι
1707 2047 1915 2095 πατήσαντα
1930 2046 2074 2094 ταύτην,
2091 2045 2139 2096 μὴ
2153 2044 2199 2083 τὰ
2215 2043 2358 2082 πλείονα

1332 2113 1400 2147 τῶν
1420 2112 1539 2147 παθων
1560 2112 1821 2155 καταπατῆσαι.
1841 2108 1886 2146 Ὁ
1905 2107 1972 2161 γὰρ
1989 2107 2118 2154 ταύτης
2136 2104 2358 2158 περιγενόμε-

1333 2187 1387 2215 νος
1399 2200 1409 2217 ,
1428 2171 1487 2210 καὶ
1507 2171 1628 2222 φθόνου
1654 2170 1712 2208 καὶ
1732 2169 2033 2222 φιλοχρηματίας,
2054 2169 2112 2206 καὶ
2131 2166 2271 2206 πάντων
2292 2182 2359 2204 πε-

1335 2233 1466 2285 ριέσται
1498 2234 1565 2270 τῶν
1598 2233 1764 2284 χαλεπῶν
1795 2231 2015 2281 νοσημάτων.
2047 2230 2117 2267 Καὶ
2144 2231 2218 2271 πῶς
2251 2230 2357 2274 αὐτῆς

1333 2293 1563 2346 περιεσόμεθα
1576 2323 1585 2341 ,
1617 2291 1720 2344 φησίν
1736 2308 1744 2339 ;
1775 2289 1836 2329 Ἂν
1871 2290 1956 2342 πρὸς
1993 2290 2057 2336 τὴν
2089 2290 2198 2335 ἄλλην
2229 2288 2356 2338 ἴδωμεν

1335 2355 1433 2400 δόξαν
1451 2354 1514 2401 τὴν
1547 2355 1587 2391 ἐκ
1611 2357 1679 2392 τῶν
1707 2354 1870 2404 οὐρανῶν,
1890 2356 1931 2398 ἧς
1956 2350 2170 2389 ἐκὸάλλειν(
2155 2355 2248 2399 ημᾶς
2268 2348 2356 2394 αὕτη

1336 2417 1502 2470 βιάζεται.
1520 2415 1661 2463 Εκείνη
1683 2414 1752 2467 γὰρ
1776 2414 1834 2451 καὶ
1867 2414 2014 2450 ἐνταῦθα
2041 2417 2132 2449 ποιεῖ
2150 2407 2332 2461 λαμπρους
2347 2436 2357 2454 ,

1335 2478 1394 2517 καὶ
1413 2479 1487 2528 μεθ’
1503 2480 1603 2528 ἡμων
1616 2476 1702 2529 πρὸς
1719 2475 1782 2522 τὴν
1795 2473 1984 2524 μελλουσαν
2000 2471 2238 2520 συναποδημεῖ
2252 2468 2356 2515 ζωὴν,

1335 2556 1395 2578 και
1411 2539 1526 2585 πάσης
1545 2541 1638 2588 ἡμᾶς
1657 2538 1828 2587 ἐλευθεροῖ
1847 2533 2000 2577 δουλείας
2013 2535 2183 2584 σαρκικῆς
2197 2561 2207 2580 ,
2227 2535 2249 2583 ᾐ
2268 2529 2357 2581 μετὰ

1337 2602 1467 2646 πολλ’ῆς
1497 2597 1698 2644 ἀθλιότητος
1727 2594 1925 2645 δουλεύομεν
1944 2610 2014 2641 νυν,
2033 2593 2165 2637 ὅλους
2152 2591 2292 2634 ἑαυτους
2311 2607 2355 2642 τῃ

1337 2664 1381 2714 γῇ
1401 2661 1460 2700 καὶ
1475 2666 1545 2703 τοῖς
1572 2658 1701 2705 ταύτης
1718 2656 1871 2699 εκδόντες
1889 2655 2087 2709 πράγμασι.
2113 2654 2188 2692 Κᾶν
2206 2656 2254 2696 εἷς
2271 2655 2357 2702 ἀγοή

1340 2724 1399 2776 ραν
1420 2721 1596 2774 ἐμὸάλῃς,
1616 2720 1679 2758 κᾶν
1709 2721 1756 2762 εἰς
1785 2717 1896 2756 οἰκίαν
1917 2717 2094 2763 εἷσέλθης,
2126 2714 2191 2752 κᾶν
2221 2717 2269 2757 εἷς
2294 2713 2356 2755 τὰς

1336 2784 1455 2831 ὁδους,
1475 2784 1538 2823 κᾶν
1558 2785 1604 2826 εἷς
1622 2780 1700 2824 τοὺς
1717 2779 1902 2831 σταθμους,
1925 2777 1988 2815 κᾶν
2005 2780 2052 2821 εἰς
2069 2776 2113 2815 τὰ
2132 2776 2356 2827 καταγόγια,

1336 2845 1400 2883 κᾶν
1428 2847 1474 2887 εἰς
1501 2843 1546 2881 τὰ
1559 2845 1750 2894 πανδοχεῖα
1762 2872 1772 2889 ,
1788 2840 1850 2878 κᾶν
1878 2842 1924 2882 εἰς
1944 2841 2078 2885 πλοῖον,
2099 2837 2162 2875 κᾶν
2175 2840 2222 2881 εἰς
2240 2840 2356 2886 νῆσον,

1338 2906 1402 2944 κᾶν
1414 2908 1460 2950 εἷς
1471 2905 1514 2942 τὰ
1528 2904 1700 2955 βασίλεια,
1715 2901 1778 2940 κᾶν
1796 2903 1842 2943 εἷς
1850 2900 1893 2938 τὰ
1906 2899 2122 2950 δικαστήρια,
2137 2897 2202 2936 κᾶν
2218 2900 2264 2941 εἷς
2277 2900 2357 2949 βου-

1337 2966 1520 3020 λευτήρια,
1533 2967 1713 3016 πανταχοῦ
1728 2964 1795 3000 τῶν
1811 2961 1990 3013 παρόντων
2008 2960 2067 2998 καὶ
2092 2962 2160 2997 τῶν
2184 2961 2356 3010 βιωτικῶν

1338 3027 1554 3081 πραγμάτων
1586 3025 1662 3076 ὄψει
1686 3023 1748 3069 τὴν
1782 3021 1964 3075 φροντίδα,
1997 3021 2055 3058 καὶ
2088 3020 2232 3058 ε’καστον
2270 3019 2357 3071 ὑπὲρ

1338 3089 1467 3129 τούτων
1488 3081 1802 3136 κοπτόμενον,τούς
1822 3098 1859 3120 τε
1876 3081 2027 3124 ἀπόντας
2040 3080 2161 3124 τούςτε
2180 3079 2356 3126 ἐπιόντας,

1355 3226 1440 3255 mus,
1457 3218 1632 3255 usurpatur
1648 3220 1742 3251 soepe.

1397 3276 1410 3290 θ
1429 3267 1486 3309 [μή
1509 3263 1610 3297 Savil.
1637 3269 1670 3294 et
1693 3258 1800 3293 Codd.
1832 3258 1935 3291 nostri
1962 3258 2134 3298 omittunt,
2162 3264 2261 3288 recte.
2290 3257 2356 3287 Nec

1354 3319 1454 3350 sensit
1473 3318 1640 3357 Interpres
1648 3319 1844 3357 potestatem
1855 3310 1946 3343 vorbi
1958 3314 2161 3353 σταυροῦσθαι.
2177 3309 2216 3341 V.
2232 3320 2263 3349 p.
2282 3309 2356 3345 2:355,

1355 3370 1407 3409 A]
