2507 3673
853 201 895 230 IN
932 197 1198 229 PARABOLAM
1233 196 1290 226 DE
1326 196 1440 224 FlCU.

98 288 258 338 γελιστοῧ
291 284 448 337 λέγοντος
502 283 633 333 ειμῶνα
669 277 756 321 εἶναι
789 283 866 321 κατ’
906 284 1034 320 ἐκεῖνον
1070 279 1127 317 τὸν

99 338 236 390 καιρόν,
270 338 340 376 Καὶ
372 342 386 358 ³
402 339 431 374 εἷ
454 352 502 386 μη
521 335 556 373 τί
583 337 656 373 ἐστι
676 334 867 387 μυστήριον
891 333 978 386 ὑπὲρ
997 332 1129 383 ἅνθρω-

98 408 162 429 πον
183 393 218 429 ἐν
238 392 323 441 αὐτῇ
357 389 579 438 τελούμενον,
607 387 828 440 εὑρεθήσεται
847 389 865 424 ὃ
893 384 1020 438 Κύριος
1038 383 1129 422 κατὰ

99 443 160 493 μὲν
203 443 262 481 ἕνα
294 441 419 494 τρόπον
454 440 654 487 ἐπαινετὸς,
686 439 776 478 κατὰ
811 437 846 477 δὲ
881 437 995 490 ἕτερον
1031 452 1127 487 μεμ-

97 495 216 539 πτέος·
254 493 432 536 ἐπαινετὸς
467 492 528 543 μὲν
563 492 630 544 γὰρ
645 521 654 537 ,
690 494 743 530 ὅτι
772 490 865 542 λόγῳ
897 489 1003 535 αὐτὴν
1046 487 1128 533 ἐξή-

99 562 199 598 ρανε·
229 545 405 597 μεμπτέος
436 544 489 591 δὲ,
522 545 574 583 ὅτι
598 544 724 588 ἀδίκως
752 543 859 590 αὐτὴν
891 539 1127 592 κατηράσατο.

97 599 204 637 Ἀλλὰ
228 601 277 637 δεῖ
300 605 388 636 νοεῖν
421 602 482 635 τοῦ
506 598 646 645 λοιποῦ,
675 595 869 648 ἀγαπητοὶ,
898 593 988 636 τίνος
1010 593 1126 644 ἔφερεν

101 651 218 690 εἰκόνα
244 654 266 697 ἦ
287 654 376 698 συκῆ
391 653 458 705 ’Νοῦ
477 649 545 704 γὰρ
564 645 605 696 ἧν
625 665 659 687 τι
683 649 750 687 ὑπὸ
772 648 924 699 Χριστοῦ
946 644 1128 699 γενόμενον

98 711 248 755 πρᾶγμα
260 703 299 751 ,ὃ
319 706 379 741 οὐκ
395 707 468 754 εἶχε
485 701 673 753 μυστήριον
684 700 712 738 ¹³.
729 699 850 742 εΌλως
865 697 959 736 οὐδὲν
978 701 1020 744 ἠν
1043 698 1128 748 παρ’

101 760 205 795 αὐτοῦ
224 756 401 807 γινόμενον
422 756 518 808 ἔργον
531 782 540 799 ,
557 754 574 792 ὃ
595 753 643 804 μὴ
662 752 795 804 σφόδρα
818 750 991 803 ὠφέλιμον
1006 753 1020 770 ⁰
1034 763 1042 772 ·
1073 751 1130 787 οὔ·

102 809 156 847 δὲν
174 810 192 848 ὃ
213 808 260 858 μὴ
291 808 375 846 ἐῧόα
403 809 464 854 τὴν
494 806 679 853 ἀλήθειαν·
716 803 811 842 οὐδὲν
837 804 855 842 ὃ
883 802 930 853 μὴ
963 801 1049 855 πρὸς
1066 801 1130 848 τὴν

101 865 170 899 τῶν
189 860 357 913 οὐρανίων
374 858 578 912 παραδοχὴν
600 857 704 895 ἐκίνει
722 857 780 894 τὸν
802 861 890 894 νοῦν.
905 854 1048 901 Ταύτην
1068 854 1131 901 τὴν

100 917 209 959 συκῆν
233 916 263 951 οἱ
281 911 402 950 πολλοὶ
420 915 488 949 τῶν
510 910 705 963 ᾱὲρμηνέων
722 908 883 964 etQ-Amet
902 911 944 960 τῇ
960 908 1132 961 τῶνέῐου-

101 965 207 1003 δαίων
236 967 420 1016 συναγωγῇ
446 961 731 1016 παρεικασμένην
753 966 858 1009 εἶναι,
880 963 931 1014 ἐφ’
963 960 1005 1006 ἢν
1028 961 1130 1007 ἦλθε,

101 1017 222 1071 φησὶνκ,
244 1021 261 1055 ὃ
277 1016 421 1067 Κύριος,
442 1018 553 1062 ζητῶν
574 1017 608 1053 ἐν
627 1017 712 1066 αὐτῇ
733 1014 865 1067 καρπὸν
885 1013 1054 1056 πίστεως·
1074 1011 1134 1051 καὶ

100 1073 165 1122 οὐχ
183 1073 276 1123 εὗρεν
290 1100 299 1116 ,
321 1072 351 1107 εἰ
369 1069 416 1120 μὴ
439 1068 662 1120 μόνονλόγοις
679 1069 865 1119 προφητῶν
882 1066 941 1104 καὶ
954 1066 1059 1116 νόμου
1070 1081 1134 1103 κα-

102 1124 212 1175 θάπερ
232 1123 371 1175 φύλλοις
383 1125 559 1173 κομῶσαν·
575 1120 625 1159 διὸ
639 1120 698 1158 καὶ
718 1119 897 1183 ἐξήρανεθ,
911 1118 1034 1170 λέγων·
1052 1120 1133 1165 Μη-

101 1175 177 1213 κέτι
195 1178 234 1214 ἐκ
258 1179 319 1213 σοῦ
354 1175 486 1228 καρπὸς
507 1173 651 1226 γένηται
683 1175 730 1215 εἷς
758 1189 815 1210 τον
839 1174 960 1210 αἰῶνα.
978 1171 1073 1223 Ἐγὼ
1097 1170 1133 1209 δὲ

101 1232 144 1279 τῇ
176 1227 344 1280 ἑρμηνείᾳ
370 1226 480 1279 ταύτῃ
501 1229 680 1279 πειρῶμαι
713 1224 916 1277 ἀντιλέγειν,
937 1223 1131 1274 ἀγαπητοί·

103 1283 141 1318 οὖ
163 1281 230 1334 γὰρ
247 1280 356 1324 οὕτως
378 1280 450 1332 ἔχει
468 1283 490 1326 ἡ
513 1279 674 1332 ἀκρίὸεια
689 1283 750 1316 τοῦ
767 1277 952 1327 νοήματος.
969 1279 1051 1319 Πῶς
1066 1276 1134 1328 γὰρ

104 1333 144 1370 ἂν
164 1332 388 1385 κατηράσατο
407 1336 424 1369 ὃ
446 1332 592 1383 Κύριος,
617 1331 743 1383 λέγων,
778 1332 986 1381 Eme-(stes,
1007 1329 1067 1367 καὶ
1085 1329 1133 1379 μὴ

102 1389 322 1438 καταρᾶσθε,
348 1388 421 1427 πῶς
444 1384 479 1423 δὲ
509 1385 568 1422 καὶ
591 1383 653 1430 τὴν
680 1382 884 1437 συναγωγὴν
909 1381 1135 1435 κατηράσατο

105 1437 146 1474 ἂν
159 1439 218 1476 καὶ
238 1437 399 1489 ἐξήρανεν
415 1441 432 1475 ὃ
447 1436 571 1488 λέγων,
589 1437 666 1474 Οὔκ
680 1437 781 1482 ἦλθεν
801 1438 818 1473 ὁ
833 1435 914 1478 Υἱὸς
929 1439 988 1472 τοῦ
1006 1433 1136 1485 ἀνθρώ-

102 1505 170 1528 που
191 1489 380 1535 ἀπολέσαι,
411 1488 500 1527 ἀλλὰ
520 1490 668 1535 ζητῆσαι
702 1488 760 1525 καὶ
793 1490 906 1526 σῶσαι
931 1487 970 1524 τὸ
997 1488 1136 1524 ἀπολω-

102 1543 178 1590 λός,
209 1544 251 1580 Εἰ
279 1542 316 1580 δέ
335 1558 388 1584 τις
412 1541 462 1580 ἔτι
483 1541 653 1592 ἀντιλέγει
683 1540 742 1577 καὶ
771 1542 981 1592 φιλονεικεῖ,
1003 1538 1135 1590 λέγων,

103 1598 146 1647 τῇ
174 1597 243 1633 τῶν
259 1594 438 1634 Ἰουδαίων
460 1597 643 1645 συναγωγῇ
664 1592 950 1645 παρεικασμένην
967 1586 1053 1630 εἶναι
1073 1590 1135 1638 τὴν

104 1651 212 1694 συκῆν
237 1648 390 1700 ἀκριὸῶς
403 1678 412 1695 ,
435 1645 564 1697 λεγέτω
585 1650 660 1690 πῶς
679 1649 700 1693 ἡ
723 1646 792 1684 ἀπὸ
812 1648 912 1697 ῥιζῶν
930 1645 1136 1697 ξηρανθεῖσαι

106 1700 290 1751 συναγωγὴ
320 1705 470 1738 τοιοῦτον
499 1699 670 1751 ἔγκαρπον
691 1699 818 1737 κλάδον
840 1697 1054 1744 ἑέλάστησε,
1077 1696 1134 1735 τὸν

103 1752 316 1804 γλυκύτατον
336 1754 488 1790 Παῦλον.
519 1750 677 1794 Πολλοὺς
700 1750 734 1789 δὲ
751 1751 810 1789 καὶ
831 1750 954 1794 ἄλλους
976 1748 1136 1801 ἐπιστρέ-

105 1808 238 1849 ιἀντας
269 1805 420 1857 ἔγνωμεν
449 1806 488 1842 ἐκ
520 1806 582 1849 τῆς
610 1807 677 1841 τῶν
705 1803 881 1841 Ἰουδαίων
914 1805 1135 1853 συναγωγῆς·

129 1858 188 1895 καὶ
207 1858 274 1911 γὰρ
293 1858 352 1895 καὶ
373 1857 546 1910 Στέφανος
565 1860 582 1894 ὃ
600 1856 774 1899 λιθασΟεὶς
791 1856 858 1894 ὑπὸ
875 1859 942 1893 τῶν
960 1854 1135 1893 Ἰουδαίων

106 1911 140 1954 ἐξ
166 1910 298 1956 ἐκείνης
335 1913 397 1956 τῆς
437 1912 639 1960 συναγωγῆς
675 1908 862 1962 ἐτύγχανε,
901 1908 961 1945 καὶ
994 1907 1137 1950 Ἀκύλας

105 1963 165 2001 καὶ
195 1963 396 2014 Πρίσκιλλα
418 1962 477 2000 καὶ
505 1962 628 2000 πολλοὶ
667 1962 786 2008 ἄλλοι,
820 1964 867 1998 ὡν
894 1961 952 1998 τὸν
986 1961 1137 1998 κατάλο-

107 2031 166 2067 γον
189 2020 246 2054 νῦν
263 2019 331 2054 τῶν
349 2014 527 2067 ὀνομάτων
549 2014 606 2052 διὰ
623 2014 662 2052 τὸ
682 2016 813 2060 πλῆθος
828 2016 897 2051 τῶν
922 2012 1046 2057 λέξεων
1065 2028 1134 2050 πα-

151 2143 165 2157 ³
190 2133 202 2174 [
218 2131 317 2165 Savil.
336 2140 379 2175 μή
397 2147 425 2166 τι
442 2135 475 2170 ἦν
491 2147 526 2174 μ.
547 2132 737 2177 ἀνθρώπων.]

153 2185 170 2208 b
195 2185 206 2226 [
223 2183 325 2216 Savil.
344 2183 439 2215 addit
455 2187 530 2229 ὑπὲρ
546 2189 710 2229 ἀνθρώπων
727 2186 912 2227 τελούμενον.
934 2183 1014 2215 Mox
1039 2181 1126 2214 idem

109 2240 182 2282 παρ’
202 2237 311 2279 αὐτῇ]

152 2298 166 2312 ⁶
190 2287 202 2331 [
219 2286 320 2320 Savil.
338 2286 465 2319 omittit
487 2287 586 2319 verba
604 2284 646 2318 ab
663 2289 742 2320 οὶῧέν
760 2285 802 2318 ad
820 2291 960 2324 ἀλήᾶεῑαν
979 2286 990 2327 ]

154 2340 170 2364 ‘³
196 2344 346 2385 ἑρμηνέων
365 2339 466 2372 Savil.
486 2347 519 2371 et
539 2338 605 2371 duo
622 2339 762 2372 Codices
788 2337 903 2371 Morel.
926 2346 957 2370 et
976 2349 1057 2370 unus
1076 2342 1126 2384 ἑρ-

2098 178 2185 237 747

1199 277 1408 326 frugiferam
1431 273 1536 312 fieri?
1552 273 1644 310 Nam
1665 273 1726 322 qui
1741 285 1817 309 eam
1837 272 1931 314 dicto
1952 272 2105 320 arefecit,
2121 286 2188 324 po·

1199 326 1273 367 tuit'
1301 328 1406 366 etiam
1440 324 1628 363 secundam
1661 324 1758 361 (licto
1789 323 1948 361 reddere.
1973 325 2072 371 Quid
2102 338 2186 363 vero

1199 381 1305 419 etiam
1333 378 1494 431 peccavit
1521 377 1622 423 ficus,
1647 375 1740 413 dicet
1765 375 1909 425 aliquis,
1933 390 2013 413 cum
2047 386 2186 428 tempus

1198 434 1274 485 ejus
1305 446 1374 469 non
1408 439 1512 477 esset,
1535 429 1674 465 dicente
1699 430 1821 466 Marco
1857 429 2086 478 evangelista,
2110 438 2184 466 tum
2202 439 2299 467 Marc.
2318 449 2364 468 ιι,

1200 486 1368 537 temporis
1399 483 1565 534 hyemem
1594 480 1724 518 fuisse?
1744 478 1852 525 Quod
1886 480 1914 516 si
1948 494 2015 517 non
2039 481 2186 531 aliquod
2207 479 2251 508 ¹3·

1200 538 1245 575 sit
1261 538 1294 574 in
1310 537 1385 588 ipsa
1398 534 1608 587 mysterium
1626 547 1733 585 supra
1744 531 1926 570 bominem
1939 532 2187 583 adimpletum,

1199 604 1270 627 uno
1293 589 1398 627 modo
1430 586 1645 634 laudandus,
1679 585 1788 623 altero
1818 598 1902 622 vcro
1927 585 2188 636 reprehenden-

1199 642 1268 680 dus
1287 641 1463 680 Dominus
1483 639 1677 691 reperietur
1688 654 1699 688 3
1714 637 1915 675 laudandus
1932 637 2076 687 quidem
2094 638 2192 688 quod

1202 709 1280 733 eam
1296 695 1404 733 verbo
1427 692 1590 730 aresce-eri
1597 701 1621 738 t,
1634 689 1945 743 reprehendendus
1961 699 2079 727 autem
2093 690 2192 740 quod

1202 747 1380 785 immerito
1409 747 1462 783 illi
1487 744 1726 782 maledixerit.
1750 745 2008 782 Verumtamen
2026 742 2191 795 deinceps

1202 799 1477 851 intelligendum
1505 807 1576 845 est,
1605 795 1851 843 dilectissimi,
1885 796 2071 847 cujusnam
2100 796 2192 833 ima—

1203 853 1322 905 ginem
1346 860 1481 904 gereret
1508 851 1597 888 ficus
1616 867 1626 888 ε
1646 863 1758 900 neque
1783 850 1876 886 enim
1903 848 1972 885 fuit
1994 847 2191 898 quidquam

1203 919 1327 944 eorum
1347 919 1425 956 qum
1444 918 1464 942 a
1489 903 1632 941 Christo
1653 902 1879 954 gerebantur,
1897 900 1993 952 quod
2025 901 2193 952 mysterio

1206 967 1355 998 vacaret.
1383 959 1422 995 In
1454 958 1682 1004 universum,
1717 955 1858 992 nullum
1889 954 1935 990 ab
1966 953 2043 1005 ipso
2068 962 2193 1004 patra—

1205 1020 1283 1049 tum
1301 1020 1351 1049 est
1368 1024 1457 1062 opus
1477 1008 1572 1060 quod
1598 1022 1667 1046 non
1686 1007 1884 1045 admodum
1899 1006 2120 1043 fructuosum
2140 1021 2196 1044 es-

1205 1073 1256 1102 set
1283 1079 1291 1100 :
1319 1063 1410 1101 nihil
1443 1062 1539 1113 quod
1566 1061 1753 1100 veritatem
1784 1074 1854 1098 non
1889 1059 2081 1096 clamaret:
2103 1059 2196 1096 nihil

1205 1116 1302 1167 quod
1322 1116 1365 1154 ad
1396 1115 1589 1153 caelestium
1614 1127 1733 1151 rerum
1753 1112 2013 1164 susceptionem
2035 1111 2196 1149 animum

1206 1183 1274 1207 non
1300 1169 1482 1206 excitaret.
1501 1167 1609 1205 Multi
1626 1181 1670 1204 ex
1689 1165 1942 1217 interpretibus
1962 1165 2071 1202 ficum
2091 1164 2196 1202 istam

1205 1222 1415 1262 Judaeorum
1445 1233 1634 1273 synagogae
1659 1219 1890 1257 assimilatam
1913 1230 1985 1255 esse
2007 1217 2192 1267 dixerunt,

1158 1278 1183 1308 D
1205 1275 1253 1313 ad
1279 1289 1388 1326 quam
1415 1274 1514 1312 venit
1545 1272 1738 1321 Dominus,
1765 1271 1951 1322 inquiunt,
1977 1270 2134 1307 fructum
2159 1270 2196 1307 in

1206 1342 1246 1365 ca
1270 1328 1355 1365 fidei
1386 1340 1546 1378 quaerens
1567 1341 1574 1361 :
1599 1339 1711 1375 neque
1736 1325 1872 1361 invenit
1900 1323 1968 1360 nisi
1999 1323 2197 1374 propheta—

1206 1394 1287 1418 rum
1313 1395 1354 1417 ac
1385 1379 1474 1430 legis
1498 1378 1720 1416 sermonibus
1740 1377 1841 1427 quasi
1861 1376 1956 1413 foliis
1972 1384 2169 1413 comantem
2186 1390 2195 1411 ε

1206 1441 1422 1484 quapropter
1442 1440 1475 1469 et
1497 1431 1649 1479 arefecit,
1664 1430 1786 1467 dicens
1807 1445 1816 1466 t
1841 1431 2069 1480 Numquam
2095 1442 2143 1465 ex
2162 1437 2198 1464 te

1196 1487 1359 1538 fluetus
1385 1492 1572 1522 nascatur
1605 1486 1646 1519 in
1679 1491 1875 1520 (eternum.
1901 1481 1978 1531 Ego
2002 1494 2086 1519 vero
2111 1480 2198 1517 huic

1206 1537 1419 1589 expositioni
1449 1534 1689 1573 contradicere
1725 1535 1902 1583 conabor,
1934 1533 2055 1571 dilecti
2087 1549 2097 1569 .·
2126 1546 2196 1570 non

1207 1591 1303 1628 enim
1326 1604 1365 1627 ea
1391 1597 1442 1627 est
1456 1602 1539 1627 vera
1559 1597 1592 1625 et
1615 1596 1738 1625 exacta
1757 1585 1987 1637 significatio.
2007 1585 2197 1632 Quomodo

1208 1657 1361 1693 namque
1380 1640 1624 1679 maledixisset
1643 1640 1834 1688 Dominus,
1857 1639 1917 1689 qui
1935 1638 2027 1675 dicit
2043 1653 2051 1674 ε
2067 1640 2193 1675 Bene·
2211 1649 2301 1676 Rom.
2316 1657 2363 1677 12.

1207 1697 1336 1741 dicite,
1351 1704 1387 1732 et
1396 1695 1516 1732 nolite
1527 1694 1778 1730 maledicere?
1794 1692 1971 1742 quomodo
1985 1700 2102 1728 autem
2111 1704 2196 1742 syn·
2218 1690 2263 1727 ¹4-

1206 1762 1327 1800 agogae
1352 1746 1598 1785 maledixisset
1625 1755 1659 1783 et
1688 1759 1767 1783 eam
1803 1745 2012 1792 arefecisset,
2044 1743 2107 1794 qui
2138 1743 2198 1780 di—

1207 1802 1255 1838 cit
1271 1816 1278 1836 :
1297 1802 1387 1838 Non
1420 1802 1531 1837 venit
1562 1799 1691 1836 Filius
1722 1800 1889 1835 hominis
1919 1798 2111 1849 perderes
2131 1796 2200 1834 sed
2213 1810 2285 1837 Luc.
2301 1817 2332 1847 9,
2349 1807 2398 1837 56,

1207 1867 1377 1905 quoerere
1391 1861 1425 1890 et
1443 1853 1743 1905 salvumfacere
1761 1851 1866 1903 quod
1887 1852 2054 1902 perierat
2067 1847 2199 1894 PQuod
2212 1857 2241 1880 et
2262 1860 2308 1888 ¹9·
2332 1858 2377 1879 10·

1206 1906 1236 1943 si
1262 1907 1341 1956 quis
1370 1905 1488 1942 adhuc
1523 1903 1741 1941 contradicat
1773 1913 1807 1941 et
1827 1902 2026 1950 contendat,
2047 1901 2193 1940 Judaeo-

1206 1973 1288 1996 rum
1320 1971 1510 2010 synagogae
1532 1956 1765 1994 assimilatam
1796 1970 1869 1993 esse
1896 1956 2020 2002 ficum,
2056 1968 2199 2006 respon-

1207 2011 1289 2048 deat
1316 2024 1385 2061 quo
1416 2019 1519 2062 pacto
1547 2010 1592 2046 ab
1623 2008 1743 2046 radice
1767 2009 1919 2046 arefacta
1947 2020 2128 2060 synagoga
2147 2016 2199 2044 ta-

1183 2136 1347 2171 μηνευτῶν.
1364 2126 1491 2170 [Savil.
1508 2131 1601 2165 τὴν...
1618 2126 1814 2168 &nessei-Mu]

1225 2187 1237 2200 θ
1263 2177 1391 2225 [Savil.
1416 2177 1514 2212 addit.
1540 2183 1641 2216 αὐτήν.
1658 2176 1760 2209 Paulo
1782 2184 1859 2208 ante
1884 2175 1986 2207 habet
2014 2183 2112 2217 νόμοις
2138 2185 2199 2216 pro

1182 2234 1301 2276 uiduam]

1220 2286 1233 2310 f
1253 2286 1265 2327 [
1282 2283 1482 2329 58ῑὶ1.ή’γν“.,ο
1500 2285 1604 2326 οὐχὶ...
1623 2284 1791 2325 ἐτύγχανεν,
1808 2278 1902 2314 Ᾰκ....
1921 2286 1979 2313 τῶν
2003 2284 2087 2321 ὄνομ.
2108 2285 2196 2313 νῦν...

1180 2341 1273 2380 >Astra
1284 2337 1315 2379 ᾗ]

802 2477 1073 2518 SEVERIANI
1100 2474 1524 2516 INTERPRETATIO.

115 2599 225 2635 [eram
252 2594 412 2644 reddere;
443 2595 505 2646 qui
521 2596 616 2633 enim
633 2596 743 2634 verbo
763 2610 840 2634 eam
859 2594 1013 2638 arefecit,
1042 2603 1179 2648 poterat
1215 2594 1322 2633 etiam
1355 2590 1608 2631 feracissimam
1638 2587 1739 2626 illam
1755 2586 1980 2625 constituere.
1997 2584 2097 2632 Quid
2110 2599 2192 2638 pee-
2208 2596 2256 2622 419

114 2649 208 2688 cavit
225 2648 387 2696 ficulnea,
407 2648 553 2686 forsitan
569 2649 649 2700 quis
667 2648 814 2699 dixerit,
837 2663 948 2699 quum
963 2662 1033 2686 non
1051 2657 1127 2686 erat
1141 2649 1217 2700 ejus
1239 2646 1407 2699 tempus?
1431 2645 1523 2682 sicut
1538 2653 1571 2681 et
1590 2643 1734 2680 Marcus
1750 2639 1967 2691 evangelista
1980 2638 2075 2677 dixit
2085 2654 2096 2688 ;
2112 2653 2195 2677 nam

113 2703 241 2754 hyems
261 2701 296 2738 in
313 2701 374 2738 illo
388 2709 547 2753 tempore
570 2711 655 2739 erat.
681 2703 789 2752 Ergo·
802 2701 831 2739 si
850 2701 1062 2753 mysterium
1082 2699 1227 2751 aliquod
1243 2709 1387 2752 propter
1400 2696 1562 2735 homines
1589 2695 1626 2732 in
1646 2693 1706 2731 illa
1722 2702 1906 2745 peractum
1920 2706 1989 2730 non
2006 2701 2072 2742 est,
2093 2691 2194 2730 inve-

114 2757 232 2793 nietur
252 2762 284 2790 et
303 2754 480 2792 Dominus
504 2755 580 2806 ipse
601 2754 710 2792 simul
726 2753 928 2791 laudandus
947 2767 986 2791 eo
1004 2753 1102 2803 quod
1118 2753 1230 2791 verbo
1249 2751 1404 2804 potuerit
1428 2750 1602 2788 arefacere
1627 2747 1740 2793 illam,
1760 2755 1794 2784 et
1821 2745 1931 2783 simul
1954 2744 2193 2797 inculpandus

117 2823 156 2846 eo
176 2805 274 2857 quod
288 2806 419 2857 injuste
432 2807 464 2844 ei
479 2807 718 2845 maledixerit.
738 2806 809 2845 Sed
824 2815 962 2859 oportet
973 2806 1103 2844 dehinc
1132 2805 1344 2855 intelligere,
1366 2802 1501 2851 dilecti,
1524 2801 1630 2839 talem
1648 2799 1800 2837 formam
1809 2812 1882 2850 prae
1898 2811 1934 2835 se
1943 2797 2066 2836 tulisse
2084 2797 2190 2834 ficul-

116 2874 235 2900 neam;
258 2858 433 2909 siquidem
455 2860 547 2897 nibil
569 2874 588 2897 a
615 2860 756 2898 Christo
784 2860 918 2898 factum
939 2859 1020 2905 fuit,
1039 2858 1127 2909 quin
1155 2858 1366 2910 mysterium
1393 2854 1616 2908 perfectionis
1642 2861 1789 2905 propter
1809 2850 1972 2889 homines
1990 2850 2187 2897 habuisset,

116 2911 378 2970 iiullatenusab
399 2925 439 2949 eo
466 2921 705 2965 perpetratum
723 2913 793 2950 fuit
820 2926 924 2966 opus,
951 2911 1039 2963 quin
1060 2910 1165 2950 valde
1183 2910 1308 2947 utilius
1329 2918 1430 2959 esset,
1457 2917 1563 2958 atque
1583 2906 1629 2944 ad
1648 2905 1820 2943 caelestem
1839 2902 2097 2955 susceptionem
2116 2902 2191 2940 ani-

117 2980 218 3004 mum
236 2974 414 3002 moVISset.

170 3018 270 3055 Hanc
290 3016 478 3056 ficulneam
492 3017 643 3069 majores
659 3017 829 3056 dixerunt
860 3016 1070 3057 Judaeorum
1095 3029 1314 3068 synagogam
1340 3028 1426 3064 esse,
1448 3012 1494 3051 ad
1509 3026 1616 3064 quam
1634 3010 1746 3060 venit,
1763 3009 1878 3058 aiunt,
1897 3007 2074 3046 Dominus
2097 3021 2192 3058 quae-

118 3085 197 3109 rens
219 3071 375 3107 fructum
388 3069 488 3117 fidei,
505 3079 552 3120 et,
570 3070 639 3108 nisi
659 3079 795 3108 tantum
813 3070 932 3107 verbis
952 3069 1210 3121 prophetarum
1224 3082 1265 3105 ac
1281 3068 1357 3119 lege
1375 3076 1557 3118 tamquam
1578 3063 1859 3102 frondescentem
1872 3061 1982 3106 foliis,
1998 3074 2068 3098 non
2089 3073 2186 3110 repe-

118 3125 177 3162 rit.
214 3123 356 3171 (Quare
387 3121 543 3172 arefecit,
571 3122 692 3160 dicens
717 3139 724 3159 :
741 3127 753 3170 )
773 3124 864 3160 Non
895 3122 1060 3173 amplius
1076 3121 1153 3172 fiat
1172 3134 1198 3158 a
1218 3129 1254 3158 te
1272 3121 1428 3172 fructus
1449 3122 1491 3156 in
1510 3127 1708 3157 oeternum.
1728 3116 1807 3167 Ego
1824 3123 1942 3152 tamen
1964 3112 2049 3149 huic
2068 3111 2189 3162 expli-

120 3176 247 3214 cationi
287 3174 526 3213 contradicere
550 3175 752 3226 aggredior,
779 3175 921 3221 dilecti;
941 3173 1109 3224 quoniam
1132 3187 1201 3211 non
1223 3167 1273 3211 ita
1289 3172 1485 3211 constantia
1506 3170 1684 3209 sententiae
1713 3168 1824 3206 adest.
1847 3164 2034 3213 Quomodo
2056 3164 2190 3214 quippe

122 3227 364 3266 maledixisset
384 3227 573 3277 Dominus,
592 3228 652 3278 qui
672 3228 827 3276 dicebat,
843 3228 1078 3272 Benedicite,
1099 3240 1220 3278 neque
1233 3226 1490 3264 maledicetis?
1507 3222 1698 3272 Quomodo
1712 3230 1746 3259 et
1759 3231 1976 3272 synagogam
1990 3224 2190 3253 exsecratus

122 3290 211 3318 esset
229 3295 271 3318 ac
291 3279 506 3327 arefecisset,
527 3280 589 3330 qui
608 3280 748 3318 dicebat
765 3296 772 3316 :
791 3282 882 3318 Non
898 3282 1006 3317 venit
1021 3281 1060 3316 F
1059 3279 1152 3317 ilius
1170 3280 1337 3317 hominis
1353 3279 1525 3330 perdere,
1548 3277 1617 3314 sed
1642 3286 1822 3327 quaerere,
1840 3280 1876 3308 et
1892 3269 2047 3308 salvare
2063 3268 2189 3319 perdi-

126 3342 218 3371 tum.
236 3332 345 3381 Quod
361 3332 391 3370 si
407 3332 488 3383 quis
506 3341 626 3371 contra
642 3333 784 3385 litigans
803 3332 989 3371 asseruerit
1003 3331 1212 3372 Judaeorum
1231 3345 1451 3384 synagogam
1470 3329 1622 3368 similem
1638 3340 1708 3365 esse
1726 3324 1899 3367 ficulneae,
1918 3321 2095 3371 quomodo
2114 3333 2190 3357 sus-

124 3385 250 3424 tineret
270 3385 440 3424 radicitus
458 3385 646 3424 arefactam
664 3386 771 3424 fuisse
802 3398 1032 3437 synagogam,
1053 3399 1131 3436 quae
1148 3385 1254 3423 talem
1272 3383 1533 3423 fertilissimum
1566 3393 1705 3419 ramum
1724 3374 1907 3429 produxit,
1925 3372 2190 3421 suavissimum,

1943 3428 2005 3463 49.
