2507 3673
758 218 797 248 13
841 219 1064 250 [montium
1105 217 1362 246 APOSTOLOS
1398 214 1562 246 sEnMO.

135 301 352 347 Ἰξκκλησίαν
374 301 588 354 παραλαὸὼν
611 305 658 345 εἰς
679 303 904 356 κυίέρνησιν·
927 306 944 340 6
964 302 1161 350 κλειδοῦχος

137 357 204 391 τῶν
228 357 380 406 οὐρανῶν
401 354 671 405 ιιπροσ-κληθεὶς,
692 356 805 394 καὶτὸ
822 356 966 405 δεσμοῦν
988 353 1047 391 καὶ
1066 352 1160 389 λύειν

2120 194 2212 241 (323

1232 297 1291 335 siae
1306 297 1462 348 regimen
1478 294 1643 332 assumsit
1661 309 1668 329 ε
1686 293 1746 343 qui
1764 292 1918 343 claviger
1935 293 2033 344 regni
2049 293 2215 330 caelorum

1232 358 1378 387 vocatus
1393 357 1459 398 cst,
1479 357 1512 385 et
1530 345 1668 397 ligandi
1685 354 1790 395 atque
1810 345 1969 382 solvendi
1990 346 2024 382 in
2045 355 2137 383 terra
2154 360 2216 406 Ρο-

138 407 194 445 ἐπὶ
213 409 277 457 γῆς
303 408 338 444 ἐν
355 406 491 459 ἐξουσίᾳ
508 407 708 458 δεξάμενος·
727 411 744 446 6
764 408 848 459 πρὸς
872 407 936 453 τὴν
955 407 1078 450 κλῆσιν
1096 420 1161 440 τα-
1182 407 1206 437 Ε
1229 410 1390 439 testatem
1415 400 1548 452 accepit
1569 415 1577 434 :
1598 398 1642 436 ad
1664 396 1884 436 vocationem
1906 397 2009 445 celer,
2031 406 2064 434 et
2086 397 2121 434 in
2147 397 2218 434 ilde

137 458 218 510 χὺς,
250 459 308 497 καὶ
339 460 424 510 πρὸς
455 461 517 506 τὴν
548 460 666 498 πίστιν
699 459 954 503 ἀνενδοίαστος,
987 457 1046 511 καὶ
1080 456 1161 507 περὶ

441 516 462 524 Ν
481 514 495 525 ς
517 514 531 525 x

139 511 252 549 πάντα
265 513 388 564 θερμὸς
403 529 462 551 του
477 513 686 552 οιοασκάλου
702 513 887 565 συνήγορος
903 527 911 534 ·
928 509 978 549 Σὺ
997 513 1026 546 Εἰ
1043 513 1060 547 ὃ
1076 510 1162 560 XF*-

139 564 235 611 στος,
263 568 280 602 6
307 565 387 608 Υἱὸς
412 570 469 603 τοῦ
500 568 591 604 Θεοῦ
621 572 679 605 τοῦ
706 569 849 610 ζῶντος,
870 562 1120 615 φθεγξάμενος’
1146 563 1163 598 ὁ

1229 468 1299 491 non
1336 453 1538 504 ambiguus,
1558 461 1591 489 et
1618 451 1654 488 in
1689 449 1856 487 omnibus
1887 449 2024 486 fervens
2056 450 2216 498 Magistri

1231 516 1434 559 cooperator
1454 521 1462 542 ε
1483 505 1546 556 qui
1571 503 1690 541 dixit:
1711 504 1767 540 Tu
1802 516 1840 539 es
1876 502 2066 547 Christus,
2091 503 2218 539 Filius
2234 515 2345 542 Μαιιιι.
2373 514 2421 544 16.

1231 561 1308 596 Dei
1328 561 1413 596 vivi
1433 574 1444 594 .-
1466 572 1528 609 qui
1553 556 1660 594 simul
1689 570 1771 593 cum
1799 555 1952 592 Domino
1980 554 2068 591 mori
2093 568 2219 605 propo·
2238 559 2283 583 ¹⁰-

141 616 434 663 συναποθνήσκειν
457 622 506 671 τῷ
531 618 691 668 Δεσπότῃ
709 616 916 668 προθέμενος
929 646 938 662 ,
967 613 1027 652 καὶ
1058 614 1164 665 μέχρι
1182 635 1213 659 12
1233 621 1363 659 suerat,
1380 620 1414 649 et
1432 624 1543 661 usque
1562 609 1608 647 ad
1627 608 1774 660 Caiphae
1794 608 1937 653 atrium,
1951 621 2019 644 una
2040 621 2121 644 cum
2140 607 2220 644 vin-

140 671 202 714 τῆς
224 672 331 715 αὐλῆς
357 676 417 709 τοῦ
433 671 577 723 Καϊάφα
595 673 644 722 τῷ
660 669 829 720 δεδεμένῳ
848 670 1006 719 λυτρωτῇ
1031 681 1166 704 συνεισ-
1188 675 1211 701 Α

934 720 941 731 x

142 722 352 773 ερχόμενος·
378 727 396 762 6
422 725 482 761 καὶ
516 724 722 776 ἀρνούμενος
751 736 985 772 συγγνωστος,
1021 720 1080 758 καὶ
1103 735 1165 769 με·

142 775 376 826 ταμελόμενος
395 776 603 826 Θαυμαστός.
620 774 711 813 Οὐδὲ
731 773 798 825 γὰρ
817 772 982 825 μέμψεως
1005 776 1167 810 τοσοῦτον

144 827 199 864 διὰ
220 827 281 873 τὴν
303 828 458 879 ἄρνησιν,
479 828 555 866 ὅσον
580 831 805 878 μακαρισμοῦ
822 826 878 864 διὰ
898 825 960 872 τὴν
983 826 1166 876 μετάνοιαν

143 879 246 923 ἄξιος.
261 880 367 929 Ἡμῖν
383 881 452 932 γὰρ
466 881 525 918 καὶ
541 880 778 932 σφαλλόμενος
798 879 988 932 ὠφέλιμος,
1005 877 1059 917 ὅτι
1079 877 1168 930 ταχὺ

144 933 318 984 δακρύσας
345 933 385 970 τὸ
410 939 571 982 πταῖσμα
602 932 816 976 κατέκλυσε,
841 932 900 969 καὶ
926 931 1012 985 πρὸς
1046 932 1169 984 μικρὸν

143 985 340 1030 σαλευθεὶς,
370 988 416 1028 εἰς
447 987 558 1023 αἰῶνα
589 988 657 1022 τῶν
683 987 817 1022 πιστῶν
849 984 970 1037 εὑρέθη
1002 984 1169 1034 θεμέλιος.

142 1034 201 1074 Ἂν
221 1036 289 1090 γὰρ
311 1038 511 1089 σκοττήσης,
531 1037 712 1090 ἀγαπητὲ,
729 1037 786 1075 τὸν
802 1036 881 1075 τότε
897 1037 1016 1087 καιρὸν
1036 1041 1097 1083 τῆς
1118 1039 1171 1074 εὐ-

143 1089 264 1140 καίρου
283 1089 432 1136 δειλίας,
454 1092 516 1129 οὐκ
539 1091 578 1129 ἂν
602 1091 712 1142 εὕροις
736 1089 824 1127 πολὺ
851 1090 908 1127 τὸν
929 1090 1063 1140 Πέτρον
1086 1090 1171 1140 πρὸς

144 1141 205 1188 τὴν
228 1142 359 1195 μέμψιν
379 1143 577 1182 ὑπεύθυνον.
597 1142 687 1181 “Ore
710 1142 777 1195 γὰρ
797 1142 895 1189 ἥλιος
915 1142 1049 1194 ἔφυγεν,
1071 1144 1172 1194 οὐρα-

146 1195 200 1238 νὸς
215 1195 404 1249 ἐκρύπτετο
416 1226 424 1242 ,
444 1200 488 1247 γῆ
506 1196 698 1244 ἐσαλεύετο,
715 1195 841 1247 πέτραι
858 1195 1099 1248 διεθρύπτοντο
1111 1225 1119 1241 ,
1133 1196 1170 1232 οὗ

148 1248 334 1298 δυνάμεναι
354 1249 466 1300 φέρειν
487 1249 549 1296 τὴν
571 1249 668 1300 ὕὸριν
698 1253 757 1287 τοῦ
777 1248 957 1290 κτίσαντος
971 1264 978 1270 ·
1000 1247 1078 1286 τότε
1104 1247 1175 1285 Πέ-

147 1317 225 1353 τρος
252 1301 413 1348 ὤκλασε,
436 1302 512 1341 τότε
541 1305 558 1339 6
584 1308 768 1353 κορυφαῖος
800 1300 996 1351 ἠρνήσατο·
1030 1300 1089 1338 καὶ
1116 1300 1173 1338 τὸν

149 1353 272 1404 ἄλογον
292 1357 353 1398 τῆς
383 1355 515 1406 ἡμέρας
536 1354 694 1406 ἄγγελον,
728 1353 870 1405 ἔλεγχον
890 1352 985 1396 εὐθὺς
1017 1347 1092 1405 εὗρε
1113 1356 1175 1398 τῆς

148 1406 402 1458 προρρηθείσης
436 1407 624 1458 ἀρνήσεως.
664 1407 754 1459 Πρὶν
788 1406 959 1456 ἀλέκτορα
991 1409 1149 1456 (ρων-ἧσαι
1165 1436 1174 1452 ,

150 1459 336 1511 ἀπαρνήσῃ
359 1476 401 1510 με
416 1460 501 1512 τρίς.
523 1459 628 1498 Ἀλλὰ
647 1463 783 1511 πρῶτος
804 1458 1063 1509 ἀρνησάμενος,
1084 1461 1175 1509 πρῶ-

151 1527 206 1554 τος
227 1512 284 1549 ἐπὶ
310 1513 367 1550 τὸν
396 1512 502 1563 τάφον
535 1513 682 1563 ἔδραμε,
713 1515 849 1563 πρῶτος
867 1506 953 1549 εἶδεν
978 1510 1176 1548 ἀναστάντα

149 1564 207 1601 τὸν
223 1565 394 1612 ζωοδότην
413 1568 482 1602 τῶν
506 1569 650 1617 νεκρῶν,
669 1565 766 1615 παρὰ
786 1563 928 1614 Μαρίας
952 1562 1071 1612 μαθὼν
1091 1562 1176 1615 ὅπερ

151 1619 244 1669 αὐτῷ
273 1619 334 1656 οὐκ
367 1618 555 1671 ἐθάρρησεν
585 1621 602 1656 6
635 1617 752 1656 ἐπάνω
777 1621 837 1655 τοῦ
867 1617 962 1654 λίθου
986 1616 1177 1666 καθήμενος

152 1669 338 1722 *ἅγγελος
359 1673 448 1709 Ἀλλ’
471 1670 554 1722 ἔλθῃ
574 1673 650 1721 μετ’
681 1671 780 1709 αὐτὸν
801 1672 848 1714 εἷς
876 1669 979 1720 μέσον
1000 1670 1141 1712 Παῦλος
1162 1672 1179 1707 6

152 1722 326 1775 πάνσοφος
343 1726 406 1769 τῆς
426 1724 628 1774 οἰκουμένης
645 1723 775 1775 ῥήτωρ,
792 1727 809 1761 6
825 1723 894 1760 ἀπὸ
909 1722 1014 1760 λύκου
1033 1722 1179 1771 θάμνὸς,

153 1779 170 1814 6
199 1775 232 1820 ἐξ
265 1777 420 1815 ἀκανθῶν
452 1777 595 1828 βότρυς,
615 1780 633 1814 6
662 1779 701 1815 ἐκ
731 1775 889 1821 ζιζανίων
920 1781 1033 1821 σῖτος,
1067 1778 1084 1812 6
1109 1775 1179 1813 ἀπὸ

154 1831 277 1880 ἐχθροῦ
308 1829 423 1894 ρίλος,
456 1833 474 1867 6
508 1828 577 1867 ἀπὸ
610 1828 784 1881 Ἑέραίων
819 1828 929 1879 με’νων
951 1827 1133 1879 Ἱζὲραῖος,
1161 1831 1179 1866 6

153 1883 236 1934 παρ’
252 1883 393 1930 ἐκεινοις
408 1884 541 1925 Σαῦλος
556 1882 713 1932 ἐμπνέων
724 1882 869 1927 ἀπειλῆς
886 1881 945 1919 καὶ
960 1881 1061 1933 φόνου
1071 1911 1080 1928 ,
1095 1882 1179 1933 παρ’

154 1938 239 1985 ἡμῖν
263 1935 298 1972 δὲ
319 1936 459 1979 Παῦλος
475 1935 590 1982 Ἰησοῦ
609 1936 761 1986 Χριστοῦ
778 1934 903 1981 κλητὸς
925 1934 1116 1977 ἀπόστολος
1131 1964 1140 1979 ,
1163 1937 1181 1972 6

156 1988 225 2025 ἀπὸ
243 1988 450 2040 βλασφήμου
480 1988 636 2040 θεολόγος
651 2018 660 2033 ,
693 1991 710 2025 6
738 1988 807 2025 ἀπὸ
830 1987 975 2025 διώκτου
999 1987 1181 2038 εὐαγγελι-

156 2040 257 2088 στὴς,
277 2045 294 2079 6
319 2042 388 2078 ἀπὸ
406 2041 571 2092 πειράτου
595 2040 809 2092 κυὲερνήτης
824 2069 833 2085 ,
864 2044 881 2078 6
913 2040 983 2077 ἀπὸ
1013 2039 1181 2092 προδότου

157 2093 392 2145 στρατιᾶπης·
427 2097 445 2131 6
476 2093 565 2144 μετὰ
592 2094 728 2145 Πέτρου
747 2093 809 2139 τὴν
826 2092 971 2141 εΡώμην
989 2091 1109 2144 λαχὼν
1136 2094 1183 2135 εἷς

157 2146 282 2197 ταφὴν,
304 2147 363 2184 καὶ
385 2149 460 2197 μετ’
487 2149 590 2184 αὐτοῦ
609 2146 668 2184 καὶ
683 2146 812 2193 ταύτην
833 2144 848 2164 ¹³
866 2145 913 2195 μὴ
934 2149 1096 2197 παρορῶν
1118 2144 1181 2191 τὴν

158 2199 297 2250 Συχέμ·
329 2203 347 2237 6
374 2199 464 2237 κατὰ
494 2199 550 2237 τὸν
583 2199 748 2248 Βενιαμὶν
779 2202 839 2236 τοῦ
862 2198 994 2250 Ἰωσὴφ
1016 2198 1183 2249 ἀδελφὸς,

157 2251 216 2288 καὶ
233 2251 324 2290 κατὰ
342 2251 405 2298 τὴν
426 2252 566 2291 Θέκλαν
587 2251 645 2289 καὶ
660 2255 728 2289 τῶν
756 2251 890 2289 παίδων
910 2251 1028 2304 πατὴρ
1055 2251 1114 2289 καὶ
1135 2251 1185 2288 δι·-

158 2303 353 2348 δάσκαλος·
383 2308 400 2342 6
430 2306 498 2357 πρὸ
525 2308 588 2351 τῆς
620 2307 813 2355 Δαμασκοῦ
842 2303 990 2355 τυφλὸς,
1017 2303 1077 2341 καὶΙ
1105 2307 1182 2342 καθ’

158 2358 309 2404 ἑκάστην
327 2357 428 2396 πόλιν
447 2361 506 2396 τοῦ
530 2356 753 2408 κηρύγματος
772 2357 948 2409 ὀφθαλμός
962 2372 969 2379 ·
989 2359 1005 2394 6
1024 2356 1058 2400 ἐξ
1087 2359 1186 2407 οὐρα-

158 2414 217 2449 νοῦ
239 2410 377 2457 κληθεὶς
391 2439 400 2456 ,
428 2410 487 2448 καὶ
507 2413 554 2453 εἷς
578 2409 718 2460 οὐρανὸν
736 2410 905 2461 ἁρπαγείς
921 2425 929 2432 ·
961 2412 977 2446 6
1007 2409 1188 2461 θεωρήσας

159 2463 217 2501 τὸν
242 2463 454 2514 παράδεισον
485 2463 553 2514 πρὸ
579 2465 642 2507 τῆς
661 2465 813 2500 ἐντεῦθεν
843 2461 1008 2513 ἀφίξεως,
1041 2462 1098 2500 καὶ
1127 2463 1185 2500 τὸν

161 2515 328 2566 στέφανον
347 2519 409 2561 τῆς
439 2515 536 2561 νίκης
568 2514 618 2552 ἔτι
645 2514 804 2552 παλαίων
821 2514 953 2561 λαὸὼν,
989 2514 1048 2552 καὶ
1067 2514 1187 2562 πάλιν,

161 2570 207 2611 ὡς
231 2567 344 2618 λέγει,
359 2567 656 2619 χρεωστούμενον.
677 2567 725 2604 Τί
739 2567 805 2618 γάρ
821 2582 924 2618 φησιν
937 2582 946 2612 ;
961 2566 1029 2604 ιῸν
1051 2567 1188 2605 ἀποδώ-

163 2636 216 2658 σει
234 2636 293 2670 μοι
309 2620 435 2671 Κύριος
448 2622 481 2658 ἓν
504 2619 617 2671 ἐκείνῃ
638 2621 680 2670 τῇ
697 2619 826 2672 ἡμέρα.
843 2620 984 2661 Παῦλος
1003 2623 1020 2657 6
1034 2618 1067 2663 ἐξ
1086 2620 1190 2670 ἐσχά-

163 2690 230 2711 των
251 2676 405 2725 πρῶτος,
426 2676 444 2711 6
464 2673 532 2711 ἀπὸ
562 2672 797 2723 ἐκτρωμάτων
817 2671 946 2714 τέλειος
968 2671 1071 2723 ἀνὴρ,
1094 2676 1111 2710 ὃ
1129 2672 1189 2709 καὶ

165 2725 300 2763 διώκων
326 2726 430 2772 ἡδὺς,
461 2726 521 2763 καὶ
549 2724 755 2775 διωκόμενος
772 2725 899 2776 γλυκύς
915 2740 922 2747 ·
949 2728 967 2762 6
992 2723 1189 2774 “Ρωμαῖος,

165 2779 224 2816 καὶ
242 2779 440 2829 Φαρισαῖος
453 2808 462 2826 ,
484 2778 542 2816 καὶ
563 2777 679 2816 πάντα
695 2784 765 2820 τοῖς
781 2783 869 2815 πᾶσι
886 2777 942 2815 διὰ
962 2776 1078 2814 πίστιν
1094 2777 1191 2827 γενό-

166 2847 277 2886 μενος.
294 2830 338 2869 Ὁ
360 2831 511 2884 Χριστὸς
529 2830 597 2882 γὰρ
613 2834 630 2868 6
648 2829 755 2868 εἰπὼν
774 2830 911 2882 Πέτρῳ,
929 2832 979 2867 δεῖ
998 2845 1036 2867 σε
1055 2834 1192 2876 παθεῖν,

165 2888 242 2922 εἰπε
262 2883 321 2921 καὶ
340 2884 420 2936 περὶ
441 2883 598 2931 Παύλου,
615 2883 680 2922 ὅσα
708 2882 811 2920 αὐτὸν
832 2883 900 2920 ἔδει
918 2882 1004 2933 ὑπὲρ
1033 2887 1092 2921 τοῦ
1116 2882 1193 2921 ὀνό-

168 2953 274 2987 ματος
292 2938 395 2974 αὐτοῦ
409 2940 545 2980 παθεῖν,
562 2935 619 2974 ἵνα
635 2940 652 2974 6
670 2935 732 2986 μὲν
748 2952 832 2973 σταυ
840 2935 1000 2989 ρούμενος
1012 2963 1022 2980 ,
1041 2938 1059 2973 6
1079 2934 1114 2973 δὲ
1130 2934 1192 2981 τὴν

167 2988 337 3041 κεφαλὴν.
354 2989 580 3040 τεμνόμενος,
615 2988 697 3039 μίαν
726 2987 845 3026 πίστιν
876 2987 1106 3041 κηρύξαντες,
1135 2987 1194 3025 ἕνα

168 3041 295 3094 δρόμον
312 3041 512 3085 τελέσαντες
524 3072 532 3088 ,
554 3041 727 3093 μάρτυρες
744 3042 882 3088 ἀληθεῖς
895 3045 957 3087 τῆς
972 3040 1196 3085 ἀναστάσεως

169 3095 316 3149 ἔσωνται
335 3098 394 3132 τοῦ
412 3093 580 3136 παθόντος
608 3094 668 3131 καὶ
696 3094 860 3145 ταφέντος
877 3094 936 3131 καὶ
962 3093 1172 3136 ἀναστάντος
1184 3124 1195 3142 ,

1234 675 1290 702 cto
1306 664 1518 702 Redemtorc
1533 664 1712 713 ingressus
1726 669 1775 697 est
1794 676 1801 696 ε
1818 660 1880 711 qui
1899 660 2007 697 etiam
2021 673 2150 710 negans
2165 659 2221 697 di-

1235 731 1325 768 gnus
1345 717 1414 754 fuit
1436 716 1554 764 venia,
1574 724 1608 752 et
1639 713 1810 767 poenitens
1839 712 2074 750 admirabilis.
2100 714 2223 762 Neque

1233 770 1327 808 enim
1343 779 1415 808 tam
1432 778 1618 821 propterea
1634 766 1730 817 quod
1748 765 1884 817 negarit
1898 765 2220 817 reprehendendus,

1234 837 1354 873 quam,
1378 821 1475 873 quod
1494 836 1530 859 se
1545 819 1765 873 poenituerit,
1789 828 1840 856 est
1855 819 1942 855 felix
1963 817 2224 870 praedicandus.

1234 876 1346 913 Nobis
1360 874 1535 926 siquidem
1554 883 1588 911 et
1600 887 1719 911 errans
1741 872 1839 909 utilis
1858 871 1937 916 fuit,
1955 872 2038 921 quia
2056 871 2123 908 cito
2139 871 2226 908 flens

1234 928 1406 966 delictum
1426 927 1656 965 inundatione
1679 925 1805 972 abluit,
1822 933 1855 962 et
1885 923 1927 961 ad
1949 924 2129 961 modicum
2160 924 2225 961 ssu-

1237 991 1371 1030 ctuans,
1385 982 1419 1019 in
1435 989 1645 1033 perpetuum
1661 979 1826 1016 inventus
1841 986 1891 1015 est
1904 976 2176 1014 fundamentum
2187 976 2228 1013 fi-

1235 1034 1383 1072 delium.
1405 1034 1550 1072 Etenim
1576 1032 1604 1069 si
1625 1030 1834 1077 consideres,
1854 1045 1874 1068 0
1899 1029 2038 1076 dilecte,
2058 1039 2229 1081 opportu-

1238 1102 1325 1124 num
1346 1087 1442 1124 illius
1475 1084 1644 1137 temporis
1676 1094 1822 1130 metum,
1844 1084 1990 1120 Petrum
2018 1096 2155 1133 magnae
2175 1096 2229 1119 re-

1237 1139 1460 1192 prehensioni
1480 1139 1637 1191 profecto
1653 1151 1723 1174 non
1740 1135 1890 1188 reperies
1905 1135 2116 1173 obnoxium.
2138 1136 2230 1172 Nam

1239 1207 1320 1229 cum
1351 1193 1403 1230 sol
1428 1191 1608 1241 fugiebat,
1634 1189 1761 1228 caelum
1801 1188 2098 1237 abscondebatur,
2140 1197 2230 1225 terra

1240 1245 1541 1292 commovebatur,
1563 1252 1671 1295 petrae
1696 1241 1961 1290 scindebantur,
1986 1250 2024 1278 ut
2045 1255 2122 1292 quae
2143 1241 2232 1278 serre

1240 1299 1427 1348 nequirent
1456 1306 1591 1334 tantam
1629 1294 1804 1333 Creatoris
1833 1293 2086 1331 contumeliam
2113 1310 2120 1329 :
2148 1303 2232 1331 tunc

1241 1353 1366 1389 Petrus
1384 1351 1505 1402 lapsus
1523 1358 1588 1395 est,
1610 1358 1694 1385 tune
1718 1346 1929 1399 coryphaeus
1951 1347 2104 1397 negavit,
2123 1356 2155 1384 et
2174 1361 2232 1383 ra-

1241 1404 1346 1441 tionis
1366 1413 1546 1455 expertem
1577 1401 1649 1438 diei
1683 1402 1850 1437 nuntium
1872 1400 2015 1451 reperit,
2036 1399 2155 1436 statim
2177 1413 2231 1436 re-

1198 1468 1220 1497 Β
1241 1456 1472 1506 darguentem
1497 1453 1708 1506 praedictam
1736 1452 1971 1503 negationem.
1995 1453 2232 1504 Priusquam
2247 1461 2361 1490 Mauh.
2382 1460 2430 1488 26.

1241 1509 1370 1560 gallus
1389 1516 1534 1553 cantet,
1554 1515 1611 1543 ter
1632 1520 1692 1543 me
1709 1507 1878 1556 negabis.
1899 1506 2035 1543 Verum
2055 1519 2136 1542 cum
2152 1505 2231 1556 pri-
2246 1501 2296 1542 34·

1244 1575 1323 1599 mus
1338 1569 1510 1611 negasset,
1526 1558 1666 1611 primus
1686 1557 1731 1596 ad
1750 1557 1954 1608 sepulcrum
1976 1557 2143 1602 cucurrit,
2158 1558 2233 1608 pri-

1245 1628 1324 1651 mus
1334 1614 1416 1651 vitae
1433 1612 1594 1650 datorem
1610 1626 1629 1648 a
1648 1610 1796 1647 mortuis
1810 1609 2046 1647 resurrexisse
2065 1609 2155 1647 vidit
2174 1626 2180 1644 :
2198 1610 2235 1647 id

1245 1681 1263 1703 a
1284 1668 1401 1704 Maria
1426 1665 1582 1711 edoctus,
1603 1663 1701 1714 quod
1723 1663 1753 1700 ei
1777 1662 1923 1714 angelus
1952 1676 2058 1714 super
2080 1661 2235 1714 lapidem

1246 1719 1380 1767 sedens,
1396 1718 1516 1756 dicere
1540 1731 1608 1755 non
1628 1726 1702 1754 erat
1722 1730 1839 1753 ausus.
1862 1716 2038 1753 Caeterum
2056 1725 2133 1767 post
2156 1729 2237 1752 eum

1245 1771 1394 1824 prodeat
1423 1772 1459 1809 in
1494 1770 1653 1808 medium
1681 1769 1833 1816 Paulus,
1862 1768 1972 1806 totius
1999 1767 2096 1805 orbis
2129 1777 2238 1805 terra—

1247 1840 1329 1862 rum
1350 1824 1631 1877 sapientissimus
1657 1831 1775 1860 orator
1791 1837 1797 1857 z
1811 1821 1872 1871 qui
1892 1835 1935 1858 ex
1952 1821 2037 1872 lupo
2053 1821 2166 1858 factus
2188 1830 2240 1858 est

1248 1892 1375 1929 agnus,
1396 1892 1440 1915 ex
1464 1877 1633 1929 vepribus
1653 1888 1826 1922 racemus,
1848 1888 1893 1911 ex
1917 1873 2055 1911 zizaniis
2081 1874 2238 1911 frumen-

1248 1940 1349 1979 tum,
1377 1945 1423 1969 ex
1448 1929 1594 1967 inimico
1624 1928 1780 1974 amicus,
1804 1941 1848 1964 ex
1883 1927 2040 1964 Hebraeis
2070 1927 2239 1964 Hebraeus

1249 1997 1395 2021 manens
1418 1998 1425 2019 :
1445 1983 1506 2034 qui
1535 1980 1632 2033 apud
1659 1981 1740 2017 illos
1763 1979 1893 2017 Saulus
1913 1980 2051 2031 spirans
2070 1994 2189 2017 necem
2207 1988 2239 2016 et

1250 2036 1395 2082 caedem,
1415 2035 1513 2087 apud
1539 2048 1602 2072 nos
1624 2042 1742 2070 autem
1766 2032 1899 2070 Paulus
1921 2034 2004 2070 Jesu
2026 2032 2159 2069 Christi
2179 2046 2239 2069 vo-

1251 2098 1349 2127 catus
1373 2088 1566 2140 apostolus,
1584 2100 1629 2124 ex
1656 2085 1862 2136 blasphemo
1877 2083 2075 2136 theologus,
2097 2099 2142 2122 ex
2161 2098 2240 2136 per-

1251 2151 1439 2192 sequutore
1468 2139 1641 2191 evangelii
1675 2137 1907 2190 praedicator,
1937 2151 1983 2174 ex
2015 2137 2131 2188 pirata
2169 2150 2240 2187 gu—

1250 2195 1432 2242 bemator‚
1459 2208 1501 2231 ex
1530 2192 1710 2245 proditore
1742 2190 1871 2228 miles:
1898 2189 1959 2240 qui
1988 2190 2138 2227 Romam
2173 2203 2241 2227 una

1252 2262 1335 2286 cum
1360 2249 1463 2285 Petro
1490 2246 1635 2284 sortitus
1655 2253 1704 2281 est
1727 2243 1930 2295 sepulcrum
1952 2258 1959 2278 ε
1982 2256 2134 2292 quorum
2155 2256 2241 2279 neu-

1253 2311 1306 2339 ter
1331 2310 1449 2338 tamen
1473 2300 1566 2337 hanc
1596 2297 1739 2335 Sichem
1763 2305 1975 2333 contemscre
1995 2295 2082 2344 :qui
2106 2295 2242 2332 ratione

1255 2353 1455 2405 Benjamin,
1479 2351 1610 2403 Joseph
1636 2351 1754 2396 frater,
1774 2357 1807 2386 et
1839 2348 1973 2385 ratione
2003 2348 2165 2395 Theclae,
2195 2348 2241 2385 fi-

1255 2407 1387 2444 liorum
1410 2414 1511 2457 pater
1536 2413 1639 2454 atque
1657 2401 1825 2452 magister
1844 2400 1941 2438 fuisti
1964 2416 1971 2436 ε
1992 2400 2052 2450 qui
2072 2409 2151 2438 ante
2171 2402 2243 2438 Da-

1256 2473 1416 2496 mascum
1443 2471 1572 2505 caecus,
1597 2465 1630 2493 et
1656 2455 1692 2492 in
1718 2468 1928 2504 unaquaque
1945 2453 2088 2491 civitate
2117 2453 2245 2505 praedi-

1257 2512 1404 2549 cationis
1437 2510 1580 2557 oculus3
1613 2522 1657 2546 ex
1688 2507 1772 2545 caelo
1804 2514 1964 2553 vocatus,
1986 2515 2019 2543 et
2052 2505 2090 2544 in
2119 2506 2245 2544 caelum

1257 2573 1378 2616 raptus
1411 2577 1469 2601 es:
1487 2562 1549 2612 qui
1574 2561 1779 2612 priusquam
1806 2559 1890 2596 hine
1916 2558 2123 2608 discederet,
2144 2574 2245 2612 para-

1257 2617 1376 2654 disum
1408 2613 1684 2665 contemplatus,
1716 2612 1940 2662 victoriaeque
1977 2626 2142 2650 coronam
2181 2612 2246 2650 ad-

1257 2670 1328 2707 hue
1356 2677 1492 2706 certans
1517 2666 1664 2718 accepit,
1684 2678 1831 2715 eamque
1866 2664 1935 2702 sibi
1961 2664 2120 2702 debitam
2147 2665 2245 2702 affir-

1259 2731 1344 2759 mat.
1367 2720 1466 2767 Quid
1486 2720 1579 2758 enim
1603 2719 1679 2756 ait?
1703 2720 1828 2768 Quam
1846 2718 1979 2755 reddet
1999 2719 2095 2755 mihi
2110 2719 2245 2755 Domi·
2261 2736 2291 2755 2.
2313 2726 2387 2752 Tim.

1260 2788 1332 2812 nus
1351 2776 1392 2811 in
1407 2774 1476 2811 illo
1501 2774 1576 2810 die.
1598 2771 1728 2809 Paulus
1753 2785 1798 2808 ex
1816 2770 2019 2808 novissimis
2036 2770 2185 2822 primus,
2202 2785 2248 2808 ex
2259 2768 2291 2797 3·

1260 2827 1433 2865 abortivis
1453 2826 1627 2878 perfectus
1643 2825 1712 2873 vir,
1725 2832 1956 2875 persequutor
1969 2823 2145 2871 suavis,et
2160 2823 2248 2861 dum

1262 2880 1548 2932 persequutiones
1572 2877 1722 2930 patitur,
1753 2876 1870 2914 dulcis
1889 2891 1897 2911 ε
1917 2876 1980 2926 qui
2010 2877 2189 2914 Romanus
2217 2885 2251 2913 et

1264 2933 1478 2981 Pharisaeus,
1496 2940 1528 2968 et
1556 2930 1675 2967 omnia
1703 2929 1870 2967 omnibus
1891 2937 2035 2980 propter
2062 2929 2171 2967 fidem
2203 2929 2252 2965 fa-

1264 2995 1354 3023 ctus.
1376 2984 1539 3022 Christus
1571 2983 1665 3020 enim
1696 2982 1757 3033 qui
1782 2982 1877 3020 dixit
1898 2983 2001 3019 Petro
2023 2997 2030 3018 :
2051 2982 2201 3033 Oportet
2219 2989 2254 3018 te
2268 2998 2338 3025 Ast.
2352 3003 2382 3033 9,
2407 2993 2452 3022 16,

1264 3038 1339 3091 pati
1361 3053 1368 3073 :
1386 3037 1492 3075 etiam
1503 3036 1548 3074 de
1569 3036 1680 3074 Paulo
1698 3035 1805 3084 dixit,
1823 3049 1930 3086 quam
1947 3034 2060 3072 multa
2080 3042 2256 3086 oporteret

1267 3104 1348 3129 eum
1363 3105 1428 3143 pro
1449 3089 1592 3127 nomine
1613 3088 1726 3141 ipsius
1745 3088 1819 3140 pati
1841 3103 1848 3123 :
1870 3097 1909 3125 ut
1928 3087 1988 3124 ille
2001 3086 2144 3137 quidem
2159 3085 2255 3123 cruci

168 3151 215 3190 ὡς
231 3149 319 3193 εἶδε,
340 3147 400 3184 καὶ
428 3149 476 3189 εἷς
507 3146 564 3184 τὸν
585 3146 714 3184 κόλπον
730 3150 788 3184 τοῦ
810 3145 950 3199 Πατρὸς
972 3145 1186 3197 φθάσαντος,
1219 3162 1244 3191 D
1267 3144 1414 3192 affixus,
1433 3142 1494 3180 hie
1508 3156 1592 3180 vero
1612 3150 1795 3179 truncatus
1815 3140 1941 3192 capite,
1956 3154 2026 3176 una
2042 3139 2114 3176 fide
2128 3151 2256 3190 propa-

167 3200 272 3252 ὅνπερ
304 3199 466 3238 οὐδέποτε
495 3198 740 3237 καταλέλοιπε.
770 3198 864 3251 Πρὸς
880 3198 936 3242 οὒς
954 3199 1054 3241 αὐτὸς
1081 3201 1099 3236 6
1115 3202 1184 3238 Δε-

213 3323 226 3341 ““
251 3323 331 3365 Reg.
351 3326 544 3367 προιληθεὶς,
560 3321 662 3355 Savil.
679 3323 710 3354 in
729 3334 833 3365 marg.
849 3327 1036 3368 προὲὶηθεὶς.

215 3373 231 3389 *
255 3373 396 3406 Savilius
414 3373 588 3418 legendum
609 3381 704 3415 putat
721 3379 867 3417 ἀγγεῖλαι.

218 3435 230 3450 ²¹
255 3426 332 3469 Reg.
349 3433 452 3469 ἀμνὸς.
474 3425 564 3458 Editi
580 3432 676 3472 ἀρνός.

1267 3206 1362 3250 gata,
1375 3210 1516 3247 unoque
1535 3195 1642 3233 etiam
1657 3208 1763 3232 cursu
1778 3193 1977 3240 terminato,
1993 3191 2067 3229 veri
2084 3200 2186 3228 testes
2203 3204 2255 3228 re-
2270 3199 2452 3238 periphrasis

1294 3323 1309 3347 t,
1335 3321 1390 3355 Sic
1420 3322 1500 3364 Reg.
1530 3327 1635 3361 recte,
1661 3327 1693 3350 et
1718 3317 1764 3349 sic
1788 3316 1866 3359 legit
1894 3316 2073 3356 Inter-pres.
2099 3313 2187 3345 Editi
2211 3320 2259 3348 καὶ

1251 3384 1403 3421 παρορῶν.
1424 3374 1503 3415 Reg.
1528 3371 1611 3405 infra
1631 3370 1771 3403 multum
1789 3368 1911 3410 variat,
1931 3366 1987 3400 sed
2011 3365 2186 3400 verborum
2213 3374 2262 3399 te-

1254 3438 1313 3459 nus
1333 3432 1475 3462 tantum.
