2481 3678
169 870 266 897 Mensa

80 913 196 947 liu-galis
218 921 268 937 va-

80 954 217 980 letudinis
227 957 269 980 est

81 1002 182 1022 mawr.

89 3030 272 3071 1·..1:.3÷,3.!,.

290 210 371 255 150
713 225 751 256 s.
789 226 976 256 somnis
1011 225 1253 255 cunrsosT.

278 315 371 344 runt.
390 307 487 344 Dum
506 306 600 347 enim
613 320 694 346 cum
710 307 846 359 impetu
859 306 1047 356 diffluunt,
1061 315 1138 344 tum
1156 307 1264 344 robur

279 375 446 427 eorporis,
463 384 539 413 tum
559 375 684 414 animae
707 376 878 415 virtutem
900 374 1132 413 abstrahunt:
1153 389 1264 426 neque

279 444 328 482 ita
341 445 489 483 violenti
502 445 692 483 fluminum
707 445 834 483 fluctus
846 444 941 496 ripas
957 443 1124 482 excedere
1136 444 1262 492 solent,

279 522 318 550 ut
332 514 493 552 ciborum
512 514 647 553 deliciae
666 513 883 553 valetudinis
900 513 1128 552 fundamenta
1146 528 1263 552 secum

278 582 505 622 subtrahunt.
549 584 588 622 si
630 582 809 620 medicum
847 582 950 620 adeas
980 591 1013 620 et
1039 583 1264 634 perconteris,

279 665 419 689 omnem
431 652 635 691 morborum
646 651 876 690 causamhinc
885 650 1027 703 prodire
1035 650 1159 690 disces.
1174 652 1265 690 Nam

280 722 372 761 tenis
403 731 435 759 ct
459 721 546 759 vilis
562 733 700 771 mensa,
723 719 937 761 valetudinis
966 730 1077 759 mater
1101 730 1162 760 est.
1181 720 1265 760 Ideo

279 791 407 829 medici
422 791 473 829 sic
487 791 587 830 illam
605 801 792 831 vocarunt.
808 792 887 830 Non
902 791 1022 830 satiari
1037 791 1075 830 id
1087 791 1264 831 valetudi-

281 875 359 900 nem
380 871 506 901 vocant
527 879 534 899 :
553 863 633 901 Cibi
647 863 741 902 enim
760 862 931 915 parcitas,
951 862 1099 912 sanitas;
1117 862 1265 914 frugalis

282 945 412 981 mensa,
434 941 546 970 mater
564 931 793 982 valetudinis,
820 932 996 984 inquiunt.
1017 931 1124 978 Quod
1143 931 1173 969 si
1191 932 1265 969 fru-

281 1002 409 1053 galitas
428 1011 538 1040 mater
557 1011 607 1040 est
620 1001 846 1051 valetudinis,
866 1002 971 1054 plane
990 1002 1130 1040 satietas
1155 1010 1265 1038 mater

281 1082 331 1111 est
351 1073 466 1111 morbi
489 1082 522 1111 et
551 1073 768 1110 infirmitatis
790 1089 797 1110 :
836 1072 998 1124 paritque
1035 1071 1265 1123 aegritudines

282 1142 394 1193 ipsam
414 1141 635 1179 medicorum
651 1150 762 1179 artem
790 1150 1013 1193 superantes,
1036 1139 1183 1192 pedum,
1205 1155 1265 1178 ca-
1318 1156 1326 1164 ·

281 1211 377 1262 pitis,
400 1211 596 1260 oculorum,
612 1224 782 1248 manuum
807 1198 964 1258 morboS,
994 1218 1173 1257 tremores,
1202 1224 1264 1261 pa-

282 1283 430 1334 ralysin,
450 1282 592 1332 icteron,
615 1281 729 1319 febres
743 1280 930 1319 diuturnas
948 1290 980 1318 et
990 1280 1164 1329 ardentes,
1178 1280 1264 1318 alia-

282 1367 349 1405 que
370 1353 473 1404 longe
490 1352 606 1404 plura,
628 1366 705 1403 quae
726 1365 902 1390 recensere
937 1365 1007 1389 non
1039 1360 1140 1390 vacat
1160 1366 1168 1387 ε
1191 1350 1265 1388 haec

283 1437 352 1461 non
372 1437 417 1461 ex
434 1422 642 1474 indigentia,
663 1435 726 1460 nec
743 1436 788 1460 ex
806 1421 1052 1474 philosophico
1070 1421 1183 1470 victu,
1205 1420 1267 1459 sed

281 1508 325 1532 ex
345 1493 554 1545 satietatejet
584 1493 728 1545 crapula
750 1501 972 1544 generantur.
996 1491 1104 1538 Quod.
1131 1491 1159 1529 si
1178 1491 1266 1530 velis

284 1563 366 1600 hinc
382 1572 475 1601 ortos
495 1563 621 1600 animae
639 1562 780 1600 morbos
805 1561 1002 1613 explorare,
1024 1559 1264 1612 deprehendes

282 1631 363 1669 inde
385 1632 480 1670 nasei
497 1632 697 1682 avaritiam,
712 1631 910 1681 mollitiem,
932 1640 1046 1669 atram
1057 1630 1186 1681 bilem,
1202 1630 1262 1682 pi-

282 1702 437 1753 gritiam,
457 1701 656 1751 libidinem,
689 1716 897 1752 omnemque
929 1701 1177 1752 ignorantiam.
1199 1701 1264 1738 His

282 1771 471 1821 gaudentes
491 1772 620 1810 mensis
635 1772 762 1810 animae
780 1785 848 1809 non
869 1771 978 1809 asinis
998 1771 1159 1809 meliores
1179 1785 1262 1809 eva-

280 1840 384 1890 dunt,
401 1856 479 1893 quse
495 1856 515 1879 a
530 1841 660 1879 talibus
676 1841 759 1879 feris
775 1841 1031 1893 discerpantur.
1052 1842 1124 1879 Nec.
1144 1841 1265 1878 tacebo

282 1920 315 1948 et
334 1910 474 1949 fastidia
491 1911 624 1961 quibus
645 1910 790 1948 obnoxii
811 1919 891 1948 sunt
917 1910 942 1947 ii
960 1910 1022 1961 qui
1043 1924 1079 1947 se
1106 1909 1191 1947 huie
1204 1909 1266 1947 ad-

281 1981 404 2019 dixere
422 1981 556 2030 morbo,
578 1995 655 2031 quse
684 1980 803 2018 onmia
830 1994 1009 2018 recensere
1039 1994 1108 2018 non
1136 1994 1266 2032 possu-

283 2065 386 2087 mus:
409 2065 519 2087 unum
547 2050 643 2101 quod
663 2059 713 2088 est
744 2059 849 2102 capnt
882 2049 1041 2087 omnium
1068 2049 1265 2088 declarabo.

291 2121 400 2157 Lauta
431 2134 561 2169 mensa,
581 2120 625 2157 de
662 2134 731 2170 qua
762 2119 955 2170 loquimur,
990 2133 1186 2169 numquam
1215 2119 1269 2156 illi

284 2205 365 2227 eum
385 2191 565 2243 voluptate
579 2192 755 2227 fruuntur.
772 2189 973 2241 Frugalitas
993 2189 1124 2241 quippe
1145 2198 1184 2227 ut
1208 2203 1268 2228 va—

283 2260 466 2309 letudinis,
508 2260 554 2297 ita
590 2268 623 2297 et
657 2258 848 2310 voluptatis
883 2266 995 2296 mater
1027 2267 1096 2307 cst,
1129 2258 1269 2295 satietas

283 2339 433 2379 vero,nt
453 2329 674 2379 morborum,
691 2328 737 2367 ita
757 2327 889 2366 fastidii
904 2328 983 2365 sons
1007 2336 1058 2365 est
1086 2336 1118 2365 et
1151 2326 1267 2364 radix.

285 2401 377 2437 Nam
399 2399 461 2436 ubi
490 2399 630 2437 satietas
649 2407 711 2447 cst,
735 2397 785 2435 ibi
816 2397 1100 2449 concupiscentia
1120 2411 1192 2435 esse
1211 2410 1269 2434 ne-

284 2470 360 2520 quit
383 2484 389 2505 :
408 2469 469 2506 ubi
492 2483 577 2509 vero
606 2467 889 2520 concupiscentia
917 2481 986 2505 non
1006 2476 1071 2518 cst,
1094 2468 1271 2518 quomodo

283 2539 448 2590 voluptas
467 2534 542 2575 esse
569 2538 709 2590 possit?
725 2537 807 2575 ldeo
837 2551 906 2575 non
931 2536 1039 2575 modo
1066 2535 1271 2589 prudentio-

286 2625 338 2648 res
361 2620 392 2647 et
406 2609 616 2647 valentiores
629 2608 803 2647 divitibus
819 2622 990 2660 pauperes
1004 2606 1167 2646 videmus
1178 2637 1191 2657 ,
1210 2606 1273 2644 sed

288 2679 413 2731 majori
454 2678 572 2715 laetitia
607 2678 769 2715 fruentes.
807 2678 894 2723 Quae
925 2676 1043 2714 omnia
1082 2675 1272 2727 cogitantes

286 2749 491 2787 ebrictatem
508 2747 722 2797 deliciasque
742 2747 941 2797 fugiamus;
962 2761 1030 2784 non
1048 2761 1176 2784 mensae
1195 2755 1271 2784 tan-

285 2831 362 2859 tum
386 2820 545 2867 delicias,
565 2818 624 2855 sed
643 2827 676 2855 ct
698 2818 786 2855 alias
805 2832 935 2867 omnes,
951 2818 1072 2868 quein
1094 2818 1198 2855 rebus
1210 2831 1272 2856 sae-

287 2890 468 2927 eularibus
484 2888 603 2925 haberi
620 2897 783 2940 possunt3
803 2902 992 2938 earumque
1012 2889 1089 2925 loco
1105 2887 1271 2940 spiritua-

287 2960 355 2997 leni
381 2959 626 2996 nanciscemur
656 2956 889 3009 voluptatem,
904 2965 936 2993 et
958 2956 1213 2994 delectabimur
1234 2957 1271 2994 in

289 3027 443 3065 Domino
465 3024 657 3063 secundum
693 3023 912 3076 proplietam,
939 3024 1000 3074 qui
1025 3023 1132 3062 dicit:
1156 3025 1272 3062 Dele-

289 3106 394 3135 eture
417 3099 458 3134 in
478 3097 661 3142 Domita),
685 3103 720 3132 et
744 3096 804 3133 del
828 3096 897 3132 cibi
919 3096 1120 3145 peticiones
1148 3094 1273 3132 cordis

289 3168 361 3211 lui;
383 3174 421 3202 ut
449 3173 482 3202 et
509 3163 739 3217 praesentibus
760 3172 792 3200 et
818 3162 947 3199 suturis
970 3163 1131 3200 fruamur
1159 3164 1274 3213 bonis,

289 3234 401 3285 gratia
427 3243 458 3271 et
478 3233 695 3284 benignitate
716 3231 859 3270 Domini
884 3231 991 3269 nostri
1016 3233 1098 3271 Jcsu
1126 3232 1270 3281 Christi,

332 3360 339 3369 “
366 3356 370 3394 Ι
392 3355 610 3396 Hippocrates
630 3352 778 3395 Epidcm.
795 3354 826 3392 (3,
845 3354 881 3392 4,
900 3352 939 3384 T.
964 3354 990 3389 1,
1008 3363 1040 3395 p.
1061 3353 1136 3395 809,
1156 3353 1174 3385 Ι,
1194 3355 1222 3395 (ἲ7
1244 3353 1295 3385 vil,

288 3406 385 3439 L'nnl,

409 3419 413 3422 ·
432 3413 549 3443 &wc-515
570 3409 682 3447 5173(ch
702 3410 805 3448 ἀιοριή
826 3413 942 3449 τἰορὴς.
965 3406 969 3443 Ι

1295 225 1498 255 Alienum.
1529 226 1888 257 CONSTANTINOP-

1339 323 1388 344 τω
1409 306 1449 353 δὴ
1472 307 1531 344 καὶ
1564 309 1726 355 ἐνταῦθα,
1745 311 1807 354 τῆς
1838 307 2006 360 προτέρας
2036 307 2260 358 ἐξισταμένης
2280 324 2359 362 τρο*

1340 370 1424 419 φῆς,
1445 367 1564 420 ἑτέρας
1589 370 1674 418 ἡμῖν
1697 369 1747 406 δεῖ
1763 368 1879 407 πάλιν.
1903 369 1973 407 Καὶ
1995 368 2136 416 τοιαύτη
2157 372 2224 407 τῶν
2246 372 2358 420 βιωτι-

1339 431 1408 466 κῶν
1422 433 1443 475 ἡ
1460 428 1577 481 φύσις,
1593 429 1631 467 τὸ
1653 428 1826 479 μηδέποτε
1849 429 1990 468 ἑστάναι
2008 431 2164 481 λαχοῦσα
2177 459 2187 477 ,
2211 432 2287 468 ἀλλ’
2308 431 2361 468 ἀεὶ

1341 494 1408 542 ῥεῖν
1428 491 1487 529 καὶ
1509 489 1781 544 παρασύρεσθαι.
1799 490 1883 529 Ἐπὶ
1906 491 1941 531 δὲ
1956 494 2018 538 τῆς
2033 495 2184 547 τρυφῆς,
2206 494 2243 530 οὐ
2264 497 2362 531 τοῦτο

1341 551 1443 603 μόνον
1465 551 1537 591 ἐστὶ
1557 552 1596 590 τὸ
1625 554 1815 605 παραρρεῖν
1836 552 1895 590 καὶ
1913 553 2159 606 παρατρέχειν,
2185 552 2274 591 ἀλλὰ
2303 553 2363 591 καὶ

1341 612 1454 650 πολλὰ
1481 615 1564 663 ἡμῖν
1600 610 1701 665 ἕτερα
1732 612 1879 665 παρέχει
1905 613 2110 666 πράγματα.
2135 613 2195 652 Ἔν
2223 616 2273 665 τῷ
2296 612 2363 665 γὰρ

1341 672 1503 726 παριέναι
1535 673 1623 724 μετὰ
1650 673 1758 726 ῥύμης
1783 673 1822 711 τό
1841 690 1878 713 τε
1900 674 2040 727 ἰσχυρὸν
2061 673 2199 718 ἀποξύει
2218 678 2277 712 τοῦ
2295 674 2364 712 σώ-

1341 749 1469 784 ματος,
1487 734 1525 773 τό
1541 751 1579 772 τε
1603 735 1755 787 ἀνδρεῖον
1772 733 1965 788 παρασύρει
1983 737 2046 780 τῆς
2063 735 2177 786 ψυχῆς
2193 750 2199 758 ·
2221 733 2279 772 καὶ
2299 735 2364 786 οὐχ

1336 794 1426 833 οὕτω
1447 795 1491 834 τὰ
1522 794 1654 847 σφοδρὰ
1681 798 1749 834 τῶν
1769 795 1950 846 ποταμίων
1981 795 2160 849 ῥευμάτων
2180 794 2242 839 τὰς
2259 796 2363 847 ὄχθας

1336 856 1432 894 εἴωθε
1453 855 1669 910 διατρώγειν,
1689 856 1749 894 καὶ
1769 861 1879 895 ποιεῖν
1901 856 2086 909 ὑφιζάνειν,
2109 858 2156 899 ὡς
2176 856 2285 910 τρυφὴ
2303 857 2363 894 καὶ

1336 918 1498 964 σπατάλη
1518 917 1562 955 τὰ
1583 921 1644 963 τῆς
1666 917 1782 969 ὑγείας
1803 920 1904 968 ἡμῶν
1926 917 2118 969 ἐρείσματα
2137 917 2251 956 πάντα
2272 920 2362 956 ὑπο-

1336 978 1430 1031 σύρει
1451 978 1587 1033 ῥαδίως.
1610 977 1684 1016 Κᾶν
1705 979 1806 1030 ἔλθῃς
1827 981 1873 1023 εἰς
1896 981 2056 1033 ἰατρεῖον,
2076 979 2135 1017 καὶ
2163 979 2363 1032 προσελθὼν

1336 1039 1536 1091 ἐρωτήσῃς,
1560 1039 1674 1083 πάσας
1695 1040 1815 1092 σχεδὸν
1838 1042 1906 1081 τῶν
1932 1040 2140 1091 νοσημάτων
2169 1039 2230 1084 τὰς
2253 1040 2365 1084 αἰτίας

1336 1101 1462 1138 ἐκεῖθεν
1481 1101 1637 1155 εὑρήσεις
1654 1100 1766 1144 οὔσας.
1778 1100 1823 1139 ‘H
1840 1100 1901 1152 μὲν
1917 1100 1984 1154 γὰρ
2005 1102 2156 1141 εὐτέλεια
2172 1102 2232 1140 καὶ
2245 1105 2266 1148 ἡ
2284 1102 2363 1148 λιτὴ

1336 1161 1511 1213 τράπεζα,
1533 1160 1647 1212 ὑγείας
1677 1161 1793 1215 μήτηρ
1813 1161 1919 1200 ἐστίν.
1949 1162 2018 1200 Διὰ
2037 1167 2139 1202 τοῦτο
2157 1164 2218 1201 καὶ
2236 1165 2363 1214 ἰατρῶν

1335 1221 1457 1264 παῖδες
1477 1220 1585 1265 οὕτως
1603 1221 1709 1269 αὐτὴν
1724 1222 1926 1273 ὠνόμασαν,
1944 1222 1984 1260 τό
1997 1238 2036 1274 γε
2057 1222 2105 1274 μὴ
2122 1224 2344 1277 κορέννυσθαι
2356 1254 2365 1271 ,

1336 1281 1454 1334 ὑγείαν
1469 1281 1676 1326 καλέσαντες
1690 1297 1696 1305 ·
1710 1281 1832 1336 ἀκορίη
1850 1283 1918 1336 γὰρ
1931 1286 2058 1337 τροφῆς
2071 1314 2080 1331 ,
2095 1283 2207 1337 ὑγιείη
2217 1284 2236 1304 *
2251 1301 2257 1307 ·
2272 1283 2315 1322 τό
2329 1300 2366 1322 τε

1337 1343 1458 1388 ἐνδεῶς
1478 1345 1680 1392 ἑστιᾶσθαι,
1711 1343 1846 1395 μητέρα
1877 1343 1994 1397 ὑγείας
2018 1344 2182 1388 εἰπόντες.
2210 1346 2255 1382 Εἰ
2285 1343 2319 1382 δὲ
2343 1348 2365 1391 ἡ

1335 1403 1447 1443 ἔνδεια
1467 1404 1584 1457 μήτηρ
1602 1404 1742 1458 ὑγείας,
1763 1404 1906 1451 εὔδηλον
1921 1405 1975 1444 ὅτι
1994 1408 2015 1452 ἡ
2038 1404 2224 1456 πλησμονὴ
2249 1405 2366 1459 μήτηρ

1334 1464 1434 1503 νόσου
1464 1465 1524 1504 καὶ
1554 1466 1751 1519 ἀρρωστίας
1779 1466 1872 1514 ἐστὶ,
1893 1467 1951 1506 καὶ
1972 1465 2083 1505 τίκτει
2103 1466 2197 1514 πάθη
2218 1467 2278 1505 καὶ
2299 1468 2366 1505 αὐ-

1335 1529 1404 1564 τῶν
1440 1527 1691 1579 ὑπερὸαίνοντα
1718 1529 1786 1566 τῶν
1813 1530 1940 1581 ἰατρῶν
1965 1527 2028 1575 τὴν
2047 1527 2185 1579 τέχνην.
2206 1527 2279 1566 Καὶ
2298 1527 2366 1580 γὰρ

1334 1587 1542 1639 ποδαλγίαι,
1572 1587 1632 1626 καὶ
1663 1587 1898 1641 καρηὸαρίαι,
1927 1587 1988 1626 καὶ
2019 1587 2271 1639 ἀμὸλυωπίαι,
2305 1589 2365 1626 καὶ

1334 1649 1556 1703 χειραλγίαι,
1575 1649 1635 1688 καὶ
1655 1649 1798 1701 τρόμοι,
1821 1649 1881 1688 καὶ
1913 1649 2096 1703 παρέσεις,
2123 1649 2184 1687 καὶ
2207 1650 2340 1703 ἴκτερος
2356 1680 2366 1697 ,

1336 1710 1395 1748 καὶ
1414 1709 1556 1763 πυρετοὶ
1582 1710 1710 1763 μακροὶ
1727 1711 1788 1749 καὶ
1804 1709 1991 1762 φλογώδεις
2004 1741 2014 1759 ,
2031 1710 2091 1748 καὶ
2120 1709 2220 1764 ἕτερα
2236 1710 2366 1748 τούτων

1335 1774 1454 1825 πολλῷ
1476 1771 1620 1811 πλείονα
1641 1772 1707 1824 (οὐ
1737 1772 1804 1823 γὰρ
1824 1771 1944 1824 καιρὸς
1966 1772 2082 1810 πάντα
2107 1772 2287 1823 ἐπιέναι),
2306 1774 2366 1810 οὐκ

1337 1833 1406 1872 ἀπὸ
1420 1833 1548 1877 ἐνδείας
1568 1833 1627 1871 καὶ
1644 1832 1830 1885 φιλοσόφου
1845 1832 2000 1880 διαίτης,
2022 1834 2098 1870 ἀλλ’
2117 1831 2152 1876 ἐξ
2172 1833 2367 1885 ἀδηφαγίας

1336 1894 1395 1931 καὶ
1417 1896 1622 1944 πλησμονῆς
1647 1893 1825 1932 τίκτεσθαι
1844 1893 2006 1946 πέφυκεν.
2034 1896 2078 1932 Εἰ
2109 1893 2144 1932 δὲ
2167 1894 2282 1944 βούλει
2305 1894 2364 1932 καὶ

1336 1957 1398 2000 τῆς
1428 1957 1542 2006 ψυχῆς
1572 1954 1634 1998 τὰς
1665 1954 1781 1998 νόσους
1806 1955 1887 1993 ἰδεῖν
1910 1954 1972 1999 τὰς
1997 1957 2149 1993 ἐντεῦθεν
2169 1954 2364 2006 φυομένας,

1338 2015 1414 2067 ὄψει
1434 2014 1487 2053 ὅτι
1504 2015 1717 2063 πλεονεξίαι,
1741 2017 1920 2067 βλακεῖαι,
1941 2015 2188 2067 μελαγχολίαι,
2210 2019 2366 2063 νωθεῖαι,

1340 2076 1517 2128 ἀσέλγειαι
1531 2107 1540 2124 ,
1563 2076 1696 2127 ἀμαθία
1730 2082 1826 2114 πᾶσα
1855 2078 2007 2114 ἐντεῦθεν
2040 2076 2112 2128 ἔχει
2144 2075 2206 2123 τὴν
2241 2077 2366 2129 ἀρχήν.

1338 2136 1455 2176 ’Όνων
1470 2136 1537 2190 γὰρ
1560 2136 1654 2175 οὐδὲν
1676 2137 1816 2187 ἄμεινον
1834 2137 1903 2176 ἀπὸ
1918 2139 1985 2174 τῶν
2005 2136 2167 2175 τοιούτων
2186 2140 2367 2189 τραπεζῶν

1341 2200 1375 2235 αἱ
1395 2201 1573 2251 τρυφῶσαι
1592 2197 1745 2248 γίνονται
1765 2198 1893 2249 ψυχαὶ,
1911 2203 1925 2219 a
1940 2198 2007 2236 ὑπὸ
2021 2197 2182 2236 τοιούτων
2206 2198 2365 2237 διασπώ-

1341 2274 1441 2309 μεναι
1464 2258 1603 2311 θηρίων.
1637 2259 1739 2296 Εἴπω
1759 2258 1818 2296 καὶ
1848 2258 1959 2301 λύπας
1980 2257 2062 2301 ὅσας
2080 2259 2200 2310 ἔχουσι
2224 2260 2282 2297 καὶ
2303 2263 2367 2307 ἀη-

1339 2319 1413 2362 δίας
1446 2322 1477 2358 οἱ
1504 2319 1788 2370 προσεδρεύοντες
1806 2322 1848 2369 τῇ
1877 2322 2010 2372 τρυφῇ,
2035 2319 2139 2358 Ἀλλὰ
2169 2320 2285 2364 ποίσας
2305 2320 2368 2371 μὲν

1339 2381 1492 2418 ἐπελθεῖν
1524 2381 1561 2417 οὐ
1591 2378 1732 2417 δυνατόν
1751 2395 1758 2402 ·
1782 2379 1831 2417 ἑνὶ
1852 2379 1886 2418 δὲ
1911 2381 1969 2418 καὶ
1994 2379 2105 2433 τούτῳ
2133 2381 2311 2434 κεφαλαίῳ
2329 2383 2369 2420 τὸ

1339 2447 1407 2479 πᾶν
1433 2439 1567 2486 ποιήσω
1590 2439 1747 2492 φανερόν.
1764 2441 1839 2487 ’Τῆς
1867 2440 1934 2495 γὰρ
1960 2441 2156 2495 τραπέζης,
2179 2441 2307 2488 ταύτης
2330 2442 2366 2481 δὲ

1338 2502 1428 2553 λέγω
1444 2505 1505 2548 τῆς
1524 2503 1747 2549 πολυτελοῦς,
1766 2503 1841 2552 μεθ’
1859 2503 1984 2549 ἡδονῆς
2001 2502 2163 2541 οὐδέποτε
2184 2503 2369 2555 ἀπογεύον-

1339 2580 1408 2602 ται.
1429 2562 1473 2600 ἹΙ
1495 2561 1556 2613 μὲν
1573 2561 1640 2614 γὰρ
1655 2561 1784 2610 ἔνδεια,
1808 2562 1927 2617 ὥσπερ
1948 2563 2083 2615 ὑγείας,
2105 2563 2196 2602 οὕτω
2212 2564 2271 2602 καὶ
2287 2566 2368 2611 ἡδο*

1339 2627 1400 2669 ν’ῆς
1430 2623 1547 2675 μήτηρ
1578 2622 1669 2661 ἐστίν
1686 2638 1692 2645 ·
1723 2626 1745 2669 ἡ
1779 2623 1965 2674 πλησμονὴ
2001 2623 2054 2672 δὲ,
2088 2624 2206 2677 ὥσπερ
2242 2625 2367 2670 νόσων,

1340 2684 1430 2723 οὕτω
1451 2684 1511 2722 καὶ
1528 2683 1650 2731 ἀηδίας
1670 2684 1742 2722 ἐστὶ
1759 2686 1854 2736 πηγὴ
1877 2686 1936 2723 καὶ
1963 2686 2052 2738 ῥίζα.
2072 2685 2183 2725 ’Ένθα
2200 2686 2267 2739 γὰρ
2289 2687 2327 2725 ἂν
2344 2682 2367 2738 ἦ

2243 2748 2278 2786 δὲ
2307 2751 2367 2786 οὐκ

1342 2807 1466 2855 οὔσης,
1486 2809 1560 2850 πῶς
1593 2805 1632 2844 ἂν
1664 2806 1715 2853 εἴη
1745 2806 1829 2845 ποτὲ
1847 2808 1972 2854 ἡδονή,
1993 2807 2060 2845 Διὰ
2079 2812 2178 2846 τοῦτο
2199 2809 2237 2846 οὗ
2266 2808 2368 2860 μόνον

1341 2746 1460 2799 κόρος,
1482 2745 1665 2796 ἐπιθυμίαν
1687 2750 1773 2783 εἰναι
1795 2749 1856 2784 οὐκ
1879 2747 1969 2785 ἔστιν
1987 2762 1994 2769 ·
2027 2747 2211 2798 ἐπιθυμίας

1342 2867 1589 2919 συνετωτέρους
1616 2867 1676 2905 καὶ
1696 2867 1940 2919 ὑγιεινοτέρους
1966 2867 2044 2910 τοὺς
2071 2868 2277 2919 πενομένους
2298 2873 2366 2907 τῶν

1341 2927 1515 2968 πλουσίων
1536 2927 1692 2981 εὕροιμεν
1715 2927 1768 2975 ἂν,
1792 2927 1881 2965 ἀλλὰ
1903 2928 1962 2965 καὶ
1993 2927 2134 2966 πλείονα
2168 2930 2368 2982 καρπουμέ-

1342 3004 1417 3033 νους
1440 2989 1502 3036 τὴν
1535 2987 1756 3041 εὐφροσύνην.
1778 2987 1887 3040 Ἅπερ
1907 2987 2022 3026 πάντα
2045 2989 2286 3036 ἐννοήσαντες,
2306 2989 2367 3041 φύ-

1343 3066 1459 3103 γωμεν
1492 3049 1597 3101 μέθην
1619 3065 1655 3086 τε
1677 3049 1736 3086 καὶ
1772 3048 1915 3100 τρυφὴν,
1950 3048 1998 3099 μὴ
2033 3048 2094 3096 τὴν
2129 3051 2162 3087 ἐν
2182 3049 2369 3103 τραπέζαις

1346 3113 1460 3163 μόνον,
1483 3109 1572 3149 ἀλλὰ
1591 3109 1652 3147 καὶ
1665 3109 1727 3156 τὴν
1757 3109 1864 3156 ἄλλην
1885 3110 2021 3148 ἅπασαν
2044 3110 2107 3156 τὴν
2128 3113 2161 3148 ἐν
2183 3110 2367 3162 πράγμασι

1347 3176 1519 3224 βιωτικοῖς
1537 3187 1544 3195 ·
1565 3171 1624 3208 καὶ
1645 3171 1716 3208 ἀντ’
1736 3170 1866 3217 ἐκείνης
1898 3170 2191 3221 ἀνταλλαξώμεθα
2217 3170 2279 3217 τὴν
2300 3171 2369 3208 ἀπὸ

1345 3237 1413 3272 τῶν
1431 3233 1672 3283 πνευματικῶν
1688 3231 1825 3278 ἡδονὴν,
1846 3231 1904 3269 καὶ
1924 3231 2013 3270 κατὰ
2033 3232 2089 3270 τὸν
2106 3231 2285 3284 προφήτην
2307 3247 2368 3269 κα-

1409 3364 1421 3379 ·1
1447 3351 1558 3385 Morcl.
1579 3354 1633 3387 ὑπὸ
1651 3352 1804 3386 τοσούτω-,κ
