2507 3673
494 177 535 207 IN
575 178 722 220 ILLUD,
762 180 908 210 5thle
943 182 1024 211 EST
1058 181 1244 211 REGNUM
1280 183 1450 212 CELOR.
1490 185 1687 226 PtTRlF„
1716 188 1817 218 ETC.

106 256 166 302 Μὴ
188 257 253 308 γὰρ
285 260 318 296 ἓν
340 263 409 301 τοῖς
438 263 508 301 σοῖς
546 261 817 311 φιλοτιμοῦμαι;
845 261 906 299 Ἔν
931 266 1001 304 τοῖς
1028 263 1123 312 ἐμοῖς

106 311 268 348 αὐθεντῶ.
297 310 356 357 Μὴ
377 311 444 362 γὰρ
466 311 651 362 ἐπίτροπόν
675 329 712 351 σε
734 317 795 359 τῆς
815 316 902 364 ἐμῆς
922 314 1124 361 κατέστησα

103 361 265 412 γνώμης,
290 363 475 402 Μισθωτόν
506 379 544 401 σε
571 364 696 403 ἔλαέον
711 367 758 409 ὡς
777 366 810 409 ἐξ
831 369 953 418 ἀρχῆς.
974 365 1035 412 Μὴ
1056 366 1123 419 γὰρ

102 414 218 464 κύριόν
236 431 273 453 σε
292 418 354 461 τ’ῆς
373 417 460 466 ἐμῆς
475 415 628 461 ἐξουσίας
642 418 905 469 ἐχειροτόνησα,
923 418 985 460 Ὡς
1003 419 1123 470 φιλάν-

101 469 236 517 θρωπος
250 468 409 506 κοινωνὸν
423 469 644 518 ἐποιησάμην
657 473 724 507 τῶν
736 473 896 520 ἐμαυτοῦ.
913 472 956 508 Εἰ
967 473 984 507 ὃ
998 472 1124 522 ὀφθαλ-

100 519 163 568 μός
181 535 240 557 σου
252 519 400 572 πονηρός
414 523 518 567 ἐστιν,
533 523 570 558 οὐ
584 522 726 560 ’δύναται
743 522 895 573 βλέπειν,
911 523 933 559 ἃ
947 523 1122 573 ὀφθαλμὸς

98 573 159 609 οὐκ
178 566 266 619 εἶδε,
282 574 340 610 καὶ
360 567 416 616 οἷς
434 576 495 611 οὐκ
511 574 669 619 ἤκουσεν.
693 575 877 612 Ἀθολώτου
894 575 997 626 χρεία
1013 575 1122 624 βλέμ-

99 639 206 672 ματος
219 627 266 668 εἷς
279 625 419 672 τὴντῶν
430 627 632 679 μυστηρίων
640 628 822 678 ἐπίσκεψιν
832 642 839 649 ·
855 630 1008 677 καθαρᾶς
1018 626 1121 678 χρεία

97 678 213 728 ψυχῆς
232 680 278 721 εἷς
293 678 355 724 τῆν
375 682 443 716 τῶν
464 682 623 731 καθαρῶν
644 681 865 725 κατανόησιν.
885 678 1030 743 Εἴδετί,
1045 682 1120 743 πέζις

97 730 223 780 ἀγαθὸς
242 734 259 768 ὁ
276 732 458 778 Δεσπότης
475 734 588 782 ἡμῶν·
609 731 732 778 εἴδετε,
752 733 827 773 πῶς
844 730 922 774 τοὺς
940 732 975 768 ἐν
994 746 1118 783 οιαερο-

99 799 168 834 ροις
196 790 329 836 καιροῖς
347 784 552 835 προσιόντας
565 815 574 831 ,
604 783 687 833 μίαν
707 785 742 820 δὲ
769 783 886 821 πίστιν
907 784 966 821 καὶ
987 788 1118 835 προθυ-

97 835 180 885 μίαν
208 837 267 875 καὶ
298 836 476 875 πολιτείαν
495 836 808 886 ἐπιδεικνυμένους,
841 836 976 886 ὁμοίαις
1000 843 1118 886 τιμαῖς

95 889 155 926 καὶ
175 890 319 940 δωρεαῖς
345 889 490 935 ἠξίωσεν
506 905 513 912 ·
531 889 658 935 εἴδετε,
675 892 750 932 πῶς
767 888 827 926 καὶ
851 887 929 931 τοὺς
952 889 1118 940 ἐσχάτους

95 941 186 984 ἴσους
202 947 272 984 τοῖς
287 941 438 993 πρώτοις
454 940 597 987 ἐποίησε
614 940 670 978 διὰ
682 941 746 988 τὴν
763 941 914 978 ἅὸυσσον
926 943 994 978 τῶν
1012 943 1116 979 αὐτοῦ

93 995 296 1047 οἰκτιρμῶν.
317 994 456 1046 Ἐπήχθ
484 1010 522 1031 τε
553 993 665 1032 τοίνυν
686 995 771 1047 πρὸς
798 993 856 1031 τὸν
884 993 974 1032 οὕτω
995 995 1116 1046 φιλάν-

93 1049 229 1097 θρωπον
243 1063 251 1070 ·
272 1047 372 1089 αὐτὸς
389 1046 448 1085 καὶ
465 1051 521 1084 νῦν
538 1048 628 1096 ὑμᾶς
648 1046 867 1097 ἐμισθώσατο
879 1062 886 1069 ·
905 1047 1004 1090 αὐτὸς
1021 1047 1115 1098 λέγει

92 1098 151 1137 καὶ
170 1100 254 1151 πρὸς
268 1102 377 1150 ὑμᾶς·
395 1099 571 1150 Ὑπάγετε
586 1098 644 1137 καὶ
661 1103 758 1150 ὑμεῖς
775 1101 821 1142 εἷς
837 1099 894 1137 τὸν
910 1102 1113 1149 ἀμπελῶνα.

90 1152 180 1195 Θεὸς
199 1156 215 1190 ὁ
233 1152 478 1202 μισθούμενος,
502 1156 519 1190 ὁ
540 1152 659 1202 μισθὸς
680 1153 855 1203 οὐράνιος,
871 1153 910 1190 τὸ
926 1154 1024 1204 ἔργον
1042 1170 1114 1191 σω-

92 1204 224 1256 τήριον,
243 1209 260 1243 ὅ
280 1204 446 1255 ἇμπελὼν
470 1204 657 1257 εὐτρεπὴς,
670 1208 691 1251 ἡ
707 1205 793 1256 θύρα
812 1209 870 1243 τοῦ
892 1208 1112 1255 ἀμπελῶνος,

2096 180 2177 236 74ῐ

1196 275 1340 312 possum
1364 277 1460 311 eum,
1483 264 1542 313 qui
1567 278 1622 301 me
1642 274 1822 317 tantopere
1841 268 2036 318 adamavit,
2053 273 2113 322 qui
2137 273 2184 311 ita

1197 313 1349 350 credidit
1362 343 1372 362 ,
1396 328 1464 351 non
1481 316 1577 352 omni
1597 317 1726 365 studio,
1744 320 1839 356 omni
1861 321 1994 360 honore
2006 323 2182 363 decorare.

1196 365 1297 402 Sicut
1313 365 1507 413 credidisti,
1525 367 1676 406 credidit
1696 385 1703 405 :
1724 370 1815 407 sicut
1833 373 2038 424 abundasti,
2062 378 2181 414 abuu—

1195 416 1298 454 davit
1316 433 1322 453 :
1345 418 1438 455 sicut
1463 419 1642 467 adorasti,
1663 420 1825 460 adoravit
1846 439 1853 459 τ
1876 424 1967 462 sicut
1997 431 2149 478 regnasti
2170 460 2179 474 ,

1194 470 1384 519 regnavit:
1407 470 1499 508 sicut
1525 472 1707 520 laborasti,
1737 488 1805 512 non
1833 475 2032 527 laboravit,
2057 495 2182 518 verum

1193 534 1258 571 ego
1274 522 1387 572 gratia
1405 522 1582 562 defectum
1601 526 1778 577 supplevi.
1798 527 1883 565 Aut
1903 543 1980 566 non
2000 531 2087 569 licet
2108 537 2180 570 ml-

1194 574 1236 610 Izi
1251 578 1384 624 facere
1402 589 1487 627 quse
1511 578 1619 623 volo,
1643 578 1739 615 iniis
1766 594 1844 630 quae
1864 595 1940 619 mea
1966 584 2078 620 sunt?
2097 599 2180 622 num

1192 626 1284 663 enim
1300 641 1354 664 res
1371 637 1449 665 tuas
1469 630 1657 681 expendo?
1677 632 1743 667 Res
1763 646 1857 669 meas
1882 633 2065 686 dilargior.
2088 638 2183 675 Num

1193 679 1263 715 tuis
1293 680 1468 718 sumtibus
1500 682 1779 721 munificentiam
1799 699 1913 723 meam
1934 689 2106 725 exerceo?
2130 691 2183 727 De

1190 731 1295 769 rebus
1323 733 1409 770 meis
1434 748 1498 785 pro
1526 749 1604 772 mea
1638 737 1846 775 auctoritate
1871 748 1997 777 statuo.
2027 743 2122 778 Num
2152 752 2183 780 tc

1188 784 1382 823 voluntatis
1414 800 1498 823 meze
1532 797 1730 825 curatorem
1770 791 1967 829 constitui?
2000 795 2182 833 Mereena-

1187 835 1282 874 rium
1302 846 1335 874 te
1362 838 1510 876 assumsi
1547 853 1566 876 a
1589 841 1778 893 principio.
1799 845 1895 880 Num
1921 845 2014 882 enim
2037 855 2069 884 te
2098 861 2182 884 meat

1186 889 1370 940 potestatis
1385 890 1570 929 dominum
1588 893 1773 944 designavi
1789 895 1806 931 ἶ)
1825 897 1874 933 Ut
1901 896 2074 949 benignus
2103 914 2181 951 par-

1187 942 1330 994 ticipem
1362 957 1480 982 rerum
1515 959 1674 983 mearum
1709 956 1741 984 te
1771 948 1849 985 feci.
1877 949 1916 986 Si
1947 951 2070 989 oculus
2098 961 2180 990 tuus

1185 1008 1338 1045 nequam
1357 1005 1422 1044 est,
1445 996 1568 1035 videre
1584 1000 1705 1049 nequit
1721 1013 1774 1049 ea,
1791 1015 1867 1051 quae
1887 1003 2010 1041 oculus
2030 1018 2099 1041 non
2119 1006 2178 1043 vi-

1185 1046 1259 1095 dit,
1280 1062 1392 1099 neque
1411 1049 1507 1087 auris
1531 1050 1686 1090 audivit.
1718 1056 1870 1105 Aspectu
1892 1055 2037 1094 minime
2060 1057 2178 1108 inqui-

1185 1109 1266 1137 nato
1284 1110 1336 1138 est
1354 1115 1444 1153 opus
1469 1101 1514 1140 ad
1534 1103 1609 1141 haec
1627 1108 1798 1157 mysteria
1820 1108 2039 1146 contuenda:
2061 1111 2178 1148 anima

1184 1166 1271 1204 pura
1293 1163 1344 1191 est
1363 1168 1451 1206 opus
1470 1155 1773 1208 adintelligenda,
1791 1174 1868 1209 quae
1885 1175 1975 1212 pura
1995 1172 2088 1199 sunt.
2111 1165 2177 1202 Yi-

1182 1204 1286 1244 distis
1304 1220 1373 1256 quo
1394 1217 1495 1259 paeto
1507 1208 1620 1247 bonus
1632 1210 1676 1247 sit
1688 1211 1862 1249 Dominus
1880 1223 2019 1252 noster:
2036 1215 2178 1254 vidistis

92 1261 114 1303 ἢ
141 1258 367 1309 κολυμδηθρα
394 1257 620 1304 καθέστηκεν.
644 1257 687 1295 Ἣ
717 1258 791 1295 θεία
814 1257 916 1310 χάρις
939 1260 985 1301 εἷς
1011 1258 1113 1310 θύραν
1139 1271 1163 1301 Ε
1184 1272 1255 1308 quo
1285 1268 1388 1311 paeto
1408 1275 1489 1310 eos,
1508 1262 1569 1311 qui
1595 1262 1747 1301 diversis
1769 1266 1987 1317 temporibus
2020 1282 2175 1307 accesse-

91 1313 154 1356 τῆς
168 1311 414 1363 κολυμῧῆθρας
429 1309 673 1362 παρισταμένη
689 1310 844 1362 καθάπερ
864 1311 990 1362 φαιδρὰ
1002 1313 1117 1349 πυλω-

94 1362 149 1414 ρὸς
161 1363 247 1414 πρὸς
261 1363 394 1406 πάντας
412 1363 489 1406 τοὺς
511 1364 553 1400 δι’
571 1365 676 1408 αὐτῆς
691 1363 859 1406 εἰσιόντας
881 1365 946 1414 βοᾷ
962 1380 969 1387 ·
990 1363 1076 1411 αὕτη
1093 1379 1114 1411 η

88 1415 181 1462 πύλη
204 1420 263 1454 τοῦ
283 1415 424 1467 Κυρίου,
444 1415 666 1468 νεοφώτιστοι
685 1415 916 1454 διελεύσονται
934 1418 977 1453 δι’
993 1418 1112 1462 αὐτῆς.

87 1466 210 1519 ζΗμεῖς
230 1469 267 1507 οὗ
290 1471 477 1520 φθονοῦμεν
497 1471 577 1518 ὑμῖν
591 1469 637 1510 ὡς
652 1470 849 1506 τελευταῖον
866 1469 1034 1515 ἐλθοῦσιν,
1055 1471 1114 1508 καὶ

85 1522 148 1566 τ’ἧς
162 1524 267 1567 αὐτῆς
283 1524 367 1571 ἡμῖν
390 1521 488 1566 δόξης
505 1520 710 1572 μετέχουσιν
725 1536 732 1543 ·
755 1520 843 1558 ἀλλὰ
860 1521 1113 1573 συγχορεύομεν

84 1575 131 1617 ὡς
159 1575 330 1626 ἀδελφοῖς,
351 1574 411 1612 καὶ
443 1573 691 1625 συγ-χαίρομεν,
715 1573 888 1626 ἡμετέραν
909 1573 1023 1628 Νδόξαν
1050 1575 1112 1622 τὴν

83 1627 252 1680 ὑμετέραν
273 1625 449 1678 σωτηρίαν
465 1625 664 1677 ἡγούμενοι.
685 1626 870 1672 Ποθῆσατε
891 1630 947 1664 οὖν
962 1628 1020 1664 τὸν
1045 1643 1112 1665 κα-

81 1680 233 1720 λέσαντα
249 1696 256 1703 ·
271 1680 399 1718 λάὸετε
427 1682 489 1725 τῆς
509 1682 555 1722 εἷς
578 1680 635 1717 τὸν
660 1681 852 1730 ἀμπελῶνα
870 1679 1031 1732 εὐπορίας
1046 1680 1110 1727 την

81 1734 199 1772 πίστιν
225 1732 348 1784 ὁδηγὸν
376 1734 515 1777 ἀπλανῆ
534 1748 541 1755 ·
562 1732 678 1775 πίστις
697 1732 764 1786 γὰρ
792 1736 854 1779 τῆς
883 1732 940 1771 ἐπὶ
965 1732 1028 1779 τὴν
1047 1749 1111 1771 κς-

81 1787 286 1838 λυμὸήθραν
306 1787 383 1824 ὁδοῦ
401 1785 617 1838 χειραγωγὸς
638 1786 783 1837 ἀγαθὸς,
803 1786 920 1830 πίστις
939 1789 1109 1837 χειμαζο-

82 1839 189 1890 μένης
221 1838 355 1891 φύσεως
381 1838 536 1890 ἄγκυρα,
557 1838 673 1880 πίστις
704 1838 970 1889 ἀνθρωπότητος
998 1839 1107 1889 λιμὴν

80 1892 250 1944 γαληνὸς,
271 1891 386 1934 πίστις
408 1895 476 1929 τῶν
507 1890 664 1943 ἀοράτων

113 1944 121 1957 Ι
525 1945 535 1955 Γ

708 1943 780 1956 Nm!

1185 1321 1292 1360 runt,
1324 1326 1431 1350 unam
1458 1323 1577 1351 autem
1609 1315 1716 1353 sidem
1747 1325 1779 1354 et
1815 1318 1922 1355 animi
1954 1320 2112 1359 studium
2145 1333 2177 1360 et

1185 1364 1486 1403 conversationem
1519 1367 1773 1418 ostenderunt,
1809 1371 1956 1421 paribus
1982 1373 2178 1413 honoribus

1185 1417 1463 1467 muneribusque
1478 1419 1646 1470 dignatus
1662 1421 1707 1458 sit
1725 1438 1732 1458 ε
1751 1422 1891 1461 vidistis
1908 1439 1978 1475 quo
1998 1436 2101 1477 pacto
2115 1442 2176 1466 uo-

1185 1468 1352 1507 vissimos
1386 1470 1488 1508 etiam
1533 1473 1685 1522 aequales
1721 1475 1840 1513 fecerit
1875 1478 2000 1528 primis
2034 1490 2177 1531 propter

1185 1520 1358 1573 abyssum
1385 1522 1649 1563 miserationum
1670 1540 1826 1564 suarum.
1850 1529 2005 1568 Adducti
2027 1531 2109 1569 estis
2130 1534 2175 1571 ad

1183 1573 1231 1611 ita
1247 1574 1441 1625 benignum
1460 1577 1657 1615 Dominum
1673 1593 1681 1614 τ
1699 1579 1774 1630 ipse
1787 1594 1880 1618 nunc
1895 1582 2000 1620 etiam
2014 1598 2077 1622 vos
2093 1599 2176 1623 eon-

1183 1626 1310 1665 duxit:
1327 1628 1402 1679 ipse
1425 1629 1527 1666 vobis
1556 1630 1661 1668 etiam
1681 1631 1770 1669 dicit
1787 1648 1794 1668 :
1815 1635 1875 1671 Ite
1895 1644 1934 1671 et
1953 1650 2025 1673 vos
2053 1640 2094 1674 in
2114 1642 2175 1675 vi-

1183 1693 1307 1717 neam.
1337 1682 1434 1718 Deus
1463 1691 1513 1719 est
1537 1683 1600 1733 qui
1633 1684 1820 1734 conducit,
1841 1700 1975 1725 merces
1998 1689 2144 1728 eaelestis
2160 1721 2171 1740 ,

1181 1746 1270 1784 opus
1290 1733 1458 1783 salutare,
1480 1734 1582 1773 vinea
1604 1737 1786 1788 speciosa,
1809 1738 1921 1777 vinem
1938 1741 2059 1792 janua,
2075 1743 2174 1793 lava-

1180 1785 1230 1822 cri
1260 1785 1394 1837 piscina
1423 1788 1611 1826 constituta
1632 1799 1693 1827 est.
1715 1791 1849 1828 Divina
1870 1794 1981 1843 gratia
2003 1809 2066 1846 pro
2088 1796 2173 1833 fori—

1178 1836 1246 1875 bus
1271 1848 1388 1877 astans
1410 1840 1556 1892 piscinae
1583 1851 1764 1894 tamquam
1789 1844 1929 1896 elegans
1948 1847 2102 1892 ostiaria,
2128 1849 2173 1886 ad

690 1890 885 1943 κάτοπτρον
911 1891 1082 1942 τηλαυγὲς
1096 1923 1106 1940 ,
1120 1920 1168 1946 104
1179 1904 1313 1942 omnes,
1339 1907 1401 1943 qui
1436 1908 1500 1944 per
1521 1908 1598 1931 eam
1616 1896 1889 1947 ingrediuntur,
1912 1899 2063 1938 clamat:
2085 1902 2172 1938 Hanc

79 1961 196 1989 ‘tuone
227 1948 288 1991 τῆς
313 1944 494 1995 ὁμοουσίου
532 1944 676 1994 Γριάδος
705 1945 910 1986 οιοασκαλος
939 1945 1106 1996 ἀκριὸὴς,
1132 1956 1158 1985 Α
1178 1953 1281 1995 porta
1316 1945 1484 1993 Domini,
1519 1961 1638 1985 recens
1669 1949 1863 1987 illuminati
1895 1951 2079 1991 intrabunt
2110 1969 2172 2007 per

79 1998 195 2040 πίστις
218 1997 330 2048 λέγειν
348 2001 441 2047 ἡμᾶς
462 1996 722 2047 παρεσκεύασεν
746 1999 861 2035 ἐκεῖνα
880 1997 924 2035 τὰ
950 1998 1106 2049 σωτήρια

82 2051 236 2104 ῥήματα·
257 2050 410 2089 πιστεύω
426 2051 473 2093 εἷς
488 2049 548 2087 ἕνα
563 2050 654 2087 Θεὸν
672 2049 814 2101 Πατέρα
827 2050 1105 2103 παντοκράτορα.

80 2103 243 2142 Πιστεύω
255 2134 264 2151 ,
283 2105 343 2142 οὐκ
363 2105 488 2155 ἐρευνῶ
500 2118 507 2125 ·
529 2101 680 2140 πιστεύω
693 2132 701 2147 ,
720 2104 757 2140 οὐ
779 2101 894 2140 διώκω
910 2103 948 2141 τὸ
968 2104 1105 2141 ἀκατά-

80 2158 232 2204 ληπτον·
252 2156 419 2202 πιστεύω,
440 2158 477 2194 οὐ
500 2159 616 2208 μετρῶ
641 2156 679 2193 τὸ
700 2154 910 2207 ἀμέτρητον.
933 2155 1018 2194 Ἐὰν
1040 2173 1103 2194 πι-

78 2209 232 2255 στεύσω,
254 2209 448 2261 φωτίζομαι
470 2208 533 2255 τὴν
555 2208 688 2260 ψυχήν·
715 2208 772 2246 ἐὰν
799 2209 1104 2261 περιεργάζωμαι,

78 2262 226 2306 σκοτίζω
253 2278 317 2313 μου
350 2261 428 2305 τοὺς
452 2261 638 2312 λογισμούς
651 2277 658 2284 ·
679 2260 737 2298 ἐὰν
758 2262 934 2299 πιστεύσω
955 2263 1073 2306 καλῶς
1093 2293 1102 2312 ‚

77 2317 273 2366 ἀνυψοῦμαι
290 2315 375 2366 πρὸς
395 2313 553 2367 οὐρανόν·
568 2313 627 2351 ἐὰν
644 2313 784 2360 ζητήσω
804 2314 1015 2367 περιέργως,
1037 2331 1104 2378 κα-

77 2367 272 2420 ταφέρομαι
301 2368 386 2420 πρὸς
421 2366 535 2418 βυθόν.
566 2366 730 2404 Πιστεύω
764 2369 812 2409 εἷς
833 2366 894 2404 ἕνα
915 2368 975 2406 καὶ
999 2383 1101 2418 μονον

77 2421 238 2467 ἀληθινὸν
257 2421 347 2459 Θεὸν
365 2421 424 2458 καὶ
449 2419 595 2470 Πατέρα
623 2420 899 2472 παντοκράτορα.
916 2421 1102 2473 Ἀρνοῦμαι

75 2472 154 2516 τοὺς
173 2473 271 2525 παρὰ
298 2475 366 2509 τῶν
389 2472 568 2518 Ἑλλήνων
592 2472 880 2522 πεπλανημένους
902 2473 995 2517 θεούς
1009 2489 1016 2496 ·
1037 2488 1101 2511 πο-

74 2525 195 2563 λυθεΐα
219 2525 286 2577 γὰρ
313 2526 455 2576 οὐρανὸν
476 2527 538 2562 οὐκ
559 2526 657 2562 οἰκεῖ.
675 2523 769 2562 ἽΞνα
795 2525 855 2562 καὶ
883 2525 985 2580 μόωνον
1009 2526 1100 2564 Θεὸν

75 2579 217 2628 ἀνυμνῶ
232 2593 239 2600 ·
262 2581 353 2628 μισῶ
377 2577 435 2615 τὸν
462 2577 703 2627 ἀρειανισμόν·
729 2579 766 2614 οὐ
787 2577 897 2627 λέγω,
918 2581 959 2624 ἠν
993 2579 1099 2625 ποτὲ,

74 2631 130 2668 ὅτε
150 2631 210 2668 οὐκ
229 2624 271 2676 ἦν
291 2630 408 2683 πατήρ
422 2647 429 2653 ·
448 2629 538 2668 ἀλλὰ
556 2630 608 2667 ἀεὶ
627 2630 714 2668 Θεὸν
740 2630 798 2667 τὸν
815 2630 918 2677 Θεὸν,
947 2630 1001 2668 ἀεὶ
1023 2633 1099 2686 Πα-

73 2683 158 2736 τέρα
176 2683 234 2721 τὸν
255 2683 356 2721 αὐτὸν
373 2683 534 2735 κηρύττω
547 2712 556 2727 ,
578 2681 685 2726 οὕτως
705 2682 786 2720 ὄντα
805 2683 969 2734 Πατέρα,
989 2686 1034 2727 ὡς
1051 2688 1098 2721 οἰ-

74 2737 128 2773 ὃεν
146 2735 258 2779 αὐτός.
277 2735 437 2774 Πιστεύω
457 2738 503 2778 εἷς
521 2735 578 2772 τὸν
598 2735 724 2785 Κύριον
744 2737 844 2785 ἡμῶν
860 2735 994 2781 Ἰησοῦν
1011 2738 1096 2789 Χρι-

73 2789 166 2835 στὸν,
184 2788 242 2826 τὸν
258 2789 341 2826 Υἱὸν
357 2790 460 2826 αὐτοῦ
480 2788 537 2825 τὸν
558 2791 740 2838 μονογενῆ,
762 2788 820 2826 τὸν
842 2788 874 2832 ἐξ
892 2790 996 2826 αὐτοῦ
1016 2805 1097 2848 γ-,εν-

72 2840 218 2885 νηθέντα
232 2841 300 2892 πρὸ
309 2841 448 2879 πάντων
463 2844 531 2879 τῶν
547 2839 694 2887 αἰώνων,
712 2843 757 2883 ὡς
775 2840 875 2884 αὐτὸς
892 2841 993 2892 μόνος
1010 2844 1098 2880 οἶδεν

72 2897 89 2931 ὅ
106 2894 297 2944 γεννηθείς·
317 2892 543 2944 γεννηθέντα,
572 2895 609 2931 οὔ
635 2893 824 2940 ποιηθέντα
837 2909 844 2917 ·
869 2895 1097 2944 γεννηθέντα,
1124 2907 1145 2936 Γ,

72 2961 90 2983 ο
123 2945 322 2984 κτισθέντα·
342 2946 551 2996 γεννηθέντα
563 2975 571 2991 ,
593 2949 630 2984 οὗ
647 2947 965 2997 δημιουργηθέντα·
984 2950 1022 2985 ἐκ
1036 2951 1098 2993 τῆς

70 2998 236 3050 πατρῴας
265 2998 382 3041 οὐσίας
415 2998 569 3050 ἀχρόνως
599 2999 849 3050 ἐκλάμψαντα,
882 3000 942 3036 οὐκ
975 2999 1096 3043 ἔξωθεν

70 3051 313 3089 ἐπεισελθόντα
333 3050 451 3095 ποθὲν,
472 3053 536 3102 οὐχ
552 3051 816 3101 ὑποέῗολιμαῖον,
837 3050 858 3096 ἢ
878 3052 975 3089 νόθον
1007 3053 1077 3090 υἱὸν
1086 3085 1095 3100 ,

73 3103 163 3142 ἀλλὰ
183 3104 322 3156 γνήσιον
344 3103 562 3153 ἀπαύγασμα
586 3109 645 3142 τοῦ
660 3103 804 3153 γνησίου
826 3104 983 3157 Πατρὸς,
1007 3106 1099 3162 ἀπα-

74 3157 269 3207 ράλλακτον
284 3158 494 3208 χαρακτῆρα
510 3156 657 3208 ἀοράτου
674 3160 818 3207 μορφῆς.
831 3157 923 3210 pide<
942 3156 998 3194 τὸν
1015 3158 1101 3214 {pu

70 3211 148 3248 στὸν
169 3210 251 3247 Υἱὸν
272 3214 330 3246 τοῦ
351 3211 443 3246 Θεοῦ
465 3209 605 3260 Πατρὸς
624 3211 670 3251 ὡς
689 3208 796 3247 Θεόν·
818 3209 894 3246 οἰδα
920 3209 977 3246 τὸν
1007 3210 1100 3262 Χρι-

71 3262 150 3300 στὸν
165 3261 237 3299 υἱὸν
254 3266 317 3308 τῗζς
332 3260 453 3306 δούλης
466 3262 571 3298 αὐτοῦ
587 3261 647 3298 καὶ
665 3260 795 3313 μητρὸς
807 3291 816 3308 ,
834 3263 1040 3312 φαινόμενον
1056 3265 1102 3305 ὡς

74 3315 277 3366 ἄνθρωπον·
310 3307 386 3352 οἶδα
414 3313 471 3351 τὸν
499 3313 651 3365 Χριστὸν
673 3313 854 3367 ὁμοούξιον
871 3319 942 3357 τοῖς
969 3314 1102 3365 ἀνθρώ·

74 3381 170 3412 ποις,
202 3368 248 3409 ὡς
266 3366 443 3417 ἄνθρωπον
467 3365 498 3409 εξ
525 3365 730 3416 ἀνθρώπων
760 3366 835 3403 οἰδα
866 3365 922 3403 τὸν
954 3367 1104 3418 Χριστὸν

1178 2010 1268 2034 eam.
1288 1998 1361 2035 Nos
1376 1998 1479 2036 vobis
1496 2013 1718 2052 nequaquam
1739 2002 1954 2048 invidemus,
1971 2015 2011 2042 ut
2027 2021 2088 2056 qui
2106 2021 2169 2059 po-

1178 2058 1306 2087 stremo
1334 2051 1530 2101 veneritis,
1550 2062 1582 2090 et
1610 2054 1740 2103 quibus
1769 2064 1885 2093 tamen
1914 2057 2034 2095 eadem
2059 2060 2170 2110 gloria

1177 2102 1361 2140 nobiscum
1393 2104 1597 2150 obvenerit;
1633 2106 1696 2143 sed
1728 2121 1809 2144 cum
1840 2109 1915 2159 ejus
1947 2113 2170 2150 consortibus

1177 2164 1359 2205 tamquam
1382 2170 1463 2193 eum
1489 2157 1660 2196 fratribus
1682 2160 1903 2198 exsultamus
1918 2191 1928 2209 ,
1958 2172 2063 2213 atque
2083 2179 2170 2215 gra-

1176 2208 1360 2256 tulamur,
1389 2218 1421 2246 et
1449 2210 1599 2248 salutem
1627 2221 1810 2260 vestram,
1836 2223 1991 2252 nostram
2019 2216 2171 2266 gloriam

1176 2261 1403 2299 arbitramur.
1428 2263 1553 2313 Itaque
1569 2278 1665 2313 eum,
1683 2265 1741 2316 qui
1763 2266 1903 2303 vocavit
1919 2281 2004 2314 vos,
2028 2269 2170 2307 adama-

1175 2322 1231 2351 te:
1249 2314 1398 2366 accipite
1414 2314 1531 2353 facilis
1550 2317 1585 2354 in
1611 2317 1753 2355 vineam
1780 2318 1959 2369 ingressus
1980 2331 2116 2359 eertum
2136 2333 2171 2360 et

1174 2367 1302 2404 erroris
1336 2367 1493 2405 nescium
1523 2369 1679 2418 ducem,
1714 2370 1851 2408 fidem:
1883 2372 1971 2409 fides
2003 2374 2097 2412 enim
2125 2375 2171 2413 ad

1173 2419 1342 2471 baptismi
1376 2421 1550 2471 piscinam
1581 2423 1682 2472 quasi
1720 2424 1877 2474 optimus
1912 2425 2037 2463 ductor
2072 2427 2170 2466 viam

1172 2481 1366 2520 monstrat3
1388 2473 1492 2523 fides,
1509 2484 1641 2511 naturae
1665 2476 1818 2513 anchora
1838 2480 2170 2531 tempestatejaeta—

1171 2533 1215 2562 tae
1246 2541 1253 2561 :
1282 2524 1393 2574 fides,
1425 2526 1572 2563 humani
1600 2528 1737 2578 generis
1764 2530 1984 2579 tranquillus
2016 2542 2168 2584 portus;

1172 2577 1259 2615 fides
1277 2607 1287 2625 ,
1323 2591 1446 2615 eorum
1471 2593 1550 2629 quse
1582 2580 1648 2616 sub
1675 2580 1797 2618 oculos
1829 2582 1976 2620 minime
2008 2585 2141 2623 cadunt
2159 2618 2168 2633 ,

1170 2630 1400 2682 splendidum
1417 2631 1625 2682 speculum,
1644 2632 1745 2682 fides,
1758 2635 2070 2675 consubstantialis
2088 2639 2168 2676 Tri-

1170 2683 1291 2720 nitatis
1312 2682 1436 2720 doctor
1456 2693 1601 2721 exactus
1616 2700 1626 2733 3
1642 2685 1744 2731 fides,
1765 2695 1803 2723 ut
1818 2687 1881 2724 illa
1900 2689 2012 2726 saluta
2021 2690 2072 2728 ria
2088 2705 2170 2728 ver-

1170 2735 1215 2772 ba
1247 2736 1510 2787 proferremus,
1541 2737 1683 2774 essecit:
1708 2738 1823 2776 Credo
1852 2740 1887 2777 in
1916 2756 2027 2780 unum
2054 2745 2171 2782 Deum

1171 2788 1312 2825 Patrem
1333 2788 1622 2840 omnipotentem.
1639 2790 1768 2840 Credo,
1788 2806 1855 2829 non
1873 2803 2032 2832 scrutor:
2051 2797 2169 2841 credo,

1171 2854 1238 2877 non
1259 2855 1453 2892 prosequor
1472 2841 1512 2879 id
1534 2842 1632 2892 quod
1652 2845 1904 2896 comprehendi
1927 2861 1995 2884 non
2026 2858 2138 2900 potest
2159 2867 2166 2886 ι

1171 2892 1274 2930 credo
1290 2923 1298 2936 ,
1314 2907 1381 2930 non
1405 2894 1530 2931 metior
1546 2895 1584 2932 id
1603 2896 1698 2946 quod
1716 2897 1931 2936 immensum
1945 2910 2009 2937 est.
2032 2902 2069 2938 Si
2088 2916 2167 2940 cre—

1169 2945 1264 2993 dam,
1286 2955 1403 2983 mente
1420 2946 1633 2997 illuminor3
1653 2949 1682 2986 si
1699 2950 1838 2987 curiose
1859 2951 2053 3002 inquiram,
2076 2963 2169 2992 tene-

1168 2998 1250 3035 bras
1270 2998 1397 3036 rationi
1416 3013 1502 3037 meae
1518 3000 1667 3039 offundo
1685 3017 1692 3038 :
1715 3002 1744 3039 si
1764 3012 1856 3040 reete
1877 3004 2030 3053 credam,
2051 3006 2088 3043 in
2103 3022 2168 3044 οω-

1169 3051 1243 3088 lum
1274 3051 1440 3097 attollor;
1463 3053 1493 3089 si
1519 3053 1657 3092 curiose
1685 3070 1868 3105 quaeram,
1900 3058 2101 3110 praecipitor
2132 3060 2166 3097 in

1170 3103 1398 3155 profundum.
1425 3105 1539 3143 Credo
1568 3107 1604 3144 in
1633 3122 1744 3145 unum
1771 3123 1812 3146 ac
1844 3109 1958 3147 solum
1982 3126 2105 3148 verum
2135 3122 2167 3148 et

1171 3158 1285 3194 Deum
1309 3166 1343 3193 et
1371 3158 1511 3195 Patrem
1539 3160 1830 3212 omnipotentem.
1856 3163 1948 3199 Deos
1978 3178 1996 3200 a
2020 3164 2166 3214 paganis

1171 3223 1233 3260 per
1257 3223 1414 3247 errorem
1440 3212 1608 3249 confictos
1634 3213 1794 3264 abnego:
1816 3228 1883 3251 uon
1915 3214 2009 3251 euim
2039 3216 2165 3252 caelum

1172 3261 1296 3299 incolit
1330 3263 1527 3301 multitudo
1554 3264 1718 3302 deorum.
1746 3267 1867 3303 Unum
1901 3266 2016 3303 solum
2047 3269 2163 3305 Deum

1173 3314 1328 3352 celebro:
1346 3315 1589 3353 Arianismum
1606 3317 1663 3354 odi
1685 3333 1691 3353 ε
1710 3332 1784 3359 non
1800 3317 1893 3361 dieo,
1906 3317 1992 3356 Erat
2011 3328 2163 3371 tempus,

1175 3381 1254 3405 cum
1275 3381 1344 3405 non
1368 3377 1441 3406 erat
1466 3370 1587 3416 Pater,
1612 3369 1673 3408 scd
1700 3371 1837 3418 Deum,
1859 3384 1996 3421 semper
2015 3373 2132 3410 Deum
2151 3403 2161 3421 ,

2196 549 2308 578 Jtsattlz¹

2201 592 2245 619 15.

2330 560 2380 579 20.

2199 1021 2379 1062 1.C0r.2,9.
