2481 3678
293 229 385 289 4(ιῦ
757 248 794 277 s.
831 248 1014 278 sommis
1049 246 1293 277 eunrsos'r.

292 342 396 365 mam
418 341 504 365 eam
524 344 533 363 :
554 329 617 366 16.
641 337 675 366 et
696 343 805 367 nemo
821 330 923 367 tollit
947 344 1033 367 eam
1050 343 1074 367 a
1099 343 1168 367 me.
1196 329 1281 380 Ego

288 403 391 440 pono
409 404 496 427 eam
510 403 535 427 (ι
555 392 710 442 meipso.
726 392 963 428 Potestacem
979 392 1100 428 haheo
1111 390 1283 443 ponendi

291 454 465 488 animam
491 466 630 497 meam,
655 460 690 489 et
707 461 936 503 potestatem
956 453 1079 490 habeo
1105 451 1283 490 sumendi

290 526 390 550 eam..
428 512 508 549 hia
524 512 618 550 enim
641 526 733 564 saepe
744 512 931 550 consilium
949 513 1098 550 inierant
1115 522 1155 550 ut
1177 513 1280 550 illum

290 572 537 621 interficerent⁷
571 572 659 609 dicit
690 588 698 608 ε
732 575 792 611 Me
821 573 974 623 nolente,
1015 574 1152 612 inutilis
1180 574 1281 611 labor

290 643 404 671 vester
429 634 511 682 crit;
550 643 583 671 et
609 648 628 671 a
659 634 771 686 priori
804 633 1000 672 seeundum
1030 635 1228 684 confirmat,
1260 649 1281 672 a

290 703 401 731 morte
431 694 732 732 resurrectionem.
769 695 844 733 Hoc
871 695 967 733 enim
983 695 1201 748 stupendum
1216 695 1281 733 ad-

288 755 563 806 mirandumque
593 765 656 794 est.
679 756 822 794 Etenim
842 767 1034 808 utrumque
1061 772 1193 795 novum
1214 757 1283 795 fnit

289 824 321 852 et
338 825 466 867 practer
484 831 706 854 communem
724 817 1024 855 consuetudinem.
1047 818 1152 856 Dicto
1171 818 1281 868 igitur

139 881 274 908 Christus
289 875 476 928 diligenter
491 877 724 916 attendamus.
741 880 980 916 Potestatem
995 881 1130 925 habeo,
1151 879 1280 930 inquit,

86 933 152 1001 331⁰(
150 923 257 991 Τιέῗέηι
287 939 460 988 ponendi
474 941 649 976 animam
670 954 809 977 meam.
836 939 969 990 Ecquis
984 949 1188 992 potestatem
1211 955 1280 978 non

87 1006 173 1052 '¹³¹¹'⁰².
222 1015 275 1042 po-
291 999 419 1036 habeat
449 999 601 1051 ponendi
644 1000 799 1037 animam
831 1001 956 1038 suam?
997 1001 1159 1051 Quisque
1186 1001 1280 1038 enim

85 1047 275 1115 glssssslffim‘
290 1069 402 1111 potest
444 1075 480 1098 se
518 1061 729 1098 interimere.
769 1063 906 1100 Verum
946 1076 1015 1098 non
1060 1061 1128 1099 hoc
1175 1076 1279 1100 sensu

85 1131 223 1157 animam.
288 1120 456 1171 loquitur.
483 1122 672 1169 Quomodo
702 1122 811 1172 ergo?
844 1123 898 1159 Ita
926 1132 1134 1174 potestatem
1165 1123 1279 1161 habeo

287 1182 439 1233 ponendi
460 1196 547 1229 eam,
557 1190 596 1219 ut
612 1196 714 1219 nemo
734 1182 842 1234 possit
862 1196 918 1219 me
931 1183 1070 1220 nolente
1096 1183 1133 1220 id
1153 1183 1278 1221 faeere.

285 1244 396 1281 Seeus
415 1253 533 1281 autem
550 1244 665 1281 caeteri
680 1244 853 1281 homines.
868 1246 940 1282 Nos
963 1244 1055 1282 enim
1072 1253 1280 1297 potestatem

286 1320 355 1343 uon
372 1306 545 1342 habemus
562 1305 719 1342 animam
734 1306 906 1357 ponendi,
926 1306 992 1344 nisi
1009 1305 1202 1344 occidendo
1216 1321 1279 1345 nos

286 1368 397 1419 ipsos.
421 1367 457 1405 Si
478 1367 642 1404 autemin
664 1366 888 1405 insidiatores
908 1367 1118 1421 incidamus,
1139 1368 1202 1419 qui
1223 1383 1278 1407 oe-

287 1428 402 1466 cidere
414 1429 562 1480 possint,
585 1443 655 1467 non
672 1428 764 1467 ultra
787 1438 997 1481 potestatem
1011 1430 1184 1467 habemus
1210 1445 1277 1482 po-

286 1490 404 1539 nendi,
424 1504 549 1539 neene3
567 1489 629 1528 sed
661 1490 786 1529 invitis
823 1490 924 1527 nobis
953 1490 1006 1527 illi
1027 1489 1206 1528 occidunt.
1235 1490 1278 1527 In

287 1552 429 1589 Christo
449 1565 546 1589 secus
564 1566 571 1588 ε
588 1566 671 1589 nam
686 1551 766 1589 aliis
783 1550 1050 1598 insidiantibus,
1069 1560 1205 1603 poterat
1218 1551 1279 1590 ille

288 1629 356 1652 non
379 1629 509 1667 ponere
533 1614 700 1652 animam.
733 1614 826 1652 Cum
852 1614 1001 1651 dixisset
1031 1626 1127 1665 ergo,
1156 1616 1278 1652 Nemo

289 1677 392 1713 tollit
411 1690 496 1713 eam
531 1690 556 1713 (ι
587 1690 671 1720 me,-
703 1674 859 1725 addidit,
891 1677 1129 1713 Potestalem
1155 1677 1279 1714 habeo

285 1738 456 1788 ponendi
471 1739 645 1774 animam
666 1750 818 1780 meam;
841 1735 878 1773 id
892 1745 954 1785 est,
979 1736 1056 1789 Ego
1077 1737 1175 1773 solus
1193 1751 1278 1788 pos-

287 1813 367 1836 sum
382 1812 513 1850 ponere
531 1798 629 1835 illam
651 1813 658 1834 t
679 1797 774 1848 quod
790 1798 892 1836 vobis
906 1812 973 1835 non
994 1799 1174 1850 competit.
1187 1800 1279 1837 Nam

289 1860 395 1897 multi
414 1859 474 1896 alii
495 1868 643 1912 possunt
658 1859 816 1896 animam
831 1859 931 1897 nobis
942 1859 1114 1912 abripere.
1130 1860 1200 1898 Sed
1212 1860 1280 1899 hoc

288 1921 322 1958 in
340 1920 518 1973 principio
541 1935 609 1957 non
631 1920 743 1968 dixit3
772 1934 884 1971 neque
916 1921 1010 1958 enim
1039 1920 1075 1958 id
1105 1921 1280 1959 creditum

288 1983 428 2031 suisset,
451 1981 512 2018 sed
528 1995 609 2017 cum
629 1995 673 2018 ex
693 1981 800 2018 rebus
821 1981 907 2033 ipsis
918 1982 1158 2020 testimonium
1183 1997 1278 2020 acce—

288 2043 352 2095 pit7
372 2058 412 2080 ae
431 2057 523 2095 saepe
541 2042 749 2080 insidiantes
774 2056 842 2080 non
867 2052 1057 2095 potuerunt
1077 2058 1158 2081 eum
1177 2058 1277 2082 com—

289 2104 744 2157 prehendere(frequenter
773 2103 867 2141 enim
885 2119 929 2142 ex
960 2105 1125 2142 manibus
1157 2120 1280 2143 eorum

289 2167 427 2218 elapsus
447 2170 527 2215 est);
550 2175 633 2203 tunc
652 2165 799 2203 demum
825 2166 898 2204 ait:
919 2168 1041 2204 Nemo
1065 2168 1167 2204 tollit
1193 2181 1280 2204 eam

290 2243 315 2265 a
332 2243 403 2264 me.
427 2227 465 2264 Si
482 2227 548 2264 hoc
566 2241 691 2265 verum
709 2235 773 2269 est,
794 2226 879 2263 hinc
898 2227 1058 2277 sequitur
1070 2242 1151 2264 eum
1168 2227 1279 2265 liben-

290 2298 343 2326 ter
368 2288 414 2326 ad
441 2289 509 2326 hoc
528 2288 693 2338 venisse3
729 2287 880 2339 indeque
912 2289 1156 2338 confirmatur,
1176 2290 1280 2328 illum

291 2365 392 2402 posse
411 2365 492 2387 eum
505 2350 658 2389 voluerit
673 2363 750 2386 cam
768 2363 956 2388 resumere.
972 2351 1061 2388 Nam
1078 2350 1105 2387 si
1128 2351 1174 2388 ita
1190 2352 1280 2389 mori

291 2413 372 2464 plus
391 2426 498 2462 quam
516 2412 714 2449 humanum
743 2419 806 2459 est,
835 2411 880 2448 de
907 2411 1042 2461 reliquo
1067 2426 1110 2449 ne
1127 2412 1278 2451 dubites.

292 2473 433 2510 Etenim
445 2487 526 2510 cum
546 2473 641 2510 sotus
653 2472 699 2510 sit
716 2472 827 2510 vitam
840 2472 993 2524 ponendi
1004 2473 1185 2523 dominus,
1200 2489 1281 2512 cum

293 2535 411 2572 endem
422 2544 589 2586 potestate
604 2534 704 2571 illam
718 2535 961 2572 cumvoluerit
971 2544 1134 2572 resumet.
1149 2535 1278 2575 Viden'

294 2596 470 2646 quomodo
488 2611 507 2632 a
522 2595 630 2647 priori
648 2595 842 2633 seeundum
856 2595 997 2646 probet,
1019 2605 1083 2633 eta
1098 2606 1210 2634 morte
1228 2611 1282 2635 re-

92 2674 182 2699 ,γ,.(,,,,
210 2679 256 2699 12,
295 2657 547 2694 surrectionem
576 2657 813 2694 indubitatam
834 2657 1018 2695 ostendat?
1040 2660 1126 2696 Hoc
1142 2672 1284 2711 proece-

92 2716 144 2751 (0¹)-
294 2727 402 2769 plum
421 2721 550 2769 accepi
570 2733 593 2755 (ι
610 2721 743 2756 Patre.
759 2718 979 2766 Quodnam?
1000 2721 1049 2757 Ut
1069 2720 1201 2757 moriar
1220 2735 1283 2773 pro

297 2782 442 2820 mundo.
468 2784 562 2819 Num
594 2783 812 2835 exspectavit
830 2783 941 2821 donec
959 2783 1118 2833 audiret,
1141 2795 1173 2822 et
1195 2795 1280 2823 tunc

294 2843 483 2895 acquievit,
500 2852 531 2880 et
552 2858 595 2880 au
616 2858 704 2895 opus
733 2845 860 2882 babuit
889 2844 1052 2883 discere?
1072 2846 1206 2897 Ecquis
1229 2861 1282 2884 sa-

295 2921 361 2944 uus
376 2906 442 2943 hoc
459 2905 617 2942 dixerit?
633 2907 769 2943 Verum
791 2916 829 2944 ut
850 2921 957 2958 supra
971 2922 1052 2944 cum
1068 2907 1170 2955 dicit,
1186 2910 1283 2946 Pro-

292 2976 425 3018 pterea
439 2980 498 3002 me
518 2967 637 3002 Pater
659 2967 798 3017 diligit,
817 2967 966 3004 liberam
981 2967 1134 3006 ostendit
1151 2969 1282 3007 volun-

297 3039 414 3077 tatem,
430 3038 463 3065 et
477 3027 690 3065 contrariam
699 3029 830 3066 amovit
845 3029 1101 3081 suspicionem:
1115 3031 1165 3068 sie
1175 3040 1207 3068 et
1218 3032 1284 3069 hoc

297 3094 372 3130 loco
387 3107 467 3130 cum
482 3090 570 3129 dicit
584 3104 621 3127 se
638 3099 853 3142 przeceptum
867 3093 1044 3143 accepisse
1062 3108 1080 3131 a
1093 3094 1207 3144 Patre,
1225 3095 1282 3133 ni-

298 3154 347 3191 hil
367 3153 467 3191 aliud
482 3152 652 3202 declarat,
667 3166 775 3201 quam
799 3152 892 3189 Patri
911 3153 1049 3204 placere
1075 3155 1171 3206 quod
1211 3155 1286 3208 ipse

297 3217 397 3265 sncit3
419 3230 461 3253 ne
484 3213 642 3252 occisum
664 3221 782 3264 postea
812 3212 928 3262 illum,
949 3228 967 3251 a
995 3216 1098 3253 Patre
1120 3225 1284 3267 putarent

1335 245 1540 275 Anulum).
1578 245 1940 276 CoNsTAix'rmot’.

1295 326 1342 352 351³
1372 328 1381 341 ³

1354 327 1541 380 ειρήκαμεν
1559 326 1685 373 αἰτίαν,
1706 327 1765 365 καὶ
1787 328 1892 366 πάλιν
1909 327 1951 367 τὰ
1974 328 2061 366 αὐτὰ
2091 328 2202 380 λέγειν
2220 331 2376 381 περιττὸν

1353 405 1411 427 και
1429 388 1589 441 ἐπαχθές.
1614 387 1709 441 Εγω
1728 388 1850 440 τίθημι
1868 388 1931 435 τὴν
1957 389 2072 442 ψυχήν
2094 405 2173 440 μου,
2194 389 2250 428 ἵνα
2273 392 2378 430 πάλιν

1351 450 1450 489 λάοω
1475 450 1606 497 αὐτήν·
1627 450 1686 489 καὶ
1706 450 1816 493 οὐδεὶς
1835 449 1926 503 αἴρει
1946 451 2053 498 αὐτην
2077 453 2136 488 ἀπ’
2157 453 2255 502 ἐμοῦ.
2283 453 2378 505 Εγὼ

1350 512 1473 563 τίθημι
1493 512 1598 560 αὐτὴν
1623 514 1684 550 ἀπ’
1709 513 1871 563 ἓμαυτου.
1893 512 1953 549 '12''
1940 512 2076 557 ςουσίαν
2099 512 2170 565 ἔχω
2187 517 2237 551 θε
2228 530 2295 551 ιναι
2316 514 2379 561 τὴν

1350 575 1466 627 ψυχήν
1489 591 1552 626 μου
1566 603 1575 620 ,
1596 575 1655 613 καὶ
1680 574 1835 619 ἐξουσίαν
1853 573 1923 626 ἔχω
1943 575 2064 612 λαὸεῖν
2094 575 2212 621 αὐτήν.
2231 575 2379 623 Ἐπειδὴ

1350 636 1417 690 γὰρ
1445 636 1613 679 πολλάκις
1647 636 1869 675 ἐδουλεύοντο
1897 634 1998 673 αὐτὸν
2025 637 2168 684 ἀνελεῖν,
2194 637 2306 688 λέγει,
2325 637 2380 676 ὅτι

1352 698 1400 749 μὴ
1439 697 1647 749 βουλομένου
1671 700 1774 748 ἐμοῦ,
1807 696 1970 743 ἀνόνητος
1996 699 2077 747 ὑμῖν
2101 699 2194 735 ἐστιν
2214 701 2231 735 ὁ
2252 697 2355 742 πόνος
2371 714 2378 721 ·

1351 759 1410 798 καὶ
1429 761 1469 798 ἐκ
1490 765 1549 798 τοῦ
1578 759 1746 813 προτέρου
1770 759 1809 797 τὸ
1831 758 1988 811 δεύτερον
2011 759 2283 805 κατασκευάζει,
2311 760 2381 799 ἀπὸ

1349 824 1410 859 τοῦ
1443 821 1588 859 θανάτου
1609 821 1672 867 τὴν
1695 820 1895 859 ἀνάστασιν.
1913 822 2029 858 Τοῦτο
2047 819 2114 873 γάρ
2134 821 2209 858 ἐστι
2235 820 2274 858 τὸ
2296 823 2374 857 θαυ-

1353 882 1485 933 μαστὸν
1519 883 1578 920 καὶ
1608 882 1814 935 παράδοξον.
1850 882 1918 920 Καὶ
1947 881 2014 934 γὰρ
2042 880 2222 934 ἀμφότερα
2253 884 2381 924 καινῶς

1350 943 1469 994 γέγονε
1482 974 1491 990 ,
1511 943 1571 981 καὶ
1591 943 1675 995 ὑπὲρ
1694 944 1758 991 τὴν
1785 943 1902 989 κοινὴν
1925 943 2118 990 συνήθειαν.
2140 942 2379 996 Προσέχωμεν

1352 1003 1387 1042 δὲ
1408 1004 1498 1055 μετὰ
1517 1005 1695 1056 ἀκριὸείας
1719 1009 1768 1058 τῷ
1789 1004 1987 1057 λεγομένῳ·
2010 1004 2193 1049 Ἰἰξουσίαν
2213 1004 2284 1057 ἔχω
2306 1008 2379 1042 θεῖ·

1351 1081 1431 1112 ναι,
1456 1065 1539 1118 φησὶ
1552 1097 1561 1113 ,
1581 1066 1644 1113 τὴν
1665 1067 1780 1119 ψυχήν
1799 1082 1876 1117 μου.
1894 1066 1963 1104 Καὶ
1981 1066 2032 1110 τίς
2056 1069 2117 1105 οὐκ
2137 1066 2210 1118 ἔχει
2225 1065 2380 1109 ἐξουσίαν

1353 1130 1460 1164 θεῖναι
1492 1126 1554 1173 τὴν
1585 1127 1699 1179 ψυχὴν
1726 1127 1789 1174 τὴν
1819 1131 1958 1174 ἑαυτοῧ;
1978 1127 2143 1180 Ἑκάστῳ
2168 1127 2236 1179 γὰρ
2259 1130 2379 1179 βουλο-

1354 1187 1447 1239 μένῳ
1475 1189 1617 1226 δυνατὸν
1644 1189 1765 1226 ἑαυτὸν
1783 1191 1929 1227 ἀνελεῖν.
1950 1189 2041 1226 Ἀλλ’
2063 1191 2127 1240 οὐχ
2145 1189 2232 1227 οὕτω
2254 1189 2358 1240 φησίν
2372 1205 2379 1212 ·

1354 1249 1445 1288 ἀλλὰ
1462 1253 1561 1297 πῶς,
1590 1248 1711 1292 Οὕτως
1738 1248 1893 1293 ἐξουσίαν
1926 1249 1997 1301 ἔχω
2026 1253 2154 1296 θεῖναι,
2179 1252 2224 1292 ὡς
2248 1250 2380 1300 μηδένα

1355 1313 1538 1359 δυνηθῆναι
1561 1311 1704 1355 ἄκοντος
1720 1313 1805 1362 ἐμοῦ
1828 1315 1930 1349 τοῦτο
1949 1314 2095 1358 ποιῆσαι
2111 1327 2119 1334 ·
2140 1310 2224 1363 ὅπερ
2244 1311 2302 1349 ἐπὶ
2321 1314 2380 1349 ἀν-

1354 1373 1501 1428 θρώπων
1521 1375 1581 1411 οὐκ
1607 1372 1667 1411 ἔνι.
1686 1373 1811 1424 (Ημεῖς
1826 1372 1893 1424 γὰρ
1921 1374 1984 1411 οὐκ
2007 1372 2131 1425 ἔχομεν
2147 1372 2303 1417 ἐξουσίαν
2319 1372 2382 1410 ἄλ-

1353 1437 1421 1478 λως
1440 1438 1568 1482 θεῖναι,
1587 1436 1663 1473 ἀλλ’
1682 1437 1901 1486 ἀναιροῦντες
1919 1433 2069 1477 ἑαυτούς.
2087 1436 2132 1472 Εἰ
2148 1433 2182 1472 δὲ
2199 1434 2382 1485 ἐμπίπτοι-

1353 1510 1413 1545 μεν
1437 1497 1484 1538 εἷς
1499 1494 1785 1539 ἐπιδουλεύοντάς
1804 1511 1899 1538 τινας
1915 1495 1974 1532 καὶ
1982 1495 2130 1571 κυρίους
2150 1497 2298 1541 ἀνελεῖν,
2319 1498 2380 1533 οὐκ

1352 1556 1404 1594 ἔτι
1419 1557 1545 1609 εχομεν
1561 1556 1717 1600 ἐξουσίαν
1737 1561 1797 1594 του
1812 1560 1920 1594 θεῖναι
1936 1572 1994 1594 και
2012 1555 2060 1608 μὴ
2072 1587 2081 1603 ,
2098 1555 2188 1594 ἀλλὰ
2204 1572 2262 1593 και
2282 1555 2382 1594 ἀκόν-

1352 1633 1420 1655 των
1447 1621 1549 1668 ἡμων
1571 1619 1695 1655 ἐκεῖνοι
1715 1617 1823 1664 αὐτὴν
1844 1619 2055 1670 ἀναιρουσιν.
2076 1616 2159 1655 Ἐπ’
2187 1619 2289 1655 αυτοῦ
2316 1617 2381 1656 ’δὲ

1353 1681 1417 1731 οὐχ
1435 1678 1565 1723 οὕτως·
1596 1678 1688 1717 ἀλλὰ
1713 1678 1772 1716 καὶ
1794 1677 1920 1731 ἑτερων
1947 1677 2241 1716 ἐπιὸουλευόντων
2265 1677 2382 1730 κύριος

1352 1744 1394 1787 ἠν
1414 1740 1514 1784 αὐτὸς
1534 1739 1582 1791 μὴ
1605 1743 1712 1778 θεῖναι
1734 1739 1852 1786 αὐτήν.
1873 1738 1994 1777 Εῖπων
2012 1743 2081 1785 οὐν,
2099 1738 2153 1778 ὅτι
2174 1738 2299 1782 Οὐδεις
2319 1740 2380 1777 αὖ·

1353 1800 1415 1848 τὴν
1448 1800 1539 1852 αἴρει
1566 1803 1626 1840 ἀπ’
1656 1803 1763 1851 ἐμου,
1783 1800 1862 1839 τότε
1885 1800 1999 1851 ἐπήγα
2002 1816 2081 1851 γέν
2104 1799 2328 1843 Ἰζξουσίαν”
2310 1816 2381 1852 εχι)

1354 1868 1463 1901 θεῖναι
1480 1863 1543 1910 τὴν
1563 1863 1677 1916 ψυχήν
1699 1879 1764 1914 μου
1778 1879 1786 1886 ·
1807 1862 1995 1911 τουτέστιν,
2016 1861 2084 1914 ἐγὼ
2106 1862 2206 1914 μόνος
2226 1862 2297 1913 εἰμὶ
2317 1862 2382 1900 κύ-

1357 1942 1425 1979 ριος
1453 1929 1513 1963 τοῦ
1544 1928 1652 1963 θεῖναι
1673 1925 1799 1972 αὐτήν·
1829 1924 1914 1978 ὅπερ
1934 1925 1986 1976 ἐφ’
2008 1926 2103 1976 ὑμῶν
2126 1927 2187 1962 οὐκ
2205 1925 2289 1963 ἔστι.
2314 1924 2382 1962 Καὶ

1353 1986 1421 2038 γὰρ
1452 1986 1512 2025 καὶ
1539 1987 1636 2025 ἄλλοι
1665 1985 1788 2025 πολλοὶ
1819 1985 1933 2039 κύριοι
1955 1988 2020 2025 εἶσι
2045 2002 2104 2024 του
2125 1985 2213 2024 λαὸε
2215 1992 2246 2023 ῖν
2275 1985 2381 2032 αυτὴν

1356 2050 1414 2101 ἀφ’
1446 2051 1562 2100 ἡμῶν.
1593 2047 1698 2086 Ἀλλὰ
1730 2063 1831 2086 τουτο
1853 2047 1949 2100 παρὰ
1967 2047 2031 2095 τὴν
2049 2047 2161 2100 ἀρχὴν
2183 2049 2245 2086 οὐκ
2263 2051 2381 2084 εἶπεν·

1355 2109 1431 2148 οὐδὲ
1453 2109 1520 2161 γὰρ
1549 2109 1690 2160 ἔμελλεν
1711 2113 1728 2148 ὁ
1755 2109 1854 2162 λογος
1876 2108 2073 2153 ἀξιόπιστος
2095 2112 2202 2147 εἶναι·
2224 2109 2302 2146 ἀλλ’
2324 2124 2380 2145 οτε

1353 2171 1417 2219 τὴν
1440 2172 1509 2210 ἀπο
1524 2188 1593 2209 των
1618 2172 1836 2224 πραγμάτιον
1861 2170 1965 2209 ἔλαὸε
1986 2170 2193 2224 μαρτυρίαν,
2212 2171 2271 2209 καὶ
2290 2173 2380 2210 πολ-

1353 2233 1454 2276 λάκις
1477 2232 1784 2276 ἒπιὲουλεύσαντες
1810 2235 1872 2271 οὐκ
1891 2232 2038 2284 ἴσχυσαν
2070 2233 2171 2270 αὐτὸν
2192 2239 2382 2285 κατασχεῖν

1355 2295 1437 2343 (καὶ
1459 2293 1527 2345 γὰρ
1556 2294 1694 2340 ἐξῆλθεν
1717 2296 1756 2332 ἐκ
1777 2298 1845 2332 τῶν
1872 2297 2000 2347 χειρῶν
2023 2295 2136 2331 αὐτῶν
2163 2294 2354 2347 μυριάκις)
2373 2312 2379 2318 ·

1354 2355 1431 2395 τότε
1460 2355 1580 2394 λοιπόν
1598 2370 1714 2407 φησιν,
1734 2355 1859 2398 Οὐδεὶς
1889 2354 1996 2401 αὐτὴν
2020 2354 2110 2406 αἴρει
2139 2356 2198 2392 ἀπ’
2220 2356 2315 2406 ἐμοῦ.
2341 2357 2382 2393 Ei

1356 2417 1391 2456 δὲ
1413 2420 1514 2455 τοῦτο
1532 2416 1655 2463 ἀληθὲς
1667 2447 1676 2464 ,
1696 2417 1836 2454 κάκεῖνο
1855 2416 1997 2463 ἕπεται,
2013 2416 2052 2454 τὸ
2067 2415 2190 2454 ἑκόντα
2209 2415 2265 2454 ἐπὶ
2282 2421 2382 2454 τοῦτο

1355 2479 1529 2531 ἔρχεσθαι.
1559 2477 1694 2516 Τούτου
1726 2477 1760 2515 δὲ
1790 2477 1885 2521 ὄντος
1918 2478 2082 2525 ἀληθοῦς,
2118 2480 2257 2515 κάκεῖνο
2303 2493 2382 2515 συν-

1357 2542 1494 2589 ε’στηκε,
1512 2540 1552 2579 τὸ
1570 2539 1675 2588 ἡνίκα
1695 2539 1735 2577 ἂν
1753 2541 1905 2591 βουληθῇ
1922 2539 2041 2577 λαὸεῖν
2063 2538 2184 2587 αὐτὴν,
2197 2541 2380 2587 δυνηθῆναι

1356 2603 1474 2641 παλιν.
1501 2603 1544 2640 Εἰ
1564 2602 1631 2655 γὰρ
1649 2618 1688 2639 το
1704 2604 1887 2639 ἀποθανεῖν
1911 2599 2064 2652 μεῖζον
2045 2618 2067 2647 η
2090 2600 2180 2639 κατὰ
2200 2601 2379 2653 ἄνθρωπον

1357 2669 1412 2712 ἠν,
1433 2663 1521 2715 μηδὲ
1540 2664 1620 2715 περὶ
1638 2661 1765 2701 ἐκείνου
1783 2663 1903 2702 λοιπον
1922 2663 2136 2715 ἀμφιὸαλλε.
2161 2663 2213 2701 Ιὸ
2230 2663 2297 2715 γὰρ
2320 2666 2380 2700 αὐ-

1357 2741 1415 2765 τον
1446 2725 1547 2776 μόνον
1575 2729 1661 2763 εἶναι
1690 2725 1808 2777 κύριον
1824 2730 1883 2762 τοῦ
1909 2724 1973 2771 τὴν
1992 2725 2106 2777 ψυχὴν
2129 2729 2289 2777 ἀφεῖναι,
2310 2726 2379 2764 δει-

1357 2803 1457 2827 κνυσι
1488 2786 1547 2825 καὶ
1577 2802 1637 2825 του
1667 2786 1789 2824 λαῧεῖν
1821 2788 1928 2833 αυτὴν
1963 2787 2078 2839 κύριον
2112 2787 2194 2824 ὄντα
2225 2788 2294 2825 ἀπο
2318 2803 2380 2833 της

1357 2850 1463 2893 αὐτῆς
1479 2846 1642 2892 ἐξουσίας.
1663 2846 1771 2899 Ὁρᾷς
1790 2849 1863 2890 πῶς
1883 2846 1951 2885 ἀπὸ
1978 2852 2037 2885 τοῦ
2057 2845 2225 2898 προτέρου
2246 2846 2285 2884 τὸ
2303 2846 2379 2884 356-

1355 2926 1453 2965 τερον
1474 2908 1752 2956 Ωκατεσκεύασε,
1782 2909 1841 2946 καὶ
1870 2909 1939 2946 ἀπὸ
1971 2913 2029 2946 τοῦΙ
2059 2908 2205 2946 Θανάτου
2234 2907 2293 2946 καὶ
2317 2907 2379 2954 τὴν

1357 2972 1547 3011 ἀνάστασιν
1561 2969 1683 3013 ἔδειξεν
1701 2969 2035 3021 ἀναμφισὸήτητον;
2053 2969 2196 3016 Ιαύτην
2211 2969 2274 3015 τὴν
2293 2972 2381 3007 ἐντο-

1355 3033 1419 3081 λὴν
1446 3031 1569 3071 ἔλαὸον
1598 3029 1696 3084 παρὰ
1715 3046 1774 3068 του
1794 3030 1947 3083 Πατρός.
1971 3030 2083 3068 Ποίαν
2104 3030 2144 3077 δὴ
2162 3030 2308 3077 ταύτην,
2330 3030 2383 3068 'lb

1358 3095 1571 3134 ἀποθανεῖν
1559 3092 1622 3131 υπὲ
1610 3108 1646 3144 ρ
1665 3108 1723 3130 του
1743 3092 1886 3142 κόσμου.
1913 3094 1982 3144 Ap'
2005 3095 2062 3130 οὖν
2085 3091 2261 3142 ἀνέμεινεν
2277 3093 2382 3129 ἀκοῦ-

1359 3173 1417 3195 σαι
1433 3156 1612 3208 πρότερον,
1633 3154 1690 3192 καὶ
1711 3153 1788 3191 τότε
1816 3153 1944 3202 είλετο,
1965 3170 2025 3192 και
2044 3153 2183 3199 ἐοέησεν
2204 3151 2288 3189 αὐτὸ
2311 3169 2379 3203 μα

1360 3222 1447 3264 οεἷν;
1474 3216 1542 3256 Καὶ
1567 3215 1619 3260 τίς
1640 3215 1679 3253 ἂν
1697 3220 1797 3254 τοῦτο
1813 3219 1890 3252 νοῦν
1911 3215 2000 3267 ἔχων
2021 3215 2131 3261 εἴποι,
2154 3213 2244 3251 Ἀλλ’
2264 3213 2382 3266 ὥσπερ

297 3278 504 3316 derelictum
542 3285 575 3313 et
609 3273 804 3327 proditum,
832 3288 893 3312 nec
934 3276 1207 3327 exprobrarent,
1247 3288 1284 3317 ut
1309 3288 1332 3317 E
1360 3278 1522 3330 ἀνωτέρω
1543 3276 1661 3324 εἰπὼν,
1681 3275 1747 3315 Διὰ
1768 3276 1869 3314 τοῦτό
1888 3293 1930 3327 με
1954 3279 1971 3315 ὁ
1997 3275 2123 3327 Πατὴρ
2152 3277 2295 3327 ἀγαπᾷ,
2318 3276 2381 3323 τὴν

348 3394 358 3406 ⁸
387 3394 430 3433 [ι’,ὲ
444 3391 634 3423 addidimus
651 3402 668 3422 e
685 3389 786 3423 Savil.
807 3398 834 3421 et
863 3389 971 3424 (Jodd.
992 3392 1066 3430 705,
1087 3394 1179 3433 7094

349 3457 358 3468 ··
384 3444 497 3476 noret.
518 3452 546 3475 ct
567 3442 700 3486 quidam
724 3447 935 3487 παρεσκεύασε.
956 3442 1054 3476 Savit.
1082 3451 1112 3475 et
1136 3443 1190 3476 «ἰΙίἰ
1223 3460 1311 3478 mre-

1380 3397 1511 3427 σιεύκτε.
