2481 3678
706 199 749 227 lx
787 198 993 228 soni-<EM
1032 195 1186 226 uomit.
1227 195 1317 224 xxx
1352 179 1411 223 al.
1452 194 1575 223 xxix.

104 304 145 326 πε
153 288 219 327 ινὸν
235 291 294 334 τῆς
310 286 458 329 διανοίας
478 287 589 323 αὐτῶν
606 285 825 324 καταὸαίνων
844 284 903 322 καὶ
921 283 1030 334 λέγων
1045 297 1051 305 ·
1072 283 1125 319 Οὐ

103 350 170 400 γὰρ
190 351 229 387 ἐκ
249 348 375 400 μέτρου
401 347 540 385 δίδωσιν
567 349 584 384 ὁ
615 347 703 390 Θεὸς
732 346 772 384 τὸ
801 347 962 395 Πνεῦμα.
998 342 1124 387 Πάλιν,

103 410 188 462 ὅπερ
206 410 303 462 ἔφην,
323 409 379 446 ἐπὶ
398 409 438 447 τὸ
458 408 698 459 ταπεινότερον
728 407 805 458 ἄγει
830 407 887 446 τὸν
907 405 1020 457 λόγον,
1041 417 1124 440 ποι-

103 471 232 508 κίλλων
254 469 356 508 αὐτὸν
375 468 435 507 καὶ
456 468 713 520 εὐπαράδεκτον
732 470 841 506 ποιῶν
861 471 932 509 τοῖς
963 463 1126 503 ἀκούουσι

103 532 196 570 τότε.
216 533 268 569 Οὐ
282 530 350 582 γὰρ
365 525 408 576 ἦν
426 530 541 573 ἄλλως
553 531 682 583 ἐπᾶραι
693 529 752 568 καὶ
767 528 912 573 αὐξῆσαι
932 526 990 564 τὸν
1006 522 1124 576 φόὸον.

103 594 148 631 Εἰ
167 592 228 643 μὲν
247 591 313 642 γάρ
335 607 368 629 τι
387 592 467 643 περὶ
495 593 599 629 αὐτοῦ
619 585 693 630 εἷπε
714 589 805 641 μέγα
822 588 880 626 καὶ
900 586 1043 638 ὑψηλὸν,
1063 586 1125 622 οὔκ

104 653 143 691 ἂν
162 653 382 700 ἐπίστευσαν,
399 653 489 692 ἀλλὰ
508 652 567 691 καὶ
584 651 844 705 κατεφρόνησαν
865 650 918 686 ἄν.
937 647 1006 686 Διὰ
1023 649 1125 684 τοῦτο

103 714 160 752 ἐπὶ
176 714 234 752 τὸν
253 715 398 766 Πατέρα
414 714 534 766 ἀνάγει
549 713 588 752 τὸ
603 720 685 760 πᾶν,
705 712 810 751 πάλιν
829 713 874 753 ὡς
893 709 973 761 περὶ
993 707 1125 759 ἀνθρώ-

103 791 169 813 που
201 779 261 813 τοῦ
288 778 440 828 Χριστοῦ
467 776 553 819 τέως
580 773 831 825 διαλεγόμενος.
858 770 905 809 Τί
926 770 962 808 δέ
989 772 1081 808 ἐστιν
1108 767 1128 806 ὅ

104 852 222 889 φησιν,
252 839 330 875 Οὐκ
358 840 397 875 ἐκ
423 840 548 888 μέτρου
577 836 714 874 δίδωσιν
733 836 751 871 ὁ
770 833 860 876 Θεὸς
888 831 927 869 τὸ
954 833 1126 881 Πνεῦμα,

104 898 211 937 Θέλει
231 898 354 944 δεῖξαι,
376 899 428 936 ὅτι
446 898 572 941 πάντες
589 901 690 948 ἡμεῖς
711 894 828 946 μέτρῳ
848 892 911 940 τὴν
930 896 990 931 τοῦ
1009 891 1126 930 Πνεύ-

105 974 212 1009 ματος
237 958 409 1010 ἐνέργειαν
428 958 599 1009 ἐλάὸομεν
612 973 619 981 ·
636 958 785 1006 Πνεῦμα
812 954 879 1007 γὰρ
898 955 1043 992 ἐνταῦθα
1062 951 1125 999 τὴν

104 1019 276 1072 ἐνέργειαν
296 1020 407 1072 λέγει·
428 1018 516 1066 αὕτη
533 1018 600 1071 γάρ
617 1020 710 1056 ἐστιν
733 1022 754 1065 ἡ
780 1015 987 1069 μεριζομένη
1002 1032 1010 1039 ·
1031 1010 1127 1057 οῦτος

108 1081 142 1118 δὲ
160 1081 354 1134 ἀμέτρητον
370 1082 442 1133 ἔχει
458 1081 516 1120 καὶ
531 1081 719 1132 ὁλόκληρον
730 1086 846 1118 πᾶσαν
862 1078 924 1126 τήν
941 1077 1127 1129 ἐνέργειαν.

106 1143 152 1180 Εἰ
180 1141 215 1179 δὲ
233 1145 255 1189 ἡ
275 1142 430 1194 ἐνέργεια
452 1144 554 1180 αὐτοῦ
576 1142 789 1193 ἀμέτρητος,
809 1141 929 1191 πολλῷ
950 1139 1082 1190 μᾶλλον
1104 1141 1126 1184 ἢ

104 1201 216 1241 οὐσία.
237 1201 345 1254 Ὁρᾷς
365 1203 425 1240 καὶ
449 1202 488 1240 τὸ
507 1203 654 1252 Πνεῦμα
674 1202 840 1253 ἄπειρον,
859 1200 903 1239 Ὁ
922 1199 1035 1237 τοίνυν
1055 1205 1128 1236 πᾶ-

104 1279 166 1301 σαν
183 1269 243 1302 τοῦ
262 1265 468 1314 Πνεύματος
488 1264 669 1314 δεξάμενος
688 1262 751 1310 τὴν
767 1261 953 1314 ἐνέργειαν,
974 1265 991 1300 ὃ
1010 1261 1055 1299 τὰ
1068 1262 1128 1299 τοῦ

103 1327 195 1363 Θεοῦ
216 1324 314 1368 εἰδὼς
329 1355 337 1371 ,
355 1328 372 1363 ὃ
393 1325 516 1376 λέγων,
533 1325 583 1364 ζῸ
599 1324 813 1375 ἠκούσαμεν,
831 1325 1016 1374 λαλοῦμεν,
1034 1324 1093 1362 καὶ
1113 1323 1130 1362 ὃ

104 1385 323 1437 ἑωράκαμεν,
346 1390 605 1438 μαρτυροῦμεν,
636 1388 711 1429 πῶς
740 1385 780 1422 ἂν
801 1385 854 1432 εἴη
889 1384 1019 1429 δίκαιος
1045 1388 1131 1423 ὓπο-

101 1446 312 1494 πτεύεσθαι;
331 1446 443 1485 Οὐδὲν
468 1446 535 1498 γάρ
560 1462 677 1498 φησιν,
699 1446 717 1484 δ
737 1446 785 1493 μὴ
804 1450 864 1483 τοῦ
889 1447 984 1484 Θεοῦ
1020 1447 1128 1492 ἐστιν,

104 1508 180 1547 οὐδὲ
213 1508 230 1546 ὃ
263 1507 311 1555 μὴ
337 1510 396 1545 τοῦ
428 1506 636 1558 Πνεύματός
665 1508 750 1544 ἐστι.
781 1506 850 1544 Καὶ
868 1506 953 1550 τέως
971 1506 1050 1559 περὶ
1070 1511 1129 1544 τοῦ

2096 196 2180 242 190

1197 280 1290 318 rians
1308 279 1354 316 ad
1373 278 1567 317 faciliorem
1583 277 1788 315 auditorum
1805 286 1946 329 captum
1967 293 1975 323 ;
1991 289 2061 315 non
2087 280 2180 317 enim

1195 348 1330 390 poterat
1344 338 1446 376 aliter
1460 347 1593 376 metum
1612 349 1751 387 augere.
1772 337 1865 373 Nam
1895 337 1922 373 si
1937 337 2023 387 quid
2042 338 2086 375 de
2106 339 2181 390 ipso

1197 413 1366 451 magnum
1390 409 1423 437 et
1444 399 1597 437 sublime
1623 397 1796 444 dixisset,
1825 410 1895 434 non
1927 398 2179 447 credidissent,

1197 459 1258 497 sed
1273 459 1311 497 id
1330 460 1434 497 nihili
1456 460 1630 498 fecissent.
1651 458 1736 496 Ideo
1765 456 1810 495 ad
1830 458 1971 495 Patrem
1994 467 2106 496 totum
2129 473 2183 496 re-

1148 524 1172 554 D
1195 520 1274 569 fert,
1293 520 1337 559 de
1353 521 1495 559 Christo
1511 520 1653 559 interim
1675 519 1777 570 quasi
1795 518 1838 556 de
1857 518 2001 556 homine
2022 519 2180 570 loquens.

1196 582 1294 629 Quid
1321 597 1405 622 vero
1427 582 1604 635 significat
1637 580 1755 619 illud:
1778 582 1869 618 ,Non
1889 581 1942 618 ad
1967 594 2185 618 mensuram

1196 644 1265 682 dat
1283 645 1389 683 Deus
1419 643 1620 697 Spiritum?
1641 643 1715 681 Nos
1744 655 1888 689 omneS,
1921 641 1991 690 ait,
2017 641 2062 679 ad
2082 656 2186 680 men—

1196 719 1316 743 suram
1334 705 1491 758 Spiritus
1511 704 1750 757 operationem
1769 702 1970 754 accepimus
1987 718 1994 739 :
2016 716 2078 755 per
2097 703 2184 754 Spi-

1195 767 1304 805 ritum
1323 769 1417 806 enim
1433 767 1492 805 hic
1511 766 1751 819 operationem
1772 764 1940 815 intelligit
1958 780 1965 800 ε
1986 764 2062 802 haec
2082 764 2186 816 quip--

1195 843 1240 882 pe
1258 843 1296 867 ea
1316 838 1366 867 est
1395 843 1472 880 quae
1493 827 1745 865 distribuitur:
1762 825 1821 863 hic
1840 838 1925 863 vero
1947 834 2057 862 totam
2085 825 2186 863 illam

1196 889 1270 928 sine
1285 903 1449 927 mensura
1467 888 1573 926 habet
1591 886 1842 940 operationem.
1861 885 1898 923 Si
1926 894 2044 922 autem
2064 899 2186 937 opera-

1197 950 1247 988 tio
1263 951 1340 1003 ejus
1353 950 1524 988 immensa
1540 958 1604 998 est,
1618 948 1731 986 multo
1751 947 1866 999 magis
1887 947 1961 999 ejus
1978 947 2185 985 substantia.

1200 1011 1328 1050 Viden’
1347 1012 1523 1064 Spiritum
1544 1010 1649 1048 etiam
1668 1010 1882 1047 immensum
1898 1007 1995 1046 esse?
2013 1008 2084 1054 Qui
2104 1022 2187 1060 ergo

1200 1082 1307 1111 totam
1330 1073 1486 1125 Spiritus
1505 1071 1743 1125 operationem
1763 1069 1896 1121 accepit
1913 1084 1924 1119 3
1948 1068 2009 1119 qui
2029 1083 2082 1116 ea,
2109 1084 2188 1120 quae

1151 1153 1173 1182 Ε
1200 1143 1281 1173 sunt
1297 1134 1381 1184 Dei,
1398 1134 1499 1172 novit
1506 1149 1518 1183 3
1541 1133 1601 1184 qui
1621 1131 1731 1169 dicit:
1756 1131 1869 1182 Quod
1887 1131 2105 1168 audivimus
2129 1131 2188 1169 lo-

1201 1198 1366 1247 quimur,
1389 1203 1425 1232 et
1450 1195 1555 1246 quod
1579 1194 1749 1230 vidimus
1779 1200 1965 1230 testamur
1973 1206 1988 1235 ;
2010 1192 2187 1240 quomodo

1199 1256 1311 1308 possit
1328 1264 1510 1307 suspectus
1524 1254 1668 1292 haberi?
1681 1253 1784 1291 Nihil
1794 1253 1888 1291 enim
1903 1251 1992 1290 dicit
2009 1253 2105 1303 quod
2118 1267 2187 1290 non

1201 1316 1245 1354 sit
1263 1316 1344 1366 Dei,
1367 1315 1457 1353 nihil
1474 1314 1568 1366 quod
1582 1328 1651 1352 non
1664 1314 1709 1352 sit
1725 1314 1891 1366 Spiritus.
1912 1315 2027 1364 Atque
2046 1314 2188 1352 interim

1202 1377 1292 1415 nihil
1309 1377 1354 1415 de
1372 1379 1447 1415 Deo
1473 1376 1595 1416 Verbo
1622 1376 1792 1426 loquitur,
1813 1374 1874 1413 sed
1892 1388 1937 1412 ex
1957 1375 2062 1413 Patre
2087 1385 2119 1413 et
2144 1389 2188 1413 ex

1201 1438 1338 1490 Spiritu
1359 1437 1529 1475 doctrinae
1549 1450 1620 1475 suae
1637 1436 1745 1474 fidem
1774 1435 1949 1473 conciliat.
1968 1436 2075 1482 Quod
2090 1439 2187 1475 Deus

1200 1507 1288 1536 esset
1308 1507 1490 1546 noverant,
1521 1496 1618 1547 quod
1637 1496 1792 1548 Spiritus
1813 1504 1902 1533 esset
1928 1496 2096 1545 sciebant,
2123 1498 2189 1535 etsi

103 1569 196 1608 Θεοῦ
218 1568 332 1619 Λόγου
352 1567 448 1605 Οὐδὲν
479 1567 684 1619 φθέγγεται,
707 1568 782 1604 ἀλλ’
804 1565 873 1603 ἀπὸ
904 1571 964 1605 τοῦ
989 1567 1188 1619 Πα-ῑ-ρὸς173
1202 1572 1271 1597 non
1305 1566 1557 1610 congruentem
1587 1556 1631 1594 de
1662 1556 1726 1593 illo
1762 1556 1965 1608 opinionem
1990 1556 2161 1595 haberent
2183 1572 2190 1593 z

103 1630 162 1668 καὶ
182 1634 243 1668 τοῦ
263 1628 469 1679 Πνεύματος
489 1627 688 1672 ἀξιόπιστον
708 1633 858 1666 ποιεῖται
881 1627 944 1675 τὴν
964 1629 1130 1666 διδασκα-
1155 1634 1178 1661 Α
1202 1619 1299 1670 quod
1316 1628 1435 1657 autem
1460 1618 1576 1656 Filius
1598 1626 1686 1655 esset
1710 1616 1927 1655 nesciebant.
1951 1617 2036 1655 Ideo
2056 1632 2192 1670 semper

103 1692 192 1731 λίαν.
209 1691 295 1730 εΌτι
313 1691 375 1742 μὲν
394 1691 461 1744 γὰρ
481 1690 570 1734 Θεός
590 1692 696 1737 ἐστιν,
715 1688 858 1741 ᾔδεσαν,
871 1689 930 1727 καὶ
948 1688 1001 1728 ὅτι
1018 1691 1131 1728 Πνεῦ-

105 1753 155 1803 μα
175 1755 280 1800 ἐστιν,
296 1753 503 1800 ἠπίσταντο,
518 1754 548 1789 εἰ
565 1750 624 1789 καὶ
647 1749 694 1802 μὴ
713 1750 777 1796 τὴν
792 1750 1037 1802 προσήκουσαν
1051 1750 1132 1802 περὶ

106 1816 208 1852 αὐτοῦ
225 1813 324 1858 δόξαν
347 1807 440 1866 εἶχον
456 1828 464 1836 ·
484 1812 538 1850 ὅτι
558 1812 676 1862 μέντοι
691 1811 774 1854 Υἱός
788 1813 894 1860 ἐστιν,
912 1813 975 1852 οὐκ
990 1811 1132 1861 ᾔδεσαν.

106 1874 175 1913 Διὰ
195 1878 296 1913 τοῦτο
316 1874 369 1912 ἀεὶ
390 1874 447 1913 ἐπὶ
465 1874 524 1912 τὸν
543 1873 689 1925 Πατέρα
704 1872 763 1911 καὶ
782 1872 840 1910 ἐπὶ
855 1873 895 1911 τὸ
909 1875 1057 1924 Πνεῦμα
1072 1890 1134 1912 κα-

105 1937 288 1988 ταφεύγει,
323 1939 451 1974 ἐκεῖθεν
490 1934 718 1985 πιστούμενος
746 1933 790 1972 τὰ
821 1934 1005 1986 λεγόμενα.
1033 1934 1135 1973 Ἐπεὶ

107 1997 165 2035 ἐάν
179 2013 231 2040 τις
244 1996 375 2044 ταύτην
393 1995 523 2035 ἀνελὼν
540 1995 601 2042 τὴν
623 1996 736 2034 αἰτίαν
751 1998 826 2034 καθ’
848 1996 969 2034 ἑαυτὸν
989 1995 1133 2049 ἐξετάσῃ

107 2059 164 2096 τὸν
187 2059 301 2109 λόγον,
319 2057 452 2110 σφόδρα
469 2056 611 2095 ἀποδέει
624 2060 686 2104 τῆς
705 2056 803 2101 ἀξίας
818 2060 877 2095 τοῦ
897 2058 1064 2109 Χριστοῦ.
1081 2060 1135 2097 Οὔ

106 2118 173 2171 γαρ
186 2119 242 2158 διὰ
258 2124 359 2158 τοῦτο
376 2118 574 2163 ἀξιόπιστος
586 2119 720 2166 αὐτοῖς,
739 2117 861 2165 ἐπειδὴ
877 2118 940 2165 τὴν
951 2123 1010 2157 τεῦ
1023 2118 1136 2157 Πνεύ·

109 2194 217 2228 ματος
237 2178 411 2231 ἐνέργειαν
431 2177 505 2230 ἔχει
519 2193 527 2202 ·
546 2179 584 2216 οὔ
605 2177 671 2230 γὰρ
688 2181 750 2224 τῆς
769 2179 898 2215 ἐκεῖθεν
922 2178 1032 2216 δεῖται
1049 2181 1136 2230 βοη-

107 2237 221 2285 θείας,
241 2239 318 2276 ἀλλ’
339 2237 440 2281 αὐτός
463 2239 554 2275 ἐστιν
577 2238 692 2289 ἀρκῶν
715 2240 841 2289 ἑαυτῷ.
861 2237 962 2280 Τέως
989 2237 1023 2276 δὲ
1050 2238 1136 2290 πρὸς

106 2298 168 2345 τὴν
189 2297 350 2336 ὑπόνοιαν
374 2300 442 2335 τῶν
471 2296 707 2349 ἀτελεστέρων
738 2296 950 2349 φθέγγεται,
973 2298 1041 2335 ἀπὸ
1066 2301 1136 2336 τῶν

107 2361 278 2396 ταπεινῶν
298 2356 389 2395 κατὰ
409 2356 532 2408 μικρὸν
563 2354 686 2399 αὐτοὺς
708 2357 893 2407 ἀναγαγεῖν
916 2356 1134 2408 βουλόμενος.

108 2419 232 2456 Ταῦτα
264 2416 299 2454 δὲ
325 2415 439 2467 λέγω,
464 2414 520 2453 ἵνα
541 2414 589 2465 μὴ
613 2416 732 2459 ἁπλῶς
752 2415 797 2453 τὰ
823 2417 857 2453 ἐν
886 2421 962 2459 ταῖς
980 2417 1138 2467 Γραφαῖς

108 2476 251 2527 κείμενα
272 2473 564 2526 παρατρέχωμεν,
585 2473 676 2511 ἀλλὰ
693 2473 752 2511 καὶ
773 2473 831 2511 τὸν
851 2473 980 2512 σκοπὸν
1001 2479 1061 2512 τοῦ
1079 2474 1135 2513 λέ-

109 2550 249 2585 γοντος,
270 2533 329 2571 καὶ
349 2531 411 2578 τὴν
443 2530 622 2569 ἀσθένειαν
642 2534 711 2569 τῶν
729 2534 922 2583 ἀκροατῶν,
943 2532 1003 2570 καὶ
1021 2532 1136 2570 πολλὰ

113 2593 214 2645 ἕτερα
231 2591 274 2629 τὰ
294 2593 328 2628 ἐν
361 2592 480 2632 αὐταῖς
498 2588 835 2638 καταμανθάνωμεν.
861 2591 914 2628 Οὐ
934 2590 1002 2640 γὰρ
1021 2590 1136 2628 πάντα

110 2655 156 2694 ὡς
189 2649 372 2701 βούλονται
405 2650 437 2685 οἱ
471 2646 675 2684 διδάσκαλοι
713 2646 940 2698 φθέγγονται,
974 2647 1064 2686 ἀλλὰ
1092 2648 1135 2686 τὰ

109 2709 224 2748 πολλὰ
253 2710 299 2751 ὡς
318 2710 340 2753 ἦ
359 2706 427 2751 ἕξις
451 2706 520 2742 τῶν
553 2704 787 2744 ἀσθενούντων
810 2707 963 2744 ἀπαιτεῖ.
985 2705 1048 2744 Διὸ
1076 2706 1135 2744 καὶ

110 2769 251 2810 Παῦλος
270 2765 364 2816 λέγει
381 2781 388 2788 ·
409 2765 487 2802 Οὐκ
505 2763 680 2810 ἠδυνήθην
696 2765 776 2814 ὑμῖν
796 2765 948 2810 λαλῆσαι
967 2766 1013 2807 ὡς
1028 2780 1135 2802 πνευ-

109 2830 268 2875 ματικοῖς
280 2852 290 2870 ,
306 2824 384 2862 ἀλλ’
403 2825 449 2866 ὡς
464 2828 654 2874 σαρκικοῖς.
678 2822 775 2860 Γάλα
795 2824 886 2873 ὑμᾶς
911 2822 1078 2871 ἐπότισα,
1096 2824 1134 2861 οὗ

110 2887 248 2936 βρῶμα.
261 2881 482 2932 Ἐὅουλόμην
504 2880 565 2932 μὲν
582 2880 671 2932 γὰρ,
688 2881 805 2932 φησιν,
825 2883 871 2924 ὡς
890 2887 1137 2931 πνευματικοῖς

108 2944 281 2988 λαλῆσαι,
307 2944 369 2980 οὐκ
395 2940 577 2990 ἠδυνάμην
598 2939 646 2978 δέ.
670 2941 778 2989 Πῶς,
798 2942 876 2979 Οὐκ
895 2940 1015 2986 ἐπειδὴ
1034 2941 1135 2984 αὐτὸς

108 3002 285 3045 ἀδυνάτως
305 2994 410 3052 εἶχεν,
430 3001 506 3037 ἀλλ’
523 2998 643 3044 ἐπειδὴ
667 2999 790 3036 ἐκεῖνοι
811 3000 873 3037 οὐκ
888 2998 1058 3045 ἠδύναντο
1073 2998 1134 3037 οὕ-

108 3076 174 3103 τως
193 3062 351 3098 ἀκοῦσαι.
385 3057 489 3097 Οὕτω
522 3057 581 3095 καὶ
611 3057 776 3103 Ἰωάννης
803 3057 963 3096 ἐδούλετο
997 3057 1134 3108 μεγάλα

107 3117 186 3155 τινὰ
217 3116 350 3161 διδάξαι
373 3115 450 3158 τοὺς
481 3114 659 3166 μαθητὰς,
690 3117 766 3154 ἀλλ’
802 3114 938 3154 οὐδέπω
972 3114 1134 3158 δέξασθαι

109 3176 289 3228 ἠνείχοντο
308 3177 431 3213 ἐκεῖνοι
449 3190 454 3197 ·
476 3174 532 3212 διὰ
550 3177 650 3212 τοῦτο
671 3180 741 3218 τοῖς
754 3173 1009 3225 ταπεινοτέροις
1027 3175 1134 3212 ἐνδια-

111 3233 227 3285 τρίὸει
248 3233 411 3283 μάλιστα.

155 3374 165 3388 ⁶
185 3363 283 3395 Savil.
305 3370 376 3408 πρὸς
394 3369 426 3397 τὸ
443 3371 554 3408 μέτρον
573 3371 622 3400 τῆς
638 3368 796 3400 ἀσθενείας.

1204 1681 1249 1718 ad
1269 1681 1410 1718 Patrem
1439 1689 1473 1718 et
1501 1679 1547 1717 ad
1572 1678 1750 1731 Spiritum
1770 1678 1940 1730 confugit,
1963 1687 2002 1716 ut
2031 1678 2134 1716 dictis
2152 1679 2194 1716 fi-

1202 1741 1283 1780 dem
1304 1741 1479 1779 conciliet.
1500 1741 1593 1779 Nam
1607 1739 1637 1777 si
1656 1739 1736 1791 quis
1749 1739 1817 1777 hac
1833 1739 1972 1777 sublata
1989 1753 2105 1788 causa,
2125 1754 2195 1777 ser-

1204 1817 1343 1842 monem
1369 1817 1433 1855 per
1461 1816 1496 1840 se
1512 1800 1720 1849 consideret,
1742 1800 1846 1852 longe
1869 1801 1968 1839 abest
1983 1815 2003 1837 a
2022 1799 2197 1852 dignitate

1206 1863 1350 1902 Christi.
1366 1864 1444 1901 Non
1457 1862 1551 1900 enim
1566 1861 1644 1900 ideo
1657 1861 1728 1899 fide
1742 1860 1874 1913 dignus
1890 1861 1977 1914 ipsis
1997 1870 2088 1910 erat,
2100 1861 2197 1913 quod

1206 1926 1362 1979 Spiritus
1389 1925 1629 1978 operationem
1658 1924 1805 1962 haberet
1832 1939 1840 1959 :
1875 1924 2008 1976 quippe
2036 1924 2099 1975 qui
2127 1939 2196 1963 non

1206 1997 1305 2040 egeat
1337 1987 1474 2025 auxilio
1501 1986 1622 2035 illius,
1643 1986 1703 2024 sed
1732 1986 1799 2023 sibi
1820 1986 1896 2038 ipse
1915 1987 2082 2024 sufficiat.
2102 1989 2196 2025 Inte-

1206 2051 1274 2089 rim
1300 2063 1384 2089 vero
1413 2048 1610 2087 secundum
1637 2048 1897 2100 simpliciorum
1927 2048 2128 2100 opinionem
2146 2050 2196 2087 lo-

1207 2112 1341 2164 quitur,
1363 2120 1402 2149 ut
1429 2111 1475 2149 ab
1488 2109 1744 2148 humilioribus
1762 2109 1933 2161 paulatim
1961 2110 2040 2148 illos
2070 2111 2193 2162 erigat.

1206 2175 1290 2212 Haec
1323 2182 1440 2211 autem
1474 2172 1569 2219 dico,
1602 2180 1700 2209 utne
1730 2171 1845 2209 obiter
1876 2171 2071 2224 Scripturae
2100 2172 2193 2210 dicta

1204 2245 1531 2288 praetercurramus,
1553 2232 1614 2270 sed
1641 2241 1674 2270 et
1701 2231 1850 2270 dicentis
1866 2247 2014 2285 scopum
2033 2243 2066 2272 et
2093 2234 2195 2272 audi-

1205 2305 1323 2334 torum
1352 2294 1634 2333 imbecillitatem
1661 2293 1803 2345 aliaque
1831 2294 1943 2333 multa
1976 2294 2192 2346 exploranda

1157 2371 1180 2402 Β
1205 2371 1279 2396 esse
1304 2357 1495 2395 discamus.
1514 2357 1684 2393 Doctores
1714 2355 1807 2392 enim
1827 2369 1895 2393 non
1924 2355 2042 2392 omnia
2061 2364 2100 2392 ut
2117 2355 2193 2394 vel-

1205 2419 1278 2457 lent
1305 2418 1373 2471 ipsi
1403 2418 1610 2470 proferunt,
1632 2415 1694 2453 sed
1718 2415 1885 2467 pleraque
1911 2415 1957 2452 ad
1984 2415 2190 2454 auditorum

1207 2489 1348 2532 captum
1374 2477 1687 2527 infirmitatemque
1709 2485 1917 2528 temperant.
1943 2475 2027 2515 Ideo
2058 2477 2193 2515 Paulus

1206 2541 1256 2578 ait
1272 2556 1280 2576 ε
1301 2541 1392 2578 Non
1407 2540 1515 2590 potui
1530 2539 1642 2574 vobis
1661 2537 1768 2589 loqui
1783 2540 1897 2589 quasi
1908 2539 2188 2590 spiritualibus,

1205 2603 1274 2640 sed
1294 2603 1405 2653 quasi
1427 2599 1665 2637 carnalibus.
1695 2599 1777 2635 chc
1792 2600 1905 2637 vobis
1921 2608 2055 2651 potum
2080 2600 2188 2646 dedi,

1208 2676 1284 2699 non
1311 2664 1451 2700 cibum.
1472 2658 1660 2707 Volebam,
1680 2658 1797 2709 inquit
1811 2689 1823 2709 ,
1846 2660 1950 2699 vobis
1970 2669 2007 2698 ut
2026 2660 2193 2712 spiritua-

1204 2722 1299 2760 libus
1317 2722 1427 2773 loqui,
1451 2734 1514 2758 nec
1531 2719 1769 2771 potuiQuare
1782 2720 1799 2757 ἶ)
1814 2721 1891 2760 Νοι]
1919 2721 2016 2772 quod
2043 2722 2104 2760 ille
2123 2736 2190 2760 non

1205 2793 1333 2837 posset,
1350 2783 1410 2822 sed
1429 2782 1513 2835 quia
1528 2780 1584 2819 illi
1600 2794 1669 2818 non
1683 2790 1846 2833 poterant
1867 2782 1918 2821 sic
1937 2783 2072 2821 audire.
2090 2784 2149 2821 Sic
2159 2792 2191 2820 ct

1205 2847 1356 2884 Joannes
1372 2845 1514 2884 volebat
1544 2860 1672 2898 magna
1688 2843 1853 2896 quaedam
1883 2844 2009 2883 docere
2032 2844 2190 2896 discipu-

1206 2906 1272 2955 los,
1287 2905 1347 2943 sed
1376 2905 1413 2943 id
1446 2905 1499 2944 illi
1530 2906 1689 2945 nondum
1710 2919 1833 2957 capere
1864 2914 2036 2957 poterant.
2054 2904 2188 2943 Ideoiu

1207 2966 1459 3006 humilioribus
1491 2968 1646 3007 maxime
1667 2975 1840 3012 versatur.

1159 3133 1182 3161 C

2241 2186 2396 2223 Scriplurze

2209 2238 2265 2254 non
2301 2227 2396 2254 obiter

2207 2268 2334 2304 legendur
2350 2268 2395 2295 vel

2207 2310 2369 2338 audiendae.

2212 2553 2353 2583 1.C0r.3.
2367 2564 2390 2583 ι.
