2481 3678
683 218 723 247 ΙΝ
763 218 971 247 JOANNEM
1011 218 1170 248 llOMlL.

120 297 334 348 τασταίημεν
361 297 419 335 καὶ
441 297 573 348 δειλίᾳ,
602 297 690 347 μηδὲ
716 298 822 342 οὕτως
855 298 1140 349 ἀποπηδήσωμεν

119 360 187 395 ’τῶν
220 357 470 410 προκειμένων.
500 359 517 378 *
534 357 673 409 Πάτερ,
694 357 835 402 δόξασόν
856 374 916 397 σου
945 358 985 396 τὸ
1015 358 1138 409 ὄνομα.

118 418 314 465 Δείκνυσιν,
330 418 383 457 ὅτι
411 417 498 470 ὑπὲρ
531 418 693 465 ἀληθείας
718 419 949 467 ἀποθνήσκει,
969 419 1068 464 δόξαν
1094 422 1141 464 εἷς

119 479 176 517 τὸν
201 480 292 519 Θεὸν
325 478 365 518 τὸ
398 485 547 532 πρᾶγμα
569 481 698 518 καλῶν.
728 480 798 518 Καὶ
829 484 929 519 τοῦτο
962 480 1141 519 συνέὸαινε
1162 490 1185 520 Β

118 541 209 591 μετὰ
222 543 280 580 τὸν
295 541 454 593 σταυρόν.
467 540 644 592 ’Ἐμελλεν
657 542 874 594 ἐπιστρέφειν
891 545 913 588 ἡ
932 542 1116 592 οἰκουμένη
1130 565 1139 583 ,

118 602 177 640 καὶ
196 601 373 654 γνωρίζειν
391 602 431 640 τὸ
451 602 559 652 ὄνομα
577 606 637 640 τοῦ
656 604 748 641 Θεοῦ
774 603 832 640 καὶ
852 601 1051 654 θεραπεύειν
1078 603 1139 639 αὐ-

118 662 174 700 τόν
188 678 196 686 ·
214 663 327 701 καίτοι
348 665 385 702 οὐ
403 663 442 701 τὸ
462 668 522 702 τοῦ
538 663 679 715 Πατρὸς
701 662 817 713 μόνον,
840 661 930 700 ἀλλὰ
949 661 1008 700 καὶ
1027 662 1065 700 τὸ
1083 665 1142 700 τοῦ

117 724 160 761 l‘
152 729 218 762 ιοῦ·
233 726 310 763 ἀλλ’
330 725 425 776 ὅμως
443 728 542 763 τοῦτο
559 731 652 775 σιγᾷ.
673 717 804 761 ΝΠλθεν
821 717 878 762 οῦν
895 723 990 776 φωνὴ
1019 725 1058 761 ἐκ
1073 725 1142 761 τῶν

116 787 291 836 οὐρανῶν
311 785 379 824 Και
393 785 558 830 εδοςασα
571 800 630 822 και
643 784 747 823 παλιν
766 783 913 828 δοξάσω
930 785 1005 823 Ποῦ
1027 783 1142 828 ἐδόξα-

117 861 196 884 σεν·
188 876 197 893 ,
224 847 286 884 Εν
306 852 377 890 τοῖς
390 847 458 898 πρὸ
477 844 608 883 τούτων
630 860 754 896 γενομε
741 845 842 889 ζν.οις
861 846 929 884 Καὶ
956 846 1062 885 πάλιν
1089 846 1145 884 δ’)

118 906 211 950 ξάσω
229 907 318 958 μετὰ
331 907 388 945 τὸν
404 905 566 957 σταυρόν.
585 905 632 944 Τί
646 900 703 943 οῦν
726 908 744 943 ὁ
760 906 932 958 Χριστός;
952 908 1006 945 Οὐ
1023 907 1065 944 δι’
1082 906 1144 957 ἐμὲ

920 969 1073 1008 Ἐκεῖνοι
1108 968 1143 1007 δὲ

117 1029 263 1079 βροντὴν
295 1028 456 1079 ἐνόμισαν
480 1032 591 1077 εἶναι,
614 1027 634 1075 ἢ
656 1029 801 1081 ἄγγελον
832 1031 926 1067 abt&
946 1029 1143 1077 λελαληκε-

115 971 139 1014 ἡ
163 968 258 1019 φωνὴ
281 968 369 1014 αὕτη
403 967 555 1020 γέγονεν,
585 967 675 1006 ἀλλὰ
709 969 752 1006 δι’
787 969 890 1019 υμᾶς.

115 1105 182 1128 ναι.
189 1091 268 1128 Καὶ
287 1088 389 1128 πόθεν
409 1093 510 1129 τοῦτο
524 1089 704 1141 ἐνόμισαν·
697 1090 771 1142 ,μὴ
786 1090 854 1144 γὰρ
866 1091 943 1144 οὐχὶ
964 1091 1073 1143 τρανὴ
1086 1091 1145 1129 καὶ

115 1150 266 1202 εὔσημος
288 1146 330 1198 ἦν
362 1155 383 1198 ἡ
406 1150 524 1204 <pona->13
548 1151 653 1189 Αλλὰ
689 1152 824 1204 ταχέως
844 1153 956 1190 αυτῶν
977 1153 1142 1201 ἀπεπτη,

116 1212 178 1250 ἅτε
207 1212 415 1265 παχυτέρων
446 1212 555 1250 ὄντων
589 1213 648 1250 καὶ
680 1215 857 1264 σαρκικῶν
891 1230 949 1252 και
971 1214 1143 1266 ῥᾳθύμων.
1168 1227 1190 1258 c

118 1273 187 1312 Καὶ
208 1277 239 1312 οἱ
259 1290 321 1324 μεν
340 1273 398 1312 τὸν
412 1277 499 1326 ἠχον
528 1279 734 1326 mretypvss·
756 1276 787 1312 οἱ
803 1275 862 1323 δὲ,
885 1276 937 1313 ὅτι
959 1275 1021 1331 μὲν
1041 1276 1145 1327 ἔναρ-

116 1340 194 1388 θρος
212 1340 254 1382 ἠν
274 1339 295 1382 ἡ
321 1337 441 1388 φωνὴ,
462 1336 610 1388 ᾔδεσαν·
633 1336 666 1373 τί
698 1336 733 1375 δε
760 1337 959 1387 ἐσήμαινεν,
994 1339 1057 1375 οὐκ
1083 1338 1146 1375 ἔτι.

116 1397 164 1434 'lt
191 1401 248 1435 οὐν
275 1400 292 1435 ὁ
318 1396 487 1472 Χριστός,
511 1399 564 1434 Οὐ
593 1397 635 1434 δι’
659 1397 721 1447 ἔμε
750 1400 771 1443 ἡ
807 1397 903 1449 φωνὴ
939 1397 1023 1444 αὕτη
1046 1397 1087 1448 γέ
1088 1413 1145 1448 γ-ο

113 1473 189 1503 νεν,
211 1457 340 1495 ἀλλὰ
321 1460 364 1495 οι’
390 1459 492 1507 ὑμᾶς.
506 1458 574 1495 Διὰ
588 1457 622 1495 τί
641 1462 744 1495 τοῦτο
764 1462 878 1505 εἰπεν;
896 1457 1023 1511 Προς(1
1036 1459 1107 1495 εκεῖ
1110 1473 1147 1495 νο

114 1518 337 1569 ἐνιστάμενος
367 1517 385 1556 ὃ
400 1518 554 1569 ἔλέγον
536 1517 608 1566 αεὶ,
626 1517 680 1556 ότι
705 1519 767 1556 οὐκ
783 1518 877 1556 ἔστιν
894 1535 932 1556 εκ
953 1522 1012 1556 τοῦ
1039 1520 1145 1557 Θεοῦ.

113 1579 159 1618 ‘O
178 1579 245 1631 γὰρ
278 1579 344 1618 ὑπὸ
381 1584 441 1618 τοῦ
473 1581 567 1617 Θεοῦ
596 1578 843 1629 δοξαζόμενος,
869 1583 943 1624 πῶς
962 1582 1025 1618 οὐκ
1053 1580 1145 1618 ἔστιν

113 1642 153 1678 ἐκ
181 1644 239 1678 τοῦ
262 1642 376 1687 Θεοῦ,
393 1636 432 1679 οῦ
452 1640 491 1678 τὸ
506 1641 616 1691 ὄνομα
642 1642 686 1679 δι’
720 1641 821 1680 αὐτὸν
857 1641 1057 1689 δοξάζεται;
1076 1640 1146 1679 Διὰ

113 1701 181 1754 γὰρ
201 1705 302 1740 τοῦτο
331 1701 391 1740 καὶ
414 1705 435 1749 ἡ
461 1701 557 1754 φωνὴ
592 1701 736 1754 ἠνέχθη.
758 1703 821 1740 Διὸ
835 1702 893 1740 καὶ
907 1703 1007 1747 αὐτός
1027 1718 1145 1756 φησιν,

112 1765 150 1802 οὒ
167 1764 209 1800 δι’
224 1762 286 1814 ἐμὲ
298 1767 319 1811 ἡ
336 1762 432 1815 φωνὴ
448 1763 536 1810 αὕτη
553 1763 707 1815 γέγονεν,
725 1764 815 1802 ἀλλὰ
830 1764 873 1802 δι’
888 1767 978 1815 ὑμᾶς
989 1780 996 1787 ·
1014 1765 1144 1817 οὐχῖνα

111 1824 182 1875 ἐγὼ
198 1825 298 1876 μάθω
317 1841 350 1863 τι
368 1828 499 1876 ἀγνοῶν
525 1826 608 1877 παρ’
631 1827 736 1872 αὐτῆς
751 1824 891 1873 (πάντα
909 1825 976 1877 γὰρ
1001 1820 1077 1864 οἶδα
1101 1826 1145 1864 τὰ

112 1890 172 1923 τοῦ
188 1885 372 1938 Πατρός),
391 1885 483 1924 ἀλλὰ
498 1887 541 1924 δι’
558 1888 660 1937 ὑμᾶς.
685 1885 833 1933 Ἐπειδὴ
850 1886 917 1939 γὰρ
934 1888 1065 1939 ἔλεγον,
1093 1887 1145 1926 ὅτι

110 1947 256 1998 ἅγγελος
284 1946 452 1993 ἐλάλησεν
487 1948 602 1999 αὐτῷ,
635 1945 657 1993 ἢ
691 1948 818 1999 βροντὴ
849 1948 985 1999 γέγονε,
1013 1949 1073 1987 καὶ
1105 1950 1143 1987 οὐ

116 2013 318 2060 προσεῖχον,
337 2008 439 2060 φησίν
455 2023 462 2030 ·
482 2010 535 2046 ὅτι
559 2008 601 2045 δι’
633 2010 724 2059 ὑμᾶς
748 2008 906 2060 ἐγένετο,
925 2009 981 2048 ἵνα
1002 2009 1066 2048 κᾶν
1089 2009 1145 2049 06-

111 2085 179 2112 τως
210 2069 377 2120 ἐνάγησθε
410 2069 495 2146 πρὸς
514 2069 554 2108 τὸ
582 2071 756 2122 ε’ρωτῆσαι
775 2069 809 2107 τί
830 2070 870 2108 τὸ
889 2071 1024 2123 λεχθέν,
1041 2074 1088 2110 Οἱ
1109 2070 1145 2109 δὲ

112 2130 340 2205 ἐπτοημένοι,
373 2131 451 2169 οὐδὲ
490 2129 596 2174 οὕτως
629 2130 813 2177 ἐπύθοντο,
845 2133 1057 2177 ἀκούσαντες
1091 2133 1144 2172 οτι

112 2194 227 2235 αὐτοῖς
246 2191 369 2238 ἀνήκει
389 2192 427 2229 τὸ
446 2198 607 2268 πρᾶγμα
623 2194 688 2230 Ἱῶ
719 2193 785 2246 γὰρ
805 2210 868 2231 ουκ
889 2194 994 2232 εἷοότι
1014 2194 1101 2248 πρὸς
1127 2195 1144 2234 ὃ

110 2253 266 2305 ἐλέγετο,
284 2253 424 2296 εἰκότως
455 2255 517 2291 οὐκ
543 2253 654 2292 εδόκει
688 2254 842 2305 εὔσημος
869 2260 960 2294 εἶναι
990 2259 1011 2303 ἡ
1033 2257 1143 2308 φωνή.

111 2316 165 2352 Δι’
195 2317 285 2365 ὑμᾶς
302 2318 322 2361 ἡ
344 2314 439 2367 φωνὴ
459 2314 608 2367 γέγονεν.
638 2315 748 2369 εΟρᾷς
779 2316 832 2355 ὅτι
856 2317 901 2356 τὰ
921 2318 1073 2356 ταπεινὰ
1096 2319 1140 2356 δι’

111 2375 234 2420 αὐτοὺς
266 2376 419 2428 γίνεται,
457 2378 522 2428 οὐχ
558 2379 605 2420 ὡς
630 2381 692 2415 τοῦ
736 2379 824 2418 Υἱοῦ
849 2378 1011 2430 δεομένου
1055 2382 1142 2430 βοη-

111 2437 224 2486 θείας;
263 2439 335 2476 Νῦν
372 2437 485 2490 κρίσις
522 2438 596 2475 ἐστὶ
628 2442 689 2477 τοῦ
724 2439 855 2491 κόσμου
894 2440 1028 2480 τούτου.
1067 2444 1140 2482 Νῦν

111 2503 147 2542 δὲ
183 2507 202 2542 ὁ
215 2505 334 2557 ἄρχων
368 2508 428 2543 τοῦ
463 2504 595 2556 κόσμου
624 2505 745 2545 τούτου
777 2507 873 2546 κάτω
911 2509 1138 2559 βληθήσεται.

111 2575 226 2611 Τοῦτο
247 2572 350 2610 ποίαν
367 2573 571 2611 ἀκολουθίαν
592 2573 666 2626 ἔχει
688 2573 774 2626 πρὸς
789 2575 850 2623 τὸ,
867 2575 1060 2625 Ἔόόξασα,
1076 2577 1137 2616 καὶ

110 2639 244 2684 δοξάσω
256 2655 266 2686 ;
301 2639 444 2687 Πολλὴν
476 2638 534 2678 καὶ
563 2639 696 2694 σφόδρα
731 2642 957 2694 συνᾴδουσαν.
988 2643 1134 2692 Ἐπειδὴ

110 2705 179 2758 γὰρ
211 2698 308 2753 εἷπε,
327 2704 493 2755 Δοξάσω,
511 2705 663 2745 δείκνυσι
680 2706 740 2745 καὶ
760 2706 817 2746 τὸν
849 2708 976 2762 τρόπον
996 2713 1058 2756 τῆς
1074 2709 1136 2748 δό-

111 2771 182 2819 ξης.
200 2771 266 2816 Τίς
282 2771 317 2810 δὲ
332 2774 350 2810 ὁ
370 2772 496 2824 τρόπος
513 2773 624 2821 ἐστίν,
645 2774 801 2820 Ἐκεῖνος
826 2776 1050 2823 Βληθήσεται
1071 2777 1137 2815 κά-

109 2855 159 2876 τω
171 2869 180 2886 ,
197 2838 293 2891 φησί.
315 2840 362 2878 Τί
382 2839 420 2878 δέ
430 2842 504 2878 ἐστι
515 2871 524 2888 ,
541 2839 664 2893 Κρίσις
681 2842 754 2881 ἐστὶ
769 2848 830 2882 τοῦ
844 2843 976 2894 κόσμου
994 2844 1137 2892 τούτου;

110 2905 251 2944 Ὡσανεὶ
267 2906 382 2958 ἔλεγε,
404 2907 625 2960 δικαστήριον
645 2909 743 2948 ἔσται
760 2910 819 2948 καὶ
847 2911 1033 2959 ἐκδίκησις.
1052 2915 1136 2956 Πῶς

109 2971 169 3011 καὶ
183 2972 251 3010 τίνι
275 2972 414 3026 τρόπῳ;
430 2974 556 3013 Ἀνεῖλε
570 2975 628 3014 τὸν
657 2979 795 3028 πρῶτον
825 2978 1017 3031 ἄνθρωπον,
1032 2979 1136 3018 ὑπεύ-

112 3043 210 3078 θυνον
226 3038 345 3078 λαὲὼν
358 3043 401 3091 τῇ
420 3040 577 3096 ἁμαρτίᾳ
591 3042 677 3091 (Διὰ
694 3043 762 3097 γὰρ
780 3047 842 3090 τῆς
868 3046 1043 3099 ἁμαρτίας
1065 3049 1130 3086 εἷσ-

109 3107 211 3152 ἦλθεν
240 3109 257 3144 ὃ
276 3106 419 3151 θάνατος
435 3110 462 3156 )
480 3109 513 3146 ἐν
546 3109 622 3160 ἐμοὶ
639 3114 740 3150 τοῦτο
769 3114 832 3165 οὐχ
848 3107 936 3166 εἶρε.
958 3113 1061 3158 Τίνος
1079 3108 1136 3153 οῦν

110 3171 223 3212 ἕνεκεν
245 3174 456 3222 ἐνεπήδησε,
477 3175 536 3213 καὶ
566 3177 702 3231 θανάτῳ
734 3180 931 3232 παρέδωκε,
954 3180 1044 3224 τίνος
1064 3181 1135 3221 ἕνε·

155 3307 165 3317 .
184 3302 298 3343 [Savll.
314 3314 355 3348 τῷ
370 3308 400 3338 δὲ
415 3311 515 3343 εἰπεῖν,
531 3309 658 3353 πάτερ]

155 3364 168 3378 ²¹
187 3355 295 3397 [μόνον
311 3356 407 3389 addit
423 3358 511 3390 Saxil
533 3358 541 3402 ]

298 3432 394 3456 TOM.
432 3433 527 3457 V111.

1212 221 1350 252 vau.
1390 208 1452 252 al.
1492 224 1613 253 cxvi.
2103 214 2187 272 461

1213 300 1354 339 liamus.
1379 305 1513 350 Pater,
1536 304 1716 356 clarifica
1736 318 1875 342 rwmen
1895 314 2014 344 cuum.
2035 309 2198 347 Ostendit

1213 373 1248 398 se
1267 375 1330 412 pro
1356 363 1503 402 veritate
1526 364 1631 414 mori,
1655 378 1730 402 rem
1760 365 1859 403 illam
1891 365 2041 417 gloriam
2058 369 2123 407 Dei
2139 384 2199 408 vo-

1212 436 1305 461 cans.
1326 423 1374 461 Et
1398 424 1466 462 hoc
1497 433 1575 478 post
1595 439 1735 463 crucem
1754 425 1912 477 contigit.
1934 428 2111 466 Futurum
2128 441 2200 468 erat

1211 491 1250 520 ut
1266 483 1363 521 orbis
1381 494 1655 534 converteretur,
1671 498 1712 523 ae
1727 498 1853 523 nomen
1875 487 1940 525 Dei
1963 500 2199 540 cognosceret,

1209 542 1350 596 ipsique
1365 546 1511 585 serviret
1519 561 1528 597 ;
1547 560 1616 585 non
1636 547 1752 585 Patris
1769 562 1894 601 nempe
1915 563 2041 588 nomen
2061 551 2202 590 dumta—

1211 614 1285 654 xat,
1301 605 1363 644 sed
1392 607 1500 645 etiam
1535 608 1618 646 Filii
1639 624 1647 645 :
1668 617 1821 646 attamen
1849 610 1940 648 illud
1969 620 2071 650 tacet.
2091 616 2205 656 Venit

1211 681 1300 719 ergo
1329 682 1411 707 vox
1435 671 1482 708 cle
1511 671 1616 709 ccelc's
1637 686 1647 706 :
1666 672 1721 708 Et
1746 672 1977 725 clarificavi,
2009 683 2045 712 et
2065 677 2204 714 iterum

1212 728 1454 781 clarificabO.
1487 731 1561 770 Ubi
1587 731 1822 771 clarificavit?
1841 733 1882 770 In
1912 734 2203 785 praecedentibus-

1215 787 1263 826 Et
1278 789 1407 829 iterum
1421 791 1625 831 clarificabo
1640 802 1719 845 post
1736 807 1886 832 crucem.
1900 795 1995 842 Quid
2009 811 2090 849 ergo
2104 799 2206 837 Chri-

1214 851 1317 889 stus?
1335 852 1399 890 50.
1424 854 1515 891 Non
1538 862 1693 906 propter
1713 868 1772 892 me
1804 869 1884 892 vox
1904 857 2115 910 hoecsacta
2134 870 2203 908 est,

1214 912 1284 950 sed
1299 923 1456 965 propter·
1473 928 1559 953 vos.
1583 915 1642 952 Illi
1663 924 1779 953 autem
1799 916 1997 956 tonitruum
2016 933 2090 958 esse
2104 930 2206 972 puta-

1214 982 1312 1024 runt,
1334 974 1391 1014 vel
1417 975 1586 1027 angelum
1614 976 1684 1029 ipsi
1703 976 1892 1028 loquutum
1913 979 2031 1018 fuisse.
2048 981 2095 1018 Et
2115 983 2208 1021 unde

1214 1034 1282 1072 hoc
1300 1037 1499 1088 putarunt?
1520 1051 1636 1075 annon
1651 1038 1745 1076 clara
1765 1047 1798 1076 et
1816 1040 2004 1092 conspicua
2025 1056 2097 1081 vox
2117 1044 2208 1082 fuit?

1216 1096 1354 1135 Verum
1375 1098 1444 1137 cito
1468 1099 1625 1139 avolavit
1657 1099 1703 1137 ab
1721 1100 1807 1149 illis,
1824 1110 1946 1154 utpote
1964 1105 2209 1154 crassioribus,

1215 1159 1431 1208 carnalibus,
1445 1161 1627 1212 segnibus.
1651 1161 1724 1199 Alii
1744 1175 1870 1199 sonum
1893 1172 2031 1202 tantum
2050 1166 2208 1205 retinue-

1216 1228 1312 1269 runt,
1328 1220 1389 1257 alii
1406 1222 1631 1259 articulatam
1647 1222 1755 1260 fuisse
1774 1236 1897 1261 vocem
1913 1237 2081 1264 noverant
2087 1243 2099 1278 3
2122 1229 2209 1279 quid

1218 1293 1301 1318 vcro
1332 1281 1564 1332 significaret,
1591 1297 1660 1321 non
1685 1284 1779 1322 item.
1804 1285 1903 1332 Quid
1922 1300 2004 1338 crgo
2022 1289 2208 1328 Christus?

1218 1342 1309 1378 Non
1330 1352 1486 1394 propter
1512 1358 1572 1381 me
1602 1345 1683 1383 Izoec
1717 1360 1797 1383 ‘voa⁷
1825 1351 1948 1395 venit,
1967 1351 2037 1387 sed
2054 1361 2210 1403 propter

1218 1416 1301 1440 vos.
1318 1404 1390 1441 Cur
1405 1404 1472 1442 hoc
1490 1405 1677 1443 dixitPAd
1691 1406 1782 1444 illud
1796 1409 1986 1460 respiciens
2005 1412 2103 1461 quod
2119 1427 2208 1451 scm-

1219 1477 1281 1515 per
1296 1463 1478 1512 dicebant,
1497 1466 1601 1503 illum
1623 1480 1667 1504 ex
1689 1469 1763 1506 Deo
1784 1482 1852 1506 non
1875 1483 1962 1508 esse.
1987 1472 2058 1518 Qui
2075 1474 2169 1512 enim
2189 1490 2208 1513 a

1218 1525 1294 1562 Deo
1323 1525 1554 1576 clarificatur,
1573 1528 1751 1578 quomodo
1771 1542 1840 1567 non
1861 1539 1910 1568 est
1930 1545 1975 1570 cx
2003 1534 2090 1583 Deo,
2108 1537 2209 1587 cujus

1218 1599 1343 1624 nomen
1360 1597 1504 1640 propter
1515 1588 1633 1641 ipsum
1653 1590 1894 1629 clarificatur?
1909 1593 1991 1631 Ideo
2006 1609 2079 1633 vox
2093 1596 2208 1636 delata

1215 1655 1278 1684 est.
1298 1648 1489 1687 Pronterca
1514 1649 1630 1701 inquit
1657 1650 1744 1703 ipse,
1763 1653 1854 1689 llon
1877 1664 2034 1706 propter
2052 1671 2112 1694 me
2131 1659 2211 1697 lzoec

1217 1722 1298 1746 vox
1326 1712 1451 1757 venit,
1474 1712 1543 1748 sed
1564 1721 1720 1764 propter
1744 1728 1846 1752 vos.
1842 1715 1951 1753 Non
1971 1726 2009 1754 ut
2036 1718 2173 1769 aliquid
2191 1736 2210 1757 a

1216 1783 1274 1808 me
1307 1771 1508 1822 ignoratum
1530 1773 1575 1810 ab
1595 1773 1656 1811 illa
1678 1774 1824 1813 audiam
1846 1778 1990 1824 (omnia
2018 1779 2111 1817 enim
2131 1796 2209 1831 qua·

1216 1831 1333 1870 Panis
1353 1843 1434 1871 sunt
1451 1834 1534 1873 noti
1549 1837 1574 1884 ),
1596 1835 1657 1873 sed
1673 1846 1816 1889 ptoptet
1835 1852 1912 1877 vos.
1930 1840 2025 1886 Quia
2040 1841 2135 1879 enim
2155 1842 2209 1880 di-

1216 1891 1341 1929 cebant
1359 1892 1526 1943 angelum
1540 1893 1729 1945 loquutum
1749 1895 1803 1933 illi
1818 1910 1903 1946 esse,
1919 1898 1975 1936 vel
1988 1899 2121 1937 factum
2136 1914 2208 1938 esse

1213 1952 1425 2003 tonitruum,
1440 1963 1472 1992 et
1488 1969 1556 1992 non
1571 1955 1642 1995 ads
1644 1957 1817 2006 ertebant,
1837 1958 1967 2010 inquit,
1986 1970 2131 2013 plopter
2145 1976 2208 2000 vos

1211 2013 1366 2052 delatam
1393 2029 1466 2053 csse
1486 2030 1622 2065 vocem,
1638 2026 1677 2055 ut
1693 2017 1775 2055 hinc
1806 2019 2070 2058 concitaremini
2092 2023 2166 2059 ad
2155 2038 2206 2061 1n—

1211 2075 1465 2126 terrogandum
1482 2076 1570 2128 quid
1586 2076 1724 2115 dictum
1745 2078 1879 2117 fuisset.
1903 2081 1961 2118 Illi
1984 2096 2064 2120 vero
2084 2091 2206 2135 stupe—

1210 2135 1309 2186 facti,
1329 2150 1441 2188 neque
1458 2137 1507 2175 sic
1524 2137 1802 2190 interrogarunt,
1819 2154 1901 2177 cum
1919 2140 2083 2180 audirent
2103 2143 2140 2180 id
2159 2144 2205 2182 ad

1211 2211 1247 2235 se
1259 2198 1446 2249 pertinere.
1465 2199 1641 2237 Nescienti
1656 2200 1750 2238 enim
1762 2202 1864 2253 cujus
1880 2203 1992 2254 gratia
2012 2203 2203 2249 diceretur,

1205 2258 1287 2310 jure
1299 2273 1368 2297 non
1384 2259 1535 2311 insignis
1550 2273 1622 2298 vox
1643 2260 1833 2299 videbatur
1847 2277 1933 2301 csse.
1950 2266 2114 2316 Propter
2130 2280 2200 2303 vos

1210 2334 1290 2357 voa·
1318 2321 1452 2358 delata
1469 2329 1537 2358 est.
1557 2320 1689 2362 Viden’
1708 2322 1887 2371 quomodo
1906 2338 1962 2361 res
1977 2324 2130 2364 humiles
2143 2341 2200 2364 eo—

1207 2395 1289 2418 rum
1311 2381 1424 2432 gratia
1444 2381 1543 2430 fiant,
1566 2396 1635 2419 non
1659 2382 1759 2433 quasi
1780 2383 1894 2421 Filius
1918 2385 2055 2423 auxilio
2073 2388 2196 2439 egeat?

1207 2444 1400 2481 5Ἰ.,Νιιησ
1421 2445 1614 2497 judicium
1637 2453 1693 2482 est
1726 2446 1875 2490 mundi,
1891 2461 1995 2484 nunc
2023 2452 2200 2502 princeps

1205 2505 1320 2558 hujus
1335 2507 1471 2543 mundi
1486 2506 1595 2557 iufra
1607 2508 1794 2558 ejicietur.
1812 2506 1888 2544 Hoc
1904 2509 2082 2558 quomodo
2097 2520 2200 2563 apta-

1206 2575 1265 2603 tur
1290 2566 1360 2615 illi,
1381 2566 1624 2619 Clartficavi,
1649 2574 1687 2603 et
1713 2567 1972 2619 clarificabo?
1991 2570 2138 2622 Optime
2166 2581 2199 2610 et

1205 2626 1400 2665 admodum
1420 2636 1660 2665 consentanee.
1683 2627 1776 2674 Quia
1795 2627 1889 2667 enim
1910 2629 2017 2680 dixit,
2035 2633 2199 2686 Clarffi-

1207 2689 1315 2737 cabo,
1328 2687 1476 2725 modum
1503 2688 1624 2739 gloriae
1655 2688 1821 2727 ostendit.
1845 2690 1937 2736 Quis
1965 2691 2027 2730 ille
2047 2693 2198 2732 modus?

1206 2750 1284 2797 Ille,
1304 2748 1429 2800 inquit,
1448 2751 1641 2802 Ejicietur
1655 2751 1779 2804 infra.
1794 2751 1893 2798 Quid
1905 2753 1975 2791 sihi
1990 2755 2069 2794 vult
2081 2755 2173 2794 illud
2189 2772 2196 2792 z

1205 2811 1238 2849 J
1236 2812 1406 2850 adiciam
1422 2820 1478 2849 est
1494 2813 1631 2850 mundi
1649 2813 1764 2865 hujus
1777 2817 1794 2851 ?
1811 2815 1865 2852 Ac
1879 2814 1908 2852 si
1926 2815 2073 2868 diceret,
2091 2818 2196 2858 Judi-

1205 2871 1301 2909 cium
1318 2871 1383 2910 erit
1401 2881 1434 2910 et
1455 2872 1557 2911 ultio.
1577 2873 1792 2922 Quomodo?
1809 2876 1951 2915 Occidit
1960 2878 2120 2930 primum
2136 2881 2198 2918 ho-

1206 2932 1350 2982 minem,
1363 2946 1469 2984 quem
1483 2943 1625 2985 peccato
1637 2934 1835 2974 obnoxium
1851 2937 1987 2977 invenit
2002 2941 2100 2987 (Per
2110 2955 2196 2993 pec·
2214 2954 2297 2982 Ram.
2312 2951 2395 2980 5.12‚

1206 3002 1337 3032 catum
1351 2996 1454 3032 enim
1467 3008 1569 3034 mors
1585 2998 1778 3047 intravit).·
1793 2998 1828 3036 in
1843 3013 1899 3036 me
1919 2999 1987 3037 hoc
2006 3015 2076 3039 non
2093 3002 2197 3042 ime-

1208 3056 1275 3093 nit.
1294 3056 1368 3093 Cur
1396 3069 1479 3108 ergo
1515 3056 1653 3107 insiliit,
1674 3066 1706 3096 et
1739 3060 1843 3098 morti
1872 3061 2047 3100 tradidit?
2067 3077 2129 3101 cur
2162 3065 2197 3101 in

1209 3117 1313 3157 Judae
1332 3117 1488 3156 animam
1510 3118 1689 3170 ingressus
1707 3130 1770 3171 est,
1785 3130 1825 3159 ut
1849 3136 1906 3160 me
1928 3123 2125 3162 occideret?
2148 3126 2199 3162 Ne

1210 3179 1301 3217 mihi
1321 3179 1415 3218 enim
1435 3181 1510 3233 jam
1529 3180 1677 3233 dixeris,
1705 3182 1751 3220 ita
1772 3184 1888 3222 Deum
1907 3183 2165 3236 dispensavisse
2189 3201 2195 3219 :

1236 3314 1250 3336 1¹
1269 3311 1328 3344 Alli
1350 3317 1438 3347 ἐκεῖνο
1458 3317 1622 3355 ἱστάμενος.
