2522 3683
45 610 113 635 κίε(4
134 620 160 646 J.
183 608 197 635 ζ’

61 2700 87 2719 ει.
109 2689 177 2717 Cor.
200 2698 243 2717 12.

69 3044 141 3069 (1'2'11.
157 3051 179 3069 Ι.
202 3051 225 3070 1.

245 185 337 230 638

246 289 338 317 etam
359 291 485 317 corona
505 276 666 330 privatus
685 289 904 326 remaneam,
925 288 969 313 ne
986 274 1133 328 praemia
1149 283 1227 326 post

245 346 372 383 agones
392 331 566 369 amittam.
588 330 742 381 Sztseipe
759 329 869 380 igitur
887 331 1063 380 spiritum
1089 341 1226 365 meum.

246 387 383 435 Lugeat
399 384 565 435 deinceps
587 382 772 431 diabolus,
790 390 829 419 ut
846 381 908 432 qui
929 380 1118 419 victoriam
1138 379 1226 417 ami-

246 438 327 476 serit
344 453 351 474 :
368 437 578 475 lamentetur
601 444 722 473 auctor
745 435 940 482 malorum,
964 442 1003 470 ut
1023 433 1085 484 qui
1107 441 1228 470 contra

246 490 432 528 mortalem
459 488 618 542 superior
636 501 704 526 non
733 486 882 526 evaserit
903 502 910 522 :
931 486 1161 537 ingemiscant
1176 485 1228 522 in-

248 542 426 595 corporei,
459 542 627 593 quoniam
668 540 730 591 qui
762 540 797 577 in
833 552 978 591 corpore
1010 548 1089 576 sunt
1103 568 1112 586 ,
1150 552 1229 590 pas-

228 609 361 638 ¹siones
384 594 542 633 irrident.
558 595 713 644 Suscipe
730 595 906 644 spiritum
927 605 1064 629 meum.
1085 592 1229 629 Positis

248 658 376 686 (tutem
398 650 577 699 genibus,
603 647 790 683 clamavit
817 658 906 683 voce
933 658 1077 696 magna
1107 660 1117 679 :
1149 644 1228 682 Do-

247 705 349 739 mine
361 731 372 747 ,
394 715 440 736 ne
458 709 608 737 statuas
627 699 706 735 illis
724 699 796 735 hoc
806 706 1021 749 peccatum.
1042 698 1176 747 Atque,
1189 704 1228 732 ut

246 768 327 791 eum
342 752 518 803 intelligas
532 765 614 788 cum
627 751 754 788 affectu
769 750 901 802 precari
915 779 928 800 ,
943 763 1012 787 non
1028 750 1228 801 perfuncto-

246 807 296 843 rie
314 814 478 858 precatur
503 813 597 842 stans
617 813 650 841 et
677 803 885 852 inclinatus,
906 801 969 840 sed
989 802 1110 854 positis
1126 801 1226 853 geni-

246 859 325 907 hus,
340 858 434 896 dixit
447 871 529 895 cum
544 856 815 909 compunctione
826 870 867 893 ac
875 854 1009 904 dolore,
1022 869 1103 893 cum
1117 853 1229 891 multa

247 911 488 963 compassione
501 919 534 948 et
546 911 674 948 affeetu
692 926 700 946 :
720 911 905 954 Domine,
927 922 973 946 ne
986 916 1136 946 statuas
1150 907 1230 944 illis

247 966 318 1002 hoc
336 971 549 1015 peccatum.
570 965 625 1000 Et
639 976 726 1000 cum
743 964 814 1000 hoc
834 962 1015 1006 dixisset,
1039 961 1229 996 ohdormi-

249 1020 314 1055 vit.
339 1017 491 1054 Somnus
507 1015 602 1053 enim
616 1014 723 1065 justis
748 1023 799 1052 est
818 1027 930 1062 mors,
958 1022 992 1049 et
1019 1011 1156 1062 requies
1175 1024 1229 1047 sa-

245 1069 425 1121 pientibus
458 1068 586 1105 obitus.
617 1066 753 1104 Idcirco
788 1078 940 1115 namque
964 1077 1108 1101 somnus
1135 1076 1232 1100 mors

246 1131 314 1171 cst,
344 1131 382 1159 ut
401 1131 582 1170 tamquam
612 1132 657 1156 ex
684 1131 808 1170 sopore
832 1116 988 1166 quodam
1007 1116 1043 1152 in
1076 1129 1232 1152 resurre-

248 1174 360 1212 ctione
395 1170 657 1225 expergefacti,
685 1170 789 1208 bonis
818 1169 957 1206 aeternis
975 1168 1231 1220 perfruantur:

248 1240 397 1277 quorum
419 1226 595 1263 bonorum
631 1224 768 1261 utinam
796 1221 986 1274 participes
1018 1220 1147 1258 fiamus
1171 1232 1234 1256 nos

247 1293 384 1327 omnes,
408 1278 522 1329 gratia
541 1286 573 1316 et
591 1275 837 1314 intercessione
864 1272 1015 1321 Christi,
1045 1286 1108 1325 per
1129 1285 1235 1323 quem

248 1332 360 1383 gloria
380 1331 477 1369 Patri
506 1330 542 1368 in
568 1329 704 1381 Spiritu
726 1337 845 1366 sancto
863 1325 1058 1379 paracleto,
1102 1324 1192 1363 sicut
1214 1339 1234 1361 a

247 1384 446 1437 principio,
468 1397 560 1421 nunc
582 1391 615 1420 et
634 1395 794 1434 semper,
811 1388 845 1417 et
878 1380 913 1418 in
933 1378 1061 1418 saecula
1088 1377 1235 1416 saeculo*

249 1452 338 1475 rum.
363 1440 485 1475 Amen,

1200 193 1367 224 SPURIA.

1299 273 1390 316 τινὸς
1410 275 1444 311 ἐν
1464 275 1506 323 τῇ
1526 270 1711 325 ἀναστάσει
1730 269 1969 322 διεγερθέντες,
1983 271 2051 306 τῶν
2070 267 2216 306 αἰωνίων
2237 269 2321 318 ἀγα-

1301 329 1366 364 Οῶν
1393 324 1656 364 ἀπολαύσωσιν·
1677 327 1724 360 ὧν
1746 322 1878 374 γένοιτο
1908 323 2041 363 πάντας
2056 323 2149 371 ἡμᾶς
2171 321 2322 373 μεταλα-

1301 378 1373 416 &etv
1389 409 1398 426 ,
1422 378 1543 430 χάριτι
1570 376 1628 415 καὶ
1651 375 1806 427 μεσιτείᾳ
1826 380 1884 414 τοῦ
1905 376 2079 426 Χριστοῦ,
2111 374 2155 411 δι’
2184 375 2222 410 οὗ
2243 371 2322 416 δόξα

1302 434 1350 483 τῷ
1368 431 1486 483 Πατρὶ
1506 432 1539 467 ἐν
1559 429 1744 480 Πνεύματι
1765 428 1853 481 ἁγίῳ
1871 431 1922 480 τῷ
1943 425 2174 479 παρακλήτῳ,
2193 428 2240 468 ὡς
2259 425 2319 462 ἀπ’

1303 488 1434 536 ἀρχῆς,
1455 487 1512 521 νῦν
1533 482 1591 522 καὶ
1615 482 1681 530 ἀεὶ,
1699 481 1759 520 καὶ
1779 483 1825 525 εἷς
1845 481 1922 524 τοὺς
1943 482 2069 522 αἰῶνας
2084 482 2153 517 τῶν
2174 477 2320 517 αἰώνων.

1304 540 1336 576 Ἀ
1343 537 1423 588 μήν,

999 1696 1540 1778 MONITUM

808 1886 897 1931 AD
950 1882 1366 1930 ORATtONEM
1418 1882 1487 1927 IN
1539 1882 1776 1938 lLLUD,

743 2025 1046 2064 SUFFICIT
1090 2025 1225 2062 TIBI
1268 2023 1518 2062 GRATIA
1561 2024 1718 2070 MEA,
1752 2038 1836 2061 erc.

303 2168 402 2204 tiano
425 2175 463 2203 ut
482 2174 515 2203 et
532 2165 621 2203 alias
640 2163 771 2202 multas
790 2163 1046 2215 Chrysostomo
1073 2171 1194 2200 nostro
1215 2161 1413 2213 adscriptas
1432 2162 1625 2209 orationes,
1643 2161 1836 2200 Severiano
1855 2161 2041 2214 adjudicat
2068 2176 2223 2214 nuperus
2252 2163 2331 2213 qui—

250 2230 344 2268 dam.
366 2228 436 2267 Sed
455 2229 516 2266 etsi
537 2228 596 2266 hic
624 2226 789 2278 quisquis
807 2226 854 2264 sit
883 2225 1036 2278 scriptor
1053 2225 1203 2263 ferream
1219 2255 1230 2274 ,
1254 2233 1291 2261 ut
1312 2223 1526 2262 Severianus
1540 2255 1550 2274 ,
1577 2225 1817 2275 eloquentiam
1839 2239 1911 2276 prce
1941 2239 1977 2262 se
1995 2225 2084 2261 ferat
2096 2255 2107 2274 ,
2134 2234 2184 2262 est
2215 2235 2331 2263 tamen

251 2293 441 2332 Severiano
462 2292 566 2343 longe
585 2289 767 2342 nugacior,
787 2298 821 2327 et
834 2288 946 2327 oratio
965 2297 1039 2326 tam
1056 2288 1190 2341 inepta,
1207 2296 1246 2325 ut
1266 2302 1343 2325 meo
1352 2287 1491 2339 judicio
1507 2287 1652 2339 indigna
1670 2288 1714 2325 sit
1732 2302 1809 2338 quae
1831 2287 1978 2339 legatur.
2000 2288 2241 2335 Quamobrem
2261 2303 2331 2326 non

252 2357 325 2393 sine
341 2354 484 2393 fastidio
501 2352 826 2406 interpretationem
840 2366 971 2392 novam
992 2352 1157 2390 Latinam
1176 2351 1319 2403 paravi,
1336 2350 1420 2402 quia
1436 2350 1511 2402 illa,
1527 2366 1605 2402 quae
1621 2351 1754 2390 Jacoho
1772 2351 1928 2389 Beurero
1947 2359 2089 2388 auctore
2105 2350 2333 2389 circumfere-

252 2420 369 2469 batur,
390 2416 639 2470 paraphrasim
659 2415 831 2469 sapiebat.

261 2680 308 2715 In
333 2677 460 2714 illud.-
485 2675 627 2714 Sussscit
652 2674 719 2712 tibi
739 2673 852 2726 gratia
884 2687 985 2712 mea:
1007 2673 1124 2713 virtus
1148 2672 1242 2711 enim
1270 2695 1278 2704 .-

470 2751 545 2774 mea
564 2737 600 2773 in
615 2735 821 2774 infirmitate
837 2733 1030 2786 perficitur.

314 2863 350 2897 1.
381 2861 472 2897 Cum
496 2861 592 2896 Deus
616 2860 712 2895 hune
731 2857 905 2896 mundum
927 2867 1040 2907 tanto,
1064 2867 1137 2895 tam
1159 2871 1241 2895 con-

260 2914 364 2951 cinno
380 2912 502 2950 ordine
520 2911 565 2948 al)
585 2911 686 2948 initio
704 2911 850 2957 creavit,
872 2910 1043 2948 miracula
1061 2909 1244 2948 miraculis

261 2965 417 3013 addidit,
432 2978 500 3001 non
515 2963 584 3013 legi
602 2973 735 3000 naturae
759 2963 925 3012 serviens,
946 2963 1008 3001 scd
1036 2963 1072 3003 vi
1092 2972 1244 3015 potesta-

263 3020 307 3056 tis
326 3033 396 3056 suae
416 3016 533 3055 omnia
551 3016 753 3052 ess'ormans.
773 3016 885 3054 Verbi
911 3016 1023 3067 gratia
1044 3032 1052 3052 :
1073 3019 1121 3053 In
1137 3019 1244 3068 prin-

263 3072 475 3123 cipiofece'c
493 3070 598 3106 Deus
618 3068 755 3105 coelum
781 3077 815 3104 et
837 3077 991 3105 terram.
1016 3069 1128 3107 Vides
1147 3069 1245 3106 ordi-

265 3138 343 3161 nem
371 3132 405 3161 et
434 3120 754 3171 consequentiam?
786 3120 906 3157 Primo
933 3130 1087 3170 tectum,
1121 3121 1249 3159 deinde

264 3177 519 3228 pavimentum.
548 3175 662 3221 Nam,
683 3181 723 3210 ut
756 3171 858 3221 dixi,
887 3186 954 3209 non
990 3173 1060 3223 legi
1087 3183 1247 3222 naturae,

265 3244 333 3268 non
352 3229 419 3268 arti
439 3227 605 3266 subditus
624 3234 718 3276 erat,
740 3224 800 3263 sed
824 3239 869 3263 ex
891 3234 1059 3277 potestate
1075 3227 1247 3278 operaba—

307 3382 319 3397 1=
336 3369 436 3404 savit.
451 3370 482 3402 in
498 3379 600 3412 marg.
618 3373 802 3410 τεμνόμενος.

1320 2675 1379 2717 Εἰς
1397 2673 1457 2721 τὸ,
1480 2673 1593 2726 Ἀρκεῖ
1609 2690 1662 2713 σοι
1681 2677 1701 2720 ἡ
1723 2674 1825 2726 χάρις
1846 2690 1930 2725 μου·
1948 2677 1968 2720 ἡ
1989 2673 2056 2725 γὰρ
2093 2673 2237 2725 δύναμίς
2270 2690 2335 2724 μου

1610 2737 1644 2773 ἐν
1668 2735 1826 2787 ἀσθενείᾳ
1839 2737 2043 2774 τελειοῦται.

1373 2856 1459 2895 “Ore
1485 2856 1543 2894 τὸν
1573 2856 1807 2908 παναρμόνιον
1839 2855 1973 2894 τουτονὶ
1998 2855 2129 2905 κόσμον
2164 2855 2199 2900 ἐξ
2230 2858 2340 2907 ἀρχῆς

1318 2910 1485 2947 ἔπλαττεν
1506 2913 1523 2946 ὁ
1542 2909 1649 2957 Θεὸς,
1678 2909 1838 2959 θαύματα
1858 2908 1916 2946 ἐπὶ
1943 2908 2115 2958 θαύμασιν
2137 2909 2341 2960 εἰργάσατο,

1319 2964 1357 3001 οὐ
1383 2961 1479 3015 νόμῳ
1505 2961 1637 3014 φύσεως
1669 2961 1850 3004 δουλεύων,
1881 2962 1957 2998 ἀλλ’
1993 2961 2130 3013 ἐξουσίᾳ
2164 2961 2341 3011 δυνάμεως

1321 3015 1436 3053 πάντα
1477 3014 1776 3065 ἶ’τεκταινόμενοᾳ
1811 3009 1895 3052 Οῗόν
1932 3029 1966 3051 τι
1999 3014 2110 3064 λέγω·
2147 3014 2209 3051 Ἓν
2247 3015 2339 3065 ἀρχῇ

1321 3068 1481 3114 ἐποίησεν
1498 3072 1515 3106 ὃ
1529 3068 1618 3110 Θεὸς
1637 3068 1694 3105 τὸν
1713 3066 1853 3118 οὐρανὸν
1872 3066 1930 3104 καὶ
1944 3066 2007 3112 τὴν
2026 3070 2106 3118 γῆν,
2128 3061 2226 3110 Εἶδες
2246 3066 2340 3110 τάξιν

1321 3121 1379 3158 καὶ
1408 3119 1629 3167 ἀκολουθίαν;
1653 3120 1828 3175 Πρρτερον
1861 3119 1919 3157 τὸν
1950 3120 2083 3171 ὄροφον,
2111 3119 2170 3156 καὶ
2199 3118 2277 3157 τότε
2302 3118 2342 3155 τὸ

1321 3173 1456 3225 ἔδαφος.
1472 3173 1590 3225 εὈπερ
1610 3172 1676 3225 γὰρ
1699 3176 1806 3219 εἷπον,
1828 3173 1864 3210 οὖ
1892 3171 1987 3223 νόμῳ
2004 3172 2136 3223 φύσεως
2152 3170 2340 3215 ἐδούλευεν,

1321 3226 1395 3264 οὐδὲ
1415 3225 1510 3270 τάξει
1536 3225 1685 3277 τέχνης,
1702 3227 1778 3263 ἀλλ’
1812 3224 1948 3276 ἐξουσίᾳ
1969 3225 2156 3275 δυνάμεως.
2177 3223 2342 3270 Εἷστήκεσ.
