<?xml version="1.0" encoding="UTF-8"?>
<!DOCTYPE html PUBLIC "-//W3C//DTD XHTML 1.0 Transitional//EN"
    "http://www.w3.org/TR/xhtml1/DTD/xhtml1-transitional.dtd">
<html xmlns="http://www.w3.org/1999/xhtml" xml:lang="en" lang="en">
 <head>
  <title>
</title>
<meta http-equiv="Content-Type" content="text/html;charset=utf-8" />
  <meta name='ocr-system' content='tesseract 3.04.00' />
  <meta name='ocr-capabilities' content='ocr_page ocr_carea ocr_par ocr_line ocrx_word'/>
</head>
<body>
  <div class='ocr_page' id='page_1' title='image "./operaomniaquaeex08johnuoft/operaomniaquaeex08johnuoft_0152.png"; bbox 0 0 2481 3678; ppageno 0'>
   <div class='ocr_carea' id='block_1_1' title="bbox 254 200 339 246">
    <p class='ocr_par' dir='ltr' id='par_1_1' title="bbox 254 200 339 246">
     <span class='ocr_line' id='line_1_1' title="bbox 254 200 339 246; baseline -0.012 0"><span class='ocrx_word' id='word_1_1' title='bbox 254 200 339 246; x_wconf 80' lang='lat'>126</span> 
     </span>
    </p>
   </div>
   <div class='ocr_carea' id='block_1_2' title="bbox 232 290 1270 2069">
    <p class='ocr_par' dir='ltr' id='par_1_2' title="bbox 232 290 1270 2069">
     <span class='ocr_line' id='line_1_2' title="bbox 246 290 1270 348; baseline -0.01 -12"><span class='ocrx_word' id='word_1_2' title='bbox 246 298 339 336; x_wconf 85' lang='lat' dir='ltr'>enim</span> <span class='ocrx_word' id='word_1_3' title='bbox 374 298 524 336; x_wconf 83' lang='lat' dir='ltr'>sciemus</span> <span class='ocrx_word' id='word_1_4' title='bbox 554 298 656 348; x_wconf 85' lang='lat' dir='ltr'>longe</span> <span class='ocrx_word' id='word_1_5' title='bbox 692 296 818 334; x_wconf 87' lang='lat' dir='ltr'>melius</span> <span class='ocrx_word' id='word_1_6' title='bbox 848 309 920 333; x_wconf 87' lang='lat' dir='ltr'>esse</span> <span class='ocrx_word' id='word_1_7' title='bbox 946 293 1005 331; x_wconf 89' lang='lat' dir='ltr'>his</span> <span class='ocrx_word' id='word_1_8' title='bbox 1037 292 1088 329; x_wconf 89' lang='lat' dir='ltr'>uti</span> <span class='ocrx_word' id='word_1_9' title='bbox 1117 290 1225 337; x_wconf 87' lang='lat' dir='ltr'>cibis,</span> <span class='ocrx_word' id='word_1_10' title='bbox 1246 291 1270 322; x_wconf 80' lang='lat' dir='ltr'>C</span> 
     </span>
     <span class='ocr_line' id='line_1_3' title="bbox 246 351 1226 411; baseline -0.008 -15"><span class='ocrx_word' id='word_1_11' title='bbox 246 373 353 410; x_wconf 86' lang='lat' dir='ltr'>quam</span> <span class='ocrx_word' id='word_1_12' title='bbox 377 359 528 411; x_wconf 89' lang='lat' dir='ltr'>impuris</span> <span class='ocrx_word' id='word_1_13' title='bbox 550 357 653 407; x_wconf 85' lang='lat' dir='ltr'>aliis;</span> <span class='ocrx_word' id='word_1_14' title='bbox 672 357 723 395; x_wconf 90' lang='lat' dir='ltr'>sic</span> <span class='ocrx_word' id='word_1_15' title='bbox 741 356 834 394; x_wconf 87' lang='lat' dir='ltr'>enim</span> <span class='ocrx_word' id='word_1_16' title='bbox 854 355 936 392; x_wconf 89' lang='lat' dir='ltr'>licet</span> <span class='ocrx_word' id='word_1_17' title='bbox 961 351 1226 404; x_wconf 86' lang='lat' dir='ltr'>intempestivas</span> 
     </span>
     <span class='ocr_line' id='line_1_4' title="bbox 247 414 1224 472; baseline -0.01 -13"><span class='ocrx_word' id='word_1_18' title='bbox 247 435 357 472; x_wconf 81' lang='lat' dir='ltr'>nugas</span> <span class='ocrx_word' id='word_1_19' title='bbox 371 430 403 459; x_wconf 91' lang='lat' dir='ltr'>et</span> <span class='ocrx_word' id='word_1_20' title='bbox 418 419 714 458; x_wconf 82' lang='lat' dir='ltr'>confabulationes</span> <span class='ocrx_word' id='word_1_21' title='bbox 730 431 867 457; x_wconf 85' lang='lat' dir='ltr'>vocare.</span> <span class='ocrx_word' id='word_1_22' title='bbox 890 415 989 462; x_wconf 84' lang='lat' dir='ltr'>Quid</span> <span class='ocrx_word' id='word_1_23' title='bbox 1005 414 1112 462; x_wconf 83' lang='lat' dir='ltr'>enim,</span> <span class='ocrx_word' id='word_1_24' title='bbox 1130 427 1224 465; x_wconf 62' lang='lat' dir='ltr'>quat-</span> 
     </span>
     <span class='ocr_line' id='line_1_5' title="bbox 246 473 1226 531; baseline -0.01 -11"><span class='ocrx_word' id='word_1_25' title='bbox 246 496 305 531; x_wconf 87' lang='lat' dir='ltr'>so,</span> <span class='ocrx_word' id='word_1_26' title='bbox 338 482 487 531; x_wconf 90' lang='lat' dir='ltr'>melius,</span> <span class='ocrx_word' id='word_1_27' title='bbox 514 481 558 519; x_wconf 91' lang='lat' dir='ltr'>de</span> <span class='ocrx_word' id='word_1_28' title='bbox 587 479 802 526; x_wconf 83' lang='lat' dir='ltr'>forensibus,</span> <span class='ocrx_word' id='word_1_29' title='bbox 833 477 877 515; x_wconf 91' lang='lat' dir='ltr'>de</span> <span class='ocrx_word' id='word_1_30' title='bbox 901 475 1152 529; x_wconf 86' lang='lat' dir='ltr'>judicialibus,</span> <span class='ocrx_word' id='word_1_31' title='bbox 1181 473 1226 511; x_wconf 90' lang='lat' dir='ltr'>de</span> 
     </span>
     <span class='ocr_line' id='line_1_6' title="bbox 245 535 1226 591; baseline -0.009 -11"><span class='ocrx_word' id='word_1_32' title='bbox 245 543 462 582; x_wconf 83' lang='lat' dir='ltr'>militaribus</span> <span class='ocrx_word' id='word_1_33' title='bbox 486 543 611 591; x_wconf 88' lang='lat' dir='ltr'>rebus,</span> <span class='ocrx_word' id='word_1_34' title='bbox 633 555 677 579; x_wconf 88' lang='lat' dir='ltr'>an</span> <span class='ocrx_word' id='word_1_35' title='bbox 699 540 741 578; x_wconf 90' lang='lat' dir='ltr'>de</span> <span class='ocrx_word' id='word_1_36' title='bbox 761 538 957 577; x_wconf 73' lang='lat' dir='ltr'>ca‘lestibus</span> <span class='ocrx_word' id='word_1_37' title='bbox 975 536 1093 588; x_wconf 90' lang='lat' dir='ltr'>loqui,</span> <span class='ocrx_word' id='word_1_38' title='bbox 1115 535 1226 586; x_wconf 81' lang='lat' dir='ltr'>deque</span> 
     </span>
     <span class='ocr_line' id='line_1_7' title="bbox 245 596 1224 657; baseline -0.01 -15"><span class='ocrx_word' id='word_1_39' title='bbox 245 606 288 642; x_wconf 91' lang='lat' dir='ltr'>iis</span> <span class='ocrx_word' id='word_1_40' title='bbox 306 619 383 656; x_wconf 70' lang='lat' dir='ltr'>qum</span> <span class='ocrx_word' id='word_1_41' title='bbox 402 614 480 657; x_wconf 86' lang='lat' dir='ltr'>post</span> <span class='ocrx_word' id='word_1_42' title='bbox 502 604 593 641; x_wconf 86' lang='lat' dir='ltr'>banc</span> <span class='ocrx_word' id='word_1_43' title='bbox 619 602 729 641; x_wconf 84' lang='lat' dir='ltr'>vitam</span> <span class='ocrx_word' id='word_1_44' title='bbox 754 599 945 640; x_wconf 75' lang='lat' dir='ltr'>eveniunt?</span> <span class='ocrx_word' id='word_1_45' title='bbox 967 597 1054 649; x_wconf 86' lang='lat' dir='ltr'>quid</span> <span class='ocrx_word' id='word_1_46' title='bbox 1084 596 1224 640; x_wconf 88' lang='lat' dir='ltr'>utilius,</span> 
     </span>
     <span class='ocr_line' id='line_1_8' title="bbox 243 660 1224 718; baseline -0.009 -13"><span class='ocrx_word' id='word_1_47' title='bbox 243 668 287 706; x_wconf 87' lang='lat' dir='ltr'>de</span> <span class='ocrx_word' id='word_1_48' title='bbox 307 669 420 708; x_wconf 74' lang='lat' dir='ltr'>vicino</span> <span class='ocrx_word' id='word_1_49' title='bbox 440 677 472 705; x_wconf 90' lang='lat' dir='ltr'>et</span> <span class='ocrx_word' id='word_1_50' title='bbox 491 668 567 718; x_wconf 89' lang='lat' dir='ltr'>ejus</span> <span class='ocrx_word' id='word_1_51' title='bbox 594 664 744 717; x_wconf 77' lang='lat' dir='ltr'>negotiis</span> <span class='ocrx_word' id='word_1_52' title='bbox 769 662 888 714; x_wconf 89' lang='lat' dir='ltr'>loqui,</span> <span class='ocrx_word' id='word_1_53' title='bbox 907 677 949 700; x_wconf 90' lang='lat' dir='ltr'>ac</span> <span class='ocrx_word' id='word_1_54' title='bbox 963 661 1006 700; x_wconf 87' lang='lat' dir='ltr'>de</span> <span class='ocrx_word' id='word_1_55' title='bbox 1024 660 1147 699; x_wconf 87' lang='lat' dir='ltr'>alienis</span> <span class='ocrx_word' id='word_1_56' title='bbox 1162 673 1224 697; x_wconf 89' lang='lat' dir='ltr'>cu-</span> 
     </span>
     <span class='ocr_line' id='line_1_9' title="bbox 244 722 1224 781; baseline -0.012 -13"><span class='ocrx_word' id='word_1_57' title='bbox 244 731 334 768; x_wconf 91' lang='lat' dir='ltr'>riose</span> <span class='ocrx_word' id='word_1_58' title='bbox 352 728 571 781; x_wconf 80' lang='lat' dir='ltr'>perquirere,</span> <span class='ocrx_word' id='word_1_59' title='bbox 601 740 645 764; x_wconf 87' lang='lat' dir='ltr'>an</span> <span class='ocrx_word' id='word_1_60' title='bbox 665 725 710 763; x_wconf 88' lang='lat' dir='ltr'>de</span> <span class='ocrx_word' id='word_1_61' title='bbox 735 724 869 776; x_wconf 84' lang='lat' dir='ltr'>angelis</span> <span class='ocrx_word' id='word_1_62' title='bbox 881 754 893 771; x_wconf 88' lang='lat'>,</span> <span class='ocrx_word' id='word_1_63' title='bbox 910 732 943 761; x_wconf 91' lang='lat' dir='ltr'>et</span> <span class='ocrx_word' id='word_1_64' title='bbox 961 722 1005 760; x_wconf 88' lang='lat' dir='ltr'>de</span> <span class='ocrx_word' id='word_1_65' title='bbox 1023 722 1127 759; x_wconf 83' lang='lat' dir='ltr'>rebus</span> <span class='ocrx_word' id='word_1_66' title='bbox 1146 734 1224 771; x_wconf 62' lang='lat' dir='ltr'>quai</span> 
     </span>
     <span class='ocr_line' id='line_1_10' title="bbox 242 780 1221 832; baseline -0.01 -4"><span class='ocrx_word' id='word_1_67' title='bbox 242 791 284 828; x_wconf 81' lang='lat' dir='ltr'>ad</span> <span class='ocrx_word' id='word_1_68' title='bbox 322 800 477 828; x_wconf 84' lang='lat' dir='ltr'>nostram</span> <span class='ocrx_word' id='word_1_69' title='bbox 510 796 693 827; x_wconf 85' lang='lat' dir='ltr'>vertuntur</span> <span class='ocrx_word' id='word_1_70' title='bbox 713 785 914 832; x_wconf 87' lang='lat' dir='ltr'>utilitatem,</span> <span class='ocrx_word' id='word_1_71' title='bbox 943 783 1052 822; x_wconf 84' lang='lat' dir='ltr'>verba</span> <span class='ocrx_word' id='word_1_72' title='bbox 1078 780 1221 819; x_wconf 71' lang='lat' dir='ltr'>facere?</span> 
     </span>
     <span class='ocr_line' id='line_1_11' title="bbox 243 841 1224 898; baseline -0.01 -10"><span class='ocrx_word' id='word_1_73' title='bbox 243 852 331 898; x_wconf 79' lang='lat' dir='ltr'>Quae</span> <span class='ocrx_word' id='word_1_74' title='bbox 350 850 444 888; x_wconf 87' lang='lat' dir='ltr'>enim</span> <span class='ocrx_word' id='word_1_75' title='bbox 458 849 568 888; x_wconf 89' lang='lat' dir='ltr'>vicini</span> <span class='ocrx_word' id='word_1_76' title='bbox 586 847 637 886; x_wconf 86' lang='lat' dir='ltr'>tui</span> <span class='ocrx_word' id='word_1_77' title='bbox 656 856 758 895; x_wconf 91' lang='lat' dir='ltr'>sunt,</span> <span class='ocrx_word' id='word_1_78' title='bbox 778 859 848 883; x_wconf 93' lang='lat' dir='ltr'>non</span> <span class='ocrx_word' id='word_1_79' title='bbox 868 854 944 893; x_wconf 70' lang='lat' dir='ltr'>tua,</span> <span class='ocrx_word' id='word_1_80' title='bbox 963 858 1040 895; x_wconf 81' lang='lat' dir='ltr'>quae</span> <span class='ocrx_word' id='word_1_81' title='bbox 1060 841 1107 880; x_wconf 84' lang='lat' dir='ltr'>ad</span> <span class='ocrx_word' id='word_1_82' title='bbox 1121 841 1224 880; x_wconf 78' lang='lat' dir='ltr'>caelos</span> 
     </span>
     <span class='ocr_line' id='line_1_12' title="bbox 243 903 1224 964; baseline -0.008 -16"><span class='ocrx_word' id='word_1_83' title='bbox 243 912 434 964; x_wconf 87' lang='lat' dir='ltr'>pertinent,</span> <span class='ocrx_word' id='word_1_84' title='bbox 470 921 530 949; x_wconf 85' lang='lat' dir='ltr'>tua</span> <span class='ocrx_word' id='word_1_85' title='bbox 562 918 654 948; x_wconf 91' lang='lat' dir='ltr'>sunt.</span> <span class='ocrx_word' id='word_1_86' title='bbox 683 906 753 946; x_wconf 86' lang='lat' dir='ltr'>Sed</span> <span class='ocrx_word' id='word_1_87' title='bbox 785 907 889 956; x_wconf 83' lang='lat' dir='ltr'>licet,</span> <span class='ocrx_word' id='word_1_88' title='bbox 919 905 1073 957; x_wconf 82' lang='lat' dir='ltr'>inquies,</span> <span class='ocrx_word' id='word_1_89' title='bbox 1106 903 1137 942; x_wconf 85' lang='lat' dir='ltr'>ei</span> <span class='ocrx_word' id='word_1_90' title='bbox 1164 903 1224 954; x_wconf 91' lang='lat' dir='ltr'>qui</span> 
     </span>
     <span class='ocr_line' id='line_1_13' title="bbox 241 965 1226 1021; baseline -0.011 -8"><span class='ocrx_word' id='word_1_91' title='bbox 241 974 349 1013; x_wconf 87' lang='lat' dir='ltr'>semel</span> <span class='ocrx_word' id='word_1_92' title='bbox 368 974 442 1012; x_wconf 75' lang='lat' dir='ltr'>luec</span> <span class='ocrx_word' id='word_1_93' title='bbox 469 972 584 1021; x_wconf 80' lang='lat' dir='ltr'>dixit,</span> <span class='ocrx_word' id='word_1_94' title='bbox 612 970 728 1009; x_wconf 87' lang='lat' dir='ltr'>omnia</span> <span class='ocrx_word' id='word_1_95' title='bbox 760 969 916 1021; x_wconf 87' lang='lat' dir='ltr'>implere.</span> <span class='ocrx_word' id='word_1_96' title='bbox 951 966 1048 1013; x_wconf 89' lang='lat' dir='ltr'>Quid</span> <span class='ocrx_word' id='word_1_97' title='bbox 1075 980 1159 1004; x_wconf 83' lang='lat' dir='ltr'>vero</span> <span class='ocrx_word' id='word_1_98' title='bbox 1182 965 1226 1003; x_wconf 88' lang='lat' dir='ltr'>dc</span> 
     </span>
     <span class='ocr_line' id='line_1_14' title="bbox 240 1027 1224 1086; baseline -0.009 -13"><span class='ocrx_word' id='word_1_99' title='bbox 240 1036 302 1084; x_wconf 89' lang='lat' dir='ltr'>iis,</span> <span class='ocrx_word' id='word_1_100' title='bbox 321 1050 399 1086; x_wconf 66' lang='lat' dir='ltr'>quat</span> <span class='ocrx_word' id='word_1_101' title='bbox 419 1036 546 1073; x_wconf 85' lang='lat' dir='ltr'>frustra</span> <span class='ocrx_word' id='word_1_102' title='bbox 561 1043 594 1071; x_wconf 92' lang='lat' dir='ltr'>et</span> <span class='ocrx_word' id='word_1_103' title='bbox 609 1043 736 1071; x_wconf 88' lang='lat' dir='ltr'>temere</span> <span class='ocrx_word' id='word_1_104' title='bbox 753 1029 959 1082; x_wconf 81' lang='lat' dir='ltr'>disputatis,</span> <span class='ocrx_word' id='word_1_105' title='bbox 979 1042 1048 1066; x_wconf 91' lang='lat' dir='ltr'>non</span> <span class='ocrx_word' id='word_1_106' title='bbox 1066 1027 1224 1080; x_wconf 90' lang='lat' dir='ltr'>idipsum</span> 
     </span>
     <span class='ocr_line' id='line_1_15' title="bbox 240 1088 1222 1148; baseline -0.01 -13"><span class='ocrx_word' id='word_1_107' title='bbox 240 1097 419 1148; x_wconf 75' lang='lat' dir='ltr'>cogitatis,</span> <span class='ocrx_word' id='word_1_108' title='bbox 447 1095 507 1134; x_wconf 89' lang='lat' dir='ltr'>sed</span> <span class='ocrx_word' id='word_1_109' title='bbox 531 1104 641 1133; x_wconf 85' lang='lat' dir='ltr'>totam</span> <span class='ocrx_word' id='word_1_110' title='bbox 669 1094 703 1131; x_wconf 92' lang='lat' dir='ltr'>in</span> <span class='ocrx_word' id='word_1_111' title='bbox 725 1092 796 1129; x_wconf 90' lang='lat' dir='ltr'>illis</span> <span class='ocrx_word' id='word_1_112' title='bbox 820 1091 931 1130; x_wconf 79' lang='lat' dir='ltr'>vitam</span> <span class='ocrx_word' id='word_1_113' title='bbox 960 1088 1222 1141; x_wconf 80' lang='lat' dir='ltr'>impendentes,</span> 
     </span>
     <span class='ocr_line' id='line_1_16' title="bbox 239 1148 1223 1209; baseline -0.009 -14"><span class='ocrx_word' id='word_1_114' title='bbox 239 1159 378 1196; x_wconf 86' lang='lat' dir='ltr'>nullum</span> <span class='ocrx_word' id='word_1_115' title='bbox 413 1154 664 1209; x_wconf 81' lang='lat' dir='ltr'>disputationis</span> <span class='ocrx_word' id='word_1_116' title='bbox 697 1153 804 1190; x_wconf 86' lang='lat' dir='ltr'>finem</span> <span class='ocrx_word' id='word_1_117' title='bbox 834 1149 1031 1189; x_wconf 74' lang='lat' dir='ltr'>invenitis?</span> <span class='ocrx_word' id='word_1_118' title='bbox 1063 1148 1223 1186; x_wconf 84' lang='lat' dir='ltr'>Necdum</span> 
     </span>
     <span class='ocr_line' id='line_1_17' title="bbox 237 1209 1224 1268; baseline -0.009 -11"><span class='ocrx_word' id='word_1_119' title='bbox 237 1220 317 1257; x_wconf 90' lang='lat' dir='ltr'>dico</span> <span class='ocrx_word' id='word_1_120' title='bbox 346 1219 402 1256; x_wconf 89' lang='lat' dir='ltr'>his</span> <span class='ocrx_word' id='word_1_121' title='bbox 434 1219 536 1268; x_wconf 83' lang='lat' dir='ltr'>longe</span> <span class='ocrx_word' id='word_1_122' title='bbox 567 1215 741 1268; x_wconf 80' lang='lat' dir='ltr'>graviora.</span> <span class='ocrx_word' id='word_1_123' title='bbox 777 1213 868 1249; x_wconf 85' lang='lat' dir='ltr'>Nam</span> <span class='ocrx_word' id='word_1_124' title='bbox 902 1210 963 1261; x_wconf 89' lang='lat' dir='ltr'>qui</span> <span class='ocrx_word' id='word_1_125' title='bbox 995 1209 1224 1248; x_wconf 83' lang='lat' dir='ltr'>modestiores</span> 
     </span>
     <span class='ocr_line' id='line_1_18' title="bbox 237 1269 1224 1327; baseline -0.011 -9"><span class='ocrx_word' id='word_1_126' title='bbox 237 1290 334 1327; x_wconf 77' lang='lat' dir='ltr'>sunt,</span> <span class='ocrx_word' id='word_1_127' title='bbox 356 1280 411 1317; x_wconf 90' lang='lat' dir='ltr'>his</span> <span class='ocrx_word' id='word_1_128' title='bbox 431 1279 475 1317; x_wconf 91' lang='lat' dir='ltr'>de</span> <span class='ocrx_word' id='word_1_129' title='bbox 513 1278 616 1316; x_wconf 86' lang='lat' dir='ltr'>rebus</span> <span class='ocrx_word' id='word_1_130' title='bbox 635 1283 761 1313; x_wconf 88' lang='lat' dir='ltr'>mutuo</span> <span class='ocrx_word' id='word_1_131' title='bbox 787 1271 1013 1319; x_wconf 73' lang='lat' dir='ltr'>fabulantur,</span> <span class='ocrx_word' id='word_1_132' title='bbox 1048 1269 1224 1322; x_wconf 82' lang='lat' dir='ltr'>segniores</span> 
     </span>
     <span class='ocr_line' id='line_1_19' title="bbox 237 1331 1223 1394; baseline -0.014 -12"><span class='ocrx_word' id='word_1_133' title='bbox 237 1353 353 1382; x_wconf 86' lang='lat' dir='ltr'>autem</span> <span class='ocrx_word' id='word_1_134' title='bbox 373 1341 656 1394; x_wconf 80' lang='lat' dir='ltr'>ignavioresque,</span> <span class='ocrx_word' id='word_1_135' title='bbox 677 1336 824 1384; x_wconf 86' lang='lat' dir='ltr'>mimos,</span> <span class='ocrx_word' id='word_1_136' title='bbox 854 1333 1053 1380; x_wconf 82' lang='lat' dir='ltr'>saltatores,</span> <span class='ocrx_word' id='word_1_137' title='bbox 1079 1331 1223 1384; x_wconf 81' lang='lat' dir='ltr'>aurigas</span> 
     </span>
     <span class='ocr_line' id='line_1_20' title="bbox 237 1393 1222 1454; baseline -0.014 -11"><span class='ocrx_word' id='word_1_138' title='bbox 237 1407 270 1443; x_wconf 87' lang='lat' dir='ltr'>iu</span> <span class='ocrx_word' id='word_1_139' title='bbox 287 1418 443 1442; x_wconf 86' lang='lat' dir='ltr'>sermone</span> <span class='ocrx_word' id='word_1_140' title='bbox 458 1415 594 1454; x_wconf 82' lang='lat' dir='ltr'>semper</span> <span class='ocrx_word' id='word_1_141' title='bbox 613 1407 770 1447; x_wconf 75' lang='lat' dir='ltr'>versant,</span> <span class='ocrx_word' id='word_1_142' title='bbox 791 1395 953 1434; x_wconf 82' lang='lat' dir='ltr'>auditum</span> <span class='ocrx_word' id='word_1_143' title='bbox 971 1393 1198 1445; x_wconf 79' lang='lat' dir='ltr'>deturpantes</span> <span class='ocrx_word' id='word_1_144' title='bbox 1212 1423 1222 1441; x_wconf 94' lang='lat'>,</span> 
     </span>
     <span class='ocr_line' id='line_1_21' title="bbox 235 1454 1222 1506; baseline -0.015 -1"><span class='ocrx_word' id='word_1_145' title='bbox 235 1467 391 1505; x_wconf 87' lang='lat' dir='ltr'>animam</span> <span class='ocrx_word' id='word_1_146' title='bbox 429 1464 694 1506; x_wconf 87' lang='lat' dir='ltr'>labefactantes;</span> <span class='ocrx_word' id='word_1_147' title='bbox 736 1466 968 1506; x_wconf 81' lang='lat' dir='ltr'>naturamque</span> <span class='ocrx_word' id='word_1_148' title='bbox 1014 1454 1222 1506; x_wconf 84' lang='lat' dir='ltr'>hujusmodi</span> 
     </span>
     <span class='ocr_line' id='line_1_22' title="bbox 235 1515 1222 1576; baseline -0.015 -10"><span class='ocrx_word' id='word_1_149' title='bbox 235 1525 496 1565; x_wconf 85' lang='lat' dir='ltr'>narrationibus</span> <span class='ocrx_word' id='word_1_150' title='bbox 514 1520 882 1576; x_wconf 38' lang='lat' dir='ltr'>p1·aecipitein‡ag11nt,</span> <span class='ocrx_word' id='word_1_151' title='bbox 903 1525 937 1554; x_wconf 92' lang='lat' dir='ltr'>et</span> <span class='ocrx_word' id='word_1_152' title='bbox 965 1515 1001 1553; x_wconf 90' lang='lat' dir='ltr'>in</span> <span class='ocrx_word' id='word_1_153' title='bbox 1031 1529 1135 1553; x_wconf 89' lang='lat' dir='ltr'>omne</span> <span class='ocrx_word' id='word_1_154' title='bbox 1153 1515 1222 1553; x_wconf 81' lang='lat' dir='ltr'>ssa—</span> 
     </span>
     <span class='ocr_line' id='line_1_23' title="bbox 234 1577 1224 1642; baseline -0.013 -15"><span class='ocrx_word' id='word_1_155' title='bbox 234 1590 311 1642; x_wconf 80' lang='lat' dir='ltr'>gitii</span> <span class='ocrx_word' id='word_1_156' title='bbox 342 1602 452 1640; x_wconf 76' lang='lat' dir='ltr'>genus</span> <span class='ocrx_word' id='word_1_157' title='bbox 478 1586 638 1624; x_wconf 83' lang='lat' dir='ltr'>animum</span> <span class='ocrx_word' id='word_1_158' title='bbox 670 1582 853 1620; x_wconf 86' lang='lat' dir='ltr'>inducunt.</span> <span class='ocrx_word' id='word_1_159' title='bbox 882 1579 976 1616; x_wconf 78' lang='lat' dir='ltr'>Nam</span> <span class='ocrx_word' id='word_1_160' title='bbox 1009 1577 1224 1628; x_wconf 83' lang='lat' dir='ltr'>simulatque</span> 
     </span>
     <span class='ocr_line' id='line_1_24' title="bbox 235 1638 1224 1698; baseline -0.014 -9"><span class='ocrx_word' id='word_1_161' title='bbox 235 1650 409 1688; x_wconf 83' lang='lat' dir='ltr'>saltatoris</span> <span class='ocrx_word' id='word_1_162' title='bbox 443 1661 568 1686; x_wconf 89' lang='lat' dir='ltr'>nomen</span> <span class='ocrx_word' id='word_1_163' title='bbox 599 1645 777 1698; x_wconf 79' lang='lat' dir='ltr'>prolatum</span> <span class='ocrx_word' id='word_1_164' title='bbox 793 1640 881 1689; x_wconf 87' lang='lat' dir='ltr'>suit,</span> <span class='ocrx_word' id='word_1_165' title='bbox 906 1639 1026 1678; x_wconf 84' lang='lat' dir='ltr'>statim</span> <span class='ocrx_word' id='word_1_166' title='bbox 1047 1639 1083 1677; x_wconf 90' lang='lat' dir='ltr'>in</span> <span class='ocrx_word' id='word_1_167' title='bbox 1103 1638 1224 1677; x_wconf 86' lang='lat' dir='ltr'>anima</span> 
     </span>
     <span class='ocr_line' id='line_1_25' title="bbox 235 1700 1225 1764; baseline -0.013 -14"><span class='ocrx_word' id='word_1_168' title='bbox 235 1711 440 1764; x_wconf 84' lang='lat' dir='ltr'>depingitur</span> <span class='ocrx_word' id='word_1_169' title='bbox 468 1710 544 1762; x_wconf 84' lang='lat' dir='ltr'>ejus</span> <span class='ocrx_word' id='word_1_170' title='bbox 564 1707 681 1754; x_wconf 86' lang='lat' dir='ltr'>facies,</span> <span class='ocrx_word' id='word_1_171' title='bbox 704 1717 825 1750; x_wconf 87' lang='lat' dir='ltr'>coma,</span> <span class='ocrx_word' id='word_1_172' title='bbox 846 1701 963 1739; x_wconf 87' lang='lat' dir='ltr'>mollis</span> <span class='ocrx_word' id='word_1_173' title='bbox 991 1700 1113 1748; x_wconf 80' lang='lat' dir='ltr'>vestis,</span> <span class='ocrx_word' id='word_1_174' title='bbox 1146 1700 1225 1738; x_wconf 88' lang='lat' dir='ltr'>ille-</span> 
     </span>
     <span class='ocr_line' id='line_1_26' title="bbox 236 1762 1225 1824; baseline -0.009 -14"><span class='ocrx_word' id='word_1_175' title='bbox 236 1787 303 1824; x_wconf 88' lang='lat' dir='ltr'>que</span> <span class='ocrx_word' id='word_1_176' title='bbox 326 1782 419 1810; x_wconf 86' lang='lat' dir='ltr'>totus</span> <span class='ocrx_word' id='word_1_177' title='bbox 443 1771 499 1809; x_wconf 81' lang='lat' dir='ltr'>his</span> <span class='ocrx_word' id='word_1_178' title='bbox 518 1770 620 1819; x_wconf 79' lang='lat' dir='ltr'>longe</span> <span class='ocrx_word' id='word_1_179' title='bbox 648 1765 801 1805; x_wconf 89' lang='lat' dir='ltr'>mollior.</span> <span class='ocrx_word' id='word_1_180' title='bbox 832 1763 933 1800; x_wconf 83' lang='lat' dir='ltr'>Alius</span> <span class='ocrx_word' id='word_1_181' title='bbox 956 1775 1098 1799; x_wconf 87' lang='lat' dir='ltr'>rursum</span> <span class='ocrx_word' id='word_1_182' title='bbox 1124 1762 1225 1801; x_wconf 77' lang='lat' dir='ltr'>flam-</span> 
     </span>
     <span class='ocr_line' id='line_1_27' title="bbox 235 1822 1226 1877; baseline -0.012 -5"><span class='ocrx_word' id='word_1_183' title='bbox 235 1850 330 1872; x_wconf 86' lang='lat' dir='ltr'>mam</span> <span class='ocrx_word' id='word_1_184' title='bbox 356 1833 485 1872; x_wconf 77' lang='lat' dir='ltr'>excitat</span> <span class='ocrx_word' id='word_1_185' title='bbox 517 1841 549 1869; x_wconf 87' lang='lat' dir='ltr'>et</span> <span class='ocrx_word' id='word_1_186' title='bbox 581 1832 691 1877; x_wconf 88' lang='lat' dir='ltr'>fovet,</span> <span class='ocrx_word' id='word_1_187' title='bbox 719 1827 807 1864; x_wconf 90' lang='lat' dir='ltr'>dum</span> <span class='ocrx_word' id='word_1_188' title='bbox 836 1823 1053 1863; x_wconf 83' lang='lat' dir='ltr'>meretricem</span> <span class='ocrx_word' id='word_1_189' title='bbox 1077 1822 1112 1861; x_wconf 87' lang='lat' dir='ltr'>in</span> <span class='ocrx_word' id='word_1_190' title='bbox 1143 1837 1226 1861; x_wconf 91' lang='lat' dir='ltr'>con-</span> 
     </span>
     <span class='ocr_line' id='line_1_28' title="bbox 234 1884 1218 1941; baseline -0.011 -9"><span class='ocrx_word' id='word_1_191' title='bbox 234 1896 485 1933; x_wconf 74' lang='lat' dir='ltr'>fabulationem</span> <span class='ocrx_word' id='word_1_192' title='bbox 521 1890 674 1938; x_wconf 78' lang='lat' dir='ltr'>inducit,</span> <span class='ocrx_word' id='word_1_193' title='bbox 705 1889 849 1941; x_wconf 83' lang='lat' dir='ltr'>ejusque</span> <span class='ocrx_word' id='word_1_194' title='bbox 881 1884 1006 1931; x_wconf 82' lang='lat' dir='ltr'>verba,</span> <span class='ocrx_word' id='word_1_195' title='bbox 1036 1884 1218 1932; x_wconf 82' lang='lat' dir='ltr'>habitum,</span> 
     </span>
     <span class='ocr_line' id='line_1_29' title="bbox 233 1944 1222 2001; baseline -0.011 -8"><span class='ocrx_word' id='word_1_196' title='bbox 233 1957 352 1994; x_wconf 85' lang='lat' dir='ltr'>oeulos</span> <span class='ocrx_word' id='word_1_197' title='bbox 377 1955 550 2001; x_wconf 79' lang='lat' dir='ltr'>lascivos,</span> <span class='ocrx_word' id='word_1_198' title='bbox 570 1952 714 1990; x_wconf 88' lang='lat' dir='ltr'>mollem</span> <span class='ocrx_word' id='word_1_199' title='bbox 737 1955 934 2000; x_wconf 87' lang='lat' dir='ltr'>aspectum,</span> <span class='ocrx_word' id='word_1_200' title='bbox 960 1944 1139 1983; x_wconf 85' lang='lat' dir='ltr'>cincinnos</span> <span class='ocrx_word' id='word_1_201' title='bbox 1160 1959 1222 1983; x_wconf 80' lang='lat' dir='ltr'>ca-</span> 
     </span>
     <span class='ocr_line' id='line_1_30' title="bbox 232 2006 1222 2069; baseline -0.011 -15"><span class='ocrx_word' id='word_1_202' title='bbox 232 2018 412 2069; x_wconf 87' lang='lat' dir='ltr'>pillorum,</span> <span class='ocrx_word' id='word_1_203' title='bbox 444 2017 578 2053; x_wconf 81' lang='lat' dir='ltr'>fucatas</span> <span class='ocrx_word' id='word_1_204' title='bbox 613 2013 794 2066; x_wconf 83' lang='lat' dir='ltr'>pictasque</span> <span class='ocrx_word' id='word_1_205' title='bbox 826 2022 942 2059; x_wconf 79' lang='lat' dir='ltr'>genas.</span> <span class='ocrx_word' id='word_1_206' title='bbox 981 2008 1104 2045; x_wconf 81' lang='lat' dir='ltr'>Annon</span> <span class='ocrx_word' id='word_1_207' title='bbox 1133 2006 1222 2057; x_wconf 88' lang='lat' dir='ltr'>quid</span> 
     </span>
    </p>
   </div>
   <div class='ocr_carea' id='block_1_3' title="bbox 692 208 1229 245">
    <p class='ocr_par' dir='ltr' id='par_1_3' title="bbox 692 208 1229 245">
     <span class='ocr_line' id='line_1_31' title="bbox 692 208 1229 245; baseline -0.015 0"><span class='ocrx_word' id='word_1_208' title='bbox 692 216 729 245; x_wconf 84' lang='lat' dir='ltr'>S.</span> <span class='ocrx_word' id='word_1_209' title='bbox 766 213 950 244; x_wconf 58' lang='lat' dir='ltr'>somnis</span> <span class='ocrx_word' id='word_1_210' title='bbox 985 208 1229 241; x_wconf 79' lang='lat' dir='ltr'>CllRYSOST·</span> 
     </span>
    </p>
   </div>
   <div class='ocr_carea' id='block_1_4' title="bbox 233 2068 1281 2129">
    <p class='ocr_par' dir='ltr' id='par_1_4' title="bbox 233 2068 1281 2129">
     <span class='ocr_line' id='line_1_32' title="bbox 233 2068 1281 2129; baseline -0.007 -14"><span class='ocrx_word' id='word_1_211' title='bbox 233 2079 428 2116; x_wconf 86' lang='lat' dir='ltr'>humanum</span> <span class='ocrx_word' id='word_1_212' title='bbox 444 2076 536 2129; x_wconf 84' lang='lat' dir='ltr'>passi</span> <span class='ocrx_word' id='word_1_213' title='bbox 555 2074 638 2113; x_wconf 91' lang='lat' dir='ltr'>estis</span> <span class='ocrx_word' id='word_1_214' title='bbox 659 2073 747 2111; x_wconf 89' lang='lat' dir='ltr'>dum</span> <span class='ocrx_word' id='word_1_215' title='bbox 767 2071 844 2108; x_wconf 84' lang='lat' dir='ltr'>haec</span> <span class='ocrx_word' id='word_1_216' title='bbox 859 2068 1068 2107; x_wconf 74' lang='lat' dir='ltr'>narrarem?</span> <span class='ocrx_word' id='word_1_217' title='bbox 1088 2068 1162 2106; x_wconf 89' lang='lat' dir='ltr'>Sed</span> <span class='ocrx_word' id='word_1_218' title='bbox 1181 2082 1223 2106; x_wconf 91' lang='lat' dir='ltr'>ne</span> <span class='ocrx_word' id='word_1_219' title='bbox 1233 2083 1281 2108; x_wconf 82' lang='lat'>110</span> 
     </span>
    </p>
   </div>
   <div class='ocr_carea' id='block_1_5' title="bbox 234 2122 1271 2192">
    <p class='ocr_par' dir='ltr' id='par_1_5' title="bbox 234 2122 1271 2192">
     <span class='ocr_line' id='line_1_33' title="bbox 234 2122 1271 2192; baseline -0.011 -15"><span class='ocrx_word' id='word_1_220' title='bbox 234 2141 362 2192; x_wconf 83' lang='lat' dir='ltr'>pudeat</span> <span class='ocrx_word' id='word_1_221' title='bbox 378 2140 492 2183; x_wconf 71' lang='lat' dir='ltr'>vobis,</span> <span class='ocrx_word' id='word_1_222' title='bbox 510 2152 552 2175; x_wconf 91' lang='lat' dir='ltr'>ne</span> <span class='ocrx_word' id='word_1_223' title='bbox 571 2133 785 2174; x_wconf 84' lang='lat' dir='ltr'>erubescatis</span> <span class='ocrx_word' id='word_1_224' title='bbox 803 2148 809 2168; x_wconf 91' lang='lat'>:</span> <span class='ocrx_word' id='word_1_225' title='bbox 829 2140 963 2169; x_wconf 85' lang='lat' dir='ltr'>naturae</span> <span class='ocrx_word' id='word_1_226' title='bbox 995 2143 1145 2179; x_wconf 85' lang='lat' dir='ltr'>namque</span> <span class='ocrx_word' id='word_1_227' title='bbox 1164 2143 1222 2167; x_wconf 88' lang='lat' dir='ltr'>ne-</span> <span class='ocrx_word' id='word_1_228' title='bbox 1245 2122 1271 2150; x_wconf 77' lang='grc' dir='ltr'><strong>Α</strong></span> 
     </span>
    </p>
   </div>
   <div class='ocr_carea' id='block_1_6' title="bbox 233 2190 1224 2431">
    <p class='ocr_par' dir='ltr' id='par_1_6' title="bbox 233 2190 1224 2431">
     <span class='ocr_line' id='line_1_34' title="bbox 234 2190 1224 2250; baseline -0.014 -10"><span class='ocrx_word' id='word_1_229' title='bbox 234 2201 375 2239; x_wconf 85' lang='lat' dir='ltr'>cessitas</span> <span class='ocrx_word' id='word_1_230' title='bbox 395 2200 431 2238; x_wconf 88' lang='lat' dir='ltr'>id</span> <span class='ocrx_word' id='word_1_231' title='bbox 447 2199 572 2250; x_wconf 69' lang='lat' dir='ltr'>exigit,</span> <span class='ocrx_word' id='word_1_232' title='bbox 594 2206 627 2234; x_wconf 91' lang='lat' dir='ltr'>et</span> <span class='ocrx_word' id='word_1_233' title='bbox 643 2196 692 2233; x_wconf 86' lang='lat' dir='ltr'>sic</span> <span class='ocrx_word' id='word_1_234' title='bbox 705 2194 822 2232; x_wconf 83' lang='lat' dir='ltr'>anima</span> <span class='ocrx_word' id='word_1_235' title='bbox 837 2191 992 2229; x_wconf 81' lang='lat' dir='ltr'>aflicitur</span> <span class='ocrx_word' id='word_1_236' title='bbox 1006 2204 1070 2242; x_wconf 89' lang='lat' dir='ltr'>pro</span> <span class='ocrx_word' id='word_1_237' title='bbox 1089 2190 1224 2228; x_wconf 85' lang='lat' dir='ltr'>ratione</span> 
     </span>
     <span class='ocr_line' id='line_1_35' title="bbox 234 2251 1223 2313; baseline -0.014 -12"><span class='ocrx_word' id='word_1_238' title='bbox 234 2277 356 2300; x_wconf 84' lang='lat' dir='ltr'>corum</span> <span class='ocrx_word' id='word_1_239' title='bbox 373 2277 450 2313; x_wconf 76' lang='lat' dir='ltr'>quae</span> <span class='ocrx_word' id='word_1_240' title='bbox 471 2268 670 2298; x_wconf 86' lang='lat' dir='ltr'>narrantur.</span> <span class='ocrx_word' id='word_1_241' title='bbox 691 2254 796 2302; x_wconf 84' lang='lat' dir='ltr'>Quod</span> <span class='ocrx_word' id='word_1_242' title='bbox 821 2253 848 2292; x_wconf 89' lang='lat' dir='ltr'>si</span> <span class='ocrx_word' id='word_1_243' title='bbox 867 2268 921 2290; x_wconf 87' lang='lat' dir='ltr'>me</span> <span class='ocrx_word' id='word_1_244' title='bbox 941 2252 1122 2302; x_wconf 75' lang='lat' dir='ltr'>loquente,</span> <span class='ocrx_word' id='word_1_245' title='bbox 1139 2251 1170 2288; x_wconf 86' lang='lat' dir='ltr'>si</span> <span class='ocrx_word' id='word_1_246' title='bbox 1188 2252 1223 2289; x_wconf 83' lang='lat' dir='ltr'>in</span> 
     </span>
     <span class='ocr_line' id='line_1_36' title="bbox 233 2311 1224 2367; baseline -0.011 -6"><span class='ocrx_word' id='word_1_247' title='bbox 233 2323 377 2361; x_wconf 86' lang='lat' dir='ltr'>ecclesia</span> <span class='ocrx_word' id='word_1_248' title='bbox 407 2330 549 2367; x_wconf 86' lang='lat' dir='ltr'>stantes,</span> <span class='ocrx_word' id='word_1_249' title='bbox 569 2319 597 2357; x_wconf 89' lang='lat' dir='ltr'>si</span> <span class='ocrx_word' id='word_1_250' title='bbox 618 2318 663 2356; x_wconf 86' lang='lat' dir='ltr'>ab</span> <span class='ocrx_word' id='word_1_251' title='bbox 683 2317 754 2355; x_wconf 91' lang='lat' dir='ltr'>illis</span> <span class='ocrx_word' id='word_1_252' title='bbox 785 2313 907 2353; x_wconf 83' lang='lat' dir='ltr'>semoti</span> <span class='ocrx_word' id='word_1_253' title='bbox 938 2313 1057 2360; x_wconf 89' lang='lat' dir='ltr'>rebus,</span> <span class='ocrx_word' id='word_1_254' title='bbox 1086 2311 1224 2362; x_wconf 86' lang='lat' dir='ltr'>aliquid</span> 
     </span>
     <span class='ocr_line' id='line_1_37' title="bbox 233 2372 1224 2431; baseline -0.013 -8"><span class='ocrx_word' id='word_1_255' title='bbox 233 2385 431 2422; x_wconf 89' lang='lat' dir='ltr'>humanum</span> <span class='ocrx_word' id='word_1_256' title='bbox 454 2382 635 2420; x_wconf 85' lang='lat' dir='ltr'>audientes</span> <span class='ocrx_word' id='word_1_257' title='bbox 655 2376 833 2431; x_wconf 81' lang='lat' dir='ltr'>patimini,</span> <span class='ocrx_word' id='word_1_258' title='bbox 855 2374 969 2425; x_wconf 78' lang='lat' dir='ltr'>cogita</span> <span class='ocrx_word' id='word_1_259' title='bbox 998 2387 1068 2424; x_wconf 88' lang='lat' dir='ltr'>quo</span> <span class='ocrx_word' id='word_1_260' title='bbox 1095 2372 1224 2410; x_wconf 77' lang='lat' dir='ltr'>affectu</span> 
     </span>
    </p>
   </div>
   <div class='ocr_carea' id='block_1_7' title="bbox 115 2436 1224 2497">
    <p class='ocr_par' dir='ltr' id='par_1_7' title="bbox 115 2436 1224 2497">
     <span class='ocr_line' id='line_1_38' title="bbox 115 2436 1224 2497; baseline -0.008 -16"><span class='ocrx_word' id='word_1_261' title='bbox 115 2456 222 2482; x_wconf 63' lang='lat' dir='ltr'>Gonu-a</span> <span class='ocrx_word' id='word_1_262' title='bbox 236 2448 305 2485; x_wconf 87' lang='lat' dir='ltr'>sint</span> <span class='ocrx_word' id='word_1_263' title='bbox 324 2448 348 2484; x_wconf 89' lang='lat' dir='ltr'>ii</span> <span class='ocrx_word' id='word_1_264' title='bbox 364 2446 424 2497; x_wconf 84' lang='lat' dir='ltr'>qui</span> <span class='ocrx_word' id='word_1_265' title='bbox 444 2446 477 2483; x_wconf 89' lang='lat' dir='ltr'>iu</span> <span class='ocrx_word' id='word_1_266' title='bbox 494 2445 629 2482; x_wconf 85' lang='lat' dir='ltr'>theatro</span> <span class='ocrx_word' id='word_1_267' title='bbox 645 2441 778 2487; x_wconf 89' lang='lat' dir='ltr'>sedent,</span> <span class='ocrx_word' id='word_1_268' title='bbox 799 2438 940 2476; x_wconf 84' lang='lat' dir='ltr'>lieentia</span> <span class='ocrx_word' id='word_1_269' title='bbox 959 2437 1114 2474; x_wconf 83' lang='lat' dir='ltr'>fruentes</span> <span class='ocrx_word' id='word_1_270' title='bbox 1133 2436 1224 2472; x_wconf 89' lang='lat' dir='ltr'>mul-</span> 
     </span>
    </p>
   </div>
   <div class='ocr_carea' id='block_1_8' title="bbox 39 2498 158 2523">
    <p class='ocr_par' dir='ltr' id='par_1_8' title="bbox 39 2498 158 2523">
     <span class='ocr_line' id='line_1_39' title="bbox 39 2498 158 2523; baseline -0.008 -1"><span class='ocrx_word' id='word_1_271' title='bbox 39 2498 158 2523; x_wconf 63' lang='lat' dir='ltr'>llic-utra.</span> 
     </span>
    </p>
   </div>
   <div class='ocr_carea' id='block_1_9' title="bbox 236 2499 1228 3045">
    <p class='ocr_par' dir='ltr' id='par_1_9' title="bbox 236 2499 1228 3045">
     <span class='ocr_line' id='line_1_40' title="bbox 237 2499 1224 2553; baseline -0.015 -6"><span class='ocrx_word' id='word_1_272' title='bbox 237 2518 285 2553; x_wconf 79' lang='lat' dir='ltr'>ta,</span> <span class='ocrx_word' id='word_1_273' title='bbox 307 2519 405 2546; x_wconf 75' lang='lat' dir='ltr'>extra</span> <span class='ocrx_word' id='word_1_274' title='bbox 424 2508 519 2544; x_wconf 84' lang='lat' dir='ltr'>huuc</span> <span class='ocrx_word' id='word_1_275' title='bbox 539 2506 727 2543; x_wconf 83' lang='lat' dir='ltr'>honestum</span> <span class='ocrx_word' id='word_1_276' title='bbox 745 2499 1058 2548; x_wconf 83' lang='lat' dir='ltr'>venerandumque</span> <span class='ocrx_word' id='word_1_277' title='bbox 1087 2510 1224 2534; x_wconf 90' lang='lat' dir='ltr'>conses-</span> 
     </span>
     <span class='ocr_line' id='line_1_41' title="bbox 237 2559 1226 2619; baseline -0.014 -11"><span class='ocrx_word' id='word_1_278' title='bbox 237 2585 330 2614; x_wconf 76' lang='lat' dir='ltr'>sum,</span> <span class='ocrx_word' id='word_1_279' title='bbox 351 2584 432 2607; x_wconf 89' lang='lat' dir='ltr'>eum</span> <span class='ocrx_word' id='word_1_280' title='bbox 458 2566 677 2619; x_wconf 86' lang='lat' dir='ltr'>impudentia</span> <span class='ocrx_word' id='word_1_281' title='bbox 708 2576 835 2613; x_wconf 82' lang='lat' dir='ltr'>magna</span> <span class='ocrx_word' id='word_1_282' title='bbox 856 2561 915 2598; x_wconf 84' lang='lat' dir='ltr'>illa</span> <span class='ocrx_word' id='word_1_283' title='bbox 938 2559 1094 2598; x_wconf 86' lang='lat' dir='ltr'>videntes</span> <span class='ocrx_word' id='word_1_284' title='bbox 1111 2567 1143 2596; x_wconf 90' lang='lat' dir='ltr'>et</span> <span class='ocrx_word' id='word_1_285' title='bbox 1161 2572 1226 2595; x_wconf 89' lang='lat' dir='ltr'>au-</span> 
     </span>
     <span class='ocr_line' id='line_1_42' title="bbox 236 2620 1227 2678; baseline -0.013 -9"><span class='ocrx_word' id='word_1_286' title='bbox 236 2632 382 2669; x_wconf 87' lang='lat' dir='ltr'>dientes.</span> <span class='ocrx_word' id='word_1_287' title='bbox 401 2632 446 2668; x_wconf 79' lang='lat' dir='ltr'>Et</span> <span class='ocrx_word' id='word_1_288' title='bbox 465 2644 542 2678; x_wconf 85' lang='lat' dir='ltr'>cur,</span> <span class='ocrx_word' id='word_1_289' title='bbox 563 2628 656 2664; x_wconf 86' lang='lat' dir='ltr'>dicet</span> <span class='ocrx_word' id='word_1_290' title='bbox 672 2627 818 2664; x_wconf 87' lang='lat' dir='ltr'>fortasse</span> <span class='ocrx_word' id='word_1_291' title='bbox 841 2622 1019 2674; x_wconf 83' lang='lat' dir='ltr'>quispiam</span> <span class='ocrx_word' id='word_1_292' title='bbox 1040 2635 1085 2658; x_wconf 82' lang='lat' dir='ltr'>ex</span> <span class='ocrx_word' id='word_1_293' title='bbox 1104 2620 1148 2657; x_wconf 83' lang='lat' dir='ltr'>iis</span> <span class='ocrx_word' id='word_1_294' title='bbox 1163 2620 1227 2671; x_wconf 88' lang='lat' dir='ltr'>qui</span> 
     </span>
     <span class='ocr_line' id='line_1_43' title="bbox 239 2682 1227 2735; baseline -0.014 -3"><span class='ocrx_word' id='word_1_295' title='bbox 239 2708 306 2731; x_wconf 88' lang='lat' dir='ltr'>non</span> <span class='ocrx_word' id='word_1_296' title='bbox 336 2692 506 2730; x_wconf 86' lang='lat' dir='ltr'>adhibent</span> <span class='ocrx_word' id='word_1_297' title='bbox 538 2689 711 2735; x_wconf 89' lang='lat' dir='ltr'>animum,</span> <span class='ocrx_word' id='word_1_298' title='bbox 744 2687 772 2723; x_wconf 87' lang='lat' dir='ltr'>si</span> <span class='ocrx_word' id='word_1_299' title='bbox 802 2694 936 2722; x_wconf 64' lang='lat' dir='ltr'>natura)</span> <span class='ocrx_word' id='word_1_300' title='bbox 962 2682 1147 2721; x_wconf 66' lang='lat' dir='ltr'>necessitas</span> <span class='ocrx_word' id='word_1_301' title='bbox 1178 2682 1227 2719; x_wconf 88' lang='lat' dir='ltr'>sic</span> 
     </span>
     <span class='ocr_line' id='line_1_44' title="bbox 238 2743 1228 2799; baseline -0.012 -6"><span class='ocrx_word' id='word_1_302' title='bbox 238 2756 394 2793; x_wconf 85' lang='lat' dir='ltr'>animam</span> <span class='ocrx_word' id='word_1_303' title='bbox 422 2752 546 2799; x_wconf 77' lang='lat' dir='ltr'>afficit,</span> <span class='ocrx_word' id='word_1_304' title='bbox 575 2750 635 2787; x_wconf 89' lang='lat' dir='ltr'>illa</span> <span class='ocrx_word' id='word_1_305' title='bbox 670 2748 805 2796; x_wconf 85' lang='lat' dir='ltr'>relicta,</span> <span class='ocrx_word' id='word_1_306' title='bbox 833 2761 896 2784; x_wconf 85' lang='lat' dir='ltr'>nos</span> <span class='ocrx_word' id='word_1_307' title='bbox 928 2745 1101 2783; x_wconf 73' lang='lat' dir='ltr'>accusas?</span> <span class='ocrx_word' id='word_1_308' title='bbox 1134 2743 1228 2791; x_wconf 83' lang='lat' dir='ltr'>Quia</span> 
     </span>
     <span class='ocr_line' id='line_1_45' title="bbox 241 2808 1225 2859; baseline -0.014 -4"><span class='ocrx_word' id='word_1_309' title='bbox 241 2818 315 2855; x_wconf 79' lang='lat' dir='ltr'>haec</span> <span class='ocrx_word' id='word_1_310' title='bbox 342 2814 522 2854; x_wconf 87' lang='lat' dir='ltr'>audiendo</span> <span class='ocrx_word' id='word_1_311' title='bbox 550 2809 717 2857; x_wconf 83' lang='lat' dir='ltr'>emolliri,</span> <span class='ocrx_word' id='word_1_312' title='bbox 746 2808 840 2846; x_wconf 89' lang='lat' dir='ltr'>illud</span> <span class='ocrx_word' id='word_1_313' title='bbox 867 2822 956 2859; x_wconf 86' lang='lat' dir='ltr'>opus</span> <span class='ocrx_word' id='word_1_314' title='bbox 983 2815 1034 2844; x_wconf 87' lang='lat' dir='ltr'>est</span> <span class='ocrx_word' id='word_1_315' title='bbox 1062 2815 1196 2844; x_wconf 61' lang='lat' dir='ltr'>natura}</span> <span class='ocrx_word' id='word_1_316' title='bbox 1218 2821 1225 2841; x_wconf 95' lang='lat'><strong>:</strong></span> 
     </span>
     <span class='ocr_line' id='line_1_46' title="bbox 238 2865 1226 2919; baseline -0.013 -3"><span class='ocrx_word' id='word_1_317' title='bbox 238 2878 321 2915; x_wconf 83' lang='lat' dir='ltr'>talia</span> <span class='ocrx_word' id='word_1_318' title='bbox 340 2885 458 2915; x_wconf 86' lang='lat' dir='ltr'>autem</span> <span class='ocrx_word' id='word_1_319' title='bbox 489 2873 625 2919; x_wconf 86' lang='lat' dir='ltr'>audire,</span> <span class='ocrx_word' id='word_1_320' title='bbox 645 2884 714 2908; x_wconf 91' lang='lat' dir='ltr'>non</span> <span class='ocrx_word' id='word_1_321' title='bbox 743 2879 876 2906; x_wconf 72' lang='lat' dir='ltr'>naturae</span> <span class='ocrx_word' id='word_1_322' title='bbox 903 2877 967 2917; x_wconf 89' lang='lat' dir='ltr'>est,</span> <span class='ocrx_word' id='word_1_323' title='bbox 998 2867 1059 2905; x_wconf 89' lang='lat' dir='ltr'>sed</span> <span class='ocrx_word' id='word_1_324' title='bbox 1086 2865 1226 2904; x_wconf 85' lang='lat' dir='ltr'>arbitrii</span> 
     </span>
     <span class='ocr_line' id='line_1_47' title="bbox 238 2927 1226 2992; baseline -0.012 -15"><span class='ocrx_word' id='word_1_325' title='bbox 238 2947 431 2992; x_wconf 86' lang='lat' dir='ltr'>peccatum.</span> <span class='ocrx_word' id='word_1_326' title='bbox 452 2931 751 2983; x_wconf 85' lang='lat' dir='ltr'>Quandoquidem</span> <span class='ocrx_word' id='word_1_327' title='bbox 770 2944 851 2967; x_wconf 90' lang='lat' dir='ltr'>cum</span> <span class='ocrx_word' id='word_1_328' title='bbox 872 2929 934 2979; x_wconf 88' lang='lat' dir='ltr'>qui</span> <span class='ocrx_word' id='word_1_329' title='bbox 953 2942 988 2965; x_wconf 88' lang='lat' dir='ltr'>se</span> <span class='ocrx_word' id='word_1_330' title='bbox 1008 2928 1082 2978; x_wconf 81' lang='lat' dir='ltr'>igni</span> <span class='ocrx_word' id='word_1_331' title='bbox 1102 2927 1226 2966; x_wconf 87' lang='lat' dir='ltr'>admo-</span> 
     </span>
     <span class='ocr_line' id='line_1_48' title="bbox 240 2989 1225 3045; baseline -0.013 -7"><span class='ocrx_word' id='word_1_332' title='bbox 240 3010 331 3045; x_wconf 79' lang='lat' dir='ltr'>veat,</span> <span class='ocrx_word' id='word_1_333' title='bbox 351 2998 407 3036; x_wconf 87' lang='lat' dir='ltr'>uri</span> <span class='ocrx_word' id='word_1_334' title='bbox 429 3010 565 3035; x_wconf 86' lang='lat' dir='ltr'>necesse</span> <span class='ocrx_word' id='word_1_335' title='bbox 591 3003 661 3042; x_wconf 89' lang='lat' dir='ltr'>est;</span> <span class='ocrx_word' id='word_1_336' title='bbox 684 2992 722 3030; x_wconf 94' lang='lat' dir='ltr'>id</span> <span class='ocrx_word' id='word_1_337' title='bbox 752 3006 876 3042; x_wconf 87' lang='lat' dir='ltr'>nempe</span> <span class='ocrx_word' id='word_1_338' title='bbox 901 2989 981 3028; x_wconf 85' lang='lat' dir='ltr'>vult</span> <span class='ocrx_word' id='word_1_339' title='bbox 1011 2998 1145 3026; x_wconf 77' lang='lat' dir='ltr'>natura:</span> <span class='ocrx_word' id='word_1_340' title='bbox 1170 2989 1225 3026; x_wconf 90' lang='lat' dir='ltr'>in-</span> 
     </span>
    </p>
   </div>
   <div class='ocr_carea' id='block_1_10' title="bbox 1251 2798 1274 2827">
    <p class='ocr_par' dir='ltr' id='par_1_10' title="bbox 1251 2798 1274 2827">
     <span class='ocr_line' id='line_1_49' title="bbox 1251 2798 1274 2827; baseline 0 0"><span class='ocrx_word' id='word_1_341' title='bbox 1251 2798 1274 2827; x_wconf 91' lang='lat' dir='ltr'>B</span> 
     </span>
    </p>
   </div>
   <div class='ocr_carea' id='block_1_11' title="bbox 238 3052 1227 3169">
    <p class='ocr_par' dir='ltr' id='par_1_11' title="bbox 238 3052 1227 3169">
     <span class='ocr_line' id='line_1_50' title="bbox 239 3052 1227 3103; baseline -0.013 -2"><span class='ocrx_word' id='word_1_342' title='bbox 239 3064 390 3101; x_wconf 80' lang='lat' dir='ltr'>firmitas</span> <span class='ocrx_word' id='word_1_343' title='bbox 409 3078 417 3098; x_wconf 71' lang='grc' dir='ltr'>ε</span> <span class='ocrx_word' id='word_1_344' title='bbox 436 3074 562 3099; x_wconf 87' lang='lat' dir='ltr'>verum</span> <span class='ocrx_word' id='word_1_345' title='bbox 591 3072 660 3095; x_wconf 92' lang='lat' dir='ltr'>nou</span> <span class='ocrx_word' id='word_1_346' title='bbox 690 3065 814 3093; x_wconf 85' lang='lat' dir='ltr'>natura</span> <span class='ocrx_word' id='word_1_347' title='bbox 847 3067 908 3090; x_wconf 88' lang='lat' dir='ltr'>uos</span> <span class='ocrx_word' id='word_1_348' title='bbox 940 3052 1012 3103; x_wconf 79' lang='lat' dir='ltr'>igni</span> <span class='ocrx_word' id='word_1_349' title='bbox 1038 3061 1070 3088; x_wconf 86' lang='lat' dir='ltr'>et</span> <span class='ocrx_word' id='word_1_350' title='bbox 1097 3052 1227 3089; x_wconf 84' lang='lat' dir='ltr'>ustioni</span> 
     </span>
     <span class='ocr_line' id='line_1_51' title="bbox 238 3113 1227 3169; baseline -0.013 -6"><span class='ocrx_word' id='word_1_351' title='bbox 238 3125 402 3163; x_wconf 81' lang='lat' dir='ltr'>admovet</span> <span class='ocrx_word' id='word_1_352' title='bbox 428 3139 435 3159; x_wconf 90' lang='lat'>:</span> <span class='ocrx_word' id='word_1_353' title='bbox 463 3121 500 3159; x_wconf 91' lang='lat' dir='ltr'>id</span> <span class='ocrx_word' id='word_1_354' title='bbox 530 3119 622 3157; x_wconf 89' lang='lat' dir='ltr'>enim</span> <span class='ocrx_word' id='word_1_355' title='bbox 649 3132 693 3155; x_wconf 84' lang='lat' dir='ltr'>ex</span> <span class='ocrx_word' id='word_1_356' title='bbox 717 3129 879 3169; x_wconf 82' lang='lat' dir='ltr'>perversa</span> <span class='ocrx_word' id='word_1_357' title='bbox 907 3113 1022 3151; x_wconf 88' lang='lat' dir='ltr'>solum</span> <span class='ocrx_word' id='word_1_358' title='bbox 1044 3113 1227 3151; x_wconf 88' lang='lat' dir='ltr'>voluntate</span> 
     </span>
    </p>
   </div>
   <div class='ocr_carea' id='block_1_12' title="bbox 241 3174 1224 3239">
    <p class='ocr_par' dir='ltr' id='par_1_12' title="bbox 241 3174 1224 3239">
     <span class='ocr_line' id='line_1_52' title="bbox 241 3174 1224 3239; baseline -0.014 -16"><span class='ocrx_word' id='word_1_359' title='bbox 241 3187 380 3239; x_wconf 87' lang='lat' dir='ltr'>pendet.</span> <span class='ocrx_word' id='word_1_360' title='bbox 403 3186 478 3223; x_wconf 89' lang='lat' dir='ltr'>Hoc</span> <span class='ocrx_word' id='word_1_361' title='bbox 497 3182 606 3234; x_wconf 83' lang='lat' dir='ltr'>igitur</span> <span class='ocrx_word' id='word_1_362' title='bbox 625 3178 780 3218; x_wconf 85' lang='lat' dir='ltr'>amoveri</span> <span class='ocrx_word' id='word_1_363' title='bbox 800 3176 882 3216; x_wconf 84' lang='lat' dir='ltr'>volo</span> <span class='ocrx_word' id='word_1_364' title='bbox 901 3185 935 3214; x_wconf 91' lang='lat' dir='ltr'>et</span> <span class='ocrx_word' id='word_1_365' title='bbox 953 3174 1099 3225; x_wconf 78' lang='lat' dir='ltr'>corrigi,</span> <span class='ocrx_word' id='word_1_366' title='bbox 1119 3183 1163 3211; x_wconf 90' lang='lat' dir='ltr'>ut</span> <span class='ocrx_word' id='word_1_367' title='bbox 1183 3188 1224 3211; x_wconf 88' lang='lat' dir='ltr'>ue</span> 
     </span>
    </p>
   </div>
   <div class='ocr_carea' id='block_1_13' title="bbox 282 3313 1241 3415">
    <p class='ocr_par' dir='ltr' id='par_1_13' title="bbox 282 3313 1241 3415">
     <span class='ocr_line' id='line_1_53' title="bbox 282 3313 1098 3360; baseline -0.015 -6"><span class='ocrx_word' id='word_1_368' title='bbox 282 3334 292 3347; x_wconf 54' lang='grc' dir='ltr'><strong><em>Γ</em></strong></span> <span class='ocrx_word' id='word_1_369' title='bbox 311 3323 364 3354; x_wconf 79' lang='lat' dir='ltr'>Sic</span> <span class='ocrx_word' id='word_1_370' title='bbox 381 3320 496 3360; x_wconf 55' lang='lat' dir='ltr'>Savil„</span> <span class='ocrx_word' id='word_1_371' title='bbox 517 3317 630 3351; x_wconf 77' lang='lat' dir='ltr'>Morel.</span> <span class='ocrx_word' id='word_1_372' title='bbox 651 3319 760 3350; x_wconf 74' lang='grc' dir='ltr'>τούτων</span> <span class='ocrx_word' id='word_1_373' title='bbox 775 3318 854 3348; x_wconf 63' lang='grc' dir='ltr'>οὔπω</span> <span class='ocrx_word' id='word_1_374' title='bbox 871 3316 918 3346; x_wconf 65' lang='grc' dir='ltr'>καὶ</span> <span class='ocrx_word' id='word_1_375' title='bbox 935 3315 981 3344; x_wconf 71' lang='grc' dir='ltr'>νῦν</span> <span class='ocrx_word' id='word_1_376' title='bbox 997 3313 1098 3344; x_wconf 73' lang='grc' dir='ltr'>κατι-ὂ.</span> 
     </span>
     <span class='ocr_line' id='line_1_54' title="bbox 284 3359 1241 3415; baseline -0.018 -8"><span class='ocrx_word' id='word_1_377' title='bbox 284 3376 297 3388; x_wconf 61' lang='lat'>&#39;⁴</span> <span class='ocrx_word' id='word_1_378' title='bbox 316 3375 325 3413; x_wconf 72' lang='lat' dir='ltr'>l</span> <span class='ocrx_word' id='word_1_379' title='bbox 344 3378 425 3415; x_wconf 53' lang='grc' dir='ltr'>φησὶ,</span> <span class='ocrx_word' id='word_1_380' title='bbox 453 3378 514 3408; x_wconf 66' lang='grc' dir='ltr'>ἴσως</span> <span class='ocrx_word' id='word_1_381' title='bbox 547 3376 581 3404; x_wconf 67' lang='grc' dir='ltr'>ἀν</span> <span class='ocrx_word' id='word_1_382' title='bbox 611 3375 682 3403; x_wconf 61' lang='grc' dir='ltr'>εἴποι</span> <span class='ocrx_word' id='word_1_383' title='bbox 720 3383 762 3406; x_wconf 74' lang='grc' dir='ltr'>τις</span> <span class='ocrx_word' id='word_1_384' title='bbox 798 3364 882 3398; x_wconf 83' lang='lat' dir='ltr'>Cod.</span> <span class='ocrx_word' id='word_1_385' title='bbox 910 3365 973 3396; x_wconf 70' lang='lat'>706</span> <span class='ocrx_word' id='word_1_386' title='bbox 990 3390 997 3404; x_wconf 83' lang='lat'>,</span> <span class='ocrx_word' id='word_1_387' title='bbox 1024 3369 1056 3394; x_wconf 80' lang='lat' dir='ltr'>et</span> <span class='ocrx_word' id='word_1_388' title='bbox 1091 3359 1241 3392; x_wconf 79' lang='lat' dir='ltr'>similiter</span> 
     </span>
    </p>
   </div>
   <div class='ocr_carea' id='block_1_14' title="bbox 1272 207 1474 236">
    <p class='ocr_par' dir='ltr' id='par_1_14' title="bbox 1272 207 1474 236">
     <span class='ocr_line' id='line_1_55' title="bbox 1272 207 1474 236; baseline -0.005 0"><span class='ocrx_word' id='word_1_389' title='bbox 1272 207 1474 236; x_wconf 66' lang='lat' dir='ltr'>multllm).</span> 
     </span>
    </p>
   </div>
   <div class='ocr_carea' id='block_1_15' title="bbox 1514 205 1870 235">
    <p class='ocr_par' dir='ltr' id='par_1_15' title="bbox 1514 205 1870 235">
     <span class='ocr_line' id='line_1_56' title="bbox 1514 205 1870 235; baseline 0.003 -1"><span class='ocrx_word' id='word_1_390' title='bbox 1514 206 1597 235; x_wconf 61' lang='lat' dir='ltr'>(jon</span> <span class='ocrx_word' id='word_1_391' title='bbox 1606 205 1823 235; x_wconf 60' lang='lat' dir='ltr'><strong>STAN&#39;HNO</strong></span> <span class='ocrx_word' id='word_1_392' title='bbox 1832 207 1870 235; x_wconf 77' lang='lat' dir='ltr'>P.</span> 
     </span>
    </p>
   </div>
   <div class='ocr_carea' id='block_1_16' title="bbox 1294 286 2322 3215">
    <p class='ocr_par' dir='ltr' id='par_1_16' title="bbox 1294 286 2322 3215">
     <span class='ocr_line' id='line_1_57' title="bbox 1297 286 2314 339; baseline -0.001 -14"><span class='ocrx_word' id='word_1_393' title='bbox 1297 292 1406 338; x_wconf 71' lang='grc' dir='ltr'>μεθα,</span> <span class='ocrx_word' id='word_1_394' title='bbox 1421 287 1455 324; x_wconf 85' lang='grc' dir='ltr'>τί</span> <span class='ocrx_word' id='word_1_395' title='bbox 1469 291 1661 334; x_wconf 70' lang='grc' dir='ltr'>ποιοῦντες,</span> <span class='ocrx_word' id='word_1_396' title='bbox 1681 287 1783 338; x_wconf 82' lang='grc' dir='ltr'>φησὶ,</span> <span class='ocrx_word' id='word_1_397' title='bbox 1804 288 1864 324; x_wconf 84' lang='grc' dir='ltr'>καὶ</span> <span class='ocrx_word' id='word_1_398' title='bbox 1877 286 1910 324; x_wconf 80' lang='grc' dir='ltr'>τί</span> <span class='ocrx_word' id='word_1_399' title='bbox 1925 287 2097 339; x_wconf 75' lang='grc' dir='ltr'>λέγοντες,</span> <span class='ocrx_word' id='word_1_400' title='bbox 2114 287 2314 338; x_wconf 82' lang='grc' dir='ltr'>Ἁπτόμενοι</span> 
     </span>
     <span class='ocr_line' id='line_1_58' title="bbox 1295 346 2316 400; baseline -0.001 -14"><span class='ocrx_word' id='word_1_401' title='bbox 1295 351 1362 386; x_wconf 74' lang='grc' dir='ltr'>τῶν</span> <span class='ocrx_word' id='word_1_402' title='bbox 1400 347 1511 398; x_wconf 84' lang='grc' dir='ltr'>λόγων</span> <span class='ocrx_word' id='word_1_403' title='bbox 1547 349 1615 384; x_wconf 77' lang='grc' dir='ltr'>τῶν</span> <span class='ocrx_word' id='word_1_404' title='bbox 1652 346 1763 394; x_wconf 85' lang='grc' dir='ltr'>θείων,</span> <span class='ocrx_word' id='word_1_405' title='bbox 1795 350 2030 400; x_wconf 70' lang='grc' dir='ltr'>προφητικῶν,</span> <span class='ocrx_word' id='word_1_406' title='bbox 2066 349 2316 395; x_wconf 71' lang='grc' dir='ltr'>ἀποστολικῶν,</span> 
     </span>
     <span class='ocr_line' id='line_1_59' title="bbox 1297 407 2317 461; baseline 0.001 -15"><span class='ocrx_word' id='word_1_407' title='bbox 1297 410 1539 460; x_wconf 81' lang='grc' dir='ltr'>εὐαγγελικῶν,</span> <span class='ocrx_word' id='word_1_408' title='bbox 1561 407 1620 445; x_wconf 84' lang='grc' dir='ltr'>καὶ</span> <span class='ocrx_word' id='word_1_409' title='bbox 1634 410 1702 445; x_wconf 83' lang='grc' dir='ltr'>τῶν</span> <span class='ocrx_word' id='word_1_410' title='bbox 1721 408 1833 446; x_wconf 85' lang='grc' dir='ltr'>ἄλλων</span> <span class='ocrx_word' id='word_1_411' title='bbox 1850 409 2025 447; x_wconf 86' lang='grc' dir='ltr'>ἁπάντων.</span> <span class='ocrx_word' id='word_1_412' title='bbox 2040 408 2131 447; x_wconf 81' lang='grc' dir='ltr'>Τότε</span> <span class='ocrx_word' id='word_1_413' title='bbox 2144 408 2211 461; x_wconf 84' lang='grc' dir='ltr'>γὰρ</span> <span class='ocrx_word' id='word_1_414' title='bbox 2228 409 2317 447; x_wconf 77' lang='grc' dir='ltr'>εἰσό-</span> 
     </span>
     <span class='ocr_line' id='line_1_60' title="bbox 1299 468 2315 523; baseline -0.001 -15"><span class='ocrx_word' id='word_1_415' title='bbox 1299 475 1386 522; x_wconf 88' lang='grc' dir='ltr'>μεθα</span> <span class='ocrx_word' id='word_1_416' title='bbox 1406 470 1459 509; x_wconf 79' lang='grc' dir='ltr'>ὅτι</span> <span class='ocrx_word' id='word_1_417' title='bbox 1480 471 1599 523; x_wconf 82' lang='grc' dir='ltr'>πολλῷ</span> <span class='ocrx_word' id='word_1_418' title='bbox 1623 468 1754 521; x_wconf 82' lang='grc' dir='ltr'>βέλτιον</span> <span class='ocrx_word' id='word_1_419' title='bbox 1770 475 1879 508; x_wconf 76' lang='grc' dir='ltr'>ταῦτα</span> <span class='ocrx_word' id='word_1_420' title='bbox 1895 474 2083 517; x_wconf 88' lang='grc' dir='ltr'>σιτεῖσθαι,</span> <span class='ocrx_word' id='word_1_421' title='bbox 2101 468 2124 516; x_wconf 84' lang='grc' dir='ltr'>ἢ</span> <span class='ocrx_word' id='word_1_422' title='bbox 2143 468 2204 513; x_wconf 80' lang='grc' dir='ltr'>τὰς</span> <span class='ocrx_word' id='word_1_423' title='bbox 2224 470 2315 507; x_wconf 86' lang='grc' dir='ltr'>ἀκα-</span> 
     </span>
     <span class='ocr_line' id='line_1_61' title="bbox 1297 530 2319 587; baseline 0.001 -16"><span class='ocrx_word' id='word_1_424' title='bbox 1297 534 1438 587; x_wconf 84' lang='grc' dir='ltr'>θάρτους</span> <span class='ocrx_word' id='word_1_425' title='bbox 1452 532 1598 585; x_wconf 81' lang='grc' dir='ltr'>τροφάς·</span> <span class='ocrx_word' id='word_1_426' title='bbox 1622 531 1709 570; x_wconf 79' lang='grc' dir='ltr'>οὕτω</span> <span class='ocrx_word' id='word_1_427' title='bbox 1726 531 1793 584; x_wconf 78' lang='grc' dir='ltr'>γὰρ</span> <span class='ocrx_word' id='word_1_428' title='bbox 1813 530 1882 584; x_wconf 82' lang='grc' dir='ltr'>χρὴ</span> <span class='ocrx_word' id='word_1_429' title='bbox 1895 530 1958 575; x_wconf 80' lang='grc' dir='ltr'>τὰς</span> <span class='ocrx_word' id='word_1_430' title='bbox 1972 532 2133 585; x_wconf 88' lang='grc' dir='ltr'>ἀκαίρους</span> <span class='ocrx_word' id='word_1_431' title='bbox 2149 531 2319 584; x_wconf 68' lang='grc' dir='ltr'>φλυαρίας</span> 
     </span>
     <span class='ocr_line' id='line_1_62' title="bbox 1297 591 2319 645; baseline -0.003 -13"><span class='ocrx_word' id='word_1_432' title='bbox 1297 594 1355 632; x_wconf 84' lang='grc' dir='ltr'>καὶ</span> <span class='ocrx_word' id='word_1_433' title='bbox 1382 593 1539 637; x_wconf 81' lang='grc' dir='ltr'>συνόδους</span> <span class='ocrx_word' id='word_1_434' title='bbox 1559 595 1689 631; x_wconf 84' lang='grc' dir='ltr'>καλεῖν.</span> <span class='ocrx_word' id='word_1_435' title='bbox 1714 592 1761 630; x_wconf 84' lang='grc' dir='ltr'>Τί</span> <span class='ocrx_word' id='word_1_436' title='bbox 1777 591 1843 644; x_wconf 81' lang='grc' dir='ltr'>γὰρ</span> <span class='ocrx_word' id='word_1_437' title='bbox 1867 592 2019 644; x_wconf 75' lang='grc' dir='ltr'>ἄμεινον,</span> <span class='ocrx_word' id='word_1_438' title='bbox 2041 593 2116 632; x_wconf 87' lang='grc' dir='ltr'>εἶπέ</span> <span class='ocrx_word' id='word_1_439' title='bbox 2139 609 2218 644; x_wconf 87' lang='grc' dir='ltr'>μοι,</span> <span class='ocrx_word' id='word_1_440' title='bbox 2239 592 2319 645; x_wconf 81' lang='grc' dir='ltr'>περὶ</span> 
     </span>
     <span class='ocr_line' id='line_1_63' title="bbox 1296 653 2313 707; baseline 0 -15"><span class='ocrx_word' id='word_1_441' title='bbox 1296 657 1363 692; x_wconf 74' lang='grc' dir='ltr'>τῶν</span> <span class='ocrx_word' id='word_1_442' title='bbox 1386 654 1476 693; x_wconf 83' lang='grc' dir='ltr'>κατὰ</span> <span class='ocrx_word' id='word_1_443' title='bbox 1497 654 1557 702; x_wconf 78' lang='grc' dir='ltr'>τὴν</span> <span class='ocrx_word' id='word_1_444' title='bbox 1585 653 1726 707; x_wconf 78' lang='grc' dir='ltr'>ἀγορὰν,</span> <span class='ocrx_word' id='word_1_445' title='bbox 1747 654 1827 706; x_wconf 82' lang='grc' dir='ltr'>περὶ</span> <span class='ocrx_word' id='word_1_446' title='bbox 1847 657 1915 691; x_wconf 79' lang='grc' dir='ltr'>τῶν</span> <span class='ocrx_word' id='word_1_447' title='bbox 1935 656 1968 692; x_wconf 83' lang='grc' dir='ltr'>ἐν</span> <span class='ocrx_word' id='word_1_448' title='bbox 1992 660 2062 698; x_wconf 87' lang='grc' dir='ltr'>τοῖς</span> <span class='ocrx_word' id='word_1_449' title='bbox 2082 654 2313 706; x_wconf 79' lang='grc' dir='ltr'>δικαστηρίοις</span> 
     </span>
     <span class='ocr_line' id='line_1_64' title="bbox 1296 713 2319 770; baseline -0.002 -16"><span class='ocrx_word' id='word_1_450' title='bbox 1296 716 1376 770; x_wconf 82' lang='grc' dir='ltr'>περὶ</span> <span class='ocrx_word' id='word_1_451' title='bbox 1394 719 1461 754; x_wconf 80' lang='grc' dir='ltr'>τῶν</span> <span class='ocrx_word' id='word_1_452' title='bbox 1491 718 1524 754; x_wconf 83' lang='grc' dir='ltr'>ἐν</span> <span class='ocrx_word' id='word_1_453' title='bbox 1551 718 1602 768; x_wconf 81' lang='grc' dir='ltr'>τῷ</span> <span class='ocrx_word' id='word_1_454' title='bbox 1621 714 1844 768; x_wconf 77' lang='grc' dir='ltr'>στρατοπέδῳ</span> <span class='ocrx_word' id='word_1_455' title='bbox 1866 714 2105 766; x_wconf 82' lang='grc' dir='ltr'>διαλέγεσθαι,</span> <span class='ocrx_word' id='word_1_456' title='bbox 2121 713 2142 761; x_wconf 80' lang='grc' dir='ltr'>ἢ</span> <span class='ocrx_word' id='word_1_457' title='bbox 2157 715 2236 766; x_wconf 78' lang='grc' dir='ltr'>περὶ</span> <span class='ocrx_word' id='word_1_458' title='bbox 2251 718 2319 752; x_wconf 76' lang='grc' dir='ltr'>τῶν</span> 
     </span>
     <span class='ocr_line' id='line_1_65' title="bbox 1297 774 2318 830; baseline -0.003 -14"><span class='ocrx_word' id='word_1_459' title='bbox 1297 780 1329 816; x_wconf 83' lang='grc' dir='ltr'>ἐν</span> <span class='ocrx_word' id='word_1_460' title='bbox 1350 780 1502 830; x_wconf 83' lang='grc' dir='ltr'>οὐρανοῖς</span> <span class='ocrx_word' id='word_1_461' title='bbox 1521 776 1580 815; x_wconf 73' lang='grc' dir='ltr'>καὶ</span> <span class='ocrx_word' id='word_1_462' title='bbox 1600 776 1680 829; x_wconf 75' lang='grc' dir='ltr'>περὶ</span> <span class='ocrx_word' id='word_1_463' title='bbox 1698 779 1765 814; x_wconf 80' lang='grc' dir='ltr'>τῶν</span> <span class='ocrx_word' id='word_1_464' title='bbox 1789 775 1876 827; x_wconf 78' lang='grc' dir='ltr'>μετὰ</span> <span class='ocrx_word' id='word_1_465' title='bbox 1906 774 1969 822; x_wconf 84' lang='grc' dir='ltr'>τὴν</span> <span class='ocrx_word' id='word_1_466' title='bbox 2000 778 2150 814; x_wconf 69' lang='grc' dir='ltr'>ἐντεῦθεν</span> <span class='ocrx_word' id='word_1_467' title='bbox 2181 776 2318 822; x_wconf 80' lang='grc' dir='ltr'>ἀποδη-</span> 
     </span>
     <span class='ocr_line' id='line_1_66' title="bbox 1298 836 2320 890; baseline -0.003 -13"><span class='ocrx_word' id='word_1_468' title='bbox 1298 838 1401 889; x_wconf 73' lang='grc' dir='ltr'>μίαν,</span> <span class='ocrx_word' id='word_1_469' title='bbox 1423 838 1456 876; x_wconf 91' lang='grc' dir='ltr'>τί</span> <span class='ocrx_word' id='word_1_470' title='bbox 1476 837 1623 890; x_wconf 86' lang='grc' dir='ltr'>βέλτιον,</span> <span class='ocrx_word' id='word_1_471' title='bbox 1651 836 1730 890; x_wconf 77' lang='grc' dir='ltr'>περὶ</span> <span class='ocrx_word' id='word_1_472' title='bbox 1758 842 1817 876; x_wconf 75' lang='grc' dir='ltr'>τοῦ</span> <span class='ocrx_word' id='word_1_473' title='bbox 1845 836 1994 889; x_wconf 81' lang='grc' dir='ltr'>γείτονος</span> <span class='ocrx_word' id='word_1_474' title='bbox 2020 838 2136 875; x_wconf 79' lang='grc' dir='ltr'>λαλεῖν</span> <span class='ocrx_word' id='word_1_475' title='bbox 2167 836 2226 875; x_wconf 74' lang='grc' dir='ltr'>καὶ</span> <span class='ocrx_word' id='word_1_476' title='bbox 2250 839 2320 874; x_wconf 79' lang='grc' dir='ltr'>τῶν</span> 
     </span>
     <span class='ocr_line' id='line_1_67' title="bbox 1295 897 2321 952; baseline -0.002 -15"><span class='ocrx_word' id='word_1_477' title='bbox 1295 905 1354 939; x_wconf 76' lang='grc' dir='ltr'>τοῦ</span> <span class='ocrx_word' id='word_1_478' title='bbox 1374 898 1522 952; x_wconf 78' lang='grc' dir='ltr'>γείτονος</span> <span class='ocrx_word' id='word_1_479' title='bbox 1542 897 1772 951; x_wconf 76' lang='grc' dir='ltr'>πραγμάτων,</span> <span class='ocrx_word' id='word_1_480' title='bbox 1802 898 1862 936; x_wconf 80' lang='grc' dir='ltr'>καὶ</span> <span class='ocrx_word' id='word_1_481' title='bbox 1883 897 1926 935; x_wconf 80' lang='grc' dir='ltr'>τὰ</span> <span class='ocrx_word' id='word_1_482' title='bbox 1945 897 2111 950; x_wconf 84' lang='grc' dir='ltr'>ἀλλότρια</span> <span class='ocrx_word' id='word_1_483' title='bbox 2142 899 2321 950; x_wconf 89' lang='grc' dir='ltr'>πολυπρα-</span> 
     </span>
     <span class='ocr_line' id='line_1_68' title="bbox 1295 959 2322 1013; baseline -0.002 -13"><span class='ocrx_word' id='word_1_484' title='bbox 1295 967 1433 1013; x_wconf 88' lang='grc' dir='ltr'>γμονεῖν</span> <span class='ocrx_word' id='word_1_485' title='bbox 1446 992 1456 1009; x_wconf 94' lang='grc'>,</span> <span class='ocrx_word' id='word_1_486' title='bbox 1473 961 1495 1006; x_wconf 83' lang='grc' dir='ltr'>ἢ</span> <span class='ocrx_word' id='word_1_487' title='bbox 1514 959 1558 998; x_wconf 81' lang='grc' dir='ltr'>τὰ</span> <span class='ocrx_word' id='word_1_488' title='bbox 1576 963 1643 998; x_wconf 83' lang='grc' dir='ltr'>τῶν</span> <span class='ocrx_word' id='word_1_489' title='bbox 1660 960 1813 1012; x_wconf 86' lang='grc' dir='ltr'>ἀγγέλων</span> <span class='ocrx_word' id='word_1_490' title='bbox 1828 960 1887 998; x_wconf 84' lang='grc' dir='ltr'>καὶ</span> <span class='ocrx_word' id='word_1_491' title='bbox 1901 959 1946 997; x_wconf 86' lang='grc' dir='ltr'>τὰ</span> <span class='ocrx_word' id='word_1_492' title='bbox 1964 964 2049 1010; x_wconf 82' lang='grc' dir='ltr'>ἡμῖν</span> <span class='ocrx_word' id='word_1_493' title='bbox 2072 962 2186 1003; x_wconf 78' lang='grc' dir='ltr'>αὐτοῖς</span> <span class='ocrx_word' id='word_1_494' title='bbox 2205 959 2322 1012; x_wconf 84' lang='grc' dir='ltr'>διαφέ-</span> 
     </span>
     <span class='ocr_line' id='line_1_69' title="bbox 1298 1019 2308 1075; baseline -0.002 -15"><span class='ocrx_word' id='word_1_495' title='bbox 1298 1039 1398 1075; x_wconf 91' lang='grc' dir='ltr'>ροντα</span> <span class='ocrx_word' id='word_1_496' title='bbox 1418 1024 1616 1068; x_wconf 76' lang='grc' dir='ltr'>ἀναζητεῖν,</span> <span class='ocrx_word' id='word_1_497' title='bbox 1636 1021 1693 1059; x_wconf 85' lang='grc' dir='ltr'>Τὰ</span> <span class='ocrx_word' id='word_1_498' title='bbox 1714 1020 1775 1071; x_wconf 78' lang='grc' dir='ltr'>μὲν</span> <span class='ocrx_word' id='word_1_499' title='bbox 1795 1020 1862 1072; x_wconf 82' lang='grc' dir='ltr'>γὰρ</span> <span class='ocrx_word' id='word_1_500' title='bbox 1883 1026 1941 1059; x_wconf 76' lang='grc' dir='ltr'>τοῦ</span> <span class='ocrx_word' id='word_1_501' title='bbox 1960 1019 2128 1072; x_wconf 84' lang='grc' dir='ltr'>γείτονος,</span> <span class='ocrx_word' id='word_1_502' title='bbox 2157 1022 2194 1058; x_wconf 84' lang='grc' dir='ltr'>οὖ</span> <span class='ocrx_word' id='word_1_503' title='bbox 2215 1020 2308 1058; x_wconf 45' lang='grc' dir='ltr'>πάν*</span> 
     </span>
     <span class='ocr_line' id='line_1_70' title="bbox 1294 1080 2318 1133; baseline -0.002 -13"><span class='ocrx_word' id='word_1_504' title='bbox 1294 1098 1361 1125; x_wconf 90' lang='grc' dir='ltr'>τως</span> <span class='ocrx_word' id='word_1_505' title='bbox 1383 1081 1446 1120; x_wconf 84' lang='grc' dir='ltr'>σοί·</span> <span class='ocrx_word' id='word_1_506' title='bbox 1463 1081 1508 1119; x_wconf 85' lang='grc' dir='ltr'>τὰ</span> <span class='ocrx_word' id='word_1_507' title='bbox 1530 1080 1565 1119; x_wconf 74' lang='grc' dir='ltr'>δὲ</span> <span class='ocrx_word' id='word_1_508' title='bbox 1591 1084 1658 1119; x_wconf 84' lang='grc' dir='ltr'>τῶν</span> <span class='ocrx_word' id='word_1_509' title='bbox 1679 1084 1843 1133; x_wconf 77' lang='grc' dir='ltr'>οὐρανῶν,</span> <span class='ocrx_word' id='word_1_510' title='bbox 1861 1081 1916 1120; x_wconf 89' lang='grc' dir='ltr'>σά.</span> <span class='ocrx_word' id='word_1_511' title='bbox 1935 1082 2023 1119; x_wconf 82' lang='grc' dir='ltr'>Ἀλλ’</span> <span class='ocrx_word' id='word_1_512' title='bbox 2046 1080 2176 1127; x_wconf 83' lang='grc' dir='ltr'>ἔνεστι,</span> <span class='ocrx_word' id='word_1_513' title='bbox 2197 1081 2318 1133; x_wconf 75' lang='grc' dir='ltr'>φησὶν,</span> 
     </span>
     <span class='ocr_line' id='line_1_71' title="bbox 1294 1136 2316 1195; baseline 0.001 -16"><span class='ocrx_word' id='word_1_514' title='bbox 1294 1141 1385 1185; x_wconf 83' lang='grc' dir='ltr'>ἅπαξ</span> <span class='ocrx_word' id='word_1_515' title='bbox 1404 1140 1544 1179; x_wconf 78' lang='grc' dir='ltr'>εἰπόντα</span> <span class='ocrx_word' id='word_1_516' title='bbox 1559 1146 1668 1179; x_wconf 74' lang='grc' dir='ltr'>ταῦτα</span> <span class='ocrx_word' id='word_1_517' title='bbox 1688 1143 1873 1194; x_wconf 78' lang='grc' dir='ltr'>πληρῶσαι</span> <span class='ocrx_word' id='word_1_518' title='bbox 1892 1142 1932 1179; x_wconf 82' lang='grc' dir='ltr'>τὸ</span> <span class='ocrx_word' id='word_1_519' title='bbox 1949 1148 2029 1180; x_wconf 83' lang='grc' dir='ltr'>πᾶν.</span> <span class='ocrx_word' id='word_1_520' title='bbox 2045 1142 2092 1180; x_wconf 88' lang='grc' dir='ltr'>Τί</span> <span class='ocrx_word' id='word_1_521' title='bbox 2119 1141 2154 1180; x_wconf 80' lang='grc' dir='ltr'>δὲ</span> <span class='ocrx_word' id='word_1_522' title='bbox 2174 1143 2253 1195; x_wconf 77' lang='grc' dir='ltr'>περὶ</span> <span class='ocrx_word' id='word_1_523' title='bbox 2268 1136 2316 1180; x_wconf 59' lang='grc' dir='ltr'>ὧν</span> 
     </span>
     <span class='ocr_line' id='line_1_72' title="bbox 1294 1201 2316 1253; baseline 0.003 -14"><span class='ocrx_word' id='word_1_524' title='bbox 1294 1202 1490 1253; x_wconf 78' lang='grc' dir='ltr'>διαλέγεσθε</span> <span class='ocrx_word' id='word_1_525' title='bbox 1514 1201 1626 1252; x_wconf 82' lang='grc' dir='ltr'>μάτην</span> <span class='ocrx_word' id='word_1_526' title='bbox 1655 1202 1714 1240; x_wconf 84' lang='grc' dir='ltr'>καὶ</span> <span class='ocrx_word' id='word_1_527' title='bbox 1731 1204 1825 1253; x_wconf 77' lang='grc' dir='ltr'>εἰκῇ,</span> <span class='ocrx_word' id='word_1_528' title='bbox 1845 1205 1907 1240; x_wconf 80' lang='grc' dir='ltr'>οὐκ</span> <span class='ocrx_word' id='word_1_529' title='bbox 1928 1206 2071 1241; x_wconf 82' lang='grc' dir='ltr'>ἐννοεῖτε</span> <span class='ocrx_word' id='word_1_530' title='bbox 2087 1208 2206 1251; x_wconf 71' lang='grc' dir='ltr'>τοῦτο,</span> <span class='ocrx_word' id='word_1_531' title='bbox 2227 1205 2316 1242; x_wconf 76' lang='grc' dir='ltr'>ἀλλὰ</span> 
     </span>
     <span class='ocr_line' id='line_1_73' title="bbox 1294 1261 2318 1313; baseline 0.003 -14"><span class='ocrx_word' id='word_1_532' title='bbox 1294 1261 1408 1300; x_wconf 89' lang='grc' dir='ltr'>πάντα</span> <span class='ocrx_word' id='word_1_533' title='bbox 1422 1261 1478 1300; x_wconf 84' lang='grc' dir='ltr'>τὸν</span> <span class='ocrx_word' id='word_1_534' title='bbox 1502 1261 1573 1313; x_wconf 85' lang='grc' dir='ltr'>βίον</span> <span class='ocrx_word' id='word_1_535' title='bbox 1595 1263 1641 1306; x_wconf 87' lang='grc' dir='ltr'>εἷς</span> <span class='ocrx_word' id='word_1_536' title='bbox 1656 1266 1757 1300; x_wconf 77' lang='grc' dir='ltr'>τοῦτο</span> <span class='ocrx_word' id='word_1_537' title='bbox 1769 1262 2092 1310; x_wconf 80' lang='grc' dir='ltr'>καταναλίσκοντες,</span> <span class='ocrx_word' id='word_1_538' title='bbox 2111 1263 2174 1308; x_wconf 78' lang='grc' dir='ltr'>τὴν</span> <span class='ocrx_word' id='word_1_539' title='bbox 2197 1264 2318 1302; x_wconf 76' lang='grc' dir='ltr'>ὑπόθε-</span> 
     </span>
     <span class='ocr_line' id='line_1_74' title="bbox 1294 1320 2322 1374; baseline 0.002 -15"><span class='ocrx_word' id='word_1_540' title='bbox 1294 1337 1347 1360; x_wconf 87' lang='grc' dir='ltr'>σιν</span> <span class='ocrx_word' id='word_1_541' title='bbox 1362 1320 1424 1369; x_wconf 91' lang='grc' dir='ltr'>τὴν</span> <span class='ocrx_word' id='word_1_542' title='bbox 1439 1321 1518 1374; x_wconf 84' lang='grc' dir='ltr'>περὶ</span> <span class='ocrx_word' id='word_1_543' title='bbox 1538 1325 1550 1341; x_wconf 77' lang='lat'>⁰</span> <span class='ocrx_word' id='word_1_544' title='bbox 1563 1321 1691 1359; x_wconf 81' lang='grc' dir='ltr'>τούτων</span> <span class='ocrx_word' id='word_1_545' title='bbox 1713 1321 1874 1360; x_wconf 78' lang='grc' dir='ltr'>οὐδέποτε</span> <span class='ocrx_word' id='word_1_546' title='bbox 1896 1322 2205 1369; x_wconf 84' lang='grc' dir='ltr'>κατεδαπανήσατε</span> <span class='ocrx_word' id='word_1_547' title='bbox 2219 1339 2229 1371; x_wconf 82' lang='lat'>3</span> <span class='ocrx_word' id='word_1_548' title='bbox 2252 1323 2322 1362; x_wconf 77' lang='grc' dir='ltr'>Καὶ</span> 
     </span>
     <span class='ocr_line' id='line_1_75' title="bbox 1294 1381 2313 1436; baseline 0.002 -16"><span class='ocrx_word' id='word_1_549' title='bbox 1294 1381 1390 1420; x_wconf 78' lang='grc' dir='ltr'>οὔπω</span> <span class='ocrx_word' id='word_1_550' title='bbox 1410 1383 1501 1435; x_wconf 86' lang='grc' dir='ltr'>λέγω</span> <span class='ocrx_word' id='word_1_551' title='bbox 1530 1383 1574 1421; x_wconf 84' lang='grc' dir='ltr'>τὰ</span> <span class='ocrx_word' id='word_1_552' title='bbox 1608 1385 1726 1436; x_wconf 75' lang='grc' dir='ltr'>πολλῷ</span> <span class='ocrx_word' id='word_1_553' title='bbox 1757 1381 1885 1420; x_wconf 80' lang='grc' dir='ltr'>τούτων</span> <span class='ocrx_word' id='word_1_554' title='bbox 1914 1382 2162 1436; x_wconf 80' lang='grc' dir='ltr'>φορτικώτερα.</span> <span class='ocrx_word' id='word_1_555' title='bbox 2187 1386 2233 1422; x_wconf 86' lang='grc' dir='ltr'>Οἱ</span> <span class='ocrx_word' id='word_1_556' title='bbox 2252 1383 2313 1435; x_wconf 80' lang='grc' dir='ltr'>μὲν</span> 
     </span>
     <span class='ocr_line' id='line_1_76' title="bbox 1294 1444 2318 1498; baseline 0.001 -16"><span class='ocrx_word' id='word_1_557' title='bbox 1294 1444 1360 1496; x_wconf 76' lang='grc' dir='ltr'>γὰρ</span> <span class='ocrx_word' id='word_1_558' title='bbox 1387 1444 1633 1498; x_wconf 81' lang='grc' dir='ltr'>ἐπιεικέστεροι</span> <span class='ocrx_word' id='word_1_559' title='bbox 1653 1450 1762 1483; x_wconf 74' lang='grc' dir='ltr'>ταῦτα</span> <span class='ocrx_word' id='word_1_560' title='bbox 1780 1445 1865 1496; x_wconf 81' lang='grc' dir='ltr'>πρὸς</span> <span class='ocrx_word' id='word_1_561' title='bbox 1885 1445 2052 1491; x_wconf 79' lang='grc' dir='ltr'>ἀλλήλους</span> <span class='ocrx_word' id='word_1_562' title='bbox 2082 1445 2318 1497; x_wconf 77' lang='grc' dir='ltr'>διαλέγονται·</span> 
     </span>
     <span class='ocr_line' id='line_1_77' title="bbox 1295 1504 2316 1559; baseline 0.001 -17"><span class='ocrx_word' id='word_1_563' title='bbox 1295 1507 1325 1542; x_wconf 80' lang='grc' dir='ltr'>οἱ</span> <span class='ocrx_word' id='word_1_564' title='bbox 1354 1504 1389 1544; x_wconf 76' lang='grc' dir='ltr'>δὲ</span> <span class='ocrx_word' id='word_1_565' title='bbox 1419 1505 1645 1559; x_wconf 73' lang='grc' dir='ltr'>ῥαθυμότεροι</span> <span class='ocrx_word' id='word_1_566' title='bbox 1674 1504 1733 1543; x_wconf 78' lang='grc' dir='ltr'>καὶ</span> <span class='ocrx_word' id='word_1_567' title='bbox 1766 1507 1896 1556; x_wconf 82' lang='grc' dir='ltr'>μᾶλλον</span> <span class='ocrx_word' id='word_1_568' title='bbox 1930 1505 2168 1556; x_wconf 83' lang='grc' dir='ltr'>ἠμελημένοι,</span> <span class='ocrx_word' id='word_1_569' title='bbox 2191 1506 2316 1556; x_wconf 83' lang='grc' dir='ltr'>μίμους</span> 
     </span>
     <span class='ocr_line' id='line_1_78' title="bbox 1295 1565 2322 1620; baseline 0.001 -17"><span class='ocrx_word' id='word_1_570' title='bbox 1295 1566 1354 1604; x_wconf 80' lang='grc' dir='ltr'>καὶ</span> <span class='ocrx_word' id='word_1_571' title='bbox 1370 1565 1544 1620; x_wconf 82' lang='grc' dir='ltr'>ὀρχηστὰς</span> <span class='ocrx_word' id='word_1_572' title='bbox 1564 1567 1623 1605; x_wconf 80' lang='grc' dir='ltr'>καὶ</span> <span class='ocrx_word' id='word_1_573' title='bbox 1643 1565 1801 1618; x_wconf 80' lang='grc' dir='ltr'>ἡνιόχους</span> <span class='ocrx_word' id='word_1_574' title='bbox 1817 1568 1850 1604; x_wconf 82' lang='grc' dir='ltr'>ἐν</span> <span class='ocrx_word' id='word_1_575' title='bbox 1872 1573 1942 1610; x_wconf 88' lang='grc' dir='ltr'>τοῖς</span> <span class='ocrx_word' id='word_1_576' title='bbox 1970 1569 2081 1604; x_wconf 73' lang='grc' dir='ltr'>αὐτῶν</span> <span class='ocrx_word' id='word_1_577' title='bbox 2102 1567 2322 1620; x_wconf 75' lang='grc' dir='ltr'>περιφέρουσι</span> 
     </span>
     <span class='ocr_line' id='line_1_79' title="bbox 1294 1626 2317 1680; baseline -0.001 -14"><span class='ocrx_word' id='word_1_578' title='bbox 1294 1626 1408 1680; x_wconf 83' lang='grc' dir='ltr'>λόγοις</span> <span class='ocrx_word' id='word_1_579' title='bbox 1421 1659 1430 1676; x_wconf 90' lang='grc'>,</span> <span class='ocrx_word' id='word_1_580' title='bbox 1450 1627 1512 1675; x_wconf 87' lang='grc' dir='ltr'>τὴν</span> <span class='ocrx_word' id='word_1_581' title='bbox 1531 1627 1637 1675; x_wconf 77' lang='grc' dir='ltr'>ἀκοὴν</span> <span class='ocrx_word' id='word_1_582' title='bbox 1660 1626 1877 1678; x_wconf 81' lang='grc' dir='ltr'>μολύνοντες,</span> <span class='ocrx_word' id='word_1_583' title='bbox 1893 1626 1954 1674; x_wconf 83' lang='grc' dir='ltr'>τὴν</span> <span class='ocrx_word' id='word_1_584' title='bbox 1970 1626 2083 1679; x_wconf 76' lang='grc' dir='ltr'>ψυχὴν</span> <span class='ocrx_word' id='word_1_585' title='bbox 2107 1628 2317 1680; x_wconf 76' lang='grc' dir='ltr'>διαφθείρον-</span> 
     </span>
     <span class='ocr_line' id='line_1_80' title="bbox 1295 1687 2320 1740; baseline 0.002 -16"><span class='ocrx_word' id='word_1_586' title='bbox 1295 1704 1366 1735; x_wconf 86' lang='grc' dir='ltr'>τες,</span> <span class='ocrx_word' id='word_1_587' title='bbox 1383 1687 1445 1735; x_wconf 85' lang='grc' dir='ltr'>τὴν</span> <span class='ocrx_word' id='word_1_588' title='bbox 1462 1688 1560 1740; x_wconf 81' lang='grc' dir='ltr'>φύσιν</span> <span class='ocrx_word' id='word_1_589' title='bbox 1577 1687 1843 1740; x_wconf 65' lang='grc' dir='ltr'>ἐκδακχεύοντες</span> <span class='ocrx_word' id='word_1_590' title='bbox 1859 1687 1990 1732; x_wconf 81' lang='grc' dir='ltr'>τούτοις</span> <span class='ocrx_word' id='word_1_591' title='bbox 2004 1694 2074 1731; x_wconf 88' lang='grc' dir='ltr'>τοῖς</span> <span class='ocrx_word' id='word_1_592' title='bbox 2093 1689 2320 1740; x_wconf 75' lang='grc' dir='ltr'>διηγήμασιν,</span> 
     </span>
     <span class='ocr_line' id='line_1_81' title="bbox 1296 1741 2320 1796; baseline 0 -9"><span class='ocrx_word' id='word_1_593' title='bbox 1296 1749 1387 1787; x_wconf 83' lang='grc' dir='ltr'>ἅπαν</span> <span class='ocrx_word' id='word_1_594' title='bbox 1403 1749 1528 1793; x_wconf 79' lang='grc' dir='ltr'>κακίας</span> <span class='ocrx_word' id='word_1_595' title='bbox 1543 1741 1628 1793; x_wconf 62' lang='grc' dir='ltr'>εἶδος</span> <span class='ocrx_word' id='word_1_596' title='bbox 1653 1751 1699 1792; x_wconf 86' lang='grc' dir='ltr'>εἷς</span> <span class='ocrx_word' id='word_1_597' title='bbox 1720 1748 1782 1795; x_wconf 86' lang='grc' dir='ltr'>τὴν</span> <span class='ocrx_word' id='word_1_598' title='bbox 1797 1751 1927 1786; x_wconf 81' lang='grc' dir='ltr'>ἑαυτῶν</span> <span class='ocrx_word' id='word_1_599' title='bbox 1949 1748 2098 1787; x_wconf 82' lang='grc' dir='ltr'>διάνοιαν</span> <span class='ocrx_word' id='word_1_600' title='bbox 2119 1749 2176 1787; x_wconf 84' lang='grc' dir='ltr'>διὰ</span> <span class='ocrx_word' id='word_1_601' title='bbox 2192 1749 2320 1796; x_wconf 81' lang='grc' dir='ltr'>ταύτης</span> 
     </span>
     <span class='ocr_line' id='line_1_82' title="bbox 1296 1807 2319 1862; baseline 0 -15"><span class='ocrx_word' id='word_1_602' title='bbox 1296 1810 1490 1862; x_wconf 81' lang='grc' dir='ltr'>εἰσάγοντες</span> <span class='ocrx_word' id='word_1_603' title='bbox 1521 1814 1584 1857; x_wconf 75' lang='grc' dir='ltr'>τῆς</span> <span class='ocrx_word' id='word_1_604' title='bbox 1619 1809 1808 1853; x_wconf 82' lang='grc' dir='ltr'>διαλέξεως.</span> <span class='ocrx_word' id='word_1_605' title='bbox 1838 1807 1934 1859; x_wconf 81' lang='grc' dir='ltr'>Ἅμα</span> <span class='ocrx_word' id='word_1_606' title='bbox 1970 1807 2037 1862; x_wconf 79' lang='grc' dir='ltr'>γὰρ</span> <span class='ocrx_word' id='word_1_607' title='bbox 2074 1809 2257 1861; x_wconf 79' lang='grc' dir='ltr'>ἐφθέγξατο</span> <span class='ocrx_word' id='word_1_608' title='bbox 2299 1814 2319 1857; x_wconf 84' lang='grc' dir='ltr'>ἡ</span> 
     </span>
     <span class='ocr_line' id='line_1_83' title="bbox 1295 1870 2321 1923; baseline 0.001 -14"><span class='ocrx_word' id='word_1_609' title='bbox 1295 1873 1433 1923; x_wconf 82' lang='grc' dir='ltr'>γλῶττα</span> <span class='ocrx_word' id='word_1_610' title='bbox 1454 1876 1514 1910; x_wconf 73' lang='grc' dir='ltr'>τοῦ</span> <span class='ocrx_word' id='word_1_611' title='bbox 1534 1870 1742 1923; x_wconf 79' lang='grc' dir='ltr'>ὀρχουμένου</span> <span class='ocrx_word' id='word_1_612' title='bbox 1763 1870 1801 1908; x_wconf 85' lang='grc' dir='ltr'>τὸ</span> <span class='ocrx_word' id='word_1_613' title='bbox 1817 1870 1945 1921; x_wconf 81' lang='grc' dir='ltr'>ὄνομα,</span> <span class='ocrx_word' id='word_1_614' title='bbox 1970 1870 2027 1908; x_wconf 71' lang='grc' dir='ltr'>καὶ</span> <span class='ocrx_word' id='word_1_615' title='bbox 2059 1870 2181 1914; x_wconf 82' lang='grc' dir='ltr'>εὐθέως</span> <span class='ocrx_word' id='word_1_616' title='bbox 2200 1871 2321 1910; x_wconf 81' lang='grc' dir='ltr'>ἀνετύ-</span> 
     </span>
     <span class='ocr_line' id='line_1_84' title="bbox 1296 1930 2320 1984; baseline -0.001 -14"><span class='ocrx_word' id='word_1_617' title='bbox 1296 1948 1410 1971; x_wconf 87' lang='grc' dir='ltr'>πωσεν</span> <span class='ocrx_word' id='word_1_618' title='bbox 1433 1936 1454 1980; x_wconf 82' lang='grc' dir='ltr'>ἡ</span> <span class='ocrx_word' id='word_1_619' title='bbox 1476 1931 1571 1984; x_wconf 77' lang='grc' dir='ltr'>ψυχὴ</span> <span class='ocrx_word' id='word_1_620' title='bbox 1595 1930 1657 1978; x_wconf 83' lang='grc' dir='ltr'>τὴν</span> <span class='ocrx_word' id='word_1_621' title='bbox 1677 1931 1767 1983; x_wconf 77' lang='grc' dir='ltr'>ὄψιν,</span> <span class='ocrx_word' id='word_1_622' title='bbox 1786 1930 1848 1978; x_wconf 84' lang='grc' dir='ltr'>τὴν</span> <span class='ocrx_word' id='word_1_623' title='bbox 1873 1930 1998 1982; x_wconf 85' lang='grc' dir='ltr'>κόμην,</span> <span class='ocrx_word' id='word_1_624' title='bbox 2019 1930 2081 1978; x_wconf 83' lang='grc' dir='ltr'>τὴν</span> <span class='ocrx_word' id='word_1_625' title='bbox 2102 1933 2229 1979; x_wconf 76' lang='grc' dir='ltr'>ἐσθῆτα</span> <span class='ocrx_word' id='word_1_626' title='bbox 2257 1931 2320 1978; x_wconf 82' lang='grc' dir='ltr'>τὴν</span> 
     </span>
     <span class='ocr_line' id='line_1_85' title="bbox 1297 1991 2316 2045; baseline -0.002 -13"><span class='ocrx_word' id='word_1_627' title='bbox 1297 1992 1449 2042; x_wconf 83' lang='grc' dir='ltr'>ἁπαλὴν,</span> <span class='ocrx_word' id='word_1_628' title='bbox 1483 1994 1583 2032; x_wconf 81' lang='grc' dir='ltr'>αὐτὸν</span> <span class='ocrx_word' id='word_1_629' title='bbox 1615 1995 1741 2031; x_wconf 80' lang='grc' dir='ltr'>ἐκεῖνον</span> <span class='ocrx_word' id='word_1_630' title='bbox 1778 1991 1906 2030; x_wconf 80' lang='grc' dir='ltr'>τούτων</span> <span class='ocrx_word' id='word_1_631' title='bbox 1941 1991 2187 2045; x_wconf 85' lang='grc' dir='ltr'>μαλακώτερον</span> <span class='ocrx_word' id='word_1_632' title='bbox 2222 1993 2316 2031; x_wconf 85' lang='grc' dir='ltr'>ὄντα.</span> 
     </span>
     <span class='ocr_line' id='line_1_86' title="bbox 1295 2052 2320 2108; baseline -0.002 -15"><span class='ocrx_word' id='word_1_633' title='bbox 1295 2053 1441 2108; x_wconf 64' lang='grc' dir='ltr'>εΈτερος</span> <span class='ocrx_word' id='word_1_634' title='bbox 1466 2054 1570 2093; x_wconf 87' lang='grc' dir='ltr'>πάλιν</span> <span class='ocrx_word' id='word_1_635' title='bbox 1607 2054 1769 2107; x_wconf 80' lang='grc' dir='ltr'>ἑτέρωθεν</span> <span class='ocrx_word' id='word_1_636' title='bbox 1803 2052 2000 2107; x_wconf 75' lang='grc' dir='ltr'>ἀνερρίπισε</span> <span class='ocrx_word' id='word_1_637' title='bbox 2024 2053 2085 2101; x_wconf 83' lang='grc' dir='ltr'>τὴν</span> <span class='ocrx_word' id='word_1_638' title='bbox 2108 2053 2237 2107; x_wconf 80' lang='grc' dir='ltr'>φλόγα,</span> <span class='ocrx_word' id='word_1_639' title='bbox 2256 2070 2320 2106; x_wconf 83' lang='grc' dir='ltr'>γυ-</span> 
     </span>
     <span class='ocr_line' id='line_1_87' title="bbox 1295 2114 2321 2167; baseline 0 -13"><span class='ocrx_word' id='word_1_640' title='bbox 1295 2121 1399 2154; x_wconf 86' lang='grc' dir='ltr'>ναῖκα</span> <span class='ocrx_word' id='word_1_641' title='bbox 1412 2115 1543 2167; x_wconf 88' lang='grc' dir='ltr'>πόρνην</span> <span class='ocrx_word' id='word_1_642' title='bbox 1562 2117 1609 2158; x_wconf 88' lang='grc' dir='ltr'>εἷς</span> <span class='ocrx_word' id='word_1_643' title='bbox 1626 2114 1688 2162; x_wconf 85' lang='grc' dir='ltr'>τὴν</span> <span class='ocrx_word' id='word_1_644' title='bbox 1705 2114 1850 2158; x_wconf 80' lang='grc' dir='ltr'>διάλεξιν</span> <span class='ocrx_word' id='word_1_645' title='bbox 1867 2114 2075 2167; x_wconf 80' lang='grc' dir='ltr'>εἰσαγαγὼν,</span> <span class='ocrx_word' id='word_1_646' title='bbox 2094 2115 2254 2164; x_wconf 84' lang='grc' dir='ltr'>κάκείνης</span> <span class='ocrx_word' id='word_1_647' title='bbox 2276 2115 2321 2154; x_wconf 77' lang='grc' dir='ltr'>τὰ</span> 
     </span>
     <span class='ocr_line' id='line_1_88' title="bbox 1296 2174 2318 2229; baseline 0.002 -16"><span class='ocrx_word' id='word_1_648' title='bbox 1296 2176 1454 2228; x_wconf 79' lang='grc' dir='ltr'>ῥήματα,</span> <span class='ocrx_word' id='word_1_649' title='bbox 1465 2174 1510 2213; x_wconf 86' lang='grc' dir='ltr'>τὰ</span> <span class='ocrx_word' id='word_1_650' title='bbox 1530 2175 1698 2227; x_wconf 83' lang='grc' dir='ltr'>σχήματα</span> <span class='ocrx_word' id='word_1_651' title='bbox 1712 2205 1722 2223; x_wconf 92' lang='grc'>,</span> <span class='ocrx_word' id='word_1_652' title='bbox 1738 2178 1806 2213; x_wconf 82' lang='grc' dir='ltr'>τῶν</span> <span class='ocrx_word' id='word_1_653' title='bbox 1822 2175 1990 2226; x_wconf 83' lang='grc' dir='ltr'>ὀμμάτων</span> <span class='ocrx_word' id='word_1_654' title='bbox 2010 2175 2072 2219; x_wconf 81' lang='grc' dir='ltr'>τὰς</span> <span class='ocrx_word' id='word_1_655' title='bbox 2089 2177 2318 2229; x_wconf 79' lang='grc' dir='ltr'>διαστροφὰς,</span> 
     </span>
     <span class='ocr_line' id='line_1_89' title="bbox 1295 2235 2321 2290; baseline 0.001 -16"><span class='ocrx_word' id='word_1_656' title='bbox 1295 2240 1356 2283; x_wconf 71' lang='grc' dir='ltr'>τ’ῆς</span> <span class='ocrx_word' id='word_1_657' title='bbox 1378 2237 1487 2288; x_wconf 77' lang='grc' dir='ltr'>ὅψεως</span> <span class='ocrx_word' id='word_1_658' title='bbox 1511 2236 1549 2274; x_wconf 83' lang='grc' dir='ltr'>τὸ</span> <span class='ocrx_word' id='word_1_659' title='bbox 1574 2235 1688 2289; x_wconf 80' lang='grc' dir='ltr'>ὑγρὸν,</span> <span class='ocrx_word' id='word_1_660' title='bbox 1720 2239 1787 2274; x_wconf 83' lang='grc' dir='ltr'>τῶν</span> <span class='ocrx_word' id='word_1_661' title='bbox 1820 2239 1950 2289; x_wconf 79' lang='grc' dir='ltr'>τριχῶν</span> <span class='ocrx_word' id='word_1_662' title='bbox 1980 2236 2043 2280; x_wconf 83' lang='grc' dir='ltr'>τὰς</span> <span class='ocrx_word' id='word_1_663' title='bbox 2071 2237 2321 2290; x_wconf 68' lang='grc' dir='ltr'>στρεὸλώσεις,</span> 
     </span>
     <span class='ocr_line' id='line_1_90' title="bbox 1295 2293 2320 2352; baseline 0.001 -16"><span class='ocrx_word' id='word_1_664' title='bbox 1295 2301 1361 2336; x_wconf 78' lang='grc' dir='ltr'>τῶν</span> <span class='ocrx_word' id='word_1_665' title='bbox 1381 2299 1534 2351; x_wconf 82' lang='grc' dir='ltr'>παρειῶν</span> <span class='ocrx_word' id='word_1_666' title='bbox 1560 2297 1604 2335; x_wconf 83' lang='grc' dir='ltr'>τὰ</span> <span class='ocrx_word' id='word_1_667' title='bbox 1626 2296 1886 2349; x_wconf 77' lang='grc' dir='ltr'>ἓπιτρίμματα,</span> <span class='ocrx_word' id='word_1_668' title='bbox 1915 2296 1976 2340; x_wconf 81' lang='grc' dir='ltr'>τὰς</span> <span class='ocrx_word' id='word_1_669' title='bbox 1997 2298 2210 2351; x_wconf 79' lang='grc' dir='ltr'>ὑπογραφάς.</span> <span class='ocrx_word' id='word_1_670' title='bbox 2232 2293 2320 2352; x_wconf 65' lang='grc' dir='ltr'>Ἆρα</span> 
     </span>
     <span class='ocr_line' id='line_1_91' title="bbox 1296 2357 2311 2410; baseline 0 -13"><span class='ocrx_word' id='word_1_671' title='bbox 1296 2361 1356 2397; x_wconf 78' lang='grc' dir='ltr'>οὐκ</span> <span class='ocrx_word' id='word_1_672' title='bbox 1371 2357 1515 2397; x_wconf 82' lang='grc' dir='ltr'>ἐπάθετέ</span> <span class='ocrx_word' id='word_1_673' title='bbox 1535 2374 1568 2395; x_wconf 94' lang='grc' dir='ltr'>τι</span> <span class='ocrx_word' id='word_1_674' title='bbox 1581 2357 1640 2394; x_wconf 79' lang='grc' dir='ltr'>καὶ</span> <span class='ocrx_word' id='word_1_675' title='bbox 1654 2359 1737 2408; x_wconf 76' lang='grc' dir='ltr'>ἐμοῦ</span> <span class='ocrx_word' id='word_1_676' title='bbox 1756 2361 1865 2395; x_wconf 74' lang='grc' dir='ltr'>ταῦτα</span> <span class='ocrx_word' id='word_1_677' title='bbox 1887 2357 2123 2410; x_wconf 82' lang='grc' dir='ltr'>διηγουμένου;</span> <span class='ocrx_word' id='word_1_678' title='bbox 2139 2359 2242 2397; x_wconf 82' lang='grc' dir='ltr'>Ἀλλὰ</span> <span class='ocrx_word' id='word_1_679' title='bbox 2263 2359 2311 2410; x_wconf 81' lang='grc' dir='ltr'>μὴ</span> 
     </span>
     <span class='ocr_line' id='line_1_92' title="bbox 1297 2416 2312 2472; baseline 0 -14"><span class='ocrx_word' id='word_1_680' title='bbox 1297 2422 1516 2472; x_wconf 69' lang='grc' dir='ltr'>αἰσχυνθῆτε,</span> <span class='ocrx_word' id='word_1_681' title='bbox 1550 2418 1637 2469; x_wconf 80' lang='grc' dir='ltr'>μηδὲ</span> <span class='ocrx_word' id='word_1_682' title='bbox 1667 2416 1890 2471; x_wconf 72' lang='grc' dir='ltr'>ἐρυθριάσητε</span> <span class='ocrx_word' id='word_1_683' title='bbox 1903 2434 1910 2441; x_wconf 90' lang='grc'><em>·</em></span> <span class='ocrx_word' id='word_1_684' title='bbox 1941 2423 1962 2465; x_wconf 76' lang='grc' dir='ltr'>ἡ</span> <span class='ocrx_word' id='word_1_685' title='bbox 1998 2418 2065 2471; x_wconf 78' lang='grc' dir='ltr'>γὰρ</span> <span class='ocrx_word' id='word_1_686' title='bbox 2097 2423 2159 2466; x_wconf 73' lang='grc' dir='ltr'>τῆς</span> <span class='ocrx_word' id='word_1_687' title='bbox 2178 2419 2312 2471; x_wconf 78' lang='grc' dir='ltr'>φύσεως</span> 
     </span>
     <span class='ocr_line' id='line_1_93' title="bbox 1296 2478 2320 2533; baseline 0.001 -15"><span class='ocrx_word' id='word_1_688' title='bbox 1296 2481 1430 2532; x_wconf 81' lang='grc' dir='ltr'>ἀνάγκη</span> <span class='ocrx_word' id='word_1_689' title='bbox 1449 2485 1548 2518; x_wconf 74' lang='grc' dir='ltr'>τοῦτο</span> <span class='ocrx_word' id='word_1_690' title='bbox 1568 2481 1725 2526; x_wconf 87' lang='grc' dir='ltr'>ἀπαιτεῖ,</span> <span class='ocrx_word' id='word_1_691' title='bbox 1741 2478 1800 2516; x_wconf 77' lang='grc' dir='ltr'>καὶ</span> <span class='ocrx_word' id='word_1_692' title='bbox 1816 2478 1905 2517; x_wconf 82' lang='grc' dir='ltr'>οὕτω</span> <span class='ocrx_word' id='word_1_693' title='bbox 1924 2478 2098 2526; x_wconf 83' lang='grc' dir='ltr'>διατίθησι</span> <span class='ocrx_word' id='word_1_694' title='bbox 2113 2479 2175 2527; x_wconf 83' lang='grc' dir='ltr'>τὴν</span> <span class='ocrx_word' id='word_1_695' title='bbox 2192 2481 2320 2533; x_wconf 82' lang='grc' dir='ltr'>ψυχὴν,</span> 
     </span>
     <span class='ocr_line' id='line_1_94' title="bbox 1295 2540 2319 2594; baseline 0.001 -14"><span class='ocrx_word' id='word_1_696' title='bbox 1295 2544 1341 2586; x_wconf 80' lang='grc' dir='ltr'>ὡς</span> <span class='ocrx_word' id='word_1_697' title='bbox 1360 2542 1398 2580; x_wconf 81' lang='grc' dir='ltr'>ἂν</span> <span class='ocrx_word' id='word_1_698' title='bbox 1417 2546 1439 2589; x_wconf 81' lang='grc' dir='ltr'>ἡ</span> <span class='ocrx_word' id='word_1_699' title='bbox 1455 2545 1522 2580; x_wconf 80' lang='grc' dir='ltr'>τῶν</span> <span class='ocrx_word' id='word_1_700' title='bbox 1540 2540 1852 2593; x_wconf 78' lang='grc' dir='ltr'>ἀπαγγελλομένων</span> <span class='ocrx_word' id='word_1_701' title='bbox 1871 2540 2014 2591; x_wconf 77' lang='grc' dir='ltr'>δύναμις</span> <span class='ocrx_word' id='word_1_702' title='bbox 2030 2541 2106 2593; x_wconf 83' lang='grc' dir='ltr'>ἔχῃ.</span> <span class='ocrx_word' id='word_1_703' title='bbox 2123 2543 2167 2579; x_wconf 84' lang='grc' dir='ltr'>Εἰ</span> <span class='ocrx_word' id='word_1_704' title='bbox 2185 2542 2219 2581; x_wconf 82' lang='grc' dir='ltr'>δὲ</span> <span class='ocrx_word' id='word_1_705' title='bbox 2235 2545 2319 2594; x_wconf 73' lang='grc' dir='ltr'>ἐμοῦ</span> 
     </span>
     <span class='ocr_line' id='line_1_95' title="bbox 1296 2601 2317 2655; baseline 0 -13"><span class='ocrx_word' id='word_1_706' title='bbox 1296 2602 1547 2655; x_wconf 77' lang='grc' dir='ltr'>φθεγγομένου,</span> <span class='ocrx_word' id='word_1_707' title='bbox 1568 2601 1648 2640; x_wconf 78' lang='grc' dir='ltr'>εἰδὲ</span> <span class='ocrx_word' id='word_1_708' title='bbox 1668 2604 1702 2640; x_wconf 80' lang='grc' dir='ltr'>ἐν</span> <span class='ocrx_word' id='word_1_709' title='bbox 1720 2601 1888 2654; x_wconf 77' lang='grc' dir='ltr'>ἐκκλησίᾳ</span> <span class='ocrx_word' id='word_1_710' title='bbox 1908 2604 2074 2650; x_wconf 83' lang='grc' dir='ltr'>ἑστῶτες,</span> <span class='ocrx_word' id='word_1_711' title='bbox 2104 2605 2132 2640; x_wconf 85' lang='grc' dir='ltr'>εἰ</span> <span class='ocrx_word' id='word_1_712' title='bbox 2153 2602 2187 2641; x_wconf 80' lang='grc' dir='ltr'>δὲ</span> <span class='ocrx_word' id='word_1_713' title='bbox 2219 2604 2317 2642; x_wconf 82' lang='grc' dir='ltr'>ἐκεί-</span> 
     </span>
     <span class='ocr_line' id='line_1_96' title="bbox 1297 2661 2321 2716; baseline 0.001 -14"><span class='ocrx_word' id='word_1_714' title='bbox 1297 2681 1363 2702; x_wconf 90' lang='grc' dir='ltr'>νων</span> <span class='ocrx_word' id='word_1_715' title='bbox 1381 2663 1567 2716; x_wconf 81' lang='grc' dir='ltr'>ἀπέχοντες</span> <span class='ocrx_word' id='word_1_716' title='bbox 1589 2662 1734 2701; x_wconf 80' lang='grc' dir='ltr'>ἐπάθετέ</span> <span class='ocrx_word' id='word_1_717' title='bbox 1759 2678 1792 2699; x_wconf 86' lang='grc' dir='ltr'>τι</span> <span class='ocrx_word' id='word_1_718' title='bbox 1819 2662 1902 2714; x_wconf 77' lang='grc' dir='ltr'>πρὸς</span> <span class='ocrx_word' id='word_1_719' title='bbox 1922 2661 1983 2709; x_wconf 77' lang='grc' dir='ltr'>τὴν</span> <span class='ocrx_word' id='word_1_720' title='bbox 2005 2662 2184 2716; x_wconf 85' lang='grc' dir='ltr'>ἀκρόασιν,</span> <span class='ocrx_word' id='word_1_721' title='bbox 2202 2664 2321 2711; x_wconf 83' lang='grc' dir='ltr'>ἐννόη-</span> 
     </span>
     <span class='ocr_line' id='line_1_97' title="bbox 1299 2722 2320 2777; baseline -0.001 -13"><span class='ocrx_word' id='word_1_722' title='bbox 1299 2741 1356 2764; x_wconf 89' lang='grc' dir='ltr'>σον</span> <span class='ocrx_word' id='word_1_723' title='bbox 1373 2729 1447 2769; x_wconf 87' lang='grc' dir='ltr'>πῶς</span> <span class='ocrx_word' id='word_1_724' title='bbox 1466 2725 1552 2768; x_wconf 81' lang='grc' dir='ltr'>εἰκὸς</span> <span class='ocrx_word' id='word_1_725' title='bbox 1570 2725 1760 2762; x_wconf 80' lang='grc' dir='ltr'>διακεῖσθαι</span> <span class='ocrx_word' id='word_1_726' title='bbox 1781 2722 1859 2766; x_wconf 76' lang='grc' dir='ltr'>τοὺς</span> <span class='ocrx_word' id='word_1_727' title='bbox 1875 2725 1908 2760; x_wconf 79' lang='grc' dir='ltr'>ἐν</span> <span class='ocrx_word' id='word_1_728' title='bbox 1926 2725 2020 2775; x_wconf 82' lang='grc' dir='ltr'>αὐτῷ</span> <span class='ocrx_word' id='word_1_729' title='bbox 2035 2727 2084 2776; x_wconf 86' lang='grc' dir='ltr'>τῷ</span> <span class='ocrx_word' id='word_1_730' title='bbox 2105 2724 2237 2777; x_wconf 83' lang='grc' dir='ltr'>θεάτρῳ</span> <span class='ocrx_word' id='word_1_731' title='bbox 2259 2742 2320 2763; x_wconf 85' lang='grc' dir='ltr'>κα-</span> 
     </span>
     <span class='ocr_line' id='line_1_98' title="bbox 1301 2783 2320 2838; baseline -0.001 -13"><span class='ocrx_word' id='word_1_732' title='bbox 1301 2786 1484 2838; x_wconf 86' lang='grc' dir='ltr'>θημένους,</span> <span class='ocrx_word' id='word_1_733' title='bbox 1516 2784 1595 2828; x_wconf 78' lang='grc' dir='ltr'>τοὺς</span> <span class='ocrx_word' id='word_1_734' title='bbox 1626 2784 1743 2823; x_wconf 76' lang='grc' dir='ltr'>ἄδειαν</span> <span class='ocrx_word' id='word_1_735' title='bbox 1765 2783 1896 2829; x_wconf 85' lang='grc' dir='ltr'>πολλὴν</span> <span class='ocrx_word' id='word_1_736' title='bbox 1925 2783 2087 2835; x_wconf 84' lang='grc' dir='ltr'>ἔχοντας,</span> <span class='ocrx_word' id='word_1_737' title='bbox 2116 2783 2193 2828; x_wconf 79' lang='grc' dir='ltr'>τοὺς</span> <span class='ocrx_word' id='word_1_738' title='bbox 2224 2786 2320 2829; x_wconf 82' lang='grc' dir='ltr'>ἐκτὸς</span> 
     </span>
     <span class='ocr_line' id='line_1_99' title="bbox 1298 2845 2320 2899; baseline -0.001 -12"><span class='ocrx_word' id='word_1_739' title='bbox 1298 2853 1357 2887; x_wconf 67' lang='grc' dir='ltr'>τοῦ</span> <span class='ocrx_word' id='word_1_740' title='bbox 1371 2851 1497 2899; x_wconf 74' lang='grc' dir='ltr'>σεμνοῦ</span> <span class='ocrx_word' id='word_1_741' title='bbox 1512 2846 1630 2885; x_wconf 83' lang='grc' dir='ltr'>τούτου</span> <span class='ocrx_word' id='word_1_742' title='bbox 1658 2846 1717 2884; x_wconf 79' lang='grc' dir='ltr'>καὶ</span> <span class='ocrx_word' id='word_1_743' title='bbox 1739 2849 1880 2897; x_wconf 78' lang='grc' dir='ltr'>φρικτοῧ</span> <span class='ocrx_word' id='word_1_744' title='bbox 1910 2845 2100 2899; x_wconf 82' lang='grc' dir='ltr'>συνεδρίου,</span> <span class='ocrx_word' id='word_1_745' title='bbox 2127 2845 2203 2891; x_wconf 79' lang='grc' dir='ltr'>τοὺς</span> <span class='ocrx_word' id='word_1_746' title='bbox 2229 2848 2320 2898; x_wconf 83' lang='grc' dir='ltr'>μετὰ</span> 
     </span>
     <span class='ocr_line' id='line_1_100' title="bbox 1298 2906 2315 2960; baseline -0.002 -11"><span class='ocrx_word' id='word_1_747' title='bbox 1298 2911 1429 2956; x_wconf 77' lang='grc' dir='ltr'>πολλῆς</span> <span class='ocrx_word' id='word_1_748' title='bbox 1450 2906 1693 2960; x_wconf 84' lang='grc' dir='ltr'>ἀναισχυντίας</span> <span class='ocrx_word' id='word_1_749' title='bbox 1713 2906 1771 2944; x_wconf 86' lang='grc' dir='ltr'>καὶ</span> <span class='ocrx_word' id='word_1_750' title='bbox 1790 2907 1941 2959; x_wconf 77' lang='grc' dir='ltr'>ὁρῶντας</span> <span class='ocrx_word' id='word_1_751' title='bbox 1961 2909 2073 2945; x_wconf 83' lang='grc' dir='ltr'>ἐκεῖνα</span> <span class='ocrx_word' id='word_1_752' title='bbox 2094 2908 2153 2945; x_wconf 83' lang='grc' dir='ltr'>καὶ</span> <span class='ocrx_word' id='word_1_753' title='bbox 2168 2908 2315 2947; x_wconf 76' lang='grc' dir='ltr'>ἀκούον-</span> 
     </span>
     <span class='ocr_line' id='line_1_101' title="bbox 1297 2966 2319 3019; baseline -0.003 -10"><span class='ocrx_word' id='word_1_754' title='bbox 1297 2987 1371 3014; x_wconf 88' lang='grc' dir='ltr'>τας.</span> <span class='ocrx_word' id='word_1_755' title='bbox 1402 2969 1472 3008; x_wconf 78' lang='grc' dir='ltr'>Καὶ</span> <span class='ocrx_word' id='word_1_756' title='bbox 1504 2968 1538 3006; x_wconf 88' lang='grc' dir='ltr'>τί</span> <span class='ocrx_word' id='word_1_757' title='bbox 1569 2968 1716 3015; x_wconf 82' lang='grc' dir='ltr'>δήποτε,</span> <span class='ocrx_word' id='word_1_758' title='bbox 1736 2967 1903 3019; x_wconf 61' lang='grc' dir='ltr'>*φήσειεν</span> <span class='ocrx_word' id='word_1_759' title='bbox 1934 2966 1973 3004; x_wconf 80' lang='grc' dir='ltr'>ἂν</span> <span class='ocrx_word' id='word_1_760' title='bbox 2007 2967 2088 3012; x_wconf 84' lang='grc' dir='ltr'>ἴσως</span> <span class='ocrx_word' id='word_1_761' title='bbox 2114 2985 2166 3013; x_wconf 86' lang='grc' dir='ltr'>τις</span> <span class='ocrx_word' id='word_1_762' title='bbox 2193 2972 2262 3007; x_wconf 77' lang='grc' dir='ltr'>τῶν</span> <span class='ocrx_word' id='word_1_763' title='bbox 2282 2973 2319 3008; x_wconf 85' lang='grc' dir='ltr'>οὐ</span> 
     </span>
     <span class='ocr_line' id='line_1_102' title="bbox 1298 3027 2322 3084; baseline -0.004 -14"><span class='ocrx_word' id='word_1_764' title='bbox 1298 3029 1550 3084; x_wconf 84' lang='grc' dir='ltr'>προσεχόντων,</span> <span class='ocrx_word' id='word_1_765' title='bbox 1567 3031 1596 3067; x_wconf 84' lang='grc' dir='ltr'>εἷ</span> <span class='ocrx_word' id='word_1_766' title='bbox 1609 3031 1670 3075; x_wconf 76' lang='grc' dir='ltr'>τῆς</span> <span class='ocrx_word' id='word_1_767' title='bbox 1684 3027 1816 3080; x_wconf 84' lang='grc' dir='ltr'>φύσεως</span> <span class='ocrx_word' id='word_1_768' title='bbox 1830 3030 1851 3073; x_wconf 79' lang='grc' dir='ltr'>ἡ</span> <span class='ocrx_word' id='word_1_769' title='bbox 1872 3027 2004 3079; x_wconf 85' lang='grc' dir='ltr'>ἀνάγκη</span> <span class='ocrx_word' id='word_1_770' title='bbox 2020 3027 2082 3075; x_wconf 86' lang='grc' dir='ltr'>τὴν</span> <span class='ocrx_word' id='word_1_771' title='bbox 2099 3028 2212 3080; x_wconf 78' lang='grc' dir='ltr'>ψυχὴν</span> <span class='ocrx_word' id='word_1_772' title='bbox 2228 3028 2322 3067; x_wconf 83' lang='grc' dir='ltr'>οὕτω</span> 
     </span>
     <span class='ocr_line' id='line_1_103' title="bbox 1300 3093 2319 3146; baseline -0.003 -12"><span class='ocrx_word' id='word_1_773' title='bbox 1300 3096 1504 3144; x_wconf 83' lang='grc' dir='ltr'>διατίθησιν,</span> <span class='ocrx_word' id='word_1_774' title='bbox 1533 3094 1664 3142; x_wconf 76' lang='grc' dir='ltr'>ἐκείνην</span> <span class='ocrx_word' id='word_1_775' title='bbox 1695 3094 1807 3146; x_wconf 83' lang='grc' dir='ltr'>ἀφεὶς,</span> <span class='ocrx_word' id='word_1_776' title='bbox 1833 3098 1937 3145; x_wconf 51' lang='grc' dir='ltr'>Ἆὴμῖν</span> <span class='ocrx_word' id='word_1_777' title='bbox 1965 3096 2121 3146; x_wconf 81' lang='grc' dir='ltr'>ἐγκαλεῖς</span> <span class='ocrx_word' id='word_1_778' title='bbox 2131 3109 2141 3143; x_wconf 85' lang='grc'><strong>;</strong></span> <span class='ocrx_word' id='word_1_779' title='bbox 2170 3093 2254 3133; x_wconf 67' lang='grc' dir='ltr'>εΌτι</span> <span class='ocrx_word' id='word_1_780' title='bbox 2279 3094 2319 3132; x_wconf 88' lang='grc' dir='ltr'>τὸ</span> 
     </span>
     <span class='ocr_line' id='line_1_104' title="bbox 1300 3159 2320 3215; baseline -0.005 -13"><span class='ocrx_word' id='word_1_781' title='bbox 1300 3163 1375 3215; x_wconf 82' lang='grc' dir='ltr'>μὲν,</span> <span class='ocrx_word' id='word_1_782' title='bbox 1411 3162 1577 3202; x_wconf 82' lang='grc' dir='ltr'>ἀκούοντα</span> <span class='ocrx_word' id='word_1_783' title='bbox 1612 3165 1754 3200; x_wconf 77' lang='grc' dir='ltr'>τοιαῦτα</span> <span class='ocrx_word' id='word_1_784' title='bbox 1795 3159 2049 3211; x_wconf 86' lang='grc' dir='ltr'>μαλάττεσθαι,</span> <span class='ocrx_word' id='word_1_785' title='bbox 2089 3164 2150 3207; x_wconf 73' lang='grc' dir='ltr'>τῆς</span> <span class='ocrx_word' id='word_1_786' title='bbox 2188 3159 2320 3212; x_wconf 82' lang='grc' dir='ltr'>φύσεως</span> 
     </span>
    </p>
   </div>
   <div class='ocr_carea' id='block_1_17' title="bbox 1308 3307 1763 3402">
    <p class='ocr_par' dir='ltr' id='par_1_17' title="bbox 1308 3307 1763 3402">
     <span class='ocr_line' id='line_1_105' title="bbox 1308 3307 1430 3350; baseline -0.025 -9"><span class='ocrx_word' id='word_1_787' title='bbox 1308 3307 1430 3350; x_wconf 62' lang='grc' dir='ltr'>53γίΙῇ</span> 
     </span>
     <span class='ocr_line' id='line_1_106' title="bbox 1350 3358 1763 3402; baseline 0.002 -13"><span class='ocrx_word' id='word_1_788' title='bbox 1350 3371 1362 3383; x_wconf 78' lang='lat'>:¹</span> <span class='ocrx_word' id='word_1_789' title='bbox 1380 3358 1525 3400; x_wconf 84' lang='lat' dir='ltr'>Quidam</span> <span class='ocrx_word' id='word_1_790' title='bbox 1542 3363 1610 3402; x_wconf 75' lang='grc' dir='ltr'>ἡμῖν</span> <span class='ocrx_word' id='word_1_791' title='bbox 1624 3361 1763 3400; x_wconf 62' lang='grc' dir='ltr'>ἐγκαλοὶς,</span> 
     </span>
    </p>
   </div>
  </div>
 </body>
</html>
