2481 3678
308 214 400 275 570
751 231 791 261 S.
827 231 1015 261 JOANMS
1049 231 1293 262 CHRYSOST.
1333 231 1537 260 AncnffiP.
1577 230 1936 260 CONSTANTINOP.

302 309 419 346 ferret.
440 309 531 347 Sane
545 339 554 357 ‚
569 309 694 360 inquit,
718 309 857 348 etiamsi
874 310 919 348 de
944 311 1055 362 vulgo
1073 326 1194 359 essem,
1217 325 1286 349 non

302 378 477 421 oporteret
506 370 693 408 innoxium
714 380 825 409 morte
848 372 1013 410 mulctari
1027 389 1037 422 5
1063 387 1144 411 cum
1170 382 1287 410 autem

302 429 485 468 veritatem
496 430 613 468 dicam
627 463 636 479 ,
649 432 859 482 nullumque
873 432 1075 471 admiserim
1089 443 1285 486 peccatum,

302 499 406 541 atque
425 505 446 528 a
471 493 545 529 Deo
565 492 692 529 missus
720 494 832 545 major
851 493 917 531 sim
938 494 1152 544 Abrabam07
1170 508 1284 532 annon

300 552 419 589 furore
439 552 532 603 pleni
551 553 680 590 frustra
697 553 879 603 laboratis,
899 568 979 593 cum
999 570 1055 593 me
1071 556 1212 594 tentatis
1227 556 1282 593 in—

300 612 475 649 terficere?
490 613 588 658 Quid
599 627 681 663 ergo
694 614 745 651 illi
755 615 772 651 ἶ)
786 616 901 652 ,Νιιιιο
914 620 1175 668 cognoscimus
1190 620 1284 669 quia

300 672 530 710 doemonium
551 676 680 712 habes.
698 678 741 713 At
757 690 826 713 non
846 676 893 714 ita
909 677 1154 726 Samaritana;
1173 692 1283 729 neque

299 732 393 770 enim
419 733 514 772 dixit
536 735 608 783 illi,
632 737 859 775 Daemonium
886 738 1020 787 hahes3
1043 739 1105 777 sed
1122 748 1279 790 tantum,

299 794 500 846 Numquid
531 804 571 833 tu
606 800 732 847 major
763 812 800 836 es
832 807 944 850 patre
974 809 1102 837 nostro
1127 801 1250 837 Jacob
1265 805 1281 837 Ρ

297 853 344 891 lii
363 857 494 907 quippe
513 859 756 896 contumeliosi
777 868 809 896 et
828 870 1030 911 arrogantes
1063 870 1186 910 crant;
1219 861 1280 899 illa

296 928 380 954 vero
403 916 564 955 discendi
595 920 738 971 cupida.
761 920 844 958 Ideo
873 921 1066 971 dubitavit,
1098 930 1131 959 et
1160 921 1279 959 debita

296 990 377 1015 cum
395 978 566 1017 modestia
590 981 793 1032 respondit,
817 982 1083 1032 Dominamque
1100 992 1202 1021 vocat
1229 983 1277 1020 il—

294 1038 382 1076 lum.
399 1040 470 1086 Qui
487 1041 581 1079 enim
601 1042 704 1092 longe
720 1043 853 1093 majora
872 1042 1067 1093 pollicitus,
1087 1051 1121 1079 et
1139 1042 1211 1080 fide
1225 1043 1280 1080 di-

294 1113 384 1150 gnus
403 1111 487 1150 erat,
507 1116 576 1140 non
596 1103 807 1140 contumelia
826 1102 1047 1151 afficiendus,
1067 1103 1138 1141 imo
1160 1103 1278 1141 admi-

1358 310 1534 363 κρείττων,
1568 313 1642 354 πῶς
1684 313 1722 348 οὓ
1762 311 1925 362 μαίνεσθε
1959 311 2018 349 καὶ
2045 310 2193 357 ἀνόνητα
2225 317 2376 360 πονεῖτε,

1356 374 1608 423 ἐπιχειροῦντες
1635 373 1786 418 ἀνελεῖν;
1802 371 1849 410 Τί
1867 366 1923 410 οὖν
1955 373 2098 419 ἐκεῖνοι5
2119 372 2191 409 Νῦν
2218 371 2374 422 ἐγνώκα-

1358 448 1419 482 μεν
1440 432 1493 471 ὅτι
1518 432 1694 483 δαιμόνιον
1714 433 1818 484 ἔχεις.
1837 433 1928 471 Ἀλλ’
1949 435 2012 484 οὐχ
2041 436 2062 479 ἡ
2085 433 2300 484 Σαμαρεῖτις
2317 433 2375 471 οὕ-

1356 510 1442 538 τως·
1462 496 1499 533 οὐ
1519 493 1586 547 γὰρ
1609 488 1701 532 εἶπεν
1727 495 1841 546 αὐτῷ·
1866 494 2041 544 δαιμόνιον
2064 493 2172 545 ἔχεις·
2206 493 2294 532 ἀλλὰ
2313 510 2375 533 το·-

1357 561 1473 594 σοῦτον
1499 555 1613 606 μόνον,
1638 554 1698 602 Μὴ
1733 554 1773 593 σὺ
1812 554 1936 605 μείζων
1973 549 2004 593 εἶ
2029 559 2089 593 τοῦ
2115 555 2246 606 πατρὸς
2276 558 2375 606 ἡμῶν

1322 626 1329 634 “
1357 615 1487 654 Ἰακώὸ
1495 634 1504 664 5
1519 610 1627 654 Οῧτοι
1644 615 1704 666 μὲν
1722 615 1789 669 γὰρ
1809 610 1897 662 ἦσαν
1913 615 2075 669 ὑδρισταὶ
2094 615 2153 653 καὶ
2169 615 2375 669 ἀλάστορες·

1356 674 1467 721 ἐκείνη
1492 675 1526 713 δὲ
1559 679 1679 726 μαθεῖν
1701 674 1871 713 ἐὸούλετο.
1905 674 1968 712 Διὸ
1995 673 2056 712 καὶ
2087 672 2289 727 ὴήπόρησε,
2317 674 2378 712 καὶ

1356 733 1442 783 μετὰ
1463 737 1524 780 τῆς
1550 733 1790 786 προσηκούσης
1805 732 2021 786 συμμετρίας
2051 731 2283 784 ἀπεκρίνατο,
2315 733 2374 771 καὶ

1354 793 1481 847 Κύριον
1499 795 1600 833 αὐτὸν
1617 796 1726 832 καλεῖ,
1742 796 1774 832 Τ
1778 795 1812 832 ὸν
1830 794 1896 847 γὰρ
1912 795 2031 846 πολλῷ
2048 792 2188 844 μείζονα
2206 796 2376 845 ἐπαγγελ-

1353 854 1509 906 λόμενον,
1537 856 1596 894 καὶ
1623 855 1819 899 ἀξιόπιστον
1842 855 1941 903 ὅντα,
1974 856 2039 906 οὐχ
2058 853 2254 907 ὑὸρίζεσθαι
2285 854 2374 902 ἔδει,

1354 915 1443 954 ἀλλὰ
1466 916 1525 955 καὶ
1552 917 1802 967 ΘαυμάζεσΟαι·
1835 911 1928 955 οὑτοι
1958 915 1994 954 δὲ
2024 918 2242 966 δαιμονῶντα
2273 917 2373 955 αὐτὸν

1351 977 1520 1028 λέγουσιν.
1540 978 1680 1017 Ἐκεῖνα
1718 978 1780 1029 μὲν
1819 978 1907 1031 γὰρ,
1937 977 1982 1016 τὰ
2014 981 2076 1024 τῆς
2107 976 2374 1029 Σαμαρείτιδος,

1352 1038 1548 1089 ἀπορούσης
1568 1034 1609 1085 ἦν
1623 1056 1630 1063 ·
1653 1045 1763 1078 ταῦτα
1786 1039 1840 1088 δὲ,
1856 1039 2090 1078 ἀπιστούντων
2109 1039 2169 1077 καὶ
2188 1039 2373 1092 διεστραμ-

1355 1098 1478 1148 μένων.
1504 1099 1564 1146 Μὴ
1587 1099 1627 1137 σὺ
1656 1100 1781 1150 μείζων
1797 1094 1828 1138 εἷ
1841 1106 1900 1139 τοῦ
1923 1100 2053 1154 πατρὸς
2069 1103 2169 1150 ἡμῶν
2192 1099 2371 1151 Ἀδραάμ5

292 1161 419 1198 rationi
436 1162 621 1200 habendus
636 1172 708 1200 erat
727 1179 735 1199 :
752 1163 790 1200 hi
805 1177 887 1202 vero
903 1162 1160 1202 daemoniacum
1175 1164 1279 1201 illum
1305 1174 1328 1200 Α
1350 1159 1462 1197 ‘'stet-¹3
1481 1164 1580 1198 τοῦτο
1607 1161 1746 1211 μείζονα
1773 1155 1860 1199 εἶναι
1881 1168 1973 1199 ποιεῖ
1988 1165 2046 1199 τοῦ
2068 1161 2241 1212 Ἀὅραάμ·
2257 1160 2371 1200 ςΌταν

290 1221 481 1271 appellant.
520 1222 750 1260 Samaritanae
782 1223 891 1261 verba
923 1223 1121 1262 dubitantis
1153 1234 1250 1262 erant
1267 1240 1278 1274 5

91 1283 271 1320 ΛΜΗ-442.
289 1282 365 1320 haec
380 1293 497 1321 autem
516 1283 782 1323 incredulorum
799 1294 832 1323 et·
859 1299 1120 1337 perversorum.
1153 1287 1277 1323 Num-

290 1345 384 1394 quid
399 1353 439 1381 tu
455 1347 582 1397 major
596 1358 633 1382 es
645 1354 758 1396 patre
784 1354 915 1383 nostro
939 1345 1148 1384 Abraham
1160 1351 1177 1383 P
1201 1347 1277 1384 Ita-

288 1419 357 1454 que
375 1404 442 1442 hoc
458 1419 538 1442 eum
558 1406 728 1457 majorem
755 1407 862 1455 facit,
891 1421 999 1457 quam
1019 1407 1276 1447 Abrahamum.

289 1465 378 1502 Cum
399 1474 516 1503 autem
530 1466 635 1504 illum
654 1467 850 1506 exaltatum
869 1468 1046 1518 videritis,
1064 1469 1183 1520 ipsum
1201 1483 1276 1506 ma-

283 1526 398 1576 jorem
411 1540 483 1564 esse
502 1527 767 1565 confitebimini.
782 1529 868 1566 Ideo
879 1528 1036 1578 dicebat,
1054 1530 1150 1567 Cum
1168 1531 1274 1568 emal—

290 1590 462 1626 taveritis
485 1603 557 1633 me,
588 1597 677 1626 tunc
709 1593 941 1641 cognoscetis
966 1593 1058 1643 quia
1082 1605 1149 1642 ego
1173 1605 1270 1630 sum.

287 1647 335 1685 Et
352 1648 437 1687 vide
454 1649 691 1701 prudentiam.
713 1650 845 1699 Primo,
862 1651 935 1688 illis
954 1666 973 1689 a
996 1651 1203 1703 cognatione
1220 1667 1273 1691 se-

287 1708 406 1759 motis,
428 1709 579 1747 ostendit
600 1725 638 1749 se
654 1710 715 1748 illo
737 1711 906 1763 majorem
926 1726 1013 1759 esse,
1032 1722 1070 1749 ut
1088 1713 1273 1765 prophetis

286 1769 390 1820 longe
419 1771 645 1809 excellentior
664 1786 736 1809 esse
759 1772 1026 1824 intelligeretur.
1061 1774 1151 1811 Cum
1179 1775 1273 1813 enim

285 1830 389 1868 illum
415 1846 552 1884 semper
576 1833 784 1884 prophetam
814 1834 1053 1886 appellarent,
1075 1835 1154 1874 ideo
1179 1836 1273 1874 dice-

175 1922 199 1937 „
220 1912 268 1948 37*
285 1891 346 1929 bat
365 1908 372 1928 ε
394 1893 523 1930 Sermo
538 1907 641 1931 meus
659 1908 737 1931 non
753 1897 854 1946 capit
867 1897 909 1932 in
925 1898 1048 1933 vobis.
1071 1896 1151 1934 Illic
1166 1911 1272 1949 porro

285 1952 452 2003 dicebat,
476 1968 511 1991 se
536 1963 692 1992 mortuos
719 1955 912 2005 suseitare3
940 1955 999 1993 hic
1030 1971 1137 2006 vero,
1167 1958 1272 1996 illum

284 2014 345 2065 qui
379 2014 553 2064 crederet,
581 2029 650 2053 non
680 2015 841 2055 visurum
868 2031 941 2056 esse
969 2027 1119 2057 mortem
1141 2034 1149 2055 ε
1175 2020 1271 2071 quod

284 2075 395 2113 multo
409 2076 524 2127 majus
544 2085 629 2126 erat,
647 2091 753 2128 quam
773 2091 841 2116 non
861 2079 1050 2117 concedere
1068 2089 1107 2119 ut
1122 2095 1141 2118 a
1158 2090 1270 2120 morte

283 2136 503 2174 retineretur.
524 2136 608 2174 Ideo
629 2137 742 2188 magis
763 2139 1074 2191 exasperabantur.
1096 2141 1194 2187 Quid
1214 2156 1268 2180 er-

283 2211 327 2247 go
347 2196 499 2234 dicunt?
519 2198 639 2247 Quem
665 2201 826 2250 teipsum
830 2201 967 2252 facis?
987 2200 1033 2238 Et
1048 2201 1117 2240 hoc
1146 2212 1268 2240 contu—

283 2257 446 2306 meliose;
471 2259 542 2307 Tu,
560 2258 736 2309 inquiunt,
756 2268 790 2298 te
808 2260 979 2299 venditas.
997 2261 1052 2299 Ad
1071 2263 1149 2300 baec
1165 2263 1269 2300 Chri-

281 2326 356 2355 stus
371 2333 379 2354 :
399 2318 462 2356 54.
479 2318 519 2356 Sc·
549 2333 616 2370 ego
639 2320 814 2372 glorzfico
829 2324 1025 2372 meipsum,
1042 2323 1169 2374 gloria
1185 2337 1271 2361 mea

282 2380 382 2417 nillil
400 2388 466 2417 est.

334 2444 369 2478 92.
391 2439 488 2487 Quid
514 2441 574 2479 hic
595 2442 720 2481 dicunt
747 2443 932 2482 haeretici?
953 2444 1120 2494 Audivit,
1143 2448 1267 2485 Μυη-

281 2503 375 2553 quid
390 2505 515 2555 major
529 2517 568 2540 es
581 2512 693 2554 patre
710 2513 840 2542 nostro
871 2505 1079 2544 Abraham
1091 2511 1107 2544 f>
1123 2521 1185 2545 nec
1201 2522 1266 2545 au-

282 2574 339 2598 sus
360 2571 413 2599 est
430 2563 652 2614 respondere,
673 2563 793 2602 Etiam
805 2579 815 2614 5
836 2564 896 2602 sed
924 2566 1072 2604 obscure
1090 2567 1263 2618 loquitur.

281 2621 378 2667 Quid
412 2624 524 2673 crgo?
560 2624 696 2662 nihilne
726 2634 776 2662 est
803 2625 916 2676 gloria
943 2627 1045 2679 ejus?
1065 2628 1172 2680 Apud
1189 2628 1268 2668 illos

281 2682 382 2719 nihil.
416 2685 727 2730 Quemadmodum
749 2686 843 2724 enim
861 2686 964 2737 dicit,
990 2690 1267 2727 Testimonium

281 2758 406 2781 meum
423 2758 499 2781 non
519 2754 573 2782 est
595 2760 744 2793 verum,
767 2761 893 2799 nempe
912 2748 1106 2787 secundum
1121 2750 1264 2789 illorum

280 2804 504 2856 opinionem:
525 2805 574 2842 sic
596 2815 629 2843 et
646 2807 714 2845 hoe
736 2808 812 2845 loco
831 2808 934 2855 dicit,
958 2811 1032 2847 Est
1053 2813 1120 2860 qui
1143 2812 1262 2863 glori-

270 2866 373 2918 ficat
391 2880 462 2903 me.
483 2866 529 2903 lit
551 2881 614 2903 eur
633 2882 699 2905 non
723 2868 831 2918 dixit,
849 2872 952 2908 Pater
975 2871 1037 2921 qui
1059 2873 1157 2911 misit
1179 2874 1264 2911 me?

281 2935 321 2963 ut
336 2940 442 2977 supra
462 2926 570 2974 dixit,
587 2926 662 2975 sed,
683 2930 803 2977 Quem
820 2944 891 2967 vos
907 2932 1034 2969 dicitis
1049 2936 1142 2984 quia
1157 2935 1264 2973 Deus

280 2995 409 3025 vester
430 2995 498 3033 est,
517 2995 553 3023 et
573 3001 649 3023 non
669 2991 828 3026 novistis
844 3004 930 3027 eum
945 2995 962 3028 P
978 2992 1132 3031 Volebat
1149 3003 1262 3032 osten-

279 3046 362 3084 dere
390 3047 487 3099 ipsos
518 3061 585 3084 non
610 3047 716 3085 modo
749 3049 911 3099 Patrem,
938 3051 1126 3091 sedetiam
1146 3056 1262 3093 Deum

279 3107 454 3159 ignorare.
474 3109 557 3161 Ego
573 3117 701 3146 autem
719 3112 808 3147 novi
822 3124 920 3148 eum.
938 3112 1060 3162 Itaque
1075 3128 1156 3152 cum
1170 3115 1263 3163 dico,

280 3171 381 3207 Novi
405 3183 504 3215 eum,
526 3183 596 3207 non
616 3178 666 3206 est
681 3169 870 3220 jactantia;
896 3170 925 3208 si
944 3171 1096 3212 dicerem
1119 3189 1174 3213 me
1194 3191 1262 3215 non

280 3243 391 3277 nosse,
411 3229 633 3267 mendacium
666 3238 753 3267 esset
770 3245 778 3265 :
798 3244 859 3267 vos
891 3241 1006 3270 autem
1038 3249 1117 3273 cum
1144 3235 1263 3275 dicitis

322 3348 335 3369 l·
360 3346 419 3377 Alii
435 3350 603 3390 Birynbpnas.

320 3409 332 3421 κ
358 3397 416 3429 Am
435 3402 598 3437 aquomst..

1351 1213 1408 1258 οὖν
1428 1220 1632 1272 θὺψωθέντα
1663 1219 1775 1268 ἴδητε,
1798 1221 2030 1272 ὁμολογήσετε
2055 1220 2108 1259 ὅτι
2135 1220 2260 1271 μείζων
2288 1222 2372 1260 ἐστί.

1359 1281 1426 1320 Διὰ
1448 1286 1548 1319 τοῦτο
1567 1281 1694 1333 ἔλεγεν,
1714 1280 1828 1320 ςΌταν
1848 1280 2009 1333 ὑψώσητε
2031 1297 2095 1332 με,
2112 1281 2191 1320 τότε
2202 1280 2374 1330 γνώσεσθε

1349 1341 1403 1380 ὅτι
1420 1340 1487 1393 ἐγώ
1507 1344 1591 1393 εἶμι.
1614 1342 1684 1380 Καὶ
1708 1342 1768 1381 Οέα
1801 1341 1947 1380 σύνεσιν.
1968 1343 2114 1394 Πρῶτον
2136 1341 2256 1386 αὐτοὺς
2286 1344 2372 1380 ἀπο-

1350 1402 1474 1454 σχίσας
1486 1407 1548 1450 τῆς
1567 1404 1787 1456 συγγενείας,
1811 1403 1979 1442 δείκνυσιν
2002 1404 2122 1442 ἑαυτὸν
2145 1403 2273 1443 ἐκείνου
2293 1404 2371 1455 μεί-

1349 1466 1428 1509 ζονα
1447 1465 1550 1513 ὄντα,
1579 1465 1634 1504 ἵνα
1651 1469 1689 1505 ἐκ
1707 1468 1839 1513 πολλῆς
1864 1469 1926 1512 τῆς
1941 1469 2115 1518 ὑπεροχῆς
2138 1465 2263 1517 μείζων
2292 1469 2372 1503 Οεω-

1350 1530 1436 1579 ρηθῆ
1464 1526 1524 1565 καὶ
1551 1530 1619 1565 τῶν
1646 1531 1844 1580 προφητῶν.
1865 1527 2011 1574 Ἐπειδὴ
2031 1527 2099 1580 γὰρ
2119 1527 2172 1566 ἀεὶ
2189 1527 2370 1579 προφήτην

1346 1588 1460 1640 ἔλεγον
1490 1589 1603 1636 αὐτὸν,
1627 1589 1684 1627 διὰ
1703 1594 1812 1628 ταῦτα
1833 1589 1947 1641 ἔλεγεν
1962 1605 1970 1613 ·
1988 1589 2031 1628 ‘O
2053 1589 2152 1641 λόγος
2176 1593 2193 1627 ὁ
2221 1589 2302 1640 ἐμὸς
2331 1592 2369 1628 οὐ

1345 1655 1454 1702 χωρεῖ
1473 1652 1508 1688 ἐν
1525 1654 1618 1701 ὑμῖν.
1642 1650 1740 1688 Ἐκεῖ
1756 1649 1816 1701 μὲν
1844 1644 1901 1688 οὖν
1924 1650 2051 1702 ἔλεγεν,
2076 1649 2130 1688 ὅτι
2149 1649 2274 1702 ἐγείρει
2292 1649 2369 1693 τοὺς

1344 1710 1499 1763 νεκρούς·
1520 1712 1667 1749 ἐνταῦθα
1687 1710 1740 1759 δὲ,
1761 1713 1813 1749 Οὔ
1842 1710 1889 1762 μὴ
1911 1711 2078 1762 θεωρήσει
2099 1710 2243 1748 θάνατον
2268 1713 2285 1748 ὃ
2311 1727 2370 1748 ‘m-

1345 1770 1484 1809 στεύων·
1500 1771 1517 1810 ὃ
1533 1774 1652 1824 πολλῷ
1675 1773 1791 1822 μεῖζον
1817 1766 1858 1818 ἦν
1884 1776 1943 1809 τοῦ
1972 1770 2019 1822 μὴ
2037 1773 2264 1822 συγχωρῆσαι
2283 1786 2368 1822 κρα-

1343 1835 1491 1879 τηθῆναι
1531 1832 1683 1884 θανάτῳ·
1716 1832 1768 1870 διὸ
1802 1834 1932 1882 μᾶλλον
1965 1831 2194 1883 ἠγριαίνοντο.
2227 1831 2274 1869 Τί
2309 1824 2366 1869 οἶν

1343 1896 1465 1931 ἐκεῖνοι
1473 1909 1482 1940 5
1500 1892 1591 1930 Τίνα
1612 1892 1752 1931 σεαυτὸν
1775 1898 1902 1940 ποιεῖς,
1928 1892 1999 1930 Καὶ
2015 1896 2115 1930 τοῦτο
2147 1892 2367 1945 ὑδριστικῶς·

1343 1953 1404 2001 σὺ,
1432 1953 1536 2005 φησὶ,
1567 1953 1694 2006 χαρίζῃ
1726 1955 1856 2005 σαυτῷ.
1878 1953 1972 2004 Πρὸς
1982 1957 2084 1991 τοῦτο
2100 1946 2188 1991 03νὸ
2203 1952 2365 2004 Χριστός·

1347 2013 1433 2052 Ἐὰν
1452 2013 1519 2066 ἐγὼ
1552 2014 1679 2060 δοξάζω
1701 2014 1863 2066 ἐμαυτὸν,
1888 2013 2006 2065 φησὶν,
2023 2016 2045 2060 ἡ
2075 2012 2155 2058 δόξα
2175 2029 2239 2065 μου
2268 2013 2363 2052 οὐδέν

1343 2077 1428 2113 ἐστι.

1397 2442 1445 2479 Τί
1459 2442 1614 2494 λέγουσιν
1635 2444 1781 2480 ἐνταῦθα
1797 2445 1828 2480 οἱ
1849 2442 2032 2493 αἱρετικοί5
2047 2442 2216 2492 ”Ηκουσε,
2237 2443 2298 2491 Μὴ
2320 2443 2361 2482 σὺ

1340 2502 1464 2552 μείζων
1486 2496 1516 2540 εἷ
1532 2507 1592 2541 τοῦ
1613 2503 1743 2555 πατρὸς
1764 2505 1865 2553 ἡμῶν
1885 2503 2062 2555 Ἀὸραοίμ5
2086 2503 2146 2542 καὶ
2173 2506 2235 2542 οὐκ
2255 2505 2360 2558 ἐθάρ-

1342 2565 1442 2614 ρησεν
1473 2564 1580 2600 εἰπεῖν
1610 2565 1739 2611 αὐτοῖς,
1761 2562 1814 2601 ὅτι
1840 2562 1915 2610 ναὶ,
1941 2563 2031 2602 ἀλλὰ
2062 2564 2362 2615 συνεσκιασμένως

1337 2623 1420 2661 αὐτὸ
1440 2628 1544 2661 ποιεῖ.
1564 2623 1611 2661 Τί
1630 2616 1705 2671 oiim
1725 2623 1820 2661 οὐδέν
1843 2626 1934 2662 ἐστιν
1960 2628 1981 2671 ἦ
2006 2623 2087 2668 δόξα
2116 2626 2236 2672 αὐτοῦ,
2266 2626 2359 2678 Πρὸς

1336 2684 1484 2728 ἐκείνους
1498 2683 1593 2722 οὐδέν
1613 2687 1720 2723 ἐστιν.
1745 2683 1884 2736 “Ώσπερ
1900 2683 1968 2738 γὰρ
1986 2685 2097 2737 λέγει,
2117 2684 2161 2723 Ἥ
2186 2685 2360 2739 μαρτυρία

1336 2761 1400 2795 μου
1418 2747 1478 2784 οὐκ.
1508 2744 1599 2782 ἔστιν
1628 2744 1777 2793 ἀληΟὴς,
1797 2746 1882 2798 πρὸς
1913 2744 1975 2792 τὴν
2009 2745 2147 2783 ἐκείνων
2176 2746 2359 2784 ὑπόνοιαν·

1304 2814 1310 2841 2
1334 2804 1424 2842 οὕτω
1443 2805 1502 2842 καὶ
1535 2805 1680 2843 ἐνταῦθα
1703 2821 1824 2857 φησιν·
1846 2804 1969 2844 ’'Eo-rw
1992 2809 2009 2843 ὁ
2039 2805 2187 2850 δοξάζων
2211 2822 2265 2857 με.
2286 2806 2358 2845 Καὶ

1334 2864 1424 2903 διατί
1446 2864 1494 2915 μὴ
1517 2858 1624 2912 εἶπεν,
1640 2870 1657 2903 ὁ
1674 2865 1801 2918 Πατὴρ
1820 2869 1837 2904 ὃ
1856 2866 1998 2919 πέμψας
2030 2883 2091 2917 με,
2119 2868 2165 2910 ὡς
2187 2867 2259 2905 ἅνω
2278 2866 2357 2905 ἔλε-

1333 2942 1402 2978 γεν,
1425 2927 1443 2945 *
1457 2927 1547 2972 ἀλλ’,
1562 2924 1630 2963 ζῸν
1650 2928 1749 2976 ὑμεῖς
1761 2926 1879 2978 λέγετε
1895 2927 1948 2966 ὅτι
1964 2928 2051 2971 Θεὸς
2073 2930 2169 2978 ὑμῶν
2189 2930 2275 2975 ἐστι,
2296 2928 2356 2966 καὶ

1335 2991 1396 3025 οὐκ
1415 2986 1528 3025 οἴδατε
1544 2986 1664 3034 αὐτόν,
1683 2986 1868 3026 Ἐὅούλετο
1883 2987 1950 3041 γὰρ
1968 2988 2095 3036 δεῖξαι,
2119 2987 2172 3026 ὅτι
2197 2990 2234 3026 οὗ
2252 2988 2354 3039 μόνον

1418 3046 1428 3060 Ι
1528 3049 1538 3061 ->
1568 3047 1576 3059 x
1655 3049 1665 3059 w
1715 3047 1729 3061 ³!
1870 3051 1880 3063 ³
1930 3051 1938 3064 7
1990 3050 2000 3063 ’,ι
2031 3047 2039 3064 N
2127 3048 2134 3061 t
2186 3049 2196 3062 ³
2262 3047 2271 3064 x
2321 3048 2349 3063 ixx

1332 3048 1473 3099 Πατερα
1501 3063 1602 3084 αυτον
1633 3063 1694 3084 ουκ
1717 3064 1840 3096 ισασιν,
1862 3050 1928 3086 αλλ
1967 3050 2044 3087 ουδε
2063 3051 2166 3087 Θεον.
2199 3050 2282 3100 Εγω
2317 3063 2353 3086 οε

1332 3101 1408 3146 οἶδα
1435 3106 1548 3146 αὐτόν.
1569 3106 1679 3146 εΏστε
1706 3109 1744 3146 οὐ
1775 3109 1814 3146 τὸ
1846 3109 1971 3162 λέγειν,
2001 3108 2097 3161 Ἐγὼ
2129 3102 2205 3147 οἶδα
2233 3109 2354 3156 αὐτὸν,

1332 3168 1466 3220 κόμπος
1494 3167 1605 3207 ἐστίν·
1622 3168 1712 3207 ἀλλὰ
1741 3169 1780 3207 τὸ
1811 3171 1918 3207 εἰπεῖν
1954 3169 2001 3220 μὴ
2033 3169 2177 3216 εἰδέναι,
2209 3170 2353 3219 ψεῦδος·

1332 3236 1406 3280 μεῖς
1434 3229 1471 3267 δὲ
1486 3229 1641 3281 λέγοντες
1666 3229 1791 3268 εἰδέναι
1817 3230 1936 3276 αὐτὸν,
1950 3229 2123 3281 ψεύδεσθε.
2139 3228 2277 3281 υΩσπερ
2295 3223 2352 3268 οὖν

1392 3354 1406 3368 ⁴*
1432 3355 1520 3395 [wlff
1536 3352 1724 3386 addidimus
1738 3364 1752 3385 e
1771 3351 1871 3386 Savil.
1891 3360 1923 3385 et
1937 3350 2045 3385 codd.
2065 3352 2213 3393 nosti-ia]
