2481 3678
749 225 792 255 ix
831 225 1042 256 sommi-:M
1079 224 1234 255 nonu..
1275 223 1364 253 mu.
1403 208 1464 254 al.
1504 223 1581 254 Lu.

147 303 250 343 πάλιν
282 307 425 344 ἐνταῦθα
458 304 518 348 τὰς
547 306 718 356 κοσμικὰς
749 307 879 352 ἐννοίας
910 308 969 346 καὶ
999 306 1168 360 σαρκικάς

145 381 269 416 φησιν·
289 365 362 403 ὅθεν
384 367 498 413 δῆλον,
522 366 574 404 ὅτι
605 367 663 405 καὶ
688 368 746 415 τὸ,
767 368 862 420 Ἐγὼ
882 370 942 407 οὐκ
962 368 1034 418 εἰμὶ
1050 370 1088 406 ἐκ
1107 371 1168 404 τοῦ

147 425 276 476 κόσμου
296 426 435 473 τούτου,
465 429 502 465 οὐ
530 426 568 466 τὸ
597 428 710 481 σοὶρκα
742 428 790 479 μὴ
820 430 1039 481 ἀνειληφέναι
1062 427 1168 474 ἐστὶν,

148 486 237 525 ἀλλὰ
258 488 297 526 τὸ
315 488 434 541 πόῤῥω
455 483 541 527 εἶναι
566 493 627 536 τῆς
655 490 793 529 ἐκείνων
814 490 993 543 πονηρίας.
1012 489 1083 527 Καὶ
1102 488 1168 539 γὰρ

147 546 223 590 τοὺς
245 548 402 598 μαθητάς
419 565 502 600 φησι
521 549 569 600 μὴ
588 544 674 588 εἶναι
690 551 730 587 ἐκ
744 555 802 588 τοῦ
822 549 965 599 κόσμου·
983 549 1058 586 ἀλλ’
1074 547 1170 598 ὅμως

148 608 262 661 σάρκα
278 602 369 660 εἶχον
386 611 518 648 ἐκεῖνοι.
539 610 679 663 <Ὠσπερ
694 604 750 649 οῦν
767 614 784 648 ὁ
804 611 943 652 Παῦλος
952 608 1076 660 λέγων,
1091 609 1170 646 Οὔκ

148 669 225 707 ἐστὲ
245 672 278 707 ἐν
302 670 428 724 σαρκὶ,
456 672 533 724 οὐχὶ
561 672 768 723 ἀσωμάτους
786 670 907 713 αὐτοὺς
930 663 1018 708 εἶναί
1045 684 1167 720 φησιν·

148 729 238 768 οὕτω
257 731 368 783 λέγων
388 732 465 775 τοὺς
494 732 651 783 μαθητὰς
677 734 738 770 οὐκ
762 725 848 769 εἶναι
875 732 914 768 ἐκ
933 735 992 769 τοῦ
1019 730 1168 781 κόσμου,

148 791 243 830 οὐδὲν
267 792 394 845 ἕτερον,
422 793 443 838 ἢ
471 792 672 845 φιλοσοφίαν
697 794 812 835 αὐτοῖς
847 798 1023 845 μαρτυρεῖ.
1057 785 1168 830 Εἶπον

149 846 205 889 οῦν
223 857 315 903 ὑμῖν,
335 853 388 892 ὅτι
404 853 461 892 ἐὰν
485 853 532 904 μὴ
552 853 759 900 πιστεύσητε
780 852 833 892 ὅτι
853 852 920 905 ἐγώ
936 856 1008 904 εἶμι
1020 883 1029 900 ,
1045 855 1078 891 ἐν
1095 858 1171 896 ταῖς

150 914 339 967 ἁμαρτίαις
354 918 449 965 ὑμῶν
467 918 702 953 ἀποθανεῖσθε.
719 916 764 952 Εἰ
779 914 847 967 γὰρ
863 914 919 953 διὰ
933 919 1033 953 τοῦτο
1053 909 1170 961 ἦλθεν,

149 974 205 1011 ἵνα
220 975 286 1027 ἄρῃ
307 974 369 1021 τὴν
390 974 564 1028 ἁμαρτίαν
587 980 646 1013 τοῦ
666 975 818 1026 κόσμου,
839 975 898 1013 καὶ
917 975 1042 1029 ἑτέρως
1064 973 1170 1021 αὐτὴν

151 1034 388 1074 ἀποδύσασθαι
404 1039 465 1074 οὐκ
484 1036 546 1082 ἔνι,
561 1038 591 1074 εἷ
613 1036 660 1086 μὴ
677 1036 734 1074 διὰ
748 1039 905 1089 λουτροῦ,
926 1037 1061 1089 ἀνάγκη
1083 1038 1102 1057 *
1114 1037 1171 1075 τὸν

154 1095 202 1146 μὴ
230 1096 436 1135 πιστεύοντα
464 1097 554 1149 ἔχειν
574 1098 630 1136 τὸν
652 1098 801 1136 παλαιὸν
822 1097 1014 1151 ἄνθρωπον.
1034 1098 1079 1137 ‘O
1105 1098 1173 1152 γὰρ

156 1164 202 1216 μὴ
237 1165 440 1216 βουλόμενος
473 1166 594 1203 θαύτὸν
624 1168 823 1204 Θανατῶσαι
854 1165 911 1203 διὰ
935 1169 997 1212 τῆς
1023 1165 1174 1210 πίστεως

151 1232 210 1269 καὶ
247 1233 355 1285 Οοίψαι
369 1264 378 1280 ,
413 1236 674 1271 ἐναποθανεῖται
708 1235 800 1285 αὐτῷ
813 1263 822 1280 ,
853 1232 914 1270 καὶ
947 1233 1173 1272 ἀπελεύσεται

148 1302 218 1336 ἐκεῖ.
238 1298 356 1337 δώσων
377 1299 515 1343 εὐθύνας
533 1303 601 1337 τῶν
623 1300 789 1352 πρότερον
811 1300 1085 1353 ἡμαρτημένων.
1105 1301 1174 1340 Διὰ

147 1370 247 1404 τοῦτο
268 1367 404 1418 ἔλεγεν·
425 1366 469 1405 Ὁ
495 1366 531 1405 δὲ
561 1367 609 1417 μὴ
640 1367 812 1406 πιστεύων
840 1368 907 1415 ἤδη
935 1369 1113 1422 κέκριται·
1135 1373 1172 1408 οὗ

148 1436 197 1486 τῷ
232 1433 280 1484 μὴ
315 1427 488 1471 πιστεύειν
516 1433 631 1484 μόνον,
663 1436 738 1472 ἀλλ’
773 1435 827 1473 ὅτι
852 1435 912 1473 καὶ
942 1435 987 1472 τὰ
1018 1436 1172 1491 πρότερα

146 1501 387 1554 ἁμαρτήματα
411 1500 500 1552 ἔχων
531 1501 734 1554 ἀπέρχεται.
758 1500 904 1553 ’Έλεγον
927 1496 983 1540 οῦν
998 1518 1005 1525 ·
1038 1502 1088 1540 Σὺ
1120 1504 1172 1547 τίς

146 1562 194 1615 εἶ,
210 1566 258 1606 Ὢ
278 1571 338 1614 τῑῆς
356 1567 473 1611 ἀνοίας
487 1583 494 1590 ·
514 1566 602 1618 μετὰ
620 1568 742 1621 χρόνον
759 1574 932 1617 τοσοῦτον,
952 1570 1012 1607 καὶ
1029 1577 1170 1621 σημεῖα,

145 1636 204 1674 καὶ
226 1634 465 1682 διδασκαλίαν,
488 1637 644 1688 ἐρωτῶσι
659 1665 668 1682 ,
690 1633 740 1672 Σὺ
769 1634 819 1678 τίς
842 1628 888 1682 εἷ,
909 1634 956 1672 Τί
972 1628 1028 1673 οῦν
1047 1639 1065 1674 ὃ
1085 1638 1171 1690 Χρι-

146 1702 246 1749 στός;
281 1701 355 1749 Τὴν
387 1700 498 1754 ἀρχὴν
527 1700 548 1739 ὅ
560 1717 593 1738 τι
613 1700 672 1738 καὶ
691 1702 788 1738 λαλῶ
817 1703 912 1752 ὑμῖν.
937 1700 986 1739 ὓΟ
1008 1701 1043 1741 δὲ
1064 1702 1170 1755 λέγει,

143 1769 294 1808 τοιοῦτόν
315 1771 408 1807 ἐστι·
433 1774 492 1808 τοῦ
515 1768 602 1812 ὅλως
626 1768 759 1806 ἀκούειν
784 1771 853 1806 τῶν
873 1769 984 1821 λόγων
1004 1772 1072 1808 τῶν
1087 1773 1171 1823 παρ’

145 1839 228 1886 ἐμοῦ
245 1835 376 1880 ἀνάξιοί
390 1838 486 1883 ἐστε,
507 1835 591 1886 μήτι
605 1852 644 1887 γε
657 1834 717 1872 καὶ
739 1838 872 1885 μαθεῖν,
887 1834 981 1879 ὅστις
1004 1836 1071 1888 ἐγώ
1086 1838 1170 1887 εἰμι.

144 1902 265 1953 Ἱ“μεῖς
288 1902 355 1955 γὰρ
374 1902 490 1941 πάντα
515 1902 735 1956 πειράζοντες
756 1903 959 1954 φθέγγεσθε,
984 1903 1044 1941 καὶ
1061 1904 1171 1943 οὐδενὶ

144 1972 211 2007 τῶν
227 1973 310 2021 παρ’
329 1973 412 2020 ἐμοῦ
431 1970 671 2022 προσέχοντες.
694 1971 764 2008 Καὶ
778 1975 890 2008 ταῦτα
906 1971 1025 2010 πάντα
1043 1973 1171 2018 ἠδυνά-

146 2054 214 2088 μην
232 2040 247 2075 ἐ
262 2037 366 2089 τέγξαι
389 2042 446 2075 νῦν
459 2053 466 2060 ·
485 2042 584 2075 τοῦτο
603 2038 670 2091 γάρ
691 2040 765 2076 ἐστι
777 2069 786 2085 ,
807 2039 930 2077 Πολλὰ
944 2039 1014 2091 ἔχω
1032 2040 1092 2078 καὶ
1107 2040 1169 2078 λε’-

144 2121 214 2156 γειν
237 2105 297 2142 καὶ
319 2105 466 2156 κρίνειν·
493 2107 554 2143 οὐκ
573 2104 708 2153 ἐλέγξαι
735 2105 770 2144 δὲ
787 2105 902 2156 μόνον,
924 2106 1013 2145 ἀλλὰ
1033 2108 1092 2145 καὶ
1113 2124 1170 2146 κο-

143 2172 270 2210 λάσαι·
301 2173 375 2210 ἀλλ’
398 2175 415 2209 ὁ
434 2172 576 2223 πέμψας
610 2188 672 2223 με,
698 2172 891 2220 τουτέστιν,
913 2176 930 2210 ὃ
950 2173 1097 2228 Πατὴρ,
1131 2177 1169 2213 οὐ

145 2236 306 2287 βούλεται
332 2242 443 2276 τοῦτο.
474 2240 527 2276 Οὐ
552 2238 618 2290 γὰρ
653 2233 756 2285 ἦλθον
795 2245 910 2293 κρῖναι
940 2240 997 2279 τὸν
1025 2242 1169 2294 κόσμον,

143 2304 232 2343 ἀλλὰ
259 2308 370 2344 σῶσαι
392 2306 448 2344 τὸν
474 2305 615 2357 κόσμον.
647 2309 700 2345 Οὐ
729 2306 797 2360 γὰρ
820 2307 1022 2346 ἀπέστειλεν
1044 2313 1061 2347 ὁ
1081 2311 1170 2354 Θεὸς

141 2372 197 2410 τὸν
215 2372 298 2410 Υἱὸν
316 2375 417 2411 αὐτοῦ
431 2401 439 2418 ,
454 2373 509 2411 ἵνα
524 2373 624 2427 κρίνῃ
642 2375 699 2412 τὸν
720 2374 863 2425 κόσμον,
884 2375 1000 2427 φησὶν,
1019 2379 1094 2415 ἀλλ’
1113 2377 1168 2416 ἰ’να

141 2437 238 2490 σώσῃ
260 2439 317 2477 τὸν
344 2440 487 2490 κόσμον.
510 2442 556 2478 Εἰ
574 2440 685 2479 τοίνυν
707 2443 754 2485 εἷς
772 2441 874 2479 τοῦτό
889 2458 932 2492 με
953 2444 1166 2493 ἀπέστειλεν,

141 2506 270 2552 ἀληθὴς
286 2507 322 2545 δέ
341 2509 445 2555 ἐστιν,
463 2508 602 2551 εἰκότως
618 2508 738 2546 οὐδένα
759 2508 826 2559 ἐγὼ
846 2509 952 2561 κρίνω
969 2514 1040 2549 νῦν.
1063 2511 1165 2550 Ἀλλὰ

139 2577 249 2610 ταῦτα
267 2575 364 2611 λαλῶ
385 2574 428 2611 τὰ
444 2574 529 2626 πρὸς
555 2574 744 2627 σωτηρίαν,
771 2577 808 2613 οὐ
831 2575 875 2613 τὰ
903 2578 988 2628 πρὸς
1011 2578 1165 2631 ἔλεγχον.

141 2641 169 2675 A
176 2639 244 2690 ε’γει
255 2638 290 2676 δὲ
303 2644 412 2677 ταῦτα
426 2670 435 2687 ,
450 2639 506 2677 ἵνα
522 2640 569 2690 μὴ
587 2640 775 2691 νομίσωσιν
790 2640 844 2679 ὅτι
854 2647 1005 2680 τοσαῦτα
1020 2644 1165 2693 ἀκούων,

139 2705 237 2758 παρὰ
269 2706 447 2745 ἀσθένειαν
478 2709 538 2745 οὐκ
572 2707 818 2760 ἐπεξέρχεται,
845 2707 866 2753 ἢ
899 2707 951 2745 ὅτι
986 2710 1047 2746 οὐκ
1077 2704 1164 2748 οἶδεν

140 2774 251 2810 αὐτῶν
280 2773 341 2817 τὰς
371 2773 521 2817 διανοίας
539 2775 599 2812 καὶ
614 2774 676 2817 τὰς
695 2774 894 2826 χλευασίας.
915 2776 991 2813 Οὐκ
1011 2775 1163 2828 ἔγνωσαν

140 2838 175 2877 δὲ
199 2840 253 2878 ὅτι
271 2840 327 2878 τὸν
350 2840 496 2892 Πατέρα
528 2843 641 2884 αὐτοῖς
673 2842 776 2893 λέγει.
799 2840 847 2879 Ὦ
875 2845 938 2888 τῆς
961 2842 1076 2887 ἀνοίας
1093 2860 1100 2866 ·
1127 2847 1164 2882 οὗ

135 2905 286 2944 ’διέλιπεν
302 2909 414 2951 αὐτοῖς
429 2908 508 2959 περὶ
531 2910 632 2946 αὐτοῦ
651 2908 913 2960 διαλεγόμενος,
936 2910 995 2947 καὶ
1014 2912 1075 2949 οὐκ
1094 2911 1163 2963 ἐγί-

1040 2976 1145 2990 Nx'xl

135 2987 279 3009 νωσκον.
296 2973 386 3010 Εἶτα
407 2973 525 3021 ἐπειδὴ
546 2974 660 3013 πολλὰ
680 2982 810 3026 σημεῖα
828 2976 978 3022 ποιήσας
993 2993 1053 3015 και
1068 2992 1162 3016 οιοα-

135 3037 193 3081 ξας
206 3068 215 3085 ,
245 3041 306 3075 οὐκ
330 3038 575 3088 ἐπεσπάσατο,
595 3040 675 3092 περὶ
695 3046 753 3079 τοῦ
774 3047 922 3095 σταυροῦ
941 3043 1060 3081 λοιπὸν
1084 3045 1161 3081 δια-

132 3106 143 3115 ³
163 3104 172 3117 Ι
340 3105 349 3119 l
458 3105 474 3120 U
593 3109 603 3122 <
653 3106 662 3119 Ι
797 3109 805 3121 X
871 3109 904 3124 *cx
988 3115 1009 3122 m
1038 3113 1047 3125 3
1128 3109 1137 3123 Ι

133 3119 270 3155 Λεγεται
281 3134 290 3151 ,
310 3107 419 3158 λεγων
434 3122 441 3129 ·
476 3108 572 3144 Οταν
591 3109 755 3158 υψωσητε
774 3125 830 3146 τον
848 3110 869 3146 'l
884 3125 930 3146 ιον
950 3126 1008 3148 του
1029 3115 1159 3163 ανΟρω-

133 3188 198 3210 που
208 3202 218 3220 ,
234 3172 312 3211 τότε
327 3172 500 3224 γνώσεσθε
519 3174 573 3213 ὅτι
589 3174 656 3226 ἐγώ
673 3178 744 3226 εἶμι
754 3206 764 3223 ,
792 3176 852 3214 καὶ
874 3177 933 3214 ἀπ’
950 3179 1098 3227 ἐμαυτοῦ
1118 3181 1156 3216 οὔ

132 3241 246 3287 λαλῶ,
277 3241 335 3278 καὶ
355 3242 406 3279 ὅτι
425 3244 499 3292 μετ’
517 3245 600 3293 ἐμοῦ
617 3246 709 3282 ἔστιν
732 3246 750 3281 ὁ
767 3243 908 3295 πέμψας
930 3260 991 3294 με,
1012 3244 1070 3282 καὶ
1095 3248 1154 3284 οὐκ

175 3362 188 3374 “
214 3362 278 3403 [τὸν
293 3370 336 3405 μὴ
360 3371 545 3407 πιστεύοντα,
567 3372 672 3409 ἔχοντα
687 3383 712 3401 τι
731 3383 761 3403 ττ-
783 3374 812 3401 ’λ
833 3372 971 3403 ἀπελθεῖν
991 3368 1092 3401 5ιΊ111.
1110 3379 1142 3402 et

131 3413 239 3446 codd.
258 3417 394 3458 nostri]

2134 214 2221 275 357

1240 306 1413 356 supernis
1445 307 1546 342 enim
1577 319 1659 345 sum
1677 322 1682 342 :
1704 320 1774 345 vos
1806 308 1852 344 de
1869 308 1940 346 hoc
1963 310 2104 346 mundo
2121 313 2223 348 estis.

1194 365 1310 406 151116
1339 379 1482 403 rursum
1515 366 1712 405 mundanas
1743 368 1968 419 carnalesque
2001 369 2228 419 cogitationes

1241 425 1339 463 dicit.
1372 426 1478 465 Unde
1510 428 1628 479 palam
1669 438 1719 467 est
1748 429 1862 478 illud,
1905 432 1989 482 Ego
2030 445 2107 467 non
2145 445 2228 468 sum

1242 489 1289 525 de
1319 489 1391 526 hoc
1420 491 1583 536 mundo,
1620 505 1688 529 non
1719 491 1919 542 significare
1944 492 2062 544 ipsum
2082 507 2150 530 non
2174 507 2230 530 ac-

1243 548 1375 600 cepisse
1405 563 1569 599 carnem,
1591 551 1653 589 sed
1689 552 1812 604 procul
1838 567 1912 591 esse
1940 554 1986 590 ab
2005 553 2150 591 illorum
2168 569 2231 593 ne-

1243 609 1368 660 quitia.
1409 611 1553 649 Etenim
1579 612 1777 666 discipulos
1804 628 1849 652 ex
1886 614 2020 653 mundo
2058 628 2132 654 non
2159 631 2232 656 esse

1241 671 1345 720 dicit3
1368 672 1548 711 habebant
1566 684 1682 713 tamen
1716 675 1769 713 illi
1803 690 1954 716 carnem.
1987 678 2229 724 Quemadmo-

1241 734 1329 772 dum
1357 735 1468 787 igitur
1485 737 1618 776 Paulus
1647 738 1768 776 dicens
1776 769 1787 789 7
1807 742 1898 778 lVon
1919 743 2008 779 estis
2029 744 2071 778 in
2086 756 2224 790 carne,
2241 751 2329 783 Rom.
2351 752 2380 784 8.
2396 762 2415 791 9

1183 821 1230 846 311
1244 810 1312 834 non
1334 797 1558 850 incorporeos
1583 800 1751 852 intelligit
1767 816 1774 837 :
1793 801 1843 839 sic
1857 801 2051 854 discipulos
2066 816 2135 840 non
2156 818 2231 842 esse

1196 864 1220 888 A
1243 857 1289 895 de
1308 858 1376 896 1106
1404 859 1558 910 mundo,
1580 861 1619 899 id
1639 861 1784 900 illorum
1814 863 2081 915 philosophiam
2108 865 2230 903 testifi-

1243 928 1354 957 catur.
1375 922 1436 958 24.
1459 923 1558 959 Dia-i
1573 936 1660 975 ergo
1677 926 1787 962 vobis
1799 955 1810 972 7
1832 927 1925 976 quia
1954 928 1989 963 si
2019 940 2096 962 non
2112 927 2231 964 credi-

1243 980 1376 1018 deritis
1393 985 1485 1034 quia
1505 997 1572 1034 ego
1604 997 1707 1029 sum,
1739 987 1781 1021 in
1796 987 1965 1036 peccatis
1981 988 2121 1024 vestris
2151 1001 2230 1024 mo*

1245 1044 1410 1080 riemini.
1430 1045 1523 1082 Nam
1541 1045 1569 1082 si
1587 1045 1666 1083 ideo
1692 1046 1808 1093 venit,
1827 1056 1867 1084 ut
1895 1046 2034 1084 tolleret
2048 1057 2230 1099 peccatum

1245 1103 1371 1142 mundi
1379 1135 1390 1154 7
1416 1114 1448 1142 et
1470 1106 1499 1144 si
1527 1121 1596 1144 non
1628 1116 1743 1159 potest
1769 1108 1851 1145 exui
1880 1118 2063 1160 peccatum
2082 1109 2149 1147 nisi
2169 1124 2232 1162 per

1242 1162 1444 1215 lavacrum,
1461 1181 1599 1205 necesse
1617 1177 1667 1206 est
1686 1182 1754 1206 non
1777 1168 1975 1206 credentem
1997 1178 2148 1207 veterem
2167 1170 2229 1207 ha-

1244 1225 1326 1264 bere
1340 1226 1532 1265 hominem.
1556 1229 1647 1267 Nam
1667 1229 1729 1280 qui
1749 1243 1818 1266 non
1836 1229 1915 1268 vult
1934 1244 2006 1268 sese
2035 1245 2097 1282 per
2122 1231 2232 1269 fidem

1215 1298 1221 1302 ·
1244 1288 1349 1325 morti
1380 1288 1519 1327 tradere
1547 1299 1581 1327 et
1608 1290 1797 1342 sepulturae
1806 1321 1817 1340 7
1849 1305 1931 1329 cum
1950 1292 2058 1329 veteri
2088 1292 2232 1330 homine

1245 1349 1411 1387 morietur
1425 1380 1435 1398 7
1472 1359 1505 1387 et
1542 1350 1605 1388 illo
1645 1351 1814 1402 migrabit
1845 1361 2071 1403 peccatorum
2106 1368 2230 1405 poenas

1242 1409 1401 1448 daturus.
1432 1410 1519 1448 Ideo
1553 1411 1693 1449 dicebat
1724 1428 1731 1448 :
1763 1414 1839 1463 Qui
1866 1427 1944 1450 non
1971 1415 2113 1461 credit,
2140 1417 2230 1467 jam

1236 1473 1436 1523 judicatus
1461 1482 1535 1518 est,
1558 1487 1626 1510 non
1657 1473 1774 1510 solum
1789 1473 1886 1523 qnod
1906 1488 1976 1511 non
1995 1475 2138 1525 credat,
2169 1476 2230 1514 sed

1243 1532 1350 1569 etiam
1376 1533 1459 1583 quia
1480 1548 1562 1571 cum
1582 1534 1761 1585 prioribus
1775 1535 1927 1586 peccatis
1945 1535 2033 1573 abit.
2057 1537 2232 1575 Dicebant

1242 1607 1326 1645 ergo
1344 1609 1352 1630 τ
1373 1594 1436 1633 25.
1458 1596 1514 1632 Τιι
1532 1598 1618 1647 quis
1634 1609 1672 1633 es
1686 1599 1702 1632 Ρ
1731 1596 1762 1633 O
1794 1594 2029 1635 dementiam!
2053 1598 2136 1634 Post
2155 1607 2232 1635 tan-

1243 1665 1318 1693 tum
1339 1656 1527 1708 temporis,
1550 1666 1629 1709 post
1658 1656 1759 1708 signa
1781 1666 1813 1695 et
1843 1657 2064 1708 doctrinam,
2083 1659 2232 1697 interro-

1243 1726 1326 1768 gant
1341 1748 1352 1767 7
1379 1719 1436 1755 Tu
1459 1721 1544 1770 quis
1563 1723 1629 1756 es?
1644 1718 1744 1764 Quid
1766 1719 1878 1770 igitur
1895 1719 2059 1758 Christus
2082 1720 2099 1758 Ξ)
2115 1723 2233 1758 Prin-

1242 1782 1383 1830 cipium
1404 1782 1472 1831 qui
1502 1789 1539 1817 et
1570 1780 1709 1832 loquor
1738 1783 1862 1818 vobis.
1892 1781 1970 1818 Hoc
1986 1791 2056 1831 est,
2090 1781 2234 1834 Indigni

1241 1840 1344 1889 estis,
1379 1840 1439 1891 qui
1471 1841 1580 1879 verba
1610 1855 1688 1879 mea
1722 1841 1896 1892 audiatis,
1929 1842 2062 1880 nedum
2089 1843 2235 1882 discatis

1240 1901 1303 1952 qui
1323 1915 1386 1953 ego
1403 1902 1483 1939 sim.
1502 1904 1578 1942 Vos
1597 1903 1692 1940 enim
1706 1917 1761 1941 me
1778 1918 1916 1956 semper
1932 1913 2103 1942 tentantes
2119 1905 2235 1956 loqui-

1240 1962 1354 2013 mini,
1379 1963 1542 2014 nihilque
1571 1963 1682 2002 dictis
1717 1965 1804 2003 meis
1835 1965 2017 2003 attenditis
2036 1981 2043 2002 z
2066 1975 2099 2004 et
2119 1966 2174 2004 his
2189 1967 2234 2004 de

1240 2024 1346 2061 rebus
1363 2025 1534 2063 omnihus
1553 2039 1647 2064 nunc
1667 2040 1858 2077 coarguere
1876 2026 2029 2078 possim3
2054 2027 2122 2065 hoc
2139 2027 2234 2065 enim

1240 2084 1419 2136 significat
1446 2086 1562 2136 illud,
1582 2089 1644 2125 26.
1672 2088 1805 2124 Multa
1837 2089 1959 2125 habeo
1977 2089 2023 2126 cle
2052 2091 2163 2127 vobis
2180 2090 2233 2126 lo-

1239 2150 1306 2200 qui
1334 2156 1370 2185 et
1390 2149 1573 2199 judicare
1584 2165 1598 2193 ;
1619 2163 1682 2186 nec
1711 2157 1850 2187 tantum
1871 2149 2125 2202 reprehendere
2140 2181 2151 2200 7
2171 2150 2231 2188 sed

1238 2209 1345 2247 etiam
1367 2210 1507 2262 punire.
1538 2209 1608 2248 Sed
1627 2211 1689 2261 qui
1706 2211 1802 2249 misit
1824 2226 1898 2261 me7
1927 2212 1996 2250 1106
2014 2221 2085 2262 est,
2106 2213 2228 2263 Pater,

1238 2269 1305 2307 1106
1321 2284 1390 2307 non
1404 2270 1493 2308 vult.
1509 2272 1599 2308 Non
1611 2274 1711 2308 enim
1731 2275 1823 2309 veni
1830 2273 2011 2325 judicare
2027 2275 2225 2322 mundum,
2243 2286 2332 2313 loun.
2363 2295 2409 2314 12.

1238 2332 1306 2369 sed
1331 2332 1483 2369 salvum
1507 2333 1652 2383 facere.
1674 2334 1764 2369 Non
1780 2336 1881 2370 enim
1908 2336 2010 2370 misit
2026 2335 2135 2372 Deus
2161 2327 2428 2373 Fi-47·⁸‘3'¹7·

1238 2393 1336 2429 lium
1354 2407 1480 2441 suum,
1498 2401 1540 2430 ut
1548 2394 1698 2445 judicet
1715 2395 1919 2440 mundum,
1937 2396 2005 2431 sed
2019 2404 2060 2432 ut
2075 2397 2228 2435 salvum

1232 2454 1362 2505 faciat
1391 2455 1591 2490 mundum.
1628 2453 1667 2491 Si
1695 2467 1778 2504 ergo
1806 2454 1853 2491 ad
1881 2455 1948 2492 1106
1974 2470 2030 2492 me
2053 2456 2172 2505 misit,
2196 2468 2229 2496 et

1192 2526 1215 2556 C
1238 2528 1346 2551 verax
1373 2523 1441 2562 est,
1454 2514 1536 2565 jure
1556 2514 1732 2551 neminem
1749 2528 1812 2565 ego
1836 2529 1930 2553 nunc
1946 2515 2081 2567 judico.
2102 2518 2174 2556 Sed
2189 2534 2228 2557 ea

1237 2575 1363 2626 loquor
1382 2589 1459 2625 quae
1484 2574 1530 2611 ad
1546 2575 1696 2613 salutem
1718 2586 1819 2624 sunt,
1837 2591 1905 2614 non
1922 2577 1968 2614 ad
1983 2579 2228 2630 reprehensio—

1238 2650 1329 2674 nem.
1347 2636 1433 2673 Haec
1449 2650 1554 2687 porro
1576 2636 1684 2685 dicit,
1711 2651 1755 2674 ne
1775 2647 1898 2689 putent
1920 2638 2059 2690 ipsum7
2078 2655 2159 2678 cum
2175 2651 2227 2680 tot

1238 2706 1271 2734 et
1306 2705 1402 2734 tanta
1433 2697 1588 2734 audierit
1602 2727 1614 2747 7
1650 2712 1723 2750 prae
1758 2699 2005 2738 imbecillitate
2024 2716 2093 2740 non
2125 2717 2226 2755 posse

1238 2757 1407 2794 ultionem
1423 2757 1567 2807 inferre,
1585 2758 1643 2796 vel
1657 2773 1780 2796 eorum
1799 2769 1953 2798 mentem
1974 2761 2225 2814 irrisionesque

1237 2832 1306 2856 non
1327 2831 1547 2869 cognoscere.
1568 2820 1632 2857 27.
1652 2821 1723 2857 Illi
1739 2829 1867 2858 autem
1887 2823 1935 2859 de
1949 2824 2070 2861 Patre
2085 2838 2225 2862 sermo-

1237 2893 1323 2916 nem
1356 2880 1490 2916 haberi
1517 2893 1595 2917 non
1625 2881 1914 2920 intellexerunt.
1942 2883 1974 2920 O
1999 2884 2220 2925 stultitiam!

1235 2940 1313 2976 Non
1336 2938 1526 2977 desistebat
1553 2940 1598 2978 de
1618 2941 1723 2978 Patre
1739 2941 1863 2992 loqui,
1887 2952 1920 2980 et
1951 2957 2020 2982 non
2048 2945 2222 2998 intellige-

1234 3000 1330 3037 bant.
1354 3000 1494 3038 Deinde
1511 3016 1591 3040 cum
1610 3016 1722 3053 neque
1740 3017 1786 3040 cx
1806 3013 1857 3041 tot
1879 3005 2012 3056 signis,
2036 3020 2148 3057 neque
2178 3022 2222 3045 ex

1233 3061 1395 3100 doctrina
1411 3062 1493 3100 illos
1510 3064 1741 3115 pertraxisset
1756 3095 1764 3109 ‚
1785 3065 1830 3103 de
1846 3080 1948 3104 cruce
1964 3067 2108 3106 demum
2125 3069 2219 3107 edis-

1231 3123 1314 3161 serit
1337 3123 1395 3161 his
1415 3124 1534 3162 verbis
1553 3140 1560 3161 :
1579 3124 1641 3163 528.
1674 3127 1769 3163 Cum
1790 3128 2056 3165 esaltaveritis
2072 3130 2220 3167 Filium

1182 3185 1204 3213 D
1229 3185 1420 3231 hominis,
1448 3193 1538 3223 tunc
1556 3189 1793 3238 cognoscetis
1813 3191 1906 3240 quia
1929 3203 1996 3240 ego
2015 3204 2117 3235 sum,
2140 3199 2178 3227 et
2194 3206 2219 3229 a

1225 3249 1367 3297 meipso
1388 3260 1465 3283 non
1485 3247 1645 3298 loquor,·
1663 3248 1728 3285 29.
1752 3256 1789 3285 et
1818 3249 1923 3300 quod
1953 3252 2020 3301 qui
2039 3264 2098 3287 me
2116 3254 2220 3289 misit

1255 3382 1266 3395 ³
1292 3369 1382 3404 Editi
1397 3374 1497 3413 αὖτὸν,
1513 3368 1649 3413 quidam
1668 3373 1781 3404 ἑαυτόν.
