2481 3678
94 862 187 889 Joan.
213 856 257 898 14.

99 910 144 929 10.

95 943 175 970 Ibitl.
193 950 223 979 9.

95 1045 176 1072 Ibid.
193 1041 277 1072 5.23.

93 1106 174 1134 Ilzicl.
187 1104 215 1133 5.
227 1113 278 1133 21.

94 1230 172 1258 Ibat.
185 1228 215 1258 5.
231 1233 280 1267 ¹73

94 1292 174 1319 Ibid.
199 1300 244 1319 10.

98 1331 143 1360 15.
161 1333 244 1361 0130.

94 1601 192 1629 Marc.
209 1600 240 1637 4.

94 1641 145 1679 39.
165 1642 279 1669 Mauh.

92 1681 123 1711 8.
136 1683 166 1711 3,
183 1684 280 1711 Marc.

95 1733 125 1763 9.
142 1724 193 1752 25.

94 1765 206 1793 Mattlz.
230 1761 258 1790 5.

95 1814 146 1834 2¹.
161 1815 211 1834 22.

105 2700 198 2726 Jann.
222 2705 267 2726 12.

103 2741 153 2776 [52.

299 205 358 252 2ss

291 301 544 354 prophetarum
568 309 707 340 tantum
726 302 834 342 verba
859 312 950 341 sunt.
972 303 1011 342 Si
1026 316 1109 354 ergo
1127 311 1167 340 ut
1185 302 1276 339 hanc

291 363 426 400 tolleret
445 362 696 415 suspicionem,
719 372 792 401 tam
812 364 963 401 humilia
990 364 1144 416 proferre
1169 363 1275 401 verba

293 438 362 461 non
376 423 589 475 dedignatus
604 434 655 462 est
671 439 678 460 :
694 425 806 462 multo
823 425 950 476 magis,
971 424 1000 462 si
1020 433 1156 462 creatus
1172 432 1274 472 essct,

293 499 336 523 nc
352 485 433 535 quis
451 486 645 523 increatum
658 486 761 522 illum
777 486 1033 537 suspicaretur,
1053 485 1165 522 multa
1180 484 1278 522 simi·
1297 489 1322 518 D

293 546 341 583 lia
359 546 529 595 dixisset5
553 546 651 583 verbi
672 560 793 591 causa,
816 546 935 584 Nolite
964 555 1087 598 putare
1105 560 1162 583 me
1182 545 1278 596 geni-

294 615 371 644 tum
390 620 462 643 0550
481 621 501 643 a
522 606 645 653 Patre;
665 619 747 643 nam
766 606 895 654 factus,
915 620 983 643 non
1012 606 1150 657 genitus
1176 619 1255 642 sum
1268 635 1278 653 ,

294 680 406 717 neque
426 681 470 703 ex
488 665 609 703 eadem
627 680 672 703 cx
687 681 758 716 qua
777 666 837 704 ille
862 667 1068 705 substantia.
1095 667 1199 704 Nunc
1217 680 1280 703 au-

294 736 365 764 tem
381 726 523 764 omnino
540 735 659 764 contra
673 727 755 764 facit
762 742 772 775 3
788 741 871 765 nam
885 742 924 765 ea
939 727 1098 778 loquitur
1108 757 1118 775 ,
1131 741 1210 778 quae
1225 726 1280 765 vel

293 787 422 826 invitos
441 796 567 838 cogant
587 786 633 824 ad
652 788 864 826 contrariam
892 788 1171 840 amplectendam
1195 801 1278 825 sen—

293 848 457 898 tentiam;
481 857 520 885 ut
540 862 687 900 nempe:
712 850 797 901 Ego
825 850 865 887 in
884 850 1004 887 Patre
1030 858 1066 887 et
1092 850 1214 887 Pater
1237 851 1280 886 in

295 924 370 955 me,·
385 919 432 957 et,
458 911 580 947 Tanto
603 919 770 961 tempore
799 913 998 948 vobiscum
1020 924 1119 958 sum,
1139 919 1175 948 et
1201 924 1280 948 non

293 974 507 1024 cognovisti
528 986 599 1018 me,
618 972 799 1024 Philippe
811 977 828 1009 P
859 974 934 1023 Qui
958 974 1067 1011 videt
1084 987 1154 1021 me,
1173 974 1281 1010 videt

294 1042 331 1071 et
355 1034 532 1080 Patrem
561 1041 615 1082 et,
655 1035 705 1071 Ut
730 1047 860 1072 omnes
891 1035 1082 1071 honorent
1114 1033 1277 1081 Filium,

294 1096 391 1132 sicut
417 1095 610 1132 honorant
643 1094 809 1132 Patrem.
843 1094 950 1133 Sicut
975 1095 1097 1132 Pater
1120 1096 1282 1131 suscitat

295 1163 477 1203 mortuos,
495 1163 530 1191 et
549 1155 748 1207 vivficat:
768 1158 823 1192 sie
842 1163 877 1192 et
893 1156 1035 1201 Filius,
1058 1168 1154 1205 quos
1177 1154 1279 1203 vult,

296 1217 478 1268 vivficat.
499 1218 620 1254 Pater
636 1229 742 1253 meus
762 1229 883 1267 usque
900 1216 1009 1252 modo
1034 1222 1224 1265 operatur,
1245 1223 1282 1251 et
1302 1218 1326 1246 Ε

293 1291 363 1325 ego
383 1290 526 1327 operor.
543 1277 650 1314 Sicut
670 1279 776 1313 novit
796 1289 856 1312 me
869 1276 999 1323 Pater,
1022 1283 1058 1312 et
1072 1289 1140 1326 ego
1166 1287 1282 1311 nosco

293 1339 466 1375 Patrem.
486 1338 571 1387 Ego
589 1344 624 1374 et
639 1336 762 1373 Pater
781 1349 901 1373 unum
923 1348 1064 1373 sumus.
1085 1335 1132 1373 Et
1151 1334 1284 1386 ubique

293 1398 398 1437 Sicut
420 1406 452 1435 et
475 1400 540 1434 Ita
564 1396 684 1449 ponit,
710 1396 867 1446 dicitque
891 1409 926 1433 se
952 1404 985 1433 et
1004 1396 1148 1433 Patrem
1171 1409 1283 1433 unum

293 1473 383 1508 esse,
399 1458 606 1508 nullamque
624 1471 697 1495 esse
715 1456 952 1494 differentiam
969 1455 1138 1509 declarat.
1154 1457 1284 1494 Aucto-

295 1520 434 1558 ritatem
452 1533 536 1557 vero
557 1528 590 1556 et
609 1533 671 1570 per
688 1518 766 1555 haec
786 1526 819 1555 et
838 1531 900 1570 per
920 1517 989 1556 alia
1008 1517 1113 1570 plura
1137 1516 1283 1554 demon-

296 1590 399 1630 strat,
427 1589 466 1617 111
497 1594 577 1617 011111
604 1579 710 1628 (11011,
750 1580 860 1625 Tace,
897 1581 1130 1624 obmutesce;
1164 1579 1283 1628 Volo,

297 1644 500 1687 mwzdare;
529 1642 611 1680 Tibi
638 1641 723 1678 dico
747 1658 756 1678 .·
779 1640 901 1679 sarde
925 1649 961 1678 et
987 1648 1089 1678 mute
1111 1641 1282 1686 doemon,

296 1706 358 1742 exi
377 1705 425 1741 ab
440 1717 482 1741 eo
505 1719 518 1740 .·
534 1701 709 1753 illudque,
740 1701 923 1739 Audistis
951 1703 1044 1752 quia
1066 1702 1212 1738 dictum
1229 1709 1285 1738 est

295 1767 479 1817 antiquis,
498 1766 589 1803 Non
611 1764 759 1802 occides
779 1779 789 1799 :
811 1777 879 1815 ego
900 1772 1027 1800 autem
1052 1763 1139 1800 dico
1156 1763 1283 1809 vohis,

299 1828 374 1877 Qui
389 1824 708 1877 irascitur-fratri
727 1825 981 1878 suo-frastra,
1007 1837 1092 1861 reus
1116 1825 1198 1861 erit.
1220 1822 1281 1860 Si—

294 1887 461 1937 miliaque
490 1886 630 1934 statuit,
657 1894 691 1923 et
717 1884 891 1922 miracula
921 1884 1015 1933 edit,
1044 1898 1121 1936 quae
1151 1883 1284 1937 possint

294 1950 370 2001 ejus
385 1948 578 2001 potentiam
592 1947 834 1985 demonstrare
850 1961 857 1982 :
875 1946 946 1984 imo
965 1946 1023 1985 vel
1042 1945 1187 1984 minima
1206 1944 1286 1996 qui-

293 2011 376 2048 dem
397 2009 542 2047 illorum
562 2022 642 2060 pars
661 2021 734 2056 eos,
755 2007 816 2057 qui
833 2020 902 2044 non
915 2006 1011 2045 omni
1026 2020 1172 2058 prorsus
1183 2019 1285 2044 sensu

296 2081 428 2121 carent,
447 2070 621 2108 adducere
638 2078 672 2107 et
687 2068 900 2121 persuadere
916 2068 1038 2121 possit.

739 222 777 253 S.

351 2194 384 2231 5.
415 2195 552 2233 Verum
569 2206 609 2230 ea
623 2200 674 2230 est
690 2191 802 2229 inanis
823 2190 944 2243 gloriae
962 2190 1032 2241 vis,
1050 2199 1089 2228 ut
1103 2189 1160 2228 vel
1177 2190 1213 2227 in
1228 2202 1283 2226 re-

296 2255 364 2292 bus
400 2253 698 2291 manifestissimis
724 2253 836 2305 possit
862 2266 985 2290 eorum
1008 2252 1069 2302 qui
1101 2251 1162 2289 illa
1195 2251 1288 2303 capti

298 2324 380 2353 sunt
410 2323 563 2351 mentem
586 2327 785 2362 excaecare,
809 2322 914 2364 atque
948 2312 1021 2350 illis
1052 2311 1218 2361 suadere,
1250 2321 1288 2349 ut

299 2376 405 2414 etiam
430 2375 600 2413 adversus
625 2388 664 2413 ea
689 2388 766 2425 quae
795 2374 831 2412 in
859 2374 1016 2412 confesso
1045 2382 1127 2411 sunt
1148 2381 1289 2410 conten-

299 2438 404 2487 dant,
430 2437 610 2487 aliosque,
644 2436 777 2486 quibus
802 2445 884 2474 nota
907 2436 1037 2475 veritas
1060 2444 1134 2485 est,
1161 2434 1205 2472 ad
1243 2434 1290 2472 si-

301 2497 512 2536 mulandum
550 2507 583 2535 et
620 2506 741 2535 contra
780 2496 966 2535 nitendum
1006 2496 1128 2534 incitet
1158 2511 1165 2532 :
1194 2495 1290 2546 quod

302 2559 408 2596 etiam
440 2558 575 2597 Judaeis
615 2557 755 2596 accidit.
786 2559 864 2596 Non
899 2557 993 2596 enim
1027 2571 1091 2610 per
1125 2557 1291 2608 ignoran-

303 2620 389 2658 tiam
401 2618 607 2657 FiliumDei
625 2620 814 2669 negabant,
831 2618 892 2657 scd
917 2628 957 2657 ut
972 2618 1066 2671 apud
1082 2619 1214 2670 vulgus
1226 2619 1291 2656 110-

307 2695 426 2720 norem
443 2680 511 2718 51111
527 2680 762 2718 conciliarent.
780 2682 870 2718 Nam
891 2682 1108 2720 Credebant
1134 2684 1176 2718 in
1189 2695 1292 2729 eum,

306 2742 444 2794 inquit,
473 2740 535 2779 sed
567 2740 740 2778 timebant
770 2754 812 2778 ne
845 2751 945 2779 extra
979 2755 1198 2795 synagogam
1229 2742 1292 2780 fie-

306 2812 394 2852 rent,
413 2803 448 2840 in
473 2801 695 2851 aliorumque
719 2801 869 2851 gratiam
896 2803 1045 2840 salutem
1078 2817 1180 2841 suam
1213 2818 1294 2856 pro-

305 2864 447 2902 debant.
468 2864 546 2901 Non
563 2871 676 2914 potest
696 2861 802 2911 enim,
824 2875 892 2899 non
918 2872 1033 2914 potest
1048 2865 1168 2916 utique
1188 2866 1216 2903 is
1231 2866 1294 2916 qui

350 3003 367 3026 d
391 3000 506 3033 Morel.
525 3004 573 3035 διὰ
589 3003 699 3034 τούτων
716 3004 809 3038 δηλοῖ.
832 3001 872 3032 Ῑ11
889 2998 991 3033 savit.
1010 3002 1057 3034 διὸ.
1084 3003 1194 3034 τούτων
1210 3000 1311 3034 deest.

349 3063 363 3078 ὃ
387 3052 448 3084 Alii
465 3057 677 3096 προσάγεσθαι.
694 3052 771 3084 Mox
795 3057 813 3090 ἡ
831 3054 980 3091 κενοδοξία
992 3076 1000 3091 ,
1016 3050 1152 3093 quidam
1170 3058 1186 3090 ἡ
1206 3058 1315 3099 φιλαρ-

306 3112 358 3149 χία
372 3134 379 3148 ,
396 3117 479 3138 1111115
496 3106 544 3147 [et
559 3104 644 3137 Cod.
663 3105 742 3146 706]
758 3110 776 3143 ἠ
795 3108 990 3150 φιλαργυρία.

352 3158 366 3173 *
390 3163 439 3191 καὶ
470 3164 522 3195 τὴν
544 3160 639 3189 αὐτῶν
669 3163 840 3202 προέτειναν
870 3161 1018 3199 σωτηρίαν
1060 3158 1181 3199 ἑτέροις.
1214 3155 1315 3187 Savil.

309 3208 397 3240 Puto
426 3209 534 3240 locum
562 3219 630 3239 esse
662 3215 869 3251 corruptum5
890 3218 997 3251 neque
1012 3209 1098 3238 enim
1115 3218 1156 3237 ex
1173 3205 1224 3237 his
1241 3219 1317 3238 1·ον-

308 3261 358 3292 bt's
382 3263 587 3292 commodum
610 3272 742 3291 sensum
771 3260 881 3293 elicio.
910 3259 1049 3291 Boisius
1073 3258 1281 3302 longiuscule
1297 3272 1318 3290 α

308 3313 418 3344 verbis
434 3313 598 3353 recedente,
627 3317 676 3346 καὶ
693 3316 784 3351 οὕτως
809 3317 863 3351 τήν
885 3316 981 3346 αὐτῶν
1011 3318 1146 3357 προΐεντο
1173 3316 1321 3355 σωτηρίαν

308 3367 418 3408 ἑτέροις
441 3367 636 3402 δουλεύοντες.
663 3364 764 3395 Forte
790 3367 943 3409 προέπιου.
972 3364 1041 3405 Ego
1074 3373 1151 3395 vero
1168 3363 1319 3394 existimo

1303 1799 1334 1823 23

1306 1835 1332 1865 A
1354 1828 1475 1880 ἐρῥέθη
1493 1835 1562 1872 τοῖς
1579 1829 1757 1881 ἀρχαίοις,
1774 1831 1811 1867 οὐ
1826 1828 1999 1880 φονεύσεις
2013 1844 2021 1852 ·
2038 1828 2105 1880 ἐγὼ
2125 1828 2159 1866 δὲ
2176 1828 2267 1880 λέγω
2286 1831 2379 1878 ὑμῖν,

815 222 1003 253 ,ΙΟΑΝΝ15
1037 221 1280 252 CHRYSOST.
1321 223 1525 254 ARCHIEP.
1564 225 1923 255 CONSTANTINOP.

1344 304 1378 342 τί
1399 304 1543 351 λαλήσω
1555 334 1565 351 ,
1585 306 1644 344 καὶ
1672 307 1736 345 ὅσα
1755 310 1922 351 τοιαῦτα,
1938 308 2124 358 προφητῶν
2142 304 2243 355 μόνον
2260 305 2365 344 ἐστίν.

1346 365 1390 402 Εἰ
1409 364 1521 402 τοίνυν
1547 365 1673 413 ταύτην
1705 367 1810 405 θέλων
1841 366 1903 414 τὴν
1931 365 2082 418 ὑποψίαν
2104 367 2247 414 ἀνελεῖν,
2277 364 2366 403 οὕτω

1346 426 1492 463 ταπεινὰ
1521 427 1730 478 φθέγξασθαι
1762 431 1823 466 οὐκ
1851 427 2027 474 ἀπηξίωσε
2058 426 2200 479 ῥήματα
2212 442 2219 449 ·
2249 427 2367 476 πολλῷ

1349 488 1480 538 μᾶλλον
1499 487 1552 536 ἂν,
1569 491 1598 526 εἷ
1618 488 1754 532 κτιστὸς
1773 483 1827 536 ἦν,
1854 487 1910 525 ἵνα
1930 487 1977 539 μὴ
1999 487 2160 526 ἄκτιστόν
2187 503 2238 530 τις
2266 485 2367 524 αὐτὸν

1349 548 1685 601 ὓποπτεύσῃ,πολλὰ
1699 553 1842 588 τοιαῦτα
1863 548 1902 586 ἂν
1924 543 2028 586 εἶπεν·
2043 543 2124 593 οἷον,
2142 547 2190 598 μὴ
2212 545 2370 597 νομίζετέ

1351 625 1394 661 με
1412 614 1637 662 γεγεννῆσθαι
1651 611 1749 663 παρὰ
1763 615 1822 649 τοῦ
1844 610 1998 662 Πατρός·
2012 609 2209 660 πεποίημαι
2224 607 2291 660 ἐγὼ
2303 638 2312 655 ,
2332 609 2370 646 οὖ

1349 670 1578 722 γεγέννημαι,
1599 671 1674 710 οὐδὲ
1691 672 1763 722 εἰμὶ
1779 674 1842 717 τῆς
1858 671 1974 714 οὐσίας
1990 670 2130 708 ἐκείνου.
2148 672 2218 708 Νῦν
2240 668 2274 707 δὲ
2301 675 2369 706 πᾶν

1349 732 1543 772 τούναντίον
1575 740 1688 772 ποιεῖ·
1709 735 1824 772 ἐκεῖνα
1844 733 1910 784 γὰρ
1930 732 2115 784 φθέγγεται
2133 730 2177 768 τὰ
2207 730 2349 782 ῥήματα
2363 758 2372 775 ,

1349 793 1371 830 ἃ
1390 793 1449 831 καὶ
1461 793 1539 837 τοὺς
1559 794 1606 844 μὴ
1626 794 1850 845 βουλομένους
1867 793 2052 844 ἀναγκάζει
2067 791 2126 830 καὶ
2144 791 2291 834 ἄκοντας
2307 789 2370 836 τὴν

1349 854 1504 892 ἐναντίαν
1527 855 1687 899 δέξασθαι
1706 855 1880 903 ὑπόνοιαν,
1896 849 1977 901 οἷον,
1993 853 2045 891 ὅτι
2061 852 2157 904 Ἐγὼ
2174 854 2209 890 ἐν
2227 855 2277 904 τῷ
2294 853 2371 889 Πα-

1348 915 1420 968 τρὶ,
1437 916 1497 954 καὶ
1515 920 1532 954 ὃ
1548 916 1676 969 Πατὴρ
1693 919 1725 955 ἐν
1753 915 1830 966 ἐμοί
1844 932 1850 939 ·
1867 916 1946 963 καὶ,
1961 917 2135 953 Τοσοῦτον
2151 913 2273 966 χρόνον
2294 913 2370 963 μεθ’

1346 978 1443 1027 ὑμῶν
1464 978 1557 1027 εἰμι,
1575 976 1635 1014 καὶ
1658 979 1719 1015 οὐκ
1742 976 1894 1028 ἔγνωκάς
1913 992 1977 1027 με,
1994 975 2175 1020 (1)ίλιππε;
2193 973 2237 1012 Ὁ
2264 976 2373 1026 ἑωρα-

1348 1036 1416 1080 κὼς
1432 1036 1493 1087 ἐμὲ
1507 1067 1516 1084 ,
1534 1036 1667 1089 ἑώρακε
1695 1038 1752 1075 τὸν
1768 1036 1913 1090 Πατέρα
1925 1053 1932 1060 ·
1961 1036 2042 1081 καὶ,
2066 1034 2145 1074 Ἵνα
2164 1035 2291 1078 πάντες
2317 1050 2372 1072 τι-

1352 1100 1444 1148 μῶσι
1465 1097 1521 1136 τὸν
1540 1099 1635 1145 Υἱὸν,
1654 1097 1768 1142 καθὼς
1786 1101 1915 1147 τιμῶσι
1937 1097 1995 1135 τὸν
2014 1097 2171 1149 Πατέρα.
2187 1095 2327 1149 ςὨσπερ
2357 1097 2374 1132 ὁ

1350 1157 1477 1208 Πατὴρ
1515 1157 1639 1210 ἐγείρει
1681 1158 1760 1201 τοὺς
1799 1158 1936 1211 νεκροὺς
1971 1157 2030 1196 καὶ
2067 1159 2227 1201 ζωοποιεῖ
2243 1186 2252 1203 ,
2285 1156 2375 1195 οὕτω

1353 1217 1412 1254 καὶ
1449 1221 1466 1255 ὁ
1502 1218 1603 1265 Υἱὸς,
1633 1217 1688 1260 οὒς
1721 1218 1832 1265 θέλει,
1871 1220 2042 1261 ζωοποιεῖ.
2067 1217 2111 1255 Ὁ
2151 1217 2280 1269 Πατήρ
2310 1233 2374 1268 μου

1352 1277 1417 1321 ἕως
1449 1277 1528 1331 ἄρτι
1564 1278 1765 1330 ἐργάζεται,
1795 1277 1892 1330 κάγὼ
1931 1279 2133 1330 ἐργάζομαι.
2170 1278 2295 1321 Καθὼς
2324 1294 2376 1329 γι-

1351 1338 1477 1378 νώσκει
1508 1356 1550 1391 με
1579 1343 1596 1378 ὁ
1625 1339 1773 1393 Πατὴρ,
1806 1338 1904 1391 κάγὼ
1938 1338 2099 1390 γινώσκω
2131 1338 2188 1376 τὸν
2217 1338 2375 1390 Πατέρα.

1353 1399 1448 1451 Ἐγὼ
1464 1400 1523 1438 καὶ
1539 1403 1556 1438 ὃ
1572 1400 1701 1454 Πατὴρ
1716 1400 1752 1438 ἕν
1771 1402 1888 1452 ἐσμεν.
1914 1399 1984 1438 Καὶ
2003 1404 2184 1451 πανταχοῦ
2202 1399 2242 1438 τὸ
2257 1398 2376 1450 ὥσπερ

1351 1461 1411 1498 καὶ
1431 1461 1471 1499 τὸ
1484 1461 1573 1499 οὕτω
1593 1462 1697 1505 τιθεὶς
1709 1492 1718 1509 ,
1735 1461 1793 1499 καὶ
1813 1462 1852 1499 τὸ
1871 1461 1906 1499 ἓν
1925 1455 2013 1498 εἶναι
2032 1460 2117 1512 πρὸς
2132 1461 2188 1498 τὸν
2214 1460 2377 1513 Πατέρα,

1352 1521 1414 1568 τὴν
1431 1522 1515 1574 πρὸς
1540 1522 1640 1560 αὐτὸν
1663 1521 1927 1573 ἀπαραλλαξίαν
1947 1520 1963 1541 ‘²
1977 1523 2094 1567 δηλοῖ·
2113 1520 2178 1568 τὴν
2196 1520 2232 1559 δὲ
2253 1524 2376 1559 αὐθεν-

1352 1583 1442 1631 τίαν,
1460 1583 1520 1621 καὶ
1536 1583 1592 1622 διὰ
1608 1583 1739 1622 τούτων
1758 1583 1834 1634 μὲν,
1859 1584 1918 1621 καὶ
1943 1584 1985 1621 δι’
2006 1583 2132 1635 ἑτέρων
2156 1581 2192 1621 δὲ
2210 1583 2378 1620 πλειόνων

1354 1643 1580 1682 ἐνδείκνυται·
1617 1639 1685 1684 οἷον
1725 1644 1805 1683 ὅταν
1837 1644 1921 1697 λέγῃ
1941 1660 1948 1667 ·
1987 1643 2112 1682 Σιώπα
2127 1674 2137 1691 ,
2170 1643 2354 1696 πεφίμωσο
2370 1659 2378 1667 ·

1352 1706 1475 1752 Θέλω,
1492 1706 1743 1760 καθαρίσθητι·
1762 1706 1825 1745 Σοὶ
1838 1706 1941 1757 λέγω,
1953 1706 1993 1744 τὸ
2012 1706 2187 1757 δαιμόνιον
2205 1707 2244 1745 τὸ
2263 1707 2379 1758 κωφὸν

1354 1767 1413 1804 καὶ
1436 1767 1575 1811 ἄλαλον,
1594 1767 1706 1811 ἔξελθε
1733 1769 1794 1805 ἀπ’
1812 1769 1930 1805 αὐτοῦ.
1949 1767 2019 1805 Καὶ
2035 1767 2091 1814 τὸ,
2115 1766 2309 1806 Ἠκούσατε
2326 1765 2380 1805 ὅτι

1354 1888 1406 1927 ὅτι
1420 1893 1436 1927 ὁ
1452 1889 1669 1940 ὀργιζόμενος
1683 1893 1733 1942 τῷ
1749 1890 1886 1941 ἀδελφῷ
1903 1891 2006 1927 αὐτοῦ
2028 1891 2102 1940 εἰκῇ
2113 1919 2122 1937 ,
2138 1889 2256 1942 ἔνοχος
2271 1889 2381 1928 ἔσται.

1354 1951 1425 1989 Καὶ
1446 1949 1509 1988 ὅσα
1541 1951 1630 1989 ἄλλα
1657 1955 1800 1989 τοιαῦτα
1823 1953 1999 1999 νομοθετεῖ
2016 1949 2076 1987 καὶ
2106 1954 2381 2001 θαυματουργεῑ,

1355 2011 1459 2050 ἱκανὰ
1481 2012 1586 2057 δεῖξαι
1607 2014 1710 2050 αὐτοῦ
1741 2011 1804 2058 τὴν
1820 2009 1993 2054 ἐξουσίαν·
2023 2011 2154 2061 μᾶλλον
2176 2010 2211 2049 δὲ
2237 2011 2278 2049 τὸ
2297 2012 2381 2048 πολ-

1355 2074 1476 2112 λοστὸν
1493 2075 1606 2111 αὐτῶν
1630 2073 1732 2126 μέρος
1746 2071 1862 2110 ἱκανὸν
1878 2071 1956 2116 τοὺς
1974 2071 2022 2123 μὴ
2039 2070 2116 2109 λίαν
2139 2074 2382 2118 ἀναισθητοῦν-

1357 2150 1417 2178 τας
1435 2139 1449 2155 “”“
1461 2133 1744 2186 προσαγαγέσθαι
1760 2134 1819 2172 καὶ
1839 2140 1971 2172 πεῖσαι.

1413 2195 1517 2234 Ἀλλὰ
1550 2195 1618 2248 γὰρ
1644 2195 1750 2233 δεινὸν
1784 2198 1805 2241 ἡ
1827 2193 2001 2239 κενοδοξία
2033 2194 2094 2232 καὶ
2124 2194 2210 2247 πρὸς
2231 2192 2275 2232 τὰ
2305 2192 2382 2232 λίαν

1359 2256 1491 2309 φανερὰ
1526 2258 1776 2309 ἀποτυφλῶσαι
1807 2255 1870 2302 τὴν
1898 2255 2051 2293 διάνοιαν
2084 2258 2152 2293 τῶν
2183 2257 2241 2293 ὑπ’
2279 2257 2384 2298 αὖτῆς

1360 2317 1611 2368 ἁλισκομένων,
1630 2316 1689 2355 καὶ
1709 2321 1780 2359 τοῖς
1794 2316 2076 2368 ὡμολογημένοις
2101 2323 2221 2355 πεῖσαι
2238 2319 2384 2368 φιλονει-

1360 2385 1449 2417 κεῖν·
1466 2378 1601 2430 ἑτέρους
1621 2378 1656 2417 δὲ
1675 2378 1734 2416 καὶ
1758 2378 1890 2432 σφόδρα
1914 2377 2046 2421 εἰδότας
2063 2377 2210 2424 τάληθὲς
2233 2377 2293 2415 καὶ
2320 2393 2385 2415 πε-

1361 2439 1582 2491 πεισμένους,
1611 2442 1658 2483 εἷς
1692 2439 1875 2491 ὑπόκρισιν
1905 2438 1965 2476 καὶ
2004 2438 2202 2476 ἀντίστασιν
2241 2437 2384 2489 ἀλείφει.

1361 2503 1484 2539 Ταῦτα
1518 2500 1577 2539 καὶ
1610 2501 1667 2539 ἐπὶ
1701 2504 1768 2539 τῶν
1792 2499 1969 2538 Ἰουδαίων
1993 2498 2132 2551 ἐγίνετο.
2164 2502 2217 2537 Οὐ
2243 2498 2311 2551 γὰρ
2345 2499 2386 2536 δι’

1363 2561 1502 2613 ἄγνοιαν
1530 2563 1694 2614 ἠρνοῦντο
1722 2561 1780 2599 τὸν
1801 2564 1860 2599 τοῦ
1887 2562 1978 2599 Θεοῦ
2010 2560 2107 2607 Υἱὸν,
2133 2562 2208 2598 ἀλλ’
2239 2559 2295 2597 ἵνα
2326 2561 2389 2604 τῆς

1362 2622 1459 2676 παρὰ
1480 2625 1547 2660 τῶν
1567 2625 1704 2661 πολλῶν
1727 2622 1859 2675 τύχωσι
1882 2625 1997 2672 τιμῆς.
2014 2621 2083 2659 Καὶ
2101 2620 2168 2674 γὰρ
2184 2620 2388 2659 Ἰζπίστευον

1363 2685 1410 2727 εἷς
1426 2684 1541 2730 αὐτὸν,
1564 2683 1680 2735 φησὶν,
1700 2685 1775 2721 ἀλλ’
1800 2682 1982 2735 ἐφοῧοῦντο
2007 2681 2063 2719 ἵνα
2089 2682 2138 2732 μὴ
2159 2681 2387 2732 ἀποσυνάγω-

1363 2761 1418 2796 γοι
1448 2744 1638 2797 γένωνται,
1658 2744 1745 2782 *καὶ
1763 2743 1826 2791 τὴν
1859 2746 1970 2780 αὑτῶν
1991 2742 2192 2795 προέτειναν
2212 2740 2387 2793 σωτηρίαν

1365 2806 1503 2858 ἑτέροις.
1524 2807 1577 2843 Οὐ
1599 2804 1666 2858 γὰρ
1698 2805 1802 2852 ἔστιν,
1827 2807 1887 2842 οὐκ
1917 2803 1990 2841 ἔστι
2016 2804 2073 2841 τὸν
2107 2802 2196 2841 οὕτω
2233 2803 2388 2855 σφοδρῶς

1366 2870 1409 2918 τῇ
1436 2865 1594 2918 παρούσῃ
1627 2864 1828 2903 δουλεύοντα
1861 2863 1966 2914 δόξῃ,
1990 2865 2053 2909 τῆς
2083 2862 2180 2915 παρὰ
2210 2867 2269 2901 τοῦ
2297 2865 2388 2901 Θεοῦ

1381 3002 1492 3035 10011111
1507 3009 1543 3034 111
1559 3003 1591 3033 iu
1609 3000 1761 3033 omnibus
1777 2998 2019 3043 exemplaribus
2035 2999 2154 3043 legitur
2170 2998 2296 3042 optime
2325 2998 2387 3031 ha-

1381 3054 1470 3087 here.
1488 3055 1670 3097 Postquam
1687 3055 1775 3086 enim
1792 3052 1877 3085 dixit
1891 3052 2015 3084 multos
2032 3064 2071 3084 ex
2084 3051 2207 3085 Judaeis
2220 3079 2228 3093 ,
2247 3053 2304 3094 qui
2318 3062 2388 3084 cre-

1382 3106 1509 3139 debant
1521 3108 1553 3139 in
1566 3107 1748 3147 Christum,
1762 3116 1827 3137 non
1841 3104 2007 3137 confessos
2025 3106 2129 3146 ipsum
2145 3116 2225 3146 esse,
2242 3115 2281 3135 ne
2296 3111 2388 3137 extra

1384 3171 1586 3204 synagogam
1610 3160 1823 3202 ejicerentur,
1843 3157 1939 3189 addit
1956 3163 2004 3191 καὶ
2026 3164 2079 3197 τὴν
2101 3162 2197 3192 αὐτῶν
2219 3161 2390 3202 προέτειναν

1386 3217 1532 3256 σωτηρίαν
1549 3204 1658 3256 ἑτέρως
1677 3227 1682 3244 :
1705 3209 1738 3242 id
1766 3217 1815 3241 est
1835 3209 1878 3241 ad
1902 3209 2065 3249 litteram,
2085 3217 2117 3241 et
2139 3209 2278 3240 salutem
2295 3220 2390 3240 suam

1386 3263 1465 3294 aliis
1478 3262 1732 3306 protenderunt,
1750 3262 1817 3293 sive
1834 3263 2073 3302 propinarunt,
2091 3260 2126 3293 id
2151 3268 2212 3300 est,
2231 3268 2267 3292 ut
2292 3271 2390 3292 nemo

1387 3324 1454 3345 non
1468 3313 1569 3348 videt,
1586 3320 1617 3345 et
1635 3314 1669 3344 in
1687 3312 1826 3344 aliorum
1853 3313 1996 3355 gratiam
2012 3312 2153 3344 salutem
2170 3323 2263 3344 suam
2277 3312 2390 3355 prodi—

1387 3364 1513 3395 derunt.
