2507 3673
741 247 778 275 ΙΝ
822 245 983 275 ffiCAuN
996 244 1196 274 ᾹΤΙΟΝΕΜ
1234 243 1414 283 Donum,

106 326 315 382 o't‘JinnNffli-q,
342 330 441 365 τοῦτο
473 326 603 378 πάσχει
629 330 650 372 ἡ
675 329 719 385 γῆ
742 326 831 364 κατὰ
862 325 901 364 τὸ
923 323 1122 376 εἰρημένον·

106 380 175 416 Καὶ
192 381 277 417 εἶδεν
292 382 309 416 6
323 379 412 421 Θεὸς
432 377 492 424 τὴν
505 380 583 429 γῆν,
599 378 656 416 καὶ
672 386 713 429 ἠν
729 377 996 430 κατεφθαρμένῃ
1010 382 1124 413 πᾶσα·

105 429 157 468 ὅτι
175 431 376 485 κατέφθειρε
406 437 504 467 πᾶσα
522 429 608 483 σὰρξ
638 434 700 481 τὴν
730 431 805 468 ὁδὸν
824 433 941 476 αὐτῆς.
962 423 1044 466 ET&
1064 426 1126 473 τὴν

105 485 182 534 γῆν,
202 482 261 521 καὶ
277 487 318 529 ἠν
335 483 599 535 κατεφθαρμένῃ
615 487 637 529 >·
656 486 763 527 οὕτως
779 485 810 520 οἳ
823 486 998 535 προφῆται
1014 480 1128 529 ἀπήγ-

104 537 224 586 γελλον
237 537 286 585 τῷ
300 534 422 587 κόσμῳ
442 535 499 572 τὸν
516 538 624 573 αἰῶνα
645 540 702 576 τὸν
720 535 890 586 μέλλοντα
902 535 959 572 τὸν
978 531 1128 571 πεσόντα

105 586 233 637 κόσμον
254 587 410 638 ἐγείρειν,
431 589 490 625 καὶ
511 588 572 635 τὴν
596 592 782 644 φθαρεῖσαν
811 586 926 625 εἰκόνα
947 582 1127 623 ἀνακαινί-

106 640 185 682 ζειν.
207 640 276 677 Καὶ
309 641 358 690 μή
379 657 430 683 τις
457 642 734 690 ὑπολαμῧανέτω
748 639 880 682 πολλὰς
900 633 987 675 εἶναι
1005 634 1128 688 περιό-

106 692 182 734 δους
213 691 338 742 λόγων,
363 694 403 731 τὸ
429 687 496 731 ιῖῗε
522 696 662 733 κάκεῖσε
695 694 860 746 φέρεσθαι
886 690 930 728 τὰ
949 689 1128 738 νοήματα·

105 749 215 782 ταῦτα
231 744 297 796 γὰρ
315 746 429 783 πάντα
444 748 491 788 εἷς
511 746 594 797 μίαν
612 748 777 798 ἀνάγεται
797 743 955 792 δύναμιν.
971 740 1058 780 Ἐὰν
1079 740 1128 791 μὴ

106 800 243 847 πρῶτον
267 797 443 848 δείξωμεν,
460 802 533 841 πῶς
556 800 716 851 ἐφθάρηὸ
738 798 879 846 κόσμος,
902 797 940 832 Οὔ
955 793 1129 844 δυνάμεθα

108 849 233 892 δεῖξαι,
249 853 323 893 πῶς
339 851 572 896 ἀνεκαινίσθη.
589 844 660 889 ἾΙν
680 851 791 889 τοίνυν
811 854 909 885 πᾶσα
929 851 950 893 ἦ
967 849 1011 897 γῆ
1030 861 1130 883 κατε-

108 902 286 954 φθαρμένῃ
300 933 309 949 ,
332 903 471 954 οὐρανὸς
494 902 773 953 ἇμὸλυνόμενος,
795 900 854 938 καὶ
872 907 968 938 πᾶσα
984 903 1005 945 ἦ
1021 898 1132 941 κτίσις

106 954 338 1004 τεθολωμένη.
360 957 436 993 Οὐκ
465 950 506 1001 ἦν
526 958 548 999 ἡ
569 955 680 998 κτίσις
708 954 781 992 οἵαν
803 952 963 998 ἐποίησεν
992 951 1098 997 αὐτὴν
1116 953 1132 988 6

106 1006 195 1049 Θεὸς
214 1008 274 1044 ἀπ’
293 1008 423 1058 ἀρχῆς,
446 1009 508 1045 οὐκ
525 1001 566 1053 ἦν
583 1010 599 1044 6
620 1008 761 1061 οὐρανὸς
780 1011 850 1048 τοῖς
870 1005 1008 1056 ἄστροις
1025 1019 1131 1041 κατα-

106 1059 348 1109 λαμπόμενος,
369 1060 430 1097 οὖκ
449 1054 490 1106 ἦν
509 1063 530 1106 ἡ
548 1063 593 1110 γῆ
616 1067 685 1103 τοῖς
701 1064 846 1113 καρποῖς
864 1059 1073 1104 εὖθηνοῧσα,
1094 1059 1131 1094 οὐ

107 1111 264 1154 θάλασσα
286 1117 361 1154 ταῖς
390 1112 585 1164 ἐμπορίαις.
610 1114 763 1159 Εἷσῆλθε
781 1111 848 1164 γὰρ
869 1114 886 1148 6
905 1109 1131 1161 παραῧάτης,

107 1163 166 1200 καὶ
183 1163 302 1214 ἐμίανε
322 1163 384 1211 τὴν
402 1169 481 1217 γῆν,
504 1164 622 1216 ἐμίανε
637 1166 693 1203 τὸν
715 1164 868 1217 οὐρανὸν,
881 1163 937 1200 τὸν
957 1162 1054 1213 ἀέρα,
1070 1162 1131 1208 τὴν

108 1215 297 1264 θάλασσαν,
318 1216 379 1259 τὰς
398 1217 514 1269 πηγὰς
527 1247 535 1263 ,
565 1217 644 1261 τοὺς
662 1216 860 1267 ποταμοὺς,
879 1215 993 1254 πάντα
1014 1214 1134 1264 ἐμίανε

108 1275 184 1313 ταῖς
204 1270 460 1321 βλασφημίαις,
481 1270 538 1308 τὸν
571 1270 711 1322 οὐρανὸν
742 1273 785 1320 τῇ
817 1267 1046 1319 βλασφημίᾳ,
1075 1266 1133 1304 τὸν

110 1320 196 1374 ἀέρα
214 1327 290 1364 ταῖς
316 1324 478 1374 αἰσχραῖς
507 1330 658 1373 φωναῖς,
679 1323 742 1369 τὴν
767 1325 830 1373 γῆν
860 1327 936 1363 ταῖς
959 1319 1135 1370 ἀθεμίτοις

110 1373 341 1425 μιαιφονίαις,
377 1376 439 1421 τὴν
474 1375 650 1413 θάλασσαν
684 1381 754 1417 τοῖς
780 1379 962 1425 πειραταῖς
983 1372 1042 1409 καὶ
1065 1377 1136 1415 τοῖς

108 1428 274 1477 λῃσταῖς,
289 1426 352 1469 τὰς
369 1427 486 1479 πηγὰς
499 1428 558 1464 καὶ
576 1427 654 1471 τοὺς
673 1425 852 1478 ποταμοὺς
868 1431 943 1467 ταῖς
960 1424 1137 1475 ἀθεμίτοις

109 1478 420 1530 εἷδωλολατρείαις.
460 1479 528 1516 Καὶ
562 1479 628 1531 γὰρ
660 1480 773 1530 πηγαὶ
807 1478 866 1516 καὶ
895 1478 1048 1527 ποταμοὶ
1078 1477 1138 1514 καὶ

109 1531 316 1584 παράδεισοι
341 1531 400 1569 καὶ
431 1531 553 1583 δένδρα
578 1532 638 1569 καὶ
666 1538 764 1570 πᾶσα
791 1535 812 1578 ἡ
844 1530 955 1572 κτίσις
985 1532 1140 1567 ἐθεοποι-

109 1589 180 1621 εῖτο
193 1599 200 1606 ·
219 1583 314 1636 οὖέὲν
336 1583 380 1638 Sem
391 1583 481 1621 οὕτω
495 1583 624 1634 μιαίνει
644 1584 769 1631 κτίσιν,
789 1585 836 1626 ὡς
854 1583 892 1620 τὸ
908 1585 1139 1619 θεοποιεῖσθαι

112 1636 232 1682 αὐτήν.
257 1638 322 1673 Ἢν
342 1640 399 1673 οὖν
415 1644 512 1675 πᾶσα
532 1639 553 1682 ἡ
576 1637 689 1680 κτίσις
707 1635 939 1686 τεθολωμένη.
969 1633 1140 1686 Εῖσέρχε-

109 1704 168 1726 ται
187 1692 204 1727 ὃ
225 1688 354 1740 Σωτὴρ
373 1694 432 1727 τοῦ
454 1689 606 1739 κόσμου,
633 1690 764 1741 μᾶλλον
790 1688 825 1726 δὲ
847 1686 1057 1738 κηρύττεται
1075 1686 1141 1724 ὑπὸ

110 1744 178 1778 τῶν
207 1741 423 1789 ἀποστόλων,
443 1742 496 1779 ὅτι
525 1741 600 1788 ἥξει
621 1741 849 1786 ἀνακαινίζων
874 1740 918 1778 τὰ
938 1739 1066 1778 πάντα.
1089 1741 1142 1777 Οὐ

113 1793 217 1844 μόνον
235 1793 270 1832 δὲ
287 1797 317 1831 οἱ
337 1794 524 1833 ἀπόστολοι
540 1824 549 1841 ,
570 1795 660 1833 ἀλλὰ
675 1794 735 1832 καὶ
755 1797 785 1832 οἱ
803 1795 979 1846 προφῆται
1001 1792 1143 1844 προέλε-

111 1862 184 1896 γον,
200 1846 252 1884 ὅτι
269 1845 437 1898 ἔρχεταιό
453 1846 616 1898 Χριστός.
633 1846 701 1884 Διὰ
715 1845 770 1892 τί;
786 1845 865 1884 Ἵνα
882 1845 929 1895 μή
946 1860 996 1887 τις
1013 1844 1139 1897 νομίσῃ

113 1899 165 1937 ὅτι
192 1902 210 1936 6
240 1899 350 1945 Θεὸς,
371 1902 416 1943 ὡς
436 1899 635 1951 ἅνθρωπος,
662 1899 743 1938 ὅταν
776 1898 936 1949 ἀπορήσῃ
965 1897 1055 1936 κατὰ
1077 1896 1140 1944 τὴν

112 1950 256 2004 πρώτην
279 1952 452 2003 βοήθειαν,
471 1951 631 2003 δευτέραν
656 1956 804 1991 ἐπινοεῖ·
834 1950 893 1988 καὶ
913 1950 993 1988 ὅταν
1011 1950 1141 1997 ταύτης

113 2004 272 2057 ἀποτύχῃ
286 2034 295 2049 ,
314 2004 371 2042 ἐπὶ
384 2005 503 2055 τρίτην
522 2004 680 2057 ἔρχεται·
701 2004 761 2042 καὶ
779 2003 907 2049 ταύτης
925 2002 1140 2055 διαμαρτὼν,

112 2056 281 2109 τετάρτης
300 2057 461 2095 ἅπτεται.
477 2056 554 2094 Ἵνα
586 2052 643 2096 οὖν
666 2057 714 2108 μή
747 2073 797 2100 τις
822 2056 998 2106 ὑπονοήσῃ
1018 2059 1139 2103 τοῦτο,

113 2109 299 2161 προέλεγον
329 2111 360 2147 οἳ
390 2112 566 2162 προφῆται
599 2110 656 2148 τὸν
687 2109 857 2160 μέλλοντα
877 2109 1063 2161 ἔρχεσθαι,
1083 2107 1140 2145 ἵνα

115 2161 269 2206 δείξωσιν
286 2162 338 2200 ὅτι
368 2163 458 2205 Θεὸς
481 2163 518 2200 οὐ
536 2162 768 2213 σκεπτόμενος
785 2161 935 2213 εὑρίσκει
953 2161 993 2199 τὸ
1008 2160 1140 2212 συμφέ-

117 2231 186 2266 ρον,
207 2217 284 2253 ἀλλ’
305 2217 366 2253 ἀπ’
394 2218 505 2268 ἀρχῆς
523 2217 661 2266 προεῖδε
681 2215 724 2253 τὰ
743 2215 868 2253 πάντα.
887 2214 1010 2264 ςΗμεῖς
1026 2217 1057 2251 οἱ
1074 2214 1141 2251 ἄν-

116 2271 247 2321 Ορωποι
266 2267 487 2318 σκεπτόμεθα
499 2298 508 2315 ,
527 2268 586 2306 καὶ
602 2269 659 2306 ἐὰν
675 2267 908 2319 ἀποτύχωμεν
923 2269 985 2312 τῆς
999 2265 1141 2318 πρώτης

114 2321 253 2371 πείρας,
277 2321 449 2374 ἐρχόμεθα
479 2322 531 2373 ἐφ’
554 2320 692 2372 ἑτέραν·
714 2323 730 2358 6
754 2319 787 2358 δὲ
811 2320 900 2362 Θεὸς
926 2320 990 2371 οὐχ
1007 2319 1114 2362 οὕτως
1132 2333 1140 2341 ·

116 2376 192 2411 ἀλλ’
214 2373 321 2412 ἔδωκε
338 2373 455 2424 νόμον,
475 2373 676 2425 προφήτας,
700 2373 758 2411 καὶ
780 2372 867 2424 μετὰ
886 2376 996 2410 ταῦτα
1026 2371 1066 2409 τὸ
1085 2372 1141 2408 εὔ-

116 2425 289 2478 αγγέλιον,
304 2428 341 2464 οὐ
360 2425 476 2478 χρόνῳ
491 2426 531 2464 τὸ
551 2425 724 2491 συμφέρον
747 2425 881 2476 μαθὼν,
900 2427 975 2462 ἀλλ’
998 2426 1058 2462 ἀπ’
1082 2425 1141 2476 ἀρ-

116 2483 183 2530 χῆς
204 2478 318 2525 εἰδὼς,
332 2478 386 2516 ὅτι
406 2478 518 2522 ἄλλως
537 2480 603 2530 οὐχ
624 2482 692 2516 οἷον
712 2494 750 2515 τε
763 2473 805 2524 ἦν
825 2478 887 2524 τὴν
908 2477 1020 2515 κτίσιν
1041 2476 1141 2527 γενέ-

117 2535 197 2568 σθαι
216 2531 275 2568 καὶ
305 2534 447 2576 στῆναι,
483 2529 530 2580 μὴ
562 2535 622 2569 τοῦ
653 2532 804 2582 Χριστοῦ
826 2528 1045 2582 φαινομένου.
1072 2529 1143 2567 Καὶ

1458 244 1555 272 ure.
2088 223 2177 285 39⁶3

1197 322 1267 360 alia
1282 322 1427 359 materia
1438 352 1447 369 ,
1462 321 1529 359 hoc
1540 321 1676 373 patitur
1693 329 1784 357 terra
1798 350 1809 369 ,
1822 320 2016 359 secundum
2032 319 2070 357 id
2086 318 2180 370 quod
2197 336 2270 360 σω,
2297 333 2325 359 6.

1197 373 1335 411 dictum
1350 382 1400 411 est
1419 389 1426 409 :
1442 375 1495 411 Et
1514 374 1615 410 vidit
1635 373 1741 410 Deus
1765 380 1919 418 terram,
1944 381 1979 412 et
1995 381 2077 409 erac
2097 386 2181 410 cor-
2199 382 2244 402 ¹2·

1200 434 1314 476 rupta
1352 428 1476 462 omnis
1489 441 1503 469 ;
1533 427 1631 513 grtia
1670 433 1890 475 corruperat
1929 427 2052 461 omnis
2092 438 2183 461 caro

1200 479 1313 514 viam
1331 490 1456 514 suam.
1484 477 1529 515 vi
1560 476 1585 513 it
1615 484 1759 523 terram,
1778 484 1812 512 ct
1827 484 1902 512 erat
1919 480 2122 526 corrupta):
2136 476 2186 514 sic

1200 529 1381 580 prophetae
1400 528 1535 566 mundo
1561 527 1818 566 annuntiabant
1839 528 2007 564 saeculum
2027 529 2186 564 futurum

1201 590 1401 619 erecturum
1433 596 1507 619 0550
1536 581 1677 633 lapsum
1699 580 1842 624 orbem,
1873 588 1906 617 et
1935 588 2187 616 renovaturum

1201 647 1276 671 0550
1294 643 1498 686 corruptam
1523 633 1726 684 imaginem.
1752 633 1805 669 Ne
1832 646 1916 670 vero
1935 631 2014 682 quis
2033 631 2189 682 suspice-

1202 695 1261 723 tur
1279 686 1411 724 multos
1431 701 1504 724 0550
1522 687 1715 724 verborum
1735 684 1917 732 circuitus,
1942 693 1975 721 et
2002 684 2189 720 sententias

1203 738 1298 776 ultro
1325 738 1485 789 citroque
1516 738 1600 775 ferri
1614 754 1622 775 ι
1636 738 1713 775 haec
1731 736 1864 788 qnippe
1884 736 2001 774 omnia
2028 736 2063 772 in
2082 750 2189 772 unam

1205 791 1279 829 vim
1293 791 1530 830 reducuntur.
1547 790 1625 828 Nisi
1641 790 1742 842 prius
1757 789 1996 838 ostendamus,
2012 788 2190 838 quomodo

1204 843 1359 881 mundus
1377 853 1565 894 corruptus
1583 843 1710 891 fuerit,
1730 856 1798 879 non
1818 855 2006 894 possumus
2033 840 2191 878 ostende-

1204 910 1260 944 re,
1281 896 1458 947 quomodo
1476 895 1584 933 fuerit
1602 904 1806 933 renovatus
1832 894 1918 931 Erat
1947 893 2057 944 igitur
2078 894 2192 931 omnis

1205 958 1296 987 terra
1310 957 1489 1000 corrupta,
1505 948 1632 986 caelum
1649 948 1890 993 obscuratum,
1901 946 2016 983 omnis
2035 955 2194 984 creatura

1206 1000 1347 1039 foedata.
1385 1003 1465 1039 Non
1495 1009 1569 1038 erat
1601 1010 1775 1050 creatura,
1807 999 1946 1049 qualem
1969 998 2069 1035 illam
2098 1000 2194 1035 Deus

1205 1054 1334 1091 fecerat
1353 1055 1399 1092 ab
1416 1054 1539 1102 initi03
1556 1053 1680 1091 caelum
1700 1067 1769 1090 non
1787 1052 1898 1090 stellis
1913 1051 2088 1103 fulgebat,
2102 1059 2195 1088 terra

1208 1121 1276 1144 non
1307 1107 1485 1144 fructibus
1516 1105 1743 1154 abundabat,
1780 1119 1842 1142 nec
1874 1118 1972 1141 mare
2001 1103 2193 1149 mercibus,

1208 1159 1351 1197 Etenim
1371 1168 1605 1210 transgressor
1627 1157 1788 1207 intravit,
1805 1156 1868 1208 qui
1888 1156 2035 1194 foedavit
2051 1165 2195 1206 terram,

1207 1212 1331 1250 caelum
1348 1211 1492 1263 polluit,
1522 1220 1555 1248 et
1578 1225 1709 1260 aerem,
1739 1224 1850 1259 mare,
1879 1209 2006 1257 fontes,
2032 1208 2195 1256 flumina,

1208 1264 1326 1302 omnia
1363 1263 1597 1315 blasphemiis
1633 1263 1706 1300 suis
1749 1261 2003 1299 contaminavit
2037 1276 2045 1296 ε
2071 1261 2198 1298 caelum

1208 1316 1444 1368 blasphemia,
1466 1330 1581 1353 aerem
1598 1315 1701 1353 foedis
1717 1314 1887 1361 vocibus,
1908 1322 2037 1351 terram
2065 1313 2198 1351 illicitis

1210 1369 1380 1416 caedihus,
1400 1383 1497 1407 mare
1510 1368 1634 1421 piratis
1651 1377 1683 1405 et
1699 1366 1937 1419 praedonibus,
1954 1366 2065 1403 fontes
2080 1375 2113 1403 et
2131 1366 2197 1403 ssu-

1210 1422 1288 1459 vios
1307 1422 1441 1459 nefaria
1462 1420 1675 1458 idololatria.
1694 1421 1786 1457 Nam
1804 1420 1929 1467 fontes,
1949 1418 2066 1468 fluvii,
2086 1418 2196 1468 horti,

1210 1475 1376 1521 arbores,
1396 1483 1429 1511 et
1449 1484 1569 1515 omnes
1590 1481 1759 1510 creaturae
1776 1472 1812 1509 in
1827 1471 1911 1509 deos
1931 1484 2106 1508 convers-”e
2126 1472 2199 1508 fue-

1211 1536 1290 1564 rant
1306 1542 1313 1562 :
1328 1526 1419 1563 nihil
1436 1535 1555 1563 autem
1572 1525 1621 1563 ita
1637 1534 1835 1563 creaturam
1849 1523 1970 1572 foedat,
1988 1532 2026 1560 ut
2042 1536 2123 1560 cum
2138 1522 2201 1559 illa

1213 1579 1313 1629 quasi
1329 1578 1417 1616 deus
1439 1578 1578 1615 colitur.
1599 1578 1687 1615 Erat
1708 1590 1790 1628 ergo
1810 1576 1925 1614 omnis
1952 1584 2110 1613 creatura
2137 1576 2201 1613 soe-

1212 1631 1307 1669 data.
1344 1630 1549 1682 Ingreditur
1589 1630 1756 1668 Servator
1789 1628 1915 1666 mundi
1932 1658 1942 1677 ,
1978 1628 2049 1665 imo
2082 1628 2202 1680 potius

1214 1683 1429 1736 praedicatur
1447 1683 1493 1720 ab
1513 1682 1694 1734 apostolis,
1713 1681 1813 1732 quod
1830 1689 2002 1719 venturus
2018 1680 2078 1729 sit,
2100 1690 2132 1718 et
2151 1695 2202 1717 re-

1213 1745 1409 1776 novaturus
1428 1735 1557 1774 01111113.
1577 1735 1658 1772 Νο11
1685 1735 1800 1772 solum
1820 1743 1937 1771 autem
1957 1732 2121 1785 apostoli,
2143 1732 2204 1770 sed

1212 1789 1318 1827 etiam
1336 1788 1517 1841 prophetae
1534 1786 1776 1840 praedicebant
1792 1795 1985 1825 venturum
2005 1799 2079 1823 esse
2097 1785 2202 1822 Chri-

1213 1851 1320 1880 stum.
1341 1841 1484 1887 Quare?
1498 1841 1551 1878 Ne
1572 1840 1650 1891 quis
1666 1848 1804 1892 putaret
1820 1841 1950 1887 Deum,
1970 1839 2071 1889 quasi
2090 1837 2204 1875 homi-

1214 1908 1307 1943 nem,
1331 1893 1472 1945 quando
1493 1892 1538 1930 de
1556 1892 1663 1944 primi
1681 1892 1809 1930 auxilii
1829 1892 1928 1929 exitu
1960 1890 2123 1938 dubitat,
2150 1904 2203 1928 se-

1214 1947 1372 1985 cundum
1392 1945 1616 1996 excogitare,
1637 1955 1670 1982 et
1689 1945 1830 1995 quando
1848 1945 1917 1981 1100
1934 1944 2065 1981 frustra
2086 1943 2202 1989 cessit,

1215 1999 1358 2037 tertium
1375 1998 1536 2050 aggredi,
1557 1997 1696 2048 hocque
1711 2011 1781 2035 non
1797 2006 1963 2049 operante
1976 1995 2022 2033 ad
2036 2005 2204 2045 quartum

1175 2079 1181 2089 .
1213 2052 1345 2092 venire.
1366 2054 1418 2090 Ne
1437 2065 1521 2102 ergo
1540 2050 1620 2100 quis
1634 2049 1673 2087 id
1692 2058 1942 2101 suspicaretur,
1958 2048 2202 2100 praedixcrunt

1212 2105 1394 2158 propheta:
1414 2104 1533 2153 illum,
1555 2102 1618 2153 qui
1639 2111 1810 2139 venturus
1830 2110 1915 2149 erat,
1933 2110 1972 2138 ut
1992 2100 2201 2152 comproba-

1212 2167 1291 2196 rent
1318 2159 1434 2195 Deum
1454 2170 1523 2193 non
1546 2154 1826 2205 cogitabundum
1845 2153 1900 2203 id,
1921 2152 2018 2203 quod
2037 2152 2199 2204 expedit,

1213 2210 1373 2249 invenire
1385 2239 1394 2257 ‚
1414 2209 1475 2247 sed
1494 2209 1540 2246 ab
1562 2207 1663 2245 initio
1682 2207 1799 2244 omnia
1818 2205 2026 2258 praevidere.
2044 2206 2119 2242 Nos
2137 2205 2200 2243 ho—

1214 2263 1325 2302 mines
1353 2262 1592 2299 deliberamus
1622 2270 1756 2298 etcum
1784 2260 1821 2296 in
1838 2259 1955 2311 primo
1983 2267 2110 2295 conatu
2132 2271 2200 2295 non

1214 2315 1448 2366 assequimur,
1466 2313 1512 2351 ad
1530 2313 1681 2351 alterum
1701 2311 1874 2351 venimus.
1893 2314 1940 2348 At
1954 2319 2072 2348 contra
2091 2311 2201 2358 Deus,

1214 2368 1313 2407 dedit
1327 2368 1457 2419 legem,
1477 2366 1679 2419 prophetas,
1696 2374 1729 2402 et
1742 2373 1862 2416 postea
1881 2363 2117 2414 evangelium,
2132 2376 2201 2400 non

1215 2431 1374 2473 tempore
1391 2420 1530 2457 discens
1548 2417 1634 2469 quid
1649 2417 1827 2469 expediat,
1843 2416 1903 2454 sed
1923 2429 2054 2467 gnarus
2074 2416 2120 2453 ab
2136 2415 2204 2453 ini-

1216 2475 1288 2523 tio,
1309 2488 1378 2511 non
1408 2471 1564 2524 potuisse
1590 2479 1788 2508 creaturam
1815 2478 1923 2517 stare,
1950 2467 2018 2505 nisi
2040 2468 2204 2505 Christus

1217 2526 1415 2565 adveniret.
1444 2524 1492 2562 Et
1518 2537 1580 2560 nos
1599 2522 1745 2573 quidem
1763 2522 1941 2569 homines,
1961 2534 2043 2558 cum
2062 2521 2204 2558 morbos

117 2585 219 2633 ἧμεῖς
247 2582 309 2634 μὲν
336 2585 367 2620 οἱ
399 2583 575 2633 ἄνθρωποι
587 2613 597 2630 ,
625 2582 706 2620 ὅταν
733 2583 860 2632 ἴδωμεν
879 2581 924 2620 τὰ
939 2581 1143 2631 νοσήματα,
1156 2591 1204 2615 220
1218 2579 1398 2626 videmus,
1425 2586 1509 2614 tunc
1530 2575 1574 2613 de
1595 2574 1763 2612 remediis
1789 2574 2009 2626 cogitamus:
2026 2574 2125 2611 Deus
2142 2588 2202 2610 au—

117 2636 195 2674 τότε
215 2638 415 2686 ἐπινοοῦμεν
433 2635 477 2673 τὰ
508 2634 718 2686 βοηθήματα
734 2650 742 2657 ·
767 2638 785 2672 6
807 2634 842 2672 δὲ
863 2634 952 2677 Θεὸς
977 2634 1044 2686 πρὸ
1074 2635 1142 2671 τῶν
1168 2628 1194 2656 Α

118 2688 327 2740 τραυμάτων
346 2703 404 2726 του
423 2687 594 2739 ἡμετέρου
610 2687 816 2737 πλάσματος
839 2686 979 2738 πρόοιδε
994 2686 1033 2723 τὸ
1049 2685 1142 2737 φάρ-

121 2757 230 2795 μωακον
250 2744 312 2786 τῆς
344 2739 529 2791 σωτηρίας.
550 2740 712 2778 *Πολλοὶ
738 2739 908 2790 λέγουσιν,
932 2741 970 2777 οὐ
997 2738 1145 2791 προῄδει

119 2797 176 2831 οὐν
196 2796 213 2830 6
229 2793 317 2836 Θεὸς
330 2823 339 2839 ,
361 2792 414 2830 ὅτι
439 2792 636 2845 ἁμαρτήσει
656 2795 674 2830 6
699 2791 831 2841 Ἀδοίμ;
851 2791 945 2843 Ἐγὼ
965 2794 1066 2828 τοῦτο
1084 2790 1143 2828 λέ*

119 2861 189 2895 γω,
209 2843 262 2882 ὅτι
279 2848 317 2883 οὐ
333 2849 433 2883 τοῦτο
453 2844 556 2895 μόνον
570 2844 732 2896 προῄδει,
751 2844 840 2883 ἀλλὰ
859 2844 927 2895 πρὸ
945 2847 1008 2889 τῆς
1027 2858 1144 2895 παρα-

121 2898 267 2944 enicem,
281 2898 454 2953 drieyepji
468 2897 568 2935 αὐτὸν
584 2901 602 2935 6
618 2897 767 2949 Χριστὸς
780 2896 837 2934 διὰ
848 2895 911 2942 τὴν
926 2896 1124 2946 οἰκονομίαν
1135 2911 1142 2919 ·

121 2950 181 2988 καὶ
191 2951 228 2987 οὗ
243 2953 380 3001 πρῶτον
396 2950 464 2987 εἶδε
475 2949 538 2996 τὴν
555 2951 700 2997 πτῶσιν,
717 2951 747 2987 εἷ
763 2949 811 3000 μὴ
829 2948 1062 3000 προεπενόησε
1081 2947 1144 2995 τὴν

121 3002 325 3049 ἀνάστασιν,
347 3001 437 3040 ἀλλὰ
463 3002 680 3053 προαπέθετο
698 3002 738 3039 τὸ
757 3002 942 3054 φάρμακον
965 3005 1027 3047 τῆς
1058 3002 1144 3037 ἀνα-

121 3054 296 3102 στάσεως,
326 3053 386 3091 καὶ
412 3053 489 3091 τότε
522 3053 762 3108 συνεχώρησεν
790 3057 836 3097 εἷς
855 3059 978 3105 πεῖραν
1000 3053 1146 3091 θανάτου

123 3108 287 3145 εἰσελθεῖν
317 3106 374 3144 τὸν
402 3106 601 3158 ἄνθρωπον·
626 3106 683 3144 ἵνα
712 3106 823 3158 μάθῃ,
844 3106 933 3148 τίνος
969 3105 1029 3156 μὲν
1054 3107 1145 3143 ἀπο--

122 3158 221 3197 λαύει
241 3160 284 3196 δι’
307 3159 440 3204 ἑαυτὸν,
459 3159 549 3203 τίνος
568 3158 603 3197 δὲ
621 3159 786 3210 τυγχάνει
807 3159 863 3197 διὰ
877 3158 933 3196 τὸν
949 3157 1053 3196 Θεόν.
1077 3157 1146 3196 Καὶ

123 3211 242 3265 ὥσπερ
267 3213 300 3249 ἐν
321 3211 488 3262 Αἰγύπτῳ
517 3214 654 3262 πρῶτον
674 3212 798 3262 ἤνεγκε
817 3211 861 3249 τὰ
879 3211 938 3258 ἔτη
959 3214 1022 3257 τῆς
1042 3211 1145 3256 εὔθη-

125 3264 216 3312 νίας,
234 3263 516 3316 προαποθέμενος
545 3263 727 3316 φάρμακον
746 3266 795 3315 τῷ
815 3266 908 3314 λιμῷ
939 3262 982 3301 τὰ
1002 3262 1061 3310 ἔτη
1086 3266 1148 3309 τῆς

171 3397 183 3411 *
211 3394 287 3428 Haec
305 3397 382 3428 item
407 3394 495 3437 apud
513 3394 667 3427 Pliotium
681 3421 688 3434 ,
707 3407 738 3438 p,
764 3397 857 3426 1510.

1218 2641 1288 2670 tem
1306 2639 1386 2668 ante
1406 2629 1554 2667 vulnera
1575 2636 1710 2665 naturae
1738 2636 1877 2675 nostrae,
1895 2626 2127 2678 pharmacum
2149 2640 2201 2663 sa-

1218 2684 1304 2722 lutis
1322 2691 1482 2720 noverat.
1504 2680 1614 2719 Multi
1632 2679 1769 2724 dicunt,
1789 2681 1867 2717 Non
1883 2678 2092 2731 praesciebat
2106 2680 2203 2716 Deus

1219 2737 1398 2774 Adamum
1416 2743 1645 2787 peccaturum
1664 2732 1765 2770 esse?
1783 2732 1873 2770 Dico
1892 2745 1968 2783 ego,
1989 2732 2068 2769 Non
2087 2731 2203 2769 solum

1218 2788 1285 2827 hoc
1303 2788 1448 2836 sciebat,
1466 2786 1526 2824 sed
1543 2786 1647 2824 etiam
1666 2793 1747 2822 ante
1764 2784 2076 2836 transgressionem
2097 2798 2203 2822 nove-

1218 2851 1273 2879 rat
1292 2840 1475 2878 Christum
1491 2853 1554 2891 per
1575 2837 1852 2875 incarnationem
1881 2837 1985 2875 illum
2004 2846 2202 2874 erecturum

1218 2908 1303 2932 esse.
1318 2895 1390 2931 Nec
1410 2892 1509 2944 prius
1529 2892 1671 2943 lapsum
1686 2889 1855 2938 vidisset,
1879 2890 1947 2927 nisi
1972 2888 2204 2941 praescivisset

1219 2944 1530 2992 resurrectionem,
1569 2943 1630 2981 sed
1671 2942 1935 2981 resurrectionis
1970 2941 2202 2993 pharmacum

1214 2998 1424 3051 praeposuit,
1457 3006 1490 3035 et
1526 3005 1611 3034 tunc
1639 2995 1801 3047 permisit
1832 2995 2013 3033 hominem
2049 2993 2202 3045 experiri

1214 3061 1389 3100 mortem;
1410 3059 1450 3087 ut
1477 3049 1626 3087 disceret
1645 3048 1860 3099 quibusnam
1888 3062 1950 3100 per
1983 3061 2019 3084 se
2047 3047 2201 3092 fruatur,

1217 3113 1250 3142 et
1262 3104 1353 3155 quid
1371 3117 1433 3156 per
1450 3104 1566 3140 Deum
1586 3110 1835 3151 consequatur.
1859 3102 1908 3137 Ac
1927 3100 2018 3137 sicut
2037 3099 2070 3135 in
2092 3098 2203 3149 AEgy-

1217 3165 1278 3209 pto
1296 3156 1396 3208 prius
1415 3155 1532 3208 posuit
1547 3168 1657 3192 annos
1673 3153 1863 3200 ubertatis,
1893 3161 1930 3189 ut
1951 3152 2014 3188 hos
2034 3149 2205 3187 ubertatis

1217 3223 1328 3247 annos
1356 3207 1583 3261 praemitteret
1603 3207 1639 3245 in
1661 3205 1855 3244 remedium
1881 3203 1999 3245 famis,
2018 3211 2101 3238 tunc
2119 3215 2204 3238 vero

1219 3261 1319 3301 famis
1341 3274 1450 3300 annos
1469 3259 1628 3309 induxit,
1657 3268 1689 3296 et
1716 3258 1855 3295 vulneri
1889 3254 2108 3308 praemissum
2139 3253 2205 3291 suit
