2507 3673
755 185 900 214 stum«)
939 184 994 213 ne
1032 183 1470 222 pseunovnururrm,
1511 182 1610 211 ETC.
2136 165 2225 224 ,7¹5

147 266 239 313 ’ὑμᾶς
276 265 530 316 εὐαγγελίζεται
566 267 647 316 παρ’
688 265 706 304 ὃ
738 265 953 317 παρελάὲετε
966 293 975 310 ,
1015 264 1171 313 ἀνάθεμα
1189 296 1221 319 33
1242 262 1282 300 Si
1301 264 1386 313 quis
1403 275 1474 298 ‘vos
1495 262 1819 311 evangelizaverit
1832 269 1971 311 prseter
1987 262 2027 298 id
2042 262 2144 313 quod
2159 275 2223 298 ac-
2239 279 2308 305 Gal.
2330 286 2353 305 1,
2372 287 2400 309 s„

151 317 260 355 ἔστω·
284 317 343 355 καὶ
373 317 417 354 τὰ
447 321 505 356 τοῦ
532 318 641 355 Δαυὶδ
665 318 807 368 ψάλλει·
837 317 965 369 Κύριε,
990 316 1069 367 οὐχὶ
1096 314 1172 358 τοὺς
1194 332 1219 361 Α
1243 316 1408 364 cepistis,
1433 315 1645 350 anathema
1665 315 1731 356 sit;
1753 321 1787 348 et
1809 326 1889 350 cum
1910 313 2048 351 Davide
2067 313 2187 365 psallit
2213 330 2218 349 :
2373 310 2383 315 ⁹

149 370 336 419 μισοῦντας
355 385 393 406 σε
416 371 567 420 ἐμίσουν,
588 370 648 407 καὶ
672 370 730 408 ἐπὶ
749 369 826 412 τοὺς
845 368 988 421 ἐχθρούς
1009 384 1069 406 σου
1099 367 1172 410 ἐξε-
1243 367 1423 409 Domine,
1439 379 1566 402 nonne
1582 377 1658 410 eos,
1672 366 1738 416 qui
1759 365 1919 401 oderunt
1939 373 1987 411 te,
2003 367 2172 411 oderam,
2187 375 2221 403 et
2241 379 2324 405 zmil.
2342 377 2407 415 138.

151 421 326 472 τηκόμην,
353 421 484 459 τέλειον
501 429 601 472 μῖσος
625 423 765 473 ἐμίσουν
788 421 922 464 αὐτούς.
943 419 1099 472 Φρίξατε
1113 419 1174 456 καὶ
1243 431 1356 468 super
1373 419 1548 454 inimicos
1563 425 1647 453 tuos
1665 418 1906 453 tabescebam
1918 421 1934 452 Ρ
1950 419 2120 468 perfecto
2138 420 2224 455 odio
2239 428 2288 447 20-
2307 428 2356 447 2¹·

150 474 346 524 τρομάξατε
365 477 396 512 οἱ
416 474 477 518 τὰς
501 475 638 526 ἀγοίπας
660 475 737 525 μετ’
757 476 870 512 αὐτῶν
900 478 1075 515 ποιοῦντες
1088 502 1097 519 ,
1115 471 1174 508 καὶ

151 525 382 577 διορθώσασθε
396 558 404 574 ,
423 527 479 565 ἵνα
501 528 549 577 μὴ
565 528 741 573 ἀπόλησθε
758 532 833 569 ταῖς
853 525 1027 566 ἀσεὸείαις
1047 525 1172 562 αὐτῶν.

150 578 309 630 Ἁρμόζει
337 579 371 616 δὲ
401 583 460 618 καὶ
480 581 624 618 ἐνταῦθα
650 581 711 626 τὸ,
739 578 827 616 Ἰδοὺ
858 577 1052 629 προείρηκα
1080 579 1173 626 ὑμῖν.

151 631 242 668 Ἀλλ’
266 631 323 669 ἐπὶ
343 631 382 670 τὸ
406 632 633 685 προκείμενον
663 630 918 680 ἐπανέλθωμεν,
935 629 978 666 τὰ
1006 629 1085 680 περὶ
1112 630 1174 674 τῆς

150 683 347 727 συντελείας
371 686 661 737 ἀναπληροῦντες.
682 683 751 721 Καὶ
779 682 834 720 ἵνα
866 680 1046 731 συντόμως
1064 680 1151 718 εἴπω
1166 697 1174 704 ·

149 736 193 773 τὰ
240 737 478 789 προειρημένα
508 743 637 787 σημεῖα
664 734 919 786 ἐπληρώθησαν
938 749 946 756 ·
963 733 1083 771 λοιπὸν
1104 732 1174 785 χρὴ

151 788 287 839 ἕτοιμον
309 784 396 827 εἶναι
415 790 474 827 καὶ
487 787 825 842 παρεσκευασμένον,
845 785 904 823 καὶ
925 785 973 835 μὴ
993 788 1177 839 πολυπρα-

152 848 291 893 γμονεῖν
318 844 435 880 πλεῖον
449 845 516 878 τῶν
530 840 792 894 γεγραμμένων.
809 839 940 877 Πολλοὶ
954 841 1101 889 ἀμαθεῖς
1118 838 1177 876 καὶ

153 893 358 946 ἀστήρικτοι
372 894 554 945 γεγόνασιν
573 898 604 931 οἱ
623 892 868 945 στρεὸλοῧντες
880 891 942 934 τὰς
964 891 1058 934 θείας
1077 894 1175 943 Γρα-

153 945 218 997 φάς
234 962 241 969 ·
261 945 324 998 ὅρα
344 945 379 984 δὲ
396 946 454 991 σὺ,
473 946 522 995 μὴ
543 945 732 996 πιστεύσῃς
758 947 884 986 αὐτοῖς.
900 944 1021 991 Πολλὴ
1049 945 1156 982 κακία
1169 975 1178 992 ,

153 996 265 1043 πολλὴ
293 997 442 1048 πονηρία
464 997 650 1050 ἐκκέχυται
677 998 734 1035 ἐπὶ
757 999 818 1042 τῆς
836 1000 918 1047 γ’ῆς,
943 997 1057 1035 πολλὰ
1076 997 1180 1035 σκάν-

155 1051 244 1088 δαλα
259 1065 266 1073 ·
287 1050 402 1088 Βλέπε
420 1050 454 1089 δὲ
482 1050 544 1096 σὺ,
565 1050 613 1100 μὴ
642 1051 844 1100 ἀπατηθῇς·
877 1049 924 1100 μὴ
952 1050 1111 1101 ἐκκλίνῃς
1131 1051 1180 1093 εἷς

155 1102 198 1140 τὰ
220 1102 337 1146 δεξιὰ,
360 1103 448 1153 μηδὲ
467 1105 516 1146 εἷς
540 1104 583 1141 τὰ
609 1101 796 1155 ἀριστερὰ,
816 1103 893 1140 ἀλλ’
919 1103 987 1154 ὁδῷ
1015 1104 1180 1154 βασιλικῇ

158 1155 288 1206 βάδιζε.
302 1154 424 1207 Ἔχεις
451 1155 598 1198 πολλοὺς
616 1154 759 1199 πιστοὺς
774 1184 782 1199 ,
794 1154 965 1208 ῥγαπητὲ
978 1184 986 1200 ,
1005 1157 1034 1192 εἰ
1055 1155 1112 1193 καὶΙ
1134 1155 1181 1205 μὴ

159 1208 216 1246 ἐπὶ
235 1210 321 1258 γῆς,
342 1211 417 1246 ἀλλ’
447 1210 481 1246 ἐν
511 1211 664 1260 οὐρανῷ,
695 1210 767 1258 μεθ’
790 1211 837 1244 ὡν
863 1208 1013 1245 πάντοτε
1033 1213 1184 1245 συνεῖναι

160 1264 321 1299 σπεῦσον.
336 1260 459 1313 Ἔχεις
491 1262 562 1299 ἐκεῖ
580 1260 789 1313 πανηγύρεις
810 1259 979 1312 ἀγγέλων,
999 1259 1089 1312 ἔχεις
1114 1276 1184 1297 πα-

160 1313 345 1366 τριάρχας,
355 1313 535 1379 προρήτας
546 1344 556 1361 ,
571 1313 782 1356 ἀποστόλους
792 1343 802 1360 ,
814 1313 1060 1364 εὐαγγελιστάς
1072 1329 1078 1336 ·
1095 1312 1186 1365 ἔχεις

162 1366 361 1417 μάρτυρας,
388 1370 500 1409 ὁσιους
518 1364 746 1416 ὃμολογητὰς,
764 1365 823 1403 καὶ
839 1365 919 1419 ,τοὺς
940 1367 973 1402 ἐν
1003 1368 1185 1417 μοναχικῷ

161 1419 229 1469 βίῳ
259 1418 540 1470 διαπρέψαντας,
560 1434 586 1455 π
610 1422 690 1465 ἦθος
709 1417 817 1465 πολὺ,
834 1421 880 1455 ὧν
901 1417 945 1455 τὰ
968 1418 1123 1467 ὀνόματα
1151 1420 1186 1455 ἐν

164 1469 288 1522 βιὸλίῳ
321 1472 421 1517 ζωῆς.
455 1470 607 1514 Τούτους
639 1470 804 1517 πόθησον,
836 1470 975 1513 τούτους
1011 1470 1187 1522 μίμησαι,

160 1522 290 1561 τούτων
307 1522 355 1574 μὴ
374 1523 523 1575 χωρίζου
538 1553 547 1570 ,
564 1522 693 1560 τούτων
709 1522 772 1568 τὴν
792 1521 934 1572 μνήμην
953 1524 986 1559 ἐν
1001 1526 1043 1574 τῇ
1061 1522 1189 1574 καρδίᾳ

161 1592 222 1614 σου
243 1575 301 1627 ἔχε
315 1577 433 1618 νυκτὸς
453 1576 512 1613 καὶ
531 1575 684 1628 ἡμέρας,
701 1575 851 1613 πάντοτε
867 1577 901 1612 ἐν
913 1580 989 1618 ταῖς
1007 1575 1108 1627 χερσί
1128 1591 1188 1614 σου

161 1629 222 1671 τὰς
237 1628 365 1667 τούτων
386 1628 525 1679 βίὸλους
541 1628 697 1680 κατέχων
722 1627 936 1679 ἀναγίνωσκε
953 1658 962 1675 ,
981 1630 1074 1672 ὅπως
1088 1628 1189 1681 εὕρῃς

163 1681 295 1727 πολλὴν
320 1682 500 1733 ὠφέλειαν.
522 1683 548 1719 Γ
553 1681 622 1719 ίνου
649 1681 801 1733 ἔμπυρος
827 1680 929 1731 λόγου
950 1680 1189 1729 δικαιοσύνης,

161 1734 219 1771 ἵνα
235 1733 315 1785 δύνῃ
335 1734 413 1777 τοὺς
429 1733 668 1784 ἀντιλέγοντας
687 1733 856 1785 ἐλέγχειν,
871 1733 929 1771 καὶ
949 1738 1020 1776 τοῖς
1046 1734 1190 1784 μυθολό-

164 1802 237 1836 γοις
259 1789 435 1838 ἐπιτιμᾷν,
451 1785 510 1824 καὶ
539 1785 616 1829 τοὺς
641 1785 831 1837 αἱρετικοὺς
861 1785 1110 1836 ἐπιστομίζειν,
1130 1787 1190 1825 καὶ

164 1838 243 1882 τοὺς
259 1840 548 1890 παραπίπτοντας
562 1842 728 1876 νουθετεῖν
743 1839 802 1876 καὶ
821 1837 1052 1890 ἐπιστρέφειν.
1066 1838 1190 1891 ’Epet-

166 1908 208 1929 να
229 1891 290 1935 τὰς
314 1891 406 1935 θείας
423 1891 586 1943 Γραφὰς,
614 1889 670 1928 ἵνα
703 1890 784 1929 ὅταν
820 1891 895 1942 ἴδῃς
929 1892 1191 1930 ἀκαταστασίαν

166 1944 226 1982 καὶ
246 1944 423 1996 σύγχυσιν,
441 1943 488 1995 μὴ
510 1943 722 1996 καταπέσῃς,
744 1945 821 1981 ἀλλ’
837 1944 892 1982 ἐπὶ
911 1942 974 1989 τὴν
989 1943 1081 1981 θείαν
1097 1946 1192 1996 Γρα-

168 1996 233 2048 φὴν
249 1996 463 2048 καταφύγης.
483 1995 580 2048 εΌρα
599 1996 657 2045 δὲ,
675 1996 724 2047 μὴ
737 1998 940 2047 χαυνωθῇς,
963 1996 1052 2046 μηδὲ
1066 1999 1197 2034 emko«

168 2053 228 2100 θῇς
247 2049 316 2087 ἀπὸ
342 2055 401 2087 τοῦ
420 2048 494 2092 νοός
514 2064 585 2087 σου.
605 2048 717 2087 εΌταν
740 2049 815 2099 ἴδῃς
829 2048 975 2092 πολλοὺς
997 2050 1196 2087 ἀσυνετοῧν·
1216 2057 1241 2087 C

169 2117 253 2147 τας,
286 2101 335 2151 μὴ
368 2101 513 2146 ξενίζου·
544 2103 593 2140 δεῖ
623 2105 733 2139 ταῦτα
765 2101 935 2153 γενέσθαι.
968 2100 1084 2140 εὈτοιν
1120 2101 1196 2153 ἴδῃς

170 2154 318 2196 πολλοὺς
338 2154 641 2206 ψευδοπροφήτας,
663 2155 904 2204 ὑπομνήσθητι
928 2158 987 2193 τοῦ
1017 2155 1195 2193 Δεσπότου

170 2206 330 2258 λέγοντος
341 2238 350 2254 ,
365 2207 417 2244 ὅτι
435 2207 709 2259 Ἐγερθήσονται
725 2206 970 2260 ψευδόχριστοι
997 2207 1056 2245 καὶ
1072 2209 1195 2259 ψευδο-

172 2263 360 2312 προφῆται.
402 2258 516 2298 ’Όταν
559 2259 807 2311 πλανολόγους,
856 2260 1100 2310 ὑπομνησθητι
1137 2265 1197 2298 τοῦ

171 2313 347 2364 προφήτου
380 2314 558 2362 λέγοντος·
593 2313 684 2350 Οὐαὶ
713 2319 783 2356 τοῖς
816 2314 985 2366 γράφουσι
1017 2313 1198 2365 πονηρίαν.

170 2364 283 2402 “Ox-‘xv
316 2365 391 2416 ἴδῃς
421 2363 500 2408 τοὺς
529 2365 685 2409 εὖλαὸεῖς
713 2365 773 2403 καὶ
808 2366 951 2409 πιστοὺς
984 2367 1043 2404 καὶ
1074 2366 1199 2418 σοφοὺς

172 2417 489 2468 ἐξουδενουμένους,
518 2417 596 2461 τοὺς
627 2418 662 2456 δὲ
692 2421 824 2468 ἐναγεῖς
854 2419 913 2456 καὶ
943 2418 1111 2462 ἀλαζόνας
1138 2419 1198 2457 καὶ

173 2469 344 2522 προδότας
359 2470 419 2507 καὶ
433 2470 578 2522 πόρνους
594 2470 918 2523 προχειριζομένους
928 2501 938 2517 ,
956 2472 1199 2522 ὑπομνήσθητι

174 2526 234 2558 τοῦ
256 2522 448 2560 ἀποστόλου
477 2522 654 2573 λέγοντος,
686 2523 739 2560 ὅτι
764 2524 919 2576 Πονηροὶ
947 2524 1122 2574 ἄνθρωποι
1140 2525 1199 2562 καὶ

1244 470 1401 507 oderam
1421 470 1523 507 illos.
1551 468 1802 506 Exhorrescite
1820 476 1854 504 ct
1873 469 2142 517 contremiscite,
2164 471 2225 520 qui

1243 535 1375 573 agapas
1402 535 1483 559 cum
1506 521 1579 559 illis
1605 521 1736 570 facitis,
1762 529 1796 557 et
1826 519 2031 572 resipiscite,
2053 535 2094 558 ne
2111 523 2146 558 in
2170 536 2226 559 eo-

1244 588 1324 611 rum
1360 574 1602 626 impietatibus
1626 573 1789 626 pereatis.
1811 572 1878 609 Hic
1907 586 2047 623 quoque
2071 574 2229 625 apposite

1245 626 1415 679 repetitur
1433 626 1545 664 illud:
1561 629 1664 665 Ecce
1679 626 1844 678 proedifci
1864 627 1988 662 vobis.
2007 625 2079 664 Sed
2096 623 2141 663 ad
2156 641 2229 663 rem

1245 679 1465 731 propositam
1490 679 1687 725 redeamus,
1709 688 1747 716 ut
1776 677 1821 716 de
1842 678 2141 716 consummatione
2159 693 2230 716 ser-

1247 746 1386 769 monem
1397 732 1645 783 compleamus.
1659 731 1706 769 Et
1718 740 1755 768 ut
1769 730 1979 782 compendio
1990 730 2120 780 dicam,
2136 745 2231 782 prae-

1247 784 1341 822 dicta
1361 784 1461 836 signa
1476 785 1648 836 completa
1663 792 1746 821 sunt
1765 799 1772 819 :
1785 784 1861 835 jam
1879 783 2029 834 quisque
2046 783 2149 821 debet
2171 798 2232 835 pa-

1247 845 1344 874 ratus
1369 846 1402 874 et
1423 837 1611 889 expeditus
1632 851 1720 885 esse,
1743 850 1806 873 nec
1828 836 1944 887 plura,
1967 850 2075 886 quam
2103 836 2234 888 scripta

1248 889 1331 936 sint,
1351 889 1527 928 curiosius
1555 889 1754 941 exquirere.
1774 889 1884 927 Multi
1913 888 2028 940 ignari
2056 902 2118 925 nec
2139 889 2235 926 firmi

1246 942 1401 989 fuerunt,
1423 943 1484 993 qui
1515 942 1657 981 divinas
1686 942 1887 993 Scripturas
1915 950 2237 979 contorserezcax‘e

1249 1003 1304 1041 tu,
1322 1009 1366 1032 ne
1395 995 1515 1033 credas
1535 996 1617 1033 illis.
1638 995 1755 1033 Multa
1779 993 1927 1043 malitia,
1948 993 2060 1030 multa
2081 993 2235 1044 nequitia

1249 1048 1361 1085 effusa
1393 1057 1444 1086 est
1473 1062 1579 1100 super
1608 1057 1762 1097 terram,
1789 1046 1902 1084 multa
1928 1045 2141 1084 offendicula
2167 1063 2173 1082 :
2198 1056 2237 1084 tu

1251 1114 1337 1138 vero
1356 1115 1452 1148 cave,
1470 1115 1512 1139 ne
1534 1100 1734 1149 seducaris;
1753 1113 1797 1136 ne
1817 1099 1971 1137 declines
1987 1098 2033 1136 ad
2054 1097 2238 1137 dexteram

1252 1153 1310 1191 vel
1334 1153 1381 1190 ad
1409 1153 1603 1199 sinistram,
1620 1153 1680 1191 sed
1700 1152 1735 1189 in
1754 1152 1813 1190 via
1830 1151 1925 1202 regia
1943 1150 2078 1188 incede.
2104 1152 2239 1189 Multos

1254 1205 1364 1243 habes
1378 1205 1511 1255 fideles,
1533 1205 1714 1243 carissime
1721 1221 1732 1255 3
1752 1205 1781 1242 si
1795 1218 1865 1241 non
1884 1204 1919 1241 in
1940 1213 2047 1253 terra,
2062 1204 2186 1241 saltem
2203 1205 2239 1242 in

1257 1258 1354 1306 caelo,
1376 1259 1589 1309 quibuscum
1618 1258 1757 1295 festines
1777 1257 1885 1296 velim
1907 1265 1945 1294 ut
1971 1269 2106 1308 semper
2122 1257 2236 1295 vivas.

1258 1311 1376 1348 Habes
1402 1311 1477 1348 illic
1504 1310 1722 1348 celebritates
1748 1310 1972 1360 angelorum,
2004 1309 2239 1360 patriarchas,

1258 1364 1462 1416 prophetas,
1485 1363 1673 1415 apostolos,
1694 1362 1952 1413 evangelista55
1974 1362 2083 1399 habes
2107 1372 2241 1414 marty-

1257 1431 1324 1466 res,
1346 1425 1483 1454 sanctos
1509 1416 1732 1463 confessores,
1754 1424 1788 1452 et
1816 1428 1875 1452 eos
1899 1415 1961 1465 qui
1990 1414 2027 1451 in
2048 1416 2243 1452 monastica

1257 1469 1332 1508 vita
1358 1469 1576 1518 floruerunt,
1601 1467 1871 1505 multitudinem
1900 1480 2066 1517 magnam
2090 1481 2241 1517 quorum

1259 1521 1402 1559 nomina
1421 1530 1503 1558 sunt
1522 1521 1558 1558 in
1578 1521 1671 1558 libro
1685 1520 1779 1557 vitae.
1795 1520 1868 1557 Hos
1883 1519 2059 1567 desidera,
2076 1519 2139 1557 hos
2159 1520 2243 1557 imi--

1259 1583 1344 1623 tare,
1363 1573 1409 1610 ab
1439 1573 1496 1611 his
1521 1587 1592 1611 non
1616 1572 1759 1610 recedas
1785 1587 1792 1607 :
1818 1571 1954 1609 horum
1974 1572 2183 1609 memoriam
2208 1573 2243 1609 in

1259 1627 1365 1664 corde
1383 1635 1443 1663 tuo
1458 1625 1589 1663 habeas
1608 1634 1709 1663 nocte
1726 1624 1873 1674 dieque:
1888 1637 2011 1661 eorum
2031 1624 2142 1661 libros
2155 1638 2246 1662 sem-

1259 1694 1322 1732 per
1343 1693 1414 1731 prae
1431 1678 1597 1716 manibus
1615 1678 1745 1716 habeas
1769 1677 1949 1728 legasque,
1966 1685 2006 1713 ut
2028 1677 2179 1714 multam
2193 1677 2248 1714 in-

1260 1733 1382 1771 venias
1403 1731 1608 1769 utilitatem.
1627 1730 1715 1768 Esto
1743 1729 1871 1767 ardens
1898 1729 1999 1767 verbi
2022 1729 2183 1780 justitiae,
2209 1739 2247 1767 ut

1262 1785 1374 1837 possis
1393 1784 1671 1822 contradicentes
1695 1783 1887 1832 confutare,
1907 1781 2123 1819 fabulatores
2141 1783 2249 1821 corri-

1261 1852 1355 1890 pere,
1370 1836 1545 1874 haereticis
1561 1850 1600 1874 os
1614 1837 1811 1885 obstruere,
1828 1835 1947 1887 lapsos
1962 1848 2104 1872 monere
2118 1844 2152 1872 et
2167 1848 2249 1872 con-

1263 1900 1409 1929 vertere.
1429 1890 1594 1928 Scrutare
1619 1888 1760 1927 divinas
1787 1889 2003 1939 Scripturas,
2028 1896 2068 1924 ut
2092 1901 2174 1925 cum
2200 1888 2251 1926 vi-

1263 1942 1358 1981 deris
1387 1942 1594 1980 seditionem
1623 1950 1657 1979 et
1678 1941 1994 1993 perturbationem,
2015 1954 2084 1978 non
2104 1940 2248 1989 labaris,

1264 1996 1327 2033 sed
1351 1995 1397 2033 ad
1424 1994 1588 2033 divinam
1608 1994 1686 2032 Scri
1715 2003 1830 2031 turam
1853 1993 2052 2043 confugias.
2079 1993 2174 2031 Cave
2189 2008 2252 2030 au-

1264 2058 1348 2098 tem,
1365 2062 1408 2085 ne
1437 2047 1580 2085 mollior
1603 2009 1751 2095 evatifis,
1770 2059 1882 2096 neque
1903 2045 2049 2083 vacilles
2079 2044 2114 2082 in
2137 2055 2253 2083 mente

1265 2111 1336 2139 tua.
1355 2102 1447 2138 Cum
1474 2100 1605 2137 multos
1633 2098 1767 2137 videris
1790 2097 2044 2150 imprudentes,
2062 2111 2106 2135 ne
2129 2099 2252 2136 obstu-

1265 2168 1385 2207 pescas
1402 2169 1410 2190 ε
1427 2161 1563 2205 oportet
1580 2151 1674 2190 enim
1688 2152 1765 2189 haec
1782 2151 1873 2189 fieri.
1892 2151 1985 2188 Cum
2001 2150 2132 2188 multos
2152 2150 2253 2189 vide-

1266 2208 1315 2245 ris
1337 2205 1678 2259 pseudoprophetas,
1700 2202 1884 2241 recordare
1904 2202 2049 2240 Domini
2071 2202 2221 2241 dicentis
2242 2219 2250 2239 ε

1263 2261 1428 2312 Surgent
1437 2259 1720 2310 pseudochristi
1739 2265 1774 2294 et
1785 2256 2138 2308 pseudoprophetae.
2159 2256 2252 2294 Cum
2268 2269 2381 2296 naeth.
2402 2267 2452 2307 24.

1265 2313 1466 2365 deceptores
1494 2310 1641 2358 videris,
1661 2308 1845 2348 recordare
1867 2308 2047 2360 prophetae
2069 2307 2220 2346 dicentis
2243 2309 2316 2349 :24-

1269 2368 1334 2404 Voe
1359 2368 1419 2411 iis,
1449 2367 1516 2416 qui
1546 2365 1721 2402 scribunt
1754 2363 1978 2412 nequitiam.
2000 2360 2091 2398 Cum
2118 2361 2253 2400 videris
2268 2378 2346 2407 lsai.
2368 2383 2451 2405 10,1‚

1268 2419 1360 2471 pios,
1374 2417 1497 2455 fideles
1510 2425 1544 2454 et
1559 2416 1732 2468 sapientes
1751 2412 1885 2465 despici
1892 2428 1902 2461 3
1917 2413 2101 2451 sceleratos
2122 2423 2253 2464 autem⁷

1268 2479 1487 2521 arrogantes,
1508 2469 1707 2521 proditores
1735 2465 1925 2512 celebrari3
1957 2465 2143 2503 recordare
2169 2481 2255 2518 apo-

1270 2523 1352 2562 stoli
1364 2522 1644 2560 dicentiszlllali
1659 2521 1832 2557 homines
1847 2526 1883 2555 et
1899 2520 2162 2557 incantatores
2174 2534 2257 2571 pro·
2272 2542 2303 2561 2,
2331 2535 2408 2561 Tim.
2427 2532 2461 2563 3,-

1260 2577 1404 2629 ficient
1428 2578 1468 2611 in
1490 2576 1612 2626 pejus,
1644 2576 1686 2610 in
1713 2585 1879 2609 errorem
1908 2573 2101 2609 mittentes
2133 2581 2170 2610 et
2199 2587 2257 2610 er-
2275 2575 2321 2603 13·

1273 2637 1416 2666 rantes.
1437 2628 1528 2664 Cum
1554 2625 1688 2664 videris
1712 2638 1847 2662 sacram
1865 2623 2087 2675 Scripturam
2105 2624 2141 2661 in
2160 2639 2258 2663 exse-

1270 2680 1466 2718 crationem
1485 2678 1609 2716 haberi
1634 2678 1679 2715 ab
1707 2677 1764 2726 iis,
1786 2677 1849 2728 qui
1872 2675 2042 2715 videntur
2066 2690 2140 2714 esse
2155 2677 2259 2715 Chri-

1275 2732 1393 2780 stiani,
1408 2741 1441 2769 et
1455 2745 1528 2780 eos,
1543 2731 1605 2782 qui
1624 2730 1820 2781 loquuntur
1834 2729 1987 2768 verbum
2008 2728 2075 2767 Dei
2095 2729 2177 2767 odio
2192 2731 2259 2767 ha-

174 2573 298 2625 γόητες
322 2573 555 2626 προκόψουσιν
588 2575 645 2612 ἐπὶ
676 2575 716 2612 τὸ
741 2581 870 2627 χεῖρον,
908 2577 1108 2620 πλανῶντες
1140 2577 1199 2614 καὶ

122 2662 123 2665 ,
176 2626 408 2677 πλανώμενοι.
425 2626 540 2680 εὈωταν
557 2626 632 2678 ἴδῃς
648 2626 711 2673 τὴν
730 2627 830 2678 ἁγίαν
842 2627 985 2679 Γραφὴν
1005 2629 1202 2680 βδελυγθεῖ-

178 2694 241 2716 σαν
265 2679 331 2717 ὑπὸ
358 2682 427 2717 τῶν
457 2682 544 2716 εἶναι
574 2679 763 2717 δοκούντων
784 2680 1017 2732 Χριστιανῶν,
1047 2680 1105 2718 καὶ
1123 2675 1204 2725 τοὺς

177 2733 365 2775 λαλοῦντας
382 2731 439 2769 τὸν
468 2731 568 2782 λόγον
595 2736 654 2769 τοῦ
670 2733 762 2770 Θεοῦ
793 2732 1019 2782 μισηθέντας,
1046 2734 1205 2784 ὑπομνή-

180 2787 281 2829 σθητι
295 2787 354 2822 τοῦ
374 2784 503 2836 Κυρίου
523 2783 695 2827 εἰπόντος·
718 2786 762 2823 Εἰ
788 2788 806 2822 ὃ
822 2785 951 2835 κόσμος
977 2787 1067 2836 ὑμᾶς
1095 2793 1206 2836 μισεῖ,
1276 2786 1366 2833 beri,
1382 2784 1566 2822 recordare
1578 2783 1726 2821 Domini
1744 2782 1895 2820 dicentis
1916 2798 1923 2819 ι
1944 2782 1984 2820 Si
2003 2784 2168 2820 mundus
2189 2797 2260 2821 vos
2274 2793 2365 2819 men.
2411 2789 2458 2816 ι’..

179 2835 385 2886 γινώσκετε,
406 2836 456 2874 ὅτι
478 2836 540 2888 ἐμὲ
557 2840 693 2888 πρῶτον
721 2839 817 2888 ὑμῶν
847 2837 1051 2888 μεμίσηκεν.
1073 2841 1117 2877 Εἰ
1144 2838 1207 2889 ἐμὲ
1278 2839 1373 2883 odit,
1388 2840 1522 2875 scitote
1535 2839 1627 2888 quia
1638 2851 1697 2873 me
1707 2838 1873 2887 priorem
1887 2837 1998 2872 vobis
2011 2836 2257 2873 odiolzabuit.
2278 2831 2324 2860 ¹3·
2347 2838 2399 2859 2⁹·

181 2888 336 2936 ἐδίωξαν,
354 2889 412 2926 καὶ
429 2892 519 2940 ὑμᾶς
538 2889 728 2933 διώξουσιν.
750 2889 862 2928 ’Ὀταν
893 2890 968 2937 ἴδης
994 2890 1098 2935 λαοὺς
1128 2893 1206 2929 ἓπι-
1231 2906 1255 2935 1)
1278 2891 1318 2929 Si
1342 2905 1401 2927 me
1429 2891 1649 2942 persequuti
1677 2896 1781 2935 sunt,
1809 2897 1847 2926 et
1870 2901 1942 2925 vos
1970 2898 2258 2939 persequentur.

182 2941 431 2993 συντρέχοντας
449 2944 535 2996 πρὸς
557 2941 634 2985 τοὺς
653 2943 862 2994 μυθολόγους
892 2944 951 2980 καὶ
972 2944 1208 2996 φυλακτογροί-
1280 2944 1373 2981 Cum
1396 2935 1529 2981 videris
1556 2941 1707 2994 populos
1727 2941 1833 2979 simul
1858 2949 2080 2978 accurrentes
2100 2940 2143 2977 ad
2163 2941 2264 2977 fabu-

182 3009 264 3044 φους
276 3024 285 3041 ,
305 2995 363 3032 καὶ
379 2994 600 3046 γενεαλογίας
612 3025 622 3042 ,
638 2995 697 3033 καὶ
712 2996 875 3045 μαντείας
887 3026 896 3043 ,
912 2996 971 3033 καὶ
985 2997 1208 3041 διδασκαλίας
1281 2996 1420 3044 latores,
1439 3004 1474 3033 et
1494 2995 1659 3045 quaedam
1675 2994 1740 3031 scri
1756 3002 1805 3044 tta
1820 2992 2066 3040 custodientes,
2080 2993 2125 3030 ad
2140 3006 2264 3043 genea-

602 3047 611 3061 ‘
1281 3049 1411 3100 logias,
1430 3047 1712 3096 vaticinationes,
1734 3008 1913 3084 ‹ilbctrinas
1931 3045 2144 3092 daemonum,
2161 3054 2193 3082 ct
2211 3046 2263 3081 in-

182 3047 366 3097 δαιμόνων,
382 3047 440 3084 καὶ
455 3049 685 3101 ἐπερωτησεις
704 3049 910 3097 πνευμάτων
925 3050 1142 3099 ἀκαθάρτων,
1159 3049 1207 3099 μὴ

183 3099 395 3153 θρρυέηθῇς,
419 3100 507 3149 μηδὲ
534 3100 746 3150 καταπέσῃς.
766 3101 837 3139 Κᾶν
869 3103 907 3138 ἐκ
932 3104 999 3138 τῶν
1021 3102 1208 3140 δοκούντων
1282 3101 1534 3152 terrogationes
1565 3100 1759 3152 spirituum
1786 3097 2064 3143 immundorum,
2085 3111 2127 3133 nc
2146 3097 2264 3134 turbe-

1282 3154 1344 3199 ris,
1361 3168 1404 3191 ne
1421 3153 1595 3191 concidas.
1616 3152 1662 3190 Et
1678 3152 1707 3189 si
1730 3151 1903 3203 quosdam
1920 3149 2052 3189 videris
2071 3163 2115 3186 ex
2130 3149 2185 3197 iis,
2202 3149 2265 3199 qui

1283 3206 1452 3245 videntur
1476 3220 1549 3244 esse
1582 3214 1752 3257 pastores,
1789 3203 1873 3241 talia
1898 3202 2074 3247 facientes,
2111 3214 2153 3237 ne
2190 3201 2266 3237 ani-

1283 3274 1383 3297 mum
1403 3258 1632 3311 despondeas,
1653 3257 1715 3295 scd
1742 3257 1942 3307 lacrymans
1970 3251 2154 3290 recordare
2184 3268 2267 3304 apo-

1283 3312 1365 3350 stoli
1395 3312 1545 3349 dicentis
1566 3327 1573 3346 :
1594 3312 1643 3348 In
1677 3310 1893 3346 novissimis
1919 3307 2050 3342 diebus
2072 3306 2267 3343 discedent
2287 3323 2312 3342 1.
2339 3312 2455 3352 Timo}

1284 3366 1442 3417 quidam
1460 3364 1594 3417 aszde,
1608 3362 1847 3399 attendentes
1861 3359 2057 3410 spiritibus
2067 3361 2217 3404 erroris,
2235 3366 2270 3396 et
2289 3365 2312 3383 (-

1988 3419 2052 3454 47.

182 3156 270 3189 εἰναι
291 3151 465 3202 ποιμένων
483 3152 541 3190 ἐὰν
556 3152 632 3202 ἴδῃς
650 3157 762 3191 ταῦτα
782 3153 1022 3204 πράσσοντας,
1045 3153 1094 3204 μὴ
1124 3157 1210 3192 ἀπο-

181 3203 318 3256 γνώσῃς
333 3234 342 3251 ,
366 3205 455 3242 ἀλλὰ
476 3205 649 3256 δακρύσας
671 3205 915 3256 ὑπομνησθητι
933 3210 991 3243 τοῦ
1016 3207 1211 3246 ἀποστόλου

182 3255 364 3307 λέγοντος,
378 3257 430 3294 ὅτι
451 3258 512 3295 Ἐν
534 3256 687 3308 ὑστέροις
707 3264 839 3309 καιροῖς
849 3258 1107 3304 ἀποστήσονταί
1122 3275 1211 3304 τινες

184 3312 246 3354 τῆς
280 3309 452 3358 πίστεως,
483 3309 714 3362 προσέχοντες
751 3310 923 3361 πνεύμασι
963 3311 1120 3358 πλάνης,
1151 3313 1210 3351 καὶ

186 3361 425 3406 διδασκαλίαις
444 3362 616 3413 δαιμόνων
645 3363 863 3415 ἀκαθάρτων.
889 3363 958 3401 Καὶ
976 3364 1081 3403 πάλιν
1097 3365 1208 3417 λέγει·
