2481 3678
300 217 390 264 226
761 232 798 261 s.
837 230 1024 261 Jomms
1060 229 1303 259 cuRYsosr.

297 328 376 352 rum
391 313 497 351 etiam
512 326 570 351 eos
589 312 719 363 quibus
734 326 801 350 non
822 312 869 349 ita
888 312 1019 358 sidunt,
1038 325 1080 348 ne
1094 310 1280 362 quidpiam

296 374 507 426 praeteriisse
526 372 722 413 videantur.
746 372 932 422 Siquidem
951 372 1069 409 oblata
1087 372 1203 409 solum
1223 384 1280 408 oc-

297 435 435 473 casione
463 434 607 472 accessit
625 432 766 483 quando
803 432 902 470 venit
934 431 994 469 ille
1011 431 1048 468 in
1065 431 1279 470 Galilaeam:

298 496 399 546 quisi
417 494 610 533 admodum
630 493 685 531 illi
707 492 923 541 credidisset,
942 492 1018 530 filio
1048 492 1084 530 in
1117 492 1282 530 extremis

297 557 490 603 laborante,
526 569 594 592 non
624 554 835 605 neglexisset
879 553 914 590 in
954 551 1118 592 Judaeam
1153 553 1281 590 venire.

300 615 406 663 Quod
426 616 453 652 si
483 615 641 663 timebat,
670 627 780 663 neque
805 612 898 650 illud
927 612 1173 650 excusandum
1196 622 1280 650 erat.

300 675 509 713 Consideres
524 674 644 721 velim,
660 674 716 711 vel
733 673 810 724 ipsa
826 672 933 710 verba
952 681 1121 723 quantam
1135 673 1281 710 demon·
1309 674 1333 704 Ε

299 745 408 774 strent
426 736 496 774 viri
508 735 762 772 infirmitatem.
778 734 870 770 Cum
884 733 1096 785 oportuisset
1124 733 1230 783 enim,
1255 733 1285 771 si

300 810 368 833 nou
382 795 495 848 prius,
510 795 634 833 saltem
648 803 728 846 post
748 792 997 845 reprehensam
1010 793 1119 830 animi
1135 793 1190 831 sui
1207 807 1286 831 sen-

300 856 458 905 tentiam,
478 870 648 907 magnum
675 853 862 906 quidpiam
888 853 932 891 de
948 853 1087 891 Christo
1116 853 1282 905 cogitare,

299 916 380 954 audi
399 914 575 967 quomodo
589 914 708 952 adhuc
725 914 825 951 humi
844 922 973 966 serpat.
991 914 1052 950 49.
1068 914 1282 961 Descende,

299 977 429 1027 inquit,
450 979 676 1028 priusquam
703 979 891 1013 moriatur
900 974 1016 1027 filius
1044 987 1162 1020 meus,
1185 974 1285 1024 quasi

300 1051 369 1075 non
390 1046 504 1089 posset
531 1045 711 1073 mortuum
742 1035 926 1082 suscitare,
948 1044 981 1071 et
1004 1033 1104 1084 quasi
1120 1047 1188 1070 non
1208 1047 1285 1071 nos-

1346 229 1550 259 ARCfflEP.

1591 228 1954 259 CONSTANTMNOP.

1355 310 1494 361 εφιλίας
1514 313 1552 349 οὐ
1569 310 1671 361 μόνον
1683 305 1730 354 οἷς
1741 314 1925 363 θαρροῦσιν
1938 314 2066 364 ἰατροῖς
2086 311 2277 362 προσιέναι,
2288 312 2379 352 ἀλλὰ

1356 370 1414 408 καὶ
1434 365 1481 414 οἷς
1506 370 1554 421 μὴ
1576 373 1739 422 θαῤῥουσι
1765 372 1999 423 διαλέγεσθαι,
2021 386 2091 421 μηο
2078 372 2128 409 ὲν
2147 372 2234 415 ὅλως
2264 389 2383 425 παρα-

1354 433 1466 469 λιπεῖν
1501 432 1716 482 βουλόμενοι.
1742 431 1846 470 Ἐπεὶ
1873 433 1925 471 ὅτι
1956 435 1994 471 ἐκ
2025 433 2199 485 παρέργου
2227 436 2384 485 προσηλ-

1355 495 1454 537 θεν,
1441 492 1498 531 ότε
1517 487 1620 539 ἠλθεν
1641 495 1688 536 εἷς
1719 492 1781 540 τὴν
1802 493 2009 541 Γαλιλαίαν,
2029 494 2106 532 τότε
2141 494 2240 532 αὐτὸν
2275 488 2382 532 εἶδεν

1355 555 1401 597 ὡς
1422 554 1452 591 εί
1469 570 1507 605 γε
1524 558 1564 601 ἠν
1581 554 1712 606 σφόδρα
1732 556 1824 605 αὐτῷ
1844 555 2102 601 πεπιστευκὼς,
2130 557 2190 593 οὐκ
2212 555 2250 593 ἂν
2271 554 2384 603 ὤκνη-

1356 629 1414 662 σε,
1431 619 1490 652 vot
1518 616 1639 658 παιδὸς
1660 615 1844 665 μέλλοντος
1864 616 2039 667 τελευτᾷν,
2057 618 2104 659 εἷς
2131 615 2194 663 τὴν
2212 615 2383 654 Ἰουδαίαν

1356 675 1477 714 ἐλθεῖν.
1491 677 1535 714 Εἰ
1557 676 1592 714 δὲ
1612 675 1791 723 ἐδεδοίκει,
1809 675 1884 714 οὐδὲ
1907 678 2008 714 τοῦτο
2027 676 2179 714 ἀνεκτόν.
2192 674 2288 727 ςὈρα
2304 681 2384 727 γοῦν

1356 736 1416 773 καὶ
1436 736 1522 774 αὐτὰ
1546 737 1590 775 τὰ
1611 737 1752 789 ῥήματα
1771 739 1845 779 πῶς
1865 736 2023 788 ἐμφαίνει
2047 736 2109 783 τὴν
2131 736 2307 776 ἀσθένειαν
2324 740 2383 774 τοῦ

1358 796 1491 848 ἀνδρός.
1514 797 1599 836 Δέον
1623 797 1690 850 γὰρ
1714 800 1742 835 εἰ
1758 797 1817 835 καὶ
1832 796 1880 848 μὴ
1900 796 2080 851 πρότερον,
2101 799 2175 835 ἀλλ’
2190 797 2283 847 ὅμως
2297 797 2384 848 μετὰ

1356 855 1395 893 τὸ
1414 857 1476 904 τὴν
1496 858 1648 896 διάνοιαν
1680 857 1835 910 ἐλέγξαι,
1857 858 1947 909 μέγα
1978 875 2012 896 τι
2041 861 2279 910 φαντασθῆναι
2304 857 2384 911 περὶ

1357 919 1482 966 αὐτοῦ,
1502 919 1646 957 ἄκουσον
1675 921 1749 962 πῶς
1776 919 1826 956 ἔτι
1856 919 1970 971 χαμαὶ
2005 919 2158 972 σύρεται.
2198 919 2383 965 Κατάὸηθι

1356 977 1444 1030 γὰρ,
1462 979 1565 1031 φησὶ,
1582 980 1665 1033 πρὶν
1693 979 1715 1025 ἢ
1736 982 1918 1017 ἀποθανεῖν
1938 980 1976 1018 τὸ
1998 980 2135 1018 παιδίον
2165 997 2229 1032 μου
2243 996 2250 1004 ·
2278 983 2324 1023 ὡς
2343 982 2382 1018 οὗ

1358 1039 1546 1089 δυναμένου
1575 1039 1663 1091 μετὰ
1699 1040 1756 1078 τὸν
1789 1040 1933 1079 θάνατον
1959 1041 2059 1079 αὐτὸν
2082 1044 2295 1089 ἀναστῆσαι,
2323 1041 2382 1079 καὶ

300 1107 351 1135 set
375 1112 445 1147 quo
471 1106 562 1134 statu
587 1110 674 1147 puer
692 1105 791 1133 esset.
812 1094 896 1132 Ideo
927 1095 1030 1131 illum
1058 1093 1231 1144 coarguit,
1252 1103 1286 1131 et
1299 1100 1403 1152 205‘5'3
1419 1100 1481 1136 οὐκ
1500 1099 1627 1144 εἰδότος
1648 1095 1703 1138 οἶα
1720 1100 1765 1139 τὰ
1786 1106 1844 1139 τοῦ
1869 1101 2007 1140 παιδίου
2026 1101 2218 1155 πράγματα
2245 1101 2382 1149 ἕστηκε,

300 1158 550 1196 conscientiam
581 1156 799 1208 perstringit,
822 1155 1006 1193 ostendens
1033 1154 1133 1205 signa
1159 1154 1285 1192 animae

300 1232 403 1255 causa
429 1218 585 1255 maxime
609 1216 679 1253 edi.
697 1216 765 1253 Hic
788 1215 884 1253 enim
908 1229 978 1252 non
1002 1214 1120 1251 minus
1150 1222 1287 1265 patrem

299 1279 417 1316 animo
438 1279 660 1315 laborantem
686 1286 799 1327 curat,
828 1290 936 1327 quam
959 1275 1094 1324 filium3
1121 1283 1162 1311 ut
1186 1275 1288 1312 nobis

300 1339 462 1387 suadeat,
482 1352 550 1376 non
574 1347 648 1376 tam
671 1337 795 1389 signis,
819 1350 925 1387 quam
945 1335 1116 1373 doctrinae
1141 1335 1217 1387 ejus
1236 1344 1288 1372 at-

129 1412 215 1446 Signa
229 1419 286 1437 non
301 1399 517 1438 tendendum
537 1413 620 1437 esse.
642 1399 750 1450 Signa
779 1398 912 1449 quippe
931 1411 1000 1434 non
1019 1396 1199 1447 fidelibus,
1226 1395 1288 1433 sed

99 1452 234 1479 fidffil'm
248 1472 271 1498 ¹.
304 1461 510 1500 infidelibus
529 1470 562 1498 et
581 1460 812 1498 crassioribus
830 1467 954 1511 parata
974 1466 1066 1496 sunt.

99 1492 290 1519 scdiufideh-

100 1534 154 1560 bus
170 1534 286 1561 dantur.

355 1595 391 1631 5.
440 1595 545 1631 Tunc
563 1593 623 1631 illc
654 1601 798 1630 moestus
829 1605 900 1629 non
927 1590 1083 1628 multum
1101 1589 1205 1626 dictis
1234 1597 1286 1626 at-

302 1655 479 1705 tendebat,
497 1655 565 1693 nisi
585 1654 629 1692 iis
649 1668 727 1704 quae
744 1653 789 1691 ad
808 1652 925 1690 filium
944 1650 1159 1703 spectabant.
1184 1650 1285 1687 Post·

302 1733 342 1756 ea
358 1731 441 1757 vero
469 1717 531 1754 illa
559 1716 594 1754 in
628 1709 781 1753 mentem
809 1723 1038 1753 revocaturus
1056 1720 1144 1761 erat,
1182 1720 1286 1762 atque

301 1782 386 1819 hinc
414 1794 584 1832 magnum
618 1787 899 1829 consequuturus
922 1777 1063 1814 lucrum
1087 1791 1095 1812 ε
1121 1773 1219 1825 quod
1253 1782 1286 1811 et

300 1844 438 1883 evenit.
459 1845 532 1882 Cur
561 1851 681 1881 autem
707 1841 871 1879 Christus
901 1838 1099 1877 centurioni
1128 1852 1164 1875 se
1192 1838 1286 1874 ultro

300 1905 430 1942 obtulit
463 1905 597 1942 iturum
623 1919 630 1940 :

300 1965 395 2012 Quia
415 1965 467 2002 ibi
498 1964 586 2002 fides
613 1964 766 2016 perfecta
784 1971 869 2000 erat.
909 1960 994 1998 Ideo
1014 1974 1050 1998 se
1069 1960 1204 1997 iturum
1223 1959 1288 1996 ob-

301 2026 397 2075 tulit,
418 2035 456 2063 ut
476 2025 545 2064 viri
567 2023 780 2076 probitatem
805 2022 1040 2060 edisceremus
1061 2036 1069 2056 ε
1090 2029 1125 2057 at
1143 2020 1287 2071 regulus

301 2088 418 2125 adhuc
437 2087 663 2139 imperfectus
691 2094 778 2123 erat.
798 2084 893 2132 Quia
917 2097 999 2135 ergo
1025 2081 1220 2120 admodum
1239 2081 1288 2119 in-

302 2152 416 2189 stabat
442 2142 578 2200 dicens,
607 2149 821 2198 Descende,
839 2146 991 2184 necdum
1016 2145 1147 2184 sciebat
1171 2145 1288 2197 ipsum

301 2213 359 2251 vel
387 2213 566 2250 absentem
595 2224 696 2263 posse
720 2223 859 2256 sanare3
881 2207 919 2245 id
938 2222 973 2245 se
998 2221 1099 2260 posse
1118 2206 1287 2255 ostendit5

302 2283 340 2310 ut
355 2287 461 2324 quam
475 2287 541 2325 per
558 2286 592 2310 se
607 2271 763 2309 centurio
777 2269 939 2308 notitiam
953 2269 1122 2317 habebat,
1139 2282 1216 2305 eam
1235 2282 1289 2306 re-

303 2334 408 2384 gulus
433 2348 501 2372 non
521 2332 705 2371 accedente
729 2333 812 2371 Jesu
833 2330 1039 2381 acquireret.
1061 2330 1153 2367 Cum
1174 2330 1290 2379 itaque

302 2397 404 2447 dicit,
423 2399 512 2435 Nisi
531 2399 642 2448 signa
661 2404 698 2433 et
715 2395 894 2446 prodigia
908 2395 1099 2440 videritis,
1125 2407 1202 2429 non
1213 2406 1291 2430 cre-

303 2459 408 2504 ditis,
428 2458 495 2495 hoe
518 2456 707 2508 signifieat,
731 2454 937 2506 congruenti
963 2453 1034 2491 fide
1058 2453 1219 2491 nondum
1240 2452 1291 2490 in-

305 2518 429 2556 structi
448 2517 546 2567 estis;
567 2516 626 2555 sed
647 2516 764 2554 adhuc
780 2530 836 2553 me
851 2525 890 2553 ut
910 2515 1121 2567 prophetam
1139 2514 1290 2551 habetis.

306 2582 396 2628 Quis
426 2595 508 2631 ergo
539 2581 613 2632 ipse
640 2581 685 2618 sit
714 2580 887 2628 revelans,
912 2588 946 2616 et
977 2577 1162 2616 ostendens
1187 2577 1293 2615 etiam

307 2641 381 2678 sine
410 2640 591 2677 miraculis
615 2639 683 2677 sibi
714 2638 931 2676 eredendum
956 2651 1044 2687 esse,
1063 2635 1186 2674 eadem
1216 2637 1292 2688 ipsa

308 2715 387 2752 quae
416 2701 584 2752 Philippo
610 2700 704 2737 dixit
726 2716 735 2737 ε
758 2701 849 2737 Non
876 2699 998 2736 credis
1034 2700 1128 2750 quia
1157 2711 1224 2749 ego
1252 2699 1294 2734 in

310 2764 444 2810 Patre,
463 2770 497 2798 et
514 2762 634 2798 Pater
653 2764 694 2797 in
711 2773 767 2798 me
783 2764 863 2798 est?
884 2761 973 2798 Etsi
989 2760 1084 2796 mihi
1106 2772 1185 2795 non
1204 2758 1294 2796 vul-

310 2825 357 2860 tis
370 2823 534 2868 credere,
551 2823 722 2872 operibus
736 2822 890 2858 credite.
914 2821 944 2858 J
943 2834 1007 2857 am
1021 2827 1150 2857 autem
1161 2833 1205 2856 eo
1231 2820 1295 2856 de-

309 2884 534 2928 scendente,
556 2884 655 2919 servi
673 2889 917 2919 occurrerunt
938 2883 973 2918 ei
990 2881 1178 2926 dicentes,
1201 2882 1296 2932 quia

298 2945 414 2996 filius
434 2946 515 2995 ejus
536 2944 696 2979 viveret.
724 2941 786 2978 52
814 2942 1084 2992 Interrogabat
1114 2953 1201 2991 ergo
1228 2941 1295 2977 ho-

310 3021 396 3044 ram
417 3008 466 3043 ab
486 3007 553 3051 eis,
576 3007 617 3041 in
639 3017 716 3055 qua
742 3003 877 3040 melius
900 3004 1092 3040 habuerit.
1117 3004 1170 3039 Et
1189 3003 1295 3039 dixe—

310 3076 401 3105 runt
421 3069 469 3113 ei,
493 3067 593 3116 Quia,
618 3066 700 3101 heri
726 3065 822 3101 hora
847 3066 1008 3114 septima
1032 3064 1187 3114 reliquit
1209 3077 1296 3100 eum

306 3133 441 3182 febris.
461 3130 524 3168 55.
545 3129 731 3180 Cognovit
750 3140 836 3178 ergo
851 3134 973 3177 pater,
991 3128 1083 3177 quia
1104 3126 1177 3164 illa
1196 3127 1294 3164 hora

107 2711 198 2737 Joan.
216 2708 261 2745 [4.

111 2759 158 2779 10.

356 3274 368 3288 ⁰
387 3264 506 3295 Movet.
526 3267 757 3307 φιλανθρωπίας.

357 3318 366 3327 ‘
383 3318 584 3357 [καθάπτεται
594 3315 681 3348 Savit
709 3322 741 3347 et
753 3313 862 3350 Codd.
874 3313 977 3346 nostri
989 3340 996 3353 ‚
1013 3320 1111 3346 recte.
1128 3313 1229 3347 Paulo
1245 3322 1321 3346 ante

316 3367 371 3400 i'nl,
392 3374 417 3401 ἐν
435 3371 474 3405 οἷς
490 3374 528 3402 τὰ
541 3374 594 3402 τοῦ
612 3366 662 3410 rw]

652 1903 712 1940 hic
734 1911 851 1940 autem
876 1915 919 1939 ne
945 1909 1091 1951 rogatus
1118 1898 1287 1950 quidem?
1314 1901 1336 1930 B

1312 1165 1338 1194 A
1357 1159 1425 1195 Διὰ
1443 1164 1543 1197 τοῦτο
1557 1161 1658 1198 αὐτὸν
1677 1161 1812 1212 ἐλέγχει
1828 1162 1957 1200 καὶτου
1971 1162 2162 1206 συνειδότος
2171 1162 2381 1201 *καθάπτευ

1335 1240 1337 1242 ·
1358 1219 1533 1262 δεικνυς“’
1512 1236 1564 1257 οτι
1583 1220 1628 1258 τὰ
1648 1227 1775 1270 σημεῖα
1791 1222 2060 1273 προηγουμένως
2089 1239 2152 1268 της
2170 1225 2319 1274 ψυχῆς’
2308 1223 2382 1261 ε’νε-

1356 1295 1415 1317 κεν
1439 1279 1583 1331 ἐγένετο.
1602 1280 1775 1320 Ἐνταῦθα
1805 1281 1872 1334 γὰρ
1892 1297 1929 1318 ου
1933 1298 1958 1332 Α
1975 1286 2076 1328 ἧττον
2097 1287 2156 1321 τοῦ
2183 1284 2304 1327 παιδὸς
2324 1283 2382 1320 τὸν

1357 1340 1493 1392 πατέρα
1513 1343 1718 1380 ἀσθενουντα
1737 1341 1817 1394 περὶ
1840 1341 1903 1388 τὴν
1925 1341 2075 1381 διάνοιαν
2093 1343 2292 1396 θεραπεύει,
2308 1343 2384 1382 πεί-

1359 1405 1424 1439 θων
1457 1406 1552 1452 ἡμᾶς
1584 1402 1632 1453 μὴ
1663 1403 1731 1441 ἀπὸ
1759 1402 1926 1453 σημείων,
1954 1403 2044 1458 ἀλλὰ
2068 1404 2137 1443 ἀπὸ
2159 1404 2384 1448 διδασκαλίας

1357 1462 1542 1515 προσέχειν
1560 1466 1664 1516 αὐτῷ.
1684 1463 1740 1502 Τὰ
1759 1470 1887 1514 σημεῖα
1902 1465 1968 1516 γὰρ
1983 1466 2020 1502 οὐ
2036 1471 2106 1509 τοῖς
2120 1471 2274 1516 πιστοῖς,
2295 1465 2384 1504 ἀλλὰ

1356 1529 1425 1566 τοῖς
1451 1523 1609 1569 ἀπίστοις
1638 1525 1697 1563 καὶ
1715 1525 1934 1576 παχυτέροις.

1411 1584 1501 1623 Τότε
1532 1585 1594 1636 μὲν
1618 1579 1675 1623 οῧν
1704 1584 1771 1623 ὑπὸ
1785 1590 1844 1623 τοῦ
1863 1585 1993 1629 πάθους
2013 1587 2051 1623 οὖ
2070 1585 2201 1639 σφόδρα
2219 1591 2384 1638 προσεῖχε

1355 1651 1425 1688 τοῖς
1441 1650 1455 1666 ³
1465 1647 1679 1698 λεγομένοις,
1693 1646 1716 1692 ἢ
1729 1646 1843 1697 μόνοις
1853 1653 1923 1690 τοῖς
1937 1646 2018 1699 περὶ
2031 1650 2090 1684 τοῦ
2101 1646 2238 1690 παιδός.
2255 1646 2386 1684 “Yme-

1358 1723 1412 1759 ρον
1428 1707 1463 1745 δὲ
1476 1707 1608 1758 ἤμελλε
1620 1708 1659 1746 τὸ
1671 1707 1790 1759 λεχθὲν
1813 1708 2085 1757 ἀναλαμὸάνειν,
2100 1708 2160 1746 καὶ
2175 1707 2219 1746 τὰ
2236 1707 2385 1758 μέγιστα

1357 1771 1506 1807 ἐντεῦθεν
1527 1768 1737 1821 κερδαίνειν·
1760 1768 1777 1807 δ
1798 1768 1838 1815 δὴ
1861 1768 1920 1806 καὶ
1948 1768 2097 1820 γέγονεν.
2118 1768 2165 1806 Τί
2185 1768 2315 1815 δήποτε
2348 1768 2384 1806 δὲ

1358 1829 1414 1868 ἐπὶ
1436 1829 1496 1880 μὲν
1531 1834 1590 1868 τοῦ
1618 1829 1873 1882 ἑκατοντάρχου
1904 1829 2178 1880 αὐτεπάγγελτος
2213 1829 2384 1882 ὑπέσχετο

1358 1890 1627 1942 παραγίνεσθαι·
1646 1893 1792 1929 ἐνταῦθα
1821 1889 1857 1928 δὲ
1885 1889 1960 1929 οὐδὲ
1982 1889 2193 1941 καλούμενος
2226 1890 2383 1938 ἅπεισινς

1358 1949 1444 1989 εὈτι
1469 1953 1539 1990 ἐκεῖ
1563 1951 1624 2003 μὲν
1643 1954 1665 1998 ἦ
1687 1950 1804 1995 πίστις
1824 1951 2029 2004 ἀπήρτιστο.
2057 1951 2119 1989 Διὸ
2135 1951 2194 1989 καὶ
2214 1950 2385 2003 ὑπέσχετο

1360 2011 1520 2060 ἀπιέναι,
1537 2011 1594 2050 ἵνα
1614 2011 1778 2064 μάθωμεν
1798 2017 1857 2050 τοῦ
1874 2011 1994 2065 ἀνδρὸς
2019 2011 2082 2059 τὴν
2105 2012 2383 2064 εὐγνωμοσύνην·

1360 2076 1506 2112 ἐνταῦθα
1529 2073 1564 2112 δὲ
1583 2073 1636 2111 ὅτι
1662 2068 1757 2117 οἶτος
1790 2071 1914 2119 ἀτελὴς
1941 2067 1996 2120 ἦν.
2013 2072 2116 2111 Ἐπεὶ
2143 2067 2201 2111 οῧν
2228 2072 2298 2111 ἄνω
2325 2072 2385 2112 καὶ

1361 2133 1457 2172 κάτω
1478 2133 1619 2186 ἤπειγεν
1640 2134 1739 2172 αὐτὸν
1754 2134 1879 2185 λέγων,
1896 2133 2081 2179 Κατάὸηθι
2096 2164 2106 2182 ,
2120 2133 2179 2171 καὶ
2194 2132 2290 2171 οὔπω
2305 2133 2382 2185 ᾔδει

1362 2198 1479 2246 σαφῶς
1500 2194 1553 2232 ὅτι
1572 2195 1631 2233 καὶ
1663 2194 1760 2233 ἀπὼν
1790 2194 1932 2231 δύναται
1957 2197 2187 2247 θεραπεῦσαι,
2215 2194 2386 2234 δείκνυσιν

1361 2256 1413 2293 ὅτι
1428 2255 1487 2294 καὶ
1505 2259 1605 2294 τοῦτο
1626 2255 1764 2293 δυνατὸν
1783 2258 1892 2306 αὐτῷ,
1909 2254 1951 2292 ἵν’
1968 2253 2052 2309 ὅπερ
2066 2255 2196 2293 οἴκοθεν
2211 2258 2229 2292 ὁ
2246 2255 2387 2294 ἑκατόν-

1360 2333 1487 2369 ταρχος
1505 2317 1603 2368 ἔσχε,
1623 2319 1723 2354 τοῦτο
1742 2309 1837 2359 οὗτος
1854 2318 1892 2353 ἐκ
1907 2320 1966 2353 τοῦ
1983 2315 2031 2365 μὴ
2052 2315 2308 2368 παραγενέσθαι
2329 2316 2386 2354 τὸν

1362 2380 1495 2425 Ἰησοῦν
1531 2377 1637 2429 μάθῃ.
1656 2375 1770 2414 ζΌταν
1791 2370 1845 2413 οὖν
1867 2375 1967 2427 εἴπῃ,
1989 2375 2073 2413 Ἐὰν
2105 2375 2152 2425 μὴ
2173 2382 2302 2426 σημεῖα
2328 2376 2388 2415 καὶ

1361 2439 1490 2491 τέρατα
1510 2438 1622 2485 ἴδητε,
1652 2453 1688 2475 ου
1710 2436 1758 2488 μὴ
1777 2435 2000 2483 πιστεύσητε,
2021 2451 2121 2474 τουτο
2134 2436 2243 2487 λέγει·
2258 2436 2310 2474 ὅτι
2325 2437 2387 2484 τὴν

1361 2499 1604 2552 προσήκουσαν
1619 2497 1735 2536 πίστιν
1756 2497 1888 2536 ουδέπω
1903 2496 1998 2548 ἔχετε
2010 2526 2033 2546 ².
2043 2496 2154 2534 ἀλλ”’
2137 2513 2187 2534 ετι
2201 2498 2276 2540 ὡς*
2281 2498 2389 2550 *περὶ

1362 2560 1539 2613 προφήτου
1555 2560 1738 2598 διάκεισθε.
1754 2557 2004 2596 ἰΕκκαλύπτων
2026 2560 2082 2595 οὖν
2099 2558 2231 2606 ἑαυτὸν,
2247 2558 2307 2596 καὶ
2321 2559 2388 2597 δει-

1364 2637 1444 2664 κνυς
1458 2619 1510 2658 ὅτι
1530 2637 1590 2658 και
1613 2635 1722 2672 χωρις
1741 2617 1893 2668 σημείων
1923 2617 1990 2655 ἔδει
2020 2621 2245 2664 πιστευΟηναι
2275 2619 2388 2667 αὐτον,

1365 2682 1479 2733 ἔλεγεν
1501 2682 1590 2734 ἅπερ
1619 2680 1679 2719 καὶ
1701 2682 1751 2731 τῷ
1779 2678 1951 2730 Φιλίππῳ
1971 2678 2094 2729 φησίν·
2123 2679 2308 2723 Πιστεύεις
2336 2679 2389 2717 ὅτι

1366 2741 1435 2793 ἐγὼ
1457 2745 1490 2781 ἐν
1510 2745 1560 2794 τῷ
1577 2739 1711 2793 Πατρὶ,
1733 2739 1792 2781 καὶ
1811 2742 1828 2777 ὁ
1850 2738 1976 2790 Πατὴρ
1999 2741 2032 2776 ἐν
2055 2739 2152 2789 ἐμοί,
2178 2741 2222 2776 Εἰ
2249 2740 2283 2776 δὲ
2322 2739 2389 2790 μὴ,

1367 2802 1424 2841 διὰ
1443 2802 1486 2841 τὰ
1498 2802 1581 2855 ἔργα
1597 2800 1775 2840 πιστεύετέ
1796 2815 1867 2850 μοι.
1885 2798 1978 2845 ’Ήδη
2015 2799 2050 2837 δὲ
2080 2800 2183 2837 αὐτοῦ
2213 2799 2389 2838 >cataoni—

1366 2879 1500 2912 νοντος,
1521 2862 1723 2909 ἀπήντησαν
1746 2863 1776 2898 οἱ
1805 2861 1916 2898 δοῦλοι
1947 2860 2050 2897 αὐτοῦ
2087 2859 2259 2911 λέγοντες,
2287 2861 2341 2900 ὅτι
2373 2864 2391 2899 ὁ

1366 2930 1449 2968 παῖς
1468 2939 1527 2961 σου
1553 2925 1606 2971 ζῇ.
1624 2920 1857 2960 Ἐπυνθάνετο
1890 2914 1945 2957 οὖν
1977 2921 2059 2973 παρ’
2082 2923 2192 2958 αὐτῶν
2212 2920 2274 2968 τὴν
2298 2921 2391 2974 ὥραν

1368 2994 1401 3030 ἐν
1421 2985 1444 3042 ᾗ
1463 2987 1677 3041 κομψότερον
1713 2987 1828 3038 ἔσχεν.
1864 2986 1933 3024 Καὶ
1955 2979 2049 3024 εἶπον
2081 2988 2194 3039 αὐτῷ·
2225 2987 2278 3024 ὅτι
2310 2986 2392 3038 χθὲς

1367 3057 1460 3110 ὥραν
1478 3054 1628 3106 ἑὸδόμην
1652 3057 1782 3106 ἀφῆκεν
1813 3053 1913 3091 αὐτὸν
1936 3056 1953 3090 ὁ
1978 3053 2135 3106 πυρετός,
2154 3052 2273 3104 ’Ἔγνω
2301 3047 2358 3091 οῧν
2374 3056 2392 3091 ὁ

1368 3123 1487 3177 πατὴρ
1507 3122 1559 3161 ὅτι
1579 3121 1690 3172 ἐκείνῃ
1716 3124 1757 3172 τῇ
1787 3120 1861 3173 ὥρᾳ
1873 3151 1882 3168 ,
1898 3123 1931 3159 ἓν
1950 3115 1973 3172 ’ᾗ
1993 3113 2086 3158 εἶπεν
2112 3123 2204 3174 αὐτῷ
2223 3123 2240 3159 ὃ
2259 3120 2392 3168 Ἰησοῦς

1429 3271 1443 3286 a
1464 3259 1577 3292 Morel.
1607 3262 1792 3301 λεγομένοις,
1817 3262 1884 3301 περὶ
1909 3262 1961 3291 τοῦ
1980 3260 2080 3294 παιδὸς
2098 3259 2128 3290 δὲ
2153 3263 2212 3294 τοῖς
2234 3263 2392 3299 γινομένοις

1387 3320 1498 3357 μόνοις-

1433 3364 1467 3381 **
1490 3368 1730 3407 περὶπροφήτου,
1749 3359 1865 3392 melius
1879 3358 2010 3392 dicatur
2030 3364 2097 3406 περὶ
2113 3366 2277 3404 προφήτην.
