2481 3678
91 2513 183 2541 Joan.
206 2520 255 2541 20.

93 2564 143 2594 29.

103 3250 193 3278 Psal.
217 3247 266 3279 32.

108 3292 156 3320 15.

281 202 369 249 158

711 212 748 243 S.
789 209 974 242 JOANNIS
1013 204 1256 238 cImYSOST.

1298 204 1502 241 ARCHIEP.
1540 201 1900 233 CONSTANTINOP-

274 310 482 352 pauperum.
514 294 626 345 Illud,
655 295 815 345 inquam,
838 292 924 329 binc
952 288 1092 328 abunde
1112 286 1256 338 colliga-
1326 284 1460 336 ἀγαθὰ,
1480 287 1542 330 τῆς
1561 282 1795 334 ἐλεημοσύνης
1814 282 1922 335 χωρὶς
1936 281 2099 327 ἐπιὸἦναι
2112 280 2180 318 τῶν
2195 282 2256 327 τ’ἧς
2280 283 2344 331 βα-

275 374 369 409 mus,
390 359 420 396 si
437 357 591 396 velimus
614 369 696 394 eum
716 366 842 407 sponso
863 350 1002 403 ingredi
1021 365 1029 386 z
1049 349 1103 388 sin
1122 348 1254 395 minus,
1270 344 1456 401 137σιλείας
1470 343 1661 397 προθόρων.
1681 343 1745 381 Διὸ
1764 342 1852 394 μετὰ
1870 344 2002 388 πολλῆς
2021 340 2149 387 ταύτην
2169 339 2346 384 ἐπιδειξώ-

274 429 373 458 extra
397 419 596 457 thalamum
614 414 807 454 necessario
826 412 1062 451 manebimus.
1088 407 1259 461 Impossi-
1282 413 1307 442 Λ
1329 409 1414 456 μεθα
1430 409 1491 452 τῆς
1511 403 1710 456 δαψιλείας,
1733 402 1823 441 ὥστε
1840 404 2035 441 ἀπολαῦσαι
2054 405 2122 439 τῶν
2140 401 2345 453 ἀπορρήτων

274 481 348 519 bilc
361 480 469 529 enim,
490 477 721 531 impossibile,
743 476 900 526 inquam,
916 482 981 523 est,
1004 471 1142 510 etiamsi
1164 468 1261 507 mille

275 543 368 581 bona
390 541 537 579 edamus
557 553 676 592 opera,
702 538 777 576 sine
797 536 1020 586 eleemosyna
1044 532 1090 571 ad
1103 531 1200 583 regni
1217 529 1261 567 li-

277 604 375 641 mina
391 600 541 653 ingredi.
562 599 648 637 Ideo
668 598 768 636 illam
785 595 982 635 admodum
997 593 1190 632 liberaliter
1200 605 1261 629 ex-

276 664 486 711 hibeamus,
514 669 553 698 ut
585 658 828 697 ineffabilibus
858 657 1020 694 fruamur
1040 653 1158 701 bonis,
1185 666 1263 703 quae

277 724 415 761 utinam
431 736 493 760 nos
504 734 625 759 omnes
643 731 909 769 consequamur,
922 716 1035 768 gratia
1053 724 1087 753 ct
1099 713 1262 765 benigni-

278 794 348 822 tate
364 782 509 821 Domini
526 780 637 820 nostri
652 783 735 821 Jesu
756 778 906 829 Christi,
931 777 989 815 cui
1007 775 1119 827 gloria
1137 783 1171 812 et
1193 775 1262 812 im—

278 844 418 896 perium
446 843 591 894 ubique,
612 855 706 879 nunc
729 849 763 879 et
781 853 932 891 semper,
952 846 986 876 et
1005 838 1041 875 in
1061 834 1188 875 saecula
1201 848 1263 872 sae-

279 906 451 944 culorum.
473 905 597 941 Amen.

1328 469 1485 518 ἀγαθῶν,
1517 469 1563 504 ὧν
1583 464 1715 518 γένοιτο
1738 463 1871 507 πάντας
1893 467 1987 515 ἡμᾶς
2019 465 2206 514 ἐπιτυχεῖν,
2228 462 2348 514 χάριτι

1326 527 1386 565 καὶ
1402 525 1645 579 φιλανθρωπίᾳ
1657 528 1717 563 τοῦ
1732 523 1859 576 Κυρίου
1874 527 1974 574 ἡμῶν
1991 524 2105 571 Ἰησοῦ
2126 524 2277 576 Χριστοῦ
2289 552 2298 569 ,
2320 515 2348 573 ᾧ

1327 592 1349 635 ἡ
1367 587 1448 633 δόξα
1463 588 1522 627 καὶ
1536 587 1575 626 τὸ
1590 586 1715 639 κράτος
1729 585 1877 623 πάντοτε
1887 614 1897 631 ,
1912 583 1971 622 καὶ
1986 589 2042 624 νῦν
2059 584 2120 622 καὶ
2136 583 2210 631 ἀεὶ,
2226 581 2285 620 καὶ
2302 583 2349 624 εἷς

1327 648 1406 693 τοὺς
1425 651 1552 692 αἰῶνας
1571 648 1640 686 τῶν
1661 645 1807 685 αἰώνων.
1825 644 1945 696 Ἀμήν.

308 1029 2333 1059 W

581 1157 791 1196 HOMILIA
821 1152 961 1193 XXIV.

275 1284 340 1323 25.
371 1279 470 1321 'Cum
498 1289 628 1319 autem
653 1285 748 1316 esset
769 1275 1028 1324 Jerosolymis
1053 1275 1094 1310 in
1110 1273 1266 1311 Pascha

357 1347 398 1381 in
416 1344 604 1395 diefestO,
630 1340 743 1378 multi
763 1337 1008 1377 crediderunt
1026 1337 1068 1372 in
1083 1347 1182 1372 eum.

331 1470 367 1505 t.
397 1467 503 1504 Tunc
531 1479 576 1503 ex
606 1461 813 1502 hominibus
845 1460 919 1498 illis
951 1457 1013 1496 alii
1040 1456 1186 1509 quidem
1228 1455 1264 1494 in

278 1542 394 1568 errore
414 1526 634 1580 perstabant,
650 1523 711 1562 alii
735 1522 921 1563 veritatem
952 1518 1265 1571 amplexabantur;

278 1604 403 1630 verum
419 1603 464 1627 ex
478 1587 536 1625 his
556 1585 717 1624 nonnulli
735 1583 835 1622 brevi
849 1591 988 1620 tantum
1010 1578 1207 1618 retinebant
1220 1578 1267 1615 il·-

278 1653 372 1699 lam,
392 1660 426 1689 et
447 1649 494 1687 ab
515 1663 554 1687 ea
575 1647 720 1685 demum
750 1643 971 1682 excidebant.
1001 1641 1074 1679 Hos
1103 1639 1267 1678 Christus

280 1710 534 1759 subindicavit,
552 1707 694 1759 quando
707 1706 801 1758 ipsos
816 1703 1011 1742 seminibus
1028 1700 1264 1753 comparavit,

280 1787 357 1826 quae
378 1786 447 1811 non
472 1769 665 1823 profundas
689 1767 866 1805 mitterent
886 1763 1037 1812 radices,
1060 1761 1120 1800 sed
1150 1775 1207 1799 eas
1229 1761 1266 1798 in

281 1833 466 1887 superficie
485 1841 586 1870 terrae
613 1836 800 1882 ponerent,
819 1839 907 1876 quos
929 1824 997 1863 cito
1018 1823 1134 1876 perire
1157 1822 1265 1860 dixit.

281 1896 354 1934 Hos
367 1907 507 1946 quoque
526 1893 585 1930 hie
599 1896 850 1929 commemorat
862 1885 1076 1937 evangelista
1092 1898 1173 1922 cum
1193 1884 1241 1921 ait
1257 1899 1265 1919 r

284 1958 382 1996 Cum
397 1964 525 1993 autem
539 1961 636 1992 esset
650 1950 906 1998 Jerosolymis
920 1950 961 1985 in
976 1947 1133 1985 Pascha
1151 1947 1193 1982 ιή
1206 1946 1268 1983 die

273 2020 398 2072 sesto,
421 2016 534 2054 multi
552 2014 796 2053 crediderunt
815 2013 856 2047 in
871 2023 970 2056 eum,
994 2009 1171 2046 videntes
1186 2008 1267 2058 ejus

286 2082 397 2132 signa
412 2091 496 2130 quoe
500 2076 695 2130 faciebat.
719 2073 782 2112 24.
803 2074 889 2123 Ipse
913 2079 1042 2109 autem
1060 2070 1173 2108 Jeszcs
1191 2082 1269 2105 non

286 2155 326 2180 se
347 2141 525 2179 credebat
555 2140 621 2175 eis.
650 2134 841 2173 Firmiores
874 2140 973 2170 erant
996 2129 1180 2182 discipuli,
1207 2129 1268 2180 qui

287 2215 356 2239 non
387 2199 498 2251 signis
522 2207 679 2244 tantum,
707 2194 767 2232 sed
796 2193 901 2232 etiam
930 2191 1089 2229 doctrina
1118 2189 1269 2243 permoti

286 2269 515 2301 accesserunt.
530 2258 726 2297 Crassiores
740 2255 872 2308 quippe
890 2253 989 2304 signa
1005 2252 1269 2304 pertrahebant,

286 2324 420 2362 ratione
442 2320 609 2374 praeditos
629 2317 823 2371 prophetiae
843 2325 876 2354 et
896 2315 1068 2353 doctrina.
1089 2315 1271 2365 Quotquot

287 2386 398 2438 igitur
418 2397 480 2437 per
501 2381 700 2420 doctrinam
723 2378 816 2431 capti
841 2386 939 2426 sunt,
961 2376 998 2414 hi
1018 2377 1201 2428 signorum
1220 2391 1271 2415 se<

289 2446 462 2498 quacibus
478 2443 652 2481 firmiores
674 2449 791 2488 erant3
811 2452 898 2489 quos
913 2447 945 2476 et
960 2437 1122 2476 Christus
1151 2438 1272 2475 beatos

292 2506 506 2560 praedieabat
522 2505 580 2542 his
599 2502 718 2543 verbis
736 2517 743 2538 :
761 2502 874 2538 Beati
890 2502 956 2552 qui
976 2513 1054 2537 non
1073 2500 1269 2546 viderant,

293 2578 329 2608 et
349 2568 605 2607 crediderunt.
627 2563 735 2610 Quod
753 2571 870 2600 autem
899 2560 953 2598 illi
980 2574 1050 2598 non
1068 2560 1143 2599 veri
1162 2569 1275 2598 essent

293 2627 473 2681 discipuli,
486 2626 613 2679 probat
629 2625 667 2662 id
678 2623 774 2675 quod
789 2621 1019 2674 subjungitur
1037 2637 1044 2657 ε
1060 2623 1147 2673 Ipse
1162 2622 1193 2659 J
1192 2635 1275 2659 esus

298 2704 375 2728 non
400 2704 439 2728 se
463 2688 639 2726 credebat
666 2688 732 2723 eis.
761 2682 904 2730 Quare?
928 2683 1028 2732 Quia
1049 2685 1181 2720 omnia
1210 2696 1276 2719 no-

301 2759 419 2797 verat,
438 2749 503 2787 25.
524 2755 560 2785 et
580 2749 670 2798 quia
692 2759 783 2796 opus
805 2755 883 2781 non
904 2753 986 2781 erat
1009 2752 1048 2782 ut
1071 2746 1156 2796 quis
1174 2746 1276 2781 testi-

299 2814 469 2848 monium
485 2808 697 2861 perhiberet
714 2806 760 2842 de
779 2806 945 2850 homine,
968 2807 1046 2856 ipse
1062 2806 1164 2841 enim
1186 2807 1277 2842 scie-

301 2875 366 2910 bat
386 2871 480 2924 quid
501 2877 595 2908 esset
610 2870 650 2904 in
663 2867 829 2903 homine.
850 2864 890 2901 ld
909 2873 980 2912 est,
1001 2865 1110 2903 verba
1131 2878 1199 2902 non
1215 2879 1276 2902 cu-

300 2934 418 2981 rabat,
448 2930 509 2982 qui
534 2930 569 2967 in
593 2929 669 2980 ipsa
696 2924 801 2963 eorda
824 2933 981 2976 penetrat
1006 2934 1039 2962 ct
1069 2934 1221 2975 mentes;
1247 2934 1279 2963 et

300 3009 381 3034 cum
405 2994 579 3031 fervorem
607 2988 751 3026 illorum
774 2994 1037 3036 temporaneum
1062 2999 1134 3023 esse
1159 2986 1279 3035 sciret,

300 3070 370 3095 non
387 3054 519 3093 fidebat
536 3051 585 3089 eis
606 3059 645 3087 ut
663 3046 823 3101 perfectis
843 3045 1027 3097 discipulis
1049 3062 1056 3082 ε
1078 3061 1146 3084 non
1162 3048 1280 3085 omnia

302 3117 388 3170 ipsis
409 3115 573 3166 dogmata
596 3109 776 3157 tradebat,
798 3106 896 3157 quasi
925 3106 1031 3143 fidem
1059 3108 1207 3146 firmiter
1231 3123 1282 3146 es-

304 3188 378 3216 sent
392 3174 559 3228 amplexi.
576 3174 685 3210 Nosse
703 3178 819 3207 autem
838 3181 876 3205 ca
893 3181 972 3217 quac
991 3167 1026 3204 in
1047 3168 1150 3204 corde
1168 3169 1282 3207 homi-

305 3253 392 3277 num
411 3247 511 3286 sunt,
532 3235 627 3273 illius
647 3240 785 3270 tantum
803 3238 866 3277 cst,
898 3228 1110 3279 Quifinxst
1135 3231 1295 3280 sigillffi.

349 3353 362 3368 a
388 3341 448 3372 Alii
467 3346 581 3375 πάντας
595 3335 661 3380 [Sic
682 3332 766 3365 Bibl.
785 3339 818 3364 Οῑ
839 3330 922 3364 COd.
942 3331 1017 3362 705.
1035 3335 1074 3364 τὰ
1096 3336 1194 3365 πάντα
1217 3332 1301 3365 cod.

302 3397 378 3427 706,
393 3393 480 3423 Tum
502 3398 638 3431 uterquc
654 3397 729 3418 cum
745 3382 846 3416 Savil.
866 3389 1009 3424 γινώσκειν
1025 3383 1140 3423 αὑτὸν]

1292 1475 1315 1505 Β

1294 2075 1317 2105 C

1716 1151 1897 1189 ΟΜΙΛΙΑ
1924 1149 1988 1189 κδ’.

1341 1269 1402 1314 Ὡς
1429 1269 1464 1308 δὲ
1492 1273 1533 1317 ἠν
1554 1271 1589 1308 ἐν
1618 1275 1687 1314 τοῖς
1705 1270 1956 1325 Ἱεροσολύμοις
1987 1275 2020 1312 ἐν
2040 1275 2089 1326 τῷ
2115 1273 2239 1324 πάσχα
2264 1274 2297 1310 ἐν
2317 1275 2359 1323 τῇ

1504 1333 1625 1385 ἑορτῇ,
1644 1332 1766 1372 πολλοὶ
1784 1333 1989 1373 ἐπίστευσαν
2008 1337 2056 1378 εἷς
2075 1333 2189 1373 αὐτόν.

1393 1457 1474 1493 Τῶν
1494 1454 1683 1508 ἀνθρώπων
1710 1459 1777 1494 τῶν
1803 1456 1881 1496 τότε
1901 1460 1932 1496 οἱ
1953 1457 2014 1509 μὲν
2030 1460 2072 1509 τῇ
2090 1457 2204 1505 πλάνη
2225 1463 2362 1511 προσεῖ-

1339 1531 1414 1568 χον,
1434 1519 1464 1554 οἱ
1485 1515 1520 1555 δὲ
1544 1519 1606 1563 τῆς
1629 1516 1791 1564 ἀληθείας
1809 1517 2024 1571 ἀντείχοντο·
2046 1519 2135 1557 ἀλλὰ
2154 1502 2214 1556 καὶ
2234 1518 2361 1557 τούτων

1341 1578 1520 1632 ἔνιοιπρὸς
1538 1578 1651 1631 ὀλίγον
1672 1581 1776 1625 αὐτῆς
1798 1579 2156 1631 ἀντιλαμὸανόμενοι,
2176 1580 2280 1618 πάλιν
2297 1582 2361 1618 αὗ-

1339 1643 1402 1686 τῆς
1422 1638 1616 1683 ἐξέπιπτον.
1635 1639 1785 1684 Τούτους
1813 1640 1873 1679 καὶ
1891 1644 1909 1679 ὃ
1932 1641 2081 1694 Χριστὸς
2108 1641 2362 1692 αἰνιττόμενος,

1342 1701 1518 1753 σπέρμασι
1538 1701 1716 1754 παρέὸαλε
1741 1708 1812 1745 τοῖς
1833 1703 1870 1740 οὖ
1891 1701 1982 1740 κατὰ
2010 1702 2133 1753 βάθους
2168 1701 2339 1753 κειμένοις
2353 1731 2363 1749 ,

1342 1761 1431 1800 ἀλλὰ
1451 1760 1513 1806 τὰς
1533 1761 1626 1814 ῥίζας
1640 1760 1727 1814 ὑπὲρ
1746 1765 1808 1809 τ’ῆς
1832 1762 2031 1814 ἐπιφανείας
2050 1766 2111 1809 τ’ῆς
2129 1766 2192 1814 γῆς
2213 1762 2364 1815 ἔχουσιν,

1342 1821 1398 1867 οὒς
1422 1823 1482 1861 καὶ
1502 1823 1637 1875 ταχέως
1657 1825 1858 1862 ἀπολεῖσθαι
1884 1823 1960 1876 ἔφη.
1982 1823 2134 1868 Τούτους
2152 1823 2212 1862 καὶ
2228 1826 2245 1862 ὃ
2261 1824 2365 1876 εὖαγ-

1340 1883 1500 1947 γελιστὴς
1516 1886 1662 1923 ἐνταῦθα
1680 1889 1764 1935 ἡμῖν
1784 1884 1968 1934 ἐδήλωσεν,
1989 1884 2079 1923 οὕτω
2096 1884 2219 1937 λέγων,
2233 1884 2286 1924 ὅτι
2303 1884 2365 1929 Ὡς

1341 1949 1382 1992 ἠν
1403 1947 1436 1983 ἐν
1456 1950 1526 1989 τοῖς
1547 1944 1799 1997 Ἱεροσολύμοις
1824 1948 1858 1984 ἐν
1880 1948 1930 1998 τῷ
1957 1945 2080 1998 πάσχα
2109 1948 2143 1984 ἐν
2165 1949 2207 1996 τῇ
2240 1948 2365 1998 ἑορτῇ,

1342 2005 1462 2044 πολλοὶ
1485 2005 1689 2045 ἐπίστευσαν
1711 2008 1758 2050 εἷς
1780 2007 1894 2054 αὐτὸν,
1912 2011 2114 2060 θεωροῦντες
2131 2009 2231 2045 αὐτοῦ
2246 2005 2290 2044 τὰ
2305 2022 2368 2053 ση-

1344 2073 1425 2118 μεῖα
1446 2067 1467 2104 ἃ
1488 2066 1607 2105 ἐποίει.
1637 2067 1747 2111 Αὐτὸς
1776 2066 1811 2106 δὲ
1829 2070 1847 2105 ὁ
1868 2066 2000 2115 Ἰησοῦς
2015 2069 2075 2106 οὐκ
2095 2067 2267 2106 ἐπίστευεν
2285 2069 2366 2105 ἑαυ-

1340 2128 1397 2166 τὸν
1415 2131 1538 2172 αὐτοῖς.
1560 2129 1710 2167 Ἐκεῖνοι
1734 2128 1802 2181 γὰρ
1825 2128 2064 2182 ἀκριὸέστεροι
2088 2123 2176 2176 ἦσαν
2195 2132 2226 2167 οἱ
2249 2132 2366 2180 μαθη-

1342 2187 1401 2227 ταὶ
1415 2219 1424 2236 ,
1445 2187 1517 2227 ὅσοι
1540 2188 1587 2239 μὴ
1605 2188 1674 2226 ἀπὸ
1688 2189 1840 2240 σημείων
1858 2189 2056 2242 προσῄεσαν
2076 2189 2190 2240 μόνον,
2203 2187 2292 2227 ἀλλὰ
2307 2188 2367 2226 καὶ

1344 2250 1413 2288 ἀπὸ
1440 2253 1500 2296 τῆς
1522 2248 1756 2292 διδασκαλίας.
1786 2248 1877 2292 Τοὺς
1914 2248 1975 2299 μὲν
1995 2248 2063 2302 γὰρ
2091 2249 2305 2302 παχυτέρους
2323 2248 2368 2287 τὰ

1345 2317 1473 2358 σημεῖα
1495 2309 1688 2362 ἐφείλκετο,
1703 2308 1779 2352 τοὺς
1796 2308 1832 2347 δὲ
1851 2309 2098 2362 λογικωτέρους
2114 2312 2148 2347 αἱ
2160 2315 2368 2362 προφητεῖαι

1346 2373 1405 2411 καὶ
1419 2374 1454 2410 αἱ
1471 2370 1703 2409 διδασκαλίαι.
1717 2370 1823 2409 ζΌσοι
1843 2374 1921 2422 γοῦν
1943 2370 2011 2408 ἀπὸ
2031 2369 2254 2413 διδασκαλίας
2270 2386 2369 2408 κατε-

1348 2434 1535 2486 σχέθησαν,
1561 2427 1651 2471 οὗτοι
1679 2435 1746 2470 τῶν
1764 2433 1833 2471 ἀπὸ
1848 2431 2001 2483 σημείων
2020 2426 2108 2479 ἦσαν
2132 2433 2367 2485 βεὸαιότεροι·
2411 2474 2414 2478 Δ

1349 2496 1404 2540 οὒς
1423 2495 1481 2533 καὶ
1502 2498 1519 2533 ὃ
1542 2493 1689 2547 Χριστὸς
1711 2492 1900 2545 ἐμακάριζε
1913 2493 2045 2545 λέγων,
2070 2494 2249 2547 Μακάριοι
2271 2496 2301 2532 οἱ
2320 2493 2368 2545 μὴ

1350 2556 1496 2603 ἰδόντες,
1522 2555 1582 2594 καὶ
1613 2554 1867 2597 πιστεύσαντες,
1888 2553 1974 2593 (Ότι
2002 2553 2037 2593 δὲ
2061 2557 2098 2593 οὐ
2130 2558 2197 2593 τῶν
2218 2555 2369 2607 γνησίων

1349 2613 1437 2665 ἦσαν
1459 2611 1550 2656 οῧτοι
1561 2647 1570 2664 ,
1586 2615 1734 2654 δείκνυσι
1748 2615 1807 2653 καὶ
1822 2619 1844 2663 ἡ
1867 2616 2032 2667 ἐπαγωγή
2048 2631 2055 2639 ·
2071 2616 2181 2659 Αὐτὸς
2196 2616 2284 2670 γὰρ,
2304 2633 2367 2669 φη-

1352 2681 1444 2729 σ“ιν,ὃ
1462 2679 1594 2726 Ἰησοῦς
1611 2679 1671 2715 οὐκ
1689 2675 1862 2715 ἐπίστευεν
1886 2676 2005 2715 ἑαυτὸν
2025 2679 2148 2720 αὐτοῖς.
2160 2677 2280 2725 Διατί;
2301 2678 2369 2716 Διὰ

1351 2742 1389 2781 τὸ
1405 2739 1583 2794 γινώσκειν
1601 2737 1755 2785 ἷ’ποίντα,
1774 2736 1833 2775 καὶ
1851 2737 1904 2776 ὅτι
1923 2740 1960 2775 οὗ
1976 2737 2096 2791 χρείαν
2124 2731 2228 2790 εἶχεν,
2244 2737 2300 2776 ἵνα
2321 2755 2373 2782 τις

1355 2801 1557 2856 μαρτυρήσῃ
1579 2799 1659 2851 περὶ
1677 2803 1736 2836 τοῦ
1758 2797 1956 2852 ἀνθρώπου,
1978 2798 2078 2842 αὐτὸς
2107 2798 2175 2851 γὰρ
2206 2798 2372 2852 ἐγίνωσκε

1351 2864 1385 2903 τί
1405 2859 1446 2911 ἦν
1472 2865 1505 2901 ἐν
1522 2863 1571 2913 τῷ
1589 2857 1770 2911 ἀνθρώπῳ.
1782 2857 1831 2897 ιῸ
1854 2858 1889 2897 δὲ
1907 2859 2018 2910 λέγει,
2035 2859 2185 2898 τοιοῦτόν
2205 2863 2296 2899 ἐστιν
2308 2877 2315 2884 ·
2332 2862 2370 2899 οὗ

1352 2930 1515 2979 προσεῖχε
1536 2927 1606 2964 τοῖς
1635 2919 1757 2964 ἔξωθεν
1793 2919 1943 2970 ῥήμασι,
1970 2925 2044 2963 ταῖς
2077 2920 2235 2973 καρδίαις
2262 2922 2373 2972 ἐμδα-

1351 2986 1457 3025 τεόων
1478 2986 1615 3031 αὐταῖς,
1634 2982 1694 3020 καὶ
1717 2981 1801 3034 πρὸς
1819 2980 1882 3027 τὴν
1903 2980 2054 3019 διάνοιαν
2074 2980 2205 3020 εἰσιών·
2227 2983 2285 3021 καὶ
2310 2982 2372 3030 τὴν

1353 3046 1562 3100 πρόσκαιρον
1580 3045 1690 3082 αὐτῶν
1709 3041 1904 3094 θερμότητα
1920 3040 2016 3085 εἰδὼς
2027 3043 2163 3094 σαφῶς,
2174 3045 2234 3081 οὐκ
2249 3041 2265 3062 b
2277 3043 2374 3096 ἐθάῤ-

1355 3112 1405 3161 ῥει
1420 3109 1532 3148 αὐτοῖς
1546 3108 1591 3148 ὡς
1612 3107 1783 3154 μαθηταῖς
1799 3102 2068 3154 ἀπηρτισμένοις
2080 3133 2089 3151 ,
2111 3105 2171 3141 οὐκ
2190 3102 2372 3156 ἐνεχείριζε

1353 3170 1467 3208 πάντα
1482 3167 1526 3205 τὰ
1543 3165 1701 3217 δόγματα
1718 3165 1829 3207 αὐτοῖς
1845 3165 1890 3205 ὡς
1906 3163 1973 3210 ἤδη
1996 3163 2144 3214 βεὸαίως
2165 3169 2299 3207 πιστοῖς
2316 3180 2372 3215 γε-

1353 3229 1517 3281 νομένοις.
1540 3227 1592 3265 Τὸ
1618 3225 1653 3264 δὲ
1668 3224 1713 3263 τὰ
1738 3227 1771 3263 ἐν
1799 3226 1843 3276 τῇ
1873 3223 1999 3277 καρδίᾳ
2019 3225 2087 3262 τῶν
2115 3222 2303 3277 ἀνθρώπων
2322 3226 2374 3262 εἷ-

1416 3334 1430 3358 b
1454 3329 1557 3363 More!
1565 3356 1571 3363 .
1587 3331 1759 3374 ἐθάῤῥησεν.
