2507 3673
769 233 809 262 ΙΝ
849 232 1043 262 5ΥΝΛΧΙΝ
1083 230 1494 261 AttonANGELORUM.
2067 237 2161 283 979

83 313 342 363 γαληγοροῧντα
363 312 610 356 πατάσσοντες.
626 306 700 364 Ἆρ’
723 306 780 350 οἶν
801 315 838 351 οὐ
864 313 1032 364 μεγίστης
1050 328 1104 349 τι-

84 372 152 418 μῆς
166 369 275 415 ἄξιοι,
296 373 327 408 οἱ
346 370 408 417 τὴν
426 370 601 423 ἡμετέραν
619 371 709 418 ζωὴν
725 371 950 418 διιθύνοντες,
968 373 1020 409 Οὐ
1037 370 1105 423 γὰρ

82 426 184 476 μόνον
213 428 291 474 ἔθνη
318 435 473 481 φρουρεῖν
505 429 702 481 ἐτάχθησαν
722 430 884 481 ἄγγελοι,
905 428 1019 474 καθὼς
1041 431 1106 480 βοᾷ

80 484 119 522 τὸ
137 484 264 535 λόγιον,
279 485 368 524 “O-ts
401 486 572 538 διεμέριζε
588 517 597 534 ,
630 488 747 540 φησὶν,
767 489 847 534 ἔθνη
867 491 884 525 6
905 487 1079 540 “’1“ψιστος
1094 516 1104 534 ,

79 547 125 588 ὡς
145 546 335 598 διέσπειρεν
356 547 449 591 υἱοὺς
469 549 596 599 Ἀδὰμ,
617 549 762 595 ἔστησεν
787 548 864 601 ὅρια
886 552 990 587 ἐθνῶν
1013 546 1104 586 κατὰ

81 602 226 655 ἀριθμὸν
255 605 410 656 ἀγγέλων
440 609 552 646 Θεοῦ·
581 608 699 646 acin&
727 607 793 659 γὰρ
821 610 889 645 τῶν
913 606 1102 658 ἀνθρώπων

80 662 216 714 ἑκάστῳ
235 663 358 716 ἔλαχεν
378 665 533 716 ἅγγελος.
547 665 592 704 ‘O
609 667 708 719 λόγος
727 668 788 705 οὐκ
803 666 882 716 ἐμὸς
897 694 907 712 ,
929 665 1018 702 ἀλλὰ
1042 667 1104 710 τῆς

79 720 171 763 θείας
189 723 344 773 Γραφῆς.
361 725 436 768 Τῆς
455 724 521 775 γὰρ
540 724 727 772 παιδίσκης
747 724 871 771 Ἱ)όδης
886 722 1105 773 ἀπαγγελού-

81 794 144 825 σης
175 786 246 824 τοῖς
279 781 486 825 ἀποστόλοις
512 783 579 833 πρὸ
608 786 716 834 θυρῶν
739 783 880 820 ἑστάναι
908 781 1043 833 Πέτρον
1063 781 1103 819 τὸ

78 836 235 889 ἹΙρώδου
256 840 442 891 διαδράντα
469 842 719 893 δεσμωτήριον,
741 843 966 883 ἀπιστοῦντες
985 839 1102 890 ἔλεγον

79 897 219 944 ἐκεῖνοι,
240 897 284 936 ‘O
301 898 443 950 ἄγγελος
462 900 565 937 αὐτοῦ
585 901 689 937 ἐστιν.
713 898 971 950 Ἔπιμαρτυρεῖ
990 897 1025 935 δὲ
1043 898 1102 935 καὶ

78 958 96 991 ὃ
120 956 248 1008 Σωτὴρ
268 956 419 1004 τούτοις,
442 958 521 1008 περὶ
549 959 617 995 τῶν
640 957 731 996 κατὰ
750 958 808 995 τὸν
843 957 915 1008 βίον
943 960 1101 1008 σμικρῶν

75 1015 198 1066 λέγων,
217 1015 347 1066 (Ορᾶτε
375 1015 423 1066 μὴ
456 1015 744 1068 καταφρονήσητε
774 1016 847 1059 ἑνὸς
875 1018 943 1053 τῶν
967 1019 1102 1066 μικρῶν

77 1074 220 1112 τούτων.
239 1074 340 1126 ,λέγω
356 1076 424 1128 γὰρ
451 1078 546 1124 ὑμῖν,
568 1074 620 1113 ὅτι
640 1079 671 1114 οἱ
692 1076 831 1126 ἄγγελοι
862 1076 972 1113 αὐτῶν
993 1078 1027 1113 ἐν
1047 1077 1104 1113 οὐ-

80 1140 192 1186 ρανοῖς
209 1135 264 1172 διὰ
283 1135 410 1177 παντὸς
432 1134 599 1184 βλέπουσι
615 1134 653 1172 τὸ
672 1133 858 1186 πρόσωπον
878 1139 937 1172 τοῦ
964 1134 1104 1185 Πατρός

78 1208 143 1243 μου
165 1198 224 1231 τοῦ
248 1195 282 1230 ἐν
302 1198 373 1234 τοῖς
399 1193 565 1243 οὐρανοῖς.
592 1194 678 1230 Καθ’
700 1192 849 1239 ἑκάστην
885 1192 925 1230 δὲ’
951 1192 1105 1240 Ἐκκλη-

76 1250 153 1289 σίαν
169 1250 358 1296 ἐπέστησεν
377 1250 539 1302 ἀγγέλους
555 1250 712 1302 φύλακας
733 1253 750 1287 6
768 1250 917 1301 Χριστὸς
930 1280 939 1297 ,
955 1253 1002 1293 ὡς
1018 1252 1104 1288 ἀπο-

76 1309 261 1347 καλύπτων
301 1308 445 1360 Ἰωάννῃ
483 1309 585 1360 φησίν
602 1324 609 1332 ·
649 1308 738 1346 Εἰπὲ
779 1312 828 1361 τῷ
872 1309 1008 1361 ἀγγέλῳ
1043 1313 1106 1356 τῆς

77 1366 293 1413 Ἰζκκλησίας
309 1366 492 1417 Σμύρνης,
512 1362 589 1406 οἶδά
622 1383 681 1406 σου
714 1366 776 1414 τὴν
809 1367 929 1405 πενίαν
962 1368 1022 1405 καὶ
1040 1368 1105 1415 τὴν

76 1426 209 1477 θλίψιν·
229 1424 319 1463 ἀλλὰ
331 1426 495 1469 πλούσιος
509 1419 585 1463 siff
590 1425 599 1462 ί
616 1425 746 1477 λέγεις,
760 1418 788 1463 ὦ
802 1424 965 1463 Δέσποτα
974 1443 984 1474 3
999 1427 1105 1465 πλού-

76 1484 148 1528 σιός
169 1487 241 1535 εἰμι
255 1513 264 1528 ,
285 1484 392 1530 πένης
419 1483 487 1529 ὤν;
508 1483 541 1521 τί
568 1500 610 1535 με
632 1484 778 1536 διακένῳ
798 1484 991 1529 πλουτίζεις
1022 1485 1101 1524 ὀνό-

76 1561 182 1594 ματι,
206 1546 250 1582 Εἰ
271 1542 331 1595 μὲν
358 1543 426 1594 γὰρ
449 1543 633 1590 πλούσιος,
655 1547 691 1582 οὗ
710 1543 839 1589 πένης·
863 1546 893 1581 εἷ
916 1543 951 1582 δὲ
970 1544 1076 1592 πένης
1092 1576 1101 1593 ,

74 1606 148 1645 πῶς
168 1602 330 1646 πλούσιος
345 1619 353 1649 ;
370 1603 491 1649 Πολλὴ
511 1602 579 1655 γὰρ
599 1602 749 1641 πλούτου
769 1602 827 1640 καὶ
844 1602 964 1657 πενίας
983 1607 1003 1650 ἠ
1026 1604 1103 1643 διά-

76 1677 196 1704 στασις
212 1692 221 1707 ,
252 1663 298 1704 ὡς
330 1661 428 1703 αὐτὸς
459 1667 666 1713 μαρτυρεῖς,
695 1662 822 1713 χάσμα
853 1660 943 1714 μέγα
974 1663 1101 1713 μεταξὺ

75 1720 240 1759 πλουσίου
272 1719 331 1758 καὶ
351 1720 498 1767 πένητσς
519 1718 748 1773 Ι’ὡρισμένος
782 1720 826 1758 ‘O
853 1720 1016 1764 πλούσιος
1045 1721 1102 1759 τὸν

76 1780 218 1831 πτωχὸν
236 1778 511 1830 ἀποστρέφεται,
538 1782 555 1817 6
575 1779 715 1830 πτωχὸς
732 1779 791 1817 τὸν
820 1779 984 1818 πλούσιον
1011 1782 1101 1819 ὑπο-

77 1838 257 1876 ὃλέπεται.
279 1837 444 1875 Ἔναντία
469 1837 512 1875 τὰ
538 1837 750 1890 πράγματα,
766 1841 783 1875 ὃ
806 1840 878 1889 βίος
907 1838 1101 1890 ἀνώμαλος.

76 1896 120 1934 ‘O
142 1896 204 1947 μὲν
224 1896 291 1949 γὰρ
309 1895 482 1935 ἐπιστένει
495 1901 566 1938 τοῖς
580 1896 739 1944 πάθεσιν,
755 1900 772 1935 ὃ
794 1897 830 1935 δὲ
850 1898 1101 1949 ἐπικαγχλάζει

76 1960 150 1998 ταῖς
168 1951 325 2000 ἡδοναῖς·
346 1950 443 1998 οἶτος
473 1955 577 2008 ἄρτου
605 1960 722 2006 τυχεῖν
740 1955 944 2007 ἐπεύχεται,
975 1958 1102 2000 ἐκεῖνος

74 2023 150 2060 ταῖς
169 2016 378 2068 ἀδηφαγίαις
396 2019 580 2069 ὒπερμαζᾷ
594 2032 601 2039 ·
634 2013 731 2060 οὗτος
761 2017 851 2055 οἴνου
875 2017 1022 2065 κοτύλης
1040 2019 1102 2056 οὐκ

75 2077 214 2127 εὐπορεῖ
227 2106 236 2123 ,
261 2078 388 2119 ἐκεῖνος
415 2077 619 2127 κραιπαλῶν
639 2076 698 2114 καὶ
717 2077 1014 2129 καταντλούμενος
1032 2078 1101 2123 ἐξε-

77 2135 235 2187 ρεύγεται
249 2134 312 2181 τὴν
334 2134 463 2185 μέθην·
485 2129 582 2178 οἶτος
598 2134 700 2188 ῥάκος
719 2136 993 2187 περιὸέέληται,
1015 2140 1101 2176 ἐκεῖ·

75 2209 130 2236 νος
153 2194 323 2237 ποικίλοις
352 2193 653 2245 περικεκόσμηται
683 2194 894 2244 ἐσθήμασιν·
915 2190 1012 2240 οὗτος
1044 2197 1101 2235 ἐπὶ

76 2254 218 2306 ἐδάφους
234 2257 417 2306 ἀγρυπνῶν
434 2253 614 2305 ἔρριπται,
631 2254 829 2313 ἐκεῖνοςωέπὶ
850 2260 1034 2308 στρωμνῆς
1053 2255 1101 2295 ὧν

76 2312 195 2365 ῥέγχει
215 2313 278 2360 τὴν
298 2311 430 2364 τρυφὴν
463 2313 691 2364 ὀνειροπολῶν
709 2328 717 2335 ·
737 2316 835 2357 οὗτος
865 2314 978 2367 κέρμα
997 2331 1031 2353 τι
1050 2318 1102 2353 αἷ-

75 2378 147 2419 τεῖ,
167 2375 293 2414 ἐκεῖνος
310 2374 431 2424 χρυσῷ
451 2370 640 2422 κέχωσται.
656 2371 701 2409 ‘O
720 2371 787 2425 γὰρ
803 2373 1036 2425 θησαυρίζων,
1053 2374 1101 2426 μὴ

76 2429 249 2479 διανέμων
279 2429 337 2477 δὲ,
360 2429 494 2467 ἐπέοικε
523 2431 656 2481 πτωχῷ
681 2431 851 2468 πλουσίαν
886 2432 1000 2484 ταφὴν
1020 2435 1102 2471 ἀνα-

78 2488 225 2536 μένοντι.
246 2487 337 2525 Ἀλλ’
360 2488 437 2525 οὐδὲ
468 2493 539 2531 τοῖς
568 2493 702 2539 καιροῖς
731 2487 814 2531 ἴσως
844 2489 1018 2541 χαίρουσι.
1039 2493 1102 2543 Τῷ

74 2549 208 2598 πτωχῷ
241 2545 302 2595 μὲν
323 2544 390 2596 γὰρ
417 2547 433 2582 6
461 2545 595 2596 χειμὼν
627 2546 780 2596 χαλεπὸς
811 2547 852 2585 τὸ
880 2548 1010 2593 θάλπος
1040 2552 1101 2588 οὐκ

74 2604 207 2655 ἔχοντι,
234 2607 283 2655 τῷ
310 2603 465 2655 πλουσίῳ
488 2603 524 2640 δὲ
555 2603 594 2640 τὸ
616 2603 711 2656 θέρος
732 2605 906 2656 μοχθηρὸν
926 2607 993 2645 ὑπὸ
1012 2610 1101 2654 πλη-

74 2667 205 2714 σμονῆς
221 2663 282 2700 Ωτὸ
299 2662 427 2705 θάλπος
446 2664 484 2700 οὐ
511 2661 678 2713 στέγον-ιι.
704 2664 787 2706 Πῶς
806 2657 863 2701 οὖν
881 2667 898 2702 6
922 2666 1024 2709 αὐτὸς
1039 2666 1101 2705 πέ-

72 2737 133 2767 νης
152 2722 211 2760 καὶ
225 2721 406 2767 πλούσιος,
425 2719 570 2767 Ἀληθὴς
584 2723 601 2757 6
615 2720 730 2772 λόγος,
751 2721 810 2759 καὶ
827 2725 844 2759 6
859 2724 1098 2775 φθεγγόμενος.

74 2779 230 2826 Πένητες
247 2779 308 2829 μὲν
329 2779 385 2816 διὰ
406 2778 468 2824 τὴν
484 2778 615 2816 ἔνδειαν
631 2780 699 2816 τῶν
714 2780 922 2830 χρημάτων,
940 2783 1099 2822 πλούσιοι

77 2838 111 2876 δὲ
131 2837 188 2876 διὰ
203 2838 280 2881 τοὺς
300 2841 362 2884 τῆς
381 2837 531 2880 πίστεως
554 2837 756 2888 θησαυρούς.
772 2838 930 2889 Ἄμεινον
946 2841 979 2880 δὲ
997 2843 1099 2881 πένε-

74 2900 153 2934 σθαι
170 2896 214 2934 τὰ
245 2896 410 2947 βιωτικὰ,
442 2896 602 2933 πλουτεῖν
624 2895 659 2933 δὲ
686 2895 730 2933 τὰ
756 2900 976 2947 πνευματικά
994 2915 1001 2923 ·
1029 2904 1098 2939 τῶν

76 2953 136 3003 μὲν
151 2952 217 3004 γὰρ
234 2955 272 2992 τὸ
287 2953 384 2996 τέλος
398 2953 520 3006 φθορὰ,
536 2956 603 2990 τῶν
619 2953 654 2991 δὲ
669 2953 708 2991 τὸ
724 2953 843 3006 κέρδος
853 2958 1095 3012 ἀναφαίρετον,

75 3011 141 3049 Δια
158 3011 259 3049 τοῦτό
283 3027 387 3063 φησιν
411 3015 428 3049 6
451 3012 557 3058 Υἱὸς,
577 3010 638 3057 Μὴ
659 3013 882 3064 θησαυρίζετε
907 3017 1099 3068 θησαυροὺς

75 3070 132 3108 ἐπὶ
148 3073 210 3116 τῆς
226 3074 308 3122 γῆς,
327 3070 343 3090 ‘¹
354 3072 472 3108 καλῶν
487 3073 580 3121 ἡμᾶς
599 3071 816 3123 θησαυρίζειν
833 3072 877 3110 τὰ
897 3076 1097 3128 ἐπουράνια,

74 3128 234 3180 πτωχοὺς
259 3128 411 3180 τρέφειν,
444 3131 597 3172 ἀσθενεῖς
615 3129 906 3180 ἐπισκέπτεσθαι,
927 3135 1100 3179 ἀσκέπους

75 3188 228 3233 σκέπειν,
257 3187 513 3240 χρεωφειλέτας
533 3188 683 3241 ἀπύρους
700 3190 810 3237 λύειν,
830 3191 889 3228 καὶ
908 3192 948 3230 τὸ
966 3193 1098 3233 δάνειον

121 3326 133 3339 ὃ
159 3316 215 3347 Sat
228 3314 261 3347 il.
282 3316 369 3358 conj.
389 3319 468 3348 ἀλλὰ
484 3320 533 3349 καὶ
548 3325 606 3349 τῶν
622 3323 669 3350 ἀν.

121 3369 135 3391 ¹2
161 3367 238 3399 Var.
256 3366 354 3399 lectio
375 3378 428 3409 ap.
448 3367 549 3399 savit.
570 3373 752 3414 ὁρισάμενω.

1174 324 1254 348 nem
1281 319 1400 347 autem
1426 310 1619 349 satellitum
1653 325 1750 349 more
1780 312 1969 365 discipulis
2001 314 2164 366 aderant,

1175 362 1271 400 Petri
1285 362 1429 400 vincula
1442 363 1630 409 solventes,
1647 364 1746 400 Pauli
1762 365 1920 415 pericula
1936 366 1970 403 in
1986 367 2073 404 mari
2086 377 2117 405 et
2130 368 2167 406 in

1175 422 1266 451 terra
1278 414 1484 461 allevantes,
1506 415 1614 453 fidem
1629 416 1784 453 Cornelii
1795 417 1972 468 juvantes,
1984 420 2168 470 justorum

1175 466 1368 503 occisorem
1396 466 1573 504 Herodem
1600 468 1792 517 magnifice
1820 470 2018 520 loquentem
2038 486 2167 523 percu-

1175 518 1312 555 tientes.
1329 521 1453 556 Annon
1466 533 1550 570 ergo
1566 520 1722 558 maximo
1734 520 1835 571 digni
1849 532 1930 560 sunt
1942 523 2089 571 honore,
2104 524 2167 575 qui

1172 579 1206 607 et
1219 570 1330 608 vitam
1351 581 1506 609 nostram
1520 572 1707 623 dirigunt.o
1726 574 1803 610 Non
1822 573 1927 611 modo
1941 576 2033 613 cuim
2046 586 2166 625 gentes

1174 623 1352 660 custodire
1362 624 1451 673 jussi
1472 634 1554 661 sunt
1576 625 1708 673 angeli,
1729 634 1769 662 ut
1789 626 1917 663 elamat
1946 629 2131 666 oraculum
2153 645 2161 665 ε

1177 676 1341 724 Quando
1360 677 1558 713 dividebat
1585 677 1819 715 Altissimzts
1838 687 1982 729 gentes,
2006 682 2163 731 quando
2180 697 2271 724 Dent.
2286 696 2336 726 32,

1172 728 1413 779 dispergebat
1422 729 1528 779 filios
1539 729 1688 775 Adam,
1701 733 1901 767 constituit
1911 735 2090 769 terminos
2098 747 2163 783 po-
2178 735 2209 765 8·

1168 781 1350 830 palorum
1372 782 1584 818 secundum
1604 796 1804 819 nnmerum
1829 784 2052 833 angelormn
2069 786 2162 830 Dei,-

1171 832 1234 869 sed
1260 833 1367 870 etiam
1392 833 1524 883 singuli
1554 834 1713 871 homines
1740 836 1906 885 angelum
1934 836 2048 872 sortiti
2069 846 2162 875 sunt.

1171 885 1248 922 Non
1270 899 1369 923 mens
1385 895 1436 922 est
1453 900 1588 934 sermo,
1609 886 1670 924 sed
1691 887 1823 924 divinae
1844 887 2048 939 Scripturas.
2071 890 2164 926 Nam

1169 937 1291 988 puella
1311 937 1436 975 Rhode
1461 939 1630 990 apostolis
1651 939 1836 977 nuntiante
1855 949 1934 977 ante
1954 941 2044 977 sores
2074 951 2164 979 stare

1172 991 1332 1035 Petrum,
1355 991 1415 1040 qui
1436 991 1590 1028 Herodis
1610 992 1753 1029 vincula
1779 993 1974 1043 effugisset,
1998 1008 2066 1030 non
2091 1008 2164 1031 cre-

1171 1041 1291 1080 dentes
1310 1042 1363 1080 illi
1378 1043 1557 1089 dicebant,
1576 1045 1756 1095 Angelus
1770 1048 1850 1097 ejus
1868 1054 1937 1082 est.
1964 1046 2044 1083 tlaee
2064 1046 2162 1083 testi-
2179 1059 2361 1089 A4›1,12‚15‚

1172 1095 1301 1132 ficatur
1325 1096 1409 1132 item
1437 1097 1619 1141 Servatur,
1648 1097 1693 1134 de
1718 1097 1762 1134 iis
1785 1098 1849 1147 qui
1876 1098 1912 1134 in
1941 1097 2018 1136 vita
2040 1099 2161 1150 pusilli

1173 1157 1271 1185 erant
1291 1148 1437 1198 loquens
1455 1164 1462 1184 :
1486 1150 1622 1186 Videte
1639 1150 1687 1186 de
1704 1153 1960 1188 contemnatis
1980 1165 2099 1188 unum
2114 1167 2162 1189 ex
2177 1170 2290 1198 Mam,
2316 1170 2366 1201 18,

1174 1201 1233 1238 his
1246 1202 1401 1252 pusillis
1423 1217 1433 1237 :
1456 1202 1542 1238 dico
1560 1205 1661 1239 enim
1682 1205 1808 1248 vohis,
1833 1205 1925 1254 quia
1948 1205 2080 1255 angeli
2101 1219 2158 1242 eo<
2182 1218 2228 1240 10.

1174 1267 1259 1290 rum
1276 1256 1317 1290 in
1327 1254 1432 1290 ecelis
1446 1268 1594 1304 semper
1606 1256 1907 1306 videntfaciem
1921 1258 2055 1294 Patris
2071 1260 2160 1307 mei,

1175 1308 1296 1356 quiin
1315 1307 1420 1343 ecelis
1435 1315 1501 1343 est.
1522 1307 1562 1343 In
1583 1306 1734 1355 singulis
1749 1322 1855 1359 porro
1872 1308 2040 1346 Ecclesiis
2059 1323 2164 1359 ange-

1172 1357 1225 1395 los
1244 1358 1405 1395 custodes
1418 1358 1601 1396 eonstituit
1615 1360 1793 1405 Christus,
1810 1369 1848 1397 ut
1864 1360 1990 1399 Joanni
2004 1362 2164 1400 revelans

1173 1410 1222 1448 ait
1241 1426 1248 1446 τ
1274 1412 1350 1448 Dic
1371 1412 1510 1462 angelo
1535 1413 1720 1449 Ecclesia-:²
1737 1412 1916 1461 Smyrnce
1938 1429 1948 1449 .·
1964 1414 2050 1451 Scio
2068 1429 2164 1465 pazc-
2178 1424 2275 1463 Apoc.
2294 1425 2364 1456 2.8.

1172 1472 1361 1514 pertatem
1383 1472 1488 1500 tuam
1510 1473 1546 1501 et
1566 1465 1870 1512 tribulationem,
1898 1467 1966 1503 sed
1983 1467 2088 1504 clives
2108 1481 2160 1507 es.
2178 1476 2208 1505 9·

1173 1516 1273 1561 Quid
1292 1516 1397 1564 dicis,
1416 1516 1593 1554 Domine?
1608 1517 1708 1554 dives
1735 1532 1828 1562 sum,
1850 1527 1881 1555 et
1900 1533 1979 1555 sum
2001 1520 2165 1571 pauper?

1173 1582 1238 1605 cur
1252 1583 1309 1606 me
1325 1583 1414 1606 vano
1431 1569 1523 1606 ditas
1540 1569 1709 1607 nomine?
1727 1572 1817 1608 Nam
1833 1570 1972 1609 sidives
1985 1586 2078 1612 sum,
2095 1587 2165 1610 non

1172 1634 1251 1657 sum
1279 1635 1434 1672 pauper;
1454 1621 1482 1659 si
1509 1637 1657 1674 pauper,
1688 1623 1867 1673 quomodo
1892 1623 2022 1661 dives?
2045 1626 2163 1663 Multa

1171 1673 1265 1710 enim
1280 1683 1330 1710 est
1345 1673 1490 1711 divitias
1507 1675 1597 1712 iuter
1612 1684 1644 1712 et
1661 1685 1906 1727 paupertatem
1922 1676 2105 1724 distantia,
2124 1687 2163 1715 ut

1170 1725 1245 1777 ipse
1264 1726 1487 1772 testificaris;
1508 1727 1626 1764 hiatus
1655 1741 1804 1778 magnus
1826 1738 1876 1765 est
1898 1728 1987 1766 inter
2011 1729 2162 1768 divitem

1171 1787 1204 1815 et
1226 1793 1431 1830 pauperem.
1458 1779 1564 1817 Dives
1590 1794 1783 1831 pauperem
1809 1790 2005 1827 aversatur,
2027 1797 2163 1834 pauper

1170 1830 1321 1868 divitem
1347 1831 1496 1883 suspicit
1518 1847 1525 1868 :
1547 1833 1730 1870 contrariae
1764 1847 1819 1870 res
1848 1843 1946 1882 sunt,
1976 1834 2162 1885 inaequalis

1171 1883 1257 1922 vita.
1278 1884 1343 1921 Ille
1365 1898 1516 1935 namque
1535 1885 1570 1922 in
1591 1885 1757 1923 aerumnis
1780 1886 1999 1937 ingemiseit,
2019 1886 2078 1925 hic
2101 1903 2164 1926 vo-

1170 1935 1370 1987 luptatibus
1398 1951 1471 1974 sese
1497 1947 1646 1975 ostentat
1664 1954 1671 1974 :
1687 1938 1747 1975 hic
1767 1953 1895 1989 panem
1920 1940 2069 1991 expetit,
2100 1941 2161 1979 ille

1171 1990 1266 2040 gulae
1286 1989 1552 2027 oblectamentis
1581 1991 1846 2041 superabundat
1873 2007 1881 2027 τ
1909 1991 1969 2029 hie
1996 1993 2074 2031 vini
2101 1993 2159 2031 he-

1171 2042 1305 2079 minam
1325 2042 1530 2089 nonhabet,
1548 2042 1609 2080 ille
1623 2043 1659 2080 in
1679 2043 1824 2095 crapula
1843 2044 2030 2095 absorptus
2048 2046 2161 2084 ebrie-

1169 2103 1279 2132 tatem
1295 2104 1430 2132 eruetat
1454 2110 1461 2130 τ
1477 2095 1536 2132 hic
1553 2095 1677 2147 pannis
1695 2096 1820 2133 laceris
1840 2096 1989 2133 amictus
2010 2107 2079 2143 cst,
2100 2099 2162 2136 ille

1171 2147 1282 2185 variis
1308 2156 1455 2185 ornatur
1482 2148 1642 2185 vestibus
1664 2164 1672 2184 τ
1691 2149 1751 2185 hie
1778 2148 1814 2185 in
1843 2148 2048 2200 pavimento
2068 2151 2164 2202 jacet

1171 2199 1330 2251 abjectus
1356 2210 1388 2238 et
1418 2200 1593 2251 vigilans,
1614 2201 1675 2238 ille
1701 2201 1817 2239 stertit
1843 2203 1878 2238 in
1904 2202 1994 2240 lecto
2016 2203 2162 2241 delicias

1172 2254 1350 2290 somnians
1368 2269 1375 2289 :
1397 2253 1456 2290 hie
1472 2254 1673 2291 teruncium
1689 2254 1792 2306 petit,
1810 2254 1871 2291 ille
1886 2268 1973 2292 auro
1986 2256 2161 2294 obruitur.

1173 2305 1243 2351 Qui
1270 2305 1364 2343 enim
1379 2305 1591 2343 thesaurizat
1619 2321 1682 2343 nec
1706 2316 1843 2357 erogat,
1863 2307 1990 2345 similis
2007 2318 2057 2346 est
2074 2324 2162 2361 pau-

1174 2358 1249 2409 peri
1264 2358 1495 2409 magnifieum
1511 2359 1715 2411 sepulerum
1730 2363 1957 2410 exspectanti.
1968 2361 2037 2398 Sed
2051 2376 2163 2412 neque

1173 2410 1228 2447 illi
1266 2411 1536 2462 tempestatibus
1576 2411 1759 2461 aequaliter
1794 2413 1973 2450 fruuntur.
2011 2414 2163 2465 Pauperi

1173 2477 1325 2513 namque
1343 2463 1462 2514 gravis
1482 2473 1534 2501 est
1553 2463 1681 2513 hiems,
1706 2464 1766 2514 qui
1792 2478 1861 2501 non
1890 2465 2018 2503 habeat
2040 2481 2110 2516 quo
2128 2482 2163 2504 se

1173 2516 1374 2564 calefaciat3
1397 2515 1503 2553 diviti
1533 2516 1639 2553 noxia
1665 2525 1765 2554 testas
1786 2531 1831 2554 ex
1849 2517 2010 2568 ingluvie
2037 2529 2162 2556 festum

1172 2582 1241 2605 nou
1258 2568 1398 2605 ferente.
1419 2568 1609 2613 Quomodo
1626 2568 1738 2618 igitur
1759 2569 1854 2606 idem
1868 2569 1944 2621 ipse
1959 2580 2009 2607 est
2028 2586 2164 2624 pauper

1172 2629 1205 2656 et
1222 2620 1352 2658 dives?
1371 2622 1484 2659 Verus
1503 2629 1553 2658 est
1573 2635 1686 2658 sermo
1698 2651 1707 2667 ,
1724 2630 1756 2658 et
1775 2636 1886 2660 verax
1905 2623 1968 2673 qui
1987 2624 2159 2674 loquitur.

1172 2673 1349 2724 Pauperes
1361 2673 1507 2722 quidem
1523 2682 1604 2710 sunt
1619 2673 1731 2724 aliqui
1748 2675 1793 2711 ob
1810 2675 1968 2725 pecuniae
1982 2676 2161 2728 inopiam;

1172 2724 1304 2762 divites
1327 2734 1445 2763 autem
1472 2725 1556 2762 fidei
1588 2726 1775 2764 thesauris.
1796 2727 1927 2765 Melius
1952 2738 2070 2766 autem
2091 2744 2164 2768 esse

1172 2791 1363 2828 pauperem
1380 2777 1416 2815 in
1434 2778 1539 2815 rebus
1555 2778 1801 2828 saecularibus,
1818 2789 1850 2818 et
1864 2779 2015 2818 divitem
2035 2782 2069 2819 in
2091 2783 2162 2833 spi-

1171 2829 1361 2867 ritualibus
1384 2846 1392 2865 :
1414 2830 1560 2867 illorum
1587 2831 1720 2882 quippe
1746 2832 1848 2879 finis,
1881 2842 1931 2870 est
1959 2836 2159 2886 corruptio;

1169 2880 1301 2919 horum
1315 2897 1398 2920 vero
1415 2913 1423 2929 ,
1446 2883 1602 2928 lucrum,
1628 2883 1726 2933 quod
1750 2885 1880 2922 auferri
1908 2887 2042 2936 nequit.
2058 2887 2161 2924 Ideo-

1170 2948 1239 2984 que
1260 2935 1310 2972 ait
1328 2935 1444 2971 Filius
1464 2950 1472 2970 ε
1490 2961 1506 2972 s
1523 2937 1624 2972 Τοῖίτε
1653 2937 1920 2976 thesaurizare
1945 2941 2057 2976 vobis
2081 2942 2160 2977 the-
2175 2952 2286 2980 ,issam
2313 2953 2343 2981 6,

1170 3000 1307 3024 sauros
1324 2990 1365 3024 in
1388 2996 1510 3035 terra;
1529 3002 1590 3025 nos
1613 3002 1764 3026 evocans
1783 2990 1828 3027 ad
1848 2991 2159 3029 thesaurizandum
2181 3002 2225 3030 ¹¹)-

1170 3038 1207 3076 in
1234 3039 1451 3088 caelestibus,
1472 3040 1517 3077 ad
1541 3040 1708 3078 alendum
1735 3056 1929 3094 pauperes,
1950 3044 1996 3081 ad
2013 3045 2160 3081 visitan-

1170 3090 1258 3128 dum
1292 3092 1475 3138 infirmos,
1499 3093 1544 3130 ad
1573 3094 1765 3144 tegendum
1787 3110 1843 3133 eos
1872 3096 1931 3145 qui
1953 3096 2027 3133 sine
2052 3097 2160 3147 operi-

1170 3152 1288 3181 mento
1308 3153 1404 3193 sunt,
1429 3144 1475 3182 ad
1504 3146 1759 3184 remittendum
1783 3147 2005 3185 debitoribus
2027 3149 2158 3199 egenis,

1170 3205 1203 3234 et
1225 3196 1273 3234 ad
1292 3197 1532 3249 expetendum
1549 3212 1569 3235 a
1587 3200 1663 3236 Deo
1685 3200 1811 3238 foenus.
1832 3201 1922 3237 Nam
1954 3202 2028 3250 Qui
2050 3204 2160 3239 mise-
2176 3219 2268 3246 psov,
2296 3227 2343 3256 ¹9·

2180 3268 2225 3298 17.

1196 3336 1208 3351 Β
1232 3325 1333 3358 Savil.
1355 3327 1442 3369 conj.
1462 3334 1514 3361 τοῦ
1529 3332 1668 3364 θάλπους.

1197 3378 1213 3402 d
1239 3377 1332 3410 Idem
1351 3377 1478 3411 mavult
1493 3381 1686 3423 παρακαλῶν,
