2507 3673
904 207 961 236 DE
1001 207 1116 236 1³1th

88 294 180 342 νίου,
206 293 295 331 ἀλλὰ
315 292 421 343 μόνην
440 291 522 344 μίαων
543 290 615 341 ἔχει
637 289 834 341 προσευχὴν
853 291 1019 340 ρυσθῆναι
1048 289 1117 326 ἀπὸ

87 347 239 396 γεέννης.
264 345 373 387 Αὐτὸς
395 342 456 393 μὲν
476 346 534 381 οὐν
557 342 666 394 μικρὰ
688 343 886 393 προσδοκᾷ,
922 344 939 378 ὁ
963 340 998 378 δὲ
1028 340 1116 383 Θεὸς

89 400 233 451 ἄφθονον
256 401 349 451 αὐτῷ
373 397 429 434 τὸν
450 398 596 434 πλοῦτον
618 399 680 442 τῆς
700 394 895 445 εὐεργεσίας
921 392 1115 446 χαρίζεται.

88 451 180 490 Ἀλλ’
197 451 224 488 ὢ
239 454 298 489 τοῦ
323 449 518 500 θαύματος·
537 448 694 495 ἐνενόησε
715 448 815 499 μόνον
832 447 895 492 τὴν
918 445 1116 496 μετάνοιαν,

86 505 146 542 καὶ
179 507 196 542 ὃ
227 502 345 553 πατὴρ
381 501 504 544 εὐθέως
533 500 660 552 ἔφθασε
687 504 729 550 τῇ
761 497 1025 553 φιλανθρωπίᾳ·
1056 499 1118 535 οὐκ

88 557 245 607 ἀνέμεινε
281 555 441 599 δέξασθαι
473 554 517 592 τὰ
550 554 692 605 ῥήματα
727 555 790 598 τῆς
821 549 1118 602 ἐξομολογήσεως,

88 609 180 648 ἀλλὰ
210 608 383 661 προέλαὸε
423 607 486 653 τὴν
522 607 681 653 αἴτησιν,
716 605 808 643 κατὰ
839 605 878 642 τὸ
915 601 1095 665 εἷρῶμιένον
1111 617 1118 624 ·

87 662 168 713 πρὶν
209 660 400 713 ἐπικαλέσῃ
439 675 502 710 με,
531 663 619 712 ἐρῶ,
647 658 736 697 Ἰδοὺ
764 657 924 710 πάρειμι.
950 656 1034 694 laide
1060 655 1119 692 τὸν

88 715 159 753 υἱὸν
204 713 375 765 μακρόθεν
415 712 602 764 ἐρχόμενον
616 742 626 759 ,
669 711 730 749 καὶ
774 710 971 755 ὑπήντησεν
1011 709 1118 758 αὐτῷ.

86 767 133 805 ‘O
160 774 216 819 ᾄς,
251 770 326 810 πῶς
354 767 473 818 φθάνει
507 769 527 811 ἡ
560 762 802 816 φιλανθρωπία
820 761 883 808 τὴν
912 760 1118 811 μετάνοιαν;

88 822 159 859 Δια
177 824 277 857 τοῦτο
297 819 355 857 καὶ
379 823 396 857 ὃ
430 818 539 855 Δαυὶὸ
565 817 826 866 ἀποδυσάμενος
850 813 914 860 τὴν
942 812 1038 852 νόσον
1059 816 1122 859 τῆς

89 873 164 923 ἅμα
190 872 263 915 τίας
281 874 331 925 τῷ
355 871 530 937 φαρμάκῳ
550 872 611 915 τῆς
632 866 833 920 μετανοίας,
856 866 916 904 καὶ
936 865 1054 913 εἰδὼς,
1068 865 1121 904 ὅτι

90 927 334 978 φιλανθρωπος
351 940 397 961 ων
414 928 619 974 προϋπαντᾷ
631 927 702 964 τοῖς
720 918 1012 972 προσερχομένοις
1024 948 1033 965 ,
1050 934 1122 956 πα-

91 980 236 1029 ρακαλεῖ
255 977 311 1013 τὸν
330 976 434 1023 Θεὸν,
450 975 578 1026 λέγων·
606 973 830 1024 Ἐξεγέρθητι
847 975 895 1016 εἰς
914 971 1120 1018 συνάντησίν

93 1045 179 1081 μου,
209 1029 269 1067 καὶ
290 1029 357 1076 ἴδε,
374 1027 427 1066 ὅτι
444 1027 594 1080 γνησίως
617 1026 703 1078 πρὸς
723 1025 760 1063 σὲ
776 1026 947 1076 ἔρχομαι,
964 1024 1017 1062 ὅτι
1035 1025 1123 1076 μετὰ

91 1081 255 1129 ἀληθείας
275 1081 338 1129 τὴν
369 1081 551 1131 μετάνοιαν
576 1080 754 1130 ἐνδύομαι.
774 1078 941 1122 Ἐδέξατο
966 1081 983 1116 ὁ
1003 1076 1122 1129 πατὴρ

87 1135 146 1173 τὸν
174 1136 302 1173 παῖδα·
330 1137 487 1177 κάκεῖνος
522 1132 607 1184 πρὸς
633 1132 690 1170 τὸν
729 1130 883 1182 πατέρα,
914 1129 1121 1183 ΕἭμαρτον,

88 1188 206 1227 οὐκέτι
226 1187 299 1238 εἰμὶ
321 1187 411 1231 α’ξιος
440 1188 611 1233 κληθῆναι
639 1184 710 1228 υἱός
741 1200 800 1222 σου
815 1199 822 1206 ·
842 1182 987 1230 ποίησόν
1008 1199 1049 1235 με
1078 1187 1124 1227 ὡς

92 1241 154 1279 ἕνα
176 1244 244 1278 τῶν
264 1239 410 1290 μισθίων
436 1255 509 1277 σου.
540 1238 713 1276 Ἐνταῦθα
730 1240 747 1274 ὁ
766 1235 885 1289 πατὴρ
906 1236 991 1287 πρὸς
1021 1236 1122 1274 αὐτὸν

92 1293 213 1332 οὐδένα
235 1300 387 1331 ποιεὶῚται
412 1291 532 1344 λόγον·
555 1293 616 1329 οὐκ
635 1290 860 1341 ἀποκρίνεται
885 1289 971 1341 πρὸς
1003 1289 1123 1335 αὐτὸν,

91 1346 181 1384 ἀλλά
207 1361 292 1398 φησι
306 1346 391 1398 πρὸς
411 1345 488 1387 τοὺς
510 1343 648 1387 δούλους
662 1359 669 1366 ·
692 1342 918 1394 Ἐξενέγκατε
947 1344 1040 1394 αὐτῷ
1059 1341 1123 1388 τὴν

89 1398 233 1450 πρώτην
262 1398 403 1444 στολήν.
431 1397 479 1435 Τί
502 1396 661 1448 βούλεται
679 1395 718 1432 τὸ
741 1394 904 1446 αἴνιγμα;
934 1394 1056 1432 Πολλὰ
1076 1394 1126 1432 εὔ-

89 1467 192 1503 χεται
213 1454 231 1489 ὁ
252 1453 447 1501 μετανοῶν·
477 1448 691 1500 ἀποκρίσεως
716 1447 750 1486 δὲ
770 1447 827 1485 διὰ
849 1447 962 1497 λόγων
989 1449 1026 1484 οὔ
1044 1462 1126 1499 τυγ-

89 1504 208 1556 χάνει,
229 1503 319 1541 ἀλλὰ
331 1502 485 1554 δι’ἔργου
504 1501 566 1548 τὴν
580 1499 841 1553 φιλανθρωπίαν
858 1503 932 1551 ὁρᾷ.
952 1499 1128 1537 Ἐνταῦθα

91 1555 351 1607 παιδευόμεθα,
368 1555 421 1593 ὅτι
440 1557 541 1606 ἡμῶν
561 1554 622 1605 μὲν
641 1558 663 1601 ἠ
686 1552 852 1604 μετάνοια
864 1552 920 1590 διὰ
938 1552 1104 1603 ῥημάτων
1117 1568 1125 1576 ·

100 1612 193 1648 Θεοῦ
219 1609 254 1648 δὲ
271 1613 293 1656 ἠ
315 1606 557 1661 φιλανθρωπία
575 1606 631 1645 διὰ
651 1605 880 1659 πραγμάτων.
901 1604 1127 1656 Ἔξενέγκατε

94 1664 190 1715 αὐτῷ
216 1662 280 1709 τὴν
295 1660 438 1713 πρώτην
461 1659 598 1709 στολὴν,
617 1660 659 1707 ἣν
685 1659 846 1697 ἀπώλεσε
879 1657 935 1696 διὰ
965 1661 1028 1704 τῆς
1055 1675 1128 1696 πα-

97 1715 280 1766 ραὸάσεως
294 1731 301 1737 ·
345 1713 435 1753 Δότε
469 1715 563 1766 αὐτῷ
602 1712 662 1751 καὶ
697 1711 922 1762 ὑποδήματα.
961 1710 1030 1748 Διὰ
1065 1710 1125 1759 τί,

94 1767 245 1815 Ἐπειδὴ
269 1771 286 1805 ὃ
310 1767 386 1819 ὄφις
414 1766 499 1818 πρὸς
528 1764 606 1809 τοὺς
639 1764 903 1817 ἁμαρτάνοντας
935 1764 1127 1802 ἐκπεπολέ-

93 1834 209 1870 μωται
236 1819 328 1858 κατὰ
352 1820 391 1858 τὸ
413 1818 613 1871 εἰρημένον·
635 1818 745 1860 Αὐτός
767 1833 828 1856 σου
848 1817 994 1870 τηρήσει
1013 1833 1125 1869 κεφα-

91 1872 177 1920 λὴν,
198 1873 258 1911 καὶ
280 1872 321 1910 σὺ
341 1872 504 1924 τηρήσεις
531 1872 633 1909 αὐτοῦ
653 1870 816 1922 πτέρναν.
831 1869 911 1908 Ἵνα
935 1869 982 1921 μὴ
1005 1873 1126 1922 γυμνῷ

90 1926 173 1964 ποδὶ
197 1926 382 1978 προσέλθοι
401 1929 418 1963 ὁ
436 1924 586 1976 ὀλέθριος
606 1924 702 1976 ὄφις,
719 1923 776 1961 ἵνα
797 1922 845 1974 μὴ
870 1924 977 1962 πάλιν
997 1923 1055 1961 τὸν
1077 1923 1125 1961 ἰὸν

91 1981 156 2024 τῆς
179 1979 353 2032 ἁμαρτίας
373 1978 507 2028 κενώσῃ
536 1977 627 2015 κατὰ
652 1981 711 2014 τοῦ
740 1975 1024 2028 ἐλευθερωθέντος
1058 1976 1127 2014 ἀπὸ

90 2035 154 2078 τῆς
178 2031 353 2083 ἁμαρτίας
366 2061 375 2078 ,
392 2030 609 2083 περιτίθησιν
627 2031 720 2082 αὐτῷ
737 2029 780 2067 τὰ
800 2029 1014 2079 ὑποδήματα
1041 2029 1126 2081 πρὸς

92 2084 300 2136 ἀσφάλειαν.
321 2083 407 2122 Ἐὰν
427 2083 495 2135 γὰρ
517 2082 565 2133 μὴ
584 2082 676 2134 λοίέῃ
694 2082 738 2121 τὰ
754 2082 964 2133 ὑποδήματα
977 2110 986 2128 ,
1016 2084 1053 2119 οὐ
1074 2081 1128 2119 δύ-

90 2153 195 2175 ναται
213 2143 336 2175 πατεῖν
370 2136 487 2174 ἐπάνω
521 2135 630 2187 ὄφεων
656 2134 716 2173 καὶ
744 2135 941 2187 σκορπίων,
972 2134 1031 2172 καὶ
1068 2133 1126 2171 ἐπὶ

91 2196 207 2228 πᾶσαν
231 2189 293 2236 τὴν
311 2189 455 2239 δύναμιν
472 2192 531 2227 τοῦ
547 2190 682 2241 ἐχθροῦ.
704 2187 772 2225 Διὰ
787 2191 888 2226 τοῦτο
903 2187 947 2225 τὰ
962 2187 1127 2238 δήγματα

90 2246 151 2280 τοῦ
168 2242 277 2294 ὄφεως
297 2241 570 2295 ἀσφαλιζόμενος
587 2244 604 2279 ὁ
619 2242 759 2284 Παῦλος
771 2271 780 2287 ,
797 2240 924 2292 ἀρτίως
940 2239 1002 2286 ἕκή
1010 2256 1125 2292 ρυττε·

91 2295 282 2345 Φοὸοῦμαι
292 2325 301 2342 ,
318 2295 443 2345 μήπως
458 2296 505 2337 ὡς
518 2296 536 2331 ὃ
546 2294 621 2346 ὄφις
636 2293 699 2340 τὴν
714 2293 811 2331 Εὕαν
826 2294 1020 2340 ἠπάτησεν,
1037 2292 1127 2331 οὕτω

92 2347 238 2400 φθαρείη
257 2348 301 2385 τὰ
318 2348 479 2398 νοήματα
499 2350 595 2397 ὑμῶν
616 2346 685 2385 ἀπὸ
702 2349 764 2392 τῆς
784 2346 978 2393 ἁπλότητος
997 2348 1060 2391 τῆς
1080 2348 1127 2389 εἷς

92 2400 257 2453 Χριστόν.
280 2402 370 2438 Ἀλλ’
390 2402 538 2438 ἐνταῦθα
559 2399 749 2438 ἀνακόπτει
769 2394 838 2437 οἷόν
854 2415 888 2437 τι
906 2399 1023 2437 καινὸν
1043 2399 1127 2451 δρᾶ-

94 2469 163 2503 μα,
197 2453 237 2491 τὸ
265 2453 545 2505 πολυθρύλλητον
579 2455 689 2490 ἐκεῖνο
721 2451 884 2502 ζήτημα·
910 2450 1032 2490 πολλοὶ
1058 2452 1126 2504 γὰρ

1155 204 1369 234 νιιουιοι).
2079 188 2172 248 ‘609

1187 286 1262 324 vita
1281 293 1408 322 aeterna
1428 296 1464 320 se
1479 281 1628 332 dignum
1647 280 1834 331 dijudicat,
1855 281 1917 319 sed
1956 281 2070 319 solum
2086 296 2173 333 pre—-

1141 347 1164 377 C
1189 347 1303 386 catur,
1338 345 1376 373 ut
1411 334 1569 385 gehenna
1595 333 1776 371 liberetur.
1810 334 1875 370 Ille
1901 334 2011 385 igitur
2036 334 2174 372 modica

1188 397 1386 441 exspectat,
1407 389 1503 424 Deus
1525 399 1610 424 vero
1630 399 1758 435 magna
1777 385 1987 423 divitiarum
2006 386 2175 424 beneficia

1189 443 1256 493 ipsi
1276 440 1436 491 largitur.
1459 438 1548 487 Sed,
1564 453 1584 475 o
1604 437 1836 476 miraculum!
1856 438 1915 474 ille
1932 439 2044 475 solum
2066 439 2175 490 poeni-

1189 493 1335 531 tentiam
1358 492 1554 543 cogitabat,
1575 500 1607 528 et
1624 499 1722 542 pater
1739 489 1858 527 statim
1878 490 2096 540 benignitate
2115 506 2177 528 sua

1189 545 1363 598 praevenit
1380 559 1482 582 eum:
1497 557 1567 582 non
1586 543 1805 595 exspectavit
1823 542 1934 579 donec
1951 543 2177 579 confessionis

1188 598 1300 636 verba
1320 598 1497 649 exciperet
1509 612 1520 646 3
1538 596 1600 634 sed
1620 595 1824 648 petitionem
1839 595 2035 646 praevertit,
2056 609 2178 632 secun-

1191 651 1279 688 dum
1292 651 1428 688 dictum
1446 649 1552 687 illud:
1571 649 1784 699 Priusquam
1802 647 2023 684 invocaveris
2038 662 2107 696 me,
2124 647 2176 684 di-

1193 718 1282 752 cam,
1305 705 1408 742 Ecce
1429 703 1580 741 adsum.
1600 701 1707 741 Vidit
1733 701 1851 738 filium
1883 700 2010 752 procul
2036 701 2178 737 venien—
2196 711 2269 739 lsai.
2286 710 2333 739 58.

1192 765 1276 805 tem,
1296 765 1328 794 et
1353 755 1507 793 occurrit
1534 753 1615 806 ipsi.
1636 753 1770 792 Viden’
1789 752 1968 803 quomodo
1993 752 2176 790 clementia

1192 809 1436 862 poenitentiam
1450 807 1664 860 praeveniat?
1680 806 1762 843 Ideo
1774 805 1897 843 David
1916 819 1996 843 cum
2014 805 2180 843 morbum

1194 862 1330 914 peccati
1358 860 1573 913 poenitentiae
1602 858 1795 911 pharmaco
1827 858 2039 910 depulisset,
2069 858 2181 895 sciens

1194 914 1291 965 quod
1311 916 1409 953 Deus
1435 922 1652 966 peecatorem
1684 911 1898 963 praeveniat,
1927 910 2044 962 ipsum
2070 920 2181 960 rogat,

1196 968 1318 1005 dicens
1340 983 1347 1003 :
1370 968 1547 1018 Exsurge
1567 968 1608 1002 in
1630 977 1829 1002 occursum
1854 976 1993 1009 meum,
2014 972 2049 1000 et
2074 965 2179 1009 vulo,
2198 970 2381 999 P.s·1‹l.17.⁴<.›3.

1198 1020 1294 1071 quod
1326 1019 1459 1057 sincere
1489 1018 1536 1056 ad
1570 1027 1603 1055 te
1630 1016 1793 1065 veniam,
1827 1030 1911 1055 vere
1941 1015 2181 1067 poenitentiam

1147 1086 1171 1115 D
1196 1073 1402 1125 amplectar.
1435 1071 1588 1123 Excepit
1608 1079 1709 1122 pater
1727 1069 1844 1106 filium
1863 1085 1872 1106 ε
1889 1068 1951 1106 ille
1971 1082 2062 1111 ‚vero
2092 1068 2184 1120 patri

1195 1126 1496 1164 dixit:Peceavi
1506 1140 1521 1168 ,·
1531 1126 1618 1175 jam
1636 1136 1714 1160 non
1729 1136 1815 1160 sum
1833 1123 1970 1173 dignus
1989 1121 2185 1172 ‘vocarifi-

1200 1180 1274 1217 lius
1295 1187 1382 1216 tuus
1397 1178 1489 1230 :fac
1508 1191 1568 1214 me
1591 1178 1689 1213 sicut
1716 1189 1835 1212 unum
1864 1189 1911 1211 ex
1939 1176 2185 1211 mercenariis

1201 1234 1289 1270 tuis.
1310 1230 1378 1268 Hic
1399 1230 1504 1267 illum
1518 1239 1616 1281 pater
1642 1241 1712 1266 non
1730 1227 1944 1277 alloquitur,
1961 1240 2023 1263 nec
2039 1240 2184 1277 respon-

1201 1284 1261 1322 det
1276 1282 1425 1336 ipsi,sed
1441 1282 1553 1320 servis
1567 1280 1640 1319 suis
1654 1280 1744 1318 dicit
1755 1281 1949 1333 :Pro—ferte
1957 1281 2030 1330 ipsi
2044 1280 2186 1316 stolam
2201 1283 2270 1310 Luc·
2282 1290 2315 1318 ¹7
2337 1290 2384 1308 22-

1199 1340 1381 1389 primam.
1400 1335 1501 1381 Quid
1531 1334 1599 1372 sibi
1627 1333 1707 1372 vult
1734 1332 1825 1371 illud
1860 1331 2035 1382 aenigma?
2059 1331 2187 1368 Multis

1200 1398 1366 1442 precatur
1384 1388 1569 1441 poenitens,
1588 1385 1852 1438 responsionem
1869 1398 1938 1422 non
1958 1384 2106 1431 obtinet,
2125 1383 2187 1421 sed

1201 1456 1305 1494 opere
1323 1440 1545 1479 elementiam
1567 1438 1681 1478 videt.
1703 1438 1796 1475 Hinc
1817 1436 2061 1489 perspicimus,
2075 1436 2188 1488 poeni-

1200 1495 1348 1532 tentiam
1372 1503 1529 1531 nostram
1548 1491 1683 1540 verbis,
1705 1491 1772 1528 Dei
1796 1490 2052 1540 benignitatem
2071 1489 2188 1540 operi-

1200 1547 1268 1585 bus
1281 1545 1447 1598 exprimi.
1463 1547 1543 1597 Pro
1543 1546 1644 1597 ferte
1659 1545 1721 1581 illi
1735 1544 1875 1581 stolam
1888 1545 2068 1594 primam,
2082 1556 2188 1592 quam

1201 1614 1264 1652 per
1281 1598 1595 1650 transgressionem
1613 1595 1792 1648 perdidit:
1813 1596 1917 1632 Date
1939 1608 2090 1646 quoque
2117 1597 2190 1645 ipsi

1200 1654 1481 1690 calceamenta.
1521 1649 1670 1697 Quare?
1699 1648 1793 1695 Quia
1826 1661 1969 1699 serpens
2009 1656 2190 1698 peccantes

1200 1713 1396 1758 oppugnat,
1419 1702 1615 1741 secundum
1634 1701 1727 1739 illud
1745 1717 1752 1737 :
1769 1703 1856 1752 Ipse
1884 1702 2100 1737 observabit
2119 1714 2189 1736 ca-
2209 1709 2282 1735 Gen.
2298 1708 2314 1736 3
2345 1706 2389 1734 15.

1197 1767 1267 1810 put
1294 1771 1434 1803 meum,
1466 1765 1503 1794 et
1532 1764 1573 1793 tu
1600 1755 1847 1792 insidiaberis
1877 1753 2061 1790 calcaneo
2091 1754 2187 1804 ejus.

1200 1812 1254 1849 Ne
1284 1810 1501 1863 perniciosus
1526 1821 1668 1860 serpens
1697 1806 1746 1844 ad
1768 1805 1907 1844 nudum
1936 1804 2064 1856 pedem
2086 1818 2189 1842 aece-

1151 1882 1173 1911 E
1199 1863 1273 1912 dat,
1289 1878 1377 1902 neve
1389 1876 1530 1900 rursum
1547 1874 1723 1899 venenum
1738 1859 1872 1912 peccati
1886 1857 2046 1895 effundat
2059 1857 2192 1895 adver-

1199 1931 1260 1954 sus
1277 1930 1378 1965 eum,
1402 1914 1494 1965 quia
1509 1923 1651 1966 peccato
1674 1913 1844 1950 liberatus
1870 1920 1933 1959 est,
1956 1910 2191 1948 calceamenta

1198 1969 1270 2021 ipsi
1299 1969 1445 2021 apponit
1469 1967 1516 2005 ad
1546 1967 1708 2004 tutelam.
1729 1965 1808 2002 Nisi
1833 1964 1927 2002 enim
1955 1963 2187 2000 calceamenta

1199 2023 1387 2074 acceperit,
1416 2034 1486 2058 non
1519 2027 1634 2071 potest
1662 2018 1796 2055 calcare
1826 2030 1933 2068 supra
1957 2025 2135 2068 serpentes
2157 2024 2190 2052 et

1200 2075 1422 2126 scorpiones,
1450 2081 1484 2110 et
1515 2085 1621 2124 supra
1656 2084 1797 2108 omnem
1834 2070 2003 2108 virtutem
2036 2068 2187 2106 inimici.
2205 2073 2390 2109 Luc-¹019-

1200 2127 1283 2166 Ideo
1304 2126 1475 2165 adversus
1494 2123 1666 2176 serpentis
1691 2136 1832 2161 morsus
1860 2120 2022 2158 muniens
2042 2121 2188 2158 Paulus.

1201 2179 1307 2218 modo
1326 2178 1677 2221 clamabattTimeo,
1697 2190 1744 2213 ne
1759 2178 1861 2213 sicut
1883 2187 2038 2224 serpens
2062 2175 2189 2211 Evam
2206 2186 2234 2204 2-
2257 2176 2325 2204 Cur.
2345 2183 2390 2203 ¹1-

1200 2234 1376 2278 seduxit,
1412 2234 1469 2269 ita
1505 2237 1802 2281 corrumpantur
1838 2239 1972 2265 sensus
2009 2229 2131 2263 vestri
2166 2240 2191 2263 a
2205 2219 2234 2247 3.

1200 2286 1463 2338 simplicitate,
1487 2297 1572 2333 quae
1598 2290 1655 2320 est
1684 2284 1726 2318 in
1758 2281 1927 2318 Christo.
1964 2280 2101 2318 Verum
2134 2278 2193 2315 hic

1201 2338 1363 2390 exsurgit
1381 2351 1443 2374 ceu
1465 2349 1599 2374 novum
1617 2332 1799 2384 quoddam
1815 2331 2072 2383 spectaculum,
2094 2345 2191 2381 qnae-

1202 2391 1269 2429 stio
1296 2403 1422 2442 nempe
1450 2389 1513 2426 illa
1539 2386 1712 2425 celebris:
1732 2385 1837 2423 multi
1866 2384 1960 2421 enim
1981 2383 2192 2421 creationem

1202 2443 1432 2494 redarguunt.
1462 2442 1550 2489 Cur,
1571 2439 1753 2489 inquiunt,
1772 2450 1913 2488 serpens
1938 2436 1973 2473 in
1997 2435 2193 2487 paradiso?

93 2505 393 2556 ἐπιλαμὸοίνονται
411 2508 474 2551 τῆς
494 2504 730 2556 δημιουργίας.
755 2505 824 2542 Καὶ
845 2504 902 2541 διὰ
920 2504 973 2551 τί,
1001 2505 1124 2556 φησὶν,
1139 2531 1186 2558 155.
1203 2511 1267 2534 cur
1282 2496 1419 2547 lignum
1438 2502 1571 2531 tantam
1601 2491 1779 2529 malorum
1798 2488 1983 2526 materiam
2002 2489 2109 2526 tulit?
2131 2503 2194 2526 eur

735 2556 809 2570 mlx

96 2561 114 2596 ὃ
131 2558 206 2623 ὄφις
231 2559 264 2595 ἐν
284 2557 503 2609 παραδείσῳ,
529 2556 586 2594 διὰ
615 2557 650 2594 τί
670 2556 709 2594 τὸ
732 2572 867 2609 οενορον
885 2557 1047 2595 ὑπόθεσιν
1067 2573 1126 2594 το-

96 2626 227 2656 σαυτην
251 2613 369 2648 κακῶν
392 2610 536 2660 ἤνεγκε,
567 2609 623 2647 διὰ
644 2609 679 2646 τί
702 2612 719 2647 ὁ
745 2609 952 2662 δημιουργὸς
971 2613 1125 2648 τοιοῦτον

97 2662 201 2714 φυτὸν
229 2662 413 2714 ἐφύτευσε,
439 2666 514 2705 πῶς
537 2661 572 2699 δὲ
599 2664 661 2700 οὐκ
687 2662 828 2709 ἄτοπον,
853 2662 1033 2714 ἄνθρωπον
1062 2662 1125 2713 μὲν

97 2715 261 2766 κηπωρὸν
280 2715 481 2758 σπουδάζειν
511 2714 649 2752 ἐναντία
677 2714 864 2765 σπέρματα
895 2714 954 2752 καὶ
981 2714 1042 2758 τὰς
1066 2718 1126 2765 βο-

97 2768 202 2811 τάνας
225 2767 285 2811 τὰς
322 2767 505 2820 ἀλλοτρίας
533 2766 692 2819 ἐξορίζειν
711 2771 779 2805 τῶν
800 2767 934 2805 οἰκείων
964 2768 1124 2819 σπερμά-

97 2836 180 2867 των,
200 2820 259 2858 καὶ
281 2820 435 2872 καθαρὰν
457 2820 640 2872 φυλάττειν
660 2820 722 2867 τὴν
745 2823 868 2858 ἑαυτοῦ
887 2823 950 2872 γ’ἧν
970 2820 1038 2858 ἀπὸ
1057 2823 1125 2858 τῶν

99 2872 281 2911 ἐναντίων·
302 2873 359 2910 τὸν
377 2872 413 2911 δὲ
429 2872 518 2912 Θεὸν
542 2878 703 2912 τοσοῦτον
723 2873 783 2911 καὶ
803 2875 1005 2920 τηλικοῦτον
1025 2873 1128 2926 ἑδρά-

98 2941 208 2963 σαντα
227 2925 455 2977 παράῖεισον,
483 2926 587 2977 φυτὸν
613 2926 898 2972 κατασκευάσαι,
923 2927 980 2977 ἀφ’
997 2920 1035 2963 οῧ
1056 2941 1127 2971 πη-

98 2978 214 3029 γάζειν
239 2977 381 3028 ἔμελλεν
401 2982 422 3025 ἡ
447 2981 516 3016 τῶν
545 2982 662 3016 κακῶν
688 2978 864 3025 ὑπόθεσις,
891 2979 976 3016 Ἔπὶ
996 2977 1126 3024 ταύτην

97 3034 192 3081 ἡμᾶς
212 3030 288 3081 ἄγει
306 3030 369 3076 τὴν
387 3031 590 3069 ἀκολουθίαν
611 3034 628 3069 ὃ
645 3035 731 3074 θεῖος
746 3033 886 3073 Παῦλος
901 3030 1011 3082 λέγων
1026 3046 1033 3053 ·
1051 3031 1128 3067 Φο-

100 3083 251 3134 ῧοῦμαι,
274 3083 322 3134 μή
342 3099 434 3131 πως,
459 3086 505 3127 ὡς
533 3087 550 3122 ὁ
584 3083 658 3136 ὄφις
690 3083 784 3122 Εὕαν
814 3082 1007 3130 ἠπάτησεν,
1038 3082 1127 3120 οὕτω

99 3139 214 3188 φθαρῇ
231 3136 276 3174 τὰ
299 3136 460 3183 νοήματα
479 3139 575 3186 ὑμῶν
605 3136 674 3174 ἀπὸ
697 3140 759 3182 τῆς
780 3135 973 3182 ἁπλότητος
999 3137 1062 3181 τ’ἧς
1082 3137 1129 3178 εἰς

100 3187 265 3241 Χριστόν.
281 3188 328 3226 Τί
345 3183 415 3236 οὖν,
435 3188 597 3240 ἀδελφοί,
612 3188 670 3227 Τὰ
686 3188 799 3227 πολλὰ
812 3188 873 3226 καὶ
894 3188 1041 3240 περιττὰ
1059 3191 1128 3225 τῶν

101 3241 195 3279 κατὰ
214 3242 316 3293 μέρος
336 3240 587 3290 ἐξεταζομένων
618 3241 778 3292 ἀφέντες,
805 3241 862 3280 ἐπὶ
891 3240 930 3277 τὸ
963 3240 1129 3291 σύντομον

100 3292 268 3344 ἔλθωμεν.
288 3294 332 3333 Ὁ
348 3293 436 3336 Θεὸς
451 3293 566 3331 πάντα
587 3293 679 3331 καλὰ
700 3293 857 3340 ἐποίησε·
874 3293 934 3331 καὶ
949 3293 1041 3331 καλὰ
1069 3295 1128 3344 οὐγ

106 3346 351 3394 ἆπλῶς,ἀλλὰ
386 3346 446 3384 καὶ
478 3346 567 3384 Δίαν
599 3346 702 3384 καλά.
722 3346 766 3384 ‘H
796 3346 864 3398 γὰρ
897 3345 1064 3397 ἐπαγωγὴ
1094 3338 1133 3382 τό

104 3398 207 3449 ἀκρον
221 3403 280 3437 τοῦ
311 3400 458 3442 κάλλους
492 3398 643 3437 δείκνυσι
672 3401 738 3436 τῶν
771 3398 962 3450 γενομένων
980 3399 1132 3437 πάντων.

321 3465 415 3489 ΤοΜ.
448 3466 542 3489 vlit.

1151 2570 1174 2597 A
1204 2550 1348 2586 Creator
1366 2547 1507 2598 lignum
1524 2544 1593 2582 tale
1612 2542 1810 2596 plantavit?
1829 2540 2008 2592 quomodo
2030 2556 2099 2578 non
2130 2542 2193 2578 ab-

1202 2601 1353 2640 surdum
1380 2598 1504 2647 fuerit,
1523 2611 1606 2635 cum
1624 2595 1835 2633 hortulanus
1854 2594 1963 2632 homo
1989 2604 2086 2632 curet
2109 2608 2192 2631 eon—

1201 2654 1310 2692 traria
1326 2652 1460 2691 semina
1478 2659 1511 2689 et
1530 2650 1661 2687 alienas
1683 2648 1810 2685 herbas
1827 2661 1847 2684 a
1865 2647 2021 2699 propriis
2049 2647 2192 2684 semini—

1201 2708 1268 2746 bus
1289 2705 1486 2752 eliminare,
1507 2712 1540 2740 et
1561 2717 1580 2739 a
1595 2701 1714 2739 noxiis
1730 2710 1860 2738 terram
1879 2714 1980 2737 suam
1995 2699 2188 2749 custodire3

1201 2762 1319 2798 Deum
1338 2757 1400 2808 qui
1419 2757 1525 2794 talem
1543 2764 1577 2793 et
1595 2763 1735 2792 tantum
1765 2751 1948 2790 constituit
1966 2752 2190 2804 paradisum,

1202 2813 1364 2851 arborem
1393 2808 1573 2862 paravisse
1592 2807 1688 2844 unde
1717 2815 1813 2844 tanta
1835 2805 2013 2842 malorum
2044 2806 2191 2843 materia

1201 2873 1406 2903 emanatura
1434 2861 1532 2900 erat?
1550 2859 1608 2897 Ad
1636 2860 1702 2897 hoc
1728 2872 1791 2896 nos
1822 2867 2072 2909 argumentum
2092 2857 2191 2895 ducit

1201 2918 1348 2957 divinus
1375 2915 1524 2961 Paulus,
1554 2927 1636 2951 (tum
1660 2912 1729 2950 ait:
1750 2913 1893 2958 Timeo,
1920 2925 1966 2948 ne
1991 2913 2087 2948 sicut
2113 2925 2190 2948 ser-

1198 2983 1293 3023 pens
1323 2970 1452 3007 Evam
1476 2967 1642 3012 seduxit,
1663 2968 1720 3003 ita
1738 2972 2036 3015 corrumpantur
2055 2977 2188 3001 sensus

1202 3025 1324 3061 vestri
1340 3035 1363 3059 a
1376 3021 1624 3071 simplicitate
1643 3021 1684 3055 in
1705 3019 1872 3056 Christo.
1888 3015 1985 3062 Quid
2005 3029 2100 3067 ergo,
2121 3016 2189 3052 fra-

1201 3075 1300 3114 tres?
1315 3075 1374 3112 Ex
1396 3073 1441 3111 iis
1461 3087 1540 3123 quae
1560 3070 1746 3123 sigillatim
1771 3067 1999 3107 excutiuntur
2028 3068 2139 3105 multa
2159 3077 2191 3104 et

1203 3127 1381 3181 superflua
1413 3125 1608 3172 mittentes,
1635 3123 1683 3161 ad
1713 3121 1965 3174 compendium
1989 3121 2186 3158 veniamus.

1204 3183 1301 3219 Deus
1340 3179 1458 3218 omnia
1489 3177 1572 3215 fecit
1605 3178 1720 3225 hona,
1759 3188 1821 3212 nec
1856 3173 2064 3225 simpliciter
2097 3172 2189 3209 bona

1204 3233 1267 3272 sed
1285 3242 1319 3271 et
1336 3232 1460 3271 Valde
1480 3233 1591 3268 bona.
1612 3229 1689 3267 Hoc
1707 3228 1803 3265 enim
1827 3226 2108 3264 additamentum
2127 3225 2187 3261 bo-
2207 3240 2277 3267 cm
2303 3237 2387 3266 t.3t.

1205 3287 1351 3325 nitatem
1383 3297 1559 3323 summam
1587 3281 1811 3335 opificiorum
1839 3278 1999 3316 omnium
2022 3277 2187 3313 declarat.

1206 3342 1278 3378 Dat
1292 3338 1404 3390 igitur
1421 3339 1522 3375 Deus
1537 3335 1676 3373 Adamo
1691 3332 1828 3383 copiam
1844 3344 1976 3375 rerum,
1994 3343 2113 3379 usum,
2129 3343 2190 3380 po—

1210 3401 1387 3439 testatem,
1410 3399 1451 3428 ut
1479 3389 1619 3426 fruatur
1635 3385 1821 3438 paradiso,
1841 3392 1874 3421 et
1894 3382 2100 3421 visibilibus
2125 3383 2190 3420 im-

1915 3448 1964 3473 oo
