<?xml version="1.0" encoding="UTF-8"?>
<!DOCTYPE html PUBLIC "-//W3C//DTD XHTML 1.0 Transitional//EN"
    "http://www.w3.org/TR/xhtml1/DTD/xhtml1-transitional.dtd">
<html xmlns="http://www.w3.org/1999/xhtml" xml:lang="en" lang="en">
 <head>
  <title>
</title>
<meta http-equiv="Content-Type" content="text/html;charset=utf-8" />
  <meta name='ocr-system' content='tesseract 3.04.00' />
  <meta name='ocr-capabilities' content='ocr_page ocr_carea ocr_par ocr_line ocrx_word'/>
</head>
<body>
  <div class='ocr_page' id='page_1' title='image "./operaomniaquaeex08johnuoft/operaomniaquaeex08johnuoft_0328.png"; bbox 0 0 2481 3678; ppageno 0'>
   <div class='ocr_carea' id='block_1_1' title="bbox 285 160 1253 205">
    <p class='ocr_par' dir='ltr' id='par_1_1' title="bbox 285 160 1253 205">
     <span class='ocr_line' id='line_1_1' title="bbox 285 160 1253 205; baseline 0.002 -2"><span class='ocrx_word' id='word_1_1' title='bbox 285 160 342 203; x_wconf 80' lang='lat'>30</span> <span class='ocrx_word' id='word_1_2' title='bbox 353 175 374 202; x_wconf 80' lang='lat'><strong>2</strong></span> <span class='ocrx_word' id='word_1_3' title='bbox 714 174 752 205; x_wconf 87' lang='lat' dir='ltr'>s.</span> <span class='ocrx_word' id='word_1_4' title='bbox 789 175 975 205; x_wconf 72' lang='lat' dir='ltr'>JOANNIS</span> <span class='ocrx_word' id='word_1_5' title='bbox 1010 174 1253 205; x_wconf 76' lang='lat' dir='ltr'>cuRYsos&#39;r.</span> 
     </span>
    </p>
   </div>
   <div class='ocr_carea' id='block_1_2' title="bbox 260 255 1308 2581">
    <p class='ocr_par' dir='ltr' id='par_1_2' title="bbox 260 255 1308 2581">
     <span class='ocr_line' id='line_1_2' title="bbox 285 255 1308 308; baseline 0.003 -17"><span class='ocrx_word' id='word_1_6' title='bbox 285 268 431 292; x_wconf 83' lang='lat' dir='ltr'>manna</span> <span class='ocrx_word' id='word_1_7' title='bbox 446 257 488 292; x_wconf 83' lang='lat' dir='ltr'>in</span> <span class='ocrx_word' id='word_1_8' title='bbox 503 256 664 294; x_wconf 66' lang='lat' dir='ltr'>deserta</span> <span class='ocrx_word' id='word_1_9' title='bbox 694 255 795 293; x_wconf 88' lang='lat' dir='ltr'>Nihil</span> <span class='ocrx_word' id='word_1_10' title='bbox 818 256 874 294; x_wconf 87' lang='lat' dir='ltr'>his</span> <span class='ocrx_word' id='word_1_11' title='bbox 901 255 1139 308; x_wconf 79' lang='lat' dir='ltr'>insipientius,</span> <span class='ocrx_word' id='word_1_12' title='bbox 1172 255 1264 294; x_wconf 87' lang='lat' dir='ltr'>nihil</span> <span class='ocrx_word' id='word_1_13' title='bbox 1286 259 1308 289; x_wconf 86' lang='grc' dir='ltr'>Β</span> 
     </span>
     <span class='ocr_line' id='line_1_3' title="bbox 283 315 1265 368; baseline 0.003 -16"><span class='ocrx_word' id='word_1_14' title='bbox 283 315 442 353; x_wconf 81' lang='lat' dir='ltr'>stultius.</span> <span class='ocrx_word' id='word_1_15' title='bbox 460 316 552 354; x_wconf 91' lang='lat' dir='ltr'>Cum</span> <span class='ocrx_word' id='word_1_16' title='bbox 569 317 711 368; x_wconf 81' lang='lat' dir='ltr'>signum</span> <span class='ocrx_word' id='word_1_17' title='bbox 731 316 848 355; x_wconf 83' lang='lat' dir='ltr'>adhuc</span> <span class='ocrx_word' id='word_1_18' title='bbox 864 317 900 355; x_wconf 92' lang='lat' dir='ltr'>in</span> <span class='ocrx_word' id='word_1_19' title='bbox 923 317 1034 355; x_wconf 86' lang='lat' dir='ltr'>oculis</span> <span class='ocrx_word' id='word_1_20' title='bbox 1053 327 1156 368; x_wconf 90' lang='lat' dir='ltr'>esset,</span> <span class='ocrx_word' id='word_1_21' title='bbox 1176 331 1216 355; x_wconf 82' lang='lat' dir='ltr'>ae</span> <span class='ocrx_word' id='word_1_22' title='bbox 1236 317 1265 355; x_wconf 88' lang='lat' dir='ltr'>si</span> 
     </span>
     <span class='ocr_line' id='line_1_4' title="bbox 283 377 1266 432; baseline 0.003 -18"><span class='ocrx_word' id='word_1_23' title='bbox 283 377 424 415; x_wconf 89' lang='lat' dir='ltr'>nullum</span> <span class='ocrx_word' id='word_1_24' title='bbox 446 378 578 416; x_wconf 80' lang='lat' dir='ltr'>factum</span> <span class='ocrx_word' id='word_1_25' title='bbox 595 387 694 428; x_wconf 87' lang='lat' dir='ltr'>esset,</span> <span class='ocrx_word' id='word_1_26' title='bbox 715 377 893 428; x_wconf 77' lang='lat' dir='ltr'>dicebant,</span> <span class='ocrx_word' id='word_1_27' title='bbox 917 379 1028 429; x_wconf 81' lang='lat' dir='ltr'>Quod</span> <span class='ocrx_word' id='word_1_28' title='bbox 1040 379 1266 432; x_wconf 79' lang='lat' dir='ltr'>sz&#39;gnumfa-</span> 
     </span>
     <span class='ocr_line' id='line_1_5' title="bbox 282 439 1265 492; baseline 0.002 -16"><span class='ocrx_word' id='word_1_29' title='bbox 282 442 491 490; x_wconf 79' lang='lat' dir='ltr'>cis?neque</span> <span class='ocrx_word' id='word_1_30' title='bbox 514 440 582 492; x_wconf 85' lang='lat' dir='ltr'>ipsi</span> <span class='ocrx_word' id='word_1_31' title='bbox 610 440 787 492; x_wconf 81' lang='lat' dir='ltr'>optionem</span> <span class='ocrx_word' id='word_1_32' title='bbox 818 439 909 491; x_wconf 83' lang='lat' dir='ltr'>signi</span> <span class='ocrx_word' id='word_1_33' title='bbox 939 439 1165 490; x_wconf 86' lang='lat' dir='ltr'>relinquunt;</span> <span class='ocrx_word' id='word_1_34' title='bbox 1203 440 1265 478; x_wconf 84' lang='lat' dir='ltr'>sed</span> 
     </span>
     <span class='ocr_line' id='line_1_6' title="bbox 282 500 1260 551; baseline 0.002 -15"><span class='ocrx_word' id='word_1_35' title='bbox 282 509 408 551; x_wconf 78' lang='lat' dir='ltr'>putant</span> <span class='ocrx_word' id='word_1_36' title='bbox 430 516 465 539; x_wconf 90' lang='lat' dir='ltr'>se</span> <span class='ocrx_word' id='word_1_37' title='bbox 479 501 526 539; x_wconf 83' lang='lat' dir='ltr'>ad</span> <span class='ocrx_word' id='word_1_38' title='bbox 551 501 790 539; x_wconf 69' lang='lat' dir='ltr'>necessitatem</span> <span class='ocrx_word' id='word_1_39' title='bbox 808 501 911 538; x_wconf 91' lang='lat' dir='ltr'>illum</span> <span class='ocrx_word' id='word_1_40' title='bbox 938 500 1146 538; x_wconf 85' lang='lat' dir='ltr'>reducturos</span> <span class='ocrx_word' id='word_1_41' title='bbox 1173 515 1260 551; x_wconf 85' lang='lat' dir='ltr'>esse,</span> 
     </span>
     <span class='ocr_line' id='line_1_7' title="bbox 282 561 1263 613; baseline 0.002 -16"><span class='ocrx_word' id='word_1_42' title='bbox 282 571 318 598; x_wconf 76' lang='lat' dir='ltr'>ul</span> <span class='ocrx_word' id='word_1_43' title='bbox 340 576 407 599; x_wconf 88' lang='lat' dir='ltr'>nou</span> <span class='ocrx_word' id='word_1_44' title='bbox 431 562 530 600; x_wconf 80' lang='lat' dir='ltr'>aliud</span> <span class='ocrx_word' id='word_1_45' title='bbox 548 563 690 613; x_wconf 81' lang='lat' dir='ltr'>signum</span> <span class='ocrx_word' id='word_1_46' title='bbox 703 563 843 610; x_wconf 79' lang='lat' dir='ltr'>faceret,</span> <span class='ocrx_word' id='word_1_47' title='bbox 859 576 965 612; x_wconf 83' lang='lat' dir='ltr'>quam</span> <span class='ocrx_word' id='word_1_48' title='bbox 979 561 1075 612; x_wconf 88' lang='lat' dir='ltr'>quod</span> <span class='ocrx_word' id='word_1_49' title='bbox 1089 561 1263 613; x_wconf 79' lang='lat' dir='ltr'>majorum</span> 
     </span>
     <span class='ocr_line' id='line_1_8' title="bbox 280 621 1261 675; baseline 0.001 -18"><span class='ocrx_word' id='word_1_50' title='bbox 280 636 427 660; x_wconf 64' lang='lat' dir='ltr'>=suorum</span> <span class='ocrx_word' id='word_1_51' title='bbox 464 624 681 675; x_wconf 84' lang='lat' dir='ltr'><strong>temporibus</strong></span> <span class='ocrx_word' id='word_1_52' title='bbox 717 624 849 660; x_wconf 74' lang='lat' dir='ltr'>factum</span> <span class='ocrx_word' id='word_1_53' title='bbox 882 632 945 660; x_wconf 79' lang='lat' dir='ltr'>est.</span> <span class='ocrx_word' id='word_1_54' title='bbox 978 622 1063 659; x_wconf 86' lang='lat' dir='ltr'>Ideo</span> <span class='ocrx_word' id='word_1_55' title='bbox 1103 621 1227 660; x_wconf 87' lang='lat' dir='ltr'>dicunt</span> <span class='ocrx_word' id='word_1_56' title='bbox 1254 638 1261 658; x_wconf 76' lang='grc' dir='ltr'>ε</span> 
     </span>
     <span class='ocr_line' id='line_1_9' title="bbox 281 685 1262 723; baseline 0.001 -4"><span class='ocrx_word' id='word_1_57' title='bbox 281 685 420 722; x_wconf 79' lang='lat' dir='ltr'>Patres</span> <span class='ocrx_word' id='word_1_58' title='bbox 452 688 571 722; x_wconf 79' lang='lat' dir='ltr'><em>nostri</em></span> <span class='ocrx_word' id='word_1_59' title='bbox 602 686 933 723; x_wconf 78' lang='lat' dir='ltr'>manducaverunt</span> <span class='ocrx_word' id='word_1_60' title='bbox 960 698 1106 721; x_wconf 77' lang='lat' dir='ltr'>manna</span> <span class='ocrx_word' id='word_1_61' title='bbox 1133 687 1174 721; x_wconf 82' lang='grc' dir='ltr'><strong><em>ιή</em></strong></span> <span class='ocrx_word' id='word_1_62' title='bbox 1199 685 1262 721; x_wconf 81' lang='lat' dir='ltr'>de-</span> 
     </span>
     <span class='ocr_line' id='line_1_10' title="bbox 279 746 1261 797; baseline 0.003 -16"><span class='ocrx_word' id='word_1_63' title='bbox 279 753 395 787; x_wconf 79' lang='lat' dir='ltr'>serc0;</span> <span class='ocrx_word' id='word_1_64' title='bbox 412 746 479 783; x_wconf 87' lang='lat' dir='ltr'>hoc</span> <span class='ocrx_word' id='word_1_65' title='bbox 500 746 607 784; x_wconf 87' lang='lat' dir='ltr'>modo</span> <span class='ocrx_word' id='word_1_66' title='bbox 629 760 665 784; x_wconf 90' lang='lat' dir='ltr'>se</span> <span class='ocrx_word' id='word_1_67' title='bbox 682 747 785 784; x_wconf 89' lang='lat' dir='ltr'>illum</span> <span class='ocrx_word' id='word_1_68' title='bbox 798 746 1012 785; x_wconf 76' lang='lat' dir='ltr'>excitaturos</span> <span class='ocrx_word' id='word_1_69' title='bbox 1041 760 1115 783; x_wconf 87' lang='lat' dir='ltr'>esse</span> <span class='ocrx_word' id='word_1_70' title='bbox 1134 754 1261 797; x_wconf 82' lang='lat' dir='ltr'>putan—</span> 
     </span>
     <span class='ocr_line' id='line_1_11' title="bbox 280 806 1262 859; baseline 0.001 -17"><span class='ocrx_word' id='word_1_71' title='bbox 280 815 345 854; x_wconf 74' lang='lat' dir='ltr'>tes,</span> <span class='ocrx_word' id='word_1_72' title='bbox 371 815 411 843; x_wconf 86' lang='lat' dir='ltr'>ut</span> <span class='ocrx_word' id='word_1_73' title='bbox 424 806 631 859; x_wconf 87' lang='lat' dir='ltr'>hujusmodi</span> <span class='ocrx_word' id='word_1_74' title='bbox 649 808 791 857; x_wconf 77' lang='lat' dir='ltr'>siguum</span> <span class='ocrx_word' id='word_1_75' title='bbox 810 808 951 856; x_wconf 76' lang='lat' dir='ltr'>fuceret,</span> <span class='ocrx_word' id='word_1_76' title='bbox 967 806 1063 857; x_wconf 83' lang='lat' dir='ltr'>quod</span> <span class='ocrx_word' id='word_1_77' title='bbox 1085 806 1164 843; x_wconf 90' lang='lat' dir='ltr'>illos</span> <span class='ocrx_word' id='word_1_78' title='bbox 1185 820 1262 844; x_wconf 79' lang='lat' dir='ltr'>ear-</span> 
     </span>
     <span class='ocr_line' id='line_1_12' title="bbox 280 867 1261 921; baseline 0.001 -18"><span class='ocrx_word' id='word_1_79' title='bbox 280 867 407 905; x_wconf 78' lang='lat' dir='ltr'>naliter</span> <span class='ocrx_word' id='word_1_80' title='bbox 424 869 516 906; x_wconf 81' lang='lat' dir='ltr'>alere</span> <span class='ocrx_word' id='word_1_81' title='bbox 533 878 660 921; x_wconf 82' lang='lat' dir='ltr'>posset.</span> <span class='ocrx_word' id='word_1_82' title='bbox 674 869 748 906; x_wconf 86' lang='lat' dir='ltr'>Cur</span> <span class='ocrx_word' id='word_1_83' title='bbox 771 869 865 906; x_wconf 84' lang='lat' dir='ltr'>onim</span> <span class='ocrx_word' id='word_1_84' title='bbox 882 882 951 906; x_wconf 88' lang='lat' dir='ltr'>non</span> <span class='ocrx_word' id='word_1_85' title='bbox 977 867 1077 905; x_wconf 81' lang='lat' dir='ltr'>aliud</span> <span class='ocrx_word' id='word_1_86' title='bbox 1099 882 1144 905; x_wconf 80' lang='lat' dir='ltr'>ex</span> <span class='ocrx_word' id='word_1_87' title='bbox 1164 868 1261 919; x_wconf 88' lang='lat' dir='ltr'>prio-</span> 
     </span>
     <span class='ocr_line' id='line_1_13' title="bbox 280 928 1263 981; baseline 0.003 -17"><span class='ocrx_word' id='word_1_88' title='bbox 280 928 380 965; x_wconf 82' lang='lat' dir='ltr'>ribus</span> <span class='ocrx_word' id='word_1_89' title='bbox 414 930 525 981; x_wconf 82' lang='lat' dir='ltr'>signis</span> <span class='ocrx_word' id='word_1_90' title='bbox 565 939 887 968; x_wconf 85' lang='lat' dir='ltr'>commemorarunt</span> <span class='ocrx_word' id='word_1_91' title='bbox 911 945 919 965; x_wconf 94' lang='lat'>:</span> <span class='ocrx_word' id='word_1_92' title='bbox 945 929 1010 967; x_wconf 88' lang='lat' dir='ltr'>etsi</span> <span class='ocrx_word' id='word_1_93' title='bbox 1038 929 1149 966; x_wconf 77' lang='lat' dir='ltr'>multa</span> <span class='ocrx_word' id='word_1_94' title='bbox 1178 938 1263 967; x_wconf 88' lang='lat' dir='ltr'>tunc</span> 
     </span>
     <span class='ocr_line' id='line_1_14' title="bbox 277 985 1304 1044; baseline 0 -17"><span class='ocrx_word' id='word_1_95' title='bbox 277 990 367 1028; x_wconf 78' lang='lat' dir='ltr'>sacta</span> <span class='ocrx_word' id='word_1_96' title='bbox 385 991 531 1029; x_wconf 87' lang='lat' dir='ltr'>fuissent</span> <span class='ocrx_word' id='word_1_97' title='bbox 549 992 585 1030; x_wconf 91' lang='lat' dir='ltr'>in</span> <span class='ocrx_word' id='word_1_98' title='bbox 606 992 775 1044; x_wconf 80' lang='lat' dir='ltr'>AEgypto,</span> <span class='ocrx_word' id='word_1_99' title='bbox 788 991 823 1028; x_wconf 90' lang='lat' dir='ltr'>in</span> <span class='ocrx_word' id='word_1_100' title='bbox 839 990 940 1039; x_wconf 77' lang='lat' dir='ltr'>mari,</span> <span class='ocrx_word' id='word_1_101' title='bbox 963 990 999 1027; x_wconf 91' lang='lat' dir='ltr'>in</span> <span class='ocrx_word' id='word_1_102' title='bbox 1021 989 1183 1039; x_wconf 77' lang='lat' dir='ltr'>deserto;</span> <span class='ocrx_word' id='word_1_103' title='bbox 1200 990 1260 1027; x_wconf 89' lang='lat' dir='ltr'>sed</span> <span class='ocrx_word' id='word_1_104' title='bbox 1281 985 1304 1015; x_wconf 77' lang='lat' dir='ltr'>C</span> 
     </span>
     <span class='ocr_line' id='line_1_15' title="bbox 276 1050 1260 1104; baseline -0.001 -16"><span class='ocrx_word' id='word_1_105' title='bbox 276 1052 392 1089; x_wconf 87' lang='lat' dir='ltr'>solum</span> <span class='ocrx_word' id='word_1_106' title='bbox 415 1066 542 1090; x_wconf 82' lang='lat' dir='ltr'>manna</span> <span class='ocrx_word' id='word_1_107' title='bbox 573 1052 784 1104; x_wconf 78' lang='lat' dir='ltr'>proferunt?</span> <span class='ocrx_word' id='word_1_108' title='bbox 810 1065 926 1088; x_wconf 80' lang='lat' dir='ltr'>annon</span> <span class='ocrx_word' id='word_1_109' title='bbox 944 1050 1027 1100; x_wconf 83' lang='lat' dir='ltr'>quia</span> <span class='ocrx_word' id='word_1_110' title='bbox 1046 1050 1180 1088; x_wconf 89' lang='lat' dir='ltr'>ventris</span> <span class='ocrx_word' id='word_1_111' title='bbox 1202 1059 1260 1102; x_wconf 88' lang='lat' dir='ltr'>ty-</span> 
     </span>
     <span class='ocr_line' id='line_1_16' title="bbox 276 1110 1260 1157; baseline 0.001 -9"><span class='ocrx_word' id='word_1_112' title='bbox 276 1113 423 1150; x_wconf 80' lang='lat' dir='ltr'>rannide</span> <span class='ocrx_word' id='word_1_113' title='bbox 447 1113 643 1151; x_wconf 78' lang='lat' dir='ltr'>admodum</span> <span class='ocrx_word' id='word_1_114' title='bbox 671 1112 904 1151; x_wconf 77' lang='lat' dir='ltr'>tenebantur?</span> <span class='ocrx_word' id='word_1_115' title='bbox 929 1110 1118 1157; x_wconf 87' lang='lat' dir='ltr'>Quomodo</span> <span class='ocrx_word' id='word_1_116' title='bbox 1141 1120 1260 1149; x_wconf 83' lang='lat' dir='ltr'>autem</span> 
     </span>
     <span class='ocr_line' id='line_1_17' title="bbox 274 1171 1259 1225; baseline 0.001 -16"><span class='ocrx_word' id='word_1_117' title='bbox 274 1186 337 1210; x_wconf 82' lang='lat' dir='ltr'>vos</span> <span class='ocrx_word' id='word_1_118' title='bbox 367 1173 430 1223; x_wconf 86' lang='lat' dir='ltr'>qui</span> <span class='ocrx_word' id='word_1_119' title='bbox 458 1173 668 1225; x_wconf 80' lang='lat' dir='ltr'>prophetam</span> <span class='ocrx_word' id='word_1_120' title='bbox 700 1173 806 1210; x_wconf 88' lang='lat' dir='ltr'>illum</span> <span class='ocrx_word' id='word_1_121' title='bbox 844 1171 1011 1221; x_wconf 78' lang='lat' dir='ltr'>vocastis,</span> <span class='ocrx_word' id='word_1_122' title='bbox 1043 1172 1106 1221; x_wconf 86' lang='lat' dir='ltr'>qui</span> <span class='ocrx_word' id='word_1_123' title='bbox 1140 1185 1259 1223; x_wconf 87' lang='lat' dir='ltr'>regem</span> 
     </span>
     <span class='ocr_line' id='line_1_18' title="bbox 272 1233 1254 1285; baseline 0.001 -15"><span class='ocrx_word' id='word_1_124' title='bbox 272 1234 391 1285; x_wconf 84' lang='lat' dir='ltr'>ipsum</span> <span class='ocrx_word' id='word_1_125' title='bbox 409 1235 621 1272; x_wconf 85' lang='lat' dir='ltr'>constituere</span> <span class='ocrx_word' id='word_1_126' title='bbox 636 1234 816 1284; x_wconf 76' lang='lat' dir='ltr'>voluistis,</span> <span class='ocrx_word' id='word_1_127' title='bbox 840 1233 925 1284; x_wconf 84' lang='lat' dir='ltr'>quia</span> <span class='ocrx_word' id='word_1_128' title='bbox 945 1233 1088 1285; x_wconf 83' lang='lat' dir='ltr'>signum</span> <span class='ocrx_word' id='word_1_129' title='bbox 1110 1233 1254 1273; x_wconf 78' lang='lat' dir='ltr'>Videra-</span> 
     </span>
     <span class='ocr_line' id='line_1_19' title="bbox 272 1294 1256 1347; baseline 0.003 -16"><span class='ocrx_word' id='word_1_130' title='bbox 272 1294 331 1344; x_wconf 83' lang='lat' dir='ltr'>tis,</span> <span class='ocrx_word' id='word_1_131' title='bbox 346 1309 441 1333; x_wconf 85' lang='lat' dir='ltr'>nune</span> <span class='ocrx_word' id='word_1_132' title='bbox 459 1309 499 1333; x_wconf 82' lang='lat' dir='ltr'>ac</span> <span class='ocrx_word' id='word_1_133' title='bbox 514 1296 543 1334; x_wconf 90' lang='lat' dir='ltr'>si</span> <span class='ocrx_word' id='word_1_134' title='bbox 563 1296 656 1334; x_wconf 89' lang='lat' dir='ltr'>nihil</span> <span class='ocrx_word' id='word_1_135' title='bbox 680 1297 813 1334; x_wconf 84' lang='lat' dir='ltr'>sactum</span> <span class='ocrx_word' id='word_1_136' title='bbox 838 1295 898 1344; x_wconf 80' lang='lat' dir='ltr'>sit,</span> <span class='ocrx_word' id='word_1_137' title='bbox 918 1294 1050 1346; x_wconf 82' lang='lat' dir='ltr'>ingrati</span> <span class='ocrx_word' id='word_1_138' title='bbox 1071 1303 1105 1332; x_wconf 92' lang='lat' dir='ltr'>et</span> <span class='ocrx_word' id='word_1_139' title='bbox 1126 1295 1256 1347; x_wconf 84' lang='lat' dir='ltr'>perfidi</span> 
     </span>
     <span class='ocr_line' id='line_1_20' title="bbox 268 1357 1255 1411; baseline 0 -17"><span class='ocrx_word' id='word_1_140' title='bbox 268 1357 365 1408; x_wconf 83' lang='lat' dir='ltr'>estis,</span> <span class='ocrx_word' id='word_1_141' title='bbox 387 1367 422 1395; x_wconf 89' lang='lat' dir='ltr'>et</span> <span class='ocrx_word' id='word_1_142' title='bbox 437 1358 580 1409; x_wconf 83' lang='lat' dir='ltr'>signum</span> <span class='ocrx_word' id='word_1_143' title='bbox 598 1358 732 1411; x_wconf 86' lang='lat' dir='ltr'>petitis,</span> <span class='ocrx_word' id='word_1_144' title='bbox 756 1357 994 1410; x_wconf 81' lang='lat' dir='ltr'>parasitorum</span> <span class='ocrx_word' id='word_1_145' title='bbox 1007 1366 1040 1395; x_wconf 93' lang='lat' dir='ltr'>et</span> <span class='ocrx_word' id='word_1_146' title='bbox 1061 1370 1189 1394; x_wconf 82' lang='lat' dir='ltr'>canum</span> <span class='ocrx_word' id='word_1_147' title='bbox 1202 1358 1255 1395; x_wconf 77' lang='lat' dir='ltr'>fa—</span> 
     </span>
     <span class='ocr_line' id='line_1_21' title="bbox 269 1419 1255 1460; baseline 0.002 -4"><span class='ocrx_word' id='word_1_148' title='bbox 269 1420 479 1458; x_wconf 86' lang='lat' dir='ltr'>melicorum</span> <span class='ocrx_word' id='word_1_149' title='bbox 504 1435 628 1460; x_wconf 79' lang='lat' dir='ltr'>vocem</span> <span class='ocrx_word' id='word_1_150' title='bbox 647 1421 843 1460; x_wconf 82' lang='lat' dir='ltr'>emittentes</span> <span class='ocrx_word' id='word_1_151' title='bbox 856 1420 874 1457; x_wconf 70' lang='grc' dir='ltr'>Ρ</span> <span class='ocrx_word' id='word_1_152' title='bbox 889 1432 983 1457; x_wconf 85' lang='lat' dir='ltr'>nune</span> <span class='ocrx_word' id='word_1_153' title='bbox 1005 1419 1109 1458; x_wconf 85' lang='lat' dir='ltr'>vohis</span> <span class='ocrx_word' id='word_1_154' title='bbox 1128 1432 1255 1458; x_wconf 82' lang='lat' dir='ltr'>manna</span> 
     </span>
     <span class='ocr_line' id='line_1_22' title="bbox 269 1481 1255 1533; baseline 0.001 -13"><span class='ocrx_word' id='word_1_155' title='bbox 269 1483 499 1522; x_wconf 80' lang='lat' dir='ltr'>admirationi</span> <span class='ocrx_word' id='word_1_156' title='bbox 527 1493 590 1533; x_wconf 86' lang='lat' dir='ltr'>est,</span> <span class='ocrx_word' id='word_1_157' title='bbox 627 1497 709 1521; x_wconf 85' lang='lat' dir='ltr'>cum</span> <span class='ocrx_word' id='word_1_158' title='bbox 736 1483 853 1521; x_wconf 85' lang='lat' dir='ltr'>anima</span> <span class='ocrx_word' id='word_1_159' title='bbox 884 1492 1004 1522; x_wconf 85' lang='lat' dir='ltr'>vestra</span> <span class='ocrx_word' id='word_1_160' title='bbox 1035 1481 1182 1520; x_wconf 74' lang='lat' dir='ltr'>deficit?</span> <span class='ocrx_word' id='word_1_161' title='bbox 1207 1483 1255 1521; x_wconf 88' lang='lat' dir='ltr'>Et</span> 
     </span>
     <span class='ocr_line' id='line_1_23' title="bbox 268 1542 1254 1596; baseline 0 -14"><span class='ocrx_word' id='word_1_162' title='bbox 268 1545 414 1584; x_wconf 77' lang='lat' dir='ltr'>adverte</span> <span class='ocrx_word' id='word_1_163' title='bbox 431 1546 598 1584; x_wconf 78' lang='lat' dir='ltr'>ironiam.</span> <span class='ocrx_word' id='word_1_164' title='bbox 618 1547 698 1583; x_wconf 91' lang='lat' dir='ltr'>Non</span> <span class='ocrx_word' id='word_1_165' title='bbox 717 1545 902 1595; x_wconf 82' lang='lat' dir='ltr'>dixerunt,</span> <span class='ocrx_word' id='word_1_166' title='bbox 921 1545 1068 1596; x_wconf 80' lang='lat' dir='ltr'>Moyses</span> <span class='ocrx_word' id='word_1_167' title='bbox 1082 1542 1151 1581; x_wconf 87' lang='lat' dir='ltr'>hoc</span> <span class='ocrx_word' id='word_1_168' title='bbox 1171 1544 1254 1582; x_wconf 86' lang='lat' dir='ltr'>fecit</span> 
     </span>
     <span class='ocr_line' id='line_1_24' title="bbox 266 1604 1253 1657; baseline -0.001 -14"><span class='ocrx_word' id='word_1_169' title='bbox 266 1605 424 1657; x_wconf 82' lang='lat' dir='ltr'>signum,</span> <span class='ocrx_word' id='word_1_170' title='bbox 450 1616 489 1644; x_wconf 89' lang='lat' dir='ltr'>tu</span> <span class='ocrx_word' id='word_1_171' title='bbox 507 1606 597 1657; x_wconf 87' lang='lat' dir='ltr'>quid</span> <span class='ocrx_word' id='word_1_172' title='bbox 615 1606 727 1644; x_wconf 75' lang='lat' dir='ltr'>facis?</span> <span class='ocrx_word' id='word_1_173' title='bbox 749 1619 793 1643; x_wconf 91' lang='lat' dir='ltr'>ne</span> <span class='ocrx_word' id='word_1_174' title='bbox 814 1605 919 1643; x_wconf 87' lang='lat' dir='ltr'>illum</span> <span class='ocrx_word' id='word_1_175' title='bbox 939 1604 1172 1654; x_wconf 73' lang='lat' dir='ltr'>concitarent,</span> <span class='ocrx_word' id='word_1_176' title='bbox 1191 1604 1253 1642; x_wconf 90' lang='lat' dir='ltr'>sed</span> 
     </span>
     <span class='ocr_line' id='line_1_25' title="bbox 268 1665 1251 1719; baseline 0 -15"><span class='ocrx_word' id='word_1_177' title='bbox 268 1667 462 1706; x_wconf 82' lang='lat' dir='ltr'>honorifice</span> <span class='ocrx_word' id='word_1_178' title='bbox 484 1668 681 1705; x_wconf 80' lang='lat' dir='ltr'>admodum</span> <span class='ocrx_word' id='word_1_179' title='bbox 711 1666 939 1718; x_wconf 84' lang='lat' dir='ltr'>compellant,</span> <span class='ocrx_word' id='word_1_180' title='bbox 971 1665 1095 1704; x_wconf 86' lang='lat' dir='ltr'>cibum</span> <span class='ocrx_word' id='word_1_181' title='bbox 1125 1680 1251 1719; x_wconf 82' lang='lat' dir='ltr'>exspe-</span> 
     </span>
     <span class='ocr_line' id='line_1_26' title="bbox 268 1727 1249 1779; baseline 0 -14"><span class='ocrx_word' id='word_1_182' title='bbox 268 1738 413 1767; x_wconf 68' lang='lat' dir='ltr'>ctantes,</span> <span class='ocrx_word' id='word_1_183' title='bbox 432 1730 554 1779; x_wconf 88' lang='lat' dir='ltr'>Neque</span> <span class='ocrx_word' id='word_1_184' title='bbox 575 1729 682 1766; x_wconf 82' lang='lat' dir='ltr'>etiam</span> <span class='ocrx_word' id='word_1_185' title='bbox 696 1727 878 1776; x_wconf 82' lang='lat' dir='ltr'>dixerunt,</span> <span class='ocrx_word' id='word_1_186' title='bbox 897 1728 995 1765; x_wconf 89' lang='lat' dir='ltr'>Deus</span> <span class='ocrx_word' id='word_1_187' title='bbox 1005 1727 1073 1764; x_wconf 87' lang='lat' dir='ltr'>hoc</span> <span class='ocrx_word' id='word_1_188' title='bbox 1092 1727 1190 1778; x_wconf 83' lang='lat' dir='ltr'>fecit,</span> <span class='ocrx_word' id='word_1_189' title='bbox 1211 1737 1249 1765; x_wconf 83' lang='lat' dir='ltr'>tu</span> 
     </span>
     <span class='ocr_line' id='line_1_27' title="bbox 267 1789 1249 1841; baseline -0.001 -13"><span class='ocrx_word' id='word_1_190' title='bbox 267 1790 457 1841; x_wconf 83' lang='lat' dir='ltr'>veroquid</span> <span class='ocrx_word' id='word_1_191' title='bbox 484 1790 596 1829; x_wconf 72' lang='lat' dir='ltr'>facis?</span> <span class='ocrx_word' id='word_1_192' title='bbox 627 1804 670 1828; x_wconf 90' lang='lat' dir='ltr'>ne</span> <span class='ocrx_word' id='word_1_193' title='bbox 701 1789 912 1829; x_wconf 85' lang='lat' dir='ltr'>viderentur</span> <span class='ocrx_word' id='word_1_194' title='bbox 935 1789 1040 1827; x_wconf 90' lang='lat' dir='ltr'>illum</span> <span class='ocrx_word' id='word_1_195' title='bbox 1073 1790 1149 1826; x_wconf 88' lang='lat' dir='ltr'>Deo</span> <span class='ocrx_word' id='word_1_196' title='bbox 1187 1804 1249 1827; x_wconf 81' lang='lat' dir='ltr'>ex-</span> 
     </span>
     <span class='ocr_line' id='line_1_28' title="bbox 267 1849 1250 1904; baseline -0.002 -14"><span class='ocrx_word' id='word_1_197' title='bbox 267 1866 422 1903; x_wconf 80' lang='lat' dir='ltr'>aequarc;</span> <span class='ocrx_word' id='word_1_198' title='bbox 445 1866 557 1902; x_wconf 89' lang='lat' dir='ltr'>neque</span> <span class='ocrx_word' id='word_1_199' title='bbox 583 1853 748 1904; x_wconf 85' lang='lat' dir='ltr'>Moysem</span> <span class='ocrx_word' id='word_1_200' title='bbox 770 1859 978 1899; x_wconf 85' lang='lat' dir='ltr'>memorant,</span> <span class='ocrx_word' id='word_1_201' title='bbox 1001 1863 1046 1887; x_wconf 90' lang='lat' dir='ltr'>ne</span> <span class='ocrx_word' id='word_1_202' title='bbox 1059 1849 1250 1889; x_wconf 80' lang='lat' dir='ltr'>videantur</span> 
     </span>
     <span class='ocr_line' id='line_1_29' title="bbox 264 1910 1241 1962; baseline -0.002 -13"><span class='ocrx_word' id='word_1_203' title='bbox 264 1913 495 1952; x_wconf 86' lang='lat' dir='ltr'>humiliorem</span> <span class='ocrx_word' id='word_1_204' title='bbox 516 1914 646 1961; x_wconf 76' lang='lat' dir='ltr'>facere3</span> <span class='ocrx_word' id='word_1_205' title='bbox 672 1912 733 1950; x_wconf 88' lang='lat' dir='ltr'>sed</span> <span class='ocrx_word' id='word_1_206' title='bbox 767 1912 801 1949; x_wconf 91' lang='lat' dir='ltr'>in</span> <span class='ocrx_word' id='word_1_207' title='bbox 827 1912 945 1950; x_wconf 88' lang='lat' dir='ltr'>medio</span> <span class='ocrx_word' id='word_1_208' title='bbox 972 1910 1011 1948; x_wconf 85' lang='lat' dir='ltr'>id</span> <span class='ocrx_word' id='word_1_209' title='bbox 1032 1920 1241 1962; x_wconf 82' lang='lat' dir='ltr'>posuerunt,</span> 
     </span>
     <span class='ocr_line' id='line_1_30' title="bbox 262 1974 1249 2015; baseline -0.003 -2"><span class='ocrx_word' id='word_1_210' title='bbox 262 1976 431 2015; x_wconf 84' lang='lat' dir='ltr'>dicentes:</span> <span class='ocrx_word' id='word_1_211' title='bbox 448 1978 587 2014; x_wconf 80' lang='lat' dir='ltr'>Patres</span> <span class='ocrx_word' id='word_1_212' title='bbox 609 1977 730 2013; x_wconf 78' lang='lat' dir='ltr'>nostri</span> <span class='ocrx_word' id='word_1_213' title='bbox 749 1974 1082 2012; x_wconf 73' lang='lat' dir='ltr'>manducaverunt</span> <span class='ocrx_word' id='word_1_214' title='bbox 1101 1986 1249 2011; x_wconf 80' lang='lat' dir='ltr'>manna</span> 
     </span>
     <span class='ocr_line' id='line_1_31' title="bbox 262 2034 1248 2086; baseline -0.003 -13"><span class='ocrx_word' id='word_1_215' title='bbox 262 2039 304 2074; x_wconf 81' lang='lat' dir='ltr'>in</span> <span class='ocrx_word' id='word_1_216' title='bbox 320 2039 482 2076; x_wconf 77' lang='lat' dir='ltr'>deserto.</span> <span class='ocrx_word' id='word_1_217' title='bbox 511 2037 651 2074; x_wconf 84' lang='lat' dir='ltr'>Poterat</span> <span class='ocrx_word' id='word_1_218' title='bbox 678 2049 762 2074; x_wconf 66' lang='lat' dir='ltr'>vero</span> <span class='ocrx_word' id='word_1_219' title='bbox 784 2034 947 2073; x_wconf 80' lang='lat' dir='ltr'>Christus</span> <span class='ocrx_word' id='word_1_220' title='bbox 974 2034 1110 2084; x_wconf 85' lang='lat' dir='ltr'>dicere,</span> <span class='ocrx_word' id='word_1_221' title='bbox 1128 2034 1248 2086; x_wconf 80' lang='lat' dir='ltr'>Majus</span> 
     </span>
     <span class='ocr_line' id='line_1_32' title="bbox 264 2094 1247 2148; baseline -0.003 -13"><span class='ocrx_word' id='word_1_222' title='bbox 264 2112 356 2136; x_wconf 86' lang='lat' dir='ltr'>nune</span> <span class='ocrx_word' id='word_1_223' title='bbox 375 2098 590 2136; x_wconf 81' lang='lat' dir='ltr'>miraculum</span> <span class='ocrx_word' id='word_1_224' title='bbox 609 2096 720 2145; x_wconf 85' lang='lat' dir='ltr'>edidi,</span> <span class='ocrx_word' id='word_1_225' title='bbox 735 2110 844 2146; x_wconf 82' lang='lat' dir='ltr'>quam</span> <span class='ocrx_word' id='word_1_226' title='bbox 866 2097 1023 2148; x_wconf 83' lang='lat' dir='ltr'>Moyses,</span> <span class='ocrx_word' id='word_1_227' title='bbox 1050 2109 1114 2133; x_wconf 88' lang='lat' dir='ltr'>nee</span> <span class='ocrx_word' id='word_1_228' title='bbox 1130 2094 1247 2146; x_wconf 82' lang='lat' dir='ltr'>virga,</span> 
     </span>
     <span class='ocr_line' id='line_1_33' title="bbox 262 2155 1246 2211; baseline -0.002 -16"><span class='ocrx_word' id='word_1_229' title='bbox 262 2173 324 2196; x_wconf 80' lang='lat' dir='ltr'>nec</span> <span class='ocrx_word' id='word_1_230' title='bbox 344 2158 544 2211; x_wconf 76' lang='lat' dir='ltr'>precatione</span> <span class='ocrx_word' id='word_1_231' title='bbox 564 2172 653 2210; x_wconf 87' lang='lat' dir='ltr'>opus</span> <span class='ocrx_word' id='word_1_232' title='bbox 670 2157 797 2206; x_wconf 80' lang='lat' dir='ltr'>habeo,</span> <span class='ocrx_word' id='word_1_233' title='bbox 821 2155 883 2194; x_wconf 87' lang='lat' dir='ltr'>sed</span> <span class='ocrx_word' id='word_1_234' title='bbox 906 2156 1024 2193; x_wconf 82' lang='lat' dir='ltr'>omnia</span> <span class='ocrx_word' id='word_1_235' title='bbox 1055 2170 1074 2193; x_wconf 85' lang='lat' dir='ltr'>a</span> <span class='ocrx_word' id='word_1_236' title='bbox 1111 2155 1246 2207; x_wconf 86' lang='lat' dir='ltr'>meipso</span> 
     </span>
     <span class='ocr_line' id='line_1_34' title="bbox 260 2217 1246 2271; baseline -0.004 -13"><span class='ocrx_word' id='word_1_237' title='bbox 260 2220 327 2258; x_wconf 86' lang='lat' dir='ltr'>feci</span> <span class='ocrx_word' id='word_1_238' title='bbox 346 2236 352 2257; x_wconf 90' lang='lat'>:</span> <span class='ocrx_word' id='word_1_239' title='bbox 377 2220 473 2271; x_wconf 86' lang='lat' dir='ltr'>quod</span> <span class='ocrx_word' id='word_1_240' title='bbox 486 2220 516 2257; x_wconf 89' lang='lat' dir='ltr'>si</span> <span class='ocrx_word' id='word_1_241' title='bbox 535 2233 664 2257; x_wconf 79' lang='lat' dir='ltr'>manna</span> <span class='ocrx_word' id='word_1_242' title='bbox 689 2217 989 2265; x_wconf 85' lang='lat' dir='ltr'>commemoratis,</span> <span class='ocrx_word' id='word_1_243' title='bbox 1009 2231 1087 2255; x_wconf 88' lang='lat' dir='ltr'>ecce</span> <span class='ocrx_word' id='word_1_244' title='bbox 1117 2231 1246 2269; x_wconf 84' lang='lat' dir='ltr'>panem</span> 
     </span>
     <span class='ocr_line' id='line_1_35' title="bbox 261 2281 1246 2336; baseline -0.004 -14"><span class='ocrx_word' id='word_1_245' title='bbox 261 2284 364 2322; x_wconf 74' lang='lat' dir='ltr'>vobis</span> <span class='ocrx_word' id='word_1_246' title='bbox 386 2282 539 2336; x_wconf 66' lang='lat' dir='ltr'>praebui.</span> <span class='ocrx_word' id='word_1_247' title='bbox 565 2284 703 2322; x_wconf 83' lang='lat' dir='ltr'>Verum</span> <span class='ocrx_word' id='word_1_248' title='bbox 722 2295 791 2319; x_wconf 88' lang='lat' dir='ltr'>non</span> <span class='ocrx_word' id='word_1_249' title='bbox 808 2290 893 2319; x_wconf 82' lang='lat' dir='ltr'>tuno</span> <span class='ocrx_word' id='word_1_250' title='bbox 925 2290 1065 2333; x_wconf 88' lang='lat' dir='ltr'>tempus</span> <span class='ocrx_word' id='word_1_251' title='bbox 1091 2290 1166 2318; x_wconf 82' lang='lat' dir='ltr'>erat</span> <span class='ocrx_word' id='word_1_252' title='bbox 1196 2281 1246 2318; x_wconf 79' lang='lat' dir='ltr'>ita</span> 
     </span>
     <span class='ocr_line' id='line_1_36' title="bbox 260 2342 1244 2396; baseline -0.003 -13"><span class='ocrx_word' id='word_1_253' title='bbox 260 2346 445 2396; x_wconf 79' lang='lat' dir='ltr'>loquendi,</span> <span class='ocrx_word' id='word_1_254' title='bbox 469 2345 529 2383; x_wconf 87' lang='lat' dir='ltr'>sed</span> <span class='ocrx_word' id='word_1_255' title='bbox 551 2359 664 2382; x_wconf 89' lang='lat' dir='ltr'>unum</span> <span class='ocrx_word' id='word_1_256' title='bbox 677 2344 835 2393; x_wconf 80' lang='lat' dir='ltr'>curabat,</span> <span class='ocrx_word' id='word_1_257' title='bbox 849 2352 889 2380; x_wconf 89' lang='lat' dir='ltr'>ut</span> <span class='ocrx_word' id='word_1_258' title='bbox 912 2342 993 2381; x_wconf 89' lang='lat' dir='ltr'>illos</span> <span class='ocrx_word' id='word_1_259' title='bbox 1010 2342 1057 2380; x_wconf 82' lang='lat' dir='ltr'>ad</span> <span class='ocrx_word' id='word_1_260' title='bbox 1075 2343 1244 2394; x_wconf 81' lang='lat' dir='ltr'>spiritua-</span> 
     </span>
     <span class='ocr_line' id='line_1_37' title="bbox 261 2403 1291 2454; baseline -0.005 -8"><span class='ocrx_word' id='word_1_261' title='bbox 261 2409 330 2446; x_wconf 82' lang='lat' dir='ltr'>lem</span> <span class='ocrx_word' id='word_1_262' title='bbox 351 2409 473 2445; x_wconf 85' lang='lat' dir='ltr'>eibum</span> <span class='ocrx_word' id='word_1_263' title='bbox 503 2406 708 2445; x_wconf 86' lang='lat' dir='ltr'>deduceret.</span> <span class='ocrx_word' id='word_1_264' title='bbox 743 2404 789 2442; x_wconf 88' lang='lat' dir='ltr'>Et</span> <span class='ocrx_word' id='word_1_265' title='bbox 820 2403 905 2443; x_wconf 89' lang='lat' dir='ltr'>vide</span> <span class='ocrx_word' id='word_1_266' title='bbox 930 2418 1039 2454; x_wconf 80' lang='lat' dir='ltr'>quam</span> <span class='ocrx_word' id='word_1_267' title='bbox 1075 2403 1244 2442; x_wconf 83' lang='lat' dir='ltr'>immensa</span> <span class='ocrx_word' id='word_1_268' title='bbox 1267 2404 1291 2434; x_wconf 84' lang='lat' dir='ltr'>E</span> 
     </span>
     <span class='ocr_line' id='line_1_38' title="bbox 260 2466 1246 2521; baseline -0.005 -14"><span class='ocrx_word' id='word_1_269' title='bbox 260 2484 342 2507; x_wconf 81' lang='lat' dir='ltr'>cum</span> <span class='ocrx_word' id='word_1_270' title='bbox 361 2468 551 2521; x_wconf 78' lang='lat' dir='ltr'>prudentia</span> <span class='ocrx_word' id='word_1_271' title='bbox 567 2466 796 2520; x_wconf 85' lang='lat' dir='ltr'>respondeat:</span> <span class='ocrx_word' id='word_1_272' title='bbox 815 2467 877 2504; x_wconf 62' lang='lat'>52.</span> <span class='ocrx_word' id='word_1_273' title='bbox 901 2467 992 2503; x_wconf 83' lang='lat' dir='ltr'>Non</span> <span class='ocrx_word' id='word_1_274' title='bbox 1006 2466 1166 2513; x_wconf 75' lang='lat' dir='ltr'>Moyses</span> <span class='ocrx_word' id='word_1_275' title='bbox 1182 2466 1246 2503; x_wconf 81' lang='lat' dir='ltr'>de-</span> 
     </span>
     <span class='ocr_line' id='line_1_39' title="bbox 260 2527 1242 2581; baseline -0.003 -15"><span class='ocrx_word' id='word_1_276' title='bbox 260 2531 316 2567; x_wconf 73' lang='lat' dir='ltr'>dic</span> <span class='ocrx_word' id='word_1_277' title='bbox 336 2532 446 2567; x_wconf 78' lang='lat' dir='ltr'>vobis</span> <span class='ocrx_word' id='word_1_278' title='bbox 458 2543 599 2581; x_wconf 82' lang='lat' dir='ltr'>panem</span> <span class='ocrx_word' id='word_1_279' title='bbox 619 2529 666 2566; x_wconf 84' lang='lat' dir='ltr'>de</span> <span class='ocrx_word' id='word_1_280' title='bbox 684 2528 792 2575; x_wconf 79' lang='lat' dir='ltr'>coelo,</span> <span class='ocrx_word' id='word_1_281' title='bbox 811 2527 880 2566; x_wconf 82' lang='lat' dir='ltr'>sed</span> <span class='ocrx_word' id='word_1_282' title='bbox 907 2528 1029 2564; x_wconf 82' lang='lat' dir='ltr'>Pater</span> <span class='ocrx_word' id='word_1_283' title='bbox 1047 2539 1152 2563; x_wconf 80' lang='lat' dir='ltr'>meus</span> <span class='ocrx_word' id='word_1_284' title='bbox 1174 2527 1242 2564; x_wconf 78' lang='lat' dir='ltr'>dat</span> 
     </span>
    </p>
   </div>
   <div class='ocr_carea' id='block_1_3' title="bbox 1271 1710 1295 1739">
    <p class='ocr_par' dir='ltr' id='par_1_3' title="bbox 1271 1710 1295 1739">
     <span class='ocr_line' id='line_1_40' title="bbox 1271 1710 1295 1739; baseline -0.083 0"><span class='ocrx_word' id='word_1_285' title='bbox 1271 1710 1295 1739; x_wconf 88' lang='lat' dir='ltr'>l)</span> 
     </span>
    </p>
   </div>
   <div class='ocr_carea' id='block_1_4' title="bbox 1294 175 1500 205">
    <p class='ocr_par' dir='ltr' id='par_1_4' title="bbox 1294 175 1500 205">
     <span class='ocr_line' id='line_1_41' title="bbox 1294 175 1500 205; baseline 0.005 -1"><span class='ocrx_word' id='word_1_286' title='bbox 1294 175 1500 205; x_wconf 74' lang='lat' dir='ltr'>ARCfflEP.</span> 
     </span>
    </p>
   </div>
   <div class='ocr_carea' id='block_1_5' title="bbox 1541 176 1902 206">
    <p class='ocr_par' dir='ltr' id='par_1_5' title="bbox 1541 176 1902 206">
     <span class='ocr_line' id='line_1_42' title="bbox 1541 176 1902 206; baseline 0.003 -1"><span class='ocrx_word' id='word_1_287' title='bbox 1541 176 1902 206; x_wconf 80' lang='lat' dir='ltr'><strong>CONSTANTINOP.</strong></span> 
     </span>
    </p>
   </div>
   <div class='ocr_carea' id='block_1_6' title="bbox 1311 256 2356 2564">
    <p class='ocr_par' dir='ltr' id='par_1_6' title="bbox 1311 256 2356 2564">
     <span class='ocr_line' id='line_1_43' title="bbox 1337 256 2354 312; baseline 0.004 -18"><span class='ocrx_word' id='word_1_288' title='bbox 1337 256 1470 309; x_wconf 82' lang='grc' dir='ltr'>ἐρήμῳ.</span> <span class='ocrx_word' id='word_1_289' title='bbox 1492 256 1601 295; x_wconf 81' lang='grc' dir='ltr'>Οὐδὲν</span> <span class='ocrx_word' id='word_1_290' title='bbox 1623 256 1752 312; x_wconf 78' lang='grc' dir='ltr'>τούτων</span> <span class='ocrx_word' id='word_1_291' title='bbox 1774 258 2076 310; x_wconf 84' lang='grc' dir='ltr'>ἀναισθητότερον,</span> <span class='ocrx_word' id='word_1_292' title='bbox 2103 260 2196 298; x_wconf 79' lang='grc' dir='ltr'>οὐδὲν</span> <span class='ocrx_word' id='word_1_293' title='bbox 2216 260 2354 312; x_wconf 42' lang='grc' dir='ltr'>ἆιλογώᾖ</span> 
     </span>
     <span class='ocr_line' id='line_1_44' title="bbox 1335 318 2354 371; baseline 0.002 -15"><span class='ocrx_word' id='word_1_294' title='bbox 1335 334 1447 371; x_wconf 86' lang='grc' dir='ltr'>τερον.</span> <span class='ocrx_word' id='word_1_295' title='bbox 1473 319 1546 356; x_wconf 74' lang='grc' dir='ltr'>Τοῦ</span> <span class='ocrx_word' id='word_1_296' title='bbox 1569 318 1715 369; x_wconf 84' lang='grc' dir='ltr'>σημείου</span> <span class='ocrx_word' id='word_1_297' title='bbox 1734 318 1854 363; x_wconf 52' lang='grc' dir='ltr'>ῧόντος</span> <span class='ocrx_word' id='word_1_298' title='bbox 1876 318 1909 357; x_wconf 81' lang='grc' dir='ltr'>ἐν</span> <span class='ocrx_word' id='word_1_299' title='bbox 1932 321 2120 371; x_wconf 76' lang='grc' dir='ltr'>ὀφθαλμοῖς</span> <span class='ocrx_word' id='word_1_300' title='bbox 2145 321 2257 358; x_wconf 84' lang='grc' dir='ltr'>αὐτῶν</span> <span class='ocrx_word' id='word_1_301' title='bbox 2286 321 2354 368; x_wconf 83' lang='grc' dir='ltr'>ἔτι,</span> 
     </span>
     <span class='ocr_line' id='line_1_45' title="bbox 1335 378 2354 432; baseline 0.003 -16"><span class='ocrx_word' id='word_1_302' title='bbox 1335 382 1381 423; x_wconf 83' lang='grc' dir='ltr'>ὡς</span> <span class='ocrx_word' id='word_1_303' title='bbox 1421 379 1552 423; x_wconf 78' lang='grc' dir='ltr'>οὐδενὸς</span> <span class='ocrx_word' id='word_1_304' title='bbox 1593 379 1792 431; x_wconf 78' lang='grc' dir='ltr'>γεγονότος,</span> <span class='ocrx_word' id='word_1_305' title='bbox 1825 378 1932 424; x_wconf 73' lang='grc' dir='ltr'>οὕτως</span> <span class='ocrx_word' id='word_1_306' title='bbox 1965 380 2094 432; x_wconf 82' lang='grc' dir='ltr'>ἔλεγον,</span> <span class='ocrx_word' id='word_1_307' title='bbox 2130 380 2177 419; x_wconf 91' lang='grc' dir='ltr'>Τί</span> <span class='ocrx_word' id='word_1_308' title='bbox 2211 387 2354 431; x_wconf 85' lang='grc' dir='ltr'>σημεῖον</span> 
     </span>
     <span class='ocr_line' id='line_1_46' title="bbox 1335 438 2356 494; baseline 0.001 -16"><span class='ocrx_word' id='word_1_309' title='bbox 1335 446 1462 488; x_wconf 89' lang='grc' dir='ltr'>ποιεῖς;</span> <span class='ocrx_word' id='word_1_310' title='bbox 1481 438 1541 478; x_wconf 79' lang='grc' dir='ltr'>καὶ</span> <span class='ocrx_word' id='word_1_311' title='bbox 1568 439 1740 487; x_wconf 87' lang='grc' dir='ltr'>εἰπόντες,</span> <span class='ocrx_word' id='word_1_312' title='bbox 1769 439 1845 478; x_wconf 83' lang='grc' dir='ltr'>οὐδὲ</span> <span class='ocrx_word' id='word_1_313' title='bbox 1877 442 1983 486; x_wconf 78' lang='grc' dir='ltr'>αὐτῆς</span> <span class='ocrx_word' id='word_1_314' title='bbox 2013 444 2075 487; x_wconf 86' lang='grc' dir='ltr'>τ’ῆς</span> <span class='ocrx_word' id='word_1_315' title='bbox 2105 440 2268 494; x_wconf 79' lang='grc' dir='ltr'>αἱρέσεως</span> <span class='ocrx_word' id='word_1_316' title='bbox 2296 446 2356 479; x_wconf 75' lang='grc' dir='ltr'>τοῦ</span> 
     </span>
     <span class='ocr_line' id='line_1_47' title="bbox 1335 494 2353 553; baseline 0 -15"><span class='ocrx_word' id='word_1_317' title='bbox 1335 500 1480 551; x_wconf 81' lang='grc' dir='ltr'>σημείου</span> <span class='ocrx_word' id='word_1_318' title='bbox 1499 500 1615 553; x_wconf 84' lang='grc' dir='ltr'>κύριον</span> <span class='ocrx_word' id='word_1_319' title='bbox 1637 503 1778 552; x_wconf 67' lang='grc' dir='ltr'>ἀφιᾶσιν</span> <span class='ocrx_word' id='word_1_320' title='bbox 1801 494 1887 539; x_wconf 63' lang='grc' dir='ltr'>εἶναι</span> <span class='ocrx_word' id='word_1_321' title='bbox 1902 531 1911 549; x_wconf 90' lang='grc'>,</span> <span class='ocrx_word' id='word_1_322' title='bbox 1926 502 2001 539; x_wconf 79' lang='grc' dir='ltr'>ἀλλ’</span> <span class='ocrx_word' id='word_1_323' title='bbox 2019 503 2066 544; x_wconf 86' lang='grc' dir='ltr'>εἰς</span> <span class='ocrx_word' id='word_1_324' title='bbox 2078 501 2233 551; x_wconf 84' lang='grc' dir='ltr'>ἀνάγκην</span> <span class='ocrx_word' id='word_1_325' title='bbox 2252 501 2353 539; x_wconf 80' lang='grc' dir='ltr'>αὐτὸν</span> 
     </span>
     <span class='ocr_line' id='line_1_48' title="bbox 1335 562 2353 616; baseline 0.001 -16"><span class='ocrx_word' id='word_1_326' title='bbox 1335 562 1463 601; x_wconf 84' lang='grc' dir='ltr'>οἴονται</span> <span class='ocrx_word' id='word_1_327' title='bbox 1490 568 1654 616; x_wconf 74' lang='grc' dir='ltr'>μεθιστᾷν</span> <span class='ocrx_word' id='word_1_328' title='bbox 1677 567 1736 601; x_wconf 73' lang='grc' dir='ltr'>τοῦ</span> <span class='ocrx_word' id='word_1_329' title='bbox 1759 562 1865 614; x_wconf 80' lang='grc' dir='ltr'>μηδὲν</span> <span class='ocrx_word' id='word_1_330' title='bbox 1893 562 2008 616; x_wconf 77' lang='grc' dir='ltr'>ἕτερον</span> <span class='ocrx_word' id='word_1_331' title='bbox 2035 565 2200 611; x_wconf 77' lang='grc' dir='ltr'>ποιῆσαι,</span> <span class='ocrx_word' id='word_1_332' title='bbox 2225 564 2300 601; x_wconf 84' lang='grc' dir='ltr'>ἀλλ’</span> <span class='ocrx_word' id='word_1_333' title='bbox 2330 563 2353 609; x_wconf 81' lang='grc' dir='ltr'>ἢ</span> 
     </span>
     <span class='ocr_line' id='line_1_49' title="bbox 1333 619 2353 676; baseline 0.001 -15"><span class='ocrx_word' id='word_1_334' title='bbox 1333 629 1496 672; x_wconf 74' lang='grc' dir='ltr'>τοιοῦτον,</span> <span class='ocrx_word' id='word_1_335' title='bbox 1518 619 1587 662; x_wconf 65' lang='grc' dir='ltr'>οἷον</span> <span class='ocrx_word' id='word_1_336' title='bbox 1610 624 1743 676; x_wconf 84' lang='grc' dir='ltr'>ἐγένετο</span> <span class='ocrx_word' id='word_1_337' title='bbox 1765 624 1822 662; x_wconf 83' lang='grc' dir='ltr'>ἐπὶ</span> <span class='ocrx_word' id='word_1_338' title='bbox 1846 626 1914 661; x_wconf 81' lang='grc' dir='ltr'>τῶν</span> <span class='ocrx_word' id='word_1_339' title='bbox 1937 623 2126 676; x_wconf 84' lang='grc' dir='ltr'>προγόνων.</span> <span class='ocrx_word' id='word_1_340' title='bbox 2148 625 2212 662; x_wconf 87' lang='grc' dir='ltr'>Διὸ</span> <span class='ocrx_word' id='word_1_341' title='bbox 2232 623 2273 670; x_wconf 84' lang='grc' dir='ltr'>δὴ</span> <span class='ocrx_word' id='word_1_342' title='bbox 2293 624 2353 662; x_wconf 80' lang='grc' dir='ltr'>καὶ</span> 
     </span>
     <span class='ocr_line' id='line_1_50' title="bbox 1333 685 2350 738; baseline 0 -15"><span class='ocrx_word' id='word_1_343' title='bbox 1333 685 1509 736; x_wconf 81' lang='grc' dir='ltr'>λέγουσιν·</span> <span class='ocrx_word' id='word_1_344' title='bbox 1535 688 1581 724; x_wconf 83' lang='grc' dir='ltr'>Οἱ</span> <span class='ocrx_word' id='word_1_345' title='bbox 1603 686 1751 738; x_wconf 80' lang='grc' dir='ltr'>πατέρες</span> <span class='ocrx_word' id='word_1_346' title='bbox 1775 689 1876 735; x_wconf 74' lang='grc' dir='ltr'>ἡμῶν</span> <span class='ocrx_word' id='word_1_347' title='bbox 1904 686 2029 738; x_wconf 73' lang='grc' dir='ltr'>ἔφαγον</span> <span class='ocrx_word' id='word_1_348' title='bbox 2054 687 2094 724; x_wconf 78' lang='grc' dir='ltr'>τὸ</span> <span class='ocrx_word' id='word_1_349' title='bbox 2120 687 2232 736; x_wconf 87' lang='grc' dir='ltr'>μάννα</span> <span class='ocrx_word' id='word_1_350' title='bbox 2254 688 2287 723; x_wconf 84' lang='grc' dir='ltr'>ἐν</span> <span class='ocrx_word' id='word_1_351' title='bbox 2307 689 2350 738; x_wconf 77' lang='grc' dir='ltr'>τῇ</span> 
     </span>
     <span class='ocr_line' id='line_1_51' title="bbox 1332 745 2352 799; baseline 0 -15"><span class='ocrx_word' id='word_1_352' title='bbox 1332 747 1471 799; x_wconf 81' lang='grc' dir='ltr'>ἐρήμῳ·</span> <span class='ocrx_word' id='word_1_353' title='bbox 1494 747 1549 784; x_wconf 78' lang='grc' dir='ltr'>διὰ</span> <span class='ocrx_word' id='word_1_354' title='bbox 1574 747 1694 786; x_wconf 83' lang='grc' dir='ltr'>τούτου</span> <span class='ocrx_word' id='word_1_355' title='bbox 1711 747 1905 797; x_wconf 87' lang='grc' dir='ltr'>νομίζοντες</span> <span class='ocrx_word' id='word_1_356' title='bbox 1931 747 2030 785; x_wconf 81' lang='grc' dir='ltr'>αὐτὸν</span> <span class='ocrx_word' id='word_1_357' title='bbox 2060 746 2235 798; x_wconf 79' lang='grc' dir='ltr'>ἐρεθίζειν,</span> <span class='ocrx_word' id='word_1_358' title='bbox 2263 745 2352 785; x_wconf 82' lang='grc' dir='ltr'>ὥστε</span> 
     </span>
     <span class='ocr_line' id='line_1_52' title="bbox 1328 806 2352 859; baseline 0 -15"><span class='ocrx_word' id='word_1_359' title='bbox 1328 812 1477 845; x_wconf 80' lang='grc' dir='ltr'>τοιοῦτον</span> <span class='ocrx_word' id='word_1_360' title='bbox 1494 810 1640 853; x_wconf 74' lang='grc' dir='ltr'>ποιῆσαι</span> <span class='ocrx_word' id='word_1_361' title='bbox 1655 814 1811 858; x_wconf 82' lang='grc' dir='ltr'>σημεῖον,</span> <span class='ocrx_word' id='word_1_362' title='bbox 1829 806 1914 859; x_wconf 74' lang='grc' dir='ltr'>ὅπερ</span> <span class='ocrx_word' id='word_1_363' title='bbox 1932 806 2051 850; x_wconf 68' lang='grc' dir='ltr'>αὐτοὺς</span> <span class='ocrx_word' id='word_1_364' title='bbox 2067 807 2191 859; x_wconf 78' lang='grc' dir='ltr'>θρέψαι</span> <span class='ocrx_word' id='word_1_365' title='bbox 2209 806 2352 845; x_wconf 84' lang='grc' dir='ltr'>δύναται</span> 
     </span>
     <span class='ocr_line' id='line_1_53' title="bbox 1329 867 2351 922; baseline 0 -17"><span class='ocrx_word' id='word_1_366' title='bbox 1329 872 1515 920; x_wconf 77' lang='grc' dir='ltr'>σαρκικῶς.</span> <span class='ocrx_word' id='word_1_367' title='bbox 1542 869 1646 906; x_wconf 84' lang='grc' dir='ltr'>Διατί</span> <span class='ocrx_word' id='word_1_368' title='bbox 1675 869 1742 922; x_wconf 83' lang='grc' dir='ltr'>γὰρ</span> <span class='ocrx_word' id='word_1_369' title='bbox 1771 868 1904 912; x_wconf 79' lang='grc' dir='ltr'>οὐδενὸς</span> <span class='ocrx_word' id='word_1_370' title='bbox 1934 868 2050 921; x_wconf 75' lang='grc' dir='ltr'>ἑτέρου</span> <span class='ocrx_word' id='word_1_371' title='bbox 2075 870 2143 906; x_wconf 78' lang='grc' dir='ltr'>τῶν</span> <span class='ocrx_word' id='word_1_372' title='bbox 2174 867 2351 920; x_wconf 81' lang='grc' dir='ltr'>προτέρων</span> 
     </span>
     <span class='ocr_line' id='line_1_54' title="bbox 1328 928 2350 981; baseline -0.001 -14"><span class='ocrx_word' id='word_1_373' title='bbox 1328 929 1481 978; x_wconf 83' lang='grc' dir='ltr'>σημείων</span> <span class='ocrx_word' id='word_1_374' title='bbox 1502 929 1778 981; x_wconf 81' lang='grc' dir='ltr'>ἐμνημόνευσαν,</span> <span class='ocrx_word' id='word_1_375' title='bbox 1803 928 1918 967; x_wconf 84' lang='grc' dir='ltr'>καίτοι</span> <span class='ocrx_word' id='word_1_376' title='bbox 1938 945 1978 980; x_wconf 91' lang='grc' dir='ltr'>γε</span> <span class='ocrx_word' id='word_1_377' title='bbox 1999 930 2138 967; x_wconf 81' lang='grc' dir='ltr'>πολλῶν</span> <span class='ocrx_word' id='word_1_378' title='bbox 2158 928 2350 980; x_wconf 81' lang='grc' dir='ltr'>γενομένων</span> 
     </span>
     <span class='ocr_line' id='line_1_55' title="bbox 1326 987 2351 1042; baseline 0.002 -17"><span class='ocrx_word' id='word_1_379' title='bbox 1326 987 1419 1036; x_wconf 85' lang='grc' dir='ltr'>τότε,</span> <span class='ocrx_word' id='word_1_380' title='bbox 1436 990 1498 1027; x_wconf 82' lang='grc' dir='ltr'>καὶ</span> <span class='ocrx_word' id='word_1_381' title='bbox 1520 992 1596 1027; x_wconf 83' lang='grc' dir='ltr'>κατ’</span> <span class='ocrx_word' id='word_1_382' title='bbox 1619 990 1794 1042; x_wconf 86' lang='grc' dir='ltr'>Αἴγυπτον</span> <span class='ocrx_word' id='word_1_383' title='bbox 1815 990 1874 1028; x_wconf 83' lang='grc' dir='ltr'>καὶ</span> <span class='ocrx_word' id='word_1_384' title='bbox 1895 989 1986 1028; x_wconf 85' lang='grc' dir='ltr'>κατὰ</span> <span class='ocrx_word' id='word_1_385' title='bbox 2005 989 2068 1035; x_wconf 83' lang='grc' dir='ltr'>τὴν</span> <span class='ocrx_word' id='word_1_386' title='bbox 2092 989 2267 1027; x_wconf 85' lang='grc' dir='ltr'>θάλατταν</span> <span class='ocrx_word' id='word_1_387' title='bbox 2290 989 2351 1027; x_wconf 82' lang='grc' dir='ltr'>καὶ</span> 
     </span>
     <span class='ocr_line' id='line_1_56' title="bbox 1326 1044 2349 1103; baseline 0.002 -18"><span class='ocrx_word' id='word_1_388' title='bbox 1326 1050 1359 1086; x_wconf 82' lang='grc' dir='ltr'>ἐν</span> <span class='ocrx_word' id='word_1_389' title='bbox 1380 1052 1421 1099; x_wconf 79' lang='grc' dir='ltr'>τῇ</span> <span class='ocrx_word' id='word_1_390' title='bbox 1440 1050 1581 1102; x_wconf 80' lang='grc' dir='ltr'>ἐρήμῳ,</span> <span class='ocrx_word' id='word_1_391' title='bbox 1608 1050 1698 1089; x_wconf 82' lang='grc' dir='ltr'>ἀλλὰ</span> <span class='ocrx_word' id='word_1_392' title='bbox 1716 1055 1775 1090; x_wconf 73' lang='grc' dir='ltr'>τοῦ</span> <span class='ocrx_word' id='word_1_393' title='bbox 1803 1051 1932 1100; x_wconf 67' lang='grc' dir='ltr'>μάννα,</span> <span class='ocrx_word' id='word_1_394' title='bbox 1961 1044 2015 1103; x_wconf 63' lang='grc' dir='ltr'>ἆρ’</span> <span class='ocrx_word' id='word_1_395' title='bbox 2036 1052 2073 1088; x_wconf 85' lang='grc' dir='ltr'>οὐ</span> <span class='ocrx_word' id='word_1_396' title='bbox 2098 1049 2185 1087; x_wconf 78' lang='grc' dir='ltr'>διότι</span> <span class='ocrx_word' id='word_1_397' title='bbox 2217 1048 2349 1101; x_wconf 70' lang='grc' dir='ltr'>σφόδρα</span> 
     </span>
     <span class='ocr_line' id='line_1_57' title="bbox 1327 1109 2348 1163; baseline 0.001 -18"><span class='ocrx_word' id='word_1_398' title='bbox 1327 1110 1430 1146; x_wconf 73' lang='grc' dir='ltr'>αὐτοῦ</span> <span class='ocrx_word' id='word_1_399' title='bbox 1464 1109 1655 1159; x_wconf 78' lang='grc' dir='ltr'>ἐπεθύμουν</span> <span class='ocrx_word' id='word_1_400' title='bbox 1688 1110 1744 1149; x_wconf 79' lang='grc' dir='ltr'>διὰ</span> <span class='ocrx_word' id='word_1_401' title='bbox 1775 1111 1837 1158; x_wconf 81' lang='grc' dir='ltr'>τὴν</span> <span class='ocrx_word' id='word_1_402' title='bbox 1869 1114 1930 1157; x_wconf 77' lang='grc' dir='ltr'>τῆς</span> <span class='ocrx_word' id='word_1_403' title='bbox 1963 1111 2111 1163; x_wconf 75' lang='grc' dir='ltr'>γαστρὸς</span> <span class='ocrx_word' id='word_1_404' title='bbox 2138 1109 2348 1162; x_wconf 80' lang='grc' dir='ltr'>τυραννίδα;</span> 
     </span>
     <span class='ocr_line' id='line_1_58' title="bbox 1327 1169 2350 1223; baseline 0.002 -18"><span class='ocrx_word' id='word_1_405' title='bbox 1327 1169 1410 1211; x_wconf 77' lang='grc' dir='ltr'>Πῶς</span> <span class='ocrx_word' id='word_1_406' title='bbox 1432 1169 1465 1206; x_wconf 82' lang='grc' dir='ltr'>δὲ</span> <span class='ocrx_word' id='word_1_407' title='bbox 1487 1172 1517 1208; x_wconf 82' lang='grc' dir='ltr'>οἱ</span> <span class='ocrx_word' id='word_1_408' title='bbox 1533 1170 1714 1222; x_wconf 80' lang='grc' dir='ltr'>προφήτην</span> <span class='ocrx_word' id='word_1_409' title='bbox 1733 1171 1832 1209; x_wconf 79' lang='grc' dir='ltr'>αὐτὸν</span> <span class='ocrx_word' id='word_1_410' title='bbox 1851 1171 2008 1223; x_wconf 85' lang='grc' dir='ltr'>λέγοντες</span> <span class='ocrx_word' id='word_1_411' title='bbox 2026 1171 2086 1209; x_wconf 82' lang='grc' dir='ltr'>καὶ</span> <span class='ocrx_word' id='word_1_412' title='bbox 2108 1170 2253 1222; x_wconf 85' lang='grc' dir='ltr'>βασιλέα</span> <span class='ocrx_word' id='word_1_413' title='bbox 2272 1171 2350 1208; x_wconf 78' lang='grc' dir='ltr'>ἐπι-</span> 
     </span>
     <span class='ocr_line' id='line_1_59' title="bbox 1323 1230 2346 1282; baseline 0.001 -15"><span class='ocrx_word' id='word_1_414' title='bbox 1323 1234 1516 1282; x_wconf 72' lang='grc' dir='ltr'>χειροῦντες</span> <span class='ocrx_word' id='word_1_415' title='bbox 1543 1238 1666 1280; x_wconf 85' lang='grc' dir='ltr'>ποιεῖν,</span> <span class='ocrx_word' id='word_1_416' title='bbox 1690 1230 1809 1278; x_wconf 75' lang='grc' dir='ltr'>ἐπειδὴ</span> <span class='ocrx_word' id='word_1_417' title='bbox 1835 1231 1875 1269; x_wconf 78' lang='grc' dir='ltr'>τὸ</span> <span class='ocrx_word' id='word_1_418' title='bbox 1904 1237 2048 1281; x_wconf 84' lang='grc' dir='ltr'>σημεῖον</span> <span class='ocrx_word' id='word_1_419' title='bbox 2060 1232 2184 1279; x_wconf 84' lang='grc' dir='ltr'>εἴδετε,</span> <span class='ocrx_word' id='word_1_420' title='bbox 2212 1236 2270 1269; x_wconf 74' lang='grc' dir='ltr'>νῦν</span> <span class='ocrx_word' id='word_1_421' title='bbox 2298 1233 2346 1275; x_wconf 88' lang='grc' dir='ltr'>ὡς</span> 
     </span>
     <span class='ocr_line' id='line_1_60' title="bbox 1323 1290 2346 1346; baseline 0.002 -19"><span class='ocrx_word' id='word_1_422' title='bbox 1323 1290 1455 1334; x_wconf 81' lang='grc' dir='ltr'>οὐδενὸς</span> <span class='ocrx_word' id='word_1_423' title='bbox 1470 1291 1652 1343; x_wconf 82' lang='grc' dir='ltr'>γενομένου</span> <span class='ocrx_word' id='word_1_424' title='bbox 1669 1292 1854 1346; x_wconf 84' lang='grc' dir='ltr'>ἀχάριστοι</span> <span class='ocrx_word' id='word_1_425' title='bbox 1869 1291 1929 1330; x_wconf 72' lang='grc' dir='ltr'>καὶ</span> <span class='ocrx_word' id='word_1_426' title='bbox 1946 1291 2144 1343; x_wconf 82' lang='grc' dir='ltr'>ἀγνώμονες</span> <span class='ocrx_word' id='word_1_427' title='bbox 2159 1291 2324 1344; x_wconf 83' lang='grc' dir='ltr'>γεγόνατε</span> <span class='ocrx_word' id='word_1_428' title='bbox 2336 1321 2346 1340; x_wconf 89' lang='grc'>,</span> 
     </span>
     <span class='ocr_line' id='line_1_61' title="bbox 1322 1351 2347 1407; baseline 0.001 -18"><span class='ocrx_word' id='word_1_429' title='bbox 1322 1352 1380 1389; x_wconf 81' lang='grc' dir='ltr'>καὶ</span> <span class='ocrx_word' id='word_1_430' title='bbox 1397 1359 1538 1403; x_wconf 86' lang='grc' dir='ltr'>σημεῖον</span> <span class='ocrx_word' id='word_1_431' title='bbox 1555 1355 1681 1391; x_wconf 81' lang='grc' dir='ltr'>αἰτεῖτε</span> <span class='ocrx_word' id='word_1_432' title='bbox 1691 1382 1701 1401; x_wconf 92' lang='grc'>,</span> <span class='ocrx_word' id='word_1_433' title='bbox 1722 1353 1925 1407; x_wconf 88' lang='grc' dir='ltr'>παρασίτων</span> <span class='ocrx_word' id='word_1_434' title='bbox 1951 1353 2010 1391; x_wconf 78' lang='grc' dir='ltr'>καὶ</span> <span class='ocrx_word' id='word_1_435' title='bbox 2026 1356 2136 1391; x_wconf 82' lang='grc' dir='ltr'>κυνῶν</span> <span class='ocrx_word' id='word_1_436' title='bbox 2154 1351 2347 1404; x_wconf 83' lang='grc' dir='ltr'>λιμωττόν-</span> 
     </span>
     <span class='ocr_line' id='line_1_62' title="bbox 1320 1412 2346 1466; baseline 0.002 -16"><span class='ocrx_word' id='word_1_437' title='bbox 1320 1429 1388 1450; x_wconf 87' lang='grc' dir='ltr'>των</span> <span class='ocrx_word' id='word_1_438' title='bbox 1405 1414 1545 1464; x_wconf 79' lang='grc' dir='ltr'>ῥήματα</span> <span class='ocrx_word' id='word_1_439' title='bbox 1562 1414 1717 1466; x_wconf 70' lang='grc' dir='ltr'>ἀφιέντες</span> <span class='ocrx_word' id='word_1_440' title='bbox 1730 1431 1740 1462; x_wconf 81' lang='lat'>3</span> <span class='ocrx_word' id='word_1_441' title='bbox 1757 1418 1812 1452; x_wconf 74' lang='grc' dir='ltr'>νῦν</span> <span class='ocrx_word' id='word_1_442' title='bbox 1825 1415 1864 1453; x_wconf 79' lang='grc' dir='ltr'>τὸ</span> <span class='ocrx_word' id='word_1_443' title='bbox 1882 1414 1995 1465; x_wconf 81' lang='grc' dir='ltr'>μάννα</span> <span class='ocrx_word' id='word_1_444' title='bbox 2010 1414 2210 1466; x_wconf 77' lang='grc' dir='ltr'>θαυμαστὸν</span> <span class='ocrx_word' id='word_1_445' title='bbox 2224 1412 2240 1434; x_wconf 66' lang='lat' dir='ltr'><strong>b</strong></span> <span class='ocrx_word' id='word_1_446' title='bbox 2251 1416 2346 1464; x_wconf 80' lang='grc' dir='ltr'>ὑμῖν,</span> 
     </span>
     <span class='ocr_line' id='line_1_63' title="bbox 1318 1473 2347 1528; baseline 0.002 -17"><span class='ocrx_word' id='word_1_447' title='bbox 1318 1473 1375 1512; x_wconf 76' lang='grc' dir='ltr'>ὅτε</span> <span class='ocrx_word' id='word_1_448' title='bbox 1397 1478 1418 1521; x_wconf 86' lang='grc' dir='ltr'>ἡ</span> <span class='ocrx_word' id='word_1_449' title='bbox 1432 1474 1526 1526; x_wconf 81' lang='grc' dir='ltr'>ψυχὴ</span> <span class='ocrx_word' id='word_1_450' title='bbox 1545 1478 1640 1526; x_wconf 81' lang='grc' dir='ltr'>ὑμῶν</span> <span class='ocrx_word' id='word_1_451' title='bbox 1661 1475 1873 1528; x_wconf 71' lang='grc' dir='ltr'>κατάξηρος,</span> <span class='ocrx_word' id='word_1_452' title='bbox 1897 1475 1966 1513; x_wconf 81' lang='grc' dir='ltr'>Καὶ</span> <span class='ocrx_word' id='word_1_453' title='bbox 1980 1474 2044 1528; x_wconf 77' lang='grc' dir='ltr'>ὅρα</span> <span class='ocrx_word' id='word_1_454' title='bbox 2064 1473 2252 1528; x_wconf 83' lang='grc' dir='ltr'>εἰρωνείαν.</span> <span class='ocrx_word' id='word_1_455' title='bbox 2270 1477 2347 1513; x_wconf 83' lang='grc' dir='ltr'>Οὔκ</span> 
     </span>
     <span class='ocr_line' id='line_1_64' title="bbox 1319 1528 2347 1587; baseline 0.002 -16"><span class='ocrx_word' id='word_1_456' title='bbox 1319 1528 1431 1582; x_wconf 69' lang='grc' dir='ltr'>εἷπον,</span> <span class='ocrx_word' id='word_1_457' title='bbox 1459 1534 1513 1573; x_wconf 76' lang='grc' dir='ltr'>ὅτι</span> <span class='ocrx_word' id='word_1_458' title='bbox 1533 1537 1687 1582; x_wconf 74' lang='grc' dir='ltr'>Μωϋσῆς</span> <span class='ocrx_word' id='word_1_459' title='bbox 1713 1535 1791 1573; x_wconf 84' lang='grc' dir='ltr'>τόδε</span> <span class='ocrx_word' id='word_1_460' title='bbox 1822 1534 1965 1582; x_wconf 85' lang='grc' dir='ltr'>ἐποίησε</span> <span class='ocrx_word' id='word_1_461' title='bbox 1990 1535 2030 1574; x_wconf 81' lang='grc' dir='ltr'>τὸ</span> <span class='ocrx_word' id='word_1_462' title='bbox 2058 1541 2216 1587; x_wconf 89' lang='grc' dir='ltr'>σημεῖον,</span> <span class='ocrx_word' id='word_1_463' title='bbox 2243 1534 2283 1574; x_wconf 80' lang='grc' dir='ltr'>σὺ</span> <span class='ocrx_word' id='word_1_464' title='bbox 2311 1535 2347 1573; x_wconf 86' lang='grc' dir='ltr'>τί</span> 
     </span>
     <span class='ocr_line' id='line_1_65' title="bbox 1317 1595 2344 1648; baseline 0.001 -15"><span class='ocrx_word' id='word_1_465' title='bbox 1317 1602 1442 1643; x_wconf 72' lang='grc' dir='ltr'>ποιεῖς,</span> <span class='ocrx_word' id='word_1_466' title='bbox 1464 1595 1659 1647; x_wconf 83' lang='grc' dir='ltr'>νομίζοντες</span> <span class='ocrx_word' id='word_1_467' title='bbox 1680 1596 1845 1643; x_wconf 82' lang='grc' dir='ltr'>πλήττειν</span> <span class='ocrx_word' id='word_1_468' title='bbox 1872 1596 1993 1634; x_wconf 79' lang='grc' dir='ltr'>αὐτόν·</span> <span class='ocrx_word' id='word_1_469' title='bbox 2027 1597 2116 1636; x_wconf 84' lang='grc' dir='ltr'>ἀλλὰ</span> <span class='ocrx_word' id='word_1_470' title='bbox 2137 1597 2222 1640; x_wconf 82' lang='grc' dir='ltr'>τέως</span> <span class='ocrx_word' id='word_1_471' title='bbox 2248 1598 2344 1648; x_wconf 76' lang='grc' dir='ltr'>αὐτῷ</span> 
     </span>
     <span class='ocr_line' id='line_1_66' title="bbox 1318 1656 2345 1711; baseline 0 -17"><span class='ocrx_word' id='word_1_472' title='bbox 1318 1656 1407 1706; x_wconf 86' lang='grc' dir='ltr'>μετὰ</span> <span class='ocrx_word' id='word_1_473' title='bbox 1423 1659 1554 1704; x_wconf 74' lang='grc' dir='ltr'>πολλῆς</span> <span class='ocrx_word' id='word_1_474' title='bbox 1576 1657 1793 1709; x_wconf 86' lang='grc' dir='ltr'>διαλέγονται</span> <span class='ocrx_word' id='word_1_475' title='bbox 1820 1661 1882 1704; x_wconf 73' lang='grc' dir='ltr'>τ’ῆς</span> <span class='ocrx_word' id='word_1_476' title='bbox 1906 1661 2033 1709; x_wconf 73' lang='grc' dir='ltr'>τιμῆς,</span> <span class='ocrx_word' id='word_1_477' title='bbox 2060 1656 2253 1711; x_wconf 75' lang='grc' dir='ltr'>προσδοκίᾳ</span> <span class='ocrx_word' id='word_1_478' title='bbox 2282 1659 2345 1703; x_wconf 77' lang='grc' dir='ltr'>τῆς</span> 
     </span>
     <span class='ocr_line' id='line_1_67' title="bbox 1317 1717 2345 1770; baseline 0.002 -16"><span class='ocrx_word' id='word_1_479' title='bbox 1317 1720 1483 1769; x_wconf 66' lang='grc' dir='ltr'>ετροφῆς.</span> <span class='ocrx_word' id='word_1_480' title='bbox 1507 1717 1638 1763; x_wconf 84' lang='grc' dir='ltr'>Ἄλλως</span> <span class='ocrx_word' id='word_1_481' title='bbox 1673 1718 1708 1757; x_wconf 85' lang='grc' dir='ltr'>δὲ</span> <span class='ocrx_word' id='word_1_482' title='bbox 1740 1718 1816 1757; x_wconf 78' lang='grc' dir='ltr'>οὔτε</span> <span class='ocrx_word' id='word_1_483' title='bbox 1837 1723 1937 1757; x_wconf 73' lang='grc' dir='ltr'>τοῦτο</span> <span class='ocrx_word' id='word_1_484' title='bbox 1950 1718 2121 1770; x_wconf 81' lang='grc' dir='ltr'>λέγουσιν,</span> <span class='ocrx_word' id='word_1_485' title='bbox 2143 1718 2198 1757; x_wconf 76' lang='grc' dir='ltr'>ὅτι</span> <span class='ocrx_word' id='word_1_486' title='bbox 2215 1721 2233 1756; x_wconf 83' lang='grc' dir='ltr'>ὁ</span> <span class='ocrx_word' id='word_1_487' title='bbox 2255 1717 2345 1762; x_wconf 78' lang='grc' dir='ltr'>Θεὸς</span> 
     </span>
     <span class='ocr_line' id='line_1_68' title="bbox 1315 1777 2341 1830; baseline 0.002 -15"><span class='ocrx_word' id='word_1_488' title='bbox 1315 1777 1393 1816; x_wconf 82' lang='grc' dir='ltr'>τόδε</span> <span class='ocrx_word' id='word_1_489' title='bbox 1422 1778 1583 1826; x_wconf 89' lang='grc' dir='ltr'>ἐποίησε·</span> <span class='ocrx_word' id='word_1_490' title='bbox 1614 1779 1655 1818; x_wconf 81' lang='grc' dir='ltr'>σὺ</span> <span class='ocrx_word' id='word_1_491' title='bbox 1688 1779 1722 1817; x_wconf 88' lang='grc' dir='ltr'>τί</span> <span class='ocrx_word' id='word_1_492' title='bbox 1749 1786 1876 1826; x_wconf 70' lang='grc' dir='ltr'>ποιεῖς,</span> <span class='ocrx_word' id='word_1_493' title='bbox 1911 1779 1967 1818; x_wconf 81' lang='grc' dir='ltr'>ἵνα</span> <span class='ocrx_word' id='word_1_494' title='bbox 1996 1779 2044 1830; x_wconf 84' lang='grc' dir='ltr'>μὴ</span> <span class='ocrx_word' id='word_1_495' title='bbox 2075 1778 2216 1823; x_wconf 81' lang='grc' dir='ltr'>δόξωσιν</span> <span class='ocrx_word' id='word_1_496' title='bbox 2240 1778 2341 1818; x_wconf 82' lang='grc' dir='ltr'>αὐτὸν</span> 
     </span>
     <span class='ocr_line' id='line_1_69' title="bbox 1316 1839 2340 1893; baseline 0.001 -17"><span class='ocrx_word' id='word_1_497' title='bbox 1316 1839 1445 1883; x_wconf 74' lang='grc' dir='ltr'>ἐξισοῧν</span> <span class='ocrx_word' id='word_1_498' title='bbox 1475 1843 1525 1892; x_wconf 83' lang='grc' dir='ltr'>τῷ</span> <span class='ocrx_word' id='word_1_499' title='bbox 1545 1842 1645 1893; x_wconf 79' lang='grc' dir='ltr'>Θεῷ·</span> <span class='ocrx_word' id='word_1_500' title='bbox 1677 1840 1755 1878; x_wconf 83' lang='grc' dir='ltr'>οὔτε</span> <span class='ocrx_word' id='word_1_501' title='bbox 1782 1839 1936 1878; x_wconf 78' lang='grc' dir='ltr'>Μωῦσέα</span> <span class='ocrx_word' id='word_1_502' title='bbox 1956 1840 2187 1893; x_wconf 80' lang='grc' dir='ltr'>παράγουσιν,</span> <span class='ocrx_word' id='word_1_503' title='bbox 2212 1839 2269 1877; x_wconf 79' lang='grc' dir='ltr'>ἵνα</span> <span class='ocrx_word' id='word_1_504' title='bbox 2291 1839 2340 1891; x_wconf 82' lang='grc' dir='ltr'>μὴ</span> 
     </span>
     <span class='ocr_line' id='line_1_70' title="bbox 1316 1899 2341 1952; baseline 0.001 -14"><span class='ocrx_word' id='word_1_505' title='bbox 1316 1899 1457 1944; x_wconf 70' lang='grc' dir='ltr'>δόςωσιν</span> <span class='ocrx_word' id='word_1_506' title='bbox 1472 1902 1574 1940; x_wconf 79' lang='grc' dir='ltr'>αὐτὸν</span> <span class='ocrx_word' id='word_1_507' title='bbox 1593 1905 1776 1939; x_wconf 80' lang='grc' dir='ltr'>ταπεινοῦν</span> <span class='ocrx_word' id='word_1_508' title='bbox 1792 1916 1799 1924; x_wconf 90' lang='grc'><em>·</em></span> <span class='ocrx_word' id='word_1_509' title='bbox 1821 1899 1911 1939; x_wconf 86' lang='grc' dir='ltr'>ἀλλὰ</span> <span class='ocrx_word' id='word_1_510' title='bbox 1933 1901 2035 1952; x_wconf 85' lang='grc' dir='ltr'>μέσον</span> <span class='ocrx_word' id='word_1_511' title='bbox 2049 1901 2131 1939; x_wconf 80' lang='grc' dir='ltr'>αὐτὸ</span> <span class='ocrx_word' id='word_1_512' title='bbox 2153 1900 2341 1949; x_wconf 86' lang='grc' dir='ltr'>τεθείκασι,</span> 
     </span>
     <span class='ocr_line' id='line_1_71' title="bbox 1315 1962 2339 2015; baseline 0 -16"><span class='ocrx_word' id='word_1_513' title='bbox 1315 1962 1491 2013; x_wconf 84' lang='grc' dir='ltr'>λέγοντες·</span> <span class='ocrx_word' id='word_1_514' title='bbox 1515 1964 1561 2001; x_wconf 82' lang='grc' dir='ltr'>Οἱ</span> <span class='ocrx_word' id='word_1_515' title='bbox 1580 1963 1728 2015; x_wconf 87' lang='grc' dir='ltr'>πατέρες</span> <span class='ocrx_word' id='word_1_516' title='bbox 1746 1966 1847 2014; x_wconf 81' lang='grc' dir='ltr'>ἡμῶν</span> <span class='ocrx_word' id='word_1_517' title='bbox 1867 1963 1993 2015; x_wconf 79' lang='grc' dir='ltr'>ἔφαγον</span> <span class='ocrx_word' id='word_1_518' title='bbox 2020 1963 2060 2001; x_wconf 83' lang='grc' dir='ltr'>τὸ</span> <span class='ocrx_word' id='word_1_519' title='bbox 2087 1963 2201 2014; x_wconf 87' lang='grc' dir='ltr'>μάννα</span> <span class='ocrx_word' id='word_1_520' title='bbox 2228 1965 2262 2001; x_wconf 82' lang='grc' dir='ltr'>ἐν</span> <span class='ocrx_word' id='word_1_521' title='bbox 2294 1963 2339 2013; x_wconf 83' lang='grc' dir='ltr'>τῇ</span> 
     </span>
     <span class='ocr_line' id='line_1_72' title="bbox 1315 2023 2341 2075; baseline 0.001 -15"><span class='ocrx_word' id='word_1_522' title='bbox 1315 2023 1447 2075; x_wconf 83' lang='grc' dir='ltr'>ἐρήμῳ.</span> <span class='ocrx_word' id='word_1_523' title='bbox 1468 2023 1540 2061; x_wconf 79' lang='grc' dir='ltr'>Καὶ</span> <span class='ocrx_word' id='word_1_524' title='bbox 1562 2026 1639 2070; x_wconf 72' lang='grc' dir='ltr'>ἐνῆν</span> <span class='ocrx_word' id='word_1_525' title='bbox 1671 2023 1733 2074; x_wconf 79' lang='grc' dir='ltr'>μὲν</span> <span class='ocrx_word' id='word_1_526' title='bbox 1764 2026 1885 2072; x_wconf 78' lang='grc' dir='ltr'>εἰπεῖν,</span> <span class='ocrx_word' id='word_1_527' title='bbox 1911 2023 1965 2062; x_wconf 80' lang='grc' dir='ltr'>ὅτι</span> <span class='ocrx_word' id='word_1_528' title='bbox 1992 2024 2171 2067; x_wconf 82' lang='grc' dir='ltr'>Μωϋσέως</span> <span class='ocrx_word' id='word_1_529' title='bbox 2199 2023 2341 2075; x_wconf 86' lang='grc' dir='ltr'>μείζονα</span> 
     </span>
     <span class='ocr_line' id='line_1_73' title="bbox 1313 2083 2340 2136; baseline 0.001 -16"><span class='ocrx_word' id='word_1_530' title='bbox 1313 2083 1623 2136; x_wconf 79' lang='grc' dir='ltr'>ἐθαυματούργησα</span> <span class='ocrx_word' id='word_1_531' title='bbox 1650 2089 1720 2132; x_wconf 74' lang='grc' dir='ltr'>νῦν,</span> <span class='ocrx_word' id='word_1_532' title='bbox 1748 2086 1785 2122; x_wconf 79' lang='grc' dir='ltr'>οὐ</span> <span class='ocrx_word' id='word_1_533' title='bbox 1814 2084 1941 2135; x_wconf 66' lang='grc' dir='ltr'>ῥάὸδου</span> <span class='ocrx_word' id='word_1_534' title='bbox 1972 2084 2123 2132; x_wconf 84' lang='grc' dir='ltr'>δεηθεὶς,</span> <span class='ocrx_word' id='word_1_535' title='bbox 2150 2086 2211 2123; x_wconf 82' lang='grc' dir='ltr'>οὐκ</span> <span class='ocrx_word' id='word_1_536' title='bbox 2236 2086 2340 2136; x_wconf 71' lang='grc' dir='ltr'>εὐχῆς</span> 
     </span>
     <span class='ocr_line' id='line_1_74' title="bbox 1313 2144 2338 2197; baseline 0.001 -15"><span class='ocrx_word' id='word_1_537' title='bbox 1313 2144 1435 2197; x_wconf 78' lang='grc' dir='ltr'>χρείαν</span> <span class='ocrx_word' id='word_1_538' title='bbox 1457 2144 1638 2197; x_wconf 82' lang='grc' dir='ltr'>ἐσχηκὼς,</span> <span class='ocrx_word' id='word_1_539' title='bbox 1668 2144 1758 2183; x_wconf 84' lang='grc' dir='ltr'>ἀλλὰ</span> <span class='ocrx_word' id='word_1_540' title='bbox 1776 2144 1891 2183; x_wconf 83' lang='grc' dir='ltr'>πάντα</span> <span class='ocrx_word' id='word_1_541' title='bbox 1917 2145 2065 2192; x_wconf 87' lang='grc' dir='ltr'>ποιήσας</span> <span class='ocrx_word' id='word_1_542' title='bbox 2087 2147 2147 2184; x_wconf 82' lang='grc' dir='ltr'>ἀπ’</span> <span class='ocrx_word' id='word_1_543' title='bbox 2170 2148 2338 2196; x_wconf 72' lang='grc' dir='ltr'>ἐμαυτοῦ·</span> 
     </span>
     <span class='ocr_line' id='line_1_75' title="bbox 1314 2206 2338 2258; baseline 0.001 -15"><span class='ocrx_word' id='word_1_544' title='bbox 1314 2209 1343 2244; x_wconf 84' lang='grc' dir='ltr'>εἰ</span> <span class='ocrx_word' id='word_1_545' title='bbox 1372 2206 1407 2243; x_wconf 78' lang='grc' dir='ltr'>δὲ</span> <span class='ocrx_word' id='word_1_546' title='bbox 1436 2206 1496 2243; x_wconf 77' lang='grc' dir='ltr'>καὶ</span> <span class='ocrx_word' id='word_1_547' title='bbox 1520 2212 1579 2245; x_wconf 75' lang='grc' dir='ltr'>τοῦ</span> <span class='ocrx_word' id='word_1_548' title='bbox 1604 2206 1718 2257; x_wconf 86' lang='grc' dir='ltr'>μάννα</span> <span class='ocrx_word' id='word_1_549' title='bbox 1744 2206 1942 2256; x_wconf 84' lang='grc' dir='ltr'>μέμνησθε,</span> <span class='ocrx_word' id='word_1_550' title='bbox 1966 2206 2037 2244; x_wconf 76' lang='grc' dir='ltr'>ἰδοὺ</span> <span class='ocrx_word' id='word_1_551' title='bbox 2051 2206 2112 2245; x_wconf 82' lang='grc' dir='ltr'>καὶ</span> <span class='ocrx_word' id='word_1_552' title='bbox 2134 2206 2237 2258; x_wconf 76' lang='grc' dir='ltr'>ἄρτον</span> <span class='ocrx_word' id='word_1_553' title='bbox 2257 2210 2338 2256; x_wconf 80' lang='grc' dir='ltr'>ὑμῖν</span> 
     </span>
     <span class='ocr_line' id='line_1_76' title="bbox 1312 2261 2336 2319; baseline 0 -15"><span class='ocrx_word' id='word_1_554' title='bbox 1312 2265 1499 2319; x_wconf 73' lang='grc' dir='ltr'>παρέσχον.</span> <span class='ocrx_word' id='word_1_555' title='bbox 1524 2267 1615 2305; x_wconf 84' lang='grc' dir='ltr'>Ἀλλ’</span> <span class='ocrx_word' id='word_1_556' title='bbox 1644 2268 1704 2304; x_wconf 80' lang='grc' dir='ltr'>οὐκ</span> <span class='ocrx_word' id='word_1_557' title='bbox 1722 2261 1764 2313; x_wconf 69' lang='grc' dir='ltr'>ἦν</span> <span class='ocrx_word' id='word_1_558' title='bbox 1787 2269 1805 2304; x_wconf 85' lang='grc' dir='ltr'>ὁ</span> <span class='ocrx_word' id='word_1_559' title='bbox 1830 2266 1951 2318; x_wconf 81' lang='grc' dir='ltr'>καιρὸς</span> <span class='ocrx_word' id='word_1_560' title='bbox 1975 2266 2103 2305; x_wconf 78' lang='grc' dir='ltr'>τούτων</span> <span class='ocrx_word' id='word_1_561' title='bbox 2128 2270 2197 2305; x_wconf 80' lang='grc' dir='ltr'>τῶν</span> <span class='ocrx_word' id='word_1_562' title='bbox 2225 2267 2336 2318; x_wconf 87' lang='grc' dir='ltr'>λόγων</span> 
     </span>
     <span class='ocr_line' id='line_1_77' title="bbox 1311 2322 2334 2379; baseline 0.001 -14"><span class='ocrx_word' id='word_1_563' title='bbox 1311 2333 1381 2375; x_wconf 74' lang='grc' dir='ltr'>νῦν,</span> <span class='ocrx_word' id='word_1_564' title='bbox 1405 2328 1481 2365; x_wconf 83' lang='grc' dir='ltr'>ἀλλ’</span> <span class='ocrx_word' id='word_1_565' title='bbox 1498 2325 1532 2364; x_wconf 80' lang='grc' dir='ltr'>ἓν</span> <span class='ocrx_word' id='word_1_566' title='bbox 1555 2322 1596 2374; x_wconf 67' lang='grc' dir='ltr'>ἧν</span> <span class='ocrx_word' id='word_1_567' title='bbox 1612 2327 1652 2365; x_wconf 86' lang='grc' dir='ltr'>τὸ</span> <span class='ocrx_word' id='word_1_568' title='bbox 1667 2325 1958 2375; x_wconf 82' lang='grc' dir='ltr'>σπουδαζόμενον,</span> <span class='ocrx_word' id='word_1_569' title='bbox 1976 2327 2032 2365; x_wconf 80' lang='grc' dir='ltr'>ἐπὶ</span> <span class='ocrx_word' id='word_1_570' title='bbox 2052 2327 2114 2375; x_wconf 83' lang='grc' dir='ltr'>τὴν</span> <span class='ocrx_word' id='word_1_571' title='bbox 2135 2344 2334 2379; x_wconf 86' lang='grc' dir='ltr'>πνευματι-</span> 
     </span>
     <span class='ocr_line' id='line_1_78' title="bbox 1313 2387 2333 2442; baseline 0 -15"><span class='ocrx_word' id='word_1_572' title='bbox 1313 2389 1376 2436; x_wconf 84' lang='grc' dir='ltr'>κὴν</span> <span class='ocrx_word' id='word_1_573' title='bbox 1409 2387 1531 2432; x_wconf 79' lang='grc' dir='ltr'>αὐτοὺς</span> <span class='ocrx_word' id='word_1_574' title='bbox 1558 2390 1698 2440; x_wconf 87' lang='grc' dir='ltr'>ἀγαγεῖν</span> <span class='ocrx_word' id='word_1_575' title='bbox 1732 2387 1874 2440; x_wconf 71' lang='grc' dir='ltr'>τροφήν.</span> <span class='ocrx_word' id='word_1_576' title='bbox 1905 2388 1975 2426; x_wconf 82' lang='grc' dir='ltr'>Καὶ</span> <span class='ocrx_word' id='word_1_577' title='bbox 2005 2389 2069 2441; x_wconf 77' lang='grc' dir='ltr'>ὅρα</span> <span class='ocrx_word' id='word_1_578' title='bbox 2098 2389 2159 2436; x_wconf 81' lang='grc' dir='ltr'>τὴν</span> <span class='ocrx_word' id='word_1_579' title='bbox 2193 2389 2333 2442; x_wconf 80' lang='grc' dir='ltr'>ἄπειρον</span> 
     </span>
     <span class='ocr_line' id='line_1_79' title="bbox 1313 2448 2332 2502; baseline -0.001 -13"><span class='ocrx_word' id='word_1_580' title='bbox 1313 2450 1460 2499; x_wconf 79' lang='grc' dir='ltr'>σύνεσιν,</span> <span class='ocrx_word' id='word_1_581' title='bbox 1485 2453 1558 2494; x_wconf 80' lang='grc' dir='ltr'>πῶς</span> <span class='ocrx_word' id='word_1_582' title='bbox 1586 2448 1826 2502; x_wconf 84' lang='grc' dir='ltr'>ἀποκρίνεται·</span> <span class='ocrx_word' id='word_1_583' title='bbox 1851 2451 1903 2487; x_wconf 82' lang='grc' dir='ltr'>Οὐ</span> <span class='ocrx_word' id='word_1_584' title='bbox 1923 2452 2076 2497; x_wconf 80' lang='grc' dir='ltr'>Μωϋσῆς</span> <span class='ocrx_word' id='word_1_585' title='bbox 2102 2449 2226 2488; x_wconf 81' lang='grc' dir='ltr'>ἔδωκεν</span> <span class='ocrx_word' id='word_1_586' title='bbox 2253 2454 2332 2502; x_wconf 82' lang='grc' dir='ltr'>ὑμῖν</span> 
     </span>
     <span class='ocr_line' id='line_1_80' title="bbox 1311 2511 2332 2564; baseline -0.001 -14"><span class='ocrx_word' id='word_1_587' title='bbox 1311 2513 1368 2552; x_wconf 83' lang='grc' dir='ltr'>τὸν</span> <span class='ocrx_word' id='word_1_588' title='bbox 1388 2512 1490 2564; x_wconf 83' lang='grc' dir='ltr'>ἄρτον</span> <span class='ocrx_word' id='word_1_589' title='bbox 1510 2514 1549 2550; x_wconf 82' lang='grc' dir='ltr'>ἐκ</span> <span class='ocrx_word' id='word_1_590' title='bbox 1568 2515 1627 2550; x_wconf 82' lang='grc' dir='ltr'>τοῦ</span> <span class='ocrx_word' id='word_1_591' title='bbox 1646 2513 1788 2563; x_wconf 79' lang='grc' dir='ltr'>οὐρανοῦ</span> <span class='ocrx_word' id='word_1_592' title='bbox 1796 2540 1806 2558; x_wconf 86' lang='grc'>,</span> <span class='ocrx_word' id='word_1_593' title='bbox 1827 2511 1903 2548; x_wconf 82' lang='grc' dir='ltr'>ἀλλ’</span> <span class='ocrx_word' id='word_1_594' title='bbox 1921 2514 1938 2548; x_wconf 83' lang='grc' dir='ltr'>ὁ</span> <span class='ocrx_word' id='word_1_595' title='bbox 1956 2511 2082 2564; x_wconf 83' lang='grc' dir='ltr'>Πατήρ</span> <span class='ocrx_word' id='word_1_596' title='bbox 2106 2527 2172 2562; x_wconf 90' lang='grc' dir='ltr'>μου</span> <span class='ocrx_word' id='word_1_597' title='bbox 2193 2511 2332 2550; x_wconf 80' lang='grc' dir='ltr'>δίδωσιν</span> 
     </span>
    </p>
   </div>
   <div class='ocr_carea' id='block_1_7' title="bbox 261 2572 2333 2704">
    <p class='ocr_par' dir='ltr' id='par_1_7' title="bbox 261 2572 2333 2704">
     <span class='ocr_line' id='line_1_81' title="bbox 261 2572 2333 2641; baseline -0.003 -15"><span class='ocrx_word' id='word_1_598' title='bbox 261 2592 372 2627; x_wconf 65' lang='lat' dir='ltr'>‘voltis</span> <span class='ocrx_word' id='word_1_599' title='bbox 390 2604 529 2641; x_wconf 77' lang='lat' dir='ltr'>panem</span> <span class='ocrx_word' id='word_1_600' title='bbox 561 2591 607 2627; x_wconf 81' lang='lat' dir='ltr'>de</span> <span class='ocrx_word' id='word_1_601' title='bbox 636 2590 731 2627; x_wconf 78' lang='lat' dir='ltr'>coelo</span> <span class='ocrx_word' id='word_1_602' title='bbox 755 2602 902 2626; x_wconf 79' lang='lat' dir='ltr'>verum.</span> <span class='ocrx_word' id='word_1_603' title='bbox 933 2588 1005 2625; x_wconf 90' lang='lat' dir='ltr'>Cur</span> <span class='ocrx_word' id='word_1_604' title='bbox 1028 2600 1098 2624; x_wconf 90' lang='lat' dir='ltr'>non</span> <span class='ocrx_word' id='word_1_605' title='bbox 1131 2586 1240 2639; x_wconf 84' lang='lat' dir='ltr'>dixit,</span> <span class='ocrx_word' id='word_1_606' title='bbox 1256 2576 1393 2634; x_wconf 61' lang='grc' dir='ltr'>26;;ὑμῖν</span> <span class='ocrx_word' id='word_1_607' title='bbox 1418 2573 1476 2637; x_wconf 35' lang='lat' dir='ltr'>&amp;V</span> <span class='ocrx_word' id='word_1_608' title='bbox 1497 2573 1599 2636; x_wconf 52' lang='lat'>&amp;9103</span> <span class='ocrx_word' id='word_1_609' title='bbox 1619 2574 1657 2610; x_wconf 66' lang='grc' dir='ltr'>ἐκ</span> <span class='ocrx_word' id='word_1_610' title='bbox 1676 2575 1735 2611; x_wconf 66' lang='grc' dir='ltr'>τοῦ</span> <span class='ocrx_word' id='word_1_611' title='bbox 1755 2572 1900 2623; x_wconf 65' lang='grc' dir='ltr'>Οὐρανοῦ</span> <span class='ocrx_word' id='word_1_612' title='bbox 1917 2573 1974 2610; x_wconf 68' lang='grc' dir='ltr'>τὸν</span> <span class='ocrx_word' id='word_1_613' title='bbox 1999 2573 2172 2620; x_wconf 59' lang='grc' dir='ltr'>ἀληθινόν·</span> <span class='ocrx_word' id='word_1_614' title='bbox 2200 2575 2247 2613; x_wconf 78' lang='grc' dir='ltr'>Τί</span> <span class='ocrx_word' id='word_1_615' title='bbox 2274 2573 2333 2620; x_wconf 71' lang='grc' dir='ltr'>δή·</span> 
     </span>
     <span class='ocr_line' id='line_1_82' title="bbox 261 2633 2333 2704; baseline -0.001 -14"><span class='ocrx_word' id='word_1_616' title='bbox 261 2654 338 2690; x_wconf 85' lang='lat' dir='ltr'>Non</span> <span class='ocrx_word' id='word_1_617' title='bbox 355 2653 497 2704; x_wconf 75' lang='lat' dir='ltr'>Moyses</span> <span class='ocrx_word' id='word_1_618' title='bbox 512 2651 625 2701; x_wconf 75' lang='lat' dir='ltr'>dedit,</span> <span class='ocrx_word' id='word_1_619' title='bbox 641 2651 704 2689; x_wconf 89' lang='lat' dir='ltr'>sed</span> <span class='ocrx_word' id='word_1_620' title='bbox 715 2665 779 2702; x_wconf 82' lang='lat' dir='ltr'>ego</span> <span class='ocrx_word' id='word_1_621' title='bbox 786 2666 798 2700; x_wconf 78' lang='lat'><em>3</em></span> <span class='ocrx_word' id='word_1_622' title='bbox 818 2650 880 2688; x_wconf 89' lang='lat' dir='ltr'>sed</span> <span class='ocrx_word' id='word_1_623' title='bbox 899 2663 964 2701; x_wconf 91' lang='lat' dir='ltr'>pro</span> <span class='ocrx_word' id='word_1_624' title='bbox 975 2650 1103 2701; x_wconf 84' lang='lat' dir='ltr'>Moyse</span> <span class='ocrx_word' id='word_1_625' title='bbox 1114 2650 1243 2697; x_wconf 80' lang='lat' dir='ltr'>Deum,</span> <span class='ocrx_word' id='word_1_626' title='bbox 1269 2649 1294 2676; x_wconf 82' lang='lat' dir='ltr'>A</span> <span class='ocrx_word' id='word_1_627' title='bbox 1313 2652 1398 2675; x_wconf 67' lang='grc' dir='ltr'>ποτε</span> <span class='ocrx_word' id='word_1_628' title='bbox 1416 2639 1472 2673; x_wconf 62' lang='grc' dir='ltr'>Θῦν</span> <span class='ocrx_word' id='word_1_629' title='bbox 1488 2636 1549 2673; x_wconf 64' lang='grc' dir='ltr'>Οὐκ</span> <span class='ocrx_word' id='word_1_630' title='bbox 1568 2638 1673 2682; x_wconf 62' lang='grc' dir='ltr'>Εἶπεν,</span> <span class='ocrx_word' id='word_1_631' title='bbox 1689 2635 1752 2685; x_wconf 65' lang='grc' dir='ltr'>οὐχ</span> <span class='ocrx_word' id='word_1_632' title='bbox 1770 2635 1787 2670; x_wconf 70' lang='grc' dir='ltr'><em>ὃ</em></span> <span class='ocrx_word' id='word_1_633' title='bbox 1807 2635 1960 2680; x_wconf 66' lang='grc' dir='ltr'>Μωϋσῆς</span> <span class='ocrx_word' id='word_1_634' title='bbox 1981 2634 2139 2683; x_wconf 58' lang='grc' dir='ltr'>δέδωκεν)</span> <span class='ocrx_word' id='word_1_635' title='bbox 2156 2637 2233 2673; x_wconf 53' lang='grc' dir='ltr'>ἀλλ’</span> <span class='ocrx_word' id='word_1_636' title='bbox 2251 2633 2333 2687; x_wconf 50' lang='grc' dir='ltr'>ἐγώ</span> 
     </span>
    </p>
   </div>
   <div class='ocr_carea' id='block_1_8' title="bbox 260 2711 1243 3189">
    <p class='ocr_par' dir='ltr' id='par_1_8' title="bbox 260 2711 1243 3189">
     <span class='ocr_line' id='line_1_83' title="bbox 262 2711 1243 2766; baseline 0 -17"><span class='ocrx_word' id='word_1_637' title='bbox 262 2729 326 2766; x_wconf 80' lang='lat' dir='ltr'>pro</span> <span class='ocrx_word' id='word_1_638' title='bbox 350 2728 476 2751; x_wconf 75' lang='lat' dir='ltr'>manna</span> <span class='ocrx_word' id='word_1_639' title='bbox 499 2714 653 2764; x_wconf 76' lang='lat' dir='ltr'>seipsum</span> <span class='ocrx_word' id='word_1_640' title='bbox 679 2713 822 2764; x_wconf 74' lang='lat' dir='ltr'>posuit?</span> <span class='ocrx_word' id='word_1_641' title='bbox 844 2711 940 2760; x_wconf 81' lang='lat' dir='ltr'>Quia</span> <span class='ocrx_word' id='word_1_642' title='bbox 962 2711 1072 2750; x_wconf 79' lang='lat' dir='ltr'>multa</span> <span class='ocrx_word' id='word_1_643' title='bbox 1088 2720 1163 2749; x_wconf 84' lang='lat' dir='ltr'>erat</span> <span class='ocrx_word' id='word_1_644' title='bbox 1179 2725 1243 2749; x_wconf 80' lang='lat' dir='ltr'>au-</span> 
     </span>
     <span class='ocr_line' id='line_1_84' title="bbox 260 2774 1241 2825; baseline -0.001 -13"><span class='ocrx_word' id='word_1_645' title='bbox 260 2776 418 2813; x_wconf 75' lang='lat' dir='ltr'>ditorum</span> <span class='ocrx_word' id='word_1_646' title='bbox 442 2775 681 2825; x_wconf 80' lang='lat' dir='ltr'>imbecillitas,</span> <span class='ocrx_word' id='word_1_647' title='bbox 716 2784 755 2812; x_wconf 90' lang='lat' dir='ltr'>ut</span> <span class='ocrx_word' id='word_1_648' title='bbox 782 2788 827 2813; x_wconf 79' lang='lat' dir='ltr'>ex</span> <span class='ocrx_word' id='word_1_649' title='bbox 860 2774 1089 2825; x_wconf 85' lang='lat' dir='ltr'>sequentibus</span> <span class='ocrx_word' id='word_1_650' title='bbox 1116 2774 1241 2824; x_wconf 83' lang='lat' dir='ltr'>liquet.</span> 
     </span>
     <span class='ocr_line' id='line_1_85' title="bbox 262 2834 1242 2883; baseline -0.001 -9"><span class='ocrx_word' id='word_1_651' title='bbox 262 2836 404 2874; x_wconf 80' lang='lat' dir='ltr'>Etenim</span> <span class='ocrx_word' id='word_1_652' title='bbox 420 2850 487 2872; x_wconf 86' lang='lat' dir='ltr'>non</span> <span class='ocrx_word' id='word_1_653' title='bbox 502 2836 583 2873; x_wconf 86' lang='lat' dir='ltr'>illos</span> <span class='ocrx_word' id='word_1_654' title='bbox 601 2836 657 2873; x_wconf 84' lang='lat' dir='ltr'>his</span> <span class='ocrx_word' id='word_1_655' title='bbox 669 2836 786 2874; x_wconf 82' lang='lat' dir='ltr'>verbis</span> <span class='ocrx_word' id='word_1_656' title='bbox 802 2835 977 2883; x_wconf 82' lang='lat' dir='ltr'>cohibuit,</span> <span class='ocrx_word' id='word_1_657' title='bbox 989 2835 1127 2872; x_wconf 79' lang='lat' dir='ltr'>tametsi</span> <span class='ocrx_word' id='word_1_658' title='bbox 1140 2834 1242 2873; x_wconf 91' lang='lat' dir='ltr'>initio</span> 
     </span>
     <span class='ocr_line' id='line_1_86' title="bbox 261 2897 1237 2948; baseline -0.002 -13"><span class='ocrx_word' id='word_1_659' title='bbox 261 2898 414 2946; x_wconf 70' lang='lat' dir='ltr'>dixerat,</span> <span class='ocrx_word' id='word_1_660' title='bbox 437 2898 618 2947; x_wconf 79' lang='lat' dir='ltr'>Quoerilis</span> <span class='ocrx_word' id='word_1_661' title='bbox 638 2911 710 2943; x_wconf 78' lang='lat' dir='ltr'>me,</span> <span class='ocrx_word' id='word_1_662' title='bbox 730 2910 806 2934; x_wconf 88' lang='lat' dir='ltr'>non</span> <span class='ocrx_word' id='word_1_663' title='bbox 827 2899 920 2948; x_wconf 81' lang='lat' dir='ltr'>quia</span> <span class='ocrx_word' id='word_1_664' title='bbox 932 2897 1087 2934; x_wconf 79' lang='lat' dir='ltr'>vidistis</span> <span class='ocrx_word' id='word_1_665' title='bbox 1111 2898 1237 2948; x_wconf 82' lang='lat' dir='ltr'>signa,</span> 
     </span>
     <span class='ocr_line' id='line_1_87' title="bbox 261 2958 1242 3011; baseline -0.002 -14"><span class='ocrx_word' id='word_1_666' title='bbox 261 2961 328 2997; x_wconf 73' lang='lat' dir='ltr'>secl</span> <span class='ocrx_word' id='word_1_667' title='bbox 353 2961 445 3011; x_wconf 73' lang='lat' dir='ltr'>(suia</span> <span class='ocrx_word' id='word_1_668' title='bbox 472 2958 688 2996; x_wconf 78' lang='lat' dir='ltr'>comedistis</span> <span class='ocrx_word' id='word_1_669' title='bbox 724 2972 770 2995; x_wconf 73' lang='lat' dir='ltr'>ex</span> <span class='ocrx_word' id='word_1_670' title='bbox 795 2960 981 3009; x_wconf 81' lang='lat' dir='ltr'>panibus:</span> <span class='ocrx_word' id='word_1_671' title='bbox 1013 2966 1047 2995; x_wconf 82' lang='lat' dir='ltr'>et</span> <span class='ocrx_word' id='word_1_672' title='bbox 1073 2961 1242 2996; x_wconf 81' lang='lat' dir='ltr'>saturati</span> 
     </span>
     <span class='ocr_line' id='line_1_88' title="bbox 260 3018 1242 3068; baseline -0.001 -10"><span class='ocrx_word' id='word_1_673' title='bbox 260 3023 363 3058; x_wconf 80' lang='lat' dir='ltr'>estis.</span> <span class='ocrx_word' id='word_1_674' title='bbox 405 3019 499 3067; x_wconf 76' lang='lat' dir='ltr'>Quia</span> <span class='ocrx_word' id='word_1_675' title='bbox 521 3032 606 3057; x_wconf 79' lang='lat' dir='ltr'>vcro</span> <span class='ocrx_word' id='word_1_676' title='bbox 631 3018 669 3055; x_wconf 89' lang='lat' dir='ltr'>id</span> <span class='ocrx_word' id='word_1_677' title='bbox 698 3018 916 3068; x_wconf 63' lang='lat' dir='ltr'>quaerebant,</span> <span class='ocrx_word' id='word_1_678' title='bbox 949 3018 985 3055; x_wconf 90' lang='lat' dir='ltr'>in</span> <span class='ocrx_word' id='word_1_679' title='bbox 1012 3018 1242 3068; x_wconf 84' lang='lat' dir='ltr'>sequentibus</span> 
     </span>
     <span class='ocr_line' id='line_1_89' title="bbox 260 3079 1238 3133; baseline -0.001 -15"><span class='ocrx_word' id='word_1_680' title='bbox 260 3096 401 3132; x_wconf 86' lang='lat' dir='ltr'>quoquc</span> <span class='ocrx_word' id='word_1_681' title='bbox 423 3081 517 3133; x_wconf 89' lang='lat' dir='ltr'>ipsos</span> <span class='ocrx_word' id='word_1_682' title='bbox 537 3079 704 3128; x_wconf 80' lang='lat' dir='ltr'>correxit,</span> <span class='ocrx_word' id='word_1_683' title='bbox 724 3093 837 3130; x_wconf 80' lang='lat' dir='ltr'>neque</span> <span class='ocrx_word' id='word_1_684' title='bbox 865 3088 981 3117; x_wconf 81' lang='lat' dir='ltr'>tamen</span> <span class='ocrx_word' id='word_1_685' title='bbox 1012 3079 1065 3116; x_wconf 90' lang='lat' dir='ltr'>illi</span> <span class='ocrx_word' id='word_1_686' title='bbox 1097 3080 1238 3118; x_wconf 87' lang='lat' dir='ltr'>destite-</span> 
     </span>
     <span class='ocr_line' id='line_1_90' title="bbox 261 3139 1238 3189; baseline -0.002 -9"><span class='ocrx_word' id='word_1_687' title='bbox 261 3152 355 3180; x_wconf 78' lang='lat' dir='ltr'>runt.</span> <span class='ocrx_word' id='word_1_688' title='bbox 372 3144 510 3182; x_wconf 78' lang='lat' dir='ltr'>Verum</span> <span class='ocrx_word' id='word_1_689' title='bbox 524 3155 605 3180; x_wconf 89' lang='lat' dir='ltr'>cum</span> <span class='ocrx_word' id='word_1_690' title='bbox 625 3139 856 3178; x_wconf 78' lang='lat' dir='ltr'>samaritanae</span> <span class='ocrx_word' id='word_1_691' title='bbox 873 3154 908 3177; x_wconf 88' lang='lat' dir='ltr'>se</span> <span class='ocrx_word' id='word_1_692' title='bbox 927 3154 1055 3189; x_wconf 83' lang='lat' dir='ltr'>aquam</span> <span class='ocrx_word' id='word_1_693' title='bbox 1071 3140 1238 3178; x_wconf 79' lang='lat' dir='ltr'>daturum</span> 
     </span>
    </p>
   </div>
   <div class='ocr_carea' id='block_1_9' title="bbox 302 3270 1076 3366">
    <p class='ocr_par' dir='ltr' id='par_1_9' title="bbox 302 3270 1076 3366">
     <span class='ocr_line' id='line_1_91' title="bbox 303 3270 878 3315; baseline -0.005 -10"><span class='ocrx_word' id='word_1_694' title='bbox 303 3283 315 3297; x_wconf 60' lang='grc' dir='ltr'>θ</span> <span class='ocrx_word' id='word_1_695' title='bbox 339 3270 439 3304; x_wconf 83' lang='lat' dir='ltr'>Savil.</span> <span class='ocrx_word' id='word_1_696' title='bbox 459 3275 538 3309; x_wconf 74' lang='grc' dir='ltr'>ὄντος</span> <span class='ocrx_word' id='word_1_697' title='bbox 554 3274 652 3308; x_wconf 76' lang='grc' dir='ltr'>αὐτοῖς</span> <span class='ocrx_word' id='word_1_698' title='bbox 666 3274 694 3303; x_wconf 77' lang='grc' dir='ltr'>ἐν</span> <span class='ocrx_word' id='word_1_699' title='bbox 709 3273 808 3315; x_wconf 75' lang='grc' dir='ltr'>χερσὶν</span> <span class='ocrx_word' id='word_1_700' title='bbox 824 3273 878 3303; x_wconf 82' lang='grc' dir='ltr'>ἔτι.</span> 
     </span>
     <span class='ocr_line' id='line_1_92' title="bbox 302 3323 1076 3366; baseline -0.004 -10"><span class='ocrx_word' id='word_1_701' title='bbox 302 3326 317 3349; x_wconf 74' lang='lat' dir='ltr'>b</span> <span class='ocrx_word' id='word_1_702' title='bbox 343 3323 444 3358; x_wconf 75' lang='lat' dir='ltr'>Savil.</span> <span class='ocrx_word' id='word_1_703' title='bbox 465 3327 549 3366; x_wconf 72' lang='grc' dir='ltr'>ὐμῖν;</span> <span class='ocrx_word' id='word_1_704' title='bbox 567 3326 661 3358; x_wconf 61' lang='grc' dir='ltr'>οὐκέτι</span> <span class='ocrx_word' id='word_1_705' title='bbox 679 3327 695 3361; x_wconf 78' lang='grc' dir='ltr'>ἡ</span> <span class='ocrx_word' id='word_1_706' title='bbox 713 3326 789 3366; x_wconf 76' lang='grc' dir='ltr'>ψυχὴ</span> <span class='ocrx_word' id='word_1_707' title='bbox 807 3323 887 3365; x_wconf 78' lang='grc' dir='ltr'>ὑμῶν</span> <span class='ocrx_word' id='word_1_708' title='bbox 903 3324 1076 3362; x_wconf 70' lang='grc' dir='ltr'>κατάξηρος.</span> 
     </span>
    </p>
   </div>
   <div class='ocr_carea' id='block_1_10' title="bbox 1311 2694 2333 3121">
    <p class='ocr_par' dir='ltr' id='par_1_10' title="bbox 1311 2694 2333 3121">
     <span class='ocr_line' id='line_1_93' title="bbox 1314 2694 2333 2748; baseline -0.002 -12"><span class='ocrx_word' id='word_1_709' title='bbox 1314 2698 1389 2736; x_wconf 83' lang='grc' dir='ltr'>ἀλλ’</span> <span class='ocrx_word' id='word_1_710' title='bbox 1413 2696 1489 2735; x_wconf 82' lang='grc' dir='ltr'>ἀντὶ</span> <span class='ocrx_word' id='word_1_711' title='bbox 1507 2695 1567 2748; x_wconf 82' lang='grc' dir='ltr'>μὲν</span> <span class='ocrx_word' id='word_1_712' title='bbox 1591 2694 1767 2738; x_wconf 80' lang='grc' dir='ltr'>Μωϋσέως</span> <span class='ocrx_word' id='word_1_713' title='bbox 1785 2694 1842 2732; x_wconf 83' lang='grc' dir='ltr'>τὸν</span> <span class='ocrx_word' id='word_1_714' title='bbox 1858 2696 1960 2743; x_wconf 83' lang='grc' dir='ltr'>Θεὸν,</span> <span class='ocrx_word' id='word_1_715' title='bbox 1987 2695 2062 2733; x_wconf 83' lang='grc' dir='ltr'>ἀντὶ</span> <span class='ocrx_word' id='word_1_716' title='bbox 2086 2696 2121 2734; x_wconf 81' lang='grc' dir='ltr'>δὲ</span> <span class='ocrx_word' id='word_1_717' title='bbox 2138 2702 2197 2734; x_wconf 81' lang='grc' dir='ltr'>τοῦ</span> <span class='ocrx_word' id='word_1_718' title='bbox 2219 2696 2333 2747; x_wconf 84' lang='grc' dir='ltr'>μάννα</span> 
     </span>
     <span class='ocr_line' id='line_1_94' title="bbox 1314 2751 2331 2805; baseline -0.002 -8"><span class='ocrx_word' id='word_1_719' title='bbox 1314 2759 1433 2797; x_wconf 83' lang='grc' dir='ltr'>ἑαυτὸν</span> <span class='ocrx_word' id='word_1_720' title='bbox 1464 2758 1639 2804; x_wconf 82' lang='grc' dir='ltr'>τέθεικεν;</span> <span class='ocrx_word' id='word_1_721' title='bbox 1665 2756 1751 2795; x_wconf 57' lang='grc' dir='ltr'>(Ότι</span> <span class='ocrx_word' id='word_1_722' title='bbox 1778 2755 1890 2803; x_wconf 84' lang='grc' dir='ltr'>πολλὴ</span> <span class='ocrx_word' id='word_1_723' title='bbox 1920 2751 1961 2803; x_wconf 71' lang='grc' dir='ltr'>ἦν</span> <span class='ocrx_word' id='word_1_724' title='bbox 1991 2761 2060 2795; x_wconf 81' lang='grc' dir='ltr'>τῶν</span> <span class='ocrx_word' id='word_1_725' title='bbox 2089 2757 2281 2796; x_wconf 81' lang='grc' dir='ltr'>ἀκουόντων</span> <span class='ocrx_word' id='word_1_726' title='bbox 2309 2761 2331 2805; x_wconf 88' lang='grc' dir='ltr'>ἧ</span> 
     </span>
     <span class='ocr_line' id='line_1_95' title="bbox 1313 2818 2333 2872; baseline -0.004 -12"><span class='ocrx_word' id='word_1_727' title='bbox 1313 2820 1488 2860; x_wconf 81' lang='grc' dir='ltr'>ἀσθένεια·</span> <span class='ocrx_word' id='word_1_728' title='bbox 1509 2819 1568 2857; x_wconf 82' lang='grc' dir='ltr'>καὶ</span> <span class='ocrx_word' id='word_1_729' title='bbox 1588 2819 1689 2864; x_wconf 70' lang='grc' dir='ltr'>δῆλον</span> <span class='ocrx_word' id='word_1_730' title='bbox 1714 2820 1752 2856; x_wconf 82' lang='grc' dir='ltr'>ἐκ</span> <span class='ocrx_word' id='word_1_731' title='bbox 1769 2819 1837 2854; x_wconf 77' lang='grc' dir='ltr'>τῶν</span> <span class='ocrx_word' id='word_1_732' title='bbox 1860 2818 1947 2864; x_wconf 70' lang='grc' dir='ltr'>ἑξῆς.</span> <span class='ocrx_word' id='word_1_733' title='bbox 1970 2819 2039 2856; x_wconf 83' lang='grc' dir='ltr'>Καὶ</span> <span class='ocrx_word' id='word_1_734' title='bbox 2057 2818 2125 2872; x_wconf 81' lang='grc' dir='ltr'>γὰρ</span> <span class='ocrx_word' id='word_1_735' title='bbox 2145 2818 2204 2857; x_wconf 82' lang='grc' dir='ltr'>καὶ</span> <span class='ocrx_word' id='word_1_736' title='bbox 2224 2818 2333 2862; x_wconf 81' lang='grc' dir='ltr'>οὕτως</span> 
     </span>
     <span class='ocr_line' id='line_1_96' title="bbox 1313 2878 2331 2938; baseline -0.003 -16"><span class='ocrx_word' id='word_1_737' title='bbox 1313 2883 1458 2938; x_wconf 85' lang='grc' dir='ltr'>εἰρηκὼς</span> <span class='ocrx_word' id='word_1_738' title='bbox 1470 2913 1479 2931; x_wconf 92' lang='grc'>,</span> <span class='ocrx_word' id='word_1_739' title='bbox 1496 2881 1572 2920; x_wconf 68' lang='grc' dir='ltr'>οὐδὲ</span> <span class='ocrx_word' id='word_1_740' title='bbox 1588 2879 1694 2924; x_wconf 78' lang='grc' dir='ltr'>οὕτως</span> <span class='ocrx_word' id='word_1_741' title='bbox 1710 2878 1830 2923; x_wconf 74' lang='grc' dir='ltr'>αὐτοὺς</span> <span class='ocrx_word' id='word_1_742' title='bbox 1847 2879 2016 2932; x_wconf 79' lang='grc' dir='ltr'>κατέσχε,</span> <span class='ocrx_word' id='word_1_743' title='bbox 2036 2881 2150 2920; x_wconf 83' lang='grc' dir='ltr'>καίτοι</span> <span class='ocrx_word' id='word_1_744' title='bbox 2166 2898 2205 2933; x_wconf 92' lang='grc' dir='ltr'>γε</span> <span class='ocrx_word' id='word_1_745' title='bbox 2225 2880 2331 2933; x_wconf 72' lang='grc' dir='ltr'>ἀρχό-</span> 
     </span>
     <span class='ocr_line' id='line_1_97' title="bbox 1313 2942 2329 2999; baseline -0.005 -13"><span class='ocrx_word' id='word_1_746' title='bbox 1313 2964 1411 2999; x_wconf 89' lang='grc' dir='ltr'>μενος</span> <span class='ocrx_word' id='word_1_747' title='bbox 1426 2945 1539 2997; x_wconf 81' lang='grc' dir='ltr'>ἔλεγε,</span> <span class='ocrx_word' id='word_1_748' title='bbox 1560 2945 1704 2992; x_wconf 83' lang='grc' dir='ltr'>Ζητεῖτέ</span> <span class='ocrx_word' id='word_1_749' title='bbox 1731 2959 1786 2994; x_wconf 87' lang='grc' dir='ltr'>με,</span> <span class='ocrx_word' id='word_1_750' title='bbox 1807 2947 1871 2996; x_wconf 81' lang='grc' dir='ltr'>οὐχ</span> <span class='ocrx_word' id='word_1_751' title='bbox 1892 2943 1943 2981; x_wconf 81' lang='grc' dir='ltr'>ὅτι</span> <span class='ocrx_word' id='word_1_752' title='bbox 1968 2942 2074 2982; x_wconf 80' lang='grc' dir='ltr'>εἴδετε</span> <span class='ocrx_word' id='word_1_753' title='bbox 2093 2949 2236 2994; x_wconf 87' lang='grc' dir='ltr'>σημεῖα,</span> <span class='ocrx_word' id='word_1_754' title='bbox 2253 2946 2329 2981; x_wconf 88' lang='grc' dir='ltr'>ἀλλ’</span> 
     </span>
     <span class='ocr_line' id='line_1_98' title="bbox 1311 3006 2330 3061; baseline -0.005 -13"><span class='ocrx_word' id='word_1_755' title='bbox 1311 3011 1363 3048; x_wconf 81' lang='grc' dir='ltr'>ὅτι</span> <span class='ocrx_word' id='word_1_756' title='bbox 1383 3008 1527 3061; x_wconf 78' lang='grc' dir='ltr'>ἐφάγετε</span> <span class='ocrx_word' id='word_1_757' title='bbox 1547 3008 1585 3044; x_wconf 80' lang='grc' dir='ltr'>ἐκ</span> <span class='ocrx_word' id='word_1_758' title='bbox 1601 3009 1668 3044; x_wconf 81' lang='grc' dir='ltr'>τῶν</span> <span class='ocrx_word' id='word_1_759' title='bbox 1686 3007 1815 3059; x_wconf 77' lang='grc' dir='ltr'>ἄρτων,</span> <span class='ocrx_word' id='word_1_760' title='bbox 1833 3006 1892 3044; x_wconf 81' lang='grc' dir='ltr'>καὶ</span> <span class='ocrx_word' id='word_1_761' title='bbox 1911 3006 2157 3058; x_wconf 77' lang='grc' dir='ltr'>ἐχορτάσθητε.</span> <span class='ocrx_word' id='word_1_762' title='bbox 2179 3006 2250 3044; x_wconf 86' lang='grc' dir='ltr'>Καὶ</span> <span class='ocrx_word' id='word_1_763' title='bbox 2276 3007 2330 3044; x_wconf 83' lang='grc' dir='ltr'>ὅτι</span> 
     </span>
     <span class='ocr_line' id='line_1_99' title="bbox 1311 3066 2329 3121; baseline -0.005 -12"><span class='ocrx_word' id='word_1_764' title='bbox 1311 3076 1420 3110; x_wconf 72' lang='grc' dir='ltr'>ταῦτα</span> <span class='ocrx_word' id='word_1_765' title='bbox 1440 3071 1596 3116; x_wconf 72' lang='grc' dir='ltr'>ζητοῦσι,</span> <span class='ocrx_word' id='word_1_766' title='bbox 1617 3068 1677 3106; x_wconf 79' lang='grc' dir='ltr'>καὶ</span> <span class='ocrx_word' id='word_1_767' title='bbox 1694 3067 1749 3105; x_wconf 83' lang='grc' dir='ltr'>διὰ</span> <span class='ocrx_word' id='word_1_768' title='bbox 1767 3070 1835 3105; x_wconf 84' lang='grc' dir='ltr'>τῶν</span> <span class='ocrx_word' id='word_1_769' title='bbox 1859 3066 1935 3113; x_wconf 69' lang='grc' dir='ltr'>ἑξῆς</span> <span class='ocrx_word' id='word_1_770' title='bbox 1951 3067 2072 3111; x_wconf 74' lang='grc' dir='ltr'>αὐτοὺς</span> <span class='ocrx_word' id='word_1_771' title='bbox 2088 3066 2329 3121; x_wconf 74' lang='grc' dir='ltr'>διωρθώσατο,</span> 
     </span>
    </p>
   </div>
   <div class='ocr_carea' id='block_1_11' title="bbox 1309 3136 2327 3189">
    <p class='ocr_par' dir='ltr' id='par_1_11' title="bbox 1309 3136 2327 3189">
     <span class='ocr_line' id='line_1_100' title="bbox 1309 3136 2327 3189; baseline -0.005 -11"><span class='ocrx_word' id='word_1_772' title='bbox 1309 3138 1368 3179; x_wconf 77' lang='grc' dir='ltr'>καὶ</span> <span class='ocrx_word' id='word_1_773' title='bbox 1385 3137 1459 3177; x_wconf 80' lang='grc' dir='ltr'>οὐδὲ</span> <span class='ocrx_word' id='word_1_774' title='bbox 1480 3137 1587 3180; x_wconf 81' lang='grc' dir='ltr'>οὕτως</span> <span class='ocrx_word' id='word_1_775' title='bbox 1607 3137 1825 3188; x_wconf 84' lang='grc' dir='ltr'>ἀφίστανται.</span> <span class='ocrx_word' id='word_1_776' title='bbox 1848 3137 1937 3175; x_wconf 71' lang='grc' dir='ltr'>Ἀλλ’</span> <span class='ocrx_word' id='word_1_777' title='bbox 1967 3138 2033 3189; x_wconf 82' lang='grc' dir='ltr'>οὐχ</span> <span class='ocrx_word' id='word_1_778' title='bbox 2049 3136 2106 3176; x_wconf 78' lang='grc' dir='ltr'>ὅτε</span> <span class='ocrx_word' id='word_1_779' title='bbox 2131 3139 2173 3188; x_wconf 76' lang='grc' dir='ltr'>τῇ</span> <span class='ocrx_word' id='word_1_780' title='bbox 2201 3138 2327 3186; x_wconf 79' lang='grc' dir='ltr'>Σαμα-</span> 
     </span>
    </p>
   </div>
   <div class='ocr_carea' id='block_1_12' title="bbox 1366 3267 2062 3315">
    <p class='ocr_par' dir='ltr' id='par_1_12' title="bbox 1366 3267 2062 3315">
     <span class='ocr_line' id='line_1_101' title="bbox 1366 3267 2062 3315; baseline 0.001 -12"><span class='ocrx_word' id='word_1_781' title='bbox 1366 3281 1379 3293; x_wconf 70' lang='grc'>(·</span> <span class='ocrx_word' id='word_1_782' title='bbox 1404 3268 1504 3305; x_wconf 81' lang='lat' dir='ltr'>Savil.</span> <span class='ocrx_word' id='word_1_783' title='bbox 1525 3276 1643 3315; x_wconf 68' lang='grc' dir='ltr'>τροφῆς·</span> <span class='ocrx_word' id='word_1_784' title='bbox 1666 3271 1732 3303; x_wconf 73' lang='grc' dir='ltr'>οὔτε</span> <span class='ocrx_word' id='word_1_785' title='bbox 1749 3267 1796 3301; x_wconf 77' lang='grc' dir='ltr'>οὖν</span> <span class='ocrx_word' id='word_1_786' title='bbox 1812 3273 1899 3304; x_wconf 76' lang='grc' dir='ltr'>τοῦτο</span> <span class='ocrx_word' id='word_1_787' title='bbox 1922 3273 2062 3312; x_wconf 74' lang='grc' dir='ltr'>λέγουσιν.</span> 
     </span>
    </p>
   </div>
  </div>
 </body>
</html>
