2522 3683
127 1231 197 1259 Act.
216 1231 244 1260 6.
264 1228 294 1258 8,

134 1762 214 1791 ΙΙιὶιί.
228 1771 253 1788 ν.
268 1768 299 1797 9.

140 1813 185 1832 10-

138 2123 216 2153 l‘ael'd.
232 2135 259 2151 v.
275 2124 322 2153 13.

141 2284 304 2319 Ilti‹l.v.7.

141 2325 191 2364 59.

142 2435 327 2476 Lus-2334.

145 2543 212 2571 Act.
232 2556 260 2583 7.
278 2542 325 2583 59.

146 2854 263 2880 Ibida.
278 2851 328 2882 55.

325 189 421 244 904

323 285 561 334 honoremque
582 281 752 334 martyris
766 279 945 333 praedicat.
963 276 1163 328 Stephanus
1179 274 1215 311 in
1232 288 1304 311 cer-

322 337 454 374 tamine
466 336 576 388 prior,
597 335 633 372 in
652 333 822 372 laudibus
841 331 952 384 prior,
970 329 1006 367 in
1026 328 1194 366 laudibus
1212 340 1305 378 prze-

323 389 431 432 cellit‚
445 388 505 439 qni
526 386 671 425 Domini
690 385 839 435 vestigia
855 391 1023 433 sequutus
1042 390 1107 429 est,
1126 389 1159 417 et
1174 388 1306 417 certau-

322 441 415 478 tium
430 441 569 492 primus
588 440 668 477 fuit.
690 439 794 475 Hunc
815 437 909 475 enim
932 435 1086 487 priorem
1111 434 1300 476 servator,

322 493 476 542 agricola
492 492 675 539 salutaris,
699 500 893 542 martyrem
908 487 1047 539 paravit
1065 502 1071 522 :
1095 486 1190 526 hunc
1209 496 1305 521 mors

324 545 458 583 Christi
507 545 626 583 statim
661 544 717 583 vel
754 542 799 580 ad
842 549 991 578 mortem
1026 539 1141 590 ipsam
1183 535 1303 587 despi-

322 597 484 636 ciendam
502 596 648 634 induxit
666 611 673 631 :
697 595 782 632 huic
799 592 943 632 Domini
964 592 1056 629 latus
1081 590 1120 628 id
1139 588 1304 627 eoncilia-

322 651 389 699 vit,
409 659 447 687 ut
461 649 647 701 proprium
665 648 873 698 sanguinem
888 644 1095 682 effunderet.
1112 644 1203 681 Nam
1229 655 1306 691 quze

323 703 455 740 sciebat
481 700 676 738 Dominum
706 714 770 752 pro
790 698 900 737 servis
916 712 989 735 esse
1007 709 1165 749 passum,
1187 708 1227 731 ea
1246 693 1307 730 ille

324 768 390 806 pro
406 754 560 791 Domino
576 766 698 805 passus
721 761 772 790 est
795 767 802 787 :
826 751 967 789 nullum
985 747 1204 800 exspectavit
1219 755 1307 783 tem-

323 821 404 857 pus,
426 806 564 843 nullum
591 814 805 857 praeeuntem
834 803 938 851 vidit,
971 802 1112 840 nullum
1134 809 1307 838 certamen

1331 443 1352 471 E

1266 191 1434 220 sptium.

1378 274 1541 326 κηρύττει
1559 275 1600 312 τὸ
1613 278 1671 311 τοῦ
1688 273 1861 324 μάρτυρος
1880 273 2002 323 ὄνομα.
2022 273 2213 324 Στέφανος,
2227 274 2244 310 ὁ
2258 272 2316 310 καὶ
2331 273 2398 310 τῶν

1378 325 1521 377 ἀγώνων
1541 328 1697 376 πρῶτος,
1722 326 1782 363 καὶ
1800 329 1867 363 τῶν
1889 325 2038 363 ἐπαίνων
2067 328 2220 377 πρῶτος,
2245 323 2303 362 καὶ
2331 327 2398 361 τῶν

1378 378 1527 416 ἐπαίνων
1552 377 1743 429 ἐξαίρετος,
1767 381 1784 415 ὁ
1802 384 1870 420 τοῖς
1899 377 2011 429 ἴχνεσι
2031 381 2089 415 τοῦ
2120 376 2296 415 Δεσπότου
2315 377 2398 414 ἑπό-

1379 447 1495 481 μενος,
1515 431 1574 468 καὶ
1595 429 1714 483 Βάρχὴ
1738 433 1807 468 τῶν
1832 430 2027 468 ἀθλούντων
2052 429 2245 481 γενόμενος.
2267 430 2398 466 Τοῦτον

1377 482 1444 534 γὰρ
1468 485 1604 535 πρῶτον
1634 486 1651 520 ὁ
1668 482 1795 533 Σωτὴρ
1823 484 1869 525 εἷς
1889 481 2064 535 σωτηρίαν
2090 481 2286 533 ἐγεώργησε
2308 480 2399 532 μάρ-

1376 551 1483 587 τυρα·
1502 539 1620 574 τοῦτον
1639 538 1656 573 ὃ
1672 541 1729 573 τοῦ
1749 537 1901 587 Χριστοῦ
1920 536 2062 579 Οάνατος
2079 533 2201 577 εὐθέως
2219 548 2399 584 καταφρο-

1376 590 1481 633 νῆσαι
1506 589 1564 626 καὶ
1582 590 1684 642 αὐτοῦ
1703 591 1762 626 τοῦ
1783 587 1930 625 Θανάτου
1944 592 1958 607 ⁰
1972 587 2088 626 ἔπεισε
2101 603 2108 610 ·
2131 591 2249 624 τοῦτον
2279 585 2400 636 ἐκχέαι

1377 641 1436 678 καὶ
1456 641 1495 678 τὸ
1526 641 1609 679 ἴδιον
1631 645 1719 691 αἱμα
1738 645 1758 687 ἡ
1775 644 1834 679 τοῦ
1850 639 2028 678 Δεσπότου
2056 639 2191 690 πλευρὰ
2218 637 2400 689 προεξένη-

1378 709 1446 730 σεν.
1462 693 1503 731 Ἃ
1519 693 1585 745 γὰρ
1601 694 1688 745 ἔγνω
1704 693 1761 731 τὸν
1776 692 1956 738 Δεσπότην
1973 691 2059 744 ὑπὲρ
2078 690 2206 730 δούλων
2227 690 2377 728 παθόντα
2390 719 2399 735 ,

1378 749 1489 783 ταῦτα
1509 750 1630 784 παθεῖν
1653 745 1668 765 ⁴¹
1684 746 1852 798 ἠνέσχετο
1872 744 1959 796 ὑπὲρ
1980 747 2082 782 αὐτοῦ
2113 748 2172 781 τοῦ
2204 742 2400 787 Δεσπότου,

1379 800 1439 835 οὐκ
1459 798 1646 849 ἀναμείνας
1666 799 1798 850 καιρὸν,
1820 799 1857 836 οὖ
1877 796 2115 851 προλαὸόντας
2144 794 2238 842 ἰδὼν,
2261 797 2298 832 οὔ
2318 797 2399 832 θεα-

324 867 565 910 eonspexerat.
602 858 696 904 Quia
738 857 832 895 enim
865 856 1066 893 institutum
1101 867 1206 891 suum
1236 859 1366 889 esse228
1381 850 1528 900 σάμενος
1552 851 1709 899 ἄθλησιν.
1729 850 1874 897 Ἐπειδὴ
1904 850 1970 901 γὰρ
1990 850 2053 897 τὴν
2084 851 2205 886 ἑαυτοῦ
2225 845 2402 885 πολιτείαν

325 911 491 960 ostendit,
520 919 558 948 ut
595 910 790 948 Dominum
813 917 1030 959 sequeretur,
1053 916 1086 944 et
1117 919 1198 943 cum
1231 904 1308 956 ipso
1332 898 1354 924 A

326 972 488 1013 certaret,
507 972 540 1001 et
559 963 669 1001 simili
693 963 791 1000 obire
807 961 912 999 modo
933 959 1128 1007 constituit,
1150 966 1189 994 ut
1204 956 1310 993 disci-

339 1017 433 1054 )ulus
464 1015 626 1066 magistri
653 1015 815 1053 ordinem
843 1028 1000 1051 servans.
1029 1012 1074 1049 Et
1099 1009 1183 1048 vide
1220 1008 1309 1044 mihi

325 1031 470 1106 lwatmn
500 1069 604 1105 illum
627 1068 793 1119 operibus
808 1076 841 1104 et
854 1065 974 1103 verbis
993 1062 1210 1114 Magistrum
1231 1059 1310 1096 imi-

326 1130 470 1159 tantem.
493 1122 715 1159 Servatorem
732 1119 844 1169 gloria
870 1117 988 1155 affecit
1012 1116 1068 1153 vis
1102 1115 1309 1164 signorum:

329 1174 365 1211 in
402 1174 468 1211 hoc
494 1187 634 1222 quoque
670 1171 838 1209 laudatur
867 1168 1034 1221 martyris
1061 1166 1185 1218 gratia.
1206 1166 1311 1210 Nam,

330 1226 458 1275 inquit,
478 1226 695 1276 Stephanus
712 1225 849 1275 plenus
866 1225 997 1274 gratia
1018 1229 1053 1258 et
1070 1222 1229 1264 virtute,
1240 1218 1313 1268 scl-

330 1280 455 1316 ciebat
484 1278 661 1329 prodigia
695 1285 730 1313 et
748 1279 861 1328 signu
876 1272 931 1312 in
960 1273 1115 1325 populo.
1138 1271 1313 1308 Dominus

331 1330 458 1368 docens
493 1328 720 1367 admirationi
753 1329 917 1376 habetur,
936 1335 1073 1378 martyr
1105 1323 1314 1363 concionans

331 1383 514 1420 laudatur.
540 1383 652 1420 Orsus
667 1381 761 1419 enim
781 1396 801 1418 a
820 1380 959 1419 visione
979 1377 1147 1425 Abrahae,
1168 1385 1201 1413 et
1233 1388 1314 1412 cum

333 1435 456 1473 ordine
470 1444 594 1472 caetera
613 1448 841 1486 praecurrens,
861 1442 894 1470 et
909 1444 1075 1484 personas
1094 1439 1127 1467 et
1147 1443 1201 1466 res
1229 1426 1314 1465 insi-

334 1488 472 1538 gniores
493 1496 756 1535 commemorat,
790 1485 998 1535 inducitque
1020 1481 1244 1536 prophetiam
1272 1479 1317 1517 de

335 1541 490 1589 Christo,
509 1554 549 1577 ac.
568 1542 589 1579 J
593 1539 711 1577 udaeos
723 1539 869 1576 exhibet
885 1551 1021 1589 semper
1035 1538 1150 1573 Deum
1164 1534 1211 1571 ad
1226 1534 1317 1570 iram

334 1593 631 1631 concitantes.Sed
640 1591 941 1643 quemadmodum
950 1589 1113 1627 Christus
1122 1586 1317 1625 Pharisaeos

335 1659 473 1697 semper
495 1645 770 1683 contradicentes
800 1644 946 1691 hahuit,
967 1641 1017 1679 sie
1048 1650 1081 1678 et
1110 1648 1249 1690 martyr
1274 1652 1319 1674 ex

336 1711 518 1749 synagoga
537 1706 674 1735 coaetos
687 1696 907 1735 adversarios
923 1710 930 1731 :
945 1695 1199 1732 Surrexerunt
1212 1690 1318 1737 enim,

337 1749 464 1800 inquit,
493 1751 653 1802 quidam
670 1750 717 1786 de
736 1762 953 1800 synagoga,
990 1760 1074 1798 quoe
1097 1745 1311 1796 appellatur

336 1804 620 1840 Libertinorum
649 1810 684 1839 et
721 1802 1001 1849 Cyrenensium
1021 1806 1058 1835 et
1077 1797 1118 1834 A
1123 1797 1321 1834 lez-andri-

339 1869 487 1901 norum,
514 1863 550 1892 et
571 1868 699 1892 eorum
714 1856 781 1906 qui
794 1861 905 1890 eruut
924 1866 970 1889 ex
998 1851 1139 1888 Cilicia
1155 1857 1190 1886 et
1205 1848 1319 1895 Asia,

339 1908 581 1959 disputantes
617 1920 703 1944 cum
731 1906 939 1956 Stephano,
978 1911 1014 1941 et
1047 1916 1124 1939 non
1140 1908 1321 1953 poterant

337 1963 512 1997 resistere
530 1961 729 2010 sapientise
744 1967 778 1995 et
792 1959 958 2008 spiritui,
979 1968 1054 2007 quo
1076 1955 1318 2006 loquebatur.

338 2012 580 2049 Accusabatur
611 2011 701 2048 eirca
728 2010 902 2061 templum
922 2007 1098 2046 Dominus
1117 2021 1133 2042 :·
1148 2006 1215 2043 hac
1234 2018 1322 2055 quo-

339 2078 407 2114 que
425 2065 468 2101 de
480 2079 516 2101 re
533 2062 721 2101 calumniis
735 2061 918 2114 impetitur
932 2069 1080 2112 martyr.
1098 2059 1190 2096 Nam
1202 2057 1318 2095 aiunt:

340 2119 416 2153 llic
437 2119 549 2154 homo
567 2130 643 2153 non
660 2124 781 2153 cessat
803 2115 909 2166 loqui
923 2115 1047 2151 verba
1063 2120 1200 2149 contra
1220 2112 1322 2148 hunc

338 2178 517 2206 sanetum
539 2169 665 2206 locum
685 2176 720 2205 et
740 2175 877 2205 contra
903 2167 1036 2218 legem.
1059 2164 1173 2201 Extra
1199 2163 1325 2200 urbem

340 2222 562 2272 crucifigitur
595 2220 768 2258 Dominus
780 2235 791 2270 3
813 2228 914 2257 extra
953 2217 1078 2255 urbem
1112 2225 1248 2267 martyr
1276 2215 1325 2251 la-

340 2273 498 2325 pidatur.
521 2275 732 2325 Ejicientes
765 2272 859 2310 enim
876 2284 961 2308 eum
993 2278 1104 2307 extra
1130 2271 1326 2306 civitatem

343 2327 583 2377 lapidabunt.
604 2325 721 2365 ,ludaei
747 2325 931 2362 Christum
955 2322 1182 2371 crucifigunt,
1209 2319 1326 2358 Judaei

344 2379 564 2430 Stephanum
594 2377 766 2429 lapidant.
791 2376 944 2416 Veniam
976 2373 1136 2412 concedit
1152 2372 1328 2410 Dominus

343 2431 560 2468 crucifixus:
580 2432 714 2476 Pater,
738 2429 870 2480 inquit,
885 2430 1037 2466 dimitte
1056 2427 1135 2464 illis
1153 2427 1225 2462 hoc
1241 2438 1328 2476 pec-
1350 2431 1372 2461 C

343 2492 488 2521 calum:
512 2497 589 2520 non
603 2486 703 2520 enim
721 2485 847 2520 sciunt
867 2481 1140 2533 quid-fuciunt.
1156 2477 1329 2515 Similiter

342 2549 407 2586 pro
420 2536 492 2573 illis
512 2545 610 2586 rogat
623 2544 771 2587 martyr.
789 2536 934 2572 Positis
951 2532 1056 2580 enim,
1074 2530 1203 2580 inquit,
1221 2532 1329 2581 geni—

345 2590 424 2633 bus,
449 2590 584 2633 oravit,
601 2589 732 2624 dicens
755 2603 765 2622 .·
788 2588 957 2624 Domine
979 2586 1073 2622 Jesu
1093 2585 1259 2630 Christe,
1284 2596 1331 2619 ne

343 2649 492 2678 statuas
513 2641 592 2678 illis
616 2642 688 2677 lzoc
705 2648 921 2691 peccatum.
944 2638 1065 2687 Neque
1084 2636 1204 2675 verbis
1220 2648 1331 2684 neque

344 2693 510 2743 operibus
530 2693 725 2730 Dominum
746 2691 846 2742 sequi
871 2699 1009 2742 martyr
1025 2688 1188 2737 cessavit,
1215 2686 1278 2725 sed
1298 2696 1332 2724 et

344 2743 556 2793 injuriarum
577 2744 799 2781 tolerantiam
820 2752 852 2781 et
874 2742 1053 2794 patientia:
1073 2741 1246 2779 virtutem
1266 2753 1332 2776 ex-

343 2795 462 2833 hihuit
481 2812 487 2832 :
510 2806 725 2848 quapropter
747 2797 814 2833 hac
841 2795 962 2833 divina
985 2794 1119 2832 visione
1150 2793 1330 2843 dignatur.

344 2849 561 2899 Respiciens
595 2849 701 2893 enim,
725 2848 853 2899 inquit,
877 2851 918 2884 in
937 2848 1087 2892 ccelum,
1121 2847 1224 2883 vidit
1244 2845 1332 2897 glo-

343 2903 444 2937 rium
464 2903 550 2948 Dei,
567 2910 602 2938 et
628 2903 762 2938 Jesmn
781 2909 950 2938 stantem
968 2914 994 2936 a
1013 2900 1160 2936 dextris
1181 2899 1327 2935 Patris.

343 2954 515 3004 Magnum
528 2961 579 2989 est
591 2953 658 2991 hoe
672 2954 906 2990 certaminum
918 2951 1084 2990 stadium.
1096 2952 1189 2988 Nam
1200 2949 1333 2987 athleta

345 3004 486 3042 interra
514 3014 661 3056 pugnat,
682 3014 714 3041 et
737 3005 950 3055 agonotheta
964 3004 1008 3041 de
1036 3003 1131 3045 caelis
1152 3002 1298 3054 respicit
1322 3017 1328 3037 :

343 3057 402 3096 hic
430 3057 585 3095 decertat
604 3066 636 3094 et
654 3056 714 3094 hic
740 3067 887 3108 pugnat,
907 3057 968 3094 ille
983 3056 1133 3108 desuper
1155 3054 1331 3107 pugnanti

391 3194 406 3217 ¹¹
434 3189 519 3233 [Alii
535 3190 664 3235 ipxwm]

392 3255 403 3267 τ’
428 3242 510 3287 [Alii
530 3241 720 3287 παρέπεισε.]

391 3296 403 3314 ‘¹
429 3294 513 3336 [Alii
533 3292 697 3338 ἥρπασε-ιη]

391 3358 402 3370 ³
432 3348 492 3378 [lic
517 3344 608 3377 deest
630 3343 766 3386 aliquid.
784 3340 923 3375 Savilius
943 3339 1133 3372 addendum
1159 3348 1251 3381 putat
1274 3344 1355 3373 &Co-21-

1380 902 1554 953 ἑπομένην
1579 903 1702 951 ἔδειξε,
1724 906 1904 955 πανταχοῦ
1930 904 1968 941 τὸ
1987 901 2147 953 Δεσπότῃ
2180 898 2402 950 συναγωνίζε-

1381 959 1473 1003 σΟαι,
1489 956 1548 993 καὶ
1562 956 1624 1002 τὴν
1653 956 1815 1002 τελευτὴν
1844 954 1965 1007 ὁμοίαν
1982 960 1995 975 ³
2008 954 2222 1006 ἐργάσασθαι
2235 982 2244 999 ,
2274 951 2403 1004 φυλάτ-

1380 1022 1462 1054 των,
1479 1011 1524 1052 ὡς
1545 1008 1724 1057 μαθητὴς,
1745 1009 1954 1047 διδασκάλου
1980 1008 2087 1052 τάξιν.
2118 1005 2188 1044 Καὶ
2219 1005 2326 1056 βλέπε
2345 1019 2403 1054 μοι

1381 1059 1438 1096 τὸν
1460 1060 1629 1112 μακάριον
1647 1063 1681 1098 ἓν
1704 1061 1816 1112 ἔργοις
1841 1076 1879 1097 τε
1898 1060 1957 1097 καὶ
1982 1060 2096 1111 λόγοις
2126 1058 2225 1096 αὐτὸν
2253 1057 2311 1095 τὸν
2339 1058 2400 1093 Δε-

1381 1110 1491 1157 πότην
1506 1112 1728 1163 μιμούμενον.
1747 1112 1914 1156 Ἐδόξασε
1929 1113 1986 1151 τὸν
1999 1114 2151 1164 Σωτῆρα
2165 1113 2231 1147 τῶν
2249 1107 2402 1159 σημείων

1381 1166 1403 1209 ἡ
1435 1163 1595 1215 δύναμις·
1629 1164 1857 1216 μακαρίζεται
1888 1164 1947 1202 καὶ
1969 1167 2002 1202 ἐν
2032 1164 2140 1217 τούτῳ
2168 1166 2189 1209 ἡ
2218 1161 2320 1213 χάρις
2345 1165 2405 1198 ‘COD‘

1385 1215 1569 1269 μάρτυρος.
1591 1217 1765 1270 Στέφανος
1787 1216 1872 1268 γὰρ,
1901 1218 2006 1268 φησὶ,
2025 1217 2161 1269 πλήρης
2185 1216 2328 1267 χάριτος
2345 1213 2405 1250 καὶ

1386 1268 1582 1319 δυνάμεως,
1625 1270 1733 1308 ἐποίει
1760 1270 1888 1323 τέρατα
1920 1270 1980 1307 καὶ
2007 1275 2136 1320 σημεῖα
2172 1269 2205 1304 ἐν
2239 1269 2288 1319 τῷ
2316 1267 2404 1317 λαῷ.

1385 1321 1612 1372 Θαυμάζεται
1639 1323 1810 1361 διδάσκων
1834 1326 1851 1360 ὃ
1870 1321 1996 1375 Κύριος
2008 1353 2017 1370 ,
2036 1324 2228 1360 ἐπαινεῖται
2248 1320 2405 1368 δημηγο-

1388 1376 1454 1423 ρῶν
1490 1378 1507 1412 ὁ
1538 1375 1681 1428 μάρτυς.
1709 1375 1912 1428 Ἀρξάμενος
1939 1375 2006 1429 γὰρ
2040 1374 2109 1413 ἀπὸ
2141 1375 2203 1418 τῆς
2234 1370 2325 1409 κατὰ
2349 1369 2405 1407 τὸν

1386 1426 1547 1478 Ἀδραὰμ
1566 1428 1735 1472 ὀπτασίας
1749 1458 1758 1475 ,
1781 1428 1841 1466 καὶ
1860 1427 2000 1466 διελθὼν
2023 1425 2169 1472 καθεξῆς
2190 1423 2383 1465 ἀκολούθως
2397 1452 2405 1466 s

1387 1479 1622 1530 ἐπιμέμνηται
1637 1481 1699 1530 μὲν
1718 1484 1786 1518 τῶν
1807 1479 1822 1500 b
1836 1480 2069 1533 καιριωτέρων
2086 1476 2280 1531 προσώπων
2296 1491 2334 1512 τε
2350 1474 2409 1512 καὶ

1386 1533 1618 1584 πραγμάτιον,
1638 1534 1771 1585 εἰσάγει
1792 1532 1827 1570 δὲ
1854 1533 1917 1579 τὴν
1938 1535 1985 1576 εἷς
2007 1532 2155 1584 Χριστὸν
2183 1527 2408 1581 προφητείαν,

1387 1585 1446 1622 καὶ
1473 1584 1643 1623 δείκνυσιν
1664 1585 1717 1624 ἀεὶ
1735 1585 1811 1628 τοὺς
1843 1584 2030 1629 Ἰουδαίους
2049 1586 2106 1623 τὸν
2126 1584 2217 1622 Θεὸν
2243 1581 2410 1634 παροργί-

1389 1639 1519 1680 ζοντας.
1542 1638 1633 1676 Ἀλλ’
1671 1637 1791 1691 ὥσπερ
1819 1638 1919 1689 ἔσχεν
1947 1640 1965 1675 ὃ
1992 1637 2142 1690 Χριστὸς
2173 1634 2410 1687 εΦαρισαίους

1390 1690 1651 1741 ἀντιλέγοντας,
1672 1690 1761 1728 οὕτω
1793 1690 1852 1728 καὶ
1881 1694 1898 1728 ὁ
1919 1690 2050 1741 μάρτυς
2068 1689 2146 1731 τοὺς
2160 1690 2214 1725 ’ἐκ
2245 1690 2308 1733 τῆς
2333 1701 2409 1724 συν-

1390 1745 1529 1793 αγωγῆς
1548 1745 1642 1795 αὐτῷ
1671 1740 1950 1785 ἀντιπίπτοντας.
1972 1741 2178 1788 Ἀνέστησαν
2207 1739 2274 1792 γάρ
2301 1753 2410 1786 τινες,

1390 1795 1493 1845 φησὶ,
1514 1797 1581 1832 τῶν
1601 1795 1670 1833 ἀπὸ
1690 1799 1751 1842 τῆς
1771 1798 1973 1846 συναγωγῆς
1992 1797 2054 1840 τῆς
2078 1793 2267 1846 λεγομένης
2286 1791 2411 1844 Αιὸερ-

1389 1847 1491 1884 τίνων
1511 1847 1571 1884 καὶ
1591 1847 1796 1899 Κυρηναίων
1820 1847 1880 1884 καὶ
1900 1846 2161 1898 Ἀλεξανδρέων,
2180 1845 2238 1884 καὶ
2257 1844 2325 1883 ἀπὸ
2343 1847 2411 1881 τῶν

1390 1900 1460 1938 ἀπὸ
1477 1898 1639 1942 Κιλικίας
1667 1899 1725 1937 καὶ
1745 1898 1858 1943 Ἀσίας
1874 1930 1883 1947 ,
1908 1901 2132 1946 συζητοῦντες
2151 1901 2200 1950 τῷ
2220 1896 2387 1964 Στεράνῳ
2404 1911 2410 1917 ·

1390 1952 1450 2006 ξαὶ
1464 1954 1525 1990 οὐκ
1539 1951 1659 2003 ἴσχυον
1676 1954 1880 1997 ἀντιστῆναι
1895 1955 1936 2003 τῆ
1959 1951 2061 2005 σοφίᾳ
2080 1951 2135 1990 καὶ
2158 1953 2207 2002 τῷ
2224 1965 2412 2001 πνευματι,

1391 2008 1419 2056 ᾡ
1432 2003 1558 2042 ἐλάλει.
1574 2007 1832 2056 Κατηγορεῖται
1847 2004 1926 2056 περὶ
1940 2010 1999 2043 τοῦ
2012 2009 2094 2043 ναοῦ
2111 2008 2128 2041 ὁ
2143 2003 2323 2048 Δεσπότης
2341 2019 2348 2026 ·
2360 2020 2415 2041 συ·

1391 2062 1614 2110 κρφαντεῖται
1638 2057 1695 2094 καὶ
1717 2061 1733 2094 ὁ
1750 2057 1882 2108 μάρτυς
1901 2060 1933 2095 ἐν
1950 2057 2072 2108 τούτῳ.
2090 2056 2134 2094 Ὁ
2151 2056 2216 2108 γὰρ
2238 2056 2415 2107 ἅνθρωπος

1392 2113 1505 2157 οὗτος,
1522 2109 1637 2160 φησὶν,
1659 2110 1696 2146 οὓ
1710 2109 1858 2147 παύεται
1879 2111 1994 2148 λαλῶν
2013 2110 2154 2162 ῥήματα
2174 2108 2264 2147 κατὰ
2285 2112 2343 2147 τοῦ
2360 2109 2417 2146 τό-

1393 2178 1458 2200 που
1474 2165 1533 2199 τοῦ
1550 2161 1648 2213 ἁγίου
1662 2161 1802 2209 τούτου,
1815 2162 1874 2199 καὶ
1893 2167 1952 2200 τοῦ
1964 2161 2084 2212 νόμου.
2101 2160 2196 2205 Ἔξω
2210 2164 2271 2207 τῆς
2284 2161 2417 2203 πόλεως

1394 2217 1411 2251 ὁ
1427 2213 1607 2261 Δεσπότης
1621 2218 1850 2267 σταυροῦται·
1865 2214 1928 2258 ἔξω
1946 2216 2008 2259 τῆς
2023 2214 2156 2258 πόλεως
2174 2213 2233 2251 καὶ
2253 2217 2270 2252 ὁ
2288 2213 2418 2266 μάρτυς
2468 2205 2473 2210 ⁹

1393 2267 1581 2311 λιΟάζεται.
1604 2266 1857 2309 Ἒκὸάλλοντες
1886 2266 1953 2318 γὰρ
1982 2266 2081 2304 αὐτὸν
2104 2266 2168 2311 ἔξω
2198 2269 2260 2312 τῆς
2287 2266 2420 2308 πόλεως

1397 2319 1610 2357 ἐλιΟοέόλουν
1619 2348 1626 2356 .
1644 2318 1802 2356 Ἰουδαῖοι
1813 2323 1999 2370 σταυροῦσι
2010 2318 2067 2356 τὸν
2082 2319 2247 2373 Χριστὸν,
2258 2319 2420 2356 Ἰουδαῖοι

1395 2372 1574 2415 λιΟάζουσι
1593 2371 1652 2408 καὶ
1672 2371 1728 2408 τὸν
1757 2371 1946 2423 Στέφανον.
1966 2371 2146 2422 Ἀπονέμει
2168 2371 2376 2422 συγγν(ι’)μην
2404 2374 2421 2408 ὁ

1398 2423 1578 2471 Δεσπότης
1597 2422 1870 2475 σταυρούμενος·
1889 2423 2009 2476 Πάτερ
2028 2423 2108 2475 γὰρ,
2129 2423 2245 2475 φησὶν,
2265 2424 2348 2474 ἄφες
2363 2424 2421 2460 αὐ-

1397 2482 1468 2519 τοῖς
1485 2477 1547 2523 τὴν
1569 2475 1744 2528 ἁμαρτίαν
1765 2476 1914 2521 ταύτην·
1937 2477 1973 2513 οὗ
1994 2474 2062 2529 γὰρ
2083 2476 2195 2514 οἴδασι
2215 2474 2248 2512 τί
2274 2480 2421 2514 ποιοῦσι.

1398 2530 1604 2581 Παρακαλεῖ
1624 2527 1726 2578 ὅμοια
1741 2528 1822 2579 περὶ
1842 2530 1953 2566 αὐτῶν
1974 2528 2033 2566 καὶ
2047 2531 2064 2565 ὃ
2084 2528 2226 2581 μάρτυς.
2239 2528 2323 2570 Θεὶς
2336 2528 2421 2580 γὰρ,

1400 2582 1503 2634 φησὶ,
1530 2581 1574 2619 τὰ
1604 2580 1733 2632 γόνατα
1764 2580 1985 2632 προσηύξατο
2012 2579 2144 2631 λέγων·
2170 2579 2276 2632 Κύριε
2309 2579 2425 2626 Ἰησοῦ

1401 2633 1530 2686 Χριστὲ
1543 2664 1552 2681 ,
1584 2633 1632 2683 μὴ
1668 2632 1799 2684 στήσῃς
1834 2636 1948 2676 αὐτοῖς
1979 2632 2041 2679 τὴν
2073 2633 2248 2685 ἁμαρτίαν
2283 2633 2424 2678 ταύτην.

1401 2686 1493 2725 Οὐδὲ
1516 2688 1550 2723 ἐν
1571 2685 1706 2737 λόγοις,
1726 2685 1800 2724 οὐδὲ
1826 2688 1859 2723 ἐν
1877 2685 1989 2737 ἔργοις
2021 2687 2217 2723 ἀκολουθῶν
2247 2687 2263 2722 ὁ
2296 2686 2426 2737 μάρτυς

1400 2742 1449 2791 τῷ
1467 2738 1627 2790 Δεσπότῃ
1647 2738 1869 2791 παρέλειψεν,
1886 2739 1963 2775 ἀλλ’
1980 2737 2085 2781 ἔδειξε
2101 2737 2159 2775 καὶ
2177 2737 2215 2775 τὸ
2235 2741 2297 2783 τῆς
2313 2739 2428 2790 ψυχῆς

1403 2791 1616 2838 ἀνεξίκακον,
1637 2791 1696 2828 καὶ
1723 2791 1763 2828 τὸ
1787 2794 1849 2837 τῆς
1876 2793 2050 2841 ὑπομονῆς
2070 2792 2224 2842 ἀνδρεῖον
2238 2806 2245 2812 ·
2266 2790 2340 2828 &osv
2369 2783 2428 2827 >loct

1402 2844 1529 2889 ταύτης
1550 2847 1611 2889 τῆς
1642 2842 1733 2886 Οείας
1756 2841 1925 2897 ὀπτασίας
1954 2843 2121 2887 ἀξιοῦται.
2138 2843 2310 2885 Ἀτενίσας
2340 2842 2428 2893 γὰρ,

1404 2897 1521 2948 φησὶν,
1543 2898 1590 2937 εἷς
1609 2896 1667 2933 τὸν
1695 2895 1849 2946 οὐρανὸν,
1870 2896 1937 2932 εἶδε
1958 2894 2057 2939 δόξαν
2080 2898 2192 2943 (θεοῦ,
2209 2897 2267 2934 καὶ
2295 2894 2428 2940 Ἰησοῦν

1405 2951 1540 2987 ἑστῶτα
1574 2949 1612 2985 ἐκ
1645 2947 1762 2992 δέξιῶν
1792 2952 1851 2985 τοῦ
1874 2948 2025 2999 Πατρός.
2056 2947 2158 2999 Μέγα
2185 2951 2253 2985 τῶν
2286 2947 2430 2998 ἀγώνων

1404 3006 1503 3039 τοῦτο
1522 3000 1559 3038 τὸ
1580 2999 1729 3038 στάδιον.
1751 3000 1795 3037 Ὁ
1816 3000 1883 3052 γὰρ
1901 2999 2052 3046 ἀθλητὴς
2069 2999 2165 3037 κάτω
2187 3000 2350 3048 παλαίει,
2371 3000 2430 3038 καὶ

1406 3057 1423 3092 ὁ
1443 3052 1658 3105 ἀγωνοθέτης
1680 3052 1715 3096 ἐξ
1735 3055 1890 3104 οὐρανῶν
1921 3052 2147 3090 κατοπτεύει·
2176 3046 2272 3095 οὗτος
2304 3052 2430 3104 ἀγωνί-

1425 3191 1491 3220 >mro
1510 3185 1556 3220 vel
1575 3190 1711 3224 ἠθέλησε.
1728 3185 1848 3217 Verum
1867 3184 1958 3217 nullo
1978 3183 2094 3216 addito
2115 3183 2233 3225 verbo,
2250 3186 2275 3216 si
2292 3190 2431 3230 φυλάττει

1425 3250 1485 3280 pro
1500 3242 1657 3283 φυλάττων
1675 3236 1814 3281 legatur,
1830 3244 1937 3269 totum
1955 3235 2146 3279 quadrabit.

1471 3291 1486 3313 ¹¹
1511 3288 1521 3332 Ῐ
1539 3288 1598 3320 Alli
1617 3289 1830 3333 κυριωτέρων.]

1473 3351 1484 3363 ‘'
1509 3339 1519 3383 s
1537 3340 1595 3371 Alii
1615 3340 1789 3381 ioossvngff
