2481 3678
260 225 350 270 21ss
686 239 724 269 S.
761 238 947 270 JOANMS
982 237 1224 267 CHRYSOST.
1266 237 1468 267 Attenuat).
1505 237 1864 268 CONSTANTINOP-

256 319 328 368 tiis,
351 317 412 357 sed
437 317 481 356 de
499 318 726 371 dogmatibus
741 319 872 357 statim.
888 318 986 365 Quid
1003 318 1098 356 enim
1118 317 1206 355 dicit
1221 317 1238 354 Ξ)

256 382 323 418 (20.
344 382 484 419 Patres
500 383 620 418 nostri
641 383 682 417 in
709 389 836 417 monte
859 381 931 418 hoc
959 381 1235 426 adoraverunt,

258 441 439 479 Abraham
468 441 687 493 significans,
710 455 816 491 quem
837 441 954 478 silium
981 455 1021 478 eo
1048 440 1241 478 adduxisse

258 503 447 542 dicebant:
469 504 521 540 Et
543 503 733 553 quomodo
761 515 832 539 vos
861 503 989 539 dicitis
1018 504 1111 554 quia
1131 502 1241 540 Jero-

261 564 320 602 sol
315 566 424 612 ymc's
442 571 498 602 est
520 563 625 601 locus
644 564 710 600 ubi
731 563 895 599 adorare
915 565 1091 613 oportet?

316 747 352 784 5.
382 745 514 786 Viden'
526 760 632 796 quam
642 754 756 783 mente
769 745 957 784 sublimior
967 744 1140 785 evaserit?
1155 745 1247 782 Nam
1271 758 1295 789 ι)

263 807 325 845 illa
345 807 401 845 eui
431 806 475 844 de
490 805 643 844 sedanda
665 806 723 844 siti
743 820 828 845 cura
848 815 932 855 erat,
947 807 1020 859 jam
1039 806 1084 844 de
1102 806 1247 857 dogma-

263 869 359 906 tibus
387 868 587 920 interrogat.
606 868 706 914 Quid
727 882 808 920 ergo
828 868 1014 906 Christus?
1035 869 1111 906 Non
1143 867 1250 905 solvit

264 930 493 982 quaestionem
512 933 524 979 (
542 944 610 968 non
637 930 729 967 enim
746 930 813 968 hoc
832 930 990 979 curabat,
1009 938 1047 967 ut
1066 930 1113 967 ad
1132 928 1250 967 omnia

265 1002 427 1031 accurate
451 992 691 1044 responderet3
712 992 752 1030 id
786 992 918 1044 quippe
952 1005 1251 1044 supervacaneum

267 1054 389 1091 fuisset
406 1057 417 1101 )
428 1083 438 1102 ,
461 1052 524 1090 sed
544 1067 665 1090 rursus
685 1053 868 1090 mulierem
886 1052 930 1089 ad
950 1053 1120 1103 majorem
1139 1052 1250 1089 subli-

268 1115 427 1151 mitatem
451 1113 565 1162 ducit3
587 1127 649 1150 nec
677 1114 776 1165 prius
803 1113 865 1150 illa
891 1121 1028 1160 tractat,
1043 1126 1150 1162 quam
1173 1126 1252 1148 mu-

267 1177 332 1213 lier
352 1177 505 1213 confessa
530 1185 617 1212 esset
639 1175 756 1227 ipsum
777 1189 850 1212 esse
878 1174 1099 1226 prophetam,
1119 1183 1158 1211 ut
1176 1188 1252 1211 ma-

264 1239 378 1289 jorem
399 1245 517 1288 postea
540 1236 647 1272 dietis
668 1235 776 1272 fidem
794 1235 950 1272 haberet.
972 1235 1060 1280 Quae
1077 1234 1172 1272 enim
1186 1234 1254 1271 hoc

269 1297 439 1347 erederet,
457 1310 526 1334 non
546 1297 638 1333 ultra
657 1296 701 1334 de
723 1295 828 1333 dictis
848 1295 1053 1332 dubitatura
1076 1303 1161 1332 erat.
1182 1295 1254 1331 Pu-

268 1361 349 1398 deat
370 1373 453 1411 ergo
474 1373 548 1408 nos,
562 1368 594 1397 et
613 1358 874 1396 erubescamus.
892 1357 1026 1395 Mulier
1048 1371 1126 1408 quae
1152 1357 1255 1407 quin-

1313 317 1366 356 δὲν
1390 317 1550 369 βιωτικὸν
1570 317 1672 355 αὐτὸν
1690 320 1823 371 ἐρωτᾷ,
1838 322 1876 357 οὐ
1897 319 1977 371 περὶ
2004 318 2164 370 σώματος
2183 318 2336 373 ὑγιείας,

1311 380 1349 416 οὖ
1378 379 1459 431 περὶ
1494 378 1710 431 χρημάτων,
1744 381 1782 417 οὖ
1816 380 1896 431 περὶ
1923 379 2092 428 πλούτου,
2122 380 2213 418 ἀλλὰ
2252 381 2334 432 περὶ

1314 439 1495 490 δογμάτων
1524 439 1661 483 εὐθέως.
1684 439 1732 478 Τί
1759 440 1826 492 γάρ
1847 456 1969 492 φησιν;
1999 442 2045 479 Οἱ
2071 441 2217 493 πατέρες
2233 443 2334 491 ἡμῶν

1314 502 1349 538 ἐν
1383 503 1432 553 τῷ
1467 501 1538 553 ὄρει
1572 500 1685 554 τούτῳ
1724 500 1989 553 προσεκύνησαν
2004 517 2013 526 ·
2048 501 2125 544 τοὺς
2154 500 2243 553 ἱπερὶ
2277 500 2335 538 τὸν

1317 561 1476 613 Ἀὅραὰμ
1494 562 1643 614 λέγουσα
1655 578 1662 586 ·
1684 561 1743 600 καὶ
1762 562 1829 614 γὰρ
1849 563 1920 601 ἐκεῖ
1936 578 2021 614 φασι
2040 562 2097 601 τὸν
2118 562 2189 600 υἱὸν
2216 562 2336 607 ἀνηνέ-

1316 627 1423 674 χθαι·
1445 623 1514 661 Καὶ
1539 625 1613 666 πῶς
1641 626 1737 674 ὑμεῖς
1765 621 1902 674 λέγετε,
1935 623 1987 661 ὅτι
2015 624 2049 662 ἐν
2085 621 2338 674 Ἱεροσολύμοις

1318 685 1411 722 ἐστὶν
1427 688 1444 723 ὁ
1457 683 1561 728 τόπος
1572 715 1581 733 ,
1596 683 1681 722 ὅπου
1698 683 1766 736 χρὴ
1786 689 2013 736 προσκυνεῖν;

1371 740 1472 790 Εἶδες
1491 748 1564 789 πῶς
1584 745 1783 798 ὑψηλοτέρα
1809 748 1853 797 τῇ
1872 745 2006 797 διανοίᾳ
2032 745 2190 796 γέγονεν;
2208 743 2254 781 ‘H
2271 743 2338 794 γὰρ

1319 807 1428 859 οὑπὲρ
1445 811 1504 845 τοῦ
1523 807 1570 858 μὴ
1596 808 1803 846 σκύλλεσθαι
1831 806 1887 845 διὰ
1906 806 1945 845 τὸ
1979 808 2080 858 διψῆν
2112 807 2337 858 μεριμνῶσα,

1321 867 1379 906 καὶ
1394 867 1480 920 ὑπὲρ
1503 868 1686 919 δογμάτων
1705 870 1818 920 ἐρωτᾷ
1834 867 1969 906 λοιπόν.
1993 867 2041 905 Τί
2059 860 2117 904 οῧν
2136 869 2154 904 ὁ
2169 864 2340 917 Χριστός;

1323 930 1400 968 Οὐκ
1431 928 1531 967 ἔλυσε
1564 929 1631 969 dvo
1660 929 1799 980 ζήτημα
1829 931 1890 977 (οὐ
1927 929 1995 982 γὰρ
2030 933 2131 967 τοῦτο
2173 921 2216 974 ἦν
2246 928 2339 977 αὐτῷ

1323 989 1636 1042 περισπούδαστον,
1659 990 1745 1042 πρὸς
1764 991 1808 1029 τὰ
1826 991 1997 1041 λεγόμενοι
2021 990 2141 1031 ἁπλῶς
2160 987 2340 1039 ἀποκρίνε-

1325 1055 1422 1088 σθαι·
1442 1049 1614 1101 παρέλκον
1633 1051 1699 1101 γὰρ
1719 1045 1803 1098 ἦν),
1823 1050 1913 1089 ἀλλὰ
1934 1050 2010 1102 ἄγει
2028 1049 2090 1097 τὴν
2109 1054 2256 1099 γυναῖκα
2272 1046 2340 1084 πά-

1323 1114 1376 1149 λιν
1394 1111 1451 1148 ἐπὶ
1465 1111 1503 1148 τὸ
1524 1113 1638 1161 μεῖζον
1658 1111 1740 1163 ὕψος
1755 1111 1814 1149 καὶ
1829 1114 1866 1149 οὗ
1879 1112 2046 1164 πρότερον
2066 1113 2153 1162 αὐτῇ
2173 1109 2252 1161 περὶ
2267 1107 2344 1146 τού-

1324 1186 1392 1209 των
1411 1170 1625 1221 διαλέγεται,
1646 1171 1710 1215 ἕως
1729 1172 1951 1223 ὡμολόγησεν
1970 1173 2023 1210 ὅτι
2041 1172 2218 1223 προφήτης
2237 1169 2344 1217 ἐστὶν,
2396 1193 2397 1196 =

1327 1231 1417 1269 ὥστε
1437 1231 1495 1268 καὶ
1516 1230 1605 1281 μετὰ
1621 1232 1753 1277 πολλῆς
1773 1234 1835 1278 τῆς
1860 1232 2096 1284 πληροφορίας
2112 1233 2257 1268 ἀκοῦσαι
2271 1232 2345 1268 λοι-

1327 1292 1392 1330 πὸν
1412 1295 1480 1329 τῶν
1495 1291 1705 1343 λεγομένων.
1722 1292 1767 1331 ‘H
1786 1291 1854 1344 γὰρ
1872 1295 1974 1330 τοῦτο
1993 1295 2174 1329 πεισθεῖσα
2186 1321 2195 1339 ,
2214 1292 2275 1328 οὐκ
2296 1290 2347 1327 ἔτι

1327 1352 1447 1391 λοιπὸν
1484 1353 1564 1405 περὶ
1595 1356 1664 1391 τῶν
1702 1353 1947 1405 ῥηθησομένων
1979 1352 2212 1405 ἀμφιὸάλλειν
2241 1344 2346 1402 εἶχεν·

269 1436 337 1472 que
356 1421 452 1459 viros
476 1420 662 1468 habuerat,
681 1418 914 1468 Samaritana,
927 1427 1066 1456 tantum
1084 1417 1254 1455 doetrinae
1280 1421 1305 1452 E
1331 1416 1581 1466 Αἷσχυνθῶμεν
1608 1414 1721 1452 τοίνυν
1741 1415 1800 1453 καὶ
1820 1415 2079 1467 ἕρυθριάσωμεν
2093 1413 2226 1452 λοιπόν.
2252 1411 2346 1458 Γυνὴ

269 1481 491 1520 addiscendae
502 1480 662 1519 studium
675 1480 794 1528 habet,
807 1493 869 1517 nec
883 1480 970 1516 hora
985 1478 1068 1526 diei,
1083 1492 1147 1516 nec.
1159 1477 1258 1515 aliud

270 1542 424 1593 quodvis
439 1542 597 1580 officium
611 1541 668 1579 vel
684 1540 865 1591 negotium
880 1539 980 1577 illam
991 1538 1036 1575 ab
1051 1538 1258 1590 hujusmodi

273 1603 462 1654 quaestione
482 1601 629 1639 abducit
648 1617 656 1637 ε
673 1615 736 1638 nos
757 1609 874 1638 autem
903 1613 971 1637 non
1000 1598 1106 1636 modo
1130 1598 1174 1636 de
1195 1598 1258 1636 do-

273 1664 451 1715 gmatibus
472 1676 540 1699 non
566 1661 840 1712 interrogamus,
864 1659 925 1698 sed
949 1659 985 1696 in
1010 1659 1175 1696 omnibus
1204 1673 1259 1696 so-

275 1725 395 1764 cordes
419 1724 609 1776 ignavique
624 1736 756 1761 sumus.
777 1722 859 1760 Ideo
876 1720 993 1759 omnia
1018 1720 1258 1771 negliguntur.

163 1804 262 1832 Lectio
276 1786 364 1833 Quis
391 1794 563 1831 vestrum,
583 1797 714 1834 quaeso,
739 1782 837 1820 domi
865 1781 1098 1819 christianum
1125 1781 1258 1818 librum

1273 1813 1321 1837 188

1330 1475 1432 1514 πέντε
1458 1475 1584 1527 ἄνδρας
1615 1477 1805 1527 ἐσχηκυῖα,
1838 1476 1896 1514 καὶ
1928 1477 2142 1527 Σαμαρεῖτις
2170 1477 2275 1519 οὖσα,
2294 1488 2349 1510 το-

1331 1535 1462 1582 σαύτην
1476 1536 1556 1588 περὶ
1584 1537 1765 1587 δογμάτων
1794 1543 1945 1575 ποιεῖται
1979 1535 2144 1584 σπουδὴν,
2163 1535 2221 1573 καὶ
2249 1536 2313 1585 οὐχ
2331 1536 2349 1571 ὁ

1330 1596 1449 1648 καιρὸς
1467 1599 1529 1643 τῆς
1547 1595 1680 1648 ἡμέρας
1693 1624 1702 1641 ,
1717 1598 1754 1634 οὐ
1767 1596 1806 1634 τὸ
1823 1598 1874 1648 ἐφ’
1893 1595 2009 1647 ἕτερόν
2028 1611 2063 1633 τι
2075 1592 2355 1645 παραγενέσθαι,>

1331 1659 1393 1696 οὐκ
1413 1657 1499 1694 ἄλλο
1515 1657 1609 1695 οὐδὲν
1641 1656 1745 1703 αὐτὴν
1774 1657 1935 1707 ἀπήγαγε
1961 1658 2023 1701 τ’ῆς
2038 1654 2118 1706 περὶ
2147 1654 2189 1691 τὰ
2207 1656 2352 1691 τοιαῦτα

1333 1717 1527 1764 ζητήσεως·
1547 1721 1649 1769 ἡμεῖς
1668 1717 1702 1756 δὲ
1727 1719 1764 1755 οὐ
1791 1717 1892 1768 μόνον
1923 1716 2004 1768 περὶ
2035 1716 2217 1767 δογμάτων
2237 1716 2274 1752 οὐ
2293 1716 2353 1761 ζη-

1333 1783 1472 1829 τοῦμεν,
1496 1778 1586 1817 ἀλλὰ
1607 1778 1665 1817 καὶ
1684 1778 1764 1829 περὶ
1786 1779 1926 1816 πάντων
1956 1778 2093 1823 ἁπλῶς,
2114 1776 2172 1814 καὶ
2191 1779 2237 1820 ὡς
2253 1776 2353 1827 ἔτυχε

73 1848 240 1873 ‘livifwfflffl
276 1846 414 1898 arripit,
430 1844 524 1882 dicta
541 1844 730 1893 examinat,
742 1852 803 1880 aut
819 1841 1041 1893 Scripturam
1059 1841 1260 1878 serutatur?
1287 1850 1311 1879 Α
1334 1840 1547 1891 διακείμεθα.
1568 1840 1636 1878 Διὰ
1660 1845 1759 1879 τοῦτο
1778 1839 1822 1877 τὰ
1847 1839 1962 1876 πάντα
1985 1837 2172 1889 ἠμέληται.
2192 1837 2257 1881 Τίς
2286 1837 2353 1888 γὰρ

76 1889 263 1955 Ιςιὲᾩῇἰξὲᾏω
278 1909 387 1946 Nemo
407 1920 504 1954 sane;
528 1906 589 1943 sed
603 1906 693 1943 talos
711 1914 743 1942 et
764 1903 871 1941 cubos
890 1901 988 1954 apud
1001 1901 1185 1954 plerosque
1206 1901 1258 1938 in-

78 1976 133 1996 ¹¹¹s·
277 1969 469 2017 veniemus,
485 1968 596 2005 libros
615 1980 802 2016 nusquam,
821 1964 877 2003 vel
895 1962 993 2015 apud
1008 1976 1135 2014 paucos
1152 1971 1256 2000 certe.

277 2030 321 2066 Hi
344 2043 426 2068 vero
449 2027 594 2080 perinde
624 2025 741 2064 affecti
760 2033 852 2073 sunt,
873 2033 976 2074 atque
994 2023 1019 2060 ii
1037 2023 1099 2074 qui
1118 2037 1187 2060 non
1199 2023 1262 2060 ha-

276 2091 373 2140 bent,
396 2089 457 2140 qui
476 2089 603 2140 ligatos
621 2087 679 2126 vel
699 2099 845 2138 prorsus
871 2085 907 2122 in
926 2083 1065 2122 scriniis
1085 2083 1263 2135 depositos

277 2161 427 2199 servant,
445 2163 616 2200 omneque
636 2148 796 2186 studium
815 2155 951 2198 ponunt
980 2145 1015 2183 in
1041 2145 1262 2183 membrana-

277 2227 357 2250 rum
392 2212 581 2260 tenuitate,
612 2219 672 2247 aut
706 2210 741 2246 in
768 2209 952 2246 literarum
984 2206 1262 2259 pulchritudine,

277 2274 432 2325 neglecta
451 2272 611 2310 lectione.
625 2272 748 2321 Neque
762 2269 855 2307 enim
869 2267 916 2305 ad
930 2268 1120 2305 utilitatem
1140 2281 1264 2317 quam-

277 2334 373 2385 piam
414 2333 494 2370 illos
525 2332 725 2383 acquirunt,
745 2329 805 2368 sed
836 2338 874 2366 ut
913 2328 1133 2380 opulentiam
1164 2341 1265 2364 suam

278 2395 462 2433 ambitiose
482 2402 655 2432 ostentent
679 2408 686 2429 :
706 2400 825 2430 tantus
851 2398 901 2427 est
920 2389 1034 2427 inanis
1063 2388 1184 2440 gloriae
1213 2389 1264 2426 fa-

122 2474 201 2500 lsam
217 2483 266 2500 au·
280 2466 366 2495 stus.
378 2456 561 2494 Neminem
572 2454 678 2493 audio
693 2453 730 2491 id
746 2451 881 2490 ambire
897 2460 935 2488 ut
946 2450 1057 2488 libros
1071 2450 1264 2500 intelligat3

1335 1903 1444 1951 ὑμῶν,
1466 1900 1541 1938 εἰπέ
1559 1916 1637 1951 μοι,
1654 1902 1689 1938 ἐν
1715 1900 1807 1953 οἰκία
1825 1899 2028 1952 γενόμενος,
2053 1903 2067 1918 ³
2087 1898 2229 1936 πυκτίον
2249 1898 2353 1936 ἔλαῧε

1333 1961 1569 2015 χριστιανικὸν
1588 1962 1676 2011 μετὰ
1691 1966 1811 2013 χεῖρας
1826 1991 1835 2009 ,
1857 1960 1916 1999 καὶ
1934 1960 1977 1998 τὰ
2001 1960 2185 2011 ἐγκείμενοι
2204 1961 2332 2004 ἐπῆλθε
2344 1989 2356 2006 ,

1334 2023 1393 2060 καὶ
1410 2021 1581 2073 ἠρεύνησε
1600 2021 1662 2068 τὴν
1686 2021 1849 2074 Γραφήν;
1870 2021 1994 2064 Οὐδεὶς
2017 2021 2056 2058 ἂν
2077 2020 2151 2072 ἔχοι
2175 2023 2285 2057 ταῦτα
2308 2021 2355 2056 εἷ-

1334 2089 1412 2122 πεῖν
1424 2100 1431 2107 ·
1450 2084 1539 2122 ἀλλὰ
1556 2083 1702 2126 πέττους
1717 2082 1778 2134 μὲν
1791 2083 1848 2121 καὶ
1860 2082 1983 2126 κύὸους
1999 2081 2096 2133 παρὰ
2115 2087 2184 2124 τοῖς
2199 2081 2353 2119 πλείοσιν

1336 2145 1527 2197 εὑρήσομεν
1546 2144 1646 2187 ὄντας
1658 2175 1670 2191 ,
1688 2143 1807 2195 βιδλία
1827 2143 1861 2183 δὲ
1878 2145 2029 2195 οὐδαμοῦ
2041 2172 2050 2189 ,
2063 2143 2081 2163 *
2092 2142 2182 2181 ἀλλὰ
2198 2142 2256 2180 καὶ
2270 2141 2355 2193 παρ’

1336 2205 1474 2257 ὀλίγοις.
1496 2205 1564 2243 Καὶ
1580 2199 1673 2242 οὗτοι
1689 2204 1724 2242 δὲ
1743 2211 1813 2248 τοῖς
1830 2207 1892 2243 οὐκ
1908 2205 2046 2257 ἔχουσιν
2067 2204 2192 2255 ὁμοίως
2208 2204 2355 2242 διάκειν-

1336 2282 1412 2313 ται,
1427 2266 1592 2313 δήσαντες
1605 2265 1692 2302 αὖτὰ
1708 2265 1765 2303 καὶ
1779 2265 1987 2315 ἀποθέμενοι
2001 2265 2185 2308 διαπαντὸς
2200 2267 2234 2302 ἐν
2250 2264 2356 2301 κιὸω-

1337 2327 1423 2370 τίοις
1436 2343 1443 2350 ·
1458 2326 1517 2364 καὶ
1535 2331 1556 2373 ἡ
1580 2332 1677 2363 πᾶσα
1702 2328 1815 2368 αὐτοῖς
1836 2326 1969 2372 σπουδὴ
1993 2326 2074 2378 περὶ
2100 2325 2163 2373 τὴν
2178 2328 2246 2363 τῶν
2265 2324 2345 2375 ὑμέ-

1338 2403 1404 2425 νων
1424 2388 1641 2434 λεπτότητα,
1663 2385 1722 2425 καὶ
1752 2386 1790 2424 τὸ
1819 2388 1887 2423 τῶν
1913 2387 2130 2439 γραμμάτιον
2152 2386 2298 2431 κάλλος,
2318 2389 2355 2424 οὐ

1338 2448 1418 2500 περὶ
1446 2447 1509 2495 τὴν
1538 2447 1744 2498 ἀνάγνωσιν.
1768 2446 1859 2485 Οὐδὲ
1891 2446 1957 2498 γὰρ
1982 2447 2069 2499 ὑπὲρ
2101 2447 2269 2499 ὠφελείας
2299 2447 2357 2485 καὶ

79 2525 135 2542 “³¹³
161 2516 264 2542 ¹⁵¹⁰¹'i⁵·
280 2517 341 2555 sed
366 2516 488 2569 potius
508 2530 543 2552 se
574 2514 685 2551 libros
705 2513 838 2552 habere
860 2513 995 2565 Jaetant
1014 2511 1129 2549 aureis
1154 2511 1266 2549 literis
1290 2526 1313 2555 B
1339 2508 1478 2561 κέρδους
1497 2508 1560 2556 τὴν
1579 2510 1702 2554 κτῆσιν
1724 2509 1834 2546 αὐτῶν
1855 2507 2083 2556 πεποίηνται,
2103 2508 2192 2546 ἀλλὰ
2208 2508 2356 2546 πλούτου

279 2579 439 2630 scriptos.
470 2578 516 2615 Et
539 2576 638 2627 quid,
669 2589 798 2626 quaeso,
836 2573 920 2611 hinc
954 2573 1045 2611 lueri
1078 2572 1267 2625 provenit?

280 2644 356 2679 Non
377 2640 468 2677 enim
488 2649 672 2691 propterea
693 2638 783 2675 datae
795 2637 897 2675 nobis
911 2645 992 2674 sunt
1008 2635 1216 2687 Scripturae,
1228 2644 1267 2672 ut

278 2703 358 2739 illas
385 2701 420 2738 in
444 2701 544 2737 libris
568 2709 705 2737 tantum
724 2699 935 2746 habeamus3
954 2696 1014 2734 sed
1036 2706 1076 2734 ut
1095 2697 1130 2734 in
1151 2695 1267 2733 cordi-

278 2764 346 2801 bus
375 2761 626 2812 inseulpamuS.
662 2762 761 2797 Certe
787 2760 862 2796 hacc
884 2758 1060 2796 librorum
1095 2755 1267 2808 possessio

280 2823 440 2864 ,luda'icae
474 2821 679 2858 ambitionis
702 2829 767 2869 est,
789 2834 870 2856 cum
895 2817 1062 2857 videlicet
1092 2825 1269 2868 praecepta

281 2885 393 2923 literis
412 2883 527 2921 solum
546 2882 770 2919 mandantur.
787 2880 899 2917 Nobis
914 2879 1035 2928 utique
1050 2892 1118 2916 non
1139 2877 1184 2914 ab
1200 2876 1269 2913 ini-

279 2947 328 2983 tio
352 2945 401 2982 sic
424 2944 483 2980 lex
506 2941 588 2979 data
614 2941 692 2989 fuit,
713 2940 823 2977 sedin
842 2939 971 2976 tabulis
987 2938 1103 2976 cordis
1119 2938 1270 2975 carnali-

278 3008 356 3044 bus.
372 3006 454 3042 llaec
485 3017 568 3041 xero
601 3001 695 3049 dieo,
713 3014 780 3037 non
805 2999 899 3050 quod
924 2999 1036 3036 libros
1066 3012 1272 3050 comparare

280 3066 501 3119 prohibeam,
522 3062 592 3100 imo
609 3060 646 3099 id
668 3059 822 3109 laud07et
842 3067 879 3096 ut
901 3059 962 3095 fiat
977 3067 1104 3110 exopto
1112 3073 1121 3108 5
1138 3057 1197 3096 sed
1212 3071 1271 3098 ve—

322 3213 334 3226 e
352 3200 453 3235 δίῃ-11.
472 3205 541 3245 περὶ
556 3204 620 3232 τοῦ.

351 3253 415 3285 Alli
434 3258 468 3287 τὸ
486 3253 677 3293 ζητούμενον.

322 3317 334 3331 ¹¹
356 3311 475 3340 πυκτὶον
497 3308 585 3337 &2262-
609 3304 817 3346 χριστιανικὸν,
844 3296 1072 3330 Christianum
1099 3295 1217 3326 librum
1234 3308 1292 3327 ac.

278 3360 376 3401 cepit.
393 3362 507 3391 Πυκτία
532 3353 623 3398 apud
644 3360 768 3386 veteres
790 3349 895 3383 libros
919 3360 987 3382 esse
1003 3356 1198 3390 compactos
1214 3359 1294 3390 pro-

277 3411 426 3444 hux-imus
440 3408 529 3451 apud
542 3406 755 3440 Athanasium
774 3415 806 3446 p.
834 3404 896 3434 ⁴24
918 3430 925 3443 ‚
944 3409 977 3434 et
1001 3402 1035 3434 in
1051 3400 1298 3443 Palaeographia

1339 2571 1397 2609 καὶ
1438 2569 1637 2622 φιλοτιμίας
1670 2568 1831 2612 ἐπίδειξιν
1868 2568 2092 2619 ποιούμενοι,
2130 2569 2210 2620 περὶ
2248 2572 2358 2606 ταῦτα

1339 2632 1612 2670 ἐσπουδάκασιν·
1641 2630 1792 2681 τοσαύτη
1813 2633 1875 2676 τῆς
1902 2630 2094 2674 κενοδοξίας
2127 2634 2143 2677 ἡ
2168 2630 2357 2682 ὑπερβολή.

1339 2692 1487 2735 Οὐδενὸς
1499 2691 1565 2743 γὰρ
1581 2691 1696 2730 ἀκούω
1713 2691 2001 2743 φιλοτιμουμένου
2012 2720 2021 2737 ,
2037 2690 2091 2729 ὅτι
2107 2685 2175 2728 οἶδε
2189 2692 2232 2729 τὰ
2249 2691 2360 2742 ἐγκεί-

1340 2770 1447 2805 μενα,
1468 2755 1543 2791 ἀλλ’
1561 2753 1613 2791 ὅτι
1629 2758 1770 2804 χρυσοῖς
1791 2753 1866 2804 ἔχει
1889 2752 2092 2804 γράμμασιν
2116 2751 2359 2803 ἐγγεγραμμέ-

1341 2830 1408 2852 νον.
1436 2814 1504 2852 Καὶ
1534 2813 1568 2850 τί
1594 2813 1634 2850 τὸ
1657 2812 1794 2864 κέρδος;
1814 2812 1889 2850 εἶπέ
1910 2829 1979 2863 μοι.
2007 2814 2060 2850 Οὐ
2079 2812 2145 2864 γὰρ
2168 2812 2223 2850 διὰ
2250 2817 2360 2850 ταῦτα

1341 2875 1506 2922 ἐδόθησαν
1527 2877 1561 2911 αἱ
1582 2873 1741 2925 Γραφαὶ,
1761 2873 1817 2910 ἵνα
1853 2875 1888 2910 ἐν
1921 2873 2066 2924 βιὸλίοις
2092 2874 2194 2917 αὐτὰς
2226 2874 2361 2926 ἔχωμεν

1342 2935 1459 2986 μόνον,
1482 2935 1557 2972 ἀλλ’
1577 2932 1634 2970 ἵνα
1654 2933 1712 2970 καὶ
1733 2935 1766 2970 ἐν
1786 2931 1944 2983 καρδίαις
1965 2933 2070 2977 αὐτὰς
2095 2934 2359 2986 ἐγκολάψωμεν.

1339 2996 1402 3039 Ὡς
1422 2995 1508 3044 αὕτη
1528 3011 1566 3046 γε
1587 2997 1608 3040 ἡ
1633 2997 1754 3040 κτῆσις
1774 2993 1967 3039 Ἰουδαϊκῆς
1987 2996 2060 3032 ἐστι
2081 2995 2279 3047 φολιτιμίας
2294 3025 2303 3042 ,
2324 2996 2362 3034 τὸ

1344 3059 1378 3094 ἐν
1405 3062 1475 3099 τοῖς
1504 3055 1688 3108 γράμμασι
1715 3054 1961 3092 κατατίθεσθαι
1995 3054 2097 3104 μόνον
2125 3056 2187 3100 τὰς
2205 3057 2361 3100 ἐντολάς·

1351 3193 1466 3226 Graeca
1483 3203 1514 3234 p.
1535 3191 1588 3232 25,
1614 3189 1669 3222 ubi
1692 3200 1760 3222 rem
1782 3188 1938 3230 exemplis
1955 3189 2205 3230 confirmamus,
2229 3201 2267 3222 ac
2281 3202 2363 3233 prm-

1355 3245 1468 3276 sertim
1494 3245 1528 3275 in
1549 3241 1752 3275 Collectione
1778 3251 1862 3272 nova
1880 3241 2014 3272 patrum
2029 3242 2070 3273 T.
2091 3244 2121 3282 2,
2141 3241 2362 3275 Animadver-

1358 3297 1450 3328 sione
1465 3294 1525 3326 XV
1541 3295 1574 3326 in
1590 3294 1693 3326 vitam
1707 3299 1740 3324 et
1755 3290 1879 3333 scripta
1896 3290 2078 3325 Athanasii.

1407 3347 1423 3365 ¹*
1440 3346 1516 3389 [Alii
1531 3350 1610 3380 ἀλλὰ
1624 3349 1697 3391 παρ’
1711 3348 1756 3378 b).
1773 3345 1866 3376 Fort.
1886 3347 1955 3378 ἀλλ’
1972 3345 2018 3386 ή.]
