2481 3678
304 206 362 268 76
749 220 785 249 23.
822 219 999 250 somnis
1035 216 1274 248 CHRYSOST.
1314 216 1517 246 ARCfflEP.
1557 216 1903 247 CONSTANTINOP.

297 304 378 354 jure
396 302 497 340 nobis
515 300 647 352 singuli
665 309 926 349 succenserent;
939 300 969 338 si
989 312 1073 339 vero
1092 298 1283 336 utilitatem
1359 301 1458 335 τοῦτο
1472 299 1626 343 λυπῆσαι
1642 297 1865 350 προελόμενοι
1881 296 1981 348 μόνον
1999 298 2109 346 8ὑμᾶς
2127 299 2237 333 ταῦτα
2253 295 2379 348 ἐπράτ-

300 372 455 401 vestram
478 371 686 414 spectantes,
707 361 911 399 auditorum
936 359 1087 410 gratiam
1105 357 1196 396 inire
1213 370 1281 394 non
1358 372 1474 407 τομεν,
1503 357 1642 401 εἰκότως
1663 357 1701 396 ἂν
1729 357 1870 399 ἕκαστος
1897 356 2152 408 ἐδυσχέραινεν·
2182 357 2211 394 εἷ
2234 354 2269 393 δὲ
2295 356 2381 407 πρὸς

300 422 525 473 curavimus,
547 422 684 460 etiamsi
703 422 802 460 illam
820 421 996 473 profectus
1014 419 1124 457 vestri
1143 431 1279 467 curam,
1307 424 1331 454 B
1357 418 1397 456 τὸ
1426 418 1597 472 συμφέρον
1627 422 1726 470 ἡμῶν
1769 417 1951 469 βλέποντες
1987 418 2064 468 τὴν,
2093 418 2126 454 ἐν
2163 422 2233 460 τοῖς
2268 415 2382 466 λόγοις

301 498 408 534 quam
435 484 620 535 gessimus,
641 492 819 535 acceptam
852 481 982 518 habere
1015 479 1149 530 nolitis,
1169 478 1283 517 amori
1358 478 1461 532 χάριν
1485 479 1710 531 παρείδομεν,
1732 483 1761 518 εἰ
1791 479 1850 518 καὶ
1882 478 1930 529 μὴ
1960 477 2191 522 ἀποδέξασθαι
2222 475 2382 527 βούλεσθε

300 544 425 581 saltem
449 554 568 582 nostro
592 543 733 582 veniam
757 540 956 580 concedatis
981 549 1128 593 oportet.
1149 539 1282 577 Admo—
1358 542 1420 585 τῆς
1447 540 1662 593 προμηθείας
1689 544 1802 591 ἡμᾶς,
1825 538 1914 577 ἀλλὰ
1946 541 2138 590 συγγνῶναι
2170 540 2231 583 τῆς
2259 535 2381 574 τοσαύ-

300 604 388 642 (111111
415 605 509 642 6111111
536 603 716 653 timemus,
739 616 781 641 ne
801 602 907 652 nobis
933 615 1015 639 cum
1031 600 1151 639 studio
1170 600 1282 638 multo
1358 617 1418 648 της
1444 600 1482 639 ἂν
1510 602 1602 648 εἴητε
1618 602 1744 640 δίκαιοι
1761 599 2013 654 φιλοστοργίας.
2042 599 2112 638 Καὶ
2126 599 2193 650 γὰρ
2222 597 2281 636 καὶ
2297 597 2381 649 σφό-

299 664 725 713 6011610113111111115,101115
750 672 868 700 autem
891 661 996 699 dictis
1020 660 1199 699 attendere
1224 663 1281 698 ne·
1359 662 1422 714 δρα
1452 662 1670 714 δεδοίκαμεν,
1696 661 1859 713 ι’μήποτε
1886 660 2143 704 σπουδαζόντων
2176 659 2237 710 μὲν
2266 661 2379 709 ἡμῶν,

299 725 533 777 gligentibus,
561 737 648 775 grav
652 724 741 762 iores
769 723 872 762 vohis
908 722 1060 761 lationes
1089 720 1280 759 reddeudae
1358 725 1453 773 ὑμῶν
1485 722 1520 762 δὲ
1539 725 1599 762 οὐκ
1627 723 1810 762 ἐθελόντων
1829 723 1892 770 τὴν
1921 721 2026 768 αὐτὴν
2047 720 2282 764 ἐπιδείξασθαι
2301 720 2380 772 περὶ

299 787 380 824 sint.
402 786 484 824 Ideo
509 799 616 836 cogor
634 800 697 824 105
715 786 916 835 fr'equentei
934 783 1088 821 excitare
1106 792 1139 820 et
1158 796 1282 834 expei-
1357 783 1418 831 τὴν
1440 784 1844 838 ἇκρόασινᾪιλοπονίαν,
1873 786 1908 822 αἱ
1929 786 1996 821 τῶν
2021 781 2216 832 μελλόντων
2245 778 2381 819 εὖθῦναι

299 848 467 897 gelacere,
489 862 532 885 nc
550 847 729 886 dictorum
746 845 935 898 quidpiam
954 844 1127 882 inutiliter
1144 843 1279 881 effluat.
1357 844 1601 899 χαλεπώτεραι
1625 846 1803 897 γένωνται.
1841 845 1904 883 Διὸ
1934 846 2085 896 συνεχῶς
2116 841 2380 893 ἀναγκαζόμεθα

298 909 375 947 Hoc
398 909 493 947 enim
516 918 618 961 pacto
641 908 763 946 licebit
786 907 888 946 vobis
911 905 1062 944 fidenter
1086 913 1119 942 et
1142 904 1202 942 1116
1226 904 1281 942 vi·
1359 905 1534 958 διεγείρειν
1553 923 1592 944 τε
1614 910 1703 957 ὑμᾶς
1722 907 1781 944 καὶ
1807 905 2020 958 ἀφυπνίζειν,
2055 903 2144 941 ὥστε
2179 901 2284 953 μηδὲν
2311 904 2379 940 τῶν

299 984 395 1018 vere,
417 979 451 1008 et
474 970 510 1007 in
535 970 597 1008 illo
622 969 681 1007 die
700 978 779 1006 ante
797 967 954 1006 tribunal
973 965 1107 1004 Christi
1125 965 1277 1003 adstare.
1356 967 1549 1018 λεγομένων
1564 970 1818 1021 παραῤῥυῆναι.
1835 966 1939 1006 Οὕτω
1954 966 2021 1018 γὰρ
2043 968 2121 1014 ὑμῖν
2144 963 2234 1015 μετὰ
2251 965 2381 1036 πολλῆς

299 1031 392 1078 Quia
421 1030 532 1081 igitur
559 1045 623 1068 vos
652 1044 765 1081 nuper
792 1028 876 1066 satis
904 1026 1199 1079 perstrinximus,
1218 1039 1282 1077 age
1358 1027 1554 1080 παρρησίας
1576 1044 1633 1066 νυν
1660 1044 1697 1066 τε
1730 1028 1863 1072 ἐξέσται
1893 1030 2033 1078 βιωναι,
2053 1026 2112 1063 καὶ
2143 1040 2210 1062 κατ
2247 1023 2379 1070 ἐκείνην

299 1092 406 1129 hodie
435 1091 554 1129 statim
578 1091 655 1143 ipsa
684 1090 793 1127 verba
821 1102 1072 1140 proponamus.
1101 1089 1155 1125 Et
1181 1089 1282 1126 vidz'-
1308 1096 1332 1127 C
1358 1086 1421 1133 τὴν
1432 1087 1568 1163 ἡμέραν
1586 1104 1866 1140 παραστηναιτι)
1884 1088 2016 1139 βήματι
2030 1102 2089 1124 του
2107 1087 2268 1138 Χριστου.
2280 1084 2381 1122 Ἐπεὶ

300 1168 395 1200 mus,
411 1153 540 1204 inquit,
559 1154 725 1205 gloriam
750 1153 844 1201 ejus,
862 1151 1027 1201 gloriam
1048 1151 1161 1199 quasi
1190 1151 1282 1187 Um·-
1359 1151 1416 1186 οὖν
1432 1151 1557 1192 ἱκανως
1579 1151 1674 1199 ὑμῶν
1700 1151 1932 1201 καθηψάυεθα
1951 1148 2090 1202 πρώην,
2124 1147 2204 1200 φέρε
2230 1162 2379 1198 τημερον

298 1218 418 1266 geniti
434 1230 457 1252 a
475 1217 610 1253 Patre.
632 1215 824 1261 Postquam
852 1210 992 1247 dixerat
1011 1223 1073 1246 nos
1093 1209 1186 1247 filios
1215 1210 1283 1247 Dei
1359 1223 1397 1246 εκ
1415 1208 1606 1260 προοιμίων
1629 1211 1675 1251 εἷς
1695 1209 1801 1253 αὐτὰς
1827 1226 1888 1253 τας
1919 1210 2034 1262 ῥησεις
2062 1208 2282 1259 ἐμὲοἱλωμεν
2311 1207 2381 1245 Και

299 1275 439 1312 effectos
456 1289 542 1323 esse,
565 1283 598 1310 et
617 1271 815 1309 ostenderat
840 1283 909 1307 non
929 1269 999 1306 alio
1018 1267 1125 1306 modo
1144 1269 1183 1306 id
1201 1283 1283 1309 eve·
1359 1267 1576 1316 ἐθεασάμεθα
1599 1268 1678 1321 γὰρ,
1699 1269 1800 1321 φησὶ,
1832 1270 1894 1316 τὴν
1924 1269 2023 1313 δόξαν
2059 1271 2179 1315 αὐτου,
2204 1268 2302 1312 δόξαν
2334 1270 2381 1310 ὡς

298 1335 408 1383 111556,
437 1349 543 1385 quam
571 1331 669 1383 quod
693 1330 857 1370 Verbum
892 1342 973 1367 caro
1008 1329 1142 1366 sactum
1178 1339 1280 1380 esset,
1358 1329 1571 1380 Μονογενους
1584 1330 1682 1382 παρὰ
1708 1330 1860 1383 Πατρός.
1891 1330 2043 1369 Εἷπων
2031 1330 2084 1369 ότι
2102 1332 2193 1369 Θεοῦ
2207 1329 2310 1367 τέκνα
2325 1345 2381 1380 γε-

298 1396 397 1434 aliud
415 1396 499 1433 hinc
518 1394 796 1432 emolumentum
814 1389 1018 1443 provenisse
1037 1390 1135 1428 dicit.
1157 1390 1282 1436 Quod-
1358 1388 1519 1440 γόναμεν,
1534 1390 1593 1428 καὶ
1606 1395 1619 1411 ⁰
1631 1390 1740 1435 δείξας
1756 1393 1816 1429 οὐκ
1830 1391 1980 1437 ἅλλωςῆ
2000 1394 2050 1444 τῷ
2068 1391 2125 1429 τὸν
2140 1389 2250 1442 Λόγον
2268 1389 2381 1441 σάρκα

297 1471 379 1495 113111
408 1456 501 1494 11111(1
519 1455 593 1493 est?
616 1455 790 1491 Vidimus
815 1452 978 1503 gloriam
1008 1453 1101 1502 ejus,
1117 1452 1282 1503 gloriam
1357 1449 1532 1501 γενέσθαι,
1548 1451 1651 1489 πάλιν
1669 1454 1771 1490 αὐτοῦ
1790 1452 1909 1491 τούτου
1929 1452 2021 1504 λέγει
2040 1452 2100 1490 καὶ
2120 1450 2233 1504 ἕτερον
2248 1449 2378 1503 κέρδος.

298 1521 410 1559 quusi
449 1519 646 1568 Unigeniti
674 1529 699 1552 a
726 1516 873 1552 Patre:
895 1526 965 1550 non
999 1512 1123 1563 utique
1150 1512 1280 1563 visuri,
1359 1509 1406 1547 Τί
1434 1510 1468 1549 δὲ
1495 1511 1595 1550 τουτό
1625 1515 1734 1561 ἐστιν,
1756 1513 2000 1564 Εθεασάμεθα
2025 1512 2088 1559 τὴν
2124 1511 2222 1555 δόξαν
2256 1527 2378 1558 αυτου,

298 1578 364 1616 11151
377 1592 440 1630 per
454 1577 588 1615 socium
604 1575 673 1614 51111
688 1588 815 1626 corpus
830 1573 931 1611 nohis
942 1573 1175 1625 apparuisset.
1190 1575 1283 1612 Nam
1359 1570 1456 1615 δόςαν
1482 1574 1529 1615 ὡς
1544 1575 1756 1625 Μονογενους
1771 1573 1869 1626 παρὰ
1883 1573 2041 1627 Πατρός·
2062 1575 2122 1611 οὐκ
2141 1573 2180 1610 ἂν
2208 1572 2379 1623 θεασάμε-

298 1639 327 1676 51
340 1639 476 1692 Moysis
490 1648 623 1676 naturae
636 1634 925 1675 nostraehominis
951 1635 1092 1672 vultum
1110 1635 1201 1672 ferre
1212 1650 1281 1674 non
1357 1648 1429 1680 νοι,
1449 1634 1478 1670 εἷ
1497 1632 1545 1684 μη
1567 1633 1623 1672 διὰ
1640 1640 1699 1673 τοῦ
1719 1634 1904 1688 συντρόφου
1923 1633 2084 1685 σώματος
2104 1638 2189 1685 ημῖν
2207 1633 2317 1685 ὤφθη.
2334 1634 2380 1671 Εἰ

297 1709 458 1752 poterant
470 1701 566 1738 1111115
577 1698 745 1751 temporis
764 1697 939 1743 homines,
959 1695 1054 1746 quod
1067 1696 1180 1747 gloria
1198 1697 1282 1734 illu-
1357 1693 1424 1747 γὰρ
1440 1694 1616 1738 Μωϋσέως
1629 1699 1691 1742 τῆς
1709 1698 1813 1742 αὐτῆς
1828 1698 1912 1746 ἡμῖν
1929 1695 2131 1747 μετέχοντος
2158 1693 2289 1746 φύσεως
2317 1695 2381 1745 οὐχ

296 1769 486 1808 straretur‚
507 1760 568 1798 sed
590 1760 669 1798 velo
697 1772 785 1810 opus
813 1756 940 1794 habuit
958 1755 1016 1795 vir
1030 1756 1160 1808 justus,
1185 1756 1282 1808 quod
1356 1755 1543 1806 ὑπέμειναν
1563 1758 1594 1793 οἱ
1619 1755 1718 1794 (ἰκατ’
1740 1759 1866 1795 ἐκεῖνον
1900 1756 1957 1794 τὸν
1984 1756 2103 1808 καιρὸν
2125 1755 2164 1794 τὸ
2192 1754 2378 1807 πρόσωπον

297 1822 448 1872 gloriam
479 1821 580 1858 illam
604 1820 781 1871 ingentem
809 1817 1056 1866 obumbraret,
1088 1831 1128 1854 36
1160 1818 1282 1855 mitem
1306 1819 1331 1849 D
1359 1816 1458 1891 μόνον
1473 1817 1630 1861 δοξασθὲν
1650 1819 1744 1865 ἰδεῖν,
1770 1817 1859 1856 ἀλλὰ
1872 1817 1932 1856 καὶ
1951 1816 2246 1871 προκαλύμματος
2261 1815 2379 1862 ἐδέησε

295 1883 533 1932 blandamque
543 1881 723 1933 prophetae
734 1879 860 1917 faciem
870 1877 1084 1916 ostenderet:
1105 1878 1282 1928 quomodo
1355 1879 1405 1914 τῶ
1421 1877 1543 1930 δικαίῳ
1561 1895 1620 1917 του
1636 1878 1824 1929 δυναμένου
1841 1878 1880 1916 τὸ
1892 1895 1958 1925 της
1965 1877 2064 1925 δόξης
2079 1878 2227 1931 ἄκρατον
2240 1876 2380 1916 συσκιά-

296 1943 428 1980 nudam
446 1942 686 1991 divinitatem,
701 1941 787 1993 ipsis
798 1939 959 1992 supernis
978 1939 1173 1978 virtutibus
1184 1941 1281 1978 inac-
1357 1953 1415 1975 σαι
1426 1968 1436 1986 ,
1451 1938 1535 1976 ε’καὶ
1545 1938 1673 1992 ἥμερον
1691 1939 1750 1977 καὶ
1769 1943 1925 1992 προσηνῆ
1941 1955 2000 1977 του
2006 1954 2194 2015 προφητου
2222 1937 2284 1984 τὴν
2300 1937 2376 1988 ὄψιν

295 2016 450 2053 cessam,
483 2017 545 2041 nos
575 2002 661 2040 lutei
683 2010 717 2039 et
744 2000 874 2039 terreni
901 2001 992 2037 ferre
1019 2001 1280 2052 potuissemus?
1357 2001 1470 2043 αὐτοῖς
1503 1999 1628 2045 δεῖξαι·
1647 2003 1721 2044 πῶς
1741 2000 1886 2048 θεότητα
1909 1999 2055 2053 γυμνὴν,
2072 2003 2175 2038 οὖσαν
2192 1998 2378 2051 ἀπρόσιτον

295 2063 378 2102 1(160
399 2063 576 2101 habitavit
600 2062 636 2100 in
659 2061 776 2110 1101115,
799 2070 837 2098 ut
856 2060 974 2112 ipsum
991 2060 1104 2110 adire,
1129 2061 1278 2112 alloqui,
1355 2059 1415 2098 καὶ
1438 2062 1556 2104 αὐταῖς
1578 2067 1653 2104 ταῖς
1671 2061 1741 2098 ἅνω
1762 2061 1959 2112 δυνάμεσιν,
1975 2064 2076 2111 ἡμεῖς
2098 2077 2128 2099 οι
2148 2060 2288 2107 πήλινοι
2318 2074 2379 2097 και

297 2137 380 2161 611111
398 2124 475 2176 ipso
490 2123 623 2164 versari
636 2124 747 2160 libere
758 2136 952 2174 possemus.
968 2121 1067 2168 Quid
1078 2131 1194 2160 autem
1212 2121 1282 2159 51111
1357 2128 1509 2173 γηγενεῖς
1537 2122 1754 2173 ἠδυνήθημεν
1783 2121 1821 2160 ἂν
1838 2125 2005 2174 ἐνεγκεῖν;
2025 2121 2092 2160 Διὰ
2109 2127 2208 2160 τοῦτο
2223 2121 2378 2168 ἐσκήνω-

185 2185 378 2227 monaxult
405 2184 511 2234 illud,
537 2185 712 2224 Gloriam
740 2185 853 2234 quasi
884 2183 1080 2234 Unigenztt'
1092 2196 1116 2219 a
1135 2184 1282 2220 Patre?
1358 2199 1414 2221 σεν
1438 2184 1473 2220 ἐν
1494 2186 1591 2233 ἡμῖν,
1608 2182 1664 2220 ἵνα
1692 2183 1752 2221 καὶ
1777 2186 1976 2236 προσελθεῖν
1999 2186 2090 2236 αὐτῷ
2118 2183 2177 2222 καὶ
2196 2184 2379 2235 διαλεχθῆ-

95 2251 179 2280 quam
218 2241 285 2310 Ussid
300 2246 369 2292 Qui
374 2261 394 2283 a
421 2246 523 2283 multi
552 2245 807 2297 prophetalium
827 2242 938 2294 gloria
965 2242 1051 2280 61311
1069 2243 1147 2280 fuei
1150 2252 1225 2293 unt
1242 2251 1282 2280 ut
1357 2259 1414 2281 ναι
1431 2243 1490 2281 καὶ
1504 2247 1829 2296 συναναστραφῆναι
1845 2246 2042 2295 δυνηθῶμεν
2060 2243 2149 2295 μετὰ
2165 2243 2281 2287 ἀδείας
2295 2245 2379 2282 πολ-

94 2284 185 2351 ’ᾗῇηώ
214 2293 263 2320 qu1
299 2307 374 2358 ipse
392 2308 548 2358 Moyses,
571 2305 686 2354 Elias,
701 2303 871 2353 Elisae1153
893 2302 981 2340 1116
972 2316 1073 2353 lgneo
1095 2317 1201 2341 curru
1219 2317 1281 2342 ve·
1380 2307 1432 2351 ἧς.
1449 2304 1496 2342 1ί
1515 2304 1552 2343 δέ
1577 2307 1649 2343 ἔστι
1671 2305 1727 2352 τὸ,
1747 2305 1894 2349 Δόξαν
1877 2322 1922 2349 ως
1943 2308 2153 2357 Μονογενους
2173 2305 2269 2358 παρὰ
2299 2305 2380 2342 Πα-

298 2377 395 2417 ctus,
417 2367 476 2405 1116
500 2376 661 2419 receptus
686 2381 693 2402 :
717 2374 753 2403 et
778 2374 856 2417 post
881 2364 961 2401 illos
990 2363 1120 2401 Daniel
1147 2374 1181 2403 et
1212 2374 1280 2402 tres
1357 2365 1456 2417 τρός,
1470 2365 1614 2412 Επειδὴ
1637 2366 1757 2404 πολλοι
1777 2366 1835 2404 καὶ
1852 2383 1919 2404 των
1936 2369 2120 2419 προφητῶν
2136 2365 2379 2413 ἐδοξάσθησαν,

297 2428 414 2481 pueri,
436 2427 570 2478 aliique
598 2425 761 2479 plurimi,
782 2433 953 2475 quotquot
973 2423 1144 2462 miracula
1164 2434 1281 2477 patra-
1306 2431 1330 2461 E
1358 2431 1425 2465 οῖον
1443 2427 1541 2471 αὐτὸς
1567 2421 1662 2470 οὗτος
1675 2431 1692 2465 ὁ
1711 2429 1885 2475 Μωϋσης,
1915 2430 1933 2465 ὁ
1954 2427 2099 2474 Ἠλίας,
2119 2429 2136 2464 ὁ
2159 2426 2379 2470 Ἐλισσαῖος·

299 2499 395 2538 runt,
419 2489 530 2538 gloria
562 2487 741 2540 splendidi
766 2487 863 2523 fuere
883 2501 890 2522 :
911 2485 1028 2536 angeli
1047 2500 1198 2537 quoque,
1219 2487 1282 2536 qui
1359 2491 1376 2526 ὃ
1410 2487 1471 2538 μὲν
1501 2488 1567 2526 ὑπὸ
1587 2487 1728 2538 πυρίνου
1755 2487 2017 2538 κυκλουμενος
2005 2488 2180 2540 άρματος,
2200 2487 2249 2525 *ὁ
2269 2487 2304 2526 ’δὲ
2325 2487 2379 2525 οὕ-

299 2549 503 2586 hominibus
535 2556 790 2599 apparuerunt,
812 2555 845 2584 et
864 2554 999 2583 naturae
1023 2560 1094 2583 suae
1109 2547 1284 2599 fulgorem
1357 2564 1425 2592 τως
1446 2548 1789 2599 ἀναλαμέανόμενος·
1807 2549 1866 2586 καὶ
1886 2550 1961 2599 μετ’
1979 2549 2099 2592 αὐτοὺς
2118 2552 2135 2586 ὁ
2150 2547 2302 2596 Δανιὴλ,
2320 2548 2380 2586 καὶ

299 2609 504 2646 hominibus
523 2608 762 2645 exhibuerunt
779 2623 786 2644 z
802 2620 915 2657 neque
939 2607 1055 2658 angeli
1075 2608 1204 2658 solum,
1223 2607 1284 2646 sed
1359 2612 1390 2648 οἱ
1409 2611 1528 2653 παῖδες
1543 2612 1574 2647 οἱ
1599 2615 1705 2661 τρεῖς,
1723 2609 1782 2646 καὶ
1800 2608 1910 2662 ἕτεροι
1927 2608 1962 2648 δὲ
1976 2609 2118 2657 πολλοὶ,
2140 2609 2212 2648 ὅσοι
2227 2609 2286 2646 καὶ
2301 2608 2379 2647 θαύ-

301 2670 407 2707 6113111
425 2669 617 2706 Cherubini
643 2677 676 2705 et
695 2668 883 2720 Seraphini
902 2682 983 2705 cum
1016 2668 1129 2719 gloria
1156 2683 1284 2720 magna
1362 2687 1456 2722 ματα
1470 2670 1706 2718 ἐπεδείξαντο,
1722 2670 1953 2717 ἐδοξάσθησαν
1965 2686 1972 2693 ·
1989 2670 2047 2708 καὶ
2075 2671 2214 2722 ἄγγελοι
2230 2670 2264 2709 δὲ
2283 2670 2380 2723 παρὰ

301 2729 482 2781 prophetae
497 2741 692 2779 apparuere
715 2743 721 2763 ε
744 2728 788 2764 ab
802 2727 896 2764 hisce
911 2741 1017 2779 porro
1039 2728 1203 2766 omnibus
1221 2742 1284 2766 nos
1307 2757 1339 2782 67
1362 2731 1554 2785 ἀνθρώποις
1572 2731 1748 2783 φανέντες,
1780 2730 1839 2768 καὶ
1853 2731 1892 2769 τὸ
1905 2734 1966 2777 τῆς
1987 2730 2113 2774 οἰκείας
2139 2730 2269 2782 φύσεως
2289 2733 2379 2768 ἀπα-

302 2799 462 2827 avertens
480 2788 709 2839 evangelista,
730 2797 836 2837 atque
851 2802 870 2824 a
883 2797 1125 2826 creaturarum
1145 2803 1285 2827 conser-
1310 2796 1336 2824 A
1360 2793 1532 2846 cvpolmov
1549 2795 1619 2844 φῶς
1641 2790 1908 2843 παρανοίξαντες
1925 2797 1995 2834 τοῖς
2010 2793 2133 2843 ὁρῶσιν
2145 2805 2153 2814 ·
2182 2793 2243 2828 Οὐχ
2270 2790 2376 2842 ἅγγε-

304 2864 502 2901 verumque
521 2857 720 2887 nostrorum
733 2847 918 2899 splendore
938 2859 1090 2887 mentem
1104 2849 1285 2888 adducens
1361 2857 1414 2892 λ>ι
1444 2853 1478 2890 δὲ
1502 2852 1620 2903 μόνον,
1649 2851 1739 2889 ἀλλὰ
1771 2850 1830 2888 καὶ
1859 2851 1903 2889 τὰ
1934 2851 2112 2904 Χερουέὶμ
2132 2851 2219 2901 μετὰ
2250 2852 2380 2896 πολλ’ἧς

303 2921 473 2961 nostram,
490 2911 525 2948 in
545 2910 622 2962 ipso
644 2922 706 2946 nos
718 2909 893 2946 bonorum
916 2910 1068 2947 culmine
1087 2911 1280 2948 constituit.
1361 2914 1459 2965 ὤφθη
1473 2915 1523 2964 τῷ
1536 2912 1696 2964 προφήτῃ
1712 2915 1773 2958 τῆς
1792 2911 1906 2959 δόξης,
1925 2911 1983 2949 καὶ
2002 2911 2045 2949 τὰ
2061 2912 2223 2965 Σεραφὶμ
2236 2911 2379 2963 ὁμοίως·

304 2979 381 3016 Νο11
403 2977 497 3016 6111111
518 2976 712 3029 prophetae,
735 2989 804 3012 non
818 2974 948 3025 angeli,
967 2989 1035 3012 nou
1062 2976 1281 3027 archangeli,
1362 2974 1500 3013 πάντων
1518 2972 1559 3019 δὴ
1574 2972 1702 3011 τούτων
1721 2976 1814 3022 ἡμᾶς
1830 2971 1973 3023 ἀπάγων
1999 2975 2016 3010 ὃ
2036 2972 2280 3023 εὖαγγελιστὴς
2292 3003 2301 3020 ,
2320 2971 2379 3010 καὶ

349 3131 361 3144 :-
378 3118 493 3151 Morel.
513 3124 550 3156 εἰς
563 3121 650 3160 ὑμᾶς,
678 3115 774 3148 male.
795 3116 833 3146 ln
856 3113 956 3148 Savil.
976 3121 1009 3145 et
1025 3115 1057 3145 111
1085 3113 1155 3145 aliis
1175 3121 1211 3152 εἰς
1227 3114 1312 3146 desi·
1424 3113 1439 3137 (¹
1458 3111 1758 3145 1110161.,ςατ’ἐκεῖγο’
1772 3126 1803 3153 γε
1822 3117 1936 3156 καιροῦ.

307 3170 454 3204 deratur.
474 3170 565 3212 [Mox
581 3167 681 3201 Savil.
701 3175 732 3199 ct
747 3165 854 3199 Codd.
876 3167 933 3199 cit..
954 3171 1101 3210 συμφέρον
1121 3167 1215 3207 ὑμὴ]
1421 3173 1434 3190 <2
1451 3163 1563 3196 Morel.
1584 3168 1632 3197 καὶ
1649 3168 1683 3197 τὸ
1702 3169 1858 3206 ἀμήχανον
1878 3173 1930 3202 τῆς
1945 3167 2049 3198 ἑαυτοῦ
2075 3169 2166 3208 ὅψεως
2183 3168 2302 3199 δυνατὸν
2328 3168 2379 3198 αύ-

355 3225 369 3247 1,
387 3222 499 3255 Morel.
530 3230 647 3265 μήποτε
680 3225 832 3263 λεγόντων.
864 3218 965 3252 Savil.
1000 3224 1045 3260 μὴ
1068 3220 1309 3257 σπουδαζόντων,
1378 3225 1436 3256 τοῖς
1453 3222 1554 3251 θεῖναι.
1573 3214 1732 3249 Savilium
1749 3217 1926 3257 sequimur.

309 3274 433 3307 melius.
1421 3270 1437 3287 *
1451 3273 1465 3302 ὁ
1483 3272 1512 3302 δὲ
1526 3271 1615 3306 οὕτως
1630 3271 1923 3310 ἀναλαμὸανὸμενος,
1950 3267 1983 3300 id
2001 3274 2061 3310 cst,
2080 3269 2249 3302 communi
2272 3275 2377 3301 morte

352 3333 363 3345 ⁶
380 3325 479 3358 Savil.
501 3326 547 3366 [et
569 3322 677 3357 Codd.
696 3322 773 3360 705,
793 3323 870 3363 706]
894 3325 986 3362 δείξας
1000 3326 1053 3355 τίνι
1074 3327 1186 3366 τρόπῳ,
1207 3330 1248 3364 τῷ
1262 3326 1310 3355 τὸν
1377 3319 1567 3353 translatus.

311 3391 404 3418 layo-J.
