2507 3673
711 198 751 225 ΙΝ
791 198 1162 228 ΙΝΟΛΒΝΑΤΙΟΝΕΜ
1201 198 1380 238 ΒΟΜΙΝΙ,
1420 199 1518 227 E'l'C.

74 276 129 320 τὸς
151 276 391 327 νεοφώτιστοι,
414 276 469 314 ἵνα
487 276 723 323 καταξιωΟῆτε
741 279 885 317 ἀκοῦσαι
904 281 966 324 τῆς
982 294 1097 328 μακα-

76 328 151 379 ρίας
170 329 302 375 ἐκείνης
317 333 432 380 φωνῆς
443 344 450 352 ·
471 331 580 366 Δεῦτε
596 333 626 368 οἱ
640 331 865 380 εὐλογημένοι
882 335 941 369 τοῦ
959 330 1099 381 Πατρός

74 396 138 429 μου
151 411 160 428 ,
190 381 474 432 κληρονομήσατε
508 380 571 426 τὴν
589 382 851 436 ἡτοιμασμένην
880 385 960 433 ὑμῖν
994 384 1097 433 βασι-

71 431 168 470 λείαν
189 433 258 470 ἀπὸ
272 433 472 478 καταδολῆς
481 433 612 483 κόσμου
626 450 633 457 ·
647 438 687 480 ἧς
703 434 835 486 γένοιτο
854 435 987 477 πάντας
1003 438 1096 484 ἡμᾶς

73 486 262 536 ἐπιτυχεῖν,
283 485 404 537 χάριτι
423 486 481 523 καὶ
502 486 751 541 Αφιλανθρωπία
767 491 826 524 τοῦ
850 487 979 551 Κυρίου
996 489 1095 536 ἡμῶν

72 536 187 583 Ἰησοῦ
207 539 376 588 Χριστοῦ,
394 538 470 588 μεθ’
485 543 522 575 οὑ
534 541 582 590 τῷ
600 539 717 589 Πατρὶ
735 538 833 585 δόξα,
849 554 972 590 κρατος
984 569 994 585 ,
1009 537 1094 588 τιμὴ

71 590 130 626 καὶ
149 589 398 641 προσκύνησις,
416 589 474 629 σὺν
491 591 580 643 ἁγίῳ
599 591 796 641 Πνεύματι,
812 593 858 634 εἷς
877 590 953 633 τοὺς
969 592 1096 632 αἰῶνας

72 644 141 678 τῶν
162 641 308 680 αἰώνων.
327 642 446 693 Ἀμήν.

2065 186 2155 231 885

1172 282 1241 316 tris
1274 280 1361 323 mei,
1380 278 1572 328 possidete
1601 287 1784 328 paratum
1812 283 1922 319 vobis
1947 295 2106 333 regnum
2131 297 2157 320 a

1171 332 1443 368 constitutione
1473 330 1607 366 mundi
1627 346 1638 365 :
1655 330 1753 380 quod
1783 344 1846 369 nos
1874 347 1993 371 omncs
2017 334 2155 384 assequi

1172 381 1368 430 contingat,
1392 381 1506 431 gratia
1533 390 1564 418 et
1593 381 1836 420 misericordia
1867 385 2013 422 Domini
2045 387 2154 423 nostri

1170 435 1256 472 Jesu
1279 432 1426 481 Christi,
1441 433 1586 482 quicum
1602 434 1697 470 Patri
1719 435 1848 483 gloria,
1868 436 2070 486 imperium,
2087 439 2154 475 ho—

1171 499 1235 523 nor
1266 494 1300 522 ct
1323 484 1497 532 adoratio,
1531 499 1612 522 cum
1639 495 1758 524 sancto
1791 487 1942 538 Spiritu,
1966 489 2001 526 in
2026 490 2152 527 saecula

1168 537 1390 575 saeculorum.
1411 540 1537 576 Amen.

828 851 1378 936 MONITUM

593 1013 685 1060 AD
741 1014 1190 1075 SEQUENTEM
1242 1014 1638 1063 HOMILIAM.

121 1135 223 1172 Hanc
240 1134 426 1172 homiliam
437 1133 568 1173 veteris
581 1147 654 1172 esse
675 1133 861 1186 scriptoris
880 1142 913 1171 et
931 1132 977 1171 ad
992 1133 1240 1186 Chrysostomi
1255 1148 1373 1173 aevum
1393 1134 1592 1174 accedentis
1612 1135 1761 1175 suadere
1796 1138 1965 1177 videntur
1984 1149 2061 1179 tum
2079 1142 2151 1180 alia

68 1198 231 1249 quaedam
243 1211 321 1248 quae
341 1196 425 1234 hinc
444 1196 570 1234 etinde
590 1205 773 1245 ocurrunt,
788 1205 866 1233 tum
880 1196 942 1233 illa
962 1210 1040 1246 quae
1059 1196 1232 1234 dicuntur
1250 1196 1295 1234 de
1334 1197 1582 1250 Psathyrianis
1615 1199 1803 1249 haereticis,
1839 1216 1993 1252 quorum
2018 1206 2150 1243 mentio

66 1270 117 1298 cst
136 1261 232 1313 apud
254 1261 448 1310 Socratem,
464 1261 709 1308 Sozomenum,
729 1259 887 1310 aliosque
906 1258 1105 1310 scriptores,
1129 1268 1169 1296 ut
1202 1259 1295 1297 infra
1326 1259 1523 1298 videbitur.
1547 1261 1663 1313 Hujus
1694 1263 1861 1302 orationis
1887 1264 1964 1303 loca
1985 1267 2149 1316 quaedam

65 1323 262 1360 afferuntur
281 1337 302 1360 a
318 1322 461 1371 Photio,
483 1337 560 1373 quae
580 1321 665 1359 vide
685 1321 733 1359 sis
760 1320 796 1358 in
832 1320 987 1358 editione
1008 1321 1283 1372 Rothomagensi
1305 1335 1396 1359 anno
1420 1323 1537 1369 4655,
1559 1338 1595 1375 p.
1618 1325 1722 1362 1542
1741 1334 1774 1362 et
1802 1327 2045 1378 sequentibus,
2068 1343 2148 1379 quae

67 1384 145 1423 loca
166 1398 229 1422 nos
247 1384 477 1433 contulimus,
498 1393 538 1421 ut
557 1383 682 1423 videas
697 1382 734 1420 in
751 1381 913 1420 decursu.
938 1382 1008 1421 Sed
1028 1383 1090 1420 ille
1109 1397 1174 1435 pro
1193 1383 1309 1421 lubito
1333 1383 1403 1421 alia
1421 1384 1536 1434 affert,
1556 1385 1625 1423 alia
1635 1388 1888 1439 praetermittit,
1907 1398 1945 1426 ut
1964 1389 2086 1429 videre
2097 1401 2148 1430 est

72 1457 106 1486 et
121 1448 202 1485 istic
221 1457 254 1485 et
271 1447 352 1485 aliis
367 1447 403 1484 in
421 1447 521 1484 locis.

119 1512 208 1549 Esse
225 1525 310 1550 vero
326 1511 573 1563 Chrysostomi
587 1525 677 1563 opus
692 1525 795 1549 nemo
811 1525 917 1549 sanus
932 1510 1069 1550 dixerit
1089 1527 1097 1547 :
1116 1525 1197 1548 nam
1211 1511 1342 1564 stylus,
1355 1511 1479 1561 dictio,
1497 1513 1668 1563 inventio,
1687 1515 1788 1564 ordo,
1810 1526 2001 1569 caeteraque
2016 1519 2147 1568 omnia,

66 1574 199 1612 mirum
214 1583 388 1625 quantum
403 1574 596 1612 abhorrent
611 1588 630 1611 a
643 1573 889 1627 Chrysostomi
906 1573 1049 1612 dicendi
1064 1587 1203 1626 genere.
1222 1575 1287 1612 Est
1301 1589 1445 1626 prorsus
1460 1576 1638 1628 inelegans
1666 1578 1831 1630 scriptor,
1849 1581 1910 1630 qui
1923 1581 1953 1618 si
1971 1596 2039 1632 qua
2054 1582 2146 1620 bona

66 1638 205 1687 afferat,
223 1651 263 1675 ea
284 1637 360 1689 ipsa
377 1637 487 1675 nimia
509 1637 724 1688 loquacitate
738 1638 939 1675 labefactat.
967 1639 1062 1675 Tum
1086 1638 1286 1689 implicatas
1302 1638 1469 1689 proponit
1489 1640 1711 1689 quaestiones,
1733 1642 1779 1678 al)
1800 1642 1910 1680 altero
1935 1643 1980 1680 ad
1994 1645 2145 1682 alterum

68 1709 319 1752 argumentum
339 1700 457 1738 subito
481 1701 622 1750 transit,
644 1710 677 1738 et
715 1701 815 1752 quasi
838 1700 1052 1752 farraginem
1075 1700 1267 1751 quamdam
1299 1701 1529 1751 consarcinat,
1562 1703 1876 1755 longissimamque
1902 1707 2062 1744 omnium
2082 1707 2147 1745 ho-

64 1763 203 1801 miliam
233 1764 285 1802 sic
311 1763 453 1801 emittit.
489 1766 584 1803 Loca
612 1763 776 1815 quaedam
795 1764 1048 1803 obscurissima
1067 1773 1163 1814 sunt,
1187 1778 1264 1815 quae
1299 1764 1404 1801 certis
1423 1764 1460 1802 in
1478 1765 1565 1803 locis
1584 1766 1684 1817 quasi
1703 1766 1898 1808 divinando
1929 1769 2148 1823 interpretati

64 1841 203 1865 SUmUS.

62 2016 125 2058 Εἷς
157 2015 221 2062 τὴν
258 2013 522 2066 ἐνανθρώπησιν
557 2018 616 2052 τοῦ
653 2015 783 2067 Κυρίου
830 2017 932 2067 ἡμῶν
973 2016 1089 2061 Ἰησοῦ
1115 2018 1139 2047 Β
1164 2015 1213 2051 In
1231 2016 1548 2052 summationem
1573 2018 1735 2054 Domini
1755 2021 1877 2056 nostri
1900 2020 1995 2058 Jesu
2030 2021 2143 2059 Chri-

115 2078 289 2129 Χριστοῦ,
326 2076 386 2113 καὶ
417 2075 472 2114 ὅτι
511 2076 647 2128 ἑκάστῳ
679 2075 826 2127 κλίματι
858 2075 1091 2128 ἐφεστήκασιν

115 2137 267 2187 ἄγγελοι.

113 2258 250 2302 Ὄντως
279 2259 430 2312 ἐπεφάνη
460 2262 544 2311 ἡμῖν
560 2263 582 2306 ἦ
602 2259 705 2312 χάρις
735 2263 794 2299 τοῦ
820 2261 991 2314 Χριστοῦ,
1026 2261 1085 2298 καὶ

60 2312 312 2364 συνεξέλαμψεν
338 2316 422 2363 ἡμῖν
443 2317 506 2359 τῆς
535 2312 711 2356 εὐσεὸείας
735 2317 756 2360 ἡ
786 2312 952 2364 δύναμις·
979 2313 1084 2358 ὅντως

60 2364 230 2403 ἀνέτειλεν
249 2370 335 2416 ἡμῖν
351 2368 368 2403 ὃ
386 2368 448 2412 τῆς
467 2365 685 2412 δικαιοσύνης
704 2365 819 2412 ἥλιος,
834 2367 894 2403 καὶ
916 2373 1084 2419 μαρτυρεῖ

59 2418 274 2469 φωτισθέντα
290 2420 352 2464 τῆς
367 2418 572 2469 οἰκουμένης
588 2418 632 2455 τὰ
651 2418 800 2471 πέρατα.
818 2419 999 2470 Ἐπεφάνη
1016 2419 1083 2472 γὰρ

58 2474 76 2507 ὃ
97 2474 165 2508 τῶν
191 2472 343 2522 οὐρανῶν
371 2471 570 2518 Δεσπότης,
602 2471 661 2508 καὶ
691 2477 806 2509 πᾶσαν
834 2471 897 2518 τὴν
930 2474 1010 2521 γῆν,
1037 2475 1083 2515 ὡς

58 2523 239 2569 ἠθέλησεν,
261 2525 308 2566 εἷς
327 2524 469 2575 οὐρανὸν
489 2522 715 2573 μετεποίησε,
733 2522 847 2566 καθὼς
863 2523 1081 2576 προείρηται·

59 2578 92 2613 ἐν
113 2578 194 2626 ὑμῖν
215 2575 415 2628 ἐπουράνιος
437 2575 483 2613 ὢν
505 2575 726 2628 ἐπουρανίους
749 2576 982 2627 ἀπεργάζεται
997 2606 1006 2623 ,
1024 2577 1082 2614 καὶ

59 2627 246 2681 ἐπουράνια
269 2634 340 2671 τοῖς
359 2627 575 2680 ἐπουρανίοις
593 2628 794 2680 χαρίζεται·
811 2628 908 2680 παρὰ
934 2633 994 2666 τοῦ
1018 2645 1082 2667 πι-

59 2685 139 2718 στοῦ
172 2686 243 2723 τοῖς
274 2687 411 2724 πιστοῖς
437 2681 481 2718 τὰ
511 2681 639 2726 πιστὰ,
666 2680 763 2732 παρὰ
791 2685 851 2718 τοῦ
883 2679 980 2732 ἁγίου
1011 2687 1082 2725 τοῖς

59 2734 168 2784 ἁγίοις
183 2733 227 2771 τὰ
244 2733 345 2785 ἅγια,
365 2733 461 2787 παρὰ
476 2736 535 2770 τοῦ
557 2735 681 2776 ςῶντος
700 2740 769 2777 τοῖς
789 2735 873 2777 ζῶσι
891 2734 935 2771 τὰ
956 2736 1078 2778 ζῶντα.

57 2787 181 2823 Ταῦτα
208 2786 275 2838 γὰρ
293 2788 374 2836 ὑμῖν
401 2788 435 2823 ἐν
464 2792 540 2829 ταῖς
560 2787 668 2837 ἱεραῖς
697 2786 756 2823 καὶ
786 2788 982 2837 βασιλικαῖς
1011 2790 1080 2824 τῶν

57 2838 260 2876 ἀποστόλων
277 2840 398 2882 αὐλαῖς
421 2837 652 2889 εἷσηγούμεθα
663 2868 673 2886 ,
701 2838 758 2876 ὅτε
772 2842 840 2876 τῶν
857 2842 1080 2891 προφητικῶν

56 2890 223 2942 ἡψάμεθα
255 2891 453 2940 νοημάτων,
489 2891 546 2928 ὅτε
579 2890 721 2942 οὐρανὸς
740 2891 800 2928 καὶ
820 2895 863 2943 γῆ
885 2891 1082 2944 ἐμερίζοντο

56 2944 118 2986 τὰς
130 2943 243 2994 φωνὰς
255 2945 323 2980 τῶν
339 2946 539 2996 προφητῶν·
556 2947 601 2994 γῆ
620 2942 681 2993 μὲν
698 2943 827 2995 «ξ’-,ζουσα
840 2944 898 2981 τὸν
916 2943 1080 2991 Ἰωάννην

55 2995 223 3046 λέγοντα,
254 2997 363 3042 Φωνὴ
401 2998 548 3046 βοῶντος
569 2999 602 3034 ἐν
623 2999 665 3044 τῇ
696 2995 839 3047 ἐρήμῳ,
871 2997 1081 3046 ἑτοιμάσατε

55 3047 119 3093 τὴν
139 3047 214 3085 ὁδὸν
235 3047 362 3100 Κυρίου
375 3078 385 3096 ,
407 3048 537 3091 εὐθείας
564 3054 694 3087 ποιεῖτε
717 3048 778 3091 τὰς
797 3048 935 3101 τρίδους
957 3052 1057 3088 αὐτοῦ
1072 3065 1079 3072 ·
1094 3070 1142 3095 214
1155 3062 1194 3086 ro
1215 3050 1330 3086 Patris
1344 3064 1465 3088 vocem
1480 3052 1614 3091 habens
1627 3054 1713 3106 ipsis
1728 3057 1833 3094 rebus
1847 3058 2036 3107 firmatam,
2055 3061 2137 3096 Vox
2153 3058 2240 3085 Psal.
2253 3054 2341 3085 233⁸>

56 3101 196 3152 οὐρανὸς
217 3099 252 3137 δὲ
266 3101 355 3151 ἔχων
371 3104 430 3137 τοῦ
452 3102 590 3151 Πατρός
601 3101 664 3147 τὴν
680 3101 794 3152 φωνὴν
815 3101 872 3139 ἐπὶ
886 3106 956 3144 τοῖς
971 3101 1082 3153 ἔργοις
1106 3108 1132 3136 Α
1154 3102 1317 3139 Domini
1346 3116 1460 3161 super
1491 3119 1629 3156 aquas,
1651 3107 1734 3145 Haec
1764 3110 1867 3147 vobis
1898 3112 2108 3148 tradidimus
2129 3126 2135 3146 :

298 3145 308 3151 '⁶
667 3153 674 3165 t
960 3155 974 3165 *x

57 3152 323 3203 βεὸαιουμένην,
355 3152 408 3190 ὅτι
441 3154 551 3199 Φωνὴ
586 3155 714 3206 Κυριου
746 3153 803 3191 ἐπὶ
835 3157 903 3190 τῶν
935 3156 1080 3192 ὑοάτων.

663 3205 669 3218 ἱ

55 3208 177 3243 Ταῦτα
193 3207 272 3255 ὑμῖν
290 3204 502 3255 ὑπεθέμεθα·
525 3208 623 3257 ἀρκεῖ
639 3209 674 3243 οε
688 3209 799 3243 ταῦτα
819 3205 878 3243 καὶ
894 3212 964 3249 τοῖς
979 3221 1082 3244 σπου-

56 3258 162 3301 δαίοις
182 3259 227 3300 εἷς
247 3257 455 3306 ὑπόμνησιν,
476 3257 535 3294 καὶ
554 3264 624 3301 τοῖς
645 3264 779 3300 πιστοῖς
802 3260 850 3301 εἰς
879 3258 1080 3308 βεὲαίωσιν,

57 3312 117 3347 Δεῖ
132 3309 167 3347 δὲ
188 3310 333 3357 εἰδέναι,
351 3309 404 3346 ὅτι
420 3312 441 3355 ἡ
459 3312 526 3347 τῶν
543 3312 680 3361 ἀγαθῶν
706 3310 922 3361 ἐπανάληψις
947 3310 1084 3360 (degam-

57 3361 156 3413 τέρας
177 3366 270 3411 ὑμῶν
292 3362 352 3404 τὰς
372 3361 483 3413 ψυχὰς
507 3362 750 3413 ἀπεργάζεται.
772 3361 911 3414 εὨσπερ
931 3363 998 3415 γὰρ
1017 3364 1079 3410 τὴν

1216 2080 1279 2123 sti,
1305 2085 1341 2115 et
1360 2079 1465 2128 quod
1481 2080 1644 2130 singulis
1659 2081 1881 2119 climatibus
1900 2083 2031 2134 angeli
2049 2097 2144 2134 prae-

1215 2140 1303 2175 sint.

1213 2262 1250 2297 1.
1283 2262 1377 2300 Vere
1402 2263 1569 2314 apparuit
1588 2263 1687 2302 nohis
1706 2265 1818 2317 gratia
1838 2266 1995 2318 Christi,
2017 2276 2049 2306 et
2074 2283 2142 2307 una

1158 2312 1280 2350 illuxit
1298 2314 1401 2351 nobis
1428 2317 1496 2366 piae
1516 2316 1698 2367 religionis
1714 2319 1829 2357 virtus
1849 2334 1856 2355 :
1879 2334 1961 2359 vere
1979 2330 2075 2359 ortus
2092 2332 2143 2360 est

1157 2366 1260 2403 nobis
1279 2367 1340 2405 Sol
1355 2367 1517 2418 justitiae,
1548 2369 1655 2420 idque
1673 2371 1908 2410 testificantur
1931 2373 2028 2411 orbis
2054 2374 2142 2412 fines

1156 2418 1363 2456 illuminati.
1384 2421 1560 2472 Apparuit
1583 2423 1677 2460 enim
1699 2424 1866 2461 caelorum
1895 2426 2088 2476 Dominus,
2109 2436 2143 2464 et

1157 2480 1267 2508 totam
1281 2480 1421 2518 terram,
1438 2482 1476 2510 ut
1491 2474 1620 2519 voluit,
1640 2476 1676 2513 in
1689 2476 1816 2513 caelum
1835 2479 2028 2527 transtulit,
2051 2479 2142 2517 sicut

1157 2523 1368 2575 praedictum
1397 2524 1491 2561 suit:
1515 2527 1661 2565 caelestis
1690 2528 1764 2577 ille,
1785 2529 1846 2579 qui
1876 2531 1974 2582 apud
1992 2545 2056 2569 vos
2074 2541 2140 2580 est,

1156 2589 1219 2614 vos
1239 2576 1391 2614 caelestes
1419 2577 1594 2626 efficit,·et
1616 2580 1767 2618 caelestia
1795 2583 1992 2621 caelestibus
2011 2584 2140 2636 elargi-

1155 2636 1213 2665 tur
1230 2644 1238 2664 :
1258 2643 1278 2665 a
1297 2628 1395 2666 fideli
1417 2629 1585 2669 fidelibus
1603 2632 1896 2681 fidelia,asanct0
1913 2637 2042 2675 sanctis
2061 2652 2141 2675 san-

1154 2689 1224 2730 cta,
1247 2695 1266 2718 a
1286 2681 1430 2719 vivente
1445 2683 1646 2723 viventibus
1667 2686 1824 2724 viventia
1843 2689 2032 2740 prodeunt.
2055 2690 2140 2728 Haec

1155 2735 1249 2770 enim
1271 2734 1373 2772 vobis
1405 2735 1441 2772 in
1462 2737 1570 2774 sacris
1596 2746 1629 2775 et
1659 2739 1766 2790 regiis
1787 2742 2029 2792 apostolorum
2048 2744 2140 2781 aulis

1153 2786 1382 2835 tradidimus,
1397 2802 1478 2825 cum
1494 2790 1721 2840 propheticas
1737 2794 1924 2832 sententias
1942 2796 2138 2847 attigimus,

1155 2852 1236 2876 cum
1252 2839 1377 2876 caelum
1392 2849 1426 2877 et
1448 2849 1540 2878 teria
1557 2844 1782 2895 propheticas
1798 2860 1902 2884 voces
1918 2849 2009 2885 inter
2028 2862 2064 2886 se
2082 2848 2138 2885 di-

1154 2891 1324 2929 videbant
1334 2907 1344 2940 3
1365 2901 1457 2930 terra
1473 2894 1618 2943 quidem
1635 2910 1757 2934 vocem
1773 2900 1918 2937 Joannis
1932 2901 2065 2938 liabens
2083 2901 2138 2938 di-

1154 2944 1282 2992 centis,
1299 2946 1382 2981 Vox
1399 2946 1608 2985 clamantis
1619 2951 1660 2986 in
1675 2950 1824 2988 deserto
1842 2967 1851 2987 :
1867 2954 2016 2991 Parate
2028 2956 2136 2991 viam
2151 2955 2262 2984 MMW·
2275 2955 2340 2984 3-3-

1154 2997 1331 3042 Domini,
1350 3007 1475 3035 rectas
1478 3001 1610 3050 facite
1627 3005 1783 3041 semitas
1803 3007 1906 3057 ejus;
1923 3006 2048 3043 caelum
2077 3021 2137 3045 vc-

1154 3154 1229 3191 haec
1251 3154 1417 3193 studi051s
1450 3158 1633 3196 sufiiciunt
1655 3160 1700 3197 ad
1719 3161 2007 3209 admonitionem,
2032 3172 2064 3200 et
2097 3163 2139 3199 fi-

1155 3206 1295 3244 delibus
1327 3207 1375 3245 ad
1400 3210 1717 3249 confirmationem.
1742 3215 1935 3252 Sciendum
1950 3225 2065 3252 autem
2091 3223 2141 3251 est

1157 3259 1333 3297 bonorum
1354 3262 1599 3313 repetitionem
1629 3265 1802 3303 firmiores
1827 3267 1961 3304 animas
1982 3267 2140 3304 reddere.

1159 3312 1470 3358 Quemadmodum
1492 3316 1585 3353 enim
1610 3325 1736 3355 terrani
1759 3327 1839 3355 tunc
1861 3319 1993 3372 optimc
2009 3320 2141 3357 cultam

1158 3365 1334 3414 videmus,
1358 3381 1439 3404 cum
1473 3367 1599 3406 iisdem
1633 3370 1790 3407 sulcatur
1822 3372 1969 3412 aratris,
1998 3381 2028 3409 et
2061 3387 2142 3410 cum
