2481 3678
699 166 742 197 IN
779 167 989 197 JOANNEM
1027 166 1170 196 nonu.

139 248 227 286 ἀλλὰ
242 249 357 287 πάντα
373 249 460 301 ὑπὲρ
476 249 596 288 τούτου
611 254 721 287 ποιεῖν
735 265 740 271 ·
758 249 826 287 εἴτε
843 249 961 296 πένης,
973 247 1040 286 εἴτε
1054 247 1158 285 πλού-

138 325 209 353 σιος
235 305 258 362 ᾖ
280 327 352 358 τις,
382 310 430 361 μὴ
455 315 525 353 τοῖς
554 309 753 361 προσώποις
773 310 978 363 προσέχειν,
1004 308 1093 347 ἀλλὰ
1116 308 1160 345 τὰ

136 372 330 423 πράγματα
355 371 536 416 ἐξετάζειν.
567 373 643 409 Οὐκ
663 371 833 418 ἐλεήσεις,
859 371 954 422 φησὶ,
973 369 1106 416 πένητα
1126 370 1159 406 ἐν

137 432 259 482 κρίσει.
291 433 338 470 Τι’
356 433 396 479 δή
418 434 490 470 ἐστι
511 432 551 471 τὸ
573 431 784 483 λεγόμενον;
814 431 874 478 Μὴ
897 432 1158 477 κατακλασῡῇς,

137 494 226 543 μηδὲ
243 496 488 546 ἐπικαμφθῇς,
511 494 614 545 φησὶν
625 525 634 542 ,
663 493 722 532 ἐὰν
748 493 855 538 πένης
870 495 888 530 ὃ
905 493 1033 530 ἀδικῶν
1050 489 1154 541 τύχῃ.

136 556 180 592 Εἰ
197 554 232 592 δὲ
249 555 374 602 πένητι
389 555 593 608 χαρίζεσθαι
612 557 649 594 οὐ
668 553 751 608 χρὴ,
771 555 890 604 πολλῷ
906 553 1038 603 μᾶλλον
1053 552 1160 588 πλου-

134 619 263 654 τοῖῖντι.
281 618 405 654 Ταῦτα
422 616 458 653 δὲ
472 615 577 666 λέγω,
590 618 627 653 οὐ
642 615 727 667 πρὸς
737 613 814 657 τοὺς
829 613 1028 656 δικάζοντας
1043 611 1157 662 μόνον,

137 676 227 714 ἀλλὰ
240 677 300 714 καὶ
320 677 404 730 πρὸς
420 676 552 720 πάντας
570 675 783 729 ἀνθρώπους,
801 673 891 712 ὥστε
904 673 1068 724 μηδαμοῦ
1085 674 1158 711 δια-

136 737 285 789 φθείρειν
304 738 343 776 τὸ
363 737 492 776 δίκαιον
505 768 515 785 ,
536 737 625 775 ἀλλὰ
643 739 824 786 πανταχοῦ
846 733 1009 787 ἀκέραιον
1029 734 1157 786 φυλάτ-

136 813 219 836 τειν.
238 801 385 851 Ἀγαπᾷ,
403 798 499 850 φησὶ,
521 797 739 843 δικαιοσύνην
756 800 773 834 ὁ
791 795 929 848 Κύριος.
957 794 1001 833 ‘O
1019 795 1054 833 δὲ
1072 799 1158 847 ἀγα-

136 861 210 897 πῶν
229 858 291 905 τὴν
321 859 481 905 ἀδικίαν,
510 865 604 909 μισεῖ
632 857 694 904 τὴν
721 859 841 895 ἑαυτοῦ
863 856 991 909 ψυχήν.
1028 856 1088 903 Μὴ
1116 856 1159 904 δὴ

137 919 342 970 μισήσωμεν
370 919 432 963 τὰς
465 921 598 957 ἑαυτῶν
627 918 742 970 ψυχὰς
755 949 765 965 ,
798 917 886 968 μηδὲ
918 918 1157 969 ἀγαπήσωμεν

136 979 285 1018 ἀδικίαν.
324 979 471 1024 Πάντως
494 980 560 1031 γὰρ
591 982 697 1026 αὐτῆς
726 979 924 1032 τὸ“κε’ρδος
948 983 1004 1017 νῦν
1035 980 1157 1033 μικρὸν

135 1043 194 1080 καὶ
216 1041 311 1080 οὐδέν
327 1058 334 1065 ·
356 1044 432 1080 ἀλλ’
452 1045 499 1086 εἷς
512 1043 551 1081 τὸ
568 1042 693 1093 μέλλον
711 1043 847 1094 μεγάλα
867 1044 1004 1092 ζημιοῖ·
1025 1043 1157 1092 μᾶλλον

135 1102 170 1141 δὲ

201 1102 277 1141 οὐδὲ
306 1106 453 1142 ἐνταῦθα
482 1104 588 1149 αὐτῆς
619 1103 902 1153 ἀπολαυσόμεῡα.
948 1103 1064 1141 ςὈταν
1091 1102 1158 1154 γὰρ

137 1163 224 1214 μετὰ
245 1164 436 1208 συνειδότος
456 1169 607 1216 πονηροῦ
626 1167 832 1216 τρυφῶμεν,
865 1158 932 1216 ἀρα
956 1164 1033 1216 οὖχὶ
1053 1163 1160 1201 κόλα-

136 1241 188 1268 σις
219 1226 277 1263 καὶ
299 1225 452 1278 τιμωρία
482 1229 601 1272 τοῦτο;
637 1226 892 1277 Ἀγαπήσωμεν
913 1225 1024 1264 τοίνυν
1045 1225 1085 1263 τὸ
1104 1224 1160 1262 δί-

136 1302 249 1334 καιον,
272 1287 330 1325 καὶ
359 1288 523 1337 μηδαμοῦ
542 1286 558 1308 b

570 1287 860 1340 παραῧλάψωμεν
885 1291 1002 1325 τοῦτον
1029 1287 1086 1326 τὸν
1107 1285 1162 1324 νό-

136 1363 212 1396 μον.
244 1348 291 1386 Τί
307 1348 375 1400 γὰρ
397 1348 614 1399 δυνησόμεθα
640 1349 680 1386 ἐκ
702 1351 761 1385 τοῦ
785 1348 954 1400 παρόντος
973 1347 1162 1399 καρπώσα-

135 1413 214 1447 σΟαι
233 1409 321 1461 βίου,
346 1409 386 1447 ἂν
409 1409 456 1460 μὴ
476 1409 641 1452 λαδόντες
663 1409 788 1461 ἀρετὴν
816 1409 1042 1460 ἀπέλθωμεν;
1061 1410 1108 1447 Τί
1127 1410 1163 1449 δὲ

134 1472 205 1508 ἐκεῖ
233 1472 334 1520 ἡμῶν
359 1469 597 1522 προστήσεται
606 1487 616 1518 ;
644 1469 742 1522 φιλία
770 1470 830 1509 καὶ
853 1471 1036 1521 συγγένεια
1057 1471 1116 1509 καὶ
1140 1475 1161 1518 ἡ

132 1535 192 1569 τοῦ
211 1532 319 1574 δεῖνος
334 1531 436 1584 χάρις
447 1547 456 1577 ;
469 1531 540 1569 Καὶ
555 1531 589 1569 τί
603 1531 695 1581 λέγω
709 1535 730 1578 ἦ
748 1534 809 1569 τοῦ
828 1532 932 1574 δεῖνος
947 1531 1068 1584 χάρις;
1087 1532 1162 1570 Κᾶν

133 1591 200 1644 γὰρ
221 1592 278 1630 τὸν
304 1594 384 1630 Νῶε
398 1623 408 1641 ,
430 1591 493 1631 κᾶν
510 1591 570 1630 τὸν
589 1591 688 1643 Ἰὼβ,
712 1591 777 1630 κᾶν
795 1592 855 1630 τὸν
874 1592 1011 1638 Δανιὴλ
1025 1591 1163 1644 ἔχωμεν

132 1653 289 1706 πατέρα,
312 1654 406 1692 οὐδὲν
434 1657 529 1704 ἡμᾶς
547 1653 720 1705 ὠφελήσει
750 1657 854 1693 τοῦτο
868 1684 877 1701 ,
904 1653 985 1691 ὅταν
1003 1655 1073 1692 ἀπὸ
1096 1657 1164 1692 τῶν

133 1715 268 1753 οἰκείων
303 1715 412 1767 ἔργων
437 1707 532 1766 ῶμεν
559 1714 820 1767 προδεδομένοι.
853 1714 946 1753 Ἀλλ’
977 1715 1050 1758 ἑνὸς
1076 1719 1163 1766 ἡμῖν

134 1776 184 1813 δεῖ
200 1775 321 1825 μόνου,
350 1778 474 1828 ἀρετῆς
499 1778 560 1821 τῆς
582 1775 674 1814 κατὰ
692 1775 824 1827 ψυχήν.
856 1776 953 1822 Αὕτη
973 1780 1068 1826 ἡμᾶς
1084 1776 1164 1815 δια-

136 1838 249 1875 σῶσαι
275 1836 480 1885 δυνήσεται,
504 1835 563 1874 καὶ
582 1836 782 1880 ἀπαλλάξαι
805 1840 863 1875 τοῦ
882 1836 1019 1875 αἰωνίου
1041 1837 1160 1890 πυρός.

135 1896 232 1944 Αὕτη
260 1896 516 1950 ιῗπαραπέμψει
543 1899 592 1940 εἷς
613 1897 675 1943 τὴν
702 1897 881 1948 βασιλείαν
902 1900 970 1936 τῶν
988 1900 1160 1951 οὐρανῶν·

132 1952 174 2003 ἧς
195 1957 327 2008 γένοιτο
346 1957 479 2001 πάντας
494 1961 588 2009 ἡμᾶς
606 1959 783 2010 ἐπιτυχεῖν
795 1989 805 2007 ,
823 1958 945 2012 χάριτι
964 1958 1023 1997 καὶ
1040 1960 1162 2011 φιλαν-

136 2018 273 2070 Ορωττία
292 2022 352 2057 τοῦ
379 2017 508 2070 Κυρίου
532 2021 634 2069 ἡμῶν
659 2021 773 2066 Ἰησοῦ
790 2021 962 2073 Χριστοῦ,
990 2020 1032 2057 δι’
1047 2013 1084 2058 οῧ
1100 2020 1159 2058 καὶ

136 2080 212 2130 μεθ’
228 2075 266 2117 οἷ
281 2082 330 2131 τῷ
347 2080 464 2131 Πατρὶ
479 2083 500 2126 ἡ
517 2078 611 2127 δόξα,
627 2080 702 2130 ἅμα
713 2082 763 2133 τῷ
778 2080 865 2133 ἁγίῳ
877 2080 1077 2132 Πνεύματι,
1095 2085 1153 2120 νῦν

132 2141 191 2179 καί
208 2141 273 2190 ἀεὶ,
289 2141 348 2179 καὶ
362 2143 408 2185 εἷς
425 2140 504 2185 τοὺς
519 2143 646 2185 αἰῶνας
661 2144 730 2179 τῶν
746 2141 893 2180 αἰώνων.
936 2142 1057 2193 Ἀμην.

176 2424 188 2439 ³
213 2413 275 2446 Alii
290 2420 325 2449 τὸ
342 2418 441 2460 κέρῇος
457 2419 517 2451 ἐστὶ
533 2422 640 2463 μικρὸν
656 2421 705 2451 καὶ
722 2420 811 2451 οὐδέν,
828 2419 992 2462 ὕστερονδὲ
1009 2420 1142 2453 ἀπολλύ-

130 2472 210 2509 μεθα
225 2476 336 2504 κακῶς·
353 2471 471 2509 μᾶλλον
487 2470 518 2501 δὲ
534 2471 609 2501 οὐδέ.

176 2519 194 2543 b
218 2519 332 2551 Morel.
346 2526 379 2552 et
391 2519 528 2562 quidam
539 2524 796 2565 παραέλάψωμεν,
809 2521 910 2555 Savil.
923 2530 956 2555 et
969 2522 1024 2557 alii
1040 2539 1140 2569 παρα-

1309 149 1372 195 al.

1170 266 1218 291 295
1232 254 1346 283 totum
1365 255 1574 297 corruptum
1593 246 1774 284 suscitaxi.
1793 247 1922 285 Nolite
1940 261 2026 299 ergo
2036 250 2216 300 judicare

1182 304 1206 333 Α
1229 306 1609 358 secundumsaciem.
1629 307 1706 344 Iloe
1725 316 1890 358 putemus
1911 321 1978 345 non
1992 308 2063 345 illis
2080 319 2215 348 tantum

1229 368 1369 406 dictum
1402 368 1524 417 fuisse,
1552 368 1615 406 sed
1652 368 1752 406 nobis
1775 383 1925 420 quoque,
1955 384 1998 406 ne
2024 370 2097 407 ulla
2117 372 2152 409 in
2181 387 2217 410 re

1226 428 1404 481 justitiam
1437 443 1721 481 corrumpamus,
1741 429 1805 468 scd
1829 444 1894 481 pro
1913 430 1975 468 illa
2001 431 2118 468 omnia
2136 446 2217 483 aga-

1229 504 1330 539 mus;
1352 505 1394 529 ne
1413 491 1637 529 attendamus
1655 506 1698 529 an
1715 506 1851 544 pauper
1868 507 1911 530 an
1939 492 2040 531 dives
2060 493 2139 544 quis
2158 495 2215 543 sit,

1179 185 1187 194 .
1230 166 1270 194 1..
1413 166 1536 195 xmx.
2119 153 2206 213 337

1228 565 1292 589 nec
1309 567 1495 604 personas,
1514 553 1577 592 sed
1599 568 1653 591 res
1683 554 1923 606 exploremus.
1946 557 2036 592 Non
2066 558 2216 593 misere—
2227 560 2327 587 Erod·
2347 561 2397 589 2⁷3·-

1230 615 1344 661 beris,
1364 615 1495 665 inquit,
1510 619 1690 668 pauperis
1707 617 1918 669 injudicio.
1937 616 2035 663 Quid
2056 617 2123 655 sihi
2139 601 2242 655 vult3

1226 673 1351 712 illud?
1371 676 1424 712 Nc
1442 676 1630 727 frangaris,
1649 676 1779 727 inquit,
1794 690 1837 714 ne
1850 676 2014 727 flectaris,
2034 677 2063 715 si
2082 692 2218 730 pauper

1227 735 1273 773 sit
1289 736 1319 773 is
1336 736 1398 787 qui
1414 737 1516 775 laesit.
1537 737 1645 784 Quod
1659 738 1687 775 si
1699 738 1849 790 pauperi
1864 752 1933 776 non
1947 739 2216 790 ignoscendum,

1229 800 1342 838 multo
1364 801 1483 839 minus
1506 801 1625 839 diviti.
1649 801 1735 839 Haee
1756 816 1863 854 porro
1891 801 1971 839 dico
1991 816 2059 840 non
2084 801 2217 854 judici-

2287 819 2341 847 Jus
2369 821 2413 846 in-

1227 861 1296 899 bus
1321 870 1473 911 tantum,
1490 862 1550 900 sed
1567 872 1600 901 et
1619 863 1797 912 omnihus,
1814 878 1857 902 ne
1875 878 2046 915 umquam
2061 864 2121 916 jus
2139 864 2217 902 vio·
2242 867 2412 898 ‘⁰‘⁷¹¹P¹¹¹‘¹¹

1228 922 1334 971 letur,
1348 923 1411 961 scd
1431 924 1683 977 incorruptum
1700 939 1838 978 semper
1859 935 2033 964 servetur.
2057 926 2214 977 Diligit,
2225 912 2412 970 ῖῐῗῇῗιῖζῃω

1229 983 1361 1036 inquit,
1377 987 1576 1038 justitiam
1594 987 1800 1025 Dominus.
1829 988 1904 1037 Qui
1933 995 2063 1025 autem
2091 985 2313 1039 diligitPS¹¹¹·
2334 985 2413 1013 ¹0³5·

1230 1047 1491 1098 iniquitatem,
1526 1047 1607 1084 odit
1626 1050 1800 1085 animam
1830 1061 1955 1086 suam.
1991 1049 2057 1098 Ne,
2090 1062 2218 1099 quaeso,

1231 1107 1368 1145 animas
1399 1117 1536 1146 nostras
1567 1109 1651 1147 odio
1673 1109 1880 1159 habeamus,
1907 1124 1971 1148 nec
1998 1110 2221 1161 iniquitatem

1231 1169 1439 1221 diligamus.
1464 1170 1557 1209 Hinc
1577 1181 1670 1210 certe
1686 1187 1814 1224 parum
1829 1173 1887 1211 vel
1909 1173 2002 1212 nihil
2018 1173 2109 1210 lucri
2127 1187 2222 1210 nunc

1232 1232 1472 1285 percipim1153
1503 1233 1565 1272 sed
1596 1234 1633 1273 in
1662 1234 1784 1272 futuro
1812 1249 1985 1286 magnum
2013 1234 2128 1272 aderit
2159 1234 2223 1272 da-

1233 1295 1449 1332 mnumeo
1465 1308 1509 1332 ne
1532 1294 1593 1332 hic
1617 1309 1758 1346 quoque
1777 1295 1965 1347 iniquitate
1986 1305 2104 1334 nostra
2128 1296 2224 1333 frue-

1232 1372 1328 1395 mur.
1350 1358 1504 1404 Quando
1527 1358 1621 1396 enim
1643 1373 1726 1396 cum
1743 1360 1836 1396 mala
1851 1360 2062 1398 conscientia
2075 1360 2112 1397 in
2137 1359 2225 1397 deli—

1233 1418 1298 1456 ciis
1318 1432 1518 1469 versamur,
1538 1433 1653 1457 annon
1672 1419 1740 1458 hoc
1755 1420 1932 1458 cruciatus
1953 1430 1985 1458 et
2005 1421 2226 1472 supplicium

1234 1480 1314 1518 est?
1337 1480 1542 1531 Diligamus
1569 1495 1652 1532 crgo
1670 1481 1848 1532 justitiam
1865 1491 1899 1519 et
1919 1496 2114 1532 numquam
2134 1483 2226 1521 hanc

1233 1540 1347 1593 legem
1368 1541 1557 1579 violemus.
1586 1541 1686 1588 Quid
1718 1542 1814 1579 enim
1842 1543 1980 1580 fructus
1999 1557 2044 1581 ex
2064 1542 2132 1580 hac
2152 1543 2225 1581 vita

1235 1603 1400 1653 consequi
1417 1603 1628 1655 poterimus,
1647 1602 1715 1640 nisi
1734 1603 1819 1642 hinc
1836 1618 1920 1642 cum
1943 1603 2077 1643 virtute
2095 1604 2225 1656 migra-

1235 1664 1418 1703 verimus?
1432 1665 1521 1717 quid
1537 1665 1611 1703 illic
1629 1664 1732 1704 nobis
1752 1666 2060 1718 patrocinabitur?
2080 1679 2123 1703 an
2136 1666 2226 1704 ami-

1234 1726 1330 1776 citia,
1361 1741 1406 1765 an
1444 1727 1619 1779 cognatio,
1655 1742 1700 1766 an
1732 1728 1874 1779 gratia?
1899 1727 2042 1779 Ecquid
2075 1728 2227 1780 gratiam

1233 1789 1422 1842 cujuslibet
1436 1788 1546 1827 dico?
1571 1790 1610 1828 Si
1631 1791 1706 1828 Noe
1724 1800 1861 1843 patrem
1876 1790 2085 1839 habeamus,
2109 1791 2138 1828 si
2161 1792 2224 1829 Jo-

1232 1850 1332 1900 bum,
1346 1850 1375 1888 si
1396 1851 1594 1901 Danielem,
1621 1850 1659 1889 id
1677 1851 1771 1889 nihil
1789 1852 1893 1889 nobis
1913 1851 2087 1905 proderit,
2105 1852 2134 1889 si
2163 1865 2224 1889 no-

1232 1921 1305 1949 stra
1324 1926 1387 1950 nos
1411 1925 1519 1964 opera
1537 1912 1704 1965 prodant.
1734 1912 1806 1952 Sed
1833 1927 1903 1952 una
1931 1928 2021 1966 opus
2050 1913 2223 1951 habemus

1231 1974 1366 2013 virtute
1383 1990 1394 2025 3
1417 1974 1494 2012 haec
1524 1987 1587 2012 nos
1610 1988 1751 2013 servare
1766 1975 1920 2028 poterit,
1947 1984 1981 2013 et
2007 1974 2053 2012 ab
2088 1983 2218 2012 aeterno

1232 2036 1314 2088 igne
1327 2035 1490 2073 liberare.
1508 2035 1594 2072 Haec
1606 2049 1669 2074 nos
1687 2036 1802 2074 mittet
1822 2036 1859 2074 in
1879 2050 2027 2088 regnum
2043 2036 2221 2085 caelorum5

1231 2098 1327 2150 quod
1346 2097 1484 2135 utinam
1498 2111 1617 2136 omnes
1644 2112 1912 2150 consequamur,
1936 2098 2051 2150 gratia
2072 2107 2105 2135 et
2122 2098 2222 2135 beni-

1231 2160 1364 2211 gnitate
1392 2159 1538 2198 Domini
1563 2160 1673 2198 nostri
1693 2162 1778 2200 Jesu
1798 2160 1954 2211 Christi,
1974 2174 2039 2212 per
2056 2174 2163 2211 quem
2189 2169 2223 2197 et

1231 2236 1312 2259 cum
1342 2235 1410 2272 quo
1430 2221 1527 2259 Patri
1558 2221 1686 2273 gloria,
1724 2235 1864 2273 unaque
1895 2231 2014 2260 sancto
2045 2221 2213 2274 Spiritui,

1229 2296 1324 2321 nune
1340 2292 1376 2320 et
1403 2296 1552 2335 semper,
1575 2291 1608 2320 et
1627 2282 1662 2320 in
1682 2283 1811 2323 saecula
1846 2283 2067 2324 saeculorum.
2091 2284 2206 2322 Amen

1210 2420 1374 2460 ἕλε’ψωμεν-

1251 2478 1263 2492 c
1288 2466 1350 2500 Alii
1366 2472 1572 2511 παραπέμπει,

167 2666 2193 2687 m

516 2784 696 2821 ΟΜΙΛΙΑ
721 2782 764 2821 ν’.

144 2905 274 2954 Ελεγον
295 2897 351 2942 οὖν
371 2921 461 2949 τινες
486 2908 525 2944 ἐκ
549 2908 618 2944 τῶν
638 2905 943 2959 Ἱεροσολυμιτῶν·
967 2910 1032 2961 οὐχ
1057 2909 1154 2953 οὗτός

185 2967 276 3003 ἐστιν
296 2965 331 3004 ὃν
349 2968 506 3013 ζητοῦσιν
538 2971 762 3015 ἀποκτεῖναι;
794 2969 866 3007 Καὶ
896 2968 948 3007 ἴδε
974 2970 1154 3023 παρρησίᾳ

182 3028 300 3073 λαλεῖ,
333 3027 392 3065 καὶ
425 3027 518 3066 οὐδὲν
553 3031 647 3082 αὐτῷ
686 3029 836 3080 λέγουσι.
853 3030 915 3077 Μή
951 3046 984 3068 τι
1018 3033 1154 3078 ἀληθῶς

184 3088 337 3140 ἔγνωσαν
364 3091 396 3126 οἳ
428 3089 613 3142 ἄρχοντες,
646 3090 700 3128 ὅτι
727 3084 823 3134 οῧτός
855 3094 946 3130 ἐστιν
979 3093 1116 3138 ἀληθῶς
1137 3095 1154 3130 ὃ

185 3149 355 3201 Χριστός,
377 3150 483 3188 Ἀλλὰ
501 3155 618 3189 τοῦτον
638 3152 778 3202 οἴδαμεν
797 3151 898 3189 πόθεν
918 3152 1022 3191 ἐστίν.

191 3341 300 3379 οὐδὲν
317 3342 436 3386 ἁπλῶς
453 3345 486 3382 ἐν
511 3350 586 3388 ταῖς
605 3344 712 3389 θείαις
735 3347 890 3398 Γραφαῑς
902 3352 1013 3385 κεῖται
1029 3348 1161 3385 ’Πνεὼ

1176 2792 1200 2821 D
1573 2792 1783 2830 HOMILIA
1812 2793 1855 2830 L.

1225 2915 1316 2953 cip,
1353 2916 1434 2955 VII.
1465 2930 1501 2955 v.
1536 2916 1602 2955 25.
1631 2919 1826 2957 Dicebant
1854 2933 1942 2972 ergo
1971 2920 2131 2972 quidam
2162 2934 2209 2957 ex

1280 2978 1538 3027 Jerosolymis
1556 2995 1566 3015 .-
1588 2980 1728 3018 Nonne
1749 2982 1812 3018 hic
1831 2989 1887 3019 est
1901 2995 2013 3034 quem
2031 2990 2208 3034 quaerunt

1282 3039 1525 3092 interficere?
1539 3041 1607 3079 26.
1627 3042 1682 3079 Ec
1697 3054 1783 3079 ecce
1803 3042 1939 3093 palam
1970 3042 2154 3094 loquitur,
2174 3049 2210 3079 et

1284 3100 1384 3137 nihil
1412 3102 1448 3138 ei
1483 3101 1635 3139 dicunt.
1667 3103 1873 3154 Numquid
1905 3117 1999 3140 vere
2029 3116 2210 3153 cognove-

1282 3169 1374 3198 runt
1386 3163 1591 3213 principes,
1612 3164 1706 3214 quia
1722 3164 1784 3200 hic
1809 3172 1863 3200 est
1884 3177 1976 3200 vere
2008 3164 2181 3200 Christus
2196 3167 2212 3199 .³

1282 3225 1343 3262 27.
1363 3224 1438 3262 Sed
1466 3226 1568 3262 hunc
1598 3227 1738 3262 scimus
1755 3225 1856 3262 unde
1869 3228 1928 3262 sit.

1285 3348 1320 3383 1.
1342 3347 1443 3385 Nihil
1472 3346 1508 3384 in
1528 3346 1663 3385 divinis
1685 3346 1882 3398 Scripturis
1910 3357 2037 3384 temere
2063 3348 2219 3400 positum

2263 3362 2297 3391 In
2309 3364 2418 3391 divinis
