2522 3683
31 338 120 365 Psal.
149 337 214 367 118.

35 380 80 407 18.

223 1326 230 1333 x

30 1715 133 1743 Exod.
157 1722 200 1742 12.

31 1753 144 1793 4314-

33 2078 94 2104 ]1Ἰ’,
107 2091 134 2115 111
151 2078 196 2103 21.

49 2712 177 2749 ]Ἰι.1”ι[ι[).
199 2710 228 2738 3.

56 3186 109 3211 (vl
140 3193 154 3210 ⁷3
191 3192 234 3211 11.

231 191 323 250 942

1198 198 1370 226 SPURU„

230 295 292 323 tes.
322 286 555 333 petamusque
569 298 589 321 a
606 283 759 321 Domino
779 282 815 319 id
841 280 936 332 quod
951 280 1051 333 petiit
1066 279 1186 318 David
1205 296 1212 315 :
1241 287 1263 312 1)
1287 280 1403 318 τύπων
1425 281 1620 331 ἱσταμένοις
1633 309 1642 326 ‚
1666 280 1754 318 ἀλλὰ
1774 278 1872 323 θείως
1887 279 1930 318 τὰ
1955 283 2028 318 θεῖα
2055 283 2207 323 νοοῦντες
2225 280 2307 330 σύμ-

230 338 374 375 Revela
395 338 523 374 oculos
543 350 667 383 meos,
691 344 727 373 et
746 335 997 372 considerabo
1016 333 1214 371 mirabilia

231 392 278 428 de
291 391 371 441 lege
385 398 452 427 tua
472 405 482 425 :
505 398 542 426 ut
559 389 660 427 nobis
678 387 761 426 vilis
777 401 851 425 esse
865 386 1030 425 videatur
1043 385 1212 437 legalium

229 443 350 487 lectio,
367 442 395 479 si
416 451 454 479 ut
472 441 590 481 Judaei
610 443 743 493 figuras
763 438 878 478 solum
896 437 1130 490 attingamus;
1153 437 1214 475 sed

230 495 354 532 divino
372 494 478 532 modo
501 494 624 532 divina
640 493 832 545 cogitantes
851 491 1032 544 symbola,
1051 490 1095 528 ad
1116 489 1213 528 divi-

230 548 411 585 nissimam
429 547 612 586 veritatem
630 545 894 598 perveniamus,
914 544 950 582 in
970 543 1110 582 Christo
1130 544 1212 582 ι16511

230 601 383 638 Ι)01111110
403 609 521 637 nostro
533 629 542 647 ,
559 614 620 658 per
636 612 741 649 quem
755 607 787 635 et
804 611 884 634 611111
900 610 970 647 quo
986 595 1098 648 gloria
1116 595 1211 633 Patri

230 662 261 690 et
277 662 395 691 sancto
420 653 569 703 Spiritui
606 652 642 688 in
670 650 797 689 saecula
832 650 1053 687 saeculorum.
1083 650 1207 685 Amen.

1287 332 1385 380 ὃολα,
1399 333 1484 385 πρὸς
1496 333 1559 380 τὴν
1579 334 1758 379 θειοτάτην
1776 331 1937 377 ἀλήθειαν
1958 332 2154 384 φθάνωμεν,
2167 333 2200 369 ἓν
2217 333 2306 383 Χρι-

1287 388 1358 437 στῷ
1383 387 1499 432 Ἰησοῦ
1522 390 1582 423 τοῦ
1605 384 1732 436 Κυρίου
1761 387 1861 433 ἡμῶν
1879 414 1888 431 ,
1916 385 1959 422 δι’
1979 379 2016 423 οῧ
2028 385 2088 423 καὶ
2106 386 2180 434 μεθ’
2202 379 2240 422 οῧ
2257 387 2307 436 τῷ

1288 438 1402 491 Πατρὶ
1422 442 1442 484 ἡ
1469 437 1549 481 δόξα
1569 437 1629 475 σὺν
1658 439 1707 489 τῷ
1736 437 1824 488 ἁγίῳ
1843 436 2042 487 Πνεύματι,
2063 439 2111 481 εἰς
2128 435 2205 480 τοὺς
2225 438 2308 474 αἰῶ-

1286 507 1359 534 νας.
1382 491 1501 541 Ἀμήν.

350 903 396 936 In
411 900 511 936 idem
533 906 800 950 argumentum
822 897 996 934 Paschae.
1015 897 1094 932 III.

280 1019 511 1058 sanctitatem
531 1018 664 1056 Christi
697 1016 948 1054 subindicat-iat
968 1014 1110 1052 Paschae
1131 1028 1213 1051 cum

229 1086 318 1123 agno
337 1071 563 1109 immaculato
582 1070 816 1117 sacrificium3
833 1069 982 1106 salutem
994 1081 1078 1105 vero
1093 1066 1213 1104 homi-

228 1139 315 1162 num
333 1139 378 1162 ex
397 1123 529 1161 Christi
549 1123 710 1175 passione
728 1130 868 1173 partam
886 1119 1111 1171 significabat
1139 1117 1213 1170 pri-

228 1177 488 1228 mogenitorum
510 1176 604 1213 salus
629 1188 693 1225 per
718 1173 936 1211 sacrificium
951 1171 1095 1209 Paschae
1123 1184 1210 1208 con-

227 1230 345 1267 ciliata
361 1244 371 1278 3
391 1227 707 1265 sanctificationem
731 1225 913 1263 indicabat
932 1224 1109 1262 comestio.
1130 1223 1214 1260 Haec

228 1283 300 1332 iam
319 1297 338 1319 a
358 1280 458 1318 nobis
483 1280 579 1317 dicta
599 1288 701 1317 sunt:
734 1292 828 1316 nunc
843 1277 981 1328 reliqua
1001 1276 1037 1313 in
1056 1276 1134 1327 lege
1151 1289 1213 1327 po-

228 1335 295 1372 sita
318 1342 399 1372 sunt
429 1331 682 1371 consideranda
698 1362 707 1379 ,
727 1330 904 1381 quomodo
925 1343 1049 1382 nempe
1069 1343 1104 1366 se
1122 1342 1213 1380 prae-

228 1401 353 1439 parare
372 1385 556 1434 debeatis,
571 1384 634 1435 qui
652 1382 928 1422 sanctificandus
946 1391 1017 1431 est3
1036 1379 1214 1432 quomodo

228 1439 396 1478 accedere
424 1439 551 1477 debeat
583 1436 630 1475 ad
660 1435 855 1474 sanctitatis
896 1434 1180 1474 communionem
1201 1462 1211 1481 ⁷

229 1507 336 1543 quam
352 1491 465 1529 vitam
479 1504 582 1542 agere
599 1489 726 1528 debeat
739 1497 927 1541 postquam
948 1487 1037 1525 sacri
1053 1484 1216 1538 mysterii
1238 1490 1260 1519 E

230 1559 372 1583 consors
401 1544 433 1582 ei
451 1543 629 1596 particeps
658 1542 773 1579 factus
798 1550 862 1579 est.
888 1539 1080 1588 Quomodo
1100 1547 1216 1576 autem

231 1611 267 1635 56
284 1611 484 1649 p1·aepara1·e
502 1595 629 1634 debeat
656 1594 698 1642 is,
722 1594 782 1645 qui
804 1593 939 1631 Christi
957 1592 1135 1645 particeps
1162 1591 1216 1628 fu-

231 1659 334 1688 turus
369 1659 420 1687 est
435 1679 446 1699 ,
486 1663 549 1700 per
584 1647 890 1685 circumcisionem
928 1645 1080 1696 figurate
1115 1643 1217 1681 nobis

232 1702 384 1740 ostendit
399 1702 595 1753 legislator,
609 1699 730 1738 dicens
744 1714 752 1735 :
769 1700 864 1736 Haec
877 1706 932 1736 est
947 1699 1011 1735 lex
1025 1697 1190 1734 Paschae
1204 1711 1214 1731 .-

236 1758 370 1794 Omnis
382 1755 602 1805 alienigena
617 1766 694 1789 non
716 1752 940 1789 comedetex
947 1764 1004 1796 e0,
1015 1756 1052 1787 et
1066 1762 1216 1786 omnem

234 1822 385 1846 servum
404 1816 441 1845 et
453 1808 643 1844 emtitium
659 1805 922 1849 circumcides,
946 1811 983 1840 et
999 1811 1090 1839 tunc
1114 1815 1216 1839 com-

234 1862 319 1898 edet
358 1875 406 1898 ωε
445 1873 501 1897 60.
549 1856 780 1895 Circumcisio
816 1865 934 1893 autem
965 1863 1050 1892 tunc
1079 1863 1215 1906 partem

234 1922 373 1950 tautum
401 1912 558 1962 aliquam
577 1910 783 1958 obtinebat,
805 1923 916 1958 neque
934 1921 997 1959 per
1015 1921 1050 1944 se
1077 1915 1215 1944 tantum

234 1966 332 2003 utilis
350 1974 437 2002 erat.
460 1965 582 2014 Neque
598 1962 693 2000 enim
707 1976 770 2014 per
789 1959 1092 1998 circumcisionem
1109 1958 1216 1996 homo

236 2018 360 2055 melior
380 2026 453 2055 erat
480 2015 751 2063 incircumciso3
769 2014 840 2051 imo
867 2012 904 2050 id
926 2012 962 2050 111
984 2011 1217 2064 opprobrium

234 2070 405 2109 Israelitis
427 2084 445 2107 a
462 2070 536 2106 Deo
556 2068 771 2116 vertebatur,
795 2067 899 2117 Quia
919 2078 1048 2102 omnes
1069 2073 1213 2117 gentes,

235 2124 362 2173 inquit,
379 2124 656 2160 incircumcisa³
669 2128 759 2158 sunt
777 2133 907 2164 carne,
929 2119 1066 2155 domus
1087 2125 1272 2167 αιιεεγηῖ58

236 2176 360 2214 Israel
382 2176 658 2212 incircumcisoe
683 2180 771 2210 sunt
801 2172 978 2209 cordibus
997 2172 1089 2208 suis.
1121 2171 1217 2208 Vera
1241 2182 1265 2209 Α

237 2239 353 2266 autem
368 2226 592 2266 circumcisio
608 2239 748 2263 carnem
765 2233 871 2261 totam
889 2231 1022 2276 spectat
1040 2238 1046 2258 :
1064 2221 1218 2260 amicum

237 2296 320 2319 vero
339 2290 370 2318 et
390 2279 602 2317 familiarem
621 2279 695 2315 Deo
712 2276 864 2315 ostendit
879 2290 971 2324 eum,
985 2275 1048 2326 qui
1067 2275 1220 2312 circum-

238 2335 330 2371 cisus
355 2342 405 2371 est
423 2331 550 2380 corde,
569 2339 602 2368 et
621 2329 680 2367 6111
698 2330 879 2367 sublatum
894 2338 945 2367 est
963 2327 1220 2380 operimentum

239 2386 390 2433 carnale,
413 2384 510 2435 quod.
534 2397 579 2422 ex
598 2391 741 2435 patrum
764 2381 979 2419 successione
997 2394 1059 2418 nos
1074 2379 1219 2429 habere,

240 2449 271 2476 61
301 2438 483 2476 sublatum
508 2445 683 2488 oportere,
711 2435 771 2473 lex
798 2443 897 2472 antea
923 2431 1118 2479 indicavit,
1141 2445 1221 2469 cum

240 2491 407 2542 genitales
433 2498 551 2541 partes
585 2486 809 2526 circumcidit
827 2517 836 2534 ‚
868 2486 954 2523 hinc
989 2485 1223 2536 generationis

240 2543 403 2595 symbola
424 2551 590 2589 statuens,
610 2554 743 2578 necnon
759 2538 965 2591 operimenti
986 2538 1080 2588 quod
1101 2537 1146 2574 ab
1163 2551 1221 2575 or-

241 2606 279 2632 111
307 2610 368 2633 nos
387 2596 555 2645 sequitur.
573 2594 684 2631 Nemo
711 2592 822 2643 igitur
841 2606 861 2629 a
881 2591 1083 2629 carnalibus
1113 2591 1222 2627 mori-

242 2649 311 2685 bus
343 2661 411 2684 non
443 2646 673 2684 circumcisus
704 2645 748 2682 ad
780 2644 1065 2682 communionem
1092 2642 1225 2681 Christi

244 2700 396 2737 accedet.
426 2699 497 2737 Sed
527 2700 607 2736 Nos
632 2711 762 2735 sumus
790 2699 1053 2742 circumcisio,
1083 2695 1224 2746 inquit,

247 2756 314 2805 qui
334 2754 478 2790 Christi
494 2753 699 2802 participes
725 2763 872 2799 sumus,
890 2751 956 2802 qui
973 2749 1132 2800 Spiritui
1152 2749 1228 2786 Dei

246 2808 444 2849 servimus,
466 2818 585 2855 neque
600 2806 640 2840 in
654 2817 772 2841 carne
790 2803 1031 2855 confidimus.
1046 2801 1115 2839 Cor
1133 2800 1228 2838 enim

248 2858 342 2896 omni
360 2871 397 2895 re
408 2856 538 2894 carnali
560 2855 743 2905 nudatum,
758 2857 832 2892 Deo
850 2869 932 2893 vere
951 2854 1083 2892 servire
1102 2862 1227 2906 potest,

248 2921 281 2948 61
306 2925 388 2948 cum
413 2908 555 2945 Christo
586 2907 715 2959 spiritu
749 2907 981 2945 commisceri.
1006 2906 1123 2958 Hujus
1152 2906 1225 2944 cir—

248 2961 475 3000 cumcisionis
494 2960 635 2997 initium
655 2969 706 2997 est
723 2960 838 3011 passio
860 2959 1044 3008 Domimi,
1072 2958 1133 3009 qui
1164 2973 1228 3011 pro

250 3015 349 3053 nobis
380 3027 517 3052 carnem
547 3011 710 3063 deposuit
741 3021 774 3048 61
802 3012 894 3049 hanc
923 3011 1226 3049 circumcisionem

249 3077 394 3120 propter
418 3079 480 3103 nos
505 3064 658 3115 suscepit
682 3080 688 3099 :
722 3064 896 3113 figuratur
926 3073 1042 3102 autem
1069 3064 1104 3102 111
1126 3064 1227 3102 nobis
1249 3081 1270 3109 ῃ

251 3119 461 3172 mysterium
488 3118 522 3155 in
551 3116 785 3169 baptismate,
817 3125 850 3153 et
878 3126 1140 3154 consummatur
1167 3131 1229 3169 per

252 3173 361 3210 vitam
392 3169 585 3209 secundum
605 3168 787 3207 Christum
809 3177 1029 3206 mansuetam.
1059 3171 1228 3207 Circum-

253 3229 321 3261 cisi
339 3228 428 3262 estis
445 3254 451 3267 ,
484 3222 613 3272 inquit,
626 3223 914 3259 circumcisione
933 3236 1007 3258 non
1029 3223 1227 3273 manufa-

298 3353 308 3368 ⁴‘
338 3353 442 3390 [Fort-
464 3351 714 3386 §nehemiam-rui

1389 894 1450 935 Εἷς
1472 892 1534 938 τὴν
1562 892 1669 939 αὐτὴν
1689 894 1932 945 πραγματείαν
1954 894 2136 945 [πάσχα]
2158 896 2203 945 γ’.

1336 1015 1412 1060 Τὴν
1442 1014 1504 1064 μὲν
1537 1015 1707 1066 ἁγιότητα
1740 1016 1893 1068 Χριστοῦ
1915 1017 1954 1055 τὸ
1974 1020 2064 1067 θῦμα
2098 1022 2158 1055 τοῦ
2187 1018 2309 1069 πάσχα

1286 1066 1374 1116 μετὰ
1405 1071 1464 1104 τοῦ
1493 1066 1641 1117 ἀμώμου
1679 1067 1898 1106 ὑπεδείκνυε·
1932 1068 1996 1115 τὴν
2015 1068 2050 1107 δὲ
2080 1071 2113 1106 ἐν
2136 1071 2185 1121 τῷ
2206 1070 2309 1108 πάθει

1285 1119 1438 1170 Χριστοῦ
1460 1119 1634 1172 σωτηρίαν
1658 1118 1849 1171 ἀνθρώπων
1867 1123 1969 1167 ἡτῶν
1995 1121 2225 1173 πρωτοτόκων
2247 1138 2312 1160 σω-

1285 1171 1389 1222 τηρία
1409 1172 1465 1209 διὰ
1475 1174 1538 1217 τῆς
1557 1171 1676 1215 θυσίας
1688 1175 1747 1209 τοῦ
1762 1172 1885 1224 πάσχα
1903 1173 2058 1211 δοθεῖσα·
2073 1173 2131 1211 τὸν
2152 1173 2187 1210 δὲ
2207 1175 2309 1222 ἁγια-

1285 1224 1385 1273 σμὸν,
1401 1227 1421 1270 ἡ
1442 1227 1580 1274 βρῶσις.
1601 1224 1670 1262 Καὶ
1689 1228 1799 1262 ταῦτα
1814 1228 1897 1275 ἡμῖν
1919 1225 1985 1272 ἥδη
2002 1226 2218 1279 προείρηται.
2238 1228 2311 1264 Νῦν

1285 1277 1323 1313 ἐκ
1342 1280 1410 1314 τῶν
1427 1276 1624 1314 ὑπολοίπων
1642 1279 1704 1322 τῆς
1732 1276 1935 1326 νομοθεσίας
1961 1277 2201 1326 ἐπισκεπτέον,
2220 1279 2313 1321 ὅπως

1286 1328 1347 1378 μὲν
1371 1329 1420 1366 δεῖ
1453 1330 1779 1381 παρασκευάζεσθαι
1808 1329 1866 1367 τὸν
1889 1331 2198 1382 ἁγιασθησόμενον,
2219 1331 2312 1375 ὅπως

1286 1380 1321 1419 δὲ
1341 1381 1521 1432 προσιέναι
1542 1382 1627 1432 πρὸς
1647 1381 1709 1429 τὴν
1732 1385 1794 1428 τῆς
1825 1382 2006 1432 ἁγιότητος
2030 1382 2224 1431 κοινωνίαν,
2243 1378 2311 1421 οἷον

1286 1432 1321 1470 δὲ
1341 1435 1398 1472 τὸν
1421 1435 1492 1485 βίον
1510 1434 1639 1485 διάγειν
1664 1434 1752 1484 μετὰ
1784 1434 1822 1472 τὸ
1847 1435 2005 1486 γενέσθαι
2035 1439 2093 1474 τοῦ
2117 1435 2214 1487 ἁγίου
2245 1437 2312 1486 μέ-

1285 1485 1387 1538 τοχόν
1412 1502 1450 1524 τε
1469 1487 1528 1524 καὶ
1543 1486 1716 1525 κοινωνόν.
1745 1487 1820 1534 Τὴν
1842 1487 1903 1537 μὲν
1926 1482 1982 1525 οῦν
2010 1487 2248 1541 παρασκευὴν,
2270 1488 2312 1534 ἣν

1285 1540 1621 1591 παρασκευάσασθαι
1644 1540 1694 1577 δεῖ
1712 1540 1768 1577 τὸν
1791 1539 1963 1589 μέλλοντα
1980 1541 2129 1590 μεθέξειν
2147 1542 2312 1592 Χριστοῦ,

1288 1591 1344 1629 διὰ
1357 1593 1548 1645 περιωτομῆς
1568 1591 1738 1635 ἐπέδειξεν
1749 1595 1833 1643 ἡμῖν
1853 1595 1870 1630 ὃ
1885 1592 2072 1642 νομοθέτης
2085 1596 2240 1636 τυπικῶς
2255 1594 2313 1632 λέ-

1287 1659 1370 1693 γων,
1392 1647 1504 1687 Οὗτος
1524 1647 1541 1682 ὃ
1559 1643 1662 1693 νόμος
1693 1648 1751 1682 τοῦ
1784 1644 1925 1696 πάσχα·
1946 1652 2015 1688 πᾶς
2035 1645 2222 1696 ἀλλογενὴς
2253 1647 2313 1684 οὐκ

1288 1697 1400 1734 ἔδεται
1419 1698 1479 1734 ἀπ’
1501 1697 1621 1744 αὐτοῦ,
1652 1696 1711 1734 καὶ
1730 1697 1846 1735 πάντα
1863 1696 1998 1744 οἰκέτην
2020 1698 2111 1741 τινος
2127 1698 2186 1735 καὶ
2209 1700 2315 1751 ἀργυ-

1289 1748 1439 1799 ρώνητον
1457 1748 1646 1800 περιτέμῃς
1664 1749 1778 1803 αὐτὸν,
1792 1749 1851 1787 καὶ
1867 1749 1945 1787 τότε
1986 1750 2107 1800 άγεται
2119 1749 2180 1788 ἀπ’
2197 1751 2312 1790 αὐτοῦ.

1288 1800 1469 1853 Περιτομὴ
1487 1801 1522 1839 δὲ
1537 1800 1615 1839 τότε
1634 1801 1695 1851 μὲν
1710 1805 1752 1848 ἠν
1769 1801 1908 1852 μερικὴ,
1921 1765 1981 1840 mii
1997 1801 2060 1848 τὴν
2075 1802 2243 1854 ὠφέλειαν
2258 1806 2317 1842 αὖ·

1287 1854 1383 1892 τόθεν
1413 1855 1473 1892 οὒκ
1500 1853 1774 1892 ἐπιδεικνύουσα.
1804 1854 1915 1892 Οὐδὲν
1930 1854 1998 1907 γὰρ
2022 1855 2173 1893 καλλίων
2197 1858 2235 1894 ἐκ
2253 1859 2316 1903 τῆς

1286 1909 1477 1958 περιτομῆς
1506 1905 1683 1959 ἅνθρωπος
1717 1905 1942 1945 ἀπεδείκνυτο
1963 1907 2059 1961 παρὰ
2083 1907 2140 1946 τὸν
2162 1908 2314 1960 ἀκρόὲυ-

1287 1974 1385 2013 στον·
1404 1958 1493 1996 ἀλλὰ
1521 1959 1580 1996 καὶ
1614 1959 1739 2002 ὄνειδος
1759 1960 1965 2012 παρὰΘεοῦ
1987 1966 2056 2004 τοῖς
2080 1961 2315 2013 Ἰσραηλίταις

1287 2015 1343 2057 ἠν,
1361 2010 1446 2067 “Qu
1465 2010 1578 2049 πάντα
1609 2011 1653 2049 τὰ
1673 2012 1751 2059 ἔθνη
1765 2043 1774 2059 ,
1805 2012 1927 2063 φησὶν,
1947 2013 2169 2064 ἀπερίτμητα
2190 2013 2315 2066 σαρκὶ,

1287 2067 1304 2101 ὃ
1323 2063 1358 2101 δὲ
1379 2063 1625 2115 οἰκοςἸσραὴλ
1642 2064 1877 2116 ἀπερίτμητος
1896 2065 2054 2117 καρδίαις
2070 2068 2196 2104 αὐτῶν.
2217 2065 2260 2104 εΗ
2280 2066 2316 2103 δὲ

1288 2116 1418 2164 ἀληθὴς
1437 2117 1609 2170 περιτομὴ
1631 2119 1707 2155 καθ’
1725 2116 1806 2163 ὅλης
1826 2118 1898 2156 ἐστὶ
1914 2119 2060 2170 σαρκὸς,
2076 2119 2174 2171 φίλον
2198 2134 2234 2156 τε
2255 2118 2316 2156 καὶ

1288 2171 1411 2208 οἰκεῖον
1441 2170 1460 2188 '¹'
1481 2169 1702 2207 ἀποδείκνυσι
1744 2172 1826 2222 Θεῷ
1855 2169 1913 2207 τὸν
1951 2171 2246 2222 περιτετμημένον
2271 2173 2314 2216 τῆ

1288 2222 1436 2274 καρδίᾳ,
1464 2222 1523 2260 καὶ
1552 2222 1806 2274 περιῃρημένον
1824 2222 1863 2260 τὸ
1879 2222 2048 2275 κάλυμμα
2073 2225 2112 2262 τὸ
2128 2213 2316 2276 σαρκικὸνλ,

1289 2274 1374 2328 ὅπερ
1395 2278 1432 2313 ἐκ
1453 2275 1616 2326 διαδοχῆς
1637 2274 1796 2326 πατέρων
1813 2275 1955 2327 ἔχοντας
1972 2279 2084 2327 ἡμᾶς,
2105 2276 2163 2314 καὶ
2182 2292 2317 2329 περιαι-

1293 2330 1431 2378 ρεθῆναι
1456 2327 1648 2379 χρῄζοντας
1673 2331 1767 2377 ἡμᾶς
1787 2328 1887 2375 αὐτὸ,
1907 2328 2150 2380 προϋπέδειξεν
2171 2332 2188 2366 ὃ
2214 2327 2316 2378 νόμος

1290 2379 1334 2418 τὰ
1353 2379 1537 2426 γεννητικὰ
1565 2379 1780 2430 περιτέμνων
1813 2379 1939 2432 μόρια,
1969 2384 2030 2427 τῆς
2058 2381 2248 2432 γεννήσεως
2274 2380 2317 2417 τὰ

1292 2432 1450 2482 σύμὸολα
1476 2435 1583 2470 ποιῶν
1605 2431 1661 2469 διὰ
1675 2431 1795 2469 τούτου
1812 2462 1821 2478 ,
1849 2432 1907 2469 καὶ
1921 2436 1980 2471 τοῦ
2006 2433 2233 2483 καλύμματος
2258 2437 2317 2471 τοῦ

1293 2484 1382 2522 κατὰ
1393 2484 1552 2536 γέννησιν
1566 2487 1651 2534 ἡμῖν
1664 2486 1941 2528 ἀκολουθοῦντος.
1954 2486 2077 2529 Οὐδεὶς
2088 2481 2145 2524 οῧν
2160 2485 2208 2537 μὴ
2221 2500 2319 2536 περι-

1292 2537 1499 2587 τεμνόμενος
1512 2536 1569 2574 τὸν
1586 2537 1748 2588 σαρκικὸν
1760 2536 1884 2589 τρόπον
1897 2537 1953 2574 ἐπὶ
1967 2537 2028 2585 τὴν
2045 2538 2224 2576 κοινωνίαν
2241 2537 2318 2589 ἀφί-

1275 2589 1388 2633 ,ξεται
1421 2590 1584 2642 Χριστοῦ.
1606 2590 1695 2627 Ἀλλ’
1715 2589 1837 2640 Ἡμεῖς
1858 2592 1960 2640 ἐσμεν
1982 2594 2003 2637 ἡ
2029 2591 2223 2642 περιτομὴ,
2253 2606 2318 2642 φη-

1295 2642 1367 2689 σὶν,
1383 2645 1413 2680 οἱ
1432 2644 1584 2695 Χριστοῦ
1606 2642 1768 2693 μέτοχοι,
1788 2645 1818 2679 οἱ
1838 2641 2020 2692 Πνεύματι
2032 2645 2124 2682 Θεοῦ
2137 2642 2320 2695 λατρεύον-

1294 2711 1365 2742 τες,
1381 2695 1439 2732 καὶ
1455 2694 1502 2745 μὴ
1522 2693 1723 2736 πεποιθότες
1740 2697 1772 2732 ἐν
1790 2694 1904 2746 σαρκί.
1925 2694 2045 2746 Γυμνὴ
2066 2696 2133 2748 γὰρ
2151 2699 2173 2742 ἧ
2193 2694 2319 2747 καρδία

1294 2747 1422 2791 παντὸς
1449 2751 1615 2799 σαρκικοῦ
1635 2746 1810 2799 λατρεύειν
1842 2749 2013 2793 ἀληθινῶς
2037 2750 2119 2799 Θεῷ
2156 2747 2319 2793 δύναται,

1295 2800 1354 2838 καὶ
1374 2803 1423 2852 τῷ
1453 2801 1597 2851 Χριστῷ
1622 2803 1869 2850 συγκιρνᾶσθαι
1891 2800 2073 2851 πνεύματι.
2097 2801 2237 2847 Ταύτης
2258 2802 2320 2845 τ’ῆς

1295 2856 1485 2904 περιτομῆς
1515 2851 1686 2903 κατάρχει
1710 2850 1771 2901 μὲν
1791 2852 1830 2889 τὸ
1857 2856 1916 2890 τοῦ
1945 2854 2073 2904 Κυρίου
2105 2853 2213 2896 πάθος
2232 2852 2318 2904 ὑπὲρ

1295 2908 1394 2954 ἡμῶν
1413 2903 1625 2955 ἀποθεμένου
1650 2902 1714 2949 τὴν
1735 2903 1866 2956 σάρκα,
1887 2906 1945 2943 καὶ
1965 2904 2026 2951 τὴν
2047 2905 2237 2974 περιτομὴν
2261 2907 2319 2942 αὖ-

1296 2957 1358 3003 τὴν
1380 2959 1423 2995 δι’
1441 2961 1534 3007 ἡμᾶς
1556 2955 1826 3006 ἀναδεξαμένου’
1847 2958 2054 2995 ἐκτυποῦται
2071 2960 2106 2997 δε
2125 2958 2165 2996 τὸ
2183 2958 2317 3008 μυστή-

1299 3026 1367 3062 ριον
1386 3012 1432 3053 εἷς
1447 3013 1541 3060 ἡμᾶς
1557 3010 1591 3046 ἐν
1617 3008 1854 3059 βαπτίσματι,
1875 3009 1934 3047 καὶ
1948 3012 2100 3048 τελεῖται
2118 3013 2168 3062 τῷ
2191 3009 2256 3062 βίῳ
2269 3013 2319 3062 τῷ

1296 3062 1385 3100 κατὰ
1407 3061 1569 3115 Χριστόν.
1598 3061 1862 3113 Περιετμήθητε
1891 3061 1978 3113 γὰρ,
2014 3063 2115 3115 φησὶ,
2146 3065 2317 3114 περιτομῇ

1296 3115 1551 3167 ἀχειροποιήτῳ
1570 3115 1603 3151 ἐν
1619 3117 1661 3164 τῇ
1681 3113 1865 3152 ἀπεκδύσει
1887 3119 1946 3152 τοῦ
1965 3114 2125 3165 σώματος
2155 3119 2216 3161 τῆς
2238 3130 2318 3166 σαρ-

1298 3169 1353 3211 κὀς
1370 3171 1402 3206 ἐν
1418 3171 1458 3218 τῇ
1479 3169 1650 3218 περιτομῇ
1671 3171 1730 3204 τοῦ
1747 3167 1916 3220 Χριστοῦ,
1936 3167 2159 3219 συνταφέντες
2175 3170 2267 3219 αὐτῷ
2284 3171 2317 3205 ἐν

1299 3223 1345 3271 τῷ
1368 3220 1596 3271 βαπτίσματι.
1614 3218 1710 3261 “tim
1730 3222 1784 3256 οὖν
1806 3221 1866 3256 οὐκ
1884 3219 2085 3259 ἀποτίθεσαι
2102 3221 2140 3259 τὸ
2155 3220 2317 3271 σαρκικὸν
