<?xml version="1.0" encoding="UTF-8"?>
<!DOCTYPE html PUBLIC "-//W3C//DTD XHTML 1.0 Transitional//EN"
    "http://www.w3.org/TR/xhtml1/DTD/xhtml1-transitional.dtd">
<html xmlns="http://www.w3.org/1999/xhtml" xml:lang="en" lang="en">
 <head>
  <title>
</title>
<meta http-equiv="Content-Type" content="text/html;charset=utf-8" />
  <meta name='ocr-system' content='tesseract 3.04.00' />
  <meta name='ocr-capabilities' content='ocr_page ocr_carea ocr_par ocr_line ocrx_word'/>
</head>
<body>
  <div class='ocr_page' id='page_1' title='image "./operaomniaquaeex08johnuoft/operaomniaquaeex08johnuoft_0186.png"; bbox 0 0 2481 3678; ppageno 0'>
   <div class='ocr_carea' id='block_1_1' title="bbox 87 503 272 1821">
    <p class='ocr_par' dir='ltr' id='par_1_1' title="bbox 95 503 261 581">
     <span class='ocr_line' id='line_1_1' title="bbox 96 503 261 531; baseline 0.006 -1"><span class='ocrx_word' id='word_1_1' title='bbox 96 503 186 530; x_wconf 76' lang='lat' dir='ltr'><strong>Jonn.</strong></span> <span class='ocrx_word' id='word_1_2' title='bbox 214 511 261 531; x_wconf 85' lang='lat'>12.</span> 
     </span>
     <span class='ocr_line' id='line_1_2' title="bbox 95 543 147 581; baseline -0.038 -8"><span class='ocrx_word' id='word_1_3' title='bbox 95 543 147 581; x_wconf 69' lang='grc'>48.</span> 
     </span>
    </p>

    <p class='ocr_par' dir='ltr' id='par_1_2' title="bbox 87 1672 272 1781">
     <span class='ocr_line' id='line_1_3' title="bbox 88 1672 272 1707; baseline 0.027 -10"><span class='ocrx_word' id='word_1_4' title='bbox 88 1672 163 1699; x_wconf 69' lang='lat' dir='ltr'><strong>[Sat.</strong></span> <span class='ocrx_word' id='word_1_5' title='bbox 176 1673 227 1707; x_wconf 66' lang='grc'>42.</span> <span class='ocrx_word' id='word_1_6' title='bbox 240 1672 272 1702; x_wconf 73' lang='grc' dir='ltr'>3ο</span> 
     </span>
     <span class='ocr_line' id='line_1_4' title="bbox 89 1713 258 1741; baseline 0.012 -2"><span class='ocrx_word' id='word_1_7' title='bbox 89 1713 199 1741; x_wconf 63' lang='grc' dir='ltr'>ᾹῙιιΗῘι.</span> <span class='ocrx_word' id='word_1_8' title='bbox 225 1722 258 1741; x_wconf 81' lang='lat'>12</span> 
     </span>
     <span class='ocr_line' id='line_1_5' title="bbox 87 1761 136 1781; baseline 0 -1"><span class='ocrx_word' id='word_1_9' title='bbox 87 1761 136 1781; x_wconf 85' lang='lat'>20.</span> 
     </span>
    </p>

    <p class='ocr_par' dir='ltr' id='par_1_3' title="bbox 88 1794 200 1821">
     <span class='ocr_line' id='line_1_6' title="bbox 88 1794 200 1821; baseline 0 0"><span class='ocrx_word' id='word_1_10' title='bbox 88 1794 200 1821; x_wconf 75' lang='lat' dir='ltr'><strong>Matth.</strong></span> 
     </span>
    </p>
   </div>
   <div class='ocr_carea' id='block_1_2' title="bbox 84 1842 237 1905">
    <p class='ocr_par' dir='ltr' id='par_1_4' title="bbox 84 1842 237 1905">
     <span class='ocr_line' id='line_1_7' title="bbox 90 1842 136 1870; baseline 0 -10"><span class='ocrx_word' id='word_1_11' title='bbox 90 1842 136 1870; x_wconf 80' lang='lat'>19.</span> 
     </span>
     <span class='ocr_line' id='line_1_8' title="bbox 84 1876 237 1905; baseline 0.02 -4"><span class='ocrx_word' id='word_1_12' title='bbox 84 1876 174 1904; x_wconf 77' lang='lat' dir='ltr'><strong>Jmm.</strong></span> <span class='ocrx_word' id='word_1_13' title='bbox 190 1885 237 1905; x_wconf 86' lang='lat'>12.</span> 
     </span>
    </p>
   </div>
   <div class='ocr_carea' id='block_1_3' title="bbox 85 1913 135 1954">
    <p class='ocr_par' dir='ltr' id='par_1_5' title="bbox 85 1913 135 1954">
     <span class='ocr_line' id='line_1_9' title="bbox 85 1913 135 1954; baseline 0 0"><span class='ocrx_word' id='word_1_14' title='bbox 85 1913 135 1954; x_wconf 75' lang='lat'>47-</span> 
     </span>
    </p>
   </div>
   <div class='ocr_carea' id='block_1_4' title="bbox 95 2937 237 2964">
    <p class='ocr_par' dir='ltr' id='par_1_6' title="bbox 95 2937 237 2964">
     <span class='ocr_line' id='line_1_10' title="bbox 95 2937 237 2964; baseline 0 -1"><span class='ocrx_word' id='word_1_15' title='bbox 95 2937 192 2964; x_wconf 80' lang='lat' dir='ltr'><strong>Marc.</strong></span> <span class='ocrx_word' id='word_1_16' title='bbox 212 2944 237 2963; x_wconf 85' lang='lat'>1.</span> 
     </span>
    </p>
   </div>
   <div class='ocr_carea' id='block_1_5' title="bbox 94 2974 2368 3054">
    <p class='ocr_par' dir='ltr' id='par_1_7' title="bbox 94 2974 2368 3054">
     <span class='ocr_line' id='line_1_11' title="bbox 159 2977 211 2996; baseline 0 -3"><span class='ocrx_word' id='word_1_17' title='bbox 159 2991 164 2996; x_wconf 82' lang='grc'>,</span> <span class='ocrx_word' id='word_1_18' title='bbox 197 2977 211 2993; x_wconf 78' lang='grc' dir='ltr'><em>Γ</em></span> 
     </span>
     <span class='ocr_line' id='line_1_12' title="bbox 94 2974 2368 3054; baseline 0.008 -26"><span class='ocrx_word' id='word_1_19' title='bbox 94 2979 178 3014; x_wconf 47' lang='grc' dir='ltr'>ΨΜ</span> <span class='ocrx_word' id='word_1_20' title='bbox 196 2974 279 3044; x_wconf 39' lang='grc' dir='ltr'>ἂψ]</span> <span class='ocrx_word' id='word_1_21' title='bbox 298 3009 401 3032; x_wconf 80' lang='lat' dir='ltr'><strong>num.</strong></span> <span class='ocrx_word' id='word_1_22' title='bbox 427 2996 689 3032; x_wconf 74' lang='lat' dir='ltr'><em>Dimittuntur</em></span> <span class='ocrx_word' id='word_1_23' title='bbox 717 2998 786 3032; x_wconf 85' lang='lat' dir='ltr'>tibi</span> <span class='ocrx_word' id='word_1_24' title='bbox 801 3007 973 3047; x_wconf 77' lang='lat' dir='ltr'><strong>peccata.</strong></span> <span class='ocrx_word' id='word_1_25' title='bbox 1003 3002 1115 3048; x_wconf 80' lang='lat' dir='ltr'><strong>Tace,</strong></span> <span class='ocrx_word' id='word_1_26' title='bbox 1145 3005 1276 3040; x_wconf 82' lang='lat' dir='ltr'><strong>obmu-</strong></span> <span class='ocrx_word' id='word_1_27' title='bbox 1303 3004 1327 3034; x_wconf 79' lang='lat' dir='ltr'>C</span> <span class='ocrx_word' id='word_1_28' title='bbox 1348 3003 1431 3042; x_wconf 88' lang='grc' dir='ltr'>τίαι.</span> <span class='ocrx_word' id='word_1_29' title='bbox 1459 3002 1605 3050; x_wconf 83' lang='grc' dir='ltr'>Σιώπα,</span> <span class='ocrx_word' id='word_1_30' title='bbox 1624 3001 1818 3054; x_wconf 72' lang='grc' dir='ltr'>πεφίαωσο.</span> <span class='ocrx_word' id='word_1_31' title='bbox 1856 2994 1958 3054; x_wconf 78' lang='grc' dir='ltr'>Αρον</span> <span class='ocrx_word' id='word_1_32' title='bbox 1982 3017 2040 3039; x_wconf 88' lang='grc' dir='ltr'>τον</span> <span class='ocrx_word' id='word_1_33' title='bbox 2068 3000 2266 3054; x_wconf 59' lang='grc' dir='ltr'>κράὸῧατον</span> <span class='ocrx_word' id='word_1_34' title='bbox 2288 3016 2368 3047; x_wconf 63' lang='lat'><strong>&lt;50⁹7</strong></span> 
     </span>
    </p>
   </div>
   <div class='ocr_carea' id='block_1_6' title="bbox 275 3057 2367 3117">
    <p class='ocr_par' dir='ltr' id='par_1_8' title="bbox 275 3057 2367 3117">
     <span class='ocr_line' id='line_1_13' title="bbox 275 3057 2367 3117; baseline 0.002 -24"><span class='ocrx_word' id='word_1_35' title='bbox 275 3079 280 3085; x_wconf 89' lang='lat'><strong>·</strong></span> <span class='ocrx_word' id='word_1_36' title='bbox 298 3065 408 3094; x_wconf 82' lang='lat' dir='ltr'><strong>tesce.</strong></span> <span class='ocrx_word' id='word_1_37' title='bbox 447 3057 554 3094; x_wconf 81' lang='lat' dir='ltr'><em>Tolle</em></span> <span class='ocrx_word' id='word_1_38' title='bbox 581 3058 788 3108; x_wconf 76' lang='lat' dir='ltr'><em>grabatum</em></span> <span class='ocrx_word' id='word_1_39' title='bbox 809 3066 927 3104; x_wconf 77' lang='lat' dir='ltr'><strong>tuum,</strong></span> <span class='ocrx_word' id='word_1_40' title='bbox 956 3069 992 3097; x_wconf 83' lang='lat' dir='ltr'><strong>et</strong></span> <span class='ocrx_word' id='word_1_41' title='bbox 1017 3064 1120 3100; x_wconf 81' lang='lat' dir='ltr'>vade</span> <span class='ocrx_word' id='word_1_42' title='bbox 1144 3067 1185 3101; x_wconf 81' lang='lat' dir='ltr'>in</span> <span class='ocrx_word' id='word_1_43' title='bbox 1210 3066 1276 3102; x_wconf 88' lang='lat' dir='ltr'>do·</span> <span class='ocrx_word' id='word_1_44' title='bbox 1349 3065 1408 3103; x_wconf 82' lang='grc' dir='ltr'>καὶ</span> <span class='ocrx_word' id='word_1_45' title='bbox 1420 3064 1532 3117; x_wconf 82' lang='grc' dir='ltr'>ὕπαγε</span> <span class='ocrx_word' id='word_1_46' title='bbox 1547 3066 1593 3109; x_wconf 89' lang='grc' dir='ltr'>εἷς</span> <span class='ocrx_word' id='word_1_47' title='bbox 1606 3063 1662 3102; x_wconf 78' lang='grc' dir='ltr'>τὸν</span> <span class='ocrx_word' id='word_1_48' title='bbox 1679 3057 1770 3102; x_wconf 78' lang='grc' dir='ltr'>οἶκόν</span> <span class='ocrx_word' id='word_1_49' title='bbox 1787 3080 1857 3102; x_wconf 90' lang='grc' dir='ltr'>σου.</span> <span class='ocrx_word' id='word_1_50' title='bbox 1870 3063 1931 3102; x_wconf 90' lang='grc' dir='ltr'>Σοι</span> <span class='ocrx_word' id='word_1_51' title='bbox 1948 3062 2050 3115; x_wconf 82' lang='grc' dir='ltr'>λέγω,</span> <span class='ocrx_word' id='word_1_52' title='bbox 2064 3063 2104 3101; x_wconf 82' lang='grc' dir='ltr'>τὸ</span> <span class='ocrx_word' id='word_1_53' title='bbox 2122 3062 2270 3115; x_wconf 84' lang='grc' dir='ltr'>πονηρὸν</span> <span class='ocrx_word' id='word_1_54' title='bbox 2287 3062 2367 3099; x_wconf 82' lang='grc' dir='ltr'>δαι-</span> 
     </span>
    </p>
   </div>
   <div class='ocr_carea' id='block_1_7' title="bbox 94 3018 255 3045">
    <p class='ocr_par' dir='ltr' id='par_1_9' title="bbox 94 3018 255 3045">
     <span class='ocr_line' id='line_1_14' title="bbox 94 3018 255 3045; baseline -0.006 0"><span class='ocrx_word' id='word_1_55' title='bbox 94 3018 207 3045; x_wconf 67' lang='lat' dir='ltr'>Dsanh.</span> <span class='ocrx_word' id='word_1_56' title='bbox 224 3026 255 3045; x_wconf 83' lang='lat'>12</span> 
     </span>
    </p>
   </div>
   <div class='ocr_carea' id='block_1_8' title="bbox 100 3058 268 3096">
    <p class='ocr_par' dir='ltr' id='par_1_10' title="bbox 100 3058 268 3096">
     <span class='ocr_line' id='line_1_15' title="bbox 100 3058 268 3096; baseline 0 -11"><span class='ocrx_word' id='word_1_57' title='bbox 100 3058 145 3085; x_wconf 73' lang='grc'>13.</span> <span class='ocrx_word' id='word_1_58' title='bbox 163 3065 234 3096; x_wconf 69' lang='lat'>⁰¹9·</span> <span class='ocrx_word' id='word_1_59' title='bbox 251 3058 268 3085; x_wconf 81' lang='grc'><em>5</em></span> 
     </span>
    </p>
   </div>
   <div class='ocr_carea' id='block_1_9' title="bbox 96 3098 248 3137">
    <p class='ocr_par' dir='ltr' id='par_1_11' title="bbox 96 3098 248 3137">
     <span class='ocr_line' id='line_1_16' title="bbox 96 3098 248 3137; baseline 0.013 -12"><span class='ocrx_word' id='word_1_60' title='bbox 96 3100 196 3126; x_wconf 61' lang='lat' dir='ltr'>sthur.</span> <span class='ocrx_word' id='word_1_61' title='bbox 218 3098 248 3137; x_wconf 71' lang='grc'>4.</span> 
     </span>
    </p>
   </div>
   <div class='ocr_carea' id='block_1_10' title="bbox 96 3141 280 3174">
    <p class='ocr_par' dir='ltr' id='par_1_12' title="bbox 96 3141 280 3174">
     <span class='ocr_line' id='line_1_17' title="bbox 96 3141 280 3174; baseline -0.005 -7"><span class='ocrx_word' id='word_1_62' title='bbox 96 3141 280 3174; x_wconf 45' lang='lat' dir='ltr'>sextam.</span> 
     </span>
    </p>
   </div>
   <div class='ocr_carea' id='block_1_11' title="bbox 95 3181 260 3209">
    <p class='ocr_par' dir='ltr' id='par_1_13' title="bbox 95 3181 260 3209">
     <span class='ocr_line' id='line_1_18' title="bbox 95 3181 260 3209; baseline 0 -2"><span class='ocrx_word' id='word_1_63' title='bbox 95 3181 174 3207; x_wconf 53' lang='lat' dir='ltr'><em>llaeicl.</em></span> <span class='ocrx_word' id='word_1_64' title='bbox 189 3181 219 3209; x_wconf 87' lang='grc'>5.</span> <span class='ocrx_word' id='word_1_65' title='bbox 231 3181 260 3208; x_wconf 74' lang='lat'>8.</span> 
     </span>
    </p>
   </div>
   <div class='ocr_carea' id='block_1_12' title="bbox 96 3221 269 3250">
    <p class='ocr_par' dir='ltr' id='par_1_14' title="bbox 96 3221 269 3250">
     <span class='ocr_line' id='line_1_19' title="bbox 96 3221 269 3250; baseline 0.006 -3"><span class='ocrx_word' id='word_1_66' title='bbox 96 3221 211 3250; x_wconf 74' lang='grc' dir='ltr'>ΜαιιῘι,</span> <span class='ocrx_word' id='word_1_67' title='bbox 239 3222 269 3249; x_wconf 84' lang='lat'>5.</span> 
     </span>
    </p>
   </div>
   <div class='ocr_carea' id='block_1_13' title="bbox 96 3260 136 3289">
    <p class='ocr_par' dir='ltr' id='par_1_15' title="bbox 96 3260 136 3289">
     <span class='ocr_line' id='line_1_20' title="bbox 96 3260 136 3289; baseline 0.025 -1"><span class='ocrx_word' id='word_1_68' title='bbox 96 3260 136 3289; x_wconf 84' lang='lat'>28</span> 
     </span>
    </p>
   </div>
   <div class='ocr_carea' id='block_1_14' title="bbox 99 3302 268 3331">
    <p class='ocr_par' dir='ltr' id='par_1_16' title="bbox 99 3302 268 3331">
     <span class='ocr_line' id='line_1_21' title="bbox 99 3302 268 3331; baseline 0.012 -2"><span class='ocrx_word' id='word_1_69' title='bbox 99 3302 201 3331; x_wconf 73' lang='lat' dir='ltr'><strong>Marc.</strong></span> <span class='ocrx_word' id='word_1_70' title='bbox 221 3310 268 3331; x_wconf 81' lang='grc' dir='ltr'>Η.</span> 
     </span>
    </p>
   </div>
   <div class='ocr_carea' id='block_1_15' title="bbox 95 3340 123 3368">
    <p class='ocr_par' dir='ltr' id='par_1_17' title="bbox 95 3340 123 3368">
     <span class='ocr_line' id='line_1_22' title="bbox 95 3340 123 3368; baseline -0.036 0"><span class='ocrx_word' id='word_1_71' title='bbox 95 3340 123 3368; x_wconf 86' lang='grc'>3.</span> 
     </span>
    </p>
   </div>
   <div class='ocr_carea' id='block_1_16' title="bbox 306 213 1921 264">
    <p class='ocr_par' dir='ltr' id='par_1_18' title="bbox 306 213 1921 264">
     <span class='ocr_line' id='line_1_23' title="bbox 306 213 1921 264; baseline 0.001 -3"><span class='ocrx_word' id='word_1_72' title='bbox 306 213 391 261; x_wconf 72' lang='lat'>100</span> <span class='ocrx_word' id='word_1_73' title='bbox 728 231 766 262; x_wconf 82' lang='lat' dir='ltr'>S.</span> <span class='ocrx_word' id='word_1_74' title='bbox 805 231 991 262; x_wconf 73' lang='lat' dir='ltr'><strong>JOANMS</strong></span> <span class='ocrx_word' id='word_1_75' title='bbox 1027 230 1270 262; x_wconf 78' lang='lat' dir='ltr'><strong>cuanosT.</strong></span> <span class='ocrx_word' id='word_1_76' title='bbox 1310 231 1519 263; x_wconf 81' lang='lat' dir='ltr'><strong>ARCUIEP.</strong></span> <span class='ocrx_word' id='word_1_77' title='bbox 1558 232 1921 264; x_wconf 79' lang='lat' dir='ltr'><strong>CONSTANTINOP.</strong></span> 
     </span>
    </p>
   </div>
   <div class='ocr_carea' id='block_1_17' title="bbox 286 311 2379 1713">
    <p class='ocr_par' dir='ltr' id='par_1_19' title="bbox 294 311 2379 1160">
     <span class='ocr_line' id='line_1_24' title="bbox 297 311 2375 369; baseline 0.003 -20"><span class='ocrx_word' id='word_1_78' title='bbox 297 311 359 350; x_wconf 82' lang='lat' dir='ltr'><strong>ille</strong></span> <span class='ocrx_word' id='word_1_79' title='bbox 376 320 468 360; x_wconf 83' lang='lat' dir='ltr'><strong>erat,</strong></span> <span class='ocrx_word' id='word_1_80' title='bbox 494 325 602 363; x_wconf 89' lang='lat' dir='ltr'><strong>quam</strong></span> <span class='ocrx_word' id='word_1_81' title='bbox 621 311 646 349; x_wconf 88' lang='lat' dir='ltr'>ii</span> <span class='ocrx_word' id='word_1_82' title='bbox 665 312 727 362; x_wconf 88' lang='lat' dir='ltr'><strong>qui</strong></span> <span class='ocrx_word' id='word_1_83' title='bbox 750 312 903 364; x_wconf 83' lang='lat' dir='ltr'>maligne</span> <span class='ocrx_word' id='word_1_84' title='bbox 924 312 1081 365; x_wconf 80' lang='lat' dir='ltr'><strong>idipsum</strong></span> <span class='ocrx_word' id='word_1_85' title='bbox 1110 313 1272 365; x_wconf 82' lang='lat' dir='ltr'>agebant.</span> <span class='ocrx_word' id='word_1_86' title='bbox 1303 318 1328 347; x_wconf 91' lang='lat' dir='ltr'>D</span> <span class='ocrx_word' id='word_1_87' title='bbox 1353 330 1429 361; x_wconf 91' lang='grc' dir='ltr'>ται,</span> <span class='ocrx_word' id='word_1_88' title='bbox 1459 314 1517 352; x_wconf 80' lang='grc' dir='ltr'>καὶ</span> <span class='ocrx_word' id='word_1_89' title='bbox 1538 314 1696 366; x_wconf 82' lang='grc' dir='ltr'>δόγματα</span> <span class='ocrx_word' id='word_1_90' title='bbox 1722 317 1814 367; x_wconf 81' lang='grc' dir='ltr'>αὐτῷ</span> <span class='ocrx_word' id='word_1_91' title='bbox 1841 314 2045 368; x_wconf 79' lang='grc' dir='ltr'>παρανοίγει</span> <span class='ocrx_word' id='word_1_92' title='bbox 2069 314 2113 354; x_wconf 84' lang='grc' dir='ltr'>τὰ</span> <span class='ocrx_word' id='word_1_93' title='bbox 2135 315 2266 369; x_wconf 73' lang='grc' dir='ltr'>σφόδρα</span> <span class='ocrx_word' id='word_1_94' title='bbox 2287 318 2375 368; x_wconf 58' lang='grc' dir='ltr'>ὖψψ</span> 
     </span>
     <span class='ocr_line' id='line_1_25' title="bbox 297 372 2375 429; baseline 0.002 -20"><span class='ocrx_word' id='word_1_95' title='bbox 297 372 356 410; x_wconf 88' lang='lat' dir='ltr'><strong>Illi</strong></span> <span class='ocrx_word' id='word_1_96' title='bbox 377 372 470 410; x_wconf 87' lang='lat' dir='ltr'><strong>enim</strong></span> <span class='ocrx_word' id='word_1_97' title='bbox 491 372 587 410; x_wconf 90' lang='lat' dir='ltr'><strong>omni</strong></span> <span class='ocrx_word' id='word_1_98' title='bbox 603 373 920 410; x_wconf 83' lang='lat' dir='ltr'><strong>suntexcusatione</strong></span> <span class='ocrx_word' id='word_1_99' title='bbox 935 373 1093 424; x_wconf 77' lang='lat' dir='ltr'><strong>indigni3</strong></span> <span class='ocrx_word' id='word_1_100' title='bbox 1117 373 1176 411; x_wconf 90' lang='lat' dir='ltr'>hic</span> <span class='ocrx_word' id='word_1_101' title='bbox 1194 387 1278 412; x_wconf 85' lang='lat' dir='ltr'><strong>vero</strong></span> <span class='ocrx_word' id='word_1_102' title='bbox 1353 374 1416 422; x_wconf 80' lang='grc' dir='ltr'>λὰ,</span> <span class='ocrx_word' id='word_1_103' title='bbox 1443 376 1706 426; x_wconf 69' lang='grc' dir='ltr'>αἰνιγματωδῶς</span> <span class='ocrx_word' id='word_1_104' title='bbox 1725 374 1807 425; x_wconf 81' lang='grc' dir='ltr'>μὲν,</span> <span class='ocrx_word' id='word_1_105' title='bbox 1829 375 2034 428; x_wconf 88' lang='grc' dir='ltr'>παρανοίγει</span> <span class='ocrx_word' id='word_1_106' title='bbox 2061 375 2096 414; x_wconf 82' lang='grc' dir='ltr'>δὲ</span> <span class='ocrx_word' id='word_1_107' title='bbox 2118 376 2223 426; x_wconf 81' lang='grc' dir='ltr'>ὅμως.</span> <span class='ocrx_word' id='word_1_108' title='bbox 2248 378 2375 429; x_wconf 85' lang='grc' dir='ltr'>Πολλῷ</span> 
     </span>
     <span class='ocr_line' id='line_1_26' title="bbox 297 429 2375 488; baseline 0.002 -18"><span class='ocrx_word' id='word_1_109' title='bbox 297 433 554 487; x_wconf 84' lang='lat' dir='ltr'><strong>improbandus</strong></span> <span class='ocrx_word' id='word_1_110' title='bbox 569 433 712 484; x_wconf 88' lang='lat' dir='ltr'><strong>quidem</strong></span> <span class='ocrx_word' id='word_1_111' title='bbox 728 443 816 483; x_wconf 76' lang='lat' dir='ltr'><strong>erat,</strong></span> <span class='ocrx_word' id='word_1_112' title='bbox 831 433 892 471; x_wconf 86' lang='lat' dir='ltr'>sed</span> <span class='ocrx_word' id='word_1_113' title='bbox 906 447 973 470; x_wconf 91' lang='lat' dir='ltr'>non</span> <span class='ocrx_word' id='word_1_114' title='bbox 995 442 1186 486; x_wconf 83' lang='lat' dir='ltr'><strong>tantopere.</strong></span> <span class='ocrx_word' id='word_1_115' title='bbox 1207 435 1279 472; x_wconf 87' lang='lat' dir='ltr'>Cur</span> <span class='ocrx_word' id='word_1_116' title='bbox 1354 433 1421 486; x_wconf 86' lang='grc' dir='ltr'>γὰρ</span> <span class='ocrx_word' id='word_1_117' title='bbox 1446 437 1576 486; x_wconf 84' lang='grc' dir='ltr'>μᾶλλον</span> <span class='ocrx_word' id='word_1_118' title='bbox 1601 429 1698 480; x_wconf 65' lang='grc' dir='ltr'>οἶτος</span> <span class='ocrx_word' id='word_1_119' title='bbox 1726 435 1932 488; x_wconf 82' lang='grc' dir='ltr'>συγγνώμης</span> <span class='ocrx_word' id='word_1_120' title='bbox 1956 436 2048 481; x_wconf 79' lang='grc' dir='ltr'>ἄξιος</span> <span class='ocrx_word' id='word_1_121' title='bbox 2070 431 2112 484; x_wconf 64' lang='grc' dir='ltr'>ἦν</span> <span class='ocrx_word' id='word_1_122' title='bbox 2138 439 2206 474; x_wconf 80' lang='grc' dir='ltr'>τῶν</span> <span class='ocrx_word' id='word_1_123' title='bbox 2227 436 2283 474; x_wconf 82' lang='grc' dir='ltr'>διὰ</span> <span class='ocrx_word' id='word_1_124' title='bbox 2311 453 2375 475; x_wconf 91' lang='grc' dir='ltr'>πο-</span> 
     </span>
     <span class='ocr_line' id='line_1_27' title="bbox 297 493 2375 551; baseline 0.001 -19"><span class='ocrx_word' id='word_1_125' title='bbox 297 509 380 546; x_wconf 87' lang='lat' dir='ltr'><strong>ergo</strong></span> <span class='ocrx_word' id='word_1_126' title='bbox 413 495 624 546; x_wconf 81' lang='lat' dir='ltr'><strong>evangelista</strong></span> <span class='ocrx_word' id='word_1_127' title='bbox 655 494 746 531; x_wconf 86' lang='lat' dir='ltr'>nihil</span> <span class='ocrx_word' id='word_1_128' title='bbox 774 494 843 531; x_wconf 86' lang='lat' dir='ltr'><strong>tale</strong></span> <span class='ocrx_word' id='word_1_129' title='bbox 869 493 913 531; x_wconf 87' lang='lat' dir='ltr'>de</span> <span class='ocrx_word' id='word_1_130' title='bbox 940 494 1001 531; x_wconf 90' lang='lat' dir='ltr'><strong>illo</strong></span> <span class='ocrx_word' id='word_1_131' title='bbox 1026 494 1152 532; x_wconf 78' lang='lat' dir='ltr'><strong>dixit?</strong></span> <span class='ocrx_word' id='word_1_132' title='bbox 1178 495 1281 533; x_wconf 86' lang='lat' dir='ltr'>Dixit</span> <span class='ocrx_word' id='word_1_133' title='bbox 1354 495 1476 548; x_wconf 88' lang='grc' dir='ltr'>νηρίαν</span> <span class='ocrx_word' id='word_1_134' title='bbox 1500 502 1599 535; x_wconf 75' lang='grc' dir='ltr'>τοῦτο</span> <span class='ocrx_word' id='word_1_135' title='bbox 1617 496 1818 535; x_wconf 83' lang='grc' dir='ltr'>ποιούντων.</span> <span class='ocrx_word' id='word_1_136' title='bbox 1835 497 1983 536; x_wconf 81' lang='grc' dir='ltr'>Ἐκεῖνοι</span> <span class='ocrx_word' id='word_1_137' title='bbox 2002 497 2062 549; x_wconf 79' lang='grc' dir='ltr'>μὲν</span> <span class='ocrx_word' id='word_1_138' title='bbox 2078 497 2146 551; x_wconf 82' lang='grc' dir='ltr'>γὰρ</span> <span class='ocrx_word' id='word_1_139' title='bbox 2159 497 2275 544; x_wconf 84' lang='grc' dir='ltr'>πάσης</span> <span class='ocrx_word' id='word_1_140' title='bbox 2291 497 2375 536; x_wconf 84' lang='grc' dir='ltr'>εἰσὶν</span> 
     </span>
     <span class='ocr_line' id='line_1_28' title="bbox 297 553 2377 632; baseline 0.001 -40"><span class='ocrx_word' id='word_1_141' title='bbox 297 555 441 606; x_wconf 87' lang='lat' dir='ltr'><strong>quidem</strong></span> <span class='ocrx_word' id='word_1_142' title='bbox 461 555 565 603; x_wconf 86' lang='lat' dir='ltr'><strong>alibi,</strong></span> <span class='ocrx_word' id='word_1_143' title='bbox 580 569 622 593; x_wconf 86' lang='lat' dir='ltr'>ex</span> <span class='ocrx_word' id='word_1_144' title='bbox 642 554 863 606; x_wconf 85' lang='lat' dir='ltr'><strong>principibus</strong></span> <span class='ocrx_word' id='word_1_145' title='bbox 885 554 1014 592; x_wconf 90' lang='lat' dir='ltr'><strong>multos</strong></span> <span class='ocrx_word' id='word_1_146' title='bbox 1029 555 1064 592; x_wconf 91' lang='lat' dir='ltr'><strong>in</strong></span> <span class='ocrx_word' id='word_1_147' title='bbox 1083 554 1187 593; x_wconf 89' lang='lat' dir='ltr'><strong>illum</strong></span> <span class='ocrx_word' id='word_1_148' title='bbox 1207 569 1279 593; x_wconf 79' lang='lat' dir='ltr'><strong>cre·</strong></span> <span class='ocrx_word' id='word_1_149' title='bbox 1351 557 1538 609; x_wconf 83' lang='grc' dir='ltr'>ἀπολογίας</span> <span class='ocrx_word' id='word_1_150' title='bbox 1566 558 1681 601; x_wconf 84' lang='grc' dir='ltr'>ἐκτός·</span> <span class='ocrx_word' id='word_1_151' title='bbox 1712 553 1808 601; x_wconf 63' lang='grc' dir='ltr'>οὗτος</span> <span class='ocrx_word' id='word_1_152' title='bbox 1827 556 1862 596; x_wconf 78' lang='grc' dir='ltr'>δὲ</span> <span class='ocrx_word' id='word_1_153' title='bbox 1893 558 1952 595; x_wconf 89' lang='grc' dir='ltr'>καὶ</span> <span class='ocrx_word' id='word_1_154' title='bbox 1987 559 2086 602; x_wconf 81' lang='grc' dir='ltr'>αὐτὸς</span> <span class='ocrx_word' id='word_1_155' title='bbox 2123 556 2377 632; x_wconf 83' lang='grc' dir='ltr'>καταγνώσεως</span> 
     </span>
     <span class='ocr_line' id='line_1_29' title="bbox 296 614 2375 669; baseline 0 -15"><span class='ocrx_word' id='word_1_156' title='bbox 296 617 445 663; x_wconf 79' lang='lat' dir='ltr'><strong>didisse3</strong></span> <span class='ocrx_word' id='word_1_157' title='bbox 468 616 528 654; x_wconf 89' lang='lat' dir='ltr'>scd</span> <span class='ocrx_word' id='word_1_158' title='bbox 553 625 696 668; x_wconf 83' lang='lat' dir='ltr'><strong>propter</strong></span> <span class='ocrx_word' id='word_1_159' title='bbox 716 614 860 654; x_wconf 81' lang='lat' dir='ltr'><strong>Judaeos</strong></span> <span class='ocrx_word' id='word_1_160' title='bbox 883 628 952 653; x_wconf 88' lang='lat' dir='ltr'>non</span> <span class='ocrx_word' id='word_1_161' title='bbox 978 615 1081 654; x_wconf 89' lang='lat' dir='ltr'><strong>illum</strong></span> <span class='ocrx_word' id='word_1_162' title='bbox 1107 616 1280 655; x_wconf 88' lang='lat' dir='ltr'><strong>confessos</strong></span> <span class='ocrx_word' id='word_1_163' title='bbox 1351 616 1413 667; x_wconf 78' lang='grc' dir='ltr'>μὲν</span> <span class='ocrx_word' id='word_1_164' title='bbox 1441 618 1623 661; x_wconf 75' lang='grc' dir='ltr'>ὑπεύθυνος</span> <span class='ocrx_word' id='word_1_165' title='bbox 1641 623 1696 666; x_wconf 86' lang='grc' dir='ltr'>ἠν,</span> <span class='ocrx_word' id='word_1_166' title='bbox 1719 620 1756 657; x_wconf 81' lang='grc' dir='ltr'>οὗ</span> <span class='ocrx_word' id='word_1_167' title='bbox 1783 618 1851 669; x_wconf 81' lang='grc' dir='ltr'>μὴν</span> <span class='ocrx_word' id='word_1_168' title='bbox 1871 617 2053 665; x_wconf 84' lang='grc' dir='ltr'>τοσαύτης.</span> <span class='ocrx_word' id='word_1_169' title='bbox 2076 620 2160 662; x_wconf 91' lang='grc' dir='ltr'>Πως</span> <span class='ocrx_word' id='word_1_170' title='bbox 2193 634 2249 657; x_wconf 76' lang='grc' dir='ltr'>ων</span> <span class='ocrx_word' id='word_1_171' title='bbox 2277 621 2296 656; x_wconf 84' lang='grc' dir='ltr'>ὃ</span> <span class='ocrx_word' id='word_1_172' title='bbox 2315 619 2375 656; x_wconf 83' lang='grc' dir='ltr'>εὖ-</span> 
     </span>
     <span class='ocr_line' id='line_1_30' title="bbox 297 674 2373 753; baseline 0.001 -38"><span class='ocrx_word' id='word_1_173' title='bbox 297 691 389 722; x_wconf 85' lang='lat' dir='ltr'><strong>esse,</strong></span> <span class='ocrx_word' id='word_1_174' title='bbox 421 692 463 715; x_wconf 85' lang='lat' dir='ltr'>ne</span> <span class='ocrx_word' id='word_1_175' title='bbox 486 686 585 714; x_wconf 76' lang='lat' dir='ltr'><strong>extra</strong></span> <span class='ocrx_word' id='word_1_176' title='bbox 613 689 832 728; x_wconf 80' lang='lat' dir='ltr'><strong>synagogam</strong></span> <span class='ocrx_word' id='word_1_177' title='bbox 855 675 1077 728; x_wconf 83' lang='lat' dir='ltr'><strong>ejicerentur.</strong></span> <span class='ocrx_word' id='word_1_178' title='bbox 1105 676 1173 714; x_wconf 90' lang='lat' dir='ltr'><strong>Hic</strong></span> <span class='ocrx_word' id='word_1_179' title='bbox 1197 689 1280 716; x_wconf 84' lang='lat' dir='ltr'><strong>vero</strong></span> <span class='ocrx_word' id='word_1_180' title='bbox 1351 678 1556 753; x_wconf 80' lang='grc' dir='ltr'>αγγελιστὴς</span> <span class='ocrx_word' id='word_1_181' title='bbox 1569 678 1662 718; x_wconf 76' lang='grc' dir='ltr'>ουδὲν</span> <span class='ocrx_word' id='word_1_182' title='bbox 1689 685 1839 718; x_wconf 77' lang='grc' dir='ltr'>τοιοῦτον</span> <span class='ocrx_word' id='word_1_183' title='bbox 1863 683 1938 718; x_wconf 86' lang='grc' dir='ltr'>εἰπε</span> <span class='ocrx_word' id='word_1_184' title='bbox 1957 679 2036 733; x_wconf 85' lang='grc' dir='ltr'>περὶ</span> <span class='ocrx_word' id='word_1_185' title='bbox 2057 681 2180 727; x_wconf 70' lang='grc' dir='ltr'>αὐτοῦ,</span> <span class='ocrx_word' id='word_1_186' title='bbox 2200 674 2290 718; x_wconf 81' lang='grc' dir='ltr'>Εἰπε</span> <span class='ocrx_word' id='word_1_187' title='bbox 2311 679 2373 731; x_wconf 84' lang='grc' dir='ltr'>μὲν</span> 
     </span>
     <span class='ocr_line' id='line_1_31' title="bbox 295 735 2379 793; baseline 0.001 -17"><span class='ocrx_word' id='word_1_188' title='bbox 295 738 412 776; x_wconf 88' lang='lat' dir='ltr'><strong>omnia</strong></span> <span class='ocrx_word' id='word_1_189' title='bbox 436 738 500 775; x_wconf 83' lang='lat' dir='ltr'><strong>ista</strong></span> <span class='ocrx_word' id='word_1_190' title='bbox 528 751 588 789; x_wconf 83' lang='lat' dir='ltr'>per</span> <span class='ocrx_word' id='word_1_191' title='bbox 606 737 709 774; x_wconf 86' lang='lat' dir='ltr'><strong>illum</strong></span> <span class='ocrx_word' id='word_1_192' title='bbox 734 745 838 774; x_wconf 84' lang='lat' dir='ltr'><strong>noctu</strong></span> <span class='ocrx_word' id='word_1_193' title='bbox 865 735 1003 774; x_wconf 86' lang='lat' dir='ltr'><strong>aditum</strong></span> <span class='ocrx_word' id='word_1_194' title='bbox 1024 736 1277 776; x_wconf 81' lang='lat' dir='ltr'>subindicavit.</span> <span class='ocrx_word' id='word_1_195' title='bbox 1350 741 1406 776; x_wconf 85' lang='grc' dir='ltr'>οὖν</span> <span class='ocrx_word' id='word_1_196' title='bbox 1437 741 1607 792; x_wconf 75' lang='grc' dir='ltr'>ἀλλαχοῦ,</span> <span class='ocrx_word' id='word_1_197' title='bbox 1631 743 1682 779; x_wconf 80' lang='grc' dir='ltr'>ὅτι</span> <span class='ocrx_word' id='word_1_198' title='bbox 1716 741 1775 779; x_wconf 81' lang='grc' dir='ltr'>καὶ</span> <span class='ocrx_word' id='word_1_199' title='bbox 1795 757 1834 779; x_wconf 92' lang='grc' dir='ltr'>εκ</span> <span class='ocrx_word' id='word_1_200' title='bbox 1853 744 1921 779; x_wconf 87' lang='grc' dir='ltr'>τῶν</span> <span class='ocrx_word' id='word_1_201' title='bbox 1944 741 2120 793; x_wconf 75' lang='grc' dir='ltr'>ἀρχόντων</span> <span class='ocrx_word' id='word_1_202' title='bbox 2153 740 2275 779; x_wconf 82' lang='grc' dir='ltr'>πολλοὶ</span> <span class='ocrx_word' id='word_1_203' title='bbox 2300 740 2379 779; x_wconf 84' lang='grc' dir='ltr'>ἐπί-</span> 
     </span>
     <span class='ocr_line' id='line_1_32' title="bbox 294 799 2375 853; baseline 0.002 -18"><span class='ocrx_word' id='word_1_204' title='bbox 294 799 392 846; x_wconf 86' lang='lat' dir='ltr'><strong>Quid</strong></span> <span class='ocrx_word' id='word_1_205' title='bbox 414 813 496 850; x_wconf 85' lang='lat' dir='ltr'><strong>ergo</strong></span> <span class='ocrx_word' id='word_1_206' title='bbox 514 799 590 836; x_wconf 73' lang='lat' dir='ltr'><strong>ait?</strong></span> <span class='ocrx_word' id='word_1_207' title='bbox 608 800 747 845; x_wconf 81' lang='lat' dir='ltr'><em>Rabbi,</em></span> <span class='ocrx_word' id='word_1_208' title='bbox 772 801 911 837; x_wconf 80' lang='lat' dir='ltr'><strong>scimus</strong></span> <span class='ocrx_word' id='word_1_209' title='bbox 941 800 1045 851; x_wconf 81' lang='lat' dir='ltr'>quod</span> <span class='ocrx_word' id='word_1_210' title='bbox 1063 813 1087 836; x_wconf 84' lang='lat' dir='ltr'><strong><em>a</em></strong></span> <span class='ocrx_word' id='word_1_211' title='bbox 1107 801 1190 837; x_wconf 82' lang='lat' dir='ltr'>Deo</span> <span class='ocrx_word' id='word_1_212' title='bbox 1212 814 1280 837; x_wconf 75' lang='lat' dir='ltr'>ve-</span> <span class='ocrx_word' id='word_1_213' title='bbox 1350 813 1494 837; x_wconf 88' lang='grc' dir='ltr'>στευσαν</span> <span class='ocrx_word' id='word_1_214' title='bbox 1513 802 1559 844; x_wconf 88' lang='grc' dir='ltr'>εἷς</span> <span class='ocrx_word' id='word_1_215' title='bbox 1579 800 1702 839; x_wconf 80' lang='grc' dir='ltr'>αὐτόν·</span> <span class='ocrx_word' id='word_1_216' title='bbox 1724 801 1819 840; x_wconf 84' lang='grc' dir='ltr'>διὰ</span> <span class='ocrx_word' id='word_1_217' title='bbox 1801 801 1836 840; x_wconf 79' lang='grc' dir='ltr'>οὲ</span> <span class='ocrx_word' id='word_1_218' title='bbox 1856 802 1934 846; x_wconf 90' lang='grc' dir='ltr'>τους</span> <span class='ocrx_word' id='word_1_219' title='bbox 1954 801 2140 845; x_wconf 83' lang='grc' dir='ltr'>Ἰουδαίους</span> <span class='ocrx_word' id='word_1_220' title='bbox 2166 803 2230 853; x_wconf 81' lang='grc' dir='ltr'>οὐχ</span> <span class='ocrx_word' id='word_1_221' title='bbox 2243 801 2375 852; x_wconf 83' lang='grc' dir='ltr'>ὡμολό-</span> 
     </span>
     <span class='ocr_line' id='line_1_33' title="bbox 296 860 2375 916; baseline 0.001 -18"><span class='ocrx_word' id='word_1_222' title='bbox 296 863 386 898; x_wconf 78' lang='lat' dir='ltr'><strong>nisti</strong></span> <span class='ocrx_word' id='word_1_223' title='bbox 405 863 588 912; x_wconf 79' lang='lat' dir='ltr'><strong>magister</strong></span> <span class='ocrx_word' id='word_1_224' title='bbox 607 876 620 897; x_wconf 88' lang='lat'><em>:</em></span> <span class='ocrx_word' id='word_1_225' title='bbox 643 873 753 898; x_wconf 85' lang='lat' dir='ltr'><strong>nemo</strong></span> <span class='ocrx_word' id='word_1_226' title='bbox 773 863 876 897; x_wconf 83' lang='lat' dir='ltr'><strong>enim</strong></span> <span class='ocrx_word' id='word_1_227' title='bbox 895 869 1020 912; x_wconf 75' lang='lat' dir='ltr'><strong>potest</strong></span> <span class='ocrx_word' id='word_1_228' title='bbox 1034 862 1175 913; x_wconf 80' lang='lat' dir='ltr'>facere</span> <span class='ocrx_word' id='word_1_229' title='bbox 1199 863 1279 900; x_wconf 79' lang='lat' dir='ltr'>haec</span> <span class='ocrx_word' id='word_1_230' title='bbox 1349 876 1442 911; x_wconf 91' lang='grc' dir='ltr'>γουν,</span> <span class='ocrx_word' id='word_1_231' title='bbox 1464 860 1520 899; x_wconf 80' lang='grc' dir='ltr'>ἵνα</span> <span class='ocrx_word' id='word_1_232' title='bbox 1554 861 1601 912; x_wconf 85' lang='grc' dir='ltr'>μὴ</span> <span class='ocrx_word' id='word_1_233' title='bbox 1631 863 1894 915; x_wconf 82' lang='grc' dir='ltr'>ἀποσυνάγωγοι</span> <span class='ocrx_word' id='word_1_234' title='bbox 1908 863 2096 916; x_wconf 81' lang='grc' dir='ltr'>γένωνται·</span> <span class='ocrx_word' id='word_1_235' title='bbox 2117 865 2261 901; x_wconf 80' lang='grc' dir='ltr'>ἐνταυΟα</span> <span class='ocrx_word' id='word_1_236' title='bbox 2281 861 2317 901; x_wconf 82' lang='grc' dir='ltr'>δε</span> <span class='ocrx_word' id='word_1_237' title='bbox 2335 862 2375 900; x_wconf 81' lang='grc' dir='ltr'>τὸ</span> 
     </span>
     <span class='ocr_line' id='line_1_34' title="bbox 294 921 2374 976; baseline 0 -17"><span class='ocrx_word' id='word_1_238' title='bbox 294 924 405 973; x_wconf 82' lang='lat' dir='ltr'><strong>signa</strong></span> <span class='ocrx_word' id='word_1_239' title='bbox 425 935 509 972; x_wconf 80' lang='lat' dir='ltr'>quae</span> <span class='ocrx_word' id='word_1_240' title='bbox 537 930 576 960; x_wconf 81' lang='lat' dir='ltr'><strong>tu</strong></span> <span class='ocrx_word' id='word_1_241' title='bbox 600 922 720 974; x_wconf 78' lang='lat' dir='ltr'><strong>sacis,</strong></span> <span class='ocrx_word' id='word_1_242' title='bbox 746 923 819 960; x_wconf 79' lang='lat' dir='ltr'><strong>nisi</strong></span> <span class='ocrx_word' id='word_1_243' title='bbox 826 922 954 974; x_wconf 77' lang='lat' dir='ltr'><strong>fuerit</strong></span> <span class='ocrx_word' id='word_1_244' title='bbox 980 922 1086 960; x_wconf 77' lang='lat' dir='ltr'>Deus</span> <span class='ocrx_word' id='word_1_245' title='bbox 1108 935 1195 960; x_wconf 82' lang='lat' dir='ltr'>cum</span> <span class='ocrx_word' id='word_1_246' title='bbox 1218 935 1275 961; x_wconf 78' lang='lat' dir='ltr'>eo</span> <span class='ocrx_word' id='word_1_247' title='bbox 1349 927 1417 959; x_wconf 83' lang='grc' dir='ltr'>πᾶν</span> <span class='ocrx_word' id='word_1_248' title='bbox 1439 921 1494 959; x_wconf 83' lang='grc' dir='ltr'>διὰ</span> <span class='ocrx_word' id='word_1_249' title='bbox 1513 925 1575 969; x_wconf 78' lang='grc' dir='ltr'>της</span> <span class='ocrx_word' id='word_1_250' title='bbox 1602 923 1692 962; x_wconf 81' lang='grc' dir='ltr'>κατὰ</span> <span class='ocrx_word' id='word_1_251' title='bbox 1713 924 1775 971; x_wconf 82' lang='grc' dir='ltr'>τὴν</span> <span class='ocrx_word' id='word_1_252' title='bbox 1795 923 1901 962; x_wconf 79' lang='grc' dir='ltr'>νύκτα</span> <span class='ocrx_word' id='word_1_253' title='bbox 1933 923 2126 976; x_wconf 82' lang='grc' dir='ltr'>παρουσίας</span> <span class='ocrx_word' id='word_1_254' title='bbox 2154 923 2305 975; x_wconf 81' lang='grc' dir='ltr'>ᾐνίξατο.</span> <span class='ocrx_word' id='word_1_255' title='bbox 2326 923 2374 961; x_wconf 89' lang='grc' dir='ltr'>Τί</span> 
     </span>
     <span class='ocr_line' id='line_1_35' title="bbox 1306 977 2374 1036; baseline 0.002 -16"><span class='ocrx_word' id='word_1_256' title='bbox 1306 993 1328 1024; x_wconf 82' lang='grc' dir='ltr'>Ε</span> <span class='ocrx_word' id='word_1_257' title='bbox 1350 985 1407 1020; x_wconf 82' lang='grc' dir='ltr'>οὖν</span> <span class='ocrx_word' id='word_1_258' title='bbox 1437 977 1534 1026; x_wconf 78' lang='grc' dir='ltr'>οὗτός</span> <span class='ocrx_word' id='word_1_259' title='bbox 1558 999 1664 1035; x_wconf 73' lang='grc' dir='ltr'>φησι,</span> <span class='ocrx_word' id='word_1_260' title='bbox 1679 983 1808 1022; x_wconf 59' lang='lat' dir='ltr'>Pae&amp;</span> <span class='ocrx_word' id='word_1_261' title='bbox 1819 985 1985 1036; x_wconf 79' lang='grc' dir='ltr'>,οἴδαμεν</span> <span class='ocrx_word' id='word_1_262' title='bbox 2013 984 2065 1023; x_wconf 75' lang='grc' dir='ltr'>ὅτι</span> <span class='ocrx_word' id='word_1_263' title='bbox 2091 985 2160 1023; x_wconf 85' lang='grc' dir='ltr'>ἀπο</span> <span class='ocrx_word' id='word_1_264' title='bbox 2178 986 2269 1023; x_wconf 86' lang='grc' dir='ltr'>Θεου</span> <span class='ocrx_word' id='word_1_265' title='bbox 2291 983 2374 1030; x_wconf 80' lang='grc' dir='ltr'>ἐλή-</span> 
     </span>
     <span class='ocr_line' id='line_1_36' title="bbox 1349 1044 2371 1098; baseline 0.002 -18"><span class='ocrx_word' id='word_1_266' title='bbox 1349 1045 1452 1086; x_wconf 89' lang='grc' dir='ltr'>λυΟας</span> <span class='ocrx_word' id='word_1_267' title='bbox 1479 1045 1704 1088; x_wconf 81' lang='grc' dir='ltr'>διδάσκαλος</span> <span class='ocrx_word' id='word_1_268' title='bbox 1738 1046 1846 1089; x_wconf 80' lang='grc' dir='ltr'>οὐδεὶς</span> <span class='ocrx_word' id='word_1_269' title='bbox 1864 1046 1931 1098; x_wconf 80' lang='grc' dir='ltr'>γὰρ</span> <span class='ocrx_word' id='word_1_270' title='bbox 1949 1050 2058 1084; x_wconf 79' lang='grc' dir='ltr'>ταῦτα</span> <span class='ocrx_word' id='word_1_271' title='bbox 2090 1045 2134 1084; x_wconf 88' lang='grc' dir='ltr'>τα</span> <span class='ocrx_word' id='word_1_272' title='bbox 2163 1051 2293 1096; x_wconf 83' lang='grc' dir='ltr'>σημεῖα</span> <span class='ocrx_word' id='word_1_273' title='bbox 2316 1044 2371 1083; x_wconf 79' lang='grc' dir='ltr'>δύ-</span> 
     </span>
     <span class='ocr_line' id='line_1_37' title="bbox 1348 1102 2370 1160; baseline 0.002 -19"><span class='ocrx_word' id='word_1_274' title='bbox 1348 1119 1449 1142; x_wconf 87' lang='grc' dir='ltr'>ναται</span> <span class='ocrx_word' id='word_1_275' title='bbox 1469 1108 1633 1153; x_wconf 80' lang='grc' dir='ltr'>ποιῆσαι,</span> <span class='ocrx_word' id='word_1_276' title='bbox 1661 1106 1682 1143; x_wconf 84' lang='grc' dir='ltr'>ἃ</span> <span class='ocrx_word' id='word_1_277' title='bbox 1709 1105 1748 1144; x_wconf 78' lang='grc' dir='ltr'>σὺ</span> <span class='ocrx_word' id='word_1_278' title='bbox 1763 1113 1889 1155; x_wconf 86' lang='grc' dir='ltr'>ποιεῖς,</span> <span class='ocrx_word' id='word_1_279' title='bbox 1919 1107 1977 1146; x_wconf 80' lang='grc' dir='ltr'>ἐὰν</span> <span class='ocrx_word' id='word_1_280' title='bbox 2008 1107 2056 1158; x_wconf 85' lang='grc' dir='ltr'>μὴ</span> <span class='ocrx_word' id='word_1_281' title='bbox 2081 1102 2103 1160; x_wconf 65' lang='grc' dir='ltr'>ἦ</span> <span class='ocrx_word' id='word_1_282' title='bbox 2134 1111 2151 1146; x_wconf 87' lang='grc' dir='ltr'><em>ὃ</em></span> <span class='ocrx_word' id='word_1_283' title='bbox 2180 1107 2268 1150; x_wconf 79' lang='grc' dir='ltr'>Θεὸς</span> <span class='ocrx_word' id='word_1_284' title='bbox 2296 1108 2370 1157; x_wconf 88' lang='grc' dir='ltr'>μετ’</span> 
     </span>
    </p>

    <p class='ocr_par' dir='ltr' id='par_1_20' title="bbox 1349 1165 1465 1203">
     <span class='ocr_line' id='line_1_38' title="bbox 1349 1165 1465 1203; baseline 0.009 -1"><span class='ocrx_word' id='word_1_285' title='bbox 1349 1165 1465 1203; x_wconf 79' lang='grc' dir='ltr'>αὐτοῦ.</span> 
     </span>
    </p>

    <p class='ocr_par' dir='ltr' id='par_1_21' title="bbox 286 1226 2373 1713">
     <span class='ocr_line' id='line_1_39' title="bbox 345 1226 2372 1288; baseline 0.002 -24"><span class='ocrx_word' id='word_1_286' title='bbox 345 1229 382 1265; x_wconf 78' lang='lat'>2.</span> <span class='ocrx_word' id='word_1_287' title='bbox 401 1226 528 1265; x_wconf 85' lang='lat' dir='ltr'><strong>Adhuc</strong></span> <span class='ocrx_word' id='word_1_288' title='bbox 544 1228 576 1265; x_wconf 85' lang='grc' dir='ltr'><strong>Ν</strong></span> <span class='ocrx_word' id='word_1_289' title='bbox 581 1227 760 1265; x_wconf 84' lang='lat' dir='ltr'><strong>icodemus</strong></span> <span class='ocrx_word' id='word_1_290' title='bbox 774 1227 875 1265; x_wconf 87' lang='lat' dir='ltr'><strong>humi</strong></span> <span class='ocrx_word' id='word_1_291' title='bbox 892 1229 1002 1280; x_wconf 76' lang='lat' dir='ltr'><strong>repit,</strong></span> <span class='ocrx_word' id='word_1_292' title='bbox 1020 1228 1138 1266; x_wconf 86' lang='lat' dir='ltr'><strong>adhuc</strong></span> <span class='ocrx_word' id='word_1_293' title='bbox 1151 1228 1277 1266; x_wconf 83' lang='lat' dir='ltr'><strong>huma-</strong></span> <span class='ocrx_word' id='word_1_294' title='bbox 1399 1231 1481 1270; x_wconf 87' lang='grc' dir='ltr'>Ἔτι</span> <span class='ocrx_word' id='word_1_295' title='bbox 1493 1233 1588 1271; x_wconf 83' lang='grc' dir='ltr'>κάτω</span> <span class='ocrx_word' id='word_1_296' title='bbox 1603 1233 1786 1288; x_wconf 76' lang='grc' dir='ltr'>στρέφεται</span> <span class='ocrx_word' id='word_1_297' title='bbox 1810 1238 1828 1273; x_wconf 84' lang='grc' dir='ltr'><strong><em>ὃ</em></strong></span> <span class='ocrx_word' id='word_1_298' title='bbox 1847 1235 2064 1286; x_wconf 78' lang='grc' dir='ltr'>Νικόδημος,</span> <span class='ocrx_word' id='word_1_299' title='bbox 2080 1235 2130 1273; x_wconf 84' lang='grc' dir='ltr'>ἔτι</span> <span class='ocrx_word' id='word_1_300' title='bbox 2153 1233 2372 1287; x_wconf 87' lang='grc' dir='ltr'>ἀνθρωπίνην</span> 
     </span>
     <span class='ocr_line' id='line_1_40' title="bbox 291 1289 2373 1349; baseline 0.003 -23"><span class='ocrx_word' id='word_1_301' title='bbox 291 1303 373 1326; x_wconf 85' lang='lat' dir='ltr'><strong>nam</strong></span> <span class='ocrx_word' id='word_1_302' title='bbox 387 1289 430 1326; x_wconf 90' lang='lat' dir='ltr'>de</span> <span class='ocrx_word' id='word_1_303' title='bbox 442 1289 584 1327; x_wconf 85' lang='lat' dir='ltr'><strong>Christo</strong></span> <span class='ocrx_word' id='word_1_304' title='bbox 595 1289 801 1327; x_wconf 82' lang='lat' dir='ltr'><strong>sententiam</strong></span> <span class='ocrx_word' id='word_1_305' title='bbox 814 1289 933 1339; x_wconf 79' lang='lat' dir='ltr'><strong>habet,</strong></span> <span class='ocrx_word' id='word_1_306' title='bbox 947 1290 1033 1328; x_wconf 85' lang='lat' dir='ltr'><strong>etde</strong></span> <span class='ocrx_word' id='word_1_307' title='bbox 1047 1290 1109 1328; x_wconf 89' lang='lat' dir='ltr'><strong>illo</strong></span> <span class='ocrx_word' id='word_1_308' title='bbox 1121 1289 1221 1341; x_wconf 82' lang='lat' dir='ltr'><strong>quasi</strong></span> <span class='ocrx_word' id='word_1_309' title='bbox 1233 1289 1277 1327; x_wconf 82' lang='lat' dir='ltr'>dc</span> <span class='ocrx_word' id='word_1_310' title='bbox 1347 1294 1419 1346; x_wconf 66' lang='grc' dir='ltr'>ἔχει</span> <span class='ocrx_word' id='word_1_311' title='bbox 1441 1294 1520 1346; x_wconf 75' lang='grc' dir='ltr'>περὶ</span> <span class='ocrx_word' id='word_1_312' title='bbox 1536 1297 1639 1334; x_wconf 75' lang='grc' dir='ltr'>αὐτοῦ</span> <span class='ocrx_word' id='word_1_313' title='bbox 1655 1295 1820 1344; x_wconf 81' lang='grc' dir='ltr'>διάνοιαν,</span> <span class='ocrx_word' id='word_1_314' title='bbox 1844 1296 1904 1335; x_wconf 77' lang='grc' dir='ltr'>καὶ</span> <span class='ocrx_word' id='word_1_315' title='bbox 1929 1299 1976 1340; x_wconf 80' lang='grc' dir='ltr'>ὣς</span> <span class='ocrx_word' id='word_1_316' title='bbox 1996 1296 2076 1349; x_wconf 84' lang='grc' dir='ltr'>περὶ</span> <span class='ocrx_word' id='word_1_317' title='bbox 2103 1296 2280 1347; x_wconf 59' lang='grc' dir='ltr'>προφήτου</span> <span class='ocrx_word' id='word_1_318' title='bbox 2300 1296 2373 1333; x_wconf 86' lang='grc' dir='ltr'>δια-</span> 
     </span>
     <span class='ocr_line' id='line_1_41' title="bbox 288 1350 2370 1408; baseline 0.004 -22"><span class='ocrx_word' id='word_1_319' title='bbox 288 1350 459 1402; x_wconf 85' lang='lat' dir='ltr'><strong>propheta</strong></span> <span class='ocrx_word' id='word_1_320' title='bbox 472 1350 640 1401; x_wconf 80' lang='lat' dir='ltr'><strong>loquitur,</strong></span> <span class='ocrx_word' id='word_1_321' title='bbox 651 1350 741 1387; x_wconf 89' lang='lat' dir='ltr'><strong>nihil</strong></span> <span class='ocrx_word' id='word_1_322' title='bbox 754 1350 867 1388; x_wconf 80' lang='lat' dir='ltr'><strong>altum</strong></span> <span class='ocrx_word' id='word_1_323' title='bbox 879 1365 923 1388; x_wconf 74' lang='lat' dir='ltr'>ex</span> <span class='ocrx_word' id='word_1_324' title='bbox 937 1351 1047 1402; x_wconf 81' lang='lat' dir='ltr'><strong>signis</strong></span> <span class='ocrx_word' id='word_1_325' title='bbox 1061 1352 1272 1404; x_wconf 82' lang='lat' dir='ltr'><strong>conjectans.</strong></span> <span class='ocrx_word' id='word_1_326' title='bbox 1346 1354 1504 1407; x_wconf 82' lang='grc' dir='ltr'>λέγεται,</span> <span class='ocrx_word' id='word_1_327' title='bbox 1528 1355 1622 1394; x_wconf 78' lang='grc' dir='ltr'>οὐδὲν</span> <span class='ocrx_word' id='word_1_328' title='bbox 1646 1356 1736 1408; x_wconf 85' lang='grc' dir='ltr'>μέγα</span> <span class='ocrx_word' id='word_1_329' title='bbox 1755 1357 1824 1396; x_wconf 77' lang='grc' dir='ltr'>ἀπὸ</span> <span class='ocrx_word' id='word_1_330' title='bbox 1837 1360 1905 1395; x_wconf 86' lang='grc' dir='ltr'>τῶν</span> <span class='ocrx_word' id='word_1_331' title='bbox 1928 1356 2082 1408; x_wconf 84' lang='grc' dir='ltr'>σημείων</span> <span class='ocrx_word' id='word_1_332' title='bbox 2105 1355 2370 1408; x_wconf 82' lang='grc' dir='ltr'>φανταζόμενος.</span> 
     </span>
     <span class='ocr_line' id='line_1_42' title="bbox 288 1411 2370 1470; baseline 0.004 -23"><span class='ocrx_word' id='word_1_333' title='bbox 288 1411 448 1456; x_wconf 79' lang='lat' dir='ltr'>Scimus,</span> <span class='ocrx_word' id='word_1_334' title='bbox 478 1411 607 1462; x_wconf 81' lang='lat' dir='ltr'><strong>inquit,</strong></span> <span class='ocrx_word' id='word_1_335' title='bbox 627 1412 731 1462; x_wconf 80' lang='lat' dir='ltr'>quod</span> <span class='ocrx_word' id='word_1_336' title='bbox 752 1425 777 1448; x_wconf 78' lang='lat' dir='ltr'><em>a</em></span> <span class='ocrx_word' id='word_1_337' title='bbox 801 1412 884 1449; x_wconf 85' lang='lat' dir='ltr'>Deo</span> <span class='ocrx_word' id='word_1_338' title='bbox 912 1415 1056 1450; x_wconf 74' lang='lat' dir='ltr'><strong>venisti</strong></span> <span class='ocrx_word' id='word_1_339' title='bbox 1077 1414 1272 1464; x_wconf 81' lang='lat' dir='ltr'><strong>magister.</strong></span> <span class='ocrx_word' id='word_1_340' title='bbox 1346 1416 1514 1467; x_wconf 79' lang='grc' dir='ltr'>Οἴδαμεν,</span> <span class='ocrx_word' id='word_1_341' title='bbox 1535 1417 1651 1470; x_wconf 79' lang='grc' dir='ltr'>φησὶν,</span> <span class='ocrx_word' id='word_1_342' title='bbox 1677 1417 1729 1456; x_wconf 79' lang='grc' dir='ltr'>ὅτι</span> <span class='ocrx_word' id='word_1_343' title='bbox 1750 1419 1818 1457; x_wconf 81' lang='grc' dir='ltr'>ἀπὸ</span> <span class='ocrx_word' id='word_1_344' title='bbox 1837 1421 1928 1457; x_wconf 72' lang='grc' dir='ltr'>Θεοῦ</span> <span class='ocrx_word' id='word_1_345' title='bbox 1957 1418 2124 1465; x_wconf 78' lang='grc' dir='ltr'>ἐλήλυθας</span> <span class='ocrx_word' id='word_1_346' title='bbox 2153 1417 2370 1460; x_wconf 83' lang='grc' dir='ltr'>διδάσκαλος.</span> 
     </span>
     <span class='ocr_line' id='line_1_43' title="bbox 289 1472 2372 1532; baseline 0.002 -23"><span class='ocrx_word' id='word_1_347' title='bbox 289 1472 363 1509; x_wconf 84' lang='lat' dir='ltr'>Cur</span> <span class='ocrx_word' id='word_1_348' title='bbox 383 1486 465 1524; x_wconf 83' lang='lat' dir='ltr'><strong>ergo</strong></span> <span class='ocrx_word' id='word_1_349' title='bbox 488 1482 595 1510; x_wconf 83' lang='lat' dir='ltr'><strong>noctu</strong></span> <span class='ocrx_word' id='word_1_350' title='bbox 611 1481 644 1510; x_wconf 86' lang='lat' dir='ltr'><strong>et</strong></span> <span class='ocrx_word' id='word_1_351' title='bbox 663 1472 755 1509; x_wconf 80' lang='lat' dir='ltr'><strong>clam</strong></span> <span class='ocrx_word' id='word_1_352' title='bbox 774 1473 874 1511; x_wconf 80' lang='lat' dir='ltr'><strong>venis</strong></span> <span class='ocrx_word' id='word_1_353' title='bbox 899 1473 944 1511; x_wconf 86' lang='lat' dir='ltr'>ad</span> <span class='ocrx_word' id='word_1_354' title='bbox 971 1487 1051 1512; x_wconf 86' lang='lat' dir='ltr'><strong>eum</strong></span> <span class='ocrx_word' id='word_1_355' title='bbox 1072 1473 1134 1525; x_wconf 90' lang='lat' dir='ltr'><strong>qui</strong></span> <span class='ocrx_word' id='word_1_356' title='bbox 1153 1473 1276 1512; x_wconf 88' lang='lat' dir='ltr'><strong>divina</strong></span> <span class='ocrx_word' id='word_1_357' title='bbox 1289 1505 1336 1530; x_wconf 67' lang='lat'>139</span> <span class='ocrx_word' id='word_1_358' title='bbox 1347 1477 1395 1515; x_wconf 92' lang='grc' dir='ltr'>Τί</span> <span class='ocrx_word' id='word_1_359' title='bbox 1427 1472 1483 1516; x_wconf 64' lang='grc' dir='ltr'>οὖν</span> <span class='ocrx_word' id='word_1_360' title='bbox 1506 1478 1525 1498; x_wconf 81' lang='lat'>*</span> <span class='ocrx_word' id='word_1_361' title='bbox 1539 1479 1659 1522; x_wconf 74' lang='grc' dir='ltr'>νυκτὸς</span> <span class='ocrx_word' id='word_1_362' title='bbox 1683 1479 1767 1532; x_wconf 66' lang='grc' dir='ltr'>ἔρχῃ</span> <span class='ocrx_word' id='word_1_363' title='bbox 1792 1478 1850 1517; x_wconf 77' lang='grc' dir='ltr'>καὶ</span> <span class='ocrx_word' id='word_1_364' title='bbox 1869 1479 2046 1517; x_wconf 71' lang='grc' dir='ltr'>λανθάνων</span> <span class='ocrx_word' id='word_1_365' title='bbox 2071 1478 2156 1532; x_wconf 74' lang='grc' dir='ltr'>πρὸς</span> <span class='ocrx_word' id='word_1_366' title='bbox 2175 1478 2232 1517; x_wconf 82' lang='grc' dir='ltr'>τὸν</span> <span class='ocrx_word' id='word_1_367' title='bbox 2251 1477 2295 1515; x_wconf 81' lang='grc' dir='ltr'>τὰ</span> <span class='ocrx_word' id='word_1_368' title='bbox 2313 1482 2372 1516; x_wconf 76' lang='grc' dir='ltr'>τοῦ</span> 
     </span>
     <span class='ocr_line' id='line_1_44' title="bbox 286 1534 2371 1594; baseline 0.001 -23"><span class='ocrx_word' id='word_1_369' title='bbox 286 1534 459 1584; x_wconf 83' lang='lat' dir='ltr'><strong>loquitur,</strong></span> <span class='ocrx_word' id='word_1_370' title='bbox 486 1535 567 1586; x_wconf 74' lang='lat' dir='ltr'><strong>qnia</strong></span> <span class='ocrx_word' id='word_1_371' title='bbox 590 1550 609 1572; x_wconf 76' lang='lat' dir='ltr'>a</span> <span class='ocrx_word' id='word_1_372' title='bbox 629 1537 703 1573; x_wconf 72' lang='lat' dir='ltr'>DCO</span> <span class='ocrx_word' id='word_1_373' title='bbox 726 1535 848 1573; x_wconf 73' lang='lat' dir='ltr'><strong>venit?</strong></span> <span class='ocrx_word' id='word_1_374' title='bbox 868 1549 931 1572; x_wconf 68' lang='lat' dir='ltr'>CUI*</span> <span class='ocrx_word' id='word_1_375' title='bbox 951 1548 1019 1573; x_wconf 81' lang='lat' dir='ltr'>non</span> <span class='ocrx_word' id='word_1_376' title='bbox 1041 1551 1124 1575; x_wconf 86' lang='lat' dir='ltr'><strong>Cllm</strong></span> <span class='ocrx_word' id='word_1_377' title='bbox 1145 1536 1276 1574; x_wconf 71' lang='lat' dir='ltr'><strong>fidUCia</strong></span> <span class='ocrx_word' id='word_1_378' title='bbox 1302 1542 1327 1571; x_wconf 88' lang='lat' dir='ltr'><strong>A</strong></span> <span class='ocrx_word' id='word_1_379' title='bbox 1347 1540 1438 1577; x_wconf 71' lang='grc' dir='ltr'>Θεοῦ</span> <span class='ocrx_word' id='word_1_380' title='bbox 1462 1538 1627 1591; x_wconf 70' lang='grc' dir='ltr'>λέγοντα;</span> <span class='ocrx_word' id='word_1_381' title='bbox 1652 1540 1738 1594; x_wconf 68' lang='grc' dir='ltr'>πρὸς</span> <span class='ocrx_word' id='word_1_382' title='bbox 1755 1540 1813 1578; x_wconf 73' lang='grc' dir='ltr'>τὸν</span> <span class='ocrx_word' id='word_1_383' title='bbox 1833 1543 1959 1579; x_wconf 76' lang='grc' dir='ltr'>ἐκεῖθεν</span> <span class='ocrx_word' id='word_1_384' title='bbox 1979 1539 2127 1587; x_wconf 54' lang='lat' dir='ltr'>’‘spemn-&lt;23</span> <span class='ocrx_word' id='word_1_385' title='bbox 2154 1538 2189 1577; x_wconf 81' lang='grc' dir='ltr'>τί</span> <span class='ocrx_word' id='word_1_386' title='bbox 2216 1538 2263 1589; x_wconf 80' lang='grc' dir='ltr'>μὴ</span> <span class='ocrx_word' id='word_1_387' title='bbox 2283 1537 2371 1589; x_wconf 81' lang='grc' dir='ltr'>μετὰ</span> 
     </span>
     <span class='ocr_line' id='line_1_45' title="bbox 287 1594 2370 1650; baseline 0.002 -16"><span class='ocrx_word' id='word_1_388' title='bbox 287 1596 467 1647; x_wconf 71' lang='lat' dir='ltr'><strong>loqueris?</strong></span> <span class='ocrx_word' id='word_1_389' title='bbox 492 1599 630 1637; x_wconf 88' lang='lat' dir='ltr'><strong>Verum</strong></span> <span class='ocrx_word' id='word_1_390' title='bbox 651 1597 720 1634; x_wconf 88' lang='lat' dir='ltr'>hoc</span> <span class='ocrx_word' id='word_1_391' title='bbox 741 1611 809 1635; x_wconf 93' lang='lat' dir='ltr'>non</span> <span class='ocrx_word' id='word_1_392' title='bbox 838 1597 932 1635; x_wconf 77' lang='lat' dir='ltr'><strong>dixit</strong></span> <span class='ocrx_word' id='word_1_393' title='bbox 957 1599 1078 1647; x_wconf 74' lang='lat' dir='ltr'><strong>Jesus,</strong></span> <span class='ocrx_word' id='word_1_394' title='bbox 1098 1611 1209 1648; x_wconf 83' lang='lat' dir='ltr'><strong>neque</strong></span> <span class='ocrx_word' id='word_1_395' title='bbox 1225 1610 1276 1634; x_wconf 87' lang='lat' dir='ltr'>re-</span> <span class='ocrx_word' id='word_1_396' title='bbox 1345 1599 1543 1649; x_wconf 79' lang='grc' dir='ltr'>παῤῥησίας</span> <span class='ocrx_word' id='word_1_397' title='bbox 1563 1600 1725 1650; x_wconf 74' lang='grc' dir='ltr'>διαλέγῃ,</span> <span class='ocrx_word' id='word_1_398' title='bbox 1744 1600 1835 1639; x_wconf 82' lang='grc' dir='ltr'>Ἀλλ’</span> <span class='ocrx_word' id='word_1_399' title='bbox 1850 1600 1926 1639; x_wconf 78' lang='grc' dir='ltr'>οὐδὲ</span> <span class='ocrx_word' id='word_1_400' title='bbox 1951 1605 2051 1639; x_wconf 71' lang='grc' dir='ltr'>τοῦτο</span> <span class='ocrx_word' id='word_1_401' title='bbox 2066 1594 2158 1638; x_wconf 65' lang='grc' dir='ltr'>εἶπεν</span> <span class='ocrx_word' id='word_1_402' title='bbox 2181 1603 2198 1638; x_wconf 87' lang='grc' dir='ltr'><em>ὃ</em></span> <span class='ocrx_word' id='word_1_403' title='bbox 2213 1599 2348 1646; x_wconf 74' lang='grc' dir='ltr'>Ἰησοῦς</span> <span class='ocrx_word' id='word_1_404' title='bbox 2361 1629 2370 1643; x_wconf 87' lang='grc'>,</span> 
     </span>
     <span class='ocr_line' id='line_1_46' title="bbox 287 1656 2370 1713; baseline 0.001 -19"><span class='ocrx_word' id='word_1_405' title='bbox 287 1656 431 1708; x_wconf 82' lang='lat' dir='ltr'><strong>darguit</strong></span> <span class='ocrx_word' id='word_1_406' title='bbox 466 1657 567 1694; x_wconf 85' lang='lat' dir='ltr'><strong>illum</strong></span> <span class='ocrx_word' id='word_1_407' title='bbox 599 1672 607 1692; x_wconf 76' lang='lat' dir='ltr'><strong>t</strong></span> <span class='ocrx_word' id='word_1_408' title='bbox 636 1658 841 1695; x_wconf 70' lang='lat' dir='ltr'><strong>Calamam</strong></span> <span class='ocrx_word' id='word_1_409' title='bbox 856 1661 958 1705; x_wconf 79' lang='lat' dir='ltr'><strong>enim</strong></span> <span class='ocrx_word' id='word_1_410' title='bbox 977 1667 1277 1710; x_wconf 80' lang='lat' dir='ltr'><strong>conquassatum</strong></span> <span class='ocrx_word' id='word_1_411' title='bbox 1346 1659 1423 1697; x_wconf 78' lang='grc' dir='ltr'>οὐδὲ</span> <span class='ocrx_word' id='word_1_412' title='bbox 1442 1659 1615 1710; x_wconf 79' lang='grc' dir='ltr'>διήλεγξεν</span> <span class='ocrx_word' id='word_1_413' title='bbox 1636 1659 1735 1698; x_wconf 81' lang='grc' dir='ltr'>αὐτόν</span> <span class='ocrx_word' id='word_1_414' title='bbox 1752 1688 1759 1696; x_wconf 94' lang='grc'><strong>.</strong></span> <span class='ocrx_word' id='word_1_415' title='bbox 1788 1662 1956 1710; x_wconf 80' lang='grc' dir='ltr'>Κάλαμον</span> <span class='ocrx_word' id='word_1_416' title='bbox 1984 1661 2052 1713; x_wconf 84' lang='grc' dir='ltr'>γὰρ</span> <span class='ocrx_word' id='word_1_417' title='bbox 2081 1660 2370 1711; x_wconf 85' lang='grc' dir='ltr'>συντετριμμένον</span> 
     </span>
    </p>
   </div>
   <div class='ocr_carea' id='block_1_18' title="bbox 224 1718 2370 1835">
    <p class='ocr_par' dir='ltr' id='par_1_22' title="bbox 224 1718 2370 1835">
     <span class='ocr_line' id='line_1_47' title="bbox 266 1718 2369 1773; baseline 0.001 -18"><span class='ocrx_word' id='word_1_418' title='bbox 266 1735 272 1741; x_wconf 75' lang='grc'><strong>’</strong></span> <span class='ocrx_word' id='word_1_419' title='bbox 290 1732 367 1755; x_wconf 80' lang='lat' dir='ltr'>non</span> <span class='ocrx_word' id='word_1_420' title='bbox 382 1719 612 1771; x_wconf 54' lang='lat' dir='ltr'><strong>confringet,</strong></span> <span class='ocrx_word' id='word_1_421' title='bbox 629 1718 758 1769; x_wconf 80' lang='lat' dir='ltr'><strong>inquit,</strong></span> <span class='ocrx_word' id='word_1_422' title='bbox 776 1727 813 1756; x_wconf 77' lang='lat' dir='ltr'><strong>et</strong></span> <span class='ocrx_word' id='word_1_423' title='bbox 827 1720 981 1772; x_wconf 76' lang='lat' dir='ltr'>lignum¹</span> <span class='ocrx_word' id='word_1_424' title='bbox 984 1721 1184 1772; x_wconf 78' lang='lat' dir='ltr'><strong>fumigans</strong></span> <span class='ocrx_word' id='word_1_425' title='bbox 1199 1734 1276 1757; x_wconf 85' lang='lat' dir='ltr'>non</span> <span class='ocrx_word' id='word_1_426' title='bbox 1346 1721 1382 1758; x_wconf 80' lang='grc' dir='ltr'>οὗ</span> <span class='ocrx_word' id='word_1_427' title='bbox 1409 1719 1587 1769; x_wconf 83' lang='grc' dir='ltr'>κατεάξει,</span> <span class='ocrx_word' id='word_1_428' title='bbox 1613 1721 1716 1773; x_wconf 79' lang='grc' dir='ltr'>φησὶν</span> <span class='ocrx_word' id='word_1_429' title='bbox 1729 1749 1738 1766; x_wconf 87' lang='grc'>,</span> <span class='ocrx_word' id='word_1_430' title='bbox 1756 1721 1816 1759; x_wconf 81' lang='grc' dir='ltr'>καὶ</span> <span class='ocrx_word' id='word_1_431' title='bbox 1842 1721 1933 1760; x_wconf 90' lang='grc' dir='ltr'>λίνον</span> <span class='ocrx_word' id='word_1_432' title='bbox 1954 1720 2153 1773; x_wconf 72' lang='grc' dir='ltr'>τυφώμενον</span> <span class='ocrx_word' id='word_1_433' title='bbox 2180 1723 2217 1760; x_wconf 82' lang='grc' dir='ltr'>οὖ</span> <span class='ocrx_word' id='word_1_434' title='bbox 2240 1721 2369 1760; x_wconf 69' lang='grc' dir='ltr'>σὸέσει.</span> 
     </span>
     <span class='ocr_line' id='line_1_48' title="bbox 224 1778 2370 1835; baseline 0.001 -18"><span class='ocrx_word' id='word_1_435' title='bbox 224 1802 234 1822; x_wconf 81' lang='lat'>¹</span> <span class='ocrx_word' id='word_1_436' title='bbox 243 1804 272 1828; x_wconf 72' lang='lat'>2,</span> <span class='ocrx_word' id='word_1_437' title='bbox 287 1783 514 1831; x_wconf 69' lang='lat' dir='ltr'><strong>exstinguet.</strong></span> <span class='ocrx_word' id='word_1_438' title='bbox 539 1778 641 1817; x_wconf 88' lang='lat' dir='ltr'><strong>Idem</strong></span> <span class='ocrx_word' id='word_1_439' title='bbox 661 1793 801 1830; x_wconf 87' lang='lat' dir='ltr'><strong>quoque</strong></span> <span class='ocrx_word' id='word_1_440' title='bbox 822 1795 979 1831; x_wconf 76' lang='lat' dir='ltr'><strong>rursum,</strong></span> <span class='ocrx_word' id='word_1_441' title='bbox 1005 1783 1095 1819; x_wconf 82' lang='lat' dir='ltr'>Non</span> <span class='ocrx_word' id='word_1_442' title='bbox 1120 1790 1277 1819; x_wconf 81' lang='lat' dir='ltr'><strong>conten·</strong></span> <span class='ocrx_word' id='word_1_443' title='bbox 1345 1781 1416 1820; x_wconf 87' lang='grc' dir='ltr'>,Καὶ</span> <span class='ocrx_word' id='word_1_444' title='bbox 1445 1782 1546 1825; x_wconf 79' lang='grc' dir='ltr'>αὐτὸς</span> <span class='ocrx_word' id='word_1_445' title='bbox 1578 1782 1696 1829; x_wconf 84' lang='grc' dir='ltr'>πάλιν,</span> <span class='ocrx_word' id='word_1_446' title='bbox 1724 1783 1802 1821; x_wconf 83' lang='grc' dir='ltr'>Οὐκ</span> <span class='ocrx_word' id='word_1_447' title='bbox 1821 1781 1947 1835; x_wconf 83' lang='grc' dir='ltr'>ἐρίσει,</span> <span class='ocrx_word' id='word_1_448' title='bbox 1974 1782 2091 1834; x_wconf 82' lang='grc' dir='ltr'>φησὶν,</span> <span class='ocrx_word' id='word_1_449' title='bbox 2124 1781 2201 1820; x_wconf 77' lang='grc' dir='ltr'>οὐδὲ</span> <span class='ocrx_word' id='word_1_450' title='bbox 2233 1781 2370 1835; x_wconf 85' lang='grc' dir='ltr'>κροίξει·</span> 
     </span>
    </p>
   </div>
   <div class='ocr_carea' id='block_1_19' title="bbox 285 1837 2374 2993">
    <p class='ocr_par' dir='ltr' id='par_1_23' title="bbox 285 1837 2374 2568">
     <span class='ocr_line' id='line_1_49' title="bbox 288 1837 2371 1896; baseline 0.001 -18"><span class='ocrx_word' id='word_1_451' title='bbox 288 1842 364 1887; x_wconf 81' lang='lat' dir='ltr'><strong>det,</strong></span> <span class='ocrx_word' id='word_1_452' title='bbox 395 1839 524 1890; x_wconf 87' lang='lat' dir='ltr'><strong>inquit,</strong></span> <span class='ocrx_word' id='word_1_453' title='bbox 554 1854 674 1893; x_wconf 79' lang='lat' dir='ltr'><strong>neque</strong></span> <span class='ocrx_word' id='word_1_454' title='bbox 702 1841 906 1886; x_wconf 73' lang='lat' dir='ltr'><strong>clamabit,-</strong></span> <span class='ocrx_word' id='word_1_455' title='bbox 932 1856 972 1879; x_wconf 84' lang='lat' dir='ltr'>ac</span> <span class='ocrx_word' id='word_1_456' title='bbox 999 1855 1160 1889; x_wconf 80' lang='lat' dir='ltr'><strong>rursum,</strong></span> <span class='ocrx_word' id='word_1_457' title='bbox 1188 1843 1278 1879; x_wconf 85' lang='lat' dir='ltr'>Non</span> <span class='ocrx_word' id='word_1_458' title='bbox 1346 1842 1406 1881; x_wconf 76' lang='grc' dir='ltr'>καὶ</span> <span class='ocrx_word' id='word_1_459' title='bbox 1421 1843 1544 1892; x_wconf 83' lang='grc' dir='ltr'>πάλιν,</span> <span class='ocrx_word' id='word_1_460' title='bbox 1560 1845 1636 1882; x_wconf 84' lang='grc' dir='ltr'>Οὐκ</span> <span class='ocrx_word' id='word_1_461' title='bbox 1653 1837 1755 1890; x_wconf 73' lang='grc' dir='ltr'>ἦλθον</span> <span class='ocrx_word' id='word_1_462' title='bbox 1778 1843 1835 1882; x_wconf 82' lang='grc' dir='ltr'>ἵνα</span> <span class='ocrx_word' id='word_1_463' title='bbox 1858 1843 1964 1896; x_wconf 88' lang='grc' dir='ltr'>κρίνω</span> <span class='ocrx_word' id='word_1_464' title='bbox 1983 1843 2040 1881; x_wconf 80' lang='grc' dir='ltr'>τὸν</span> <span class='ocrx_word' id='word_1_465' title='bbox 2057 1842 2200 1894; x_wconf 86' lang='grc' dir='ltr'>κόσμον,</span> <span class='ocrx_word' id='word_1_466' title='bbox 2217 1845 2294 1882; x_wconf 82' lang='grc' dir='ltr'>ἀλλ’</span> <span class='ocrx_word' id='word_1_467' title='bbox 2313 1842 2371 1881; x_wconf 77' lang='grc' dir='ltr'>ἵνα</span> 
     </span>
     <span class='ocr_line' id='line_1_50' title="bbox 288 1902 2370 1956; baseline 0.001 -17"><span class='ocrx_word' id='word_1_468' title='bbox 288 1904 381 1939; x_wconf 81' lang='lat' dir='ltr'><strong>veni</strong></span> <span class='ocrx_word' id='word_1_469' title='bbox 407 1910 445 1939; x_wconf 81' lang='lat' dir='ltr'><strong>ut</strong></span> <span class='ocrx_word' id='word_1_470' title='bbox 461 1902 634 1953; x_wconf 78' lang='lat' dir='ltr'><strong>judicem</strong></span> <span class='ocrx_word' id='word_1_471' title='bbox 659 1902 860 1946; x_wconf 69' lang='lat' dir='ltr'><strong>mundzth</strong></span> <span class='ocrx_word' id='word_1_472' title='bbox 887 1903 956 1940; x_wconf 83' lang='lat' dir='ltr'>sed</span> <span class='ocrx_word' id='word_1_473' title='bbox 983 1911 1023 1940; x_wconf 80' lang='grc' dir='ltr'>ιιι</span> <span class='ocrx_word' id='word_1_474' title='bbox 1046 1903 1277 1956; x_wconf 77' lang='lat' dir='ltr'><strong>salvumsa-</strong></span> <span class='ocrx_word' id='word_1_475' title='bbox 1346 1902 1449 1942; x_wconf 84' lang='grc' dir='ltr'>σώσω</span> <span class='ocrx_word' id='word_1_476' title='bbox 1470 1904 1527 1942; x_wconf 83' lang='grc' dir='ltr'>τὸν</span> <span class='ocrx_word' id='word_1_477' title='bbox 1547 1903 1688 1955; x_wconf 82' lang='grc' dir='ltr'>κόσμον.</span> <span class='ocrx_word' id='word_1_478' title='bbox 1721 1904 1845 1948; x_wconf 80' lang='grc' dir='ltr'>Οὐδεὶς</span> <span class='ocrx_word' id='word_1_479' title='bbox 1862 1904 2002 1943; x_wconf 87' lang='grc' dir='ltr'>δύναται</span> <span class='ocrx_word' id='word_1_480' title='bbox 2029 1907 2141 1942; x_wconf 76' lang='grc' dir='ltr'>ταῦτα</span> <span class='ocrx_word' id='word_1_481' title='bbox 2165 1903 2210 1942; x_wconf 76' lang='grc' dir='ltr'>τὰ</span> <span class='ocrx_word' id='word_1_482' title='bbox 2241 1910 2370 1954; x_wconf 86' lang='grc' dir='ltr'>σημεῖα</span> 
     </span>
     <span class='ocr_line' id='line_1_51' title="bbox 287 1959 2370 2017; baseline 0.002 -19"><span class='ocrx_word' id='word_1_483' title='bbox 287 1965 389 1999; x_wconf 81' lang='lat' dir='ltr'><strong>ciam</strong></span> <span class='ocrx_word' id='word_1_484' title='bbox 405 1963 603 1999; x_wconf 80' lang='lat' dir='ltr'><strong>mundum.</strong></span> <span class='ocrx_word' id='word_1_485' title='bbox 618 1963 740 2000; x_wconf 68' lang='lat' dir='ltr'><strong>[Vemo</strong></span> <span class='ocrx_word' id='word_1_486' title='bbox 754 1971 878 2014; x_wconf 79' lang='lat' dir='ltr'><strong>potest</strong></span> <span class='ocrx_word' id='word_1_487' title='bbox 899 1964 978 2000; x_wconf 76' lang='lat' dir='ltr'>lzoec</span> <span class='ocrx_word' id='word_1_488' title='bbox 997 1964 1272 2017; x_wconf 77' lang='lat' dir='ltr'>sigrzafacere,</span> <span class='ocrx_word' id='word_1_489' title='bbox 1345 1971 1468 2014; x_wconf 87' lang='grc' dir='ltr'>ποιεῖν,</span> <span class='ocrx_word' id='word_1_490' title='bbox 1489 1965 1546 2004; x_wconf 81' lang='grc' dir='ltr'>ἐὰν</span> <span class='ocrx_word' id='word_1_491' title='bbox 1577 1965 1625 2017; x_wconf 82' lang='grc' dir='ltr'>μὴ</span> <span class='ocrx_word' id='word_1_492' title='bbox 1647 1959 1669 2017; x_wconf 74' lang='grc' dir='ltr'>ᾖ</span> <span class='ocrx_word' id='word_1_493' title='bbox 1689 1969 1706 2004; x_wconf 84' lang='grc' dir='ltr'>ὁ</span> <span class='ocrx_word' id='word_1_494' title='bbox 1727 1966 1816 2010; x_wconf 84' lang='grc' dir='ltr'>Θεὸς</span> <span class='ocrx_word' id='word_1_495' title='bbox 1841 1968 1914 2017; x_wconf 82' lang='grc' dir='ltr'>μετ’</span> <span class='ocrx_word' id='word_1_496' title='bbox 1935 1968 2050 2004; x_wconf 69' lang='grc' dir='ltr'>αὐτοῦ.</span> <span class='ocrx_word' id='word_1_497' title='bbox 2077 1966 2230 2009; x_wconf 86' lang='grc' dir='ltr'>Ἐκεῖνος</span> <span class='ocrx_word' id='word_1_498' title='bbox 2254 1965 2370 2016; x_wconf 91' lang='grc' dir='ltr'>μέντοι</span> 
     </span>
     <span class='ocr_line' id='line_1_52' title="bbox 287 2023 2372 2081; baseline 0.002 -22"><span class='ocrx_word' id='word_1_499' title='bbox 287 2036 371 2074; x_wconf 80' lang='lat' dir='ltr'>quoe</span> <span class='ocrx_word' id='word_1_500' title='bbox 392 2024 565 2075; x_wconf 39' lang='lat' dir='ltr'>ilc-facis,</span> <span class='ocrx_word' id='word_1_501' title='bbox 591 2025 664 2060; x_wconf 81' lang='lat' dir='ltr'><strong>nisi</strong></span> <span class='ocrx_word' id='word_1_502' title='bbox 672 2024 802 2074; x_wconf 77' lang='lat' dir='ltr'><strong>suerit</strong></span> <span class='ocrx_word' id='word_1_503' title='bbox 829 2024 935 2061; x_wconf 69' lang='lat' dir='ltr'>Deus</span> <span class='ocrx_word' id='word_1_504' title='bbox 963 2037 1049 2061; x_wconf 83' lang='lat' dir='ltr'><strong>cum</strong></span> <span class='ocrx_word' id='word_1_505' title='bbox 1068 2038 1124 2061; x_wconf 82' lang='lat' dir='ltr'>eo.</span> <span class='ocrx_word' id='word_1_506' title='bbox 1147 2023 1275 2062; x_wconf 85' lang='lat' dir='ltr'><strong>Adhuc</strong></span> <span class='ocrx_word' id='word_1_507' title='bbox 1347 2026 1397 2065; x_wconf 80' lang='grc' dir='ltr'>ἔτι</span> <span class='ocrx_word' id='word_1_508' title='bbox 1411 2026 1502 2066; x_wconf 83' lang='grc' dir='ltr'>κατὰ</span> <span class='ocrx_word' id='word_1_509' title='bbox 1515 2026 1593 2071; x_wconf 73' lang='grc' dir='ltr'>τοὺς</span> <span class='ocrx_word' id='word_1_510' title='bbox 1615 2026 1806 2081; x_wconf 78' lang='grc' dir='ltr'>αἱρετικοὺς</span> <span class='ocrx_word' id='word_1_511' title='bbox 1821 2026 2026 2080; x_wconf 76' lang='grc' dir='ltr'>φθέγγεται,</span> <span class='ocrx_word' id='word_1_512' title='bbox 2058 2025 2295 2079; x_wconf 81' lang='grc' dir='ltr'>ἕνεργούμενον</span> <span class='ocrx_word' id='word_1_513' title='bbox 2312 2027 2372 2063; x_wconf 82' lang='grc' dir='ltr'>αὐ-</span> 
     </span>
     <span class='ocr_line' id='line_1_53' title="bbox 286 2085 2372 2142; baseline 0.002 -21"><span class='ocrx_word' id='word_1_514' title='bbox 286 2085 345 2122; x_wconf 85' lang='lat' dir='ltr'><strong>ille</strong></span> <span class='ocrx_word' id='word_1_515' title='bbox 369 2085 563 2123; x_wconf 85' lang='lat' dir='ltr'><strong>secundum</strong></span> <span class='ocrx_word' id='word_1_516' title='bbox 591 2085 839 2123; x_wconf 78' lang='lat' dir='ltr'><strong>haereticorum</strong></span> <span class='ocrx_word' id='word_1_517' title='bbox 870 2087 1078 2125; x_wconf 70' lang='lat' dir='ltr'><strong>sententiam</strong></span> <span class='ocrx_word' id='word_1_518' title='bbox 1101 2087 1276 2138; x_wconf 83' lang='lat' dir='ltr'><strong>loquitur,</strong></span> <span class='ocrx_word' id='word_1_519' title='bbox 1346 2087 1403 2126; x_wconf 83' lang='grc' dir='ltr'>τὸν</span> <span class='ocrx_word' id='word_1_520' title='bbox 1441 2088 1501 2126; x_wconf 90' lang='grc' dir='ltr'>καὶ</span> <span class='ocrx_word' id='word_1_521' title='bbox 1532 2091 1594 2135; x_wconf 72' lang='grc' dir='ltr'>τῆς</span> <span class='ocrx_word' id='word_1_522' title='bbox 1616 2089 1740 2142; x_wconf 81' lang='grc' dir='ltr'>ἑτέρων</span> <span class='ocrx_word' id='word_1_523' title='bbox 1760 2088 1918 2141; x_wconf 78' lang='grc' dir='ltr'>βοηθείας</span> <span class='ocrx_word' id='word_1_524' title='bbox 1946 2088 2103 2140; x_wconf 82' lang='grc' dir='ltr'>δεόμενον</span> <span class='ocrx_word' id='word_1_525' title='bbox 2125 2092 2235 2126; x_wconf 78' lang='grc' dir='ltr'>ταῦτα</span> <span class='ocrx_word' id='word_1_526' title='bbox 2261 2087 2372 2141; x_wconf 86' lang='grc' dir='ltr'>πράτ-</span> 
     </span>
     <span class='ocr_line' id='line_1_54' title="bbox 285 2144 2371 2203; baseline 0.002 -22"><span class='ocrx_word' id='word_1_527' title='bbox 285 2145 346 2195; x_wconf 85' lang='lat' dir='ltr'><strong>qui</strong></span> <span class='ocrx_word' id='word_1_528' title='bbox 365 2145 467 2195; x_wconf 80' lang='lat' dir='ltr'><strong>dicit,</strong></span> <span class='ocrx_word' id='word_1_529' title='bbox 484 2146 528 2182; x_wconf 81' lang='lat' dir='ltr'>ab</span> <span class='ocrx_word' id='word_1_530' title='bbox 542 2145 612 2182; x_wconf 82' lang='lat' dir='ltr'><strong>alio</strong></span> <span class='ocrx_word' id='word_1_531' title='bbox 632 2146 781 2195; x_wconf 78' lang='lat' dir='ltr'><strong>moveri,</strong></span> <span class='ocrx_word' id='word_1_532' title='bbox 798 2156 830 2184; x_wconf 82' lang='lat' dir='ltr'><strong>et</strong></span> <span class='ocrx_word' id='word_1_533' title='bbox 849 2147 1003 2185; x_wconf 85' lang='lat' dir='ltr'><strong>aliorum</strong></span> <span class='ocrx_word' id='word_1_534' title='bbox 1017 2162 1083 2200; x_wconf 86' lang='lat' dir='ltr'>ope</span> <span class='ocrx_word' id='word_1_535' title='bbox 1100 2148 1273 2200; x_wconf 79' lang='lat' dir='ltr'>indigere,</span> <span class='ocrx_word' id='word_1_536' title='bbox 1345 2165 1428 2197; x_wconf 88' lang='grc' dir='ltr'>τειν,</span> <span class='ocrx_word' id='word_1_537' title='bbox 1449 2148 1538 2201; x_wconf 86' lang='grc' dir='ltr'>ἅπερ</span> <span class='ocrx_word' id='word_1_538' title='bbox 1568 2149 1717 2203; x_wconf 78' lang='grc' dir='ltr'>ἔπραττε</span> <span class='ocrx_word' id='word_1_539' title='bbox 1746 2150 1869 2201; x_wconf 80' lang='grc' dir='ltr'>λέγων.</span> <span class='ocrx_word' id='word_1_540' title='bbox 1890 2149 1938 2188; x_wconf 90' lang='grc' dir='ltr'>Τί</span> <span class='ocrx_word' id='word_1_541' title='bbox 1966 2144 2022 2188; x_wconf 59' lang='grc' dir='ltr'>οὖν</span> <span class='ocrx_word' id='word_1_542' title='bbox 2048 2151 2066 2187; x_wconf 82' lang='grc' dir='ltr'><strong><em>ὃ</em></strong></span> <span class='ocrx_word' id='word_1_543' title='bbox 2088 2148 2256 2202; x_wconf 79' lang='grc' dir='ltr'>Χριστός;</span> <span class='ocrx_word' id='word_1_544' title='bbox 2274 2146 2371 2201; x_wconf 70' lang='grc' dir='ltr'>εὈρα</span> 
     </span>
     <span class='ocr_line' id='line_1_55' title="bbox 286 2203 2373 2263; baseline 0.002 -21"><span class='ocrx_word' id='word_1_545' title='bbox 286 2215 325 2243; x_wconf 84' lang='lat' dir='ltr'><strong>ut</strong></span> <span class='ocrx_word' id='word_1_546' title='bbox 340 2206 407 2243; x_wconf 88' lang='lat' dir='ltr'>hoc</span> <span class='ocrx_word' id='word_1_547' title='bbox 422 2206 542 2243; x_wconf 77' lang='lat' dir='ltr'><strong>saciat.</strong></span> <span class='ocrx_word' id='word_1_548' title='bbox 561 2205 659 2252; x_wconf 86' lang='lat' dir='ltr'><strong>Quid</strong></span> <span class='ocrx_word' id='word_1_549' title='bbox 673 2220 755 2257; x_wconf 79' lang='lat' dir='ltr'><strong>ergo</strong></span> <span class='ocrx_word' id='word_1_550' title='bbox 770 2207 961 2245; x_wconf 75' lang='lat' dir='ltr'><strong>Christus?</strong></span> <span class='ocrx_word' id='word_1_551' title='bbox 980 2208 1074 2248; x_wconf 82' lang='lat' dir='ltr'><strong>Vide</strong></span> <span class='ocrx_word' id='word_1_552' title='bbox 1088 2208 1276 2260; x_wconf 81' lang='lat' dir='ltr'><strong>indulgen·</strong></span> <span class='ocrx_word' id='word_1_553' title='bbox 1300 2217 1324 2247; x_wconf 91' lang='lat' dir='ltr'>B</span> <span class='ocrx_word' id='word_1_554' title='bbox 1347 2209 1639 2261; x_wconf 67' lang='grc' dir='ltr'>συγκαταῧάσεως</span> <span class='ocrx_word' id='word_1_555' title='bbox 1661 2210 1873 2263; x_wconf 64' lang='grc' dir='ltr'>ὑπερὸολήν·</span> <span class='ocrx_word' id='word_1_556' title='bbox 1891 2210 1932 2229; x_wconf 76' lang='lat'>**</span> <span class='ocrx_word' id='word_1_557' title='bbox 1945 2213 2007 2248; x_wconf 80' lang='grc' dir='ltr'>οὐκ</span> <span class='ocrx_word' id='word_1_558' title='bbox 2024 2203 2097 2248; x_wconf 65' lang='grc' dir='ltr'>εἷπε</span> <span class='ocrx_word' id='word_1_559' title='bbox 2110 2209 2184 2260; x_wconf 82' lang='grc' dir='ltr'>μὲν,</span> <span class='ocrx_word' id='word_1_560' title='bbox 2204 2209 2257 2246; x_wconf 78' lang='grc' dir='ltr'>ὅτι</span> <span class='ocrx_word' id='word_1_561' title='bbox 2277 2208 2373 2248; x_wconf 80' lang='grc' dir='ltr'>οὐδὲν</span> 
     </span>
     <span class='ocr_line' id='line_1_56' title="bbox 285 2266 2374 2324; baseline 0.002 -21"><span class='ocrx_word' id='word_1_562' title='bbox 285 2266 343 2303; x_wconf 83' lang='lat' dir='ltr'>tiae</span> <span class='ocrx_word' id='word_1_563' title='bbox 363 2266 463 2304; x_wconf 90' lang='lat' dir='ltr'><strong>illius</strong></span> <span class='ocrx_word' id='word_1_564' title='bbox 482 2266 776 2318; x_wconf 80' lang='lat' dir='ltr'><strong>magnitudinem.</strong></span> <span class='ocrx_word' id='word_1_565' title='bbox 802 2268 881 2305; x_wconf 89' lang='lat' dir='ltr'>Non</span> <span class='ocrx_word' id='word_1_566' title='bbox 898 2267 1008 2319; x_wconf 77' lang='lat' dir='ltr'><strong>dixit,</strong></span> <span class='ocrx_word' id='word_1_567' title='bbox 1031 2269 1194 2307; x_wconf 84' lang='lat' dir='ltr'><strong>Aliorum</strong></span> <span class='ocrx_word' id='word_1_568' title='bbox 1212 2285 1275 2308; x_wconf 83' lang='lat' dir='ltr'>au-</span> <span class='ocrx_word' id='word_1_569' title='bbox 1347 2270 1468 2321; x_wconf 81' lang='grc' dir='ltr'>δέομαι</span> <span class='ocrx_word' id='word_1_570' title='bbox 1481 2273 1544 2316; x_wconf 78' lang='grc' dir='ltr'>τῆς</span> <span class='ocrx_word' id='word_1_571' title='bbox 1555 2270 1680 2324; x_wconf 82' lang='grc' dir='ltr'>ἑτέρων</span> <span class='ocrx_word' id='word_1_572' title='bbox 1699 2269 1875 2321; x_wconf 77' lang='grc' dir='ltr'>βοηθείας,</span> <span class='ocrx_word' id='word_1_573' title='bbox 1891 2270 1981 2308; x_wconf 77' lang='grc' dir='ltr'>ἀλλὰ</span> <span class='ocrx_word' id='word_1_574' title='bbox 1996 2271 2070 2320; x_wconf 82' lang='grc' dir='ltr'>μετ’</span> <span class='ocrx_word' id='word_1_575' title='bbox 2087 2269 2239 2314; x_wconf 79' lang='grc' dir='ltr'>ἐξουσίας</span> <span class='ocrx_word' id='word_1_576' title='bbox 2258 2269 2374 2308; x_wconf 88' lang='grc' dir='ltr'>πάντα</span> 
     </span>
     <span class='ocr_line' id='line_1_57' title="bbox 285 2327 2373 2407; baseline 0.002 -44"><span class='ocrx_word' id='word_1_577' title='bbox 285 2327 374 2365; x_wconf 78' lang='lat' dir='ltr'><strong>xilio</strong></span> <span class='ocrx_word' id='word_1_578' title='bbox 401 2341 468 2365; x_wconf 90' lang='lat' dir='ltr'>non</span> <span class='ocrx_word' id='word_1_579' title='bbox 494 2341 590 2379; x_wconf 79' lang='lat' dir='ltr'><strong>egeo,</strong></span> <span class='ocrx_word' id='word_1_580' title='bbox 614 2327 675 2365; x_wconf 88' lang='lat' dir='ltr'>sed</span> <span class='ocrx_word' id='word_1_581' title='bbox 702 2342 784 2366; x_wconf 88' lang='lat' dir='ltr'><strong>cum</strong></span> <span class='ocrx_word' id='word_1_582' title='bbox 808 2339 979 2381; x_wconf 82' lang='lat' dir='ltr'><strong>potestate</strong></span> <span class='ocrx_word' id='word_1_583' title='bbox 1007 2331 1124 2368; x_wconf 79' lang='lat' dir='ltr'><strong>omnia</strong></span> <span class='ocrx_word' id='word_1_584' title='bbox 1149 2331 1241 2370; x_wconf 83' lang='lat' dir='ltr'><strong>facio</strong></span> <span class='ocrx_word' id='word_1_585' title='bbox 1264 2348 1272 2368; x_wconf 78' lang='grc' dir='ltr'>ε</span> <span class='ocrx_word' id='word_1_586' title='bbox 1345 2332 1508 2407; x_wconf 50' lang='grc' dir='ltr'>πράττιν)</span> <span class='ocrx_word' id='word_1_587' title='bbox 1521 2331 1664 2384; x_wconf 73' lang='grc' dir='ltr'>καὶγὰρ</span> <span class='ocrx_word' id='word_1_588' title='bbox 1684 2330 1767 2374; x_wconf 80' lang='grc' dir='ltr'>Υἱός</span> <span class='ocrx_word' id='word_1_589' title='bbox 1787 2333 1858 2382; x_wconf 81' lang='grc' dir='ltr'>εἶμι</span> <span class='ocrx_word' id='word_1_590' title='bbox 1878 2331 2015 2382; x_wconf 82' lang='grc' dir='ltr'>γνήσιος</span> <span class='ocrx_word' id='word_1_591' title='bbox 2028 2335 2086 2369; x_wconf 77' lang='grc' dir='ltr'>τοῦ</span> <span class='ocrx_word' id='word_1_592' title='bbox 2100 2332 2212 2377; x_wconf 84' lang='grc' dir='ltr'>Θεου,</span> <span class='ocrx_word' id='word_1_593' title='bbox 2231 2330 2290 2368; x_wconf 82' lang='grc' dir='ltr'>καὶ</span> <span class='ocrx_word' id='word_1_594' title='bbox 2310 2333 2373 2376; x_wconf 81' lang='grc' dir='ltr'>τ’ἧς</span> 
     </span>
     <span class='ocr_line' id='line_1_58' title="bbox 287 2389 2372 2466; baseline 0.002 -42"><span class='ocrx_word' id='word_1_595' title='bbox 287 2401 369 2425; x_wconf 84' lang='lat' dir='ltr'><strong>nam</strong></span> <span class='ocrx_word' id='word_1_596' title='bbox 384 2402 488 2427; x_wconf 85' lang='lat' dir='ltr'><strong>verus</strong></span> <span class='ocrx_word' id='word_1_597' title='bbox 507 2402 586 2426; x_wconf 87' lang='lat' dir='ltr'><strong>sum</strong></span> <span class='ocrx_word' id='word_1_598' title='bbox 603 2389 669 2426; x_wconf 83' lang='lat' dir='ltr'>Dei</span> <span class='ocrx_word' id='word_1_599' title='bbox 694 2389 822 2440; x_wconf 80' lang='lat' dir='ltr'><strong>Filius,</strong></span> <span class='ocrx_word' id='word_1_600' title='bbox 847 2400 880 2428; x_wconf 87' lang='lat' dir='ltr'><strong>et</strong></span> <span class='ocrx_word' id='word_1_601' title='bbox 898 2390 1059 2429; x_wconf 88' lang='lat' dir='ltr'><strong>eamdem</strong></span> <span class='ocrx_word' id='word_1_602' title='bbox 1077 2389 1184 2443; x_wconf 77' lang='lat' dir='ltr'><strong>quani</strong></span> <span class='ocrx_word' id='word_1_603' title='bbox 1204 2394 1276 2432; x_wconf 83' lang='lat' dir='ltr'>Ge·</span> <span class='ocrx_word' id='word_1_604' title='bbox 1347 2396 1451 2440; x_wconf 73' lang='grc' dir='ltr'>αὐτῆς</span> <span class='ocrx_word' id='word_1_605' title='bbox 1468 2395 1518 2444; x_wconf 79' lang='grc' dir='ltr'>τΓ)</span> <span class='ocrx_word' id='word_1_606' title='bbox 1538 2392 1755 2466; x_wconf 82' lang='grc' dir='ltr'>γεγεννηκότι</span> <span class='ocrx_word' id='word_1_607' title='bbox 1771 2392 1966 2442; x_wconf 60' lang='grc' dir='ltr'>δυνάμεως·</span> <span class='ocrx_word' id='word_1_608' title='bbox 1987 2391 2216 2444; x_wconf 80' lang='grc' dir='ltr'>παρῃτήσατο</span> <span class='ocrx_word' id='word_1_609' title='bbox 2231 2390 2266 2430; x_wconf 77' lang='grc' dir='ltr'>δὲ</span> <span class='ocrx_word' id='word_1_610' title='bbox 2286 2390 2372 2435; x_wconf 82' lang='grc' dir='ltr'>τέως</span> 
     </span>
     <span class='ocr_line' id='line_1_59' title="bbox 288 2448 2371 2506; baseline 0.002 -21"><span class='ocrx_word' id='word_1_611' title='bbox 288 2448 380 2486; x_wconf 86' lang='lat' dir='ltr'><strong>nitor</strong></span> <span class='ocrx_word' id='word_1_612' title='bbox 406 2458 614 2500; x_wconf 79' lang='lat' dir='ltr'><strong>potestatem</strong></span> <span class='ocrx_word' id='word_1_613' title='bbox 644 2449 758 2487; x_wconf 82' lang='lat' dir='ltr'><strong>habeo</strong></span> <span class='ocrx_word' id='word_1_614' title='bbox 781 2465 788 2486; x_wconf 74' lang='grc' dir='ltr'><strong><em>ε</em></strong></span> <span class='ocrx_word' id='word_1_615' title='bbox 811 2450 951 2489; x_wconf 86' lang='lat' dir='ltr'><strong>interim</strong></span> <span class='ocrx_word' id='word_1_616' title='bbox 978 2465 1062 2491; x_wconf 83' lang='lat' dir='ltr'><strong>vero</strong></span> <span class='ocrx_word' id='word_1_617' title='bbox 1091 2452 1127 2490; x_wconf 85' lang='lat' dir='ltr'><strong>id</strong></span> <span class='ocrx_word' id='word_1_618' title='bbox 1153 2453 1276 2492; x_wconf 84' lang='lat' dir='ltr'><strong>efferre</strong></span> <span class='ocrx_word' id='word_1_619' title='bbox 1347 2453 1404 2492; x_wconf 85' lang='grc' dir='ltr'>δια</span> <span class='ocrx_word' id='word_1_620' title='bbox 1425 2470 1464 2492; x_wconf 88' lang='grc' dir='ltr'>το</span> <span class='ocrx_word' id='word_1_621' title='bbox 1480 2454 1670 2506; x_wconf 87' lang='grc' dir='ltr'>πρόσαντες</span> <span class='ocrx_word' id='word_1_622' title='bbox 1695 2457 1782 2491; x_wconf 86' lang='grc' dir='ltr'>εἰναι</span> <span class='ocrx_word' id='word_1_623' title='bbox 1814 2455 1864 2490; x_wconf 81' lang='grc' dir='ltr'>τῶ</span> <span class='ocrx_word' id='word_1_624' title='bbox 1887 2452 2055 2491; x_wconf 77' lang='grc' dir='ltr'>ἀκούοντι.</span> <span class='ocrx_word' id='word_1_625' title='bbox 2081 2451 2199 2505; x_wconf 70' lang='grc' dir='ltr'>εΌπερ</span> <span class='ocrx_word' id='word_1_626' title='bbox 2225 2451 2292 2504; x_wconf 86' lang='grc' dir='ltr'>γὰρ</span> <span class='ocrx_word' id='word_1_627' title='bbox 2318 2452 2371 2490; x_wconf 85' lang='grc' dir='ltr'>ἀεὶ</span> 
     </span>
     <span class='ocr_line' id='line_1_60' title="bbox 289 2508 2370 2568; baseline 0.003 -24"><span class='ocrx_word' id='word_1_628' title='bbox 289 2508 415 2556; x_wconf 76' lang='lat' dir='ltr'><strong>noluit,</strong></span> <span class='ocrx_word' id='word_1_629' title='bbox 436 2518 474 2545; x_wconf 85' lang='lat' dir='ltr'><strong>ut</strong></span> <span class='ocrx_word' id='word_1_630' title='bbox 493 2508 650 2547; x_wconf 86' lang='lat' dir='ltr'><strong>audienti</strong></span> <span class='ocrx_word' id='word_1_631' title='bbox 671 2524 744 2548; x_wconf 83' lang='lat' dir='ltr'><strong>sese</strong></span> <span class='ocrx_word' id='word_1_632' title='bbox 758 2511 1052 2550; x_wconf 78' lang='lat' dir='ltr'><strong>accommodaret.</strong></span> <span class='ocrx_word' id='word_1_633' title='bbox 1076 2514 1166 2551; x_wconf 84' lang='lat' dir='ltr'><strong>Nam</strong></span> <span class='ocrx_word' id='word_1_634' title='bbox 1180 2514 1276 2565; x_wconf 88' lang='lat' dir='ltr'><strong>quod</strong></span> <span class='ocrx_word' id='word_1_635' title='bbox 1346 2515 1454 2567; x_wconf 85' lang='grc' dir='ltr'>λέγω,</span> <span class='ocrx_word' id='word_1_636' title='bbox 1485 2531 1584 2553; x_wconf 89' lang='grc' dir='ltr'>τουτο</span> <span class='ocrx_word' id='word_1_637' title='bbox 1613 2515 1672 2553; x_wconf 85' lang='grc' dir='ltr'>καὶ</span> <span class='ocrx_word' id='word_1_638' title='bbox 1695 2531 1752 2552; x_wconf 89' lang='grc' dir='ltr'>νυν</span> <span class='ocrx_word' id='word_1_639' title='bbox 1774 2517 1858 2568; x_wconf 84' lang='grc' dir='ltr'>ἐρω,</span> <span class='ocrx_word' id='word_1_640' title='bbox 1887 2513 1940 2552; x_wconf 89' lang='grc' dir='ltr'>ο’τι</span> <span class='ocrx_word' id='word_1_641' title='bbox 1968 2514 2007 2552; x_wconf 82' lang='grc' dir='ltr'>τὸ</span> <span class='ocrx_word' id='word_1_642' title='bbox 2034 2513 2308 2564; x_wconf 86' lang='grc' dir='ltr'>σπουοαζόμενον</span> <span class='ocrx_word' id='word_1_643' title='bbox 2328 2517 2370 2559; x_wconf 83' lang='grc' dir='ltr'>ἠν</span> 
     </span>
    </p>

    <p class='ocr_par' dir='ltr' id='par_1_24' title="bbox 291 2569 2369 2993">
     <span class='ocr_line' id='line_1_61' title="bbox 291 2569 2365 2629; baseline 0.003 -24"><span class='ocrx_word' id='word_1_644' title='bbox 291 2583 427 2620; x_wconf 79' lang='lat' dir='ltr'><strong>semper</strong></span> <span class='ocrx_word' id='word_1_645' title='bbox 445 2569 540 2618; x_wconf 89' lang='lat' dir='ltr'><strong>dico,</strong></span> <span class='ocrx_word' id='word_1_646' title='bbox 561 2569 628 2608; x_wconf 85' lang='lat' dir='ltr'>hoe</span> <span class='ocrx_word' id='word_1_647' title='bbox 650 2584 742 2609; x_wconf 89' lang='lat' dir='ltr'><strong>nunc</strong></span> <span class='ocrx_word' id='word_1_648' title='bbox 761 2582 931 2624; x_wconf 77' lang='lat' dir='ltr'><strong>repetam,</strong></span> <span class='ocrx_word' id='word_1_649' title='bbox 955 2573 992 2611; x_wconf 87' lang='lat' dir='ltr'><strong>id</strong></span> <span class='ocrx_word' id='word_1_650' title='bbox 1014 2574 1196 2614; x_wconf 83' lang='lat' dir='ltr'><strong>Christum</strong></span> <span class='ocrx_word' id='word_1_651' title='bbox 1222 2576 1275 2614; x_wconf 89' lang='lat' dir='ltr'><strong>in·</strong></span> <span class='ocrx_word' id='word_1_652' title='bbox 1346 2578 1395 2614; x_wconf 81' lang='grc' dir='ltr'>τῶ</span> <span class='ocrx_word' id='word_1_653' title='bbox 1416 2578 1555 2629; x_wconf 87' lang='grc' dir='ltr'>Χριστῳ</span> <span class='ocrx_word' id='word_1_654' title='bbox 1575 2576 1640 2628; x_wconf 73' lang='grc' dir='ltr'>οὐχ</span> <span class='ocrx_word' id='word_1_655' title='bbox 1658 2574 1747 2614; x_wconf 82' lang='grc' dir='ltr'>οὕτω</span> <span class='ocrx_word' id='word_1_656' title='bbox 1771 2575 1856 2619; x_wconf 79' lang='grc' dir='ltr'>τέως</span> <span class='ocrx_word' id='word_1_657' title='bbox 1877 2575 1939 2621; x_wconf 80' lang='grc' dir='ltr'>τὴν</span> <span class='ocrx_word' id='word_1_658' title='bbox 1964 2573 2061 2618; x_wconf 75' lang='grc' dir='ltr'>ἀξίαν</span> <span class='ocrx_word' id='word_1_659' title='bbox 2083 2574 2229 2612; x_wconf 66' lang='grc' dir='ltr'>εκκαλύ*</span> <span class='ocrx_word' id='word_1_660' title='bbox 2215 2589 2278 2626; x_wconf 49' lang='grc' dir='ltr'>ραι</span> <span class='ocrx_word' id='word_1_661' title='bbox 2301 2573 2365 2620; x_wconf 83' lang='grc' dir='ltr'>τὴν</span> 
     </span>
     <span class='ocr_line' id='line_1_62' title="bbox 291 2629 2367 2688; baseline 0.003 -22"><span class='ocrx_word' id='word_1_662' title='bbox 291 2629 393 2666; x_wconf 86' lang='lat' dir='ltr'><strong>terim</strong></span> <span class='ocrx_word' id='word_1_663' title='bbox 414 2629 606 2678; x_wconf 76' lang='lat' dir='ltr'><strong>studuisse,</strong></span> <span class='ocrx_word' id='word_1_664' title='bbox 630 2645 697 2669; x_wconf 89' lang='lat' dir='ltr'>non</span> <span class='ocrx_word' id='word_1_665' title='bbox 723 2641 761 2669; x_wconf 89' lang='lat' dir='ltr'><strong>ut</strong></span> <span class='ocrx_word' id='word_1_666' title='bbox 779 2632 989 2684; x_wconf 78' lang='lat' dir='ltr'><strong>dignitatem</strong></span> <span class='ocrx_word' id='word_1_667' title='bbox 1016 2650 1118 2673; x_wconf 85' lang='lat' dir='ltr'><strong>suam.</strong></span> <span class='ocrx_word' id='word_1_668' title='bbox 1141 2637 1275 2675; x_wconf 84' lang='lat' dir='ltr'><strong>revela-</strong></span> <span class='ocrx_word' id='word_1_669' title='bbox 1347 2638 1489 2680; x_wconf 73' lang='grc' dir='ltr'>ἑαυτοῦ,</span> <span class='ocrx_word' id='word_1_670' title='bbox 1511 2639 1556 2680; x_wconf 83' lang='grc' dir='ltr'>ὡς</span> <span class='ocrx_word' id='word_1_671' title='bbox 1576 2636 1616 2674; x_wconf 84' lang='grc' dir='ltr'>τὸ</span> <span class='ocrx_word' id='word_1_672' title='bbox 1634 2642 1752 2674; x_wconf 90' lang='grc' dir='ltr'>πεῖσαι</span> <span class='ocrx_word' id='word_1_673' title='bbox 1780 2635 1833 2674; x_wconf 78' lang='grc' dir='ltr'>ὅτι</span> <span class='ocrx_word' id='word_1_674' title='bbox 1861 2635 1956 2674; x_wconf 79' lang='grc' dir='ltr'>οὐδὲν</span> <span class='ocrx_word' id='word_1_675' title='bbox 1979 2634 2012 2679; x_wconf 81' lang='grc' dir='ltr'>ἐξ</span> <span class='ocrx_word' id='word_1_676' title='bbox 2036 2635 2190 2678; x_wconf 83' lang='grc' dir='ltr'>ἐναντίας</span> <span class='ocrx_word' id='word_1_677' title='bbox 2219 2635 2367 2688; x_wconf 86' lang='grc' dir='ltr'>ἔπραττε</span> 
     </span>
     <span class='ocr_line' id='line_1_63' title="bbox 292 2689 2368 2751; baseline 0.004 -25"><span class='ocrx_word' id='word_1_678' title='bbox 292 2698 358 2739; x_wconf 76' lang='lat' dir='ltr'><strong>ret,</strong></span> <span class='ocrx_word' id='word_1_679' title='bbox 382 2689 441 2727; x_wconf 88' lang='lat' dir='ltr'>sed</span> <span class='ocrx_word' id='word_1_680' title='bbox 464 2699 501 2726; x_wconf 89' lang='lat' dir='ltr'><strong>ut</strong></span> <span class='ocrx_word' id='word_1_681' title='bbox 520 2692 744 2741; x_wconf 83' lang='lat' dir='ltr'><strong>persuaderet</strong></span> <span class='ocrx_word' id='word_1_682' title='bbox 765 2707 801 2730; x_wconf 88' lang='lat' dir='ltr'>se</span> <span class='ocrx_word' id='word_1_683' title='bbox 819 2694 910 2732; x_wconf 86' lang='lat' dir='ltr'><strong>nihil</strong></span> <span class='ocrx_word' id='word_1_684' title='bbox 933 2705 1053 2733; x_wconf 84' lang='lat' dir='ltr'><strong>contra</strong></span> <span class='ocrx_word' id='word_1_685' title='bbox 1079 2697 1193 2735; x_wconf 82' lang='lat' dir='ltr'><strong>Patris</strong></span> <span class='ocrx_word' id='word_1_686' title='bbox 1212 2711 1273 2735; x_wconf 92' lang='lat' dir='ltr'>vo-</span> <span class='ocrx_word' id='word_1_687' title='bbox 1346 2701 1396 2750; x_wconf 82' lang='grc' dir='ltr'>τῷ</span> <span class='ocrx_word' id='word_1_688' title='bbox 1414 2697 1541 2751; x_wconf 88' lang='grc' dir='ltr'>Πατρί.</span> <span class='ocrx_word' id='word_1_689' title='bbox 1564 2697 1632 2736; x_wconf 85' lang='grc' dir='ltr'>Διὰ</span> <span class='ocrx_word' id='word_1_690' title='bbox 1664 2700 1764 2736; x_wconf 70' lang='grc' dir='ltr'>τοῦτο</span> <span class='ocrx_word' id='word_1_691' title='bbox 1798 2700 1831 2736; x_wconf 79' lang='grc' dir='ltr'>ἐν</span> <span class='ocrx_word' id='word_1_692' title='bbox 1854 2697 1914 2748; x_wconf 81' lang='grc' dir='ltr'>μὲν</span> <span class='ocrx_word' id='word_1_693' title='bbox 1937 2704 2006 2741; x_wconf 88' lang='grc' dir='ltr'>τοῖς</span> <span class='ocrx_word' id='word_1_694' title='bbox 2040 2698 2171 2750; x_wconf 78' lang='grc' dir='ltr'>ῥήμασι</span> <span class='ocrx_word' id='word_1_695' title='bbox 2189 2699 2368 2748; x_wconf 75' lang='grc' dir='ltr'>πολλαχοῦ</span> 
     </span>
     <span class='ocr_line' id='line_1_64' title="bbox 292 2751 2368 2811; baseline 0.003 -24"><span class='ocrx_word' id='word_1_696' title='bbox 292 2751 463 2788; x_wconf 88' lang='lat' dir='ltr'><strong>luntatem</strong></span> <span class='ocrx_word' id='word_1_697' title='bbox 480 2752 603 2789; x_wconf 79' lang='lat' dir='ltr'>facere.</span> <span class='ocrx_word' id='word_1_698' title='bbox 621 2753 772 2804; x_wconf 84' lang='lat' dir='ltr'><strong>Ideoque</strong></span> <span class='ocrx_word' id='word_1_699' title='bbox 788 2755 822 2791; x_wconf 87' lang='lat' dir='ltr'><strong>in</strong></span> <span class='ocrx_word' id='word_1_700' title='bbox 840 2756 957 2793; x_wconf 78' lang='lat' dir='ltr'><strong>vei-his</strong></span> <span class='ocrx_word' id='word_1_701' title='bbox 971 2771 1062 2809; x_wconf 71' lang='lat' dir='ltr'><strong>scope</strong></span> <span class='ocrx_word' id='word_1_702' title='bbox 1076 2757 1276 2796; x_wconf 82' lang='lat' dir='ltr'><strong>moderatus</strong></span> <span class='ocrx_word' id='word_1_703' title='bbox 1350 2759 1541 2811; x_wconf 85' lang='grc' dir='ltr'>μετριάζων</span> <span class='ocrx_word' id='word_1_704' title='bbox 1561 2757 1736 2811; x_wconf 83' lang='grc' dir='ltr'>φαίνεται,</span> <span class='ocrx_word' id='word_1_705' title='bbox 1757 2761 1789 2797; x_wconf 83' lang='grc' dir='ltr'>ἐν</span> <span class='ocrx_word' id='word_1_706' title='bbox 1816 2758 1851 2797; x_wconf 82' lang='grc' dir='ltr'>δὲ</span> <span class='ocrx_word' id='word_1_707' title='bbox 1880 2764 1948 2801; x_wconf 89' lang='grc' dir='ltr'>τοῖς</span> <span class='ocrx_word' id='word_1_708' title='bbox 1974 2759 2175 2810; x_wconf 81' lang='grc' dir='ltr'>πράγμασιν</span> <span class='ocrx_word' id='word_1_709' title='bbox 2196 2759 2259 2809; x_wconf 74' lang='grc' dir='ltr'>οὐχ</span> <span class='ocrx_word' id='word_1_710' title='bbox 2278 2756 2368 2795; x_wconf 82' lang='grc' dir='ltr'>οὕτω</span> 
     </span>
     <span class='ocr_line' id='line_1_65' title="bbox 293 2811 2369 2872; baseline 0.002 -23"><span class='ocrx_word' id='word_1_711' title='bbox 293 2811 583 2863; x_wconf 83' lang='lat' dir='ltr'><strong>deprehenditur,</strong></span> <span class='ocrx_word' id='word_1_712' title='bbox 618 2813 652 2850; x_wconf 86' lang='lat' dir='ltr'><strong>in</strong></span> <span class='ocrx_word' id='word_1_713' title='bbox 689 2814 792 2851; x_wconf 86' lang='lat' dir='ltr'><strong>rebus</strong></span> <span class='ocrx_word' id='word_1_714' title='bbox 827 2829 896 2853; x_wconf 92' lang='lat' dir='ltr'>non</span> <span class='ocrx_word' id='word_1_715' title='bbox 930 2817 1026 2855; x_wconf 89' lang='lat' dir='ltr'><strong>item.</strong></span> <span class='ocrx_word' id='word_1_716' title='bbox 1061 2819 1153 2856; x_wconf 86' lang='lat' dir='ltr'><strong>Cum</strong></span> <span class='ocrx_word' id='word_1_717' title='bbox 1182 2819 1275 2857; x_wconf 86' lang='lat' dir='ltr'><strong>enim</strong></span> <span class='ocrx_word' id='word_1_718' title='bbox 1348 2823 1469 2858; x_wconf 87' lang='grc' dir='ltr'>ποιῶν.</span> <span class='ocrx_word' id='word_1_719' title='bbox 1490 2819 1604 2859; x_wconf 53' lang='grc' dir='ltr'>(Ὅταν</span> <span class='ocrx_word' id='word_1_720' title='bbox 1619 2819 1686 2872; x_wconf 86' lang='grc' dir='ltr'>γὰρ</span> <span class='ocrx_word' id='word_1_721' title='bbox 1703 2822 1970 2872; x_wconf 73' lang='grc' dir='ltr'>Οαυματουργῇ,</span> <span class='ocrx_word' id='word_1_722' title='bbox 1997 2821 2070 2869; x_wconf 88' lang='grc' dir='ltr'>μετ’</span> <span class='ocrx_word' id='word_1_723' title='bbox 2086 2817 2239 2861; x_wconf 82' lang='grc' dir='ltr'>ἐξουσίας</span> <span class='ocrx_word' id='word_1_724' title='bbox 2253 2817 2369 2855; x_wconf 83' lang='grc' dir='ltr'>πάντα</span> 
     </span>
     <span class='ocr_line' id='line_1_66' title="bbox 294 2873 2368 2933; baseline 0.002 -23"><span class='ocrx_word' id='word_1_725' title='bbox 294 2873 465 2911; x_wconf 82' lang='lat' dir='ltr'><strong>miracula</strong></span> <span class='ocrx_word' id='word_1_726' title='bbox 483 2873 568 2923; x_wconf 82' lang='lat' dir='ltr'><strong>edit,</strong></span> <span class='ocrx_word' id='word_1_727' title='bbox 592 2888 672 2911; x_wconf 88' lang='lat' dir='ltr'><strong>cum</strong></span> <span class='ocrx_word' id='word_1_728' title='bbox 694 2884 862 2926; x_wconf 85' lang='lat' dir='ltr'><strong>potestate</strong></span> <span class='ocrx_word' id='word_1_729' title='bbox 881 2879 997 2916; x_wconf 86' lang='lat' dir='ltr'><strong>omnia</strong></span> <span class='ocrx_word' id='word_1_730' title='bbox 1025 2880 1108 2917; x_wconf 85' lang='lat' dir='ltr'><strong>facit</strong></span> <span class='ocrx_word' id='word_1_731' title='bbox 1126 2880 1247 2919; x_wconf 88' lang='lat' dir='ltr'><strong>dicens</strong></span> <span class='ocrx_word' id='word_1_732' title='bbox 1268 2897 1276 2918; x_wconf 74' lang='grc' dir='ltr'>ε</span> <span class='ocrx_word' id='word_1_733' title='bbox 1349 2887 1458 2929; x_wconf 88' lang='grc' dir='ltr'>ποιεῖ,</span> <span class='ocrx_word' id='word_1_734' title='bbox 1484 2881 1612 2933; x_wconf 83' lang='grc' dir='ltr'>λέγων·</span> <span class='ocrx_word' id='word_1_735' title='bbox 1636 2880 1759 2927; x_wconf 86' lang='grc' dir='ltr'>Θέλω,</span> <span class='ocrx_word' id='word_1_736' title='bbox 1791 2879 2032 2932; x_wconf 74' lang='grc' dir='ltr'>καθαρίσθητι.</span> <span class='ocrx_word' id='word_1_737' title='bbox 2059 2884 2074 2899; x_wconf 62' lang='lat'>‘¹</span> <span class='ocrx_word' id='word_1_738' title='bbox 2089 2878 2250 2926; x_wconf 81' lang='grc' dir='ltr'>ΤαλιΟὰ,</span> <span class='ocrx_word' id='word_1_739' title='bbox 2280 2878 2368 2916; x_wconf 86' lang='grc' dir='ltr'>ἀνά-</span> 
     </span>
     <span class='ocr_line' id='line_1_67' title="bbox 298 2935 2369 2993; baseline 0.003 -22"><span class='ocrx_word' id='word_1_740' title='bbox 298 2935 407 2981; x_wconf 84' lang='lat' dir='ltr'>Volo,</span> <span class='ocrx_word' id='word_1_741' title='bbox 431 2936 630 2972; x_wconf 81' lang='lat' dir='ltr'><strong>mundare.</strong></span> <span class='ocrx_word' id='word_1_742' title='bbox 659 2937 829 2983; x_wconf 76' lang='lat' dir='ltr'>Talitlza,</span> <span class='ocrx_word' id='word_1_743' title='bbox 852 2952 974 2990; x_wconf 78' lang='lat' dir='ltr'><strong>surge.</strong></span> <span class='ocrx_word' id='word_1_744' title='bbox 998 2943 1176 2980; x_wconf 60' lang='lat' dir='ltr'><strong>Extende</strong></span> <span class='ocrx_word' id='word_1_745' title='bbox 1195 2957 1276 2980; x_wconf 83' lang='lat' dir='ltr'>ma·</span> <span class='ocrx_word' id='word_1_746' title='bbox 1349 2946 1460 2990; x_wconf 88' lang='grc' dir='ltr'>στη.οι</span> <span class='ocrx_word' id='word_1_747' title='bbox 1479 2941 1658 2980; x_wconf 85' lang='grc' dir='ltr'>Ἔκτεινον</span> <span class='ocrx_word' id='word_1_748' title='bbox 1680 2940 1742 2987; x_wconf 81' lang='grc' dir='ltr'>τὴν</span> <span class='ocrx_word' id='word_1_749' title='bbox 1759 2946 1872 2993; x_wconf 79' lang='grc' dir='ltr'>χεῖρα.</span> <span class='ocrx_word' id='word_1_750' title='bbox 1893 2939 2080 2992; x_wconf 71' lang='grc' dir='ltr'>Ἀφέωνταί</span> <span class='ocrx_word' id='word_1_751' title='bbox 2110 2955 2162 2978; x_wconf 88' lang='grc' dir='ltr'>σοι</span> <span class='ocrx_word' id='word_1_752' title='bbox 2186 2942 2221 2977; x_wconf 84' lang='grc' dir='ltr'>αἱ</span> <span class='ocrx_word' id='word_1_753' title='bbox 2249 2940 2369 2991; x_wconf 85' lang='grc' dir='ltr'>ἁμαρ-</span> 
     </span>
    </p>
   </div>
   <div class='ocr_carea' id='block_1_20' title="bbox 298 3118 2369 3239">
    <p class='ocr_par' dir='ltr' id='par_1_25' title="bbox 298 3118 2369 3239">
     <span class='ocr_line' id='line_1_68' title="bbox 298 3118 2365 3178; baseline 0.001 -24"><span class='ocrx_word' id='word_1_754' title='bbox 298 3131 402 3154; x_wconf 78' lang='lat' dir='ltr'><strong>mum</strong></span> <span class='ocrx_word' id='word_1_755' title='bbox 419 3118 634 3154; x_wconf 78' lang='lat' dir='ltr'><strong>tuam.Tibi</strong></span> <span class='ocrx_word' id='word_1_756' title='bbox 653 3118 754 3166; x_wconf 76' lang='lat' dir='ltr'><strong>dico,</strong></span> <span class='ocrx_word' id='word_1_757' title='bbox 773 3119 920 3155; x_wconf 79' lang='lat' dir='ltr'><strong>malum</strong></span> <span class='ocrx_word' id='word_1_758' title='bbox 936 3121 1179 3169; x_wconf 72' lang='lat' dir='ltr'><strong>doemoninm,</strong></span> <span class='ocrx_word' id='word_1_759' title='bbox 1197 3126 1277 3162; x_wconf 65' lang='lat' dir='ltr'>Em·</span> <span class='ocrx_word' id='word_1_760' title='bbox 1351 3126 1509 3178; x_wconf 76' lang='grc' dir='ltr'>μόνιον,ε</span> <span class='ocrx_word' id='word_1_761' title='bbox 1497 3126 1607 3170; x_wconf 82' lang='grc' dir='ltr'>ἔξελθε</span> <span class='ocrx_word' id='word_1_762' title='bbox 1629 3127 1689 3164; x_wconf 84' lang='grc' dir='ltr'>ἀπ’</span> <span class='ocrx_word' id='word_1_763' title='bbox 1706 3128 1818 3164; x_wconf 82' lang='grc' dir='ltr'>αὐτοῦ.</span> <span class='ocrx_word' id='word_1_764' title='bbox 1836 3125 2020 3171; x_wconf 74' lang='grc' dir='ltr'>Γενηθήτω</span> <span class='ocrx_word' id='word_1_765' title='bbox 2035 3140 2088 3163; x_wconf 92' lang='grc' dir='ltr'>σοι</span> <span class='ocrx_word' id='word_1_766' title='bbox 2108 3127 2154 3167; x_wconf 80' lang='grc' dir='ltr'>ὡς</span> <span class='ocrx_word' id='word_1_767' title='bbox 2172 3123 2290 3165; x_wconf 80' lang='grc' dir='ltr'>θέλεις.</span> <span class='ocrx_word' id='word_1_768' title='bbox 2307 3120 2365 3159; x_wconf 82' lang='grc' dir='ltr'>Αν</span> 
     </span>
     <span class='ocr_line' id='line_1_69' title="bbox 299 3179 2369 3239; baseline 0.002 -25"><span class='ocrx_word' id='word_1_769' title='bbox 299 3180 346 3215; x_wconf 87' lang='lat' dir='ltr'>ab</span> <span class='ocrx_word' id='word_1_770' title='bbox 367 3181 460 3229; x_wconf 82' lang='lat' dir='ltr'><strong>ipso.</strong></span> <span class='ocrx_word' id='word_1_771' title='bbox 484 3179 576 3215; x_wconf 78' lang='lat' dir='ltr'>Fiat</span> <span class='ocrx_word' id='word_1_772' title='bbox 592 3180 660 3215; x_wconf 69' lang='lat' dir='ltr'>tihi</span> <span class='ocrx_word' id='word_1_773' title='bbox 679 3181 775 3216; x_wconf 82' lang='lat' dir='ltr'><strong>sicut</strong></span> <span class='ocrx_word' id='word_1_774' title='bbox 791 3181 866 3217; x_wconf 79' lang='lat' dir='ltr'><strong>vis.</strong></span> <span class='ocrx_word' id='word_1_775' title='bbox 886 3180 1025 3232; x_wconf 76' lang='lat' dir='ltr'>Siquis</span> <span class='ocrx_word' id='word_1_776' title='bbox 1042 3185 1151 3221; x_wconf 77' lang='lat' dir='ltr'><strong>vobis</strong></span> <span class='ocrx_word' id='word_1_777' title='bbox 1172 3187 1276 3223; x_wconf 67' lang='lat' dir='ltr'><strong>dixe·</strong></span> <span class='ocrx_word' id='word_1_778' title='bbox 1352 3203 1403 3230; x_wconf 90' lang='grc' dir='ltr'>τις</span> <span class='ocrx_word' id='word_1_779' title='bbox 1422 3189 1502 3238; x_wconf 83' lang='grc' dir='ltr'>ὑμῖν</span> <span class='ocrx_word' id='word_1_780' title='bbox 1526 3186 1605 3239; x_wconf 88' lang='grc' dir='ltr'>εἴπῃ</span> <span class='ocrx_word' id='word_1_781' title='bbox 1629 3202 1684 3234; x_wconf 89' lang='grc' dir='ltr'>τι,</span> <span class='ocrx_word' id='word_1_782' title='bbox 1711 3187 1818 3237; x_wconf 81' lang='grc' dir='ltr'>ἐρεῖτε</span> <span class='ocrx_word' id='word_1_783' title='bbox 1840 3185 1893 3224; x_wconf 78' lang='grc' dir='ltr'>ὅτι</span> <span class='ocrx_word' id='word_1_784' title='bbox 1920 3187 1937 3222; x_wconf 83' lang='grc' dir='ltr'><strong>ὁ</strong></span> <span class='ocrx_word' id='word_1_785' title='bbox 1967 3183 2091 3238; x_wconf 80' lang='grc' dir='ltr'>Κύριος</span> <span class='ocrx_word' id='word_1_786' title='bbox 2116 3185 2217 3222; x_wconf 77' lang='grc' dir='ltr'>αὐτοῦ</span> <span class='ocrx_word' id='word_1_787' title='bbox 2249 3181 2369 3235; x_wconf 80' lang='grc' dir='ltr'>χρείαν</span> 
     </span>
    </p>
   </div>
   <div class='ocr_carea' id='block_1_21' title="bbox 297 3315 2370 3467">
    <p class='ocr_par' dir='ltr' id='par_1_26' title="bbox 297 3315 2370 3467">
     <span class='ocr_line' id='line_1_70' title="bbox 343 3315 1935 3369; baseline 0.004 -21"><span class='ocrx_word' id='word_1_788' title='bbox 343 3316 357 3329; x_wconf 64' lang='grc'><strong><em>*</em></strong></span> <span class='ocrx_word' id='word_1_789' title='bbox 383 3316 515 3360; x_wconf 65' lang='grc' dir='ltr'>[νύκτωρ</span> <span class='ocrx_word' id='word_1_790' title='bbox 528 3316 629 3350; x_wconf 79' lang='lat' dir='ltr'><strong>savit.</strong></span> <span class='ocrx_word' id='word_1_791' title='bbox 645 3324 676 3348; x_wconf 81' lang='lat' dir='ltr'><strong>et</strong></span> <span class='ocrx_word' id='word_1_792' title='bbox 693 3315 800 3349; x_wconf 87' lang='lat' dir='ltr'><strong>Codd.</strong></span> <span class='ocrx_word' id='word_1_793' title='bbox 815 3319 930 3350; x_wconf 85' lang='lat' dir='ltr'><strong>nostri.</strong></span> <span class='ocrx_word' id='word_1_794' title='bbox 946 3318 1022 3350; x_wconf 79' lang='lat' dir='ltr'>Mox</span> <span class='ocrx_word' id='word_1_795' title='bbox 1033 3318 1130 3351; x_wconf 76' lang='lat' dir='ltr'><strong>iidem</strong></span> <span class='ocrx_word' id='word_1_796' title='bbox 1150 3324 1301 3355; x_wconf 56' lang='grc' dir='ltr'>οὐδὲντοὰ-</span> <span class='ocrx_word' id='word_1_797' title='bbox 1368 3325 1423 3366; x_wconf 80' lang='lat' dir='ltr'><strong>qui</strong></span> <span class='ocrx_word' id='word_1_798' title='bbox 1441 3331 1596 3365; x_wconf 75' lang='lat' dir='ltr'><strong>praetcrea</strong></span> <span class='ocrx_word' id='word_1_799' title='bbox 1613 3326 1757 3369; x_wconf 73' lang='grc' dir='ltr'>ἑτέρωθεν</span> <span class='ocrx_word' id='word_1_800' title='bbox 1769 3327 1860 3365; x_wconf 74' lang='grc' dir='ltr'>βοηεθ</span> <span class='ocrx_word' id='word_1_801' title='bbox 1863 3326 1916 3359; x_wconf 71' lang='grc' dir='ltr'>ἰας.</span> <span class='ocrx_word' id='word_1_802' title='bbox 1925 3320 1935 3363; x_wconf 82' lang='lat'>]</span> 
     </span>
     <span class='ocr_line' id='line_1_71' title="bbox 297 3368 2370 3414; baseline 0 -13"><span class='ocrx_word' id='word_1_803' title='bbox 297 3383 354 3401; x_wconf 75' lang='grc' dir='ltr'>των</span> <span class='ocrx_word' id='word_1_804' title='bbox 372 3369 472 3409; x_wconf 56' lang='grc' dir='ltr'>εἶπεν]</span> <span class='ocrx_word' id='word_1_805' title='bbox 1411 3386 1424 3399; x_wconf 78' lang='grc' dir='ltr'>ἰ</span> <span class='ocrx_word' id='word_1_806' title='bbox 1450 3375 1509 3406; x_wconf 82' lang='lat' dir='ltr'><strong>Alii</strong></span> <span class='ocrx_word' id='word_1_807' title='bbox 1527 3379 1650 3410; x_wconf 53' lang='lat' dir='ltr'>Tsegos.</span> <span class='ocrx_word' id='word_1_808' title='bbox 1670 3374 1746 3406; x_wconf 82' lang='lat' dir='ltr'>Mox</span> <span class='ocrx_word' id='word_1_809' title='bbox 1763 3371 1876 3406; x_wconf 80' lang='lat' dir='ltr'><strong>Morcl.</strong></span> <span class='ocrx_word' id='word_1_810' title='bbox 1893 3378 1950 3406; x_wconf 62' lang='grc' dir='ltr'>ἀπ’</span> <span class='ocrx_word' id='word_1_811' title='bbox 1951 3376 2040 3406; x_wconf 65' lang='lat' dir='ltr'><strong>omrai</strong></span> <span class='ocrx_word' id='word_1_812' title='bbox 2065 3384 2117 3404; x_wconf 69' lang='grc' dir='ltr'><em>σθ’.</em></span> <span class='ocrx_word' id='word_1_813' title='bbox 2137 3368 2237 3406; x_wconf 76' lang='lat' dir='ltr'><strong>Savll.</strong></span> <span class='ocrx_word' id='word_1_814' title='bbox 2256 3375 2327 3414; x_wconf 58' lang='lat' dir='ltr'>apio</span> <span class='ocrx_word' id='word_1_815' title='bbox 2317 3385 2370 3402; x_wconf 70' lang='grc' dir='ltr'>ιν-</span> 
     </span>
     <span class='ocr_line' id='line_1_72' title="bbox 340 3421 1494 3467; baseline 0.007 -15"><span class='ocrx_word' id='word_1_816' title='bbox 340 3422 373 3437; x_wconf 66' lang='grc'>’“</span> <span class='ocrx_word' id='word_1_817' title='bbox 396 3422 508 3461; x_wconf 72' lang='grc' dir='ltr'>[εἰπεῖν</span> <span class='ocrx_word' id='word_1_818' title='bbox 530 3425 612 3462; x_wconf 68' lang='grc' dir='ltr'>μὲν..</span> <span class='ocrx_word' id='word_1_819' title='bbox 638 3428 834 3467; x_wconf 68' lang='grc' dir='ltr'>παρῃτήσατο</span> <span class='ocrx_word' id='word_1_820' title='bbox 850 3428 920 3460; x_wconf 77' lang='grc' dir='ltr'>τέως</span> <span class='ocrx_word' id='word_1_821' title='bbox 935 3421 1033 3454; x_wconf 77' lang='lat' dir='ltr'><strong>Savil‹</strong></span> <span class='ocrx_word' id='word_1_822' title='bbox 1056 3431 1087 3455; x_wconf 72' lang='lat' dir='ltr'><strong>et</strong></span> <span class='ocrx_word' id='word_1_823' title='bbox 1109 3423 1197 3460; x_wconf 75' lang='lat' dir='ltr'><strong>Cod.</strong></span> <span class='ocrx_word' id='word_1_824' title='bbox 1222 3427 1297 3467; x_wconf 65' lang='lat'>7‘15,</span> <span class='ocrx_word' id='word_1_825' title='bbox 1368 3432 1417 3460; x_wconf 71' lang='grc' dir='ltr'>ταί</span> <span class='ocrx_word' id='word_1_826' title='bbox 1434 3442 1494 3461; x_wconf 67' lang='grc' dir='ltr'>σου.</span> 
     </span>
    </p>
   </div>
  </div>
 </body>
</html>
