<?xml version="1.0" encoding="UTF-8"?>
<!DOCTYPE html PUBLIC "-//W3C//DTD XHTML 1.0 Transitional//EN"
    "http://www.w3.org/TR/xhtml1/DTD/xhtml1-transitional.dtd">
<html xmlns="http://www.w3.org/1999/xhtml" xml:lang="en" lang="en">
 <head>
  <title>
</title>
<meta http-equiv="Content-Type" content="text/html;charset=utf-8" />
  <meta name='ocr-system' content='tesseract 3.04.00' />
  <meta name='ocr-capabilities' content='ocr_page ocr_carea ocr_par ocr_line ocrx_word'/>
</head>
<body>
  <div class='ocr_page' id='page_1' title='image "./operaomniaquaeex08johnuoft/operaomniaquaeex08johnuoft_0349.png"; bbox 0 0 2481 3678; ppageno 0'>
   <div class='ocr_carea' id='block_1_1' title="bbox 689 194 1172 228">
    <p class='ocr_par' dir='ltr' id='par_1_1' title="bbox 689 194 1172 228">
     <span class='ocr_line' id='line_1_1' title="bbox 689 194 1172 228; baseline -0.014 0"><span class='ocrx_word' id='word_1_1' title='bbox 689 198 732 227; x_wconf 85' lang='lat' dir='ltr'>1N</span> <span class='ocrx_word' id='word_1_2' title='bbox 770 198 976 228; x_wconf 77' lang='lat' dir='ltr'>JoANNEM</span> <span class='ocrx_word' id='word_1_3' title='bbox 1013 194 1105 225; x_wconf 56' lang='lat'>[10³1</span> <span class='ocrx_word' id='word_1_4' title='bbox 1115 195 1121 221; x_wconf 89' lang='grc' dir='ltr'>Ι</span> <span class='ocrx_word' id='word_1_5' title='bbox 1131 194 1155 222; x_wconf 93' lang='lat' dir='ltr'>L</span> <span class='ocrx_word' id='word_1_6' title='bbox 1165 212 1172 222; x_wconf 83' lang='lat'><strong>.</strong></span> 
     </span>
    </p>
   </div>
   <div class='ocr_carea' id='block_1_2' title="bbox 130 273 1160 1195">
    <p class='ocr_par' dir='ltr' id='par_1_2' title="bbox 131 273 1152 626">
     <span class='ocr_line' id='line_1_2' title="bbox 131 273 1143 327; baseline -0.006 -6"><span class='ocrx_word' id='word_1_7' title='bbox 131 283 211 327; x_wconf 79' lang='grc' dir='ltr'>Υἱὸς</span> <span class='ocrx_word' id='word_1_8' title='bbox 231 285 290 321; x_wconf 73' lang='grc' dir='ltr'>τοῦ</span> <span class='ocrx_word' id='word_1_9' title='bbox 317 283 409 321; x_wconf 69' lang='grc' dir='ltr'>Θεοῦ</span> <span class='ocrx_word' id='word_1_10' title='bbox 423 285 482 320; x_wconf 82' lang='grc' dir='ltr'>τοῦ</span> <span class='ocrx_word' id='word_1_11' title='bbox 505 282 642 326; x_wconf 83' lang='grc' dir='ltr'>ζῶντος.</span> <span class='ocrx_word' id='word_1_12' title='bbox 662 281 834 320; x_wconf 76' lang='grc' dir='ltr'>Ἐνταῦθα</span> <span class='ocrx_word' id='word_1_13' title='bbox 859 282 894 320; x_wconf 85' lang='grc' dir='ltr'>δὲ</span> <span class='ocrx_word' id='word_1_14' title='bbox 911 280 1029 327; x_wconf 80' lang='grc' dir='ltr'>ἐπειδὴ</span> <span class='ocrx_word' id='word_1_15' title='bbox 1054 273 1143 317; x_wconf 66' lang='grc' dir='ltr'>εἶπε·</span> 
     </span>
     <span class='ocr_line' id='line_1_3' title="bbox 131 339 1148 394; baseline -0.004 -14"><span class='ocrx_word' id='word_1_16' title='bbox 131 343 201 381; x_wconf 77' lang='grc' dir='ltr'>Καὶ</span> <span class='ocrx_word' id='word_1_17' title='bbox 226 347 326 394; x_wconf 81' lang='grc' dir='ltr'>ἡμεῖς</span> <span class='ocrx_word' id='word_1_18' title='bbox 355 341 651 393; x_wconf 75' lang='grc' dir='ltr'>πεπιστεύκαμεν,</span> <span class='ocrx_word' id='word_1_19' title='bbox 673 342 813 386; x_wconf 85' lang='grc' dir='ltr'>εἰκότως</span> <span class='ocrx_word' id='word_1_20' title='bbox 841 343 902 381; x_wconf 76' lang='grc' dir='ltr'>οὐκ</span> <span class='ocrx_word' id='word_1_21' title='bbox 937 341 1058 393; x_wconf 74' lang='grc' dir='ltr'>ἀφίησι</span> <span class='ocrx_word' id='word_1_22' title='bbox 1089 339 1148 377; x_wconf 81' lang='grc' dir='ltr'>τὸν</span> 
     </span>
     <span class='ocr_line' id='line_1_4' title="bbox 131 400 1150 455; baseline -0.004 -13"><span class='ocrx_word' id='word_1_23' title='bbox 131 404 264 442; x_wconf 78' lang='grc' dir='ltr'>Ἰούδαν</span> <span class='ocrx_word' id='word_1_24' title='bbox 285 406 332 448; x_wconf 89' lang='grc' dir='ltr'>εἷς</span> <span class='ocrx_word' id='word_1_25' title='bbox 358 403 416 442; x_wconf 80' lang='grc' dir='ltr'>τὸν</span> <span class='ocrx_word' id='word_1_26' title='bbox 437 403 574 442; x_wconf 80' lang='grc' dir='ltr'>ἐκείνων</span> <span class='ocrx_word' id='word_1_27' title='bbox 596 404 712 455; x_wconf 72' lang='grc' dir='ltr'>χορόν.</span> <span class='ocrx_word' id='word_1_28' title='bbox 729 406 842 442; x_wconf 77' lang='grc' dir='ltr'>Τοῦτο</span> <span class='ocrx_word' id='word_1_29' title='bbox 864 403 897 441; x_wconf 81' lang='grc' dir='ltr'>δὲ</span> <span class='ocrx_word' id='word_1_30' title='bbox 922 402 1049 446; x_wconf 81' lang='grc' dir='ltr'>ἐποίει,</span> <span class='ocrx_word' id='word_1_31' title='bbox 1066 400 1150 452; x_wconf 80' lang='grc' dir='ltr'>πόῤ-</span> 
     </span>
     <span class='ocr_line' id='line_1_5' title="bbox 133 461 1148 518; baseline -0.006 -15"><span class='ocrx_word' id='word_1_32' title='bbox 133 469 237 518; x_wconf 80' lang='grc' dir='ltr'>ῥωθεν</span> <span class='ocrx_word' id='word_1_33' title='bbox 256 466 315 504; x_wconf 80' lang='grc' dir='ltr'>καὶ</span> <span class='ocrx_word' id='word_1_34' title='bbox 334 465 461 503; x_wconf 76' lang='grc' dir='ltr'>ἄνωθεν</span> <span class='ocrx_word' id='word_1_35' title='bbox 477 470 535 504; x_wconf 75' lang='grc' dir='ltr'>τοῦ</span> <span class='ocrx_word' id='word_1_36' title='bbox 552 465 719 517; x_wconf 75' lang='grc' dir='ltr'>προδότου</span> <span class='ocrx_word' id='word_1_37' title='bbox 732 465 794 512; x_wconf 82' lang='grc' dir='ltr'>τὴν</span> <span class='ocrx_word' id='word_1_38' title='bbox 811 463 936 503; x_wconf 81' lang='grc' dir='ltr'>κακίαν</span> <span class='ocrx_word' id='word_1_39' title='bbox 958 461 1148 513; x_wconf 87' lang='grc' dir='ltr'>ἀνακρουό-</span> 
     </span>
     <span class='ocr_line' id='line_1_6' title="bbox 132 521 1152 577; baseline -0.006 -13"><span class='ocrx_word' id='word_1_40' title='bbox 132 543 249 576; x_wconf 81' lang='grc' dir='ltr'>μενος,</span> <span class='ocrx_word' id='word_1_41' title='bbox 265 526 362 570; x_wconf 82' lang='grc' dir='ltr'>εἷδὼς</span> <span class='ocrx_word' id='word_1_42' title='bbox 378 525 438 577; x_wconf 79' lang='grc' dir='ltr'>μὲν</span> <span class='ocrx_word' id='word_1_43' title='bbox 461 525 513 564; x_wconf 79' lang='grc' dir='ltr'>ὅτι</span> <span class='ocrx_word' id='word_1_44' title='bbox 528 526 622 565; x_wconf 77' lang='grc' dir='ltr'>οὐδὲν</span> <span class='ocrx_word' id='word_1_45' title='bbox 637 526 754 573; x_wconf 76' lang='grc' dir='ltr'>ὀνήσει</span> <span class='ocrx_word' id='word_1_46' title='bbox 768 556 778 574; x_wconf 94' lang='grc'>,</span> <span class='ocrx_word' id='word_1_47' title='bbox 795 525 835 563; x_wconf 80' lang='grc' dir='ltr'>τὸ</span> <span class='ocrx_word' id='word_1_48' title='bbox 849 525 884 562; x_wconf 80' lang='grc' dir='ltr'>δὲ</span> <span class='ocrx_word' id='word_1_49' title='bbox 904 526 1026 561; x_wconf 79' lang='grc' dir='ltr'>ἑαυτοῦ</span> <span class='ocrx_word' id='word_1_50' title='bbox 1040 521 1152 572; x_wconf 84' lang='grc' dir='ltr'>πράτ-</span> 
     </span>
     <span class='ocr_line' id='line_1_7' title="bbox 131 604 211 626; baseline 0.013 -1"><span class='ocrx_word' id='word_1_51' title='bbox 131 604 211 626; x_wconf 90' lang='grc' dir='ltr'>των.</span> 
     </span>
    </p>

    <p class='ocr_par' dir='ltr' id='par_1_3' title="bbox 130 643 1160 1195">
     <span class='ocr_line' id='line_1_8' title="bbox 183 643 1152 702; baseline -0.008 -15"><span class='ocrx_word' id='word_1_52' title='bbox 183 650 253 687; x_wconf 84' lang='grc' dir='ltr'>Καὶ</span> <span class='ocrx_word' id='word_1_53' title='bbox 273 649 334 688; x_wconf 86' lang='grc' dir='ltr'>θεά</span> <span class='ocrx_word' id='word_1_54' title='bbox 352 650 414 697; x_wconf 82' lang='grc' dir='ltr'>τὴν</span> <span class='ocrx_word' id='word_1_55' title='bbox 435 650 554 702; x_wconf 65' lang='grc' dir='ltr'>σοφίαν</span> <span class='ocrx_word' id='word_1_56' title='bbox 569 666 576 673; x_wconf 91' lang='grc'><em>·</em></span> <span class='ocrx_word' id='word_1_57' title='bbox 594 649 671 688; x_wconf 84' lang='grc' dir='ltr'>οὔτε</span> <span class='ocrx_word' id='word_1_58' title='bbox 693 647 794 686; x_wconf 84' lang='grc' dir='ltr'>αὐτὸν</span> <span class='ocrx_word' id='word_1_59' title='bbox 814 644 958 698; x_wconf 77' lang='grc' dir='ltr'>φανερὸν</span> <span class='ocrx_word' id='word_1_60' title='bbox 980 643 1152 690; x_wconf 80' lang='grc' dir='ltr'>ἐποίησεν,</span> 
     </span>
     <span class='ocr_line' id='line_1_9' title="bbox 130 703 1151 759; baseline -0.009 -10"><span class='ocrx_word' id='word_1_61' title='bbox 130 710 207 749; x_wconf 82' lang='grc' dir='ltr'>οὔτε</span> <span class='ocrx_word' id='word_1_62' title='bbox 223 713 340 749; x_wconf 90' lang='grc' dir='ltr'>λαθεῖν</span> <span class='ocrx_word' id='word_1_63' title='bbox 368 712 479 750; x_wconf 83' lang='grc' dir='ltr'>εἴασεν</span> <span class='ocrx_word' id='word_1_64' title='bbox 494 727 501 735; x_wconf 95' lang='grc'><em>·</em></span> <span class='ocrx_word' id='word_1_65' title='bbox 523 714 632 750; x_wconf 82' lang='grc' dir='ltr'>ἐκεῖνο</span> <span class='ocrx_word' id='word_1_66' title='bbox 654 708 728 759; x_wconf 80' lang='grc' dir='ltr'>μὲν,</span> <span class='ocrx_word' id='word_1_67' title='bbox 744 707 800 745; x_wconf 70' lang='grc' dir='ltr'>ἵνα</span> <span class='ocrx_word' id='word_1_68' title='bbox 819 706 866 756; x_wconf 85' lang='grc' dir='ltr'>μὴ</span> <span class='ocrx_word' id='word_1_69' title='bbox 891 703 1151 756; x_wconf 81' lang='grc' dir='ltr'>ἀναισχυνθήσῃ</span> 
     </span>
     <span class='ocr_line' id='line_1_10' title="bbox 131 765 1154 825; baseline -0.007 -16"><span class='ocrx_word' id='word_1_70' title='bbox 131 772 190 810; x_wconf 86' lang='grc' dir='ltr'>καὶ</span> <span class='ocrx_word' id='word_1_71' title='bbox 213 773 484 825; x_wconf 79' lang='grc' dir='ltr'>φιλονεικότερος</span> <span class='ocrx_word' id='word_1_72' title='bbox 498 772 656 823; x_wconf 85' lang='grc' dir='ltr'>γε’νηται·</span> <span class='ocrx_word' id='word_1_73' title='bbox 679 772 779 807; x_wconf 82' lang='grc' dir='ltr'>τοῦτο</span> <span class='ocrx_word' id='word_1_74' title='bbox 796 766 850 814; x_wconf 79' lang='grc' dir='ltr'>δὲ,</span> <span class='ocrx_word' id='word_1_75' title='bbox 864 766 921 804; x_wconf 77' lang='grc' dir='ltr'>ἵνα</span> <span class='ocrx_word' id='word_1_76' title='bbox 941 765 989 817; x_wconf 83' lang='grc' dir='ltr'>μὴ</span> <span class='ocrx_word' id='word_1_77' title='bbox 1006 765 1154 815; x_wconf 83' lang='grc' dir='ltr'>νομίζων</span> 
     </span>
     <span class='ocr_line' id='line_1_11' title="bbox 131 826 1156 884; baseline -0.009 -12"><span class='ocrx_word' id='word_1_78' title='bbox 131 834 325 881; x_wconf 88' lang='grc' dir='ltr'>λανθάνειν,</span> <span class='ocrx_word' id='word_1_79' title='bbox 363 836 470 876; x_wconf 81' lang='grc' dir='ltr'>ἀδεῶς</span> <span class='ocrx_word' id='word_1_80' title='bbox 507 832 698 884; x_wconf 84' lang='grc' dir='ltr'>ἐργάσηται</span> <span class='ocrx_word' id='word_1_81' title='bbox 729 829 769 866; x_wconf 87' lang='grc' dir='ltr'>τὸ</span> <span class='ocrx_word' id='word_1_82' title='bbox 798 827 976 879; x_wconf 85' lang='grc' dir='ltr'>τόλμημα.</span> <span class='ocrx_word' id='word_1_83' title='bbox 1006 827 1068 864; x_wconf 76' lang='grc' dir='ltr'>Διὸ</span> <span class='ocrx_word' id='word_1_84' title='bbox 1096 826 1156 864; x_wconf 78' lang='grc' dir='ltr'>καὶ</span> 
     </span>
     <span class='ocr_line' id='line_1_12' title="bbox 131 888 1157 947; baseline -0.006 -16"><span class='ocrx_word' id='word_1_85' title='bbox 131 895 262 946; x_wconf 86' lang='grc' dir='ltr'>προϊὼν</span> <span class='ocrx_word' id='word_1_86' title='bbox 278 893 535 947; x_wconf 79' lang='grc' dir='ltr'>φανερωτέρους</span> <span class='ocrx_word' id='word_1_87' title='bbox 551 891 675 943; x_wconf 79' lang='grc' dir='ltr'>ἐπάγει</span> <span class='ocrx_word' id='word_1_88' title='bbox 692 889 770 934; x_wconf 75' lang='grc' dir='ltr'>τοὺς</span> <span class='ocrx_word' id='word_1_89' title='bbox 785 889 960 942; x_wconf 76' lang='grc' dir='ltr'>ἐλέγχους.</span> <span class='ocrx_word' id='word_1_90' title='bbox 980 888 1157 940; x_wconf 84' lang='grc' dir='ltr'>Πρότερον</span> 
     </span>
     <span class='ocr_line' id='line_1_13' title="bbox 133 950 1157 1008; baseline -0.007 -14"><span class='ocrx_word' id='word_1_91' title='bbox 133 955 195 1006; x_wconf 83' lang='grc' dir='ltr'>μὲν</span> <span class='ocrx_word' id='word_1_92' title='bbox 210 956 277 1008; x_wconf 87' lang='grc' dir='ltr'>γὰρ</span> <span class='ocrx_word' id='word_1_93' title='bbox 297 956 356 994; x_wconf 85' lang='grc' dir='ltr'>καὶ</span> <span class='ocrx_word' id='word_1_94' title='bbox 377 956 479 993; x_wconf 79' lang='grc' dir='ltr'>αὐτὸν</span> <span class='ocrx_word' id='word_1_95' title='bbox 496 953 585 1005; x_wconf 81' lang='grc' dir='ltr'>μετὰ</span> <span class='ocrx_word' id='word_1_96' title='bbox 598 956 666 991; x_wconf 84' lang='grc' dir='ltr'>τῶν</span> <span class='ocrx_word' id='word_1_97' title='bbox 685 952 799 990; x_wconf 79' lang='grc' dir='ltr'>ἄλλων</span> <span class='ocrx_word' id='word_1_98' title='bbox 812 951 1021 1004; x_wconf 83' lang='grc' dir='ltr'>ἠρίθμησεν,</span> <span class='ocrx_word' id='word_1_99' title='bbox 1038 950 1157 997; x_wconf 80' lang='grc' dir='ltr'>εἰπὼν,</span> 
     </span>
     <span class='ocr_line' id='line_1_14' title="bbox 133 1013 1160 1067; baseline -0.004 -12"><span class='ocrx_word' id='word_1_100' title='bbox 133 1016 186 1055; x_wconf 78' lang='grc' dir='ltr'>ὅτι</span> <span class='ocrx_word' id='word_1_101' title='bbox 206 1016 287 1055; x_wconf 84' lang='grc' dir='ltr'>Εἰσί</span> <span class='ocrx_word' id='word_1_102' title='bbox 306 1033 396 1060; x_wconf 83' lang='grc' dir='ltr'>τινες</span> <span class='ocrx_word' id='word_1_103' title='bbox 416 1016 449 1061; x_wconf 82' lang='grc' dir='ltr'>ἐξ</span> <span class='ocrx_word' id='word_1_104' title='bbox 470 1018 579 1067; x_wconf 78' lang='grc' dir='ltr'>ὑμῶν,</span> <span class='ocrx_word' id='word_1_105' title='bbox 600 1015 632 1054; x_wconf 79' lang='grc' dir='ltr'>οἳ</span> <span class='ocrx_word' id='word_1_106' title='bbox 651 1017 689 1053; x_wconf 81' lang='grc' dir='ltr'>οὐ</span> <span class='ocrx_word' id='word_1_107' title='bbox 708 1013 930 1052; x_wconf 82' lang='grc' dir='ltr'>πιστεύουσιν</span> <span class='ocrx_word' id='word_1_108' title='bbox 953 1014 1027 1061; x_wconf 79' lang='grc' dir='ltr'>(ὅτι</span> <span class='ocrx_word' id='word_1_109' title='bbox 1046 1013 1080 1052; x_wconf 79' lang='grc' dir='ltr'>δὲ</span> <span class='ocrx_word' id='word_1_110' title='bbox 1100 1013 1160 1051; x_wconf 82' lang='grc' dir='ltr'>καὶ</span> 
     </span>
     <span class='ocr_line' id='line_1_15' title="bbox 132 1074 1160 1131; baseline -0.006 -14"><span class='ocrx_word' id='word_1_111' title='bbox 132 1077 189 1117; x_wconf 78' lang='grc' dir='ltr'>τὸν</span> <span class='ocrx_word' id='word_1_112' title='bbox 211 1078 384 1131; x_wconf 78' lang='grc' dir='ltr'>προδότην</span> <span class='ocrx_word' id='word_1_113' title='bbox 403 1078 632 1130; x_wconf 71' lang='grc' dir='ltr'>εἠρίθμησεν,</span> <span class='ocrx_word' id='word_1_114' title='bbox 652 1077 824 1123; x_wconf 80' lang='grc' dir='ltr'>ἐδήλωσεν</span> <span class='ocrx_word' id='word_1_115' title='bbox 846 1074 951 1114; x_wconf 80' lang='grc' dir='ltr'>εἰπὼν</span> <span class='ocrx_word' id='word_1_116' title='bbox 970 1079 987 1113; x_wconf 84' lang='grc' dir='ltr'>ὃ</span> <span class='ocrx_word' id='word_1_117' title='bbox 1014 1077 1160 1126; x_wconf 83' lang='grc' dir='ltr'>εὐαγγε-</span> 
     </span>
     <span class='ocr_line' id='line_1_16' title="bbox 131 1136 1160 1195; baseline -0.006 -16"><span class='ocrx_word' id='word_1_118' title='bbox 131 1141 254 1187; x_wconf 84' lang='grc' dir='ltr'>λιστής</span> <span class='ocrx_word' id='word_1_119' title='bbox 267 1156 274 1163; x_wconf 90' lang='grc'><em>·</em></span> <span class='ocrx_word' id='word_1_120' title='bbox 290 1139 394 1195; x_wconf 70' lang='grc' dir='ltr'>’ᾙδει</span> <span class='ocrx_word' id='word_1_121' title='bbox 407 1139 474 1193; x_wconf 79' lang='grc' dir='ltr'>γὰρ</span> <span class='ocrx_word' id='word_1_122' title='bbox 490 1139 524 1184; x_wconf 77' lang='grc' dir='ltr'>ἐξ</span> <span class='ocrx_word' id='word_1_123' title='bbox 535 1142 649 1191; x_wconf 64' lang='grc' dir='ltr'>ἀρχῆς</span> <span class='ocrx_word' id='word_1_124' title='bbox 664 1138 753 1181; x_wconf 85' lang='grc' dir='ltr'>τίνες</span> <span class='ocrx_word' id='word_1_125' title='bbox 769 1138 856 1175; x_wconf 79' lang='grc' dir='ltr'>εἰσὶν</span> <span class='ocrx_word' id='word_1_126' title='bbox 870 1140 900 1175; x_wconf 86' lang='grc' dir='ltr'>οἱ</span> <span class='ocrx_word' id='word_1_127' title='bbox 914 1136 962 1188; x_wconf 83' lang='grc' dir='ltr'>μὴ</span> <span class='ocrx_word' id='word_1_128' title='bbox 978 1136 1160 1174; x_wconf 85' lang='grc' dir='ltr'>πιστεύον-</span> 
     </span>
    </p>
   </div>
   <div class='ocr_carea' id='block_1_3' title="bbox 134 1197 1210 1252">
    <p class='ocr_par' dir='ltr' id='par_1_4' title="bbox 134 1197 1210 1252">
     <span class='ocr_line' id='line_1_17' title="bbox 134 1197 1210 1252; baseline -0.004 -12"><span class='ocrx_word' id='word_1_129' title='bbox 134 1219 209 1250; x_wconf 86' lang='grc' dir='ltr'>τες,</span> <span class='ocrx_word' id='word_1_130' title='bbox 229 1202 288 1240; x_wconf 81' lang='grc' dir='ltr'>καὶ</span> <span class='ocrx_word' id='word_1_131' title='bbox 307 1202 359 1245; x_wconf 84' lang='grc' dir='ltr'>τίς</span> <span class='ocrx_word' id='word_1_132' title='bbox 387 1205 480 1240; x_wconf 79' lang='grc' dir='ltr'>ἐστιν</span> <span class='ocrx_word' id='word_1_133' title='bbox 508 1205 525 1239; x_wconf 85' lang='grc' dir='ltr'>ὅ</span> <span class='ocrx_word' id='word_1_134' title='bbox 557 1200 775 1252; x_wconf 78' lang='grc' dir='ltr'>παραδώσων</span> <span class='ocrx_word' id='word_1_135' title='bbox 798 1199 941 1246; x_wconf 82' lang='grc' dir='ltr'>αὐτόν)·</span> <span class='ocrx_word' id='word_1_136' title='bbox 971 1197 1090 1244; x_wconf 82' lang='grc' dir='ltr'>ἐπειδὴ</span> <span class='ocrx_word' id='word_1_137' title='bbox 1125 1197 1159 1236; x_wconf 75' lang='grc' dir='ltr'>δὲ</span> <span class='ocrx_word' id='word_1_138' title='bbox 1187 1202 1210 1231; x_wconf 76' lang='grc' dir='ltr'>Ε</span> 
     </span>
    </p>
   </div>
   <div class='ocr_carea' id='block_1_4' title="bbox 135 1254 1161 1557">
    <p class='ocr_par' dir='ltr' id='par_1_5' title="bbox 135 1254 1161 1557">
     <span class='ocr_line' id='line_1_18' title="bbox 135 1254 1160 1315; baseline -0.005 -14"><span class='ocrx_word' id='word_1_139' title='bbox 135 1267 302 1315; x_wconf 83' lang='grc' dir='ltr'>ἐνέμεινε,</span> <span class='ocrx_word' id='word_1_140' title='bbox 317 1263 545 1315; x_wconf 77' lang='grc' dir='ltr'>σφοδρότερον</span> <span class='ocrx_word' id='word_1_141' title='bbox 557 1263 680 1314; x_wconf 79' lang='grc' dir='ltr'>ἐπάγει</span> <span class='ocrx_word' id='word_1_142' title='bbox 692 1262 749 1300; x_wconf 78' lang='grc' dir='ltr'>τὸν</span> <span class='ocrx_word' id='word_1_143' title='bbox 766 1260 921 1313; x_wconf 77' lang='grc' dir='ltr'>ἔλεγχον,</span> <span class='ocrx_word' id='word_1_144' title='bbox 936 1254 997 1303; x_wconf 67' lang='grc' dir='ltr'>Εἷς</span> <span class='ocrx_word' id='word_1_145' title='bbox 1012 1259 1046 1304; x_wconf 81' lang='grc' dir='ltr'>εξ</span> <span class='ocrx_word' id='word_1_146' title='bbox 1063 1262 1160 1310; x_wconf 75' lang='grc' dir='ltr'>ὑμῶν</span> 
     </span>
     <span class='ocr_line' id='line_1_19' title="bbox 137 1322 1161 1374; baseline -0.005 -11"><span class='ocrx_word' id='word_1_147' title='bbox 137 1325 296 1368; x_wconf 62' lang='grc' dir='ltr'>διάὸολός</span> <span class='ocrx_word' id='word_1_148' title='bbox 314 1327 419 1372; x_wconf 68' lang='grc' dir='ltr'>ἐστιν,</span> <span class='ocrx_word' id='word_1_149' title='bbox 434 1324 493 1361; x_wconf 81' lang='grc' dir='ltr'>καὶ</span> <span class='ocrx_word' id='word_1_150' title='bbox 512 1324 624 1362; x_wconf 82' lang='grc' dir='ltr'>κοινὸν</span> <span class='ocrx_word' id='word_1_151' title='bbox 642 1330 730 1361; x_wconf 78' lang='grc' dir='ltr'>πᾶσι</span> <span class='ocrx_word' id='word_1_152' title='bbox 747 1323 804 1361; x_wconf 83' lang='grc' dir='ltr'>τὸν</span> <span class='ocrx_word' id='word_1_153' title='bbox 820 1323 924 1374; x_wconf 65' lang='grc' dir='ltr'>φόὸον</span> <span class='ocrx_word' id='word_1_154' title='bbox 943 1322 1161 1368; x_wconf 82' lang='grc' dir='ltr'>καθίστησιν,</span> 
     </span>
     <span class='ocr_line' id='line_1_20' title="bbox 137 1381 1160 1436; baseline -0.006 -12"><span class='ocrx_word' id='word_1_155' title='bbox 137 1388 265 1424; x_wconf 80' lang='grc' dir='ltr'>ἐκεῖνον</span> <span class='ocrx_word' id='word_1_156' title='bbox 281 1385 467 1423; x_wconf 88' lang='grc' dir='ltr'>συσκιάσαι</span> <span class='ocrx_word' id='word_1_157' title='bbox 486 1384 706 1436; x_wconf 83' lang='grc' dir='ltr'>βουλόμενος.</span> <span class='ocrx_word' id='word_1_158' title='bbox 725 1381 836 1427; x_wconf 81' lang='grc' dir='ltr'>Ἄξιον</span> <span class='ocrx_word' id='word_1_159' title='bbox 857 1382 893 1421; x_wconf 84' lang='grc' dir='ltr'>δὲ</span> <span class='ocrx_word' id='word_1_160' title='bbox 918 1385 1064 1420; x_wconf 77' lang='grc' dir='ltr'>ἐνταῦθα</span> <span class='ocrx_word' id='word_1_161' title='bbox 1082 1383 1160 1419; x_wconf 91' lang='grc' dir='ltr'>δια-</span> 
     </span>
     <span class='ocr_line' id='line_1_21' title="bbox 137 1443 1160 1498; baseline -0.006 -13"><span class='ocrx_word' id='word_1_162' title='bbox 137 1449 295 1498; x_wconf 68' lang='grc' dir='ltr'>πορῆσαι</span> <span class='ocrx_word' id='word_1_163' title='bbox 311 1475 320 1493; x_wconf 91' lang='grc'>,</span> <span class='ocrx_word' id='word_1_164' title='bbox 339 1445 373 1483; x_wconf 88' lang='grc' dir='ltr'>τί</span> <span class='ocrx_word' id='word_1_165' title='bbox 401 1445 532 1491; x_wconf 77' lang='grc' dir='ltr'>δήποτε</span> <span class='ocrx_word' id='word_1_166' title='bbox 550 1450 606 1482; x_wconf 75' lang='grc' dir='ltr'>νῦν</span> <span class='ocrx_word' id='word_1_167' title='bbox 629 1444 690 1495; x_wconf 79' lang='grc' dir='ltr'>μὲν</span> <span class='ocrx_word' id='word_1_168' title='bbox 724 1443 819 1482; x_wconf 81' lang='grc' dir='ltr'>οὐδὲν</span> <span class='ocrx_word' id='word_1_169' title='bbox 838 1443 998 1495; x_wconf 82' lang='grc' dir='ltr'>λέγουσιν</span> <span class='ocrx_word' id='word_1_170' title='bbox 1028 1445 1059 1480; x_wconf 79' lang='grc' dir='ltr'>οἳ</span> <span class='ocrx_word' id='word_1_171' title='bbox 1091 1458 1160 1492; x_wconf 91' lang='grc' dir='ltr'>μα-</span> 
     </span>
     <span class='ocr_line' id='line_1_22' title="bbox 138 1506 481 1557; baseline -0.009 -12"><span class='ocrx_word' id='word_1_172' title='bbox 138 1506 259 1554; x_wconf 82' lang='grc' dir='ltr'>θηταὶ,</span> <span class='ocrx_word' id='word_1_173' title='bbox 275 1507 417 1557; x_wconf 81' lang='grc' dir='ltr'>ὕστερον</span> <span class='ocrx_word' id='word_1_174' title='bbox 446 1506 481 1543; x_wconf 80' lang='grc' dir='ltr'>δὲ</span> 
     </span>
    </p>
   </div>
   <div class='ocr_carea' id='block_1_5' title="bbox 506 1505 593 1518">
    <p class='ocr_par' dir='ltr' id='par_1_6' title="bbox 506 1505 593 1518">
     <span class='ocr_line' id='line_1_23' title="bbox 506 1505 593 1518; baseline 0 0"><span class='ocrx_word' id='word_1_175' title='bbox 506 1505 593 1518; x_wconf 50' lang='lat' dir='ltr'>&amp;Nl</span> 
     </span>
    </p>
   </div>
   <div class='ocr_carea' id='block_1_6' title="bbox 139 1502 1162 1619">
    <p class='ocr_par' dir='ltr' id='par_1_7' title="bbox 139 1502 1162 1619">
     <span class='ocr_line' id='line_1_24' title="bbox 502 1502 1162 1556; baseline -0.006 -13"><span class='ocrx_word' id='word_1_176' title='bbox 502 1518 678 1543; x_wconf 82' lang='grc' dir='ltr'>οεοοικασι</span> <span class='ocrx_word' id='word_1_177' title='bbox 711 1504 770 1543; x_wconf 75' lang='grc' dir='ltr'>καὶ</span> <span class='ocrx_word' id='word_1_178' title='bbox 803 1506 1049 1556; x_wconf 76' lang='grc' dir='ltr'>διαποροῦνται</span> <span class='ocrx_word' id='word_1_179' title='bbox 1077 1502 1162 1554; x_wconf 85' lang='grc' dir='ltr'>πρὸς</span> 
     </span>
     <span class='ocr_line' id='line_1_25' title="bbox 139 1564 1162 1619; baseline -0.005 -13"><span class='ocrx_word' id='word_1_180' title='bbox 139 1568 309 1614; x_wconf 78' lang='grc' dir='ltr'>ἀλλήλους</span> <span class='ocrx_word' id='word_1_181' title='bbox 343 1569 490 1619; x_wconf 83' lang='grc' dir='ltr'>ὁρῶντες</span> <span class='ocrx_word' id='word_1_182' title='bbox 529 1566 589 1604; x_wconf 82' lang='grc' dir='ltr'>καὶ</span> <span class='ocrx_word' id='word_1_183' title='bbox 620 1565 895 1616; x_wconf 83' lang='grc' dir='ltr'>πυνθανόμενοι,</span> <span class='ocrx_word' id='word_1_184' title='bbox 930 1565 993 1611; x_wconf 81' lang='grc' dir='ltr'>Μή</span> <span class='ocrx_word' id='word_1_185' title='bbox 1027 1581 1061 1602; x_wconf 94' lang='grc' dir='ltr'>τι</span> <span class='ocrx_word' id='word_1_186' title='bbox 1095 1564 1162 1617; x_wconf 77' lang='grc' dir='ltr'>ἐγώ</span> 
     </span>
    </p>
   </div>
   <div class='ocr_carea' id='block_1_7' title="bbox 1175 1600 1222 1624">
    <p class='ocr_par' dir='ltr' id='par_1_8' title="bbox 1175 1600 1222 1624">
     <span class='ocr_line' id='line_1_26' title="bbox 1175 1600 1222 1624; baseline 0.021 -1"><span class='ocrx_word' id='word_1_187' title='bbox 1175 1600 1222 1624; x_wconf 78' lang='lat'>281</span> 
     </span>
    </p>
   </div>
   <div class='ocr_carea' id='block_1_8' title="bbox 2178 173 2196 183">
    <p class='ocr_par' dir='ltr' id='par_1_9' title="bbox 2178 173 2196 183">
     <span class='ocr_line' id='line_1_27' title="bbox 2178 173 2196 183; baseline 0 -3"><span class='ocrx_word' id='word_1_188' title='bbox 2178 173 2196 183; x_wconf 66' lang='lat'>,-</span> 
     </span>
    </p>
   </div>
   <div class='ocr_carea' id='block_1_9' title="bbox 1214 173 2201 223">
    <p class='ocr_par' dir='ltr' id='par_1_10' title="bbox 1214 173 2201 223">
     <span class='ocr_line' id='line_1_28' title="bbox 1214 173 2201 223; baseline -0.007 -1"><span class='ocrx_word' id='word_1_189' title='bbox 1214 194 1355 223; x_wconf 74' lang='lat' dir='ltr'>XLVM.</span> <span class='ocrx_word' id='word_1_190' title='bbox 1398 177 1458 221; x_wconf 77' lang='lat' dir='ltr'>ul.</span> <span class='ocrx_word' id='word_1_191' title='bbox 1496 191 1618 220; x_wconf 63' lang='lat' dir='ltr'>xm‘i.</span> <span class='ocrx_word' id='word_1_192' title='bbox 2113 173 2201 216; x_wconf 69' lang='lat'>32»</span> 
     </span>
    </p>
   </div>
   <div class='ocr_carea' id='block_1_10' title="bbox 1219 271 2206 388">
    <p class='ocr_par' dir='ltr' id='par_1_11' title="bbox 1219 271 2206 388">
     <span class='ocr_line' id='line_1_29' title="bbox 1219 271 2206 327; baseline -0.007 -13"><span class='ocrx_word' id='word_1_193' title='bbox 1219 276 1283 314; x_wconf 88' lang='lat' dir='ltr'>diu</span> <span class='ocrx_word' id='word_1_194' title='bbox 1297 285 1377 313; x_wconf 87' lang='lat' dir='ltr'>ante</span> <span class='ocrx_word' id='word_1_195' title='bbox 1397 273 1588 327; x_wconf 87' lang='lat' dir='ltr'>proditoris</span> <span class='ocrx_word' id='word_1_196' title='bbox 1608 271 1794 324; x_wconf 84' lang='lat' dir='ltr'>perfidiam</span> <span class='ocrx_word' id='word_1_197' title='bbox 1814 271 2038 323; x_wconf 78' lang='lat' dir='ltr'>propulsans.</span> <span class='ocrx_word' id='word_1_198' title='bbox 2063 271 2206 307; x_wconf 80' lang='lat' dir='ltr'>Gnarus</span> 
     </span>
     <span class='ocr_line' id='line_1_30' title="bbox 1221 329 2018 388; baseline -0.01 -14"><span class='ocrx_word' id='word_1_199' title='bbox 1221 351 1256 374; x_wconf 89' lang='lat' dir='ltr'>se</span> <span class='ocrx_word' id='word_1_200' title='bbox 1279 336 1370 374; x_wconf 86' lang='lat' dir='ltr'>nihil</span> <span class='ocrx_word' id='word_1_201' title='bbox 1392 335 1584 388; x_wconf 84' lang='lat' dir='ltr'>proficere,</span> <span class='ocrx_word' id='word_1_202' title='bbox 1608 331 1705 383; x_wconf 85' lang='lat' dir='ltr'>quod</span> <span class='ocrx_word' id='word_1_203' title='bbox 1725 331 1760 368; x_wconf 91' lang='lat' dir='ltr'>in</span> <span class='ocrx_word' id='word_1_204' title='bbox 1777 345 1813 369; x_wconf 88' lang='lat' dir='ltr'>se</span> <span class='ocrx_word' id='word_1_205' title='bbox 1832 339 1906 368; x_wconf 83' lang='lat' dir='ltr'>erat</span> <span class='ocrx_word' id='word_1_206' title='bbox 1926 329 2018 367; x_wconf 82' lang='lat' dir='ltr'>fecit.</span> 
     </span>
    </p>
   </div>
   <div class='ocr_carea' id='block_1_11' title="bbox 1179 407 1201 435">
    <p class='ocr_par' dir='ltr' id='par_1_12' title="bbox 1179 407 1201 435">
     <span class='ocr_line' id='line_1_31' title="bbox 1179 407 1201 435; baseline 0 0"><span class='ocrx_word' id='word_1_207' title='bbox 1179 407 1201 435; x_wconf 91' lang='lat' dir='ltr'>D</span> 
     </span>
    </p>
   </div>
   <div class='ocr_carea' id='block_1_12' title="bbox 1226 627 2225 1486">
    <p class='ocr_par' dir='ltr' id='par_1_13' title="bbox 1226 627 2225 1486">
     <span class='ocr_line' id='line_1_32' title="bbox 1278 627 2211 686; baseline -0.011 -13"><span class='ocrx_word' id='word_1_208' title='bbox 1278 637 1316 673; x_wconf 66' lang='lat'>4.</span> <span class='ocrx_word' id='word_1_209' title='bbox 1342 635 1387 673; x_wconf 90' lang='lat' dir='ltr'>Et</span> <span class='ocrx_word' id='word_1_210' title='bbox 1416 635 1553 672; x_wconf 89' lang='lat' dir='ltr'>intuere</span> <span class='ocrx_word' id='word_1_211' title='bbox 1577 632 1809 686; x_wconf 72' lang='lat' dir='ltr'>sapientiam:</span> <span class='ocrx_word' id='word_1_212' title='bbox 1835 643 1905 667; x_wconf 88' lang='lat' dir='ltr'>non</span> <span class='ocrx_word' id='word_1_213' title='bbox 1933 628 2036 666; x_wconf 87' lang='lat' dir='ltr'>illum</span> <span class='ocrx_word' id='word_1_214' title='bbox 2064 627 2211 664; x_wconf 82' lang='lat' dir='ltr'>manife-</span> 
     </span>
     <span class='ocr_line' id='line_1_33' title="bbox 1226 688 2212 747; baseline -0.011 -12"><span class='ocrx_word' id='word_1_215' title='bbox 1226 706 1320 734; x_wconf 79' lang='lat' dir='ltr'>stum</span> <span class='ocrx_word' id='word_1_216' title='bbox 1339 695 1514 747; x_wconf 73' lang='lat' dir='ltr'>reddidit,</span> <span class='ocrx_word' id='word_1_217' title='bbox 1525 709 1635 747; x_wconf 88' lang='lat' dir='ltr'>neque</span> <span class='ocrx_word' id='word_1_218' title='bbox 1648 694 1757 731; x_wconf 86' lang='lat' dir='ltr'>latere</span> <span class='ocrx_word' id='word_1_219' title='bbox 1771 690 1914 730; x_wconf 90' lang='lat' dir='ltr'>omnino</span> <span class='ocrx_word' id='word_1_220' title='bbox 1929 688 2091 741; x_wconf 75' lang='lat' dir='ltr'>permisit</span> <span class='ocrx_word' id='word_1_221' title='bbox 2105 703 2114 735; x_wconf 88' lang='lat'>;</span> <span class='ocrx_word' id='word_1_222' title='bbox 2137 698 2212 725; x_wconf 79' lang='lat' dir='ltr'>tum</span> 
     </span>
     <span class='ocr_line' id='line_1_34' title="bbox 1226 750 2215 809; baseline -0.012 -14"><span class='ocrx_word' id='word_1_223' title='bbox 1226 772 1269 795; x_wconf 88' lang='lat' dir='ltr'>ne</span> <span class='ocrx_word' id='word_1_224' title='bbox 1302 755 1545 809; x_wconf 88' lang='lat' dir='ltr'>impudentior</span> <span class='ocrx_word' id='word_1_225' title='bbox 1575 753 1865 807; x_wconf 84' lang='lat' dir='ltr'>pervicaciorque</span> <span class='ocrx_word' id='word_1_226' title='bbox 1907 750 2027 797; x_wconf 82' lang='lat' dir='ltr'>fieret3</span> <span class='ocrx_word' id='word_1_227' title='bbox 2061 758 2137 785; x_wconf 84' lang='lat' dir='ltr'>tum</span> <span class='ocrx_word' id='word_1_228' title='bbox 2173 762 2215 784; x_wconf 87' lang='lat' dir='ltr'>ne</span> 
     </span>
     <span class='ocr_line' id='line_1_35' title="bbox 1228 810 2210 871; baseline -0.011 -14"><span class='ocrx_word' id='word_1_229' title='bbox 1228 834 1264 858; x_wconf 87' lang='lat' dir='ltr'>se</span> <span class='ocrx_word' id='word_1_230' title='bbox 1292 819 1401 856; x_wconf 87' lang='lat' dir='ltr'>latere</span> <span class='ocrx_word' id='word_1_231' title='bbox 1424 827 1576 871; x_wconf 86' lang='lat' dir='ltr'>putans,</span> <span class='ocrx_word' id='word_1_232' title='bbox 1611 815 1783 854; x_wconf 86' lang='lat' dir='ltr'>audacius</span> <span class='ocrx_word' id='word_1_233' title='bbox 1809 812 1902 851; x_wconf 83' lang='lat' dir='ltr'>illud</span> <span class='ocrx_word' id='word_1_234' title='bbox 1926 811 2062 849; x_wconf 85' lang='lat' dir='ltr'>facinus</span> <span class='ocrx_word' id='word_1_235' title='bbox 2083 810 2210 847; x_wconf 82' lang='lat' dir='ltr'>adiret.</span> 
     </span>
     <span class='ocr_line' id='line_1_36' title="bbox 1228 872 2213 931; baseline -0.013 -11"><span class='ocrx_word' id='word_1_236' title='bbox 1228 881 1367 920; x_wconf 85' lang='lat' dir='ltr'>Idcirco</span> <span class='ocrx_word' id='word_1_237' title='bbox 1395 881 1431 919; x_wconf 91' lang='lat' dir='ltr'>in</span> <span class='ocrx_word' id='word_1_238' title='bbox 1465 879 1693 931; x_wconf 87' lang='lat' dir='ltr'>sequentibus</span> <span class='ocrx_word' id='word_1_239' title='bbox 1723 875 1881 929; x_wconf 82' lang='lat' dir='ltr'>apertius</span> <span class='ocrx_word' id='word_1_240' title='bbox 1909 874 2013 912; x_wconf 90' lang='lat' dir='ltr'>illum</span> <span class='ocrx_word' id='word_1_241' title='bbox 2042 872 2213 923; x_wconf 83' lang='lat' dir='ltr'>coarguit.</span> 
     </span>
     <span class='ocr_line' id='line_1_37' title="bbox 1231 934 2218 983; baseline -0.012 -2"><span class='ocrx_word' id='word_1_242' title='bbox 1231 944 1336 982; x_wconf 84' lang='lat' dir='ltr'>Prius</span> <span class='ocrx_word' id='word_1_243' title='bbox 1355 952 1447 982; x_wconf 89' lang='lat' dir='ltr'>certe</span> <span class='ocrx_word' id='word_1_244' title='bbox 1465 942 1570 980; x_wconf 85' lang='lat' dir='ltr'>illum</span> <span class='ocrx_word' id='word_1_245' title='bbox 1598 954 1680 979; x_wconf 86' lang='lat' dir='ltr'>cum</span> <span class='ocrx_word' id='word_1_246' title='bbox 1710 938 1791 976; x_wconf 88' lang='lat' dir='ltr'>aliis</span> <span class='ocrx_word' id='word_1_247' title='bbox 1816 934 2109 983; x_wconf 60' lang='lat' dir='ltr'>connumeravit,</span> <span class='ocrx_word' id='word_1_248' title='bbox 2137 947 2218 970; x_wconf 88' lang='lat' dir='ltr'>cum</span> 
     </span>
     <span class='ocr_line' id='line_1_38' title="bbox 1231 994 2216 1056; baseline -0.013 -13"><span class='ocrx_word' id='word_1_249' title='bbox 1231 1005 1327 1043; x_wconf 77' lang='lat' dir='ltr'>dixit</span> <span class='ocrx_word' id='word_1_250' title='bbox 1339 1035 1350 1055; x_wconf 93' lang='lat'>,</span> <span class='ocrx_word' id='word_1_251' title='bbox 1372 1005 1468 1042; x_wconf 83' lang='lat' dir='ltr'>Sunt</span> <span class='ocrx_word' id='word_1_252' title='bbox 1485 1003 1646 1056; x_wconf 81' lang='lat' dir='ltr'>quidam</span> <span class='ocrx_word' id='word_1_253' title='bbox 1661 1015 1708 1038; x_wconf 77' lang='lat' dir='ltr'>ex</span> <span class='ocrx_word' id='word_1_254' title='bbox 1725 1001 1835 1037; x_wconf 69' lang='lat' dir='ltr'>‘vobis</span> <span class='ocrx_word' id='word_1_255' title='bbox 1854 999 1922 1049; x_wconf 82' lang='lat' dir='ltr'>qui</span> <span class='ocrx_word' id='word_1_256' title='bbox 1940 1009 2017 1033; x_wconf 84' lang='lat' dir='ltr'>non</span> <span class='ocrx_word' id='word_1_257' title='bbox 2035 994 2216 1039; x_wconf 77' lang='lat' dir='ltr'>credunt,</span> 
     </span>
     <span class='ocr_line' id='line_1_39' title="bbox 1233 1058 2221 1117; baseline -0.014 -12"><span class='ocrx_word' id='word_1_258' title='bbox 1233 1067 1270 1105; x_wconf 90' lang='lat' dir='ltr'>id</span> <span class='ocrx_word' id='word_1_259' title='bbox 1279 1067 1378 1117; x_wconf 90' lang='lat' dir='ltr'>quod</span> <span class='ocrx_word' id='word_1_260' title='bbox 1391 1061 1772 1114; x_wconf 83' lang='lat' dir='ltr'>declaratevangelista</span> <span class='ocrx_word' id='word_1_261' title='bbox 1785 1077 1792 1097; x_wconf 93' lang='lat'>:</span> <span class='ocrx_word' id='word_1_262' title='bbox 1808 1060 1960 1099; x_wconf 79' lang='lat' dir='ltr'>Sciebat</span> <span class='ocrx_word' id='word_1_263' title='bbox 1973 1059 2074 1095; x_wconf 83' lang='lat' dir='ltr'>enim</span> <span class='ocrx_word' id='word_1_264' title='bbox 2086 1058 2134 1094; x_wconf 83' lang='lat' dir='ltr'>ab</span> <span class='ocrx_word' id='word_1_265' title='bbox 2147 1058 2159 1092; x_wconf 85' lang='lat' dir='ltr'>i</span> <span class='ocrx_word' id='word_1_266' title='bbox 2163 1058 2221 1092; x_wconf 85' lang='lat' dir='ltr'>ni—</span> 
     </span>
     <span class='ocr_line' id='line_1_40' title="bbox 1235 1119 2222 1181; baseline -0.014 -14"><span class='ocrx_word' id='word_1_267' title='bbox 1235 1132 1287 1167; x_wconf 84' lang='lat' dir='ltr'>tio</span> <span class='ocrx_word' id='word_1_268' title='bbox 1307 1131 1374 1181; x_wconf 83' lang='lat' dir='ltr'>qui</span> <span class='ocrx_word' id='word_1_269' title='bbox 1391 1136 1515 1166; x_wconf 79' lang='lat' dir='ltr'>essent</span> <span class='ocrx_word' id='word_1_270' title='bbox 1531 1139 1608 1163; x_wconf 82' lang='lat' dir='ltr'>non</span> <span class='ocrx_word' id='word_1_271' title='bbox 1623 1124 1838 1168; x_wconf 83' lang='lat' dir='ltr'>credentes,</span> <span class='ocrx_word' id='word_1_272' title='bbox 1856 1129 1891 1159; x_wconf 83' lang='lat' dir='ltr'>et</span> <span class='ocrx_word' id='word_1_273' title='bbox 1908 1122 1993 1171; x_wconf 85' lang='lat' dir='ltr'>quis</span> <span class='ocrx_word' id='word_1_274' title='bbox 2009 1119 2222 1156; x_wconf 77' lang='lat' dir='ltr'>traditurus</span> 
     </span>
     <span class='ocr_line' id='line_1_41' title="bbox 1234 1179 2222 1242; baseline -0.015 -13"><span class='ocrx_word' id='word_1_275' title='bbox 1234 1200 1332 1229; x_wconf 83' lang='lat' dir='ltr'>esset</span> <span class='ocrx_word' id='word_1_276' title='bbox 1347 1193 1485 1242; x_wconf 83' lang='lat' dir='ltr'>ipsum.</span> <span class='ocrx_word' id='word_1_277' title='bbox 1502 1188 1596 1234; x_wconf 84' lang='lat' dir='ltr'>Quia</span> <span class='ocrx_word' id='word_1_278' title='bbox 1606 1200 1690 1224; x_wconf 71' lang='lat' dir='ltr'>vero</span> <span class='ocrx_word' id='word_1_279' title='bbox 1707 1185 1768 1222; x_wconf 90' lang='lat' dir='ltr'>ille</span> <span class='ocrx_word' id='word_1_280' title='bbox 1784 1181 2010 1235; x_wconf 81' lang='lat' dir='ltr'>persistebat,</span> <span class='ocrx_word' id='word_1_281' title='bbox 2033 1179 2150 1217; x_wconf 87' lang='lat' dir='ltr'>acrius</span> <span class='ocrx_word' id='word_1_282' title='bbox 2165 1193 2222 1215; x_wconf 88' lang='lat' dir='ltr'>ar-</span> 
     </span>
     <span class='ocr_line' id='line_1_42' title="bbox 1234 1245 2223 1304; baseline -0.014 -15"><span class='ocrx_word' id='word_1_283' title='bbox 1234 1252 1328 1304; x_wconf 84' lang='lat' dir='ltr'>guit,</span> <span class='ocrx_word' id='word_1_284' title='bbox 1359 1253 1467 1289; x_wconf 83' lang='lat' dir='ltr'>Unus</span> <span class='ocrx_word' id='word_1_285' title='bbox 1483 1264 1530 1287; x_wconf 70' lang='lat' dir='ltr'>ex</span> <span class='ocrx_word' id='word_1_286' title='bbox 1555 1249 1665 1285; x_wconf 81' lang='lat' dir='ltr'>vobis</span> <span class='ocrx_word' id='word_1_287' title='bbox 1684 1245 1861 1283; x_wconf 76' lang='lat' dir='ltr'>diabolus</span> <span class='ocrx_word' id='word_1_288' title='bbox 1879 1251 1953 1292; x_wconf 84' lang='lat' dir='ltr'>est,</span> <span class='ocrx_word' id='word_1_289' title='bbox 1982 1254 2223 1278; x_wconf 88' lang='lat' dir='ltr'>communem-</span> 
     </span>
     <span class='ocr_line' id='line_1_43' title="bbox 1233 1303 2219 1365; baseline -0.014 -13"><span class='ocrx_word' id='word_1_290' title='bbox 1233 1329 1302 1365; x_wconf 89' lang='lat' dir='ltr'>que</span> <span class='ocrx_word' id='word_1_291' title='bbox 1323 1312 1488 1351; x_wconf 91' lang='lat' dir='ltr'>omnibus</span> <span class='ocrx_word' id='word_1_292' title='bbox 1507 1320 1642 1348; x_wconf 88' lang='lat' dir='ltr'>metum</span> <span class='ocrx_word' id='word_1_293' title='bbox 1669 1307 1816 1357; x_wconf 87' lang='lat' dir='ltr'>incutit,</span> <span class='ocrx_word' id='word_1_294' title='bbox 1839 1315 1879 1343; x_wconf 91' lang='lat' dir='ltr'>ut</span> <span class='ocrx_word' id='word_1_295' title='bbox 1900 1305 2004 1342; x_wconf 88' lang='lat' dir='ltr'>illum</span> <span class='ocrx_word' id='word_1_296' title='bbox 2027 1303 2219 1353; x_wconf 79' lang='lat' dir='ltr'>obtegeret.</span> 
     </span>
     <span class='ocr_line' id='line_1_44' title="bbox 1232 1363 2224 1426; baseline -0.014 -13"><span class='ocrx_word' id='word_1_297' title='bbox 1232 1376 1300 1412; x_wconf 80' lang='lat' dir='ltr'>Hic</span> <span class='ocrx_word' id='word_1_298' title='bbox 1317 1376 1398 1426; x_wconf 90' lang='lat' dir='ltr'>jure</span> <span class='ocrx_word' id='word_1_299' title='bbox 1432 1381 1634 1423; x_wconf 58' lang='lat' dir='ltr'>quaeratur:</span> <span class='ocrx_word' id='word_1_300' title='bbox 1661 1371 1734 1407; x_wconf 89' lang='lat' dir='ltr'>Cur</span> <span class='ocrx_word' id='word_1_301' title='bbox 1758 1367 1850 1405; x_wconf 88' lang='lat' dir='ltr'>nihil</span> <span class='ocrx_word' id='word_1_302' title='bbox 1869 1365 2039 1417; x_wconf 87' lang='lat' dir='ltr'>discipuli</span> <span class='ocrx_word' id='word_1_303' title='bbox 2057 1378 2148 1401; x_wconf 87' lang='lat' dir='ltr'>nunc</span> <span class='ocrx_word' id='word_1_304' title='bbox 2168 1363 2224 1400; x_wconf 89' lang='lat' dir='ltr'>di-</span> 
     </span>
     <span class='ocr_line' id='line_1_45' title="bbox 1234 1428 2225 1486; baseline -0.013 -11"><span class='ocrx_word' id='word_1_305' title='bbox 1234 1447 1336 1486; x_wconf 89' lang='lat' dir='ltr'>cunt,</span> <span class='ocrx_word' id='word_1_306' title='bbox 1358 1436 1426 1473; x_wconf 90' lang='lat' dir='ltr'>sub</span> <span class='ocrx_word' id='word_1_307' title='bbox 1444 1435 1522 1471; x_wconf 62' lang='lat' dir='ltr'>haec</span> <span class='ocrx_word' id='word_1_308' title='bbox 1540 1443 1659 1471; x_wconf 90' lang='lat' dir='ltr'>autem</span> <span class='ocrx_word' id='word_1_309' title='bbox 1674 1430 1860 1478; x_wconf 88' lang='lat' dir='ltr'>dubitant,</span> <span class='ocrx_word' id='word_1_310' title='bbox 1884 1428 2027 1476; x_wconf 86' lang='lat' dir='ltr'>timent,</span> <span class='ocrx_word' id='word_1_311' title='bbox 2047 1441 2083 1464; x_wconf 88' lang='lat' dir='ltr'>se</span> <span class='ocrx_word' id='word_1_312' title='bbox 2100 1435 2225 1463; x_wconf 86' lang='lat' dir='ltr'>mutuo</span> 
     </span>
    </p>
   </div>
   <div class='ocr_carea' id='block_1_13' title="bbox 1233 1489 2422 1550">
    <p class='ocr_par' dir='ltr' id='par_1_14' title="bbox 1233 1489 2422 1550">
     <span class='ocr_line' id='line_1_46' title="bbox 1233 1489 2422 1550; baseline -0.014 -14"><span class='ocrx_word' id='word_1_313' title='bbox 1233 1497 1429 1550; x_wconf 83' lang='lat' dir='ltr'>respiciunt</span> <span class='ocrx_word' id='word_1_314' title='bbox 1441 1503 1617 1546; x_wconf 81' lang='lat' dir='ltr'>rogantes,</span> <span class='ocrx_word' id='word_1_315' title='bbox 1632 1491 1835 1542; x_wconf 79' lang='lat' dir='ltr'>Numquid</span> <span class='ocrx_word' id='word_1_316' title='bbox 1847 1503 1913 1541; x_wconf 82' lang='lat' dir='ltr'>ego</span> <span class='ocrx_word' id='word_1_317' title='bbox 1924 1502 2022 1534; x_wconf 73' lang='lat' dir='ltr'>sum,</span> <span class='ocrx_word' id='word_1_318' title='bbox 2039 1489 2226 1524; x_wconf 74' lang='lat' dir='ltr'>Domine?</span> <span class='ocrx_word' id='word_1_319' title='bbox 2240 1494 2354 1522; x_wconf 75' lang='lat' dir='ltr'>Mauh.</span> <span class='ocrx_word' id='word_1_320' title='bbox 2374 1491 2422 1522; x_wconf 84' lang='lat'>26.</span> 
     </span>
    </p>
   </div>
   <div class='ocr_carea' id='block_1_14' title="bbox 1235 1544 2291 1603">
    <p class='ocr_par' dir='ltr' id='par_1_15' title="bbox 1235 1544 2291 1603">
     <span class='ocr_line' id='line_1_47' title="bbox 1235 1544 2291 1603; baseline -0.012 -5"><span class='ocrx_word' id='word_1_321' title='bbox 1235 1560 1283 1598; x_wconf 86' lang='lat' dir='ltr'>Et</span> <span class='ocrx_word' id='word_1_322' title='bbox 1302 1557 1431 1599; x_wconf 82' lang='lat' dir='ltr'>Joanni</span> <span class='ocrx_word' id='word_1_323' title='bbox 1451 1558 1575 1594; x_wconf 89' lang='lat' dir='ltr'>Petrus</span> <span class='ocrx_word' id='word_1_324' title='bbox 1596 1553 1712 1592; x_wconf 87' lang='lat' dir='ltr'>innuit</span> <span class='ocrx_word' id='word_1_325' title='bbox 1725 1583 1734 1601; x_wconf 86' lang='grc'>,</span> <span class='ocrx_word' id='word_1_326' title='bbox 1755 1561 1793 1589; x_wconf 92' lang='lat' dir='ltr'>ut</span> <span class='ocrx_word' id='word_1_327' title='bbox 1807 1551 2024 1603; x_wconf 77' lang='lat' dir='ltr'>Magistrum</span> <span class='ocrx_word' id='word_1_328' title='bbox 2043 1558 2226 1601; x_wconf 84' lang='lat' dir='ltr'>perconte-</span> <span class='ocrx_word' id='word_1_329' title='bbox 2241 1544 2277 1563; x_wconf 66' lang='lat'>²²</span> <span class='ocrx_word' id='word_1_330' title='bbox 2285 1556 2291 1564; x_wconf 89' lang='grc'><strong>’</strong></span> 
     </span>
    </p>
   </div>
   <div class='ocr_carea' id='block_1_15' title="bbox 139 1611 2228 1683">
    <p class='ocr_par' dir='ltr' id='par_1_16' title="bbox 139 1611 2228 1683">
     <span class='ocr_line' id='line_1_48' title="bbox 139 1611 2228 1683; baseline -0.015 -6"><span class='ocrx_word' id='word_1_331' title='bbox 139 1631 231 1680; x_wconf 71' lang='grc' dir='ltr'><strong>Ξῖμῑ,</strong></span> <span class='ocrx_word' id='word_1_332' title='bbox 248 1629 374 1683; x_wconf 73' lang='grc' dir='ltr'>Κύριε,</span> <span class='ocrx_word' id='word_1_333' title='bbox 391 1631 461 1669; x_wconf 84' lang='grc' dir='ltr'>Καὶ</span> <span class='ocrx_word' id='word_1_334' title='bbox 490 1632 540 1682; x_wconf 77' lang='grc' dir='ltr'>τῷ</span> <span class='ocrx_word' id='word_1_335' title='bbox 556 1628 702 1680; x_wconf 77' lang='grc' dir='ltr'>Ἰωάννη</span> <span class='ocrx_word' id='word_1_336' title='bbox 723 1632 740 1666; x_wconf 85' lang='grc' dir='ltr'><strong><em>ὃ</em></strong></span> <span class='ocrx_word' id='word_1_337' title='bbox 759 1627 893 1679; x_wconf 81' lang='grc' dir='ltr'>Πέτρος</span> <span class='ocrx_word' id='word_1_338' title='bbox 913 1626 1069 1665; x_wconf 60' lang='grc' dir='ltr'>ᾱέννεύει</span> <span class='ocrx_word' id='word_1_339' title='bbox 1099 1643 1163 1678; x_wconf 88' lang='grc' dir='ltr'>μα-</span> <span class='ocrx_word' id='word_1_340' title='bbox 1189 1639 1214 1667; x_wconf 71' lang='grc' dir='ltr'>Α</span> <span class='ocrx_word' id='word_1_341' title='bbox 1236 1632 1295 1660; x_wconf 87' lang='lat' dir='ltr'>tur</span> <span class='ocrx_word' id='word_1_342' title='bbox 1315 1620 1394 1672; x_wconf 87' lang='lat' dir='ltr'>quis</span> <span class='ocrx_word' id='word_1_343' title='bbox 1422 1619 1467 1658; x_wconf 88' lang='lat' dir='ltr'>sit</span> <span class='ocrx_word' id='word_1_344' title='bbox 1487 1617 1661 1671; x_wconf 83' lang='lat' dir='ltr'>proditor.</span> <span class='ocrx_word' id='word_1_345' title='bbox 1691 1616 1772 1661; x_wconf 85' lang='lat' dir='ltr'>Qua</span> <span class='ocrx_word' id='word_1_346' title='bbox 1802 1627 1885 1665; x_wconf 86' lang='lat' dir='ltr'>ergo</span> <span class='ocrx_word' id='word_1_347' title='bbox 1905 1612 1949 1650; x_wconf 89' lang='lat' dir='ltr'>de</span> <span class='ocrx_word' id='word_1_348' title='bbox 1979 1611 2107 1650; x_wconf 66' lang='lat' dir='ltr'>causa?</span> <span class='ocrx_word' id='word_1_349' title='bbox 2134 1612 2228 1648; x_wconf 81' lang='lat' dir='ltr'>Non-</span> 
     </span>
    </p>
   </div>
   <div class='ocr_carea' id='block_1_16' title="bbox 139 1688 1190 3214">
    <p class='ocr_par' dir='ltr' id='par_1_17' title="bbox 139 1688 1190 3214">
     <span class='ocr_line' id='line_1_49' title="bbox 139 1688 1164 1744; baseline -0.003 -15"><span class='ocrx_word' id='word_1_350' title='bbox 139 1695 210 1729; x_wconf 83' lang='grc' dir='ltr'>θεῖν</span> <span class='ocrx_word' id='word_1_351' title='bbox 230 1691 286 1729; x_wconf 79' lang='grc' dir='ltr'>τὸν</span> <span class='ocrx_word' id='word_1_352' title='bbox 308 1692 495 1744; x_wconf 81' lang='grc' dir='ltr'>προδότην,</span> <span class='ocrx_word' id='word_1_353' title='bbox 515 1691 575 1730; x_wconf 80' lang='grc' dir='ltr'>καὶ</span> <span class='ocrx_word' id='word_1_354' title='bbox 603 1690 771 1729; x_wconf 83' lang='grc' dir='ltr'>πυθέσθαι</span> <span class='ocrx_word' id='word_1_355' title='bbox 797 1694 857 1728; x_wconf 76' lang='grc' dir='ltr'>τοῦ</span> <span class='ocrx_word' id='word_1_356' title='bbox 884 1689 1092 1728; x_wconf 77' lang='grc' dir='ltr'>διδασκάλου</span> <span class='ocrx_word' id='word_1_357' title='bbox 1112 1688 1164 1731; x_wconf 90' lang='grc' dir='ltr'>τίς</span> 
     </span>
     <span class='ocr_line' id='line_1_50' title="bbox 140 1745 1164 1798; baseline -0.002 -8"><span class='ocrx_word' id='word_1_358' title='bbox 140 1755 245 1791; x_wconf 76' lang='grc' dir='ltr'>ἐστιν.</span> <span class='ocrx_word' id='word_1_359' title='bbox 266 1753 338 1791; x_wconf 63' lang='grc' dir='ltr'>ξιΤί</span> <span class='ocrx_word' id='word_1_360' title='bbox 353 1769 437 1792; x_wconf 84' lang='grc' dir='ltr'>ποτε</span> <span class='ocrx_word' id='word_1_361' title='bbox 459 1747 516 1792; x_wconf 68' lang='grc' dir='ltr'>οῧν</span> <span class='ocrx_word' id='word_1_362' title='bbox 540 1754 615 1790; x_wconf 84' lang='grc' dir='ltr'>ἐστι</span> <span class='ocrx_word' id='word_1_363' title='bbox 640 1751 680 1790; x_wconf 79' lang='grc' dir='ltr'>τὸ</span> <span class='ocrx_word' id='word_1_364' title='bbox 709 1751 839 1798; x_wconf 83' lang='grc' dir='ltr'>αἴτιον;</span> <span class='ocrx_word' id='word_1_365' title='bbox 863 1751 974 1789; x_wconf 76' lang='grc' dir='ltr'>Οὔπω</span> <span class='ocrx_word' id='word_1_366' title='bbox 993 1745 1035 1797; x_wconf 74' lang='grc' dir='ltr'>ἦν</span> <span class='ocrx_word' id='word_1_367' title='bbox 1055 1755 1072 1789; x_wconf 82' lang='grc' dir='ltr'><em>ὃ</em></span> <span class='ocrx_word' id='word_1_368' title='bbox 1091 1750 1164 1788; x_wconf 74' lang='grc' dir='ltr'>Πέ-</span> 
     </span>
     <span class='ocr_line' id='line_1_51' title="bbox 140 1811 1166 1866; baseline -0.003 -14"><span class='ocrx_word' id='word_1_369' title='bbox 140 1830 219 1866; x_wconf 83' lang='grc' dir='ltr'>τρος</span> <span class='ocrx_word' id='word_1_370' title='bbox 237 1813 408 1862; x_wconf 82' lang='grc' dir='ltr'>ἀκούσας,</span> <span class='ocrx_word' id='word_1_371' title='bbox 426 1812 568 1864; x_wconf 71' lang='grc' dir='ltr'>Ἵ“παγε</span> <span class='ocrx_word' id='word_1_372' title='bbox 586 1812 697 1851; x_wconf 86' lang='grc' dir='ltr'>ὀπίσω</span> <span class='ocrx_word' id='word_1_373' title='bbox 713 1828 796 1859; x_wconf 86' lang='grc' dir='ltr'>μου,</span> <span class='ocrx_word' id='word_1_374' title='bbox 815 1818 960 1850; x_wconf 85' lang='grc' dir='ltr'>σατανᾶ.</span> <span class='ocrx_word' id='word_1_375' title='bbox 981 1811 1050 1849; x_wconf 85' lang='grc' dir='ltr'>Διὰ</span> <span class='ocrx_word' id='word_1_376' title='bbox 1067 1816 1166 1850; x_wconf 75' lang='grc' dir='ltr'>τοῦτο</span> 
     </span>
     <span class='ocr_line' id='line_1_52' title="bbox 141 1870 1166 1927; baseline -0.003 -13"><span class='ocrx_word' id='word_1_377' title='bbox 141 1876 219 1914; x_wconf 80' lang='grc' dir='ltr'>οὐδέ</span> <span class='ocrx_word' id='word_1_378' title='bbox 243 1893 278 1914; x_wconf 86' lang='grc' dir='ltr'>τι</span> <span class='ocrx_word' id='word_1_379' title='bbox 306 1876 378 1919; x_wconf 76' lang='grc' dir='ltr'>δέος</span> <span class='ocrx_word' id='word_1_380' title='bbox 401 1870 513 1927; x_wconf 66' lang='grc' dir='ltr'>εἶχεν·</span> <span class='ocrx_word' id='word_1_381' title='bbox 535 1875 654 1922; x_wconf 80' lang='grc' dir='ltr'>ἐπειδὴ</span> <span class='ocrx_word' id='word_1_382' title='bbox 692 1874 727 1912; x_wconf 79' lang='grc' dir='ltr'>δὲ</span> <span class='ocrx_word' id='word_1_383' title='bbox 758 1874 973 1925; x_wconf 77' lang='grc' dir='ltr'>ἐπετιμήθη,</span> <span class='ocrx_word' id='word_1_384' title='bbox 1003 1874 1062 1911; x_wconf 85' lang='grc' dir='ltr'>καὶ</span> <span class='ocrx_word' id='word_1_385' title='bbox 1097 1872 1166 1911; x_wconf 76' lang='grc' dir='ltr'>ἀπὸ</span> 
     </span>
     <span class='ocr_line' id='line_1_53' title="bbox 141 1935 1167 1986; baseline -0.004 -10"><span class='ocrx_word' id='word_1_386' title='bbox 141 1941 272 1985; x_wconf 73' lang='grc' dir='ltr'>πολλῆς</span> <span class='ocrx_word' id='word_1_387' title='bbox 290 1938 474 1981; x_wconf 79' lang='grc' dir='ltr'>διαθέσεως</span> <span class='ocrx_word' id='word_1_388' title='bbox 501 1936 620 1985; x_wconf 83' lang='grc' dir='ltr'>εἰπὼν,</span> <span class='ocrx_word' id='word_1_389' title='bbox 641 1940 701 1976; x_wconf 80' lang='grc' dir='ltr'>οὐκ</span> <span class='ocrx_word' id='word_1_390' title='bbox 731 1936 971 1986; x_wconf 75' lang='grc' dir='ltr'>εὐδοκίμησεν,</span> <span class='ocrx_word' id='word_1_391' title='bbox 995 1935 1084 1973; x_wconf 78' lang='grc' dir='ltr'>ἀλλὰ</span> <span class='ocrx_word' id='word_1_392' title='bbox 1108 1935 1167 1973; x_wconf 83' lang='grc' dir='ltr'>καὶ</span> 
     </span>
     <span class='ocr_line' id='line_1_54' title="bbox 143 1994 1168 2049; baseline -0.001 -12"><span class='ocrx_word' id='word_1_393' title='bbox 143 2006 294 2043; x_wconf 75' lang='grc' dir='ltr'>σατανᾶς</span> <span class='ocrx_word' id='word_1_394' title='bbox 314 1999 459 2045; x_wconf 78' lang='grc' dir='ltr'>ἤκουσεν</span> <span class='ocrx_word' id='word_1_395' title='bbox 477 2015 484 2022; x_wconf 93' lang='grc'>·</span> <span class='ocrx_word' id='word_1_396' title='bbox 505 2001 640 2037; x_wconf 82' lang='grc' dir='ltr'>ἀκούων</span> <span class='ocrx_word' id='word_1_397' title='bbox 658 1999 711 2038; x_wconf 77' lang='grc' dir='ltr'>ὅτι</span> <span class='ocrx_word' id='word_1_398' title='bbox 734 1994 796 2042; x_wconf 71' lang='grc' dir='ltr'>Εἷς</span> <span class='ocrx_word' id='word_1_399' title='bbox 827 1998 862 2042; x_wconf 82' lang='grc' dir='ltr'>ἐξ</span> <span class='ocrx_word' id='word_1_400' title='bbox 881 2001 977 2049; x_wconf 80' lang='grc' dir='ltr'>ὑμῶν</span> <span class='ocrx_word' id='word_1_401' title='bbox 1001 1997 1168 2049; x_wconf 80' lang='grc' dir='ltr'>παραδώ-</span> 
     </span>
     <span class='ocr_line' id='line_1_55' title="bbox 143 2057 1167 2111; baseline -0.002 -13"><span class='ocrx_word' id='word_1_402' title='bbox 143 2077 197 2099; x_wconf 86' lang='grc' dir='ltr'>σει</span> <span class='ocrx_word' id='word_1_403' title='bbox 221 2077 282 2111; x_wconf 91' lang='grc' dir='ltr'>με,</span> <span class='ocrx_word' id='word_1_404' title='bbox 302 2060 444 2104; x_wconf 82' lang='grc' dir='ltr'>εἰκότως</span> <span class='ocrx_word' id='word_1_405' title='bbox 461 2060 580 2099; x_wconf 78' lang='grc' dir='ltr'>λοιπὸν</span> <span class='ocrx_word' id='word_1_406' title='bbox 607 2060 728 2098; x_wconf 81' lang='grc' dir='ltr'>ἔδεισε.</span> <span class='ocrx_word' id='word_1_407' title='bbox 746 2061 763 2078; x_wconf 88' lang='lat'>*</span> <span class='ocrx_word' id='word_1_408' title='bbox 776 2058 908 2102; x_wconf 83' lang='grc' dir='ltr'>Ἄλλως</span> <span class='ocrx_word' id='word_1_409' title='bbox 933 2059 986 2106; x_wconf 77' lang='grc' dir='ltr'>δὲ,</span> <span class='ocrx_word' id='word_1_410' title='bbox 1006 2057 1081 2097; x_wconf 78' lang='grc' dir='ltr'>οὐδὲ</span> <span class='ocrx_word' id='word_1_411' title='bbox 1109 2063 1167 2096; x_wconf 73' lang='grc' dir='ltr'>νῦν</span> 
     </span>
     <span class='ocr_line' id='line_1_56' title="bbox 144 2115 1167 2175; baseline -0.004 -14"><span class='ocrx_word' id='word_1_412' title='bbox 144 2139 261 2175; x_wconf 78' lang='grc' dir='ltr'>φησιν,</span> <span class='ocrx_word' id='word_1_413' title='bbox 281 2117 343 2166; x_wconf 72' lang='grc' dir='ltr'>Εἷς</span> <span class='ocrx_word' id='word_1_414' title='bbox 367 2122 399 2166; x_wconf 80' lang='grc' dir='ltr'>ἐξ</span> <span class='ocrx_word' id='word_1_415' title='bbox 416 2124 513 2172; x_wconf 77' lang='grc' dir='ltr'>ὑμῶν</span> <span class='ocrx_word' id='word_1_416' title='bbox 532 2120 734 2174; x_wconf 76' lang='grc' dir='ltr'>παραδώσει</span> <span class='ocrx_word' id='word_1_417' title='bbox 753 2137 812 2172; x_wconf 84' lang='grc' dir='ltr'>με,</span> <span class='ocrx_word' id='word_1_418' title='bbox 829 2120 919 2168; x_wconf 72' lang='grc' dir='ltr'>ἀλλ’,</span> <span class='ocrx_word' id='word_1_419' title='bbox 939 2115 1000 2164; x_wconf 66' lang='grc' dir='ltr'>Εἷς</span> <span class='ocrx_word' id='word_1_420' title='bbox 1020 2120 1054 2164; x_wconf 80' lang='grc' dir='ltr'>ἐξ</span> <span class='ocrx_word' id='word_1_421' title='bbox 1071 2123 1167 2171; x_wconf 73' lang='grc' dir='ltr'>ὑμῶν</span> 
     </span>
     <span class='ocr_line' id='line_1_57' title="bbox 144 2181 1169 2235; baseline -0.002 -14"><span class='ocrx_word' id='word_1_422' title='bbox 144 2183 303 2227; x_wconf 65' lang='grc' dir='ltr'>διάὸολός</span> <span class='ocrx_word' id='word_1_423' title='bbox 323 2185 409 2221; x_wconf 85' lang='grc' dir='ltr'>ἐστι.</span> <span class='ocrx_word' id='word_1_424' title='bbox 429 2183 558 2235; x_wconf 88' lang='grc' dir='ltr'>Διόπερ</span> <span class='ocrx_word' id='word_1_425' title='bbox 575 2182 651 2221; x_wconf 79' lang='grc' dir='ltr'>οὐδὲ</span> <span class='ocrx_word' id='word_1_426' title='bbox 665 2183 791 2234; x_wconf 81' lang='grc' dir='ltr'>ᾔδεσαν</span> <span class='ocrx_word' id='word_1_427' title='bbox 809 2181 1059 2234; x_wconf 73' lang='grc' dir='ltr'>τὸλεγόμενον,</span> <span class='ocrx_word' id='word_1_428' title='bbox 1080 2181 1169 2220; x_wconf 71' lang='grc' dir='ltr'>ἀλλὰ</span> 
     </span>
     <span class='ocr_line' id='line_1_58' title="bbox 144 2242 1169 2297; baseline -0.003 -14"><span class='ocrx_word' id='word_1_429' title='bbox 144 2244 312 2296; x_wconf 79' lang='grc' dir='ltr'>πονηρίας</span> <span class='ocrx_word' id='word_1_430' title='bbox 331 2244 439 2297; x_wconf 77' lang='grc' dir='ltr'>ᾤοντο</span> <span class='ocrx_word' id='word_1_431' title='bbox 467 2244 690 2282; x_wconf 84' lang='grc' dir='ltr'>σκώπτεσθαι</span> <span class='ocrx_word' id='word_1_432' title='bbox 718 2243 832 2294; x_wconf 89' lang='grc' dir='ltr'>μόνον.</span> <span class='ocrx_word' id='word_1_433' title='bbox 854 2243 900 2281; x_wconf 82' lang='grc' dir='ltr'>Τί</span> <span class='ocrx_word' id='word_1_434' title='bbox 918 2244 1047 2290; x_wconf 78' lang='grc' dir='ltr'>δήποτε</span> <span class='ocrx_word' id='word_1_435' title='bbox 1070 2242 1104 2282; x_wconf 75' lang='grc' dir='ltr'>δὲ</span> <span class='ocrx_word' id='word_1_436' title='bbox 1130 2243 1169 2280; x_wconf 85' lang='grc' dir='ltr'>τὸ</span> 
     </span>
     <span class='ocr_line' id='line_1_59' title="bbox 145 2300 1169 2369; baseline -0.001 -26"><span class='ocrx_word' id='word_1_437' title='bbox 145 2306 240 2369; x_wconf 54' lang='grc' dir='ltr'>(Ξύχὶ</span> <span class='ocrx_word' id='word_1_438' title='bbox 268 2309 336 2358; x_wconf 82' lang='grc' dir='ltr'>ἐγὼ</span> <span class='ocrx_word' id='word_1_439' title='bbox 355 2309 463 2356; x_wconf 79' lang='grc' dir='ltr'>ὑμᾶς,</span> <span class='ocrx_word' id='word_1_440' title='bbox 487 2300 595 2352; x_wconf 64' lang='grc' dir='ltr'>εἶπεν,</span> <span class='ocrx_word' id='word_1_441' title='bbox 611 2306 688 2349; x_wconf 82' lang='grc' dir='ltr'>τοὺς</span> <span class='ocrx_word' id='word_1_442' title='bbox 709 2305 843 2343; x_wconf 84' lang='grc' dir='ltr'>δώδεκα</span> <span class='ocrx_word' id='word_1_443' title='bbox 864 2304 1082 2355; x_wconf 74' lang='grc' dir='ltr'>ἐξελεξάμην,</span> <span class='ocrx_word' id='word_1_444' title='bbox 1110 2305 1169 2343; x_wconf 80' lang='grc' dir='ltr'>καί</span> 
     </span>
     <span class='ocr_line' id='line_1_60' title="bbox 146 2366 1168 2418; baseline -0.003 -12"><span class='ocrx_word' id='word_1_445' title='bbox 146 2371 193 2411; x_wconf 78' lang='grc' dir='ltr'>εἷς</span> <span class='ocrx_word' id='word_1_446' title='bbox 215 2367 249 2411; x_wconf 80' lang='grc' dir='ltr'>ἐξ</span> <span class='ocrx_word' id='word_1_447' title='bbox 269 2369 366 2418; x_wconf 77' lang='grc' dir='ltr'>ὑμῶν</span> <span class='ocrx_word' id='word_1_448' title='bbox 396 2366 555 2410; x_wconf 66' lang='grc' dir='ltr'>διάὸολός</span> <span class='ocrx_word' id='word_1_449' title='bbox 588 2370 681 2415; x_wconf 80' lang='grc' dir='ltr'>ἐστι;</span> <span class='ocrx_word' id='word_1_450' title='bbox 709 2366 903 2410; x_wconf 78' lang='grc' dir='ltr'>Κολακειάς</span> <span class='ocrx_word' id='word_1_451' title='bbox 937 2366 1168 2418; x_wconf 81' lang='grc' dir='ltr'>ἀπηλλαγμέ-</span> 
     </span>
     <span class='ocr_line' id='line_1_61' title="bbox 145 2427 1172 2478; baseline -0.001 -12"><span class='ocrx_word' id='word_1_452' title='bbox 145 2444 207 2474; x_wconf 79' lang='grc' dir='ltr'>νην</span> <span class='ocrx_word' id='word_1_453' title='bbox 221 2430 322 2466; x_wconf 75' lang='grc' dir='ltr'>αὐτοῦ</span> <span class='ocrx_word' id='word_1_454' title='bbox 339 2427 398 2474; x_wconf 77' lang='grc' dir='ltr'>τὴν</span> <span class='ocrx_word' id='word_1_455' title='bbox 417 2427 641 2466; x_wconf 79' lang='grc' dir='ltr'>διδασκαλίαν</span> <span class='ocrx_word' id='word_1_456' title='bbox 660 2427 803 2471; x_wconf 87' lang='grc' dir='ltr'>δεικνύς.</span> <span class='ocrx_word' id='word_1_457' title='bbox 816 2427 832 2447; x_wconf 86' lang='lat'>¹‘</span> <span class='ocrx_word' id='word_1_458' title='bbox 841 2427 986 2474; x_wconf 76' lang='grc' dir='ltr'>Ἐπειδὴ</span> <span class='ocrx_word' id='word_1_459' title='bbox 1002 2427 1070 2478; x_wconf 76' lang='grc' dir='ltr'>γὰρ</span> <span class='ocrx_word' id='word_1_460' title='bbox 1086 2427 1172 2465; x_wconf 89' lang='grc' dir='ltr'>πάν·</span> 
     </span>
     <span class='ocr_line' id='line_1_62' title="bbox 150 2487 1173 2540; baseline -0.003 -13"><span class='ocrx_word' id='word_1_461' title='bbox 150 2506 217 2527; x_wconf 89' lang='grc' dir='ltr'>των</span> <span class='ocrx_word' id='word_1_462' title='bbox 240 2488 341 2526; x_wconf 79' lang='grc' dir='ltr'>αὐτὸν</span> <span class='ocrx_word' id='word_1_463' title='bbox 360 2487 685 2540; x_wconf 79' lang='grc' dir='ltr'>ἐγκαταλειψάντων</span> <span class='ocrx_word' id='word_1_464' title='bbox 707 2488 803 2526; x_wconf 79' lang='grc' dir='ltr'>αὐτοὶ</span> <span class='ocrx_word' id='word_1_465' title='bbox 818 2488 1031 2539; x_wconf 72' lang='grc' dir='ltr'>παρέμειναν</span> <span class='ocrx_word' id='word_1_466' title='bbox 1056 2487 1173 2537; x_wconf 88' lang='grc' dir='ltr'>μόνοι,</span> 
     </span>
     <span class='ocr_line' id='line_1_63' title="bbox 152 2544 1174 2603; baseline -0.002 -15"><span class='ocrx_word' id='word_1_467' title='bbox 152 2551 210 2589; x_wconf 82' lang='grc' dir='ltr'>καὶ</span> <span class='ocrx_word' id='word_1_468' title='bbox 230 2550 287 2588; x_wconf 77' lang='grc' dir='ltr'>διὰ</span> <span class='ocrx_word' id='word_1_469' title='bbox 308 2555 368 2588; x_wconf 75' lang='grc' dir='ltr'>τοῦ</span> <span class='ocrx_word' id='word_1_470' title='bbox 387 2549 523 2601; x_wconf 78' lang='grc' dir='ltr'>Πέτρου</span> <span class='ocrx_word' id='word_1_471' title='bbox 537 2549 736 2601; x_wconf 80' lang='grc' dir='ltr'>ὡμολόγουν</span> <span class='ocrx_word' id='word_1_472' title='bbox 755 2544 841 2587; x_wconf 65' lang='grc' dir='ltr'>εἶναι</span> <span class='ocrx_word' id='word_1_473' title='bbox 864 2550 1035 2603; x_wconf 78' lang='grc' dir='ltr'>Χριστὸν,</span> <span class='ocrx_word' id='word_1_474' title='bbox 1055 2548 1111 2587; x_wconf 81' lang='grc' dir='ltr'>ἵνα</span> <span class='ocrx_word' id='word_1_475' title='bbox 1125 2549 1174 2599; x_wconf 83' lang='grc' dir='ltr'>μὴ</span> 
     </span>
     <span class='ocr_line' id='line_1_64' title="bbox 151 2609 1175 2662; baseline -0.002 -13"><span class='ocrx_word' id='word_1_476' title='bbox 151 2611 339 2662; x_wconf 84' lang='grc' dir='ltr'>νομίσωσιν</span> <span class='ocrx_word' id='word_1_477' title='bbox 370 2610 423 2648; x_wconf 82' lang='grc' dir='ltr'>ὅτι</span> <span class='ocrx_word' id='word_1_478' title='bbox 452 2611 508 2648; x_wconf 82' lang='grc' dir='ltr'>διὰ</span> <span class='ocrx_word' id='word_1_479' title='bbox 527 2615 629 2649; x_wconf 74' lang='grc' dir='ltr'>τοῦτο</span> <span class='ocrx_word' id='word_1_480' title='bbox 649 2611 790 2660; x_wconf 80' lang='grc' dir='ltr'>ἔμελλεν</span> <span class='ocrx_word' id='word_1_481' title='bbox 822 2609 943 2653; x_wconf 77' lang='grc' dir='ltr'>αὐτοὺς</span> <span class='ocrx_word' id='word_1_482' title='bbox 962 2610 1175 2656; x_wconf 79' lang='grc' dir='ltr'>κολακεύειν,</span> 
     </span>
     <span class='ocr_line' id='line_1_65' title="bbox 154 2669 1176 2724; baseline -0.004 -13"><span class='ocrx_word' id='word_1_483' title='bbox 154 2673 282 2724; x_wconf 85' lang='grc' dir='ltr'>ἀπάγει</span> <span class='ocrx_word' id='word_1_484' title='bbox 310 2672 440 2718; x_wconf 83' lang='grc' dir='ltr'>ταύτης</span> <span class='ocrx_word' id='word_1_485' title='bbox 469 2675 532 2717; x_wconf 68' lang='grc' dir='ltr'>τῆς</span> <span class='ocrx_word' id='word_1_486' title='bbox 560 2670 720 2723; x_wconf 70' lang='grc' dir='ltr'>ὑποψίας.</span> <span class='ocrx_word' id='word_1_487' title='bbox 745 2669 795 2709; x_wconf 61' lang='grc' dir='ltr'>ὓΟ</span> <span class='ocrx_word' id='word_1_488' title='bbox 815 2671 850 2708; x_wconf 81' lang='grc' dir='ltr'>δὲ</span> <span class='ocrx_word' id='word_1_489' title='bbox 886 2670 1001 2720; x_wconf 80' lang='grc' dir='ltr'>λέγει,</span> <span class='ocrx_word' id='word_1_490' title='bbox 1026 2669 1176 2708; x_wconf 73' lang='grc' dir='ltr'>τοιοῦτόν</span> 
     </span>
     <span class='ocr_line' id='line_1_66' title="bbox 153 2730 1176 2785; baseline -0.003 -14"><span class='ocrx_word' id='word_1_491' title='bbox 153 2736 264 2772; x_wconf 84' lang='grc' dir='ltr'>ἐστιν·</span> <span class='ocrx_word' id='word_1_492' title='bbox 296 2733 392 2771; x_wconf 64' lang='grc' dir='ltr'>οὐδέν</span> <span class='ocrx_word' id='word_1_493' title='bbox 429 2749 472 2783; x_wconf 86' lang='grc' dir='ltr'>με</span> <span class='ocrx_word' id='word_1_494' title='bbox 501 2734 652 2771; x_wconf 83' lang='grc' dir='ltr'>δυσωπεῖ</span> <span class='ocrx_word' id='word_1_495' title='bbox 683 2733 768 2785; x_wconf 71' lang='grc' dir='ltr'>πρὸς</span> <span class='ocrx_word' id='word_1_496' title='bbox 793 2732 832 2770; x_wconf 74' lang='grc' dir='ltr'>τὸ</span> <span class='ocrx_word' id='word_1_497' title='bbox 864 2730 941 2775; x_wconf 71' lang='grc' dir='ltr'>τοὺς</span> <span class='ocrx_word' id='word_1_498' title='bbox 968 2730 1094 2774; x_wconf 66' lang='grc' dir='ltr'>κακοὺς</span> <span class='ocrx_word' id='word_1_499' title='bbox 1129 2731 1176 2782; x_wconf 77' lang='grc' dir='ltr'>μὴ</span> 
     </span>
     <span class='ocr_line' id='line_1_67' title="bbox 153 2792 1180 2847; baseline -0.003 -15"><span class='ocrx_word' id='word_1_500' title='bbox 153 2795 306 2847; x_wconf 75' lang='grc' dir='ltr'>ἐλέγχειν</span> <span class='ocrx_word' id='word_1_501' title='bbox 320 2808 327 2816; x_wconf 90' lang='grc'><em>·</em></span> <span class='ocrx_word' id='word_1_502' title='bbox 351 2793 398 2845; x_wconf 87' lang='grc' dir='ltr'>μὴ</span> <span class='ocrx_word' id='word_1_503' title='bbox 417 2792 585 2844; x_wconf 84' lang='grc' dir='ltr'>νομίσητε</span> <span class='ocrx_word' id='word_1_504' title='bbox 601 2793 655 2832; x_wconf 76' lang='grc' dir='ltr'>ὅτι</span> <span class='ocrx_word' id='word_1_505' title='bbox 676 2793 795 2840; x_wconf 77' lang='grc' dir='ltr'>ἐπειδὴ</span> <span class='ocrx_word' id='word_1_506' title='bbox 823 2793 1047 2843; x_wconf 79' lang='grc' dir='ltr'>ἐπεμείνατε,</span> <span class='ocrx_word' id='word_1_507' title='bbox 1071 2794 1180 2830; x_wconf 88' lang='grc' dir='ltr'>κολα-</span> 
     </span>
     <span class='ocr_line' id='line_1_68' title="bbox 155 2854 1181 2910; baseline -0.002 -17"><span class='ocrx_word' id='word_1_508' title='bbox 155 2862 275 2895; x_wconf 76' lang='grc' dir='ltr'>κεῦσαι</span> <span class='ocrx_word' id='word_1_509' title='bbox 293 2859 383 2907; x_wconf 77' lang='grc' dir='ltr'>ὑμᾶς</span> <span class='ocrx_word' id='word_1_510' title='bbox 401 2855 613 2910; x_wconf 76' lang='grc' dir='ltr'>αἱρήσομαι·</span> <span class='ocrx_word' id='word_1_511' title='bbox 631 2854 653 2901; x_wconf 76' lang='grc' dir='ltr'>ἢ</span> <span class='ocrx_word' id='word_1_512' title='bbox 678 2854 796 2901; x_wconf 80' lang='grc' dir='ltr'>ἐπειδὴ</span> <span class='ocrx_word' id='word_1_513' title='bbox 823 2855 1099 2902; x_wconf 67' lang='grc' dir='ltr'>ἦκολουθῆσατε,</span> <span class='ocrx_word' id='word_1_514' title='bbox 1119 2855 1181 2892; x_wconf 79' lang='grc' dir='ltr'>οὒκ</span> 
     </span>
     <span class='ocr_line' id='line_1_69' title="bbox 155 2914 1179 2969; baseline -0.002 -15"><span class='ocrx_word' id='word_1_515' title='bbox 155 2917 289 2968; x_wconf 71' lang='grc' dir='ltr'>ἐλέγχω</span> <span class='ocrx_word' id='word_1_516' title='bbox 313 2915 392 2960; x_wconf 70' lang='grc' dir='ltr'>τοὺς</span> <span class='ocrx_word' id='word_1_517' title='bbox 419 2916 601 2969; x_wconf 90' lang='grc' dir='ltr'>πονηρούς.</span> <span class='ocrx_word' id='word_1_518' title='bbox 624 2915 674 2954; x_wconf 56' lang='grc' dir='ltr'>ιῸ</span> <span class='ocrx_word' id='word_1_519' title='bbox 704 2915 772 2968; x_wconf 77' lang='grc' dir='ltr'>γὰρ</span> <span class='ocrx_word' id='word_1_520' title='bbox 801 2915 888 2953; x_wconf 76' lang='grc' dir='ltr'>πολὺ</span> <span class='ocrx_word' id='word_1_521' title='bbox 922 2915 1041 2953; x_wconf 87' lang='grc' dir='ltr'>τούτου</span> <span class='ocrx_word' id='word_1_522' title='bbox 1067 2914 1179 2965; x_wconf 79' lang='grc' dir='ltr'>μεῖζόν</span> 
     </span>
     <span class='ocr_line' id='line_1_70' title="bbox 156 2975 1181 3026; baseline -0.003 -10"><span class='ocrx_word' id='word_1_523' title='bbox 156 2980 248 3016; x_wconf 78' lang='grc' dir='ltr'>ἐστιν</span> <span class='ocrx_word' id='word_1_524' title='bbox 266 2980 314 3021; x_wconf 83' lang='grc' dir='ltr'>εἷς</span> <span class='ocrx_word' id='word_1_525' title='bbox 332 2977 371 3015; x_wconf 79' lang='grc' dir='ltr'>τὸ</span> <span class='ocrx_word' id='word_1_526' title='bbox 386 2978 593 3024; x_wconf 64' lang='grc' dir='ltr'>δυσωπῆσαι</span> <span class='ocrx_word' id='word_1_527' title='bbox 611 2978 669 3016; x_wconf 83' lang='grc' dir='ltr'>τὸν</span> <span class='ocrx_word' id='word_1_528' title='bbox 692 2977 913 3022; x_wconf 88' lang='grc' dir='ltr'>διδάσκαλον,</span> <span class='ocrx_word' id='word_1_529' title='bbox 928 2976 1005 3014; x_wconf 76' lang='grc' dir='ltr'>οὐδὲ</span> <span class='ocrx_word' id='word_1_530' title='bbox 1021 2975 1121 3014; x_wconf 72' lang='grc' dir='ltr'>τοῦτό</span> <span class='ocrx_word' id='word_1_531' title='bbox 1138 2992 1181 3026; x_wconf 90' lang='grc' dir='ltr'>με</span> 
     </span>
     <span class='ocr_line' id='line_1_71' title="bbox 158 3037 1187 3092; baseline 0 -17"><span class='ocrx_word' id='word_1_532' title='bbox 158 3039 320 3076; x_wconf 86' lang='grc' dir='ltr'>δυσωπεῖ.</span> <span class='ocrx_word' id='word_1_533' title='bbox 343 3037 388 3076; x_wconf 74' lang='lat' dir='ltr'>cO</span> <span class='ocrx_word' id='word_1_534' title='bbox 417 3037 477 3088; x_wconf 84' lang='grc' dir='ltr'>μὲν</span> <span class='ocrx_word' id='word_1_535' title='bbox 507 3037 575 3092; x_wconf 84' lang='grc' dir='ltr'>γὰρ</span> <span class='ocrx_word' id='word_1_536' title='bbox 605 3038 832 3090; x_wconf 84' lang='grc' dir='ltr'>παραμένων,</span> <span class='ocrx_word' id='word_1_537' title='bbox 862 3041 923 3084; x_wconf 65' lang='grc' dir='ltr'>τῆς</span> <span class='ocrx_word' id='word_1_538' title='bbox 948 3041 1052 3075; x_wconf 76' lang='grc' dir='ltr'>αὐτοῦ</span> <span class='ocrx_word' id='word_1_539' title='bbox 1086 3039 1187 3089; x_wconf 73' lang='grc' dir='ltr'>φιλο-</span> 
     </span>
     <span class='ocr_line' id='line_1_72' title="bbox 159 3097 1190 3153; baseline -0.001 -16"><span class='ocrx_word' id='word_1_540' title='bbox 159 3099 319 3152; x_wconf 87' lang='grc' dir='ltr'>στοργίας</span> <span class='ocrx_word' id='word_1_541' title='bbox 347 3099 541 3152; x_wconf 79' lang='grc' dir='ltr'>παρέχεται</span> <span class='ocrx_word' id='word_1_542' title='bbox 567 3100 776 3153; x_wconf 71' lang='grc' dir='ltr'>τεκμήριον·</span> <span class='ocrx_word' id='word_1_543' title='bbox 802 3102 819 3137; x_wconf 85' lang='grc' dir='ltr'>ὃ</span> <span class='ocrx_word' id='word_1_544' title='bbox 843 3098 878 3137; x_wconf 78' lang='grc' dir='ltr'>δὲ</span> <span class='ocrx_word' id='word_1_545' title='bbox 911 3099 1061 3150; x_wconf 76' lang='grc' dir='ltr'>ἐκλεγεὶς</span> <span class='ocrx_word' id='word_1_546' title='bbox 1089 3097 1190 3150; x_wconf 85' lang='grc' dir='ltr'>παρὰ</span> 
     </span>
     <span class='ocr_line' id='line_1_73' title="bbox 158 3159 1188 3214; baseline -0.002 -15"><span class='ocrx_word' id='word_1_547' title='bbox 158 3165 217 3199; x_wconf 76' lang='grc' dir='ltr'>τοῦ</span> <span class='ocrx_word' id='word_1_548' title='bbox 248 3161 476 3209; x_wconf 86' lang='grc' dir='ltr'>διδασκάλου,</span> <span class='ocrx_word' id='word_1_549' title='bbox 496 3161 685 3214; x_wconf 90' lang='grc' dir='ltr'>περιάπτει</span> <span class='ocrx_word' id='word_1_550' title='bbox 711 3161 809 3206; x_wconf 81' lang='grc' dir='ltr'>δόξαν</span> <span class='ocrx_word' id='word_1_551' title='bbox 843 3160 982 3206; x_wconf 84' lang='grc' dir='ltr'>ἀνοίας,</span> <span class='ocrx_word' id='word_1_552' title='bbox 1003 3159 1188 3214; x_wconf 77' lang='grc' dir='ltr'>ἐκριπτού-</span> 
     </span>
    </p>
   </div>
   <div class='ocr_carea' id='block_1_17' title="bbox 205 3290 1171 3437">
    <p class='ocr_par' dir='ltr' id='par_1_18' title="bbox 205 3290 1171 3437">
     <span class='ocr_line' id='line_1_74' title="bbox 205 3290 1035 3336; baseline -0.004 -10"><span class='ocrx_word' id='word_1_553' title='bbox 205 3302 217 3315; x_wconf 76' lang='lat'>⁰</span> <span class='ocrx_word' id='word_1_554' title='bbox 243 3290 303 3323; x_wconf 61' lang='lat' dir='ltr'>Alli</span> <span class='ocrx_word' id='word_1_555' title='bbox 318 3296 489 3336; x_wconf 71' lang='grc' dir='ltr'>ἠρίθμησεν.</span> <span class='ocrx_word' id='word_1_556' title='bbox 508 3298 630 3325; x_wconf 67' lang='grc' dir='ltr'>ἄκουσον</span> <span class='ocrx_word' id='word_1_557' title='bbox 644 3298 673 3326; x_wconf 82' lang='grc' dir='ltr'>τί</span> <span class='ocrx_word' id='word_1_558' title='bbox 689 3307 771 3336; x_wconf 62' lang='grc' dir='ltr'>φησιν</span> <span class='ocrx_word' id='word_1_559' title='bbox 788 3296 802 3325; x_wconf 83' lang='lat' dir='ltr'>‘o</span> <span class='ocrx_word' id='word_1_560' title='bbox 819 3294 1035 3332; x_wconf 69' lang='grc' dir='ltr'>εὐαγγελιστής.</span> 
     </span>
     <span class='ocr_line' id='line_1_75' title="bbox 207 3341 1171 3386; baseline -0.005 -8"><span class='ocrx_word' id='word_1_561' title='bbox 207 3343 222 3367; x_wconf 67' lang='lat'>‘¹</span> <span class='ocrx_word' id='word_1_562' title='bbox 249 3341 345 3386; x_wconf 68' lang='grc' dir='ltr'>[νεύει</span> <span class='ocrx_word' id='word_1_563' title='bbox 359 3349 465 3386; x_wconf 74' lang='grc' dir='ltr'>μαθεῖν</span> <span class='ocrx_word' id='word_1_564' title='bbox 481 3343 566 3377; x_wconf 84' lang='lat' dir='ltr'>Cod.</span> <span class='ocrx_word' id='word_1_565' title='bbox 580 3344 654 3376; x_wconf 86' lang='grc'>706.</span> <span class='ocrx_word' id='word_1_566' title='bbox 669 3348 738 3378; x_wconf 57' lang='lat' dir='ltr'>:tebet</span> <span class='ocrx_word' id='word_1_567' title='bbox 755 3347 846 3378; x_wconf 66' lang='grc' dir='ltr'>θέλων</span> <span class='ocrx_word' id='word_1_568' title='bbox 858 3348 963 3384; x_wconf 65' lang='grc' dir='ltr'>μαθεῖν</span> <span class='ocrx_word' id='word_1_569' title='bbox 976 3341 1060 3374; x_wconf 85' lang='lat' dir='ltr'>Cod.</span> <span class='ocrx_word' id='word_1_570' title='bbox 1079 3343 1171 3379; x_wconf 58' lang='lat'><strong>705.)</strong></span> 
     </span>
     <span class='ocr_line' id='line_1_76' title="bbox 209 3393 594 3437; baseline 0.003 -12"><span class='ocrx_word' id='word_1_571' title='bbox 209 3404 221 3417; x_wconf 54' lang='grc' dir='ltr'><strong>ὃ</strong></span> <span class='ocrx_word' id='word_1_572' title='bbox 244 3393 360 3426; x_wconf 81' lang='lat' dir='ltr'>Morel.</span> <span class='ocrx_word' id='word_1_573' title='bbox 379 3403 421 3437; x_wconf 72' lang='grc' dir='ltr'>μή</span> <span class='ocrx_word' id='word_1_574' title='bbox 439 3410 510 3429; x_wconf 78' lang='grc' dir='ltr'>ποτε</span> <span class='ocrx_word' id='word_1_575' title='bbox 529 3396 594 3428; x_wconf 59' lang='grc' dir='ltr'>οὖν.</span> 
     </span>
    </p>
   </div>
   <div class='ocr_carea' id='block_1_18' title="bbox 1201 1676 2245 3085">
    <p class='ocr_par' dir='ltr' id='par_1_19' title="bbox 1201 1676 2245 3085">
     <span class='ocr_line' id='line_1_77' title="bbox 1237 1676 2228 1728; baseline -0.014 -7"><span class='ocrx_word' id='word_1_576' title='bbox 1237 1684 1329 1722; x_wconf 85' lang='lat' dir='ltr'>dum</span> <span class='ocrx_word' id='word_1_577' title='bbox 1347 1681 1511 1719; x_wconf 87' lang='lat' dir='ltr'>audierat</span> <span class='ocrx_word' id='word_1_578' title='bbox 1538 1680 1686 1728; x_wconf 88' lang='lat' dir='ltr'>Petrus,</span> <span class='ocrx_word' id='word_1_579' title='bbox 1721 1676 1827 1714; x_wconf 77' lang='lat' dir='ltr'>Vade</span> <span class='ocrx_word' id='word_1_580' title='bbox 1854 1682 1939 1726; x_wconf 84' lang='lat' dir='ltr'>post</span> <span class='ocrx_word' id='word_1_581' title='bbox 1959 1687 2038 1719; x_wconf 79' lang='lat' dir='ltr'>me,</span> <span class='ocrx_word' id='word_1_582' title='bbox 2073 1680 2228 1709; x_wconf 78' lang='lat' dir='ltr'>satana.</span> 
     </span>
     <span class='ocr_line' id='line_1_78' title="bbox 1237 1735 2228 1792; baseline -0.014 -9"><span class='ocrx_word' id='word_1_583' title='bbox 1237 1745 1321 1783; x_wconf 88' lang='lat' dir='ltr'>Ideo</span> <span class='ocrx_word' id='word_1_584' title='bbox 1336 1759 1404 1782; x_wconf 90' lang='lat' dir='ltr'>non</span> <span class='ocrx_word' id='word_1_585' title='bbox 1422 1743 1590 1781; x_wconf 85' lang='lat' dir='ltr'>timebat:</span> <span class='ocrx_word' id='word_1_586' title='bbox 1608 1748 1798 1792; x_wconf 81' lang='lat' dir='ltr'>postquam</span> <span class='ocrx_word' id='word_1_587' title='bbox 1811 1746 1930 1774; x_wconf 87' lang='lat' dir='ltr'>autem</span> <span class='ocrx_word' id='word_1_588' title='bbox 1946 1735 2148 1786; x_wconf 81' lang='lat' dir='ltr'>increpatus</span> <span class='ocrx_word' id='word_1_589' title='bbox 2163 1743 2228 1781; x_wconf 83' lang='lat' dir='ltr'>est,</span> 
     </span>
     <span class='ocr_line' id='line_1_79' title="bbox 1238 1794 2229 1849; baseline -0.015 -4"><span class='ocrx_word' id='word_1_590' title='bbox 1238 1816 1271 1845; x_wconf 89' lang='lat' dir='ltr'>et</span> <span class='ocrx_word' id='word_1_591' title='bbox 1290 1806 1402 1843; x_wconf 89' lang='lat' dir='ltr'>multo</span> <span class='ocrx_word' id='word_1_592' title='bbox 1423 1818 1503 1842; x_wconf 87' lang='lat' dir='ltr'>cum</span> <span class='ocrx_word' id='word_1_593' title='bbox 1522 1803 1651 1840; x_wconf 83' lang='lat' dir='ltr'>affectu</span> <span class='ocrx_word' id='word_1_594' title='bbox 1678 1800 1867 1849; x_wconf 74' lang='lat' dir='ltr'>loquutus,</span> <span class='ocrx_word' id='word_1_595' title='bbox 1890 1811 1960 1834; x_wconf 89' lang='lat' dir='ltr'>non</span> <span class='ocrx_word' id='word_1_596' title='bbox 1977 1794 2143 1833; x_wconf 82' lang='lat' dir='ltr'>laudatus</span> <span class='ocrx_word' id='word_1_597' title='bbox 2159 1803 2229 1843; x_wconf 81' lang='lat' dir='ltr'>est,</span> 
     </span>
     <span class='ocr_line' id='line_1_80' title="bbox 1239 1857 2232 1912; baseline -0.015 -5"><span class='ocrx_word' id='word_1_598' title='bbox 1239 1869 1301 1907; x_wconf 84' lang='lat' dir='ltr'>sed</span> <span class='ocrx_word' id='word_1_599' title='bbox 1321 1877 1353 1906; x_wconf 86' lang='lat' dir='ltr'>et</span> <span class='ocrx_word' id='word_1_600' title='bbox 1371 1876 1508 1905; x_wconf 84' lang='lat' dir='ltr'>satanas</span> <span class='ocrx_word' id='word_1_601' title='bbox 1528 1862 1692 1911; x_wconf 80' lang='lat' dir='ltr'>audivit3</span> <span class='ocrx_word' id='word_1_602' title='bbox 1714 1861 1781 1897; x_wconf 81' lang='lat' dir='ltr'>hae</span> <span class='ocrx_word' id='word_1_603' title='bbox 1799 1867 1965 1912; x_wconf 80' lang='lat' dir='ltr'>percepta</span> <span class='ocrx_word' id='word_1_604' title='bbox 1990 1871 2096 1905; x_wconf 69' lang='lat' dir='ltr'>voce,</span> <span class='ocrx_word' id='word_1_605' title='bbox 2125 1857 2232 1893; x_wconf 82' lang='lat' dir='ltr'>Unus</span> 
     </span>
     <span class='ocr_line' id='line_1_81' title="bbox 1239 1917 2231 1975; baseline -0.016 -7"><span class='ocrx_word' id='word_1_606' title='bbox 1239 1945 1286 1967; x_wconf 35' lang='lat' dir='ltr'>ert*</span> <span class='ocrx_word' id='word_1_607' title='bbox 1302 1931 1414 1967; x_wconf 77' lang='lat' dir='ltr'>vobis</span> <span class='ocrx_word' id='word_1_608' title='bbox 1432 1928 1559 1966; x_wconf 77' lang='lat' dir='ltr'>tradet</span> <span class='ocrx_word' id='word_1_609' title='bbox 1586 1939 1666 1971; x_wconf 83' lang='lat' dir='ltr'>me,</span> <span class='ocrx_word' id='word_1_610' title='bbox 1685 1923 1767 1975; x_wconf 85' lang='lat' dir='ltr'>jure</span> <span class='ocrx_word' id='word_1_611' title='bbox 1786 1920 1918 1959; x_wconf 84' lang='lat' dir='ltr'>timuit.</span> <span class='ocrx_word' id='word_1_612' title='bbox 1939 1917 2108 1969; x_wconf 77' lang='lat' dir='ltr'>Alioquin</span> <span class='ocrx_word' id='word_1_613' title='bbox 2124 1947 2134 1966; x_wconf 90' lang='grc'>,</span> <span class='ocrx_word' id='word_1_614' title='bbox 2162 1930 2231 1953; x_wconf 86' lang='lat' dir='ltr'>non</span> 
     </span>
     <span class='ocr_line' id='line_1_82' title="bbox 1239 1978 2232 2036; baseline -0.014 -7"><span class='ocrx_word' id='word_1_615' title='bbox 1239 1991 1327 2029; x_wconf 82' lang='lat' dir='ltr'>dicit</span> <span class='ocrx_word' id='word_1_616' title='bbox 1342 2004 1455 2036; x_wconf 86' lang='lat' dir='ltr'>nune,</span> <span class='ocrx_word' id='word_1_617' title='bbox 1484 1990 1591 2025; x_wconf 75' lang='lat' dir='ltr'>Unus</span> <span class='ocrx_word' id='word_1_618' title='bbox 1608 2000 1655 2023; x_wconf 60' lang='lat' dir='ltr'>ea·</span> <span class='ocrx_word' id='word_1_619' title='bbox 1675 1985 1777 2021; x_wconf 74' lang='lat' dir='ltr'>vobis</span> <span class='ocrx_word' id='word_1_620' title='bbox 1788 1982 1914 2019; x_wconf 79' lang='lat' dir='ltr'>tradet</span> <span class='ocrx_word' id='word_1_621' title='bbox 1928 1994 2007 2023; x_wconf 87' lang='lat' dir='ltr'>me,·</span> <span class='ocrx_word' id='word_1_622' title='bbox 2026 1978 2101 2027; x_wconf 86' lang='lat' dir='ltr'>sed,</span> <span class='ocrx_word' id='word_1_623' title='bbox 2125 1980 2232 2016; x_wconf 80' lang='lat' dir='ltr'>Unus</span> 
     </span>
     <span class='ocr_line' id='line_1_83' title="bbox 1240 2039 2233 2091; baseline -0.017 0"><span class='ocrx_word' id='word_1_624' title='bbox 1240 2068 1287 2091; x_wconf 70' lang='lat' dir='ltr'>et·</span> <span class='ocrx_word' id='word_1_625' title='bbox 1305 2054 1416 2089; x_wconf 77' lang='lat' dir='ltr'>vobis</span> <span class='ocrx_word' id='word_1_626' title='bbox 1438 2058 1493 2087; x_wconf 85' lang='lat' dir='ltr'>est</span> <span class='ocrx_word' id='word_1_627' title='bbox 1525 2046 1717 2085; x_wconf 82' lang='lat' dir='ltr'>diabolus.</span> <span class='ocrx_word' id='word_1_628' title='bbox 1747 2044 1864 2089; x_wconf 81' lang='lat' dir='ltr'>Quare</span> <span class='ocrx_word' id='word_1_629' title='bbox 1889 2055 1958 2078; x_wconf 86' lang='lat' dir='ltr'>non</span> <span class='ocrx_word' id='word_1_630' title='bbox 1989 2039 2233 2090; x_wconf 81' lang='lat' dir='ltr'>intelligebant</span> 
     </span>
     <span class='ocr_line' id='line_1_84' title="bbox 1242 2099 2234 2166; baseline -0.016 -14"><span class='ocrx_word' id='word_1_631' title='bbox 1242 2113 1329 2166; x_wconf 85' lang='lat' dir='ltr'>quid</span> <span class='ocrx_word' id='word_1_632' title='bbox 1348 2112 1544 2155; x_wconf 81' lang='lat' dir='ltr'>diceretur,</span> <span class='ocrx_word' id='word_1_633' title='bbox 1567 2107 1629 2146; x_wconf 85' lang='lat' dir='ltr'>sed</span> <span class='ocrx_word' id='word_1_634' title='bbox 1658 2105 1832 2144; x_wconf 87' lang='lat' dir='ltr'>malitiam</span> <span class='ocrx_word' id='word_1_635' title='bbox 1851 2112 1989 2141; x_wconf 81' lang='lat' dir='ltr'>tantum</span> <span class='ocrx_word' id='word_1_636' title='bbox 2020 2099 2234 2153; x_wconf 86' lang='lat' dir='ltr'>reprehendi</span> 
     </span>
     <span class='ocr_line' id='line_1_85' title="bbox 1242 2157 2234 2229; baseline -0.017 -15"><span class='ocrx_word' id='word_1_637' title='bbox 1242 2175 1428 2229; x_wconf 87' lang='lat' dir='ltr'>putabant.</span> <span class='ocrx_word' id='word_1_638' title='bbox 1449 2174 1522 2210; x_wconf 89' lang='lat' dir='ltr'>Cur</span> <span class='ocrx_word' id='word_1_639' title='bbox 1541 2180 1659 2208; x_wconf 87' lang='lat' dir='ltr'>autem</span> <span class='ocrx_word' id='word_1_640' title='bbox 1676 2166 1793 2216; x_wconf 77' lang='lat' dir='ltr'>dixit,</span> <span class='ocrx_word' id='word_1_641' title='bbox 1814 2167 1953 2203; x_wconf 72' lang='lat' dir='ltr'>ZVonne</span> <span class='ocrx_word' id='word_1_642' title='bbox 1969 2177 2035 2215; x_wconf 79' lang='lat' dir='ltr'>ego</span> <span class='ocrx_word' id='word_1_643' title='bbox 2052 2157 2123 2200; x_wconf 75' lang='lat' dir='ltr'>vos</span> <span class='ocrx_word' id='word_1_644' title='bbox 2140 2162 2234 2198; x_wconf 82' lang='lat' dir='ltr'>(Iuo-</span> 
     </span>
     <span class='ocr_line' id='line_1_86' title="bbox 1243 2224 2236 2286; baseline -0.018 -10"><span class='ocrx_word' id='word_1_645' title='bbox 1243 2240 1366 2276; x_wconf 79' lang='lat' dir='ltr'>decim</span> <span class='ocrx_word' id='word_1_646' title='bbox 1397 2235 1520 2286; x_wconf 76' lang='lat' dir='ltr'>elegi,</span> <span class='ocrx_word' id='word_1_647' title='bbox 1554 2241 1591 2270; x_wconf 80' lang='lat' dir='ltr'>et</span> <span class='ocrx_word' id='word_1_648' title='bbox 1623 2244 1723 2268; x_wconf 83' lang='lat' dir='ltr'>unus</span> <span class='ocrx_word' id='word_1_649' title='bbox 1746 2243 1792 2266; x_wconf 65' lang='lat' dir='ltr'>ex</span> <span class='ocrx_word' id='word_1_650' title='bbox 1823 2228 1934 2264; x_wconf 77' lang='lat' dir='ltr'>vobis</span> <span class='ocrx_word' id='word_1_651' title='bbox 1957 2224 2135 2262; x_wconf 75' lang='lat' dir='ltr'>diabolus</span> <span class='ocrx_word' id='word_1_652' title='bbox 2155 2227 2236 2259; x_wconf 75' lang='lat' dir='ltr'>est?</span> 
     </span>
     <span class='ocr_line' id='line_1_87' title="bbox 1245 2283 2234 2336; baseline -0.018 0"><span class='ocrx_word' id='word_1_653' title='bbox 1245 2297 1453 2336; x_wconf 81' lang='lat' dir='ltr'>Doctrinam</span> <span class='ocrx_word' id='word_1_654' title='bbox 1472 2308 1573 2331; x_wconf 88' lang='lat' dir='ltr'>suam</span> <span class='ocrx_word' id='word_1_655' title='bbox 1597 2289 1694 2329; x_wconf 85' lang='lat' dir='ltr'>omni</span> <span class='ocrx_word' id='word_1_656' title='bbox 1723 2286 1929 2326; x_wconf 81' lang='lat' dir='ltr'>adulatione</span> <span class='ocrx_word' id='word_1_657' title='bbox 1957 2298 2108 2323; x_wconf 70' lang='lat' dir='ltr'>vacuam</span> <span class='ocrx_word' id='word_1_658' title='bbox 2141 2283 2234 2320; x_wconf 83' lang='lat' dir='ltr'>indi-</span> 
     </span>
     <span class='ocr_line' id='line_1_88' title="bbox 1244 2343 2238 2397; baseline -0.019 0"><span class='ocrx_word' id='word_1_659' title='bbox 1244 2373 1339 2397; x_wconf 81' lang='lat' dir='ltr'>cans.</span> <span class='ocrx_word' id='word_1_660' title='bbox 1364 2357 1454 2393; x_wconf 87' lang='lat' dir='ltr'>Cum</span> <span class='ocrx_word' id='word_1_661' title='bbox 1473 2354 1567 2392; x_wconf 88' lang='lat' dir='ltr'>enim</span> <span class='ocrx_word' id='word_1_662' title='bbox 1584 2348 1857 2389; x_wconf 80' lang='lat' dir='ltr'>abscedentibus</span> <span class='ocrx_word' id='word_1_663' title='bbox 1878 2344 2061 2392; x_wconf 78' lang='lat' dir='ltr'>omnihus,</span> <span class='ocrx_word' id='word_1_664' title='bbox 2082 2343 2149 2394; x_wconf 87' lang='lat' dir='ltr'>ipsi</span> <span class='ocrx_word' id='word_1_665' title='bbox 2169 2343 2238 2388; x_wconf 71' lang='lat' dir='ltr'>soli</span> 
     </span>
     <span class='ocr_line' id='line_1_89' title="bbox 1245 2405 2234 2465; baseline -0.019 -7"><span class='ocrx_word' id='word_1_666' title='bbox 1245 2426 1443 2465; x_wconf 86' lang='lat' dir='ltr'>manerent,</span> <span class='ocrx_word' id='word_1_667' title='bbox 1478 2424 1510 2452; x_wconf 87' lang='lat' dir='ltr'>et</span> <span class='ocrx_word' id='word_1_668' title='bbox 1540 2412 1637 2450; x_wconf 83' lang='lat' dir='ltr'>Petri</span> <span class='ocrx_word' id='word_1_669' title='bbox 1668 2424 1727 2448; x_wconf 92' lang='lat' dir='ltr'>ore</span> <span class='ocrx_word' id='word_1_670' title='bbox 1749 2407 1933 2446; x_wconf 83' lang='lat' dir='ltr'>Christum</span> <span class='ocrx_word' id='word_1_671' title='bbox 1958 2405 2234 2453; x_wconf 72' lang='lat' dir='ltr'>confiterentur,</span> 
     </span>
     <span class='ocr_line' id='line_1_90' title="bbox 1201 2466 2238 2532; baseline -0.017 -13"><span class='ocrx_word' id='word_1_672' title='bbox 1201 2502 1224 2532; x_wconf 77' lang='lat' dir='ltr'>B</span> <span class='ocrx_word' id='word_1_673' title='bbox 1247 2495 1289 2519; x_wconf 88' lang='lat' dir='ltr'>ne</span> <span class='ocrx_word' id='word_1_674' title='bbox 1315 2486 1482 2532; x_wconf 85' lang='lat' dir='ltr'>putarent</span> <span class='ocrx_word' id='word_1_675' title='bbox 1511 2490 1546 2513; x_wconf 89' lang='lat' dir='ltr'>se</span> <span class='ocrx_word' id='word_1_676' title='bbox 1572 2473 1651 2511; x_wconf 89' lang='lat' dir='ltr'>ideo</span> <span class='ocrx_word' id='word_1_677' title='bbox 1671 2470 1758 2523; x_wconf 86' lang='lat' dir='ltr'>ipsis</span> <span class='ocrx_word' id='word_1_678' title='bbox 1777 2469 2009 2506; x_wconf 87' lang='lat' dir='ltr'>adulaturum</span> <span class='ocrx_word' id='word_1_679' title='bbox 2028 2480 2118 2514; x_wconf 86' lang='lat' dir='ltr'>esse,</span> <span class='ocrx_word' id='word_1_680' title='bbox 2146 2466 2238 2502; x_wconf 81' lang='lat' dir='ltr'>hanc</span> 
     </span>
     <span class='ocr_line' id='line_1_91' title="bbox 1248 2529 2232 2592; baseline -0.017 -10"><span class='ocrx_word' id='word_1_681' title='bbox 1248 2552 1387 2582; x_wconf 63' lang='lat' dir='ltr'>amovet</span> <span class='ocrx_word' id='word_1_682' title='bbox 1419 2539 1684 2592; x_wconf 76' lang='lat' dir='ltr'>suspici0nmu5</span> <span class='ocrx_word' id='word_1_683' title='bbox 1720 2548 1761 2571; x_wconf 85' lang='lat' dir='ltr'>ac</span> <span class='ocrx_word' id='word_1_684' title='bbox 1789 2532 1819 2570; x_wconf 89' lang='lat' dir='ltr'>si</span> <span class='ocrx_word' id='word_1_685' title='bbox 1852 2531 2011 2569; x_wconf 83' lang='lat' dir='ltr'>diceret:</span> <span class='ocrx_word' id='word_1_686' title='bbox 2042 2529 2143 2567; x_wconf 86' lang='lat' dir='ltr'>Nihil</span> <span class='ocrx_word' id='word_1_687' title='bbox 2175 2543 2232 2566; x_wconf 87' lang='lat' dir='ltr'>me</span> 
     </span>
     <span class='ocr_line' id='line_1_92' title="bbox 1248 2589 2241 2651; baseline -0.017 -8"><span class='ocrx_word' id='word_1_688' title='bbox 1248 2604 1388 2643; x_wconf 80' lang='lat' dir='ltr'>cohibet</span> <span class='ocrx_word' id='word_1_689' title='bbox 1406 2599 1596 2651; x_wconf 88' lang='lat' dir='ltr'>quominus</span> <span class='ocrx_word' id='word_1_690' title='bbox 1622 2596 1733 2633; x_wconf 82' lang='lat' dir='ltr'>malos</span> <span class='ocrx_word' id='word_1_691' title='bbox 1758 2607 1908 2645; x_wconf 84' lang='lat' dir='ltr'>arguam</span> <span class='ocrx_word' id='word_1_692' title='bbox 1926 2608 1934 2629; x_wconf 90' lang='lat'>:</span> <span class='ocrx_word' id='word_1_693' title='bbox 1969 2605 2013 2629; x_wconf 90' lang='lat' dir='ltr'>ne</span> <span class='ocrx_word' id='word_1_694' title='bbox 2033 2589 2164 2643; x_wconf 85' lang='lat' dir='ltr'>putetis</span> <span class='ocrx_word' id='word_1_695' title='bbox 2184 2604 2241 2627; x_wconf 85' lang='lat' dir='ltr'>me</span> 
     </span>
     <span class='ocr_line' id='line_1_93' title="bbox 1249 2651 2240 2714; baseline -0.017 -10"><span class='ocrx_word' id='word_1_696' title='bbox 1249 2666 1351 2704; x_wconf 73' lang='lat' dir='ltr'>vobis</span> <span class='ocrx_word' id='word_1_697' title='bbox 1364 2695 1374 2714; x_wconf 87' lang='grc'>,</span> <span class='ocrx_word' id='word_1_698' title='bbox 1404 2662 1487 2713; x_wconf 86' lang='lat' dir='ltr'>quia</span> <span class='ocrx_word' id='word_1_699' title='bbox 1508 2658 1676 2706; x_wconf 80' lang='lat' dir='ltr'>manetis,</span> <span class='ocrx_word' id='word_1_700' title='bbox 1697 2656 1929 2694; x_wconf 86' lang='lat' dir='ltr'>adulaturum</span> <span class='ocrx_word' id='word_1_701' title='bbox 1954 2667 2049 2702; x_wconf 72' lang='lat' dir='ltr'>esse,</span> <span class='ocrx_word' id='word_1_702' title='bbox 2077 2661 2138 2689; x_wconf 84' lang='lat' dir='ltr'>aut</span> <span class='ocrx_word' id='word_1_703' title='bbox 2156 2651 2240 2702; x_wconf 86' lang='lat' dir='ltr'>quia</span> 
     </span>
     <span class='ocr_line' id='line_1_94' title="bbox 1250 2714 2241 2776; baseline -0.017 -10"><span class='ocrx_word' id='word_1_704' title='bbox 1250 2743 1305 2766; x_wconf 89' lang='lat' dir='ltr'>me</span> <span class='ocrx_word' id='word_1_705' title='bbox 1321 2723 1522 2776; x_wconf 86' lang='lat' dir='ltr'>sequimini,</span> <span class='ocrx_word' id='word_1_706' title='bbox 1540 2719 1720 2772; x_wconf 88' lang='lat' dir='ltr'>improbos</span> <span class='ocrx_word' id='word_1_707' title='bbox 1739 2731 1808 2755; x_wconf 92' lang='lat' dir='ltr'>non</span> <span class='ocrx_word' id='word_1_708' title='bbox 1825 2716 2134 2768; x_wconf 85' lang='lat' dir='ltr'>reprehensurum.</span> <span class='ocrx_word' id='word_1_709' title='bbox 2150 2714 2241 2750; x_wconf 78' lang='lat' dir='ltr'>Nam</span> 
     </span>
     <span class='ocr_line' id='line_1_95' title="bbox 1251 2773 2241 2840; baseline -0.018 -13"><span class='ocrx_word' id='word_1_710' title='bbox 1251 2787 1348 2840; x_wconf 89' lang='lat' dir='ltr'>quod</span> <span class='ocrx_word' id='word_1_711' title='bbox 1376 2783 1489 2836; x_wconf 83' lang='lat' dir='ltr'>magis</span> <span class='ocrx_word' id='word_1_712' title='bbox 1519 2790 1636 2835; x_wconf 85' lang='lat' dir='ltr'>posset</span> <span class='ocrx_word' id='word_1_713' title='bbox 1670 2779 1887 2830; x_wconf 83' lang='lat' dir='ltr'>Magistrum</span> <span class='ocrx_word' id='word_1_714' title='bbox 1912 2776 2072 2824; x_wconf 85' lang='lat' dir='ltr'>flectere,</span> <span class='ocrx_word' id='word_1_715' title='bbox 2111 2773 2151 2811; x_wconf 90' lang='lat' dir='ltr'>id</span> <span class='ocrx_word' id='word_1_716' title='bbox 2172 2787 2241 2810; x_wconf 91' lang='lat' dir='ltr'>non</span> 
     </span>
     <span class='ocr_line' id='line_1_96' title="bbox 1252 2833 2238 2892; baseline -0.019 -4"><span class='ocrx_word' id='word_1_717' title='bbox 1252 2864 1307 2888; x_wconf 90' lang='lat' dir='ltr'>me</span> <span class='ocrx_word' id='word_1_718' title='bbox 1328 2847 1450 2886; x_wconf 87' lang='lat' dir='ltr'>flectit.</span> <span class='ocrx_word' id='word_1_719' title='bbox 1473 2843 1547 2892; x_wconf 85' lang='lat' dir='ltr'>Qui</span> <span class='ocrx_word' id='word_1_720' title='bbox 1569 2850 1702 2886; x_wconf 87' lang='lat' dir='ltr'>manet,</span> <span class='ocrx_word' id='word_1_721' title='bbox 1731 2838 1862 2877; x_wconf 85' lang='lat' dir='ltr'>amoris</span> <span class='ocrx_word' id='word_1_722' title='bbox 1885 2837 1941 2875; x_wconf 88' lang='lat' dir='ltr'>sui</span> <span class='ocrx_word' id='word_1_723' title='bbox 1966 2836 2029 2874; x_wconf 85' lang='lat' dir='ltr'>dat</span> <span class='ocrx_word' id='word_1_724' title='bbox 2049 2833 2238 2872; x_wconf 83' lang='lat' dir='ltr'>iudiciuin.</span> 
     </span>
     <span class='ocr_line' id='line_1_97' title="bbox 1253 2896 2245 2959; baseline -0.018 -11"><span class='ocrx_word' id='word_1_725' title='bbox 1253 2910 1327 2959; x_wconf 85' lang='lat' dir='ltr'>Qui</span> <span class='ocrx_word' id='word_1_726' title='bbox 1349 2909 1478 2947; x_wconf 87' lang='lat' dir='ltr'>electus</span> <span class='ocrx_word' id='word_1_727' title='bbox 1496 2914 1547 2943; x_wconf 87' lang='lat' dir='ltr'>est</span> <span class='ocrx_word' id='word_1_728' title='bbox 1571 2919 1591 2941; x_wconf 88' lang='lat' dir='ltr'>a</span> <span class='ocrx_word' id='word_1_729' title='bbox 1612 2901 1808 2954; x_wconf 85' lang='lat' dir='ltr'>Magistro,</span> <span class='ocrx_word' id='word_1_730' title='bbox 1834 2899 1879 2937; x_wconf 86' lang='lat' dir='ltr'>ab</span> <span class='ocrx_word' id='word_1_731' title='bbox 1901 2896 2173 2950; x_wconf 88' lang='lat' dir='ltr'>insipientibus,</span> <span class='ocrx_word' id='word_1_732' title='bbox 2204 2907 2245 2930; x_wconf 83' lang='lat' dir='ltr'>ac</span> 
     </span>
     <span class='ocr_line' id='line_1_98' title="bbox 1252 2958 2242 3018; baseline -0.018 -8"><span class='ocrx_word' id='word_1_733' title='bbox 1252 2972 1281 3010; x_wconf 88' lang='lat' dir='ltr'>si</span> <span class='ocrx_word' id='word_1_734' title='bbox 1301 2969 1477 3017; x_wconf 86' lang='lat' dir='ltr'>insaniat,</span> <span class='ocrx_word' id='word_1_735' title='bbox 1500 2964 1705 3018; x_wconf 87' lang='lat' dir='ltr'>repelletur.</span> <span class='ocrx_word' id='word_1_736' title='bbox 1729 2964 1893 2999; x_wconf 87' lang='lat' dir='ltr'>Attamen</span> <span class='ocrx_word' id='word_1_737' title='bbox 1920 2973 2033 3009; x_wconf 89' lang='lat' dir='ltr'>neque</span> <span class='ocrx_word' id='word_1_738' title='bbox 2054 2958 2122 2996; x_wconf 88' lang='lat' dir='ltr'>hoe</span> <span class='ocrx_word' id='word_1_739' title='bbox 2147 2971 2203 2993; x_wconf 83' lang='lat' dir='ltr'>lue</span> <span class='ocrx_word' id='word_1_740' title='bbox 2222 2970 2242 2992; x_wconf 85' lang='lat' dir='ltr'>a</span> 
     </span>
     <span class='ocr_line' id='line_1_99' title="bbox 1253 3019 2243 3085; baseline -0.018 -14"><span class='ocrx_word' id='word_1_741' title='bbox 1253 3028 1542 3085; x_wconf 85' lang='lat' dir='ltr'>reprehendendo</span> <span class='ocrx_word' id='word_1_742' title='bbox 1569 3025 1730 3064; x_wconf 86' lang='lat' dir='ltr'>abducit.</span> <span class='ocrx_word' id='word_1_743' title='bbox 1762 3023 1836 3061; x_wconf 86' lang='lat' dir='ltr'>Hac</span> <span class='ocrx_word' id='word_1_744' title='bbox 1864 3021 1909 3059; x_wconf 88' lang='lat' dir='ltr'>de</span> <span class='ocrx_word' id='word_1_745' title='bbox 1940 3035 1977 3058; x_wconf 86' lang='lat' dir='ltr'>re</span> <span class='ocrx_word' id='word_1_746' title='bbox 2009 3019 2116 3057; x_wconf 89' lang='lat' dir='ltr'>etiam</span> <span class='ocrx_word' id='word_1_747' title='bbox 2150 3031 2243 3055; x_wconf 87' lang='lat' dir='ltr'>nune</span> 
     </span>
    </p>
   </div>
   <div class='ocr_carea' id='block_1_19' title="bbox 1254 3082 2239 3149">
    <p class='ocr_par' dir='ltr' id='par_1_20' title="bbox 1254 3082 2239 3149">
     <span class='ocr_line' id='line_1_100' title="bbox 1254 3082 2239 3149; baseline -0.018 -14"><span class='ocrx_word' id='word_1_748' title='bbox 1254 3096 1399 3149; x_wconf 78' lang='lat' dir='ltr'>gentiles</span> <span class='ocrx_word' id='word_1_749' title='bbox 1420 3092 1604 3132; x_wconf 87' lang='lat' dir='ltr'>Christum</span> <span class='ocrx_word' id='word_1_750' title='bbox 1625 3097 1808 3136; x_wconf 83' lang='lat' dir='ltr'>accusant,</span> <span class='ocrx_word' id='word_1_751' title='bbox 1834 3086 1895 3125; x_wconf 90' lang='lat' dir='ltr'>sed</span> <span class='ocrx_word' id='word_1_752' title='bbox 1920 3084 2051 3136; x_wconf 77' lang='lat' dir='ltr'>frigide</span> <span class='ocrx_word' id='word_1_753' title='bbox 2069 3092 2101 3120; x_wconf 89' lang='lat' dir='ltr'>et</span> <span class='ocrx_word' id='word_1_754' title='bbox 2119 3082 2239 3119; x_wconf 86' lang='lat' dir='ltr'>stulte.</span> 
     </span>
    </p>
   </div>
   <div class='ocr_carea' id='block_1_20' title="bbox 1255 3144 2444 3195">
    <p class='ocr_par' dir='ltr' id='par_1_21' title="bbox 1255 3144 2444 3195">
     <span class='ocr_line' id='line_1_101' title="bbox 1255 3144 2444 3195; baseline -0.019 1"><span class='ocrx_word' id='word_1_755' title='bbox 1255 3158 1335 3195; x_wconf 88' lang='lat' dir='ltr'>Non</span> <span class='ocrx_word' id='word_1_756' title='bbox 1351 3155 1446 3194; x_wconf 88' lang='lat' dir='ltr'>enim</span> <span class='ocrx_word' id='word_1_757' title='bbox 1460 3152 1664 3192; x_wconf 87' lang='lat' dir='ltr'>necessitate</span> <span class='ocrx_word' id='word_1_758' title='bbox 1677 3158 1738 3187; x_wconf 88' lang='lat' dir='ltr'>aut</span> <span class='ocrx_word' id='word_1_759' title='bbox 1755 3148 1795 3187; x_wconf 84' lang='lat' dir='ltr'>vi</span> <span class='ocrx_word' id='word_1_760' title='bbox 1815 3148 1911 3185; x_wconf 85' lang='lat' dir='ltr'>Deus</span> <span class='ocrx_word' id='word_1_761' title='bbox 1929 3146 2039 3185; x_wconf 86' lang='lat' dir='ltr'>bonos</span> <span class='ocrx_word' id='word_1_762' title='bbox 2059 3144 2170 3180; x_wconf 85' lang='lat' dir='ltr'>faeere</span> <span class='ocrx_word' id='word_1_763' title='bbox 2188 3156 2244 3180; x_wconf 90' lang='lat' dir='ltr'>so-</span> <span class='ocrx_word' id='word_1_764' title='bbox 2294 3145 2370 3172; x_wconf 71' lang='lat' dir='ltr'>Deus</span> <span class='ocrx_word' id='word_1_765' title='bbox 2388 3156 2444 3174; x_wconf 83' lang='lat' dir='ltr'>non</span> 
     </span>
    </p>
   </div>
   <div class='ocr_carea' id='block_1_21' title="bbox 1282 3271 2246 3330">
    <p class='ocr_par' dir='ltr' id='par_1_22' title="bbox 1282 3271 2246 3330">
     <span class='ocr_line' id='line_1_102' title="bbox 1282 3271 2246 3330; baseline -0.021 -8"><span class='ocrx_word' id='word_1_766' title='bbox 1282 3288 1297 3306; x_wconf 65' lang='lat'>³²</span> <span class='ocrx_word' id='word_1_767' title='bbox 1322 3288 1395 3330; x_wconf 78' lang='grc' dir='ltr'>[καὶ</span> <span class='ocrx_word' id='word_1_768' title='bbox 1420 3290 1466 3319; x_wconf 78' lang='grc' dir='ltr'>νῦν</span> <span class='ocrx_word' id='word_1_769' title='bbox 1490 3289 1521 3318; x_wconf 67' lang='grc' dir='ltr'>οὐ</span> <span class='ocrx_word' id='word_1_770' title='bbox 1539 3288 1632 3325; x_wconf 78' lang='grc' dir='ltr'>λέγει,</span> <span class='ocrx_word' id='word_1_771' title='bbox 1654 3283 1691 3319; x_wconf 79' lang='grc' dir='ltr'>εἴς</span> <span class='ocrx_word' id='word_1_772' title='bbox 1707 3277 1816 3312; x_wconf 84' lang='lat' dir='ltr'>Codd.</span> <span class='ocrx_word' id='word_1_773' title='bbox 1836 3275 1940 3309; x_wconf 77' lang='lat' dir='ltr'>nostri</span> <span class='ocrx_word' id='word_1_774' title='bbox 1959 3283 1990 3306; x_wconf 83' lang='lat' dir='ltr'>et</span> <span class='ocrx_word' id='word_1_775' title='bbox 2006 3284 2108 3315; x_wconf 77' lang='lat' dir='ltr'>marg.</span> <span class='ocrx_word' id='word_1_776' title='bbox 2129 3271 2246 3313; x_wconf 84' lang='lat' dir='ltr'>Savil.]</span> 
     </span>
    </p>
   </div>
   <div class='ocr_carea' id='block_1_22' title="bbox 1282 3332 1849 3376">
    <p class='ocr_par' dir='ltr' id='par_1_23' title="bbox 1282 3332 1849 3376">
     <span class='ocr_line' id='line_1_103' title="bbox 1282 3332 1849 3376; baseline -0.025 -2"><span class='ocrx_word' id='word_1_777' title='bbox 1282 3342 1298 3366; x_wconf 77' lang='lat' dir='ltr'>b</span> <span class='ocrx_word' id='word_1_778' title='bbox 1325 3338 1386 3372; x_wconf 70' lang='lat' dir='ltr'>Alii</span> <span class='ocrx_word' id='word_1_779' title='bbox 1400 3340 1506 3374; x_wconf 74' lang='grc' dir='ltr'>δεικνὺς</span> <span class='ocrx_word' id='word_1_780' title='bbox 1523 3340 1608 3370; x_wconf 77' lang='grc' dir='ltr'>τοῦτο’</span> <span class='ocrx_word' id='word_1_781' title='bbox 1627 3348 1721 3376; x_wconf 61' lang='grc' dir='ltr'>φησιν.</span> <span class='ocrx_word' id='word_1_782' title='bbox 1740 3332 1849 3367; x_wconf 63' lang='grc' dir='ltr'>ἐπειδὴ.</span> 
     </span>
    </p>
   </div>
  </div>
 </body>
</html>
