2481 3678
260 212 344 258 168
677 228 715 257 S.

756 226 943 257 JOANMS
980 224 1218 255 CHRYSOST.
1257 221 1462 253 ARCHIEP.
1502 222 1862 253 CONSTANTINOP.
1893 242 1899 250 .

249 309 317 355 nis,
341 321 418 359 quae
442 307 546 359 longe
579 307 766 346 sublimior
785 317 847 357 est,
878 307 1048 346 rationem
1067 305 1150 345 dare
1168 319 1231 357 po·
1252 308 1276 338 E
1302 300 1357 343 οῧν
1380 305 1460 358 περὶ
1478 308 1539 352 τῆς
1562 307 1686 352 νοητῆς
1703 307 1765 351 τῆς
1787 305 1842 346 διὰ
1861 308 1920 345 τοῦ
1941 303 2179 355 βαπτίσματος
2201 304 2318 356 γεννή·

248 369 421 407 terimus?
441 383 511 420 quo
530 378 633 421 pacto
651 368 816 422 stupendi
844 378 967 421 partus
986 368 1076 406 ratio
1095 382 1114 404 a
1132 366 1233 404 nobis

248 430 460 482 expetatur?
489 444 573 468 nam
606 439 639 468 et
672 429 788 481 angeli
820 429 904 466 huie
933 427 1148 480 generationi
1168 425 1232 464 ad-

247 490 355 528 fuere.
378 493 423 528 At
442 506 526 530 vero
552 490 698 529 modum
732 490 910 542 explicare
930 488 1109 526 mirabilis
1134 489 1233 526 illius

247 565 310 602 per
328 552 547 603 baptismum
573 551 816 602 generationis,
847 563 948 587 nemo
971 549 1136 600 potuerit.
1158 549 1234 587 Ad—

247 612 390 649 fuerunt
410 613 478 660 illi,
498 612 586 649 nihil
610 611 824 658 efficientes,
847 609 906 647 sed
941 624 980 647 ea
1005 623 1084 659 quae
1102 609 1235 647 fiebant

247 673 363 710 solum
383 672 552 711 videntes.
576 673 693 721 Pater,
719 671 833 709 Filius
860 679 893 708 et
913 670 1070 722 Spiritus
1091 679 1234 708 sanctus

247 734 365 770 omnia
388 743 565 785 operatur.
589 733 884 784 Obtemperemus
899 745 981 782 ergo
1002 731 1070 769 Dei
1095 739 1235 769 senten-

246 795 316 841 tiae,
338 809 414 845 qua:
447 804 498 832 est
532 795 609 846 ipso
628 794 709 833 visu
741 793 879 831 cer-,liei
900 794 992 831 Nam
1010 792 1109 831 visus
1140 807 1234 845 saepe

244 857 383 894 fallitur
404 873 411 894 :

246 920 326 972 ipsi.
347 922 438 958 Nam
467 934 544 970 quae
577 919 639 957 illa
660 932 738 969 quae
768 932 835 956 non
859 926 957 956 elant
985 916 1170 968 produxit,
1190 917 1234 954 de

245 996 366 1019 eorum
388 990 513 1018 natura
530 981 678 1031 loquens
698 979 808 1017 fidem
824 988 989 1016 meretur.
1005 977 1101 1024 Quid
1124 977 1234 1029 igitur

245 1043 307 1080 illa
333 1042 505 1081 dicitPId
539 1041 637 1092 quod.
670 1042 824 1079 efficitur
857 1053 930 1078 esse
961 1039 1232 1091 generationem.

246 1106 352 1152 Quod
364 1105 393 1142 si
412 1104 475 1142 tihi
490 1104 669 1155 quispiam
684 1101 1055 1150 dixerit7Quomodo?
1070 1115 1115 1138 ex
1132 1101 1235 1138 Chri-

246 1168 288 1205 sti
311 1167 480 1205 sententia
507 1181 544 1203 os
561 1167 636 1217 ejus
656 1165 810 1212 obstrue,
826 1178 903 1213 quae
925 1176 1052 1213 magna
1073 1162 1236 1212 claraque

246 1238 295 1265 est
315 1227 579 1265 demonstratio.
601 1226 639 1263 Si
666 1225 745 1275 quis
765 1238 847 1262 vero
869 1223 1153 1273 interrogaverit,
1174 1237 1237 1260 cur

247 1305 337 1339 :iqua
372 1297 592 1337 assumatur,
619 1286 780 1325 vicissim
816 1285 1072 1335 interrogemus
1096 1293 1129 1322 et
1160 1298 1235 1333 nos,

249 1365 312 1388 cur
333 1359 425 1388 terra
445 1349 490 1386 ab
515 1348 616 1386 initio
643 1347 689 1385 ad
707 1346 862 1384 hominis
884 1345 1127 1383 formationem
1146 1359 1235 1398 pro-

249 1413 356 1450 ducta
385 1413 441 1449 sit.
463 1413 553 1449 Nam
583 1409 679 1461 quod
699 1409 774 1447 sine
794 1418 886 1446 terra
910 1417 1026 1460 posset
1055 1407 1234 1445 hominem

248 1472 561 1519 s01·;·mue‚nemini
591 1486 660 1508 non
691 1470 925 1522 conspicuum
958 1478 1018 1506 est.
1044 1470 1096 1506 Ne
1119 1468 1237 1519 itaque

434 858 495 895 illa
521 857 597 895 {alli
628 856 761 907 nequit.
791 855 1086 907 Obtemperemus
1116 829 1288 906 itaqueffiss
1301 856 1491 908 ἐργάζεται.
1518 856 1727 907 Πειθώμεθα
1749 855 1860 894 τοίνυν
1880 858 1922 905 τῇ
1941 855 2113 907 ἀποφάσει
2130 858 2189 893 τοῦ
2209 856 2299 892 Θεοῦ·
2313 869 2321 877 -

1303 382 1389 409 σεως
1409 365 1626 417 δυνησόμεθα
1656 367 1771 404 δοῦναι
1802 365 1939 409 εὐθύνας
1966 369 2028 412 τῆς
2049 367 2166 418 πολλῷ
2191 365 2318 404 τούτων

1301 428 1532 480 ὑψηλοτέρας,
1553 427 1613 466 καὶ
1631 426 1817 479 λογισμοὺς
1848 430 2068 466 ἀπαιτεῖσθαι
2095 431 2156 474 τῆς
2181 431 2320 478 θαυμα-

1301 492 1384 535 στῆς
1402 489 1461 527 καὶ
1483 487 1677 542 παραδόξου
1695 488 1822 535 ταύτης
1841 488 1997 540 λοχείας,
2015 488 2089 527 ἐπεὶ
2108 487 2167 525 καὶ
2183 487 2322 539 ἄγγελοι

1301 553 1343 601 τῇ
1363 550 1518 602 γεννήσει
1542 549 1649 600 ταύτῃ
1653 549 1913 625 παρεστήκασι
1936 549 2110 601 γινομένῃ.
2141 550 2263 586 Εἰπεῖν
2285 547 2320 586 δὲ

1300 611 1357 648 τὸν
1387 611 1512 664 τρόπον
1534 610 1548 630 ‘¹
1560 628 1620 650 ουκ
1652 611 1690 648 ἂν
1720 611 1794 662 ἔχοι
1826 627 1878 654 τις
1911 613 1972 657 τῆς
2004 611 2241 661 θαυικαστης’
2227 608 2320 647 εκεί-

1301 688 1361 719 νης
1387 673 1574 721 γεννήσεως
1601 676 1664 718 τῆς
1684 673 1739 710 διὰ
1765 676 1824 710 τοῦ
1848 670 2099 722 βαπτίσματος.
2122 671 2192 709 Καὶ
2213 686 2321 722 παρε-

1301 733 1451 778 στήκασι
1469 736 1642 777 τελοῦντες
1665 732 1726 783 μὲν
1749 731 1855 780 οὐδὲν,
1875 732 1975 783 μόνον
1996 734 2139 784 ὁρῶντες
2154 731 2190 770 δὲ
2209 731 2253 769 τὰ
2267 747 2323 782 γι·-

1301 794 1439 844 νόμενα.
1463 796 1590 848 Πατὴρ
1620 795 1680 833 καὶ
1712 795 1792 838 Υἱὸς
1825 794 1883 832 καὶ
1917 793 2011 846 ἅγιον
2044 795 2189 844 Πνεῦμα
2208 792 2323 831 πάντα

1300 917 1409 969 ὅψεως
1433 917 1500 970 γάρ
1525 918 1616 955 ε’στιν
1650 917 1734 963 αὐτὴ
1764 915 1964 969 πιστοτέρα.
1989 916 2034 954 ‘11
2070 915 2130 967 μὲν
2155 915 2222 968 γὰρ
2248 915 2324 967 ὄψις

1299 980 1478 1029 πολλαχοῦ
1506 978 1565 1016 καὶ
1587 979 1800 1030 σφάλλεται·
1829 977 1961 1025 ἐκείνην
1980 977 2014 1015 δὲ
2043 977 2223 1029 ἀμήχανον
2249 977 2325 1014 δια-

1300 1046 1429 1078 πεσεῖν.
1450 1039 1660 1091 Πειθώμεθα
1681 1040 1792 1078 τοίνυν
1820 1043 1918 1092 αὐτῇ.
1945 1040 1989 1077 Ἥ
2016 1039 2083 1092 γὰρ
2108 1039 2152 1077 τὰ
2176 1038 2224 1090 μὴ
2243 1038 2325 1076 ὄντα

1299 1106 1570 1152 παραγαγοῦσα,
1591 1100 1786 1144 ἀξιόπιστος
1809 1101 1848 1138 ἂν
1866 1102 1917 1148 εἴη
1938 1101 1997 1139 καὶ
2019 1100 2098 1153 περὶ
2117 1103 2178 1146 τ’ἧς
2195 1099 2326 1152 φύσεως

1302 1162 1413 1198 αὐτῶν
1436 1161 1674 1211 διαλεγομένη.
1700 1161 1747 1199 Τί
1769 1155 1825 1199 οῧν
1846 1161 1933 1208 αὕτη
1956 1161 2077 1213 φησίν,
2096 1160 2182 1199 ϋΟτι
2201 1159 2327 1212 γέννη-

1301 1220 1353 1264 σίς
1370 1223 1442 1258 ἐστι
1463 1221 1502 1259 τὸ
1521 1221 1733 1271 τελούμενον.
1755 1223 1798 1260 Εἰ
1818 1221 1853 1260 δὲ
1872 1221 1923 1265 τίς
1943 1237 1996 1259 σοι
2015 1222 2126 1273 λε’γοι,
2144 1224 2234 1268 πῶς,
2251 1223 2327 1258 ἐπι-

1303 1281 1466 1332 στόμισον
1489 1282 1588 1319 αὐτὸν
1610 1284 1652 1333 τῇ
1674 1282 1846 1334 ἀποφάσει
1861 1286 1921 1320 τοῦ
1948 1283 2120 1334 Χριστοῦ,
2139 1281 2230 1334 ἥπερ
2254 1280 2328 1319 ἐστὶ

1304 1342 1449 1395 μεγίστη
1481 1344 1541 1381 καὶ
1564 1343 1675 1395 σαφὴς
1695 1342 1876 1387 ἀπόδειξις.
1910 1348 1923 1363 ³
1941 1344 1983 1381 Εἰ
2015 1343 2052 1381 δέ
2085 1359 2136 1386 τις
2166 1342 2326 1396 ἐρωτῴη,

1302 1403 1392 1446 τίνος
1418 1403 1530 1441 ἕνεκεν
1560 1404 1598 1442 τὸ
1629 1403 1721 1480 ὕδωρ
1750 1403 2005 1457 παρείληπται,
2034 1403 2327 1456 ἀντερωτήσωμεν

1302 1479 1362 1502 και
1380 1468 1504 1515 ἡμεῖς,
1534 1464 1624 1508 τίνος
1646 1463 1681 1502 οε
1702 1463 1814 1502 ἕνεκεν
1839 1469 1860 1511 ἡ
1882 1482 1926 1516 γη
1947 1464 2044 1517 παρὰ
2065 1481 2127 1512 την
2151 1463 2261 1517 ἀργὴν
2283 1465 2330 1506 εἷς

247 1534 422 1571 euiiosius
442 1533 612 1583 inquiras.
630 1531 739 1577 Quod
754 1531 848 1568 enim
868 1529 1061 1568 necessaiia
1081 1529 1127 1567 sit
1145 1544 1237 1580 aqua
1258 1537 1281 1566 Β
1302 1524 1365 1571 τὴν
1381 1530 1440 1564 τοῦ
1460 1525 1641 1580 ἀνθρώπου
1665 1526 1849 1564 διάπλασιν
1875 1526 2063 1579 παρήγετο.
2083 1525 2168 1563 εΌτι
2184 1525 2252 1578 γὰρ
2271 1525 2330 1562 καὶ

249 1597 333 1634 hinc
349 1596 510 1634 ediscas:
533 1609 615 1633 cum
633 1593 827 1644 aliquando
842 1593 998 1644 Spiritus
1011 1601 1238 1642 anteaquam

247 1657 496 1705 descendisset,
514 1671 584 1694 non
599 1656 657 1694 hic
673 1656 766 1692 stetit
785 1654 976 1707 apostolus,
989 1653 1050 1691 sed
1070 1663 1109 1691 ut
1125 1663 1238 1692 osten—

247 1719 309 1756 dat
337 1719 428 1756 hine
452 1716 683 1756 necessariam
710 1730 773 1753 nee
796 1715 1012 1767 superfluam
1045 1729 1129 1763 esse,
1155 1714 1239 1753 vide

204 1780 338 1839 7,(Ιιιιι1
368 1779 497 1817 ᾶίοεειῐ
525 1779 728 1830 Numquid
757 1791 902 1829 aquam
928 1779 1012 1828 quis
1037 1777 1238 1827 prohibere

250 1850 392 1893 potest,
417 1849 456 1878 ut
491 1854 568 1878 non
602 1841 730 1891 bapti
715 1848 844 1876 ’ἐηῑιιι
876 1838 935 1883 hi,
966 1839 1031 1889 qui
1056 1837 1239 1888 Spiritum

92 1918 174 1956 Aqua
188 1928 239 1944 cur
253 1911 432 1941 sanctum
462 1915 618 1953 acc-cpe]
620 1909 689 1937 unt
719 1902 815 1937 'sicut
849 1907 886 1936 et
917 1902 1010 1936 nos?
1029 1898 1129 1944 Quid
1157 1912 1240 1949 ergo

51 1961 219 2006 ¹¹²⁶e⁵fi³¹¹⁴ff
253 1977 342 2015 opus
360 1971 409 2000 est
436 1962 553 2012 aqua?
573 1961 672 1999 Hoc
659 1975 735 2013 jam
753 1960 883 2008 dicam,
903 1968 941 1996 ut
961 1959 1140 1998 occultum
1160 1973 1241 2012 my-

50 2001 239 2069 ἰΐῃῡιὲιρᾚι
254 2024 400 2062 5ῑοιὶιιιιι
415 2038 439 2061 x
442 2023 519 2060 obis
536 2037 618 2074 aper
622 2022 702 2059 iam
721 2022 813 2059 Sunt
832 2020 976 2072 quidem
990 2021 1058 2059 hae
1074 2021 1118 2059 de
1132 2035 1170 2058 re
1185 2035 1242 2058 al-

255 2086 331 2122 cnni
362 2084 507 2135 quidam
531 2084 593 2121 {lii
618 2097 818 2132 sermones
841 2082 983 2121 interim
1003 2093 1121 2121 uitem
1141 2083 1244 2123 vohis

256 2161 301 2184 ex
319 2147 442 2184 multis
463 2160 575 2183 unum
596 2145 725 2182 dicam.
748 2114 837 2191 Quis
862 2144 922 2182 ille
946 2145 1022 2182 est?
1039 2145 1173 2183 Divina
1188 2159 1243 2182 ce-

100 2224 240 2260 napusmi
255 2207 436 2245 lebrantur
461 2206 496 2243 iu
521 2205 590 2243 hoe
609 2205 773 2257 symbola
795 2220 802 2240 :
825 2204 1025 2256 sepultura,
1052 2205 1245 2242 mortifica-

53 2270 137 2292 ritus,

48 1802 120 1832 Ac!
131 1811 198 1839 ¹0⁴

254 2344 346 2380 aqua
379 2329 473 2366 enim
506 2337 685 2377 tamquam
714 2327 749 2364 in
779 2327 939 2379 sepulcro
965 2336 1071 2379 eaput
1102 2327 1246 2365 immer-

254 2391 420 2441 gentibus
444 2390 560 2439 nobis,
582 2398 684 2427 vetus
704 2389 810 2426 homo
829 2389 998 2441 sepelitur
1016 2403 1057 2427 ac
1070 2386 1247 2440 demergi-

254 2463 312 2490 tur
337 2462 429 2491 totus
447 2450 597 2489 :deinde
622 2451 725 2489 nohis
741 2451 1016 2502 emergentibus,
1038 2465 1150 2490 novus
1180 2465 1244 2488 ex—

256 2514 380 2564 surgit.
394 2514 444 2551 Ut
464 2512 557 2550 enim
577 2512 678 2549 nobis
697 2512 800 2550 facile
816 2521 866 2550 est
886 2512 1051 2563 immergi
1076 2521 1109 2549 et
1128 2521 1248 2564 postea

256 2588 454 2625 emergere:
478 2574 528 2611 sic
549 2575 623 2611 Deo
644 2573 745 2612 facile
766 2582 816 2611 est
838 2583 992 2612 veterem
1024 2573 1170 2625 sepelire
1184 2574 1249 2611 ho-

257 2635 404 2683 minem,
419 2643 453 2671 et
472 2648 605 2671 novum
626 2635 803 2672 inducere.
821 2635 893 2672 Ter
911 2634 980 2672 hoe
998 2635 1054 2685 fit,
1076 2643 1115 2672 ut
1134 2634 1250 2674 discas

257 2697 430 2734 virtutem
468 2695 585 2732 Patris
622 2705 654 2733 et
675 2696 759 2733 Filii
795 2705 827 2733 et
855 2696 1011 2748 Spiritus
1032 2696 1144 2734 sancti
1176 2696 1251 2734 haee

259 2757 377 2795 omnia
402 2757 560 2809 implere.
576 2756 683 2802 Quod
709 2766 826 2794 autem
848 2758 921 2795 haec
950 2772 1016 2795 non
1045 2773 1107 2810 per
1135 2759 1251 2810 conje-

62 2841 179 2869 coloss.
194 2848 223 2867 2·
262 2827 400 2856 eturam
416 2816 510 2854 dicta
534 2816 616 2866 sint,
637 2816 721 2854 audi
742 2818 893 2855 Paulum
917 2834 924 2854 :
947 2820 1170 2870 Consepulti
1189 2834 1251 2858 su-

64 2891 111 2911 12.
263 2891 346 2916 mus
371 2892 458 2916 cum
489 2878 558 2914 illo
580 2891 649 2928 per
677 2880 906 2928 baptismum
939 2882 980 2916 in
1014 2889 1190 2926 mortem,-
1211 2895 1252 2918 ac

59 2962 191 2992 ]{‹›m.6.
217 2963 248 2992 6,
264 2954 427 2988 rursum,
459 2940 571 2976 Vetus
602 2940 716 2975 homo
744 2947 871 2975 noster
900 2941 1015 2977 simul
1043 2942 1250 2994 crucifixus

62 3019 140 3047 [hid.
163 3029 193 3049 v,
219 3020 246 3049 5,
263 3011 336 3047 θεῖς
359 3010 392 3038 et
412 3001 552 3048 iterum,
567 3000 943 3051 Complantatiscceti
963 3014 1092 3040 sumus
1113 3004 1250 3040 simili-

265 3065 390 3101 tudini
415 3064 546 3100 mortis
579 3064 672 3113 ejus.
696 3062 773 3098 Non
801 3060 906 3099 modo
933 3071 1050 3100 autem
1073 3064 1250 3116 baptisma

308 3207 324 3230 (Ι
343 3205 403 3237 Alii
420 3205 498 3237 Mss.
513 3212 547 3236 et
559 3203 659 3237 Savil.
680 3208 728 3237 οὐκ
742 3209 777 3238 ἀν
793 3209 885 3247 ἔχοιεν
899 3211 950 3242 τῆς
965 3210 1133 3247 θαυμαστῆς
1150 3210 1269 3245 ταύτης.

265 3257 365 3289 Paulo
380 3265 455 3298 post
468 3263 570 3300 πατὴρ
587 3262 644 3301 γὰρ
665 3261 721 3294 υἱὸς
738 3261 786 3290 καὶ
804 3259 884 3298 ἅγιον
903 3261 1019 3298 πνεῦμα.
1035 3263 1128 3290 ταντα
1148 3263 1273 3303 ἐργάζε-

266 3325 326 3350 ται,
348 3309 462 3348 Pater,
478 3308 601 3349 Filius,
617 3315 648 3339 et
664 3307 809 3351 Spiritus
822 3315 956 3339 sanctas
970 3310 1081 3339 omnia
1101 3318 1272 3352 operatur,-

266 3360 307 3392 :ul
327 3362 386 3392 tri-‘1
406 3361 574 3402 supposita
597 3358 752 3400 singulari
775 3359 876 3392 serbo
903 3359 1025 3398 utitur,
1042 3368 1077 3391 ut
1103 3369 1199 3394 notat
1214 3363 1272 3395 Su—

266 3412 371 3452 tilius,
391 3425 455 3455 quo
470 3412 594 3445 scilicet
610 3411 716 3445 unitas
734 3411 925 3445 substantive
940 3411 1137 3445 declaratur.

257 2268 317 2318 tio,
333 2267 557 2314 resurreetio,
578 2267 665 2315 vita,
680 2275 714 2303 et
729 2266 805 2303 haec
824 2266 933 2303 simul
948 2266 1039 2303 fiunt
1053 2266 1182 2303 omnia.
1204 2267 1245 2303 In
1276 2278 1287 2285 ’

1304 1591 1365 1633 τῆς
1389 1604 1452 1639 γης
1481 1588 1589 1641 χωρὶς
1617 1604 1762 1634 ποιησαι
1788 1587 1966 1639 ανθρωπον
2001 1590 2093 1626 αυτῶ
2118 1587 2258 1625 δυνατὸν
2275 1591 2330 1634 ἠν,

1304 1648 1489 1687 παντίπου
1514 1650 1627 1695 οηλον.
1644 1648 1740 1721 ΜἸδΝι
1730 1664 1764 1687 εν
1783 1648 1894 1686 τοίνυν
1914 1648 2152 1701 περιεργάζου.
2163 1647 2248 1685 εΌτι
2264 1647 2332 1699 γὰρ

1307 1710 1481 1762 ἀναγκαία
1497 1726 1556 1748 και
1579 1709 1816 1762 ἀπαραίτητος
1835 1713 1856 1756 ἡ
1873 1714 1932 1747 τοῦ
1947 1708 2069 1752 ὕδατος
2085 1708 2206 1762 γρεία,
2225 1710 2332 1753 οὕτως

1307 1788 1346 1809 αν
1370 1771 1502 1822 μάθοις.
1517 1774 1589 1810 Τοῦ
1608 1770 1812 1821 Πνεύματός
1828 1786 1911 1808 ποτε
1931 1769 2171 1813 καταπτάντος
2189 1786 2256 1822 προ
2273 1773 2332 1808 τοῦ

1308 1832 1448 1881 ὕδατος,
1469 1835 1530 1871 οὐκ
1551 1831 1633 1879 ἔστη
1663 1831 1785 1884 μέχρις
1818 1830 1947 1869 ἐκείνου
1972 1834 1990 1869 ὃ
2016 1830 2223 1879 ἀπόστολος,
2255 1831 2332 1868 ἀλλ’

1308 1898 1353 1938 ὡς
1372 1893 1560 1946 ἀναγκαίου
1578 1893 1637 1931 καὶ
1654 1893 1773 1931 τούτου
1786 1892 1845 1931 καὶ
1862 1895 1899 1931 οὐ
1914 1895 2092 1945 περισσοῦ,
2108 1891 2171 1944 ὅρα
2185 1892 2219 1930 τί
2232 1907 2333 1944 φησι·

1309 1956 1407 2003 Μήτι
1426 1956 1465 1993 τὸ
1493 1955 1584 2007 ὕδωρ
1605 1954 1746 1993 δύναταί
1773 1971 1825 1998 τις
1854 1956 2030 2002 κωλῦσαι,
2048 1959 2108 1992 τοῦ
2131 1954 2178 2004 μὴ
2201 1957 2333 2006 βαπτι-

1310 2021 1433 2064 σθῆναι
1451 2016 1589 2061 τούτους
1603 2047 1612 2064 ,
1632 2016 1752 2060 οἵτινες
1766 2016 1805 2054 τὸ
1823 2017 1970 2067 Πνεῦμα
1987 2016 2027 2054 τὸ
2041 2015 2136 2068 ἅγιον
2148 2015 2271 2054 ἔλαὸον
2289 2018 2335 2059 ὡς

1310 2078 1369 2117 καὶ
1388 2082 1505 2128 ἡμεῖς,
1533 2077 1597 2121 Τίς
1624 2070 1680 2115 οὖν
1705 2079 1796 2116 ἐστιν
1823 2080 1844 2123 ἡ
1873 2082 1932 2115 τοῦ
1963 2076 2086 2121 ὕδατος
2115 2076 2240 2130 χρεία,
2264 2076 2336 2114 Καὶ

1310 2138 1437 2184 ταύτην
1457 2138 1523 2185 ἤδη
1545 2138 1663 2176 λοιπὸν
1685 2140 1773 2190 ἐρῶ,
1800 2139 1838 2176 τὸ
1866 2138 2053 2190 μυστήριον
2081 2137 2096 2159 ¹³
2111 2137 2334 2176 ἐκκαλύπτων

1313 2203 1391 2249 υμῖν
1410 2199 1450 2236 τὸ
1472 2198 1791 2251 ἀποκεκρυμυένον.
1815 2199 1895 2237 Εἰσὶ
1915 2216 1976 2250 μεν
1993 2200 2060 2252 γάρ
2076 2215 2165 2243 τινες
2185 2199 2245 2237 καὶ
2265 2199 2336 2236 ἕτε-

1317 2276 1367 2313 ροι
1390 2258 1580 2312 ἀπόρρητοι
1599 2259 1694 2310 λόγοι
1713 2264 1772 2298 τοῦ
1795 2260 2019 2312 πράγματος,
2040 2260 2125 2303 τέως
2147 2259 2182 2297 δὲ
2206 2261 2246 2296 ἐκ.
2268 2275 2335 2297 των

1314 2322 1450 2359 πολλων
1478 2323 1558 2371 ὑμῖν
1582 2319 1649 2371 ἐγὼ
1669 2319 1728 2358 ἕνα
1751 2322 1831 2372 ἐρῶ.
1852 2319 1916 2363 'lig
1940 2323 1997 2358 οὖν
2020 2313 2116 2364 οὗτός
2135 2336 2229 2367 εστι,
2248 2322 2338 2359 Θεῖα

1315 2383 1464 2419 τελεῖται
1492 2384 1524 2419 ἐν
1548 2382 1641 2419 αὐτο)
1662 2380 1839 2431 σύμὸολα,
1858 2380 1965 2433 τάφος
1991 2397 2050 2419 και
2075 2397 2258 2433 νεκρωσις,
2279 2381 2339 2419 καὶ

1317 2442 1505 2485 ἀνάστασις
1526 2442 1584 2479 καὶ
1607 2441 1696 2489 ζωὴ,
1721 2441 1781 2479 καὶ
1809 2447 1919 2480 ταῦτα
1952 2446 2036 2491 ὁμοῦ
2058 2442 2190 2494 γίνεται
2211 2443 2338 2480 πάντα.

1317 2502 1483 2556 Καθάπερ
1509 2502 1576 2556 γὰρ
1605 2502 1638 2540 ἔν
1661 2518 1727 2540 τινι
1755 2503 1875 2555 τάφῳ,
1896 2505 1946 2555 τῷ
1979 2503 2078 2541 ὕδατι
2099 2502 2338 2542 καταδυόντων

1316 2567 1417 2616 ἡμῶν
1437 2563 1498 2608 τὰς
1524 2563 1696 2615 κεφαλὰς,
1715 2567 1732 2601 ὃ
1751 2563 1898 2606 παλαιὸς
1926 2564 2104 2617 ἄνθρωπος
2129 2565 2341 2613 ρθάπτεται,

1318 2625 1377 2664 καὶ
1393 2624 1542 2669 καταδὺς
1558 2625 1654 2663 κάτω
1671 2624 1859 2677 κρύπτεται
1877 2624 1954 2669 ὅλος
1968 2624 2148 2669 καθάπαξ·
2165 2620 2239 2663 εἶτα
2258 2629 2340 2664 ἀνα-

1317 2687 1481 2725 νευόντων
1504 2689 1617 2738 ἠμῶν,
1639 2689 1656 2724 ὁ
1676 2685 1791 2730 καινὸς
1821 2685 1930 2724 ἄνεισι
1959 2686 2075 2724 πάλιν.
2099 2686 2239 2739 εὨσπερ
2273 2687 2340 2739 γὰρ

1319 2747 1455 2786 εὔκολον
1475 2751 1559 2798 ἡμῖν
1582 2745 1818 2798 βαπτίσασθαι
1843 2746 1902 2784 καὶ
1927 2748 2132 2795 ἀνανεῦσαι,
2159 2747 2266 2791 οὕτως
2287 2747 2341 2785 εὕ-

1319 2811 1417 2847 κολον
1434 2811 1483 2859 τῷ
1498 2810 1579 2859 Θεῷ
1609 2807 1716 2859 θάψαι
1738 2807 1795 2844 τὸν
1821 2806 2000 2859 ἄνθρωπον
2021 2807 2078 2845 τὸν
2097 2808 2258 2855 παλαιὸν,
2281 2808 2340 2846 καὶ

1321 2868 1496 2913 ἀναδεῖξαι
1516 2869 1572 2907 τὸν
1590 2867 1678 2906 νέον.
1701 2866 1827 2920 Τρίτον
1851 2866 1886 2905 δὲ
1903 2871 2003 2905 τοῦτο
2023 2867 2176 2919 γίνεται,
2196 2868 2253 2906 ἵνα
2274 2869 2341 2919 μά-

1273 2941 1298 2970 D
1321 2935 1393 2982 θῃς,
1405 2929 1458 2969 ὅτι
1471 2928 1763 2980 δύναμιςΠατρὸς
1778 2928 1837 2965 καὶ
1852 2928 1936 2966 Υἱοῦ
1951 2927 2010 2966 καὶ
2026 2929 2058 2965 Π
2061 2929 2228 2980 νεύματος
2246 2930 2343 2981 ἁγίου

1322 2999 1459 3036 ἅπαντα
1480 3001 1588 3035 ταῦτα
1607 2998 1744 3048 πληροῖ.
1767 2993 1837 3033 Καὶ
1857 2994 1908 3032 ὅτι
1928 2997 1965 3033 οὐ
1979 2996 2176 3047 στοχασμὸς
2193 2997 2232 3034 τὸ
2248 2998 2343 3049 εἰρη-

1324 3065 1435 3116 μένον,
1456 3064 1600 3102 ἅκουσον
1620 3061 1759 3100 Παύλου
1778 3060 1935 3112 λέγοντος
1951 3077 1958 3085 ·
1980 3062 2228 3114 Συνετάφημεν
2250 3065 2344 3114 αὐτῷ

1382 3217 1395 3231 ¹¹
1410 3206 1464 3239 Sic
1481 3205 1535 3237 alii
1551 3213 1585 3238 et
1595 3203 1694 3237 Savil.
1713 3202 1827 3237 Morel.
1851 3208 1912 3238 ἐπεὶ
1928 3209 1977 3238 τὸν
1995 3209 2163 3247 ἐρωτῶντα.

1383 3260 1400 3284 ¹
1412 3258 1606 3301 :invitum-1
1631 3259 1821 3291 mammon
1846 3272 1872 3289 κ.
1898 3271 1926 3289 τ.
1955 3260 1982 3288 λ.
2009 3255 2123 3288 Morel.
2153 3259 2343 3290 ἐκκαλύπτων

1340 3327 1361 3354 υ
1362 3319 1407 3344 miv
1423 3316 1460 3348 ὡς
1474 3315 1515 3344 εἰι-
1508 3326 1563 3344 ττι
1567 3327 1580 3343 ν
1594 3314 1686 3344 α’νωθε
1690 3325 1713 3342 ν

1383 3362 1514 3395 ⁴²Suil.
1547 3368 1691 3397 Omni-ewa
1717 3367 1809 3399 κάτω,
1837 3364 1884 3393 καὶ
1913 3365 2161 3402 καταποντίςετκι
2191 3367 2226 3399 εἰς
2257 3363 2340 3395 τέλος

1471 3416 1486 3427 ¹1-

1342 3419 1437 3453 ἅπας·
1457 3429 1531 3457 ειτκ,
1551 3421 1631 3448 ἀνα-ι.
1651 3411 1832 3445 More-Ilium
1849 3412 2026 3454 sequimur.
