2481 3678
76 1490 250 1528 Cena-569.

145 1782 255 1819 Joeeph

67 1824 234 1860 exemplum

66 1872 224 1901 pallenltac.

69 2517 252 2557 Gen-40.15.

287 214 376 272 480

284 312 326 346 in
343 310 460 347 ecelis.
485 310 748 363 Viden’quanta
772 314 951 353 lucremur
971 330 1015 354 ex
1036 317 1145 355 illatis
1170 318 1262 371 inju-
1288 321 1311 350 C

283 372 374 410 riis?
394 373 495 411 Nihil
510 375 557 412 ita
578 376 691 413 Deum
704 376 866 427 delcetat,
882 388 919 416 ut
939 394 1006 417 non
1027 380 1172 419 reddere
1189 397 1263 419 ma-

283 433 359 470 lum
369 448 433 485 pro
448 435 553 484 malo,
572 436 642 474 imo
655 437 789 475 bonum
805 453 869 490 pro
884 440 977 477 malo
994 441 1151 480 reddere.
1171 443 1263 481 Cou-

283 495 390 532 traria
410 510 492 547 ergo
510 497 657 535 reddere
671 499 851 549 jubemur,
869 500 998 550 officia,
1019 517 1154 554 preces.
1180 504 1264 542 Ideo

284 555 446 594 Christus
465 571 544 594 eum
562 558 622 608 qui
642 572 678 595 se
696 558 903 610 proditurus
930 571 1003 599 erat
1020 563 1201 602 beneficiis
1214 565 1264 602 af-

282 617 435 665 ficiebat,
455 619 562 670 pedes
577 619 651 670 ejus
668 620 824 668 lavabat,
841 621 931 659 clam
959 625 1140 675 arguebat,
1159 641 1266 678 parce

282 678 571 729 reprehendebat,
591 680 731 728 officiis,
752 695 882 730 mensa,
899 684 1018 722 osculo
1036 685 1263 737 dignabatur.

281 738 403 788 Neque
424 748 538 776 tamen
561 739 621 777 ille
634 740 794 793 resipuit,
813 742 874 780 sed
889 744 1055 784 Christus
1076 761 1137 784 sua
1158 762 1263 799 agens

279 799 445 849 perstitit.
470 802 608 838 Verum
626 815 702 853 age,
728 817 910 842 servorum
937 808 1101 860 exemplo
1132 818 1164 847 te
1188 824 1262 847 eru-

276 858 430 909 diamus,
446 870 561 912 atque,
584 862 681 913 quod
699 864 855 903 validius
883 876 949 916 est,
982 883 1025 906 ex
1046 870 1122 922 ipso
1142 872 1261 910 Veteri

277 921 517 971 Testamento,
538 933 576 961 ut
608 924 729 962 videas
748 940 811 964 nos
844 928 979 966 nullam
999 931 1261 969 exeusationem

275 979 419 1029 habere,
455 981 482 1018 si
508 982 719 1034 injuriarum
746 986 983 1024 recordemur.
1004 989 1127 1028 Vultis
1154 992 1261 1043 Moy-

274 1057 332 1081 sen
353 1045 583 1093 affe1·am‚vcl
600 1046 707 1084 altius
718 1050 900 1100 repetam?
919 1051 1061 1096 Quanto
1087 1053 1180 1090 enim
1199 1068 1252 1091 vc·

273 1107 419 1144 tustiora
457 1118 538 1146 sunt
570 1110 745 1162 exempla,
778 1120 874 1149 tanto
905 1113 952 1150 ad
974 1114 1257 1165 persuadendum

271 1169 419 1220 aptiora.
437 1171 583 1217 Quare?
606 1172 699 1218 Quia
715 1182 799 1210 tunc
822 1173 1008 1214 difficilior
1034 1187 1107 1215 erat
1130 1178 1256 1216 virtus.

271 1230 390 1280 Neque
406 1230 499 1268 enim
509 1240 595 1269 tune
613 1232 667 1269 illi
684 1233 777 1285 leges
799 1235 946 1287 scriptas
966 1236 1155 1288 habebant,
1188 1253 1256 1278 non

271 1299 429 1328 veterum
448 1294 631 1345 exempla5
649 1294 709 1332 sed
725 1294 820 1333 nuda
840 1311 902 1348 per
915 1311 951 1335 se
973 1307 1097 1336 natura
1116 1313 1256 1352 pugna-

268 1350 341 1400 bat,
363 1361 396 1389 et
418 1352 492 1390 sine
507 1362 611 1405 portu
629 1355 685 1393 vel
701 1370 761 1393 ora
789 1356 922 1408 ubique
941 1372 1023 1396 nare
1053 1360 1255 1411 cogebatur.

269 1412 494 1466 Quapropter
524 1416 598 1453 Noe
629 1416 778 1455 laudans
812 1418 1018 1471 Scriptura,
1048 1434 1119 1458 non
1151 1421 1257 1460 modo

268 1474 463 1525 perfectum
492 1485 610 1526 vocat,
630 1477 692 1515 sed
708 1478 820 1528 addit,
836 1482 884 1516 In
903 1484 1151 1532 generatione
1171 1496 1256 1531 sua,

269 1534 335 1572 hoc
351 1544 413 1584 est,
434 1535 496 1574 illo
517 1545 690 1589 tempore,
714 1554 796 1577 cum
818 1540 933 1577 multa
960 1551 1073 1579 essent
1103 1542 1255 1595 impedi-

270 1605 383 1633 menta
407 1611 517 1634 :nam
537 1597 597 1634 alii
635 1609 715 1651 post
743 1600 846 1638 illum
875 1600 1090 1649 claruerunt,
1127 1604 1257 1653 quibus

268 1665 384 1695 tamen
416 1658 476 1695 ille
501 1673 570 1697 non
601 1660 746 1697 inferior
781 1660 982 1699 habebitur.
1018 1663 1257 1715 Temporibus

269 1717 362 1755 enim
382 1718 454 1756 suis
470 1720 643 1771 perfectus
665 1730 751 1758 erat.
770 1721 861 1767 Quis
879 1736 962 1773 ergo
981 1732 1061 1760 ante
1092 1726 1256 1777 Moysen]

269 1778 404 1830 patiens
424 1780 516 1817 fuit?
536 1782 665 1819 Beatus
682 1796 721 1819 ac
741 1791 905 1821 strenuus
935 1783 995 1821 ille
1015 1786 1162 1837 ιΙοεεῬΙι,
1195 1787 1254 1836 qui

270 1841 428 1877 castitate
442 1840 590 1891 fulgens,
612 1856 681 1879 non
698 1842 815 1880 minus
837 1843 1005 1895 patientia
1024 1845 1254 1897 resplenduit.

269 1899 446 1938 Venditus
482 1910 533 1939 est
564 1916 643 1939 cum
675 1902 816 1940 nullum
852 1903 1013 1953 laesisset,
1044 1905 1115 1942 imo
1140 1906 1255 1944 officia

268 1960 374 1998 etiam
389 1961 529 1999 servilia
549 1963 691 2000 omnino
711 1964 942 2015 praestitisset.
961 1966 1035 2018 Ipsi
1055 1967 1256 2006 convicium

268 2021 475 2071 intulerunt,
503 2036 567 2060 nec
592 2037 628 2061 se
657 2023 752 2061 ultus
776 2034 839 2073 est,
866 2025 947 2063 licet
976 2035 1114 2078 patrem
1135 2043 1255 2067 secum

268 2082 409 2119 liaberet
427 2098 434 2118 ε
451 2082 511 2120 sed
531 2083 620 2121 abiit
644 2083 766 2122 cibum
794 2085 942 2124 afferens
979 2087 1052 2125 illis
1074 2088 1110 2126 in
1135 2089 1255 2127 deser-

267 2152 363 2192 tum3
384 2151 415 2180 et
430 2156 511 2180 cum
527 2158 595 2181 non
611 2144 784 2183 inveniret
802 2160 873 2195 eos,
892 2161 960 2184 non
976 2148 1178 2199 maledixit,
1194 2165 1254 2188 ne-

266 2218 334 2254 que
354 2218 514 2242 reversus
551 2213 615 2250 est,
648 2206 784 2244 etiamsi
805 2222 927 2245 ansam
949 2209 1106 2261 arripere
1124 2221 1239 2263 posset

709 234 748 262 S.
786 235 972 264 sommis
1008 238 1088 266 cult
1099 237 1251 267 YsOST.

1286 1061 1309 1088 l)

1243 2242 1252 2259 ⁷
1267 2249 1313 2274 421

1292 238 1501 267 ARCHIEP.
1540 238 1899 271 CONSTANTINOP-

1336 318 1452 370 φησὶν,
1479 319 1567 371 ὑπὲρ
1587 323 1655 358 τῶν
1684 322 1945 372 ἐπηρεαζόντων
1973 326 2062 373 ὑμᾶς
2077 352 2085 368 ,
2104 322 2195 366 ὅπως
2214 322 2357 374 γένησθε

1335 379 1449 426 ὅμοιοι
1472 382 1522 431 τῷ
1546 380 1659 431 Πατρὶ
1698 383 1796 430 ὑμῶν
1827 385 1876 434 τῷ
1907 385 1940 420 ἐν
1959 388 2029 426 τοῖς
2061 386 2226 436 οὐρανοῖς.
2248 384 2358 436 Ὁρᾷς

1339 444 1412 483 πῶς
1432 440 1579 491 μέγιστα
1602 441 1824 491 κερδαίνομεν
1855 444 1924 482 ἀπὸ
1951 447 2013 491 τ’ῆς
2042 448 2111 482 τῶν
2130 444 2255 496 ἑτέρων
2272 447 2357 490 ἐπη-

1340 501 1448 553 ρείας;
1483 503 1594 540 Οὐδὲν
1626 501 1714 539 οὕτω
1743 502 1800 540 τὸν
1831 503 1922 542 Θεὸν
1955 504 2152 558 εὐφραίνει,
2172 507 2219 548 ὡς
2240 506 2280 543 τὸ
2306 504 2355 555 μὴ

1339 563 1537 601 ἀποδιδόναι
1575 563 1681 601 κακὸν
1718 563 1793 602 ἀντὶ
1830 569 1950 603 κακοῦ.
1992 565 2062 604 Καὶ
2093 565 2127 603 τί
2165 565 2274 617 λέγω,
2308 565 2356 614 μὴ

1339 625 1537 663 ἀποδιδόναι
1575 624 1680 663 κακὸν
1722 626 1797 664 ἀντὶ
1834 631 1960 674 κακοῦ,
1989 628 2021 665 Τ
2025 627 2168 665 ἀναντία
2204 627 2264 678 μὲν
2298 620 2358 664 οὐν

1337 685 1538 723 ἀποδιδόναι
1555 686 1787 737 ἐπετάγημεν,
1815 687 2011 738 εὐεργεσίας
2033 687 2150 739 εὐχάς.
2165 688 2232 726 Διὰ
2257 692 2360 726 τοῦτο

1337 746 1395 784 καὶ
1428 750 1446 784 ὁ
1475 748 1623 799 Χριστὸς
1642 748 1700 785 τὸν
1731 747 1903 798 μέλλοντα
1933 747 2036 786 αὐτὸν
2064 748 2266 800 προδιδόναι
2287 754 2358 792 τοῖς

1336 808 1501 851 ἐναντίοις
1524 816 1630 847 πᾶσιν
1650 809 1846 861 ἠμείψατο·
1864 805 1946 856 οἷον,
1975 809 2053 852 τοὺς
2083 810 2191 852 πόδας
2209 809 2355 857 ἔνιπτεν,

1335 869 1465 921 ἤλεγχε
1500 869 1631 923 λάθρᾳ,
1664 870 1876 923 φειδομένως
1909 871 2091 917 ἔπληττεν,
2125 871 2357 922 ἐθεράπευσε,

1334 931 1506 982 τραπέζης
1526 931 1584 969 καὶ
1602 931 1796 984 φιλήματος
1817 931 2014 983 μετεδίδου·
2032 932 2091 970 καὶ
2109 931 2185 970 οὐδὲ
2201 930 2359 974 ςτούτοις

1335 990 1469 1043 ἐγένετο
1491 992 1634 1043 βελτίων
1650 1021 1657 1035 ,
1677 993 1736 1030 καὶ
1755 993 1848 1043 ὅμως
1866 993 2061 1045 παρέμενεν
2082 993 2181 1036 αὐτὸς
2200 992 2244 1030 τὰ
2275 996 2357 1030 ἑαυ-

1333 1055 1393 1089 τοῦ
1414 1055 1536 1090 ποιῶν.
1557 1052 1662 1091 Ἀλλὰ
1685 1053 1766 1106 φέρε
1786 1054 1845 1091 καὶ
1865 1054 1933 1092 ἀπὸ
1962 1057 2030 1092 τῶν
2055 1053 2185 1092 δούλων
2210 1069 2247 1091 σε
2271 1069 2358 1091 παι-

1334 1112 1522 1162 δεύσωμεν,
1544 1113 1602 1150 καὶ
1623 1115 1661 1150 ἐκ
1681 1114 1880 1165 περιουσίας
1907 1117 1975 1153 τῶν
1999 1118 2032 1154 ἐν
2061 1119 2103 1166 τῇ
2125 1116 2281 1166 Παλαιᾷ,
2302 1115 2358 1152 ἵνα

1333 1173 1425 1222 εἰδῇς
1456 1172 1617 1223 οὐδεμίαν
1652 1174 1794 1225 ἔχοντας
1827 1178 1920 1224 ἡμᾶς
1954 1176 2142 1226 ἀπολογίας
2177 1174 2358 1226 ἀφορμὴν,

1331 1232 1412 1270 ὅταν
1433 1236 1720 1284 μνησικακῶμεν.
1742 1233 1912 1272 Βούλεσθε
1943 1230 2000 1274 οὐν
2023 1235 2111 1272 εἴπω
2133 1234 2308 1282 Μωϋσέα,
2335 1234 2356 1280 ἢ

1332 1294 1382 1331 ἔτι
1398 1294 1455 1332 τὸν
1475 1295 1576 1347 λόγον
1603 1295 1766 1348 ἀνωτέρω
1793 1296 2001 1349 ἀγάγωμεν,
2020 1297 2124 1350 εὈτι-ῳ
2152 1296 2219 1349 γὰρ
2240 1296 2280 1334 ἂν
2299 1299 2358 1348 ἀρ-

1329 1355 1497 1408 χαιότερα
1520 1358 1639 1408 δειχθῇ
1656 1356 1700 1394 τὰ
1725 1357 2019 1409 παραδείγματα,
2044 1357 2196 1409 τοσούτῳ
2226 1358 2358 1407 μᾶλλον

1330 1420 1431 1467 ἡμεῖς
1450 1416 1638 1467 νικώμεθα.
1657 1417 1704 1455 Τί
1736 1418 1865 1464 δήποτε
1886 1419 1939 1466 δέ,
1965 1418 2050 1457 ΕὈτι
2070 1418 2148 1456 τότε
2176 1419 2357 1456 δυσκολω-

1329 1477 1413 1529 τέρα
1431 1473 1473 1525 ἠν
1490 1481 1510 1524 ἠ
1530 1478 1650 1530 ἀρετή.
1671 1478 1762 1518 Οὐδὲ
1780 1480 1846 1531 γὰρ
1862 1479 2039 1526 ὑποθήκας
2057 1479 2247 1531 ἐγγράφους
2263 1473 2356 1530 εἶχον

1331 1542 1453 1577 ἐκεῖνοι
1483 1538 1578 1586 τότε,
1612 1541 1649 1576 οὐ
1682 1540 1765 1591 βίων
1801 1541 2094 1593 παραδείγματα·
2127 1540 2216 1578 ἀλλὰ
2238 1539 2355 1591 γυμνὴ

1332 1603 1408 1638 καθ’
1443 1599 1569 1646 ἑαυτὴν
1597 1603 1618 1646 ἡ
1653 1600 1751 1653 φύσις
1780 1601 1993 1653 ἠγωνίζετο,
2016 1600 2075 1639 καὶ
2104 1601 2356 1652 ἀνερμάτιστος

1332 1665 1510 1712 πανταχοῦ
1543 1661 1711 1713 νήχεσθαι
1734 1663 1959 1715 ἠναγκάζετο.
1986 1663 2054 1701 Διὰ
2085 1666 2186 1700 τοῦτο
2216 1662 2355 1700 καὶτὸν

1334 1725 1413 1761 Νῶε
1426 1725 1589 1769 ἐπαινῶν,
1603 1725 1667 1776 οὐχ
1681 1725 1801 1767 ἁπλῶς
1817 1723 1947 1762 τέλειον
1963 1724 2138 1768 ἐκάλεσεν,
2150 1723 2241 1761 ἀλλὰ
2253 1738 2358 1774 προσ-

1333 1784 1469 1832 έθηκεν,
1490 1784 1551 1823 Ἐν
1583 1788 1625 1837 τῇ
1647 1793 1749 1837 γενεᾷ
1781 1787 1885 1823 αὐτοῦ
1906 1818 1912 1831 ‚
1933 1786 2062 1831 δηλῶν,
2093 1786 2146 1822 ὅτι
2171 1787 2206 1823 ἐν
2236 1784 2356 1837 ἐκείνῳ

1333 1848 1382 1898 τῷ
1401 1845 1531 1898 χρόνῳ,
1558 1846 1613 1885 ὅτε
1641 1847 1754 1885 πολλὰ
1776 1847 1818 1885 τὰ
1847 1846 2041 1897 κωλύματα
2073 1840 2133 1893 ἠν·
2167 1845 2241 1883 ἐπεὶ
2276 1849 2354 1896 μετ’

1328 1908 1428 1946 αὐτὸν
1457 1907 1618 1961 ἔλαμψαν
1636 1908 1771 1961 ἕτεροι,
1789 1908 1848 1946 καὶ
1874 1908 1966 1958 ὅμως
2000 1906 2096 1946 οὐδὲν
2116 1906 2260 1970 ἔλαττον
2290 1908 2354 1944 αὐ-

1326 1972 1393 2007 τῶν
1410 1969 1489 2013 ἕξει.
1512 1970 1574 2008 Ἐν
1589 1969 1655 2021 γὰρ
1683 1975 1752 2013 τοῖς
1775 1969 1912 2022 χρόνοις
1933 1971 2038 2007 αὐτοῦ
2065 1967 2194 2011 τέλειος
2209 1971 2262 2015 ἠν.
2287 1968 2352 2011 Τίς

1325 2026 1382 2070 οἶν
1415 2032 1483 2084 πρὸ
1519 2031 1696 2074 Μωῦσέως
1736 2030 1980 2084 μακρόθυμος,
2012 2030 2056 2069 Ὁ
2088 2029 2257 2083 μακάριος
2292 2030 2352 2067 καὶ

1324 2100 1477 2144 γενναῖος
1497 2092 1645 2144 Ἰωσὴφ,
1663 2091 1697 2135 ὃς
1717 2095 1759 2144 τῇ
1774 2091 1976 2144 σωφροσύνῃ
1994 2091 2156 2143 λάμψας,
2175 2091 2236 2128 οὐκ
2250 2090 2350 2128 ἔλατ-

1323 2167 1381 2190 τον
1404 2153 1540 2205 ἔλαμψε
1559 2157 1601 2205 τῇ
1631 2152 1866 2204 μακροθυμίᾳ.
1887 2152 2047 2204 ἸΞπράθη
2069 2150 2135 2203 γὰρ
2161 2150 2258 2188 οὐδὲν
2277 2152 2350 2197 ἠδι-

1323 2214 1458 2260 κηκὼς,
1498 2214 1586 2252 ἀλλὰ
1625 2214 1824 2266 θεραπεύων
1839 2242 1848 2258 ,
1888 2212 2077 2258 δουλεύων,
2118 2212 2161 2250 τὰ
2205 2214 2348 2250 οἰκετῶν

267 2265 295 2302 si
330 2265 516 2314 voluissem
545 2266 607 2304 sed
633 2280 715 2318 erga
739 2267 820 2305 illas
844 2269 946 2317 feras,
975 2283 1057 2321 erga
1085 2271 1166 2309 illos
1185 2271 1253 2309 im-
1279 2286 1304 2314 Α
1323 2273 1437 2311 πάντα
1458 2274 1747 2325 ἐπιδεικνύμενος.
1771 2273 2000 2324 Κατήνεγκαν
2020 2277 2098 2324 γοῦν
2121 2275 2214 2324 αὐτῷ
2237 2272 2345 2325 ψόγον

267 2339 396 2375 manes,
417 2326 536 2364 fratris
554 2341 691 2380 semper
723 2328 890 2366 affectum
917 2330 1084 2369 servavit.
1116 2333 1253 2370 Rursus

266 2388 303 2424 in
323 2401 460 2425 carcere
488 2388 716 2439 constitutus,
745 2399 778 2428 et
800 2404 943 2429 causam
969 2401 1114 2444 rogatus
1131 2425 1140 2443 ,
1162 2394 1253 2432 nihil

268 2450 354 2487 mali
375 2450 418 2488 de
437 2450 607 2488 fratribus
632 2451 803 2502 loquutus
826 2462 890 2502 est,
918 2453 980 2492 sed
1001 2463 1152 2506 tantum,
1187 2457 1252 2495 Ni-

270 2511 319 2548 hil
340 2512 404 2549 feei
413 2527 423 2561 3
445 2521 489 2561 et,
507 2514 628 2550 Furto
655 2514 831 2552 sublatas
860 2529 945 2554 sum
977 2517 1024 2554 de
1049 2526 1153 2555 terra
1179 2520 1252 2556 Ile-

270 2574 466 2609 broeorum.
490 2576 541 2610 Ac
556 2582 677 2625 postea
695 2589 819 2613 rursus
833 2576 896 2614 ubi
917 2586 1128 2629 potestatem
1155 2593 1252 2617 acce-

267 2635 334 2686 pit,
356 2635 435 2673 illos
450 2636 539 2674 aluit
558 2646 622 2674 eta
654 2638 757 2675 malis
775 2639 971 2679 innumeris
991 2641 1133 2694 eripuit.
1159 2644 1251 2681 Nam

267 2697 294 2733 si
313 2697 513 2747 vigilemus,
533 2713 601 2737 non
629 2710 744 2752 potest
773 2702 928 2753 proximi
958 2705 1115 2755 nequitia
1148 2720 1211 2743 nos
1230 2720 1249 2743 a

268 2758 399 2795 virtute
416 2759 580 2811 dejicere.
604 2764 648 2799 At
666 2763 789 2801 fratres
809 2765 884 2816 ejus
911 2774 1045 2804 contra.
1068 2768 1159 2805 Nam
1183 2782 1245 2806 ve-

269 2828 320 2855 ste
358 2819 461 2856 illum
493 2832 678 2871 exuerunt,
715 2832 748 2860 et
767 2824 926 2863 occidere
966 2835 1157 2875 tentarunt,
1194 2843 1250 2866 so-

266 2879 473 2930 mniumque
492 2883 764 2933 exprobrarunt,
793 2886 930 2923 etiamsi
968 2887 1090 2925 cibum
1121 2888 1167 2926 ab
1187 2889 1250 2927 illo
1274 2892 1297 2921 Β

264 2951 482 2993 acceperant,
502 2951 605 2991 atque
624 2944 697 2980 vita
728 2954 760 2981 et
788 2945 951 2984 libertate
974 2947 1076 2985 illum
1097 2949 1250 3001 spolIare

265 3003 480 3040 nitebantur.
499 3003 556 3040 Illi
579 3005 819 3055 comedebant,
835 3016 866 3044 ct
893 3007 1029 3046 nudum
1048 3010 1191 3048 [latrem
1213 3011 1247 3049 in

265 3064 413 3102 cisterna
431 3064 626 3102 demissum
647 3069 930 3106 contemnebant.
959 3070 1056 3117 Quid
1077 3072 1144 3109 hac
1163 3073 1244 3110 feri-

264 3134 333 3163 tate
349 3126 527 3164 deterius?
541 3135 626 3177 quot
646 3127 697 3164 illi
719 3128 908 3167 homicidis
929 3144 998 3168 non
1018 3132 1246 3172 immaniores

264 3188 386 3225 erant?
407 3187 585 3225 Eduetum
599 3197 717 3240 postea
740 3189 843 3227 illum
864 3191 962 3228 mille
982 3193 1154 3231 mortibus
1174 3203 1245 3232 tra-

263 3250 442 3297 diderunt,
462 3249 548 3287 dum
571 3249 806 3288 vendiderunt
826 3251 987 3290 barbaris
1019 3261 1051 3290 et
1071 3254 1151 3292 feris
1175 3255 1243 3293 ho-

307 3398 316 3410 ‘
337 3387 392 3418 Alii
413 3391 505 3420 τούτω

1322 2334 1484 2387 πονηρὸν,
1504 2335 1563 2372 καὶ
1590 2336 1649 2373 οὐκ
1672 2334 1846 2385 ἠμύνατο,
1863 2333 1978 2372 καίτοι
2002 2333 2059 2371 τὸν
2091 2333 2227 2387 πατέρα
2255 2333 2348 2384 ἔχων

1323 2398 1398 2446 μεθ’
1419 2398 1541 2433 ἑαυτοῦ
1556 2412 1563 2419 ·
1581 2395 1670 2434 ἀλλὰ
1690 2395 1748 2433 καὶ
1770 2397 1905 2441 ἀπῆλθε
1924 2394 2074 2445 κομίζων
2093 2396 2206 2438 αὐτοῖς
2220 2397 2266 2438 εἷς
2283 2396 2347 2441 τὴν

1323 2458 1450 2510 ἔρημον
1470 2457 1620 2510 τροφήν·
1641 2457 1699 2494 καὶ
1728 2458 1793 2509 οὐχ
1815 2456 1923 2508 εὑρὼν
1944 2455 2066 2519 αὐτοωὺς
2080 2485 2089 2502 ,
2119 2458 2157 2494 οὐ
2188 2456 2348 2508 περιεκά-

1323 2534 1443 2565 κησεν,
1475 2517 1549 2556 οὐδὲ
1569 2518 1762 2570 ὑπέστρεψε
1782 2517 1916 2564 (καίτοι
1945 2533 1984 2568 γε
2005 2521 2077 2569 εἶχε
2105 2516 2292 2569 πρόφασιν,
2316 2517 2348 2554 εἴ

1322 2596 1361 2631 γε
1381 2578 1584 2630 ἐδούλετο),
1610 2578 1700 2616 ἀλλὰ
1717 2578 1802 2631 πρὸς
1823 2578 1865 2615 τὰ
1886 2577 1989 2630 θηρία
2021 2577 2080 2615 καὶ
2116 2577 2196 2621 τοὺς
2230 2576 2345 2628 ὠμοὺς

1323 2640 1470 2683 ἐκείνους
1497 2639 1615 2691 ἔμενεν
1643 2639 1790 2691 ἀδελφοῦ
1817 2639 1958 2690 γνησίου
1982 2639 2164 2691 φυλάττων
2182 2639 2343 2691 προαίρε-

1322 2717 1388 2740 σιν.
1405 2700 1520 2739 Πάλιν
1539 2700 1578 2738 τὸ
1598 2699 1836 2751 δεσμωτήριον
1867 2700 2029 2747 οἰκήσας,
2046 2699 2105 2737 καὶ
2135 2699 2198 2746 τὴν
2229 2699 2344 2737 αἰτίαν

1322 2761 1524 2814 ε’ρ(ι)τηθείς,
1539 2760 1633 2799 οὐδὲν
1661 2754 1735 2798 εἶπε
1764 2760 1844 2812 περὶ
1872 2762 1984 2798 αὐτῶν
2001 2761 2162 2811 πονηρὸν,
2183 2762 2274 2806 ἀλλ’,
2291 2760 2343 2797 ὅτι

1321 2823 1415 2862 οὐδὲν
1435 2823 1582 2869 ἐποίησα
1595 2853 1603 2869 ,
1619 2821 1693 2869 καὶ,
1712 2824 1836 2873 Κλοπῇ
1858 2821 2013 2866 ἐκλάπην
2027 2824 2065 2859 ἐκ
2077 2824 2140 2873 γῆς
2154 2821 2342 2873 Ἱίὅραίων.

1323 2884 1389 2922 Καὶ
1410 2883 1498 2934 μετὰ
1518 2886 1626 2920 ταῦτα
1647 2881 1751 2920 πάλιν
1778 2882 1958 2933 γενόμενος
1984 2882 2116 2934 κύριος,
2134 2882 2192 2920 καὶ
2209 2881 2342 2934 ἔθρεψε,

1320 2944 1378 2984 καὶ
1399 2943 1576 2990 ἀπήλλαξε
1594 2942 1725 2995 μυρίων
1746 2944 1878 2981 δεινῶν.
1897 2943 1958 2980 Ἂν
1987 2942 2054 2994 γὰρ
2086 2943 2264 2995 νήφωμεν,
2281 2944 2342 2981 οὐκ

1319 3006 1430 3058 ἷσγύει
1448 3010 1507 3043 τοῦ
1521 3004 1668 3050 πλησίον
1689 3007 1710 3050 ἡ
1727 3004 1832 3042 κακία
1849 3007 1910 3050 τῆς
1930 3007 2054 3056 ἀρετῆς
2070 3007 2164 3054 ἡμᾶς
2180 3003 2340 3042 ἐκῧαλεῖν

1318 3053 1379 3114 τῆς
1414 3069 1555 3104 ἑαυτῶν.
1589 3064 1679 3102 Ἀλλ’
1718 3066 1780 3102 οὐκ
1809 3067 1931 3102 ἐκεῖνοι
1958 3069 2123 3102 τοιοῦτοι·
2154 3063 2244 3102 ἀλλὰ
2281 3064 2340 3101 καὶ

1319 3128 1505 3175 ἀπέδυσαν,
1526 3128 1584 3165 καὶ
1604 3128 1734 3165 ἀνελεῖν
1757 3126 1988 3179 ἐπεχείρησαν
2007 3126 2065 3164 καὶ
2084 3125 2286 3169 ὀνειδίζουσι
2301 3126 2341 3163 τὸ

1317 3189 1484 3236 ἐνύπνιον,
1501 3189 1613 3227 καίτοι
1628 3187 1687 3226 καὶ
1700 3187 1828 3239 τροφὴν
1845 3192 1859 3208 ³
1873 3189 1955 3239 παρ’
1973 3189 2074 3225 αὐτοῦ
2090 3186 2339 3237 κομισάμενοι,

1315 3257 1372 3293 καὶ
1394 3258 1482 3301 ζωῆς
1511 3254 1569 3293 καὶ
1591 3254 1782 3306 ἐλευθερίας
1804 3255 1902 3292 αὐτὸν
1934 3254 2093 3292 ἐκῧαλεῖν
2126 3253 2338 3304 ἐπεχείρουν.

1384 3408 1388 3417 ⁴
1410 3395 1460 3424 ltu
1474 3392 1573 3426 Snvil.
1596 3391 1651 3423 Alii
1672 3399 1702 3423 ct
1717 3390 1827 3422 Morcl.
1847 3393 1919 3430 παρ’
1936 3394 2023 3422 κρτου
2039 3403 2092 3422 που
2107 3390 2267 3429 δεξάμενοι.-
