2522 3683
34 3113 217 3147 Rom.1.32.

658 180 677 208 S
688 199 695 208 .
735 178 842 208 JOAN
852 177 918 207 Nts
955 178 1034 207 cuit
1044 176 1196 206 Ysosr.

230 274 359 304 euntes.
394 267 531 300 Aurum
555 261 766 299 immensum
786 257 969 312 impendit,
994 267 1031 295 ut
1055 256 1210 309 lapideos

232 326 391 365 homines
404 323 509 363 faciat
521 338 532 373 ;
550 322 630 361 illos
643 331 760 360 autem
774 321 834 372 qui
849 334 930 359 vere
941 319 1101 357 homines
1114 326 1208 368 sunt,
1236 326 1259 355 l)

235 387 363 440 lapidei
384 395 498 423 tamen
523 397 586 436 per
601 383 835 422 calamitatem
851 380 981 431 effecti,
1004 379 1208 418 contemnit.

237 450 336 488 Alius
350 447 499 486 laminas
510 459 633 483 aureas
655 444 837 496 colligens,
852 455 973 480 muros
992 441 1127 480 circum
1146 440 1212 478 mi-

236 526 308 550 sere
326 519 484 559 exornat,
516 519 711 559 pauperum
728 513 845 542 autem
863 511 1004 555 pectora
1026 501 1121 539 nuda
1140 515 1214 539 cer-

232 590 329 625 nens,
350 574 441 612 nihil
455 571 621 610 ssectitur.
640 568 712 606 Alii
731 565 889 604 vestibus
908 577 1018 601 novas
1036 564 1213 614 excogita-
1243 591 1248 598 .

233 647 284 676 tas
306 645 418 674 vestes
437 633 573 671 addunt
581 646 591 680 ;
608 629 697 668 dum
710 627 801 665 alius
812 624 904 663 nihil
923 625 1031 662 habet
1049 638 1119 674 quo
1136 638 1212 662 cor-

231 712 298 751 pus
316 696 454 735 nudum
475 701 580 745 tegat.
596 692 638 728 In
654 688 802 742 judiciis
822 687 950 725 iterum
979 686 1070 723 alius
1099 685 1213 723 alium

231 760 390 798 devorat.
409 755 509 794 Alius
525 753 560 791 in
576 750 775 790 meretrices
794 757 828 786 et
847 747 1018 799 parasitos
1043 761 1106 784 sua
1130 761 1212 797 pro-

230 818 359 865 fundit,
384 816 475 854 alius
499 814 534 852 in
553 813 681 851 mimos
700 819 734 848 et
750 809 945 858 saltatores,
964 807 1024 845 ille
1036 807 1070 844 in
1091 807 1212 858 splen-

229 880 313 918 dida
324 875 598 928 aedificiaslalius
613 871 791 925 impendit
808 871 843 908 in
855 869 1011 907 emendis
1023 867 1167 920 praediis
1179 877 1212 905 et

227 940 404 980 domibus.
428 939 495 977 Ille
515 950 640 975 usuras
676 941 873 985 computat,
910 931 1002 968 alius
1022 943 1211 966 usurarum

225 1017 374 1041 usuras:
396 1002 456 1039 ille
483 996 705 1052 syngraphas
725 993 797 1032 edit
825 991 981 1030 caedihus
997 991 1130 1042 plenas,
1150 1003 1209 1026 ne-
1231 993 1254 1023 Ε

225 1078 292 1115 que
319 1072 490 1101 nocturna
518 1058 649 1097 fruitur
687 1055 820 1106 quiete,
857 1052 893 1089 in
928 1051 1081 1088 aliorum
1115 1049 1208 1087 mala

225 1125 394 1176 vigilans.
426 1121 655 1160 Illucesccnte
680 1116 752 1165 die,
780 1113 872 1152 alius
895 1111 941 1150 ad
964 1111 1126 1162 iniquum
1146 1110 1206 1148 lu-

227 1200 342 1235 crum,
362 1183 453 1221 alius
473 1181 520 1219 ad
537 1179 709 1218 lascivam
728 1175 939 1227 impensam,
973 1171 1065 1210 alius
1084 1171 1129 1209 ad
1149 1185 1209 1224 pe-

227 1248 385 1286 culatum
402 1243 531 1297 pergit.
553 1243 595 1280 111
618 1236 807 1291 superfluis
834 1244 868 1274 et
891 1233 1011 1275 vetitis
1040 1246 1208 1284 magnum

226 1307 386 1345 studium
408 1320 415 1342 :
436 1304 473 1341 in
485 1299 689 1341 necessariis
708 1297 800 1336 nihil
820 1309 1000 1334 curarum.
1021 1294 1095 1340 Qui
1108 1293 1211 1346 judi-

226 1379 321 1419 cant,
330 1367 497 1421 judicum
508 1377 635 1403 nomen
646 1360 777 1399 habent
785 1374 797 1410 3
814 1372 851 1396 re
864 1366 982 1395 autem
997 1357 1091 1394 fures
1104 1356 1209 1394 etho—

227 1430 364 1468 micidae
378 1437 472 1466 sunt.
493 1425 531 1464 Si
546 1424 625 1476 quis
642 1422 735 1469 lites,
764 1420 793 1458 si
811 1420 892 1471 quis
910 1427 1116 1456 testamenta
1146 1432 1209 1455 ex-
1220 1443 1266 1470 433

226 1493 353 1544 ploret,
372 1491 407 1528 in
424 1488 482 1526 his
501 1499 643 1538 quoque
659 1483 759 1522 mille
779 1481 910 1520 scelera
926 1479 1092 1531 reperiet,
1108 1479 1208 1516 frau-
1233 1484 1256 1512 Α

226 1555 302 1604 des,
324 1553 433 1601 furta,
456 1548 612 1587 insidias.
631 1547 674 1584 In
698 1544 755 1582 his
774 1543 888 1581 otium
904 1555 1007 1579 omne
1022 1549 1184 1581 versatur
1202 1556 1209 1576 :

226 1612 470 1667 spiritualium
484 1623 568 1650 vero
580 1607 671 1646 ratio
682 1605 780 1643 nulla
793 1618 803 1653 ;
821 1602 881 1642 sed
894 1602 1077 1641 ecclesiam
1090 1600 1211 1641 viden-

226 1677 263 1714 di
282 1675 398 1714 solum
413 1685 517 1711 eausa
533 1682 652 1707 omnes
670 1667 906 1716 frequentant.
925 1664 969 1700 At
985 1676 1054 1700 non
1075 1671 1126 1700 est
1145 1662 1213 1700 11οο

227 1736 325 1787 quod
343 1733 551 1786 quaerimus,
577 1728 637 1767 sed
653 1726 820 1780 operibus
850 1725 952 1763 nobis
968 1733 1002 1762 et
1019 1737 1111 1775 puro
1137 1724 1211 1761 ani-

227 1812 286 1835 mo
303 1806 353 1834 est
371 1809 473 1847 opus.
500 1792 562 1831 Sin
580 1799 700 1828 autem
717 1788 752 1825 in
773 1785 931 1826 avaritiae
956 1784 1076 1823 studio
1101 1793 1211 1822 totam

230 1859 401 1910 transigas
410 1856 518 1905 diem,
537 1861 726 1906 posteaque
736 1849 798 1886 hic
809 1848 986 1899 ingressus
1000 1860 1114 1898 pauca
1131 1860 1210 1885 ver-

227 1922 272 1959 ba
302 1920 453 1967 dixeris,
479 1929 548 1955 non
582 1913 687 1952 modo
716 1913 834 1950 Deum
866 1923 935 1947 non
956 1909 1117 1961 placasti,
1149 1908 1211 1946 sed

228 1984 382 2020 multum
414 1978 575 2017 irritasti.
606 1976 644 2014 Si
671 1973 765 2012 enim
786 1972 852 2010 tibi
872 1971 1068 2009 Dominum
1096 1971 1212 2008 conci-

230 2045 314 2081 liare
332 2040 502 2088 volucris,
521 2051 627 2089 opera
658 2034 788 2073 exhibe
811 2048 817 2069 :
838 2032 935 2070 disce
969 2031 1212 2069 calamitatum

229 2105 371 2154 molem,
396 2101 530 2154 respice
554 2098 682 2145 nudos,
709 2094 903 2139 famelicos,
934 2093 1064 2145 injuria
1084 2093 1208 2130 laesos:

230 2167 359 2204 multas
377 2163 444 2202 tibi
462 2158 675 2200 exhibendae
694 2155 927 2194 humanitatis
952 2155 1029 2193 vias
1056 2154 1208 2207 aperuit.
1233 2148 1256 2177 Β

228 2230 280 2266 Ne
293 2228 412 2277 itaque
430 2237 494 2262 nos
514 2223 609 2274 ipsos
621 2218 855 2270 decipiamus,
879 2217 1009 2253 frustra
1024 2225 1059 2253 et
1082 2216 1119 2253 in
1140 2230 1213 2253 cas-

229 2303 309 2326 sum
322 2285 493 2333 vivendo,
512 2295 639 2333 neque,
680 2279 764 2330 quia
798 2291 893 2315 nunc
921 2277 1010 2314 bene
1035 2277 1211 2327 valemus,

229 2349 486 2401 despiciam1153
510 2343 571 2383 sed
590 2341 781 2394 cogitantes
800 2352 863 2376 nos
885 2352 977 2390 saepe
998 2337 1035 2375 in
1048 2337 1213 2376 morbum

228 2410 402 2462 delapsos,
422 2417 456 2445 et
474 2407 509 2444 in
530 2402 699 2443 extremis
717 2400 863 2454 positOS,
882 2408 1015 2437 terrore
1029 2407 1062 2436 et
1080 2398 1213 2436 futuro·

230 2487 309 2511 rum
331 2469 590 2524 exspectatione
604 2479 692 2520 pene
708 2472 865 2502 mortuos
881 2462 1002 2512 fuisse,
1026 2473 1213 2500 vereamur

230 2548 273 2572 110
292 2535 326 2571 111
345 2533 466 2571 cadem
489 2531 563 2582 ipsa
580 2537 614 2566 et
633 2528 668 2565 in
692 2538 815 2578 parem
834 2531 970 2561 metum
995 2521 1210 2573 incidamus,

232 2595 356 2632 ‹·thinc
368 2594 530 2632 meliores
539 2589 732 2629 evadamus
750 2602 757 2623 :
778 2600 859 2624 cum
876 2598 970 2623 nunc
986 2584 1097 2622 simus
1116 2583 1215 2622 mille

231 2655 440 2693 criminibus
459 2651 620 2691 obnoxii.
643 2648 715 2694 Qui
730 2646 869 2700 judices
892 2645 1029 2696 sedent,
1052 2645 1214 2683 leonibus

232 2716 448 2764 canibusque
464 2721 544 2750 sunt
575 2711 707 2749 similes
717 2725 728 2760 ;
755 2708 818 2759 qui
846 2709 883 2746 in
909 2708 998 2756 foro,
1024 2706 1209 2759 vulpibus.

235 2777 308 2825 Qui
321 2777 358 2813 in
377 2775 447 2812 otio
459 2773 606 2823 degunt,
629 2785 696 2809 non
716 2780 757 2809 ut
772 2771 923 2819 deceret,
941 2768 1014 2807 otio
1035 2769 1213 2819 fruuntur,

235 2848 374 2889 tempus
390 2848 492 2873 omne
508 2833 543 2870 in
565 2831 710 2869 theatris
724 2841 757 2869 et
773 2829 980 2883 hujusmodi
1001 2829 1104 2867 malis
1133 2843 1214 2867 con-

235 2906 425 2938 sumentes.
446 2898 496 2933 Ac
517 2893 577 2944 qui
603 2893 678 2930 haec
706 2892 868 2929 emendet
897 2891 1018 2929 nullus
1052 2899 1122 2940 est,
1153 2889 1216 2941 qui

234 2962 290 2999 1115
309 2959 470 2998 invident
488 2966 522 2995 et
549 2955 769 3003 mordentur,
799 2954 897 3004 quod
915 2967 984 2991 non
1019 2953 1119 3005 paria
1143 2953 1216 2991 illis

232 3032 400 3076 praestare
419 3019 571 3073 possint,
590 3016 714 3054 multi:
733 3015 780 3052 ita
801 3025 840 3053 ut
855 3016 894 3053 111
909 3029 1049 3066 quoque
1065 3015 1213 3067 punien-

234 3086 270 3124 di
282 3086 367 3135 sint,
385 3081 522 3122 etiamsi
534 3079 627 3118 mala
643 3091 712 3115 non
729 3085 847 3127 agant.
865 3079 954 3114 Non
970 3078 1093 3114 solum
1110 3080 1212 3114 enim

234 3151 314 3186 hcet?
310 3143 560 3200 faciunt,sed
568 3149 604 3178 et
612 3153 697 3178 cum
697 3139 941 3191 facientibus
956 3141 1210 3176 consentiunt.

232 3209 382 3247 Animus
400 3204 495 3244 enim
518 3202 591 3241 illis
619 3198 766 3254 perinde
795 3207 981 3249 corruptus
1010 3207 1059 3235 est
1082 3214 1088 3233 :
1120 3198 1213 3236 unde

268 3332 283 3355 b
309 3326 422 3360 morel.
443 3330 548 3363 τίθησι.

1239 177 1259 204 A
1271 177 1286 203 i*
1298 176 1441 206 CHIEP.
1481 177 1536 206 CO
1546 178 1650 206 NS'lix
1662 178 1728 207 NT}
1739 179 1840 208 Nor.

1288 257 1323 295 δὲ
1348 264 1511 309 περιορᾷ,
1531 261 1624 310 λιμῷ
1643 260 1863 309 τηκομένους,
1883 261 1951 299 Καὶ
1967 261 2108 313 χρυσίον
2129 260 2188 311 μὲν
2207 260 2305 298 ἄπει-

1289 334 1342 369 ρον
1364 319 1520 370 δαπανᾷ,
1548 318 1604 356 ἵνα
1622 318 1769 363 λιθίνους
1788 320 1987 373 ἀνθρώπους
2004 319 2208 374 ἐργάσηται·
2228 319 2307 365 τοὺς

1286 378 1320 417 δὲ
1341 379 1445 422 ὄντως
1466 378 1667 432 ἀνθρώπους
1687 380 1834 425 λιθίνους
1849 381 2052 434 γενομένους
2078 380 2144 419 ὑπὸ
2163 382 2225 426 τῆς
2243 397 2305 419 κα-

1285 439 1444 491 κουχίας,
1467 442 1631 492 ὑπερορᾷ.
1646 439 1793 493 ἽΞτερος
1813 443 1965 494 ψηφῖδας
1980 447 2112 494 χρυσᾶς
2131 441 2306 493 συλλέγων

1287 501 1374 550 μετα
1399 504 1529 548 πολλῆς
1546 502 1787 555 ταλαιπωρίας
1820 503 2025 557 περιὸάλλει
2049 503 2127 547 τοὺς
2148 503 2306 555 τοίχους·

1285 562 1346 606 τὰς
1375 562 1410 601 δὲ
1429 562 1599 615 γαστέρας
1617 566 1685 601 τῶν
1708 563 1865 610 πενήτων
1885 564 2016 616 γυμνὰς
2033 567 2134 617 ὁρῶν,
2149 566 2210 602 οὐκ
2229 566 2306 602 ἐπι-

1285 622 1496 673 κάμπτεται.
1523 625 1593 662 Καὶ
1619 627 1650 662 οἱ
1673 623 1736 675 μὲν
1763 630 1833 668 τοῖς
1860 625 2012 676 ἱματίοις
2043 628 2155 663 αὐτῶν
2183 625 2308 675 ἱμάτια

1285 684 1390 722 πάλιν
1415 686 1628 724 ἐπινοοῦσιν·
1658 684 1771 737 ἕτερος
1792 687 1827 724 δὲ
1848 685 1925 724 οὐδὲ
1957 686 2040 724 αὐτὸ
2058 686 2097 724 τὸ
2120 687 2223 736 σῶμα
2242 702 2308 737 γυ-

1286 745 1368 793 μνὸν
1390 745 1614 796 περιὲάλλειν
1642 745 1728 797 ἔχει.
1766 746 1827 783 Ἓν
1867 746 2102 798 δικαστηρίοις
2136 746 2171 785 δὲ
2205 747 2309 784 πάλιν

1286 805 1387 848 ἄλλος
1407 806 1509 844 ἄλλον
1530 807 1693 845 κατέπιεν
1710 823 1716 829 ·
1738 808 1840 850 ἄλλος
1863 810 1908 850 εἰς
1927 807 2056 859 πόρνας
2073 807 2230 845 ἀνάλωσε
2249 807 2308 845 καὶ

1284 868 1330 910 εἰς
1361 867 1590 918 παρασίτους·
1622 867 1735 920 ἕτερος
1774 870 1819 912 εἷς
1853 867 1978 919 μίμους
2001 867 2061 906 καὶ
2077 867 2276 920 ὀρχήστρας
2296 884 2303 891 ·

1284 930 1330 971 εἷς
1350 929 1531 980 οἰκοδομὰς
1556 929 1669 982 ἕτερος
1686 929 1851 982 λαμπρὰς
1864 960 1874 978 ,
1894 932 1941 973 εἷς
1973 929 2161 983 ἀγορασίας
2192 932 2307 983 ἀγρῶν

1281 989 1339 1029 καὶ
1360 992 1489 1029 οἰκιῶν.
1510 990 1623 1028 Πάλιν
1647 993 1664 1028 ὃ
1685 990 1745 1041 μὲν
1762 991 1883 1034 τόκους
1899 993 2038 1042 ἀριθμεῖ
2055 1019 2064 1036 ,
2085 992 2102 1027 ὃ
2124 989 2159 1028 δὲ
2187 990 2309 1032 τόκους

1280 1049 1404 1096 τόκων,
1428 1053 1445 1087 ὃ
1468 1048 1502 1087 δὲ
1522 1056 1749 1100 γραμματεῖα
1767 1047 1976 1095 ι’συντίθησι
1995 1051 2134 1088 πολλῶν
2151 1049 2304 1101 γέμοντα

1282 1108 1406 1160 φόνων,
1437 1109 1496 1147 καὶ
1513 1109 1589 1148 οὐδὲ
1607 1109 1670 1156 τὴν
1701 1109 1770 1147 ἀπὸ
1789 1112 1851 1156 τῆς
1867 1110 1986 1153 νυκτὸς
2007 1109 2201 1148 ἀνάπαυσιν
2219 1126 2308 1163 καρ-

1282 1174 1430 1218 ποῦται,
1454 1170 1511 1208 ἐπὶ
1541 1176 1611 1213 τοῖς
1642 1169 1768 1221 ἐτέρων
1788 1175 1907 1213 κακοῖς
1933 1172 2131 1221 ἀγρυπνῶν.
2152 1169 2309 1222 Ἡμέρας

1283 1230 1317 1270 δὲ
1337 1230 1524 1283 γενομένης
1538 1261 1547 1277 ,
1568 1233 1585 1268 ὁ
1606 1230 1668 1281 μὲν
1706 1231 1763 1269 ἐπὶ
1782 1230 1901 1283 κέρδος
1929 1229 2059 1278 ἄδικον,
2079 1233 2096 1267 ὁ
2120 1229 2155 1268 δὲ
2174 1229 2230 1269 ἐπὶ
2251 1231 2309 1268 δα-

1282 1292 1394 1340 πάνην
1425 1294 1579 1343 ἀσελγῆ,
1610 1294 1640 1330 οἷ
1674 1290 1708 1329 δὲ
1737 1290 1795 1328 ἐπὶ
1828 1290 1962 1337 κλοπὴν
1992 1290 2308 1341 δεδημοσιευμένην

1280 1353 1458 1406 τρέχουσι.
1492 1353 1561 1391 Καὶ
1584 1354 1651 1390 τῶν
1687 1350 1748 1402 μὲν
1774 1354 1945 1405 περιττῶν
1979 1350 2037 1389 καὶ
2060 1351 2310 1402 κεκωλυμένων

1281 1413 1393 1461 πολλὴ
1422 1417 1444 1460 ἡ
1478 1412 1609 1459 σπουδή
1628 1428 1635 1435 ·
1659 1415 1727 1450 τῶν
1748 1412 1784 1451 δὲ
1806 1411 2005 1464 ἀναγκαίων
2026 1412 2134 1455 οὐδεὶς
2155 1415 2172 1449 ὃ
2190 1412 2304 1464 λόγος.

1282 1476 1328 1513 Οἱ
1355 1474 1391 1512 δὲ
1417 1474 1608 1528 κρίνοντες,
1628 1473 1667 1511 τὸ
1696 1472 1758 1523 μὲν
1776 1473 1885 1523 ὄνομα
1913 1474 2086 1510 δικαστῶν
2106 1472 2223 1524 ἔχουσι
2240 1502 2249 1520 ,
2270 1473 2309 1510 τὸ

1283 1535 1318 1574 δὲ
1347 1535 1444 1588 ἔργον
1475 1537 1613 1585 λῃστῶν
1639 1533 1698 1572 καὶ
1717 1533 1945 1585 ἀνδροφόνων.
1962 1532 2036 1571 Κᾶν
2055 1532 2116 1577 τὰς
2137 1533 2234 1577 δίκας
2257 1550 2309 1578 τις

1281 1595 1443 1648 ἐξετάσῃ,
1460 1596 1524 1634 κᾶν
1542 1595 1604 1638 τὰς
1625 1595 1810 1642 διαθήκας,
1832 1594 1941 1647 μυρία
1967 1594 2074 1632 πάλιν
2096 1595 2234 1647 εὑρήσει
2252 1595 2310 1633 καὶ

1282 1661 1426 1697 ἐνταῦθα
1453 1658 1566 1705 κακὰ,
1594 1657 1735 1705 δόλους,
1752 1657 1901 1703 κλοπὰς,
1921 1656 2118 1700 ἓπιὸουλάς.
2139 1657 2209 1694 Καὶ
2229 1657 2310 1711 περὶ

1282 1723 1388 1757 ταῦτα
1411 1719 1530 1757 ἅπασα
1559 1722 1580 1765 ἡ
1612 1718 1745 1770 σχολὴ,
1773 1720 1840 1755 τῶν
1873 1717 1908 1756 δὲ
1937 1720 2183 1767 πνευματικῶν
2211 1718 2312 1767 λόγος

1283 1780 1407 1823 οὐδείς·
1432 1778 1522 1818 ἀλλὰ
1539 1778 1602 1826 τὴν
1623 1779 1812 1824 ἐκκλησίαν
1830 1777 1915 1830 ὑπὲρ
1932 1784 1992 1817 τοῦ
2011 1778 2113 1829 μόνον
2131 1779 2213 1817 ἰδεῖν
2235 1781 2311 1818 ἐνο-

1281 1843 1423 1893 χλοῦσιν
1450 1841 1610 1883 ἅπαντες.
1637 1841 1690 1878 Τὸ
1717 1839 1752 1878 δὲ
1775 1839 1980 1889 ζητούμενον
2008 1841 2045 1878 οὐ
2073 1839 2174 1878 τοῦτό
2205 1843 2310 1887 ἐστιν,

1282 1903 1357 1940 ἀλλ’
1379 1902 1487 1954 ἔργων
1507 1903 1556 1939 δεῖ
1575 1904 1660 1951 ἡμῖν
1681 1900 1740 1938 καὶ
1757 1899 1909 1943 διανοίας
1928 1903 2092 1952 καθαρᾶς.
2112 1899 2172 1938 Ἂν
2190 1900 2225 1939 δὲ
2245 1901 2308 1947 τὴν

1281 1969 1396 2000 πᾶσαν
1421 1961 1556 2013 ἡμέραν
1576 1961 1758 2012 ἀναλώσῃς
1788 1963 1834 2004 εἰς
1860 1960 2074 2009 πλεονεξίαν,
2103 1954 2178 1999 εἶτα
2199 1961 2311 2013 μικρὰ

1283 2022 1425 2075 ῥήματα
1445 2022 1606 2061 εἰσελθὼν
1634 2021 1733 2074 εἴπῃς
1747 2053 1755 2069 ,
1784 2024 1822 2059 οὐ
1842 2021 1944 2072 μόνον
1965 2023 2027 2060 οὐκ
2047 2021 2214 2068 ἐποίησας
2227 2021 2311 2061 ἵλεω

1281 2085 1339 2123 τὸν
1356 2084 1459 2132 Θεὸν,
1482 2083 1572 2121 ἀλλὰ
1587 2083 1646 2120 καὶ
1662 2081 1866 2134 παρώξυνας
1886 2082 2063 2133 μειζόνως.
2084 2084 2129 2121 Εἰ
2148 2082 2216 2135 γὰρ
2236 2083 2311 2134 βού-

1283 2148 1336 2183 λει
1363 2144 1578 2188 καταλλάξαι
1607 2159 1667 2182 σου
1687 2144 1744 2182 τὸν
1777 2143 1972 2190 Δεσπότην,
2001 2143 2086 2196 ἔργα
2117 2143 2310 2191 ἐπίδειξαι,

1287 2205 1374 2257 μάθε
1393 2207 1449 2244 τὸν
1464 2206 1608 2258 φορυτὸν
1628 2208 1696 2243 τῶν
1712 2207 1911 2255 συμφορῶν,
1926 2203 2032 2254 βλέπε
2049 2203 2126 2247 τοὺς
2144 2202 2308 2254 γυμνοὺς,

1285 2265 1363 2309 τοὺς
1377 2268 1567 2308 πεινῶντας
1578 2295 1587 2313 ,
1606 2264 1683 2308 τοὺς
1700 2263 1942 2314 ἀδικουμένους
1957 2279 1964 2286 ·
1985 2264 2109 2315 μυρίας
2125 2279 2178 2301 σοι
2193 2264 2310 2315 φιλαν-

1287 2327 1440 2380 θρωπίας
1459 2327 1578 2377 ἔτεμεν
1598 2325 1704 2368 ὁδούς.
1721 2324 1783 2371 Μὴ
1804 2324 1916 2362 τοίνυν
1934 2327 2124 2375 ἀπατῶμεν
2141 2323 2282 2367 ἑαυτοὺς
2296 2353 2305 2369 ,

1286 2391 1362 2439 εἰκῇ
1390 2388 1449 2426 καὶ
1484 2387 1596 2438 μάτην
1629 2389 1772 2433 ζῶντες,
1795 2385 1904 2436 μηδὲ,
1933 2386 1985 2424 ὅτι
2019 2389 2077 2439 νῦν
2097 2384 2309 2436 ὑγιαίνομεν,

1286 2448 1624 2502 καταφρονήσωμεν*
1653 2448 1729 2485 ἀλλ’
1749 2447 1971 2494 ἐννοήσαντες
1996 2446 2049 2484 ὅτι
2071 2445 2238 2489 πολλάκις
2262 2447 2310 2489 εἷς

1285 2512 1383 2549 νόσον
1402 2509 1676 2556 καταπεσόντες,
1699 2508 1758 2546 καὶ
1784 2510 1832 2551 εἷς
1851 2507 1998 2560 ἔσχατον
2024 2506 2221 2560 ἀῤῥωστίας
2249 2508 2308 2545 ἐλ-

1286 2571 1422 2618 θόντες,
1443 2569 1659 2621 ἀπεθάνομεν
1691 2571 1741 2621 τῷ
1768 2569 1837 2607 δέει
1867 2569 1926 2606 καὶ
1957 2570 2000 2618 τῇ
2028 2567 2221 2620 προσδοκίᾳ
2240 2570 2308 2606 τῶν

1287 2632 1496 2683 μελλόντων,
1514 2630 1811 2684 προσδοκήσωμεν
1828 2631 1934 2668 πάλιν
1954 2632 2001 2672 εἰς
2020 2629 2063 2666 τὰ
2092 2627 2179 2666 αὐτὰ
2203 2644 2309 2666 κατα-

1287 2696 1490 2738 πεσεῖσθαι,
1510 2691 1570 2730 καὶ
1592 2691 1650 2728 τὸν
1673 2690 1772 2727 αὐτὸν
1794 2689 2006 2740 κτησώμεθα
2025 2688 2143 2741 φόὸον,
2164 2688 2222 2726 καὶ
2249 2705 2309 2739 γε-

1288 2753 1426 2804 νώμεθα
1455 2750 1630 2804 βελτίους·
1659 2753 1704 2793 ὡς
1731 2750 1774 2787 τά
1800 2765 1840 2800 γε
1870 2753 1929 2788 νῦν
1951 2749 2075 2802 μυρίας
2097 2749 2311 2801 κατηγορίας

1289 2813 1378 2858 ἄξια.
1396 2815 1444 2852 Οἱ
1464 2812 1526 2864 μὲν
1540 2811 1608 2864 γὰρ
1627 2812 1661 2848 ἐν
1677 2817 1746 2854 τοῖς
1766 2810 2000 2862 δικαστηρίοις
2021 2810 2157 2848 λέουσιν
2177 2810 2310 2848 ἐοίκασι

1288 2875 1347 2913 καὶ
1368 2874 1468 2920 κυσὶ,
1494 2876 1524 2911 οἱ
1543 2871 1579 2910 δὲ
1600 2874 1633 2909 ἐν
1651 2877 1726 2914 ταῖς
1755 2873 1913 2922 ἀγοραῖς,
1941 2869 2127 2914 ἀλώπεξιψ
2148 2871 2178 2908 οἱ
2196 2870 2230 2909 δὲ
2253 2870 2309 2908 τὸν

1289 2935 1499 2988 ἀπράγμονα
1517 2937 1640 2978 ζῶντες
1661 2931 1746 2983 βίον,
1767 2931 1842 2970 οὐδὲ
1860 2925 1952 2969 οὗτοι
1973 2933 2018 2974 εἷς
2039 2931 2112 2970 δέον
2129 2935 2172 2983 τῇ
2195 2934 2311 2982 ἀπρα·

1287 2996 1441 3048 γμοσύνῃ
1470 2994 1682 3046 κέχρηνται,
1712 2992 1773 3039 τὴν
1794 2991 1926 3044 σχολὴν
1955 2991 2095 3030 ἅπασαν
2116 2994 2162 3036 εἷς
2183 2991 2311 3043 θέατρα

1287 3064 1346 3102 καὶ
1371 3063 1415 3101 τὰ
1446 3064 1573 3100 ἐκεῖθεν
1600 3060 1692 3098 κακὰ
1721 3058 1972 3101 ἀναλίσκοντες.
1994 3058 2063 3096 Καὶ
2083 3061 2100 3096 ὁ
2121 3057 2180 3109 μὲν
2203 3060 2311 3096 ἐπιτι-

1289 3134 1362 3182 μῶν
1380 3137 1450 3174 τοῖς
1468 3128 1677 3181 γινομένοις,
1699 3126 1826 3170 οὐδείς·
1846 3129 1876 3164 οἱ
1902 3125 1937 3163 δὲ
1966 3127 2144 3172 ζηλοῦντες
2172 3124 2229 3162 καὶ
2250 3124 2309 3160 δα-

1288 3198 1467 3248 κνόμενοι,
1487 3198 1538 3234 ὅτι
1561 3194 1608 3247 μὴ
1626 3195 1684 3232 ἴσα
1701 3195 1813 3236 αὐτοῖς
1830 3192 2043 3243 πράττουσι,
2061 3190 2202 3230 πολλοί·
2219 3190 2309 3238 ὥστε
