2481 3678
308 240 401 295 204
778 248 815 278 s.
853 247 1032 278 somnis
1069 243 1309 275 cunvsosr.

305 333 517 385 subjunxit,
544 333 578 368 4.
615 331 823 382 Oportebat
845 337 974 366 autem
994 328 1105 364 illum
1126 328 1292 364 transire

301 408 370 444 per
396 393 637 437 Samariam,
663 399 702 427 ut
733 388 930 427 ostenderet
952 387 1069 438 ipsum
1102 386 1170 423 hoc
1191 385 1292 436 quasi

251 470 253 472 ¹
303 454 419 491 obiter
446 452 579 490 secisse.
605 451 665 488 Sic
682 459 714 487 et
732 448 883 501 apostoli
902 447 1063 496 agebant.
1085 447 1177 483 Nam
1200 445 1291 483 sicut

304 513 357 550 illi
369 543 379 562 ,
400 515 421 552 J
426 513 534 550 udaeis
552 509 862 564 persequentibus,
880 506 924 544 ad
945 515 1062 558 gentes
1078 505 1288 544 veniebant:
1298 536 1346 560 177

1352 244 1371 273 A
1381 244 1553 273 RCmEP.
1593 243 1944 274 CONSTANTINOP-

1359 326 1448 368 τινὸς
1470 324 1657 376 ἀπολογίας
1673 325 1856 378 πρόφασιν.
1882 325 2000 376 εὈπερ
2024 323 2082 362 καὶ
2097 327 2114 361 ὁ
2134 323 2382 374 εὐαγγελιστὴς

1361 384 1593 436 αἰνιττόμενος
1613 385 1807 437 ἐπήγαγεν,
1826 385 1925 424 ”Eget
1946 386 1981 424 δὲ
1998 385 2099 423 αὐτὸν
2117 384 2313 436 διέρχεσθαι
2328 386 2383 422 διὰ

1359 448 1421 492 τῆς
1442 446 1664 497 Σαμαρείας,
1689 446 1818 490 δεικνὺς
1839 447 1916 484 ὁδοῦ
1945 446 2117 498 πάρεργον
2149 444 2251 482 αὐτὸν
2282 448 2384 482 τοῦτο

1361 507 1575 558 ποιούμενον.
1596 507 1702 545 Οὕτω
1713 508 1772 545 καὶ
1792 509 1822 544 οἱ
1843 507 2030 545 ἀπόστολοι
2049 505 2197 544 ἐποίουν,
2215 504 2385 556 Καθάπερ

305 575 354 612 ita
383 583 416 612 ct
445 573 628 619 Christus,
663 569 804 621 quando
838 569 956 620 ipsum
980 566 1183 619 pellebant,
1207 575 1291 603 tunc
1311 572 1335 602 Α
1359 567 1427 619 γὰρ
1456 569 1578 606 ἐκεῖνοι
1607 568 1811 618 διωκόμενοι
1840 568 1906 606 ὑπὸ
1922 567 2111 615 Ἰουδαίων,
2143 565 2221 603 τότε
2255 565 2312 603 ἐπὶ
2342 564 2385 602 τὰ

307 645 425 687 gentes
457 635 596 681 adibat,
634 642 674 670 ut
701 632 736 668 in
768 628 1042 683 Syrophoenissa
1076 628 1168 666 fecit.
1208 628 1292 665 Haec

306 711 411 748 porro
433 696 483 733 sie
516 704 612 746 gesta
640 702 739 741 sunt,
767 700 806 728 ut
837 690 952 728 omnis
981 689 1138 728 defensio
1159 688 1292 729 Judaeis

306 758 507 805 tolleretur,
535 769 599 793 nee
627 754 744 792 dicere
774 760 935 805 possent,
958 751 1072 789 Nobis
1091 750 1222 789 relistis
1247 749 1291 787 ad

307 816 572 855 incircumcisos
592 816 768 867 profectus
784 822 845 851 est.
862 814 1089 864 Quapropter
1103 811 1293 863 discipuli,

106 876 142 904 Α(
154 882 174 903 ¹·
191 871 291 911 ¹346·
309 888 429 916 utsese
442 875 825 930 purgarent,dicebant
843 889 851 910 ε
869 875 983 911 Vobis
1006 875 1204 925 oportebat
1216 874 1294 924 pri-

309 954 412 977 mum
435 940 541 991 loqui
561 940 722 976 verbum
750 937 826 974 Dei
848 951 858 970 .·
878 937 971 987 quia
992 948 1086 971 vero
1115 935 1295 985 indignos

309 1015 379 1039 vos
392 1002 602 1053 judicatis,
626 1013 711 1036 ecee
727 998 986 1035 convertimur
1006 996 1060 1032 ad
1078 1003 1209 1046 gentes
1227 1009 1242 1038 ;
1263 1001 1296 1030 et

109 1054 221 1134 25:th
243 1051 290 1084 ¹5·
307 1063 382 1115 ipse
397 1077 560 1111 rursum,
578 1063 666 1098 lVon
696 1061 788 1096 veni
806 1060 881 1095 nisi
897 1057 950 1093 ad
965 1069 1052 1094 oves
1077 1069 1161 1108 quse
1174 1057 1295 1106 perie-

108 1139 186 1166 Μία.
200 1149 225 1165 v.
244 1138 290 1167 26.
307 1133 397 1161 runt
416 1125 549 1161 domus
566 1120 692 1159 Israel
709 1134 725 1167 ,-
743 1127 775 1156 et
794 1131 958 1164 rursum,
976 1117 1067 1153 Non
1085 1123 1141 1152 est
1154 1116 1296 1151 bonum

307 1188 480 1236 accipere
509 1196 650 1234 panem
671 1181 874 1232 filiorum,
914 1185 950 1215 et
984 1177 1078 1213 dare
1117 1176 1292 1212 canibus.

309 1248 399 1283 Cum
418 1255 536 1282 autem
562 1243 665 1279 illum
688 1240 911 1292 repulerunt,
933 1245 1017 1274 tunc
1039 1237 1187 1287 januam
1213 1248 1297 1285 gen-

306 1307 402 1343 tihus
417 1312 644 1357 aperuerunt.
665 1302 786 1351 Neque
805 1308 921 1336 tamen
940 1296 991 1335 sie
1009 1296 1054 1334 ad
1074 1296 1153 1333 illos
1172 1295 1296 1348 praeci—

307 1382 375 1419 pue
397 1365 583 1413 veniebat,
609 1362 669 1401 sed
692 1358 903 1399 transeundo
922 1367 1072 1395 tantum.
1103 1356 1295 1394 Transiens
1317 1372 1340 1401 Β

308 1429 435 1480 igitur,
472 1428 506 1465 5.
535 1428 648 1463 Venit
676 1426 717 1461 in
749 1424 945 1460 civitatem
966 1420 1173 1465 Samariae,
1211 1431 1295 1470 qzcae

309 1493 451 1528 dicitur
485 1489 659 1537 sychar,
699 1498 816 1537 prope
852 1483 1000 1527 locum,
1042 1494 1154 1532 quem
1192 1480 1298 1516 dedit

310 1553 434 1589 Jacob
463 1550 605 1600 Joseplz
630 1548 718 1600 silio
750 1558 832 1583 su0.
856 1545 894 1581 6.
918 1544 1020 1580 Erat
1053 1550 1181 1578 autem
1216 1540 1298 1576 illie

300 1615 400 1666 fons
422 1613 560 1650 Jacob.
581 1610 654 1646 Cur
672 1605 888 1657 evangelista
909 1603 1047 1640 deloco
1066 1602 1117 1640 sic
1138 1608 1300 1638 accurate

314 1675 497 1727 loquitur?
519 1675 568 1712 Ut
593 1686 674 1710 cum
702 1668 856 1708 audieris
883 1666 1069 1705 mulierem
1092 1665 1270 1703 dicentem
1289 1693 1299 1713 ,

314 1739 437 1775 Jacob
450 1744 561 1788 pater
578 1742 706 1771 noster
721 1732 826 1768 dedit
843 1731 950 1766 nobis
963 1729 1065 1765 hunc
1078 1735 1248 1778 puteum,
1259 1739 1303 1762 ne

313 1807 467 1850 stupeas.
487 1798 579 1834 Nam
593 1795 691 1832 locus
722 1792 783 1829 ille
802 1799 897 1838 erat,
920 1789 982 1826 ubi
1005 1803 1067 1840 pro
1087 1788 1182 1825 Dina
1202 1786 1302 1824 indi-

316 1868 462 1909 gnantes
473 1857 561 1897 Levi
582 1865 614 1893 et
631 1857 787 1907 Symeon
798 1883 807 1899 ,
823 1865 966 1902 gravem
982 1850 1082 1887 illam
1097 1848 1226 1886 caedem
1240 1861 1303 1899 pa-

148 1927 303 1973 Samaritq-
317 1920 552 1957 trarunt.Non
563 1918 626 1954 abs
639 1930 676 1953 re
688 1923 807 1952 autem
817 1911 939 1960 fuerit,
951 1910 1045 1948 unde
1061 1909 1234 1961 originem
1243 1908 1305 1945 ha-

115 1979 219 1996 nomm
244 1978 303 1994 ω’
317 1980 460 2017 buc-rint
493 1975 707 2017 Samaritani
727 1986 880 2011 narrare.
902 1972 994 2009 Nam
1019 1979 1090 2008 tota
1117 1969 1180 2007 illa
1210 1968 1305 2020 regio

124 2019 161 2037 10,

115 2021 130 2045 b
317 2038 477 2077 Samaria
498 2046 656 2075 vocatur.
677 2032 781 2072 Unde
812 2045 895 2082 ergo
925 2030 975 2068 sic
993 2028 1160 2082 appellati
1193 2027 1306 2065 sunt?

317 2100 443 2137 Somor
458 2112 558 2136 mons
573 2097 631 2134 ille
645 2093 897 2132 nominabatur
913 2106 931 2128 a
952 2089 1107 2141 quodam
1121 2088 1181 2139 qui
1202 2088 1306 2125 illum
1327 2094 1351 2124 C

118 2164 280 2204 [wi-79·
317 2160 538 2212 possederat,
574 2167 612 2194 ut
639 2156 727 2193 dicit
748 2154 877 2201 Isaias,
908 2154 962 2190 Et
989 2159 1105 2202 caput
1120 2151 1307 2188 Somoron

317 2223 507 2272 Ephraim
518 2236 532 2264 ,·
554 2218 610 2256 sed
637 2217 697 2268 qui
715 2216 819 2252 illum
838 2213 1037 2250 incolebant
1055 2226 1122 2248 non
1143 2210 1303 2250 Samari-

315 2282 409 2329 tani,
431 2281 491 2318 sed
524 2278 691 2316 Israeliten
719 2275 954 2314 vocabantur.
984 2273 1026 2309 In
1052 2271 1205 2308 decursu
1222 2283 1306 2308 vero

316 2342 486 2394 temporis
506 2343 622 2378 Deum
642 2336 886 2384 offenderunt3
909 2343 943 2371 et
963 2333 1099 2370 Phacee
1119 2340 1307 2382 regnante,

316 2405 506 2444 ascendens
540 2401 722 2452 Theglath
754 2398 946 2445 Phalasar,
982 2394 1112 2432 multas
1133 2394 1225 2446 cepit
1247 2408 1306 2430 ur-

317 2468 399 2511 bes,
422 2467 527 2504 Elam
547 2464 692 2502 adortus
718 2460 870 2509 oceidit,
892 2467 926 2495 et
947 2458 1046 2495 Oseae
1068 2470 1217 2507 regnum
1236 2465 1308 2493 tra-

318 2528 422 2566 didit.
433 2528 534 2564 Hune
549 2537 733 2576 aggressus
748 2521 912 2561 Salmana
919 2533 975 2556 sar
991 2518 1077 2555 alias
1088 2517 1180 2569 cepit
1191 2517 1308 2566 urbes,

321 2599 354 2627 et
384 2588 589 2626 tributarias
621 2584 713 2623 fecit.
742 2584 879 2623 Verum
908 2581 998 2617 Osee
1024 2579 1141 2631 primo
1164 2577 1308 2628 quidem

321 2652 441 2699 cessit,
470 2649 598 2687 deinde
627 2662 710 2686 vero
739 2642 948 2693 rebellavit,
971 2651 1004 2680 et
1022 2641 1068 2679 ad
1098 2640 1310 2693 AEthiopum

321 2712 499 2751 auxilium
528 2709 695 2760 confugit.
726 2709 777 2744 Re
810 2704 972 2756 cognita,
990 2702 1157 2755 Assyrius
1177 2701 1310 2739 exerci-

117 2528 147 2568 4.
162 2529 238 2565 Reg.
256 2536 304 2566 17.

322 2785 400 2812 tum
419 2771 595 2817 admovit,
613 2778 645 2806 et
662 2777 761 2820 capta
777 2767 939 2815 civitate,
960 2773 1099 2816 gentem
1119 2763 1220 2800 illam
1239 2777 1309 2801 non
1333 2769 1358 2799 D

324 2836 374 2874 ihi
399 2833 553 2885 amplius
572 2831 733 2867 habitare
754 2827 930 2880 permisit,
951 2840 992 2863 ne
1022 2825 1150 2862 iterum
1180 2824 1308 2862 defice-

325 2907 401 2936 rent
411 2913 422 2946 3
445 2894 506 2933 sed
524 2894 581 2930 his
598 2891 820 2942 Babylonem
836 2898 868 2925 et
883 2888 919 2925 in
935 2886 1094 2925 Mediam
1107 2885 1286 2923 translatis
1297 2915 1307 2935 ,

326 2967 444 3009 gentes
465 2955 551 2993 alias
568 2952 677 2992 variis
709 2964 753 2988 ex
777 2948 864 2986 loeis
885 2947 1028 2985 eductas
1048 2946 1083 2983 in
1110 2946 1310 2985 Samariam

371 3105 384 3119 ²¹
400 3091 514 3124 Morcl.
535 3093 614 3123 ἀλλὰ.
626 3094 751 3132 παριών.
769 3087 858 3120 οὕτως
875 3086 890 3115 ὃ
905 3084 1040 3115 &Comei-o
1051 3085 1229 3122 αἰνιξάμενος
1245 3083 1334 3114 πάλιν

328 3154 456 3192 ἄρχεται
473 3147 563 3184 λέγων
578 3151 584 3157 ’
605 3145 726 3185 ἔρχεται
744 3138 791 3170 οὖν
808 3139 822 3168 ‘o
841 3134 938 3171 ἰησοῦς
956 3138 1004 3169 εἰς.

372 3198 387 3213 *
405 3200 481 3232 καὶὴ
493 3196 605 3238 κεφαλὴ
624 3197 772 3234 Σομόρων,
787 3184 921 3230 ᾗρραίμ.
939 3184 979 3214 In
998 3182 1213 3224 Septuaginta
1230 3182 1339 3212 Inter-

331 3256 463 3291 pretium
490 3245 645 3277 [ditione
663 3242 743 3272 etin
767 3238 906 3270 Hebraeo
937 3233 1057 3277 legitur
1086 3232 1244 3274 Ephraim
1262 3238 1341 3262 ante

329 3304 506 3337 Somoron,
525 3297 572 3328 132
595 3301 694 3338 caput
710 3290 887 3335 Ephraim,
907 3287 1085 3321 Somoron,
1101 3292 1133 3315 et
1156 3283 1273 3315 eodem
1290 3294 1344 3314 or-

333 3351 412 3384 dine
443 3353 477 3382 in
504 3348 656 3390 Vulgata.
684 3346 766 3385 Quae
791 3352 869 3375 vero
896 3349 973 3371 mox
1014 3336 1204 3368 memoriter
1230 3342 1345 3367 narrat

340 3403 600 3445 Chrysostomus
617 3397 656 3430 de
672 3394 837 3438 Theglnth
854 3390 1056 3427 Plialassare‚
1076 3387 1116 3419 de
1134 3387 1245 3420 occiso
1262 3386 1321 3418 Ela
1337 3410 1346 3428 ,

1360 626 1439 673 ἔθνη
1459 627 1610 680 ἤρχοντο
1624 644 1631 651 ·
1653 628 1742 666 οὕτω
1770 628 1827 666 καὶ
1854 631 1871 666 ὁ
1897 628 2063 680 Χριστὸς,
2084 627 2139 666 ὅτε
2161 626 2263 664 αὐτὸν
2288 624 2384 671 ἀπή-

1361 689 1486 738 λασαν,
1501 689 1578 726 τότε
1599 689 1656 727 καὶ
1677 689 1814 727 ἐκείνων
1831 689 1962 736 ἥπτετο
1975 719 1985 735 ,
2012 691 2058 732 ὡς
2075 688 2136 726 καὶ
2156 687 2214 725 ἐπὶ
2233 689 2294 732 τ’ῆς
2312 687 2384 724 Συ-

1365 750 1620 800 ροφοινικίσσης
1655 751 1796 797 ἐποίησε
1824 749 1996 801 γυναικός.
2026 750 2139 787 Τοῦτο
2161 746 2196 785 δὲ
2232 745 2385 798 ἐγένετο,

1364 808 1453 848 ὥστε
1474 817 1588 848 πᾶσαν
1611 813 1802 858 ἐκκοπῆναι
1821 810 1999 853 Ἰουδαίοις
2023 808 2228 860 ἀπολογίαν,
2250 806 2310 844 καὶ
2328 806 2384 843 ἵνα

1366 869 1414 920 μὴ
1444 869 1501 922 ἐξῇ
1524 874 1639 915 αὐτοῖς
1655 872 1780 922 λέγειν,
1800 871 1853 910 ὅτι
1872 869 2075 909 καταλιπὼν
2094 873 2187 920 ἡμᾶς
2206 867 2291 919 πρὸς
2309 866 2387 909 τοὺς

1365 932 1597 983 ἀκροὸύστους
1616 935 1764 979 ἀπῆλθε.
1781 933 1848 971 Διὰ
1872 937 1972 971 τοῦτο
1989 931 2047 970 καὶ
2076 934 2107 969 οἳ
2128 928 2281 981 μαθηταὶ
2305 929 2388 964 ἀπο-

1364 993 1568 1044 λογούμενοι
1592 994 1707 1046 ἔλεγον
1722 1011 1729 1019 ·
1756 994 1860 1045 Ὑμῖν
1886 989 1927 1040 ἦν
1951 995 2136 1044 ἀναγκαῖον
2162 994 2300 1042 πρῶτον
2320 990 2388 1026 λα-

1366 1055 1515 1101 ληθῆναι
1541 1055 1598 1093 τὸν
1615 1056 1716 1106 λόγον
1732 1060 1790 1094 τοῦ
1808 1057 1913 1094 Θεοῦ·
1941 1053 2059 1101 ἐπειδὴ
2079 1054 2114 1091 δὲ
2136 1051 2291 1096 ἀναξίουζ
2310 1049 2386 1101 χρί-

1367 1129 1442 1151 νετε
1462 1115 1601 1157 ἑαυτοὺς
1614 1145 1624 1162 ,
1645 1115 1715 1153 ἰδοὺ
1738 1116 1956 1168 στρεφόμεθα
1972 1118 2018 1158 εἷς
2032 1115 2076 1154 τὰ
2092 1115 2188 1161 ἔθνη·
2212 1112 2271 1150 καὶ
2291 1110 2392 1152 αὐτὸς

1368 1174 1486 1222 πάλιν,
1514 1177 1591 1213 Οὐκ
1606 1170 1709 1222 ἦλθον
1731 1179 1759 1214 εἷ
1791 1177 1838 1226 μὴ
1862 1179 1908 1219 εἷς
1938 1177 1981 1214 τὰ
2012 1176 2173 1227 πρόὸατα
2190 1174 2234 1212 τὰ
2255 1173 2391 1210 ἀπολω-

1368 1234 1453 1272 λότα
1472 1234 1566 1272 οἴκου
1583 1235 1746 1287 Ἰσραήλ·
1779 1237 1838 1274 καὶ
1869 1236 1986 1282 πάλιν,
2001 1238 2079 1274 Οὐκ
2099 1236 2172 1274 ἔστι
2202 1233 2306 1272 καλὸν
2325 1233 2393 1268 λα-

1370 1295 1442 1333 δεῖν
1462 1295 1520 1334 τὸν
1538 1296 1639 1348 ἄρτον
1660 1299 1727 1335 τῶν
1745 1297 1873 1335 τέκνων
1885 1329 1893 1345 ,
1914 1297 1971 1334 καὶ
1996 1298 2192 1338 δοῦναιτοῖς
2210 1292 2393 1346 κυναρίοις.

1370 1354 1517 1404 Ἐπειδὴ
1537 1356 1572 1394 δὲ
1592 1358 1692 1396 αὐτὸν
1710 1359 1911 1406 ἀπήλασαν,
1929 1357 2033 1409 θύραν
2052 1357 2121 1400 τοὶς
2138 1356 2264 1394 ἔθνεσιν
2280 1352 2394 1404 ἀνέῳ-

1368 1417 1439 1462 ξαν.
1466 1415 1535 1454 Καὶ
1552 1417 1629 1455 οὐδὲ
1652 1418 1741 1456 οὕτω
1756 1418 2026 1471 προηγουμένως
2040 1420 2093 1456 ἐπ’
2117 1417 2264 1460 ἐκείνους
2296 1415 2394 1467 ἔρχε-

1369 1476 1571 1524 ται,“ἀλλὰ
1601 1477 1748 1531 παριών.
1771 1479 1917 1533 Παριὼν
1935 1479 2063 1527 τοίνυν,
2084 1473 2187 1525 ἦλθεν
2219 1480 2265 1520 εἷς
2293 1476 2394 1514 πόλιν

1370 1541 1433 1584 τῆς
1464 1538 1667 1601 Σαυμαρείας
1693 1540 1882 1591 λεγομένην
1909 1539 2063 1592 Συχὰρ,ι
2083 1538 2232 1585 πλησίον
2247 1541 2306 1575 τοῦ
2324 1551 2395 1588 χω-

1374 1598 1446 1652 ρίου
1459 1629 1468 1646 ,
1487 1603 1525 1636 οὗ
1545 1599 1670 1638 ἔδωκεν
1691 1600 1821 1638 ’lanc-J&
1843 1600 1972 1652 Ἰωσὴφ
1997 1603 2047 1653 τῷ
2070 1603 2134 1653 υἱῷ
2156 1601 2278 1637 αὐτοῦ·
2298 1592 2339 1644 ἦν
2361 1596 2395 1634 δὲ

1372 1663 1443 1699 ἐκεῖ
1462 1660 1559 1712 πηγὴ
1581 1667 1640 1700 τοῦ
1660 1661 1803 1699 'Iam-36.
1818 1661 1921 1704 Τίνος
1951 1661 2066 1699 ἕνεκεν
2087 1660 2366 1711 ἀκριὸολογεῖται
2379 1660 2397 1695 ὅ

1373 1721 1618 1772 εὖαγγελιστὴς
1635 1721 1714 1775 περὶ
1737 1727 1796 1760 τοῦ
1815 1721 1941 1768 τόπου,
1962 1722 2037 1759 Ἵνα
2066 1720 2145 1758 ὅταν
2163 1719 2312 1770 ἀκούσης
2337 1721 2399 1764 τῆς

1373 1781 1533 1835 γυναικὸς
1569 1782 1761 1830 λαλούσης,
1795 1781 1924 1820 'lambe
1949 1785 1966 1820 ὃ
1996 1781 2113 1834 πατὴρ
2143 1784 2242 1831 ἡμῶν
2273 1780 2397 1818 ἔδωκεν

1374 1847 1458 1894 ἡμῖν
1479 1843 1541 1890 τὴν
1567 1843 1684 1894 πηγὴν
1704 1842 1852 1890 ταύτην,
1885 1842 1932 1893 μὴ
1961 1842 2127 1893 ξενισθξς.
2145 1841 2190 1880 ‘O
2208 1841 2274 1893 γὰρ
2295 1840 2398 1882 τόπος

1375 1907 1502 1947 ἐκεῖνος
1521 1900 1562 1952 ἦν
1584 1904 1663 1942 ἔνθα
1683 1905 1769 1957 ὑπὲρ
1786 1907 1848 1950 τῆς
1867 1903 1990 1947 Δείνας
2007 1905 2038 1941 οἳ
2056 1903 2136 1955 περὶ
2162 1904 2219 1942 τὸν
2239 1902 2324 1940 Λευὶ
2340 1901 2398 1940 καὶ

1375 1966 1523 2016 Συμεὼν
1542 1968 1835 2017 ἀγανακτοῦντες,
1855 1964 1913 2003 τὸν
1942 1964 2097 2017 χαλεπὸν
2126 1967 2254 2002 ἐκεῖνον
2280 1962 2399 2015 εἰργά-

1377 2042 1480 2065 σαντο
1498 2027 1611 2079 φόνον.
1631 2026 1743 2071 Ἄξιον
1763 2027 1798 2064 δὲ
1818 2029 1927 2064 εἰπεῖν
1959 2026 2018 2064 καὶ
2037 2024 2139 2063 πόθεν
2160 2027 2191 2062 οἷ
2217 2026 2402 2076 Σαμαρεῖ-

1376 2105 1434 2126 ται
1463 2087 1689 2134 συνέστησαν.
1705 2087 1773 2126 Καὶ
1792 2087 1859 2138 γὰρ
1875 2090 1892 2125 ὃ
1912 2086 2016 2129 τόπος
2044 2081 2140 2128 οἶτος
2165 2085 2256 2128 ἅπας
2276 2086 2401 2136 Σαμά-

1379 2165 1454 2202 ρειοι
1479 2151 1650 2186 καλεῖται.
1671 2148 1783 2186 Πόθεν
1809 2141 1867 2186 οὖν
1901 2147 1963 2194 τὴν
1989 2146 2224 2199 προσηγορίαν
2259 2145 2403 2193 ἔλαὸον;

1376 2211 1495 2261 Σομὸρ
1514 2210 1553 2248 τὸ
1572 2210 1647 2260 ὅρος
1667 2208 1804 2260 ἐλέγετο
1825 2207 1965 2246 ἀπὸτοῦ
1986 2208 2207 2258 κτησαμένου
2219 2237 2228 2254 ,
2244 2206 2402 2259 καθάπερ

1376 2271 1435 2308 καὶ
1448 2268 1594 2313 ἹΙσαίάς
1608 2267 1692 2322 φησί
1707 2269 1743 2293 ·*
1757 2269 1826 2307 Καὶ
1839 2273 1860 2316 ἡ
1879 2268 2012 2321 κεφαλὴ
2025 2268 2206 2319 Σομόρων,
2223 2267 2381 2320 Ἐφραίμ
2394 2283 2401 2291 ·

1377 2333 1453 2369 ἀλλ’
1476 2332 1506 2369 οἱ
1525 2334 1766 2373 κατοικοῦντες
1797 2332 1834 2367 οὗ
1864 2332 2102 2381 Σαμαρεῖται,
2125 2330 2202 2367 ἀλλ’
2223 2328 2403 2380 Ἰσραηλῖ·

1377 2408 1434 2430 ται
1452 2391 1622 2443 ἐλέγοντο.
1643 2390 1777 2442 Χρόνου
1794 2390 1828 2427 δὲ
1848 2389 2050 2441 προϊόντος,
2072 2388 2332 2440 προσέκρουσαν
2353 2391 2403 2441 τῷ

1379 2455 1461 2505 Θεῷ
1474 2468 1481 2475 ·
1517 2452 1576 2490 καὶ
1616 2451 1881 2503 βασιλεύσαντος
1912 2449 2051 2498 (hamt,
2085 2450 2234 2488 ἀνελθὼν
2263 2450 2404 2502 Θεγλὰθ

1379 2513 1576 2565 Φαλασὰρ,
1601 2512 1719 2555 πόλεις
1740 2528 1777 2550 τε
1809 2506 1878 2549 εἷλε
1913 2511 2063 2559 πολλὰς,
2092 2511 2150 2549 καὶ
2185 2510 2327 2549 ἐπέθετο
2353 2513 2402 2563 τῷ

1380 2575 1486 2626 Ἤλᾷ,
1527 2574 1586 2611 καὶ
1616 2573 1747 2611 ἀνελὼν
1772 2572 1886 2617 αὐτὸν,
1908 2571 2017 2617 Ὠσηὲ
2037 2571 2099 2619 τὴν
2122 2571 2301 2622 βασιλείαν
2315 2571 2404 2609 ἔδω-

1380 2652 1450 2675 κεν.
1477 2635 1561 2674 Ἐπὶ
1577 2638 1697 2672 τοῦτον
1713 2633 1820 2672 ἐλθὼν
1849 2637 1866 2671 ὁ
1892 2632 2131 2685 Σαλμανασὰρ
2145 2662 2154 2678 ,
2176 2628 2244 2670 εἷλε
2262 2631 2405 2676 ι)πόλεις

1382 2697 1520 2750 ἑτέρας,
1540 2696 1599 2735 καὶ
1627 2693 1820 2747 ὑποφόρους
1850 2693 1991 2740 ἐποίησε
2011 2693 2069 2731 καὶ
2096 2695 2290 2736 ὑποτελεῖς.
2312 2693 2404 2731 Ἀλλ’

1383 2754 1479 2803 οῧτος
1495 2758 1534 2796 τὸ
1554 2757 1616 2808 μὲν
1637 2758 1773 2808 πρῶτον
1795 2748 1899 2799 εἶξεν·
1922 2755 2064 2806 ὕστερον
2099 2754 2134 2792 δὲ
2169 2753 2304 2799 ἀπέστη
2341 2756 2405 2799 τῆς

1384 2824 1515 2873 ἀρχῆς,
1550 2818 1609 2857 καὶ
1637 2817 1722 2868 πρὸς
1749 2816 1812 2862 τὴν
1832 2818 1900 2852 τῶν
1923 2814 2096 2853 Αἰθιόπων
2116 2813 2287 2865 κατέφυγε
2308 2830 2401 2864 συμ-

1385 2881 1528 2933 μαχίαν.
1547 2880 1665 2930 ’Ἔγνω
1684 2881 1784 2915 τοῦτο
1798 2878 1815 2914 ὁ
1829 2876 2020 2927 Ασσύριος,
2037 2875 2095 2913 καὶ
2117 2874 2402 2927 ἐπιστρατεύσας,

1384 2943 1443 2982 καὶ
1477 2939 1606 2979 ἀνελὼν
1636 2937 1777 2986 αὐτοὺς,
1809 2939 1871 2975 οὐκ
1902 2936 1953 2974 ἔτι
1986 2937 2025 2975 τὸ
2056 2936 2148 2980 ἔθνος
2186 2938 2257 2974 ἐκεῖ
2292 2935 2406 2986 μένειν

1401 3076 1442 3109 de
1459 3086 1532 3118 rege
1548 3071 1743 3113 AEthiopum
1761 3082 1857 3113 quem
1874 3071 1969 3112 ponit
1987 3080 2047 3111 pro
2058 3079 2132 3111 rege
2149 3069 2384 3112 AEgyptiorum
2401 3084 2406 3101 :

1402 3128 1485 3168 hsce,
1500 3129 1652 3169 inquam,
1686 3125 1797 3156 omnia
1822 3134 1889 3154 non
1912 3129 2066 3154 accurate
2083 3120 2173 3153 dieta
2190 3128 2282 3162 sunt3
2301 3118 2357 3151 sed
2376 3126 2410 3150 ut

1405 3191 1472 3212 sese
1490 3178 1593 3210 menti
1609 3173 1838 3208 concionantis
1855 3173 2057 3213 offerebant,
2076 3171 2167 3215 quod
2183 3170 2262 3203 alias
2277 3182 2344 3203 non
2361 3182 2411 3202 se-

1409 3230 1475 3262 mel
1491 3229 1697 3262 observatur.

1454 3283 1470 3307 ¹¹
1491 3280 1604 3314 Morel.
1623 3283 1721 3317 πόλεις
1737 3283 1862 3324 μυρίας,
1887 3281 1935 3310 καὶ
1953 3279 2113 3320 ὐπορόρους
2135 3279 2250 3313 ἐποίησε
2277 3279 2326 3308 καὶ
2342 3277 2408 3309 ὑπο·

1413 3338 1514 3371 τΞλΞῖς.
