2481 3678
254 199 347 261 496
690 217 727 246 s.
765 216 951 247 somnus
987 216 1232 247 cnm'sos‘r.

252 282 506 347 Obliviscatur5
532 296 620 335 dum
645 311 710 350 per
729 297 872 350 rapinas
887 307 920 336 et
938 298 1078 337 fraudes
1098 308 1175 336 tuas
1194 299 1237 336 il-

252 355 315 393 lud
327 356 418 408 agis,
434 366 608 395 uteorum
624 372 762 410 semper
778 358 994 407 recordetur,
1008 359 1096 398 dum
1114 373 1237 412 pecca-

251 426 330 454 tum
354 427 457 456 tuum
479 433 548 456 arae
571 419 779 471 imponitur.
795 421 877 459 Jam
895 434 980 459 vero
1003 434 1073 458 non
1095 420 1163 458 hoc
1185 434 1237 458 so-

252 477 328 515 lum
347 489 531 531 peccatum
555 489 619 528 est,
645 479 708 518 sed
732 479 829 530 quod
847 489 898 517 est
920 480 1078 531 gravius,
1102 490 1238 519 sancto-

104 585 108 590 ·
145 542 242 570 Altam
254 553 336 577 rum
347 540 482 579 animas
511 541 688 591 inquinas.
705 540 782 579 Hoc
803 540 897 578 enim
919 541 1010 593 lapis
1025 549 1090 591 est,
1107 550 1141 579 et
1158 556 1237 580 san-

54 583 125 622 ¹³¹P¹⁵
149 590 219 611 ΜΨ
253 600 431 639 ctificatur
452 617 459 637 :
486 601 556 639 illae
576 610 694 639 autem
720 615 859 653 semper
887 601 1070 639 Christum
1095 602 1236 640 ferunt:

251 672 284 701 et
299 663 408 701 audes
423 672 496 701 tam
511 663 696 701 immunda
718 663 869 701 offerre?
888 663 1056 713 Minime,
1078 664 1216 715 inquies
1224 680 1234 714 5

250 739 320 762 non
334 739 391 762 eas
404 725 571 777 pecunias
587 724 709 773 offero,
727 724 790 763 sed
810 724 908 762 alias.
925 724 1094 763 Ridicula
1113 725 1190 763 haec
1205 733 1238 763 ct

249 786 399 836 nugacia
417 795 510 824 sunt.
531 785 653 823 Nescis
672 785 770 836 quod
784 785 814 823 si
831 785 866 823 in
883 786 1034 823 multam
1048 786 1238 838 pecuniam

250 846 307 884 vel
328 847 424 884 stilla
437 846 620 899 injustitiae
643 845 821 896 inciderit,
846 855 919 885 tota
941 845 1172 897 inquinatur?
1188 848 1238 885 Ut

249 907 344 946 enim
358 908 388 946 si
406 908 485 959 quis
498 908 533 946 in
547 923 679 960 purum
702 909 835 946 fontem
856 909 984 946 fimum
1004 908 1158 960 injiciat,
1182 918 1236 946 to-

250 979 322 1007 tam
344 985 475 1021 aquam
497 970 615 1007 reddit
637 969 860 1008 immundam
883 985 890 1006 :
916 970 965 1008 ita
985 970 1014 1007 si
1038 969 1074 1007 in
1089 970 1236 1009 divitias

77 1037 179 1065 Manus
196 1038 237 1065 la·
251 1033 376 1085 rapina
404 1032 639 1085 ingrediatur,
669 1033 787 1070 omnia
820 1034 940 1070 foetore
966 1033 1103 1084 implet.
1134 1033 1236 1080 Quid

47 1079 357 1149 }'¹}¹’³⁰1{c⁰c¹fg¹jerg0.0
378 1109 504 1132 manus
524 1095 686 1133 lavamus
713 1108 795 1131 cum
817 1094 854 1131 in
874 1093 1058 1132 ecclesiam
1078 1094 1235 1145 ingredi—

47 1164 122 1191 siam
141 1167 232 1192 {nira-
249 1170 343 1204 mur,
359 1170 418 1193 cor
433 1170 516 1193 vero
533 1169 603 1193 non
621 1155 729 1192 item?
743 1169 831 1192 num
846 1169 971 1193 manus
987 1169 1110 1194 vocem
1128 1156 1234 1193 emit-

48 1211 123 1234 ΓΜ·
248 1217 350 1255 tunt?
372 1216 499 1254 Anima
517 1217 626 1255 verba
643 1217 778 1268 profert
801 1231 808 1252 :
828 1215 864 1252 in
889 1215 991 1253 illam
1006 1217 1103 1254 Deus
1122 1217 1234 1268 respi-

246 1278 294 1316 cit
310 1293 317 1314 :
334 1278 394 1315 illa
421 1277 564 1325 foedata,
598 1277 690 1314 nihil
719 1276 864 1329 prodest
893 1276 1052 1328 corporis
1079 1277 1229 1329 puritas.
1254 1282 1278 1311 D

246 1340 336 1387 Quae
359 1339 496 1377 utilitas
516 1338 546 1376 si
570 1352 696 1375 manus
711 1337 902 1375 exteriores
926 1338 1120 1390 abstergas,
1140 1338 1229 1377 inte-

243 1401 352 1440 riores
374 1416 457 1440 vero
483 1401 642 1452 impuras
674 1399 876 1450 relinquas?
897 1399 997 1437 Illud
1024 1414 1132 1451 grave
1161 1409 1226 1449 est,

242 1465 335 1503 illud
349 1464 466 1503 omnia
480 1463 667 1513 subvertit,
689 1462 786 1514 quod
803 1477 916 1515 parva
948 1477 1029 1500 cum
1047 1473 1142 1501 metu
1166 1478 1228 1502 cu-

241 1536 369 1575 rantes,
386 1540 513 1577 magna
528 1535 804 1563 contemnamus.
823 1524 938 1562 lllotis
956 1533 1048 1562 certe
1064 1525 1227 1564 manibus

240 1602 339 1626 orare
353 1588 559 1626 indifferens
579 1597 646 1637 est3
664 1587 764 1624 illota
783 1601 868 1624 vero
885 1586 1110 1635 conscientia,
1132 1587 1226 1626 illud

239 1659 290 1687 est
323 1650 482 1688 omnium
519 1649 695 1686 malorum
731 1648 974 1685 deterrimum.
1010 1648 1105 1686 Audi
1135 1649 1224 1700 quid

238 1710 376 1748 dictum
389 1711 435 1749 sit
455 1710 606 1761 Judaeis,
630 1709 752 1747 detali
775 1709 1005 1747 immunditia
1024 1710 1187 1749 sollicitis
1212 1728 1219 1749 τ

31 1786 95 1813 Jer.
116 1784 144 1823 4,
176 1783 221 1825 14,
238 1773 347 1811 Lava
361 1786 386 1810 (ι
403 1773 557 1810 malitia
573 1786 638 1810 cor
654 1780 775 1809 tuum.
796 1772 990 1821 Quousque
1012 1781 1115 1809 erunt
1134 1773 1170 1810 in
1191 1782 1223 1812 te

236 1833 465 1884 cogitationes
498 1833 661 1870 laborum
686 1831 855 1869 tuorum?
882 1832 1061 1870 Lavemus
1089 1841 1121 1869 et
1144 1846 1220 1882 nos,

234 1910 302 1933 non
319 1896 408 1945 luto,
425 1895 487 1932 sed
499 1909 590 1945 aqua
604 1908 709 1946 pura,
723 1893 958 1945 eleemosyna,
975 1907 1044 1930 non
1057 1894 1219 1932 avaritia.

234 1957 338 1994 Prius
354 1971 373 1993 a
396 1956 520 2007 rapina
539 1955 690 2002 abstine,
707 1963 741 1991 et
756 1963 841 1991 tunc
863 1954 1123 2005 eleemosynam
1148 1955 1222 1992 lar-

32 2035 121 2063 Psaz.
146 2034 195 2064 35,
234 2020 319 2071 gire.
342 2019 568 2058 Declinemus
582 2032 602 2055 a
621 2017 728 2065 malo,
745 2026 778 2054 et
794 2016 965 2054 faciamus
977 2017 1124 2054 bonum.
1140 2019 1219 2056 Ma-

31 2084 82 2116 27·
234 2095 299 2119 nus
326 2095 444 2119 coerce
465 2095 485 2117 a
508 2079 649 2132 rapina,
676 2088 709 2116 et
737 2078 788 2116 sic
810 2092 866 2115 eas
890 2078 934 2115 ad
960 2078 1220 2134 eleemosynam
1261 2106 1268 2116 ,

32 2117 220 2188 ῃ-ηξιέξηίἓῖ
234 2144 387 2196 porrige.
412 2142 451 2181 Si
474 2155 559 2180 vero
582 2141 709 2178 iisdem
728 2139 892 2177 manibus
908 2139 995 2177 alios
1008 2139 1218 2191 spoliemus,

31 2210 96 2237 ΡΜ
128 2202 218 2229 scelus
232 2205 371 2243 etiamsi
388 2217 457 2241 non
481 2217 526 2240 ex
551 2201 680 2239 ablatis
704 2201 793 2238 alios
816 2200 1022 2247 induamus,
1038 2213 1150 2250 neque
1169 2201 1220 2238 sic

33 2251 84 2270 (¹52.

232 2265 450 2319 supplicium
483 2263 706 2314 effugiemus.
745 2262 804 2299 Sic
838 2261 933 2298 enim
956 2261 1220 2313 propitiationis

231 2327 377 2366 materia
400 2325 540 2364 sceleris
578 2337 718 2374 qnoque
732 2322 878 2359 materia
895 2331 956 2359 est.
973 2322 1104 2360 Melius
1127 2331 1218 2361 certe

229 2399 281 2427 est
312 2403 381 2427 non
397 2385 568 2433 misereri,
609 2399 717 2435 quam
748 2383 799 2421 sic
829 2383 998 2421 misereri.
1032 2383 1218 2435 Siquidem
1233 2418 1280 2444 434

1244 2457 1269 2484 Α
1294 2445 1364 2483 τοῖς
1391 2439 1424 2482 ἐξ

231 2451 341 2489 Caino
364 2449 490 2488 melius
505 2447 628 2485 fuisset
649 2445 896 2497 nihilprorsus
908 2445 1045 2483 offerre.
1069 2445 1109 2483 Si
1134 2459 1216 2484 vero

230 2513 292 2563 qui
320 2512 459 2549 minora
491 2509 637 2557 obtulit,
666 2509 783 2545 Deum
815 2506 987 2555 irritavit3
1017 2505 1079 2557 qui
1102 2506 1216 2545 aliena

229 2574 303 2619 dat,
316 2572 495 2625 quomodo
514 2585 581 2610 non
597 2569 829 2623 provocabit?
852 2569 930 2620 Ego
951 2568 1019 2606 tihi
1041 2568 1121 2607 dixi
1137 2600 1146 2617 ,
1164 2568 1215 2607 in-

229 2635 322 2686 quit,
354 2636 405 2672 Ne
438 2633 572 2686 rapias3
598 2640 631 2669 et
661 2640 700 2668 tu
730 2644 785 2667 me
814 2643 858 2667 ex
895 2629 1005 2681 raptis
1037 2629 1216 2668 honoras?

231 2695 320 2746 qnid
342 2694 547 2731 existimas?
570 2706 612 2729 an
628 2706 684 2729 me
697 2690 754 2728 his
767 2689 962 2728 delectari?
985 2689 1088 2728 Dicet
1104 2690 1215 2741 igitur

31 2763 116 2792 Psnl.
135 2763 185 2804 49.
229 2756 295 2794 tibi
315 2771 322 2791 τ
341 2757 586 2792 Eristimasti
610 2755 753 2804 inique,
777 2752 881 2803 quod
893 2764 957 2788 ero
985 2753 1041 2788 tui
1059 2751 1210 2789 similis.

28 2813 81 2833 ²¹·
229 2816 409 2868 Arguam
435 2823 482 2859 ze,
511 2822 545 2850 et
572 2821 743 2849 statuam
775 2818 912 2848 contra
931 2811 1085 2863 faciem
1107 2819 1213 2849 tuam

225 2885 387 2929 peccata
407 2883 487 2912 tua.
511 2873 581 2910 Sed
601 2873 691 2910 absit
717 2881 756 2909 ut
775 2872 855 2923 quis
875 2872 982 2908 talem
1002 2870 1121 2909 audiat
1145 2886 1211 2910 vo—

228 2953 324 2987 cem,
345 2950 468 2975 verum
494 2934 630 2971 utinam
654 2942 732 2984 post
750 2946 857 2984 puras
883 2941 1044 2983 erogatas
1063 2932 1212 2970 eleemo-

225 3014 345 3052 synas,
373 3012 454 3035 cum
477 2994 672 3047 splendidis
692 2993 931 3045 lampadibus,
957 2993 993 3030 in
1013 2993 1211 3032 thalamum

226 3059 480 3113 ingrediamur,
509 3054 620 3107 gratia
638 3063 670 3092 ct
692 3054 909 3105 benignitate
932 3053 1076 3092 Domini
1100 3054 1209 3091 nostri

267 3196 279 3207 ¹
298 3195 302 3234 Ι
323 3197 413 3231 alr-131
430 3202 445 3223 e
463 3188 571 3223 Codd.
593 3187 712 3221 nostris
731 3194 762 3217 et
780 3184 879 3217 Saxil.
902 3183 1081 3225 additum]

263 3254 274 3266 ‘
290 3245 351 3278 Alii
370 3249 544 3289 προσφέρει.
1186 3287 1192 3294 ’

261 3300 278 3324 ⁴¹·
295 3295 450 3331 Nonnulli
472 3303 578 3329 κακῶν.
603 3297 650 3327 διὰ
666 3295 753 3326 τοῦτο
778 3295 824 3323 καὶ
841 3290 942 3323 Ῑουό...
964 3293 991 3322 τί
1007 3304 1098 3330 φησιν.
1120 3289 1226 3329 [lutra

215 3350 322 3383 (Jodd.
343 3349 444 3382 nostri
465 3356 494 3380 et
515 3357 617 3388 marg.
638 3343 736 3377 Saxil.
757 3345 970 3383 &mmo-myssa
989 3345 1079 3375 τοίνυν
1094 3347 1136 3382 μὴ
1153 3346 1228 3384 βορ-

216 3405 322 3447 ‘isne-l

1275 217 1492 247 ARCfflEr.

1532 218 1891 250 CONSTANTtNoP.

1311 299 1428 337 θέσθαι
1449 293 1495 337 ὧν
1516 305 1625 343 ποιεῖς
1644 303 1781 339 κακῶν·
1803 302 1902 346 αὐτὸς
1921 302 1955 340 δὲ
1973 302 2017 340 δι’
2036 296 2082 341 ὧν
2099 309 2208 349 ποιεῖς
2225 305 2338 357 ἁρπά-

1310 362 1376 404 ζων
1405 360 1464 398 καὶ
1493 362 1723 408 πλεονεκτῶν,
1744 363 1803 400 καὶ
1834 362 2111 415 παρασκευάζεις
2141 369 2339 416 μεμνῆσθαι

1312 422 1497 468 διηνεκῶς,
1518 422 1684 466 ἐπιτιθείς
1703 439 1762 461 σου
1789 423 1852 471 τὴν
1872 424 2045 476 ἁμαρτίαν
2078 426 2135 463 ἐπὶ
2160 426 2199 464 τὸ
2220 430 2341 466 θυσια-

1312 482 1464 535 στήριον.
1481 484 1552 522 Νῦν
1567 482 1602 521 δὲ
1614 484 1651 521 οὖ
1662 488 1763 522 τοῦτο
1775 484 1876 535 μόνον
1888 485 1962 522 ἐστὶ
1975 484 2014 522 τὸ
2023 485 2232 538 ἁμάρτημα,
2248 487 2338 526 ἀλλὰ

1312 543 1370 581 καὶ
1391 543 1430 581 τὸ
1444 543 1563 582 τούτου
1582 543 1840 597 χαλεπώτερον,
1857 545 1911 584 ὅτι
1932 545 1993 589 τὰς
2011 550 2080 585 τῶν
2105 547 2211 598 ἁγίων
2233 548 2339 598 μολύ-

1313 620 1379 647 νεις
1398 605 1526 657 ψυχάς.
1548 607 1662 643 Τοῦτο
1679 605 1740 656 μὲν
1760 606 1827 660 γὰρ
1845 606 1938 651 λίθος
1957 607 2049 653 ἐστὶ,
2065 608 2124 646 καὶ
2139 609 2337 660 ἁγιάζεται·

1312 666 1440 703 ἐκεῖναι
1461 665 1496 703 δὲ
1516 666 1573 704 διὰ
1587 666 1714 710 παντὸς
1734 668 1833 705 αὐτὸν
1854 666 1995 720 φέρουσι
2013 669 2070 707 τὸν
2092 668 2261 720 Χριστόν·
2278 670 2338 708 καὶ

1311 729 1441 779 τολμᾷς
1459 729 1529 766 ἐκεῖ
1544 727 1695 779 πέμπειν
1713 729 1782 767 ἀπὸ
1796 727 1958 776 τοιαύτης
1977 729 2208 781 ἀκαθαρσίας,
2228 730 2333 783 Οὐχὶ,

1312 788 1437 840 φησίν·
1472 790 1532 826 οὐκ
1554 789 1640 827 αὐτὰ
1669 790 1712 828 τὰ
1741 790 1934 842 χρήματα,
1963 791 2039 828 ἀλλ’
2069 790 2183 843 ἕτερα.
2219 791 2336 836 Γέλως

1310 854 1419 888 ταῦτα
1435 849 1495 887 καὶ
1513 852 1631 902 λῆρος.
1651 851 1726 888 Οὐκ
1744 845 1854 896 οἶδας,
1876 850 1929 889 ὅτι
1946 850 2009 889 κᾶν
2030 853 2076 895 εἷς
2100 850 2188 890 πολὺ
2206 853 2337 899 πλῆθος

1309 910 1501 962 χρημάτων
1519 914 1580 957 τῆς
1601 912 1736 957 ἀδικίας
1759 912 1895 964 ἐμπέσῃ
1917 913 2031 965 ῥανὶς,
2050 913 2165 951 πάντα
2190 913 2336 965 μολύνε-

1309 987 1366 1008 ται
1384 987 1393 1017 ;
1417 972 1583 1024 Καθάπερ
1600 968 1657 1010 οὖν
1678 975 1725 1016 εἷς
1746 973 1862 1024 πηγὴν
1885 973 2038 1026 καθαρὰν
2061 973 2188 1026 κόπρον
2206 991 2256 1018 τις
2273 977 2334 1025 ἐμ-

1310 1032 1440 1080 8αλὼν,
1465 1040 1581 1071 πᾶσαν
1605 1035 1623 1053 *
1639 1034 1744 1080 αὐτὴν
1778 1034 1972 1086 ἀκάθαρτον
2004 1035 2190 1089 εἰργάσατο
2205 1051 2212 1058 ·
2243 1035 2333 1074 οὕτω

1309 1093 1368 1130 καὶ
1390 1095 1425 1131 ἐν
1441 1093 1579 1145 πλούτῳ
1599 1094 1778 1138 πλεονεξία
1797 1111 1848 1138 τις
1869 1097 2087 1144 εἰσελθοῦσα,
2110 1096 2225 1134 πάντα
2242 1100 2332 1135 ἀπο-

1306 1160 1402 1191 πνεῖν
1430 1160 1523 1191 ποιεῖ
1551 1157 1614 1199 τῆς
1642 1157 1769 1192 ἐκεῖθεν
1798 1155 1977 1198 δυσωδίας.
2005 1150 2096 1194 Εἶτα
2122 1163 2242 1209 χεῖρας
2268 1157 2328 1207 μὲν

1306 1214 1521 1265 νιπτόμεθα,
1549 1217 1595 1257 εἷς
1623 1214 1811 1262 ἐκκλησίαν
1839 1215 2022 1259 εἰσιόντες·
2043 1216 2104 1262 τὴν
2129 1216 2163 1255 δὲ
2186 1218 2330 1270 καρδίαν

1305 1275 1437 1321 οὐκέτις
1468 1275 1531 1323 Μὴ
1549 1275 1617 1328 γὰρ
1640 1277 1673 1313 αἱ
1695 1281 1809 1329 χεῖρες
1829 1276 1944 1329 φωνὴν
1969 1279 2110 1329 ἀφιᾶσιν
2126 1278 2204 1328 ;,“Η
2235 1279 2331 1331 ψυχὴ

1304 1338 1498 1391 ρπροφείῑει
1524 1337 1569 1376 τὰ
1601 1337 1760 1390 ῥήματα·
1789 1340 1836 1382 εἷς
1858 1338 1991 1386 ε’κείνην
2019 1341 2036 1376 ὁ
2064 1339 2153 1383 Θεὸς
2177 1343 2330 1393 καθορᾷ·

1303 1398 1398 1437 οὐδὲν
1416 1399 1466 1436 δεῖ
1488 1402 1549 1446 τῆς
1566 1402 1625 1436 τοῦ
1656 1398 1817 1449 σώματος
1837 1398 2094 1451 καθαρότητος,
2113 1399 2244 1448 ἐκείνης
2265 1417 2330 1451 μ.-

1302 1461 1531 1511 μολυσμε-’νης.
1547 1461 1594 1499 Τί
1609 1460 1677 1512 γὰρ
1692 1460 1831 1512 ὄφελος,
1854 1460 1892 1499 ἂν
1912 1460 1975 1504 τὰς
1990 1461 2111 1505 ἔξωθεν
2129 1461 2190 1513 μὲν
2210 1469 2330 1514 χεῖρας

1302 1522 1508 1574 ἀποσμήξῃς
1523 1553 1531 1569 ,
1562 1522 1624 1566 τὰς
1645 1522 1679 1560 δὲ
1706 1521 1799 1560 ἔνὸον
1821 1522 2035 1574 ἀκαθάρτους
2060 1522 2164 1574 ἔχῃς;
2188 1524 2240 1562 Τὸ
2258 1523 2325 1575 γὰρ

1301 1584 1407 1623 δεινὸν
1430 1583 1488 1621 καὶ
1513 1584 1629 1622 πάντα
1659 1584 1863 1637 ἀνατρέπον,
1892 1583 1991 1622 τοῦτό
2011 1586 2101 1631 ἐστι,
2121 1584 2173 1622 ὅτι
2201 1584 2244 1623 τὰ
2265 1601 2327 1636 μι-

1299 1645 1367 1695 κρὰ
1387 1644 1594 1693 δεδοικότες,
1614 1648 1682 1683 τῶν
1701 1645 1860 1696 μεγάλων
1877 1648 2172 1696 καταφρονοῦμεν.
2196 1646 2247 1683 Τὸ
2264 1645 2326 1696 μὲν

1299 1700 1356 1744 οῧν
1376 1706 1531 1750 ἀνίπτοις
1558 1707 1676 1758 χερσὶν
1699 1706 1886 1753 εὔξασθαι,
1914 1706 2117 1757 ἀδιάφορον·
2138 1706 2178 1744 τὸ
2196 1706 2231 1744 δὲ
2250 1707 2324 1744 ἀνίυ

2236 1765 2323 1805 ακα-

1297 1783 1373 1819 πτῳ
1394 1767 1546 1820 διανοίᾳ,
1563 1765 1663 1806 τοῦτό
1681 1769 1754 1805 ἐστι
1770 1767 1809 1805 τὸ
1826 1766 1966 1804 πάντων
1985 1766 2131 1817 ἔσχατον
2147 1768 2216 1804 τῶν

1297 1832 1378 1866 κῶν.
1403 1827 1566 1868 Ἄκουσον
1589 1828 1648 1866 καὶ
1669 1827 1846 1871 Ἰουδαίοις
1868 1833 1938 1870 τοῖς
1965 1827 2044 1878 περὶ
2072 1827 2134 1871 τὰς
2163 1827 2324 1871 τοιαύτας

1297 1889 1511 1943 ἀκαθαρσίας
1546 1889 1821 1941 ἠσχολημένοις,
1854 1888 1888 1926 τί
1918 1887 2077 1941 εἴρηται,
2109 1888 2323 1927 Ἀπόπλυναι

1296 1952 1364 1990 ἀπὸ
1391 1951 1516 1994 κακίας
1535 1950 1598 1997 τὴν
1618 1951 1761 2005 καρδίαν
1793 1966 1868 1988 σου.
1897 1950 1990 1994 ἽΞως
2007 1949 2090 1988 πότε
2112 1949 2247 1988 ἔσονταί
2270 1966 2325 1989 σοι

1296 2012 1514 2064 διαλογισμοὶ
1532 2012 1645 2050 πόνων
1663 2027 1744 2060 σου,
1763 2010 2031 2062 Ἀποπλύνωμεν
2052 2010 2110 2048 καὶ
2132 2015 2253 2063 ἡμεῖς,
2274 2012 2322 2062 μὴ

1297 2074 1475 2126 βορὲόρῳ,
1498 2075 1574 2112 ἀλλ’
1607 2073 1705 2111 ὕδατι
1735 2075 1895 2125 καθαρῷ,
1922 2072 2159 2124 ἐλεημοσύνη,
2184 2073 2242 2110 καὶ
2271 2073 2321 2123 μὴ

1294 2135 1486 2188 πλεονεξίᾳ.
1507 2137 1654 2187 Πρῶτον
1668 2133 1890 2186 ἀπαλλάγηθι
1902 2137 1960 2172 τοῦ
1976 2132 2152 2185 ἁρπάζειν,
2170 2133 2228 2171 καὶ
2244 2133 2324 2172 τότε

1295 2195 1463 2239 Ξπίδειξαι
1490 2195 1551 2243 τὴν
1572 2195 1818 2246 ἐλεημοσύνην.
1840 2195 2077 2246 Ἐκκλίνωμεν
2100 2195 2168 2233 ἀπὸ
2190 2200 2318 2242 κακοῦ,

1294 2256 1352 2294 καὶ
1372 2257 1574 2306 ποιήσωμεν
1595 2256 1735 2306 ἀγαθόν.
1760 2257 1897 2301 Στῆσον
1918 2255 1980 2298 τὰς
1996 2261 2116 2306 χεῖρας
2146 2256 2215 2293 ἀπὸ
2233 2258 2320 2294 πλε-

1294 2317 1444 2365 ονεξίας,
1473 2317 1530 2355 καὶ
1551 2316 1658 2360 οὕτως
1678 2315 1782 2359 αὐτὰς
1803 2316 1860 2354 ἐπὶ
1886 2315 1948 2362 τὴν
1980 2315 2215 2366 ἐλεημοσύνην
2245 2317 2320 2369 ὀίγε.

1297 2376 1380 2416 8Ἂν
1400 2377 1436 2415 δὲ
1458 2382 1534 2421 ταῖς
1562 2378 1681 2421 αὐταῖς
1701 2377 1825 2420 ἄλλους
1845 2376 2086 2427 ἀποδύσωμεν,
2119 2379 2150 2414 εἰ
2177 2377 2235 2415 καὶ
2269 2378 2317 2429 μὴ

1458 2438 1596 2477 ἐκείνων
1628 2438 1865 2490 ἀφῃρημένοις
1900 2437 2083 2489 ἐνδύωμεν,
2119 2438 2193 2477 οὐδὲ
2227 2439 2319 2479 οὕτω

1294 2500 1523 2553 διαφεύγομεν
1563 2499 1625 2546 τὴν
1665 2498 1822 2537 κόλασιν.
1866 2498 1911 2536 ‘ll
1948 2499 2014 2550 γὰρ
2061 2498 2220 2543 ὑπόθεσις
2259 2506 2318 2540 τοῦ

1294 2563 1441 2612 ἱλασμοῦ
1473 2561 1587 2606 πάσης
1615 2558 1856 2610 πλημμελείας
1885 2559 2043 2603 ὑπόθεσις
2070 2560 2213 2610 γίνεται.
2245 2562 2318 2599 Τοῦ

1292 2622 1359 2674 γὰρ
1379 2621 1486 2664 οὕτως
1509 2623 1613 2659 ἐλεεῖν
1630 2620 1669 2658 τὸ
1687 2620 1734 2671 μὴ
1756 2622 1860 2658 ἐλεεῖν
1877 2627 2044 2673 κρεῖττον.
2065 2621 2168 2658 Ἐπεὶ
2188 2621 2247 2659 καὶ
2268 2625 2318 2673 τῷ

1293 2683 1381 2721 Κάϊν
1404 2682 1537 2734 βέλτιον
1556 2676 1598 2728 ἦν
1620 2681 1707 2732 μηδὲ
1726 2681 1814 2724 ὅλως
1833 2687 2086 2733 προσενεγκεῖν.
2107 2683 2150 2720 Εἰ
2175 2681 2210 2720 δὲ
2235 2685 2252 2720 ὃ
2273 2684 2317 2721 τὰ

1291 2745 1424 2782 ἐλάττω
1445 2742 1592 2792 κομίσας
1606 2773 1615 2789 ,
1636 2741 1692 2780 τὸν
1711 2742 1800 2779 (θεὸν
1819 2741 2034 2793 παρώξυνεν·
2053 2744 2069 2779 ὁ
2089 2741 2133 2778 τὰ
2151 2742 2317 2794 ἀλλότρια

1291 2805 1401 2849 διδοὺς
1415 2836 1424 2852 ,
1444 2807 1516 2846 πῶς
1536 2806 1572 2841 οὔ
1594 2802 1798 2855 παροξυνεῐ;
1822 2802 1916 2853 Ἐγώ
1932 2817 1984 2840 σοι
2004 2795 2112 2849 εἷπον,
2137 2803 2221 2854 φησὶ
2234 2833 2243 2850 ,
2264 2804 2312 2854 μὴ

1290 2867 1475 2920 ἁρπάζειν·
1499 2865 1558 2902 καὶ
1573 2864 1611 2903 σύ
1636 2880 1679 2914 με
1694 2863 1728 2907 ἐξ
1751 2866 1862 2901 αὐτῶν
1877 2869 1999 2914 τιμᾷς;
2019 2863 2051 2899 τί
2078 2862 2244 2912 νομίζεις,
2263 2864 2315 2902 ὅτι

1288 2929 1418 2979 ἥδομαι
1437 2927 1588 2972 τούτοις,
1605 2927 1740 2963 Οὐκοῦν
1759 2926 1827 2976 ἐρεῖ
1842 2924 1926 2975 πρὸς
1944 2923 1982 2961 σε’
1994 2939 2001 2946 ·
2022 2923 2218 2968 Ὑπέλαὸες
2237 2927 2314 2962 ἀνο-

1290 2990 1387 3041 μίαν,
1409 2988 1461 3026 ὅτι
1479 2986 1603 3037 ἔσομαί
1624 3001 1677 3023 σοι
1706 2984 1836 3034 ὅμοιος.
1858 2984 2011 3035 Ἰζλέγξω
2032 3000 2089 3029 σε,
2112 2985 2170 3022 καὶ
2191 3001 2311 3036 παρα-

1288 3051 1404 3097 στήσω
1422 3047 1512 3088 κατὰ
1536 3045 1721 3098 πρόσωπόν
1746 3060 1804 3082 σου
1831 3044 1891 3087 τὰς
1912 3045 2086 3096 ἁμαρτίας
2117 3060 2186 3083 σου.
2210 3044 2313 3082 Ἀλλὰ

1340 3177 1581 3218 =Manuscripti
1608 3175 1704 3206 multi
1729 3181 1763 3208 οὲν
1791 3177 1821 3207 δὲ
1854 3182 1915 3211 ταῖς
1947 3177 2049 3211 aja-az,-
2080 3176 2145 3210 τοὺς
2173 3178 2309 3215 πτωχοὺς

1295 3235 1480 3275 auctoratam,
1494 3229 1544 3263 vel
1559 3231 1762 3270 ἀποδύσωμεν.
1782 3224 1872 3257 Ed‘n'i
1899 3228 2003 3262 ἄλλους
2020 3227 2203 3267 ἀποδὺωμεν.
2226 3226 2303 3257 Mox

1296 3291 1514 3330 ἀφῃρημένοις,
1534 3280 1588 3314 alii
1605 3283 1771 3322 διδομένοις.
1798 3276 1897 3310 Paulo
1921 3283 1996 3318 post
2014 3275 2091 3310 Mss.
2119 3288 2184 3310 non
2207 3277 2304 3319 pauci

1296 3343 1355 3373 ἐπεὶ
1373 3343 1420 3371 nx}
1439 3341 1452 3371 e>
1471 3341 1540 3369 Κάϊν
1557 3337 1682 3377 βελτίων
1700 3336 1731 3370 ἦν
1748 3334 1823 3373 μηδὲ
1840 3333 1912 3368 ὅλως
1930 3338 2143 3373 πρθσενεγκών.
