2481 3678
281 202 368 248 292
719 204 756 235 S.
794 205 971 235 JOANMS
1006 206 1251 237 CHRYSOST.

266 285 450 336 faciunt,
479 286 546 322 sed
573 288 639 337 qui
671 286 835 324 laudant
852 288 1062 339 facientes.
1096 288 1257 327 Fortasse

278 344 395 382 acrius
424 359 488 383 vos
515 345 720 383 incessimus
729 362 740 396 5
766 347 828 384 sed
853 347 881 384 si
919 361 981 385 nos
1002 361 1072 386 non
1103 348 1254 387 incessa-

278 419 369 454 mus,
389 406 564 458 supplicia
593 416 734 444 manent
752 421 809 445 eos
829 408 888 458 qui
924 422 1118 460 numquam
1139 424 1256 448 emen-

278 466 419 505 dantur.
454 467 550 513 Quid
581 468 725 520 juvaret
758 482 821 507 vos
849 469 1001 519 gratiose
1036 471 1182 522 alloqui,
1204 486 1256 509 re—

276 527 352 579 ipsa
374 528 550 580 supplicio
569 537 714 580 propter
737 542 841 580 opera
863 530 1094 569 afficiendos?
1115 532 1255 570 Laudas

274 589 471 638 saltantem,
492 590 657 637 celebras,
678 590 847 628 miraris?
867 590 963 643 Ergo
990 592 1051 630 illo
1078 595 1190 633 factus
1219 609 1254 632 es

273 648 434 686 deterior.
450 650 558 688 Illum
573 659 762 702 paupertas
781 665 949 690 excusare
961 653 1113 703 videtur,
1130 655 1252 693 ctiam-

270 709 298 746 si
318 724 386 746 non
409 710 513 762 culpa
530 711 576 748 sit
596 711 785 761 immunis;
809 721 846 749 tu
873 727 957 751 vero
977 715 1082 753 etiam
1102 717 1168 754 hac
1186 717 1249 754 de-

270 770 426 808 fensione
452 785 560 809 cares.
580 772 689 809 Illum
708 772 738 809 si
757 772 981 825 interrogem,
1000 775 1071 813 Cur
1092 777 1172 815 aliis
1196 793 1251 816 re-

269 830 362 868 lictis
393 832 539 881 artibus,
561 833 651 871 hanc
666 833 845 886 impuram
864 844 897 872 et
922 838 1177 876 exsecrandam
1197 854 1249 877 se-

268 892 397 930 ctaris?
424 893 662 945 lespondebit,
682 894 778 942 Quia
804 910 950 948 possum
981 911 1093 949 parvo
1126 899 1250 939 labore

1292 208 1493 237 Auelssssl’.

1533 207 1862 239 CONSTANrffioP
1871 230 1879 240 .

1325 288 1448 332 κακίας
1463 288 1645 342 παρέχειν,
1663 290 1723 327 καὶ
1749 290 1836 343 ὑπὲρ
1861 284 1908 330 ὧν
1940 291 2096 336 κολάζειν
2128 295 2245 344 ἐχρῆν,
2259 293 2345 346 ὑπὲρ

1301 349 1452 388 τούτων
1467 357 1572 402 τιμᾷν
1586 368 1595 398 ,
1610 350 1722 390 (Ὅταν
1744 352 1779 390 δὲ
1799 353 1859 391 καὶ
1884 353 2051 406 ὀρφανοὺς
2083 353 2255 402 ἀποδύων,
2285 355 2345 392 καὶ

1325 412 1465 465 *χήρας
1491 413 1633 460 ἀδικῶν,
1653 412 1782 465 τρέφῃς
1810 413 2005 465 ἀσέλγειαν,
2039 414 2198 461 ἐννόησον
2225 414 2346 460 ἡλίκον

1323 479 1392 516 τοῖς
1411 478 1519 511 ταῦτα
1539 475 1712 524 τολμῶσιν
1745 474 1842 512 ἔσται
1867 475 1907 512 τὸ
1928 478 2008 527 πῦρ.
2040 473 2204 512 Ἄκουσον
2225 475 2258 512 τί
2280 491 2345 527 φη-

1322 549 1374 571 σιν
1393 537 1411 572 ὃ
1432 535 1589 577 Παῦλος·
1610 536 1662 572 Οὐ
1680 533 1781 584 μόνον
1799 534 1886 572 αὐτὰ
1905 539 2072 581 ποιοῦσιν,
2087 535 2177 573 ἀλλὰ
2193 535 2252 573 καὶ
2267 552 2346 574 συν,

1322 595 1497 634 ευδοκοῦσι
1519 601 1589 638 τοῖς
1605 595 1811 648 πράσσουσι.
1828 595 1935 647 Τάχα
1951 597 2105 648 σφοδρῶς
2123 599 2220 647 ὑμῶν
2235 601 2344 643 καθη·

1322 655 1479 707 ψάμεθα,
1501 655 1591 694 ἀλλὰ
1610 654 1673 693 κᾶν
1706 659 1806 706 ημεῖς
1835 655 1883 706 μὴ
1920 656 2182 708 καθαψώμεθα,
2216 659 2251 694 αἱ
2286 657 2343 695 διὰ

1321 720 1388 755 τῶν
1418 718 1634 793 πραγμάτων
1669 717 1807 768 μένουσι
1842 716 2009 768 τιμωρίαι
2037 716 2115 761 τους
2147 717 2342 770 ἀδιόρθωτα

1319 778 1592 831 ἁμαρτάνοντας.
1611 778 1659 817 Ιί
1684 782 1740 817 οὐν
1764 778 1882 831 ὄφελος
1910 780 1944 816 ἐν
1965 784 2035 822 τοῖς
2055 778 2170 830 λόγοις
2200 779 2342 832 χαρίζε-

1318 843 1397 877 σθαι
1421 846 1490 884 τοῖς
1513 839 1569 878 διὰ
1584 843 1652 878 τῶν
1686 840 1794 915 ἔργων
1817 840 2026 884 κολάζεσθαι
2048 839 2136 890 μελλ
2139 855 2230 887 ουσι,
2252 841 2340 878 Συν-

1320 901 1468 944 ευδοκεῑς
1503 903 1553 938 τῦ
1584 901 1806 954 ὀρχουμένῳ,
1846 903 1996 944 ἐπαινεῖς
2040 917 2100 938 και
2135 901 2340 951 θαυμάζεις,

265 953 420 991 multum
437 954 578 992 lutrari.
602 956 656 992 Tc
676 969 761 994 v·eio
791 956 819 992 si
851 956 1076 1008 interrogem,
1093 959 1166 996 Cui
1197 960 1604 1015 la-254013x0'13v’sxeivoo
1619 961 1761 1013 γέγονας
1777 960 1915 1014 χείρων.
1936 963 1998 999 lo)
2022 960 2084 1011 μὲν
2105 960 2173 1013 γαρ
2196 964 2218 1007 ἥ
2239 961 2342 999 πενία

264 1012 403 1052 scivum
422 1015 574 1063 miraris,
594 1016 657 1066 qui
684 1016 729 1053 ad
762 1017 955 1054 multorum
974 1019 1166 1069 perniciem
1187 1021 1244 1059 vi-
1269 1028 1293 1055 ’λ
1319 1020 1525 1095 συγγνώμην
1547 1021 1698 1095 δίδωσιν,
1719 1024 1748 1059 εἷ
1764 1037 1823 1059 και
1843 1020 1944 1071 λόγον
1971 1024 2031 1059 οὐκ
2058 1021 2224 1073 ἔχουσαν·
2246 1038 2285 1060 συ
2304 1021 2340 1060 δὲ

262 1086 335 1114 tam
354 1077 479 1114 ducit?
507 1091 575 1114 non
596 1077 725 1128 poteiis
743 1077 791 1114 ad
813 1078 973 1115 eamdem
1005 1079 1245 1120 defensionem

262 1138 462 1188 confugere,
482 1137 542 1174 sed
562 1137 696 1187 cogeris
725 1137 878 1175 demisso
898 1139 1001 1176 vultu
1028 1141 1242 1180 erubescere.

261 1198 368 1244 Quod
395 1198 424 1234 si
453 1198 555 1234 nobis
575 1197 747 1235 rationem
776 1198 1015 1249 exigentibus,
1043 1214 1086 1238 ne
1113 1204 1245 1241 mutire

259 1259 404 1310 quidem
429 1269 526 1312 potes
534 1276 546 1310 ,
564 1259 705 1310 quando
727 1259 945 1298 horrendum
964 1261 1057 1299 illud
1076 1272 1108 1300 et
1134 1264 1245 1305 inevi-

256 1321 365 1358 tabile
382 1321 539 1358 tribunal
563 1321 761 1374 apparebit,
786 1321 846 1358 ubi
873 1331 906 1359 et
933 1322 1191 1373 cogitationum
1211 1336 1244 1364 et

255 1391 398 1418 actuum
418 1382 592 1419 reddituri
613 1396 735 1419 sumus
748 1382 930 1431 rationem,
950 1384 1128 1434 quomodo
1150 1395 1241 1426 stare

253 1442 470 1494 poterimus?
499 1443 631 1494 quibus
659 1443 771 1481 oculis
793 1443 951 1495 judicem
980 1446 1240 1497 respiciemus?

252 1501 342 1551 quid
377 1501 567 1540 dicemus?
597 1516 705 1551 quam
728 1501 967 1540 defensionem
994 1505 1237 1555 proferemus?

249 1577 355 1613 quam
387 1563 647 1601 excusationem
672 1572 806 1615 aptam,
832 1563 987 1615 ineptam
1003 1564 1238 1606 habebimus?

250 1638 294 1660 an
314 1638 376 1661 nos
395 1624 434 1661 id
451 1625 565 1661 facere
582 1638 648 1676 pro
668 1623 840 1675 impensa,
864 1638 929 1675 pro
956 1625 1152 1678 voluptate,
1171 1644 1234 1680 pro

250 1686 402 1723 aliorum
436 1685 602 1737 pernicie,
623 1700 710 1735 quos
733 1685 770 1722 in
796 1686 858 1723 illa
890 1695 964 1724 arte
990 1687 1106 1738 perire
1140 1691 1234 1741 cogi-

249 1748 356 1783 mus?
379 1747 480 1784 Nihil
497 1756 588 1784 certe
608 1746 801 1798 poterimus
821 1746 940 1785 dicere
948 1763 959 1797 3
989 1747 1051 1785 sed
1073 1763 1230 1788 necessa-
1254 1766 1275 1794 Β

247 1807 299 1844 rio
321 1808 522 1859 puniemur,
538 1807 714 1860 supplicio
729 1822 925 1858 numquam
941 1809 1108 1860 finiendo,
1128 1826 1229 1851 num-

245 1883 352 1919 quam
368 1869 597 1908 terminando.
619 1869 727 1916 Quod
748 1883 790 1907 ne
804 1869 955 1920 accidat,
971 1870 1113 1922 hicjam
1128 1888 1226 1911 sum-

243 1944 300 1967 mo
320 1930 438 1967 studio
457 1944 655 1979 caveamus,
676 1939 715 1967 ut
745 1944 826 1968 cum
855 1931 948 1968 bona
979 1946 1040 1984 spe
1060 1933 1144 1971 hinc
1160 1936 1226 1973 mi-

242 2000 394 2039 grantes,
415 2001 545 2029 aeterna
567 1991 659 2029 hona
685 2002 954 2042 consequamur:
975 2007 1054 2043 quae
1081 1994 1219 2034 utinam

241 2065 360 2088 omnes
382 2052 634 2104 adipiscamur,
660 2053 772 2104 gratia
789 2062 820 2090 et
836 2053 1054 2104 benignitate
1073 2057 1223 2097 Domini

239 2113 347 2151 nostri
367 2116 450 2173 ,Iesu
468 2114 612 2164 Christi,
640 2129 702 2166 per
732 2129 838 2165 quem
856 2124 889 2152 et
916 2129 996 2152 cum
1026 2131 1097 2166 quo
1126 2118 1221 2157 Patri

238 2175 365 2225 gloria,
386 2176 563 2226 simulque
587 2176 737 2228 Spiritui
759 2186 890 2227 sancto,
907 2190 1000 2215 nunc
1024 2187 1057 2215 et
1085 2193 1222 2232 semper

237 2245 269 2272 et
288 2236 323 2273 in
339 2237 465 2275 saecula
483 2237 702 2276 saeculorum.
722 2240 842 2276 Amen.

1239 2490 1261 2519 C

276 2675 289 2685 ι

316 2675 437 2719 [χήρας
459 2675 558 2707 smil.
585 2684 615 2708 et
641 2676 723 2711 Cod.
751 2679 825 2710 705.
842 2675 1027 2719 Legebatur
1054 2677 1085 2709 in
1112 2676 1229 2709 Montf.

230 2728 348 2771 νῆχον-ς’]

1316 1098 1375 1119 και
1408 1081 1536 1128 ταύτης
1568 1081 1807 1135 ἀπεστέρησαι
1841 1099 1903 1128 της
1936 1082 2138 1133 ἀπολογίας.
2169 1085 2338 1122 Κάκεῖνον

1315 1143 1377 1192 μὲν
1400 1141 1459 1180 ἐὰν
1482 1142 1635 1195 ἔρωμαι,
1655 1142 1688 1179 τί
1709 1142 1836 1188 δήποτε
1861 1142 1923 1186 τὰς
1949 1143 2057 1186 ἄλλας
2082 1143 2206 1194 τέχνας
2221 1145 2338 1196 ἀφεὶς,

1314 1203 1370 1241 ἐπὶ
1402 1203 1529 1250 ταύτην
1559 1198 1660 1249 ἦλθες
1686 1202 1748 1249 τὴν
1782 1205 1887 1254 ἐναγῆ
1916 1203 1975 1240 καὶ
2006 1203 2156 1254 μιαράν,
2177 1207 2265 1256 ἐρεῖ,
2286 1205 2338 1243 ὅτι

1312 1263 1440 1308 ἔξεστιν
1463 1263 1562 1316 ὀλίγα
1591 1268 1779 1311 πονοῦντα,
1799 1263 1912 1302 πολλὰ
1944 1267 2170 1315 καρποῦσθαι.
2204 1264 2275 1303 ²²2&
2303 1265 2338 1304 δὲ

1312 1323 1371 1362 ἐὰν
1401 1325 1557 1378 ἔρωμαι,
1580 1323 1614 1361 τί
1642 1324 1769 1371 δήποτε
1801 1323 1986 1375 θαυμάζεις
2022 1324 2079 1361 τὸν
2113 1327 2147 1362 ἐν
2174 1325 2337 1378 ἀσελγείᾳ

1313 1387 1452 1435 βιοῦντα
1473 1385 1531 1423 καὶ
1549 1384 1606 1423 ἐπὶ
1629 1384 1721 1436 λύμῃ
1743 1387 1855 1429 ζῶντα
1876 1386 2034 1432 πολλῶν,
2061 1387 2121 1423 οὐκ
2155 1385 2246 1438 ἔχεις
2275 1387 2333 1424 ἐπὶ

1308 1445 1371 1492 τὴν
1389 1445 1494 1493 αὐτὴν
1518 1446 1691 1498 πρόφασιν
1711 1445 1951 1497 καταφεύγειν,
1975 1446 2065 1484 ἀλλὰ
2086 1446 2221 1498 ἀνάγκη
2239 1447 2335 1486 κάτω

1309 1506 1462 1553 κύπτειν,
1481 1506 1539 1544 καὶ
1569 1505 1793 1558 αἰσχύνεσθαι
1821 1506 1880 1543 καὶ
1907 1509 2077 1558 ἐρυθριᾷν.
2098 1509 2143 1545 Εἰ
2178 1507 2213 1545 δὲ
2245 1511 2329 1561 παρ’

1307 1570 1406 1617 ἡμων
1425 1567 1562 1610 εὐθύνας
1587 1565 1836 1617 ἀπαιτούμενος
1852 1566 1945 1605 ουδεν
1972 1566 2035 1605 δᾶν
2057 1567 2176 1620 σχοίης
2209 1572 2329 1617 εἰπεῖν,

1305 1627 1385 1666 ὅταν
1405 1645 1444 1666 το
1463 1628 1605 1681 φοὸερὸν
1628 1630 1736 1666 ἐκεῖνο
1747 1628 1806 1665 καὶ
1828 1628 2064 1681 ἀπαραίτητον
2088 1645 2329 1694 παραγενηται

1304 1690 1538 1742 δικαστήριον,
1568 1690 1648 1728 ἔνθα
1679 1706 1747 1727 των
1779 1689 1975 1740 νοημάτων,
2001 1691 2061 1728 καὶ
2095 1693 2327 1744 πραγμάτων,

1301 1767 1360 1789 και
1379 1751 1518 1789 πάντων
1537 1750 1677 1801 τίνομεν
1705 1749 1863 1798 εὐθύνας,
1884 1754 1958 1794 πῶς
1975 1751 2194 1802 στησόμεθα,
2215 1753 2327 1798 ποίοις

1299 1814 1490 1864 ὀφθαλμοῖς
1505 1812 1561 1850 τὸν
1582 1810 1705 1862 κριτὴν
1732 1810 1909 1862 ὀψόμεθα,
1938 1810 1971 1848 τί
1988 1814 2155 1865 ἐροῦμεν,
2174 1812 2208 1850 τί
2234 1816 2324 1851 ἀπο-

1298 1873 1535 1925 λογησόμεθα,
1551 1871 1653 1910 ποίαν
1677 1871 1829 1923 εὔλογον,
1850 1871 1951 1909 ποίαν
1973 1872 2096 1924 ἄλογον
2130 1873 2324 1926 προέαλού-

1298 1939 1386 1985 μεθα
1401 1933 1587 1986 πρόφασιν,
1613 1932 1675 1979 τὴν
1696 1935 1756 1979 τῆς
1787 1933 1959 1980 δαπάνης,
1980 1933 2042 1980 τὴν
2065 1937 2127 1980 τῆς
2148 1934 2320 1987 τέρψεως,

1296 1996 1317 2041 ἢ
1350 1995 1412 2042 τὴν
1447 1998 1508 2041 τῆς
1537 1993 1662 2045 ἐτέρων
1693 1993 1888 2041 ἀπωλείας,
1923 1994 1979 2037 οὒς
2010 1994 2067 2032 διὰ
2093 1997 2154 2040 τ’ῆς
2189 1995 2318 2035 ἐκείνου

1293 2058 1419 2109 τέχνης
1457 2056 1675 2106 ἀπολλύμεν,
1710 2057 1787 2093 Οὐκ
1824 2054 1916 2092 ἔστιν
1954 2053 2048 2093 οὐδὲν
2084 2057 2211 2103 εἰπεῖν,
2241 2059 2318 2095 ἀλλ’

1293 2119 1426 2169 ἀνάγκη
1447 2116 1651 2160 κολάζεσθαι
1667 2115 1808 2154 κόλασιν
1827 2115 1923 2159 τέλος
1949 2118 2009 2153 οὐκ
2031 2116 2190 2168 ἔχουσαν,
2209 2118 2318 2169 πέρας

1291 2182 1353 2218 οὐκ
1382 2177 1630 2228 ἐπισταμένην.
1656 2176 1812 2229 ε’(Οπερ
1807 2193 1860 2214 ινα
1890 2176 1938 2227 μὴ
1966 2176 2130 2228 γένηται,
2163 2181 2315 2216 ἐντεῦθεν

1291 2240 1358 2286 ηδη
1376 2238 1491 2277 πάντα
1523 2236 1808 2288 <.ρυλα’ςίι’)μεοα,ς
1803 2236 1856 2274 ι’να
1883 2236 1971 2286 μετα
2001 2253 2156 2290 χρηστης
2177 2238 2314 2283 ἐλπίδος

1291 2299 1515 2345 ἀπελθόντες,
1537 2297 1698 2349 τύχωμεν
1726 2313 1794 2335 των
1827 2297 1972 2335 αἰωνίων
2002 2300 2160 2348 ἀγαθων·
2189 2302 2236 2336 ὡν
2257 2300 2312 2351 γε’-

1288 2376 1380 2399 νοιτο
1400 2361 1532 2402 πάντας
1558 2362 1653 2408 ἡμᾶς
1674 2360 1862 2410 ἐπιτυχεῖν,
1877 2358 1996 2410 χάριτι
2027 2374 2086 2396 και
2111 2360 2311 2412 φιλανθρω-

1288 2422 1353 2474 πίᾳ
1367 2427 1426 2460 τοῦ
1441 2420 1569 2473 Κυρίου
1586 2421 1684 2470 ἡμῶν
1706 2419 1821 2464 Ἰησοῦ
1842 2419 1994 2471 Χριστοῦ
2007 2448 2016 2464 ,
2037 2420 2079 2457 δι’
2102 2414 2140 2456 οἷ
2160 2420 2219 2458 καὶ
2234 2424 2310 2471 μεθ’

1287 2477 1325 2520 οῧ
1347 2486 1396 2534 τῷ
1425 2481 1541 2535 Πατρὶ
1560 2485 1581 2528 ἡ
1602 2480 1702 2528 δόξα,
1728 2481 1802 2531 ἅμα
1829 2483 1879 2533 τῷ
1909 2479 1996 2531 ἁγίῳ
2030 2480 2231 2532 Πνεύματι,
2248 2486 2310 2521 νῦν

1286 2544 1345 2581 καί
1366 2542 1419 2581 ἀεὶ
1438 2543 1497 2580 καὶ
1518 2544 1563 2585 εἷς
1576 2541 1654 2585 τοὺς
1669 2543 1794 2585 αἰῶνας
1810 2542 1878 2578 τῶν
1894 2539 2040 2579 αἰώνων.
2057 2538 2178 2591 Ἀμήν.

1343 2685 1356 2700 2·
1381 2671 1495 2706 Morel.
1515 2677 1547 2706 σὺ
1570 2675 1599 2706 δὲ
1616 2678 1676 2706 ἐὰν.

1343 2727 1358 2750 ¹³
1384 2725 1443 2758 Alii
1457 2731 1492 2760 ἂν
1509 2728 1606 2769 ἰσχύῃς
1622 2729 1720 2758 εἰπεῖν.
