2507 3673
739 193 784 222 ΙΝ
823 192 1103 222 ΡΠΒΙᾸΟΑΝΠΜ
1140 191 1195 220 ΕΤ
1232 189 1507 220 ΡΗΑΚΙΒΕΠΜ.
2072 166 2161 231 765

84 279 215 324 πλῆθος
233 277 424 329 γεγράφθαι
444 277 477 313 ἐν
505 276 554 327 τῷ
572 274 789 326 στερεώματι
804 289 811 298 ·
831 273 1007 327 πόῤῥωθεν
1028 275 1107 310 ἑαυ-

83 331 141 369 τὸν
156 331 238 369 ὡσεὶ
254 328 426 371 δικασθεὶς
438 331 498 365 τοῦ
516 330 605 378 ἱεροῦ
623 327 800 375 ἀπέστησε
815 343 822 350 ·
838 328 877 365 τὸ
893 327 1034 373 ἐλέησον
1051 325 1109 363 κέ-

84 399 210 435 κραγεν
228 386 273 425 ὡς
295 381 362 427 ἤδη
379 380 705 430 καταδικαζόμενος.
726 382 803 418 Οὐκ
824 380 972 430 ἀνέγνως
994 379 1033 416 τὸ
1052 393 1110 428 γε-

85 435 298 488 γραμμένον,
313 433 364 471 ὅτι
378 432 440 480 Μὴ
453 433 667 485 παροργίσῃς
682 433 789 485 ἄνδρα
805 435 838 470 ἐν
850 432 977 484 ἀπορίᾳ
991 433 1109 475 αὐτοῦς

84 487 230 540 Ἄπορός
247 490 320 525 ἐστι
335 516 344 534 ,
372 485 588 536 πανταχόθεν
615 485 813 524 ἐκύκλωσαν
836 485 936 523 αὐτὸν
963 484 993 521 οἱ
1016 485 1110 533 λογι-

86 541 169 591 σμοὶ
190 539 265 577 ἀντὶ
285 543 344 577 τοῦ
363 538 516 585 πλήθους
538 541 606 575 τῶν
626 538 848 590 κατηγόρων·
872 536 1047 588 ἐχρήσατο
1064 537 1109 584 τῇ

87 593 212 645 δεξιᾷή
229 592 424 637 συνείδησις
441 590 532 629 κατὰ
546 594 604 629 τοῦ
617 591 761 636 στήθους
778 589 992 639 μαστιζούσῃ
1006 603 1014 610 ·
1031 589 1109 624 καθ’
1136 592 1158 620 E

84 648 209 683 ἑαυτοῦ
220 645 339 682 ἑαυτὸν
352 644 593 695 ἀπειργάσατο
605 643 738 693 δήμιον.
752 644 828 680 Οὐκ
842 641 1056 694 ἐπικάμπτει
1072 655 1111 676 σε

85 698 244 751 τρέμων;
261 699 323 734 οὐκ
346 696 486 749 ἐρεθίζει
503 712 541 734 σε
561 696 645 749 πρὸς
668 695 885 745 συμπάθειαν
904 697 1000 735 οὗτος
1016 692 1112 730 κάτω

86 751 193 789 νεύων
214 751 253 788 τὸ
275 750 483 802 πρόσωπον;
504 751 541 786 οὐ
561 748 736 798 μαλάσσει
765 762 825 785 σου
845 746 908 792 τὴν
929 745 1112 796 ἀπάνθρω-

85 819 149 842 πον
171 802 329 855 γνώμην,
358 802 406 852 μὴ
440 803 578 851 τολμῶν
606 801 692 852 πρὸς
719 799 863 850 οὐρανὸν
894 797 1111 849 ἀναδλέψαι;

85 854 178 893 “Ore
200 855 260 906 μὲν
283 856 349 906 γὰρ
379 852 554 898 ἕτελώνει,
575 854 680 904 ε’χρῆν
702 868 740 890 σε
771 851 833 894 τὰς
852 849 1015 892 τοιαύτας
1034 852 1111 887 κατ’

89 910 193 946 αὐτοῦ
228 907 421 952 ἀναὸοῆσαι
448 905 581 957 φωνάς·
612 904 745 957 πρέπον
765 903 832 956 γὰρ
865 905 958 955 αὐτῷ
976 902 1055 941 τότε
1075 903 1112 940 οὐ

90 961 191 1010 μόνον
209 959 305 1012 παρὰ
325 964 397 1007 σοῦ,
418 957 508 996 ἀλλὰ
538 957 596 996 καὶ
614 956 710 1009 παρὰ
730 957 856 1000 παντὸς
876 956 1113 999 ὀνειδίζεσθαι.

86 1012 176 1050 εΌτε
193 1012 311 1062 μέντοι
331 1014 399 1049 τῶν
420 1010 555 1049 οἰκείων
579 1010 735 1062 κατέγνω
751 1012 883 1055 κακῶν,
904 1009 961 1048 ὅτε
978 1008 1115 1060 θεωρή-

89 1082 153 1109 σας
170 1065 215 1103 τὰ
233 1064 417 1116 τραύματα
436 1066 499 1108 τῆς
517 1065 648 1115 ψυχῆς,
672 1063 801 1114 ἔδραμε
820 1062 905 1114 πρὸς
921 1061 978 1100 τὸν
999 1060 1114 1112 ἰατρὸν

88 1119 146 1157 τὸν
176 1117 299 1167 ἀμισθὶ
329 1115 582 1169 θεραπεύοντα,
611 1116 668 1154 ὅτε
697 1118 763 1152 τῶν
798 1114 1115 1166 πλημμελημάτων

92 1169 334 1222 μνημονεύσας
365 1172 416 1221 τῷ
451 1169 683 1220 ἀμνησικάκῳ
703 1167 1090 1221 Δεσπότηωπροσέφυγε
1109 1182 1116 1189 ·

1184 271 1285 310 Nihil
1306 270 1374 308 talc
1390 269 1532 317 vidisti,
1550 268 1726 305 Pharisaee
1737 282 1747 316 3
1772 266 1832 305 sed
1853 266 1998 305 intueris
2011 266 2163 318 speeiem

1183 323 1437 370 miserabilem,
1455 319 1759 358 commiseratione
1773 333 1813 356 ac
1828 319 1988 356 subsidio
2005 318 2162 370 dignam.

1183 377 1281 415 Jacet
1299 374 1394 412 enim
1416 373 1519 411 vultu
1545 372 1581 409 in
1603 381 1735 409 terram
1761 380 1950 423 prostrato,
1979 381 2100 422 pectus
2127 380 2166 408 ut

1184 428 1361 464 malorum
1379 425 1559 463 officinam
1581 433 1734 475 torquet,
1759 424 1879 460 oculos
1900 423 2023 460 tollere
2043 423 2078 460 in
2100 438 2166 461 cze-

1182 480 1259 517 lum
1278 493 1347 516 non
1363 477 1485 528 audet,
1512 477 1659 515 fortasse
1678 477 1724 514 ab
1746 475 1833 528 ipsis
1851 475 1957 513 etiam
1986 476 2090 512 astris
2111 490 2164 513 ac-

1182 532 1296 570 cusari
1318 545 1354 569 se
1378 540 1502 582 putat3
1523 530 1580 568 vel
1602 529 1814 567 delictorum
1831 528 1949 580 potius
1968 526 2168 564 multitudi-

1182 599 1263 622 nem
1274 598 1346 622 esse
1359 583 1529 635 scriptam
1550 582 1729 620 existimat
1742 581 1778 618 in
1791 581 2016 618 firmamento
2037 595 2045 615 z
2065 580 2169 628 longe

1180 638 1338 690 scipsum
1354 651 1374 673 a
1393 635 1547 687 templo,
1569 635 1672 685 quasi
1686 634 1886 686 judicatum
1906 632 2080 671 removit:
2097 633 2170 669 Μί-

1182 688 1310 739 serere,
1326 689 1506 737 clamavit,
1526 697 1565 725 ut
1577 689 1653 739 jam
1663 687 1928 724 condemnatus.
1945 687 2021 723 Non
2035 684 2168 735 legisti,

1184 743 1282 794 quod
1297 742 1471 793 scriptum
1484 750 1553 789 cst,
1570 742 1660 778 Non
1672 753 1872 791 exasperes
1885 741 2014 776 rvirum
2029 741 2068 774 ιἰῑ
2084 741 2097 774 i
2101 752 2169 774 no—
2185 746 2235 772 Ea
2248 744 2270 771 lc·
2308 745 2337 779 4.

1181 799 1250 847 pia
1268 800 1365 833 sua?
1385 795 1491 845 Inops
1510 793 1608 831 enim
1625 802 1691 841 est,
1710 801 1813 842 atque
1843 791 1939 828 omni
1957 805 2003 828 ex
2018 800 2118 842 parte
2134 792 2169 828 in
2185 786 2233 814 23.

1184 847 1366 900 angustias
1382 846 1546 884 redactus
1568 862 1575 882 :
1598 844 1909 883 circumdederunt
1927 858 2007 881 eum
2036 844 2168 894 cogita-

1184 901 1298 940 tiones
1311 901 1422 938 instar
1438 898 1679 936 multitudinis
1697 905 1943 935 accusatorum
1963 912 1971 933 ε
1990 896 2173 934 dexteram

1185 954 1232 994 ad
1260 963 1383 1006 pectus
1415 951 1678 990 verberandum
1709 949 1920 988 conscientia
1950 949 2175 987 commodato

1187 1007 1322 1059 accepit
1344 1022 1351 1042 :
1374 1005 1429 1043 sui
1458 1005 1569 1057 ipsius
1600 1003 1805 1041 carnificem
1824 1003 1982 1055 seipsum
2003 1002 2173 1040 reddidit.

1187 1063 1268 1100 Non
1287 1068 1320 1097 te
1336 1059 1398 1096 ille
1412 1058 1559 1099 inflectit
1576 1055 1873 1095 contremiscens?
1889 1069 1957 1093 non
1972 1064 2005 1092 te
2020 1055 2066 1092 ad
2081 1070 2174 1093 com-

1188 1112 1452 1151 miserationem
1469 1119 1639 1163 provocat
1656 1109 1760 1149 vultu
1774 1109 1825 1147 sic
1838 1108 1886 1145 ad
1900 1117 2031 1146 terram
2045 1107 2177 1146 demis-

1190 1166 1253 1204 so?
1282 1179 1351 1203 non
1370 1164 1604 1202 inhumanam
1624 1162 1761 1199 emollit
1782 1170 1935 1199 mentem
1954 1171 2072 1209 tuam,
2088 1161 2176 1199 dum

91 1223 169 1262 τότε
193 1224 367 1276 περισσῶς
392 1223 486 1272 αὐτῷ
513 1220 807 1272 κατεπεμὲαίνεις
821 1251 830 1268 ,
862 1223 890 1258 ὠ
920 1221 1116 1271 (1)αρισαῖε;
1131 1228 1178 1252 118
1191 1217 1370 1270 suspicere
1402 1217 1530 1255 caelum
1549 1230 1618 1254 non
1637 1215 1767 1253 audctiJ
1790 1213 1985 1254 Enimvero
2003 1224 2080 1251 tum
2099 1215 2177 1264 qui-

91 1276 185 1315 Οὔτε
202 1279 247 1318 ὡς
267 1279 364 1319 οὗτος
379 1278 396 1312 ὁ
412 1273 574 1320 τελώνης,
597 1274 657 1321 Μὴ
674 1274 741 1326 γὰρ
757 1275 819 1312 οὐκ
836 1273 920 1312 εἰσὶν
940 1273 1039 1310 ἄλλοι
1059 1288 1117 1310 τε-
1144 1266 1168 1294 Α

91 1331 201 1367 λῶναι
215 1359 223 1375 ,
243 1328 351 1378 μήπω
370 1327 427 1365 τὸν
446 1325 574 1377 γλυκὺν
593 1329 655 1372 τῆς
676 1325 860 1377 μετανοίας
875 1325 1120 1376 ἀγαπήσαντες

95 1385 242 1432 θρῆνον,
262 1382 305 1418 Εἰ
333 1379 436 1422 πόθος
460 1395 514 1416 σοι
533 1378 640 1422 πολὺς
659 1386 865 1430 κατηγορεῖν
887 1380 1119 1430 ἁμαρτωλῶν,

93 1436 148 1472 ἐπ’
173 1433 322 1475 ἐκείνους
338 1431 485 1485 στρέψον
505 1431 567 1478 τὴν
589 1431 653 1477 σὴν
674 1433 850 1481 γλῶσσαν,
876 1430 954 1475 τοὺς
975 1431 1026 1468 ἔτι
1052 1435 1122 1473 τοῖς

95 1485 245 1529 δικτύοις
282 1488 344 1531 τ’ἦς
374 1483 573 1528 πλεονεξίας
607 1483 856 1534 ἕνειλημένους.
877 1484 972 1536 Πρὸς
1001 1487 1121 1520 τοῦτον

95 1538 214 1589 μέντοι
243 1537 388 1590 περιττή
419 1552 478 1575 σου
500 1540 522 1583 ἦ
544 1536 740 1588 δυσμένεια.
772 1538 825 1574 Οὐ
856 1535 957 1587 μόνον
977 1535 1046 1587 γὰρ
1065 1535 1123 1573 τὸν

95 1593 274 1644 ἄνθρωπον
303 1591 436 1642 βλάψαι
465 1592 501 1628 οὐ
524 1589 689 1636 δύνασαι,
721 1588 812 1627 ἀλλὰ
839 1589 899 1627 καὶ
927 1588 1031 1627 πλέον
1052 1590 1124 1639 ἐρε-

96 1649 178 1687 θιεῖς
191 1645 248 1682 τὸν
263 1643 461 1690 Δεσπότην,
478 1642 568 1681 ὥστε
585 1642 851 1694 συντομωτέραν
866 1640 1125 1685 Ἆέπιδείξασθαι

97 1696 160 1745 τὴν
177 1697 413 1748 συγχώρησιν.

155 2243 200 2281 ΓΟ
224 2241 259 2280 δὲ
277 2239 446 2288 τελώνης,
466 2240 569 2293 φησὶ,
594 2240 764 2292 μακρόθεν
783 2238 911 2287 ἑστὼς,
928 2240 989 2276 οὐκ
1007 2238 1126 2285 ἤθελεν

100 2296 179 2335 οὐδὲ
202 2294 280 2337 τοὺς
304 2293 501 2346 ὀφθαλμοὺς
530 2295 577 2337 εἰς
604 2292 683 2336 τοὺς
702 2291 866 2344 οὐρανοὺς
887 2294 1031 2344 ἐπᾶραι·
1065 2291 1128 2338 τὴν

100 2354 161 2388 τοῦ
182 2350 356 2393 Μανασσῆ
384 2347 522 2390 πάντως
541 2346 600 2384 καὶ
618 2346 717 2389 αὐτὸς
737 2345 852 2397 φωνὴν
875 2344 1127 2396 ἀπεφθέγξατο·

101 2403 182 2441 Οὐκ
198 2400 270 2451 εἰμὶ
293 2399 384 2443 ἄξιος
405 2399 560 2437 ἀτενίσαι
575 2399 636 2436 καὶ
650 2401 733 2437 ἰδεῖν
750 2398 789 2437 τὸ
809 2397 893 2450 ὕψος
907 2402 966 2435 τοῦ
986 2400 1130 2448 οὐρανοῦ

103 2455 174 2493 ἀπὸ
205 2456 264 2490 τοῦ
296 2453 447 2498 πλήθους
473 2455 541 2490 τῶν
572 2452 713 2489 ἀδικιῶν
746 2466 825 2502 μου.
853 2449 977 2488 Πολλὰ
997 2450 1064 2504 γὰρ
1089 2444 1129 2496 ἦν
1157 2462 1178 2492 Β

101 2507 182 2545 τότε
200 2508 233 2543 ἐν
255 2508 297 2556 τῇ
314 2507 409 2557 ψυγῇ
430 2508 489 2542 τοῦ
508 2503 657 2542 τελώνου
672 2502 919 2555 συνειλεγμένα
933 2504 1039 2550 κακὰ,
1057 2505 1132 2541 ἐπι-

105 2558 212 2609 θυμία
232 2557 425 2609 χρημάτων
450 2556 654 2609 ἀκόρεστος,
679 2556 782 2599 πόθος
801 2555 937 2599 ἀδικίας
958 2555 1006 2607 μὴ
1030 2556 1132 2608 δεχό-

107 2626 208 2662 μενος
235 2610 362 2661 πέρας,
394 2610 535 2662 ἁρπαγὴ
559 2609 656 2652 τέλος
685 2610 748 2647 οὐκ
777 2609 926 2660 ἔχουσα·
957 2608 1069 2646 κοινὸν
1088 2612 1132 2661 τῇ

107 2663 208 2716 φύσει
223 2665 290 2700 τῶν
313 2662 502 2715 ἀνθρώπων
522 2661 675 2707 τελώνης
707 2662 826 2709 κακον,
859 2660 1033 2712 ι’νόμιμος
1051 2661 1132 2699 ἀδι-

108 2731 179 2763 κος,
201 2715 313 2767 ἅρπαξ
333 2715 596 2767 ἀκατηγόρητος
610 2745 619 2762 ,
651 2714 779 2766 ἄφοδος
797 2714 950 2760 κλέπτης
963 2744 972 2762 ,
1003 2714 1136 2763 λῃστὴς

110 2769 319 2820 ἀνέγκλητος
334 2799 343 2816 ,
373 2767 581 2820 δύσφευκτος
614 2767 748 2818 βλάέη,
771 2767 874 2810 λύκος
899 2769 967 2804 τῶν
987 2769 1136 2818 λογικῶν

108 2821 307 2875 προὸάτων,
338 2821 455 2873 θηρίον
488 2820 798 2872 ἀνθρωπόμορφον.
834 2819 935 2858 Μετὰ
965 2819 1136 2858 τοσούτων

109 2875 255 2920 ἀνῆλθεν
273 2875 291 2910 ὃ
306 2873 457 2920 τελώνης
474 2876 520 2916 εἷς
534 2874 574 2911 τὸ
584 2873 674 2926 ἱερὸν
690 2876 820 2911 κακῶν.
835 2872 926 2910 “Ore
943 2872 1010 2924 γὰρ
1023 2872 1139 2910 πάντα

107 2932 218 2965 ταῦτα
241 2926 426 2977 εἰργάσατο
445 2926 487 2963 τὰ
508 2926 621 2974 δεινὰ,
640 2926 701 2964 καὶ
729 2925 817 2977 βαρὺ
840 2924 1076 2964 κατεσκεύασε
1100 2925 1139 2962 τὸ

107 2983 177 3017 τῶν
203 2979 523 3029 πλημμελημάτων
548 2978 686 3031 φορτίον
717 2982 761 3029 τῇ
786 2981 906 3030 ψυχῇ,
934 2977 992 3016 ὅτε
1018 2977 1139 3015 λοιπον

109 3032 166 3071 τὸν
199 3031 329 3083 αὐχένα
359 3031 574 3086 κατέκλαωσε,
605 3031 682 3070 τότε
707 3031 819 3077 ἐζήτει
838 3036 898 3068 τοῦ
920 3030 1047 3083 βάρους
1064 3031 1146 3067 ἐλα-

108 3087 316 3139 φρυνθῇναι,
337 3083 396 3121 καὶ
413 3086 474 3121 οὐκ
493 3088 566 3136 εἶχε
583 3084 622 3122 τὸ
641 3087 715 3128 πῶς
731 3084 770 3122 τὸ
785 3083 922 3137 φορτίον
940 3081 1146 3125 ἀποτινάξε-

112 3153 194 3176 ται·
217 3141 293 3174 εἶτα
319 3135 448 3188 γοργῆν
478 3136 579 3188 ἔσχεν
611 3137 765 3184 ἔννοιαν,
794 3132 890 3187 εῧρεν
907 3129 994 3179 εἶδος
1017 3136 1149 3172 ἐλευθε-

116 3190 191 3242 ρίας
205 3206 212 3213 ·
237 3189 476 3240 ἐμνημόνευσε
490 3189 558 3242 γὰρ
574 3193 636 3236 τῆς
653 3193 768 3241 φωνῆς
787 3193 846 3227 τοῦ1
863 3187 1043 3225 Δεσπότου
1065 3187 1150 3238 προς

116 3242 196 3286 τοὺς
215 3241 445 3295 ἁμαρτωλοὺς
460 3240 638 3288 ἐκὸοώσης
650 3257 658 3265 ·
681 3245 790 3280 Δεῦτε
809 3241 895 3293 πρός
912 3257 955 3290 με
971 3239 1098 3282 πάντες
1118 3242 1150 3277 οἳ

119 3299 308 3339 κοπιῶντες
324 3295 383 3332 καὶ
400 3294 694 3348 πεφορτισμένοι,
722 3293 819 3345 κάγὼ
835 3292 1028 3332 ἀναπαύσω
1048 3294 1150 3342 ὑμᾶς.

167 3411 178 3423 ἑ·
203 3397 331 3439 [Savll.
352 3405 528 3438 ποιήσασθαι
549 3405 617 3443 περὶ
634 3404 721 3434 αὐτὸν
738 3415 765 3433 τ.
788 3400 830 3439 a]

1191 1272 1287 1317 dem,
1308 1285 1389 1308 cum
1412 1269 1597 1322 publicani
1627 1282 1757 1305 munus
1789 1268 1931 1316 obibat,
1950 1266 2125 1319 ejusmodi
2147 1276 2178 1304 tc

1192 1325 1229 1362 in
1243 1324 1346 1362 illum
1362 1324 1496 1375 jactare
1508 1336 1614 1360 voces
1629 1321 1835 1373 oportebat:
1852 1330 1929 1358 tum
1948 1320 2041 1357 enim
2060 1320 2177 1371 ipsum

1191 1377 1337 1415 decebat
1378 1390 1448 1413 non
1475 1389 1494 1413 a
1523 1384 1556 1413 te
1587 1374 1692 1412 modo
1722 1373 1877 1426 probris,
1906 1372 1965 1410 sed
1997 1387 2017 1409 a
2053 1372 2179 1423 quovis

1194 1429 1333 1468 incessi.
1369 1430 1450 1468 Jam
1490 1442 1575 1467 vero
1606 1441 1688 1465 cum
1727 1441 1790 1464 sua
1835 1426 1928 1465 mala
1973 1425 2178 1470 damnavit⁷

1195 1497 1276 1521 cum
1319 1480 1577 1519 animadversis
1621 1480 1746 1517 animae
1788 1493 1858 1516 suae
1900 1478 2109 1517 vulneribus
2133 1478 2179 1515 ad

1196 1535 1377 1574 medicum
1404 1533 1513 1585 gratis
1540 1541 1724 1570 sanantem
1764 1532 1945 1578 cucurrit,
1973 1545 2054 1568 cum
2085 1531 2177 1567 deli-

1197 1598 1335 1627 ctorum
1379 1585 1585 1624 recordatus
1617 1584 1662 1623 ad
1698 1584 1895 1622 Dominum
1936 1584 2181 1621 immemorem

1196 1642 1375 1679 malorum
1402 1638 1581 1689 confugit,
1616 1647 1702 1675 tunc
1732 1637 1801 1689 ipsi
1840 1650 2098 1689 supervacanee
2128 1636 2182 1673 in-

1198 1696 1329 1743 sultas,
1363 1692 1567 1730 Pharisaee?
1598 1692 1734 1742 Neque
1772 1690 1884 1727 velut
1918 1691 1980 1727 hic
2009 1690 2183 1741 publica-

1200 1762 1282 1786 nus.
1326 1749 1453 1784 Annon
1490 1753 1571 1782 sunt
1598 1744 1660 1781 alii
1694 1743 1896 1795 publicani,
1931 1742 1993 1793 qui
2026 1742 2182 1780 nondum

1197 1800 1340 1839 dulcem
1365 1797 1578 1851 poeniteutiae
1602 1797 1740 1835 luctum
1767 1795 1923 1848 amplexi
1956 1795 2066 1833 sunt?
2088 1795 2127 1834 Si
2152 1804 2185 1832 te

1198 1863 1296 1892 tanta
1325 1851 1502 1904 cupiditas
1530 1859 1622 1888 tenet
1649 1848 1844 1887 insectandi
1870 1857 2088 1901 peccatores,
2111 1847 2182 1885 lin-

1200 1921 1309 1959 guam
1338 1906 1374 1943 in
1408 1904 1489 1942 illos
1526 1911 1710 1950 converte,
1743 1902 1804 1952 qui
1832 1901 2037 1953 rapacitatis
2068 1899 2185 1938 adhuc

1200 1969 1281 1998 sunt
1299 1959 1436 1996 retibus
1453 1955 1639 2007 implicati.
1660 1954 1839 1993 Adversus
1854 1954 1951 1991 hunc
1965 1953 2110 2004 quidem
2128 1968 2186 1990 su-

1199 2025 1416 2064 pervacanea
1437 2018 1488 2048 est
1502 2009 1578 2046 haec
1599 2007 1776 2046 hostilitas
1795 2017 1867 2045 tua.
1888 2008 1967 2044 Non
1988 2007 2082 2044 enim
2103 2015 2186 2043 tan—

1199 2075 1277 2104 tum
1289 2063 1427 2102 homini
1450 2075 1575 2100 nocere
1601 2074 1670 2098 non
1694 2060 1839 2112 poteris,
1862 2059 1926 2097 sed
1941 2068 1974 2097 et
1990 2058 2187 2096 Dominum

1199 2118 1247 2156 ad
1260 2118 1490 2171 promtiorem
1502 2115 1539 2152 in
1553 2114 1658 2152 illum
1671 2112 1983 2151 demonstrandam
1998 2111 2187 2162 indulgen-

1201 2172 1288 2210 tiam
1308 2168 1533 2224 provocabis.

1253 2234 1292 2269 Q,
1325 2230 1567 2268 Publicanus
1594 2234 1723 2265 autem
1743 2240 1768 2263 a
1789 2226 1902 2278 longe
1930 2233 2052 2271 stans,
2077 2225 2188 2262 nole·
2205 2226 2387 2257 ΕιιωΒ-ιῧ.

1201 2287 1267 2323 bat
1294 2298 1362 2322 nec
1384 2282 1514 2321 oeulos
1537 2281 1591 2319 ad
1608 2280 1746 2318 coelum
1763 2279 1903 2316 levare.
1921 2277 2078 2315 Omnino
2105 2279 2186 2314 Ma-
2243 2282 2309 2309 llan-
2334 2280 2389 2306 ha-

1200 2351 1300 2376 nasse
1314 2350 1438 2376 vocem
1462 2344 1497 2372 et
1522 2334 1595 2386 ipse
1615 2332 1777 2371 mittebat
1800 2347 1808 2368 :
1831 2333 1922 2369 Non
1943 2345 2027 2368 sum
2049 2332 2188 2381 dignus
2202 2325 2312 2381 b⁰'²‘'f''
2332 2364 2336 2368 .
2360 2330 2390 2347 ¹¹²

1201 2392 1344 2429 intueri
1365 2398 1401 2427 et
1426 2389 1596 2440 aspicere
1615 2386 1863 2423 altitudinem
1883 2384 1968 2421 eceli
1984 2398 2064 2435 prce
2088 2384 2188 2420 mul·
2212 2366 2392 2435 Μῗῖιζζὲξζω

1201 2445 1366 2482 titudine
1398 2443 1648 2493 iniquitatum
1674 2451 1856 2475 mearum.
1871 2436 1988 2474 Multa
2012 2435 2187 2486 siquidem
2203 2459 2267 2487 qam
2284 2451 2311 2474 in
2325 2427 2396 2482 ²fimf

1201 2505 1301 2536 erant
1326 2496 1360 2533 in
1384 2494 1501 2532 anima
1521 2490 1704 2544 publicani
1722 2490 1815 2528 mala
1838 2498 2063 2540 congregata,
2084 2489 2189 2540 cupi—
2217 2488 2391 2537 miliorum

1202 2551 1295 2588 ditas
1324 2547 1556 2601 pecuniarum
1586 2542 1827 2595 inexplebilis,
1846 2541 2061 2593 injuriarum
2092 2541 2190 2579 dcsi—
2203 2536 2305 2600 {ms-‘'¹“
2322 2541 2393 2588 ‚pz-

1202 2603 1345 2641 derium
1366 2599 1475 2638 nullis
1496 2596 1657 2635 terminis
1676 2595 1997 2646 circumscriptum,
2018 2594 2192 2646 rapacitas
2205 2582 2398 2652 ,225¹ssssssss

1205 2656 1306 2694 nullo
1348 2654 1419 2691 fine
1456 2650 1623 2689 conclusa
1635 2665 1646 2698 3
1686 2656 1819 2685 naturae
1855 2647 2020 2685 humanae
2058 2648 2194 2685 malum
2210 2664 2271 2685 tur.

1208 2721 1392 2748 commune
1414 2703 1640 2757 publicanus,
1671 2700 1853 2750 legitimus
1878 2700 2043 2752 injustus,
2074 2710 2196 2752 raptor

1209 2762 1270 2813 qui
1289 2758 1448 2798 accusari
1467 2770 1537 2794 non
1562 2763 1688 2808 potest,
1701 2755 1760 2791 fur
1778 2753 1996 2805 impavidus,
2017 2753 2108 2790 latro
2131 2768 2196 2790 ex-

1209 2825 1263 2852 tra
1288 2825 1428 2851 omnem
1459 2810 1572 2847 aleam
1597 2807 1735 2860 positus
1764 2806 2078 2853 criminationum,
2106 2820 2200 2843 noxa

1210 2881 1299 2919 pene
1330 2861 1561 2909 inevitabilis,
1581 2860 1715 2898 ratione
1736 2859 1971 2911 praeditarum
1995 2859 2119 2897 ovium
2139 2859 2198 2895 lu-

1210 2934 1290 2971 pus,
1310 2918 1506 2955 humanam
1528 2913 1664 2952 habens
1682 2912 1833 2950 formam
1854 2911 1987 2949 bellua.
2007 2913 2098 2949 Cum
2128 2920 2202 2948 tan-

1212 2973 1258 3010 tis
1277 2969 1435 3009 ascendit
1458 2969 1493 3006 in
1524 2967 1698 3018 templum
1726 2965 1830 3002 malis
1861 2964 2088 3017 publicanus.
2110 2966 2202 3002 Nam

1215 3039 1297 3063 cum
1324 3023 1401 3061 haec
1431 3020 1549 3060 omnia
1574 3027 1809 3072 perpetrasset
1836 3017 2004 3065 facinora,
2025 3030 2204 3068 graveque

1214 3086 1439 3130 peccatorum
1456 3087 1545 3112 onus
1574 3072 1700 3110 animae
1722 3070 1963 3123 imposuisset,
1987 3068 2204 3119 cervicisque

1216 3131 1324 3168 robur
1353 3128 1536 3179 fregisset,
1565 3135 1651 3163 tunc
1681 3123 1845 3175 quaesivit
1873 3122 1987 3160 oneris
2018 3122 2201 3160 allevatio-

1217 3197 1315 3232 nem,
1331 3196 1394 3220 nec
1412 3180 1568 3219 habebat
1584 3176 1763 3229 quomodo
1785 3175 1879 3213 illud
1893 3184 2073 3213 excuteret
2093 3189 2100 3209 z
2120 3173 2205 3224 agili

1218 3246 1334 3274 tamen
1351 3234 1493 3285 acrique
1514 3241 1629 3270 mente
1642 3230 1820 3283 pollebat,
1838 3238 1872 3266 et
1899 3227 2036 3265 invenit
2053 3228 2209 3277 speciem

1219 3288 1394 3328 libertatis
1411 3303 1418 3324 :
1437 3284 1644 3324 recordatus
1673 3282 1766 3320 enim
1793 3290 1842 3318 cst
1870 3280 1966 3317 illius
1983 3278 2128 3317 Domini
2148 3292 2210 3315 vo-

1242 3396 1256 3418 b
1282 3394 1292 3435 [
1309 3400 1394 3436 νόμος
1412 3389 1530 3430 Satist]
1944 3428 1988 3461 30
