2481 3678
754 241 796 269 [N
836 240 944 270 JOAN
954 241 976 269 λ
986 240 1045 268 ΕΜ
1083 240 1237 269 nonu„

99 340 167 362 νον.
189 324 283 377 Φέρε
305 317 375 371 οῦν,
394 323 450 361 τὸν
466 322 564 373 λόγον
586 321 642 359 ἐπὶ
666 320 711 358 τὰ
730 321 896 373 προοίμια
915 321 1018 359 πάλιν
1036 321 1121 371 ἀγά-

100 401 229 436 γωμεν.
248 387 309 423 Ἔν
331 386 422 436 ἀρχῇ
448 377 489 429 ἦν
516 385 533 420 6
552 382 684 433 Λόγος,
701 381 762 419 καὶ
787 385 804 420 6
830 381 939 433 Λόγος
966 376 1007 428 ἦν
1036 382 1121 433 πρὸς

98 447 155 484 τὸν
174 446 276 485 Θεόν.
299 444 402 487 Τίνος
425 443 551 491 ἕνεκεν,
571 446 638 481 τῶν
665 443 779 481 ἄλλων
800 443 961 481 ἁπάντων
983 445 1122 494 εὐαγγε-

100 509 225 546 λιστῶν
257 506 326 543 ἀπὸ
350 508 412 551 τῆς
445 504 643 555 οἰκονομίας
675 503 875 556 ἀρξαμένων
907 504 986 553 (καὶ
1012 503 1079 555 γὰρ
1106 507 1123 540 6

99 566 280 610 ΜατΟαῖός
298 582 401 618 φησι,
420 565 544 609 Βίὲλος
563 565 726 616 γενέσεως
743 564 858 611 Ἰησοῦ
882 565 1032 617 Χριστοῦ
1053 567 1124 602 υἱοῦ

100 627 225 665 Δαυίδ·
247 627 306 665 καὶ
339 630 356 665 6
378 630 514 670 Λουκᾶς
541 627 585 665 τὰ
615 625 706 664 κατὰ
730 625 791 672 τὴν
822 625 962 677 Μαρίαν
983 629 1067 676 ἡμῖν
1090 628 1123 664 ἐν

101 691 193 742 ἀρχῇ
224 689 413 740 διηγεῖται·
433 689 494 727 καὶ
513 690 530 725 ὃ
552 687 696 741 Μάρκος
717 685 751 724 δὲ
775 685 902 737 ὁμοίως
923 692 993 730 τοῖς
1013 689 1127 730 αὐτοῖς

97 749 304 802 ἐνδιατρίῧει
326 749 456 801 λόγοις,
477 748 539 795 τὴν
562 747 654 786 κατὰ
667 748 725 786 τὸν
754 746 949 798 βαπτιστὴν
970 748 1125 799 ἱστορίαν

101 814 251 848 ἐντεῦθεν
274 810 462 862 ὑφαίνων),
494 814 512 847 6
541 809 706 856 Ἰωάννης
728 814 827 847 τοῦτο
849 808 909 859 μὲν
937 812 969 848 ἐν
1002 811 1126 861 βραχεῖ

100 871 160 909 καὶ
176 870 264 922 μετὰ
281 876 392 909 ταῦτα
410 869 551 923 ᾐνίξατο
573 869 691 917 εἰπὼν,
707 869 777 908 Καὶ
793 872 809 907 6
826 869 937 921 Λόγος
956 870 1040 922 σὰρξ
1056 870 1128 921 ἐγέ-

101 947 195 970 νετο·
215 931 260 970 τὰ
281 931 316 970 δὲ
339 932 430 970 ἄλλα
448 932 565 970 πάντα
583 929 839 983 παραδραμὼν,
864 930 927 977 τὴν
947 930 1129 982 σύλληψιν,

101 994 158 1032 τὸν
181 992 295 1041 τόκον,
311 992 374 1039 τὴν
398 992 608 1045 ἀνατροφὴν,
628 991 690 1039 τὴν
720 991 875 1040 αὔξησιν,
900 992 1022 1036 εὐθέως
1052 992 1131 1044 περὶ

100 1058 163 1101 τῆς
188 1054 297 1093 ἀϊδίου
324 1054 517 1106 γεννήσεως
551 1057 637 1104 ἡμῖν
674 1054 865 1104 διηγεῖται;
891 1053 938 1091 Τί
965 1055 1042 1091 ποτ’
1072 1046 1128 1090 οῦν

101 1119 174 1154 ἐστι
200 1115 239 1153 τὸ
266 1115 373 1153 αἴτιον
394 1114 536 1162 τούτων,
556 1114 623 1161 ἤδη
645 1114 730 1166 πρὸς
752 1117 841 1164 ὑμᾶς
858 1115 937 1166 ἐρῶ.
958 1115 1038 1152 Τῶν
1056 1116 1130 1152 λοι-

101 1179 175 1214 πῶν
198 1177 450 1228 εὐαγγελιστῶν
469 1176 508 1215 τὸ
527 1175 630 1214 πλέον
652 1178 685 1214 ἐν
706 1182 775 1219 τοῖς
796 1175 887 1213 κατὰ
916 1176 1030 1229 σάρκα
1056 1178 1130 1214 δια-

100 1238 297 1291 τριψάντων
316 1237 453 1289 λόγοις,
481 1237 554 1281 δέος
583 1232 624 1283 ἦν
647 1242 707 1275 τοῦ
737 1236 784 1287 μή
816 1253 912 1280 τινας
949 1236 1006 1274 διὰ
1033 1242 1132 1275 τοῦτο

101 1305 332 1350 χαμαιπετεῖς
354 1298 453 1342 ὄντας
470 1297 601 1341 τούτοις
619 1300 844 1347 ἐναπομεῐναι
865 1296 980 1348 μόνοις
995 1303 1065 1341 τοῖς
1080 1297 1132 1336 δό-

103 1375 252 1411 γμασιν·
279 1359 298 1398 ὃ
317 1359 377 1397 καὶ
397 1360 537 1402 Παῦλος
569 1359 692 1397 ἔπαθεν
730 1361 748 1396 6
776 1358 1014 1409 Σαμοσατεύς.
1042 1359 1133 1396 ἒιἘκ

104 1420 236 1467 ταύτης
255 1419 366 1458 τοίνυν
385 1420 522 1470 ἀνάγων
546 1422 607 1466 τῆς
631 1418 871 1471 χαμαιζηλίας
889 1418 967 1462 τοὺς
990 1419 1135 1469 μέλλον-

103 1498 165 1525 τας
184 1484 432 1531 ἐμπεσεῖσθαι,
451 1480 510 1518 καὶ
540 1483 587 1523 εἷς
612 1481 670 1518 τὸν
690 1480 831 1532 οὐρανὸν
854 1479 1026 1526 ἀνέλκων,
1049 1480 1135 1518 εἰκό-

104 1560 173 1587 τως
187 1543 316 1581 ἆίνωθεν
333 1542 394 1580 καὶ
420 1544 457 1580 ἐκ
478 1544 540 1587 τῆς
556 1540 736 1594 ὑπάρξεως
765 1544 827 1587 τῆς
853 1540 963 1579 ἀϊδίου
984 1548 1136 1580 ποιεῖται

104 1608 166 1651 τῆς
187 1603 379 1655 διηγήσεως
413 1602 476 1650 τὴν
510 1601 635 1655 ἀρχήν.
657 1604 730 1640 Τοῦ
769 1601 830 1653 μὲν
858 1601 925 1654 γὰρ
952 1602 1137 1641 Ματθαίου

104 1665 173 1704 ἀπὸ
188 1663 346 1717 (Ηρώδου
373 1667 432 1702 τοῦ
464 1662 654 1715 βασιλέως,
676 1667 735 1701 τοῦ
764 1664 883 1701 Λουκᾶ
916 1661 951 1700 δὲ
986 1664 1055 1703 ἀπὸ
1075 1665 1107 1702 Τ
1112 1680 1138 1701 ι-

106 1726 220 1780 &pion
235 1731 294 1764 τοῦ
315 1725 515 1778 Καίσαρος,
537 1729 597 1764 τοῦ
617 1723 652 1763 δὲ
670 1724 818 1778 Μάρκου
840 1725 910 1763 ἀπὸ
926 1728 985 1763 τοῦ
1010 1725 1139 1776 βαπτί-

108 1804 243 1839 σματος
273 1787 436 1825 Ἰωάννου
465 1787 550 1839 πρὸς
587 1785 650 1832 τὴν
690 1786 850 1837 διήγησιν
894 1785 1139 1834 εἷσὸαλόντων,

378 1846 394 1867 b

106 1849 226 1887 πάντα
247 1853 357 1886 ταῦτα
404 1847 501 1899 ἀφεὶς
534 1850 647 1894 οὗτος,
681 1845 844 1899 ἀνωτέρω
874 1847 1004 1890 παντὸς
1031 1847 1141 1886 ἄνεισι

108 1909 235 1963 χρόνου
254 1925 292 1947 τε
311 1908 370 1947 καὶ
391 1911 534 1956 αἰῶνος,
555 1910 625 1947 ἐκεῖ
648 1907 711 1954 τὴν
740 1907 893 1946 διάνοιαν
922 1911 990 1945 τῶν
1012 1911 1141 1961 ἀκροα-

106 1973 175 2009 τῶν
199 1969 386 2014 ἀκοντίζων
407 1970 493 2022 πρὸς
513 1969 572 2017 τὸ,
589 1969 650 2007 Ἐν
679 1971 771 2021 ἀρχῇ
794 1963 850 2016 ἦν,
869 1968 930 2006 καὶ
950 1970 1011 2006 οὐκ
1031 1969 1142 2021 ἀφιεὶς
1163 1979 1186 2010 C

108 2031 234 2079 στῆναί
259 2030 435 2079 που,οὒδὲ
459 2030 537 2084 ὅρον
562 2030 687 2077 τιθεὶς,
718 2029 877 2082 καθάπερ
909 2032 1052 2078 ἐκεῖνοι,
1084 2031 1141 2069 τὸν

109 2093 271 2147 Ἡρώδην
308 2093 368 2131 καὶ
400 2093 457 2132 τὸν
472 2092 636 2146 Τιὸέριον
660 2092 719 2130 καὶ
744 2092 802 2130 τὸν
838 2092 1017 2140 Ἰωάννην.
1038 2091 1087 2131 ὁΟ
1107 2093 1143 2131 δὲ

109 2155 201 2201 ἄξιον
235 2154 354 2206 εμετὰ
386 2154 514 2193 τούτων
547 2153 746 2205 θαυμάσαι,
775 2156 886 2193 ἐκεῖνο
912 2155 1067 2205 μάλιστα
1097 2159 1142 2194 εἰ-

108 2224 186 2257 πεῖν
236 2219 342 2265 ἐστιν,
376 2216 429 2255 ὅτι
469 2216 547 2255 οὔτε
577 2210 673 2260 οὗτος
711 2216 797 2269 πρὸς
831 2216 888 2254 τὸν
930 2216 1140 2270 ὑψηλότερον

109 2278 229 2317 ἑαυτὸν
257 2278 358 2330 λόγον
394 2277 506 2330 ἀφιεὶς
532 2280 595 2324 τῆς
616 2277 815 2328 οἰκονομίας
844 2277 1042 2329 ἠμέλησεν·
1064 2279 1142 2318 οὔτε

110 2343 235 2379 ἐκεῖνοι
264 2338 327 2387 τὴν
348 2340 427 2393 περὶ
457 2339 588 2386 ταύτης
614 2339 865 2384 ἐσπουδακότες
885 2340 1058 2392 διήγησιν,
1078 2341 1140 2389 τὴν

108 2400 316 2454 προαιώνιον
343 2400 508 2453 ἐσίγησαν
547 2399 714 2453 ὕπαρξιν·
764 2401 824 2439 καὶ
857 2400 953 2452 μάλα
988 2401 1139 2445 εἰκότως.

109 2461 174 2502 “Ὲν
206 2463 272 2515 γὰρ
306 2456 348 2509 ἦν
387 2463 427 2501 τὸ
460 2464 611 2514 Πνεῦμα
652 2462 693 2501 τὸ
726 2467 839 2501 κινοῦν
875 2462 937 2506 τὰς
976 2462 1138 2501 ἁπάντων

109 2525 241 2578 ψυχάς·
268 2525 320 2563 διὸ
347 2525 407 2563 καὶ
438 2523 571 2571 πολλὴν
611 2523 691 2576 περὶ
718 2523 781 2571 τὴν
813 2523 1030 2575 ἀπαγγελίαν
1059 2527 1141 2562 ἐπε-

112 2585 265 2629 δείξαντο
308 2585 372 2631 τὴν
412 2584 587 2635 ὁμόνοιαν.
627 2583 677 2621 Σὺ
721 2582 773 2631 δὲ,
817 2582 995 2635 ἀγαπητὲ,
1028 2584 1139 2636 Λόγον

114 2645 283 2694 ἀκούσας,
307 2645 482 2697 μηδέποτε
507 2645 646 2697 ἀνάσχῃ
667 2647 735 2682 τῶν
762 2644 931 2696 λεγόντων
953 2645 1050 2698 ἔργον
1081 2649 1141 2684 αὐ-

111 2708 168 2746 τὸν
189 2701 295 2756 εἶναι,
313 2706 404 2746 ἀλλὰ
431 2705 520 2758 μηδὲ
551 2709 618 2744 τῶν
650 2705 769 2749 ἁπλῶς
799 2704 899 2757 λόγον
921 2707 1021 2744 αὐτὸν
1053 2700 1140 2755 εἶναι

112 2768 332 2820 νομιζόντων.
350 2768 483 2806 Πολλοὶ
513 2766 573 2818 μὲν
605 2766 672 2820 γὰρ
702 2768 733 2804 οἱ
762 2770 821 2804 τοῦ
840 2768 932 2805 Θεοῦ
953 2766 1065 2819 λόγοι,
1086 2767 1141 2811 οὒς

112 2829 171 2867 καὶ
191 2829 332 2882 ἄγγελοι
352 2833 521 2876 ποιοῦσιν,
539 2826 617 2866 ἀλλ’
639 2826 748 2870 οὐδεὶς
764 2825 903 2865 ἐκείνων
929 2830 997 2865 τῶν
1029 2827 1139 2879 λόγων

1055 2887 1140 2927 dmi

112 2951 369 3004 προστάγματα
392 2948 505 2997 (οὕτω
527 2949 596 3003 γὰρ
618 2948 691 2992 ἔθος
708 2951 751 3000 τῇ
769 2949 894 3001 Γραφῇ
922 2951 1039 2987 καλεῖν
1064 2949 1141 2994 τοὺς

111 2890 218 2938 Θεὸς,
252 2891 328 2928 ἀλλ’
365 2892 489 2927 ἐκεῖνοι
529 2888 590 2940 μὲν
632 2888 781 2931 ἅπαντες
814 2894 1022 2940 προφητεῖαι

113 3011 237 3062 νόμους
263 3016 323 3049 τοῦ
349 3012 441 3050 Θεοῦ
453 3041 462 3058 ,
478 3011 538 3049 καὶ
557 3009 601 3048 τὰ
623 3009 848 3060 ἐπιτάγματα
861 3040 870 3058 ,
887 3009 947 3048 καὶ
975 3010 1035 3054 τὰς
1050 3028 1141 3064 προ-

113 3071 272 3124 φητείας·
294 3072 346 3110 διὸ
373 3071 434 3109 καὶ
454 3070 577 3123 ἐπάγει
609 3069 720 3122 λέγων
757 3070 838 3123 περὶ
867 3073 934 3108 τῶν
973 3072 1141 3123 ἀγγέλων,

115 3138 266 3176 Δυνατοὶ
287 3137 400 3190 ἰσχύϊ,
415 3143 591 3182 ποιοῦντες
612 3138 669 3176 τὸν
689 3137 790 3189 λόγον
819 3139 969 3189 αὖτοῦ)·
990 3133 1086 3182 οὗτος
1106 3139 1141 3176 δὲ

116 3209 133 3243 ὁ
151 3204 262 3257 Λόγος
283 3204 383 3243 οὐσία
399 3204 451 3249 τίς
467 3207 558 3244 ἐστιν
576 3205 803 3249 ἐνυπόστατος
814 3235 824 3253 ,
847 3204 882 3249 ἐξ
901 3207 1002 3244 αὐτοῦ
1021 3209 1143 3258 προελ-

160 3317 174 3331 a
199 3305 263 3338 Alii
278 3311 309 3339 ἐκ
326 3309 438 3344 ταύτης
452 3308 500 3340 οὖν
514 3313 641 3350 ἀνάγων.

168 3360 185 3383 b
210 3357 271 3390 Alii
289 3364 369 3403 ἀφεὶς
386 3363 483 3397 αὐτὸς.

162 3421 174 3433 ⁰
200 3410 300 3444 sax-il.
318 3417 398 3453 μετὰ
416 3415 518 3453 τούτο,
535 3411 651 3444 Morel.
682 3418 762 3455 μετὰ
781 3415 892 3447 τούτων
905 3439 912 3452 ,
932 3419 965 3444 et
989 3412 1034 3445 sic
1058 3413 1134 3445 Mss.

1144 597 1156 618 2
1159 595 1173 618 7

1147 633 1173 661 Λ

2120 230 2168 271 ‘31

1279 240 1342 268 ιν.
1381 226 1440 270 al.
1482 241 1551 269 ιιι.

1192 320 1254 358 alii
1276 321 1501 372 evangelista:
1526 322 1570 360 ab
1590 322 1828 360 incarnatione
1851 323 1983 360 Christi
2006 325 2075 360 orsi
2098 334 2178 361 sunt
2235 339 2293 365 cm·
2332 340 2378 365 „m

1194 384 1301 428 (nam
1318 382 1508 420 Mattliaeus
1528 382 1578 420 sic
1594 382 1734 421 orditur
1760 398 1767 418 :
1797 384 1910 421 Liber
1922 387 2178 435 generationis
2193 380 2371 446 CJ³¹JSLJ¹¹¹⁵¹³¹²

1193 443 1288 480 Jesu
1323 443 1479 489 Christi,
1490 444 1568 495 filii
1598 444 1728 483 David
1742 460 1755 487 ;
1772 444 1885 481 Lucas
1915 444 2016 481 nobis
2034 458 2071 480 ea
2102 457 2177 493 qnae
2193 430 2383 489 ῗῑζηῖἶμλῖζῖῗ,

1195 502 1350 540 Mariam
1373 513 1530 555 spectant
1564 504 1597 541 in
1632 503 1808 556 principio
1842 514 2000 553 enarrat,
2037 506 2180 541 Marcus
2194 505 2262 533 24⁸¹-
2289 503 2381 530 ‘¹0³¹‘-

1196 578 1281 602 vcro
1299 564 1429 601 similia
1444 565 1516 602 fere
1537 566 1684 617 profert,
1708 581 1754 603 ex
1776 565 1942 618 Baptista*
1966 565 2113 603 historia
2127 581 2184 602 or-
2196 555 2326 612 ἓξ,”.””’”
2338 554 2382 570 δ”,

1196 629 1293 674 sus),
1310 627 1462 664 Joannes
1481 626 1519 664 id
1532 626 1655 678 paucis
1668 636 1701 664 et
1715 636 1794 679 post
1808 626 1869 664 illa
1885 626 2002 678 priora
2018 626 2183 664 subindi-

1197 686 1292 724 cavit
1308 686 1364 723 his
1375 686 1507 734 verbis,
1521 689 1558 725 E
1563 697 1574 725 t
1590 689 1757 725 Verbum
1776 690 2023 741 carofactum
2040 697 2185 734 eSC,Cffl-
2202 716 2228 732 v.
2252 714 2259 731 ι
2267 702 2296 740 4,

1198 747 1350 798 terisque
1364 747 1528 785 omnihus
1541 749 1801 800 praetermissis,
1817 748 2058 800 conceptione,
2071 758 2186 800 partu,

1198 808 1419 858 educatione,
1435 808 1662 858 incremento,
1677 819 1843 848 aeternam
1859 809 1978 846 statim
1992 810 2186 860 generatio-

1200 883 1280 906 nem
1295 868 1397 907 nohis
1412 871 1575 908 enarrat?
1589 871 1764 917 Quaenam
1776 870 1905 908 horum
1919 886 2023 908 causa
2035 871 2093 917 sit,
2112 871 2187 922 jam

1200 930 1302 968 vobis
1326 930 1455 968 dicam.
1475 932 1566 969 Cum
1590 932 1705 970 caeteri
1727 931 1952 983 evangelistae
1976 932 2021 970 de
2043 931 2086 969 iis
2110 946 2188 981 qua}

1200 1005 1340 1029 carnem
1363 1001 1522 1045 spectant
1538 1002 1578 1030 ut
1600 993 1798 1045 plurimum
1821 994 1929 1031 verba
1953 993 2127 1037 fecissent7
2144 993 2187 1028 ti-

1201 1052 1371 1091 mendum
1388 1063 1476 1102 erat,
1497 1069 1539 1092 ne
1562 1054 1722 1107 quipiam
1739 1054 1840 1091 humi
1860 1064 2017 1106 repentes
2036 1053 2072 1091 in
2094 1053 2189 1090 hisce

1201 1113 1430 1165 dogmatibus
1455 1115 1683 1153 consisterent
1691 1131 1702 1166 3
1721 1115 1819 1166 quod
1843 1124 1875 1152 et
1895 1115 2006 1152 Paulo
2026 1115 2187 1152 Samosa-
2287 1131 2390 1156 μάμμῃ

1200 1177 1290 1214 tensi
1310 1177 1470 1228 contigit.
1487 1177 1545 1215 Ex
1567 1178 1634 1215 hac
1656 1177 1767 1229 igitur
1792 1177 1928 1229 abjecta
1951 1176 2117 1229 opinione
2134 1174 2391 1240 1-0-5,ξΨωῡῗιῑιῖἓι·ἰ

1203 1237 1336 1276 ducens
1355 1253 1412 1276 eos
1436 1239 1498 1288 qui
1516 1239 1650 1290 lapsuri
1675 1249 1788 1286 erant,
1802 1249 1835 1276 et
1857 1239 1904 1276 ad
1919 1239 2021 1277 coelos
2039 1238 2188 1290 erigens,
2205 1227 2292 1291 Ῑ-ζμι,

1199 1300 1280 1352 jure
1303 1313 1348 1337 ex
1372 1313 1523 1351 superna
1557 1309 1755 1351 aeternaque
1788 1299 1992 1338 exsistentia
2022 1299 2191 1337 narrandi

1203 1360 1423 1413 principium
1440 1360 1551 1398 ducit.
1566 1361 1660 1398 Nam
1682 1375 1764 1398 cum
1781 1361 1974 1399 Matthaeus
1992 1361 2037 1398 ab
2052 1359 2191 1397 Herode

1204 1435 1299 1472 rege,
1325 1422 1439 1458 Lucas
1462 1436 1482 1458 a
1506 1421 1654 1459 Tiberio
1684 1422 1837 1469 Caesare,
1861 1423 2004 1459 Marcus
2032 1436 2051 1458 a
2074 1421 2191 1473 bapti-

1205 1491 1315 1519 smate
1337 1482 1482 1521 Joannis
1505 1482 1743 1520 narrationem
1765 1482 2057 1534 coepissent:istis
2079 1483 2193 1520 omni-

1204 1543 1272 1580 bus
1290 1542 1351 1580 ille
1364 1542 1517 1590 omissis,
1536 1542 1658 1580 statim
1679 1557 1788 1595 supra
1811 1552 1951 1595 tempus
1969 1552 2002 1580 et
2025 1544 2195 1580 sceeulum

1206 1619 1310 1643 omne
1322 1604 1538 1654 conscendit,
1546 1604 1704 1655 illucque
1710 1604 1918 1643 auditorum
1930 1614 2083 1642 mentem
2096 1605 2196 1655 quasi

1203 1667 1401 1718 jaculatur,
1426 1681 1509 1704 cum
1537 1666 1604 1715 ait,
1629 1669 1677 1705 In
1715 1669 1906 1717 principio
1945 1675 2027 1704 erat
2052 1682 2061 1702 :
2086 1680 2198 1717 neque

1208 1727 1423 1766 consistendi
1445 1729 1565 1767 loc-um
1586 1727 1769 1778 relinquit,
1784 1743 1896 1779 neque
1918 1728 2111 1766 terminum
2133 1743 2197 1781 po-

1209 1789 1275 1838 nit,
1290 1799 1329 1828 ut
1341 1790 1408 1840 illi,
1424 1790 1604 1829 Herodem
1616 1805 1752 1843 nempe,
1765 1790 1954 1828 Tiberium
1968 1800 2002 1829 et
2014 1792 2196 1830 Joannem.

1211 1852 1268 1890 Ad
1291 1852 1380 1901 haec,
1404 1852 1499 1903 quod
1523 1866 1747 1904 summopere
1772 1851 1990 1900 mirandum,
2006 1865 2118 1902 neque
2139 1851 2198 1888 hic

1210 1913 1454 1952 sublimiorem
1467 1927 1651 1965 aggressus
1664 1927 1871 1963 sermonem,
1880 1912 2110 1951 oeconomiam
2123 1912 2198 1951 sive

1212 1975 1490 2013 incarnationem
1512 1974 1670 2025 neglexit
1678 1990 1688 2024 3
1708 1989 1832 2025 neque,
1848 1974 1910 2024 qui
1932 1988 2010 2012 eam
2032 1987 2198 2012 narrave—

1212 2046 1314 2085 runt,
1334 2036 1432 2074 illius
1454 2045 1534 2073 ante
1559 2037 1687 2073 saecula
1720 2036 1962 2074 exsistentiam
1991 2045 2176 2074 tacuerunt
2184 2051 2196 2085 3

1213 2097 1323 2149 idque
1330 2099 1411 2151 jure
1429 2097 1565 2135 merito.
1590 2099 1693 2135 Unus
1717 2098 1850 2150 quippe
1872 2098 2029 2150 Spiritus
2051 2106 2126 2135 erat
2139 2098 2200 2148 qui

1213 2176 1333 2200 omnes
1357 2161 1523 2200 movebat
1532 2177 1542 2210 ;
1568 2160 1719 2211 ideoque
1740 2175 1911 2213 magnum
1938 2161 1974 2199 in
2001 2161 2200 2199 narratione

1212 2238 1421 2262 consensum
1444 2222 1696 2261 exhibuerunt.
1723 2224 1780 2260 Tu
1810 2238 1913 2271 vero,
1940 2223 2089 2273 dilecte,
2118 2237 2200 2261 cum

1210 2285 1376 2325 Verbum
1388 2284 1505 2333 audis,
1519 2298 1561 2322 ne
1578 2284 1668 2322 feras
1682 2299 1739 2321 eos
1753 2284 1814 2334 qui
1837 2284 1962 2323 dicunt
1981 2285 2098 2336 ipsum
2121 2284 2198 2336 opi-

1209 2347 1334 2386 ficium
1356 2361 1428 2385 esse
1436 2362 1447 2397 3
1472 2361 1585 2397 neque
1608 2361 1664 2384 eos
1691 2346 1751 2396 qui
1771 2355 1897 2398 putant
1920 2346 2037 2397 ipsum
2060 2345 2197 2396 simpli-

1210 2409 1297 2447 citer
1313 2408 1465 2448 verbum
1486 2422 1570 2446 esse.
1591 2407 1707 2445 Multa
1731 2421 1856 2458 nempe
1878 2416 1959 2444 sunt
1982 2405 2049 2444 Dei
2073 2407 2196 2455 verba,
2266 2429 2402 2457 Verbum

1211 2484 1289 2520 quae
1307 2479 1341 2507 et
1360 2468 1476 2520 angeli
1494 2468 1650 2517 faciunt,
1676 2467 1740 2504 sed
1761 2467 1902 2504 nullum
1925 2467 2095 2505 horumce
2112 2482 2195 2506 ver-
2212 2471 2284 2509 quid
2299 2473 2348 2499 sib

1209 2531 1338 2568 borum
1353 2532 1449 2568 Deus
1465 2538 1515 2566 est
1524 2544 1535 2579 3
1555 2542 1681 2566 verum
1696 2527 1758 2565 illa
1775 2528 1893 2566 omnia
1906 2537 1987 2565 sunt
2002 2528 2198 2580 prophetiae

1210 2602 1244 2630 et
1264 2600 1439 2644 praecepta
1463 2589 1538 2638 (sic
1562 2589 1657 2627 enim
1686 2588 1774 2627 solet
1804 2589 1990 2642 Scriptura
2008 2605 2136 2629 vocare
2149 2591 2199 2629 le-

1211 2667 1270 2705 ges
1287 2652 1366 2700 Dei,
1382 2660 1558 2704 prcecepta
1582 2659 1616 2688 et
1638 2649 1842 2703 prophetias
1866 2666 1873 2687 :
1897 2650 2048 2702 ideoque
2071 2652 2115 2690 de
2137 2667 2199 2690 an-

1211 2714 1298 2766 gelis
1317 2712 1456 2766 adjicit,
1475 2714 1657 2750 Potentes
1672 2714 1818 2750 virtute
1821 2712 2022 2765 facientes
2041 2716 2198 2752 verbum
2219 2736 2302 2766 Psal.
2335 2743 2403 2764 102·

1211 2776 1342 2823 illius)
1362 2790 1369 2811 :
1388 2774 1456 2812 hoc
1471 2782 1591 2812 autem
1613 2773 1777 2812 Verbum
1796 2774 1993 2812 substantia
2007 2783 2058 2812 est
2074 2774 2110 2812 in
2130 2775 2199 2827 hy-
2217 2785 2267 2805 20-

1211 2836 1355 2889 postasi,
1376 2850 1453 2887 quae
1476 2850 1495 2873 a
1513 2835 1617 2873 Patre
1638 2834 1713 2873 sine
1732 2835 1893 2887 passione
1908 2835 2081 2888 procedit.
2102 2836 2201 2874 Illud

1211 2898 1319 2947 enim,
1334 2907 1374 2936 ut
1395 2897 1490 2946 dixi,
1510 2912 1573 2950 per
1589 2896 1702 2938 Verbi
1725 2897 2000 2950 appellationem
2020 2897 2201 2949 significa-

1211 2960 1277 3001 vit.
1304 2959 1620 3007 Quemadmodum
1658 2959 1770 3011 igitur
1802 2958 1912 3008 illud,
1937 2962 1987 2997 In
2013 2962 2202 3011 principio

1213 3031 1296 3060 erat
1318 3023 1499 3071 Verbum,
1520 3020 1754 3059 aeternitatem
1778 3020 1946 3059 denotat:
1966 3021 2015 3059 ita
2037 3030 2071 3059 et
2097 3020 2202 3071 illud,

1214 3085 1300 3122 Hoc
1331 3092 1415 3122 erat
1440 3085 1481 3120 in
1495 3085 1685 3135 principio
1706 3084 1812 3134 apud
1832 3083 1971 3133 Deum,
1985 3083 2203 3121 coaeternita-

1214 3156 1286 3184 tem
1302 3145 1405 3184 nobis
1421 3145 1612 3196 significat.
1633 3144 1777 3182 Etenim
1792 3159 1834 3182 ne
1851 3144 2012 3189 audiens,
2034 3148 2081 3182 In
2095 3148 2203 3195 prin-

1217 3209 1314 3258 cipio
1330 3215 1411 3245 erat
1430 3207 1609 3255 Verbum,
1624 3214 1794 3244 aeternum
1812 3205 1956 3256 quidem
1971 3203 2205 3254 existimares,

1200 3309 1308 3344 multi.

1245 3363 1257 3382 ‘¹
1282 3361 1429 3404 Quidam
1453 3366 1500 3396 καὶ
1514 3367 1661 3407 πρᾶγμ-ατ
1673 3377 1701 3396 κ.
