2507 3673
526 171 566 199 lx
606 171 646 200 ΙΙ
654 171 675 199 Ι
681 171 760 213 ΙΙΙ),

800 170 1127 201 (OLLEGERUNT
1162 170 1298 200 JUDFJ
1334 169 1577 200 CONClLlUM
1595 190 1606 211 ‚
1647 170 1746 200 ETc.

2065 152 2156 199 663

81 268 123 302 με
110 268 142 289 ν
178 268 211 291 εν
239 253 389 325 Χριστῳ
415 252 530 298 Ἰησοῦ
555 269 605 303 τῳ
630 253 750 306 Κυρίω
774 255 888 304 ἡμῶν,
910 270 939 305 ῳ
967 257 988 299 ἠ
1021 251 1102 296 δόξα
1125 249 1156 315 ξ’
1179 250 1310 298 Judaei‚
1331 250 1415 287 etin
1433 249 1589 288 caedibus
1608 249 1653 286 ab
1684 250 1732 286 eis
1753 248 1899 297 eruditi,
1915 248 1961 287 ad
1977 248 2161 286 Christum

79 326 136 347 Χᾱῑ
159 326 198 348 ‘to
219 326 343 363 κράτος
361 311 408 353 Εἷς
430 325 509 353 Tou:
528 312 654 355 αἰῶνας
672 328 741 350 των
759 328 905 351 ottonum.
927 311 1048 362 Ἀμην.

1179 301 1467 339 interficiendum
1484 301 1631 353 impulsi
1647 309 1740 348 sunt,
1749 300 1819 338 lsai
1823 315 1880 337 nn
1895 310 2091 350 secuerunt,
2104 303 2160 340 Je-

1179 353 1326 391 remiam
1361 353 1630 397 interfecerunt,
1648 352 1816 390 Nabuthe
1852 353 2065 403 lapi‹lar‚unt
2099 353 2163 390 Za-

1180 406 1340 444 chariam
1354 405 1574 453 occiderunt,
1593 405 1779 443 Christum
1809 404 2074 441 ciucisixciunt.
2090 407 2163 444 Ve-

1178 468 1378 496 rumtamen
1396 458 1470 496 illis
1489 459 1535 496 ob
1554 458 1647 495 mala
1673 471 1736 495 sua
1755 457 1892 495 luctum
1918 457 2163 506 iclinquentes,

1177 509 1224 548 ad
1233 511 1323 549 sacri
1336 511 1498 564 mysterii
1509 512 1627 549 lumen
1639 524 1866 548 accurramus
1878 510 1913 547 in
1929 509 2069 546 Christo
2081 510 2163 547 Iesu

1178 564 1333 602 Domino
1365 573 1496 613 nostro,
1518 564 1574 602 cui
1596 563 1707 616 gloria
1727 572 1760 601 et
1794 571 1946 615 potestas
1968 562 2004 599 in
2036 561 2164 598 saecula

1178 617 1402 655 saeculorum.
1420 619 1543 655 Amen.

851 891 1394 976 MONITUM

617 1074 688 1121 IN
722 1074 1118 1122 SERMONEM
1155 1076 1614 1139 SEQUENTEM.

133 1237 233 1274 Hanc
252 1250 393 1287 quoque
412 1236 608 1274 mationem
626 1237 787 1288 spuriam
805 1250 879 1275 esse
897 1238 1015 1276 omnia
1037 1238 1245 1291 praedicant,
1266 1249 1388 1294 utpote
1409 1241 1579 1292 flosculis,
1600 1243 1937 1295 exclamationibus,
1959 1246 2159 1299 interroga-

82 1301 240 1340 tionibus
258 1300 375 1351 inepte
390 1298 660 1337 ledundantem.
676 1299 819 1338 Adsunt
837 1300 922 1338 item
936 1315 1041 1340 voces
1060 1316 1130 1341 non
1147 1317 1270 1355 paucae
1289 1304 1327 1342 in
1345 1314 1418 1342 tam
1433 1304 1537 1344 brevi
1552 1306 1738 1358 opusculo,
1764 1307 2019 1360 Chrysostomo
2050 1310 2162 1348 inusi-

79 1374 172 1402 tatae.
197 1364 297 1401 Hanc
318 1376 458 1413 quoque
476 1362 682 1400 concionem
698 1363 889 1401 Severiano
909 1363 1114 1416 adscripsit,
1133 1365 1243 1416 idque
1262 1381 1308 1404 ex
1326 1368 1528 1419 conjectura
1547 1377 1699 1418 tantum,
1725 1384 1880 1422 nuperus
1907 1371 1968 1408 ille
1995 1372 2157 1424 scriptor.

79 1426 159 1478 Ego
175 1427 236 1464 hic
250 1425 483 1463 Severianum
501 1438 571 1462 non
590 1438 755 1476 agnosco.
776 1426 867 1463 Puto
883 1435 1001 1463 autem
1014 1426 1107 1464 hanc
1123 1437 1158 1465 et
1187 1427 1276 1466 duas
1299 1439 1480 1480 sequentes
1516 1430 1679 1481 ejusdem
1697 1446 1770 1469 esse
1791 1433 1984 1485 scriptoris,
2007 1443 2085 1472 tum
2116 1435 2163 1473 ob

78 1489 165 1542 styli
185 1486 473 1534 similitudinem,
499 1496 577 1525 tum
592 1487 690 1538 quia,
711 1496 751 1525 ut
770 1487 904 1526 dicitur
922 1488 958 1526 in
978 1489 1098 1538 titulo,
1117 1489 1235 1542 prima
1253 1491 1377 1529 habita
1398 1491 1467 1529 fuit
1483 1492 1519 1529 in
1540 1501 1660 1530 sancta
1674 1502 1708 1531 et
1726 1508 1855 1545 magna
1874 1495 1961 1534 feria
1976 1497 2128 1535 secunda
2148 1509 2206 1547 με,

79 1564 228 1601 sequens
244 1549 281 1587 in
300 1558 421 1587 sancta
441 1557 474 1586 et
486 1563 616 1601 magna
637 1549 724 1586 feria
743 1549 860 1598 tertia,
875 1549 1003 1588 ultima
1023 1550 1060 1588 in
1080 1561 1201 1590 sancta
1217 1561 1250 1590 et
1268 1566 1398 1604 magna
1428 1553 1516 1592 feria
1535 1562 1675 1604 quarta,
1704 1555 1839 1594 scilicet
1856 1558 2000 1610 majoris
2024 1558 2164 1597 hebdo-

78 1613 192 1650 madae
204 1611 401 1651 secundum
420 1625 527 1649 usum
548 1612 758 1651 Graecorum
777 1627 785 1649 z
802 1626 894 1650 unus
911 1612 1047 1651 scilicet
1063 1613 1128 1652 has
1143 1622 1214 1653 tres
1230 1615 1413 1655 conciones
1441 1616 1656 1654 continenter
1669 1616 1798 1656 habuit
1811 1648 1822 1669 ,
1841 1619 1898 1658 vel
1931 1619 2099 1658 habuisse
2128 1634 2164 1658 se

79 1675 197 1727 fingit.

133 1737 264 1775 Trium
285 1736 529 1789 interpretatio
546 1735 673 1774 Latina
691 1744 743 1774 est
763 1736 954 1776 Frontonis
968 1738 1106 1777 Ducaei.

77 1995 139 2038 Εἰς
155 1994 215 2042 τὸ,
235 1993 437 2047 Συνήγαγον
457 1994 489 2031 οἵ
505 1993 667 2032 Ἰουδαῖοι
685 1993 871 2046 συνέδριον,
891 1994 951 2032 καὶ
971 1994 1101 2047 ἔλεγον·
1126 1998 1152 2027 Α
1173 1997 1215 2034 In
1226 1994 1318 2033 illud
1327 1995 1797 2049 Evangelii‚Collegerunt
1806 1997 1923 2037 Judaei
1934 1999 2143 2038 concilium

449 2054 483 2092 τί
501 2054 725 2106 ποιήσωμεν;

353 2179 412 2230 Τῇ
433 2177 515 2231 ἁγία
530 2179 590 2217 καὶ
610 2179 745 2232 μεγάλῃ
769 2179 812 2232 β’.

130 2301 309 2340 Ἐοίκασιν
319 2302 421 2348 &tx-722
431 2300 647 2349 Ἐκκλησίας
659 2301 818 2354 φίλτατοι
834 2303 1101 2349 παῖδεςνηπίοις

77 2355 281 2403 Οηλάζουσι,
305 2359 376 2397 τοῖς
400 2359 460 2392 τοῦ
485 2354 658 2406 γάλακτος
690 2355 819 2421 τροφὴν
850 2357 928 2394 καθ’
949 2356 1100 2403 εκάστην

76 2408 211 2460 ἡμέραν
229 2409 268 2445 ἐκ
284 2423 346 2453 της
363 2410 535 2458 μητρικῆς
564 2410 670 2454 θηλῆς
698 2409 908 2459 ὑφέλκουσι,
936 2424 996 2446 και
1023 2410 1100 2446 καθ’

78 2461 226 2507 ἑκάστην
244 2463 414 2506 ζητουσιν.
428 2460 504 2498 ’Eoi
496 2476 617 2510 Ικαμεν
634 2460 692 2498 καὶ
708 2464 791 2511 ἧμε·
764 2478 808 2504 ις
829 2462 936 2515 μητρὶ
952 2468 1103 2527 πενιχρᾶ

77 2514 145 2552 υπὸ
176 2512 312 2554 ἀσιτίας
333 2512 562 2577 συσταλΟείσῃ
583 2512 645 2555 τὰς
673 2518 732 2551 τοῦ
762 2514 936 2564 γάλακτος
971 2515 1101 2564 πηγάς.

77 2565 187 2604 Καὶ”
163 2581 305 2617 ωσπερ,
331 2564 460 2603 ὁπόταν
482 2580 534 2608 τις
558 2565 612 2616 ἴδῃ
636 2581 771 2631 μητερα
789 2566 869 2618 φι)’
851 2582 990 2605 οτεκνον
1012 2568 1102 2618 ἄφο-

79 2635 135 2671 ρον
151 2619 346 2667 γάλακτος,
377 2617 436 2655 καὶ
456 2618 522 2656 ὑπὸ
545 2617 630 2655 ἰδίου
654 2618 773 2657 τέκνου
795 2621 1102 2670 κατακλαυθμυρι-

77 2672 237 2722 ζομένην,
256 2687 315 2709 και
339 2675 582 2721 προστιθεῖσαν
605 2670 668 2716 τὴν
695 2671 818 2718 θηλὴν,
838 2674 902 2724 οὐχ
921 2688 975 2709 ινα
991 2672 1049 2736 Θρέ
1051 2673 1100 2723 ψῃ

77 2725 116 2763 τὸ
132 2724 284 2769 παιοίον,
305 2725 409 2762 ἀλλ’
402 2723 459 2761 ι’να
478 2740 536 2761 του
557 2725 844 2790 κὶαυθιιυρισμοῧ
863 2724 1101 2775 καταπαύσῃ·

77 2776 168 2816 οὕτω
187 2776 246 2814 καὶ
268 2780 362 2827 ἡμᾶς
391 2777 454 2845 δεῖς]
470 2782 611 2815 σκοπεῖν
643 2793 681 2814 τε
698 2776 914 2844 πάσχοντας
933 2776 977 2815 τὰ
996 2776 1101 2825 αὐτὰ,

76 2845 136 2867 και
166 2834 346 2872 ποιοῦντας
368 2828 413 2867 τὰ
433 2846 549 2880 ουιοια.
572 2829 644 2867 Koa
670 2846 737 2881 γαρ
765 2833 867 2881 ημεῖς
896 2833 1043 2895 ὁρωντες
1063 2830 1102 2868 τὸ

76 2882 149 2920 νέον
169 2886 271 2920 τοῦτο
292 2881 457 2932 σύστημα
477 2898 544 2920 των
565 2885 626 2928 τῆς
646 2882 758 2920 Ἐκκλ
760 2882 861 2928 ησίας
881 2882 1013 2921 παίσων
1034 2899 1101 2920 πε-

77 2933 271 3001 ριεστώτων
288 2936 376 2972 κυκ)
379 2935 469 2983 όθεν,
491 2951 551 2973 και
572 2938 638 2973 ἀπε
625 2936 889 2987 κόεχομένων
883 2937 947 2974 τὸ
960 2935 1101 2986 ὶογικον

76 2987 168 3039 γάλα
187 2990 245 3025 τοῦ
265 2988 390 3037 λόγου,
410 2987 474 3033 τὴν
494 2987 603 3034 θηλὴν
620 3004 681 3034 της
700 2988 850 3031 οιανοίας
865 2992 965 3040 ἡμων
985 2990 1056 3040 χα)
1049 3005 1102 3026 ω·

79 3056 154 3091 μεν·
188 3055 253 3091 ουχ
271 3038 328 3077 ἵνα
343 3039 401 3091 Ορέ
386 3041 524 3091 ψωμεν
546 3042 669 3084 αυτούς
699 3042 860 3108 (ἄπειροι
878 3041 944 3093 γὰρ
964 3042 1022 3078 καὶ
1036 3040 1102 3078 πέ-

77 3109 177 3140 νητες
195 3109 245 3145 τῳ
277 3092 329 3130 λό
319 3108 369 3144 γῳ
391 3092 636 3144 τυγχάνομεν),
656 3095 733 3132 ἀλλ’
757 3093 813 3131 ἵνα
833 3094 889 3132 τὸν
910 3094 1014 3132 πόθον
1041 3109 1099 3131 και

76 3146 135 3183 τὸν
154 3147 319 3183 καύσωνα
337 3145 538 3195 παύσωμεν.
559 3145 664 3184 Αλλὰ
685 3148 780 3184 δευτε
794 3175 803 3192 ,
822 3146 997 3198 ἀγαπητοὶ
1012 3177 1022 3194 ,
1044 3147 1101 3184 ἐπὶ

77 3197 136 3235 τὸν
150 3202 209 3236 τοῦ
225 3198 324 3244 ἡλίου
343 3198 480 3250 κήρυκα
498 3198 795 3251 καταδράμωμεν,
813 3199 903 3237 ‘iva'
891 3200 1018 3249 ιδωμεν
1036 3198 1099 3246 τὴν

123 3337 135 3350 ²
159 3326 260 3360 Savil.
277 3328 308 3359 in
326 3339 430 3371 marg.
452 3333 486 3362 τὸ
504 3330 608 3363 ἄδολον
624 3332 744 3371 γάλα...
763 3335 870 3373 ἄποροι
886 3334 956 3373 γάρ.

1126 2794 1149 2822 Β

1360 2066 1395 2096 et
1416 2059 1597 2097 dicebant
1616 2074 1627 2094 .·
1654 2060 1757 2110 Quid
1767 2061 1941 2112 facimus
1959 2065 1975 2097 .-³

1332 2179 1372 2217 In
1394 2187 1514 2218 sancta
1536 2188 1569 2218 et
1581 2192 1708 2232 magna
1727 2180 1815 2218 feria
1833 2178 1997 2218 secunda.

1227 2303 1430 2342 Persimiles
1449 2313 1530 2342 sunt
1563 2304 1774 2356 infantibus,
1812 2305 1874 2356 qui
1907 2304 2008 2343 lactis
2038 2304 2162 2343 alimo-

1173 2355 1271 2393 niam
1307 2366 1452 2409 sugunt,
1486 2357 1655 2396 Ecclesiae
1691 2358 1760 2395 filii
1785 2358 1986 2396 carissimi:
2012 2359 2163 2410 singulis

1173 2408 1301 2446 diebus
1322 2419 1516 2448 maternam
1546 2425 1740 2448 mammam
1767 2420 1910 2462 sugunt,
1940 2420 1975 2448 et
2010 2411 2162 2463 singulis

1175 2461 1301 2500 diebus
1317 2472 1490 2513 quaerunt.
1495 2465 1567 2501 Nos
1585 2478 1726 2514 quoque
1740 2478 1819 2501 cum
1828 2478 1935 2515 egena
1951 2474 2061 2502 matie
2079 2478 2162 2502 con-

1174 2514 1256 2552 seiri
1275 2529 1488 2566 possumus,
1509 2516 1566 2553 cui
1586 2516 1688 2553 lactis
1711 2517 1822 2553 fontes
1841 2526 1987 2569 propter
2005 2516 2163 2555 inediam

1174 2577 1400 2605 exaruerunt.
1432 2568 1478 2605 Et
1512 2568 1813 2619 quemadmodum
1831 2569 1930 2607 videt
1963 2570 2042 2620 quis
2075 2583 2161 2607 non-

1175 2633 1371 2670 numquam
1393 2629 1543 2658 matrem
1570 2621 1731 2658 fili01um
1755 2631 1944 2672 amantem,
1965 2622 2067 2660 lactis
2099 2637 2161 2660 ex-

1175 2682 1324 2724 pertem,
1338 2682 1400 2710 eta
1421 2673 1498 2711 filio
1512 2687 1574 2711 suo
1591 2674 1728 2725 ejulatu
1745 2675 1985 2724 sollicitatam,
1997 2677 2028 2713 ei
2048 2690 2162 2713 mam-

1175 2739 1271 2762 mam
1296 2726 1493 2777 porlige1e‚
1508 2740 1577 2764 non
1596 2736 1634 2763 ut
1650 2727 1820 2765 infantem
1835 2728 1921 2779 alat,
1945 2728 2006 2766 sed
2025 2738 2064 2765 ut
2085 2729 2162 2780 ejus

1175 2777 1270 2815 sedet
1285 2778 1478 2830 ejulatum:
1496 2779 1545 2816 ita
1561 2788 1593 2816 et
1616 2793 1678 2817 nos
1698 2790 1853 2832 spectare
1872 2790 2010 2834 oportet
2028 2783 2162 2833 paliter

1175 2830 1333 2874 affectos,
1355 2840 1388 2868 et
1410 2831 1533 2869 eadem
1555 2832 1732 2870 facientes.
1752 2832 1895 2871 Etenim
1917 2849 1998 2871 cum
2028 2848 2161 2871 noxum

1174 2882 1269 2920 hunc
1288 2883 1446 2921 filiorum
1480 2884 1646 2922 Ecclesiae
1669 2895 1880 2925 conventum
1910 2887 2091 2924 intuemm
2125 2887 2160 2924 in

1174 2936 1296 2973 orbem
1318 2937 1522 2987 astantium,
1542 2947 1576 2975 et
1596 2938 1806 2977 rationabile
1832 2939 2002 2977 orationis
2021 2940 2075 2977 lac
2098 2954 2160 2978 cx—

1174 2990 1421 3040 spectantium,
1459 2991 1585 3028 mentis
1618 3000 1745 3029 nostlae
1773 3006 1966 3051 mammam
1984 2992 2159 3041 laxamus,

1174 3056 1244 3079 non
1259 3051 1299 3079 ut
1311 3056 1369 3080 eos
1389 3043 1524 3080 alamus
1528 3044 1709 3096 ,imperiti
1729 3044 1862 3097 quippe
1879 3059 2014 3095 sumus,
2034 3054 2066 3083 ct
2081 3059 2160 3095 egc-

1174 3094 1211 3131 ni
1231 3109 1404 3144 sermone,
1427 3095 1488 3133 sed
1502 3106 1540 3134 ut
1570 3096 1790 3135 desiderium
1809 3097 2043 3149 ardoremque
2063 3098 2158 3135 sede-

1173 3161 1267 3185 mus.
1296 3150 1551 3187 Verumtamen
1584 3149 1715 3198 adeste,
1748 3150 1984 3199 dilectissimi,
2012 3149 2057 3187 ad
2075 3149 2158 3187 solis

1172 3214 1371 3252 praeconem
1393 3215 1635 3254 accurramus,
1656 3212 1696 3241 ut
1716 3212 1854 3256 palatas
1877 3203 2030 3242 Domino
2062 3203 2157 3239 frau-

2145 2030 2157 2046 7
2175 2021 2265 2048 ιΙοτιιι.
2293 2030 2340 2050 11.
