2481 3678
746 175 787 204 tx
824 174 1031 204 summm
1068 172 1225 202 nomn„
1270 172 1345 202 Lx.
1383 157 1453 201 al.¹

1486 172 1576 201 Lix.
2111 160 2205 219 409

118 263 298 302 Πεινῶντα
325 279 367 314 με
386 264 509 309 εἴδετε,
531 263 590 300 καί
605 265 666 301 οὐκ
685 262 867 315 ἐθρέψατε·
888 263 1060 314 διψῶντα,
1081 259 1141 297 καὶ
1168 261 1192 290 D
1217 259 1362 296 (lucare
1376 274 1390 303 ,·
1407 261 1612 303 sitientem,
1633 266 1667 294 ec
1687 270 1763 293 non
1779 257 1935 294 dedistis
1955 259 2048 294 milti
2063 259 2200 295 bibere.

116 328 176 363 οὐκ
199 325 391 363 ἐποτίσατε.
411 324 606 376 Πορεύεσθε
625 326 671 367 εἷς
689 324 728 362 τὸ
741 327 811 376 πῦρ
829 324 868 362 τὸ
881 320 1141 373 ἡτοιμασμένον

116 390 165 438 τῷ
182 386 332 438 διαῧόλῳ
351 386 410 424 καὶ
428 392 498 429 τοῖς
518 386 674 437 ἀγγέλοις
695 387 813 423 αὐτοῦ·
836 384 895 422 καὶ
913 389 1022 422 ταῦτα
1040 385 1142 420 ἀπει-

115 449 167 485 λεῖ
186 450 262 486 καθ’
283 447 433 494 ἑκάστην
452 447 599 500 ἡμέραν.
617 447 706 484 Ἀλλ’
727 446 874 497 ἔθρεψα,
892 444 1009 496 φησὶν,
1025 441 1140 480 αὐτόν.

117 508 210 545 Πότε
234 507 293 545 καὶ
311 508 421 551 πόσας
445 508 604 560 ·ἡμε’ρας;
633 507 717 545 δέκα
742 506 801 544 καὶ
828 505 960 550 εἴκοσι;
982 503 1072 540 Ἀλλ’
1103 504 1140 540 οὐ

115 575 274 608 τοσοῦτον
296 569 457 620 βούλεται
469 569 590 622 χρόνον
611 569 725 620 μόνον,
741 569 816 606 ἀλλ’
835 565 912 604 ὅσον
928 564 985 602 ἐπὶ
1001 567 1063 610 τῆς
1077 566 1140 610 γῆς

116 631 314 682 διατρίὸεις,
334 630 435 668 Ἐπεὶ
455 631 513 668 καὶ
537 634 572 668 αἱ
600 628 764 682 παρθένοι
795 621 886 678 εἶχον
915 624 1042 672 ἔλαιον,
1064 625 1140 662 ἀλλ’

115 695 176 730 οὐκ
202 696 325 743 ἀρκοῦν
366 693 450 744 πρὸς
488 692 662 743 σωτηρίαν
701 693 829 732 αὐταῖς.
871 687 940 726 Καὶ
977 686 1046 740 γαρ
1082 686 1141 724 καὶ

116 748 218 791 αῧται
238 757 372 806 ἀνῆψαν
390 754 450 797 τὰς
470 753 675 804 λαμπάδας,
694 752 769 788 ἀλλ’
786 748 1063 795 ἀπεκλείσθησαν
1082 752 1142 786 τοῦ

115 819 319 867 νυμφῶνος·
355 816 414 853 καὶ
444 814 539 865 μάλα
567 813 720 854 εἰκότως.
752 811 936 863 Ἴζιρθησαν
967 809 1034 862 γὰρ
1061 810 1142 847 σοὶε-

115 880 249 914 σθεῖσαι
280 877 347 929 πρὸ
373 880 435 921 τῆς
455 880 515 913 τοῦ
536 873 683 926 νυμφίου
713 871 916 926 παρουσίας.
943 871 1011 908 Διὰ
1040 874 1142 909 τοῦτο

113 939 240 975 πολλοῦ
262 941 346 987 ἡμῖν
368 938 419 974 δεῖ
444 941 503 974 τοῦ
524 934 656 983 ἐλαίου,
676 934 736 972 καὶ
755 934 919 986 δαψιλοῦς
938 937 1000 980 τῆς
1021 935 1150 985 φιλαν-’

113 997 281 1049 θρωπίας.
300 998 464 1036 Ἄκουσον
481 1001 559 1048 γοῦν
578 996 612 1034 τί
632 1011 734 1049 φησιν
756 999 773 1033 ὁ
791 995 972 1048 προφήτης
989 1011 996 1017 ·
1014 993 1142 1041 Ἐλέη-

115 1059 172 1098 σόν
194 1076 248 1110 με,
270 1062 286 1097 ὃ
306 1060 406 1105 (θεὸς,
430 1059 521 1097 κατὰ
539 1059 579 1097 τὸ
606 1058 697 1110 μέγα
719 1056 812 1100 ἔλεός
833 1073 903 1095 σου.
920 1058 1054 1094 Οὐκοῦν
1082 1057 1141 1094 καὶ

114 1123 207 1171 ἡμᾶς
237 1121 313 1165 τοὺς
340 1121 486 1167 πλησίον
504 1120 612 1163 οὕτως
640 1121 745 1157 ἐλεεῖν
777 1119 843 1165 δεῖ,
875 1117 965 1155 κατὰ
988 1118 1027 1156 τὸ
1051 1117 1141 1170 μέγα

115 1181 206 1226 ἔλεος
222 1183 260 1221 τὸ
281 1185 364 1235 παρ’
383 1186 481 1233 ἡμῖν.
506 1176 586 1220 Οἷοι
613 1181 681 1234 γὰρ
700 1181 739 1218 ἂν
765 1179 945 1231 γενώμεθα
966 1180 1047 1233 περὶ
1065 1179 1142 1223 τοὺς

115 1244 318 1294 ὁμοδούλους
332 1275 339 1285 ,
362 1244 515 1282 τοιούτου
533 1242 723 1292 τευξόμεθα
747 1246 805 1280 τοῦ
822 1242 1012 1280 Δεσπότου.
1035 1243 1141 1279 Ποῖον

115 1305 150 1342 οὲ
177 1305 270 1349 ἕλεος
293 1305 409 1357 μέγα;
431 1304 545 1343 Ὅταν
573 1304 620 1355 μὴ
642 1306 680 1341 ἐκ
700 1308 759 1342 τοῦ
781 1302 1057 1356 περισσεύματος
1078 1303 1203 1359 δῶᾏω

1217 320 1416 356 Discedite
1435 322 1476 355 in
1496 320 1622 369 ignem
1646 325 1828 369 paralum
1849 318 2004 354 diabolo
2024 326 2058 354 et
2083 333 2201 369 ange-

1218 378 1266 414 lis
1293 379 1387 430 ejus.
1418 377 1503 414 Haec
1530 375 1690 427 quotidie
1715 374 1964 413 comminatur.
1991 374 2061 412 Sed
2087 375 2206 413 cibum

1218 437 1270 474 illi
1288 437 1387 487 dedi,
1403 437 1550 488 inquies.
1571 435 1724 483 Quando
1744 445 1777 473 et
1798 445 1883 486 quot
1918 434 2205 473 dicbusI‘dccem

1218 507 1280 536 aut
1298 498 1457 550 viginti?
1474 501 1519 536 At
1532 512 1599 535 non
1619 497 1685 535 hoc
1701 497 1785 534 satis
1798 495 1998 545 habetille;
2021 495 2082 532 sed
2095 510 2207 545 quan-

1217 569 1252 598 to
1266 569 1423 612 tempore
1437 561 1472 597 in
1485 569 1577 597 terra
1590 559 1752 598 versaris.
1768 560 1859 596 'Nam
1871 568 1904 595 et
1916 557 2074 608 virgines
2090 558 2207 595 oleum

1216 622 1444 672 habuerunt,
1480 621 1542 660 sed
1570 636 1638 659 non
1667 629 1842 671 quantum
1867 620 1912 658 ad
1947 620 2095 657 salutem
2123 619 2207 657 satis

1217 693 1302 721 erat.
1335 683 1519 734 Siquidem
1549 693 1582 720 et
1610 683 1694 735 ipsae
1726 681 1908 734 lampades
1943 681 2177 719 accenderunt
2193 697 2203 730 ;

1218 745 1371 784 exclusae
1394 755 1510 784 tamen
1540 754 1622 783 sunt
1641 759 1661 782 a
1681 744 1852 792 thalamo,
1875 758 1916 781 ac
1931 744 2013 795 jure
2031 742 2177 793 quidem
2197 759 2204 778 :

1218 807 1400 845 exstinctae
1414 807 1548 859 quippe
1568 815 1649 844 sunt
1670 815 1751 843 ante
1771 805 1888 857 sponsi
1902 805 2108 843 adventum.
2123 806 2208 842 Pro-

1217 878 1335 920 pterea
1351 869 1464 906 multo
1484 868 1586 906 nobis
1600 881 1689 919 opus
1708 876 1757 904 est
1773 867 1861 916 oleo,
1885 876 1919 904 et
1937 880 2066 917 magna
2082 865 2210 902 libera-

1216 929 1326 968 litate.
1348 930 1443 968 Audi
1472 929 1560 981 quid
1578 929 1673 967 dicat
1692 929 1865 981 propheta
1884 944 1891 964 :
1914 930 2100 966 stliserere
2118 929 2205 972 mei,

1216 994 1337 1039 Deus,
1351 994 1560 1031 secundum
1575 1005 1757 1043 magnam
1768 991 2071 1028 misericordiam
2084 998 2205 1027 tuam.

1215 1055 1337 1105 Itaque
1362 1069 1425 1092 nos
1453 1054 1500 1091 ita
1521 1053 1677 1106 proximi
1706 1061 1842 1104 oportet
1864 1051 2025 1089 misereri
2040 1082 2050 1099 ,
2077 1060 2207 1101 quanta

1217 1129 1405 1167 possumus
1423 1113 1679 1153 misericordia.
1699 1113 1831 1159 Quales
1852 1113 1946 1150 enim
1966 1126 2047 1164 erga
2070 1126 2208 1149 conser-

1216 1191 1279 1215 vos
1298 1177 1484 1223 fuerimus,
1503 1175 1609 1213 talem
1629 1175 1854 1227 experiemur
1871 1173 2077 1211 Dominum.
2101 1173 2209 1218 Quae—

1217 1252 1299 1275 nam
1319 1252 1447 1289 magna
1468 1247 1519 1275 est
1537 1235 1807 1274 misericordia?
1829 1234 1981 1282 Quando
1998 1248 2066 1272 non
2087 1248 2129 1270 ex
2151 1248 2209 1270 su-

1217 1299 1364 1350 perfluis
1375 1299 1555 1348 dabimus,
1577 1297 1638 1335 sed
1656 1311 1701 1335 ex
1719 1297 1762 1334 iis
1777 1296 1908 1347 quibus
1937 1309 2091 1346 egemus.
2103 1293 2209 1340 Quod

116 1384 191 1418 μεν,
215 1370 290 1406 ἀλλ’
306 1371 344 1406 ἐκ
365 1370 425 1405 τοῦ
448 1366 700 1419 ὑστερήματος.
720 1367 765 1403 Εἰ
783 1365 817 1402 δὲ
842 1363 930 1415 μηδὲ
951 1367 990 1402 ἐκ
1006 1368 1064 1402 τοῦ
1080 1380 1142 1402 πε-
1168 1372 1194 1401 Α
1219 1375 1247 1397 51
1266 1375 1307 1398 ne
1325 1375 1370 1398 ex
1389 1360 1578 1412 superfluis
1594 1358 1739 1409 quidem
1760 1358 1900 1407 demus,
1914 1372 1991 1408 quae
2014 1356 2116 1394 nobis
2132 1369 2210 1407 spes

117 1429 364 1482 ρισσεύματος,
385 1428 435 1471 τίς
451 1432 536 1478 ἡμῖν
554 1426 652 1464 ἔσται
670 1426 789 1473 ἐλπίς,
811 1425 914 1463 πόθεν
934 1428 1002 1462 τῶν
1025 1429 1141 1463 κακῶν

114 1489 252 1527 ἐκείνων
270 1489 477 1540 ἀπαλλαγής
499 1493 566 1526 ποῦ
582 1488 798 1538 δυνησόμεθα
817 1493 933 1539 φυγεῖν
951 1486 1010 1524 καὶ
1031 1503 1143 1533 σωτη-

115 1551 190 1604 ρίαν
208 1554 335 1604 εὗρεῖν;
358 1553 401 1589 Εἰ
420 1551 486 1602 γὰρ
509 1553 544 1587 αἱ
570 1549 734 1603 παρθένοι
762 1548 850 1600 μετὰ
877 1548 1057 1592 τοσούτους
1084 1548 1143 1586 καὶ

113 1612 334 1660 τηλικούτους
351 1614 498 1665 ἱδρῶτας
512 1611 675 1662 οὐδεμίαν
692 1610 881 1662 οὐδαμόθεν
902 1609 1004 1661 ἔσχον
1021 1625 1141 1664 παρα-

115 1676 238 1725 μυθίαν
255 1692 262 1699 ·
299 1675 350 1719 τίς
382 1678 483 1726 ἡμῶν
519 1673 754 1727 προστήσεται
770 1704 779 1721 ,
818 1672 898 1711 ὅταν
937 1672 1141 1724 ἀκούσωμεν

114 1740 228 1776 ἐκεῖνα
247 1737 290 1775 τὰ
307 1736 437 1790 φοὸερα
454 1737 594 1789 ῥήματα
611 1737 715 1773 αὐτοῦ
738 1739 798 1773 τοῦ
817 1735 1014 1779 δικάζοντος
1027 1734 1144 1786 λέγον-

113 1815 168 1842 τος
185 1799 244 1836 καὶ
260 1799 479 1843 ὀνειδίζοντος
498 1802 605 1849 ἡμᾶς,
632 1797 685 1836 ὅτι
706 1797 880 1836 πεινῶντα
898 1814 941 1848 με
962 1800 1024 1836 οὐκ
1046 1797 1142 1850 ἐθρέ-

111 1862 217 1913 ψατε,
237 1860 315 1912 Ἐφ’
348 1859 427 1898 ὅσον
455 1859 522 1912 γὰρ
555 1862 616 1898 οὐκ
636 1859 822 1906 ἐποιήσατε
851 1860 920 1907 ἑνὶ,
944 1859 1048 1911 φησὶ,
1072 1862 1140 1897 τῶν

113 1921 305 1973 ἐλαχίστων
322 1921 462 1968 τούτων,
486 1920 561 1959 οὐδὲ
579 1920 655 1971 ἐμοὶ
683 1920 888 1966 ἐποιήσατε·
912 1923 949 1958 οὐ
967 1920 1049 1973 περὶ
1072 1923 1140 1958 τῶν

114 1986 278 2034 μαθητῶν
294 1983 404 2035 λέγων
424 1988 533 2021 ταῦτα
555 1982 670 2032 μόνον,
691 1981 765 2020 οὐδὲ
781 1981 858 2034 περὶ
875 1985 943 2020 τῶν
961 1985 1024 2034 ἀνῃ
1032 1982 1142 2035 ρημέ-

113 2060 178 2082 νων
194 2045 252 2082 τὸν
268 2048 335 2082 τῶν
357 2047 519 2096 μοναχῶν
538 2044 624 2095 βίον,
649 2042 738 2081 ἀλλὰ
756 2059 799 2080 πε
807 2043 837 2097 ρὶ
856 2044 985 2087 παντὸς
1005 2042 1142 2095 ἀνθρώ-

113 2122 178 2144 που
195 2111 328 2144 πιστοῦ.
349 2106 393 2143 Ὀ
417 2106 484 2158 γὰρ
502 2110 651 2147 τοιοῦτος
664 2134 673 2150 ,
695 2104 758 2142 κᾶν
779 2105 895 2148 δοῦλος
915 2099 937 2157 ᾗ
955 2135 964 2150 ,
991 2104 1055 2142 κᾶν
1072 2109 1142 2143 τῶν

113 2168 147 2204 ἐν
170 2169 278 2220 ἀγορᾷ
305 2166 599 2220 προσαιτούντων,
627 2166 774 2217 πιστεύῃ
809 2166 844 2204 δὲ
875 2169 922 2209 εἰς
951 2167 1008 2205 τὸν
1039 2167 1142 2215 Θεὸν,

112 2228 243 2266 δίκαιον
259 2228 374 2276 πάσης
390 2229 490 2267 αὐτὸν
510 2228 694 2267 ἀπολαύειν
715 2227 859 2272 εὐνοίας.
881 2228 956 2266 Κᾶν
977 2228 1143 2282 περιίδω-

114 2306 176 2341 μεν
199 2290 255 2328 τὸν
274 2294 424 2329 τοιοῦτον
453 2290 581 2342 γυμνὸν
600 2289 622 2336 ἢ
642 2293 833 2338 πεινῶντα,
853 2294 963 2328 ταῦτα
992 2290 1143 2328 ἀκουσό-

116 2355 205 2401 μεθα
221 2350 264 2389 τὰ
285 2351 425 2404 ῥήματα
440 2367 447 2374 ·
471 2352 530 2389 καὶ
556 2351 652 2402 μάλα
674 2350 825 2395 εἰκότως.
846 2351 894 2389 Τί
908 2351 976 2405 γὰρ
999 2352 1141 2405 βαρὺ,ἢ

114 2412 148 2449 τί
177 2413 327 2464 ἐπαχθὲς
352 2413 461 2464 ᾔτησε
478 2414 562 2464 παρ’
583 2416 705 2463 ἧμῶν;
728 2412 762 2450 τί
792 2412 826 2450 δὲ
860 2415 896 2450 οὐ
915 2415 983 2450 τῶν
1013 2413 1144 2466 σφόδρα

115 2475 359 2512 εὐκολωτάτων
382 2475 442 2512 καὶ
472 2474 629 2526 ῥᾴστων,
648 2474 739 2512 Οὐδὲ
766 2474 834 2527 γὰρ
854 2468 960 2521 εἶπεν,
992 2477 1142 2512 ἀσθενῶν

115 2535 223 2583 ἤμην,
239 2535 298 2573 καὶ
312 2538 373 2573 οὐκ
390 2534 603 2575 ἀνεστήσατε
621 2552 663 2585 με
680 2550 686 2558 ·
703 2537 792 2583 ἀλλ’,
810 2537 887 2572 Οὐκ
905 2535 1144 2587 ἐπεσκέψασθέ

118 2613 174 2647 με.
200 2599 276 2634 Οὐκ
296 2590 403 2644 εἶπεν,
433 2598 466 2634 ἐν
495 2598 632 2648 φυλακῇ
664 2596 774 2647 ἥμην,
799 2596 859 2634 καὶ
885 2598 945 2634 οὐκ
966 2596 1146 2640 ἐξεὸάλετέ

118 2675 161 2709 με
175 2675 182 2681 ·
200 2659 290 2706 ἀλλ’,
312 2660 388 2696 Οὔκ
406 2658 529 2704 ἤλθετε
543 2658 628 2711 πρός
649 2674 702 2708 με.
720 2657 824 2710 εΌσῳ
840 2658 954 2696 τοίνυν
970 2661 1081 2710 κοῦφα
1101 2658 1144 2696 τὰ

118 2722 361 2772 ἐπιτάγματα,
394 2720 546 2773 τοσούτῳ
570 2721 694 2772 μείζων
716 2724 737 2767 ἡ
761 2721 902 2764 κόλασις
929 2727 999 2763 τοῖς
1026 2737 1145 2773 παρα-

117 2782 268 2821 κούουσι.
290 2781 337 2819 Τί
358 2782 425 2833 γὰρ
454 2782 675 2835 κουφότερον,
702 2784 780 2820 εἰπέ
806 2799 860 2833 μο·
878 2813 887 2830 ,
913 2786 973 2820 τοῦ
1005 2781 1146 2832 βαδίσαι

118 2845 177 2882 καί
195 2847 241 2888 εἷς
254 2845 489 2896 δεσμωτήριον
506 2846 668 2882 εἰσελθεῖν
683 2862 692 2892 3
711 2845 742 2882 τί
760 2843 794 2882 δὲ
814 2844 909 2890 ἥδιον
924 2861 933 2891 3
948 2842 1062 2881 ”Οταν
1080 2845 1146 2895 γὰρ

118 2905 192 2957 ἴδῃς
209 2904 287 2949 τοὺς
307 2904 367 2956 μὲν
383 2905 598 2955 δεδεμένους,
617 2905 694 2948 τοὺς
714 2905 750 2942 δὲ
767 2906 997 2957 αυχμῶντας,
1014 2903 1092 2948 τοὺς
1111 2903 1146 2941 δὲ

949 2966 983 3004 δὲ
1006 2967 1070 3005 υπὸ
1093 2968 1147 3003 λι-

118 2970 320 3017 κομῶντας,
342 2967 400 3004 καὶ
422 2967 525 3020 ῥάκια
545 2967 822 3020 περικειμένους,
842 2966 919 3010 τοὺς

119 3032 184 3080 μοῦ
208 3028 470 3081 φθειρομένους,
491 3030 549 3066 καὶ
575 3033 622 3073 ὡς
647 3028 752 3072 κύνας
772 3035 842 3071 τοῖς
869 3028 950 3067 ποσὶ
977 3027 1148 3080 προστρέ-

118 3105 264 3142 χοντας·
292 3089 427 3143 ἑτέρους
451 3089 512 3133 τὰς
540 3090 691 3143 πλευρὰς
717 3089 987 3142 διωρυγμένους,
1026 3089 1149 3131 ἄλλους

119 3154 158 3190 ἐκ
178 3154 241 3198 τῆς
272 3154 399 3205 ἀγορᾶς
429 3156 484 3189 νῦν
516 3151 718 3194 ἐπανιόντας
749 3151 969 3202 δεδεμένους,
992 3150 1052 3188 καὶ
1072 3152 1146 3201 μεθ’

118 3213 254 3266 ἡμέραν
289 3213 350 3264 μὲν
385 3215 634 3262 ἐπαιτοῦντας,
665 3213 723 3250 καὶ
756 3213 831 3251 οὐδὲ
865 3211 928 3259 τὴν
958 3211 1149 3264 ἀναγκαίαν

120 3275 346 3326 συλλέγοντας
363 3274 506 3328 τροφὴν,
528 3277 560 3313 ἐν
578 3274 710 3328 ἑσπέρα
736 3274 771 3312 δὲ
795 3273 891 3326 παρὰ
912 3277 980 3311 τῶν
1002 3272 1152 3325 §goso-cdv

120 3352 187 3373 των
216 3335 278 3383 τὴν
305 3336 460 3388 πονηρὰν
491 3336 624 3384 ἐκείνην
654 3336 712 3374 καὶ
742 3335 842 3386 ὠμὴν
875 3334 1151 3385 ἀπαιτουμένους

120 3397 336 3449 λειτουργίαν
356 3413 363 3421 ·
380 3397 443 3435 κᾶν
460 3398 552 3441 λίθος
568 3414 618 3440 τις
638 3391 698 3448 ἧς,
714 3396 854 3438 πάντως
873 3395 933 3446 ἔσῃ
954 3396 1150 3448 φιλανθρω-

1217 1421 1416 1473 supererit?
1442 1420 1534 1458 unde
1555 1435 1574 1457 a
1594 1420 1698 1457 malis
1720 1418 1977 1456 liberabimur?
1997 1432 2068 1468 quo
2096 1417 2210 1468 fugie-

1218 1496 1298 1519 mus
1318 1491 1356 1519 ut
1381 1482 1532 1520 salutem
1555 1479 1842 1531 consequamur?
1864 1479 1901 1516 Si
1931 1478 2025 1516 enim
2052 1479 2210 1529 virgines

1218 1552 1297 1595 post
1317 1552 1368 1580 tot
1411 1542 1557 1581 sudores
1576 1541 1712 1579 nullam
1729 1554 1874 1593 prorsus
1900 1539 2062 1576 invenere
2090 1553 2212 1576 conso-

1216 1605 1384 1643 lationem
1398 1635 1409 1655 ,
1428 1604 1508 1656 quis
1526 1603 1631 1642 nobis
1651 1601 1934 1655 patrocinabitur
1955 1615 2036 1638 cum
2055 1600 2118 1638 illa
2143 1609 2212 1637 tre-

1218 1666 1345 1704 menda
1384 1665 1491 1704 verba
1536 1664 1676 1704 Judicis
1707 1661 1956 1716 exprobrantis
1989 1661 2173 1698 audiemus
2203 1676 2210 1697 :

2230 932 2405 962 Psal.5o.t.

1218 1728 1443 1766 Esurientcm
1462 1741 1530 1764 non
1553 1740 1609 1763 mc
1624 1725 1824 1763 nutrivistis
1840 1740 1851 1774 3
1874 1733 1907 1761 et
1922 1754 1931 1772 ⁷
1947 1723 2053 1769 Quod
2071 1737 2138 1760 non
2164 1723 2211 1759 fe·
2228 1737 2341 1764 nauh.
2363 1735 2411 1763 25.

1217 1789 1312 1827 cistis
1330 1790 1390 1827 uni
1410 1803 1454 1827 ex
1472 1788 1548 1826 istis
1574 1786 1732 1825 minimis
1747 1817 1756 1835 ,
1777 1801 1839 1824 nec
1858 1785 1948 1823 mihi
1970 1784 2111 1822 fecistis.
2135 1785 2212 1822 Non
2228 1780 2241 1816 θ

1216 1851 1260 1890 de
1278 1851 1480 1904 discipulis,
1505 1865 1617 1902 neque
1639 1849 1681 1887 de
1698 1849 1881 1887 monachis
1900 1857 2038 1886 tantum
2059 1847 2136 1885 baec
2155 1847 2214 1885 di-

1217 1915 1279 1963 cit,
1300 1914 1362 1952 sed
1377 1923 1409 1952 et
1425 1913 1470 1952 de
1490 1912 1617 1964 quovis
1636 1911 1746 1949 fideli.
1765 1912 1856 1949 Nam
1883 1910 1944 1961 qui
1964 1909 2046 1946 talis
2065 1918 2129 1953 est,
2149 1908 2214 1946 etsi

1217 1990 1340 2014 servus
1369 1976 1429 2025 sit,
1459 1974 1523 2013 etsi
1558 1974 1594 2011 in
1626 1974 1700 2010 foro
1727 1971 1927 2019 mendicet,
1951 1970 1979 2008 si
2012 1969 2118 2007 modo
2139 1984 2213 2008 cre-

1217 2038 1277 2076 dat
1306 2037 1341 2074 in
1369 2038 1498 2084 Deum,
1514 2036 1596 2088 jure
1621 2034 1717 2071 omni
1744 2033 1875 2070 fruitur
1894 2031 2149 2069 benevolentia.
2174 2031 2212 2069 Si

1180 2122 1183 2123 ν
1217 2099 1454 2151 despiciamus
1481 2096 1583 2134 illum
1620 2095 1757 2133 nudum
1789 2103 1851 2131 aut
1883 2093 2108 2140 esurientem,
2138 2091 2213 2129 haec

1216 2160 1403 2198 audiemus
1430 2159 1567 2197 verba:
1592 2167 1625 2195 et
1658 2156 1784 2194 merito
1811 2154 1969 2207 quidem.
1995 2152 2093 2200 Quid
2119 2152 2214 2190 enim

1218 2235 1339 2273 grave,
1363 2220 1449 2272 quid
1482 2233 1669 2257 onerosum
1685 2232 1704 2255 a
1724 2217 1826 2254 nobis
1855 2216 1993 2268 exigit,
2025 2215 2115 2266 quid
2143 2230 2212 2253 non

1215 2283 1458 2322 facillimum?
1480 2284 1602 2333 Neque
1615 2281 1708 2318 enim
1727 2279 1835 2329 dixit,
1858 2279 2028 2316 Infirmus
2047 2292 2156 2327 eram,
2179 2286 2212 2314 et

1218 2361 1287 2384 non
1314 2345 1462 2383 sanastis
1484 2358 1565 2393 ωε,
1596 2342 1657 2380 sed
1670 2372 1681 2391 ,
1706 2343 1797 2379 Non
1817 2342 2010 2378 visitastis
2030 2353 2099 2375 me.
2130 2340 2209 2376 Non

1217 2408 1327 2457 dixit,
1351 2408 1391 2444 ln
1416 2419 1553 2443 carcerc
1580 2418 1690 2453 eram,
1707 2412 1739 2440 et
1760 2416 1827 2439 non
1848 2401 2021 2438 eduxistis
2036 2415 2114 2449 me3
2132 2400 2206 2450 sed,
2223 2386 2242 2443 ilfi

1220 2473 1309 2508 Non
1339 2471 1503 2506 venistis
1535 2468 1589 2503 ad
1619 2480 1688 2502 me.
1730 2465 1872 2510 Quanto
1908 2463 2018 2513 igitur
2051 2462 2210 2500 faciliora

1219 2542 1301 2571 sunt
1312 2540 1500 2584 praccepta,
1515 2538 1610 2566 tanto
1624 2528 1738 2579 majus
1750 2525 1968 2578 supplicium
1988 2539 2056 2562 non
2069 2539 2211 2562 servan-

1219 2595 1326 2632 tibus.
1341 2592 1439 2639 Quid
1459 2592 1564 2638 enim,
1582 2603 1715 2640 quaeso,
1739 2587 1892 2636 facilius,
1908 2600 2014 2637 quam
2035 2600 2211 2624 carcerem

1220 2655 1346 2693 adire?
1372 2652 1460 2705 quid
1486 2651 1656 2690 suavius?
1679 2652 1772 2688 Cum
1791 2649 1924 2688 videris
1946 2648 2034 2686 alios
2055 2648 2209 2697 vinctos,

1220 2717 1309 2755 alios
1317 2714 1511 2766 squalidos,
1525 2721 1733 2760 comatos,et
1741 2711 1868 2764 pannis
1884 2710 2136 2758 indutos,alios
2151 2711 2208 2747 fa—

1182 2783 1193 2791 *
1221 2793 1276 2816 me
1287 2779 1515 2826 tabescentes,
1534 2785 1566 2813 et
1582 2774 1626 2812 ad
1644 2774 1750 2827 pedes
1767 2788 1894 2811 canum
1911 2787 2008 2810 more
2023 2787 2210 2810 accurren—

1223 2850 1287 2888 tes,
1309 2838 1396 2876 alios
1411 2836 1598 2889 discerptis
1612 2835 1803 2884 lateribus,
1815 2834 1903 2872 alios
1924 2849 1969 2872 ex
1984 2834 2060 2871 foro
2084 2834 2211 2885 ligatos

1222 2910 1458 2949 revertentes,
1478 2899 1540 2950 qui
1564 2907 1635 2936 tota
1661 2897 1718 2935 die
1744 2896 2007 2946 mendicantes,
2031 2911 2074 2934 ne
2092 2896 2211 2934 cibum

1221 2962 1366 3014 quidem
1394 2960 1632 2999 necessarium
1652 2958 1869 3010 collegerunt
1886 2973 1897 3008 3
1919 2972 2065 3010 vespere
2094 2967 2211 2995 autem

1221 3039 1240 3061 a
1253 3022 1461 3061 custodibus
1475 3020 1520 3058 ad
1533 3019 1749 3058 laboriosum
1761 3028 1792 3056 et
1807 3019 1961 3056 immane
1974 3017 2210 3055 ministerium

1221 3094 1380 3134 coactos}
1401 3083 1536 3121 etiamsi
1560 3082 1651 3135 lapis
1676 3096 1787 3129 esses,
1819 3079 2100 3117 humanissimus
2129 3079 2212 3116 hinc

1218 3147 1361 3194 evades3
1374 3145 1511 3184 etiamsi
1519 3145 1632 3183 vitam
1643 3144 1787 3182 mollem
1797 3142 2078 3192 dissolutamque
2088 3141 2209 3189 ducas,

1217 3211 1302 3248 hine
1316 3210 1418 3262 plane
1436 3208 1674 3261 philosophus
1693 3205 1835 3254 evades,
1848 3204 1936 3242 dum
1950 3204 2116 3240 humanm
2130 3203 2211 3241 vitae

1218 3271 1455 3310 conditionem
1486 3270 1522 3307 in
1550 3269 1674 3307 alienis
1713 3266 1974 3305 calamitatibus
2006 3264 2209 3302 intueberis.

1219 3333 1322 3371 Tunc
1337 3333 1372 3370 in
1392 3341 1545 3370 mentem
1558 3330 1673 3370 veniet
1694 3327 1896 3366 tremendus
1915 3326 1974 3364 ille
1989 3324 2079 3375 dics,
2097 3326 2210 3364 varia-

1216 3409 1286 3446 que
1315 3393 1502 3447 supplicia.
1524 3393 1609 3430 Haec
1638 3390 1755 3429 animo
1783 3401 1925 3427 versans
1940 3417 1951 3437 ,
1973 3386 2088 3438 iram,
2112 3387 2213 3425 volu-

2250 1789 2266 1807 2
2283 1781 2332 1816 40.

2311 2291 2415 2320 Officia

2251 2333 2414 2361 Christiana

2244 2385 2310 2402 uam
2344 2375 2416 2402 saci-

2247 2426 2260 2442 a
2269 2437 2274 2443 .
