<?xml version="1.0" encoding="UTF-8"?>
<!DOCTYPE html PUBLIC "-//W3C//DTD XHTML 1.0 Transitional//EN"
    "http://www.w3.org/TR/xhtml1/DTD/xhtml1-transitional.dtd">
<html xmlns="http://www.w3.org/1999/xhtml" xml:lang="en" lang="en">
 <head>
  <title>
</title>
<meta http-equiv="Content-Type" content="text/html;charset=utf-8" />
  <meta name='ocr-system' content='tesseract 3.04.00' />
  <meta name='ocr-capabilities' content='ocr_page ocr_carea ocr_par ocr_line ocrx_word'/>
</head>
<body>
  <div class='ocr_page' id='page_1' title='image "./operaomniaquaeex08johnuoft/operaomniaquaeex08johnuoft_0566.png"; bbox 0 0 2481 3678; ppageno 0'>
   <div class='ocr_carea' id='block_1_1' title="bbox 97 1544 286 1736">
    <p class='ocr_par' dir='ltr' id='par_1_1' title="bbox 97 1544 285 1657">
     <span class='ocr_line' id='line_1_1' title="bbox 118 1544 285 1571; baseline -0.006 0"><span class='ocrx_word' id='word_1_1' title='bbox 118 1544 285 1571; x_wconf 85' lang='lat' dir='ltr'>Discrimen</span> 
     </span>
     <span class='ocr_line' id='line_1_2' title="bbox 97 1587 269 1613; baseline -0.006 -1"><span class='ocrx_word' id='word_1_2' title='bbox 97 1587 175 1613; x_wconf 79' lang='lat' dir='ltr'>inter</span> <span class='ocrx_word' id='word_1_3' title='bbox 206 1596 269 1611; x_wconf 84' lang='lat' dir='ltr'>aino</span> 
     </span>
     <span class='ocr_line' id='line_1_3' title="bbox 98 1627 243 1657; baseline -0.014 -3"><span class='ocrx_word' id='word_1_4' title='bbox 98 1637 160 1654; x_wconf 82' lang='grc'>1-0111</span> <span class='ocrx_word' id='word_1_5' title='bbox 179 1627 243 1657; x_wconf 70' lang='lat' dir='ltr'>Dei,</span> 
     </span>
    </p>

    <p class='ocr_par' dir='ltr' id='par_1_2' title="bbox 98 1674 286 1736">
     <span class='ocr_line' id='line_1_4' title="bbox 99 1674 286 1694; baseline 0 -1"><span class='ocrx_word' id='word_1_6' title='bbox 99 1674 127 1694; x_wconf 82' lang='lat' dir='ltr'>et</span> <span class='ocrx_word' id='word_1_7' title='bbox 158 1677 286 1693; x_wconf 83' lang='lat' dir='ltr'>amorem</span> 
     </span>
     <span class='ocr_line' id='line_1_5' title="bbox 98 1710 271 1736; baseline -0.006 0"><span class='ocrx_word' id='word_1_8' title='bbox 98 1710 271 1736; x_wconf 81' lang='lat' dir='ltr'>meretricis.</span> 
     </span>
    </p>
   </div>
   <div class='ocr_carea' id='block_1_2' title="bbox 101 2593 258 2664">
    <p class='ocr_par' dir='ltr' id='par_1_3' title="bbox 101 2593 258 2664">
     <span class='ocr_line' id='line_1_6' title="bbox 101 2593 258 2623; baseline 0.006 -3"><span class='ocrx_word' id='word_1_9' title='bbox 101 2594 190 2621; x_wconf 61' lang='grc' dir='ltr'>ιῙιταη.</span> <span class='ocrx_word' id='word_1_10' title='bbox 212 2593 258 2623; x_wconf 79' lang='lat'>15.</span> 
     </span>
     <span class='ocr_line' id='line_1_7' title="bbox 106 2644 152 2664; baseline 0 -1"><span class='ocrx_word' id='word_1_11' title='bbox 106 2644 152 2664; x_wconf 63' lang='lat'>¹).</span> 
     </span>
    </p>
   </div>
   <div class='ocr_carea' id='block_1_3' title="bbox 305 206 803 253">
    <p class='ocr_par' dir='ltr' id='par_1_4' title="bbox 305 206 803 253">
     <span class='ocr_line' id='line_1_8' title="bbox 305 206 803 253; baseline 0 0"><span class='ocrx_word' id='word_1_12' title='bbox 305 206 397 253; x_wconf 78' lang='lat'>538</span> <span class='ocrx_word' id='word_1_13' title='bbox 766 223 803 253; x_wconf 89' lang='lat' dir='ltr'>s.</span> 
     </span>
    </p>
   </div>
   <div class='ocr_carea' id='block_1_4' title="bbox 298 301 1292 2687">
    <p class='ocr_par' dir='ltr' id='par_1_5' title="bbox 298 301 1292 2687">
     <span class='ocr_line' id='line_1_9' title="bbox 302 301 1284 355; baseline -0.001 -15"><span class='ocrx_word' id='word_1_14' title='bbox 302 303 428 352; x_wconf 81' lang='lat' dir='ltr'>deant,</span> <span class='ocrx_word' id='word_1_15' title='bbox 456 303 573 341; x_wconf 87' lang='lat' dir='ltr'>omnia</span> <span class='ocrx_word' id='word_1_16' title='bbox 593 301 662 340; x_wconf 86' lang='lat' dir='ltr'>sibi</span> <span class='ocrx_word' id='word_1_17' title='bbox 678 302 794 340; x_wconf 86' lang='lat' dir='ltr'>felicia</span> <span class='ocrx_word' id='word_1_18' title='bbox 814 312 958 355; x_wconf 88' lang='lat' dir='ltr'>putant,</span> <span class='ocrx_word' id='word_1_19' title='bbox 979 303 1100 355; x_wconf 87' lang='lat' dir='ltr'>priora</span> <span class='ocrx_word' id='word_1_20' title='bbox 1119 302 1284 351; x_wconf 85' lang='lat' dir='ltr'>avolant,</span> 
     </span>
     <span class='ocr_line' id='line_1_10' title="bbox 302 364 1286 416; baseline 0.001 -16"><span class='ocrx_word' id='word_1_21' title='bbox 302 378 469 415; x_wconf 89' lang='lat' dir='ltr'>prospera</span> <span class='ocrx_word' id='word_1_22' title='bbox 504 373 628 402; x_wconf 85' lang='lat' dir='ltr'>cuncta</span> <span class='ocrx_word' id='word_1_23' title='bbox 658 374 756 409; x_wconf 77' lang='lat' dir='ltr'>sunt,</span> <span class='ocrx_word' id='word_1_24' title='bbox 794 365 870 403; x_wconf 71' lang='lat' dir='ltr'>sive</span> <span class='ocrx_word' id='word_1_25' title='bbox 907 374 1095 416; x_wconf 76' lang='lat' dir='ltr'>paupertas</span> <span class='ocrx_word' id='word_1_26' title='bbox 1132 364 1286 412; x_wconf 83' lang='lat' dir='ltr'>accidat,</span> 
     </span>
     <span class='ocr_line' id='line_1_11' title="bbox 302 425 1289 479; baseline 0.001 -17"><span class='ocrx_word' id='word_1_27' title='bbox 302 425 377 463; x_wconf 81' lang='lat' dir='ltr'>sive</span> <span class='ocrx_word' id='word_1_28' title='bbox 405 426 575 475; x_wconf 78' lang='lat' dir='ltr'>morbus,</span> <span class='ocrx_word' id='word_1_29' title='bbox 602 426 676 465; x_wconf 86' lang='lat' dir='ltr'>sive</span> <span class='ocrx_word' id='word_1_30' title='bbox 701 426 887 479; x_wconf 79' lang='lat' dir='ltr'>quidpiam</span> <span class='ocrx_word' id='word_1_31' title='bbox 917 426 1138 478; x_wconf 86' lang='lat' dir='ltr'>hujusmodi.</span> <span class='ocrx_word' id='word_1_32' title='bbox 1165 427 1289 466; x_wconf 80' lang='lat' dir='ltr'>Vitam</span> 
     </span>
     <span class='ocr_line' id='line_1_12' title="bbox 302 486 1289 540; baseline 0.001 -17"><span class='ocrx_word' id='word_1_33' title='bbox 302 486 370 524; x_wconf 85' lang='lat' dir='ltr'>sibi</span> <span class='ocrx_word' id='word_1_34' title='bbox 399 487 455 525; x_wconf 75' lang='lat' dir='ltr'>vel</span> <span class='ocrx_word' id='word_1_35' title='bbox 483 488 648 525; x_wconf 79' lang='lat' dir='ltr'>miseram</span> <span class='ocrx_word' id='word_1_36' title='bbox 678 488 733 525; x_wconf 80' lang='lat' dir='ltr'>vel</span> <span class='ocrx_word' id='word_1_37' title='bbox 758 488 895 525; x_wconf 79' lang='lat' dir='ltr'><strong>felicem</strong></span> <span class='ocrx_word' id='word_1_38' title='bbox 923 488 1149 535; x_wconf 85' lang='lat' dir='ltr'>existimant,</span> <span class='ocrx_word' id='word_1_39' title='bbox 1183 496 1289 540; x_wconf 87' lang='lat' dir='ltr'>prout</span> 
     </span>
     <span class='ocr_line' id='line_1_13' title="bbox 301 549 1287 602; baseline 0.002 -16"><span class='ocrx_word' id='word_1_40' title='bbox 301 549 465 587; x_wconf 78' lang='lat' dir='ltr'>affectam</span> <span class='ocrx_word' id='word_1_41' title='bbox 485 550 552 587; x_wconf 87' lang='lat' dir='ltr'>sibi</span> <span class='ocrx_word' id='word_1_42' title='bbox 581 550 753 588; x_wconf 80' lang='lat' dir='ltr'>amasiam</span> <span class='ocrx_word' id='word_1_43' title='bbox 774 550 915 588; x_wconf 87' lang='lat' dir='ltr'>habent.</span> <span class='ocrx_word' id='word_1_44' title='bbox 938 551 1017 588; x_wconf 90' lang='lat' dir='ltr'>Non</span> <span class='ocrx_word' id='word_1_45' title='bbox 1043 551 1193 602; x_wconf 79' lang='lat' dir='ltr'>gloriam</span> <span class='ocrx_word' id='word_1_46' title='bbox 1214 551 1287 588; x_wconf 82' lang='lat' dir='ltr'>hu—</span> 
     </span>
     <span class='ocr_line' id='line_1_14' title="bbox 302 610 1289 663; baseline 0.003 -16"><span class='ocrx_word' id='word_1_47' title='bbox 302 625 461 657; x_wconf 89' lang='lat' dir='ltr'>manam,</span> <span class='ocrx_word' id='word_1_48' title='bbox 482 625 550 648; x_wconf 90' lang='lat' dir='ltr'>non</span> <span class='ocrx_word' id='word_1_49' title='bbox 582 610 815 660; x_wconf 74' lang='lat' dir='ltr'>ignominiam</span> <span class='ocrx_word' id='word_1_50' title='bbox 847 620 994 659; x_wconf 79' lang='lat' dir='ltr'>norunt3</span> <span class='ocrx_word' id='word_1_51' title='bbox 1015 612 1078 649; x_wconf 89' lang='lat' dir='ltr'>sed</span> <span class='ocrx_word' id='word_1_52' title='bbox 1106 613 1135 649; x_wconf 86' lang='lat' dir='ltr'>si</span> <span class='ocrx_word' id='word_1_53' title='bbox 1159 612 1289 663; x_wconf 88' lang='lat' dir='ltr'>injuria</span> 
     </span>
     <span class='ocr_line' id='line_1_15' title="bbox 302 671 1288 725; baseline 0.002 -17"><span class='ocrx_word' id='word_1_54' title='bbox 302 671 492 721; x_wconf 87' lang='lat' dir='ltr'>inferatur,</span> <span class='ocrx_word' id='word_1_55' title='bbox 516 687 561 709; x_wconf 87' lang='lat' dir='ltr'>ex</span> <span class='ocrx_word' id='word_1_56' title='bbox 582 671 790 723; x_wconf 83' lang='lat' dir='ltr'>hujusmodi</span> <span class='ocrx_word' id='word_1_57' title='bbox 810 672 992 724; x_wconf 81' lang='lat' dir='ltr'>voluptate</span> <span class='ocrx_word' id='word_1_58' title='bbox 1016 681 1048 710; x_wconf 89' lang='lat' dir='ltr'>et</span> <span class='ocrx_word' id='word_1_59' title='bbox 1068 674 1171 711; x_wconf 88' lang='lat' dir='ltr'>rebus</span> <span class='ocrx_word' id='word_1_60' title='bbox 1192 672 1288 725; x_wconf 87' lang='lat' dir='ltr'>apud</span> 
     </span>
     <span class='ocr_line' id='line_1_16' title="bbox 301 732 1288 784; baseline 0.002 -15"><span class='ocrx_word' id='word_1_61' title='bbox 301 733 400 770; x_wconf 89' lang='lat' dir='ltr'>illam</span> <span class='ocrx_word' id='word_1_62' title='bbox 419 733 597 784; x_wconf 79' lang='lat' dir='ltr'>prosperis</span> <span class='ocrx_word' id='word_1_63' title='bbox 620 732 737 770; x_wconf 90' lang='lat' dir='ltr'>omnia</span> <span class='ocrx_word' id='word_1_64' title='bbox 756 733 858 770; x_wconf 82' lang='lat' dir='ltr'>facile</span> <span class='ocrx_word' id='word_1_65' title='bbox 879 732 1006 770; x_wconf 82' lang='lat' dir='ltr'>ferunt.</span> <span class='ocrx_word' id='word_1_66' title='bbox 1027 733 1066 771; x_wconf 91' lang='lat' dir='ltr'>Si</span> <span class='ocrx_word' id='word_1_67' title='bbox 1088 733 1149 771; x_wconf 87' lang='lat' dir='ltr'>illa</span> <span class='ocrx_word' id='word_1_68' title='bbox 1167 734 1288 773; x_wconf 81' lang='lat' dir='ltr'>eonvi-</span> 
     </span>
     <span class='ocr_line' id='line_1_17' title="bbox 301 793 1288 847; baseline 0.002 -17"><span class='ocrx_word' id='word_1_69' title='bbox 301 793 436 843; x_wconf 80' lang='lat' dir='ltr'>cietur,</span> <span class='ocrx_word' id='word_1_70' title='bbox 454 794 481 831; x_wconf 88' lang='lat' dir='ltr'>si</span> <span class='ocrx_word' id='word_1_71' title='bbox 504 794 537 831; x_wconf 93' lang='lat' dir='ltr'>in</span> <span class='ocrx_word' id='word_1_72' title='bbox 557 794 681 831; x_wconf 83' lang='lat' dir='ltr'>faeiem</span> <span class='ocrx_word' id='word_1_73' title='bbox 704 803 892 845; x_wconf 81' lang='lat' dir='ltr'>conspuat,</span> <span class='ocrx_word' id='word_1_74' title='bbox 915 794 967 831; x_wconf 84' lang='lat' dir='ltr'>illi</span> <span class='ocrx_word' id='word_1_75' title='bbox 991 808 1026 831; x_wconf 90' lang='lat' dir='ltr'>se</span> <span class='ocrx_word' id='word_1_76' title='bbox 1044 794 1131 831; x_wconf 86' lang='lat' dir='ltr'>rosis</span> <span class='ocrx_word' id='word_1_77' title='bbox 1151 795 1288 847; x_wconf 78' lang='lat' dir='ltr'>aspergi</span> 
     </span>
     <span class='ocr_line' id='line_1_18' title="bbox 302 855 1288 907; baseline 0.002 -15"><span class='ocrx_word' id='word_1_78' title='bbox 302 864 439 907; x_wconf 79' lang='lat' dir='ltr'>putant.</span> <span class='ocrx_word' id='word_1_79' title='bbox 464 855 510 892; x_wconf 87' lang='lat' dir='ltr'>Et</span> <span class='ocrx_word' id='word_1_80' title='bbox 530 855 616 905; x_wconf 88' lang='lat' dir='ltr'>quid</span> <span class='ocrx_word' id='word_1_81' title='bbox 636 855 768 892; x_wconf 89' lang='lat' dir='ltr'>mirum</span> <span class='ocrx_word' id='word_1_82' title='bbox 788 855 817 892; x_wconf 89' lang='lat' dir='ltr'>si</span> <span class='ocrx_word' id='word_1_83' title='bbox 839 855 899 892; x_wconf 86' lang='lat' dir='ltr'>tali</span> <span class='ocrx_word' id='word_1_84' title='bbox 922 869 1003 907; x_wconf 82' lang='lat' dir='ltr'>erga</span> <span class='ocrx_word' id='word_1_85' title='bbox 1035 856 1133 893; x_wconf 88' lang='lat' dir='ltr'>illam</span> <span class='ocrx_word' id='word_1_86' title='bbox 1160 857 1288 894; x_wconf 87' lang='lat' dir='ltr'>affectu</span> 
     </span>
     <span class='ocr_line' id='line_1_19' title="bbox 304 916 1290 969; baseline 0.001 -16"><span class='ocrx_word' id='word_1_87' title='bbox 304 925 385 954; x_wconf 87' lang='lat' dir='ltr'>sunt</span> <span class='ocrx_word' id='word_1_88' title='bbox 401 916 417 953; x_wconf 73' lang='grc' dir='ltr'>Ξ)</span> <span class='ocrx_word' id='word_1_89' title='bbox 436 916 536 953; x_wconf 87' lang='grc'>1111115</span> <span class='ocrx_word' id='word_1_90' title='bbox 551 916 682 969; x_wconf 87' lang='lat' dir='ltr'>quippe</span> <span class='ocrx_word' id='word_1_91' title='bbox 698 916 846 954; x_wconf 89' lang='lat' dir='ltr'>domum</span> <span class='ocrx_word' id='word_1_92' title='bbox 869 916 1028 953; x_wconf 90' lang='lat' dir='ltr'>omnium</span> <span class='ocrx_word' id='word_1_93' title='bbox 1048 917 1290 968; x_wconf 87' lang='lat' dir='ltr'>splendidissi-</span> 
     </span>
     <span class='ocr_line' id='line_1_20' title="bbox 303 978 1289 1030; baseline 0.002 -16"><span class='ocrx_word' id='word_1_94' title='bbox 303 992 400 1015; x_wconf 86' lang='lat' dir='ltr'>mam</span> <span class='ocrx_word' id='word_1_95' title='bbox 419 993 491 1016; x_wconf 87' lang='grc'>0550</span> <span class='ocrx_word' id='word_1_96' title='bbox 523 988 649 1030; x_wconf 89' lang='lat' dir='ltr'>putant</span> <span class='ocrx_word' id='word_1_97' title='bbox 667 1008 675 1025; x_wconf 88' lang='lat'>,</span> <span class='ocrx_word' id='word_1_98' title='bbox 703 978 767 1016; x_wconf 91' lang='lat' dir='ltr'>etsi</span> <span class='ocrx_word' id='word_1_99' title='bbox 786 979 880 1015; x_wconf 88' lang='lat' dir='ltr'>lutea</span> <span class='ocrx_word' id='word_1_100' title='bbox 911 978 972 1015; x_wconf 89' lang='lat' dir='ltr'>illa</span> <span class='ocrx_word' id='word_1_101' title='bbox 992 978 1055 1026; x_wconf 86' lang='lat' dir='ltr'>sit,</span> <span class='ocrx_word' id='word_1_102' title='bbox 1075 979 1138 1016; x_wconf 84' lang='lat' dir='ltr'>etsi</span> <span class='ocrx_word' id='word_1_103' title='bbox 1160 979 1196 1016; x_wconf 90' lang='lat' dir='ltr'>in</span> <span class='ocrx_word' id='word_1_104' title='bbox 1216 978 1289 1016; x_wconf 84' lang='lat' dir='ltr'>rui-</span> 
     </span>
     <span class='ocr_line' id='line_1_21' title="bbox 303 1039 1288 1090; baseline 0.002 -14"><span class='ocrx_word' id='word_1_105' title='bbox 303 1053 385 1076; x_wconf 88' lang='lat' dir='ltr'>nam</span> <span class='ocrx_word' id='word_1_106' title='bbox 410 1049 544 1090; x_wconf 79' lang='lat' dir='ltr'>vergat.</span> <span class='ocrx_word' id='word_1_107' title='bbox 568 1040 707 1089; x_wconf 79' lang='lat' dir='ltr'>Ecquid</span> <span class='ocrx_word' id='word_1_108' title='bbox 735 1040 779 1076; x_wconf 89' lang='lat' dir='ltr'>de</span> <span class='ocrx_word' id='word_1_109' title='bbox 810 1039 1004 1090; x_wconf 86' lang='lat' dir='ltr'>parietibus</span> <span class='ocrx_word' id='word_1_110' title='bbox 1024 1039 1176 1089; x_wconf 73' lang='lat' dir='ltr'>loquor?</span> <span class='ocrx_word' id='word_1_111' title='bbox 1197 1042 1288 1078; x_wconf 83' lang='lat' dir='ltr'>Nam</span> 
     </span>
     <span class='ocr_line' id='line_1_22' title="bbox 300 1100 1288 1150; baseline -0.001 -11"><span class='ocrx_word' id='word_1_112' title='bbox 300 1101 387 1141; x_wconf 63' lang='lat' dir='ltr'>visis</span> <span class='ocrx_word' id='word_1_113' title='bbox 422 1103 464 1140; x_wconf 87' lang='lat' dir='ltr'>iis</span> <span class='ocrx_word' id='word_1_114' title='bbox 483 1103 519 1139; x_wconf 91' lang='lat' dir='ltr'>in</span> <span class='ocrx_word' id='word_1_115' title='bbox 541 1101 640 1150; x_wconf 86' lang='lat' dir='ltr'>queis</span> <span class='ocrx_word' id='word_1_116' title='bbox 660 1100 793 1140; x_wconf 85' lang='lat' dir='ltr'>versari</span> <span class='ocrx_word' id='word_1_117' title='bbox 813 1101 924 1138; x_wconf 84' lang='lat' dir='ltr'>solent</span> <span class='ocrx_word' id='word_1_118' title='bbox 954 1101 1057 1149; x_wconf 88' lang='lat' dir='ltr'>loeis,</span> <span class='ocrx_word' id='word_1_119' title='bbox 1078 1101 1288 1138; x_wconf 79' lang='lat' dir='ltr'>excitantur.</span> 
     </span>
     <span class='ocr_line' id='line_1_23' title="bbox 300 1162 1289 1214; baseline 0.001 -14"><span class='ocrx_word' id='word_1_120' title='bbox 300 1164 368 1200; x_wconf 80' lang='lat' dir='ltr'>Hic</span> <span class='ocrx_word' id='word_1_121' title='bbox 383 1179 467 1202; x_wconf 67' lang='lat' dir='ltr'>vero</span> <span class='ocrx_word' id='word_1_122' title='bbox 488 1163 667 1201; x_wconf 76' lang='lat' dir='ltr'>concedite</span> <span class='ocrx_word' id='word_1_123' title='bbox 687 1162 776 1199; x_wconf 90' lang='lat' dir='ltr'>mihi</span> <span class='ocrx_word' id='word_1_124' title='bbox 795 1171 833 1199; x_wconf 90' lang='lat' dir='ltr'>ut</span> <span class='ocrx_word' id='word_1_125' title='bbox 848 1162 1083 1213; x_wconf 83' lang='lat' dir='ltr'>apostolicum</span> <span class='ocrx_word' id='word_1_126' title='bbox 1098 1162 1191 1200; x_wconf 90' lang='lat' dir='ltr'>illud</span> <span class='ocrx_word' id='word_1_127' title='bbox 1205 1176 1289 1214; x_wconf 87' lang='lat' dir='ltr'>pro-</span> 
     </span>
     <span class='ocr_line' id='line_1_24' title="bbox 298 1225 1289 1263; baseline 0 -2"><span class='ocrx_word' id='word_1_128' title='bbox 298 1225 408 1262; x_wconf 84' lang='lat' dir='ltr'>feram</span> <span class='ocrx_word' id='word_1_129' title='bbox 428 1241 435 1260; x_wconf 87' lang='lat'>:</span> <span class='ocrx_word' id='word_1_130' title='bbox 454 1225 556 1263; x_wconf 81' lang='lat' dir='ltr'>Sicut</span> <span class='ocrx_word' id='word_1_131' title='bbox 572 1226 798 1261; x_wconf 65' lang='lat' dir='ltr'>erlzibltistis</span> <span class='ocrx_word' id='word_1_132' title='bbox 813 1225 982 1260; x_wconf 80' lang='lat' dir='ltr'>membra</span> <span class='ocrx_word' id='word_1_133' title='bbox 998 1232 1132 1261; x_wconf 44' lang='lat' dir='ltr'>*vestra</span> <span class='ocrx_word' id='word_1_134' title='bbox 1148 1226 1289 1261; x_wconf 71' lang='lat' dir='ltr'>servire</span> 
     </span>
     <span class='ocr_line' id='line_1_25' title="bbox 298 1286 1290 1332; baseline 0 -10"><span class='ocrx_word' id='word_1_135' title='bbox 298 1288 347 1322; x_wconf 82' lang='lat' dir='ltr'>im</span> <span class='ocrx_word' id='word_1_136' title='bbox 355 1287 553 1323; x_wconf 77' lang='lat' dir='ltr'>mzmditioe</span> <span class='ocrx_word' id='word_1_137' title='bbox 566 1316 578 1332; x_wconf 80' lang='lat'>,</span> <span class='ocrx_word' id='word_1_138' title='bbox 596 1288 652 1322; x_wconf 80' lang='lat' dir='ltr'>ita</span> <span class='ocrx_word' id='word_1_139' title='bbox 673 1286 848 1322; x_wconf 55' lang='lat' dir='ltr'>exhibete</span> <span class='ocrx_word' id='word_1_140' title='bbox 867 1287 1038 1322; x_wconf 80' lang='lat' dir='ltr'>membra</span> <span class='ocrx_word' id='word_1_141' title='bbox 1060 1294 1193 1322; x_wconf 78' lang='lat' dir='ltr'>vestra</span> <span class='ocrx_word' id='word_1_142' title='bbox 1213 1299 1290 1322; x_wconf 79' lang='lat' dir='ltr'>ser-</span> 
     </span>
     <span class='ocr_line' id='line_1_26' title="bbox 299 1345 1288 1399; baseline -0.001 -15"><span class='ocrx_word' id='word_1_143' title='bbox 299 1349 561 1399; x_wconf 75' lang='lat' dir='ltr'>virejustitioe.</span> <span class='ocrx_word' id='word_1_144' title='bbox 586 1347 747 1398; x_wconf 85' lang='lat' dir='ltr'>Idipsum</span> <span class='ocrx_word' id='word_1_145' title='bbox 781 1360 844 1397; x_wconf 82' lang='lat' dir='ltr'>ego</span> <span class='ocrx_word' id='word_1_146' title='bbox 865 1345 945 1383; x_wconf 88' lang='lat' dir='ltr'>dico</span> <span class='ocrx_word' id='word_1_147' title='bbox 967 1361 975 1381; x_wconf 71' lang='grc' dir='ltr'><em>ε</em></span> <span class='ocrx_word' id='word_1_148' title='bbox 996 1355 1035 1383; x_wconf 84' lang='grc'>111</span> <span class='ocrx_word' id='word_1_149' title='bbox 1055 1346 1134 1383; x_wconf 87' lang='grc'>11135</span> <span class='ocrx_word' id='word_1_150' title='bbox 1155 1345 1288 1383; x_wconf 83' lang='lat' dir='ltr'>dilexi-</span> 
     </span>
     <span class='ocr_line' id='line_1_27' title="bbox 299 1408 1288 1460; baseline -0.001 -14"><span class='ocrx_word' id='word_1_151' title='bbox 299 1410 448 1455; x_wconf 85' lang='lat' dir='ltr'>mus‚sie</span> <span class='ocrx_word' id='word_1_152' title='bbox 464 1424 526 1446; x_wconf 93' lang='grc'>1105</span> <span class='ocrx_word' id='word_1_153' title='bbox 543 1419 665 1446; x_wconf 88' lang='lat' dir='ltr'>mutuo</span> <span class='ocrx_word' id='word_1_154' title='bbox 677 1409 882 1460; x_wconf 82' lang='lat' dir='ltr'>diligamus,</span> <span class='ocrx_word' id='word_1_155' title='bbox 894 1423 956 1446; x_wconf 87' lang='lat' dir='ltr'>nee</span> <span class='ocrx_word' id='word_1_156' title='bbox 979 1422 1040 1445; x_wconf 89' lang='lat' dir='ltr'>nos</span> <span class='ocrx_word' id='word_1_157' title='bbox 1060 1422 1166 1459; x_wconf 82' lang='lat' dir='ltr'>grave</span> <span class='ocrx_word' id='word_1_158' title='bbox 1182 1408 1288 1458; x_wconf 89' lang='lat' dir='ltr'>quid-</span> 
     </span>
     <span class='ocr_line' id='line_1_28' title="bbox 298 1469 1291 1521; baseline 0 -15"><span class='ocrx_word' id='word_1_159' title='bbox 298 1469 393 1521; x_wconf 87' lang='lat' dir='ltr'>piam</span> <span class='ocrx_word' id='word_1_160' title='bbox 414 1470 487 1521; x_wconf 88' lang='lat' dir='ltr'>pati</span> <span class='ocrx_word' id='word_1_161' title='bbox 504 1469 802 1507; x_wconf 80' lang='lat' dir='ltr'>existimabimus.</span> <span class='ocrx_word' id='word_1_162' title='bbox 838 1469 884 1506; x_wconf 87' lang='lat' dir='ltr'>Et</span> <span class='ocrx_word' id='word_1_163' title='bbox 912 1469 1002 1519; x_wconf 85' lang='lat' dir='ltr'>quid</span> <span class='ocrx_word' id='word_1_164' title='bbox 1021 1469 1101 1506; x_wconf 82' lang='lat' dir='ltr'>dico</span> <span class='ocrx_word' id='word_1_165' title='bbox 1129 1483 1191 1506; x_wconf 91' lang='lat' dir='ltr'>nos</span> <span class='ocrx_word' id='word_1_166' title='bbox 1211 1483 1291 1506; x_wconf 89' lang='lat' dir='ltr'>mu-</span> 
     </span>
     <span class='ocr_line' id='line_1_29' title="bbox 300 1530 1290 1582; baseline 0 -14"><span class='ocrx_word' id='word_1_167' title='bbox 300 1532 388 1568; x_wconf 67' lang='lat' dir='ltr'>tuo?</span> <span class='ocrx_word' id='word_1_168' title='bbox 419 1531 477 1568; x_wconf 64' lang='lat' dir='ltr'>sic</span> <span class='ocrx_word' id='word_1_169' title='bbox 506 1533 625 1568; x_wconf 90' lang='lat' dir='ltr'>Deum</span> <span class='ocrx_word' id='word_1_170' title='bbox 650 1531 854 1582; x_wconf 80' lang='lat' dir='ltr'>diligamus.</span> <span class='ocrx_word' id='word_1_171' title='bbox 882 1530 1115 1567; x_wconf 81' lang='lat' dir='ltr'>Inhorruistis</span> <span class='ocrx_word' id='word_1_172' title='bbox 1144 1530 1290 1568; x_wconf 86' lang='lat' dir='ltr'>audien-</span> 
     </span>
     <span class='ocr_line' id='line_1_30' title="bbox 302 1593 1291 1643; baseline 0.001 -14"><span class='ocrx_word' id='word_1_173' title='bbox 302 1602 351 1630; x_wconf 87' lang='lat' dir='ltr'>tes</span> <span class='ocrx_word' id='word_1_174' title='bbox 365 1607 420 1629; x_wconf 87' lang='lat' dir='ltr'>me</span> <span class='ocrx_word' id='word_1_175' title='bbox 435 1602 572 1629; x_wconf 81' lang='lat' dir='ltr'>tantum</span> <span class='ocrx_word' id='word_1_176' title='bbox 591 1593 732 1643; x_wconf 79' lang='lat' dir='ltr'>exigere</span> <span class='ocrx_word' id='word_1_177' title='bbox 753 1606 834 1643; x_wconf 80' lang='lat' dir='ltr'>erga</span> <span class='ocrx_word' id='word_1_178' title='bbox 850 1594 965 1630; x_wconf 86' lang='lat' dir='ltr'>Deum</span> <span class='ocrx_word' id='word_1_179' title='bbox 985 1606 1141 1629; x_wconf 84' lang='lat' dir='ltr'>amorem</span> <span class='ocrx_word' id='word_1_180' title='bbox 1153 1623 1162 1640; x_wconf 90' lang='lat'>,</span> <span class='ocrx_word' id='word_1_181' title='bbox 1181 1607 1291 1642; x_wconf 75' lang='lat' dir='ltr'>quan-</span> 
     </span>
     <span class='ocr_line' id='line_1_31' title="bbox 302 1653 1290 1704; baseline 0.001 -14"><span class='ocrx_word' id='word_1_182' title='bbox 302 1662 377 1690; x_wconf 90' lang='lat' dir='ltr'>tum</span> <span class='ocrx_word' id='word_1_183' title='bbox 397 1667 479 1704; x_wconf 79' lang='lat' dir='ltr'>erga</span> <span class='ocrx_word' id='word_1_184' title='bbox 500 1653 719 1690; x_wconf 79' lang='lat' dir='ltr'>meretricem</span> <span class='ocrx_word' id='word_1_185' title='bbox 748 1653 981 1690; x_wconf 71' lang='lat' dir='ltr'>exhibemus?</span> <span class='ocrx_word' id='word_1_186' title='bbox 1008 1655 1053 1690; x_wconf 81' lang='lat' dir='ltr'>At</span> <span class='ocrx_word' id='word_1_187' title='bbox 1073 1667 1136 1704; x_wconf 81' lang='lat' dir='ltr'>ego</span> <span class='ocrx_word' id='word_1_188' title='bbox 1158 1655 1290 1691; x_wconf 84' lang='lat' dir='ltr'>exhor-</span> 
     </span>
     <span class='ocr_line' id='line_1_32' title="bbox 301 1714 1289 1767; baseline 0.001 -14"><span class='ocrx_word' id='word_1_189' title='bbox 301 1731 398 1754; x_wconf 82' lang='lat' dir='ltr'>resco</span> <span class='ocrx_word' id='word_1_190' title='bbox 428 1716 523 1767; x_wconf 88' lang='lat' dir='ltr'>quod</span> <span class='ocrx_word' id='word_1_191' title='bbox 545 1730 587 1753; x_wconf 93' lang='lat' dir='ltr'>ne</span> <span class='ocrx_word' id='word_1_192' title='bbox 618 1730 738 1767; x_wconf 86' lang='lat' dir='ltr'>parem</span> <span class='ocrx_word' id='word_1_193' title='bbox 758 1714 903 1766; x_wconf 85' lang='lat' dir='ltr'>quidem</span> <span class='ocrx_word' id='word_1_194' title='bbox 922 1714 1166 1753; x_wconf 83' lang='lat' dir='ltr'>exhibeamus.</span> <span class='ocrx_word' id='word_1_195' title='bbox 1194 1716 1240 1754; x_wconf 87' lang='lat' dir='ltr'>Et</span> <span class='ocrx_word' id='word_1_196' title='bbox 1260 1717 1289 1754; x_wconf 90' lang='lat' dir='ltr'>si</span> 
     </span>
     <span class='ocr_line' id='line_1_33' title="bbox 299 1776 1289 1831; baseline 0 -16"><span class='ocrx_word' id='word_1_197' title='bbox 299 1779 438 1831; x_wconf 89' lang='lat' dir='ltr'>placet,</span> <span class='ocrx_word' id='word_1_198' title='bbox 464 1778 553 1815; x_wconf 89' lang='lat' dir='ltr'>illud</span> <span class='ocrx_word' id='word_1_199' title='bbox 575 1777 837 1829; x_wconf 85' lang='lat' dir='ltr'>expendamus,</span> <span class='ocrx_word' id='word_1_200' title='bbox 868 1777 930 1814; x_wconf 87' lang='lat' dir='ltr'>etsi</span> <span class='ocrx_word' id='word_1_201' title='bbox 953 1776 1149 1815; x_wconf 85' lang='lat' dir='ltr'>admodum</span> <span class='ocrx_word' id='word_1_202' title='bbox 1180 1778 1289 1816; x_wconf 92' lang='lat' dir='ltr'>mole-</span> 
     </span>
     <span class='ocr_line' id='line_1_34' title="bbox 299 1837 1287 1889; baseline -0.002 -12"><span class='ocrx_word' id='word_1_203' title='bbox 299 1849 350 1877; x_wconf 87' lang='lat' dir='ltr'>sta</span> <span class='ocrx_word' id='word_1_204' title='bbox 364 1853 416 1877; x_wconf 88' lang='lat' dir='ltr'>res</span> <span class='ocrx_word' id='word_1_205' title='bbox 437 1839 495 1876; x_wconf 88' lang='lat' dir='ltr'>sit.</span> <span class='ocrx_word' id='word_1_206' title='bbox 515 1838 655 1876; x_wconf 75' lang='lat' dir='ltr'>Amasia</span> <span class='ocrx_word' id='word_1_207' title='bbox 671 1838 873 1875; x_wconf 85' lang='lat' dir='ltr'>amantibus</span> <span class='ocrx_word' id='word_1_208' title='bbox 886 1837 977 1874; x_wconf 90' lang='lat' dir='ltr'>nihil</span> <span class='ocrx_word' id='word_1_209' title='bbox 991 1837 1075 1875; x_wconf 86' lang='lat' dir='ltr'>boni</span> <span class='ocrx_word' id='word_1_210' title='bbox 1096 1838 1287 1889; x_wconf 89' lang='lat' dir='ltr'>promittit,</span> 
     </span>
     <span class='ocr_line' id='line_1_35' title="bbox 298 1899 1290 1953; baseline -0.001 -15"><span class='ocrx_word' id='word_1_211' title='bbox 298 1901 361 1939; x_wconf 87' lang='lat' dir='ltr'>sed</span> <span class='ocrx_word' id='word_1_212' title='bbox 376 1901 607 1953; x_wconf 79' lang='lat' dir='ltr'>ignominiam</span> <span class='ocrx_word' id='word_1_213' title='bbox 618 1931 628 1950; x_wconf 88' lang='grc'>,</span> <span class='ocrx_word' id='word_1_214' title='bbox 643 1899 902 1951; x_wconf 86' lang='lat' dir='ltr'>turpitudinem</span> <span class='ocrx_word' id='word_1_215' title='bbox 916 1929 924 1945; x_wconf 88' lang='lat'>,</span> <span class='ocrx_word' id='word_1_216' title='bbox 942 1899 1205 1949; x_wconf 75' lang='lat' dir='ltr'>contumeliffln3</span> <span class='ocrx_word' id='word_1_217' title='bbox 1222 1900 1290 1937; x_wconf 90' lang='grc'>1100</span> 
     </span>
     <span class='ocr_line' id='line_1_36' title="bbox 299 1962 1290 2011; baseline -0.001 -10"><span class='ocrx_word' id='word_1_218' title='bbox 299 1965 393 2002; x_wconf 91' lang='lat' dir='ltr'>enim</span> <span class='ocrx_word' id='word_1_219' title='bbox 408 1965 509 2001; x_wconf 82' lang='lat' dir='ltr'>assert</span> <span class='ocrx_word' id='word_1_220' title='bbox 530 1963 723 2001; x_wconf 85' lang='lat' dir='ltr'>meretricis</span> <span class='ocrx_word' id='word_1_221' title='bbox 743 1962 979 2011; x_wconf 85' lang='lat' dir='ltr'>consuetudo,</span> <span class='ocrx_word' id='word_1_222' title='bbox 997 1963 1194 2001; x_wconf 85' lang='lat' dir='ltr'>ridiculum</span> <span class='ocrx_word' id='word_1_223' title='bbox 1210 1962 1290 2000; x_wconf 86' lang='lat' dir='ltr'>red-</span> 
     </span>
     <span class='ocr_line' id='line_1_37' title="bbox 300 2024 1290 2078; baseline 0 -16"><span class='ocrx_word' id='word_1_224' title='bbox 300 2026 373 2073; x_wconf 86' lang='lat' dir='ltr'>dit,</span> <span class='ocrx_word' id='word_1_225' title='bbox 396 2035 552 2078; x_wconf 81' lang='lat' dir='ltr'>turpem,</span> <span class='ocrx_word' id='word_1_226' title='bbox 582 2025 760 2062; x_wconf 83' lang='lat' dir='ltr'>infamem.</span> <span class='ocrx_word' id='word_1_227' title='bbox 780 2026 875 2062; x_wconf 87' lang='lat' dir='ltr'>Deus</span> <span class='ocrx_word' id='word_1_228' title='bbox 895 2039 978 2062; x_wconf 87' lang='lat' dir='ltr'>vero</span> <span class='ocrx_word' id='word_1_229' title='bbox 999 2024 1124 2062; x_wconf 82' lang='lat' dir='ltr'>eaelum</span> <span class='ocrx_word' id='word_1_230' title='bbox 1138 2034 1171 2061; x_wconf 90' lang='lat' dir='ltr'>et</span> <span class='ocrx_word' id='word_1_231' title='bbox 1190 2025 1290 2062; x_wconf 76' lang='grc'>03010-</span> 
     </span>
     <span class='ocr_line' id='line_1_38' title="bbox 301 2085 1289 2138; baseline 0.001 -15"><span class='ocrx_word' id='word_1_232' title='bbox 301 2087 366 2124; x_wconf 68' lang='grc'>51111</span> <span class='ocrx_word' id='word_1_233' title='bbox 388 2088 479 2123; x_wconf 73' lang='grc'>110113</span> <span class='ocrx_word' id='word_1_234' title='bbox 511 2086 720 2138; x_wconf 72' lang='lat' dir='ltr'>pollicetur,</span> <span class='ocrx_word' id='word_1_235' title='bbox 744 2085 838 2123; x_wconf 87' lang='lat' dir='ltr'>filios</span> <span class='ocrx_word' id='word_1_236' title='bbox 854 2100 937 2123; x_wconf 91' lang='grc'>51105</span> <span class='ocrx_word' id='word_1_237' title='bbox 957 2095 990 2123; x_wconf 94' lang='lat' dir='ltr'>et</span> <span class='ocrx_word' id='word_1_238' title='bbox 1012 2085 1198 2137; x_wconf 78' lang='lat' dir='ltr'>Unigeniti</span> <span class='ocrx_word' id='word_1_239' title='bbox 1218 2086 1289 2124; x_wconf 85' lang='lat' dir='ltr'>sra-</span> 
     </span>
     <span class='ocr_line' id='line_1_39' title="bbox 302 2147 1290 2198; baseline -0.001 -13"><span class='ocrx_word' id='word_1_240' title='bbox 302 2159 370 2186; x_wconf 84' lang='lat' dir='ltr'>tres</span> <span class='ocrx_word' id='word_1_241' title='bbox 389 2147 525 2198; x_wconf 78' lang='lat' dir='ltr'>reddit,</span> <span class='ocrx_word' id='word_1_242' title='bbox 550 2148 686 2186; x_wconf 66' lang='lat' dir='ltr'>viventi</span> <span class='ocrx_word' id='word_1_243' title='bbox 709 2147 775 2184; x_wconf 89' lang='lat' dir='ltr'>tibi</span> <span class='ocrx_word' id='word_1_244' title='bbox 800 2148 982 2185; x_wconf 87' lang='lat' dir='ltr'>innumera</span> <span class='ocrx_word' id='word_1_245' title='bbox 1005 2147 1177 2198; x_wconf 84' lang='lat' dir='ltr'>largitur,</span> <span class='ocrx_word' id='word_1_246' title='bbox 1195 2161 1290 2185; x_wconf 91' lang='lat' dir='ltr'>mor-</span> 
     </span>
     <span class='ocr_line' id='line_1_40' title="bbox 300 2210 1291 2259; baseline 0 -12"><span class='ocrx_word' id='word_1_247' title='bbox 300 2219 361 2249; x_wconf 87' lang='lat' dir='ltr'>tuo</span> <span class='ocrx_word' id='word_1_248' title='bbox 388 2212 704 2258; x_wconf 84' lang='lat' dir='ltr'>resurrectionem,</span> <span class='ocrx_word' id='word_1_249' title='bbox 725 2218 758 2246; x_wconf 89' lang='lat' dir='ltr'>et</span> <span class='ocrx_word' id='word_1_250' title='bbox 784 2218 834 2247; x_wconf 91' lang='lat' dir='ltr'>tot</span> <span class='ocrx_word' id='word_1_251' title='bbox 860 2218 1026 2259; x_wconf 84' lang='lat' dir='ltr'>tantaque</span> <span class='ocrx_word' id='word_1_252' title='bbox 1051 2210 1161 2259; x_wconf 87' lang='lat' dir='ltr'>bona,</span> <span class='ocrx_word' id='word_1_253' title='bbox 1183 2219 1221 2246; x_wconf 87' lang='lat' dir='ltr'>ut</span> <span class='ocrx_word' id='word_1_254' title='bbox 1248 2224 1291 2247; x_wconf 92' lang='lat' dir='ltr'>ne</span> 
     </span>
     <span class='ocr_line' id='line_1_41' title="bbox 301 2270 1291 2323; baseline -0.001 -14"><span class='ocrx_word' id='word_1_255' title='bbox 301 2272 456 2323; x_wconf 80' lang='lat' dir='ltr'>cogitare</span> <span class='ocrx_word' id='word_1_256' title='bbox 483 2271 630 2322; x_wconf 89' lang='lat' dir='ltr'>quidem</span> <span class='ocrx_word' id='word_1_257' title='bbox 662 2285 702 2308; x_wconf 87' lang='lat' dir='ltr'>ea</span> <span class='ocrx_word' id='word_1_258' title='bbox 729 2271 866 2322; x_wconf 89' lang='lat' dir='ltr'>possis,</span> <span class='ocrx_word' id='word_1_259' title='bbox 898 2285 1032 2320; x_wconf 83' lang='lat' dir='ltr'>nosque</span> <span class='ocrx_word' id='word_1_260' title='bbox 1066 2270 1291 2309; x_wconf 83' lang='lat' dir='ltr'>honorabiles</span> 
     </span>
     <span class='ocr_line' id='line_1_42' title="bbox 300 2332 1292 2384; baseline -0.001 -13"><span class='ocrx_word' id='word_1_261' title='bbox 300 2332 588 2383; x_wconf 81' lang='lat' dir='ltr'>venerandosque</span> <span class='ocrx_word' id='word_1_262' title='bbox 607 2332 727 2369; x_wconf 83' lang='lat' dir='ltr'>efficit.</span> <span class='ocrx_word' id='word_1_263' title='bbox 746 2332 812 2369; x_wconf 83' lang='lat' dir='ltr'>Illa</span> <span class='ocrx_word' id='word_1_264' title='bbox 832 2332 962 2369; x_wconf 88' lang='lat' dir='ltr'>iterum</span> <span class='ocrx_word' id='word_1_265' title='bbox 982 2332 1181 2384; x_wconf 86' lang='lat' dir='ltr'>expendere</span> <span class='ocrx_word' id='word_1_266' title='bbox 1200 2333 1292 2384; x_wconf 83' lang='lat' dir='ltr'>cogit</span> 
     </span>
     <span class='ocr_line' id='line_1_43' title="bbox 302 2393 1291 2445; baseline 0 -14"><span class='ocrx_word' id='word_1_267' title='bbox 302 2394 419 2431; x_wconf 90' lang='lat' dir='ltr'>omnia</span> <span class='ocrx_word' id='word_1_268' title='bbox 441 2395 476 2431; x_wconf 91' lang='lat' dir='ltr'>in</span> <span class='ocrx_word' id='word_1_269' title='bbox 494 2394 699 2445; x_wconf 83' lang='lat' dir='ltr'>voraginem</span> <span class='ocrx_word' id='word_1_270' title='bbox 713 2403 746 2431; x_wconf 90' lang='lat' dir='ltr'>et</span> <span class='ocrx_word' id='word_1_271' title='bbox 762 2393 974 2445; x_wconf 77' lang='lat' dir='ltr'>perniciem5</span> <span class='ocrx_word' id='word_1_272' title='bbox 992 2395 1088 2431; x_wconf 85' lang='lat' dir='ltr'>Deus</span> <span class='ocrx_word' id='word_1_273' title='bbox 1102 2394 1206 2445; x_wconf 88' lang='lat' dir='ltr'>jubet</span> <span class='ocrx_word' id='word_1_274' title='bbox 1225 2408 1291 2431; x_wconf 69' lang='grc'>033-</span> 
     </span>
     <span class='ocr_line' id='line_1_44' title="bbox 301 2453 1291 2507; baseline 0.001 -15"><span class='ocrx_word' id='word_1_275' title='bbox 301 2455 376 2493; x_wconf 89' lang='lat' dir='ltr'>lum</span> <span class='ocrx_word' id='word_1_276' title='bbox 396 2455 514 2507; x_wconf 87' lang='lat' dir='ltr'>ipsum</span> <span class='ocrx_word' id='word_1_277' title='bbox 535 2469 667 2502; x_wconf 84' lang='lat' dir='ltr'>serere,</span> <span class='ocrx_word' id='word_1_278' title='bbox 699 2464 732 2492; x_wconf 88' lang='lat' dir='ltr'>et</span> <span class='ocrx_word' id='word_1_279' title='bbox 767 2454 975 2506; x_wconf 88' lang='lat' dir='ltr'>centuplum</span> <span class='ocrx_word' id='word_1_280' title='bbox 1008 2453 1087 2503; x_wconf 88' lang='lat' dir='ltr'>dat,</span> <span class='ocrx_word' id='word_1_281' title='bbox 1118 2463 1223 2504; x_wconf 84' lang='lat' dir='ltr'>atque</span> <span class='ocrx_word' id='word_1_282' title='bbox 1238 2454 1291 2493; x_wconf 86' lang='lat' dir='ltr'>vi-</span> 
     </span>
     <span class='ocr_line' id='line_1_45' title="bbox 300 2516 1288 2569; baseline -0.002 -14"><span class='ocrx_word' id='word_1_283' title='bbox 300 2527 373 2556; x_wconf 86' lang='lat' dir='ltr'>tam</span> <span class='ocrx_word' id='word_1_284' title='bbox 397 2527 575 2556; x_wconf 84' lang='lat' dir='ltr'>aeternam.</span> <span class='ocrx_word' id='word_1_285' title='bbox 614 2518 679 2555; x_wconf 88' lang='lat' dir='ltr'>Illa</span> <span class='ocrx_word' id='word_1_286' title='bbox 708 2527 864 2555; x_wconf 84' lang='lat' dir='ltr'>amatore</span> <span class='ocrx_word' id='word_1_287' title='bbox 884 2526 922 2554; x_wconf 88' lang='lat' dir='ltr'>ut</span> <span class='ocrx_word' id='word_1_288' title='bbox 956 2516 1134 2569; x_wconf 86' lang='lat' dir='ltr'>mancipio</span> <span class='ocrx_word' id='word_1_289' title='bbox 1156 2517 1288 2565; x_wconf 88' lang='lat' dir='ltr'>utitur,</span> 
     </span>
     <span class='ocr_line' id='line_1_46' title="bbox 303 2578 1291 2632; baseline 0.001 -17"><span class='ocrx_word' id='word_1_290' title='bbox 303 2580 428 2630; x_wconf 82' lang='lat' dir='ltr'>quovis</span> <span class='ocrx_word' id='word_1_291' title='bbox 450 2590 600 2632; x_wconf 84' lang='lat' dir='ltr'>tyranno</span> <span class='ocrx_word' id='word_1_292' title='bbox 626 2580 801 2628; x_wconf 86' lang='lat' dir='ltr'>acerbior;</span> <span class='ocrx_word' id='word_1_293' title='bbox 836 2581 931 2617; x_wconf 87' lang='lat' dir='ltr'>Deus</span> <span class='ocrx_word' id='word_1_294' title='bbox 959 2594 1043 2618; x_wconf 86' lang='lat' dir='ltr'>vero</span> <span class='ocrx_word' id='word_1_295' title='bbox 1062 2578 1176 2617; x_wconf 82' lang='lat' dir='ltr'>dicit:</span> <span class='ocrx_word' id='word_1_296' title='bbox 1197 2580 1291 2617; x_wconf 85' lang='lat' dir='ltr'>Jam</span> 
     </span>
     <span class='ocr_line' id='line_1_47' title="bbox 305 2643 1050 2687; baseline 0.001 -10"><span class='ocrx_word' id='word_1_297' title='bbox 305 2656 381 2678; x_wconf 79' lang='lat' dir='ltr'>non</span> <span class='ocrx_word' id='word_1_298' title='bbox 397 2643 525 2679; x_wconf 75' lang='lat' dir='ltr'>(licam</span> <span class='ocrx_word' id='word_1_299' title='bbox 544 2655 613 2680; x_wconf 80' lang='lat' dir='ltr'>vos</span> <span class='ocrx_word' id='word_1_300' title='bbox 634 2655 762 2680; x_wconf 74' lang='lat' dir='ltr'>servos</span> <span class='ocrx_word' id='word_1_301' title='bbox 774 2671 785 2687; x_wconf 82' lang='lat'><em>‚</em></span> <span class='ocrx_word' id='word_1_302' title='bbox 810 2644 876 2680; x_wconf 82' lang='lat' dir='ltr'>sed</span> <span class='ocrx_word' id='word_1_303' title='bbox 893 2644 1050 2680; x_wconf 80' lang='lat' dir='ltr'>amicos.</span> 
     </span>
    </p>
   </div>
   <div class='ocr_carea' id='block_1_5' title="bbox 303 2940 1292 3298">
    <p class='ocr_par' dir='ltr' id='par_1_6' title="bbox 303 2940 1292 3298">
     <span class='ocr_line' id='line_1_48' title="bbox 359 2940 1292 2993; baseline 0.003 -16"><span class='ocrx_word' id='word_1_304' title='bbox 359 2943 391 2978; x_wconf 71' lang='lat'>13.</span> <span class='ocrx_word' id='word_1_305' title='bbox 424 2940 620 2980; x_wconf 76' lang='lat' dir='ltr'>Vidistisne</span> <span class='ocrx_word' id='word_1_306' title='bbox 637 2942 920 2991; x_wconf 73' lang='lat' dir='ltr'>magnitudinem</span> <span class='ocrx_word' id='word_1_307' title='bbox 936 2942 995 2980; x_wconf 88' lang='lat' dir='ltr'>hie</span> <span class='ocrx_word' id='word_1_308' title='bbox 1006 2943 1197 2993; x_wconf 85' lang='lat' dir='ltr'>malorum,</span> <span class='ocrx_word' id='word_1_309' title='bbox 1217 2942 1292 2980; x_wconf 84' lang='lat' dir='ltr'>illic</span> 
     </span>
     <span class='ocr_line' id='line_1_49' title="bbox 304 3002 1289 3055; baseline 0.001 -14"><span class='ocrx_word' id='word_1_310' title='bbox 304 3003 509 3041; x_wconf 68' lang='lat' dir='ltr'>bonorum?</span> <span class='ocrx_word' id='word_1_311' title='bbox 526 3002 625 3049; x_wconf 86' lang='lat' dir='ltr'>Quid</span> <span class='ocrx_word' id='word_1_312' title='bbox 654 3004 698 3040; x_wconf 86' lang='lat' dir='ltr'>ad</span> <span class='ocrx_word' id='word_1_313' title='bbox 732 3004 830 3041; x_wconf 74' lang='lat' dir='ltr'>luce?</span> <span class='ocrx_word' id='word_1_314' title='bbox 853 3005 955 3042; x_wconf 85' lang='lat' dir='ltr'>Illius</span> <span class='ocrx_word' id='word_1_315' title='bbox 976 3005 1088 3055; x_wconf 82' lang='lat' dir='ltr'>gratia</span> <span class='ocrx_word' id='word_1_316' title='bbox 1111 3005 1213 3042; x_wconf 89' lang='lat' dir='ltr'>multi</span> <span class='ocrx_word' id='word_1_317' title='bbox 1236 3005 1289 3044; x_wconf 89' lang='lat' dir='ltr'>vi-</span> 
     </span>
     <span class='ocr_line' id='line_1_50' title="bbox 305 3064 1289 3116; baseline 0.002 -15"><span class='ocrx_word' id='word_1_318' title='bbox 305 3064 438 3116; x_wconf 83' lang='lat' dir='ltr'>gilant,</span> <span class='ocrx_word' id='word_1_319' title='bbox 467 3073 499 3101; x_wconf 88' lang='lat' dir='ltr'>et</span> <span class='ocrx_word' id='word_1_320' title='bbox 526 3064 713 3115; x_wconf 84' lang='lat' dir='ltr'>imperanti</span> <span class='ocrx_word' id='word_1_321' title='bbox 734 3073 805 3101; x_wconf 88' lang='lat' dir='ltr'>toto</span> <span class='ocrx_word' id='word_1_322' title='bbox 839 3064 956 3102; x_wconf 80' lang='lat' dir='ltr'>animo</span> <span class='ocrx_word' id='word_1_323' title='bbox 980 3079 1112 3103; x_wconf 84' lang='lat' dir='ltr'>morem</span> <span class='ocrx_word' id='word_1_324' title='bbox 1141 3075 1289 3116; x_wconf 83' lang='lat' dir='ltr'>gerunt,</span> 
     </span>
     <span class='ocr_line' id='line_1_51' title="bbox 304 3124 1290 3175; baseline 0.002 -13"><span class='ocrx_word' id='word_1_325' title='bbox 304 3125 452 3163; x_wconf 87' lang='lat' dir='ltr'>domum</span> <span class='ocrx_word' id='word_1_326' title='bbox 485 3124 710 3175; x_wconf 83' lang='lat' dir='ltr'>relinquunt,</span> <span class='ocrx_word' id='word_1_327' title='bbox 742 3133 900 3175; x_wconf 82' lang='lat' dir='ltr'>patrem,</span> <span class='ocrx_word' id='word_1_328' title='bbox 928 3135 1098 3171; x_wconf 87' lang='lat' dir='ltr'>matrem,</span> <span class='ocrx_word' id='word_1_329' title='bbox 1134 3126 1290 3173; x_wconf 82' lang='lat' dir='ltr'>amieos,</span> 
     </span>
     <span class='ocr_line' id='line_1_52' title="bbox 303 3184 1290 3238; baseline 0.002 -15"><span class='ocrx_word' id='word_1_330' title='bbox 303 3186 486 3238; x_wconf 79' lang='lat' dir='ltr'>pecunias,</span> <span class='ocrx_word' id='word_1_331' title='bbox 506 3184 713 3238; x_wconf 82' lang='lat' dir='ltr'>patrocinia,</span> <span class='ocrx_word' id='word_1_332' title='bbox 733 3185 851 3222; x_wconf 89' lang='lat' dir='ltr'>omnia</span> <span class='ocrx_word' id='word_1_333' title='bbox 873 3199 936 3222; x_wconf 90' lang='lat' dir='ltr'>sua</span> <span class='ocrx_word' id='word_1_334' title='bbox 956 3185 1122 3224; x_wconf 85' lang='lat' dir='ltr'>deserunt</span> <span class='ocrx_word' id='word_1_335' title='bbox 1143 3196 1174 3224; x_wconf 87' lang='lat' dir='ltr'>et</span> <span class='ocrx_word' id='word_1_336' title='bbox 1194 3188 1290 3225; x_wconf 85' lang='lat' dir='ltr'>labe-</span> 
     </span>
     <span class='ocr_line' id='line_1_53' title="bbox 304 3245 1289 3298; baseline 0.003 -16"><span class='ocrx_word' id='word_1_337' title='bbox 304 3246 426 3283; x_wconf 75' lang='lat' dir='ltr'>factari</span> <span class='ocrx_word' id='word_1_338' title='bbox 447 3247 593 3296; x_wconf 69' lang='lat' dir='ltr'>sinunt,</span> <span class='ocrx_word' id='word_1_339' title='bbox 621 3245 686 3283; x_wconf 85' lang='lat' dir='ltr'>Dei</span> <span class='ocrx_word' id='word_1_340' title='bbox 709 3259 791 3283; x_wconf 79' lang='lat' dir='ltr'>vero</span> <span class='ocrx_word' id='word_1_341' title='bbox 812 3259 929 3295; x_wconf 87' lang='grc'>031153,</span> <span class='ocrx_word' id='word_1_342' title='bbox 952 3246 1021 3283; x_wconf 86' lang='grc'>11110</span> <span class='ocrx_word' id='word_1_343' title='bbox 1044 3248 1160 3298; x_wconf 86' lang='lat' dir='ltr'>potius</span> <span class='ocrx_word' id='word_1_344' title='bbox 1180 3248 1289 3285; x_wconf 86' lang='lat' dir='ltr'>nostri</span> 
     </span>
    </p>
   </div>
   <div class='ocr_carea' id='block_1_6' title="bbox 350 3379 1414 3421">
    <p class='ocr_par' dir='ltr' id='par_1_7' title="bbox 350 3379 1414 3421">
     <span class='ocr_line' id='line_1_54' title="bbox 350 3379 1414 3421; baseline 0 -9"><span class='ocrx_word' id='word_1_345' title='bbox 350 3380 520 3421; x_wconf 76' lang='lat' dir='ltr'>¹¹Quidam</span> <span class='ocrx_word' id='word_1_346' title='bbox 541 3386 664 3414; x_wconf 61' lang='lat' dir='ltr'>{ur-»1302</span> <span class='ocrx_word' id='word_1_347' title='bbox 683 3384 758 3414; x_wconf 72' lang='grc' dir='ltr'>ὖὸτε.</span> <span class='ocrx_word' id='word_1_348' title='bbox 775 3379 887 3411; x_wconf 66' lang='grc'>1110101.</span> <span class='ocrx_word' id='word_1_349' title='bbox 906 3385 1029 3414; x_wconf 66' lang='grc' dir='ltr'>ἐνταῦθα</span> <span class='ocrx_word' id='word_1_350' title='bbox 1048 3383 1076 3413; x_wconf 68' lang='grc' dir='ltr'>δὲ</span> <span class='ocrx_word' id='word_1_351' title='bbox 1091 3384 1166 3414; x_wconf 68' lang='grc' dir='ltr'>δότ-ς.</span> <span class='ocrx_word' id='word_1_352' title='bbox 1179 3381 1278 3413; x_wconf 74' lang='lat' dir='ltr'>Savil.</span> <span class='ocrx_word' id='word_1_353' title='bbox 1297 3389 1331 3413; x_wconf 87' lang='grc'>111</span> <span class='ocrx_word' id='word_1_354' title='bbox 1345 3393 1414 3414; x_wconf 89' lang='lat' dir='ltr'>nos.</span> 
     </span>
    </p>
   </div>
   <div class='ocr_carea' id='block_1_7' title="bbox 842 221 1306 253">
    <p class='ocr_par' dir='ltr' id='par_1_8' title="bbox 842 221 1306 253">
     <span class='ocr_line' id='line_1_55' title="bbox 842 221 1306 253; baseline -0.004 -1"><span class='ocrx_word' id='word_1_355' title='bbox 842 222 1026 253; x_wconf 74' lang='lat' dir='ltr'>JOANNIS</span> <span class='ocrx_word' id='word_1_356' title='bbox 1062 221 1306 252; x_wconf 82' lang='lat' dir='ltr'>CHRYSOST.</span> 
     </span>
    </p>
   </div>
   <div class='ocr_carea' id='block_1_8' title="bbox 1302 2648 2389 2730">
    <p class='ocr_par' dir='ltr' id='par_1_9' title="bbox 1302 2648 2389 2730">
     <span class='ocr_line' id='line_1_56' title="bbox 1302 2648 1351 2675; baseline -0.082 0"><span class='ocrx_word' id='word_1_357' title='bbox 1302 2648 1351 2675; x_wconf 55' lang='lat'>1⁴71</span> 
     </span>
     <span class='ocr_line' id='line_1_57' title="bbox 1316 2676 2389 2730; baseline 0.001 -15"><span class='ocrx_word' id='word_1_358' title='bbox 1316 2686 1341 2715; x_wconf 85' lang='lat' dir='ltr'>A</span> <span class='ocrx_word' id='word_1_359' title='bbox 1366 2677 1456 2725; x_wconf 77' lang='grc' dir='ltr'>ζωὴν</span> <span class='ocrx_word' id='word_1_360' title='bbox 1474 2676 1623 2715; x_wconf 81' lang='grc' dir='ltr'>αἰώνιον.</span> <span class='ocrx_word' id='word_1_361' title='bbox 1643 2677 1776 2724; x_wconf 88' lang='grc' dir='ltr'>Πάλιν,</span> <span class='ocrx_word' id='word_1_362' title='bbox 1794 2677 1907 2723; x_wconf 81' lang='grc' dir='ltr'>ἐκείνη</span> <span class='ocrx_word' id='word_1_363' title='bbox 1928 2679 1974 2720; x_wconf 81' lang='grc' dir='ltr'>ὡς</span> <span class='ocrx_word' id='word_1_364' title='bbox 1994 2677 2199 2730; x_wconf 82' lang='grc' dir='ltr'>ἀνδραπόδῳ</span> <span class='ocrx_word' id='word_1_365' title='bbox 2220 2677 2389 2730; x_wconf 76' lang='grc' dir='ltr'>κέχρηται</span> 
     </span>
    </p>
   </div>
   <div class='ocr_carea' id='block_1_9' title="bbox 1346 217 1955 251">
    <p class='ocr_par' dir='ltr' id='par_1_10' title="bbox 1346 217 1955 251">
     <span class='ocr_line' id='line_1_58' title="bbox 1346 217 1955 251; baseline 0.003 -2"><span class='ocrx_word' id='word_1_366' title='bbox 1346 219 1550 250; x_wconf 83' lang='lat' dir='ltr'>ARCHIEP.</span> <span class='ocrx_word' id='word_1_367' title='bbox 1595 217 1938 251; x_wconf 80' lang='lat' dir='ltr'>CONSTANTINOP</span> <span class='ocrx_word' id='word_1_368' title='bbox 1947 241 1955 251; x_wconf 85' lang='lat'>.</span> 
     </span>
    </p>
   </div>
   <div class='ocr_carea' id='block_1_10' title="bbox 1360 299 2381 657">
    <p class='ocr_par' dir='ltr' id='par_1_11' title="bbox 1360 299 2381 657">
     <span class='ocr_line' id='line_1_59' title="bbox 1361 299 2376 354; baseline 0.005 -17"><span class='ocrx_word' id='word_1_369' title='bbox 1361 300 1424 338; x_wconf 83' lang='grc' dir='ltr'>κᾶν</span> <span class='ocrx_word' id='word_1_370' title='bbox 1444 299 1534 344; x_wconf 83' lang='grc' dir='ltr'>ἅπαξ</span> <span class='ocrx_word' id='word_1_371' title='bbox 1559 299 1623 347; x_wconf 83' lang='grc' dir='ltr'>ἡδύ</span> <span class='ocrx_word' id='word_1_372' title='bbox 1642 317 1676 338; x_wconf 89' lang='grc' dir='ltr'>τι</span> <span class='ocrx_word' id='word_1_373' title='bbox 1704 301 1763 339; x_wconf 83' lang='grc' dir='ltr'>καὶ</span> <span class='ocrx_word' id='word_1_374' title='bbox 1786 301 1915 354; x_wconf 81' lang='grc' dir='ltr'>ἥμερον</span> <span class='ocrx_word' id='word_1_375' title='bbox 1934 303 2062 349; x_wconf 79' lang='grc' dir='ltr'>ἴδωσιν,</span> <span class='ocrx_word' id='word_1_376' title='bbox 2082 302 2197 340; x_wconf 82' lang='grc' dir='ltr'>πάντα</span> <span class='ocrx_word' id='word_1_377' title='bbox 2212 305 2324 348; x_wconf 86' lang='grc' dir='ltr'>αὐτοῖς</span> <span class='ocrx_word' id='word_1_378' title='bbox 2344 305 2376 343; x_wconf 83' lang='grc' dir='ltr'>ἐν</span> 
     </span>
     <span class='ocr_line' id='line_1_60' title="bbox 1361 360 2378 415; baseline 0.004 -17"><span class='ocrx_word' id='word_1_379' title='bbox 1361 360 1529 413; x_wconf 75' lang='grc' dir='ltr'>εὐπραγίᾳ</span> <span class='ocrx_word' id='word_1_380' title='bbox 1544 390 1553 407; x_wconf 92' lang='grc'>,</span> <span class='ocrx_word' id='word_1_381' title='bbox 1575 360 1634 398; x_wconf 81' lang='grc' dir='ltr'>καὶ</span> <span class='ocrx_word' id='word_1_382' title='bbox 1653 360 1768 399; x_wconf 86' lang='grc' dir='ltr'>πάντα</span> <span class='ocrx_word' id='word_1_383' title='bbox 1792 362 1925 414; x_wconf 78' lang='grc' dir='ltr'>οἴχεται</span> <span class='ocrx_word' id='word_1_384' title='bbox 1944 362 1988 400; x_wconf 82' lang='grc' dir='ltr'>τὰ</span> <span class='ocrx_word' id='word_1_385' title='bbox 2008 362 2182 415; x_wconf 88' lang='grc' dir='ltr'>πρότερα,</span> <span class='ocrx_word' id='word_1_386' title='bbox 2205 363 2264 402; x_wconf 80' lang='grc' dir='ltr'>καὶ</span> <span class='ocrx_word' id='word_1_387' title='bbox 2293 364 2378 402; x_wconf 85' lang='grc' dir='ltr'>πάν-</span> 
     </span>
     <span class='ocr_line' id='line_1_61' title="bbox 1361 420 2378 474; baseline 0.004 -16"><span class='ocrx_word' id='word_1_388' title='bbox 1361 436 1405 458; x_wconf 91' lang='grc' dir='ltr'>τα</span> <span class='ocrx_word' id='word_1_389' title='bbox 1433 421 1465 465; x_wconf 81' lang='grc' dir='ltr'>ἐξ</span> <span class='ocrx_word' id='word_1_390' title='bbox 1493 420 1614 473; x_wconf 79' lang='grc' dir='ltr'>οὐρίων</span> <span class='ocrx_word' id='word_1_391' title='bbox 1642 421 1800 474; x_wconf 78' lang='grc' dir='ltr'>φέρεται,</span> <span class='ocrx_word' id='word_1_392' title='bbox 1831 422 1895 460; x_wconf 83' lang='grc' dir='ltr'>κᾶν</span> <span class='ocrx_word' id='word_1_393' title='bbox 1928 422 2050 471; x_wconf 85' lang='grc' dir='ltr'>πενία,</span> <span class='ocrx_word' id='word_1_394' title='bbox 2084 422 2148 460; x_wconf 82' lang='grc' dir='ltr'>κᾶν</span> <span class='ocrx_word' id='word_1_395' title='bbox 2167 423 2287 472; x_wconf 88' lang='grc' dir='ltr'>νόσος,</span> <span class='ocrx_word' id='word_1_396' title='bbox 2315 424 2378 462; x_wconf 85' lang='grc' dir='ltr'>κᾶν</span> 
     </span>
     <span class='ocr_line' id='line_1_62' title="bbox 1361 479 2378 533; baseline 0.003 -17"><span class='ocrx_word' id='word_1_397' title='bbox 1361 481 1471 517; x_wconf 70' lang='grc' dir='ltr'>ὁτιοῦν</span> <span class='ocrx_word' id='word_1_398' title='bbox 1488 479 1617 523; x_wconf 76' lang='grc' dir='ltr'>τούτοις</span> <span class='ocrx_word' id='word_1_399' title='bbox 1633 479 1761 532; x_wconf 74' lang='grc' dir='ltr'>ἕτερον.</span> <span class='ocrx_word' id='word_1_400' title='bbox 1776 481 1846 518; x_wconf 83' lang='grc' dir='ltr'>Τὸν</span> <span class='ocrx_word' id='word_1_401' title='bbox 1862 481 1928 533; x_wconf 82' lang='grc' dir='ltr'>γὰρ</span> <span class='ocrx_word' id='word_1_402' title='bbox 1948 482 2021 533; x_wconf 86' lang='grc' dir='ltr'>βίον</span> <span class='ocrx_word' id='word_1_403' title='bbox 2042 482 2099 519; x_wconf 81' lang='grc' dir='ltr'>τὸν</span> <span class='ocrx_word' id='word_1_404' title='bbox 2119 484 2248 519; x_wconf 80' lang='grc' dir='ltr'>ἑαυτῶν</span> <span class='ocrx_word' id='word_1_405' title='bbox 2268 483 2378 520; x_wconf 85' lang='grc' dir='ltr'>τίθεν-</span> 
     </span>
     <span class='ocr_line' id='line_1_63' title="bbox 1361 540 2381 596; baseline 0.004 -19"><span class='ocrx_word' id='word_1_406' title='bbox 1361 556 1418 578; x_wconf 86' lang='grc' dir='ltr'>ται</span> <span class='ocrx_word' id='word_1_407' title='bbox 1435 540 1550 578; x_wconf 81' lang='grc' dir='ltr'>ὀίΟλιόν</span> <span class='ocrx_word' id='word_1_408' title='bbox 1566 557 1602 578; x_wconf 88' lang='grc' dir='ltr'>τε</span> <span class='ocrx_word' id='word_1_409' title='bbox 1618 540 1875 593; x_wconf 77' lang='grc' dir='ltr'>καὶμακάριον,</span> <span class='ocrx_word' id='word_1_410' title='bbox 1893 546 1938 586; x_wconf 83' lang='grc' dir='ltr'>ὡς</span> <span class='ocrx_word' id='word_1_411' title='bbox 1955 542 1995 580; x_wconf 81' lang='grc' dir='ltr'>ἂν</span> <span class='ocrx_word' id='word_1_412' title='bbox 2005 543 2067 590; x_wconf 77' lang='grc' dir='ltr'>τὴν</span> <span class='ocrx_word' id='word_1_413' title='bbox 2083 542 2258 596; x_wconf 83' lang='grc' dir='ltr'>ἐρωμένην</span> <span class='ocrx_word' id='word_1_414' title='bbox 2273 543 2381 595; x_wconf 76' lang='grc' dir='ltr'>ἔχωσι</span> 
     </span>
     <span class='ocr_line' id='line_1_64' title="bbox 1360 601 2381 657; baseline 0.004 -19"><span class='ocrx_word' id='word_1_415' title='bbox 1360 602 1445 653; x_wconf 77' lang='grc' dir='ltr'>πρὸς</span> <span class='ocrx_word' id='word_1_416' title='bbox 1462 601 1585 645; x_wconf 78' lang='grc' dir='ltr'>αὐτοὺς</span> <span class='ocrx_word' id='word_1_417' title='bbox 1605 602 1839 653; x_wconf 80' lang='grc' dir='ltr'>διακειμένην.</span> <span class='ocrx_word' id='word_1_418' title='bbox 1860 604 1928 641; x_wconf 76' lang='grc' dir='ltr'>Καὶ</span> <span class='ocrx_word' id='word_1_419' title='bbox 1945 606 1982 642; x_wconf 79' lang='grc' dir='ltr'>οὐ</span> <span class='ocrx_word' id='word_1_420' title='bbox 2000 604 2097 648; x_wconf 82' lang='grc' dir='ltr'>δόξαν</span> <span class='ocrx_word' id='word_1_421' title='bbox 2113 605 2228 642; x_wconf 82' lang='grc' dir='ltr'>ἴσασιν</span> <span class='ocrx_word' id='word_1_422' title='bbox 2250 608 2381 657; x_wconf 86' lang='grc' dir='ltr'>ἀνθρω-</span> 
     </span>
    </p>
   </div>
   <div class='ocr_carea' id='block_1_11' title="bbox 1313 662 2382 719">
    <p class='ocr_par' dir='ltr' id='par_1_12' title="bbox 1313 662 2382 719">
     <span class='ocr_line' id='line_1_65' title="bbox 1313 662 2382 719; baseline 0.006 -21"><span class='ocrx_word' id='word_1_423' title='bbox 1313 674 1336 703; x_wconf 73' lang='lat' dir='ltr'>G</span> <span class='ocrx_word' id='word_1_424' title='bbox 1361 662 1476 710; x_wconf 85' lang='grc' dir='ltr'>πίνην,</span> <span class='ocrx_word' id='word_1_425' title='bbox 1498 665 1560 701; x_wconf 82' lang='grc' dir='ltr'>οὐκ</span> <span class='ocrx_word' id='word_1_426' title='bbox 1585 663 1746 715; x_wconf 82' lang='grc' dir='ltr'>ἀτιμίαν·</span> <span class='ocrx_word' id='word_1_427' title='bbox 1777 664 1886 711; x_wconf 83' lang='grc' dir='ltr'>ἀλλὰ,</span> <span class='ocrx_word' id='word_1_428' title='bbox 1913 664 1976 702; x_wconf 82' lang='grc' dir='ltr'>κᾶν</span> <span class='ocrx_word' id='word_1_429' title='bbox 1995 665 2116 719; x_wconf 66' lang='grc' dir='ltr'>ὑδρίζῃ</span> <span class='ocrx_word' id='word_1_430' title='bbox 2145 682 2215 712; x_wconf 90' lang='grc' dir='ltr'>τις,</span> <span class='ocrx_word' id='word_1_431' title='bbox 2236 667 2382 711; x_wconf 72' lang='grc' dir='ltr'>ὑπὸτῆς</span> 
     </span>
    </p>
   </div>
   <div class='ocr_carea' id='block_1_12' title="bbox 1359 725 2387 1449">
    <p class='ocr_par' dir='ltr' id='par_1_13' title="bbox 1359 725 2387 1449">
     <span class='ocr_line' id='line_1_66' title="bbox 1360 725 2382 780; baseline 0.004 -19"><span class='ocrx_word' id='word_1_432' title='bbox 1360 726 1492 771; x_wconf 71' lang='grc' dir='ltr'>πολλῆς</span> <span class='ocrx_word' id='word_1_433' title='bbox 1519 725 1644 772; x_wconf 73' lang='grc' dir='ltr'>ἡδονῆς</span> <span class='ocrx_word' id='word_1_434' title='bbox 1663 725 1722 763; x_wconf 81' lang='grc' dir='ltr'>καὶ</span> <span class='ocrx_word' id='word_1_435' title='bbox 1740 729 1802 772; x_wconf 70' lang='grc' dir='ltr'>τῆς</span> <span class='ocrx_word' id='word_1_436' title='bbox 1821 727 1904 778; x_wconf 91' lang='grc' dir='ltr'>παρ’</span> <span class='ocrx_word' id='word_1_437' title='bbox 1923 726 2055 773; x_wconf 78' lang='grc' dir='ltr'>ἐκείνης</span> <span class='ocrx_word' id='word_1_438' title='bbox 2070 726 2254 780; x_wconf 79' lang='grc' dir='ltr'>εὐημερίας</span> <span class='ocrx_word' id='word_1_439' title='bbox 2273 727 2382 765; x_wconf 84' lang='grc' dir='ltr'>ἅπαν-</span> 
     </span>
     <span class='ocr_line' id='line_1_67' title="bbox 1359 785 2383 839; baseline 0.004 -17"><span class='ocrx_word' id='word_1_440' title='bbox 1359 801 1402 822; x_wconf 87' lang='grc' dir='ltr'>τα</span> <span class='ocrx_word' id='word_1_441' title='bbox 1420 785 1559 838; x_wconf 80' lang='grc' dir='ltr'>φέρουσι</span> <span class='ocrx_word' id='word_1_442' title='bbox 1575 786 1698 839; x_wconf 78' lang='grc' dir='ltr'>ῥᾳδίως</span> <span class='ocrx_word' id='word_1_443' title='bbox 1712 802 1719 810; x_wconf 91' lang='grc'><em>·</em></span> <span class='ocrx_word' id='word_1_444' title='bbox 1748 787 1859 834; x_wconf 81' lang='grc' dir='ltr'>ἐκείνη</span> <span class='ocrx_word' id='word_1_445' title='bbox 1889 787 1924 825; x_wconf 79' lang='grc' dir='ltr'>δὲ</span> <span class='ocrx_word' id='word_1_446' title='bbox 1950 786 2014 825; x_wconf 78' lang='grc' dir='ltr'>κᾶν</span> <span class='ocrx_word' id='word_1_447' title='bbox 2030 787 2297 839; x_wconf 83' lang='grc' dir='ltr'>λοιδορήσηται,</span> <span class='ocrx_word' id='word_1_448' title='bbox 2319 788 2383 826; x_wconf 80' lang='grc' dir='ltr'>κᾶν</span> 
     </span>
     <span class='ocr_line' id='line_1_68' title="bbox 1362 847 2384 900; baseline 0.003 -17"><span class='ocrx_word' id='word_1_449' title='bbox 1362 848 1408 889; x_wconf 85' lang='grc' dir='ltr'>εἷς</span> <span class='ocrx_word' id='word_1_450' title='bbox 1437 847 1476 885; x_wconf 83' lang='grc' dir='ltr'>τὸ</span> <span class='ocrx_word' id='word_1_451' title='bbox 1496 847 1681 900; x_wconf 85' lang='grc' dir='ltr'>πρόσωπον</span> <span class='ocrx_word' id='word_1_452' title='bbox 1708 848 1820 900; x_wconf 86' lang='grc' dir='ltr'>πτύσῃ</span> <span class='ocrx_word' id='word_1_453' title='bbox 1834 879 1843 895; x_wconf 88' lang='grc'>,</span> <span class='ocrx_word' id='word_1_454' title='bbox 1863 849 1970 900; x_wconf 78' lang='grc' dir='ltr'>ῥόδοις</span> <span class='ocrx_word' id='word_1_455' title='bbox 1990 849 2180 900; x_wconf 80' lang='grc' dir='ltr'>βάλλεσθαι</span> <span class='ocrx_word' id='word_1_456' title='bbox 2207 849 2384 900; x_wconf 84' lang='grc' dir='ltr'>νομίζουσι</span> 
     </span>
     <span class='ocr_line' id='line_1_69' title="bbox 1360 908 2382 962; baseline 0.004 -17"><span class='ocrx_word' id='word_1_457' title='bbox 1360 912 1470 945; x_wconf 74' lang='grc' dir='ltr'>ταῦτα</span> <span class='ocrx_word' id='word_1_458' title='bbox 1490 908 1695 960; x_wconf 81' lang='grc' dir='ltr'>πάσχοντες.</span> <span class='ocrx_word' id='word_1_459' title='bbox 1726 910 1794 947; x_wconf 80' lang='grc' dir='ltr'>Καὶ</span> <span class='ocrx_word' id='word_1_460' title='bbox 1823 910 1858 947; x_wconf 89' lang='grc' dir='ltr'>τί</span> <span class='ocrx_word' id='word_1_461' title='bbox 1882 910 2093 960; x_wconf 81' lang='grc' dir='ltr'>θαυμαστὸν,</span> <span class='ocrx_word' id='word_1_462' title='bbox 2124 912 2153 948; x_wconf 86' lang='grc' dir='ltr'>εἰ</span> <span class='ocrx_word' id='word_1_463' title='bbox 2176 911 2256 962; x_wconf 81' lang='grc' dir='ltr'>περὶ</span> <span class='ocrx_word' id='word_1_464' title='bbox 2278 910 2382 957; x_wconf 77' lang='grc' dir='ltr'>αὐτὴν</span> 
     </span>
     <span class='ocr_line' id='line_1_70' title="bbox 1361 967 2383 1022; baseline 0.004 -17"><span class='ocrx_word' id='word_1_465' title='bbox 1361 967 1449 1005; x_wconf 76' lang='grc' dir='ltr'>οὕτω</span> <span class='ocrx_word' id='word_1_466' title='bbox 1471 969 1680 1017; x_wconf 78' lang='grc' dir='ltr'>διάκεινται;</span> <span class='ocrx_word' id='word_1_467' title='bbox 1703 970 1773 1008; x_wconf 86' lang='grc' dir='ltr'>Καὶ</span> <span class='ocrx_word' id='word_1_468' title='bbox 1793 969 1858 1022; x_wconf 83' lang='grc' dir='ltr'>γὰρ</span> <span class='ocrx_word' id='word_1_469' title='bbox 1874 970 1936 1018; x_wconf 83' lang='grc' dir='ltr'>τὴν</span> <span class='ocrx_word' id='word_1_470' title='bbox 1953 970 2064 1008; x_wconf 83' lang='grc' dir='ltr'>οἰκίαν</span> <span class='ocrx_word' id='word_1_471' title='bbox 2079 970 2142 1017; x_wconf 77' lang='grc' dir='ltr'>τὴν</span> <span class='ocrx_word' id='word_1_472' title='bbox 2162 971 2294 1017; x_wconf 79' lang='grc' dir='ltr'>ἐκείνης</span> <span class='ocrx_word' id='word_1_473' title='bbox 2310 987 2383 1009; x_wconf 89' lang='grc' dir='ltr'>πα-</span> 
     </span>
     <span class='ocr_line' id='line_1_71' title="bbox 1362 1023 2383 1084; baseline 0.004 -17"><span class='ocrx_word' id='word_1_474' title='bbox 1362 1032 1430 1068; x_wconf 90' lang='grc' dir='ltr'>σῶν</span> <span class='ocrx_word' id='word_1_475' title='bbox 1459 1023 1543 1067; x_wconf 63' lang='grc' dir='ltr'>εἶναι</span> <span class='ocrx_word' id='word_1_476' title='bbox 1571 1031 1816 1084; x_wconf 81' lang='grc' dir='ltr'>λαμπροτέραν</span> <span class='ocrx_word' id='word_1_477' title='bbox 1850 1031 2049 1082; x_wconf 87' lang='grc' dir='ltr'>νομίζουσι,</span> <span class='ocrx_word' id='word_1_478' title='bbox 2084 1032 2148 1069; x_wconf 81' lang='grc' dir='ltr'>κᾶν</span> <span class='ocrx_word' id='word_1_479' title='bbox 2179 1032 2308 1079; x_wconf 89' lang='grc' dir='ltr'>πηλίνη</span> <span class='ocrx_word' id='word_1_480' title='bbox 2340 1028 2383 1084; x_wconf 69' lang='grc' dir='ltr'>ᾗ,</span> 
     </span>
     <span class='ocr_line' id='line_1_72' title="bbox 1361 1088 2385 1144; baseline 0.005 -18"><span class='ocrx_word' id='word_1_481' title='bbox 1361 1088 1424 1127; x_wconf 72' lang='grc' dir='ltr'>κᾶν</span> <span class='ocrx_word' id='word_1_482' title='bbox 1449 1090 1729 1129; x_wconf 82' lang='grc' dir='ltr'>καταπίπτουσα.</span> <span class='ocrx_word' id='word_1_483' title='bbox 1760 1092 1831 1129; x_wconf 84' lang='grc' dir='ltr'>Καὶ</span> <span class='ocrx_word' id='word_1_484' title='bbox 1851 1092 1884 1128; x_wconf 87' lang='grc' dir='ltr'>τί</span> <span class='ocrx_word' id='word_1_485' title='bbox 1905 1092 1996 1144; x_wconf 82' lang='grc' dir='ltr'>λέγω</span> <span class='ocrx_word' id='word_1_486' title='bbox 2021 1091 2099 1136; x_wconf 63' lang='lat' dir='ltr'>vob&lt;</span> <span class='ocrx_word' id='word_1_487' title='bbox 2126 1092 2284 1144; x_wconf 71' lang='grc' dir='ltr'>τοίχους;</span> <span class='ocrx_word' id='word_1_488' title='bbox 2316 1094 2385 1131; x_wconf 77' lang='grc' dir='ltr'>Καὶ</span> 
     </span>
     <span class='ocr_line' id='line_1_73' title="bbox 1362 1149 2383 1206; baseline 0.006 -19"><span class='ocrx_word' id='word_1_489' title='bbox 1362 1151 1428 1202; x_wconf 82' lang='grc' dir='ltr'>γὰρ</span> <span class='ocrx_word' id='word_1_490' title='bbox 1450 1149 1528 1194; x_wconf 77' lang='grc' dir='ltr'>τοὺς</span> <span class='ocrx_word' id='word_1_491' title='bbox 1554 1151 1679 1194; x_wconf 85' lang='grc' dir='ltr'>τόπους</span> <span class='ocrx_word' id='word_1_492' title='bbox 1708 1151 1852 1200; x_wconf 76' lang='grc' dir='ltr'>αὐτοὺς,</span> <span class='ocrx_word' id='word_1_493' title='bbox 1872 1152 1952 1191; x_wconf 81' lang='grc' dir='ltr'>ἔνθα</span> <span class='ocrx_word' id='word_1_494' title='bbox 1972 1153 2204 1206; x_wconf 65' lang='grc' dir='ltr'>διατρίὸουσιν</span> <span class='ocrx_word' id='word_1_495' title='bbox 2225 1157 2259 1192; x_wconf 84' lang='grc' dir='ltr'>ἐν</span> <span class='ocrx_word' id='word_1_496' title='bbox 2281 1155 2383 1193; x_wconf 80' lang='grc' dir='ltr'>ἑσπέ-</span> 
     </span>
     <span class='ocr_line' id='line_1_74' title="bbox 1365 1211 2385 1264; baseline 0.005 -16"><span class='ocrx_word' id='word_1_497' title='bbox 1365 1227 1406 1263; x_wconf 83' lang='grc' dir='ltr'>ρᾳ</span> <span class='ocrx_word' id='word_1_498' title='bbox 1419 1241 1428 1259; x_wconf 90' lang='grc'>,</span> <span class='ocrx_word' id='word_1_499' title='bbox 1445 1214 1588 1264; x_wconf 86' lang='grc' dir='ltr'>ὁρῶντες</span> <span class='ocrx_word' id='word_1_500' title='bbox 1606 1212 1854 1251; x_wconf 84' lang='grc' dir='ltr'>διανίστανται.</span> <span class='ocrx_word' id='word_1_501' title='bbox 1873 1211 2070 1251; x_wconf 66' lang='lat' dir='ltr'>b&#39;EvajOa</span> <span class='ocrx_word' id='word_1_502' title='bbox 2091 1213 2126 1251; x_wconf 81' lang='grc' dir='ltr'>δέ</span> <span class='ocrx_word' id='word_1_503' title='bbox 2148 1230 2206 1263; x_wconf 85' lang='grc' dir='ltr'>μοι</span> <span class='ocrx_word' id='word_1_504' title='bbox 2226 1215 2302 1252; x_wconf 80' lang='grc' dir='ltr'>δότε</span> <span class='ocrx_word' id='word_1_505' title='bbox 2311 1218 2385 1254; x_wconf 77' lang='grc' dir='ltr'>λοι-</span> 
     </span>
     <span class='ocr_line' id='line_1_75' title="bbox 1363 1273 2384 1328; baseline 0.003 -17"><span class='ocrx_word' id='word_1_506' title='bbox 1363 1273 1427 1311; x_wconf 77' lang='grc' dir='ltr'>πὸν</span> <span class='ocrx_word' id='word_1_507' title='bbox 1450 1273 1489 1311; x_wconf 84' lang='grc' dir='ltr'>τὸ</span> <span class='ocrx_word' id='word_1_508' title='bbox 1513 1273 1743 1312; x_wconf 83' lang='grc' dir='ltr'>ἀποστολικὸν</span> <span class='ocrx_word' id='word_1_509' title='bbox 1762 1277 1881 1312; x_wconf 85' lang='grc' dir='ltr'>εἰπεῖν.</span> <span class='ocrx_word' id='word_1_510' title='bbox 1910 1274 2079 1328; x_wconf 83' lang='grc' dir='ltr'>Καθάπερ</span> <span class='ocrx_word' id='word_1_511' title='bbox 2107 1275 2233 1319; x_wconf 80' lang='grc' dir='ltr'>ἐκεῖνός</span> <span class='ocrx_word' id='word_1_512' title='bbox 2261 1291 2384 1328; x_wconf 76' lang='grc' dir='ltr'>φησιν·</span> 
     </span>
     <span class='ocr_line' id='line_1_76' title="bbox 1362 1332 2386 1388; baseline 0.004 -17"><span class='ocrx_word' id='word_1_513' title='bbox 1362 1332 1503 1386; x_wconf 52' lang='grc' dir='ltr'>(Ὠσπερ</span> <span class='ocrx_word' id='word_1_514' title='bbox 1527 1334 1773 1387; x_wconf 81' lang='grc' dir='ltr'>παρεστήσατε</span> <span class='ocrx_word' id='word_1_515' title='bbox 1793 1334 1837 1373; x_wconf 86' lang='grc' dir='ltr'>τὰ</span> <span class='ocrx_word' id='word_1_516' title='bbox 1858 1335 1946 1384; x_wconf 82' lang='grc' dir='ltr'>μέλη</span> <span class='ocrx_word' id='word_1_517' title='bbox 1972 1337 2069 1386; x_wconf 78' lang='grc' dir='ltr'>ὑμῶν</span> <span class='ocrx_word' id='word_1_518' title='bbox 2096 1336 2199 1373; x_wconf 72' lang='grc' dir='ltr'>δοῦλα</span> <span class='ocrx_word' id='word_1_519' title='bbox 2225 1339 2268 1388; x_wconf 77' lang='grc' dir='ltr'>τῇ</span> <span class='ocrx_word' id='word_1_520' title='bbox 2295 1339 2386 1375; x_wconf 88' lang='grc' dir='ltr'>ἀκα-</span> 
     </span>
     <span class='ocr_line' id='line_1_77' title="bbox 1364 1394 2387 1449; baseline 0.004 -17"><span class='ocrx_word' id='word_1_521' title='bbox 1364 1394 1509 1447; x_wconf 82' lang='grc' dir='ltr'>θαρσίᾳ,</span> <span class='ocrx_word' id='word_1_522' title='bbox 1524 1394 1613 1433; x_wconf 75' lang='grc' dir='ltr'>οὕτω</span> <span class='ocrx_word' id='word_1_523' title='bbox 1634 1395 1883 1447; x_wconf 80' lang='grc' dir='ltr'>παραστήσατε</span> <span class='ocrx_word' id='word_1_524' title='bbox 1905 1395 1949 1433; x_wconf 84' lang='grc' dir='ltr'>τὰ</span> <span class='ocrx_word' id='word_1_525' title='bbox 1969 1396 2056 1446; x_wconf 81' lang='grc' dir='ltr'>μέλη</span> <span class='ocrx_word' id='word_1_526' title='bbox 2081 1398 2178 1447; x_wconf 80' lang='grc' dir='ltr'>ὑμῶν</span> <span class='ocrx_word' id='word_1_527' title='bbox 2195 1400 2238 1449; x_wconf 76' lang='grc' dir='ltr'>τῇ</span> <span class='ocrx_word' id='word_1_528' title='bbox 2257 1399 2387 1436; x_wconf 86' lang='grc' dir='ltr'>δικαιο-</span> 
     </span>
    </p>
   </div>
   <div class='ocr_carea' id='block_1_13' title="bbox 1314 1455 2386 1510">
    <p class='ocr_par' dir='ltr' id='par_1_14' title="bbox 1314 1455 2386 1510">
     <span class='ocr_line' id='line_1_78' title="bbox 1314 1455 2386 1510; baseline 0.005 -17"><span class='ocrx_word' id='word_1_529' title='bbox 1314 1463 1339 1492; x_wconf 90' lang='lat' dir='ltr'>D</span> <span class='ocrx_word' id='word_1_530' title='bbox 1363 1456 1448 1507; x_wconf 86' lang='grc' dir='ltr'>σύνῃ</span> <span class='ocrx_word' id='word_1_531' title='bbox 1466 1472 1473 1479; x_wconf 92' lang='grc'><em>·</em></span> <span class='ocrx_word' id='word_1_532' title='bbox 1487 1455 1544 1494; x_wconf 80' lang='grc' dir='ltr'>τὸν</span> <span class='ocrx_word' id='word_1_533' title='bbox 1562 1457 1663 1495; x_wconf 74' lang='grc' dir='ltr'>αὐτὸν</span> <span class='ocrx_word' id='word_1_534' title='bbox 1683 1457 1810 1508; x_wconf 88' lang='grc' dir='ltr'>τρόπον</span> <span class='ocrx_word' id='word_1_535' title='bbox 1830 1456 1928 1508; x_wconf 84' lang='grc' dir='ltr'>κάγὼ</span> <span class='ocrx_word' id='word_1_536' title='bbox 1954 1458 2046 1508; x_wconf 82' lang='grc' dir='ltr'>λέγω</span> <span class='ocrx_word' id='word_1_537' title='bbox 2062 1473 2069 1480; x_wconf 92' lang='grc'><em>·</em></span> <span class='ocrx_word' id='word_1_538' title='bbox 2090 1461 2136 1501; x_wconf 85' lang='grc' dir='ltr'>ὡς</span> <span class='ocrx_word' id='word_1_539' title='bbox 2151 1459 2386 1510; x_wconf 81' lang='grc' dir='ltr'>ἠγαπήσαμεν</span> 
     </span>
    </p>
   </div>
   <div class='ocr_carea' id='block_1_14' title="bbox 1361 1516 2390 2183">
    <p class='ocr_par' dir='ltr' id='par_1_15' title="bbox 1361 1516 2390 2183">
     <span class='ocr_line' id='line_1_79' title="bbox 1361 1516 2388 1568; baseline 0.004 -15"><span class='ocrx_word' id='word_1_540' title='bbox 1361 1516 1511 1563; x_wconf 89' lang='grc' dir='ltr'>ταύτας,</span> <span class='ocrx_word' id='word_1_541' title='bbox 1551 1517 1790 1568; x_wconf 84' lang='grc' dir='ltr'>ἀγαπήσωμεν</span> <span class='ocrx_word' id='word_1_542' title='bbox 1826 1518 2015 1566; x_wconf 82' lang='grc' dir='ltr'>ἀλλήλους,</span> <span class='ocrx_word' id='word_1_543' title='bbox 2054 1518 2113 1556; x_wconf 82' lang='grc' dir='ltr'>καὶ</span> <span class='ocrx_word' id='word_1_544' title='bbox 2146 1518 2240 1556; x_wconf 73' lang='grc' dir='ltr'>οὐδὲν</span> <span class='ocrx_word' id='word_1_545' title='bbox 2279 1520 2388 1557; x_wconf 83' lang='grc' dir='ltr'>δεινὸν</span> 
     </span>
     <span class='ocr_line' id='line_1_80' title="bbox 1362 1576 2388 1631; baseline 0.004 -17"><span class='ocrx_word' id='word_1_546' title='bbox 1362 1576 1566 1628; x_wconf 76' lang='grc' dir='ltr'>ἡγησόμεθα</span> <span class='ocrx_word' id='word_1_547' title='bbox 1587 1577 1748 1629; x_wconf 77' lang='grc' dir='ltr'>πάσχειν.</span> <span class='ocrx_word' id='word_1_548' title='bbox 1780 1578 1847 1615; x_wconf 79' lang='grc' dir='ltr'>Καὶ</span> <span class='ocrx_word' id='word_1_549' title='bbox 1872 1577 1906 1615; x_wconf 91' lang='grc' dir='ltr'>τί</span> <span class='ocrx_word' id='word_1_550' title='bbox 1934 1578 2026 1631; x_wconf 80' lang='grc' dir='ltr'>λέγω</span> <span class='ocrx_word' id='word_1_551' title='bbox 2053 1579 2243 1626; x_wconf 85' lang='grc' dir='ltr'>ἀλλήλους;</span> <span class='ocrx_word' id='word_1_552' title='bbox 2265 1579 2388 1624; x_wconf 79' lang='grc' dir='ltr'>Οὕτως</span> 
     </span>
     <span class='ocr_line' id='line_1_81' title="bbox 1364 1638 2388 1692; baseline 0.004 -16"><span class='ocrx_word' id='word_1_553' title='bbox 1364 1638 1603 1690; x_wconf 83' lang='grc' dir='ltr'>ἀγαπήσωμεν</span> <span class='ocrx_word' id='word_1_554' title='bbox 1637 1639 1693 1676; x_wconf 83' lang='grc' dir='ltr'>τὸν</span> <span class='ocrx_word' id='word_1_555' title='bbox 1726 1639 1829 1678; x_wconf 82' lang='grc' dir='ltr'>Θεόν.</span> <span class='ocrx_word' id='word_1_556' title='bbox 1864 1639 2050 1692; x_wconf 70' lang='grc' dir='ltr'>Ἐφρίξατε</span> <span class='ocrx_word' id='word_1_557' title='bbox 2079 1639 2306 1689; x_wconf 86' lang='grc' dir='ltr'>ἀκούσαντες,</span> <span class='ocrx_word' id='word_1_558' title='bbox 2335 1642 2388 1680; x_wconf 83' lang='grc' dir='ltr'>ὅτι</span> 
     </span>
     <span class='ocr_line' id='line_1_82' title="bbox 1362 1699 2389 1754; baseline 0.003 -19"><span class='ocrx_word' id='word_1_559' title='bbox 1362 1703 1523 1737; x_wconf 75' lang='grc' dir='ltr'>τοσοῦτον</span> <span class='ocrx_word' id='word_1_560' title='bbox 1542 1702 1679 1737; x_wconf 78' lang='grc' dir='ltr'>ἀπαιτῶ</span> <span class='ocrx_word' id='word_1_561' title='bbox 1696 1699 1821 1751; x_wconf 80' lang='grc' dir='ltr'>μέτρον</span> <span class='ocrx_word' id='word_1_562' title='bbox 1842 1700 1979 1751; x_wconf 80' lang='grc' dir='ltr'>ἀγάπης</span> <span class='ocrx_word' id='word_1_563' title='bbox 1996 1700 2053 1739; x_wconf 75' lang='grc' dir='ltr'>ἐπὶ</span> <span class='ocrx_word' id='word_1_564' title='bbox 2069 1702 2161 1739; x_wconf 76' lang='grc' dir='ltr'>Θεοῦ</span> <span class='ocrx_word' id='word_1_565' title='bbox 2173 1730 2182 1747; x_wconf 87' lang='grc'>,</span> <span class='ocrx_word' id='word_1_566' title='bbox 2214 1701 2292 1739; x_wconf 74' lang='grc' dir='ltr'>ὅσον</span> <span class='ocrx_word' id='word_1_567' title='bbox 2309 1702 2389 1754; x_wconf 84' lang='grc' dir='ltr'>περὶ</span> 
     </span>
     <span class='ocr_line' id='line_1_83' title="bbox 1362 1759 2388 1813; baseline 0.003 -16"><span class='ocrx_word' id='word_1_568' title='bbox 1362 1759 1425 1806; x_wconf 87' lang='grc' dir='ltr'>τὴν</span> <span class='ocrx_word' id='word_1_569' title='bbox 1438 1760 1568 1812; x_wconf 83' lang='grc' dir='ltr'>πόρνην</span> <span class='ocrx_word' id='word_1_570' title='bbox 1586 1760 1857 1811; x_wconf 66' lang='grc' dir='ltr'>ἐπεδειξάμεθα,</span> <span class='ocrx_word' id='word_1_571' title='bbox 1883 1761 1975 1799; x_wconf 71' lang='grc' dir='ltr'>Ἀλλ’</span> <span class='ocrx_word' id='word_1_572' title='bbox 1991 1761 2059 1812; x_wconf 81' lang='grc' dir='ltr'>ἐγὼ</span> <span class='ocrx_word' id='word_1_573' title='bbox 2075 1761 2206 1813; x_wconf 75' lang='grc' dir='ltr'>φρίττω</span> <span class='ocrx_word' id='word_1_574' title='bbox 2221 1792 2230 1809; x_wconf 97' lang='grc'>,</span> <span class='ocrx_word' id='word_1_575' title='bbox 2245 1762 2298 1800; x_wconf 75' lang='grc' dir='ltr'>ὅτι</span> <span class='ocrx_word' id='word_1_576' title='bbox 2311 1762 2388 1800; x_wconf 78' lang='grc' dir='ltr'>οὐδὲ</span> 
     </span>
     <span class='ocr_line' id='line_1_84' title="bbox 1361 1821 2389 1873; baseline 0.003 -15"><span class='ocrx_word' id='word_1_577' title='bbox 1361 1827 1522 1859; x_wconf 81' lang='grc' dir='ltr'>τοσοῦτον</span> <span class='ocrx_word' id='word_1_578' title='bbox 1540 1821 1818 1872; x_wconf 79' lang='grc' dir='ltr'>ἐπιδεικνύμεθα.</span> <span class='ocrx_word' id='word_1_579' title='bbox 1837 1822 1926 1869; x_wconf 83' lang='grc' dir='ltr'>Καὶ,</span> <span class='ocrx_word' id='word_1_580' title='bbox 1949 1824 1979 1859; x_wconf 85' lang='grc' dir='ltr'>εἷ</span> <span class='ocrx_word' id='word_1_581' title='bbox 1997 1822 2161 1873; x_wconf 87' lang='grc' dir='ltr'>βούλεσθε</span> <span class='ocrx_word' id='word_1_582' title='bbox 2174 1853 2184 1870; x_wconf 92' lang='grc'>,</span> <span class='ocrx_word' id='word_1_583' title='bbox 2201 1822 2389 1867; x_wconf 80' lang='grc' dir='ltr'>ἐπεξέλθω-</span> 
     </span>
     <span class='ocr_line' id='line_1_85' title="bbox 1364 1883 2388 1937; baseline 0.002 -17"><span class='ocrx_word' id='word_1_584' title='bbox 1364 1899 1426 1933; x_wconf 89' lang='grc' dir='ltr'>μεν</span> <span class='ocrx_word' id='word_1_585' title='bbox 1449 1887 1498 1937; x_wconf 84' lang='grc' dir='ltr'>τῷ</span> <span class='ocrx_word' id='word_1_586' title='bbox 1517 1883 1558 1922; x_wconf 90' lang='grc' dir='ltr'>λό</span> <span class='ocrx_word' id='word_1_587' title='bbox 1579 1901 1622 1937; x_wconf 77' lang='grc' dir='ltr'>ῳ,</span> <span class='ocrx_word' id='word_1_588' title='bbox 1646 1885 1750 1923; x_wconf 81' lang='grc' dir='ltr'>εἶκαὶ</span> <span class='ocrx_word' id='word_1_589' title='bbox 1783 1883 1916 1937; x_wconf 70' lang='grc' dir='ltr'>σφόδρα</span> <span class='ocrx_word' id='word_1_590' title='bbox 1934 1884 2096 1936; x_wconf 77' lang='grc' dir='ltr'>φορτικὸν</span> <span class='ocrx_word' id='word_1_591' title='bbox 2123 1885 2162 1922; x_wconf 85' lang='grc' dir='ltr'>τὸ</span> <span class='ocrx_word' id='word_1_592' title='bbox 2191 1885 2388 1936; x_wconf 88' lang='grc' dir='ltr'>λεγόμενον.</span> 
     </span>
     <span class='ocr_line' id='line_1_86' title="bbox 1363 1944 2389 1998; baseline 0.002 -16"><span class='ocrx_word' id='word_1_593' title='bbox 1363 1944 1408 1982; x_wconf 82' lang='lat' dir='ltr'>‘H</span> <span class='ocrx_word' id='word_1_594' title='bbox 1436 1945 1592 1997; x_wconf 81' lang='grc' dir='ltr'>ἐρωμένη</span> <span class='ocrx_word' id='word_1_595' title='bbox 1612 1951 1682 1989; x_wconf 89' lang='grc' dir='ltr'>τοῖς</span> <span class='ocrx_word' id='word_1_596' title='bbox 1704 1948 1827 1997; x_wconf 79' lang='grc' dir='ltr'>ἐρῶσιν</span> <span class='ocrx_word' id='word_1_597' title='bbox 1856 1944 1952 1983; x_wconf 78' lang='grc' dir='ltr'>οὐδὲν</span> <span class='ocrx_word' id='word_1_598' title='bbox 1973 1948 2194 1997; x_wconf 70' lang='grc' dir='ltr'>ὑπισχνεῖται</span> <span class='ocrx_word' id='word_1_599' title='bbox 2222 1946 2389 1998; x_wconf 79' lang='grc' dir='ltr'>χρηστὸν,</span> 
     </span>
     <span class='ocr_line' id='line_1_87' title="bbox 1364 2006 2389 2059; baseline 0 -15"><span class='ocrx_word' id='word_1_600' title='bbox 1364 2008 1441 2045; x_wconf 85' lang='grc' dir='ltr'>ἀλλ’</span> <span class='ocrx_word' id='word_1_601' title='bbox 1465 2007 1619 2058; x_wconf 87' lang='grc' dir='ltr'>ἀτιμίαν,</span> <span class='ocrx_word' id='word_1_602' title='bbox 1647 2008 1706 2045; x_wconf 81' lang='grc' dir='ltr'>καὶ</span> <span class='ocrx_word' id='word_1_603' title='bbox 1735 2007 1918 2059; x_wconf 69' lang='grc' dir='ltr'>αἰσχύνην,</span> <span class='ocrx_word' id='word_1_604' title='bbox 1948 2008 2007 2045; x_wconf 87' lang='grc' dir='ltr'>καὶ</span> <span class='ocrx_word' id='word_1_605' title='bbox 2033 2006 2143 2059; x_wconf 66' lang='grc' dir='ltr'>ὕὸριν.</span> <span class='ocrx_word' id='word_1_606' title='bbox 2177 2009 2290 2045; x_wconf 76' lang='grc' dir='ltr'>Τοῦτο</span> <span class='ocrx_word' id='word_1_607' title='bbox 2323 2007 2389 2059; x_wconf 84' lang='grc' dir='ltr'>γὰρ</span> 
     </span>
     <span class='ocr_line' id='line_1_88' title="bbox 1364 2061 2390 2122; baseline 0.002 -17"><span class='ocrx_word' id='word_1_608' title='bbox 1364 2061 1452 2106; x_wconf 67' lang='grc' dir='ltr'>εἶναι</span> <span class='ocrx_word' id='word_1_609' title='bbox 1479 2074 1571 2107; x_wconf 89' lang='grc' dir='ltr'>ποιεῖ</span> <span class='ocrx_word' id='word_1_610' title='bbox 1594 2069 1633 2107; x_wconf 83' lang='grc' dir='ltr'>τὸ</span> <span class='ocrx_word' id='word_1_611' title='bbox 1658 2068 1898 2122; x_wconf 80' lang='grc' dir='ltr'>προσεδρεύειν</span> <span class='ocrx_word' id='word_1_612' title='bbox 1921 2067 2030 2120; x_wconf 87' lang='grc' dir='ltr'>πόρνῃ</span> <span class='ocrx_word' id='word_1_613' title='bbox 2052 2068 2206 2120; x_wconf 79' lang='grc' dir='ltr'>γυναικὶ,</span> <span class='ocrx_word' id='word_1_614' title='bbox 2237 2068 2390 2119; x_wconf 77' lang='grc' dir='ltr'>καταγέ-</span> 
     </span>
     <span class='ocr_line' id='line_1_89' title="bbox 1363 2129 2390 2183; baseline -0.001 -15"><span class='ocrx_word' id='word_1_615' title='bbox 1363 2131 1505 2177; x_wconf 86' lang='grc' dir='ltr'>λαστον,</span> <span class='ocrx_word' id='word_1_616' title='bbox 1525 2131 1683 2182; x_wconf 79' lang='grc' dir='ltr'>αἰσχρὸν,</span> <span class='ocrx_word' id='word_1_617' title='bbox 1708 2130 1843 2180; x_wconf 79' lang='grc' dir='ltr'>ἄτιμον.</span> <span class='ocrx_word' id='word_1_618' title='bbox 1862 2129 1906 2168; x_wconf 88' lang='grc' dir='ltr'>Ὁ</span> <span class='ocrx_word' id='word_1_619' title='bbox 1925 2131 1959 2168; x_wconf 84' lang='grc' dir='ltr'>δὲ</span> <span class='ocrx_word' id='word_1_620' title='bbox 1979 2130 2068 2173; x_wconf 86' lang='grc' dir='ltr'>Θεὸς</span> <span class='ocrx_word' id='word_1_621' title='bbox 2090 2130 2246 2183; x_wconf 82' lang='grc' dir='ltr'>οὐρανὸν,</span> <span class='ocrx_word' id='word_1_622' title='bbox 2267 2130 2325 2168; x_wconf 83' lang='grc' dir='ltr'>καὶ</span> <span class='ocrx_word' id='word_1_623' title='bbox 2348 2130 2390 2167; x_wconf 90' lang='grc' dir='ltr'>τὰ</span> 
     </span>
    </p>
   </div>
   <div class='ocr_carea' id='block_1_15' title="bbox 1314 2190 2391 2244">
    <p class='ocr_par' dir='ltr' id='par_1_16' title="bbox 1314 2190 2391 2244">
     <span class='ocr_line' id='line_1_90' title="bbox 1314 2190 2391 2244; baseline 0.003 -18"><span class='ocrx_word' id='word_1_624' title='bbox 1314 2195 1338 2226; x_wconf 87' lang='grc' dir='ltr'>Ε</span> <span class='ocrx_word' id='word_1_625' title='bbox 1365 2194 1399 2230; x_wconf 79' lang='grc' dir='ltr'>ἓν</span> <span class='ocrx_word' id='word_1_626' title='bbox 1429 2194 1582 2244; x_wconf 83' lang='grc' dir='ltr'>οὐρανοῖς</span> <span class='ocrx_word' id='word_1_627' title='bbox 1618 2192 1870 2243; x_wconf 79' lang='grc' dir='ltr'>ἐπαγγέλλεται</span> <span class='ocrx_word' id='word_1_628' title='bbox 1900 2190 2036 2242; x_wconf 81' lang='grc' dir='ltr'>ἀγαθὰ,</span> <span class='ocrx_word' id='word_1_629' title='bbox 2073 2191 2132 2229; x_wconf 81' lang='grc' dir='ltr'>καὶ</span> <span class='ocrx_word' id='word_1_630' title='bbox 2172 2190 2264 2234; x_wconf 72' lang='grc' dir='ltr'>υἱοὺς</span> <span class='ocrx_word' id='word_1_631' title='bbox 2297 2194 2391 2242; x_wconf 82' lang='grc' dir='ltr'>ἡμᾶς</span> 
     </span>
    </p>
   </div>
   <div class='ocr_carea' id='block_1_16' title="bbox 1365 2251 2391 2670">
    <p class='ocr_par' dir='ltr' id='par_1_17' title="bbox 1365 2251 2391 2670">
     <span class='ocr_line' id='line_1_91' title="bbox 1365 2251 2390 2302; baseline 0 -13"><span class='ocrx_word' id='word_1_632' title='bbox 1365 2251 1525 2299; x_wconf 84' lang='grc' dir='ltr'>ἐποίησε,</span> <span class='ocrx_word' id='word_1_633' title='bbox 1541 2251 1600 2288; x_wconf 79' lang='grc' dir='ltr'>καὶ</span> <span class='ocrx_word' id='word_1_634' title='bbox 1622 2251 1788 2302; x_wconf 74' lang='grc' dir='ltr'>ἀδελφοὺς</span> <span class='ocrx_word' id='word_1_635' title='bbox 1807 2254 1866 2288; x_wconf 79' lang='grc' dir='ltr'>τοῦ</span> <span class='ocrx_word' id='word_1_636' title='bbox 1887 2253 2116 2302; x_wconf 74' lang='grc' dir='ltr'>Μονογενοῦς,</span> <span class='ocrx_word' id='word_1_637' title='bbox 2136 2251 2196 2289; x_wconf 83' lang='grc' dir='ltr'>καὶ</span> <span class='ocrx_word' id='word_1_638' title='bbox 2219 2251 2322 2296; x_wconf 85' lang='grc' dir='ltr'>ζῶντί</span> <span class='ocrx_word' id='word_1_639' title='bbox 2337 2266 2390 2290; x_wconf 88' lang='grc' dir='ltr'>σοι</span> 
     </span>
     <span class='ocr_line' id='line_1_92' title="bbox 1366 2311 2390 2365; baseline 0.001 -16"><span class='ocrx_word' id='word_1_640' title='bbox 1366 2311 1473 2365; x_wconf 88' lang='grc' dir='ltr'>μυρία</span> <span class='ocrx_word' id='word_1_641' title='bbox 1494 2312 1649 2364; x_wconf 76' lang='grc' dir='ltr'>παρέσχε</span> <span class='ocrx_word' id='word_1_642' title='bbox 1665 2341 1674 2359; x_wconf 93' lang='grc'>,</span> <span class='ocrx_word' id='word_1_643' title='bbox 1705 2312 1764 2350; x_wconf 71' lang='grc' dir='ltr'>καὶ</span> <span class='ocrx_word' id='word_1_644' title='bbox 1790 2313 1995 2350; x_wconf 81' lang='grc' dir='ltr'>τελευτῶντι</span> <span class='ocrx_word' id='word_1_645' title='bbox 2026 2311 2228 2358; x_wconf 81' lang='grc' dir='ltr'>ἀνάστασιν,</span> <span class='ocrx_word' id='word_1_646' title='bbox 2258 2311 2317 2349; x_wconf 79' lang='grc' dir='ltr'>καὶ</span> <span class='ocrx_word' id='word_1_647' title='bbox 2337 2328 2390 2350; x_wconf 83' lang='grc' dir='ltr'>το-</span> 
     </span>
     <span class='ocr_line' id='line_1_93' title="bbox 1366 2370 2391 2424; baseline -0.001 -14"><span class='ocrx_word' id='word_1_648' title='bbox 1366 2376 1475 2410; x_wconf 77' lang='grc' dir='ltr'>σαῧτα</span> <span class='ocrx_word' id='word_1_649' title='bbox 1503 2372 1757 2424; x_wconf 80' lang='grc' dir='ltr'>ἐπαγγέλλεται</span> <span class='ocrx_word' id='word_1_650' title='bbox 1773 2370 1896 2410; x_wconf 79' lang='grc' dir='ltr'>δώσειν</span> <span class='ocrx_word' id='word_1_651' title='bbox 1925 2371 2058 2422; x_wconf 80' lang='grc' dir='ltr'>ἀγαθὰ,</span> <span class='ocrx_word' id='word_1_652' title='bbox 2085 2371 2149 2410; x_wconf 81' lang='grc' dir='ltr'>ὅσα</span> <span class='ocrx_word' id='word_1_653' title='bbox 2171 2371 2259 2422; x_wconf 84' lang='grc' dir='ltr'>μηδὲ</span> <span class='ocrx_word' id='word_1_654' title='bbox 2276 2374 2391 2419; x_wconf 74' lang='grc' dir='ltr'>ἐννοῆ-</span> 
     </span>
     <span class='ocr_line' id='line_1_94' title="bbox 1365 2432 2388 2483; baseline 0.001 -12"><span class='ocrx_word' id='word_1_655' title='bbox 1365 2449 1424 2471; x_wconf 88' lang='grc' dir='ltr'>σαι</span> <span class='ocrx_word' id='word_1_656' title='bbox 1445 2433 1601 2481; x_wconf 80' lang='grc' dir='ltr'>δυνατὸν,</span> <span class='ocrx_word' id='word_1_657' title='bbox 1627 2433 1687 2471; x_wconf 78' lang='grc' dir='ltr'>καὶ</span> <span class='ocrx_word' id='word_1_658' title='bbox 1706 2433 1842 2483; x_wconf 87' lang='grc' dir='ltr'>τιμίους</span> <span class='ocrx_word' id='word_1_659' title='bbox 1867 2432 1926 2471; x_wconf 79' lang='grc' dir='ltr'>καὶ</span> <span class='ocrx_word' id='word_1_660' title='bbox 1945 2432 2143 2483; x_wconf 84' lang='grc' dir='ltr'>αἰδεσίμους</span> <span class='ocrx_word' id='word_1_661' title='bbox 2168 2438 2258 2483; x_wconf 77' lang='grc' dir='ltr'>ἡμᾶς</span> <span class='ocrx_word' id='word_1_662' title='bbox 2283 2439 2388 2472; x_wconf 90' lang='grc' dir='ltr'>ποιεῖ.</span> 
     </span>
     <span class='ocr_line' id='line_1_95' title="bbox 1365 2494 2389 2546; baseline -0.001 -13"><span class='ocrx_word' id='word_1_663' title='bbox 1365 2495 1435 2533; x_wconf 80' lang='grc' dir='ltr'>Καὶ</span> <span class='ocrx_word' id='word_1_664' title='bbox 1450 2494 1568 2543; x_wconf 84' lang='grc' dir='ltr'>πάλιν,</span> <span class='ocrx_word' id='word_1_665' title='bbox 1586 2495 1698 2541; x_wconf 83' lang='grc' dir='ltr'>ἐκείνη</span> <span class='ocrx_word' id='word_1_666' title='bbox 1716 2495 1873 2546; x_wconf 75' lang='grc' dir='ltr'>δαπανᾷν</span> <span class='ocrx_word' id='word_1_667' title='bbox 1891 2494 2079 2545; x_wconf 81' lang='grc' dir='ltr'>ἀναγκάζει</span> <span class='ocrx_word' id='word_1_668' title='bbox 2092 2494 2208 2533; x_wconf 83' lang='grc' dir='ltr'>πάντα</span> <span class='ocrx_word' id='word_1_669' title='bbox 2218 2494 2262 2533; x_wconf 84' lang='grc' dir='ltr'>τὰ</span> <span class='ocrx_word' id='word_1_670' title='bbox 2278 2497 2389 2532; x_wconf 84' lang='grc' dir='ltr'>αὐτῶν</span> 
     </span>
     <span class='ocr_line' id='line_1_96' title="bbox 1366 2555 2389 2608; baseline 0.001 -15"><span class='ocrx_word' id='word_1_671' title='bbox 1366 2558 1413 2599; x_wconf 83' lang='grc' dir='ltr'>εἷς</span> <span class='ocrx_word' id='word_1_672' title='bbox 1448 2555 1619 2608; x_wconf 75' lang='grc' dir='ltr'>βάραθρον</span> <span class='ocrx_word' id='word_1_673' title='bbox 1646 2555 1706 2593; x_wconf 79' lang='grc' dir='ltr'>καὶ</span> <span class='ocrx_word' id='word_1_674' title='bbox 1737 2555 1930 2593; x_wconf 82' lang='grc' dir='ltr'>ἀπώλειαν·</span> <span class='ocrx_word' id='word_1_675' title='bbox 1951 2557 1968 2592; x_wconf 81' lang='grc' dir='ltr'><strong><em>ὃ</em></strong></span> <span class='ocrx_word' id='word_1_676' title='bbox 1986 2555 2020 2593; x_wconf 80' lang='grc' dir='ltr'>δὲ</span> <span class='ocrx_word' id='word_1_677' title='bbox 2041 2555 2130 2598; x_wconf 78' lang='grc' dir='ltr'>Θεὸς</span> <span class='ocrx_word' id='word_1_678' title='bbox 2154 2556 2305 2607; x_wconf 88' lang='grc' dir='ltr'>σπείρειν</span> <span class='ocrx_word' id='word_1_679' title='bbox 2332 2572 2389 2594; x_wconf 86' lang='grc' dir='ltr'>κε·</span> 
     </span>
     <span class='ocr_line' id='line_1_97' title="bbox 1365 2615 2390 2670; baseline 0 -15"><span class='ocrx_word' id='word_1_680' title='bbox 1365 2617 1457 2655; x_wconf 83' lang='grc' dir='ltr'>λεύει</span> <span class='ocrx_word' id='word_1_681' title='bbox 1472 2617 1529 2654; x_wconf 82' lang='grc' dir='ltr'>τὸν</span> <span class='ocrx_word' id='word_1_682' title='bbox 1548 2616 1687 2670; x_wconf 79' lang='grc' dir='ltr'>οὐρανὸν</span> <span class='ocrx_word' id='word_1_683' title='bbox 1692 2647 1703 2663; x_wconf 86' lang='grc'>,</span> <span class='ocrx_word' id='word_1_684' title='bbox 1724 2616 1783 2654; x_wconf 81' lang='grc' dir='ltr'>καὶ</span> <span class='ocrx_word' id='word_1_685' title='bbox 1804 2615 2146 2654; x_wconf 85' lang='grc' dir='ltr'>ἑκατονταπλασίονα</span> <span class='ocrx_word' id='word_1_686' title='bbox 2169 2616 2310 2664; x_wconf 85' lang='grc' dir='ltr'>δίδωσι,</span> <span class='ocrx_word' id='word_1_687' title='bbox 2330 2617 2390 2655; x_wconf 83' lang='grc' dir='ltr'>καὶ</span> 
     </span>
    </p>
   </div>
   <div class='ocr_carea' id='block_1_17' title="bbox 1361 2737 2390 3299">
    <p class='ocr_par' dir='ltr' id='par_1_18' title="bbox 1366 2737 2389 2912">
     <span class='ocr_line' id='line_1_98' title="bbox 1366 2737 2389 2791; baseline 0 -15"><span class='ocrx_word' id='word_1_688' title='bbox 1366 2741 1416 2791; x_wconf 79' lang='grc' dir='ltr'>τῷ</span> <span class='ocrx_word' id='word_1_689' title='bbox 1432 2741 1606 2791; x_wconf 77' lang='grc' dir='ltr'>φιλοῦντι,</span> <span class='ocrx_word' id='word_1_690' title='bbox 1624 2738 1791 2789; x_wconf 89' lang='grc' dir='ltr'>τυράννου</span> <span class='ocrx_word' id='word_1_691' title='bbox 1818 2738 1946 2780; x_wconf 80' lang='grc' dir='ltr'>παντὸς</span> <span class='ocrx_word' id='word_1_692' title='bbox 1971 2737 2215 2791; x_wconf 76' lang='grc' dir='ltr'>χαλεπώτερον</span> <span class='ocrx_word' id='word_1_693' title='bbox 2249 2739 2389 2777; x_wconf 82' lang='grc' dir='ltr'>ἐπιτάτ-</span> 
     </span>
     <span class='ocr_line' id='line_1_99' title="bbox 1366 2797 2382 2850; baseline -0.001 -12"><span class='ocrx_word' id='word_1_694' title='bbox 1366 2815 1491 2839; x_wconf 87' lang='grc' dir='ltr'>τουσα·</span> <span class='ocrx_word' id='word_1_695' title='bbox 1509 2802 1526 2837; x_wconf 82' lang='grc' dir='ltr'>ὅ</span> <span class='ocrx_word' id='word_1_696' title='bbox 1544 2799 1578 2836; x_wconf 78' lang='grc' dir='ltr'>δὲ</span> <span class='ocrx_word' id='word_1_697' title='bbox 1596 2797 1685 2842; x_wconf 87' lang='grc' dir='ltr'>Θεός</span> <span class='ocrx_word' id='word_1_698' title='bbox 1701 2814 1818 2850; x_wconf 76' lang='grc' dir='ltr'>φησιν,</span> <span class='ocrx_word' id='word_1_699' title='bbox 1848 2797 1976 2837; x_wconf 79' lang='grc' dir='ltr'>Οὐκέτι</span> <span class='ocrx_word' id='word_1_700' title='bbox 2004 2797 2095 2849; x_wconf 82' lang='grc' dir='ltr'>λέγω</span> <span class='ocrx_word' id='word_1_701' title='bbox 2115 2802 2204 2849; x_wconf 76' lang='grc' dir='ltr'>ὑμᾶς</span> <span class='ocrx_word' id='word_1_702' title='bbox 2223 2799 2361 2844; x_wconf 88' lang='grc' dir='ltr'>δούλους</span> <span class='ocrx_word' id='word_1_703' title='bbox 2374 2832 2382 2848; x_wconf 89' lang='grc'>,</span> 
     </span>
     <span class='ocr_line' id='line_1_100' title="bbox 1367 2860 1604 2912; baseline -0.008 -13"><span class='ocrx_word' id='word_1_704' title='bbox 1367 2860 1460 2899; x_wconf 83' lang='grc' dir='ltr'>ἀλλὰ</span> <span class='ocrx_word' id='word_1_705' title='bbox 1475 2860 1604 2912; x_wconf 80' lang='grc' dir='ltr'>φίλους.</span> 
     </span>
    </p>

    <p class='ocr_par' dir='ltr' id='par_1_19' title="bbox 1361 2936 2390 3299">
     <span class='ocr_line' id='line_1_101' title="bbox 1417 2936 2390 2988; baseline 0 -11"><span class='ocrx_word' id='word_1_706' title='bbox 1417 2939 1539 2978; x_wconf 83' lang='grc' dir='ltr'>Εἴδετε</span> <span class='ocrx_word' id='word_1_707' title='bbox 1554 2937 1617 2984; x_wconf 83' lang='grc' dir='ltr'>τὴν</span> <span class='ocrx_word' id='word_1_708' title='bbox 1634 2936 1831 2988; x_wconf 68' lang='grc' dir='ltr'>ὓπερὸολὴν</span> <span class='ocrx_word' id='word_1_709' title='bbox 1854 2937 1913 2974; x_wconf 87' lang='grc' dir='ltr'>καὶ</span> <span class='ocrx_word' id='word_1_710' title='bbox 1928 2939 1996 2975; x_wconf 90' lang='grc' dir='ltr'>τῶν</span> <span class='ocrx_word' id='word_1_711' title='bbox 2013 2939 2160 2976; x_wconf 77' lang='grc' dir='ltr'>ἐνταῦθα</span> <span class='ocrx_word' id='word_1_712' title='bbox 2177 2940 2308 2985; x_wconf 83' lang='grc' dir='ltr'>κακῶν,</span> <span class='ocrx_word' id='word_1_713' title='bbox 2331 2940 2390 2977; x_wconf 82' lang='grc' dir='ltr'>καὶ</span> 
     </span>
     <span class='ocr_line' id='line_1_102' title="bbox 1364 2992 2388 3051; baseline -0.001 -12"><span class='ocrx_word' id='word_1_714' title='bbox 1364 3004 1432 3039; x_wconf 90' lang='grc' dir='ltr'>τῶν</span> <span class='ocrx_word' id='word_1_715' title='bbox 1461 3001 1599 3051; x_wconf 83' lang='grc' dir='ltr'>ἀγαθῶν</span> <span class='ocrx_word' id='word_1_716' title='bbox 1619 3000 1712 3036; x_wconf 69' lang='grc' dir='ltr'>ΙΊτῶν</span> <span class='ocrx_word' id='word_1_717' title='bbox 1742 3000 1892 3045; x_wconf 81' lang='grc' dir='ltr'>ἐκεῖθεν;</span> <span class='ocrx_word' id='word_1_718' title='bbox 1913 2997 1961 3036; x_wconf 86' lang='grc' dir='ltr'>Τί</span> <span class='ocrx_word' id='word_1_719' title='bbox 1990 2992 2047 3035; x_wconf 72' lang='grc' dir='ltr'>οῧν</span> <span class='ocrx_word' id='word_1_720' title='bbox 2069 2997 2113 3036; x_wconf 84' lang='grc' dir='ltr'>τὰ</span> <span class='ocrx_word' id='word_1_721' title='bbox 2143 2999 2231 3049; x_wconf 81' lang='grc' dir='ltr'>μετὰ</span> <span class='ocrx_word' id='word_1_722' title='bbox 2256 3004 2388 3046; x_wconf 52' lang='lat' dir='ltr'>*ruffi-oq</span> 
     </span>
     <span class='ocr_line' id='line_1_103' title="bbox 1365 3059 2388 3112; baseline -0.002 -11"><span class='ocrx_word' id='word_1_723' title='bbox 1365 3062 1507 3107; x_wconf 85' lang='grc' dir='ltr'>Ταύτης</span> <span class='ocrx_word' id='word_1_724' title='bbox 1532 3061 1594 3111; x_wconf 83' lang='grc' dir='ltr'>μὲν</span> <span class='ocrx_word' id='word_1_725' title='bbox 1614 3059 1726 3097; x_wconf 81' lang='grc' dir='ltr'>ἕνεκεν</span> <span class='ocrx_word' id='word_1_726' title='bbox 1750 3059 1809 3097; x_wconf 81' lang='grc' dir='ltr'>καὶ</span> <span class='ocrx_word' id='word_1_727' title='bbox 1831 3061 2044 3112; x_wconf 79' lang='grc' dir='ltr'>ἀγρυπνοῦσι</span> <span class='ocrx_word' id='word_1_728' title='bbox 2061 3060 2204 3108; x_wconf 81' lang='grc' dir='ltr'>πολλοὶ,</span> <span class='ocrx_word' id='word_1_729' title='bbox 2225 3061 2283 3098; x_wconf 85' lang='grc' dir='ltr'>καὶ</span> <span class='ocrx_word' id='word_1_730' title='bbox 2299 3061 2388 3112; x_wconf 88' lang='grc' dir='ltr'>ἅπερ</span> 
     </span>
     <span class='ocr_line' id='line_1_104' title="bbox 1365 3119 2387 3172; baseline -0.003 -11"><span class='ocrx_word' id='word_1_731' title='bbox 1365 3124 1404 3161; x_wconf 81' lang='grc' dir='ltr'>ἂν</span> <span class='ocrx_word' id='word_1_732' title='bbox 1424 3120 1566 3172; x_wconf 80' lang='grc' dir='ltr'>ἐπιτάξῃ</span> <span class='ocrx_word' id='word_1_733' title='bbox 1584 3151 1593 3169; x_wconf 83' lang='grc'>,</span> <span class='ocrx_word' id='word_1_734' title='bbox 1626 3119 1715 3171; x_wconf 82' lang='grc' dir='ltr'>μετὰ</span> <span class='ocrx_word' id='word_1_735' title='bbox 1733 3119 1925 3172; x_wconf 85' lang='grc' dir='ltr'>προθυμίας</span> <span class='ocrx_word' id='word_1_736' title='bbox 1944 3120 2176 3168; x_wconf 77' lang='grc' dir='ltr'>ὑπακούουσι,</span> <span class='ocrx_word' id='word_1_737' title='bbox 2201 3121 2260 3159; x_wconf 81' lang='grc' dir='ltr'>καὶ</span> <span class='ocrx_word' id='word_1_738' title='bbox 2275 3122 2387 3159; x_wconf 86' lang='grc' dir='ltr'>οἰκίαν</span> 
     </span>
     <span class='ocr_line' id='line_1_105' title="bbox 1363 3180 2388 3238; baseline -0.003 -15"><span class='ocrx_word' id='word_1_739' title='bbox 1363 3187 1502 3238; x_wconf 82' lang='grc' dir='ltr'>ἀφιᾶσι,</span> <span class='ocrx_word' id='word_1_740' title='bbox 1536 3182 1594 3221; x_wconf 70' lang='grc' dir='ltr'>καὶ</span> <span class='ocrx_word' id='word_1_741' title='bbox 1621 3180 1774 3233; x_wconf 84' lang='grc' dir='ltr'>πατέρα,</span> <span class='ocrx_word' id='word_1_742' title='bbox 1803 3181 1861 3219; x_wconf 75' lang='grc' dir='ltr'>καὶ</span> <span class='ocrx_word' id='word_1_743' title='bbox 1892 3181 2045 3233; x_wconf 81' lang='grc' dir='ltr'>μητέρα,</span> <span class='ocrx_word' id='word_1_744' title='bbox 2074 3181 2132 3219; x_wconf 76' lang='grc' dir='ltr'>καὶ</span> <span class='ocrx_word' id='word_1_745' title='bbox 2164 3182 2298 3233; x_wconf 77' lang='grc' dir='ltr'>φίλους,</span> <span class='ocrx_word' id='word_1_746' title='bbox 2330 3184 2388 3220; x_wconf 87' lang='grc' dir='ltr'>καὶ</span> 
     </span>
     <span class='ocr_line' id='line_1_106' title="bbox 1361 3242 2388 3299; baseline -0.004 -15"><span class='ocrx_word' id='word_1_747' title='bbox 1361 3247 1541 3299; x_wconf 70' lang='grc' dir='ltr'>χρήματα,</span> <span class='ocrx_word' id='word_1_748' title='bbox 1569 3244 1628 3282; x_wconf 76' lang='grc' dir='ltr'>καὶ</span> <span class='ocrx_word' id='word_1_749' title='bbox 1655 3242 1882 3294; x_wconf 81' lang='grc' dir='ltr'>προστασίαν,</span> <span class='ocrx_word' id='word_1_750' title='bbox 1917 3242 1975 3280; x_wconf 79' lang='grc' dir='ltr'>καὶ</span> <span class='ocrx_word' id='word_1_751' title='bbox 2002 3242 2116 3280; x_wconf 81' lang='grc' dir='ltr'>πάντα</span> <span class='ocrx_word' id='word_1_752' title='bbox 2132 3243 2165 3279; x_wconf 83' lang='grc' dir='ltr'>ἐν</span> <span class='ocrx_word' id='word_1_753' title='bbox 2184 3243 2311 3295; x_wconf 81' lang='grc' dir='ltr'>ἀπορίᾳ</span> <span class='ocrx_word' id='word_1_754' title='bbox 2331 3244 2388 3282; x_wconf 83' lang='grc' dir='ltr'>καὶ</span> 
     </span>
    </p>
   </div>
   <div class='ocr_carea' id='block_1_18' title="bbox 1464 3376 2314 3421">
    <p class='ocr_par' dir='ltr' id='par_1_20' title="bbox 1464 3376 2314 3421">
     <span class='ocr_line' id='line_1_107' title="bbox 1464 3376 2314 3421; baseline -0.008 -8"><span class='ocrx_word' id='word_1_755' title='bbox 1464 3391 1476 3405; x_wconf 70' lang='lat'>⁰</span> <span class='ocrx_word' id='word_1_756' title='bbox 1501 3381 1511 3421; x_wconf 72' lang='grc' dir='ltr'>Ῐ</span> <span class='ocrx_word' id='word_1_757' title='bbox 1529 3388 1584 3413; x_wconf 76' lang='grc' dir='ltr'>τῶν</span> <span class='ocrx_word' id='word_1_758' title='bbox 1607 3384 1664 3412; x_wconf 78' lang='grc' dir='ltr'>ἐκεῖ</span> <span class='ocrx_word' id='word_1_759' title='bbox 1680 3376 1793 3417; x_wconf 58' lang='lat' dir='ltr'>savit„</span> <span class='ocrx_word' id='word_1_760' title='bbox 1811 3387 1850 3408; x_wconf 78' lang='lat' dir='ltr'>ex</span> <span class='ocrx_word' id='word_1_761' title='bbox 1866 3376 2071 3408; x_wconf 84' lang='lat' dir='ltr'>correctione</span> <span class='ocrx_word' id='word_1_762' title='bbox 2085 3403 2092 3416; x_wconf 93' lang='lat'>,</span> <span class='ocrx_word' id='word_1_763' title='bbox 2111 3376 2314 3417; x_wconf 53' lang='lat' dir='ltr'>opinatum-ff</span> 
     </span>
    </p>
   </div>
  </div>
 </body>
</html>
