2481 3678
772 212 813 240 lN
851 211 1055 241 JoAMffiM
1094 212 1247 240 nomin.
1287 214 1331 241 x.
1370 198 1430 242 al.
1472 215 1531 243 ix.
2128 200 2187 261 (37

113 292 155 330 τὰ
187 294 350 345 πρότερον
389 296 481 344 αὐτῷ
512 292 725 343 τολμηθέντα
760 292 1011 343 καταθέμενος,
1047 292 1136 330 ἅπα-

1209 291 1306 344 apud.
1322 306 1442 331 omnes
1464 294 1725 340 traduceretur,
1747 304 1784 331 ut
1803 294 1919 332 divini
1945 295 2029 332 doni
2053 297 2189 347 magni-

112 371 164 392 σιν
191 354 385 401 ἐπεδείκνυ,
419 354 552 404 βέλτιον
583 346 668 390 εἶναι
698 352 845 403 νομίζων
881 354 938 392 τὸν
970 352 1134 406 πρότερον
1158 366 1180 393 Β
1206 353 1292 391 tudo
1322 353 1526 405 effulgeret,
1551 368 1658 405 quam
1689 355 1717 392 si
1752 354 1846 406 ipse,
1890 369 1932 392 ne
1969 365 2083 392 errata
2127 371 2189 393 sua

112 418 212 453 αὐτοῦ
234 416 331 468 παρὰ
356 415 494 453 πάντων
517 418 529 434 ⁰
543 413 802 460 στηλιτεύεσΟαι
827 413 899 465 βίον
918 415 976 453 ἐπὶ
1003 415 1043 452 τὸ
1069 430 1134 466 φα-

110 479 209 522 νῆναι
236 477 275 514 τὸ
304 475 445 526 μέγεθος
479 478 541 521 τῆς
559 479 618 512 τοῦ
646 476 737 513 Θεοῦ
764 476 910 527 δωρεᾶς,
935 474 957 521 ἢ
993 475 1134 514 συσκιά-

109 553 168 576 σαι
194 537 257 583 τὴν
283 537 413 588 ἄφατον
447 538 549 574 αὐτοῦ
582 536 641 573 καὶ
669 536 914 587 ἀνεκδιήγητον
937 539 1134 589 φιλανθρω-

108 599 205 646 πίαν,
224 601 388 637 ὀκνοῦντα
402 598 463 645 τὴν
485 598 614 637 οἰκείαν
638 599 766 637 ἅπασιν
787 601 1028 649 ἕκπομπεῦσαι
1044 599 1133 637 πλά-

108 676 181 705 νην.
198 658 267 697 Διὰ
286 664 385 697 τοῦτο
401 660 472 697 ἅνω
488 660 547 697 καὶ
558 659 653 698 κάτω
671 659 809 711 στρέφει
828 659 889 703 τὰς
904 658 1052 707 διώξεις,
1072 659 1135 702 τὰς

107 721 310 768 ἐπιδουλὰς,
335 720 412 765 τοὺς
431 721 602 771 πολέμους
621 720 698 764 τοὺς
717 720 808 758 κατὰ
825 724 886 767 τῆς
899 720 1112 767 Ἔκκλησίας
1125 733 1132 740 ·

108 786 166 819 νῦν
189 781 251 832 μὲν
270 782 379 834 λέγων
393 814 402 830 ,
421 785 499 821 Οὐκ
518 782 590 833 εἰμὶ
604 783 719 826 ἱκανὸς
734 785 915 820 καλεῖσθαι
931 782 1134 830 ἀπόστολος,

109 844 195 882 διότι
217 843 342 888 ἐδίωξα
366 843 429 890 τὴν
451 843 664 890 Ἐκκλησίαν
682 847 742 881 τοῦ
765 845 875 881 Θεοῦ·
895 847 953 881 νῦν
975 842 1032 891 δὲ,
1049 841 1135 881 ζΌτι

107 898 208 951 {maxe
219 904 351 951 Ἰησοῦς
367 904 596 958 ἁμαρτωλοὺς
611 907 736 952 σῶσαι,
753 898 799 942 ὧν
817 904 952 957 πρῶτός
967 907 1039 955 εἰμι
1056 904 1136 957 ἐγώ·

107 965 166 1003 καὶ
193 965 313 1013 πάλιν,
334 966 527 1004 Ἠκούσατε
546 965 608 1013 τὴν
625 965 712 1016 ἐμὴν
747 965 965 1019 ἀναστροφήν
984 982 1068 1004 ποτε
1101 969 1135 1004 ἐν

106 1029 155 1078 τῷ
179 1027 390 1079 ἰουδαϊσμῷ,
407 1027 459 1064 ὅτι
482 1028 558 1065 καθ’
578 1027 773 1080 ὑπερὸολῆν
793 1026 933 1065 ἐδίωκον
953 1026 1015 1074 τὴν
1044 1027 1132 1065 Ἔκ-

106 1087 252 1134 κλησίαν
281 1093 340 1127 τοῦ
359 1092 471 1136 Θεοῦ,
486 1088 546 1126 καὶ
568 1088 731 1141 ἐπόρθουν
749 1088 866 1135 αὐτήν.

158 1158 326 1211 Καθάπερ
345 1158 413 1211 γάρ
430 1175 509 1197 τινα
528 1158 657 1205 ταύτην
689 1157 840 1208 ἀμοιὸὴν
876 1158 1060 1203 ἀποδιδοὺς
1087 1162 1136 1212 τῷ

107 1220 249 1271 Χριστῷ
266 1222 326 1265 τῆς
342 1221 388 1262 εἰς
409 1219 510 1257 αὐτὸν
530 1218 770 1271 μακροθυμίας
782 1249 791 1265 ,
811 1220 850 1257 τὸ
866 1218 974 1263 δεῖξαι
988 1219 1066 1258 τίνα
1082 1220 1136 1258 ὅν-

108 1295 170 1326 τα,
190 1279 250 1317 καὶ
269 1282 343 1322 πῶς
363 1280 483 1332 ἐχθρὸν
504 1280 563 1317 καὶ
582 1279 749 1329 πολέμιον
770 1279 897 1318 ἔσωσεν
910 1296 917 1303 ·
935 1279 1024 1318 οὕτω
1048 1280 1136 1331 μετὰ

108 1342 237 1386 πολλῆς
259 1344 320 1386 τῆς
342 1340 540 1394 παρρησίας
559 1340 722 1393 κηρύττει
741 1341 804 1387 τὴν
827 1341 960 1393 μάχην,
977 1342 1018 1388 ἣν
1040 1343 1135 1395 πάσῃ

108 1402 283 1453 προθυμίᾳ
308 1403 406 1454 παρὰ
436 1402 498 1449 τὴν
520 1402 631 1455 ἀρχὴν
664 1402 870 1454 ἐμαχήσατο
898 1405 948 1454 τῷ
980 1405 1135 1457 Χριστῷ.

108 1462 209 1500 Μετὰ
226 1462 261 1500 δὲ
277 1462 395 1501 τούτου
409 1464 468 1501 καὶ
485 1469 555 1507 τοῖς
573 1463 810 1514 ἀπεγνωκόσιν
831 1466 962 1501 ἑαυτῶν
980 1465 1136 1517 χρηστὰς

106 1522 275 1561 ὑποτείνει
296 1522 358 1566 τὰς
383 1523 536 1567 ἐλπίδας.
569 1524 639 1562 Καὶ
658 1524 726 1576 γὰρ
746 1524 805 1561 καὶ
823 1524 880 1562 τὸν
910 1526 1060 1577 Χριστὸν
1080 1526 1137 1564 διὰ

103 1583 203 1621 τοῦτό
218 1584 518 1637 φησιπροσίεσθαι
535 1585 649 1632 αὐτὸν,
669 1584 725 1622 ἵνα
744 1587 778 1623 ἐν
802 1587 895 1637 αὐτῷ
916 1584 1070 1638 ἀπρώτῳ
1085 1590 1136 1625 ἐν·

106 1643 259 1691 δείξηται
289 1644 352 1690 τὴν
374 1651 490 1684 πᾶσαν
513 1645 768 1697 μακροθυμίαν,
790 1646 850 1684 καὶ
875 1647 933 1685 τὸν
962 1648 1137 1701 ὑπερέάλ-

105 1709 209 1745 λοντα
223 1710 368 1746 πλοῦτον
388 1711 450 1754 τῆς
483 1707 719 1761 χρηστότητος
751 1710 874 1755 αὐτοῦ,
896 1709 981 1761 πρὸς
1004 1710 1135 1748 ὑποτύ-

106 1784 216 1806 πωσιν
249 1771 317 1806 τῶν
344 1769 540 1819 μελλόντων
570 1768 742 1807 πιστεύειν
770 1768 827 1807 ἐπ’
857 1771 950 1822 αὐτῷ
970 1772 1016 1814 εἷς
1044 1771 1135 1817 ζωὴν

107 1828 256 1867 αἰώνιον.
272 1829 343 1867 Καὶ
370 1829 438 1881 γὰρ
457 1824 498 1876 ἦν
522 1829 661 1875 ἁπάσης
681 1832 795 1874 αὐτοῖς
823 1830 1029 1883 συγγνώμης
1061 1833 1135 1883 μεί-

107 1892 186 1933 ζονα
202 1890 449 1941 *τολμηθέντα
462 1906 469 1913 ·
493 1891 583 1943 ἅπερ
602 1885 659 1928 οὖν
680 1891 740 1928 καὶ
759 1894 777 1928 ὁ
796 1892 1041 1943 εὐαγγελιστὴς
1067 1896 1134 1944 ε’μ-

105 1951 235 2002 φαίνων
253 1951 391 2003 ἔλεγεν·
421 1954 485 1996 Εἰς
503 1951 548 1990 τὰ
574 1952 645 1990 ἴδια
669 1947 773 2000 ἦλθε,
801 1953 859 1990 καὶ
879 1956 910 1991 οἱ
931 1953 1009 1992 ἴδιοι
1034 1956 1133 1994 αὐτὸν

105 2013 142 2049 οὐ
163 2012 373 2064 παρέλαὸον.
395 2012 506 2050 Πόθεν
517 2007 619 2059 ἦλθεν
636 2016 653 2050 ὃ
668 2013 784 2051 πάντα
803 2016 959 2066 πληρῶν,
976 2016 1035 2053 καί
1050 2033 1135 2054 παν-

104 2077 214 2125 ταχοῦ
236 2072 380 2126 παρών,
399 2079 496 2112 ποῖον
525 2073 679 2118 κενώσας
705 2073 810 2113 τόπον
844 2078 905 2122 τῆς
934 2079 1036 2116 αὐτοῦ
1067 2095 1134 2116 πα-

107 2134 263 2187 ρουσίας,
292 2135 441 2174 ὁπάντα
471 2139 515 2187 τῇ
543 2136 635 2188 χειρὶ
658 2135 811 2189 συνέχων
834 2137 893 2175 καὶ
921 2139 1135 2191 διακρατῶν,

104 2195 221 2234 Τόπον
259 2195 321 2246 μὲν
351 2196 472 2235 οὐδένα
493 2197 654 2249 ἥμειψεν,
674 2201 770 2245 (πῶς
791 2198 896 2251 γάρ;)
918 2202 962 2249 τῇ
989 2200 1024 2238 δὲ
1049 2202 1135 2252 πρὸς

102 2261 196 2308 ἡμᾶς
211 2258 405 2296 καταὸάσει
424 2263 524 2297 τοῦτο
550 2258 745 2312 εἰργάσατο.
762 2259 909 2307 Ἐπειδὴ
932 2261 999 2315 γὰρ
1022 2265 1054 2300 ἐν
1084 2266 1134 2316 τῷ

104 2318 225 2372 κόσμῳ
244 2319 305 2367 ὢν,
333 2322 393 2358 οὐκ
422 2320 533 2358 ἐδόκει
557 2327 735 2372 παρεῖναι,
760 2323 810 2373 τῷ
835 2321 944 2372 μήπω
971 2324 1134 2376 γνωρίζε-

104 2383 200 2427 σθαι,
222 2379 361 2432 ῧστερον
390 2380 426 2420 δὲ
456 2381 575 2419 ἑαυτὸν
612 2381 828 2435 ἐφανέρωσε,
861 2382 924 2429 τὴν
958 2385 1132 2438 ἡμετέραν

103 2442 269 2480 ὑποδῦναι
299 2442 413 2494 σάρκα
444 2441 681 2491 καταξιώσας,
705 2442 767 2490 τὴν
796 2442 989 2496 φανέρωσιν
1005 2446 1134 2494 ταύτην

103 2503 161 2539 καὶ
171 2502 234 2549 τὴν
250 2503 662 2556 κατάὸασιν,παρουσίαν
679 2505 790 2542 καλεῖ.
802 2508 816 2523 ⁰
830 2505 1023 2555 Θαυμάσαι
1040 2507 1132 2551 ἄξιον

104 2563 160 2600 τὸν
182 2562 341 2613 μαθητὴν
366 2563 414 2614 μὴ
435 2563 682 2614 αἰσχυνόμενον
704 2564 761 2602 ἐπὶ
779 2568 822 2614 τῆ
839 2568 899 2602 τοῦ
925 2567 1134 2605 διδασκάλου

1205 415 1370 453 omnibus
1387 415 1596 460 declararet,
1616 416 1833 453 ineffabilem
1851 416 1919 453 Dei
1936 416 2190 467 benignitatem

1205 476 1396 528 obtegeret.
1433 478 1642 529 Propterea,
1680 476 1986 529 persequutiones,
2023 477 2171 515 insidias
2182 508 2190 521 ,

1205 537 1297 576 bella
1316 547 1438 576 contra
1456 537 1653 576 Ecclesiam
1672 539 1825 577 excitata
1843 552 1935 590 saepe
1949 537 2080 589 saepius
2096 552 2191 576 com-

1206 608 1398 647 memorat,
1415 599 1522 639 modo
1537 599 1656 639 dicens
1672 617 1679 637 z
1697 603 1792 639 Non
1811 614 1894 639 sum
1906 602 2042 652 dignus
2061 604 2192 638 vocari
2212 620 2235 638 ι.
2261 612 2329 639 Cor.
2345 612 2395 640 15.

1205 661 1418 712 apostolus,
1449 663 1542 713 quia
1577 670 1828 713 persequutus
1858 675 1942 699 sum
1974 662 2236 699 Ecclesiam&

1206 723 1282 759 Dei
1291 738 1307 767 ,·
1327 721 1433 760 modo
1456 732 1590 771 autem,
1612 724 1723 760 Venit
1740 724 1854 761 Jesus
1871 730 2091 774 peccatores
2112 723 2192 760 sal—
2215 743 2237 761 ι.
2266 735 2342 761 Tun.
2369 744 2392 761 ι.

1209 797 1272 822 vos
1284 783 1444 836 facere,
1477 798 1639 835 quorum
1661 788 1806 836 primus
1835 798 1903 836 ego
1927 798 2028 825 simu
2054 799 2094 822 ac
2115 799 2193 822 rnr-
2214 775 2258 803 '5'

1206 859 1298 894 sum,
1312 845 1493 883 Audistis
1505 849 1834 883 conservationem
1845 859 1968 882 meam
1979 846 2194 897 aliquando
2211 862 2280 888 Gal.
2299 869 2321 887 ι,
2347 862 2392 889 13.

1206 908 1247 943 in
1254 907 1454 958 judaismo
1466 937 1475 955 ,
1494 909 1678 957 quoniam
1692 920 1809 958 supra
1823 907 1978 944 modum
1988 921 2193 959 perseque-

1208 969 1280 1005 bar
1295 967 1516 1006 Ecclesiam
1541 968 1636 1016 Dei,
1667 977 1703 1005 et
1724 969 1993 1019 expugnabam
2015 968 2140 1006 illam.

1260 1161 1298 1196 9.
1320 1159 1431 1199 Velut
1442 1160 1537 1198 enim
1548 1160 1742 1211 quamdam
1753 1160 1870 1199 vicem
1888 1160 2030 1199 Christo
2046 1161 2197 1199 reddens

1206 1218 1253 1256 ob
1268 1220 1478 1270 patientiam
1494 1236 1602 1271 quam
1629 1236 1748 1260 secum
1764 1222 1997 1271 exhibuerat,
2018 1232 2057 1260 ut
2079 1232 2194 1261 osten-

1207 1278 1305 1317 deret
1324 1281 1484 1330 qualem,
1521 1292 1555 1319 et
1579 1282 1758 1332 quomodo
1782 1282 1918 1321 hostem
1946 1293 1979 1321 et
2012 1284 2198 1322 inimicum

1207 1341 1320 1378 salute
1335 1341 1520 1381 donasset:
1543 1343 1594 1381 sic
1612 1343 1722 1381 libere
1744 1344 1880 1381 bellum
1899 1344 1993 1382 illud
2003 1345 2197 1397 praedicat,

1209 1417 1277 1452 quo
1295 1404 1478 1442 Christum
1497 1405 1532 1442 in
1553 1405 1733 1457 principio
1761 1405 1925 1444 ardenter
1946 1406 2195 1459 impugnabat.

1209 1464 1302 1502 Hinc
1317 1475 1433 1503 autem
1447 1466 1718 1518 desperantibus
1731 1481 1829 1518 spem
1842 1468 1972 1504 bonam
1985 1468 2091 1506 indit.
2107 1470 2200 1507 Nam

1208 1525 1258 1562 ait
1286 1525 1367 1563 ideo
1394 1526 1580 1564 Christum
1597 1540 1633 1564 se
1650 1527 1914 1578 resipiscentem
1934 1528 2142 1577 admisisse,
2162 1540 2200 1567 ut

1209 1586 1245 1624 in
1265 1601 1302 1624 sc
1323 1587 1441 1639 primo
1457 1588 1655 1626 ostenderet
1671 1602 1812 1625 omnem
1827 1588 2055 1640 patientiam,
2079 1600 2113 1627 et
2133 1591 2200 1628 im-

1208 1661 1345 1686 mensas
1365 1648 1535 1687 bonitatis
1566 1663 1638 1686 suae
1658 1649 1826 1696 divitias,
1851 1649 1885 1687 in
1910 1651 2116 1703 exemplum
2145 1667 2201 1690 eo-

1208 1724 1289 1747 rnm
1303 1709 1365 1760 qui
1384 1719 1504 1762 postea
1528 1710 1564 1747 in
1589 1710 1709 1762 ipsum
1722 1710 1895 1748 credituri
1917 1720 2017 1748 erant
2034 1712 2069 1749 in
2090 1712 2203 1751 vitam

1209 1780 1388 1808 aeternam.
1417 1771 1596 1809 Graviora
1616 1771 1750 1823 quippe
1766 1771 1812 1808 ah
1845 1771 1931 1823 ipsis
1950 1771 2107 1810 admissa
2127 1774 2202 1811 fue-

1208 1842 1306 1880 rant,
1326 1847 1435 1883 quam
1453 1848 1532 1884 quae
1551 1833 1694 1871 veniam
1712 1843 1952 1882 mererentur5
1975 1848 2054 1884 quae
2083 1834 2201 1872 decla—

1207 1908 1288 1932 rans
1306 1894 1524 1946 evangelista
1555 1894 1698 1932 dicebat
1719 1911 1726 1931 :
1748 1898 1797 1932 In
1826 1898 1983 1946 propria
1999 1898 2126 1944 venit,
2164 1905 2200 1934 et

1207 1958 1267 1994 sui
1298 1970 1385 1994 eum
1427 1970 1504 1994 non
1524 1966 1759 2008 receperunt.
1795 1956 1902 1995 Unde
1934 1957 2032 1995 venit
2068 1958 2097 1995 is
2139 1959 2200 2008 qui

1206 2017 1326 2055 omnia
1341 2017 1479 2070 implet,
1489 2017 1551 2067 qui
1567 2017 1701 2068 ubique
1712 2032 1864 2070 praesens
1880 2018 1954 2055 cst?
1967 2032 2073 2068 quem
2082 2019 2201 2057 locum

1206 2080 1369 2131 reliquit,
1396 2080 1457 2130 qui
1473 2079 1591 2117 omnia
1611 2094 1719 2118 manu
1741 2089 1836 2118 tenet
1857 2090 1890 2118 et
1916 2080 2102 2118 continet?
2126 2083 2197 2120 Lo-

1205 2156 1288 2180 cum
1317 2142 1464 2193 quidem
1494 2142 1636 2179 nullum
1664 2142 1825 2192 reliquit,
1847 2142 2042 2192 (quomodo
2081 2153 2200 2194 posset

1205 2204 1346 2253 enim9)
1364 2219 1428 2242 suo
1447 2213 1567 2241 autem
1582 2203 1628 2241 ad
1642 2218 1705 2241 nos
1722 2203 1892 2241 descensu
1913 2203 1950 2241 id
1982 2204 2077 2241 fecit.
2105 2204 2199 2250 Quia

1205 2265 1299 2303 enim
1327 2266 1363 2303 in
1383 2265 1519 2303 mundo
1535 2279 1617 2302 cum
1633 2274 1740 2314 esset,
1762 2279 1830 2302 non
1846 2264 2039 2303 videbatur
2058 2265 2194 2313 adesse,

1204 2327 1303 2378 quod
1321 2327 1482 2365 nondum
1505 2336 1792 2378 cognosceremr3
1809 2335 1929 2377 postca
1942 2340 2025 2363 vero
2042 2326 2197 2377 seipsum

1204 2387 1380 2439 ostendit,
1403 2402 1484 2426 cum
1510 2396 1668 2425 nostram
1697 2386 1846 2424 induere
1863 2400 2007 2423 carnem
2029 2385 2195 2436 dignatus

1204 2461 1254 2490 est
1275 2468 1282 2488 z
1305 2452 1397 2488 hanc
1415 2448 1733 2487 manifestationem
1751 2456 1784 2484 et
1803 2447 2030 2496 descensum,
2059 2447 2194 2485 adven-

1204 2522 1281 2550 tum
1298 2511 1468 2563 appellat.
1494 2509 1629 2546 Mirum
1668 2516 1719 2544 est
1737 2507 1956 2559 discipulum
1980 2521 2048 2545 non
2069 2509 2193 2546 erube-

1204 2587 1298 2611 scere
1315 2573 1361 2609 de
1374 2570 1535 2621 magistri
1548 2568 1780 2617 contumelia,
1795 2568 1858 2606 sed
1873 2583 1950 2606 eam
1967 2569 2081 2621 ipsam
2099 2584 2188 2608 con-

105 2623 246 2676 ἀτιμίᾳ,
278 2623 368 2662 ἀλλὰ
383 2624 442 2661 καὶ
460 2623 548 2674 μετὰ
562 2624 761 2677 παῤῥησίας
785 2625 847 2671 τὴν
869 2628 916 2669 εἷς
946 2628 1046 2665 αὐτὸν
1074 2645 1130 2680 γε·
1155 2647 1178 2676 Ε
1205 2634 1387 2672 tumeliam
1414 2631 1565 2669 fidenter
1582 2629 1695 2667 literis
1726 2629 1911 2667 mandare.
1939 2630 1983 2668 Id
2006 2645 2089 2669 vero
2122 2646 2191 2670 non

104 2700 183 2735 γενη
189 2684 294 2735 μένην
306 2684 550 2737 ἀναγράφοντα
564 2683 675 2737 ὕὸριν.
691 2683 781 2723 fKoti
795 2685 942 2725 τοῦτοδὲ
956 2689 993 2724 οὖ
1009 2690 1131 2741 μικρὸν

104 2749 163 2783 τοῦ
190 2745 399 2797 φιλαλήθους
430 2747 533 2784 αὐτοῦ
556 2745 684 2798 τρόπου
702 2747 903 2800 τεκμήριον.
924 2748 993 2786 Καὶ
1020 2748 1133 2794 ἄλλως

104 2805 138 2844 δὲ
185 2807 242 2844 τὸν
273 2806 519 2858 αἰσχυνόμενον
541 2805 628 2857 ὑπὲρ
651 2808 720 2844 τῶν
741 2806 932 2860 ὓὲρικότων
950 2811 1014 2861 οὐχ
1044 2809 1132 2863 ὑπὲρ

1204 2710 1332 2748 parum
1362 2694 1580 2732 demonstrat
1604 2706 1712 2742 quam
1740 2705 1861 2729 amans
1896 2692 2056 2731 veritatis
2085 2704 2187 2732 esset.

1203 2757 1370 2808 Alioquin
1384 2764 1503 2793 autem
1517 2754 1562 2804 is,
1573 2768 1678 2804 quem
1689 2753 1801 2806 pudet
1815 2754 2107 2806 conviciantium,
2123 2771 2191 2795 non

1203 2819 1313 2871 pudet
1330 2818 1417 2870 ejus,
1433 2816 1495 2868 qui
1513 2815 1685 2854 conviciis
1696 2825 1860 2854 oneratus
1876 2826 1940 2854 est.
1964 2817 2031 2855 Hic
2053 2818 2187 2870 quippe

103 2872 161 2906 10⁰5
181 2867 447 2920 παρθινηθέντθς
478 2867 704 2919 “staff-5⁶0&
731 2869 812 2920 χρή·
841 2871 953 2912 Οὓτθς
975 2870 1035 2921 μὲν
1062 2871 1129 2924 γὰρ
1149 2898 1180 2923 59
1202 2880 1268 2918 hac
1287 2879 1422 2917 ratione
1451 2877 1580 2915 clarior
1607 2876 1695 2926 fuit,
1733 2877 1796 2927 qui
1829 2887 1908 2929 post
1938 2880 2189 2918 contumeliam

102 2927 209 2980 ταύτῃ
231 2930 362 2979 μᾶλλον
379 2927 534 2980 ἔλαμψε,
554 2927 613 2966 καὶ
639 2928 728 2978 μετὰ
747 2928 808 2976 τὴν
832 2929 944 2981 &epm
959 2931 1128 2979 τοσαύτην
1153 2936 1176 2965 Α
1201 2940 1537 2981 contumeliosorum
1560 2937 1825 2991 providentiam
1854 2939 1983 2990 gessit:
2025 2940 2079 2977 illi
2104 2955 2189 2979 vero

102 2999 169 3033 τῶν
188 2995 378 3048 ὑδρικότων
395 2996 599 3046 ποιούμενος
616 2996 799 3049 πρόνοιαν·
823 3000 946 3036 ἐκεῖνοι
967 2998 1000 3037 δὲ
1020 2999 1131 3051 ἀγνώ-

103 3077 203 3111 μονες
217 3060 277 3099 καὶ
307 3061 426 3112 μιαροὶ
447 3060 544 3113 παρὰ
563 3067 668 3100 πᾶσιν
687 3062 900 3114 ἃέφάνησαν,
921 3065 977 3102 τὸν
1000 3065 1057 3103 ἐπὶ
1080 3082 1130 3104 το-

144 3197 156 3211 0
174 3185 292 3218 Morel.
316 3194 350 3218 et
378 3198 461 3218 unus
491 3192 658 3227 σιτίζεσθαι,
685 3185 766 3220 alius
790 3194 997 3232 στηρίζεσθαι,
1024 3189 1107 3221 alius

101 3243 309 3280 μαστίζεσθαι.
328 3237 431 3272 53νὶ1.
447 3242 678 3277 στηλιτεύεσθαι.

146 3291 162 3316 d
184 3290 299 3325 Morel.
318 3298 440 3334 πρώτῳ.
459 3290 563 3324 Savil.
582 3300 711 3337 πρῶτον.
726 3291 911 3335 Utrumque
930 3291 1024 3324 bene.

148 3343 162 3358 '⁸
186 3343 240 3383 [τὸ.
255 3347 445 3385 τολμηθέντα
461 3342 541 3376 Sav.
561 3349 594 3374 ct
609 3341 694 3374 Cod.
713 3343 806 3384 705.]

145 3401 154 3411 ‘
172 3394 272 3429 Savil.
292 3402 326 3427 et
341 3394 416 3427 Mss.
436 3393 568 3437 plurimi
585 3400 735 3437 θαυμάσαι
757 3399 818 3430 ὃάῗν
835 3412 876 3435 τις
896 3405 946 3432 τοῦ
970 3403 1110 3441 μαθηταὶ

1201 3003 1331 3056 ingrati
1343 3012 1377 3041 et
1394 3001 1529 3040 scelesti
1546 3000 1645 3053 apud
1658 3014 1778 3038 omnes
1790 3000 1859 3039 visi
1878 3010 1979 3051 sunt,
2002 3001 2063 3052 qui
2084 3017 2183 3050 eum,

1200 3065 1262 3117 qui
1281 3073 1332 3103 tot
1353 3065 1446 3102 bona
1468 3062 1642 3100 allaturus
1654 3070 1817 3111 venerat,
1832 3062 1934 3112 quasi
1957 3062 2143 3100 inimicum
2154 3073 2187 3100 et

1172 3197 1216 3234 μὴ
1234 3194 1442 3234 αἰσχυνομένου
1456 3216 1463 3230 ‚
1482 3195 1516 3218 et
1538 3186 1622 3218 infra
1655 3191 1889 3231 ἀναγράφοντος.
1908 3187 1947 3218 ln
1977 3195 2113 3229 utraque
2140 3185 2185 3219 le-

1175 3244 1284 3275 ctione
1303 3241 1391 3274 idem
1408 3250 1534 3272 sensus.

1219 3297 1232 3320 f
1255 3292 1355 3327 Savil.
1375 3296 1527 3326 καὶτοῦτο
1549 3293 1589 3323 δέ.
1610 3288 1726 3321 Morel.
1748 3293 1796 3321 καὶ
1810 3295 1897 3322 τοῦτο
1912 3294 1982 3333 γάρ.

1219 3358 1231 3372 a
1253 3344 1352 3378 Savil⁴
1371 3346 1418 3386 [et
1430 3341 1514 3376 Cod.
1534 3343 1612 3383 705]
1630 3347 1822 3386 ἀγεῗάνησαν.
