2481 3678
681 200 721 229 ΙΝ
760 200 966 231 fluxium
1005 201 1162 230 HOMUL.
1205 201 1357 230 XLVIII.
1397 185 1458 230 ai.
1498 202 1636 230 xtvn.

151 278 238 324 ὅλως
250 280 433 327 ἀναῧῆναι.
446 281 537 318 Ἀλλ’
553 282 590 318 οὐ
604 280 661 318 διὰ
676 285 775 320 τοῦτο
785 281 975 327 ἀνέὸαινεν,
985 282 1042 320 ἵνα
1054 282 1149 333 πάθῃ
1163 311 1172 328 ,

152 343 228 379 ἀλλ’
244 341 299 379 ἵνα
318 340 437 384 αὐτοὺς
455 339 639 391 παιδεύσῃ.
659 341 761 385 Τίνος
781 341 814 380 δὲ
829 342 941 380 ἕνεκεν
959 342 1087 393 λάθρᾳ;
1106 340 1174 379 Καὶ

150 401 217 454 γὰρ
250 402 391 440 ἐδύνατο
415 405 568 454 φανερῶς
587 403 736 440 ἀνελθὼν
758 406 791 441 ἐν
812 407 861 454 τῷ
888 403 983 454 με’σῳ
1008 419 1045 440 τε
1065 397 1171 448 εἶναι,

147 462 206 499 καὶ
226 462 385 513 κατέχειν
407 464 518 499 αὐτῶν
537 462 600 508 τὴν
616 462 724 514 ὁρμὴν
746 464 807 511 τὴν
831 464 993 508 ἄτακτον,
1012 463 1030 500 ὃ
1043 461 1172 500 πολλά-

147 537 200 565 κις
220 522 486 569 ἐποίησεν.Ἀλλ’
501 525 561 561 οὐκ
581 523 739 562 ἐβούλετο
758 526 910 575 συνεχῶς
928 527 1026 560 τοῦτο
1044 527 1170 560 ποιεῖν.

148 583 191 620 Εἰ
205 582 272 636 γὰρ
293 585 418 628 ἀνῆλΟε
433 588 606 638 φανερῶς,
622 585 681 622 καὶ
700 585 804 623 πάλιν
830 583 953 625 αὐτοὺς
986 582 1147 636 ἐπήρωσε
1161 613 1170 630 ,

147 647 160 662 ³
173 644 336 694 μειζόνως
358 645 397 682 ἂν
413 644 476 692 τὴν
501 648 622 684 ἑαυτοῦ
647 645 793 691 θεότητα
813 643 1021 694 διαλάμπειν
1043 642 1170 690 ἐποίει,

147 704 165 742 ὃ
203 705 288 749 τέως
322 708 382 744 οὐκ
412 706 500 753 ἔδει,
536 707 595 744 καὶ
636 707 767 756 μᾶλλον
797 703 900 750 αὐτὴν
930 702 1170 747 ἐξεκάλυπτεν.

148 765 294 813 Ἐπειδὴ
313 767 348 805 Ρὲ
376 767 528 817 ἐνόμιζον
556 769 678 805 ἐκεῖνοι
714 765 842 809 δειλίας
865 759 952 803 εἶναι
977 766 1016 803 τὸ
1037 765 1171 816 με’νειν,

145 824 341 866 ι’δείκνυσιν
363 829 464 872 αὐτὸς
481 827 688 876 τούναντίον,
701 827 760 865 καὶ
780 827 923 880 Θάρσους
945 825 980 864 ’ὂν
999 826 1058 864 καὶ
1081 828 1170 865 οἷκο-

145 889 282 939 νομίας’
299 889 358 926 καὶ
377 888 428 926 ὅτι
449 890 504 928 τὸν
516 889 633 942 καιρὸν
650 888 818 942 προειδὼς
839 892 916 927 καθ’
935 889 970 927 ὃν
987 888 1170 936 πείσεται,

145 949 202 988 ὅτε
226 950 343 988 λοιπὸν
364 951 508 1001 ἐπιστῇ,
535 950 613 988 τότε
636 950 789 1000 μάλιστα
815 950 1022 1001 βουλήσεται
1051 952 1098 993 εἷς
1127 949 1172 987 τὰ

146 1009 371 1062 Ἱεροσόλυμα
410 1011 592 1057 ἀναδῆναι.
615 1011 720 1062 Ἐμοὶ
755 1010 791 1049 δὲ
816 1012 908 1049 δοκεῖ
942 1011 1002 1049 καὶ
1034 1013 1084 1063 τῷ
1110 1010 1171 1061 μὲν

147 1073 267 1119 εἰπεῖν,
288 1071 455 1118 Ἀνάὸητε
488 1074 606 1123 ὑμεῖς,
636 1076 736 1110 τοῦτο
767 1072 895 1124 λέγειν·
919 1072 966 1122 μὴ
987 1072 1172 1123 νομίσητε,

146 1131 198 1170 δ’τι
223 1133 409 1184 ἀναγκάζω
427 1135 516 1183 ὑμᾶς
536 1132 594 1171 σὺν
612 1133 688 1183 ἐμοὶ
710 1133 822 1183 με’νειν
855 1133 902 1184 μὴ
926 1134 1172 1185 βουλομένους·

146 1195 195 1244 τῷ
216 1192 251 1232 δὲ
280 1196 479 1245 ἐπαγαγεῖν,
501 1194 612 1231 Οὔπω
646 1194 873 1247 πεπλήρωται
903 1198 920 1233 ὁ
946 1195 1064 1248 καιρός
1085 1211 1171 1246 μου,

147 1255 248 1300 δῆλον
274 1261 396 1301 ποιεῖν,
417 1253 469 1291 ὅτι
499 1254 566 1292 ἔδει
587 1254 646 1292 καὶ
665 1261 795 1306 σημεῖα
821 1256 999 1306 γενέσθαι,
1026 1256 1086 1294 καὶ
1113 1257 1172 1302 δη-

147 1314 315 1366 μηγορίας
333 1316 520 1367 λεχθῆναι,
539 1314 629 1353 ὥστε
645 1316 703 1353 καὶ
718 1316 840 1367 ὄχλους
856 1322 1038 1355 πιστεῦσαι
1057 1317 1172 1355 πλείο-

145 1392 225 1424 νας,
256 1377 314 1414 καὶ
337 1376 414 1420 τοὺς
447 1376 604 1426 μαθητὰς
640 1378 880 1431 στεῤῥοτέρους
901 1377 1079 1430 γενέσθαι,
1106 1377 1170 1424 τὴν

143 1438 340 1489 παρρησίαν
357 1441 509 1491 ὁρῶντας
534 1442 592 1476 τοῦ
613 1439 822 1477 διδασκάλου
835 1469 844 1486 ,
861 1437 920 1477 καὶ
947 1439 1036 1490 ἅπερ
1053 1438 1170 1478 ἔπάΟε.

195 1639 372 1690 ΜάΟωμεν
387 1639 498 1678 τοίνυν
521 1641 623 1678 αὐτοῦ
640 1639 710 1677 ἀπὸ
725 1642 793 1677 τῶν
813 1638 1004 1692 εἰρημένων
1016 1638 1078 1686 τὴν
1094 1641 1169 1676 ἐπι-

142 1700 282 1748 είκειαν,
301 1700 364 1747 τὴν
384 1700 586 1754 πραότητα·
610 1699 749 1738 Μοίθετε
782 1701 842 1738 ἀπ’
864 1703 965 1751 ἐμοῦ,
985 1699 1038 1738 ὅτι
1057 1699 1168 1752 πρᾶός

141 1764 213 1812 εἶμι
232 1762 291 1800 καὶ
311 1763 471 1806 ταπεινὸς
489 1766 531 1814 τῇ
553 1762 695 1813 καρδία·
712 1761 771 1799 καὶ
790 1768 905 1800 πᾶσαν
930 1761 1071 1815 πικρίαν
1088 1763 1167 1799 οέκ-

141 1822 315 1874 ὅάλωμεν.
337 1822 410 1861 Κᾶν
431 1822 617 1875 ἐπαίρηταί
630 1839 682 1867 τις
697 1825 772 1861 καθ’
795 1825 909 1872 ἡμῶν,
924 1827 1026 1873 ἡμεῖς
1042 1837 1166 1861 ταπει-

139 1885 190 1923 νοὶ
223 1883 419 1936 γινώμεθα·
442 1884 506 1922 κᾶν
535 1884 748 1937 θρασύνηταί
780 1901 852 1932 τις,
877 1883 1144 1937 Θεραπεύσωμεν
1159 1899 1166 1906 ·

139 1946 203 1984 κᾶν
237 1947 344 1999 δάκνῃ
375 1947 435 1985 καὶ
464 1946 628 1995 κατεσθίῃ
662 1945 834 1984 σκώπτων
872 1945 932 1983 καὶ
961 1947 1167 1996 κωμῳδῶν,

137 2012 238 2058 ἡμεῖς
269 2008 316 2059 μὴ
337 2008 534 2059 νικώμεθα,
561 2008 608 2059 μὴ
642 2007 854 2059 ἀμυνόμενοι
873 2010 1007 2050 ἑαυτοῖς
1034 2007 1168 2046 ἀνέλω-

139 2085 201 2119 μεν
222 2069 372 2112 ἑαυτούς.
390 2070 458 2108 Καὶ
477 2070 544 2122 γὰρ
562 2069 678 2121 Οηρίον
700 2069 790 2107 ἐστὶν
803 2072 820 2106 ὃ
835 2068 958 2119 Ουμὸς,
977 2068 1093 2122 θηρίον
1111 2068 1168 2113 ὀξὺ

138 2128 196 2166 καὶ
230 2130 367 2182 θερμόν.
391 2130 600 2182 Ἔτι-ᾄδωμεν
618 2129 729 2168 τοίνυν
760 2131 893 2172 ἑαυτοῖς
920 2128 982 2172 τὰς
1005 2129 1074 2167 ἀπὸ
1106 2133 1168 2176 τῆς

137 2189 229 2233 θείας
250 2192 391 2244 Γραφῆς
413 2191 565 2244 ἐπῳδὰς,
593 2190 652 2230 καὶ
680 2190 836 2241 λέγωμεν
852 2220 861 2237 ,
886 2189 938 2227 ὅτι
967 2191 1019 2237 Γῆ
1049 2184 1081 2228 εἷ
1108 2190 1167 2228 καὶ

137 2251 262 2294 σποδός
275 2267 282 2274 ·
303 2253 359 2290 καὶ
371 2283 381 2300 ,
398 2251 445 2290 Τί
459 2251 756 2304 ὑπερηφανεύεται
775 2255 819 2302 γῆ
839 2251 898 2289 καὶ
916 2251 1062 2299 σποδός,
1086 2252 1166 2300 καὶ,

136 2310 189 2349 ὅτι
218 2311 262 2349 ‘H
283 2312 371 2364 ῥοπὴ
394 2317 453 2352 τοῦ
470 2317 577 2364 θυμοῦ
601 2315 721 2361 αὐτοῦ,
741 2316 873 2356 πτῶσις
895 2315 1005 2364 αὐτῷ·
1027 2312 1098 2360 καὶ,
1113 2312 1166 2351 ὅτι

138 2372 238 2426 Ἀνὴρ
258 2373 420 2425 Θυμώδης
432 2404 442 2421 ,
465 2376 525 2412 οὐκ
541 2374 739 2426 εὐσχήμων.
761 2373 872 2412 Οὐδὲν
892 2373 960 2426 γὰρ
983 2373 1165 2425 αἰσχρότε-

139 2450 194 2485 ρον
232 2435 342 2486 ὅψεως
374 2435 610 2486 Θυμουμένης,
644 2435 738 2473 οὐδὲν
759 2434 1027 2486 δυσειδέστερον.
1050 2436 1094 2472 Εἰ
1129 2434 1164 2471 δὲ

136 2496 265 2547 ὄψεως,
285 2499 404 2548 πολλῷ
429 2499 559 2545 μᾶλλον
581 2498 706 2548 ψυχῆς.
728 2497 898 2548 Καθάπερ
918 2496 986 2548 γὰρ
1014 2495 1164 2533 ᾱάνακυ-

136 2558 292 2608 κωμένου
326 2557 492 2610 βορὸόρου
506 2557 658 2595 δυσωόία
676 2557 774 2595 εἴωθε
791 2557 963 2607 γίνεσθαι·
984 2556 1073 2594 οὕτω
1092 2559 1162 2608 ψυ-

134 2622 200 2670 χῆς
221 2619 478 2671 ταραττομένης
494 2620 560 2657 ὑπὸ
586 2623 715 2670 Ουμοῧ,
738 2618 850 2665 πολλὴ
873 2619 968 2656 ἔσται
993 2622 1014 2664 ἡ
1052 2621 1162 2669 ἀσχη-

135 2679 266 2730 μοσύνη
287 2680 347 2718 καὶ
369 2680 485 2727 ἀηδία.
503 2680 594 2719 Ἀλλ’
609 2683 646 2718 οὐ
666 2679 770 2734 φέρω,
785 2679 883 2732 φησὶ,
903 2679 965 2726 τὴν
980 2678 1077 2731 παρὰ
1092 2681 1160 2717 τῶν

133 2743 264 2792 ἐχθρῶν
288 2741 397 2794 ὖὸριν.
423 2742 526 2786 Τίνος
558 2742 690 2788 ἕνεκεν,
713 2740 800 2779 εἰπέ.
818 2739 879 2780 Ἂν
905 2740 965 2791 μὲν
988 2739 1056 2793 γὰρ
1076 2742 1162 2787 ἀλη-

132 2802 193 2848 Οὴς
213 2796 254 2853 ἦ,
279 2802 338 2840 καὶ
364 2803 432 2854 πρὸ
466 2802 594 2841 ἐκείνου
615 2801 762 2853 ὀφείλεις
783 2800 1072 2848 κατανύττεσθαι,
1103 2800 1162 2838 καὶ

130 2863 232 2914 χάριν
248 2863 338 2914 ἔχειν
360 2864 454 2915 αὐτῷ
474 2867 541 2901 τῶν
567 2863 719 2915 ἐλέγχων
733 2879 740 2886 ·
762 2863 801 2900 ἂν
821 2862 855 2901 δὲ
884 2861 1034 2914 ψευδὴς,
1054 2879 1162 2900 κατα-

128 2923 308 2976 φρόνησον.
325 2919 411 2962 Eine
426 2925 576 2973 πένητα,
591 2924 852 2976 Καταγέλασον.
870 2918 960 2962 Eine
977 2925 1120 2976 δυσγενῆ
1139 2923 1160 2968 ἢ

129 2985 292 3032 ἀνόητον,
311 2985 479 3029 Στέναξον
507 2985 594 3038 ὑπὲρ
620 2986 750 3024 ἐκείνου
782 2985 915 3023 λοιπόν.
945 2984 990 3023 ‘O
1021 2985 1087 3036 γὰρ
1114 2987 1159 3021 εἶ-

128 3045 203 3083 πὼν
222 3049 271 3097 τῷ
300 3048 436 3098 ἀδελφῷ
464 3047 708 3099 αὐτοῧ,μ’.ι)ρῖ;,
743 3045 860 3098 ἔνοχος
891 3046 995 3084 ἔσται
1025 3048 1071 3089 εἷς
1095 3045 1157 3092 τὴν

125 3106 263 3157 γέενναν
294 3112 352 3145 τοῦ
382 3106 498 3158 πυρός.
517 3107 628 3145 ςΌταν
662 3101 717 3145 οὖν
741 3106 887 3158 ὑδρίση,
909 3106 1067 3153 ἐννόησον
1093 3106 1156 3153 τὴν

168 3236 181 3250 ···
207 3226 267 3258 Alii
279 3234 403 3270 μείζονα
419 3233 454 3261 ἂν
471 3235 522 3266 τῆς
540 3233 676 3266 θεότητος
698 3231 871 3267 ἐπεδεὲξατο
886 3233 925 3260 τὰ
941 3234 1068 3266 σημεῖα,
1087 3231 1137 3260 καὶ

124 3284 242 3321 μᾶλλον
254 3286 290 3313 ἀν
307 3284 397 3319 αὐτὴν
414 3284 634 3323 ἀπεγύμνωσεν.
653 3283 768 3317 ἐπειδή.

170 3333 186 3356 b
210 3331 270 3363 Alii
288 3335 424 3367 δείκνυσιν
437 3337 524 3371 αὐτὸς
549 3337 597 3366 καὶ
614 3339 668 3371 τὴν
684 3337 851 3375 οἰκονομίαν
867 3336 942 3374 ὁμοῦ
955 3336 1004 3366 καὶ
1017 3338 1051 3366 τὸ
1066 3337 1139 3377 θάρ-

130 3401 188 3428 σος,
205 3391 249 3421 ὅτι
266 3390 312 3419 καὶ
330 3391 379 3420 τὸν
395 3391 495 3430 καιρὸν
507 3387 646 3430 προειδὼς
663 3388 728 3418 καθ’
746 3388 775 3418 ὃν
790 3389 921 3419 πείσεται
939 3388 1016 3425 ἅπερ
1034 3388 1138 3425 ἔπαθε,

2137 191 2226 251 325)

1243 294 1326 331 ergo
1355 294 1424 317 non
1451 281 1526 332 ipse
1557 280 1739 319 ascendit?
1765 282 1804 319 Si
1831 282 1925 319 enim
1950 297 2019 320 non
2049 285 2226 334 ascendit,

1244 340 1340 390 quod
1354 340 1514 378 nondum
1527 351 1666 393 tempus
1681 351 1786 391 esset,
1800 356 1868 379 non
1885 344 2069 394 oportebat
2085 347 2228 383 omnino

1242 401 1439 439 ascendere.
1462 404 1600 442 Verum
1618 417 1687 441 non
1705 403 1785 441 ideo
1804 404 1960 441 ascendit
1977 414 2016 442 ut
2036 415 2228 457 pateretur,

1243 462 1306 500 sed
1332 472 1370 500 ut
1397 462 1477 501 illos
1507 464 1676 503 erudiret.
1704 465 1776 502 Cur
1804 465 1896 502 clam
1931 466 2113 503 ascendit?
2139 469 2230 505 Nam

1242 533 1379 575 poterat
1402 525 1521 577 palam
1544 526 1731 564 ascendere
1754 535 1787 563 et
1815 526 1850 563 in
1880 527 1998 565 medio
2024 528 2227 577 consistere,

1243 584 1508 636 violentumque
1530 586 1676 624 illorum
1696 587 1867 639 impetum
1891 602 2062 637 coercere,
2083 598 2122 626 ut
2139 604 2230 641 szrpe

1242 646 1337 684 fecit.
1366 648 1438 686 Sed
1462 648 1601 686 nolebat
1620 648 1658 686 id
1681 649 1900 699 frequentius
1928 650 2053 687 facere.
2079 651 2171 688 Nam
2200 651 2230 688 si

1242 707 1361 759 palam
1391 709 1621 757 ascendisset,
1658 724 1851 760 rursusque
1882 710 1961 748 illos
1993 711 2093 761 quasi
2121 726 2230 749 caecos

1242 768 1487 819 continuisset,
1505 770 1733 809 divinitatem
1752 785 1852 808 suam
1865 771 1994 809 clarius
2010 772 2231 811 exhibuisset

1241 839 1322 867 ante
1337 839 1494 883 tempus,
1519 840 1551 869 et
1570 832 1684 883 magis
1710 832 1791 870 inde
1814 833 2001 870 revelasset
2025 847 2113 871 eam.
2139 834 2230 871 Cum

1242 904 1326 929 vero
1356 901 1524 944 putarent
1547 893 1601 930 illi
1629 893 1749 945 ipsum
1778 903 1875 932 metu
1906 893 2080 941 detineri,
2111 905 2229 933 contra

1241 953 1395 991 ostendit
1413 967 1448 992 se
1466 963 1500 992 et
1514 954 1665 993 fidenter
1686 965 1720 993 et
1738 956 1933 1008 prudenter
1955 970 2074 1007 agere,
2092 966 2124 994 et
2144 971 2230 1008 gna-

1240 1029 1323 1052 rum
1339 1015 1508 1067 temporis
1523 1030 1593 1066 quo
1606 1031 1777 1068 passurus
1794 1026 1882 1054 esset
1891 1032 1902 1067 3
1920 1017 1981 1054 illo
2000 1017 2226 1067 adveniente,

1241 1089 1277 1112 se
1309 1076 1403 1114 ultro
1439 1077 1700 1129 Jerosolymam
1737 1091 1986 1116 concessurum
2020 1092 2103 1116 esse.
2135 1079 2229 1116 Mihi

1241 1149 1347 1187 porro
1382 1137 1527 1175 videtur
1559 1138 1672 1188 illud,
1709 1141 1782 1176 Vos
1812 1141 2021 1186 ascendite,
2061 1140 2129 1177 hoc
2159 1140 2230 1178 sibi

1240 1197 1334 1235 velle
1351 1213 1359 1234 :
1380 1199 1432 1236 Ne
1446 1200 1578 1250 putetis
1595 1213 1652 1237 me
1673 1214 1735 1238 vos
1757 1214 1881 1251 cogere
1898 1209 1937 1238 ut
1958 1214 2098 1238 meeum
2126 1201 2230 1240 inviti

1241 1260 1411 1298 maneatis
1428 1276 1435 1297 ε
1456 1276 1537 1299 cum
1556 1271 1673 1300 autem
1695 1262 1810 1312 addit,
1833 1255 2015 1301 Nondum
2033 1265 2231 1315 impletum

1241 1330 1297 1359 est
1314 1330 1460 1374 tempus
1477 1338 1615 1371 meum,
1640 1324 1708 1361 hoc
1732 1324 1955 1375 significare,
1979 1326 2076 1376 quod
2098 1325 2231 1365 scilicet

1241 1392 1400 1434 oporteat
1420 1383 1521 1435 signa
1540 1384 1633 1435 ficri,
1652 1394 1686 1422 et
1701 1385 1885 1423 conciones
1900 1386 2040 1436 haberi,
2060 1386 2109 1424 ita
2130 1396 2166 1425 ut
2187 1403 2231 1426 ex

1240 1444 1374 1494 populo
1396 1444 1508 1482 multo
1523 1445 1645 1496 plures
1661 1445 1857 1496 crederent,
1875 1456 1909 1484 et
1923 1447 2092 1499 discipuli
2106 1448 2231 1487 viden-

1241 1512 1291 1541 tes
1315 1505 1547 1543 constantiam
1570 1506 1809 1558 fiduciamque
1834 1509 2002 1559 Magistri
2029 1510 2097 1560 sui,
2124 1520 2232 1561 atque

1241 1579 1298 1604 eos
1318 1581 1407 1617 quos
1423 1581 1548 1619 passus
1561 1577 1613 1606 est
1627 1568 1820 1620 cruciatus,
1838 1570 2013 1608 firmiores
2027 1571 2227 1610 evaderent.

1294 1629 1332 1666 5.
1365 1629 1423 1666 Ex
1451 1644 1556 1681 supra
1587 1630 1693 1668 dictis
1728 1645 1834 1683 porro
1866 1632 1941 1683 ejus
1975 1632 2229 1684 benignitatem
2266 1643 2432 1681 Benignflaz

1239 1699 1273 1727 et
1302 1691 1608 1730 mansuetudinem
1642 1692 1841 1731 ediseamus
1872 1709 1879 1729 ε
1911 1695 2060 1732 Discite
2094 1709 2119 1732 α
2154 1710 2225 1742 me,
2243 1685 2352 1754 giiii?
2367 1688 2430 1713 imi·

1239 1755 1333 1805 quia
1361 1756 1464 1792 mitis
1492 1768 1577 1793 sum
1602 1764 1639 1792 et
1660 1757 1819 1794 lmmilis
1844 1757 1958 1794 corde
1984 1772 1994 1792 .-
2022 1771 2231 1808 omnemque
2246 1748 2357 1796 Manli.
2381 1777 2430 1796 ιι,

1238 1815 1466 1853 acerbitatem
1489 1816 1752 1862 exscindamus.
1781 1817 1819 1855 Si
1845 1817 1925 1868 quis
1952 1818 2055 1857 nobis
2082 1819 2232 1857 insulta-
2247 1818 2296 1848 ²9·

1239 1877 1330 1915 verit
1340 1879 1367 1927 ,'
1387 1891 1451 1915 nos
1483 1878 1671 1917 humiliter
1701 1893 1870 1931 agamus,
1900 1880 1930 1918 si
1957 1880 2037 1931 quis
2070 1881 2233 1919 ferociter

1238 1938 1367 1989 egerit,
1390 1939 1509 1991 ipsum
1537 1940 1741 1992 mitigemus
1753 1956 1764 1990 3
1787 1941 1818 1978 si
1837 1941 2085 1992 momorderit,
2107 1942 2231 1980 tradu-

1240 1999 1333 2037 xerit
1356 2009 1390 2038 et
1415 2000 1593 2051 deriserit,
1616 2015 1659 2039 ne
1680 2001 1906 2054 dejiciamur,
1929 2016 2017 2041 neve
2046 2002 2161 2040 vicem
2176 2017 2229 2040 re-

1238 2061 1392 2114 pendere
1403 2062 1575 2113 aggressi,
1593 2076 1656 2100 nos
1668 2062 1762 2115 ipsos
1776 2062 1979 2114 perdamus.
1994 2064 2021 2100 F
2024 2077 2081 2100 era
2096 2063 2232 2116 quippe

1239 2132 1290 2161 est
1308 2123 1374 2172 ira,
1396 2124 1469 2161 fera
1485 2123 1673 2162 vehemens
1688 2132 1721 2161 et
1739 2123 1880 2162 ardens.
1901 2125 2093 2162 Cantemus
2114 2124 2232 2174 itaque

1239 2184 1341 2222 nobis
1379 2184 1512 2222 divinae
1555 2185 1748 2237 Scripturae
1783 2185 1955 2235 carmina,
1989 2194 2022 2222 et
2051 2185 2230 2222 dicamus:

1241 2245 1353 2283 Terra
1372 2254 1404 2282 et
1423 2245 1511 2283 einis
1530 2260 1580 2295 es,
1606 2247 1709 2296 Quid
1726 2248 1894 2298 superbit
1924 2255 2026 2284 terra
2047 2255 2085 2284 et
2099 2249 2196 2284 cinis
2213 2251 2229 2282 Ρ
2247 2255 2319 2282 Gen.
2331 2257 2361 2285 3.
2384 2267 2431 2297 19.

1238 2316 1286 2357 et,
1308 2310 1479 2359 Impetus
1500 2310 1581 2354 iroe,
1601 2311 1718 2345 ruina
1738 2317 1795 2346 est
1813 2309 1890 2353 im,-
1913 2317 1960 2358 et,
1985 2310 2054 2345 Vir
2072 2311 2228 2345 iracun-
2241 2296 2429 2373 ‘gat-Sis?

1238 2369 1324 2415 dus,
1351 2382 1430 2405 non
1448 2369 1641 2406 modestus
1657 2377 1726 2406 est.
1746 2369 1847 2406 Nihil
1864 2368 1957 2406 enim
1976 2368 2115 2420 turpius
2137 2368 2226 2405 furi-
2240 2357 2430 2417 stetini&

1236 2429 1360 2466 hundo
1378 2438 1537 2481 aspectu,
1564 2429 1656 2466 nihil
1676 2429 1864 2480 ingratius.
1889 2429 1997 2476 Quod
2018 2429 2047 2467 si
2065 2439 2223 2482 aspectu,
2241 2427 2318 2496 2323.

1237 2491 1350 2528 multo
1369 2490 1483 2541 magis
1509 2489 1641 2527 animo.
1666 2490 1980 2537 Quemadmodum
2005 2490 2101 2528 enim
2128 2505 2225 2528 com-
2244 2481 2292 2538 25¹,
2309 2479 2336 2497 v.
2359 2477 2407 2499 Μ’

1236 2561 1331 2590 moto
1352 2566 1450 2589 coeno
1480 2551 1582 2588 foetor
1610 2550 1822 2588 effunditur:
1843 2551 1893 2590 sic
1919 2552 2039 2590 animo
2070 2552 2122 2590 ira
2146 2567 2227 2604 per-

1235 2623 1344 2664 moto,
1379 2613 1491 2650 multa
1521 2613 1656 2650 orietur
1681 2613 1867 2665 turpitudo
1897 2624 1930 2652 et
1960 2614 2132 2652 molestia.
2163 2618 2223 2665 At,

1234 2675 1387 2725 inquies,
1403 2689 1472 2712 non
1485 2675 1558 2711 fero
1571 2675 1822 2712 contumeliam
1836 2676 1882 2713 ab
1898 2676 2053 2714 inimicis
2069 2676 2221 2714 illatam.

1235 2737 1331 2774 Cur?
1349 2751 1478 2787 quaeso.
1498 2737 1590 2774 Nam
1609 2736 1639 2774 si
1658 2751 1742 2774 vere
1759 2736 1862 2787 dicit,
1885 2738 1993 2775 etiam
2015 2752 2134 2776 coram
2160 2739 2223 2776 illo

1233 2798 1425 2850 compungi
1448 2806 1638 2849 oporteret,
1663 2807 1697 2835 et
1721 2798 1873 2850 gratiam
1899 2799 1969 2852 ipsi
1994 2800 2148 2849 habere3
2169 2800 2222 2837 sin

1233 2873 1316 2897 vero
1348 2858 1533 2909 mentitur,
1567 2859 1607 2896 id
1637 2868 1832 2897 contemne.
1862 2861 2058 2913 Paupercm
2091 2862 2221 2900 vocat?

1234 2920 1338 2958 Ride.
1357 2919 1557 2971 Ignobilem
1575 2920 1632 2958 vel
1651 2920 1801 2958 stultum
1819 2922 2005 2974 appellat?
2029 2922 2221 2973 Ingemisce

1232 2997 1298 3034 pro
1314 2982 1388 3019 illo.
1405 2983 1511 3031 Nam,
1535 2982 1614 3032 Qui
1629 2983 1721 3020 dicit
1733 2983 1856 3035 fratri
1870 2998 1952 3031 suO,
1973 2986 2112 3031 Fatue,
2133 2998 2219 3022 reus
2236 2990 2346 3018 -Uattlt-
2366 2991 2395 3020 5.

1231 3046 1302 3081 erit
1317 3045 1501 3096 gelzennoe
1525 3045 1638 3095 ignis.
1663 3043 1701 3081 Si
1721 3045 1973 3083 contumeliam
1996 3045 2136 3096 inferat,
2161 3060 2219 3083 co-
2234 3044 2285 3063 ²²·

1230 3106 1303 3157 gita
1331 3104 1549 3157 supplicium
1574 3103 1670 3155 quod
1702 3104 1821 3156 ipsum
1857 3115 1987 3155 manet,
2020 3120 2082 3144 nec
2110 3106 2216 3145 modo

1203 3234 1271 3262 τότε
1285 3230 1433 3270 μάλιστα·

1249 3290 1261 3304 c
1286 3279 1347 3312 Alii
1365 3282 1546 3324 ἐκκόψωμεν.

1250 3332 1262 3351 ⁴¹
1287 3331 1347 3365 Alii
1365 3335 1532 3374 κινουμένου
1549 3334 1708 3376 βορὲόρου.
