2481 3678
743 191 784 220 IN
827 188 1039 219 JOANNEM
1076 184 1232 216 HOMIL.
1276 186 1320 215 ΙΙΙ

95 276 214 325 ὃοικα,
248 277 382 328 μήποτε
415 271 640 324 ἀσθενεστέρα
674 275 778 322 “ἡμ“ι’ν
810 270 897 316 αὕτη
923 269 1065 320 γένηται
1093 270 1115 314 ἡ

94 354 144 376 σ’-
133 339 243 385 ουδή·
269 341 315 381 ὣς
335 337 366 375 εἴ
384 352 423 387 γε
444 333 605 386 ἐθοίῤῥουν
633 331 721 384 ὑπὲρ
736 334 859 378 αὐτῆς,
880 329 973 368 οὐνὲν
991 329 1030 366 ἂν
1051 329 1118 366 διε-

92 400 220 451 λέγθην
246 398 373 437 τούτων
389 400 468 447 υμῖν
483 409 560 432 νυν·
588 393 689 440 ἱκανὴ
717 393 784 444 γὰρ
801 391 886 438 αὕτη
906 391 1021 430 πάντα
1037 392 1117 441 ὑμῖν

94 462 125 497 5
112 459 315 512 ζευμαρίσαι
328 457 372 495 τὰ
391 456 495 531 ⁶51:de-M
476 471 596 493 νιιατα.
610 454 738 507 “Ώ.ρα
721 453 755 491 05
769 453 919 491 λοιπὸν
905 452 962 490 επὶ
980 450 1023 489 τὰ
1036 466 1118 504 προ-

93 520 236 571 κείμενα
264 519 413 570 τήμερον
440 516 547 564 ἰέναι,
580 514 670 552 ωστε
699 514 747 565 μὴ
783 513 1004 564 κεκμτκότας
1030 514 1120 562 ὑμας

93 580 324 633 προσὲάλλειν
346 585 416 622 τοῖς
437 581 579 626 ἀγῶσιν.
600 577 743 628 Ἀγῶνες
762 576 829 629 γὰρ
853 579 937 626 ἡμῖν
954 574 1119 628 πρόκειν-

93 657 152 679 ται
167 641 252 694 πρὸς
270 639 348 684 τοὺς
369 643 431 687 τῆς
451 638 612 685 ἀληθείας
631 636 788 690 ἐχθροὺς,
807 636 892 690 πρὸς
907 635 984 679 τοὺς
1005 635 1120 674 πάντα

96 701 384 754 μηχανωμένους,
419 700 509 738 ὥστε
534 700 690 737 καθελεῖν
720 697 782 745 τὴν
813 696 911 741 δόξαν
945 703 1004 736 τοῦ
1034 698 1121 736 Υἱοῦ

96 766 155 800 τοῦ
172 765 280 810 Θεοῦ,
304 763 434 813 μᾶλλον
455 761 490 799 δὲ
519 761 580 808 τὴν
607 759 807 798 ἑαυτῶν.(Η
834 759 894 809 μὲν
928 758 995 813 γὰρ
1029 759 1123 810 μένει

98 823 303 870 διαπαντὸς,
331 822 452 876 οἵαπέρ
467 825 576 870 ἐστιν,
597 820 691 860 οὐδὲν
718 820 817 874 παρὰ
835 824 898 867 τῆς
916 820 1123 872 βλασφήμου

97 883 254 936 γλώττης
268 884 518 935 ἐλαττουμένη·
540 887 662 922 ἐκεῖνοι
678 881 733 930 δὲ,
756 882 792 921 ὅν
810 898 894 935 φασι
907 886 1123 934 προσκυνεῖν,

98 947 253 984 καθελεῖν
285 945 552 993 σπουδάζοντες,
579 944 624 983 τὰ
645 943 816 996 πρόσωπα
843 945 954 981 αὐτῶν
982 942 1125 994 ἀτιμίας

98 1008 269 1059 πληροῦσι
285 1007 345 1044 καὶ
363 1006 538 1050 κολάσεως
559 1005 621 1053 τὴν
636 1004 764 1058 ψυχήν.
785 1004 877 1043 Τίνα
898 999 954 1042 οὖν
987 1006 1078 1042 ἐστιν
1103 1004 1125 1042 ἅ

98 1081 214 1117 φασιν,
234 1068 334 1116 ἡμῶν
355 1070 465 1103 ταῦτα
487 1065 669 1117 λεγόντων,
695 1067 833 1112 ἐκεῖνοι,
860 1063 946 1102 εΌτι
972 1064 1031 1112 τὸ,
1062 1063 1123 1102 Ἐν

100 1128 192 1201 ἀρχῇ
208 1120 249 1172 ἦν
264 1130 281 1164 ὃ
302 1126 430 1178 Λόγος,
446 1129 483 1164 οὐ
503 1126 542 1164 τὸ
567 1124 674 1164 ἀίδιον
697 1126 865 1164 δείκνυσιν
881 1127 899 1146 *
912 1125 1047 1168 ἁπλῶς·
1066 1124 1126 1163 καί

100 1184 167 1237 γὰρ
185 1184 244 1222 καὶ
262 1185 341 1237 περὶ
372 1187 514 1237 οὐρανου
528 1200 626 1223 τουτο
645 1185 704 1222 καὶ
733 1209 752 1222 ,
728 1200 808 1237 ερι
828 1201 892 1235 γης
919 1183 1057 1235 ἐλεχθη.
1076 1182 1125 1222 Ὢ

100 1249 162 1292 τ’ἧς
186 1245 430 1298 ἀναισχυντίας
459 1262 519 1283 και
549 1249 610 1291 τῆς
640 1248 698 1283 ἀνε
700 1244 864 1288 υλαοείας
894 1262 955 1291 της
983 1247 1125 1292 πολλῆς.

102 1307 193 1359 Περι
216 1309 306 1346 Θεοῦ
329 1323 382 1345 σοι
411 1306 634 1358 διαλέγομαι,
654 1323 713 1344 και
744 1305 784 1344 σύ
812 1321 870 1357 μοι
893 1305 955 1353 τὶν
975 1309 1038 1358 γῆν
1064 1307 1127 1358 φέ-

105 1384 172 1420 ρεις
194 1370 241 1411 εἷς
271 1368 392 1419 μέσον,
415 1367 475 1406 καὶ
510 1366 588 1410 τοὺς
622 1368 691 1406 ἀπὸ
716 1370 778 1414 τῆς
811 1371 874 1419 γῆς
905 1368 1127 1420 ἀνΟρώπους;

103 1428 266 1468 ιὈὐκοῦν
294 1429 411 1476 ἐπειδὴ
447 1429 528 1472 Υἱὸς
562 1430 654 1467 Θεοῦ
681 1431 698 1466 ὃ
722 1429 873 1480 Χριστὸς
901 1428 1041 1480 λέγεται
1067 1431 1127 1469 καὶ

103 1490 211 1537 Θεὸς,
235 1489 293 1528 καὶ
321 1492 338 1527 ὃ
368 1489 546 1540 ἅνθρωπος
572 1488 655 1533 Υἱὸς
683 1490 774 1527 Θεοῦ
797 1488 935 1539 λέγεται
962 1490 1022 1527 καὶ
1057 1491 1129 1535 θεός

102 1550 221 1602 (Ἐγὼ
241 1550 309 1603 γὰρ
338 1544 438 1598 εἶπα,
455 1550 524 1588 Οεοί
543 1553 636 1598 ἐστε,
665 1549 766 1601 φησὶ,
790 1548 850 1588 καὶ
869 1551 936 1588 υἱοὶ
960 1550 1128 1604 Ἵ”ψίστου

103 1612 269 1660 πάντες),
298 1610 548 1663 φιλονεικήσεις
569 1614 618 1664 τῷ
646 1613 834 1662 Μονογενεῖ
861 1614 923 1658 τῆς
955 1611 1131 1662 υἱότητος,

104 1673 163 1712 καὶ
196 1672 290 1712 οὐδὲν
305 1672 425 1725 φήσεις
454 1673 554 1710 αὐτὸν
580 1672 671 1724 ἔχειν
693 1671 784 1710 κατὰ
801 1672 903 1712 τοῦτο’
924 1689 984 1712 σου
1005 1674 1128 1724 πλέον;

104 1735 295 1785 Οὐδαμῶς,
324 1734 420 1786 φησί.
443 1734 514 1772 Καὶ
549 1733 617 1785 μὴν
639 1737 738 1772 τοῦτο
757 1741 883 1782 ποιεῖς,
912 1735 976 1773 κᾶν
1005 1735 1052 1787 μὴ
1079 1740 1129 1791 τῷ

104 1796 195 1848 λόγῳ
211 1796 326 1848 λέγῃς.
346 1797 470 1843 θΠῶς
484 1795 569 1834 “Ort
589 1811 647 1834 και
663 1811 702 1833 συ
718 1795 839 1850 γάριτι
858 1795 924 1849 φῂς
940 1800 1003 1843 τῆς
1021 1800 1129 1837 υἱοθε-

105 1857 184 1901 σίας
204 1857 445 1909 μετειληφεναι
470 1873 530 1895 και
558 1857 658 1896 αὐτον
675 1855 782 1895 ουτω·
808 1874 858 1910 τῳ
874 1857 942 1909 γὰρ
963 1858 1011 1909 μὴ
1033 1859 1131 1912 φύσει

103 1918 216 1970 λέγειν
241 1919 340 1957 αὐτὸν
363 1919 434 1957 υἱον
461 1917 555 1957 οὖόεν
577 1918 691 1970 ἕτερον
719 1917 740 1963 ἢ
761 1918 881 1971 ’χάριτι
911 1922 996 1957 εἶναι
1031 1936 1130 1959 τουτο

104 1980 387 2024 κατασκευάζεις.
403 1979 477 2018 Πλ
462 1996 503 2026 ην
521 1979 628 2018 ἀλλ”’
616 1994 741 2030 ιουμεν
758 1979 816 2017 καὶ
839 1978 901 2023 τὰς
922 1981 1134 2033 μαρτυρίας,

548 2040 609 2078 Ἐν
639 2043 753 2092 ἀρχῇ,
777 2040 893 2093 φησὶν,
924 2040 1084 2089 ἐποίησεν
1113 2046 1131 2081 ὃ

104 2103 192 2146 Θεὸς
215 2102 272 2140 τὸν
295 2102 436 2154 οὐρανὸν
465 2101 525 2139 καὶ
553 2100 616 2147 τὴν
642 2103 719 2153 γῆν.
739 2101 783 2139 ‘H
807 2100 842 2139 δὲ
858 2105 901 2153 γῆ
922 2096 964 2148 ἦν
987 2102 1130 2154 ἀόρατος

104 2163 164 2201 καὶ
196 2162 508 2206 ἀκατασκεύαστος.
529 2162 612 2209 Καὶ,
628 2155 698 2200 ῗΗν
726 2162 906 2215 ἄνθρωπος
935 2162 968 2207 ἐξ
996 2163 1130 2217 Ἀρμα-

104 2043 145 2087 ἃς
177 2041 392 2094 παράγουσιν
420 2045 441 2088 ἡ
448 2046 518 2091 μῖν.

104 2225 190 2276 Οαὶμ
210 2226 315 2277 Σιφᾶ.
337 2225 460 2264 Ταῦτά
486 2227 576 2263 ἐστιν
606 2223 627 2261 ἃ
655 2223 849 2275 νομίζουσιν
876 2228 963 2262 εἰναι
992 2225 1129 2277 ἷσγυρά.

103 2287 174 2326 Καὶ
204 2287 295 2325 ἔστιν
317 2286 465 2339 ἰσίυρά’
487 2287 563 2324 ἀλλ’
583 2287 629 2330 εἷς
649 2302 688 2324 το
713 2285 821 2329 οεῖξαι
846 2284 909 2332 τὴν
930 2289 1013 2339 παρ’
1029 2290 1129 2337 ἡμῶν

101 2348 289 2399 λεγομένην
321 2347 491 2400 ὀρθότητα
506 2350 574 2385 τῶν
596 2346 799 2399 δογμάτων·
829 2346 914 2399 πρὸς
937 2346 972 2386 δὲ
995 2348 1034 2386 τὸ
1049 2351 1131 2395 στῆ-

104 2426 162 2448 σαι
187 2409 250 2455 τὴν
273 2409 497 2461 βλασφναίαν
522 2411 634 2447 αὐτῶν
663 2407 891 2461 ἀσθενέστεροί
913 2425 988 2452 πως
1021 2410 1132 2448 ἁπάν-

102 2487 183 2508 τι.),’
209 2470 257 2508 Ἰί
274 2487 362 2521 γαρ,
383 2469 458 2507 εἶπέ
474 2487 552 2520 μοι,
577 2485 689 2508 κοινον
714 2468 786 2520 ἔγει
802 2485 887 2522 προς
901 2470 958 2516 τὸ,
988 2469 1131 2517 Ἐποίη·

104 2547 160 2577 σε,
174 2547 213 2569 το
227 2559 237 2578 ,
261 2533 344 2576 Ἤν;
362 2530 396 2567 τί
417 2530 451 2568 οὲ
471 2533 488 2567 ὃ
507 2531 596 2573 Θεος
621 2546 707 2581 προς
726 2529 783 2567 τὸν
810 2530 1008 2582 ἄνθρωπον,
1028 2530 1075 2568 Τί
1089 2531 1133 2569 τὰ

105 2592 238 2629 ἄμικτα
255 2590 428 2641 μιγνύεις,
446 2590 506 2628 και
526 2607 565 2628 συ
568 2596 663 2641 [[εῖς
680 2589 725 2627 τα
747 2589 990 2642 οιαιρούμενα,
1010 2606 1068 2628 και
1089 2590 1133 2628 τα

105 2652 177 2690 ἅνω
194 2651 238 2690 τὰ
266 2652 363 2690 κάτω
384 2657 514 2698 ποιεῖς,
536 2652 708 2688 Ἐνταῦθα
733 2650 801 2703 γὰρ
825 2650 881 2698 τὸ,
896 2644 979 2698 ῗΗν,
1006 2654 1043 2690 οὗ
1067 2652 1132 2690 δεί-

104 2728 202 2751 κνυσι
219 2713 259 2751 τὸ
279 2710 387 2751 ἀίδιον
409 2712 524 2762 μόνον,
548 2710 638 2749 ἀλλὰ
665 2710 796 2758 καὶτὸ,
814 2710 874 2748 Ἐν
891 2713 982 2765 ἀρχῇ
1004 2706 1058 2759 ἦν,
1073 2713 1132 2750 καὶ

103 2774 160 2822 τὸ,
181 2773 226 2812 ‘O
254 2773 365 2825 Λόγος
394 2767 448 2819 ἦν.
470 2771 610 2825 ςΏσπερ
627 2765 683 2810 οὖν
698 2772 738 2810 τὸ
752 2802 762 2819 ,
788 2770 848 2819 ὧν,
875 2772 955 2809 ὅταν
974 2771 1035 2821 μὲν
1052 2772 1132 2826 περὶ

104 2833 285 2888 ἀνθρώπου
299 2835 464 2886 λέγηται,
485 2833 542 2871 τὸν
564 2835 735 2872 ἐνεστῶτα
755 2832 878 2886 χρόνον
897 2834 994 2880 δηλοῖ
1009 2832 1110 2884 μόνον
1123 2849 1130 2856 ·

102 2894 183 2933 ὅταν
208 2895 244 2934 δὲ
273 2896 374 2947 ampl
405 2897 514 2942 Θεοῦ,
541 2894 581 2932 το
603 2892 711 2932 ἀΐδιον
741 2893 912 2932 δείκνυσιν
927 2909 934 2917 ·
958 2893 1048 2932 οὕτω
1072 2894 1131 2932 καὶ

102 2955 160 3003 τὸ,
179 2949 263 3004 τΗν,
289 2955 368 3008 περὶ
397 2954 458 3006 μὲν
480 2958 542 3001 τῆς
567 2953 739 3006 ἡμετέρας
774 2954 958 3006 λεγόμενον
975 2953 1130 3007 φύσεως,

101 3023 158 3061 τὸν
199 3023 416 3076 παρελθόντα
456 3022 619 3073 σημαίνει
657 3022 779 3075 ’χρόνον
809 3026 907 3073 ἡμῖν,
933 3038 992 3060 και
1029 3021 1130 3059 αυτὸν

985 3089 994 3100 x
1030 3086 1078 3103 ’.ικ

102 3105 219 3128 τοῦτον
239 3105 547 3142 πεπερατυμειθθν·
571 3089 654 3129 0⁶⁸0(oe
677 3105 711 3128 05
733 3090 812 3143 περὶ
828 3091 942 3136 ΘΕΟυ,
962 3105 1002 3127 'to
1021 3103 1076 3126 ato
1082 3103 1129 3126 tov

149 3237 160 3251 ἢ
188 3232 268 3269 ἡμῖν.
289 3226 389 3260 Savil.
408 3229 592 3270 suspicatur
621 3228 798 3272 legendum
825 3230 910 3270 ὑμῖν,
930 3225 986 3259 sed
1005 3227 1115 3259 omnia

105 3281 304 3323 exemplaria
324 3285 394 3322 ἡμῖν
410 3279 545 3312 liabent.

150 3334 165 3349 ἰ
191 3334 201 3375 [
216 3335 277 3365 ΓῚὈ
291 3332 566 3377 ἀπ).ῶςέ11ἰίζ,;ησί.]

152 3387 168 3410 b
196 3385 273 3416 Haec
301 3383 434 3416 brevius
461 3384 569 3416 efferri
602 3395 694 3425 posse
725 3385 932 3426 suspicantur
958 3383 1058 3418 smil.
1086 3393 1114 3415 ι·ι

1331 206 1339 216 .
1378 169 1439 215 ul.
1480 186 1507 215 ιι
2112 190 2159 218 21

1187 265 1325 304 felicem
1344 267 1482 304 exitum
1513 265 1660 315 habeat,
1677 278 1760 304 nam
1778 266 1807 304 si
1829 266 1916 305 fisus
1936 280 2044 305 essem
2057 298 2066 316 ‚
2085 282 2169 306 neu-

1187 327 1322 379 tiquam
1344 342 1407 367 vos
1426 328 1481 365 his
1505 327 1550 365 de
1580 327 1685 367 rebus
1709 328 1914 379 alloquutus
1939 342 2060 365 essem.
2078 331 2172 368 Satis

1143 395 1166 424 B
1189 399 1279 428 certe
1297 400 1379 428 sunt
1404 405 1482 441 quae
1515 390 1695 440 diximus,
1724 400 1763 428 ut
1790 391 1907 428 omnia
1932 391 2034 429 vobis
2056 392 2172 430 facilia

1187 451 1394 490 reddantur.
1416 453 1575 504 Tempus
1592 461 1709 489 autem
1731 461 1780 490 est
1797 461 1835 489 ut
1854 451 1899 489 ad
1923 466 1997 489 rem
2015 454 2173 504 proposi-

1188 521 1262 550 tam
1276 512 1475 563 veniamus,
1493 527 1537 550 ne
1554 527 1618 552 vos
1633 512 1761 551 defessi
1775 513 1851 551 haec
1866 513 2056 550 certamina
2070 513 2175 551 adea-

1190 573 1245 611 tis.
1269 573 1470 611 Certamina
1492 573 1624 626 quippe
1653 573 1754 611 nobis
1782 582 1941 625 prostant
1965 583 2085 612 contra
2107 589 2173 613 ve—

1190 635 1304 673 ritatis
1324 635 1442 673 hostes
1456 666 1465 682 ,
1483 645 1602 674 contra
1622 649 1678 673 eos
1709 635 1770 686 qui
1788 634 1880 672 nihil
1899 649 1967 672 non
1989 645 2115 686 agunt,
2136 645 2175 673 ut

1192 696 1275 734 Filii
1294 697 1359 735 Dei
1381 697 1546 748 gloriam,
1562 696 1634 734 imo
1657 696 1774 748 potius
1790 710 1891 734 suam
1914 695 2092 748 dejiciant.
2109 697 2177 735 Illa

1192 757 1325 810 quippe
1344 772 1482 810 semper
1500 767 1618 795 manet
1634 766 1673 794 ut
1693 766 1755 806 est,
1775 756 1866 794 nihil
1886 772 1948 810 per
1966 757 2177 796 maledicam

1191 819 1351 871 linguam
1369 820 1559 858 imminuta
1577 835 1585 856 :
1602 819 1656 857 illi
1672 834 1767 868 vero,
1787 819 1875 857 dum
1904 833 1997 869 eum,
2018 834 2122 870 quem
2142 835 2179 858 se

1192 880 1338 919 adorare
1355 881 1493 931 dicunt,
1509 891 1728 934 prosternere
1746 880 1900 925 student,
1917 881 2058 919 vultum
2073 896 2179 919 suum

1192 941 1338 979 infamia
1365 943 1522 995 replent,
1551 951 1585 980 et
1606 942 1762 980 animam
1792 942 1967 994 supplicio
1994 942 2176 980 addicunt.

1192 1003 1364 1050 Quaenam
1392 1018 1475 1056 ergo
1504 1003 1629 1041 dicunt
1657 1003 1726 1051 illi,
1755 1002 1842 1040 dum
1862 1017 1924 1040 nos
1940 1002 2015 1040 haec
2030 1003 2180 1055 proferi-

1149 1066 1172 1096 C
1193 1065 1303 1103 mus?
1332 1064 1449 1115 Illud,
1476 1068 1525 1103 In
1556 1066 1744 1116 principio
1779 1072 1861 1101 erat
1895 1064 2075 1111 Verbum,
2109 1078 2178 1101 non

1193 1126 1422 1164 aeternitatem
1438 1126 1646 1179 simpliciter
1661 1125 1818 1163 indicare
1831 1141 1838 1162 ε
1851 1139 1934 1163 nam
1948 1125 2017 1163 hoc
2035 1125 2079 1164 de
2094 1127 2178 1164 caelo

2194 1125 2259 1141 rum

2195 1156 2290 1183 Verbo
2317 1164 2382 1182 sen-

2220 1072 2381 1100 Haeretico-

2344 1114 2381 1141 de

1191 1187 1298 1224 etiam
1319 1196 1352 1224 et
1380 1186 1426 1224 de
1444 1196 1537 1224 terra
1557 1186 1696 1224 dictum
1713 1186 1792 1224 fuit.
1816 1187 1847 1223 O
1868 1186 2126 1239 impudentiam
2146 1197 2180 1226 et
2196 1198 2296 1226 tentia.

1193 1248 1412 1300 impietatem
1442 1248 1619 1299 ingentem
1636 1246 1644 1286 l
1664 1250 1718 1285 De
1740 1249 1814 1286 Deo
1835 1257 1869 1286 te
1894 1249 2068 1299 alloquor,
2090 1259 2123 1287 et
2141 1259 2181 1288 tu

1195 1309 1284 1347 mihi
1298 1318 1427 1347 terram
1445 1318 1478 1347 et
1497 1309 1659 1347 homines
1677 1319 1770 1347 terra
1803 1318 1897 1348 ortos
1926 1311 2029 1348 affers
2048 1311 2084 1349 in
2103 1325 2181 1350 me-

1195 1368 1327 1407 dium?
1362 1369 1460 1420 Ergo
1489 1369 1574 1420 quia
1606 1370 1768 1408 Christus
1808 1370 1922 1408 Filius
1953 1371 2020 1408 Dei
2049 1372 2183 1411 dieitur

1198 1439 1231 1467 et
1262 1432 1374 1477 Deus,
1406 1440 1440 1468 et
1469 1431 1576 1468 homo
1610 1430 1778 1468 similiter
1810 1431 1907 1469 filius
1936 1432 2003 1469 Dei
2036 1443 2070 1471 et
2096 1434 2183 1472 deus

1195 1490 1411 1543 praedicatur
1426 1494 1531 1538 (nam
1553 1492 1639 1542 Ego
1659 1492 1756 1538 dixi,
1790 1490 1932 1541 inquit,
1952 1493 2007 1529 dii
2026 1497 2128 1539 estis,
2148 1505 2186 1532 et
2200 1501 2382 1535 Psal.81.6.

1190 1553 1270 1604 filii
1304 1552 1465 1590 Excelsi
1490 1555 1662 1601 omnes),
1683 1565 1764 1588 cum
1786 1551 1979 1602 Unigenito
2000 1555 2185 1594 contendes

1197 1611 1242 1650 de
1272 1611 1458 1660 filiatione,
1487 1620 1520 1649 et
1550 1611 1644 1649 dices
1662 1610 1782 1664 ipsum
1810 1611 1902 1649 nihil
1934 1612 2016 1664 plus
2036 1614 2185 1665 habere,

1199 1688 1307 1725 quam
1339 1683 1379 1712 tu
1406 1673 1567 1710 habeas?
1587 1673 1836 1724 Nequaquam,
1862 1673 1924 1710 ait.
1957 1675 2064 1725 Atqui
2095 1676 2187 1714 illud

1198 1735 1319 1788 ipsum
1338 1735 1427 1787 agis,
1446 1734 1511 1772 etsi
1525 1748 1593 1772 non
1612 1734 1722 1772 dicas.
1741 1734 1954 1780 Quomodo?
1970 1736 2064 1782 Quia
2083 1737 2185 1785 dicis,

1200 1806 1233 1834 te
1253 1811 1315 1849 pei
1336 1797 1487 1848 gratiam
1513 1795 1738 1848 adoptionem
1760 1796 1979 1848 pelcepisse‚
2000 1798 2188 1849 ipsumque

1156 1859 1179 1888 D
1201 1859 1389 1897 similiter:
1404 1873 1484 1896 cum
1505 1866 1623 1895 autem
1649 1857 1774 1895 dicis
1765 1872 1884 1910 ipsum
1908 1872 1977 1896 non
1998 1869 2122 1898 natura
2138 1861 2187 1898 fi—

1201 1921 1291 1959 lium
1310 1935 1405 1972 esse,
1427 1920 1520 1958 nihil
1538 1919 1640 1957 aliud
1658 1935 1701 1972 Pl
1704 1920 1807 1967 obas,
1831 1934 1937 1970 quam
1956 1936 2019 1973 pex
2037 1923 2189 1973 g1atiam

1202 1984 1319 2022 filium
1335 1999 1421 2022 esse
1433 1985 1610 2022 Caeterum
1627 1982 1813 2021 videamus
1833 1997 1883 2032 ea,
1895 1998 1973 2034 quae
1990 1985 2091 2023 nobis
2103 1987 2188 2024 affe-

1201 2056 1284 2085 runt
1298 2045 1497 2085 testimonia
1514 2062 1521 2082 2
1537 2049 1585 2084 In
1609 2041 1910 2099 principiosecit
1930 2047 2036 2085 Deus
2052 2049 2185 2086 caelum
2203 2060 2385 2087 Gen.1.1.2.

1201 2117 1237 2146 et
1259 2117 1414 2146 terram.
1444 2109 1560 2145 Terra
1586 2116 1713 2144 autem
1746 2116 1827 2145 erat
1848 2108 2052 2146 invisibilis
2071 2119 2109 2147 et
2130 2111 2187 2148 ιἠ-

1201 2172 1422 2221 composita.
1438 2168 1506 2218 Et,
1528 2169 1629 2207 Erat
1649 2169 1763 2205 homo
1788 2182 1835 2206 ex
1854 2168 2103 2208 Armathaim
2122 2171 2187 2209 Si-
2206 2191 2216 2210 1
2232 2181 2386 2219 Regum.

1198 2232 1289 2282 pha.
1319 2231 1403 2267 Haec
1437 2229 1523 2281 ipsis
1556 2229 1659 2267 firma
1693 2228 1874 2267 videntur.
1897 2230 1945 2269 Et
1970 2245 2051 2270 vere
2083 2232 2188 2270 firma

1200 2301 1295 2340 sunt,
1317 2291 1379 2330 sed
1397 2291 1443 2329 ad
1460 2290 1771 2329 demonstrandam
1792 2291 1961 2330 doctrinae
1983 2302 2109 2330 nostrae
2129 2308 2188 2332 ve-

1199 2353 1342 2391 ritatem
1359 2368 1367 2389 :
1384 2366 1466 2390 nam
1496 2351 1541 2389 ad
1567 2351 1714 2389 illorum
1740 2351 1999 2402 blasphemiam
2026 2367 2187 2405 compro-

1200 2413 1355 2452 bandam
1389 2413 1550 2451 omnium
1579 2412 1797 2449 debilissima
1820 2420 1912 2448 sunt.
1947 2412 2046 2458 Quid
2078 2413 2186 2462 enim,

1201 2488 1332 2526 quaeso,
1363 2487 1548 2511 commune
1574 2472 1681 2509 habet
1712 2470 1824 2520 illud,
1845 2474 1969 2521 Fecit,
2000 2487 2082 2511 cum
2100 2474 2185 2524 illo,

1203 2537 1301 2573 Erat
1318 2534 1436 2585 Pquid
1465 2535 1561 2571 Deus
1594 2546 1675 2570 cum
1703 2531 1876 2570 homine?
1896 2533 1970 2570 Cur
1998 2548 2037 2572 ea
2063 2535 2188 2574 misces

1202 2610 1280 2647 quae
1298 2595 1438 2632 misceri
1456 2608 1525 2632 non
1558 2598 1734 2646 possunt?
1753 2607 1816 2631 cur
1840 2594 2027 2633 confundis
2046 2610 2086 2634 ea
2109 2611 2187 2648 quae

1201 2657 1318 2695 divisa
1337 2665 1440 2703 sunt,
1462 2664 1496 2693 et
1516 2669 1594 2706 quae
1613 2669 1768 2705 sursum,
1789 2654 1955 2693 deorsum
1974 2657 2104 2708 ponis?
2120 2658 2188 2696 Hic

1201 2717 1296 2755 enim
1325 2715 1437 2765 illud,
1464 2718 1580 2765 Erat,
1609 2729 1680 2753 non
1707 2716 1938 2754 aeternitatem
1966 2717 2134 2768 ostendit,
2158 2719 2188 2756 si

1201 2780 1317 2817 solum
1340 2787 1516 2831 spectetur
1526 2793 1538 2828 5
1570 2777 1632 2816 sed
1663 2777 1693 2815 si
1725 2777 1878 2815 addatur
1906 2792 1988 2816 cum
2015 2779 2110 2829 illis,
2138 2783 2188 2817 In

1152 2863 1182 2887 19
1198 2843 1387 2892 principio
1414 2848 1511 2890 erat,
1540 2848 1587 2887 et,
1618 2840 1793 2878 Verbum
1827 2848 1918 2877 erat.
1947 2840 2188 2886 Quemadmo-

1155 2900 1181 2929 Α
1200 2900 1287 2938 dum
1317 2914 1400 2952 ergo
1430 2899 1545 2949 illud,
1565 2899 1675 2948 Esse,
1696 2913 1777 2937 cum
1807 2899 1851 2936 de
1878 2900 2022 2938 homine
2042 2900 2187 2944 dicitur,

1200 2976 1351 3015 praesens
1378 2970 1518 3000 tantum
1551 2961 1685 2998 indicat
1716 2969 1874 3013 tempus;
1896 2975 1977 2999 cum
2009 2970 2124 2998 autem
2145 2961 2188 2999 de

1200 3025 1290 3075 Deo,
1311 3023 1540 3062 aeternitatem
1559 3022 1777 3060 demonstrat
1796 3038 1803 3058 ε
1824 3023 1874 3060 sic
1893 3032 1926 3061 et
1947 3023 2049 3069 illud,
2071 3024 2185 3071 Erat,

1200 3086 1245 3125 de
1268 3095 1385 3125 nostra
1414 3085 1550 3123 dictum
1582 3093 1722 3135 natura,
1745 3085 1963 3136 praeteritum
1985 3094 2123 3137 tempus
2142 3085 2188 3123 si—

1182 3227 1329 3268 Boisius,
1348 3224 1405 3257 sed
1422 3224 1527 3266 locus,
1544 3226 1577 3256 ni
1593 3223 1702 3266 fallor,
1720 3223 1802 3256 bene
1820 3223 1930 3256 hahet.

1979 3278 2048 3310 εἶναι
2066 3279 2162 3309 αὑτὸν,

1227 3342 1239 3355 ⁷·
1266 3330 1319 3362 Sic
1336 3328 1436 3362 Saxil.
1456 3337 1488 3360 et
1505 3339 1619 3360 omnes
1636 3340 1716 3371 pene
1732 3329 1806 3360 Mss.
1827 3327 1940 3360 Morel.
1960 3333 2026 3371 περὶ
2046 3334 2121 3366 θεοῦ,
2141 3335 2187 3363 τὰ,

1228 3286 1239 3298 ⁰
1261 3277 1324 3309 Alli
1338 3288 1415 3319 πῶς,
1431 3282 1503 3311 ὅταν
1519 3283 1576 3323 γὰρ
1594 3282 1652 3311 zai.
1668 3277 1742 3308 Mox
1757 3275 1811 3308 alii
1824 3282 1867 3318 μὴ
1886 3278 1964 3318 φύσει

1181 3388 1228 3417 <iii
1246 3389 1294 3416 καὶ
1307 3386 1484 3419 &lanz-aris
1506 3384 1592 3415 037⁵».
