2481 3678
102 2515 190 2543 Psal.
207 2513 258 2553 95.

108 2564 154 2582 10.

104 2597 224 2633 I's.1l.7.
243 2606 287 2625 12.

300 200 391 247 266

295 299 385 336 dum
397 312 417 336 a
433 297 568 338 Judaeis
577 313 589 349 3
607 297 692 336 audi
702 311 773 350 quo
790 307 894 351 pacto
908 298 986 337 haec
1000 299 1154 351 proferat
1177 297 1281 336 audi-

296 368 415 398 torum
434 359 635 398 infirmitati
654 373 690 398 se
720 369 966 412 attemperans.
994 361 1057 398 50.
1084 362 1176 398 Non
1196 374 1281 412 pos-

298 433 384 458 sum
405 434 472 472 ego
493 434 519 457 a
534 421 826 472 meipsofacere
845 421 1071 472 quidquam.
1094 420 1198 458 Sicut
1214 434 1282 458 αιι-

297 482 375 528 dio,
392 482 542 533 judico,
572 489 608 518 et
634 481 827 533 judicium
858 494 983 518 meum
1012 483 1163 532 justum
1199 490 1280 532 est,

298 545 392 593 quia
413 556 489 578 non
509 555 638 593 qzcoero
650 542 896 579 ‘voluntatem
908 555 1047 588 meam,
1066 543 1134 579 sed
1144 543 1284 580 volun-

298 611 416 640 tatem
436 605 517 655 ejus
540 606 606 655 qui
620 605 723 640 misit
739 616 811 640 me.
832 602 939 653 Atqui
959 616 1029 640 non
1045 617 1197 655 parvum
1208 604 1285 655 jam

295 663 440 701 dederat
471 662 737 701 resurrectionis
753 672 1016 714 argumentum,
1044 677 1125 701 cum
1142 664 1286 717 paraly-

296 724 407 762 ticum
426 724 576 763 sanavit.
605 723 760 774 Ideoque
775 737 844 761 non
863 733 946 762 ante
969 723 1014 762 de
1032 725 1286 763 resurrectione

296 785 464 836 loquutus
492 794 556 834 est,
575 799 682 836 quam
705 785 773 823 hoc
797 784 944 834 fecisset,
967 785 1062 836 quod
1088 800 1109 822 a
1131 800 1286 824 resurre-

297 846 411 884 ctione
425 860 494 883 non
510 845 666 884 multum
678 846 798 884 aberat
818 862 826 882 ε
837 845 1017 898 judicium
1030 861 1113 885 vero
1132 856 1212 898 post
1225 861 1287 884 cu-
1305 852 1329 882 Β

297 916 415 944 ratum
430 921 559 959 corpus
573 907 815 946 subindicavit
828 907 884 946 his
897 907 1014 945 verbis
1029 923 1036 944 :
1051 909 1153 945 Ecce
1167 922 1286 946 sanus

285 968 425 1019 sactus
441 981 504 1014 ες,-
518 970 606 1020 jam
625 969 704 1006 noli
728 982 904 1020 peccare,
940 983 987 1006 ne
1015 969 1181 1007 deterius
1217 971 1286 1007 tibi

296 1029 452 1080 aliquid
487 1032 700 1081 contingat.
724 1032 888 1067 Attamen
922 1038 957 1067 et
986 1029 1108 1067 Lazari
1136 1039 1169 1067 et
1191 1030 1287 1068 orbis

296 1097 469 1126 terrarum
489 1089 782 1127 resurrectionem
802 1088 979 1141 praedicit.
1012 1089 1058 1126 Et
1081 1090 1165 1139 quia
1182 1089 1287 1127 hasce

295 1149 384 1186 duas
402 1150 672 1187 resurrectiones
686 1149 868 1200 praedixit,
886 1149 1009 1186 Lazari
1029 1163 1107 1199 quae
1125 1163 1211 1187 mox
1231 1150 1286 1186 fu-

296 1218 375 1246 tura
396 1219 482 1257 erat,
505 1219 539 1247 et
558 1210 656 1248 orbis
677 1219 855 1247 terrarum
873 1209 938 1247 diu
964 1219 1085 1262 postea
1110 1210 1285 1260 suturam3

297 1270 422 1308 Lazari
447 1270 740 1308 resurrectionem
776 1285 838 1322 per
868 1270 1110 1323 paralyticum
1140 1270 1287 1320 indicat,

296 1331 563 1383 quamprimum
578 1332 751 1381 futuram,
779 1333 892 1370 Venit
908 1333 1005 1370 hora
1025 1341 1062 1369 et
1082 1345 1184 1370 nunc
1206 1341 1262 1370 est
1271 1349 1286 1379 ;

297 1392 533 1431 universalem
565 1402 682 1430 autem
705 1408 749 1431 ex
779 1392 904 1430 Lazari
928 1393 1199 1441 resurreetione,
1225 1407 1288 1445 per

296 1467 335 1490 ea
355 1468 431 1504 quae
451 1454 543 1491 sacta
574 1454 727 1501 fuerant,
760 1453 919 1492 nondum
953 1463 1048 1505 gesta
1072 1454 1139 1492 suh
1167 1453 1288 1493 oculos

296 1514 487 1552 adducens.
512 1515 619 1561 Quod
649 1515 766 1567 ipsum
795 1515 929 1566 ubique
955 1516 1067 1553 facere
1097 1514 1285 1554 videmus:

296 1575 384 1613 dum
400 1575 489 1613 duas
509 1576 565 1615 vel
579 1585 648 1613 tres
666 1576 914 1628 praedictiones
929 1576 1107 1628 proponit,
1119 1585 1152 1614 et
1166 1576 1288 1614 futura
1308 1579 1332 1610 C

297 1650 342 1674 ex
361 1636 467 1687 gestis
487 1636 673 1674 eredibilia
689 1636 818 1674 reddit.

760 218 798 246 S.

354 1884 391 1921 4.
422 1883 584 1921 Attamen
616 1881 674 1920 his
700 1880 806 1919 dietis
835 1888 940 1931 atque
970 1878 1090 1931 gestis,
1119 1878 1203 1929 quia
1233 1878 1288 1916 illi

300 1944 548 1982 imbecilliores
562 1952 675 1993 erant,
690 1943 767 1980 haec
779 1956 848 1979 non
868 1940 952 1979 satis
969 1939 1111 1989 habuit,
1129 1938 1192 1976 sed
1207 1938 1287 1976 aliis

299 2021 439 2058 quoque
458 2005 573 2043 allatis
600 2005 745 2042 illorum
772 2002 1004 2055 pertinaciam
1031 2000 1206 2052 reprimit,
1225 2000 1287 2038 di—

300 2084 380 2107 ccns
405 2085 413 2105 t
438 2070 529 2106 Non
542 2081 697 2119 possum
713 2081 738 2104 a
753 2068 896 2117 meipso
901 2066 1043 2117 facere
1058 2063 1284 2115 quidquam.

298 2132 403 2169 Sicut
418 2131 550 2175 audio,
563 2129 713 2180 judico,
736 2136 773 2165 et
784 2127 977 2178 judicium
998 2138 1123 2162 meum
1140 2126 1289 2176 justum

298 2200 354 2229 est
371 2221 383 2238 ,
409 2193 502 2242 quia
524 2202 602 2226 non
630 2201 760 2240 quaero
781 2187 1026 2224 voluntatem
1057 2198 1196 2231 meam,
1222 2185 1290 2222 sed

298 2254 544 2290 voluntatem
557 2252 638 2302 ejus
654 2252 720 2302 qui
741 2250 843 2286 misit
858 2261 930 2285 me.
952 2247 1049 2294 Quia
1064 2246 1159 2283 enim
1172 2245 1287 2283 aliena

298 2313 463 2364 quaedam
481 2321 515 2349 et
534 2325 554 2348 a
574 2310 759 2362 prophetis
775 2309 919 2347 diversa
950 2306 1069 2345 dicere
1100 2306 1291 2345 videbatur
1310 2305 1334 2335 D

297 2375 367 2424 (illi
386 2374 520 2426 quippe
538 2372 704 2410 dicebant
717 2372 834 2408 Deum
848 2383 921 2408 esse
935 2369 997 2419 qui
1008 2368 1148 2420 judicat
1162 2377 1291 2406 terram

300 2451 454 2487 omnem,
475 2436 542 2473 hoc
562 2443 628 2484 est,
651 2446 760 2485 genus
782 2432 992 2469 humanum.
1014 2429 1062 2467 Et
1079 2430 1148 2467 hoc
1172 2428 1293 2468 David

302 2499 435 2550 ubique
450 2496 637 2549 praedicat,
653 2496 683 2533 J
683 2495 854 2532 udicabit
867 2492 1028 2544 populos
1040 2494 1082 2528 in
1095 2493 1292 2543 aequitate;

304 2570 351 2610 ct,
374 2562 479 2598 Deus
489 2559 611 2611 judex
625 2559 768 2609 justus,
781 2556 906 2608 sortis
927 2562 962 2591 et
978 2555 1150 2605 patien55
1164 2551 1292 2590 simili-

304 2631 426 2672 terque
445 2635 564 2658 omnes
582 2619 765 2671 prophetae
785 2627 819 2656 et
838 2618 1002 2669 Moyses:
1024 2615 1188 2653 Christus
1203 2629 1291 2655 vero

304 2683 461 2731 dicebat,
483 2683 604 2719 Pater
623 2682 813 2718 neminem
828 2679 994 2731 judicat,
1017 2677 1086 2715 sed
1096 2677 1290 2729 judicium

305 2744 410 2781 dedit
439 2742 543 2779 Filio
552 2757 566 2786 ;
592 2750 625 2778 et
642 2741 709 2778 hoc
739 2739 939 2777 auditorem
953 2737 1122 2777 Judaeum
1148 2737 1293 2775 turbare

304 2811 456 2856 poterat,
483 2801 721 2850 inducereque
740 2809 780 2836 ut
799 2800 921 2838 Jesum
945 2799 1020 2835 Deo
1045 2796 1290 2835 adversarium
1313 2793 1337 2824 F·

306 2864 576 2916 suspicaretur):
596 2861 656 2897 hic
677 2859 874 2897 admodum
895 2873 967 2897 sese
986 2857 1157 2908 demittit,
1180 2872 1292 2908 quan-

308 2935 384 2963 tum
399 2923 533 2963 scilicet
547 2920 772 2960 imbecillitas
787 2934 910 2957 eorum
924 2919 1142 2972 postulabat,
1158 2927 1198 2956 ut
1212 2933 1293 2971 per-

307 2988 477 3026 niciosam
514 2984 607 3021 hanc
636 2981 873 3033 suspicionem
908 2980 1081 3018 radicitus
1108 2981 1291 3030 avelleret,

308 3048 440 3099 aitque,
463 3047 547 3097 Ego
568 3057 646 3081 non
664 3055 818 3094 possum
833 3055 858 3078 a
874 3043 1014 3092 meipso
1022 3042 1164 3093 facere
1182 3042 1292 3094 quid-

309 3125 443 3163 quam;
472 3109 511 3148 id
539 3116 605 3158 est,
639 3105 743 3144 Nihil
773 3104 942 3152 alienum,
971 3103 1167 3153 diversum,
1196 3104 1291 3155 quod

311 3175 413 3210 Pater
437 3169 540 3220 nolit,
570 3183 591 3206 a
618 3182 674 3206 me
699 3167 832 3203 factum
857 3163 1042 3213 videbitis,
1070 3165 1127 3203 vel
1155 3164 1291 3203 dictum

310 3232 471 3272 audietis.
505 3230 552 3268 Et
579 3243 661 3267 cum
693 3226 793 3279 prius
820 3224 968 3273 dixerit,
1001 3223 1112 3261 Filius
1138 3224 1291 3263 hominis

311 3304 375 3342 cst,
397 3293 480 3344 quia
498 3291 553 3329 illi
570 3303 652 3328 eum
676 3300 807 3340 purum
830 3284 1010 3323 homiuem
1032 3298 1105 3322 esse
1133 3285 1287 3323 arbitra-

358 3424 368 3433 -Δ
396 3408 507 3443 Morcl.
524 3411 621 3445 ἐπειδὴ
634 3412 682 3440 καὶ
698 3408 773 3439 οὕτω
790 3405 952 3446 παχύτεροι
969 3405 1051 3441 ἦσαν.

835 216 1018 248 JOANMS
1052 215 1290 247 CHRYSOST.
1331 216 1533 245 ARCfflEP.
1571 215 1928 247 CONSTAN'HNOP.

1351 299 1412 342 τῆς
1442 298 1556 348 φωνῆς
1583 296 1839 342 ἀναστήσεσθαι
1857 299 1919 343 τῆς
1938 298 2064 345 αὐτοῦ,
2079 303 2225 349 πρᾶγμα
2254 300 2369 337 καινὸν

1352 358 1410 395 καὶ
1438 356 1643 408 παράδοξον,
1671 356 1730 394 καὶ
1757 356 1809 395 ἔτι
1828 357 1888 395 καὶ
1910 362 1968 396 νῦν
1999 357 2251 408 ἀπιστούμενον
2277 360 2372 410 παρὰ

1351 419 1491 460 πολλοῖς
1503 446 1512 464 ,
1531 416 1590 454 καὶ
1609 418 1677 454 τῶν
1698 416 1887 455 δοκούντων
1922 418 2210 467 πεπιστευκέναι,
2232 418 2318 468 μήτι
2333 434 2373 469 γε

1352 478 1430 516 τότε
1449 479 1546 530 παρὰ
1565 476 1745 521 Ἰουδαίοις
1758 508 1767 526 ,
1787 477 1933 517 ἄκουσον
1953 481 2027 522 πῶς
2048 479 2130 517 αὐτὸ
2150 479 2373 517 κατασκευά-

1356 542 1427 588 ζει,
1448 539 1552 578 πάλιν
1579 541 1621 590 τῇ
1644 538 1804 591 ἀσθενείᾳ
1830 540 2115 590 συγκαταὸαίνων
2143 543 2211 577 τῶν
2235 541 2373 591 ἀκροω-

1356 600 1479 651 μένων.
1508 602 1559 639 Οὐ
1592 599 1743 651 δύναμαι
1768 599 1838 652 ἐγὼ
1865 605 1975 639 ποιεῖν
2004 603 2063 638 ἀπ’
2086 603 2236 651 ἐμαυτοῦ
2259 600 2371 639 οὐδέν.

1354 660 1478 705 Καθὼς
1509 661 1648 708 ἀκούω,
1681 660 1810 713 κρίνω,
1844 661 1902 698 καὶ
1925 663 1947 706 ἡ
1973 661 2085 712 κρίσις
2107 665 2130 707 ἡ
2153 661 2221 711 ἐμὴ
2258 660 2376 699 δικαία

1354 722 1462 768 ἐστὶν,
1483 721 1537 760 ὅτι
1556 723 1593 760 οὐ
1616 724 1709 768 ζητῶ
1737 722 1777 759 τὸ
1796 721 1934 772 θέλημα
1960 721 1999 759 τὸ
2025 721 2120 770 ἐμὸν,
2141 721 2232 759 ἀλλὰ
2251 721 2291 760 τὸ
2315 721 2373 760 θέ-

1352 784 1451 833 λημα
1469 786 1528 820 τοῦ
1549 782 1750 835 πέμψαντός
1765 799 1819 833 με.
1839 783 1963 822 Καίτοι
1982 784 2019 820 οὐ
2039 782 2165 834 μικρὰν
2185 782 2270 825 τέως
2290 784 2374 820 ἀνα-

1354 843 1507 886 στάσεως
1527 837 1568 890 ἧν
1586 843 1742 887 δεδωκὼς
1771 843 1958 892 ἀπόδειξιν,
1974 843 2031 881 τὸν
2049 842 2249 895 παράλυτον
2271 843 2375 895 σφίγ-

1355 905 1424 949 ξας.
1444 904 1574 956 Διόπερ
1591 904 1669 947 οὐδὲ
1687 904 1854 957 πρότερον
1871 905 1951 957 περὶ
1966 904 2187 948 ἀναστάσεως
2205 904 2377 957 διελέχθη,

1354 965 1418 1008 ἕως
1445 967 1554 1004 ἐκεῖνο
1587 965 1760 1014 ἐποίησεν,
1789 966 1806 1004 ὃ
1834 969 1897 1013 τῆς
1922 966 2144 1009 ἀναστάσεως
2173 967 2210 1004 οὗ
2245 965 2377 1017 σφόδρα

1355 1026 1499 1065 ἀποδέον
1519 1020 1576 1072 ἧν.
1608 1027 1678 1065 Καὶ
1705 1027 1768 1074 τὴν
1796 1028 1910 1080 κρίσιν
1939 1028 1974 1067 δὲ
1999 1026 2141 1079 ᾐνίξατο
2163 1026 2263 1075 τότε,
2285 1026 2376 1078 μετὰ

1353 1085 1416 1132 τὴν
1442 1089 1501 1124 τοῦ
1523 1087 1684 1136 σώματος
1702 1088 1837 1140 σφίγξιν
1864 1088 1986 1136 εἰπὼν,
2008 1088 2080 1126 Ἴδε
2099 1088 2198 1140 ὑγιὴς
2214 1088 2355 1140 γέγονας
2368 1103 2376 1111 ·

1357 1145 1484 1196 μηκέτι
1503 1146 1681 1198 ἁμάρτανε
1695 1176 1704 1193 ,
1725 1148 1780 1185 ἵνα
1801 1148 1849 1198 μὴ
1868 1148 1984 1200 χεῖρόν
1998 1148 2033 1187 τί
2050 1164 2103 1186 σοι
2119 1148 2282 1200 γένηται·
2299 1150 2376 1187 ἀλλ’

1354 1205 1449 1256 ὅμως
1463 1205 1522 1243 καὶ
1539 1205 1602 1253 τὴν
1623 1207 1784 1259 Λαζάρου
1803 1214 2065 1261 προαναφωνεῖ,
2084 1209 2143 1247 καὶ
2160 1209 2224 1256 τὴν
2243 1212 2305 1255 τῆς
2325 1211 2378 1247 οἷ·-

1355 1269 1537 1318 κουμένης.
1556 1268 1626 1306 Καὶ
1642 1269 1763 1316 ἐπειδὴ
1780 1270 1838 1308 δύο
1854 1269 1983 1314 ταύτας
1999 1269 2205 1313 ἀναστάσεις
2221 1276 2378 1321 προεῖπε,

1356 1330 1418 1376 τήν
1438 1346 1476 1367 τε
1502 1333 1563 1368 τοῦ
1592 1330 1752 1384 Λαζάρου
1770 1331 1834 1379 τὴν
1856 1331 1981 1370 αὐτίκα
2001 1330 2097 1382 μάλα
2121 1331 2377 1382 ἐκδησομένην,

1355 1391 1414 1429 καὶ
1427 1390 1489 1438 τὴν
1508 1394 1571 1438 τῆς
1590 1391 1794 1443 οἰκουμένης
1806 1391 1871 1439 τὴν
1890 1398 2034 1444 μακροῖς
2050 1391 2190 1444 ὕστερον
2209 1392 2377 1444 ἐσομένην

1356 1452 1515 1505 χρόνοις,
1541 1453 1671 1500 ταύτην
1702 1453 1765 1504 μὲν
1794 1453 1863 1492 ἀπὸ
1888 1458 1948 1492 τοῦ
1966 1453 2169 1505 παραλύτου
2195 1459 2378 1493 πιστοῦται

1356 1514 1416 1551 καὶ
1433 1518 1495 1561 τῆς
1514 1514 1702 1566 ἐγγύτητος
1721 1518 1781 1552 τοῦ
1798 1519 1937 1566 καιροῦ,
1955 1514 2079 1565 λέγων,
2098 1513 2270 1567 ’Ἔρχεται
2286 1515 2379 1567 ὥρα,

1358 1576 1417 1614 καὶ
1432 1579 1491 1614 νῦν
1511 1577 1602 1614 ἐστιν
1617 1591 1624 1599 ·
1638 1575 1772 1621 ἐκείνην
1794 1576 1829 1614 δὲ
1841 1604 1850 1622 ,
1868 1574 1937 1612 ἀπὸ
1954 1577 2016 1620 τῆς
2034 1575 2126 1613 κατὰ
2142 1576 2199 1613 τὸν
2219 1576 2379 1628 Λάζαρον

1358 1636 1599 1684 ἀναστάσεως,
1620 1636 1676 1674 διὰ
1699 1639 1767 1674 τῶν
1786 1636 1853 1683 ἤδη
1873 1636 2065 1686 γενομένων
2085 1635 2130 1674 τὰ
2151 1636 2298 1686 μηδέπω
2314 1652 2377 1687 γε-

1357 1696 1484 1748 νόμενα
1498 1697 1559 1735 ὑπ’
1576 1696 1654 1749 ὄψιν
1675 1697 1780 1748 ἄγων.
1801 1697 1872 1734 Καὶ
1892 1701 1994 1735 τοῦτο
2012 1700 2192 1748 πανταχοῦ
2213 1700 2379 1735 ποιοῦντα

1358 1758 1460 1796 αὐτὸν
1481 1758 1572 1796 ἔστιν
1591 1759 1687 1804 ἰδεῖν,
1708 1756 1767 1795 δύο
1780 1757 1919 1795 τιθέντα
1933 1757 2142 1810 προρρήσεις
2157 1756 2179 1802 ἢ
2199 1756 2259 1795 καὶ
2275 1763 2380 1808 τρεῖς,

1357 1818 1416 1856 καὶ
1440 1818 1484 1856 τὰ
1510 1818 1659 1868 ἐσόμενα
1678 1818 1747 1856 ἀπὸ
1768 1821 1837 1856 τῶν
1853 1817 2045 1869 γενομένων
2063 1817 2116 1855 ἀεὶ
2135 1817 2380 1868 πιστούμενον.

1412 1878 1503 1917 Ἀλλ’
1524 1878 1618 1928 ὅμως
1636 1882 1790 1916 Πὀσαῦτα
1803 1879 1863 1916 καὶ
1877 1877 1983 1916 εἰπὼν
1999 1877 2058 1916 καὶ
2076 1878 2223 1925 ποιήσας
2237 1909 2247 1927 ,
2265 1881 2382 1917 ιΊἐπει-

1359 1939 1400 1987 δὴ
1420 1939 1506 1982 τέως
1525 1938 1763 1990 ἀσθενζττεροι
1779 1933 1882 1988 ἦσαν,
1896 1942 1957 1977 οὐκ
1977 1941 2134 1992 ἀρκεῖται
2147 1939 2277 1984 τούτοις
2291 1970 2300 1988 ,
2321 1943 2380 1979 ἀλ·-

1358 2000 1403 2039 λὰ
1434 2000 1494 2038 καὶ
1525 2002 1567 2038 δι’
1596 1994 1643 2038 ὧν
1670 1999 1792 2051 ἐπάγει
1823 1999 1988 2052 ῥημάτων
2020 2003 2132 2038 αὐτῶν
2153 2001 2382 2040 καταστέλλει

1358 2061 1445 2109 ι’τὴν
1467 2060 1677 2113 φιλονεικίαν
1689 2089 1698 2106 ,
1717 2061 1845 2112 λέγων·
1863 2062 1916 2099 Οὐ
1933 2060 2083 2111 δύναμαι
2103 2060 2172 2112 ἐγὼ
2189 2067 2298 2100 ποιεῖν
2320 2063 2380 2100 ἀπ’

1358 2122 1509 2172 ἐμαυτοῦ
1529 2120 1638 2159 οὐδέν.
1658 2120 1784 2164 Καθὼς
1801 2121 1941 2170 ἀκούω,
1964 2121 2093 2172 κρίνω,
2113 2121 2172 2160 καὶ
2189 2125 2210 2168 ἡ
2229 2122 2340 2174 κρίσις
2359 2125 2382 2169 ἡ

1359 2182 1426 2234 ἐμὴ
1456 2182 1574 2220 δικαία
1593 2182 1701 2228 ἐστὶν,
1726 2182 1781 2220 ὅτι
1807 2185 1844 2221 οὐ
1865 2185 1959 2228 ζητῶ
1987 2183 2027 2220 τὸ
2054 2183 2190 2234 θέλημα
2221 2183 2259 2222 τὸ
2289 2185 2385 2236 ἐμὸν,

1359 2243 1449 2282 ἀλλὰ
1465 2243 1505 2280 τὸ
1524 2243 1660 2293 θέλημα
1678 2247 1738 2280 τοῦ
1756 2242 1959 2294 πέμψαντός
1981 2260 2039 2293 με.
2059 2243 2205 2290 Ἐπειδὴ
2224 2245 2290 2297 γὰρ
2306 2245 2385 2289 ξένα

1358 2303 1435 2341 τινὰ
1456 2302 1515 2340 καὶ
1541 2301 1822 2354 παρηλλαγμένα
1848 2302 1944 2353 παρὰ
1963 2302 2043 2346 τοὺς
2060 2304 2242 2356 προφήτας
2270 2305 2383 2344 ἐδόκει

1358 2363 1471 2416 λέγειν
1498 2364 1645 2415 (ἐκεῖνοι
1674 2361 1735 2413 μὲν
1764 2362 1831 2414 γὰρ
1856 2362 1986 2414 ἔλεγον,
2016 2362 2070 2402 ὅτι
2091 2367 2108 2401 ὃ
2132 2365 2221 2408 Θεός
2249 2367 2342 2403 ἐστιν
2367 2369 2385 2404 ὁ

1360 2424 1484 2476 κρίνων
1513 2422 1574 2470 τὴν
1606 2425 1672 2474 γῆν
1706 2422 1858 2471 ἅπασαν,
1888 2422 2065 2471 τουτέστι,
2097 2423 2137 2461 τὸ
2169 2425 2384 2477 ἀνθρώπινον

1358 2485 1454 2536 γένος
1470 2499 1478 2508 ·
1514 2483 1573 2522 καὶ
1608 2486 1710 2521 τοῦτο
1737 2485 1755 2520 ὃ
1781 2482 1890 2520 Δαυὶδ
1920 2487 2100 2536 πανταχοῦ
2135 2485 2384 2538 ἀνακηρύττων

1360 2544 1478 2596 ἔλεγε,
1500 2546 1621 2596 Κρινεῖ
1637 2542 1739 2586 λαοὺς
1757 2545 1792 2580 ἐν
1808 2542 1989 2589 εὐθύτητι·
2007 2543 2086 2591 καὶ,
2103 2543 2150 2583 ‘O
2170 2545 2243 2589 θεὸς
2262 2546 2384 2598 κριτὴς

1362 2605 1491 2648 δίκαιος
1511 2604 1569 2642 καὶ
1590 2603 1731 2656 ἰσχυρὸς
1755 2603 1814 2640 καὶ
1845 2603 2067 2655 μακρόθυμος
2082 2620 2090 2627 ·
2116 2604 2175 2642 καὶ
2195 2607 2226 2644 οἱ
2245 2609 2382 2658 προφῆ-

1360 2682 1419 2704 ται
1449 2666 1484 2704 δὲ
1509 2665 1636 2708 πάντες
1663 2664 1754 2702 καὶὸ
1773 2666 1926 2711 Μωϋσῆς
1941 2681 1949 2688 ·
1977 2669 1995 2703 ὁ
2016 2665 2052 2702 δὲ
2072 2666 2222 2717 Χριστὸς
2249 2667 2385 2718 ἔλεγεν,

1361 2727 1406 2766 ‘O
1421 2726 1548 2778 Πατὴρ
1567 2727 1605 2764 οὐ
1625 2726 1734 2777 κρίνει
1759 2724 1900 2773 οὐδένα,
1923 2725 2013 2764 ἀλλὰ
2039 2725 2101 2773 τὴν
2120 2727 2233 2778 κρίσιν
2254 2728 2383 2766 δέδωκε

1362 2792 1411 2842 τῷ
1434 2790 1509 2840 Υἱῷ
1522 2804 1531 2812 ·
1551 2787 1668 2826 ἱκανὸν
1687 2787 1721 2824 δὲ
1739 2790 1840 2825 τοῦτο
1866 2781 1907 2833 ἦν
1929 2787 2119 2838 θορυὸἧσαι
2136 2787 2192 2825 τὸν
2210 2789 2382 2827 ἀκούοντα

1361 2851 1439 2890 τότε
1472 2850 1652 2895 Ἰουδαῖον,
1690 2848 1749 2886 καὶ
1781 2848 2049 2899 παρασκευάσαι
2083 2847 2188 2886 πάλιν
2227 2850 2384 2889 ἀντίθεον

1363 2912 1463 2951 αὐτὸν
1493 2909 1698 2948 ὑποπτεύειν
1711 2912 1735 2957 )·
1767 2907 1898 2960 σφόδρα
1931 2910 2078 2946 ἐνταῦθα
2114 2911 2385 2961 συγκαταὸαίνει

1362 2977 1412 3026 τῷ
1426 2973 1535 3024 λόγῳ,
1549 2971 1608 3010 καὶ
1622 2973 1797 3018 τοσοῦτον,
1812 2969 1890 3007 ὅσον
1907 2970 2032 3022 ἀπῄτει
2044 2971 2155 3008 αὐτῶν
2171 2974 2193 3017 ἡ
2211 2971 2383 3018 ἀσθένεια,

1364 3035 1454 3073 ὥστε
1473 3034 1536 3080 τὴν
1556 3031 1712 3083 ὀλεθρίαν
1726 3030 1856 3076 ταύτην
1871 3030 2019 3082 ὑποψίαν
2037 3031 2219 3083 πρόρριζον
2240 3032 2384 3078 ἀνελεῖν,

1364 3097 1423 3136 καὶ
1438 3095 1542 3148 φησίν
1556 3110 1564 3118 ·
1578 3093 1673 3144 Ἐγὼ
1689 3094 1725 3130 οὖ
1742 3092 1891 3142 δύναμαι
1908 3094 1968 3130 ἀπ’
1986 3094 2136 3143 ἐμαυτοῦ
2150 3098 2260 3131 ποιεῖν
2274 3093 2384 3130 οὐδέν·

1365 3157 1556 3203 τουτέστιν,
1585 3154 1682 3193 οὐδὲν
1712 3152 1816 3200 ξένον,
1842 3152 1919 3190 οὐδὲ
1940 3153 2245 3204 παρηλλαγμένον,
2269 3153 2347 3191 οὐδὲ
2368 3154 2386 3192 ὃ

1367 3219 1415 3269 μὴ
1444 3216 1604 3269 βούλεται
1623 3218 1640 3252 ὁ
1660 3213 1807 3265 Πατὴρ,
1828 3216 1909 3265 παρ’
1938 3215 2021 3264 ἐμοῦ
2041 3214 2219 3265 γινόμενον
2240 3214 2384 3265 ὄψεσθε,

1365 3278 1585 3330 ἢλεγόμενον
1604 3274 1805 3313 ἀκούσεσθε.
1825 3274 1894 3311 Καὶ
1905 3274 2071 3326 πρότερον
2088 3275 2211 3323 εἰπὼν,
2229 3274 2283 3314 ὅτι
2302 3275 2385 3319 Υἱὸς·

1430 3399 1444 3420 l·
1471 3394 1584 3428 Mos-el.
1604 3399 1656 3432 τὴν
1672 3396 1885 3436 ἀναισχυντίαν.
