2522 3683
143 401 222 430 [bid.
235 410 266 429 v.
278 398 326 438 24.

142 568 213 595 lac.
231 578 256 598 2-
282 567 328 596 13,

143 725 229 753 Psal.
249 723 278 752 6.
299 723 327 751 6.

147 1144 223 1171 Osee
238 1150 282 1169 ιε.
301 1138 330 1168 f.

146 1198 228 1226 Ibid-
242 1197 272 1225 ὅ.
290 1197 318 1225 6.

146 1249 329 1287 ΜιιΙιΙιὺκῑ.

146 1356 240 1383 ΡιὈυ.
266 1363 313 1393 19.

151 1405 197 1433 17.

153 2238 338 2278 Pst1l.f40.2.

343 197 432 262 760

341 293 438 332 niam
455 292 485 330 is
505 291 567 343 qui
587 291 624 329 in
646 289 724 330 luce
741 296 915 338 versatur,
936 303 1018 327 eum
1038 288 1097 339 qni
1115 288 1152 326 in
1171 288 1325 326 tenebris

342 356 406 392 est,
426 360 495 383 non
506 345 622 383 videt:
640 354 674 382 at
694 345 723 382 is
743 344 803 394 qui
822 344 856 380 in
874 341 1027 380 tenebris
1041 351 1106 390 est,
1124 355 1204 378 eum
1227 341 1326 379 videt

343 400 404 449 qui
426 398 462 435 in
481 399 559 435 luce
580 406 749 435 versatur.
772 396 818 433 Et
843 395 950 439 dixit,
977 396 1099 431 Pater
1117 393 1326 431 Abraham

342 455 518 489 miserere
537 453 620 487 mei.
647 453 726 489 ¹lani
747 449 851 497 dicis,
879 449 1062 484 Miserere
1079 449 1164 496 mei,
1185 445 1326 496 quando

342 503 589 541 misericordiae
612 513 748 553 teinpus
779 515 845 538 non
872 509 935 537 est.
958 501 1036 537 Non
1069 499 1170 535 illuni
1194 498 1327 535 audisti

343 557 403 607 qui
418 556 505 593 dicit
529 572 536 591 :
561 556 760 593 Judicium
785 556 867 590 sine
889 553 1152 589 misericordia
1168 552 1242 596 illi,
1261 553 1328 602 qui

345 624 421 645 non
443 610 547 661 fecit
587 607 914 644 misericordiam?
948 605 1051 641 Nunc
1083 603 1328 655 poenitentiam

342 662 432 711 agis,
454 675 534 697 cuin
548 674 616 696 non
636 668 686 695 est
705 657 888 695 confessio.
909 657 984 694 Nou
1005 655 1136 693 audisti
1150 655 1327 693 Davidem

342 714 517 750 (licentem
540 728 547 747 ε
566 715 616 748 In
639 712 792 761 inferno
819 718 948 746 alitem
967 710 1053 760 quis
1083 709 1329 760 confitebitur

343 768 440 802 tibi?
467 766 649 802 Miserere
669 766 756 809 mei,
790 771 827 799 et
856 765 964 799 mitte
988 763 1194 798 Lazarum.
1225 762 1328 798 Nune

344 819 518 855 Lazarum
539 816 657 854 nosti?
675 817 748 867 jam
760 815 919 866 agnoscis
939 828 1020 851 eum
1038 813 1099 863 qui
1115 813 1150 850 in
1167 813 1252 850 limo
1266 814 1326 863 ja—

342 870 457 918 cebat,
481 884 586 919 quem
605 869 689 906 olim
711 869 788 920 pari
811 867 942 904 honore
971 880 1039 916 quo
1059 879 1160 903 canes
1189 865 1328 902 afficere

341 923 552 960 recusabas?
572 924 602 959 T
608 936 666 967 uaf
690 921 778 958 duni
806 924 897 957 inter
926 933 1007 970 opes
1031 918 1143 956 vitam
1169 917 1326 968 degeres,

342 975 478 1012 viscera
498 974 551 1011 illi
581 973 752 1021 clausisti3
779 973 854 1023 jam
874 986 937 1023 ego
970 985 1109 1021 quoque
1128 970 1246 1007 sinum
1268 984 1327 1006 re-

342 1028 478 1077 frigerii
499 1028 565 1064 hoc
582 1026 749 1077 supplicii
771 1024 898 1062 claudo
921 1033 1089 1075 tempore.
1115 1024 1193 1060 Non
1213 1023 1328 1058 Deum

344 1080 475 1118 audisti
501 1094 562 1131 per
595 1092 714 1116 omues
744 1078 810 1114 tibi
834 1076 1023 1128 prophetas
1052 1075 1330 1125 proclamantem

346 1142 378 1170 et
406 1133 580 1169 dicentem
611 1147 617 1167 :
645 1130 953 1167 ,Misericordiam
981 1137 1015 1164 et
1041 1128 1234 1178 jltdicium
1258 1139 1328 1162 cu·-

346 1187 459 1230 stodi,
493 1193 527 1221 et
545 1185 811 1235 appropinqua
835 1182 919 1218 Deo
940 1189 1004 1217 tuo
1028 1194 1038 1215 :
1060 1182 1152 1230 quia
1178 1180 1329 1215 miseri-

345 1238 517 1274 cordiam
537 1237 630 1273 volo
651 1249 763 1286 super
778 1234 1031 1285 sacrificium;
1050 1240 1097 1278 et,
1121 1233 1234 1268 Beati
1254 1233 1329 1266 mi—

345 1290 567 1335 sericordes,
599 1290 781 1340 quoniam
803 1288 875 1337 ipsi
903 1285 1208 1322 misericordiam
1233 1297 1328 1320 con-

347 1351 569 1394 sequentur‚·
591 1350 623 1378 et
643 1354 778 1385 rursus,
800 1341 1030 1376 Foeneratur
1048 1338 1144 1382 Deo,
1166 1338 1231 1388 qui
1254 1338 1329 1372 mi·-

347 1404 493 1433 seretur
511 1396 702 1445 pauperis.
720 1391 794 1430 Ubi
811 1390 1002 1437 seminasti,
1027 1389 1077 1426 ibi
1094 1398 1222 1426 metere
1241 1402 1328 1425 eon—

347 1447 452 1485 tende
473 1463 479 1483 :
505 1447 565 1483 ubi
591 1445 779 1493 foenerasti,
802 1444 851 1482 ibi
879 1443 1044 1493 colligere
1064 1441 1246 1479 contende.
1272 1442 1329 1478 Tu

347 1515 432 1537 vero
448 1514 565 1537 semen
584 1500 813 1549 eleemosynae
840 1509 1065 1546 nequaquam
1082 1495 1155 1531 ullo
1174 1503 1332 1545 tempore

343 1552 474 1604 jecisti,
500 1566 612 1602 neque
630 1566 692 1602 per
710 1548 990 1587 misericordiam
1011 1548 1046 1584 in
1066 1561 1237 1598 pauperes
1258 1547 1332 1583 Deo

348 1605 545 1648 foenerasti,
580 1604 642 1641 sed
671 1612 731 1640 tuo
758 1601 873 1641 ventri
895 1614 1014 1638 omnes
1043 1599 1223 1637 thesauros
1243 1612 1331 1635 con-

348 1657 487 1695 didisti.
518 1657 592 1694 Ubi
618 1657 825 1693 thesaurum
852 1663 954 1691 tuum
982 1652 1106 1699 habes⁷
1139 1652 1190 1688 ibi
1222 1660 1255 1689 et
1276 1664 1335 1688 cor

349 1719 451 1748 tuum
478 1710 616 1746 habeto.
640 1710 823 1745 flliserere
839 1709 928 1752 mei,
953 1713 989 1742 et
1008 1707 1114 1742 mitte
1138 1706 1333 1741 Lazarum

349 1772 391 1800 ut
413 1765 579 1813 intingat
600 1770 810 1798 extremum
830 1760 940 1810 digiti
965 1760 1025 1795 sui
1045 1760 1086 1794 in
1112 1770 1269 1808 nquam,
1298 1764 1335 1793 et

350 1816 548 1865 refrigeret
576 1815 749 1864 linguam
770 1826 907 1857 meum,
938 1813 1030 1862 quia
1047 1812 1218 1861 graviter
1243 1821 1333 1846 cru-

350 1871 432 1905 cior
460 1870 501 1903 iu
523 1868 789 1918 liae-flumina.
811 1866 850 1901 In
876 1864 1000 1913 lingua
1024 1862 1205 1914 plectitur,
1232 1862 1334 1911 cujus

352 1919 546 1957 ministerio
563 1919 650 1956 cibis
666 1918 893 1955 vescebatur:
917 1930 1016 1966 aquae
1035 1924 1172 1965 guttam
1191 1927 1334 1963 quaerc-

353 1973 462 2019 rebat,
475 1972 557 2022 quia
572 1985 613 2008 ne
629 1970 774 2007 calicem
789 1968 931 2019 quidem
952 1981 1051 2017 aquae
1066 1966 1205 2017 frigidae
1219 1966 1254 2003 in
1270 1980 1336 2003 no-

353 2025 446 2062 mine
474 2023 644 2075 discipuli
672 2022 822 2060 sitientis
853 2034 1009 2071 unquam
1038 2019 1268 2071 impertierat.
1295 2018 1335 2057 Si

352 2078 417 2114 tibi
447 2076 534 2113 dum
559 2077 697 2114 viveres
730 2083 926 2112 consortem
958 2073 1132 2110 bonorum
1164 2073 1336 2109 Lazarum

352 2129 550 2179 aseivisses,
576 2142 670 2166 nunc
693 2142 774 2165 cum
805 2127 867 2164 illo
893 2125 989 2176 regni
1015 2124 1191 2176 particeps
1217 2138 1306 2162 esses
1328 2138 1336 2160 t

352 2182 380 2220 si
407 2196 513 2234 super
532 2195 722 2233 pauperem
744 2179 990 2226 intellexisses,
1012 2191 1105 2214 nunc
1126 2191 1146 2214 a
1166 2177 1259 2213 malo
1275 2177 1338 2228 ju·-

353 2234 446 2272 dieio
466 2235 635 2272 liberatus
657 2247 757 2270 esses.
778 2234 922 2269 Beatus
949 2230 1044 2268 enim
1070 2232 1135 2282 (sui
1155 2230 1338 2280 intelligit

353 2301 462 2339 super
481 2300 641 2338 egenum
659 2294 695 2322 et
710 2298 914 2336 pauperem
934 2299 944 2318 .·
970 2285 1011 2320 ιή
1028 2283 1090 2319 die
1109 2282 1216 2318 mala
1238 2282 1336 2318 libe-

354 2343 457 2378 rabit
476 2354 561 2377 eum
580 2340 781 2376 Dominus.
802 2335 1098 2373 Ardentissimum
1123 2334 1211 2371 illud
1232 2334 1338 2371 chaos

354 2394 493 2444 copiosa
507 2391 736 2444 pecuniarum
750 2389 785 2426 in
800 2403 970 2440 pauperes
980 2386 1231 2425 distributione
1243 2400 1338 2423 com-

353 2446 461 2497 plana
480 2460 487 2480 :
508 2457 653 2496 asperge
678 2457 772 2486 nunc
799 2441 1088 2487 misericordiam,
1109 2448 1142 2476 et
1161 2439 1337 2476 caminum

355 2497 556 2535 exstinxisti
590 2512 596 2532 :
628 2496 804 2547 orphanos
831 2495 896 2541 ale,
921 2503 954 2531 et
974 2492 1180 2542 irrequietos
1203 2505 1339 2529 vermes

356 2550 487 2587 necasti
510 2566 517 2585 z
543 2549 624 2586 siste
651 2548 827 2600 lacrymas
853 2546 984 2595 viduae,
1010 2555 1042 2582 et
1067 2560 1110 2582 ex
1133 2544 1250 2582 anima
1282 2554 1338 2582 tua

357 2603 493 2639 luctum
523 2610 748 2654 peccatorum
780 2598 988 2637 abstersisti.
1020 2598 1157 2635 Idcirco
1188 2611 1341 2647 namque

357 2655 446 2691 lecta
471 2664 551 2691 sunt
577 2654 651 2691 baec
675 2653 756 2701 tibi,
783 2666 825 2689 ne
847 2652 874 2689 si
897 2650 1029 2688 eisdem
1050 2649 1341 2687 iumiisericordis

358 2706 483 2743 divitis
501 2707 639 2743 insistas
658 2704 830 2755 vestigii5‚
851 2704 886 2741 in
904 2704 998 2741 idem
1018 2702 1183 2753 gehennae
1204 2701 1342 2753 suppli-

360 2759 454 2795 eiuin
470 2758 677 2809 prolabaris.
698 2759 755 2796 'l'u
779 2771 862 2795 vero
877 2769 1012 2808 pauper
1030 2770 1072 2793 ne
1093 2764 1209 2792 mente
1226 2754 1342 2791 conci-

361 2811 436 2857 das,
453 2811 708 2848 ucveaniinum
728 2809 959 2861 despondeas,
976 2808 1064 2845 dum
1079 2807 1232 2860 procella
1248 2821 1344 2844 men-

361 2863 518 2900 dicitatis
555 2863 709 2911 jactaris.
746 2863 918 2899 Lazarum
964 2861 1068 2898 illum
1107 2859 1344 2897 clarissimum

363 2915 497 2967 respice
515 2931 522 2950 :
545 2915 592 2951 ibi
614 2916 683 2951 sint
705 2914 798 2952 oculi
817 2914 868 2951 tui
894 2922 993 2950 nocte
1007 2913 1134 2963 dicque
1147 2912 1257 2949 defixi
1279 2927 1286 2947 :
1306 2921 1344 2949 ut

363 2969 473 3006 vitani
487 2975 583 3003 tuam
597 2966 772 3018 patientiae
784 2967 886 3004 clavo
902 2966 1114 3017 gubernans,
1125 2964 1169 3002 ad
1182 2964 1343 3001 eumdem

364 3020 491 3071 quietis
520 3028 663 3070 portum
690 3019 907 3069 proveharis,
924 3019 958 3055 in
987 3018 1129 3055 Clu-isto
1159 3019 1241 3056 Jesu
1272 3018 1347 3053 Do-

365 3073 460 3110 mino
493 3080 630 3120 nostro,
665 3071 720 3108 eui
755 3070 867 3120 gloria
897 3071 931 3107 in
961 3070 1087 3107 saecula
1118 3069 1341 3107 saeculorum.

365 3128 488 3163 Anien.

412 3261 428 3278 ⁸²
471 3257 570 3292 Savil.
590 3264 619 3293 ἐν
638 3267 678 3302 τῷ
697 3266 787 3304 καιρῷ
806 3267 857 3295 τῆς
874 3258 1027 3299 simum]

1303 207 1455 239 SPURIA
1467 227 1475 238 .

1400 305 1458 327 πει
1515 289 1590 326 ἀλλ’
1612 291 1630 326 ὁ
1649 288 1752 325 ἐντῶ
1780 288 1881 326 σκότε
1953 288 1961 301 “
2014 290 2023 303 ’
2085 289 2106 299 “’
2206 287 2219 325 l
2252 286 2265 302 ’¹
2388 291 2410 304 ⁴⁹

1471 318 1479 334 ‚
1734 326 1740 339 ¹
1888 305 1897 326 ι
1930 305 1986 327 τον
2008 304 2042 327 εν
2061 304 2110 340 τῳ
2130 304 2205 340 φωτ
2247 303 2329 326 οντα
2347 290 2422 341 δρα.

1400 341 1470 379 Καὶ
1490 335 1563 378 εἷπε
1577 354 1586 363 ·
1606 339 1726 406 Ilei-cap
1747 339 1925 391 Ἀδραὰμ,
1946 341 2084 388 ἐλέησόν
2111 356 2165 391 με.
2183 340 2280 393 Ἄρτι
2294 340 2423 392 λέγεις,

1352 404 1375 434 G
1402 392 1585 439 Ἐλέησον,
1616 394 1672 429 ὅτε
1694 393 1813 443 καιρὸς
1841 393 1954 437 ἐλέους
1976 397 2036 432 οὐκ
2055 394 2159 431 ἔστιν.
2182 395 2258 430 Οὐκ
2275 392 2427 438 ἤκουσας

1398 450 1457 483 τοῦ
1468 445 1625 495 λέγοντος
1635 475 1644 492 ,
1658 444 1843 490 Ἀνίλεωςῆ
1858 446 1972 497 κρίσις
1986 449 2035 497 τῷ
2052 445 2099 496 μὴ
2114 445 2300 491 ποιήσαντι
2315 444 2424 491 ἔλεος;

1404 499 1472 535 Νῦν
1495 502 1690 547 μετανοεῖς,
1707 497 1762 534 ὅτε
1778 499 1839 535 οὐκ
1853 498 1944 536 ἔστιν
1960 497 2216 549 ἐξομολόγησις.
2232 499 2308 535 Οὐκ
2321 497 2425 543 ἥκου-

1401 566 1463 593 σας
1479 553 1537 588 τοῦ
1560 550 1669 587 Δαυὶδ
1688 549 1866 600 λέγοντος,
1882 550 1943 588 Ἐν
1975 552 2010 588 δὲ
2028 553 2078 602 τῷ
2101 550 2165 602 ᾅδῃ
2186 549 2239 593 τίς
2260 549 2427 599 ἐξομολο-

1400 601 1545 653 γήσεταί
1565 618 1640 649 σοι;
1658 601 1825 649 Ἐλέησόν
1849 619 1913 652 με,
1933 603 1993 640 καὶ
2006 602 2143 654 πέμψον
2163 603 2334 655 Λάζαρον.
2351 603 2426 640 Λά-

1400 657 1500 706 ζαρον
1533 659 1589 692 νῦν
1617 655 1892 722 γνωρίζεις;νῦν
1922 656 2161 707 ἐπιγινώσκεις
2187 655 2245 692 τὸν
2279 653 2335 692 ἐπὶ
2363 658 2426 701 τῆς

1399 707 1545 759 κοπρίας
1559 707 1641 745 ὄντα
1655 738 1664 754 ‚
1679 711 1715 746 ὁν
1736 723 1819 745 ποτε
1840 706 1897 744 ἴσα
1917 709 1985 744 τῶν
1999 711 2109 745 κυνῶν
2128 713 2233 758 τιμᾷν
2249 709 2309 744 οὐκ
2322 706 2427 752 ἠθού-

1399 761 1477 806 λου;
1502 759 1689 803 ἼΞκλεισας
1717 759 1761 797 τοί
1783 776 1842 798 σου
1870 760 2055 812 σπλάγχνα
2085 761 2179 811 αὐτῷ
2201 759 2265 796 *ἐν
2285 761 2335 810 τῷ
2361 759 2426 810 βίῳ

1400 816 1461 858 τῆς
1484 812 1662 863 εὐπορίας·
1685 812 1789 850 κλείω
1811 829 1875 862 μου
1895 813 1994 864 κάγὼ
2020 816 2078 850 νῦν
2099 811 2176 854 τοὺς
2200 810 2347 854 κόλπους
2364 814 2427 857 τῆς

1402 865 1549 908 ἀνέσεως
1565 867 1599 902 ἐν
1620 867 1669 916 τῷ
1689 868 1800 917 καιρῷ
1819 868 1882 911 τ’ῆς
1901 865 2084 918 τιμωρίας.
2104 866 2180 902 Οὐκ
2199 863 2349 909 ἤκουσας
2367 869 2427 902 τοῦ

1401 919 1491 955 Θεοῦ
1512 933 1564 955 σοι
1584 920 1731 968 βοῶντος
1752 919 1808 955 διὰ
1834 920 1901 954 τῶν
1921 921 2108 969 προφητῶν
2125 916 2264 955 πάντων
2286 916 2347 953 καὶ
2366 915 2427 954 λέ-

1400 985 1535 1019 γοντος·
1565 969 1687 1013 ’Έλεος
1714 970 1773 1008 καὶ
1801 969 1911 1021 κρίμα
1940 969 2127 1021 φύλασσον,
2161 969 2220 1007 καὶ
2240 968 2352 1020 ἔγγιζε
2376 971 2427 1020 τῷ

1401 1023 1481 1073 Θεῷ
1503 1037 1582 1069 σου,
1604 1021 1690 1059 διότι
1707 1021 1798 1066 ἔλεος
1818 1023 1905 1060 θέλω
1927 1021 2013 1073 ὑπὲρ
2033 1023 2168 1061 θυσίαν·
2189 1021 2266 1068 καὶ,
2296 1021 2426 1058 Μακά-

1401 1090 1468 1139 ριοι
1489 1077 1519 1112 οἱ
1539 1074 1740 1123 ἐλεήμονες,
1759 1074 1812 1112 ὅτι
1829 1075 1924 1112 αὐτοὶ
1940 1075 2207 1121 ἐλεηθήσονται·
2229 1073 2288 1110 καὶ
2306 1073 2428 1120 πάλιν,

1413 1130 1445 1164 O
1463 1128 1565 1164 ἐλεῶν
1594 1127 1748 1177 πτωχὸν,
1771 1127 1916 1170 δανείζει
1931 1129 2024 1178 Θεῷ.
2037 1126 2154 1165 “Ome
2171 1121 2226 1164 οὖν
2243 1125 2427 1177 ἔσπειρας,

1401 1182 1472 1217 ἐκεῖ
1498 1179 1591 1225 ζήτει
1607 1179 1666 1216 καὶ
1684 1180 1817 1232 θερίσαι
1831 1195 1837 1201 ·
1852 1179 1936 1217 ὅπου
1959 1178 2153 1225 ἐδάνεισας,
2168 1180 2238 1217 ἐκεῖ
2252 1178 2312 1216 καὶ
2326 1177 2429 1215 ἀπαί-

1400 1249 1464 1270 τει.
1485 1231 1535 1270 Σὺ
1557 1231 1592 1269 δὲ
1613 1232 1845 1281 ἐλεημοσύνης
1871 1231 2010 1284 σπέρμα
2030 1234 2090 1270 οὐκ
2106 1231 2248 1283 ἔρριψας
2266 1229 2428 1278 πώποτε,

1401 1285 1478 1323 οὔτε
1501 1284 1556 1322 διὰ
1572 1288 1633 1330 τῆς
1654 1287 1700 1328 εἷς
1718 1285 1775 1323 τὸν
1795 1284 1928 1331 πένητα
1949 1283 2181 1334 ἐλεημοσύνης
2195 1285 2277 1334 Θεῷ
2300 1283 2428 1321 ἐδάνει-

1402 1354 1485 1385 σας,
1518 1336 1607 1375 ἀλλὰ
1639 1337 1755 1375 πάντα
1792 1341 1834 1388 τῇ
1871 1340 1992 1375 ἑαυτοῦ
2027 1336 2151 1389 γαστρὶ
2183 1334 2424 1387 ἐθησαύρισας.

1400 1389 1518 1429 εΌτι-ου
1536 1389 1634 1441 ἔσχες
1652 1391 1709 1427 τὸν
1730 1389 1900 1442 θησαυρόν
1918 1406 1990 1434 σου,
2012 1392 2082 1427 ἐκεῖ
2104 1389 2163 1441 ἔχε
2182 1389 2242 1427 καὶ
2260 1387 2323 1435 τὴν
2339 1403 2384 1425 κα
2411 1411 2428 1416 -

1403 1443 1477 1481 δίαν
1498 1459 1568 1481 σου.
1588 1442 1754 1488 Ἐλέησόν
1779 1459 1842 1492 με,
1860 1442 1918 1480 καὶ
1935 1442 2071 1493 πέμψον
2094 1442 2265 1493 Λάζαρον,
2287 1440 2344 1478 ἵνα
2362 1403 2424 1487 τ’Ξν

1403 1496 1518 1545 ἀκμὴν
1550 1500 1609 1533 τοῦ
1630 1495 1797 1533 δακτύλου
1825 1497 1917 1546 αὐτῷ
1948 1495 2043 1546 βάψῃ
2067 1494 2208 1538 ὕδατος,
2233 1493 2293 1532 καὶ
2313 1508 2427 1530 κατα-

1403 1549 1489 1601 ψύξῃ
1520 1564 1583 1598 μου
1606 1547 1667 1594 τὴν
1693 1549 1868 1597 γλῶσσαν,
1903 1550 1954 1584 ὅτι
1980 1548 2098 1590 δεινῶς
2127 1547 2302 1596 ὀδυνῶμαι
2329 1547 2361 1583 ἐν
2383 1549 2427 1597 τῇ

1404 1602 1504 1653 φλογὶ
1523 1600 1646 1650 ταύτῃ.
1667 1600 1741 1646 Τὴν
1759 1601 1918 1651 γλῶσσαν
1935 1600 2139 1645 κολάζεται,
2157 1600 2199 1636 δι’
2215 1593 2254 1644 ἧς
2275 1597 2336 1642 τὴν
2353 1612 2428 1648 τρο-

1404 1654 1469 1706 φὴν
1491 1653 1665 1703 ἐλάμὸανε
1681 1668 1688 1675 ·
1723 1651 1844 1703 ῥανίδα
1859 1652 1972 1698 ἐζήτει
1991 1653 2130 1699 ὕδατος,
2151 1649 2270 1696 ἐπειδὴ
2288 1650 2351 1687 κᾶν
2367 1665 2430 1686 ποι

1404 1708 1520 1759 τήριον
1547 1707 1680 1757 ψυχροῦ
1699 1705 1821 1747 ὕδατος
1842 1707 1888 1748 εἰς
1908 1705 2016 1754 ὄνομα
2046 1707 2200 1754 μαθητοῦ
2215 1701 2356 1741 πώποτε
2378 1702 2431 1738 δι-

1406 1761 1515 1811 ψῶντι
1534 1761 1570 1796 οὐ
1590 1758 1794 1808 μετέδωκεν.
1819 1759 1862 1795 Εἰ
1882 1757 2043 1794 κοινωνὸν
2066 1759 2099 1794 ἐν
2122 1758 2170 1808 τῷ
2193 1755 2257 1806 βίῳ
2273 1757 2340 1792 τῶν
2362 1757 2429 1792 σῶν

1407 1814 1543 1863 ἀγαθῶν
1577 1810 1712 1857 ἐκτήσω
1733 1810 1790 1848 τὸν
1815 1810 1988 1862 Λάζαρον,
2009 1813 2067 1846 νῦν
2092 1808 2131 1846 ἂν
2153 1807 2216 1854 τὴν
2251 1806 2429 1858 βασιλείαν

1406 1865 1466 1902 σὺν
1488 1865 1582 1916 αὐτῷ
1598 1862 1748 1915 ἐμερίσω
1764 1878 1770 1884 ·
1791 1865 1820 1900 εἷ
1840 1865 1989 1907 συνῆκας
2005 1862 2062 1900 ἐπὶ
2080 1861 2137 1899 τὸν
2153 1861 2303 1907 πένητα,
2317 1865 2373 1898 νῦν
2391 1858 2430 1896 ἂν

1405 1917 1571 1970 ἐρρύσθης
1587 1922 1601 1937 ²¹
1613 1920 1675 1962 τῆς
1693 1922 1846 1967 πονηρᾶς
1862 1914 2018 1968 κρίσεως.
2037 1914 2220 1966 Μακάριος
2238 1912 2305 1965 γὰρ
2321 1915 2337 1950 ὁ
2354 1927 2431 1950 συν-

1408 1971 1466 2007 ιὼν
1483 1969 1540 2006 ἐπὶ
1562 1969 1701 2020 πτωχὸν
1725 1968 1783 2006 καὶ
1802 1967 1957 2013 πένητα·
1976 1969 2009 2004 ἐν
2032 1966 2148 2019 ἡμέρᾳ
2168 1972 2303 2016 πονηρᾷ
2331 1963 2431 2015 ῥύσε-

2254 2018 2260 2029 1

1372 2057 1384 2075 ,Α
1406 2039 1463 2060 ται
1481 2022 1579 2060 αὐτὸν
1601 2025 1618 2058 ὃ
1637 2020 1773 2072 Κύριος.
1790 2020 2020 2071 Ἐξομοίλισον
2039 2022 2145 2057 ἐκεῖνο
2161 2019 2199 2056 τὸ
2215 2033 2299 2069 χαος
2315 2017 2354 2054 τὸ
2369 2032 2432 2054 πο-

1405 2074 1571 2127 λυφλεγὲς
1590 2076 1632 2124 τῇ
1654 2072 1801 2124 πλουσία
1817 2076 1884 2110 τῶν
1912 2071 2104 2124 χρημάτων
2128 2087 2186 2109 σου
2208 2073 2254 2114 εἷς
2272 2069 2349 2111 τοὺς
2370 2068 2433 2106 πέ-

1406 2143 1512 2175 νητας
1537 2127 1734 2177 καταδολῇ·
1756 2125 1911 2178 δρόσισον
1941 2129 1997 2162 νῦν
2020 2124 2059 2162 τὸ
2079 2124 2188 2171 ἔλεος,
2208 2122 2268 2160 καὶ
2287 2121 2432 2163 ἔσὸεσας

1406 2180 1468 2226 τὴν
1486 2179 1632 2230 κάμινον
1650 2194 1657 2201 ·
1681 2177 1802 2229 θρέψον
1831 2176 2017 2230 ὀρφανοὺς,
2037 2177 2095 2214 καὶ
2128 2175 2331 2217 ἀπέκτεινας
2355 2171 2434 2216 τοὺς

1410 2233 1618 2283 ἀκοιμήτους
1647 2230 1853 2274 σκώληκας·
1884 2232 2015 2268 στεῖλον
2047 2228 2192 2281 δάκρυον
2219 2227 2349 2279 χήρας,
2375 2226 2435 2263 καὶ

1410 2283 1612 2335 ἀπέσμηξάς
1639 2299 1698 2320 σου
1720 2282 1782 2328 τὴν
1805 2282 1920 2333 ψυχὴν
1940 2286 1999 2319 τοῦ
2016 2282 2157 2324 πένθους
2175 2283 2244 2317 τῶν
2265 2281 2431 2330 ἁμαρτη-

1410 2337 1541 2388 μοίτων.
1562 2335 1628 2373 Διὰ
1646 2340 1745 2373 τοῦτο
1763 2335 1830 2385 γάρ
1854 2350 1907 2372 σοι
1924 2338 2034 2372 ταῦτα
2049 2334 2283 2384 ἀνέγνωσται,
2306 2329 2363 2368 ἵνα
2384 2329 2433 2379 μὴ

1407 2397 1475 2432 τοῖς
1494 2392 1608 2431 αὐτοῖς
1627 2387 1739 2439 ἴχνεσι
1757 2391 1816 2425 τοῦ
1844 2387 2070 2437 ἀνελεήμονος
2097 2384 2262 2424 πλουσίου
2284 2382 2409 2425 ἐπιὸὰς
2425 2411 2435 2427 ,

1410 2445 1456 2486 εἰς
1475 2442 1536 2489 τὴν
1562 2440 1666 2487 αὐτὴν
1683 2439 1855 2491 τιμωρίαν
1875 2442 1936 2484 τῆς
1954 2438 2093 2489 γεέννης
2108 2436 2274 2488 ἐμπέσῃς.
2295 2434 2345 2473 Σὺ
2366 2434 2401 2472 δὲ
2418 2438 2436 2472 ὁ

1354 2495 1516 2546 Ησπένης
1545 2494 1593 2544 μὴ
1626 2492 1804 2545 ὀλιγώρει,
1829 2491 1916 2542 μηδὲ
1939 2491 2126 2542 ἀποκάμῃς
2147 2492 2180 2527 ἐν
2201 2493 2243 2540 τῇ
2271 2486 2438 2541 τρικυμία

1366 2560 1391 2588 Α
1411 2551 1472 2595 τῆς
1496 2546 1615 2590 πενίας
1631 2545 1866 2595 κλονούμενος.
1887 2543 2080 2582 ’Λπόὸλεπε
2099 2542 2185 2594 πρὸς
2200 2541 2257 2580 τὸν
2277 2540 2436 2592 Λάζαρον

1411 2601 1468 2638 τὸν
1486 2597 1753 2651 λαμπρότατον·
1787 2600 1856 2634 ἐκεῖ
1882 2596 1942 2648 ἔχε
1970 2595 2155 2647 τεταμένον
2178 2595 2217 2633 τὸ
2247 2594 2346 2644 ὄμμα
2378 2591 2437 2630 καὶ

1412 2652 1546 2705 νύκτωρ
1562 2651 1621 2689 καὶ
1645 2653 1718 2702 μεθ’
1741 2649 1897 2701 ἡμέραν·
1921 2649 1976 2687 ἵνα
1997 2651 2047 2700 τῷ
2070 2647 2162 2685 οἴακι
2180 2650 2242 2692 τῆς
2261 2648 2438 2695 ὑπομονῆς

1413 2705 1586 2757 κυὸερνῶν
1604 2720 1663 2742 σου
1683 2702 1746 2749 τὴν
1767 2702 1857 2747 ζωὴν
1878 2704 1923 2744 εἰς
1940 2702 1997 2739 τὸν
2020 2701 2120 2738 αὐτὸν
2140 2698 2266 2749 λιμένα
2282 2701 2343 2744 τῆς
2360 2700 2440 2735 ἀνα-

1414 2757 1573 2811 παύσεως
1595 2755 1747 2807 φθάσῃς,
1772 2757 1804 2792 ἐν
1827 2756 1968 2805 Χριστῷ
1986 2754 2100 2799 Ἰησοῦ
2120 2755 2169 2804 τῷ
2191 2750 2308 2802 Κυρίῳ
2323 2752 2439 2801 ἡμῶν,

1416 2814 1444 2862 ᾧ
1460 2814 1482 2857 ἡ
1499 2809 1579 2853 δόξα
1601 2811 1647 2852 εἷς
1666 2808 1743 2850 τοὺς
1766 2809 1891 2849 αἰῶνας
1909 2810 1977 2845 ’τῶν
1999 2805 2146 2844 αἰώνων.
2168 2804 2289 2854 Ἀμήν.

1513 3265 1525 3280 ³
1549 3253 1651 3289 Savil.
1673 3261 1723 3292 τῆς
1740 3259 1869 3297 nov-apis
1885 3255 1987 3288 alaim
