2481 3678
699 216 740 244 ΙΝ
779 195 989 245 ,ΙἺΟΑΝΝΙΞΜ
1026 214 1181 244 llomL.
1222 212 1330 242 XXV.
1370 195 1431 241 al.

108 298 165 337 διὰ
196 303 254 338 τοῦ
276 297 515 350 βαπτίσματος
535 298 580 340 εἷς
603 295 660 334 τὸν
689 297 850 335 θάνατον·
873 296 934 335 καὶ
952 295 1071 344 πάλιν,
1085 294 1131 332 Ὁ

107 360 255 403 παλαιὸς
282 362 382 410 ἡμῶν
416 358 594 410 ἅνθρωπος
619 357 879 411 συνεσταυρώθη
895 373 902 380 ·
923 356 982 395 καὶ
1012 356 1132 402 πάλιν,

107 420 286 472 Σύμφυτοι
298 418 487 471 γεγόναμεν
503 420 552 470 τῷ
567 417 764 469 ὁμοιώματι
781 423 840 457 τοῦ
857 417 1004 456 Θανάτου
1015 417 1130 453 αὐτοῦ.

107 483 160 519 Οὐ
177 481 278 531 μόνον
294 479 329 518 δὲ
343 480 382 517 τὸ
401 478 585 529 βάπτισμα
600 479 746 531 σταυρὸς
757 478 895 528 λέγεται
906 507 916 525 ,
935 475 1025 514 ἀλλὰ
1040 474 1099 512 καὶ
1115 476 1132 511 ὃ

107 541 253 594 σταυρὸς
268 539 595 592 βάπτισμα.Τὸγὰρ
608 539 789 590 βάπτισμα
801 539 818 577 ὃ
829 536 897 588 ἐγὼ
907 535 1131 587 βαπτίζομαι,

106 602 211 654 φησὶ,
230 600 508 652 βαπτισθήσεσθε
520 615 527 623 ·
554 600 614 638 καὶ
628 601 746 647 πάλιν,
768 598 961 647 Βάπτισμα
980 596 1050 648 ἔχω
1068 597 1132 646 βα-

103 665 292 708 πτισθῆναι
300 692 310 709 ,
321 661 338 700 ὃ
351 665 447 711 ὑμεῖς
455 664 517 699 οὐκ
529 661 654 699 οἴδατε.
668 660 835 709 Καθάπερ
845 657 912 709 γὰρ
922 661 1023 708 ἡμεῖς
1038 655 1132 694 εὐκό-

103 726 172 767 λως
189 722 428 775 βαπτιζόμεθα
448 723 508 760 καὶ
528 721 735 771 ἀνανεύομεν
749 735 756 742 ·
773 718 864 758 οὕτω
883 719 943 756 καὶ
959 718 1059 761 αὐτὸς
1078 719 1132 755 εὖ·

104 784 214 828 κόλως
230 782 426 830 ἀποθανὼν,
442 782 498 821 ὅτε
514 781 695 830 ἠθέλησεν,
711 780 836 827 ἀνέστη
848 796 855 803 ·
873 781 1002 830 μᾶλλον
1021 777 1056 816 δὲ
1072 778 1132 816 καὶ

103 846 222 896 πολλῷ
245 847 338 896 ῥᾷον,
362 846 390 881 εἷ
423 844 483 882 καὶ
505 843 567 887 τὰς
586 848 677 895 τρεῖς
701 841 836 894 ἡμέρας
863 839 920 878 διὰ
943 838 1131 892 μυστηρίου

102 905 193 948 τινὸς
216 903 411 955 οἰκονομίαν
430 904 583 955 ἀνέμενε.

154 967 187 1004 Τ
188 965 379 1012 ηλικούτων
412 960 468 1003 oliv
503 964 703 1018 μυστηρίων
732 963 1002 1008 καταξιωθέντες
1017 992 1027 1010 ,
1058 961 1131 1014 βίον

104 1024 354 1076 ἐπιδειξώμεθα
384 1025 475 1069 ἄξιον
504 1029 567 1072 τῆς
598 1027 728 1079 δωρεᾶς
740 1056 749 1073 ,
775 1023 953 1063 πολιτείαν
973 1022 1130 1076 ἀρίστην.

102 1088 148 1125 Οἱ
169 1086 205 1124 δὲ
240 1086 386 1137 μηδέπω
413 1086 542 1125 τούτων
559 1086 828 1131 καταξιωθέντες
844 1116 853 1133 ,
886 1085 1002 1124 πάντα
1018 1084 1132 1137 πράτ-

100 1164 177 1186 τετε
195 1146 285 1186 ὥστε
300 1147 577 1196 καταξιωθῆναι,
596 1148 653 1187 ἵνα
676 1147 857 1200 γενώμεθα
885 1150 990 1198 σῶμα
1007 1145 1055 1192 ἓν,
1075 1145 1132 1183 ἵνα

102 1202 196 1260 εἶμεν
214 1209 367 1261 ἀδελφοί.
383 1209 476 1253 υΕως
497 1209 558 1261 μὲν
578 1209 645 1261 γὰρ
661 1210 700 1247 ἂν
720 1208 811 1247 κατὰ
826 1213 928 1247 τοῦτο
944 1207 1133 1253 διεστήκω-

1471 211 1595 241 xxiv.
2105 198 2189 259 169

1205 306 1296 330 crux
1330 290 1490 340 dicitur3
1511 290 1574 329 sed
1609 304 1698 328 crux
1726 304 1866 342 quoque
1891 293 2080 344 baptisma.
2110 297 2188 333 Ba·
2205 297 2366 351 ioum-mo.

1203 356 1344 405 ptismo
1373 366 1448 404 quo
1484 366 1551 404 ego
1575 354 1765 404 baptizor,
1791 366 1862 391 vos
1880 356 2188 405 baptizabimini;
2204 346 2390 407 iisnmsso.

1205 428 1246 451 ac
1275 428 1434 461 rursum,
1462 415 1664 465 Baptismo
1696 416 1818 451 haheo
1851 417 2055 466 baptizari,
2082 431 2192 468 quem

1206 490 1278 514 ‘vos
1296 478 1462 514 nescitis.
1483 475 1796 521 Quemadmodum
1817 476 1910 513 enim
1927 490 1989 513 nos
2008 477 2112 514 facilc
2132 478 2194 516 ha-

1205 537 1382 588 ptizamur
1399 545 1434 574 et
1452 537 1684 587 emergimus,
1707 536 1758 574 sic
1773 545 1806 573 et
1825 536 1886 574 ille
1914 546 2091 587 mortuus,
2113 552 2193 575 cum

1204 597 1335 647 voluit,
1359 597 1574 645 resurrexim
1588 597 1660 634 imo
1682 596 1786 647 longe
1812 597 1963 645 facilius,
1980 597 2117 635 etiamsi
2134 598 2194 635 tri-

1204 656 1276 696 duo
1295 671 1359 710 per
1376 657 1587 710 mysterium
1607 667 1640 696 et
1660 657 1891 696 oeconomiam
1908 657 2087 696 manserit.

1258 969 1294 1005 5.
1325 967 1478 1005 Talibus
1499 980 1582 1019 ergo
1595 966 1732 1018 dignati
1754 967 1946 1020 mysteriis,
1966 968 2077 1007 vitam
2095 977 2193 1007 tanto

1204 1031 1298 1067 dono
1326 1029 1471 1080 dignam
1496 1028 1749 1078 exhibeamus,
1775 1028 1951 1080 optimum
1979 1027 2192 1067 institutum.

1206 1089 1278 1137 Qui
1303 1104 1388 1129 vero
1414 1089 1573 1128 nondum
1591 1090 1648 1128 his
1666 1090 1804 1141 dignati
1830 1089 1927 1139 estis,
1948 1090 2065 1128 omnia
2092 1091 2196 1128 facite

1206 1160 1245 1188 ut
1276 1151 1320 1189 iis
1343 1152 1564 1203 dignemini,
1590 1161 1630 1189 ut
1646 1166 1759 1189 unum
1780 1165 1908 1203 corpus
1929 1152 2141 1197 efficiamur,
2157 1160 2196 1189 ut

1206 1212 1318 1250 simus
1343 1214 1479 1251 fratres.
1500 1212 1685 1260 Quamdiu
1714 1213 1808 1250 enim
1828 1213 1879 1250 sic
1893 1227 2111 1264 separamur,
2131 1213 2196 1250 etsi

105 1287 180 1321 μεν,
211 1269 274 1307 κᾶν
299 1270 418 1321 πατήρ
449 1286 502 1314 τις
529 1275 549 1322 ᾖ
567 1301 576 1318 ,
596 1270 659 1308 κᾶν
691 1271 855 1321 ἀδελφὸς,
878 1269 941 1307 κᾶν
962 1271 1131 1314 ὁστισοῦν,
1145 1291 1194 1318 147
1206 1282 1304 1324 pater
1318 1274 1397 1324 quis
1411 1274 1530 1322 fuerit,
1551 1273 1614 1311 etsi
1631 1273 1741 1321 filius,
1761 1272 1826 1310 etsi
1844 1274 1965 1323 frater,
1988 1273 2106 1323 quivis
2121 1282 2196 1310 tan-

103 1331 237 1370 οὗδέπω
256 1331 420 1383 συγγενής
437 1334 510 1370 ἔστι
526 1331 684 1383 γνήσιος,
703 1335 765 1378 τῆς
788 1332 916 1370 ἄνωθεν
937 1328 1133 1381 συγγενείας
1158 1330 1184 1358 Α
1206 1333 1287 1370 dem
1301 1334 1420 1382 fuerit,
1438 1334 1598 1371 nondum
1618 1347 1699 1371 vere
1721 1342 1891 1384 cognatus
1911 1342 1976 1381 est,
1997 1347 2079 1370 cum
2098 1347 2117 1370 a
2138 1347 2197 1370 su-

106 1391 368 1442 διεσπασμένος.
391 1391 439 1429 Τί
457 1391 525 1444 γὰρ
541 1392 659 1444 ὄφελος
681 1393 751 1430 ἀπὸ
769 1396 827 1430 τοῦ
848 1390 994 1438 πηλίνου
1015 1389 1133 1442 γένους

105 1455 298 1503 συνῆφθαι,
315 1452 396 1491 ὅταν
423 1453 492 1491 ἀπὸ
513 1458 572 1491 τοῦ
591 1458 828 1504 πνευματικοῦ
850 1452 897 1504 μὴ
922 1449 1135 1502 συνημμένοι

103 1506 220 1564 ὦμεν,
240 1519 336 1550 ποῖον
359 1512 394 1551 δὲ
414 1512 532 1566 κέρδος
551 1517 612 1560 τῆς
632 1515 665 1551 ἐν
683 1517 725 1563 τῆ
743 1517 786 1565 γῇ
809 1512 1031 1566 ἀγχιστείας,
1050 1511 1132 1549 ὅταν

105 1576 138 1612 ἐν
154 1580 224 1617 τοῖς
240 1575 395 1626 οὐρανοῖς
415 1573 588 1626 ἀλλότριοι
608 1566 724 1625 ὦμενς
740 1574 933 1627 Ἀλλότριος
948 1573 1016 1625 γὰρ
1031 1575 1049 1610 ὁ
1064 1587 1133 1609 κα-

104 1634 318 1687 τηχούμενος
336 1639 396 1673 τοῦ
411 1640 546 1674 πιστοῦ.
567 1637 620 1673 Οὐ
638 1635 705 1688 γὰρ
722 1634 794 1687 ἔχει
817 1635 970 1687 κεφαλὴν
990 1633 1054 1680 τὴν
1076 1635 1134 1670 αὐ-

104 1695 180 1744 τὴν,
212 1698 273 1734 οὐκ
295 1695 368 1748 ἔχει
394 1695 530 1749 πατέρα
556 1696 612 1734 τὸν
635 1696 749 1745 αὐτὸν,
773 1699 833 1735 οὐκ
853 1697 925 1748 ἔχει
943 1695 1043 1733 πόλιν
1071 1692 1133 1740 τὴν

107 1757 226 1805 αὐτὴν,
248 1759 285 1795 οὗ
308 1756 450 1809 τροφὴν,
471 1760 533 1795 οὐκ
552 1756 683 1808 ἔνδυμα
698 1787 707 1805 ,
738 1759 775 1796 οὖ
803 1756 991 1809 τράπεζαν,
1011 1757 1071 1793 οὐκ
1087 1755 1134 1792 οἷ-

104 1817 196 1865 κίαν,
225 1818 315 1856 ἀλλὰ
333 1817 449 1855 πάντα
477 1817 729 1868 ἐξηλλαγμένα.
750 1817 820 1856 Καὶ
848 1816 916 1869 γὰρ
937 1817 1054 1855 πάντα
1076 1815 1134 1853 ἐπὶ

107 1881 172 1930 γῆς
185 1877 341 1929 *tout-q),
357 1877 401 1915 τὰ
420 1878 535 1916 πάντα
565 1880 598 1915 ἓν
626 1880 779 1931 οὐρανοῖς
799 1877 918 1930 ἐκείνῳ
934 1893 941 1900 ·
976 1876 1135 1928 βασιλεὺς

106 1939 217 1991 τούτῳ
241 1943 258 1977 ὃ
278 1939 449 1991 Χριστὸς,
471 1938 590 1991 ἐκείνῳ
615 1938 649 1977 δὲ
672 1942 693 1985 ἡ
715 1938 872 1991 ἁμαρτία
896 1938 955 1976 καὶ
982 1941 1000 1975 ὃ
1021 1937 1136 1975 &0250-

105 2002 163 2044 λος
176 2016 184 2024 ·
206 1999 318 2053 τρυφὴ
336 1999 448 2053 τούτῳ
467 1999 529 2051 μὲν
555 2002 572 2037 ὁ
592 2000 763 2054 Χριστὸς,
789 1999 908 2052 ἐκείνῳ
929 1998 965 2036 δὲ
984 2002 1005 2046 ἡ
1027 2014 1135 2045 σηπο-

109 2061 194 2112 μένη
215 2061 274 2098 καὶ
302 2061 522 2113 φθειρομένη.
546 2060 615 2098 Καὶ
643 2061 773 2111 ἔνδυμα
796 2060 913 2108 πάλιν,
942 2059 1051 2112 τούτῳ
1074 2058 1136 2110 μὲν

106 2122 151 2160 τὰ
171 2125 284 2170 σητῶν
308 2122 392 2174 ἔργα
405 2153 414 2169 ,
435 2122 555 2174 ἐκείνῳ
577 2122 611 2160 δὲ
632 2125 650 2160 ὃ
666 2125 733 2160 τῶν
756 2122 910 2174 ἀγγέλων
935 2121 1115 2167 Δεσπότης
1128 2136 1135 2143 ·

107 2183 208 2227 πόλις
222 2214 231 2231 ,
251 2183 363 2235 τούτῳ
393 2183 453 2234 μὲν
473 2186 490 2220 ὃ
516 2183 656 2235 οὐρανὸς
670 2214 679 2230 ,
697 2182 816 2236 ἐκείνῳ
845 2183 880 2221 δὲ
902 2187 923 2230 ἡ
945 2186 1002 2234 γῆ.
1023 2181 1136 2220 ”Οταν

107 2238 164 2283 οῦν
189 2237 296 2295 μηδὲν
314 2244 449 2296 ἔχωμεν
470 2244 598 2291 κοινὸν,
612 2243 704 2282 κατὰ
723 2243 757 2282 τί
774 2244 1044 2294 κοινωνήσομεν,
1062 2242 1138 2281 εἶπέ

109 2321 188 2357 μοι;
212 2305 316 2343 Ἀλλὰ
344 2305 405 2348 τὰς
422 2305 526 2348 αὐτὰς
549 2304 719 2356 ἐλύσαμεν
741 2306 865 2350 ὠδῖνας
882 2337 891 2353 ,
917 2306 977 2344 καὶ
997 2308 1035 2343 ἐκ
1056 2311 1138 2355 μιᾶς

107 2367 324 2420 προήλθομεν
345 2366 515 2419 γαστρός;
532 2366 623 2404 Ἀλλ’
653 2366 746 2405 οὐδὲν
767 2372 867 2406 τοῦτο
894 2367 979 2418 πρὸς
1013 2366 1138 2417 συγγέ-

107 2444 199 2466 νειαν
231 2427 293 2477 τὴν
329 2427 598 2479 ἀκριὸεστάτην.
635 2428 898 2480 Σπουδάσωμεν
925 2427 1036 2466 τοίνυν
1075 2430 1137 2473 τῆς

109 2489 180 2527 ἅνω
210 2487 343 2531 πόλεως
359 2488 518 2540 γενέσθαι
552 2491 704 2527 πολῖται.
731 2489 848 2541 Μέχρι
876 2488 966 2532 τίνος
998 2488 1054 2525 ἐπὶ
1074 2490 1137 2533 τῆς

109 2547 292 2602 ὑπερορίας
326 2549 485 2599 μένομεν,
507 2548 581 2586 δέον
605 2549 667 2595 τὴν
692 2550 843 2601 ἀρχαίαν
865 2548 1019 2601 πατρίδα
1049 2551 1136 2586 ἀπο-

110 2609 252 2658 >aestu
287 2608 378 2647 Οὐδὲ
401 2608 467 2662 γὰρ
500 2608 580 2660 περὶ
611 2610 679 2646 τῶν
709 2609 882 2660 τυχόντων
922 2613 940 2647 ὃ
971 2608 1134 2650 κίνδυνος.

111 2671 202 2708 Ἀλλ’
225 2672 254 2708 εἰ
281 2669 432 2721 γένοιτο,
465 2669 483 2707 ὃ
515 2668 563 2719 μὴ
598 2668 748 2720 γένοιτο,
782 2669 1042 2722 ἀπροσδοκήτου
1075 2671 1136 2714 τῆς

110 2734 270 2777 τελευτῆς
297 2731 504 2777 ἐπελθούσης
519 2760 528 2778 ,
561 2730 734 2781 ἀμυήτους
762 2733 914 2769 ἐντεῦθεν
953 2731 1134 2778 ἀπελθεῖν,

111 2793 175 2831 κᾶν
200 2792 306 2846 μυρία
336 2791 472 2844 ἔχωμεν
504 2792 636 2843 ἀγαθὰ,
671 2791 764 2830 οὐδὲν
784 2797 878 2843 ἡμᾶς
898 2791 1013 2845 ἕτερον
1036 2793 1136 2829 ἱΙδια-

114 2853 270 2901 δέξεται,
302 2852 324 2898 ἢ
361 2853 481 2904 γέεννα
520 2852 580 2890 καὶ
617 2852 754 2900 σκώληξ
787 2853 940 2901 ἷοὸόλος,
972 2853 1032 2891 καὶ
1067 2856 1136 2904 πῦρ

113 2915 295 2962 degeo-rou,
321 2914 380 2952 καὶ
415 2914 529 2965 δεσμὰ
557 2915 680 2953 ἄλυτα.
700 2914 806 2953 Ἀλλὰ
835 2915 883 2966 μὴ
901 2914 1033 2966 γένοιτό
1060 2930 1136 2952 τινα

113 2979 181 3014 τῶν
211 2979 321 3013 ταῦτα
357 2975 548 3013 ἀκουόντων
579 2975 710 3022 ἐκείνης
742 2979 952 3028 πειραθῆναι
988 2979 1050 3022 τῆς
1082 2992 1138 3014 κο-

114 3036 257 3080 λάσεως.
275 3039 387 3075 Τοῦτο
408 3035 443 3075 δὲ
471 3037 587 3083 ἔσται,
617 3035 656 3074 ἂν
678 3039 746 3074 τῶν
769 3036 875 3088 ἁγίων
906 3036 1137 3081 καταξιωθέν-

162 3170 178 3187 '“
195 3176 242 3205 ἐπὶ
269 3180 319 3213 γῆς
342 3173 449 3213 τούτῳ,
467 3176 506 3204 τὰ
529 3177 627 3205 πάντα
644 3176 672 3204 ἐν
693 3175 822 3215 οὐρανοῖς
844 3175 953 3213 ἐκείνῳ.
975 3169 1059 3200 Hoec
1076 3181 1125 3201 re-

119 3224 234 3264 lativa,
252 3221 358 3265 inquit
376 3223 528 3265 Savilius,
546 3227 681 3266 τούτῳεῑ
694 3228 790 3266 ἐκείνῳ
804 3251 811 3265 ‚
826 3234 913 3254 nunc
940 3222 986 3253 ad
1010 3229 1123 3262 πιστόν,

118 3286 207 3307 nnnc
229 3275 275 3306 ad
303 3278 524 3318 κατηχούμενον
551 3275 746 3317 afferuntur,
766 3282 881 3306 contra
907 3273 1050 3318 rigidam
1078 3273 1126 3305 Ie-

119 3338 193 3369 gem
211 3327 347 3370 linguae,
371 3327 432 3358 sed
450 3338 516 3358 non
540 3334 653 3358 contra
671 3338 789 3358 morem
814 3337 920 3367 suum,
953 3326 1012 3369 qui
1037 3325 1126 3357 alias

121 3379 154 3408 in
173 3376 231 3409 lzoc
249 3389 365 3421 genere
381 3390 448 3409 ηοη
463 3378 565 3410 semel
578 3386 706 3421 peccat,
725 3385 759 3409 ut
782 3379 848 3409 suis
867 3378 899 3407 ίη
916 3377 998 3409 locis
1015 3384 1125 3409 oslen-

1205 1408 1313 1445 perna
1344 1395 1551 1445 cognatione
1577 1394 1621 1431 sit
1644 1394 1856 1432 abstractus.
1876 1394 1964 1440 Quae
1985 1394 2079 1432 enim
2098 1393 2196 1431 utili-

1205 1463 1258 1491 tas
1272 1468 1317 1492 ex
1337 1455 1423 1492 lutei
1441 1454 1578 1505 generis
1595 1454 1854 1505 conjunctione,
1869 1468 1952 1491 cum
1965 1454 2197 1506 spiritualiter

1206 1528 1276 1551 non
1291 1529 1413 1552 sumus
1435 1514 1641 1565 conjuncti?
1657 1513 1756 1563 quod
1780 1513 1921 1551 lucrum
1947 1522 2091 1551 terrenae
2116 1514 2196 1550 affi-

1206 1574 1339 1624 nitatis,
1357 1590 1438 1613 cum
1467 1576 1504 1613 in
1525 1575 1620 1613 caelis
1646 1588 1770 1612 sumus
1792 1574 1975 1612 extranei?
1994 1575 2196 1612 Extraneus
2231 1592 2396 1621 cathechu-

1206 1636 1339 1688 quippe
1354 1645 1405 1673 est
1419 1636 1693 1674 catechumenus
1717 1634 1828 1673 fideli.
1849 1636 1971 1685 Neque
1987 1634 2081 1673 enim
2103 1634 2196 1672 idem
2212 1636 2289 1701 3‘011'1
2304 1634 2398 1662 fideli-

1206 1696 1325 1748 ipsum
1338 1706 1444 1749 caput
1457 1696 1577 1746 habet,
1592 1709 1660 1733 non
1679 1694 1843 1733 eumdem
1859 1705 2007 1748 patrem,
2018 1709 2085 1733 non
2104 1709 2197 1733 eam·
2213 1685 2264 1743 ῃὲῑ
2277 1681 2400 1744 ,sti-{ifa-

1206 1757 1288 1795 clem
1310 1757 1501 1807 civitatem,
1519 1771 1588 1795 non
1615 1770 1741 1805 escam,
1758 1770 1828 1794 non
1851 1756 2100 1794 indumentum
2128 1771 2199 1794 non

1207 1832 1378 1869 mensam,
1399 1818 1461 1856 sed
1477 1818 1594 1856 omnia
1607 1826 1798 1869 segregata.
1820 1817 1963 1855 Etenim
1983 1817 2068 1855 huic
2081 1817 2199 1855 omnia

1206 1879 1242 1917 in
1254 1889 1359 1929 terra,
1378 1880 1434 1917 illi
1450 1880 1568 1917 omnia
1583 1879 1620 1916 in
1642 1879 1728 1916 caelo
1741 1894 1748 1915 :
1762 1878 1848 1917 huic
1866 1879 2029 1917 Christus
2052 1893 2116 1917 rex
2131 1887 2197 1928 est,

1207 1941 1262 1979 illi
1280 1951 1467 1994 peccatum
1486 1950 1519 1979 et
1542 1940 1709 1978 diabolus
1728 1956 1735 1976 :
1754 1940 1840 1977 huic
1860 1940 2024 1978 Christus
2044 1940 2197 1987 deliciae,

1207 2003 1262 2040 illi
1285 2003 1477 2054 corruptio.
1498 2001 1753 2040 Indumentum
1778 2015 1918 2053 quoque
1946 2001 2001 2038 illi
2021 2001 2200 2040 vermium

1162 2058 1186 2088 Β
1209 2078 1328 2116 opera,
1344 2064 1430 2101 huic
1448 2064 1656 2116 angelorum
1674 2062 1849 2100 Dominus
1866 2077 1873 2097 :
1890 2061 2014 2100 civitas
2035 2062 2119 2099 huic
2134 2076 2200 2099 cae-

1208 2125 1298 2173 lum,
1319 2124 1373 2162 illi
1400 2133 1504 2162 terra.
1527 2125 1619 2162 Cum
1640 2137 1723 2175 ergo
1747 2122 1839 2160 nihil
1856 2136 2041 2160 commune
2069 2122 2199 2160 habea-

1209 2201 1301 2236 mus,
1324 2186 1360 2223 in
1390 2200 1475 2236 quo,
1499 2199 1629 2236 quaeso,
1646 2183 2015 2222 communicabimus?
2044 2183 2114 2222 Sed
2142 2198 2199 2221 eo-

1207 2246 1288 2285 dem
1322 2257 1441 2300 partu,
1460 2262 1506 2285 ex
1543 2246 1666 2284 eadem
1701 2245 1810 2285 vulva
1829 2244 2046 2297 prodimus?
2062 2246 2198 2284 Verum

1211 2322 1322 2359 neque
1341 2309 1410 2347 boc
1430 2308 1562 2346 sufficit
1581 2307 1625 2345 ad
1642 2307 1834 2358 genuinam
1851 2305 2198 2356 cognationem.Stu-

1209 2368 1355 2407 deamus
1377 2369 1501 2421 igitur,
1521 2378 1561 2407 ut
1588 2381 1748 2420 supernae
1773 2366 1929 2406 civitatis
1959 2365 2052 2402 cives
2073 2365 2195 2403 simus.

1209 2431 1405 2481 Quousque
1421 2431 1457 2468 in
1473 2429 1600 2467 exsilio
1626 2441 1824 2475 manemus,
1847 2439 1928 2462 cum
1944 2433 2121 2476 oporteret
2136 2439 2197 2464 vc-

1210 2501 1321 2528 terem
1350 2499 1506 2542 repetere
1535 2487 1713 2540 patriam?
1728 2488 1849 2535 Neque
1868 2485 1963 2522 enim
1983 2484 2028 2523 de
2058 2499 2096 2523 re
2117 2485 2198 2522 nul-

1208 2552 1279 2589 lius
1315 2551 1420 2603 pretii
1454 2549 1653 2601 periculum
1686 2556 1747 2585 est.
1769 2545 1840 2585 Sed
1869 2546 1898 2584 si
1934 2545 2084 2594 accidat,
2102 2545 2198 2596 quod

1209 2614 1305 2650 Deus
1319 2619 1469 2657 avertat,
1484 2610 1722 2660 inexspectata
1734 2616 1846 2645 morte
1859 2620 1928 2645 non
1943 2606 2100 2644 initiatos
2113 2606 2197 2644 hinc
2213 2597 2400 2674 ‘'iffi'mffi‘gff}

1208 2672 1338 2723 abripi,
1361 2671 1468 2708 etiam
1496 2669 1526 2707 si
1553 2668 1652 2706 mille
1680 2667 1782 2705 bonis
1807 2667 1971 2705 instructi
1997 2667 2123 2716 simus,
2144 2668 2306 2705 ni-smum
2340 2679 2401 2706 dis-

1208 2733 1261 2769 hil
1275 2731 1375 2770 aliud
1390 2744 1453 2768 nos
1467 2729 1632 2781 excipiet,
1650 2742 1757 2780 quam
1773 2728 1931 2779 gehenna
1949 2737 1981 2766 et
1995 2728 2125 2767 vermis
2139 2743 2196 2767 ve·
2211 2720 2401 2788 ξζζζῖῗᾞιὲζ

1209 2802 1368 2841 nenatus,
1381 2792 1474 2843 ignis
1493 2789 1807 2841 inexstinguibilis,
1817 2789 1961 2827 vincula
1980 2789 2196 2828 insolubilia.
2214 2787 2284 2830 som.

1210 2856 1346 2894 Verum
1371 2851 1464 2890 absit
1490 2860 1529 2888 ut
1549 2850 1727 2903 quispiam
1753 2849 1958 2887 auditorum
1979 2850 2199 2902 supplicium

1209 2915 1301 2953 illud
1320 2914 1533 2967 experiatur.
1545 2912 1653 2959 Quod
1667 2911 1875 2959 vitabimus,
1896 2911 1926 2949 si
1941 2912 2049 2949 sacris
2068 2920 2200 2963 myste-

1209 2977 1273 3014 riis
1295 2974 1445 3027 dignati,
1461 2987 1600 3022 aurum,
1616 2982 1804 3024 argentum
1823 2981 1855 3009 et
1871 2971 2008 3024 lapides
2028 2972 2199 3023 pretiosos

1209 3051 1275 3090 pro
1291 3035 1518 3074 fundamento
1533 3048 1721 3087 ponamus.
1742 3032 1802 3071 Sic
1817 3032 1911 3070 enim
1929 3032 2122 3084 poterimus
2137 3031 2199 3069 illo

2231 2555 2336 2582 Contra
2352 2555 2400 2582 Ca-

1190 3169 1288 3200 ιῑίιιιν.
1320 3168 1442 3200 Verum
1469 3165 1502 3199 id
1529 3166 1667 3198 fortasse
1684 3163 1896 3197 librariorum
1924 3162 2057 3195 incuriae
2074 3161 2200 3195 adscri-

1191 3219 1301 3254 batur.
1330 3220 1420 3262 [Mox
1443 3229 1504 3261 pro
1529 3226 1625 3264 τρυρή
1651 3215 1754 3249 sax-il.
1773 3224 1806 3248 et
1831 3224 1967 3258 uterque
1983 3214 2067 3248 Cod.
2087 3222 2198 3246 noster

1192 3281 1298 3318 τροφή.
1323 3271 1416 3303 Infra
1439 3281 1478 3302 ex
1504 3268 1622 3302 iisdem
1649 3267 1805 3300 articulos
1831 3275 1908 3300 ante
1930 3271 2081 3309 ἀγγέλων,
2109 3270 2199 3310 οὐρα,-

1193 3334 1237 3364 vig
1251 3334 1283 3358 et
1296 3329 1512 3370 ἀκριέεστάτην
1529 3321 1738 3365 adjecimus]

1236 3387 1249 3401 ἢ
1266 3376 1380 3409 Morcl.
1400 3378 1572 3414 δςαῦέξετκε.
1590 3371 1692 3406 Savil,
1713 3378 1846 3415 λήψεται.
