<?xml version="1.0" encoding="UTF-8"?>
<!DOCTYPE html PUBLIC "-//W3C//DTD XHTML 1.0 Transitional//EN"
    "http://www.w3.org/TR/xhtml1/DTD/xhtml1-transitional.dtd">
<html xmlns="http://www.w3.org/1999/xhtml" xml:lang="en" lang="en">
 <head>
  <title>
</title>
<meta http-equiv="Content-Type" content="text/html;charset=utf-8" />
  <meta name='ocr-system' content='tesseract 3.04.00' />
  <meta name='ocr-capabilities' content='ocr_page ocr_carea ocr_par ocr_line ocrx_word'/>
</head>
<body>
  <div class='ocr_page' id='page_1' title='image "./operaomniaquaeex08johnuoft/operaomniaquaeex08johnuoft_0401.png"; bbox 0 0 2481 3678; ppageno 0'>
   <div class='ocr_carea' id='block_1_1' title="bbox 750 201 1360 235">
    <p class='ocr_par' dir='ltr' id='par_1_1' title="bbox 750 201 1360 235">
     <span class='ocr_line' id='line_1_1' title="bbox 750 201 1360 235; baseline -0.008 -1"><span class='ocrx_word' id='word_1_1' title='bbox 750 205 791 235; x_wconf 71' lang='lat' dir='ltr'><strong>{N</strong></span> <span class='ocrx_word' id='word_1_2' title='bbox 830 203 1039 234; x_wconf 64' lang='lat' dir='ltr'><strong>JoxNNEM</strong></span> <span class='ocrx_word' id='word_1_3' title='bbox 1077 201 1230 232; x_wconf 76' lang='lat' dir='ltr'><strong>nomn..</strong></span> <span class='ocrx_word' id='word_1_4' title='bbox 1276 201 1360 230; x_wconf 80' lang='lat' dir='ltr'>LVI.</span> 
     </span>
    </p>
   </div>
   <div class='ocr_carea' id='block_1_2' title="bbox 101 285 1143 2045">
    <p class='ocr_par' dir='ltr' id='par_1_2' title="bbox 118 285 1143 462">
     <span class='ocr_line' id='line_1_2' title="bbox 121 285 1143 338; baseline -0.003 -12"><span class='ocrx_word' id='word_1_5' title='bbox 121 302 196 338; x_wconf 85' lang='grc' dir='ltr'>μεν,</span> <span class='ocrx_word' id='word_1_6' title='bbox 216 291 354 328; x_wconf 76' lang='grc' dir='ltr'>κάκεῖνο</span> <span class='ocrx_word' id='word_1_7' title='bbox 386 286 557 338; x_wconf 80' lang='grc' dir='ltr'>δώσομεν,</span> <span class='ocrx_word' id='word_1_8' title='bbox 591 288 643 326; x_wconf 77' lang='grc' dir='ltr'>ὅτι</span> <span class='ocrx_word' id='word_1_9' title='bbox 677 285 745 338; x_wconf 82' lang='grc' dir='ltr'><strong>πρὸ</strong></span> <span class='ocrx_word' id='word_1_10' title='bbox 773 287 937 337; x_wconf 86' lang='grc' dir='ltr'>γενέσεως</span> <span class='ocrx_word' id='word_1_11' title='bbox 969 285 1143 336; x_wconf 75' lang='grc' dir='ltr'>ἥμαρτεν.</span> 
     </span>
     <span class='ocr_line' id='line_1_3' title="bbox 119 342 1140 402; baseline -0.006 -14.923"><span class='ocrx_word' id='word_1_12' title='bbox 119 349 257 402; x_wconf 61' lang='lat' dir='ltr'><strong>“stc-trega</strong></span> <span class='ocrx_word' id='word_1_13' title='bbox 274 344 331 388; x_wconf 73' lang='grc' dir='ltr'><strong>οῧν</strong></span> <span class='ocrx_word' id='word_1_14' title='bbox 350 348 468 396; x_wconf 83' lang='grc' dir='ltr'>εἰπὼν,</span> <span class='ocrx_word' id='word_1_15' title='bbox 488 347 540 386; x_wconf 82' lang='grc' dir='ltr'>ὅτι</span> <span class='ocrx_word' id='word_1_16' title='bbox 559 348 651 386; x_wconf 79' lang='grc' dir='ltr'>Οὔτε</span> <span class='ocrx_word' id='word_1_17' title='bbox 669 342 766 391; x_wconf 67' lang='grc' dir='ltr'>οἶτος</span> <span class='ocrx_word' id='word_1_18' title='bbox 785 347 953 399; x_wconf 80' lang='grc' dir='ltr'>ἥμαρτεν,</span> <span class='ocrx_word' id='word_1_19' title='bbox 980 348 1018 384; x_wconf 85' lang='lat'>06</span> <span class='ocrx_word' id='word_1_20' title='bbox 1040 348 1140 383; x_wconf 79' lang='grc' dir='ltr'>τοῦτο</span> 
     </span>
     <span class='ocr_line' id='line_1_4' title="bbox 118 407 1137 462; baseline -0.006 -15"><span class='ocrx_word' id='word_1_21' title='bbox 118 410 237 462; x_wconf 85' lang='grc' dir='ltr'>λεγει,</span> <span class='ocrx_word' id='word_1_22' title='bbox 260 427 313 449; x_wconf 86' lang='grc' dir='ltr'><strong>οτι</strong></span> <span class='ocrx_word' id='word_1_23' title='bbox 338 409 387 447; x_wconf 84' lang='grc' dir='ltr'>ἔνι</span> <span class='ocrx_word' id='word_1_24' title='bbox 406 411 445 448; x_wconf 83' lang='grc' dir='ltr'><strong>ἐκ</strong></span> <span class='ocrx_word' id='word_1_25' title='bbox 468 412 607 459; x_wconf 71' lang='grc' dir='ltr'>γενετῆς</span> <span class='ocrx_word' id='word_1_26' title='bbox 634 409 802 461; x_wconf 76' lang='grc' dir='ltr'>ἁμαρτεῖν</span> <span class='ocrx_word' id='word_1_27' title='bbox 827 423 887 446; x_wconf 85' lang='grc' dir='ltr'><strong>και</strong></span> <span class='ocrx_word' id='word_1_28' title='bbox 907 407 1137 450; x_wconf 78' lang='grc' dir='ltr'>κολασθῆναι·</span> 
     </span>
    </p>

    <p class='ocr_par' dir='ltr' id='par_1_3' title="bbox 101 464 1140 2045">
     <span class='ocr_line' id='line_1_5' title="bbox 116 464 1138 522; baseline -0.008 -13"><span class='ocrx_word' id='word_1_29' title='bbox 116 471 224 514; x_wconf 71' lang='grc' dir='ltr'>οὕτως</span> <span class='ocrx_word' id='word_1_30' title='bbox 240 469 358 516; x_wconf 86' lang='grc' dir='ltr'>εἰπὼν,</span> <span class='ocrx_word' id='word_1_31' title='bbox 373 470 463 509; x_wconf 84' lang='grc' dir='ltr'>Οὔτε</span> <span class='ocrx_word' id='word_1_32' title='bbox 481 472 512 508; x_wconf 83' lang='grc' dir='ltr'>οἱ</span> <span class='ocrx_word' id='word_1_33' title='bbox 529 475 638 522; x_wconf 71' lang='grc' dir='ltr'>γοιεῖς</span> <span class='ocrx_word' id='word_1_34' title='bbox 654 471 777 516; x_wconf 81' lang='grc' dir='ltr'>αὐτοῦ,</span> <span class='ocrx_word' id='word_1_35' title='bbox 796 470 834 506; x_wconf 86' lang='lat'>06</span> <span class='ocrx_word' id='word_1_36' title='bbox 847 482 946 506; x_wconf 90' lang='grc' dir='ltr'>τουτο</span> <span class='ocrx_word' id='word_1_37' title='bbox 965 470 1071 512; x_wconf 86' lang='grc' dir='ltr'>εἶπεν,</span> <span class='ocrx_word' id='word_1_38' title='bbox 1085 464 1138 501; x_wconf 80' lang='grc' dir='ltr'>ὅτι</span> 
     </span>
     <span class='ocr_line' id='line_1_6' title="bbox 114 523 1139 583; baseline -0.007 -15"><span class='ocrx_word' id='word_1_39' title='bbox 114 531 163 569; x_wconf 87' lang='grc' dir='ltr'>ἔνι</span> <span class='ocrx_word' id='word_1_40' title='bbox 183 531 241 570; x_wconf 77' lang='grc' dir='ltr'><strong>διὰ</strong></span> <span class='ocrx_word' id='word_1_41' title='bbox 259 531 379 583; x_wconf 83' lang='grc' dir='ltr'>γονέας</span> <span class='ocrx_word' id='word_1_42' title='bbox 397 532 623 576; x_wconf 80' lang='grc' dir='ltr'>κολασθῆναι.</span> <span class='ocrx_word' id='word_1_43' title='bbox 644 529 715 568; x_wconf 86' lang='grc' dir='ltr'><strong>Και</strong></span> <span class='ocrx_word' id='word_1_44' title='bbox 735 528 802 582; x_wconf 82' lang='grc' dir='ltr'><strong>γὰρ</strong></span> <span class='ocrx_word' id='word_1_45' title='bbox 822 527 879 566; x_wconf 83' lang='grc' dir='ltr'><strong>διὰ</strong></span> <span class='ocrx_word' id='word_1_46' title='bbox 893 530 952 565; x_wconf 80' lang='grc' dir='ltr'><strong>τοῦ</strong></span> <span class='ocrx_word' id='word_1_47' title='bbox 971 523 1139 572; x_wconf 83' lang='grc' dir='ltr'>Ἰεζεκιὴλ</span> 
     </span>
     <span class='ocr_line' id='line_1_7' title="bbox 114 586 1139 644; baseline -0.007 -14"><span class='ocrx_word' id='word_1_48' title='bbox 114 592 244 640; x_wconf 85' lang='grc' dir='ltr'>ταύτην</span> <span class='ocrx_word' id='word_1_49' title='bbox 266 596 399 644; x_wconf 85' lang='grc' dir='ltr'>ἀναιρεῖ</span> <span class='ocrx_word' id='word_1_50' title='bbox 417 592 481 639; x_wconf 82' lang='grc' dir='ltr'><strong>τὴν</strong></span> <span class='ocrx_word' id='word_1_51' title='bbox 501 591 684 630; x_wconf 79' lang='grc' dir='ltr'>ὑπόνοιαν·</span> <span class='ocrx_word' id='word_1_52' title='bbox 704 592 792 628; x_wconf 81' lang='grc' dir='ltr'><strong>Ζῶ’</strong></span> <span class='ocrx_word' id='word_1_53' title='bbox 778 605 868 641; x_wconf 85' lang='grc' dir='ltr'>εγω,</span> <span class='ocrx_word' id='word_1_54' title='bbox 882 587 976 638; x_wconf 87' lang='grc' dir='ltr'>λέγει</span> <span class='ocrx_word' id='word_1_55' title='bbox 994 586 1139 638; x_wconf 81' lang='grc' dir='ltr'>Κύριος,</span> 
     </span>
     <span class='ocr_line' id='line_1_8' title="bbox 115 647 1138 706; baseline -0.009 -13"><span class='ocrx_word' id='word_1_56' title='bbox 115 657 145 693; x_wconf 87' lang='grc' dir='ltr'><strong>εἷ</strong></span> <span class='ocrx_word' id='word_1_57' title='bbox 177 655 275 693; x_wconf 86' lang='grc' dir='ltr'>ἔσται</span> <span class='ocrx_word' id='word_1_58' title='bbox 293 658 315 701; x_wconf 85' lang='grc' dir='ltr'>ἠ</span> <span class='ocrx_word' id='word_1_59' title='bbox 339 669 409 692; x_wconf 88' lang='grc' dir='ltr'><strong>πα</strong></span> <span class='ocrx_word' id='word_1_60' title='bbox 395 652 525 706; x_wconf 57' lang='grc' dir='ltr'><strong>ι,αὸολὴ</strong></span> <span class='ocrx_word' id='word_1_61' title='bbox 555 652 643 699; x_wconf 78' lang='grc' dir='ltr'>αὕτη</span> <span class='ocrx_word' id='word_1_62' title='bbox 667 656 688 698; x_wconf 86' lang='grc' dir='ltr'>ἡ</span> <span class='ocrx_word' id='word_1_63' title='bbox 714 649 969 702; x_wconf 82' lang='grc' dir='ltr'>λεγομένη·οἷ</span> <span class='ocrx_word' id='word_1_64' title='bbox 990 647 1138 701; x_wconf 79' lang='grc' dir='ltr'>πατέρες</span> 
     </span>
     <span class='ocr_line' id='line_1_9' title="bbox 114 710 1138 768; baseline -0.004 -15"><span class='ocrx_word' id='word_1_65' title='bbox 114 716 240 768; x_wconf 72' lang='grc' dir='ltr'>ἔφαγον</span> <span class='ocrx_word' id='word_1_66' title='bbox 258 715 422 767; x_wconf 75' lang='grc' dir='ltr'>ὄμφακα,</span> <span class='ocrx_word' id='word_1_67' title='bbox 440 715 500 753; x_wconf 82' lang='grc' dir='ltr'><strong>καὶ</strong></span> <span class='ocrx_word' id='word_1_68' title='bbox 523 718 554 753; x_wconf 88' lang='grc' dir='ltr'>οἱ</span> <span class='ocrx_word' id='word_1_69' title='bbox 573 714 706 756; x_wconf 81' lang='grc' dir='ltr'>ὀδόντες</span> <span class='ocrx_word' id='word_1_70' title='bbox 727 728 796 749; x_wconf 90' lang='grc' dir='ltr'><strong>των</strong></span> <span class='ocrx_word' id='word_1_71' title='bbox 817 710 946 748; x_wconf 86' lang='grc' dir='ltr'>τέκνων</span> <span class='ocrx_word' id='word_1_72' title='bbox 963 710 1138 761; x_wconf 54' lang='grc' dir='ltr'><strong>ΕΙὡμοδίοι-</strong></span> 
     </span>
     <span class='ocr_line' id='line_1_10' title="bbox 114 774 1140 826; baseline -0.005 -13"><span class='ocrx_word' id='word_1_73' title='bbox 114 791 191 814; x_wconf 90' lang='grc' dir='ltr'>σαν.</span> <span class='ocrx_word' id='word_1_74' title='bbox 221 776 292 814; x_wconf 83' lang='grc' dir='ltr'><strong>Καὶ</strong></span> <span class='ocrx_word' id='word_1_75' title='bbox 310 780 327 814; x_wconf 88' lang='grc' dir='ltr'>ὃ</span> <span class='ocrx_word' id='word_1_76' title='bbox 346 778 500 821; x_wconf 76' lang='grc' dir='ltr'>Μωῦσῆς</span> <span class='ocrx_word' id='word_1_77' title='bbox 519 774 556 812; x_wconf 83' lang='grc' dir='ltr'><strong>δέ</strong></span> <span class='ocrx_word' id='word_1_78' title='bbox 586 789 706 826; x_wconf 84' lang='grc' dir='ltr'>φησιν·</span> <span class='ocrx_word' id='word_1_79' title='bbox 729 774 807 811; x_wconf 85' lang='grc' dir='ltr'><strong>Οὐκ</strong></span> <span class='ocrx_word' id='word_1_80' title='bbox 829 774 1053 809; x_wconf 75' lang='grc' dir='ltr'>ἀποθανεῖται</span> <span class='ocrx_word' id='word_1_81' title='bbox 1071 787 1140 809; x_wconf 86' lang='grc' dir='ltr'><strong>πα-</strong></span> 
     </span>
     <span class='ocr_line' id='line_1_11' title="bbox 113 832 1140 889; baseline -0.005 -14"><span class='ocrx_word' id='word_1_82' title='bbox 113 836 180 888; x_wconf 78' lang='grc' dir='ltr'><strong>τὴρ</strong></span> <span class='ocrx_word' id='word_1_83' title='bbox 205 836 292 889; x_wconf 76' lang='grc' dir='ltr'>ὑπὲρ</span> <span class='ocrx_word' id='word_1_84' title='bbox 310 836 442 875; x_wconf 87' lang='grc' dir='ltr'>τέκνου,</span> <span class='ocrx_word' id='word_1_85' title='bbox 462 836 532 874; x_wconf 80' lang='grc' dir='ltr'><strong>Καὶ</strong></span> <span class='ocrx_word' id='word_1_86' title='bbox 550 834 630 887; x_wconf 74' lang='grc' dir='ltr'>περὶ</span> <span class='ocrx_word' id='word_1_87' title='bbox 651 833 741 877; x_wconf 82' lang='grc' dir='ltr'>τινὸς</span> <span class='ocrx_word' id='word_1_88' title='bbox 764 832 934 884; x_wconf 84' lang='grc' dir='ltr'>βασιλέως</span> <span class='ocrx_word' id='word_1_89' title='bbox 950 832 1066 884; x_wconf 74' lang='grc' dir='ltr'>φησὶν,</span> <span class='ocrx_word' id='word_1_90' title='bbox 1086 832 1140 871; x_wconf 77' lang='grc' dir='ltr'>ὅτι</span> 
     </span>
     <span class='ocr_line' id='line_1_12' title="bbox 114 892 1138 946; baseline -0.006 -10"><span class='ocrx_word' id='word_1_91' title='bbox 114 898 171 936; x_wconf 80' lang='grc' dir='ltr'><strong>διὰ</strong></span> <span class='ocrx_word' id='word_1_92' title='bbox 201 903 302 936; x_wconf 75' lang='grc' dir='ltr'>τοῦτο</span> <span class='ocrx_word' id='word_1_93' title='bbox 315 902 414 936; x_wconf 82' lang='grc' dir='ltr'>τοῦτο</span> <span class='ocrx_word' id='word_1_94' title='bbox 434 899 494 934; x_wconf 84' lang='grc' dir='ltr'>οὐκ</span> <span class='ocrx_word' id='word_1_95' title='bbox 513 895 668 943; x_wconf 83' lang='grc' dir='ltr'>ἐποίησε,</span> <span class='ocrx_word' id='word_1_96' title='bbox 687 894 868 946; x_wconf 74' lang='grc' dir='ltr'>φυλάττων</span> <span class='ocrx_word' id='word_1_97' title='bbox 887 892 944 931; x_wconf 78' lang='grc' dir='ltr'><strong>τὸν</strong></span> <span class='ocrx_word' id='word_1_98' title='bbox 962 893 1138 938; x_wconf 75' lang='grc' dir='ltr'>Μωυσέως</span> 
     </span>
     <span class='ocr_line' id='line_1_13' title="bbox 111 948 1137 1006; baseline -0.003 -13"><span class='ocrx_word' id='word_1_99' title='bbox 111 956 228 1005; x_wconf 86' lang='grc' dir='ltr'>νόμον.</span> <span class='ocrx_word' id='word_1_100' title='bbox 250 958 292 994; x_wconf 81' lang='grc' dir='ltr'><strong>Εἰ</strong></span> <span class='ocrx_word' id='word_1_101' title='bbox 320 955 355 994; x_wconf 79' lang='grc' dir='ltr'><strong>δὲ</strong></span> <span class='ocrx_word' id='word_1_102' title='bbox 374 955 466 1006; x_wconf 84' lang='grc' dir='ltr'>λέγει</span> <span class='ocrx_word' id='word_1_103' title='bbox 485 970 536 998; x_wconf 88' lang='grc' dir='ltr'><strong>τις</strong></span> <span class='ocrx_word' id='word_1_104' title='bbox 550 985 560 1002; x_wconf 90' lang='grc'>,</span> <span class='ocrx_word' id='word_1_105' title='bbox 579 957 654 998; x_wconf 84' lang='grc' dir='ltr'><strong>πῶς</strong></span> <span class='ocrx_word' id='word_1_106' title='bbox 675 948 731 992; x_wconf 70' lang='grc' dir='ltr'><strong>οῧν</strong></span> <span class='ocrx_word' id='word_1_107' title='bbox 760 953 921 1006; x_wconf 85' lang='grc' dir='ltr'>εἴρηται,</span> <span class='ocrx_word' id='word_1_108' title='bbox 946 952 990 991; x_wconf 88' lang='grc' dir='ltr'>Ὁ</span> <span class='ocrx_word' id='word_1_109' title='bbox 1012 953 1137 991; x_wconf 81' lang='grc' dir='ltr'>ἀποδι-</span> 
     </span>
     <span class='ocr_line' id='line_1_14' title="bbox 111 1014 1139 1069; baseline -0.002 -14"><span class='ocrx_word' id='word_1_110' title='bbox 111 1017 188 1062; x_wconf 83' lang='grc' dir='ltr'>δοὺς</span> <span class='ocrx_word' id='word_1_111' title='bbox 207 1016 380 1069; x_wconf 84' lang='grc' dir='ltr'>ἁμαρτίας</span> <span class='ocrx_word' id='word_1_112' title='bbox 395 1016 522 1067; x_wconf 80' lang='grc' dir='ltr'>γονέων</span> <span class='ocrx_word' id='word_1_113' title='bbox 540 1016 596 1055; x_wconf 82' lang='grc' dir='ltr'>ἐπὶ</span> <span class='ocrx_word' id='word_1_114' title='bbox 611 1015 717 1054; x_wconf 84' lang='grc' dir='ltr'>τέκνα</span> <span class='ocrx_word' id='word_1_115' title='bbox 732 1016 790 1053; x_wconf 78' lang='grc' dir='ltr'>ἐπὶ</span> <span class='ocrx_word' id='word_1_116' title='bbox 805 1014 926 1068; x_wconf 83' lang='grc' dir='ltr'>τρίτην</span> <span class='ocrx_word' id='word_1_117' title='bbox 940 1014 1000 1052; x_wconf 84' lang='grc' dir='ltr'><strong>καὶ</strong></span> <span class='ocrx_word' id='word_1_118' title='bbox 1017 1014 1139 1067; x_wconf 83' lang='grc' dir='ltr'>τετάρ-</span> 
     </span>
     <span class='ocr_line' id='line_1_15' title="bbox 109 1074 1135 1130; baseline -0.003 -14"><span class='ocrx_word' id='word_1_119' title='bbox 109 1095 173 1126; x_wconf 84' lang='grc' dir='ltr'><strong>την</strong></span> <span class='ocrx_word' id='word_1_120' title='bbox 193 1079 332 1130; x_wconf 73' lang='grc' dir='ltr'>γενεάν,</span> <span class='ocrx_word' id='word_1_121' title='bbox 351 1080 460 1116; x_wconf 77' lang='grc' dir='ltr'>ἐκεῖνο</span> <span class='ocrx_word' id='word_1_122' title='bbox 480 1076 520 1115; x_wconf 79' lang='grc' dir='ltr'>ἂν</span> <span class='ocrx_word' id='word_1_123' title='bbox 541 1077 712 1128; x_wconf 73' lang='grc' dir='ltr'>εἴποιμεν,</span> <span class='ocrx_word' id='word_1_124' title='bbox 727 1076 779 1114; x_wconf 70' lang='grc' dir='ltr'>ὅτι</span> <span class='ocrx_word' id='word_1_125' title='bbox 799 1079 861 1115; x_wconf 80' lang='grc' dir='ltr'>οὐκ</span> <span class='ocrx_word' id='word_1_126' title='bbox 875 1076 949 1114; x_wconf 83' lang='grc' dir='ltr'>ἔστι</span> <span class='ocrx_word' id='word_1_127' title='bbox 968 1074 1135 1122; x_wconf 79' lang='grc' dir='ltr'>καθολικὴ</span> 
     </span>
     <span class='ocr_line' id='line_1_16' title="bbox 109 1136 1138 1192; baseline -0.003 -14"><span class='ocrx_word' id='word_1_128' title='bbox 109 1144 130 1187; x_wconf 80' lang='grc' dir='ltr'>ἡ</span> <span class='ocrx_word' id='word_1_129' title='bbox 148 1140 341 1192; x_wconf 68' lang='grc' dir='ltr'>ἀπόφασις,</span> <span class='ocrx_word' id='word_1_130' title='bbox 362 1139 438 1177; x_wconf 86' lang='grc' dir='ltr'>ἀλλ’</span> <span class='ocrx_word' id='word_1_131' title='bbox 467 1138 523 1177; x_wconf 81' lang='grc' dir='ltr'>ἐπὶ</span> <span class='ocrx_word' id='word_1_132' title='bbox 541 1141 644 1176; x_wconf 81' lang='grc' dir='ltr'>τινῶν</span> <span class='ocrx_word' id='word_1_133' title='bbox 662 1138 798 1191; x_wconf 81' lang='grc' dir='ltr'>εἴρηται</span> <span class='ocrx_word' id='word_1_134' title='bbox 812 1140 879 1175; x_wconf 82' lang='grc' dir='ltr'><strong>τῶν</strong></span> <span class='ocrx_word' id='word_1_135' title='bbox 904 1136 937 1181; x_wconf 82' lang='grc' dir='ltr'><strong>ἐξ</strong></span> <span class='ocrx_word' id='word_1_136' title='bbox 959 1136 1138 1188; x_wconf 79' lang='grc' dir='ltr'>Αἰγύπτου</span> 
     </span>
     <span class='ocr_line' id='line_1_17' title="bbox 110 1197 1137 1251; baseline -0.003 -13"><span class='ocrx_word' id='word_1_137' title='bbox 110 1200 325 1244; x_wconf 80' lang='grc' dir='ltr'>ἐξελθόντων.</span> <span class='ocrx_word' id='word_1_138' title='bbox 346 1198 396 1237; x_wconf 57' lang='grc' dir='ltr'><strong>ιῸ</strong></span> <span class='ocrx_word' id='word_1_139' title='bbox 412 1198 447 1236; x_wconf 82' lang='grc' dir='ltr'><strong>δὲ</strong></span> <span class='ocrx_word' id='word_1_140' title='bbox 472 1199 578 1251; x_wconf 80' lang='grc' dir='ltr'>λέγει,</span> <span class='ocrx_word' id='word_1_141' title='bbox 604 1199 756 1237; x_wconf 76' lang='grc' dir='ltr'>τοιοῦτόν</span> <span class='ocrx_word' id='word_1_142' title='bbox 780 1201 871 1236; x_wconf 79' lang='grc' dir='ltr'>ἐστιν</span> <span class='ocrx_word' id='word_1_143' title='bbox 885 1213 892 1221; x_wconf 87' lang='grc'>·</span> <span class='ocrx_word' id='word_1_144' title='bbox 913 1197 1032 1244; x_wconf 77' lang='grc' dir='ltr'>ἐπειδὴ</span> <span class='ocrx_word' id='word_1_145' title='bbox 1054 1201 1084 1236; x_wconf 81' lang='grc' dir='ltr'>οἱ</span> <span class='ocrx_word' id='word_1_146' title='bbox 1104 1197 1137 1242; x_wconf 80' lang='grc' dir='ltr'><strong>ἐξ</strong></span> 
     </span>
     <span class='ocr_line' id='line_1_18' title="bbox 110 1258 1138 1313; baseline -0.003 -14"><span class='ocrx_word' id='word_1_147' title='bbox 110 1261 286 1313; x_wconf 80' lang='grc' dir='ltr'>Αἰγύπτου</span> <span class='ocrx_word' id='word_1_148' title='bbox 303 1260 510 1307; x_wconf 80' lang='grc' dir='ltr'>ἐξελθόντες,</span> <span class='ocrx_word' id='word_1_149' title='bbox 526 1259 614 1311; x_wconf 81' lang='grc' dir='ltr'>μετὰ</span> <span class='ocrx_word' id='word_1_150' title='bbox 632 1259 676 1297; x_wconf 80' lang='grc' dir='ltr'>τὰ</span> <span class='ocrx_word' id='word_1_151' title='bbox 693 1266 822 1310; x_wconf 74' lang='grc' dir='ltr'>σημεῖα</span> <span class='ocrx_word' id='word_1_152' title='bbox 836 1259 896 1297; x_wconf 85' lang='grc' dir='ltr'><strong>καὶ</strong></span> <span class='ocrx_word' id='word_1_153' title='bbox 910 1258 955 1297; x_wconf 83' lang='grc' dir='ltr'>τὰ</span> <span class='ocrx_word' id='word_1_154' title='bbox 976 1258 1138 1309; x_wconf 80' lang='grc' dir='ltr'>Θαύματα</span> 
     </span>
     <span class='ocr_line' id='line_1_19' title="bbox 110 1319 1138 1373; baseline -0.002 -13"><span class='ocrx_word' id='word_1_155' title='bbox 110 1326 178 1360; x_wconf 80' lang='grc' dir='ltr'><strong>τῶν</strong></span> <span class='ocrx_word' id='word_1_156' title='bbox 193 1321 384 1373; x_wconf 80' lang='grc' dir='ltr'>προγόνων,</span> <span class='ocrx_word' id='word_1_157' title='bbox 398 1321 560 1373; x_wconf 87' lang='grc' dir='ltr'>γεγόνασι</span> <span class='ocrx_word' id='word_1_158' title='bbox 574 1320 710 1373; x_wconf 79' lang='grc' dir='ltr'>χείρους</span> <span class='ocrx_word' id='word_1_159' title='bbox 723 1324 792 1358; x_wconf 83' lang='grc' dir='ltr'><strong>τῶν</strong></span> <span class='ocrx_word' id='word_1_160' title='bbox 805 1319 901 1359; x_wconf 74' lang='grc' dir='ltr'>οὐδὲν</span> <span class='ocrx_word' id='word_1_161' title='bbox 914 1319 1043 1358; x_wconf 79' lang='grc' dir='ltr'>τούτων</span> <span class='ocrx_word' id='word_1_162' title='bbox 1061 1324 1138 1358; x_wconf 85' lang='grc' dir='ltr'>θεα-</span> 
     </span>
     <span class='ocr_line' id='line_1_20' title="bbox 108 1380 1137 1434; baseline -0.003 -14"><span class='ocrx_word' id='word_1_163' title='bbox 108 1382 282 1433; x_wconf 83' lang='grc' dir='ltr'>σαμένων,</span> <span class='ocrx_word' id='word_1_164' title='bbox 312 1382 357 1420; x_wconf 83' lang='grc' dir='ltr'>τὰ</span> <span class='ocrx_word' id='word_1_165' title='bbox 392 1382 481 1420; x_wconf 77' lang='grc' dir='ltr'>αὐτὰ</span> <span class='ocrx_word' id='word_1_166' title='bbox 514 1381 712 1429; x_wconf 87' lang='grc' dir='ltr'>πείσονται,</span> <span class='ocrx_word' id='word_1_167' title='bbox 741 1381 858 1433; x_wconf 70' lang='grc' dir='ltr'>φησὶν,</span> <span class='ocrx_word' id='word_1_168' title='bbox 893 1381 982 1434; x_wconf 88' lang='grc' dir='ltr'>ἅπερ</span> <span class='ocrx_word' id='word_1_169' title='bbox 1011 1380 1137 1418; x_wconf 83' lang='grc' dir='ltr'>ἔπαθον</span> 
     </span>
     <span class='ocr_line' id='line_1_21' title="bbox 109 1441 1138 1493; baseline -0.003 -12"><span class='ocrx_word' id='word_1_170' title='bbox 109 1445 253 1490; x_wconf 81' lang='grc' dir='ltr'>ἐκεῖνοι,</span> <span class='ocrx_word' id='word_1_171' title='bbox 276 1442 396 1489; x_wconf 79' lang='grc' dir='ltr'>ἐπειδὴ</span> <span class='ocrx_word' id='word_1_172' title='bbox 418 1441 462 1480; x_wconf 83' lang='grc' dir='ltr'>τὰ</span> <span class='ocrx_word' id='word_1_173' title='bbox 485 1442 574 1480; x_wconf 78' lang='grc' dir='ltr'>αὐτὰ</span> <span class='ocrx_word' id='word_1_174' title='bbox 593 1442 843 1492; x_wconf 76' lang='grc' dir='ltr'>τετολμήκασι.</span> <span class='ocrx_word' id='word_1_175' title='bbox 877 1441 948 1479; x_wconf 77' lang='grc' dir='ltr'><strong>Καὶ</strong></span> <span class='ocrx_word' id='word_1_176' title='bbox 978 1441 1032 1479; x_wconf 78' lang='grc' dir='ltr'>ὅτι</span> <span class='ocrx_word' id='word_1_177' title='bbox 1057 1441 1138 1493; x_wconf 78' lang='grc' dir='ltr'>περὶ</span> 
     </span>
     <span class='ocr_line' id='line_1_22' title="bbox 106 1502 1136 1556; baseline -0.002 -15"><span class='ocrx_word' id='word_1_178' title='bbox 106 1503 246 1541; x_wconf 80' lang='grc' dir='ltr'>ἐκείνων</span> <span class='ocrx_word' id='word_1_179' title='bbox 262 1503 415 1556; x_wconf 88' lang='grc' dir='ltr'>εἴρηται,</span> <span class='ocrx_word' id='word_1_180' title='bbox 435 1505 485 1554; x_wconf 78' lang='grc' dir='ltr'>τῷ</span> <span class='ocrx_word' id='word_1_181' title='bbox 502 1502 599 1555; x_wconf 83' lang='grc' dir='ltr'>τόπῳ</span> <span class='ocrx_word' id='word_1_182' title='bbox 618 1519 670 1546; x_wconf 85' lang='grc' dir='ltr'><strong>τις</strong></span> <span class='ocrx_word' id='word_1_183' title='bbox 689 1503 880 1549; x_wconf 79' lang='grc' dir='ltr'>ἐπιστήσας</span> <span class='ocrx_word' id='word_1_184' title='bbox 894 1502 1136 1553; x_wconf 67' lang='grc' dir='ltr'>ἂκριὸέστερον</span> 
     </span>
     <span class='ocr_line' id='line_1_23' title="bbox 107 1558 1138 1616; baseline -0.002 -14"><span class='ocrx_word' id='word_1_185' title='bbox 107 1564 250 1603; x_wconf 85' lang='grc' dir='ltr'>εἴσεται.</span> <span class='ocrx_word' id='word_1_186' title='bbox 267 1564 370 1608; x_wconf 90' lang='grc' dir='ltr'>Τίνος</span> <span class='ocrx_word' id='word_1_187' title='bbox 387 1558 442 1602; x_wconf 63' lang='grc' dir='ltr'><strong>οὖν</strong></span> <span class='ocrx_word' id='word_1_188' title='bbox 464 1563 578 1601; x_wconf 82' lang='grc' dir='ltr'>ἕνεκεν</span> <span class='ocrx_word' id='word_1_189' title='bbox 595 1563 719 1616; x_wconf 74' lang='grc' dir='ltr'>τυφλὸς</span> <span class='ocrx_word' id='word_1_190' title='bbox 737 1563 903 1614; x_wconf 77' lang='grc' dir='ltr'>ἐγεννήθη</span> <span class='ocrx_word' id='word_1_191' title='bbox 915 1578 925 1609; x_wconf 83' lang='grc'>;</span> <span class='ocrx_word' id='word_1_192' title='bbox 938 1561 1018 1600; x_wconf 85' lang='grc' dir='ltr'><strong>Ἵνα</strong></span> <span class='ocrx_word' id='word_1_193' title='bbox 1036 1578 1138 1615; x_wconf 82' lang='grc' dir='ltr'>φανε-</span> 
     </span>
     <span class='ocr_line' id='line_1_24' title="bbox 106 1623 1136 1677; baseline -0.002 -14"><span class='ocrx_word' id='word_1_194' title='bbox 106 1629 199 1677; x_wconf 80' lang='grc' dir='ltr'>ρωθῆ</span> <span class='ocrx_word' id='word_1_195' title='bbox 222 1629 244 1672; x_wconf 82' lang='grc' dir='ltr'>ἠ</span> <span class='ocrx_word' id='word_1_196' title='bbox 265 1624 346 1669; x_wconf 78' lang='grc' dir='ltr'>δόξα</span> <span class='ocrx_word' id='word_1_197' title='bbox 373 1629 432 1663; x_wconf 78' lang='grc' dir='ltr'><strong>τοῦ</strong></span> <span class='ocrx_word' id='word_1_198' title='bbox 461 1626 574 1672; x_wconf 72' lang='grc' dir='ltr'>Θεοῦ,</span> <span class='ocrx_word' id='word_1_199' title='bbox 608 1623 725 1677; x_wconf 76' lang='grc' dir='ltr'>φησίν.</span> <span class='ocrx_word' id='word_1_200' title='bbox 756 1623 845 1662; x_wconf 76' lang='grc' dir='ltr'>Ἰδοὺ</span> <span class='ocrx_word' id='word_1_201' title='bbox 866 1624 973 1662; x_wconf 87' lang='grc' dir='ltr'>πάλιν</span> <span class='ocrx_word' id='word_1_202' title='bbox 1008 1624 1136 1675; x_wconf 83' lang='grc' dir='ltr'>ἄπορον</span> 
     </span>
     <span class='ocr_line' id='line_1_25' title="bbox 104 1685 1138 1739; baseline -0.002 -14"><span class='ocrx_word' id='word_1_203' title='bbox 104 1687 208 1734; x_wconf 85' lang='grc' dir='ltr'>ἄλλο,</span> <span class='ocrx_word' id='word_1_204' title='bbox 229 1689 258 1725; x_wconf 86' lang='grc' dir='ltr'><strong>εἰ</strong></span> <span class='ocrx_word' id='word_1_205' title='bbox 274 1686 383 1739; x_wconf 76' lang='grc' dir='ltr'>χωρὶς</span> <span class='ocrx_word' id='word_1_206' title='bbox 401 1689 464 1732; x_wconf 77' lang='grc' dir='ltr'>τῆς</span> <span class='ocrx_word' id='word_1_207' title='bbox 483 1686 602 1725; x_wconf 78' lang='grc' dir='ltr'>τούτου</span> <span class='ocrx_word' id='word_1_208' title='bbox 621 1685 796 1729; x_wconf 80' lang='grc' dir='ltr'>κολάσεως</span> <span class='ocrx_word' id='word_1_209' title='bbox 814 1687 875 1724; x_wconf 78' lang='grc' dir='ltr'>οὐκ</span> <span class='ocrx_word' id='word_1_210' title='bbox 890 1687 970 1732; x_wconf 77' lang='grc' dir='ltr'>ἐνῆν</span> <span class='ocrx_word' id='word_1_211' title='bbox 988 1688 1138 1739; x_wconf 69' lang='grc' dir='ltr'>φανῆναι</span> 
     </span>
     <span class='ocr_line' id='line_1_26' title="bbox 102 1745 1137 1822; baseline -0.002 -36"><span class='ocrx_word' id='word_1_212' title='bbox 102 1753 162 1788; x_wconf 71' lang='grc' dir='ltr'><strong>τοῦ</strong></span> <span class='ocrx_word' id='word_1_213' title='bbox 182 1750 277 1788; x_wconf 81' lang='grc' dir='ltr'>Θεοῦ</span> <span class='ocrx_word' id='word_1_214' title='bbox 307 1748 369 1796; x_wconf 83' lang='grc' dir='ltr'><strong>τὴν</strong></span> <span class='ocrx_word' id='word_1_215' title='bbox 395 1747 510 1792; x_wconf 76' lang='grc' dir='ltr'>δόξαν.</span> <span class='ocrx_word' id='word_1_216' title='bbox 534 1748 702 1786; x_wconf 82' lang='grc' dir='ltr'>Μάλιστα</span> <span class='ocrx_word' id='word_1_217' title='bbox 723 1746 784 1799; x_wconf 82' lang='grc' dir='ltr'><strong>μὲν</strong></span> <span class='ocrx_word' id='word_1_218' title='bbox 805 1748 842 1785; x_wconf 85' lang='lat'>06</span> <span class='ocrx_word' id='word_1_219' title='bbox 861 1750 961 1785; x_wconf 72' lang='grc' dir='ltr'>τοῦτο</span> <span class='ocrx_word' id='word_1_220' title='bbox 961 1745 1137 1822; x_wconf 52' lang='lat' dir='ltr'><strong>Udpnwz,</strong></span> 
     </span>
     <span class='ocr_line' id='line_1_27' title="bbox 101 1807 1138 1861; baseline -0.003 -13"><span class='ocrx_word' id='word_1_221' title='bbox 101 1809 156 1848; x_wconf 78' lang='grc' dir='ltr'>ὅτι</span> <span class='ocrx_word' id='word_1_222' title='bbox 182 1811 243 1848; x_wconf 73' lang='grc' dir='ltr'>οὐκ</span> <span class='ocrx_word' id='word_1_223' title='bbox 258 1811 354 1855; x_wconf 79' lang='grc' dir='ltr'>ἐν’ἧν·</span> <span class='ocrx_word' id='word_1_224' title='bbox 381 1811 460 1855; x_wconf 80' lang='grc' dir='ltr'>ἐνῆν</span> <span class='ocrx_word' id='word_1_225' title='bbox 479 1809 566 1861; x_wconf 90' lang='grc' dir='ltr'>γάρ·</span> <span class='ocrx_word' id='word_1_226' title='bbox 587 1808 678 1847; x_wconf 80' lang='grc' dir='ltr'>ἀλλὰ</span> <span class='ocrx_word' id='word_1_227' title='bbox 701 1825 761 1847; x_wconf 90' lang='grc' dir='ltr'><strong>και</strong></span> <span class='ocrx_word' id='word_1_228' title='bbox 783 1811 817 1847; x_wconf 82' lang='grc' dir='ltr'>ἐν</span> <span class='ocrx_word' id='word_1_229' title='bbox 835 1807 945 1860; x_wconf 78' lang='grc' dir='ltr'>τούτῳ</span> <span class='ocrx_word' id='word_1_230' title='bbox 964 1824 1017 1846; x_wconf 89' lang='grc' dir='ltr'><strong>ινα</strong></span> <span class='ocrx_word' id='word_1_231' title='bbox 1036 1823 1138 1860; x_wconf 75' lang='grc' dir='ltr'>φανε-</span> 
     </span>
     <span class='ocr_line' id='line_1_28' title="bbox 104 1847 1136 1924; baseline -0.002 -15"><span class='ocrx_word' id='word_1_232' title='bbox 104 1874 210 1924; x_wconf 85' lang='grc' dir='ltr'>ρωθῃ.</span> <span class='ocrx_word' id='word_1_233' title='bbox 227 1865 356 1918; x_wconf 57' lang='lat' dir='ltr'><strong>Roth,</strong></span> <span class='ocrx_word' id='word_1_234' title='bbox 370 1870 488 1924; x_wconf 70' lang='grc' dir='ltr'>φησίν;</span> <span class='ocrx_word' id='word_1_235' title='bbox 499 1871 683 1918; x_wconf 70' lang='grc' dir='ltr'>ἠδικήθη</span> <span class='ocrx_word' id='word_1_236' title='bbox 665 1870 724 1909; x_wconf 80' lang='grc' dir='ltr'>οιὰ</span> <span class='ocrx_word' id='word_1_237' title='bbox 745 1869 808 1918; x_wconf 86' lang='grc' dir='ltr'><strong>τὴν</strong></span> <span class='ocrx_word' id='word_1_238' title='bbox 832 1875 891 1908; x_wconf 74' lang='grc' dir='ltr'><strong>τοῦ</strong></span> <span class='ocrx_word' id='word_1_239' title='bbox 907 1847 999 1909; x_wconf 79' lang='grc' dir='ltr'>Θεοῦ</span> <span class='ocrx_word' id='word_1_240' title='bbox 1015 1868 1136 1917; x_wconf 74' lang='grc' dir='ltr'>δόξαν,</span> 
     </span>
     <span class='ocr_line' id='line_1_29' title="bbox 101 1930 1139 1984; baseline -0.001 -14"><span class='ocrx_word' id='word_1_241' title='bbox 101 1931 214 1970; x_wconf 88' lang='grc' dir='ltr'>Ποίαν</span> <span class='ocrx_word' id='word_1_242' title='bbox 235 1932 388 1979; x_wconf 81' lang='grc' dir='ltr'>ἀδικίαν;</span> <span class='ocrx_word' id='word_1_243' title='bbox 413 1931 488 1970; x_wconf 82' lang='grc' dir='ltr'>εἶπέ</span> <span class='ocrx_word' id='word_1_244' title='bbox 518 1947 596 1982; x_wconf 88' lang='grc' dir='ltr'>μοι·</span> <span class='ocrx_word' id='word_1_245' title='bbox 617 1933 646 1969; x_wconf 86' lang='grc' dir='ltr'><strong>εἰ</strong></span> <span class='ocrx_word' id='word_1_246' title='bbox 671 1930 739 1984; x_wconf 78' lang='grc' dir='ltr'><strong>γὰρ</strong></span> <span class='ocrx_word' id='word_1_247' title='bbox 760 1930 848 1982; x_wconf 73' lang='grc' dir='ltr'>μηδὲ</span> <span class='ocrx_word' id='word_1_248' title='bbox 867 1931 955 1975; x_wconf 75' lang='grc' dir='ltr'>ὅλως</span> <span class='ocrx_word' id='word_1_249' title='bbox 975 1947 1139 1984; x_wconf 85' lang='grc' dir='ltr'>παραγα-</span> 
     </span>
     <span class='ocr_line' id='line_1_30' title="bbox 101 1991 1135 2045; baseline 0 -15"><span class='ocrx_word' id='word_1_250' title='bbox 101 1998 173 2044; x_wconf 86' lang='grc' dir='ltr'>γεῖν</span> <span class='ocrx_word' id='word_1_251' title='bbox 191 1993 292 2031; x_wconf 82' lang='grc' dir='ltr'>αὐτον</span> <span class='ocrx_word' id='word_1_252' title='bbox 316 1964 486 2031; x_wconf 63' lang='grc' dir='ltr'>ἐὸοόλετο.</span> <span class='ocrx_word' id='word_1_253' title='bbox 510 1991 646 2044; x_wconf 84' lang='grc' dir='ltr'>Ἐγὼ</span> <span class='ocrx_word' id='word_1_254' title='bbox 628 1992 663 2031; x_wconf 80' lang='grc' dir='ltr'>οὲ</span> <span class='ocrx_word' id='word_1_255' title='bbox 683 2008 744 2030; x_wconf 86' lang='grc' dir='ltr'><strong>και</strong></span> <span class='ocrx_word' id='word_1_256' title='bbox 763 1994 1015 2045; x_wconf 78' lang='grc' dir='ltr'>εὖηργετησθαι</span> <span class='ocrx_word' id='word_1_257' title='bbox 1034 1991 1135 2030; x_wconf 77' lang='grc' dir='ltr'>αὐτόν</span> 
     </span>
    </p>
   </div>
   <div class='ocr_carea' id='block_1_3' title="bbox 1404 187 2192 253">
    <p class='ocr_par' dir='ltr' id='par_1_4' title="bbox 1404 187 2192 253">
     <span class='ocr_line' id='line_1_31' title="bbox 1404 187 2192 253; baseline 0.006 -22"><span class='ocrx_word' id='word_1_258' title='bbox 1404 187 1466 231; x_wconf 66' lang='lat' dir='ltr'><strong>aL</strong></span> <span class='ocrx_word' id='word_1_259' title='bbox 1507 202 1580 231; x_wconf 67' lang='lat' dir='ltr'><strong>nv.</strong></span> <span class='ocrx_word' id='word_1_260' title='bbox 2102 189 2192 253; x_wconf 82' lang='lat'><strong>375</strong></span> 
     </span>
    </p>
   </div>
   <div class='ocr_carea' id='block_1_4' title="bbox 1210 280 2198 639">
    <p class='ocr_par' dir='ltr' id='par_1_5' title="bbox 1210 280 2198 639">
     <span class='ocr_line' id='line_1_32' title="bbox 1212 280 2194 333; baseline 0.005 -15"><span class='ocrx_word' id='word_1_261' title='bbox 1212 289 1388 332; x_wconf 79' lang='lat' dir='ltr'>peccante,</span> <span class='ocrx_word' id='word_1_262' title='bbox 1399 280 1512 318; x_wconf 86' lang='lat' dir='ltr'><strong>alium</strong></span> <span class='ocrx_word' id='word_1_263' title='bbox 1522 281 1705 332; x_wconf 85' lang='lat' dir='ltr'><strong>castigare.</strong></span> <span class='ocrx_word' id='word_1_264' title='bbox 1725 282 1816 319; x_wconf 89' lang='lat' dir='ltr'><strong>Nam</strong></span> <span class='ocrx_word' id='word_1_265' title='bbox 1829 282 1857 319; x_wconf 83' lang='lat' dir='ltr'><strong>si</strong></span> <span class='ocrx_word' id='word_1_266' title='bbox 1872 282 1938 320; x_wconf 90' lang='lat' dir='ltr'><strong>hoc</strong></span> <span class='ocrx_word' id='word_1_267' title='bbox 1952 284 2194 333; x_wconf 77' lang='lat' dir='ltr'>concedamus,</span> 
     </span>
     <span class='ocr_line' id='line_1_33' title="bbox 1210 341 2196 395; baseline 0.005 -17"><span class='ocrx_word' id='word_1_268' title='bbox 1210 341 1303 379; x_wconf 85' lang='lat' dir='ltr'><strong>illud</strong></span> <span class='ocrx_word' id='word_1_269' title='bbox 1315 342 1421 379; x_wconf 87' lang='lat' dir='ltr'><strong>etiam</strong></span> <span class='ocrx_word' id='word_1_270' title='bbox 1444 341 1678 380; x_wconf 76' lang='lat' dir='ltr'><strong>concedamus</strong></span> <span class='ocrx_word' id='word_1_271' title='bbox 1697 351 1846 394; x_wconf 85' lang='lat' dir='ltr'>oportet,</span> <span class='ocrx_word' id='word_1_272' title='bbox 1863 343 1982 395; x_wconf 81' lang='lat' dir='ltr'><strong>ipsum</strong></span> <span class='ocrx_word' id='word_1_273' title='bbox 2006 353 2196 395; x_wconf 84' lang='lat' dir='ltr'><strong>antequam</strong></span> 
     </span>
     <span class='ocr_line' id='line_1_34' title="bbox 1213 403 2197 459; baseline 0.005 -19"><span class='ocrx_word' id='word_1_274' title='bbox 1213 412 1414 440; x_wconf 81' lang='lat' dir='ltr'><strong>nasceretur</strong></span> <span class='ocrx_word' id='word_1_275' title='bbox 1429 403 1642 455; x_wconf 79' lang='lat' dir='ltr'>peccavisse.</span> <span class='ocrx_word' id='word_1_276' title='bbox 1665 404 1716 442; x_wconf 87' lang='lat' dir='ltr'><strong>Ut</strong></span> <span class='ocrx_word' id='word_1_277' title='bbox 1732 418 1817 455; x_wconf 82' lang='lat' dir='ltr'><strong>ergo</strong></span> <span class='ocrx_word' id='word_1_278' title='bbox 1837 418 1918 441; x_wconf 90' lang='lat' dir='ltr'><strong>cum</strong></span> <span class='ocrx_word' id='word_1_279' title='bbox 1933 404 2021 443; x_wconf 87' lang='lat' dir='ltr'><strong>dicit</strong></span> <span class='ocrx_word' id='word_1_280' title='bbox 2035 435 2045 453; x_wconf 95' lang='lat'><strong>,</strong></span> <span class='ocrx_word' id='word_1_281' title='bbox 2062 408 2197 459; x_wconf 78' lang='lat' dir='ltr'><strong>Neque</strong></span> 
     </span>
     <span class='ocr_line' id='line_1_35' title="bbox 1213 464 2198 518; baseline 0.002 -17"><span class='ocrx_word' id='word_1_282' title='bbox 1213 464 1276 501; x_wconf 76' lang='lat' dir='ltr'><strong>hic</strong></span> <span class='ocrx_word' id='word_1_283' title='bbox 1306 467 1495 516; x_wconf 77' lang='lat' dir='ltr'><strong>peccavit,</strong></span> <span class='ocrx_word' id='word_1_284' title='bbox 1530 478 1599 502; x_wconf 93' lang='lat' dir='ltr'><strong>non</strong></span> <span class='ocrx_word' id='word_1_285' title='bbox 1624 464 1792 516; x_wconf 83' lang='lat' dir='ltr'><strong>intelligit</strong></span> <span class='ocrx_word' id='word_1_286' title='bbox 1818 465 1864 502; x_wconf 87' lang='lat' dir='ltr'><strong>ab</strong></span> <span class='ocrx_word' id='word_1_287' title='bbox 1889 474 1968 502; x_wconf 89' lang='lat' dir='ltr'><strong>ortu</strong></span> <span class='ocrx_word' id='word_1_288' title='bbox 1995 466 2198 518; x_wconf 77' lang='lat' dir='ltr'><strong>quempiam</strong></span> 
     </span>
     <span class='ocr_line' id='line_1_36' title="bbox 1211 525 2198 578; baseline 0.003 -17"><span class='ocrx_word' id='word_1_289' title='bbox 1211 538 1356 576; x_wconf 86' lang='lat' dir='ltr'><strong>peccare</strong></span> <span class='ocrx_word' id='word_1_290' title='bbox 1375 533 1408 562; x_wconf 85' lang='lat' dir='ltr'><strong>et</strong></span> <span class='ocrx_word' id='word_1_291' title='bbox 1431 525 1568 577; x_wconf 87' lang='lat' dir='ltr'><strong>puniri:</strong></span> <span class='ocrx_word' id='word_1_292' title='bbox 1589 525 1640 563; x_wconf 87' lang='lat' dir='ltr'><strong>sic</strong></span> <span class='ocrx_word' id='word_1_293' title='bbox 1655 539 1736 563; x_wconf 91' lang='lat' dir='ltr'><strong>cum</strong></span> <span class='ocrx_word' id='word_1_294' title='bbox 1749 525 1848 574; x_wconf 86' lang='lat' dir='ltr'><strong>dicit,</strong></span> <span class='ocrx_word' id='word_1_295' title='bbox 1870 527 2006 578; x_wconf 83' lang='lat' dir='ltr'><strong>Neque</strong></span> <span class='ocrx_word' id='word_1_296' title='bbox 2019 535 2198 578; x_wconf 82' lang='lat' dir='ltr'><strong>parentes</strong></span> 
     </span>
     <span class='ocr_line' id='line_1_37' title="bbox 1212 585 2198 639; baseline 0.001 -16"><span class='ocrx_word' id='word_1_297' title='bbox 1212 588 1307 638; x_wconf 82' lang='lat' dir='ltr'><strong>ejus,</strong></span> <span class='ocrx_word' id='word_1_298' title='bbox 1341 600 1410 623; x_wconf 90' lang='lat' dir='ltr'><strong>non</strong></span> <span class='ocrx_word' id='word_1_299' title='bbox 1429 585 1585 624; x_wconf 80' lang='lat' dir='ltr'>declarat</span> <span class='ocrx_word' id='word_1_300' title='bbox 1604 587 1808 639; x_wconf 85' lang='lat' dir='ltr'><strong>quempiam</strong></span> <span class='ocrx_word' id='word_1_301' title='bbox 1835 586 1879 624; x_wconf 90' lang='lat' dir='ltr'><strong>de</strong></span> <span class='ocrx_word' id='word_1_302' title='bbox 1898 587 2050 638; x_wconf 78' lang='lat' dir='ltr'><strong>peccatis</strong></span> <span class='ocrx_word' id='word_1_303' title='bbox 2072 601 2198 638; x_wconf 86' lang='lat' dir='ltr'><strong>paren-</strong></span> 
     </span>
    </p>
   </div>
   <div class='ocr_carea' id='block_1_5' title="bbox 2257 529 2398 559">
    <p class='ocr_par' dir='ltr' id='par_1_6' title="bbox 2257 529 2398 559">
     <span class='ocr_line' id='line_1_38' title="bbox 2257 529 2398 559; baseline 0.014 -2"><span class='ocrx_word' id='word_1_304' title='bbox 2257 529 2349 559; x_wconf 87' lang='lat' dir='ltr'><strong>Nemo</strong></span> <span class='ocrx_word' id='word_1_305' title='bbox 2363 530 2398 559; x_wconf 84' lang='lat' dir='ltr'><strong>dc</strong></span> 
     </span>
    </p>
   </div>
   <div class='ocr_carea' id='block_1_6' title="bbox 2212 574 2401 642">
    <p class='ocr_par' dir='ltr' id='par_1_7' title="bbox 2212 574 2401 642">
     <span class='ocr_line' id='line_1_39' title="bbox 2212 574 2401 609; baseline 0.005 -11"><span class='ocrx_word' id='word_1_306' title='bbox 2212 574 2334 608; x_wconf 77' lang='lat' dir='ltr'><strong>peccatis</strong></span> <span class='ocrx_word' id='word_1_307' title='bbox 2351 583 2401 609; x_wconf 80' lang='lat' dir='ltr'><strong>pa-</strong></span> 
     </span>
     <span class='ocr_line' id='line_1_40' title="bbox 2215 614 2400 642; baseline 0.011 -3"><span class='ocrx_word' id='word_1_308' title='bbox 2215 620 2330 640; x_wconf 82' lang='lat' dir='ltr'><strong>rentum</strong></span> <span class='ocrx_word' id='word_1_309' title='bbox 2351 614 2400 642; x_wconf 80' lang='lat' dir='ltr'><strong>dat</strong></span> 
     </span>
    </p>
   </div>
   <div class='ocr_carea' id='block_1_7' title="bbox 1212 647 2324 716">
    <p class='ocr_par' dir='ltr' id='par_1_8' title="bbox 1212 647 2324 716">
     <span class='ocr_line' id='line_1_41' title="bbox 1212 647 2324 716; baseline 0.001 -31"><span class='ocrx_word' id='word_1_310' title='bbox 1212 656 1289 685; x_wconf 85' lang='lat' dir='ltr'><strong>tum</strong></span> <span class='ocrx_word' id='word_1_311' title='bbox 1303 662 1430 716; x_wconf 32' lang='lat' dir='ltr'><strong>’poenas</strong></span> <span class='ocrx_word' id='word_1_312' title='bbox 1449 647 1544 686; x_wconf 89' lang='lat' dir='ltr'><strong>dare.</strong></span> <span class='ocrx_word' id='word_1_313' title='bbox 1566 650 1658 686; x_wconf 84' lang='lat' dir='ltr'><strong>Nam</strong></span> <span class='ocrx_word' id='word_1_314' title='bbox 1680 648 1874 686; x_wconf 75' lang='lat' dir='ltr'><strong>Ezechielis</strong></span> <span class='ocrx_word' id='word_1_315' title='bbox 1903 663 1963 686; x_wconf 90' lang='lat' dir='ltr'><strong>01e</strong></span> <span class='ocrx_word' id='word_1_316' title='bbox 1985 649 2077 686; x_wconf 85' lang='lat' dir='ltr'><strong>hanc</strong></span> <span class='ocrx_word' id='word_1_317' title='bbox 2106 649 2199 686; x_wconf 91' lang='lat' dir='ltr'><strong>tollit</strong></span> <span class='ocrx_word' id='word_1_318' title='bbox 2214 664 2324 690; x_wconf 70' lang='lat' dir='ltr'><strong>poenas.</strong></span> 
     </span>
    </p>
   </div>
   <div class='ocr_carea' id='block_1_8' title="bbox 1209 760 2242 823">
    <p class='ocr_par' dir='ltr' id='par_1_9' title="bbox 1209 760 2242 823">
     <span class='ocr_line' id='line_1_42' title="bbox 1209 760 2242 823; baseline 0.001 -15"><span class='ocrx_word' id='word_1_319' title='bbox 1209 772 1404 823; x_wconf 80' lang='lat' dir='ltr'><strong>parabola</strong></span> <span class='ocrx_word' id='word_1_320' title='bbox 1428 773 1558 810; x_wconf 73' lang='lat' dir='ltr'><strong>dicens</strong></span> <span class='ocrx_word' id='word_1_321' title='bbox 1582 789 1595 810; x_wconf 82' lang='lat'><strong>.-</strong></span> <span class='ocrx_word' id='word_1_322' title='bbox 1624 774 1764 810; x_wconf 80' lang='lat' dir='ltr'><strong>Patres</strong></span> <span class='ocrx_word' id='word_1_323' title='bbox 1802 773 2050 810; x_wconf 81' lang='lat' dir='ltr'><strong>comederunt</strong></span> <span class='ocrx_word' id='word_1_324' title='bbox 2082 760 2242 809; x_wconf 75' lang='lat' dir='ltr'><strong>uvam3&#39;</strong></span> 
     </span>
    </p>
   </div>
   <div class='ocr_carea' id='block_1_9' title="bbox 1212 834 2195 886">
    <p class='ocr_par' dir='ltr' id='par_1_10' title="bbox 1212 834 2195 886">
     <span class='ocr_line' id='line_1_43' title="bbox 1212 834 2195 886; baseline 0.001 -17"><span class='ocrx_word' id='word_1_325' title='bbox 1212 835 1406 879; x_wconf 83' lang='lat' dir='ltr'><strong>acerbam,</strong></span> <span class='ocrx_word' id='word_1_326' title='bbox 1453 842 1490 870; x_wconf 80' lang='lat' dir='ltr'><strong>et</strong></span> <span class='ocrx_word' id='word_1_327' title='bbox 1529 834 1660 871; x_wconf 84' lang='lat' dir='ltr'><strong>dentes</strong></span> <span class='ocrx_word' id='word_1_328' title='bbox 1686 834 1869 886; x_wconf 80' lang='lat' dir='ltr'><strong>filiorum</strong></span> <span class='ocrx_word' id='word_1_329' title='bbox 1906 836 2195 885; x_wconf 79' lang='lat' dir='ltr'><strong>obstupuerunt,</strong></span> 
     </span>
    </p>
   </div>
   <div class='ocr_carea' id='block_1_10' title="bbox 1164 710 2374 763">
    <p class='ocr_par' dir='ltr' id='par_1_11' title="bbox 1164 710 2374 763">
     <span class='ocr_line' id='line_1_44' title="bbox 1164 710 2374 763; baseline 0.002 -16"><span class='ocrx_word' id='word_1_330' title='bbox 1164 713 1186 743; x_wconf 91' lang='lat' dir='ltr'><strong>B</strong></span> <span class='ocrx_word' id='word_1_331' title='bbox 1213 710 1436 762; x_wconf 87' lang='lat' dir='ltr'><strong>opinionem.</strong></span> <span class='ocrx_word' id='word_1_332' title='bbox 1451 712 1498 747; x_wconf 75' lang='lat' dir='ltr'><strong>l</strong></span> <span class='ocrx_word' id='word_1_333' title='bbox 1485 725 1546 749; x_wconf 80' lang='grc' dir='ltr'>ινο</span> <span class='ocrx_word' id='word_1_334' title='bbox 1560 725 1642 763; x_wconf 81' lang='lat' dir='ltr'><strong>ego,</strong></span> <span class='ocrx_word' id='word_1_335' title='bbox 1661 712 1754 749; x_wconf 79' lang='lat' dir='ltr'><strong>dicit</strong></span> <span class='ocrx_word' id='word_1_336' title='bbox 1770 712 1975 757; x_wconf 76' lang='lat' dir='ltr'><strong>Dominus,</strong></span> <span class='ocrx_word' id='word_1_337' title='bbox 1992 725 2023 748; x_wconf 76' lang='lat' dir='ltr'><strong>sl</strong></span> <span class='ocrx_word' id='word_1_338' title='bbox 2019 712 2198 748; x_wconf 81' lang='lat' dir='ltr'><strong>erichaec</strong></span> <span class='ocrx_word' id='word_1_339' title='bbox 2213 719 2324 748; x_wconf 80' lang='lat' dir='ltr'><strong>Ezech.</strong></span> <span class='ocrx_word' id='word_1_340' title='bbox 2343 720 2374 752; x_wconf 88' lang='lat'><strong>8.</strong></span> 
     </span>
    </p>
   </div>
   <div class='ocr_carea' id='block_1_11' title="bbox 2258 767 2329 790">
    <p class='ocr_par' dir='ltr' id='par_1_12' title="bbox 2258 767 2329 790">
     <span class='ocr_line' id='line_1_45' title="bbox 2258 767 2329 790; baseline 0.034 -2"><span class='ocrx_word' id='word_1_341' title='bbox 2258 767 2329 790; x_wconf 76' lang='lat' dir='ltr'><strong>etz.</strong></span> 
     </span>
    </p>
   </div>
   <div class='ocr_carea' id='block_1_12' title="bbox 1213 894 2377 946">
    <p class='ocr_par' dir='ltr' id='par_1_13' title="bbox 1213 894 2377 946">
     <span class='ocr_line' id='line_1_46' title="bbox 1213 894 2377 946; baseline 0.001 -16"><span class='ocrx_word' id='word_1_342' title='bbox 1213 895 1358 946; x_wconf 83' lang='lat' dir='ltr'>Moyses</span> <span class='ocrx_word' id='word_1_343' title='bbox 1378 894 1461 932; x_wconf 84' lang='lat' dir='ltr'><strong>item</strong></span> <span class='ocrx_word' id='word_1_344' title='bbox 1483 894 1553 931; x_wconf 87' lang='lat' dir='ltr'><strong>ait:</strong></span> <span class='ocrx_word' id='word_1_345' title='bbox 1576 895 1667 933; x_wconf 79' lang='lat' dir='ltr'><strong>Non</strong></span> <span class='ocrx_word' id='word_1_346' title='bbox 1687 897 2072 945; x_wconf 82' lang='lat' dir='ltr'><strong>morieturpaterpro</strong></span> <span class='ocrx_word' id='word_1_347' title='bbox 2086 894 2195 946; x_wconf 84' lang='lat' dir='ltr'><strong>filio.</strong></span> <span class='ocrx_word' id='word_1_348' title='bbox 2216 902 2302 931; x_wconf 71' lang='lat' dir='ltr'><strong>Dent.</strong></span> <span class='ocrx_word' id='word_1_349' title='bbox 2326 900 2377 942; x_wconf 67' lang='lat'><strong>24.</strong></span> 
     </span>
    </p>
   </div>
   <div class='ocr_carea' id='block_1_13' title="bbox 2218 943 2266 972">
    <p class='ocr_par' dir='ltr' id='par_1_14' title="bbox 2218 943 2266 972">
     <span class='ocr_line' id='line_1_47' title="bbox 2218 943 2266 972; baseline 0.029 -1"><span class='ocrx_word' id='word_1_350' title='bbox 2218 943 2266 972; x_wconf 88' lang='lat'><strong>16.</strong></span> 
     </span>
    </p>
   </div>
   <div class='ocr_carea' id='block_1_14' title="bbox 1212 954 2230 1020">
    <p class='ocr_par' dir='ltr' id='par_1_15' title="bbox 1212 954 2230 1020">
     <span class='ocr_line' id='line_1_48' title="bbox 1212 954 2230 1020; baseline -0.002 -27"><span class='ocrx_word' id='word_1_351' title='bbox 1212 955 1261 993; x_wconf 90' lang='lat' dir='ltr'><strong>Et</strong></span> <span class='ocrx_word' id='word_1_352' title='bbox 1278 956 1323 993; x_wconf 88' lang='lat' dir='ltr'><strong>de</strong></span> <span class='ocrx_word' id='word_1_353' title='bbox 1337 956 1492 1007; x_wconf 87' lang='lat' dir='ltr'><strong>quodam</strong></span> <span class='ocrx_word' id='word_1_354' title='bbox 1511 970 1592 1007; x_wconf 82' lang='lat' dir='ltr'><strong>rege</strong></span> <span class='ocrx_word' id='word_1_355' title='bbox 1620 955 1721 1003; x_wconf 87' lang='lat' dir='ltr'><strong>dicit,</strong></span> <span class='ocrx_word' id='word_1_356' title='bbox 1749 955 1847 1006; x_wconf 86' lang='lat' dir='ltr'><strong>quod</strong></span> <span class='ocrx_word' id='word_1_357' title='bbox 1866 964 2051 1007; x_wconf 81' lang='lat' dir='ltr'><strong>piopterea</strong></span> <span class='ocrx_word' id='word_1_358' title='bbox 2070 954 2108 992; x_wconf 88' lang='lat' dir='ltr'><strong>id</strong></span> <span class='ocrx_word' id='word_1_359' title='bbox 2130 968 2199 992; x_wconf 92' lang='lat' dir='ltr'><strong>non</strong></span> <span class='ocrx_word' id='word_1_360' title='bbox 2213 985 2230 1020; x_wconf 67' lang='lat'>4</span> 
     </span>
    </p>
   </div>
   <div class='ocr_carea' id='block_1_15' title="bbox 1210 1015 2244 1069">
    <p class='ocr_par' dir='ltr' id='par_1_16' title="bbox 1210 1015 2244 1069">
     <span class='ocr_line' id='line_1_49' title="bbox 1210 1015 2244 1069; baseline -0.003 -14"><span class='ocrx_word' id='word_1_361' title='bbox 1210 1016 1347 1068; x_wconf 78' lang='lat' dir='ltr'><strong>feceiit,</strong></span> <span class='ocrx_word' id='word_1_362' title='bbox 1368 1032 1511 1056; x_wconf 75' lang='lat' dir='ltr'><strong>servans</strong></span> <span class='ocrx_word' id='word_1_363' title='bbox 1531 1017 1646 1068; x_wconf 88' lang='lat' dir='ltr'><strong>legem</strong></span> <span class='ocrx_word' id='word_1_364' title='bbox 1660 1017 1812 1069; x_wconf 80' lang='lat' dir='ltr'>Moysis.</span> <span class='ocrx_word' id='word_1_365' title='bbox 1832 1016 1941 1064; x_wconf 87' lang='lat' dir='ltr'><strong>Quod</strong></span> <span class='ocrx_word' id='word_1_366' title='bbox 1960 1016 1989 1053; x_wconf 91' lang='lat' dir='ltr'><strong>si</strong></span> <span class='ocrx_word' id='word_1_367' title='bbox 2006 1016 2086 1067; x_wconf 87' lang='lat' dir='ltr'><strong>quis</strong></span> <span class='ocrx_word' id='word_1_368' title='bbox 2102 1015 2244 1067; x_wconf 87' lang='lat' dir='ltr'><strong>obje-6</strong></span> 
     </span>
    </p>
   </div>
   <div class='ocr_carea' id='block_1_16' title="bbox 2258 986 2400 1023">
    <p class='ocr_par' dir='ltr' id='par_1_17' title="bbox 2258 986 2400 1023">
     <span class='ocr_line' id='line_1_50' title="bbox 2258 986 2400 1023; baseline -0.007 -9"><span class='ocrx_word' id='word_1_369' title='bbox 2258 986 2335 1023; x_wconf 78' lang='lat' dir='ltr'><strong>Reg.</strong></span> <span class='ocrx_word' id='word_1_370' title='bbox 2352 986 2400 1023; x_wconf 71' lang='grc'><strong>14.</strong></span> 
     </span>
    </p>
   </div>
   <div class='ocr_carea' id='block_1_17' title="bbox 1212 1078 2397 1130">
    <p class='ocr_par' dir='ltr' id='par_1_18' title="bbox 1212 1078 2397 1130">
     <span class='ocr_line' id='line_1_51' title="bbox 1212 1078 2397 1130; baseline -0.001 -14"><span class='ocrx_word' id='word_1_371' title='bbox 1212 1079 1323 1116; x_wconf 88' lang='lat' dir='ltr'><strong>cerit:</strong></span> <span class='ocrx_word' id='word_1_372' title='bbox 1347 1079 1538 1127; x_wconf 87' lang='lat' dir='ltr'><strong>Quomodo</strong></span> <span class='ocrx_word' id='word_1_373' title='bbox 1557 1093 1640 1130; x_wconf 81' lang='lat' dir='ltr'><strong>ergo</strong></span> <span class='ocrx_word' id='word_1_374' title='bbox 1653 1078 1811 1116; x_wconf 77' lang='lat' dir='ltr'><strong>dicitur:</strong></span> <span class='ocrx_word' id='word_1_375' title='bbox 1835 1080 1911 1129; x_wconf 83' lang='lat' dir='ltr'><strong>Qui</strong></span> <span class='ocrx_word' id='word_1_376' title='bbox 1926 1079 2051 1116; x_wconf 84' lang='lat' dir='ltr'><em>reddit</em></span> <span class='ocrx_word' id='word_1_377' title='bbox 2064 1092 2200 1129; x_wconf 85' lang='lat' dir='ltr'><strong>pecca-</strong></span> <span class='ocrx_word' id='word_1_378' title='bbox 2214 1088 2303 1116; x_wconf 74' lang='lat' dir='ltr'><strong>Dent.</strong></span> <span class='ocrx_word' id='word_1_379' title='bbox 2320 1086 2349 1116; x_wconf 88' lang='lat'><strong>5.</strong></span> <span class='ocrx_word' id='word_1_380' title='bbox 2367 1096 2397 1126; x_wconf 89' lang='lat'><strong>9.</strong></span> 
     </span>
    </p>
   </div>
   <div class='ocr_carea' id='block_1_18' title="bbox 1208 1141 2201 2051">
    <p class='ocr_par' dir='ltr' id='par_1_19' title="bbox 1208 1141 2201 2051">
     <span class='ocr_line' id='line_1_52' title="bbox 1213 1141 2199 1193; baseline 0 -17"><span class='ocrx_word' id='word_1_381' title='bbox 1213 1147 1255 1176; x_wconf 80' lang='lat' dir='ltr'><strong>ta</strong></span> <span class='ocrx_word' id='word_1_382' title='bbox 1269 1150 1475 1191; x_wconf 83' lang='lat' dir='ltr'><strong>parentum</strong></span> <span class='ocrx_word' id='word_1_383' title='bbox 1493 1142 1651 1193; x_wconf 78' lang='lat' dir='ltr'><strong>infilios</strong></span> <span class='ocrx_word' id='word_1_384' title='bbox 1666 1154 1784 1191; x_wconf 78' lang='lat' dir='ltr'><strong>usque</strong></span> <span class='ocrx_word' id='word_1_385' title='bbox 1797 1141 1850 1177; x_wconf 85' lang='lat' dir='ltr'><strong>ad</strong></span> <span class='ocrx_word' id='word_1_386' title='bbox 1864 1142 2016 1177; x_wconf 75' lang='lat' dir='ltr'><strong>tertiam</strong></span> <span class='ocrx_word' id='word_1_387' title='bbox 2032 1148 2068 1176; x_wconf 83' lang='lat' dir='ltr'><strong>et</strong></span> <span class='ocrx_word' id='word_1_388' title='bbox 2083 1154 2199 1192; x_wconf 80' lang='lat' dir='ltr'><strong>quar-</strong></span> 
     </span>
     <span class='ocr_line' id='line_1_53' title="bbox 1213 1199 2199 1268; baseline -0.002 -30"><span class='ocrx_word' id='word_1_389' title='bbox 1213 1208 1293 1238; x_wconf 84' lang='lat' dir='ltr'><strong>tam</strong></span> <span class='ocrx_word' id='word_1_390' title='bbox 1311 1204 1626 1268; x_wconf 76' lang='lat' dir='ltr'><strong>generationem?</strong></span> <span class='ocrx_word' id='word_1_391' title='bbox 1642 1214 1867 1252; x_wconf 55' lang='lat' dir='ltr'><strong>reponemus),</strong></span> <span class='ocrx_word' id='word_1_392' title='bbox 1895 1199 2105 1237; x_wconf 76' lang='lat' dir='ltr'><strong>sententiam</strong></span> <span class='ocrx_word' id='word_1_393' title='bbox 2130 1214 2199 1237; x_wconf 92' lang='lat' dir='ltr'><strong>non</strong></span> 
     </span>
     <span class='ocr_line' id='line_1_54' title="bbox 1212 1260 2200 1312; baseline 0.002 -14"><span class='ocrx_word' id='word_1_394' title='bbox 1212 1275 1285 1299; x_wconf 87' lang='lat' dir='ltr'><strong>esse</strong></span> <span class='ocrx_word' id='word_1_395' title='bbox 1298 1263 1385 1301; x_wconf 66' lang='lat' dir='ltr'><strong>unix</strong></span> <span class='ocrx_word' id='word_1_396' title='bbox 1387 1262 1555 1311; x_wconf 88' lang='lat' dir='ltr'><strong>ersalem,</strong></span> <span class='ocrx_word' id='word_1_397' title='bbox 1582 1261 1643 1300; x_wconf 90' lang='lat' dir='ltr'><strong>sed</strong></span> <span class='ocrx_word' id='word_1_398' title='bbox 1659 1261 1703 1299; x_wconf 89' lang='lat' dir='ltr'><strong>de</strong></span> <span class='ocrx_word' id='word_1_399' title='bbox 1725 1260 1942 1312; x_wconf 84' lang='lat' dir='ltr'><strong>quibusdam</strong></span> <span class='ocrx_word' id='word_1_400' title='bbox 1960 1260 2047 1311; x_wconf 85' lang='lat' dir='ltr'><strong>dici,</strong></span> <span class='ocrx_word' id='word_1_401' title='bbox 2072 1261 2135 1312; x_wconf 84' lang='lat' dir='ltr'><strong>qui</strong></span> <span class='ocrx_word' id='word_1_402' title='bbox 2155 1276 2200 1300; x_wconf 79' lang='lat' dir='ltr'><strong>ex</strong></span> 
     </span>
     <span class='ocr_line' id='line_1_55' title="bbox 1213 1320 2200 1375; baseline 0 -16"><span class='ocrx_word' id='word_1_403' title='bbox 1213 1322 1372 1375; x_wconf 83' lang='lat' dir='ltr'><strong>AEgypto</strong></span> <span class='ocrx_word' id='word_1_404' title='bbox 1393 1323 1574 1372; x_wconf 75' lang='lat' dir='ltr'><strong>exierant5</strong></span> <span class='ocrx_word' id='word_1_405' title='bbox 1593 1322 1662 1360; x_wconf 87' lang='lat' dir='ltr'><strong>hoc</strong></span> <span class='ocrx_word' id='word_1_406' title='bbox 1684 1331 1751 1372; x_wconf 88' lang='lat' dir='ltr'><strong>est,</strong></span> <span class='ocrx_word' id='word_1_407' title='bbox 1775 1321 1870 1369; x_wconf 85' lang='lat' dir='ltr'><strong>Quia</strong></span> <span class='ocrx_word' id='word_1_408' title='bbox 1894 1320 1918 1357; x_wconf 90' lang='lat' dir='ltr'><strong>ii</strong></span> <span class='ocrx_word' id='word_1_409' title='bbox 1939 1321 1999 1371; x_wconf 87' lang='lat' dir='ltr'><strong>qui</strong></span> <span class='ocrx_word' id='word_1_410' title='bbox 2021 1335 2065 1358; x_wconf 71' lang='lat' dir='ltr'><strong>ex</strong></span> <span class='ocrx_word' id='word_1_411' title='bbox 2087 1321 2200 1374; x_wconf 82' lang='lat' dir='ltr'>AEgy-</span> 
     </span>
     <span class='ocr_line' id='line_1_56' title="bbox 1212 1382 2201 1436; baseline -0.002 -14"><span class='ocrx_word' id='word_1_412' title='bbox 1212 1393 1275 1435; x_wconf 90' lang='lat' dir='ltr'><strong>pto</strong></span> <span class='ocrx_word' id='word_1_413' title='bbox 1295 1385 1476 1434; x_wconf 76' lang='lat' dir='ltr'><strong>exierant,</strong></span> <span class='ocrx_word' id='word_1_414' title='bbox 1501 1394 1580 1436; x_wconf 84' lang='lat' dir='ltr'><strong>post</strong></span> <span class='ocrx_word' id='word_1_415' title='bbox 1600 1393 1651 1422; x_wconf 91' lang='lat' dir='ltr'><strong>tot</strong></span> <span class='ocrx_word' id='word_1_416' title='bbox 1672 1383 1773 1434; x_wconf 84' lang='lat' dir='ltr'><strong>signa</strong></span> <span class='ocrx_word' id='word_1_417' title='bbox 1799 1392 1832 1420; x_wconf 89' lang='lat' dir='ltr'><strong>et</strong></span> <span class='ocrx_word' id='word_1_418' title='bbox 1856 1382 2019 1434; x_wconf 78' lang='lat' dir='ltr'><strong>plodigia</strong></span> <span class='ocrx_word' id='word_1_419' title='bbox 2045 1383 2201 1434; x_wconf 87' lang='lat' dir='ltr'><strong>parenti-</strong></span> 
     </span>
     <span class='ocr_line' id='line_1_57' title="bbox 1210 1444 2201 1497; baseline 0.001 -15"><span class='ocrx_word' id='word_1_420' title='bbox 1210 1445 1278 1483; x_wconf 90' lang='lat' dir='ltr'><strong>bus</strong></span> <span class='ocrx_word' id='word_1_421' title='bbox 1297 1446 1371 1483; x_wconf 89' lang='lat' dir='ltr'><strong>suis</strong></span> <span class='ocrx_word' id='word_1_422' title='bbox 1402 1446 1538 1497; x_wconf 88' lang='lat' dir='ltr'><strong>pejores</strong></span> <span class='ocrx_word' id='word_1_423' title='bbox 1565 1453 1766 1493; x_wconf 75' lang='lat' dir='ltr'><strong>evaserunt,</strong></span> <span class='ocrx_word' id='word_1_424' title='bbox 1801 1444 1864 1494; x_wconf 86' lang='lat' dir='ltr'><strong>qui</strong></span> <span class='ocrx_word' id='word_1_425' title='bbox 1895 1453 2009 1481; x_wconf 82' lang='lat' dir='ltr'><strong>tamen</strong></span> <span class='ocrx_word' id='word_1_426' title='bbox 2040 1454 2201 1495; x_wconf 84' lang='lat' dir='ltr'><strong>parentes</strong></span> 
     </span>
     <span class='ocr_line' id='line_1_58' title="bbox 1210 1503 2199 1555; baseline 0 -13"><span class='ocrx_word' id='word_1_427' title='bbox 1210 1505 1300 1543; x_wconf 85' lang='lat' dir='ltr'><strong>nihil</strong></span> <span class='ocrx_word' id='word_1_428' title='bbox 1321 1507 1450 1544; x_wconf 88' lang='lat' dir='ltr'><strong>horum</strong></span> <span class='ocrx_word' id='word_1_429' title='bbox 1471 1506 1647 1554; x_wconf 85' lang='lat' dir='ltr'><strong>viderant,</strong></span> <span class='ocrx_word' id='word_1_430' title='bbox 1679 1504 1803 1542; x_wconf 85' lang='lat' dir='ltr'><strong>eadem</strong></span> <span class='ocrx_word' id='word_1_431' title='bbox 1827 1504 1889 1541; x_wconf 85' lang='lat' dir='ltr'><strong>illa</strong></span> <span class='ocrx_word' id='word_1_432' title='bbox 1921 1503 2114 1555; x_wconf 84' lang='lat' dir='ltr'><strong>patientur,</strong></span> <span class='ocrx_word' id='word_1_433' title='bbox 2145 1505 2199 1542; x_wconf 91' lang='lat' dir='ltr'><strong>in-</strong></span> 
     </span>
     <span class='ocr_line' id='line_1_59' title="bbox 1210 1564 2200 1619; baseline 0 -16"><span class='ocrx_word' id='word_1_434' title='bbox 1210 1566 1303 1617; x_wconf 83' lang='lat' dir='ltr'><strong>quit,</strong></span> <span class='ocrx_word' id='word_1_435' title='bbox 1325 1581 1402 1618; x_wconf 79' lang='lat' dir='ltr'><strong>quae</strong></span> <span class='ocrx_word' id='word_1_436' title='bbox 1423 1567 1477 1604; x_wconf 89' lang='lat' dir='ltr'><strong>illi</strong></span> <span class='ocrx_word' id='word_1_437' title='bbox 1499 1566 1594 1619; x_wconf 86' lang='lat' dir='ltr'><strong>passi</strong></span> <span class='ocrx_word' id='word_1_438' title='bbox 1620 1575 1714 1613; x_wconf 90' lang='lat' dir='ltr'><strong>sunt,</strong></span> <span class='ocrx_word' id='word_1_439' title='bbox 1737 1565 1822 1615; x_wconf 90' lang='lat' dir='ltr'><strong>quia</strong></span> <span class='ocrx_word' id='word_1_440' title='bbox 1840 1564 1961 1602; x_wconf 88' lang='lat' dir='ltr'><strong>eadem</strong></span> <span class='ocrx_word' id='word_1_441' title='bbox 1978 1565 2106 1602; x_wconf 85' lang='lat' dir='ltr'><strong>scelera</strong></span> <span class='ocrx_word' id='word_1_442' title='bbox 2121 1580 2200 1617; x_wconf 87' lang='lat' dir='ltr'><strong>per-</strong></span> 
     </span>
     <span class='ocr_line' id='line_1_60' title="bbox 1209 1624 2200 1680; baseline -0.002 -15"><span class='ocrx_word' id='word_1_443' title='bbox 1209 1637 1407 1680; x_wconf 80' lang='lat' dir='ltr'><strong>petrarunt.</strong></span> <span class='ocrx_word' id='word_1_444' title='bbox 1427 1628 1474 1665; x_wconf 84' lang='lat' dir='ltr'><strong>Et</strong></span> <span class='ocrx_word' id='word_1_445' title='bbox 1493 1626 1592 1679; x_wconf 88' lang='lat' dir='ltr'><strong>quod</strong></span> <span class='ocrx_word' id='word_1_446' title='bbox 1610 1641 1664 1664; x_wconf 89' lang='lat' dir='ltr'><strong>res</strong></span> <span class='ocrx_word' id='word_1_447' title='bbox 1680 1626 1732 1664; x_wconf 89' lang='lat' dir='ltr'><strong>sic</strong></span> <span class='ocrx_word' id='word_1_448' title='bbox 1755 1624 1987 1677; x_wconf 84' lang='lat' dir='ltr'><strong>intelligenda</strong></span> <span class='ocrx_word' id='word_1_449' title='bbox 2010 1625 2067 1674; x_wconf 89' lang='lat' dir='ltr'><strong>sit,</strong></span> <span class='ocrx_word' id='word_1_450' title='bbox 2091 1626 2200 1677; x_wconf 86' lang='lat' dir='ltr'><strong>probe</strong></span> 
     </span>
     <span class='ocr_line' id='line_1_61' title="bbox 1211 1687 2199 1741; baseline -0.002 -15"><span class='ocrx_word' id='word_1_451' title='bbox 1211 1689 1337 1741; x_wconf 87' lang='lat' dir='ltr'><strong>capiet,</strong></span> <span class='ocrx_word' id='word_1_452' title='bbox 1352 1688 1380 1726; x_wconf 87' lang='lat' dir='ltr'><strong>si</strong></span> <span class='ocrx_word' id='word_1_453' title='bbox 1401 1688 1481 1740; x_wconf 92' lang='lat' dir='ltr'><strong>quis</strong></span> <span class='ocrx_word' id='word_1_454' title='bbox 1493 1688 1612 1726; x_wconf 89' lang='lat' dir='ltr'><strong>locum</strong></span> <span class='ocrx_word' id='word_1_455' title='bbox 1627 1687 1800 1739; x_wconf 78' lang='lat' dir='ltr'><strong>exploret.</strong></span> <span class='ocrx_word' id='word_1_456' title='bbox 1822 1687 1895 1724; x_wconf 87' lang='lat' dir='ltr'><strong>Cur</strong></span> <span class='ocrx_word' id='word_1_457' title='bbox 1913 1699 1996 1737; x_wconf 85' lang='lat' dir='ltr'><strong>ergo</strong></span> <span class='ocrx_word' id='word_1_458' title='bbox 2009 1699 2122 1723; x_wconf 89' lang='lat' dir='ltr'><strong>caecus</strong></span> <span class='ocrx_word' id='word_1_459' title='bbox 2137 1700 2199 1724; x_wconf 86' lang='lat' dir='ltr'><strong>na-</strong></span> 
     </span>
     <span class='ocr_line' id='line_1_62' title="bbox 1209 1747 2195 1804; baseline -0.004 -16"><span class='ocrx_word' id='word_1_460' title='bbox 1209 1759 1268 1788; x_wconf 82' lang='lat' dir='ltr'><strong>tus</strong></span> <span class='ocrx_word' id='word_1_461' title='bbox 1288 1750 1364 1788; x_wconf 74' lang='lat' dir='ltr'><strong>est?</strong></span> <span class='ocrx_word' id='word_1_462' title='bbox 1393 1752 1442 1788; x_wconf 67' lang='lat' dir='ltr'><strong>[st</strong></span> <span class='ocrx_word' id='word_1_463' title='bbox 1459 1751 1792 1804; x_wconf 57' lang='lat' dir='ltr'><strong>manifestaretur,</strong></span> <span class='ocrx_word' id='word_1_464' title='bbox 1812 1747 1938 1798; x_wconf 86' lang='lat' dir='ltr'><strong>inquit,</strong></span> <span class='ocrx_word' id='word_1_465' title='bbox 1955 1747 2082 1799; x_wconf 81' lang='lat' dir='ltr'><strong>gloria</strong></span> <span class='ocrx_word' id='word_1_466' title='bbox 2106 1748 2195 1784; x_wconf 82' lang='lat' dir='ltr'><strong>Dei.</strong></span> 
     </span>
     <span class='ocr_line' id='line_1_63' title="bbox 1209 1808 2200 1862; baseline -0.004 -11"><span class='ocrx_word' id='word_1_467' title='bbox 1209 1813 1304 1851; x_wconf 89' lang='lat' dir='ltr'><strong>Hinc</strong></span> <span class='ocrx_word' id='word_1_468' title='bbox 1324 1827 1450 1850; x_wconf 89' lang='lat' dir='ltr'><strong>rursus</strong></span> <span class='ocrx_word' id='word_1_469' title='bbox 1473 1812 1543 1850; x_wconf 88' lang='lat' dir='ltr'><strong>alia</strong></span> <span class='ocrx_word' id='word_1_470' title='bbox 1568 1810 1727 1862; x_wconf 78' lang='lat' dir='ltr'><strong>exsurgit</strong></span> <span class='ocrx_word' id='word_1_471' title='bbox 1755 1809 1900 1861; x_wconf 80' lang='lat' dir='ltr'><strong>quaestio</strong></span> <span class='ocrx_word' id='word_1_472' title='bbox 1924 1825 1932 1845; x_wconf 95' lang='lat'><strong>:</strong></span> <span class='ocrx_word' id='word_1_473' title='bbox 1953 1810 2049 1846; x_wconf 84' lang='lat' dir='ltr'><strong>Num</strong></span> <span class='ocrx_word' id='word_1_474' title='bbox 2068 1808 2200 1859; x_wconf 83' lang='lat' dir='ltr'><strong>absque</strong></span> 
     </span>
     <span class='ocr_line' id='line_1_64' title="bbox 1208 1869 2197 1927; baseline -0.006 -15"><span class='ocrx_word' id='word_1_475' title='bbox 1208 1874 1318 1927; x_wconf 90' lang='lat' dir='ltr'><strong>hujus</strong></span> <span class='ocrx_word' id='word_1_476' title='bbox 1333 1874 1528 1927; x_wconf 81' lang='lat' dir='ltr'><strong>punitione,</strong></span> <span class='ocrx_word' id='word_1_477' title='bbox 1547 1886 1618 1911; x_wconf 90' lang='lat' dir='ltr'><strong>non</strong></span> <span class='ocrx_word' id='word_1_478' title='bbox 1635 1880 1772 1924; x_wconf 86' lang='lat' dir='ltr'><strong>poterat</strong></span> <span class='ocrx_word' id='word_1_479' title='bbox 1790 1870 1903 1922; x_wconf 86' lang='lat' dir='ltr'><strong>gloria</strong></span> <span class='ocrx_word' id='word_1_480' title='bbox 1914 1869 1982 1908; x_wconf 87' lang='lat' dir='ltr'><strong>Dei</strong></span> <span class='ocrx_word' id='word_1_481' title='bbox 1999 1870 2197 1922; x_wconf 76' lang='lat' dir='ltr'><strong>apparere?</strong></span> 
     </span>
     <span class='ocr_line' id='line_1_65' title="bbox 1211 1933 2194 1987; baseline -0.006 -11"><span class='ocrx_word' id='word_1_482' title='bbox 1211 1938 1313 1976; x_wconf 85' lang='lat' dir='ltr'><strong>Certe</strong></span> <span class='ocrx_word' id='word_1_483' title='bbox 1331 1951 1401 1975; x_wconf 91' lang='lat' dir='ltr'><strong>non</strong></span> <span class='ocrx_word' id='word_1_484' title='bbox 1419 1936 1554 1975; x_wconf 87' lang='lat' dir='ltr'><strong>dicitur</strong></span> <span class='ocrx_word' id='word_1_485' title='bbox 1567 1949 1636 1974; x_wconf 89' lang='lat' dir='ltr'><strong>non</strong></span> <span class='ocrx_word' id='word_1_486' title='bbox 1654 1934 1812 1987; x_wconf 89' lang='lat' dir='ltr'><strong>potuisse</strong></span> <span class='ocrx_word' id='word_1_487' title='bbox 1819 1950 1829 1982; x_wconf 80' lang='lat'><em>3</em></span> <span class='ocrx_word' id='word_1_488' title='bbox 1844 1942 1982 1986; x_wconf 85' lang='lat' dir='ltr'><strong>poterat</strong></span> <span class='ocrx_word' id='word_1_489' title='bbox 2002 1933 2113 1970; x_wconf 91' lang='lat' dir='ltr'><strong>enim:</strong></span> <span class='ocrx_word' id='word_1_490' title='bbox 2134 1933 2194 1971; x_wconf 88' lang='lat' dir='ltr'><strong>sed</strong></span> 
     </span>
     <span class='ocr_line' id='line_1_66' title="bbox 1208 1995 2195 2051; baseline -0.008 -12"><span class='ocrx_word' id='word_1_491' title='bbox 1208 2010 1248 2039; x_wconf 88' lang='lat' dir='ltr'><strong>ut</strong></span> <span class='ocrx_word' id='word_1_492' title='bbox 1267 2001 1304 2038; x_wconf 90' lang='lat' dir='ltr'><strong>in</strong></span> <span class='ocrx_word' id='word_1_493' title='bbox 1323 2000 1391 2038; x_wconf 90' lang='lat' dir='ltr'><strong>hoc</strong></span> <span class='ocrx_word' id='word_1_494' title='bbox 1412 2000 1518 2037; x_wconf 89' lang='lat' dir='ltr'><strong>etiam</strong></span> <span class='ocrx_word' id='word_1_495' title='bbox 1533 2007 1726 2051; x_wconf 77' lang='lat' dir='ltr'><strong>appaieiet</strong></span> <span class='ocrx_word' id='word_1_496' title='bbox 1748 1995 1928 2048; x_wconf 85' lang='lat' dir='ltr'><strong>Ergone,</strong></span> <span class='ocrx_word' id='word_1_497' title='bbox 1919 1995 2068 2045; x_wconf 75' lang='lat' dir='ltr'><strong>inquies,</strong></span> <span class='ocrx_word' id='word_1_498' title='bbox 2102 1995 2195 2046; x_wconf 91' lang='lat' dir='ltr'><strong>inju-</strong></span> 
     </span>
    </p>
   </div>
   <div class='ocr_carea' id='block_1_19' title="bbox 100 2051 2194 2114">
    <p class='ocr_par' dir='ltr' id='par_1_20' title="bbox 100 2051 2194 2114">
     <span class='ocr_line' id='line_1_67' title="bbox 100 2051 2194 2114; baseline -0.002 -15"><span class='ocrx_word' id='word_1_499' title='bbox 100 2069 192 2106; x_wconf 63' lang='grc' dir='ltr'><strong>φημι</strong></span> <span class='ocrx_word' id='word_1_500' title='bbox 213 2054 284 2092; x_wconf 73' lang='grc' dir='ltr'><strong>ἀπ’)</strong></span> <span class='ocrx_word' id='word_1_501' title='bbox 305 2056 368 2099; x_wconf 71' lang='grc' dir='ltr'><strong>τῆς</strong></span> <span class='ocrx_word' id='word_1_502' title='bbox 386 2068 592 2105; x_wconf 48' lang='grc' dir='ltr'><strong>πήρωσις-υς·</strong></span> <span class='ocrx_word' id='word_1_503' title='bbox 614 2051 730 2097; x_wconf 59' lang='grc' dir='ltr'><strong>1’Ίῡυς</strong></span> <span class='ocrx_word' id='word_1_504' title='bbox 750 2052 819 2106; x_wconf 63' lang='grc' dir='ltr'><strong>(ἄρ</strong></span> <span class='ocrx_word' id='word_1_505' title='bbox 836 2053 928 2091; x_wconf 62' lang='grc' dir='ltr'><em>ἕνδῡ)</em></span> <span class='ocrx_word' id='word_1_506' title='bbox 947 2052 1069 2091; x_wconf 61' lang='grc' dir='ltr'><strong>ἇνὲὅ)</strong></span> <span class='ocrx_word' id='word_1_507' title='bbox 1046 2054 1134 2106; x_wconf 72' lang='grc' dir='ltr'>Ξψῑν</span> <span class='ocrx_word' id='word_1_508' title='bbox 1157 2068 1182 2099; x_wconf 94' lang='lat' dir='ltr'>D</span> <span class='ocrx_word' id='word_1_509' title='bbox 1205 2062 1296 2100; x_wconf 77' lang='lat' dir='ltr'><strong>liam</strong></span> <span class='ocrx_word' id='word_1_510' title='bbox 1312 2071 1458 2114; x_wconf 80' lang='lat' dir='ltr'><strong>proptei</strong></span> <span class='ocrx_word' id='word_1_511' title='bbox 1481 2060 1548 2099; x_wconf 88' lang='lat' dir='ltr'><strong>Dei</strong></span> <span class='ocrx_word' id='word_1_512' title='bbox 1569 2059 1718 2112; x_wconf 83' lang='lat' dir='ltr'><strong>g101iam</strong></span> <span class='ocrx_word' id='word_1_513' title='bbox 1736 2057 1898 2109; x_wconf 72' lang='lat' dir='ltr'><strong>accepit?</strong></span> <span class='ocrx_word' id='word_1_514' title='bbox 1920 2057 2049 2105; x_wconf 87' lang='lat' dir='ltr'><strong>Quam,</strong></span> <span class='ocrx_word' id='word_1_515' title='bbox 2062 2070 2194 2107; x_wconf 86' lang='lat' dir='ltr'><strong>quaeso</strong></span> 
     </span>
    </p>
   </div>
   <div class='ocr_carea' id='block_1_20' title="bbox 91 2113 1171 3212">
    <p class='ocr_par' dir='ltr' id='par_1_21' title="bbox 91 2113 1171 3212">
     <span class='ocr_line' id='line_1_68' title="bbox 101 2113 1133 2167; baseline 0 -16"><span class='ocrx_word' id='word_1_516' title='bbox 101 2114 308 2166; x_wconf 59' lang='grc' dir='ltr'>ὀφθαλμούς.</span> <span class='ocrx_word' id='word_1_517' title='bbox 328 2114 376 2153; x_wconf 89' lang='grc' dir='ltr'><strong>Τί</strong></span> <span class='ocrx_word' id='word_1_518' title='bbox 390 2114 458 2167; x_wconf 81' lang='grc' dir='ltr'><strong>γὰρ</strong></span> <span class='ocrx_word' id='word_1_519' title='bbox 471 2114 555 2167; x_wconf 60' lang='grc' dir='ltr'>ὄρελ</span> <span class='ocrx_word' id='word_1_520' title='bbox 556 2114 591 2158; x_wconf 87' lang='grc' dir='ltr'><strong>ός</strong></span> <span class='ocrx_word' id='word_1_521' title='bbox 607 2116 681 2152; x_wconf 79' lang='grc' dir='ltr'>ἐστι</span> <span class='ocrx_word' id='word_1_522' title='bbox 694 2120 764 2158; x_wconf 88' lang='grc' dir='ltr'>τοῖς</span> <span class='ocrx_word' id='word_1_523' title='bbox 786 2113 966 2158; x_wconf 77' lang='grc' dir='ltr'>Ἰουδαίοις</span> <span class='ocrx_word' id='word_1_524' title='bbox 980 2115 1047 2151; x_wconf 81' lang='grc' dir='ltr'><strong>τῶν</strong></span> <span class='ocrx_word' id='word_1_525' title='bbox 1069 2115 1133 2165; x_wconf 85' lang='grc' dir='ltr'>ὀμ-</span> 
     </span>
     <span class='ocr_line' id='line_1_69' title="bbox 101 2174 1131 2228; baseline 0 -16"><span class='ocrx_word' id='word_1_526' title='bbox 101 2174 242 2224; x_wconf 82' lang='grc' dir='ltr'>μάτων;</span> <span class='ocrx_word' id='word_1_527' title='bbox 271 2175 425 2220; x_wconf 81' lang='grc' dir='ltr'>Μείζονα</span> <span class='ocrx_word' id='word_1_528' title='bbox 458 2175 526 2228; x_wconf 82' lang='grc' dir='ltr'><strong>γὰρ</strong></span> <span class='ocrx_word' id='word_1_529' title='bbox 547 2175 690 2214; x_wconf 83' lang='grc' dir='ltr'>κόλασιν</span> <span class='ocrx_word' id='word_1_530' title='bbox 716 2175 831 2227; x_wconf 72' lang='grc' dir='ltr'>ἔσχον,</span> <span class='ocrx_word' id='word_1_531' title='bbox 860 2175 1111 2226; x_wconf 80' lang='grc' dir='ltr'>πηρωθέντες’</span> <span class='ocrx_word' id='word_1_532' title='bbox 1097 2190 1131 2213; x_wconf 88' lang='grc' dir='ltr'><strong>εν</strong></span> 
     </span>
     <span class='ocr_line' id='line_1_70' title="bbox 98 2234 1129 2289; baseline 0.001 -17"><span class='ocrx_word' id='word_1_533' title='bbox 98 2237 149 2287; x_wconf 85' lang='grc' dir='ltr'>τῷ</span> <span class='ocrx_word' id='word_1_534' title='bbox 170 2235 322 2286; x_wconf 80' lang='grc' dir='ltr'>βλέπειν.</span> <span class='ocrx_word' id='word_1_535' title='bbox 343 2235 390 2274; x_wconf 91' lang='grc' dir='ltr'><strong>Τί</strong></span> <span class='ocrx_word' id='word_1_536' title='bbox 413 2236 449 2275; x_wconf 78' lang='grc' dir='ltr'><strong>δὲ</strong></span> <span class='ocrx_word' id='word_1_537' title='bbox 466 2236 575 2289; x_wconf 81' lang='grc' dir='ltr'>τούτῳ</span> <span class='ocrx_word' id='word_1_538' title='bbox 599 2236 728 2288; x_wconf 63' lang='grc' dir='ltr'>βλάτῧος</span> <span class='ocrx_word' id='word_1_539' title='bbox 748 2235 817 2274; x_wconf 83' lang='grc' dir='ltr'>ἀπὸ</span> <span class='ocrx_word' id='word_1_540' title='bbox 838 2239 900 2282; x_wconf 64' lang='grc' dir='ltr'><strong>τῆς</strong></span> <span class='ocrx_word' id='word_1_541' title='bbox 919 2234 1129 2288; x_wconf 81' lang='grc' dir='ltr'>πηρώσεως;</span> 
     </span>
     <span class='ocr_line' id='line_1_71' title="bbox 99 2291 1129 2350; baseline 0.001 -16"><span class='ocrx_word' id='word_1_542' title='bbox 99 2296 168 2334; x_wconf 81' lang='grc' dir='ltr'><strong>Διὰ</strong></span> <span class='ocrx_word' id='word_1_543' title='bbox 182 2297 251 2350; x_wconf 78' lang='grc' dir='ltr'><strong>γὰρ</strong></span> <span class='ocrx_word' id='word_1_544' title='bbox 273 2296 401 2344; x_wconf 78' lang='grc' dir='ltr'>ταύτης</span> <span class='ocrx_word' id='word_1_545' title='bbox 429 2297 628 2349; x_wconf 77' lang='grc' dir='ltr'>ἀνέὸλεψεν.</span> <span class='ocrx_word' id='word_1_546' title='bbox 648 2297 790 2350; x_wconf 70' lang='grc' dir='ltr'><strong>εὨσπερ</strong></span> <span class='ocrx_word' id='word_1_547' title='bbox 811 2291 868 2336; x_wconf 70' lang='grc' dir='ltr'><strong>οῧν</strong></span> <span class='ocrx_word' id='word_1_548' title='bbox 884 2296 928 2335; x_wconf 83' lang='grc' dir='ltr'>τὰ</span> <span class='ocrx_word' id='word_1_549' title='bbox 953 2296 1047 2335; x_wconf 91' lang='grc' dir='ltr'>κακα</span> <span class='ocrx_word' id='word_1_550' title='bbox 1067 2299 1129 2335; x_wconf 82' lang='grc' dir='ltr'>οὐκ</span> 
     </span>
     <span class='ocr_line' id='line_1_72' title="bbox 97 2358 1103 2412; baseline -0.001 -15"><span class='ocrx_word' id='word_1_551' title='bbox 97 2359 170 2398; x_wconf 82' lang='grc' dir='ltr'>ἔστι</span> <span class='ocrx_word' id='word_1_552' title='bbox 189 2359 282 2397; x_wconf 83' lang='grc' dir='ltr'>κακὰ</span> <span class='ocrx_word' id='word_1_553' title='bbox 302 2359 347 2398; x_wconf 81' lang='grc' dir='ltr'>τὰ</span> <span class='ocrx_word' id='word_1_554' title='bbox 365 2359 457 2398; x_wconf 83' lang='grc' dir='ltr'>κατὰ</span> <span class='ocrx_word' id='word_1_555' title='bbox 479 2376 536 2398; x_wconf 85' lang='grc' dir='ltr'><strong>τον</strong></span> <span class='ocrx_word' id='word_1_556' title='bbox 562 2359 721 2412; x_wconf 87' lang='grc' dir='ltr'>παρόντα</span> <span class='ocrx_word' id='word_1_557' title='bbox 740 2359 832 2411; x_wconf 83' lang='grc' dir='ltr'>βίον·</span> <span class='ocrx_word' id='word_1_558' title='bbox 854 2358 912 2398; x_wconf 75' lang='grc' dir='ltr'><strong>οὔτ</strong></span> <span class='ocrx_word' id='word_1_559' title='bbox 914 2375 961 2402; x_wconf 89' lang='grc' dir='ltr'>ως</span> <span class='ocrx_word' id='word_1_560' title='bbox 988 2358 1064 2397; x_wconf 76' lang='grc' dir='ltr'>οὐδε</span> <span class='ocrx_word' id='word_1_561' title='bbox 1083 2375 1103 2396; x_wconf 90' lang='grc' dir='ltr'>τ</span> 
     </span>
     <span class='ocr_line' id='line_1_73' title="bbox 98 2418 1126 2473; baseline -0.001 -16"><span class='ocrx_word' id='word_1_562' title='bbox 98 2419 213 2470; x_wconf 84' lang='grc' dir='ltr'>ἀγαθα</span> <span class='ocrx_word' id='word_1_563' title='bbox 233 2419 367 2472; x_wconf 81' lang='grc' dir='ltr'>ἀγαθά·</span> <span class='ocrx_word' id='word_1_564' title='bbox 389 2423 466 2458; x_wconf 88' lang='grc' dir='ltr'>ἀλλ’</span> <span class='ocrx_word' id='word_1_565' title='bbox 489 2419 646 2473; x_wconf 85' lang='grc' dir='ltr'>ἁμαρτία</span> <span class='ocrx_word' id='word_1_566' title='bbox 664 2419 751 2471; x_wconf 86' lang='grc' dir='ltr'>μόνη</span> <span class='ocrx_word' id='word_1_567' title='bbox 776 2420 896 2467; x_wconf 82' lang='grc' dir='ltr'>κακὸν,</span> <span class='ocrx_word' id='word_1_568' title='bbox 915 2435 1072 2472; x_wconf 83' lang='grc' dir='ltr'>πηρωσις</span> <span class='ocrx_word' id='word_1_569' title='bbox 1091 2418 1126 2457; x_wconf 79' lang='grc' dir='ltr'><strong>δὲ</strong></span> 
     </span>
     <span class='ocr_line' id='line_1_74' title="bbox 96 2480 1125 2533; baseline 0 -15"><span class='ocrx_word' id='word_1_570' title='bbox 96 2482 134 2518; x_wconf 75' lang='grc' dir='ltr'>οὗ</span> <span class='ocrx_word' id='word_1_571' title='bbox 152 2480 272 2518; x_wconf 75' lang='grc' dir='ltr'>κακόν.</span> <span class='ocrx_word' id='word_1_572' title='bbox 290 2480 373 2518; x_wconf 84' lang='lat' dir='ltr'><strong>‘O</strong></span> <span class='ocrx_word' id='word_1_573' title='bbox 355 2480 390 2518; x_wconf 81' lang='grc' dir='ltr'>οὲ</span> <span class='ocrx_word' id='word_1_574' title='bbox 409 2483 447 2518; x_wconf 79' lang='grc' dir='ltr'><strong>ἐκ</strong></span> <span class='ocrx_word' id='word_1_575' title='bbox 465 2484 524 2518; x_wconf 77' lang='grc' dir='ltr'><strong>τοῦ</strong></span> <span class='ocrx_word' id='word_1_576' title='bbox 544 2480 592 2531; x_wconf 88' lang='grc' dir='ltr'>μὴ</span> <span class='ocrx_word' id='word_1_577' title='bbox 615 2480 710 2524; x_wconf 83' lang='grc' dir='ltr'>ὄντος</span> <span class='ocrx_word' id='word_1_578' title='bbox 727 2482 773 2524; x_wconf 88' lang='grc' dir='ltr'><strong>εἷς</strong></span> <span class='ocrx_word' id='word_1_579' title='bbox 792 2481 832 2519; x_wconf 81' lang='grc' dir='ltr'>τὸ</span> <span class='ocrx_word' id='word_1_580' title='bbox 854 2485 942 2518; x_wconf 85' lang='grc' dir='ltr'>εἶναι</span> <span class='ocrx_word' id='word_1_581' title='bbox 957 2496 1125 2533; x_wconf 84' lang='grc' dir='ltr'>παραγα-</span> 
     </span>
     <span class='ocr_line' id='line_1_75' title="bbox 95 2534 1126 2593; baseline 0 -15"><span class='ocrx_word' id='word_1_582' title='bbox 95 2557 179 2592; x_wconf 92' lang='grc' dir='ltr'>γων,</span> <span class='ocrx_word' id='word_1_583' title='bbox 195 2539 350 2584; x_wconf 80' lang='grc' dir='ltr'>ἐξουσίαν</span> <span class='ocrx_word' id='word_1_584' title='bbox 369 2534 440 2592; x_wconf 62' lang='grc' dir='ltr'>εἶχε</span> <span class='ocrx_word' id='word_1_585' title='bbox 459 2556 520 2578; x_wconf 86' lang='grc' dir='ltr'><strong>και</strong></span> <span class='ocrx_word' id='word_1_586' title='bbox 541 2539 647 2583; x_wconf 69' lang='grc' dir='ltr'>οὕτως</span> <span class='ocrx_word' id='word_1_587' title='bbox 672 2541 773 2579; x_wconf 76' lang='grc' dir='ltr'>αὐτον</span> <span class='ocrx_word' id='word_1_588' title='bbox 793 2544 943 2593; x_wconf 74' lang='grc' dir='ltr'>ἀφεῖναι.</span> <span class='ocrx_word' id='word_1_589' title='bbox 966 2540 1108 2578; x_wconf 90' lang='grc' dir='ltr'>Φασι</span> <span class='ocrx_word' id='word_1_590' title='bbox 1089 2541 1126 2578; x_wconf 84' lang='grc' dir='ltr'>οέ</span> 
     </span>
     <span class='ocr_line' id='line_1_76' title="bbox 93 2599 1124 2652; baseline 0 -14"><span class='ocrx_word' id='word_1_591' title='bbox 93 2617 200 2648; x_wconf 86' lang='grc' dir='ltr'>τινες,</span> <span class='ocrx_word' id='word_1_592' title='bbox 216 2600 269 2639; x_wconf 72' lang='grc' dir='ltr'>ὅτι</span> <span class='ocrx_word' id='word_1_593' title='bbox 289 2605 388 2639; x_wconf 75' lang='grc' dir='ltr'>τοῦτο</span> <span class='ocrx_word' id='word_1_594' title='bbox 417 2599 493 2638; x_wconf 73' lang='grc' dir='ltr'>οὐδὲ</span> <span class='ocrx_word' id='word_1_595' title='bbox 522 2601 752 2652; x_wconf 83' lang='grc' dir='ltr'>αἰτιολογικόν</span> <span class='ocrx_word' id='word_1_596' title='bbox 773 2604 846 2640; x_wconf 77' lang='grc' dir='ltr'>ἐστι</span> <span class='ocrx_word' id='word_1_597' title='bbox 864 2601 904 2639; x_wconf 70' lang='grc' dir='ltr'>τὸ</span> <span class='ocrx_word' id='word_1_598' title='bbox 923 2600 1124 2652; x_wconf 64' lang='grc' dir='ltr'>ἐπίρρημα,</span> 
     </span>
     <span class='ocr_line' id='line_1_77' title="bbox 95 2655 1123 2713; baseline -0.001 -14"><span class='ocrx_word' id='word_1_599' title='bbox 95 2661 186 2700; x_wconf 76' lang='grc' dir='ltr'>ἀλλὰ</span> <span class='ocrx_word' id='word_1_600' title='bbox 212 2664 275 2707; x_wconf 74' lang='grc' dir='ltr'><strong>τῆς</strong></span> <span class='ocrx_word' id='word_1_601' title='bbox 302 2661 496 2704; x_wconf 74' lang='grc' dir='ltr'>ἐκὸάσεως·</span> <span class='ocrx_word' id='word_1_602' title='bbox 517 2655 586 2699; x_wconf 64' lang='grc' dir='ltr'>οἷον</span> <span class='ocrx_word' id='word_1_603' title='bbox 608 2662 655 2704; x_wconf 74' lang='grc' dir='ltr'>ὡς</span> <span class='ocrx_word' id='word_1_604' title='bbox 681 2661 763 2700; x_wconf 77' lang='grc' dir='ltr'>ὅταν</span> <span class='ocrx_word' id='word_1_605' title='bbox 792 2661 898 2713; x_wconf 83' lang='grc' dir='ltr'>λέγῃ,</span> <span class='ocrx_word' id='word_1_606' title='bbox 929 2663 992 2705; x_wconf 80' lang='grc' dir='ltr'>Εἷς</span> <span class='ocrx_word' id='word_1_607' title='bbox 1013 2660 1123 2713; x_wconf 74' lang='grc' dir='ltr'>κρίμα</span> 
     </span>
     <span class='ocr_line' id='line_1_78' title="bbox 93 2717 1124 2774; baseline -0.002 -13"><span class='ocrx_word' id='word_1_608' title='bbox 93 2721 162 2774; x_wconf 82' lang='grc' dir='ltr'>ἐγὼ</span> <span class='ocrx_word' id='word_1_609' title='bbox 177 2717 280 2768; x_wconf 64' lang='grc' dir='ltr'>ἦλθον</span> <span class='ocrx_word' id='word_1_610' title='bbox 298 2724 345 2766; x_wconf 86' lang='grc' dir='ltr'><strong>εἷς</strong></span> <span class='ocrx_word' id='word_1_611' title='bbox 363 2721 420 2760; x_wconf 80' lang='grc' dir='ltr'><strong>τὸν</strong></span> <span class='ocrx_word' id='word_1_612' title='bbox 440 2721 570 2772; x_wconf 79' lang='grc' dir='ltr'>κόσμον</span> <span class='ocrx_word' id='word_1_613' title='bbox 592 2726 723 2770; x_wconf 71' lang='grc' dir='ltr'>τοῦτον,</span> <span class='ocrx_word' id='word_1_614' title='bbox 739 2721 796 2760; x_wconf 77' lang='grc' dir='ltr'><strong>ἵνα</strong></span> <span class='ocrx_word' id='word_1_615' title='bbox 813 2725 843 2761; x_wconf 85' lang='grc' dir='ltr'>οἱ</span> <span class='ocrx_word' id='word_1_616' title='bbox 868 2721 915 2773; x_wconf 77' lang='grc' dir='ltr'>μὴ</span> <span class='ocrx_word' id='word_1_617' title='bbox 941 2721 1124 2773; x_wconf 78' lang='grc' dir='ltr'>βλέποντες</span> 
     </span>
     <span class='ocr_line' id='line_1_79' title="bbox 95 2781 1171 2836; baseline -0.001 -16"><span class='ocrx_word' id='word_1_618' title='bbox 95 2783 251 2835; x_wconf 75' lang='grc' dir='ltr'>βλέψωσι</span> <span class='ocrx_word' id='word_1_619' title='bbox 264 2813 273 2831; x_wconf 91' lang='grc'>,</span> <span class='ocrx_word' id='word_1_620' title='bbox 294 2782 354 2821; x_wconf 83' lang='grc' dir='ltr'><strong>καὶ</strong></span> <span class='ocrx_word' id='word_1_621' title='bbox 371 2786 401 2821; x_wconf 84' lang='grc' dir='ltr'>οἱ</span> <span class='ocrx_word' id='word_1_622' title='bbox 419 2782 602 2834; x_wconf 85' lang='grc' dir='ltr'>βλέποντες</span> <span class='ocrx_word' id='word_1_623' title='bbox 627 2783 749 2835; x_wconf 72' lang='grc' dir='ltr'>τυφλοὶ</span> <span class='ocrx_word' id='word_1_624' title='bbox 765 2783 944 2836; x_wconf 84' lang='grc' dir='ltr'>γένωνται.</span> <span class='ocrx_word' id='word_1_625' title='bbox 966 2783 1036 2820; x_wconf 77' lang='grc' dir='ltr'><strong>Καὶ</strong></span> <span class='ocrx_word' id='word_1_626' title='bbox 1054 2781 1121 2833; x_wconf 77' lang='grc' dir='ltr'><strong>μὴν</strong></span> <span class='ocrx_word' id='word_1_627' title='bbox 1146 2793 1171 2824; x_wconf 89' lang='grc' dir='ltr'>Ε</span> 
     </span>
     <span class='ocr_line' id='line_1_80' title="bbox 93 2838 1121 2895; baseline -0.001 -13"><span class='ocrx_word' id='word_1_628' title='bbox 93 2845 130 2882; x_wconf 80' lang='lat'>06</span> <span class='ocrx_word' id='word_1_629' title='bbox 147 2843 203 2880; x_wconf 80' lang='grc' dir='ltr'><strong>διὰ</strong></span> <span class='ocrx_word' id='word_1_630' title='bbox 219 2860 319 2882; x_wconf 85' lang='grc' dir='ltr'>τουτο</span> <span class='ocrx_word' id='word_1_631' title='bbox 337 2838 384 2890; x_wconf 68' lang='grc' dir='ltr'><strong>ἧλ</strong></span> <span class='ocrx_word' id='word_1_632' title='bbox 386 2846 481 2891; x_wconf 84' lang='grc' dir='ltr'>θεν,</span> <span class='ocrx_word' id='word_1_633' title='bbox 476 2843 529 2881; x_wconf 88' lang='grc' dir='ltr'>ι’να</span> <span class='ocrx_word' id='word_1_634' title='bbox 551 2847 582 2882; x_wconf 85' lang='grc' dir='ltr'>οἱ</span> <span class='ocrx_word' id='word_1_635' title='bbox 600 2843 662 2895; x_wconf 79' lang='grc' dir='ltr'><strong>βλ</strong></span> <span class='ocrx_word' id='word_1_636' title='bbox 646 2859 785 2887; x_wconf 88' lang='grc' dir='ltr'>εποντες</span> <span class='ocrx_word' id='word_1_637' title='bbox 802 2843 924 2895; x_wconf 74' lang='grc' dir='ltr'>τυφλοι</span> <span class='ocrx_word' id='word_1_638' title='bbox 941 2843 1121 2895; x_wconf 67' lang='grc' dir='ltr'>γένωνται.</span> 
     </span>
     <span class='ocr_line' id='line_1_81' title="bbox 92 2903 1122 2956; baseline 0 -14"><span class='ocrx_word' id='word_1_639' title='bbox 92 2903 164 2942; x_wconf 90' lang='grc' dir='ltr'><strong>Και</strong></span> <span class='ocrx_word' id='word_1_640' title='bbox 184 2904 290 2942; x_wconf 86' lang='grc' dir='ltr'>πάλιν</span> <span class='ocrx_word' id='word_1_641' title='bbox 313 2908 330 2943; x_wconf 86' lang='grc' dir='ltr'><strong><em>ὃ</em></strong></span> <span class='ocrx_word' id='word_1_642' title='bbox 347 2906 486 2948; x_wconf 77' lang='grc' dir='ltr'>Παῦλος</span> <span class='ocrx_word' id='word_1_643' title='bbox 499 2920 506 2928; x_wconf 91' lang='grc'>·</span> <span class='ocrx_word' id='word_1_644' title='bbox 527 2904 579 2943; x_wconf 80' lang='grc' dir='ltr'><strong>Τὸ</strong></span> <span class='ocrx_word' id='word_1_645' title='bbox 605 2904 672 2956; x_wconf 83' lang='grc' dir='ltr'><strong>γὰρ</strong></span> <span class='ocrx_word' id='word_1_646' title='bbox 692 2904 843 2956; x_wconf 75' lang='grc' dir='ltr'>γνωστὸν</span> <span class='ocrx_word' id='word_1_647' title='bbox 863 2920 922 2943; x_wconf 90' lang='grc' dir='ltr'><strong>του</strong></span> <span class='ocrx_word' id='word_1_648' title='bbox 943 2906 1035 2943; x_wconf 81' lang='grc' dir='ltr'>Θεου</span> <span class='ocrx_word' id='word_1_649' title='bbox 1054 2920 1122 2956; x_wconf 72' lang='grc' dir='ltr'><strong>φα-</strong></span> 
     </span>
     <span class='ocr_line' id='line_1_82' title="bbox 91 2963 1122 3018; baseline 0 -16"><span class='ocrx_word' id='word_1_650' title='bbox 91 2963 188 3018; x_wconf 86' lang='grc' dir='ltr'>νερόν</span> <span class='ocrx_word' id='word_1_651' title='bbox 206 2967 296 3002; x_wconf 80' lang='grc' dir='ltr'>ἐστιν</span> <span class='ocrx_word' id='word_1_652' title='bbox 317 2966 352 3002; x_wconf 83' lang='grc' dir='ltr'>ἐν</span> <span class='ocrx_word' id='word_1_653' title='bbox 373 2967 487 3009; x_wconf 84' lang='grc' dir='ltr'>αὐτοῖς</span> <span class='ocrx_word' id='word_1_654' title='bbox 501 2995 512 3013; x_wconf 86' lang='grc'>,</span> <span class='ocrx_word' id='word_1_655' title='bbox 530 2967 578 3009; x_wconf 88' lang='grc' dir='ltr'><strong>εἷς</strong></span> <span class='ocrx_word' id='word_1_656' title='bbox 597 2965 636 3003; x_wconf 85' lang='grc' dir='ltr'>τὸ</span> <span class='ocrx_word' id='word_1_657' title='bbox 650 2969 740 3003; x_wconf 81' lang='grc' dir='ltr'>εἰναι</span> <span class='ocrx_word' id='word_1_658' title='bbox 763 2964 885 3009; x_wconf 80' lang='grc' dir='ltr'>αὐτους</span> <span class='ocrx_word' id='word_1_659' title='bbox 904 2965 1122 3016; x_wconf 76' lang='grc' dir='ltr'>ἀναπολογη-</span> 
     </span>
     <span class='ocr_line' id='line_1_83' title="bbox 91 3024 1118 3074; baseline -0.001 -10"><span class='ocrx_word' id='word_1_660' title='bbox 91 3042 180 3070; x_wconf 89' lang='grc' dir='ltr'>τους.</span> <span class='ocrx_word' id='word_1_661' title='bbox 203 3025 327 3064; x_wconf 83' lang='grc' dir='ltr'>Καίτοι</span> <span class='ocrx_word' id='word_1_662' title='bbox 353 3027 391 3064; x_wconf 81' lang='grc' dir='ltr'>οὐ</span> <span class='ocrx_word' id='word_1_663' title='bbox 411 3025 468 3063; x_wconf 84' lang='grc' dir='ltr'><strong>δια</strong></span> <span class='ocrx_word' id='word_1_664' title='bbox 483 3042 584 3064; x_wconf 84' lang='grc' dir='ltr'>τουτο</span> <span class='ocrx_word' id='word_1_665' title='bbox 600 3028 715 3070; x_wconf 77' lang='grc' dir='ltr'>αὐτοῖς</span> <span class='ocrx_word' id='word_1_666' title='bbox 735 3025 898 3074; x_wconf 82' lang='grc' dir='ltr'>ἔδειξεν,</span> <span class='ocrx_word' id='word_1_667' title='bbox 892 3024 946 3064; x_wconf 84' lang='grc' dir='ltr'>ι’να</span> <span class='ocrx_word' id='word_1_668' title='bbox 967 3027 1118 3064; x_wconf 83' lang='grc' dir='ltr'>ἀποστε-</span> 
     </span>
     <span class='ocr_line' id='line_1_84' title="bbox 94 3090 1119 3145; baseline -0.002 -15"><span class='ocrx_word' id='word_1_669' title='bbox 94 3094 242 3143; x_wconf 84' lang='grc' dir='ltr'>ρηθῶσιν</span> <span class='ocrx_word' id='word_1_670' title='bbox 259 3090 468 3143; x_wconf 87' lang='grc' dir='ltr'>ἀπολογίας,</span> <span class='ocrx_word' id='word_1_671' title='bbox 486 3094 562 3131; x_wconf 86' lang='grc' dir='ltr'>ἀλλ’</span> <span class='ocrx_word' id='word_1_672' title='bbox 582 3091 640 3131; x_wconf 83' lang='grc' dir='ltr'><strong>ἵνα</strong></span> <span class='ocrx_word' id='word_1_673' title='bbox 656 3092 806 3145; x_wconf 82' lang='grc' dir='ltr'>τύχωσιν</span> <span class='ocrx_word' id='word_1_674' title='bbox 830 3092 1029 3144; x_wconf 85' lang='grc' dir='ltr'>ἀπολογίας.</span> <span class='ocrx_word' id='word_1_675' title='bbox 1050 3092 1119 3130; x_wconf 83' lang='grc' dir='ltr'><strong>Καὶ</strong></span> 
     </span>
     <span class='ocr_line' id='line_1_85' title="bbox 92 3157 1118 3212; baseline 0.003 -19"><span class='ocrx_word' id='word_1_676' title='bbox 92 3157 197 3195; x_wconf 81' lang='grc' dir='ltr'>πάλιν</span> <span class='ocrx_word' id='word_1_677' title='bbox 213 3159 386 3210; x_wconf 72' lang='grc' dir='ltr'>ἀλλαχοῦ·</span> <span class='ocrx_word' id='word_1_678' title='bbox 407 3158 525 3208; x_wconf 78' lang='grc' dir='ltr'>Νόμος</span> <span class='ocrx_word' id='word_1_679' title='bbox 552 3157 587 3198; x_wconf 83' lang='grc' dir='ltr'><strong>δὲ</strong></span> <span class='ocrx_word' id='word_1_680' title='bbox 604 3160 849 3212; x_wconf 72' lang='grc' dir='ltr'>παρεισῆλθεν,</span> <span class='ocrx_word' id='word_1_681' title='bbox 868 3157 924 3197; x_wconf 80' lang='grc' dir='ltr'><strong>ἵνα</strong></span> <span class='ocrx_word' id='word_1_682' title='bbox 944 3157 1118 3208; x_wconf 80' lang='grc' dir='ltr'>πλεονάσῃ</span> 
     </span>
    </p>
   </div>
   <div class='ocr_carea' id='block_1_21' title="bbox 96 3289 1107 3386">
    <p class='ocr_par' dir='ltr' id='par_1_22' title="bbox 96 3289 1107 3386">
     <span class='ocr_line' id='line_1_86' title="bbox 140 3289 1107 3336; baseline -0.001 -12"><span class='ocrx_word' id='word_1_683' title='bbox 140 3299 151 3313; x_wconf 66' lang='lat'><strong>³</strong></span> <span class='ocrx_word' id='word_1_684' title='bbox 175 3290 229 3322; x_wconf 73' lang='lat' dir='ltr'><strong>Sic</strong></span> <span class='ocrx_word' id='word_1_685' title='bbox 245 3290 347 3324; x_wconf 72' lang='lat' dir='ltr'><strong>Savll.</strong></span> <span class='ocrx_word' id='word_1_686' title='bbox 366 3290 427 3322; x_wconf 81' lang='lat' dir='ltr'><strong>Alli</strong></span> <span class='ocrx_word' id='word_1_687' title='bbox 444 3294 617 3336; x_wconf 70' lang='grc' dir='ltr'>ᾐμωῦιάσαν</span> <span class='ocrx_word' id='word_1_688' title='bbox 634 3290 747 3333; x_wconf 74' lang='lat' dir='ltr'><strong>[velut</strong></span> <span class='ocrx_word' id='word_1_689' title='bbox 769 3289 855 3323; x_wconf 87' lang='lat' dir='ltr'><strong>Cod.</strong></span> <span class='ocrx_word' id='word_1_690' title='bbox 874 3292 950 3328; x_wconf 67' lang='lat'>7063</span> <span class='ocrx_word' id='word_1_691' title='bbox 970 3293 1107 3332; x_wconf 56' lang='grc' dir='ltr'>’ᾑμωδία-</span> 
     </span>
     <span class='ocr_line' id='line_1_87' title="bbox 96 3340 879 3386; baseline -0.006 -8"><span class='ocrx_word' id='word_1_692' title='bbox 96 3361 148 3378; x_wconf 68' lang='grc' dir='ltr'>σαν</span> <span class='ocrx_word' id='word_1_693' title='bbox 164 3342 248 3376; x_wconf 87' lang='lat' dir='ltr'><strong>Cod.</strong></span> <span class='ocrx_word' id='word_1_694' title='bbox 264 3345 365 3386; x_wconf 80' lang='lat'><strong>705];</strong></span> <span class='ocrx_word' id='word_1_695' title='bbox 384 3343 498 3376; x_wconf 85' lang='lat' dir='ltr'><strong>Morel.</strong></span> <span class='ocrx_word' id='word_1_696' title='bbox 515 3348 690 3386; x_wconf 71' lang='grc' dir='ltr'>ώμοῦίεσαν,</span> <span class='ocrx_word' id='word_1_697' title='bbox 710 3340 879 3375; x_wconf 87' lang='lat' dir='ltr'><strong>mendose.</strong></span> 
     </span>
    </p>
   </div>
   <div class='ocr_carea' id='block_1_22' title="bbox 138 3392 1106 3438">
    <p class='ocr_par' dir='ltr' id='par_1_23' title="bbox 138 3392 1106 3438">
     <span class='ocr_line' id='line_1_88' title="bbox 138 3392 1106 3438; baseline -0.003 -10"><span class='ocrx_word' id='word_1_698' title='bbox 138 3397 154 3419; x_wconf 75' lang='lat'><strong>¹¹</strong></span> <span class='ocrx_word' id='word_1_699' title='bbox 179 3394 369 3438; x_wconf 76' lang='lat' dir='ltr'><strong>Legendum</strong></span> <span class='ocrx_word' id='word_1_700' title='bbox 385 3403 504 3438; x_wconf 84' lang='lat' dir='ltr'><strong>putant</strong></span> <span class='ocrx_word' id='word_1_701' title='bbox 521 3394 661 3428; x_wconf 70' lang='lat' dir='ltr'><strong>Savilius</strong></span> <span class='ocrx_word' id='word_1_702' title='bbox 673 3402 705 3427; x_wconf 81' lang='lat' dir='ltr'><strong>et</strong></span> <span class='ocrx_word' id='word_1_703' title='bbox 723 3392 848 3426; x_wconf 84' lang='lat' dir='ltr'><strong>Boisius</strong></span> <span class='ocrx_word' id='word_1_704' title='bbox 863 3401 932 3431; x_wconf 72' lang='grc' dir='ltr'>τοῖς.</span> <span class='ocrx_word' id='word_1_705' title='bbox 956 3419 960 3423; x_wconf 96' lang='grc'>.</span> <span class='ocrx_word' id='word_1_706' title='bbox 992 3397 1106 3438; x_wconf 59' lang='grc' dir='ltr'>ὀρθαὶ.-</span> 
     </span>
    </p>
   </div>
   <div class='ocr_carea' id='block_1_23' title="bbox 1197 2117 2196 2780">
    <p class='ocr_par' dir='ltr' id='par_1_24' title="bbox 1197 2117 2196 2780">
     <span class='ocr_line' id='line_1_89' title="bbox 1204 2117 2196 2175; baseline -0.006 -14"><span class='ocrx_word' id='word_1_707' title='bbox 1204 2122 1399 2175; x_wconf 73' lang='lat' dir='ltr'><strong>injuriam?</strong></span> <span class='ocrx_word' id='word_1_708' title='bbox 1415 2122 1492 2172; x_wconf 90' lang='lat' dir='ltr'><strong>qui,</strong></span> <span class='ocrx_word' id='word_1_709' title='bbox 1515 2121 1543 2159; x_wconf 87' lang='lat' dir='ltr'><strong>si</strong></span> <span class='ocrx_word' id='word_1_710' title='bbox 1562 2133 1757 2170; x_wconf 82' lang='lat' dir='ltr'><strong>numquam</strong></span> <span class='ocrx_word' id='word_1_711' title='bbox 1774 2119 1877 2156; x_wconf 88' lang='lat' dir='ltr'><strong>illum</strong></span> <span class='ocrx_word' id='word_1_712' title='bbox 1888 2117 1983 2155; x_wconf 86' lang='lat' dir='ltr'><strong>nasci</strong></span> <span class='ocrx_word' id='word_1_713' title='bbox 1998 2117 2196 2155; x_wconf 78' lang='lat' dir='ltr'><strong>voluisset?</strong></span> 
     </span>
     <span class='ocr_line' id='line_1_90' title="bbox 1203 2179 2195 2236; baseline -0.007 -13"><span class='ocrx_word' id='word_1_714' title='bbox 1203 2185 1282 2236; x_wconf 83' lang='lat' dir='ltr'><strong>Ego</strong></span> <span class='ocrx_word' id='word_1_715' title='bbox 1301 2199 1384 2223; x_wconf 84' lang='lat' dir='ltr'><strong>vero</strong></span> <span class='ocrx_word' id='word_1_716' title='bbox 1404 2184 1509 2222; x_wconf 86' lang='lat' dir='ltr'><strong>etiam</strong></span> <span class='ocrx_word' id='word_1_717' title='bbox 1532 2197 1577 2220; x_wconf 81' lang='lat' dir='ltr'><strong>ex</strong></span> <span class='ocrx_word' id='word_1_718' title='bbox 1596 2181 1752 2220; x_wconf 81' lang='lat' dir='ltr'><strong>caecitate</strong></span> <span class='ocrx_word' id='word_1_719' title='bbox 1772 2179 1987 2218; x_wconf 84' lang='lat' dir='ltr'><strong>beneficium</strong></span> <span class='ocrx_word' id='word_1_720' title='bbox 2019 2179 2195 2231; x_wconf 84' lang='lat' dir='ltr'><strong>accepisse</strong></span> 
     </span>
     <span class='ocr_line' id='line_1_91' title="bbox 1202 2241 2193 2296; baseline -0.006 -11"><span class='ocrx_word' id='word_1_721' title='bbox 1202 2246 1301 2296; x_wconf 83' lang='lat' dir='ltr'><strong>dico;</strong></span> <span class='ocrx_word' id='word_1_722' title='bbox 1321 2260 1402 2284; x_wconf 90' lang='lat' dir='ltr'><strong>nam</strong></span> <span class='ocrx_word' id='word_1_723' title='bbox 1422 2244 1651 2283; x_wconf 88' lang='lat' dir='ltr'><strong>interioribus</strong></span> <span class='ocrx_word' id='word_1_724' title='bbox 1668 2256 1809 2293; x_wconf 89' lang='lat' dir='ltr'><strong>quoque</strong></span> <span class='ocrx_word' id='word_1_725' title='bbox 1823 2241 1917 2280; x_wconf 86' lang='lat' dir='ltr'><strong>vidit</strong></span> <span class='ocrx_word' id='word_1_726' title='bbox 1938 2241 2063 2280; x_wconf 89' lang='lat' dir='ltr'><strong>oculis.</strong></span> <span class='ocrx_word' id='word_1_727' title='bbox 2094 2241 2193 2286; x_wconf 86' lang='lat' dir='ltr'><strong>Quid</strong></span> 
     </span>
     <span class='ocr_line' id='line_1_92' title="bbox 1197 2301 2192 2360; baseline -0.01 -14"><span class='ocrx_word' id='word_1_728' title='bbox 1197 2308 1327 2360; x_wconf 88' lang='lat' dir='ltr'><strong>juvant</strong></span> <span class='ocrx_word' id='word_1_729' title='bbox 1348 2306 1443 2345; x_wconf 90' lang='lat' dir='ltr'><strong>oculi</strong></span> <span class='ocrx_word' id='word_1_730' title='bbox 1462 2305 1634 2345; x_wconf 76' lang='lat' dir='ltr'><strong>Judaeos?</strong></span> <span class='ocrx_word' id='word_1_731' title='bbox 1650 2304 1771 2354; x_wconf 90' lang='lat' dir='ltr'><strong>MaJ&#39;us</strong></span> <span class='ocrx_word' id='word_1_732' title='bbox 1790 2302 1884 2340; x_wconf 90' lang='lat' dir='ltr'><strong>enim</strong></span> <span class='ocrx_word' id='word_1_733' title='bbox 1896 2301 2114 2353; x_wconf 86' lang='lat' dir='ltr'><strong>supplicium</strong></span> <span class='ocrx_word' id='word_1_734' title='bbox 2129 2301 2192 2337; x_wconf 88' lang='lat' dir='ltr'><strong>ha-</strong></span> 
     </span>
     <span class='ocr_line' id='line_1_93' title="bbox 1201 2360 2189 2416; baseline -0.007 -11"><span class='ocrx_word' id='word_1_735' title='bbox 1201 2367 1370 2414; x_wconf 89' lang='lat' dir='ltr'><strong>buerunt,</strong></span> <span class='ocrx_word' id='word_1_736' title='bbox 1393 2365 1491 2416; x_wconf 82' lang='lat' dir='ltr'><strong>quod</strong></span> <span class='ocrx_word' id='word_1_737' title='bbox 1519 2363 1673 2403; x_wconf 75' lang='lat' dir='ltr'><strong>videndo</strong></span> <span class='ocrx_word' id='word_1_738' title='bbox 1702 2362 1783 2400; x_wconf 82' lang='lat' dir='ltr'><strong>caeci</strong></span> <span class='ocrx_word' id='word_1_739' title='bbox 1816 2370 1939 2399; x_wconf 87' lang='lat' dir='ltr'><strong>essent.</strong></span> <span class='ocrx_word' id='word_1_740' title='bbox 1976 2360 2073 2406; x_wconf 86' lang='lat' dir='ltr'><strong>Quid</strong></span> <span class='ocrx_word' id='word_1_741' title='bbox 2104 2375 2189 2398; x_wconf 67' lang='lat' dir='ltr'><strong>vero</strong></span> 
     </span>
     <span class='ocr_line' id='line_1_94' title="bbox 1201 2421 2188 2473; baseline -0.008 -7"><span class='ocrx_word' id='word_1_742' title='bbox 1201 2428 1285 2466; x_wconf 91' lang='lat' dir='ltr'><strong>huic</strong></span> <span class='ocrx_word' id='word_1_743' title='bbox 1299 2426 1419 2465; x_wconf 86' lang='lat' dir='ltr'><strong>damni</strong></span> <span class='ocrx_word' id='word_1_744' title='bbox 1438 2426 1506 2463; x_wconf 83' lang='lat' dir='ltr'><strong>fuit</strong></span> <span class='ocrx_word' id='word_1_745' title='bbox 1524 2439 1569 2462; x_wconf 84' lang='lat' dir='ltr'><strong>ex</strong></span> <span class='ocrx_word' id='word_1_746' title='bbox 1589 2422 1767 2462; x_wconf 73' lang='lat' dir='ltr'><strong>caecitate?</strong></span> <span class='ocrx_word' id='word_1_747' title='bbox 1783 2423 1931 2473; x_wconf 86' lang='lat' dir='ltr'><strong>Propter</strong></span> <span class='ocrx_word' id='word_1_748' title='bbox 1947 2421 2046 2458; x_wconf 86' lang='lat' dir='ltr'><strong>illam</strong></span> <span class='ocrx_word' id='word_1_749' title='bbox 2068 2421 2188 2459; x_wconf 86' lang='lat' dir='ltr'><strong>visum</strong></span> 
     </span>
     <span class='ocr_line' id='line_1_95' title="bbox 1199 2481 2185 2540; baseline -0.008 -13"><span class='ocrx_word' id='word_1_750' title='bbox 1199 2487 1346 2540; x_wconf 87' lang='lat' dir='ltr'><strong>accepit.</strong></span> <span class='ocrx_word' id='word_1_751' title='bbox 1363 2487 1486 2536; x_wconf 82' lang='lat' dir='ltr'><strong>Itaque</strong></span> <span class='ocrx_word' id='word_1_752' title='bbox 1502 2494 1541 2523; x_wconf 89' lang='lat' dir='ltr'><strong>ut</strong></span> <span class='ocrx_word' id='word_1_753' title='bbox 1553 2484 1647 2522; x_wconf 88' lang='lat' dir='ltr'><strong>mala</strong></span> <span class='ocrx_word' id='word_1_754' title='bbox 1662 2483 1771 2534; x_wconf 88' lang='lat' dir='ltr'><strong>hujus</strong></span> <span class='ocrx_word' id='word_1_755' title='bbox 1786 2481 1881 2529; x_wconf 86' lang='lat' dir='ltr'><strong>vitae,</strong></span> <span class='ocrx_word' id='word_1_756' title='bbox 1900 2481 1993 2518; x_wconf 83' lang='lat' dir='ltr'><strong>mala</strong></span> <span class='ocrx_word' id='word_1_757' title='bbox 2006 2494 2076 2518; x_wconf 93' lang='lat' dir='ltr'><strong>non</strong></span> <span class='ocrx_word' id='word_1_758' title='bbox 2087 2491 2168 2519; x_wconf 89' lang='lat' dir='ltr'><strong>sunt</strong></span> <span class='ocrx_word' id='word_1_759' title='bbox 2174 2497 2185 2531; x_wconf 79' lang='lat'><em>3</em></span> 
     </span>
     <span class='ocr_line' id='line_1_96' title="bbox 1199 2542 2186 2594; baseline -0.009 -6"><span class='ocrx_word' id='word_1_760' title='bbox 1199 2551 1249 2588; x_wconf 89' lang='lat' dir='ltr'><strong>sie</strong></span> <span class='ocrx_word' id='word_1_761' title='bbox 1270 2550 1363 2588; x_wconf 88' lang='lat' dir='ltr'><strong>bona</strong></span> <span class='ocrx_word' id='word_1_762' title='bbox 1384 2560 1455 2584; x_wconf 88' lang='lat' dir='ltr'><strong>non</strong></span> <span class='ocrx_word' id='word_1_763' title='bbox 1472 2554 1554 2584; x_wconf 90' lang='lat' dir='ltr'><strong>sunt</strong></span> <span class='ocrx_word' id='word_1_764' title='bbox 1569 2545 1663 2582; x_wconf 86' lang='lat' dir='ltr'><strong>hona</strong></span> <span class='ocrx_word' id='word_1_765' title='bbox 1673 2559 1683 2592; x_wconf 68' lang='grc' dir='ltr'>ς</span> <span class='ocrx_word' id='word_1_766' title='bbox 1704 2542 1765 2580; x_wconf 88' lang='lat' dir='ltr'><strong>sed</strong></span> <span class='ocrx_word' id='word_1_767' title='bbox 1784 2555 1896 2579; x_wconf 87' lang='lat' dir='ltr'><strong>unum</strong></span> <span class='ocrx_word' id='word_1_768' title='bbox 1910 2551 2095 2594; x_wconf 76' lang='lat' dir='ltr'><strong>peccatum</strong></span> <span class='ocrx_word' id='word_1_769' title='bbox 2110 2557 2186 2580; x_wconf 84' lang='lat' dir='ltr'><strong>ma-</strong></span> 
     </span>
     <span class='ocr_line' id='line_1_97' title="bbox 1197 2602 2186 2657; baseline -0.007 -9"><span class='ocrx_word' id='word_1_770' title='bbox 1197 2611 1273 2648; x_wconf 88' lang='lat' dir='ltr'><strong>lum</strong></span> <span class='ocrx_word' id='word_1_771' title='bbox 1284 2618 1346 2657; x_wconf 89' lang='lat' dir='ltr'><strong>est,</strong></span> <span class='ocrx_word' id='word_1_772' title='bbox 1356 2607 1493 2646; x_wconf 81' lang='lat' dir='ltr'><strong>caecitas</strong></span> <span class='ocrx_word' id='word_1_773' title='bbox 1504 2620 1588 2644; x_wconf 78' lang='lat' dir='ltr'><strong>vero</strong></span> <span class='ocrx_word' id='word_1_774' title='bbox 1603 2618 1671 2642; x_wconf 91' lang='lat' dir='ltr'><strong>non</strong></span> <span class='ocrx_word' id='word_1_775' title='bbox 1683 2603 1788 2641; x_wconf 84' lang='lat' dir='ltr'><strong>mala.</strong></span> <span class='ocrx_word' id='word_1_776' title='bbox 1803 2602 1873 2649; x_wconf 88' lang='lat' dir='ltr'><strong>Qui</strong></span> <span class='ocrx_word' id='word_1_777' title='bbox 1887 2611 2006 2640; x_wconf 86' lang='lat' dir='ltr'><strong>autem</strong></span> <span class='ocrx_word' id='word_1_778' title='bbox 2016 2617 2060 2640; x_wconf 80' lang='lat' dir='ltr'><strong>ex</strong></span> <span class='ocrx_word' id='word_1_779' title='bbox 2070 2603 2186 2641; x_wconf 89' lang='lat' dir='ltr'><strong>nihilo</strong></span> 
     </span>
     <span class='ocr_line' id='line_1_98' title="bbox 1198 2663 2184 2723; baseline -0.007 -15"><span class='ocrx_word' id='word_1_780' title='bbox 1198 2670 1379 2723; x_wconf 82' lang='lat' dir='ltr'><strong>producit,</strong></span> <span class='ocrx_word' id='word_1_781' title='bbox 1395 2667 1512 2720; x_wconf 88' lang='lat' dir='ltr'><strong>potuit</strong></span> <span class='ocrx_word' id='word_1_782' title='bbox 1522 2667 1627 2704; x_wconf 89' lang='lat' dir='ltr'><strong>illum</strong></span> <span class='ocrx_word' id='word_1_783' title='bbox 1637 2665 1688 2703; x_wconf 89' lang='lat' dir='ltr'><strong>sic</strong></span> <span class='ocrx_word' id='word_1_784' title='bbox 1702 2664 1910 2715; x_wconf 87' lang='lat' dir='ltr'><strong>relinquere.</strong></span> <span class='ocrx_word' id='word_1_785' title='bbox 1927 2663 2086 2711; x_wconf 86' lang='lat' dir='ltr'><strong>Quidam</strong></span> <span class='ocrx_word' id='word_1_786' title='bbox 2100 2678 2184 2702; x_wconf 76' lang='lat' dir='ltr'><strong>vero</strong></span> 
     </span>
     <span class='ocr_line' id='line_1_99' title="bbox 1197 2724 2184 2780; baseline -0.008 -11"><span class='ocrx_word' id='word_1_787' title='bbox 1197 2729 1421 2769; x_wconf 84' lang='lat' dir='ltr'><strong>dieunthanc</strong></span> <span class='ocrx_word' id='word_1_788' title='bbox 1434 2727 1649 2780; x_wconf 84' lang='lat' dir='ltr'><strong>particulam</strong></span> <span class='ocrx_word' id='word_1_789' title='bbox 1667 2740 1738 2764; x_wconf 91' lang='lat' dir='ltr'><strong>non</strong></span> <span class='ocrx_word' id='word_1_790' title='bbox 1755 2739 1828 2763; x_wconf 86' lang='lat' dir='ltr'><strong>esse</strong></span> <span class='ocrx_word' id='word_1_791' title='bbox 1851 2724 2040 2774; x_wconf 86' lang='lat' dir='ltr'><strong>causalem,</strong></span> <span class='ocrx_word' id='word_1_792' title='bbox 2061 2724 2124 2762; x_wconf 89' lang='lat' dir='ltr'><strong>sed</strong></span> <span class='ocrx_word' id='word_1_793' title='bbox 2139 2739 2184 2762; x_wconf 78' lang='lat' dir='ltr'><strong>ex</strong></span> 
     </span>
    </p>
   </div>
   <div class='ocr_carea' id='block_1_24' title="bbox 1197 2786 2383 2840">
    <p class='ocr_par' dir='ltr' id='par_1_25' title="bbox 1197 2786 2383 2840">
     <span class='ocr_line' id='line_1_100' title="bbox 1197 2786 2383 2840; baseline -0.003 -10"><span class='ocrx_word' id='word_1_794' title='bbox 1197 2800 1324 2831; x_wconf 84' lang='lat' dir='ltr'><strong>eventu</strong></span> <span class='ocrx_word' id='word_1_795' title='bbox 1336 2790 1406 2828; x_wconf 87' lang='lat' dir='ltr'><strong>dici</strong></span> <span class='ocrx_word' id='word_1_796' title='bbox 1415 2806 1425 2838; x_wconf 92' lang='lat'>;</span> <span class='ocrx_word' id='word_1_797' title='bbox 1439 2799 1478 2827; x_wconf 91' lang='lat' dir='ltr'><strong>ut</strong></span> <span class='ocrx_word' id='word_1_798' title='bbox 1492 2787 1635 2840; x_wconf 86' lang='lat' dir='ltr'><strong>quando</strong></span> <span class='ocrx_word' id='word_1_799' title='bbox 1650 2787 1758 2825; x_wconf 83' lang='lat' dir='ltr'><strong>dicit:</strong></span> <span class='ocrx_word' id='word_1_800' title='bbox 1772 2788 1822 2823; x_wconf 88' lang='lat' dir='ltr'><strong>In</strong></span> <span class='ocrx_word' id='word_1_801' title='bbox 1824 2786 2019 2838; x_wconf 80' lang='lat' dir='ltr'><strong>judicium</strong></span> <span class='ocrx_word' id='word_1_802' title='bbox 2035 2789 2128 2823; x_wconf 84' lang='lat' dir='ltr'><strong>veni</strong></span> <span class='ocrx_word' id='word_1_803' title='bbox 2141 2789 2184 2823; x_wconf 86' lang='lat' dir='ltr'><strong>in</strong></span> <span class='ocrx_word' id='word_1_804' title='bbox 2197 2798 2285 2826; x_wconf 75' lang='lat' dir='ltr'><strong>Joan.</strong></span> <span class='ocrx_word' id='word_1_805' title='bbox 2296 2799 2383 2838; x_wconf 75' lang='lat'><strong>9-39-</strong></span> 
     </span>
    </p>
   </div>
   <div class='ocr_carea' id='block_1_25' title="bbox 1198 2847 2185 2967">
    <p class='ocr_par' dir='ltr' id='par_1_26' title="bbox 1198 2847 2185 2967">
     <span class='ocr_line' id='line_1_101' title="bbox 1198 2847 2185 2897; baseline -0.008 -6"><span class='ocrx_word' id='word_1_806' title='bbox 1198 2856 1300 2892; x_wconf 80' lang='lat' dir='ltr'><strong>hunc</strong></span> <span class='ocrx_word' id='word_1_807' title='bbox 1317 2852 1518 2897; x_wconf 82' lang='lat' dir='ltr'><strong>mundum,</strong></span> <span class='ocrx_word' id='word_1_808' title='bbox 1548 2858 1591 2888; x_wconf 83' lang='lat' dir='ltr'><strong>ut</strong></span> <span class='ocrx_word' id='word_1_809' title='bbox 1612 2862 1691 2887; x_wconf 86' lang='lat' dir='ltr'><strong>non</strong></span> <span class='ocrx_word' id='word_1_810' title='bbox 1721 2848 1899 2886; x_wconf 80' lang='lat' dir='ltr'><strong>videntes</strong></span> <span class='ocrx_word' id='word_1_811' title='bbox 1936 2847 2114 2893; x_wconf 78' lang='lat' dir='ltr'><strong>videant,</strong></span> <span class='ocrx_word' id='word_1_812' title='bbox 2147 2855 2185 2884; x_wconf 81' lang='lat' dir='ltr'><strong>et</strong></span> 
     </span>
     <span class='ocr_line' id='line_1_102' title="bbox 1198 2907 2182 2967; baseline -0.007 -15"><span class='ocrx_word' id='word_1_813' title='bbox 1198 2917 1264 2967; x_wconf 84' lang='lat' dir='ltr'><strong>qui</strong></span> <span class='ocrx_word' id='word_1_814' title='bbox 1275 2914 1424 2959; x_wconf 82' lang='lat' dir='ltr'><strong>vident,</strong></span> <span class='ocrx_word' id='word_1_815' title='bbox 1441 2913 1533 2950; x_wconf 84' lang='lat' dir='ltr'><strong>coeci</strong></span> <span class='ocrx_word' id='word_1_816' title='bbox 1540 2911 1665 2964; x_wconf 78' lang='lat' dir='ltr'><strong>fiant.</strong></span> <span class='ocrx_word' id='word_1_817' title='bbox 1688 2910 1768 2947; x_wconf 88' lang='lat' dir='ltr'><strong>Non</strong></span> <span class='ocrx_word' id='word_1_818' title='bbox 1783 2908 1878 2946; x_wconf 88' lang='lat' dir='ltr'><strong>enim</strong></span> <span class='ocrx_word' id='word_1_819' title='bbox 1890 2907 1986 2946; x_wconf 83' lang='lat' dir='ltr'><strong>venit</strong></span> <span class='ocrx_word' id='word_1_820' title='bbox 1999 2917 2038 2945; x_wconf 89' lang='lat' dir='ltr'><strong>ut</strong></span> <span class='ocrx_word' id='word_1_821' title='bbox 2056 2907 2182 2946; x_wconf 76' lang='lat' dir='ltr'><strong>viden-</strong></span> 
     </span>
    </p>
   </div>
   <div class='ocr_carea' id='block_1_26' title="bbox 1196 2969 2383 3022">
    <p class='ocr_par' dir='ltr' id='par_1_27' title="bbox 1196 2969 2383 3022">
     <span class='ocr_line' id='line_1_103' title="bbox 1196 2969 2383 3022; baseline -0.006 -10"><span class='ocrx_word' id='word_1_822' title='bbox 1196 2984 1248 3013; x_wconf 88' lang='lat' dir='ltr'><strong>tes</strong></span> <span class='ocrx_word' id='word_1_823' title='bbox 1262 2973 1343 3012; x_wconf 86' lang='lat' dir='ltr'><strong>caeci</strong></span> <span class='ocrx_word' id='word_1_824' title='bbox 1353 2972 1488 3010; x_wconf 88' lang='lat' dir='ltr'><strong>fierent.</strong></span> <span class='ocrx_word' id='word_1_825' title='bbox 1504 2970 1551 3009; x_wconf 91' lang='lat' dir='ltr'><strong>Et</strong></span> <span class='ocrx_word' id='word_1_826' title='bbox 1563 2984 1706 3009; x_wconf 91' lang='lat' dir='ltr'><strong>rursum</strong></span> <span class='ocrx_word' id='word_1_827' title='bbox 1718 2969 1872 3007; x_wconf 87' lang='lat' dir='ltr'><strong>Paulus:</strong></span> <span class='ocrx_word' id='word_1_828' title='bbox 1886 2970 1990 3007; x_wconf 84' lang='lat' dir='ltr'><strong>Nam</strong></span> <span class='ocrx_word' id='word_1_829' title='bbox 2003 2969 2107 3022; x_wconf 82' lang='lat' dir='ltr'><strong>quod</strong></span> <span class='ocrx_word' id='word_1_830' title='bbox 2118 2982 2185 3005; x_wconf 87' lang='lat' dir='ltr'><strong>no·</strong></span> <span class='ocrx_word' id='word_1_831' title='bbox 2199 2985 2285 3013; x_wconf 77' lang='lat' dir='ltr'><strong>Rom.</strong></span> <span class='ocrx_word' id='word_1_832' title='bbox 2302 2992 2383 3022; x_wconf 36' lang='grc' dir='ltr'><strong>ΜΕ,</strong></span> 
     </span>
    </p>
   </div>
   <div class='ocr_carea' id='block_1_27' title="bbox 1199 3030 2186 3206">
    <p class='ocr_par' dir='ltr' id='par_1_28' title="bbox 1199 3030 2186 3206">
     <span class='ocr_line' id='line_1_104' title="bbox 1199 3030 2186 3085; baseline -0.009 -11"><span class='ocrx_word' id='word_1_833' title='bbox 1199 3045 1279 3074; x_wconf 80' lang='lat' dir='ltr'><strong>tum</strong></span> <span class='ocrx_word' id='word_1_834' title='bbox 1295 3043 1353 3073; x_wconf 84' lang='lat' dir='ltr'><strong>est</strong></span> <span class='ocrx_word' id='word_1_835' title='bbox 1378 3035 1468 3080; x_wconf 85' lang='lat' dir='ltr'><strong>Dei,</strong></span> <span class='ocrx_word' id='word_1_836' title='bbox 1492 3033 1743 3085; x_wconf 80' lang='lat' dir='ltr'><strong>manifestum</strong></span> <span class='ocrx_word' id='word_1_837' title='bbox 1763 3038 1819 3068; x_wconf 85' lang='lat' dir='ltr'><strong>est</strong></span> <span class='ocrx_word' id='word_1_838' title='bbox 1847 3032 1889 3067; x_wconf 87' lang='lat' dir='ltr'><strong>in</strong></span> <span class='ocrx_word' id='word_1_839' title='bbox 1913 3030 2008 3076; x_wconf 77' lang='lat' dir='ltr'><strong>illis,</strong></span> <span class='ocrx_word' id='word_1_840' title='bbox 2042 3037 2081 3066; x_wconf 84' lang='grc' dir='ltr'><strong>ιιι</strong></span> <span class='ocrx_word' id='word_1_841' title='bbox 2107 3032 2186 3067; x_wconf 80' lang='lat' dir='ltr'><strong>sint</strong></span> 
     </span>
     <span class='ocr_line' id='line_1_105' title="bbox 1199 3088 2185 3138; baseline -0.008 -5"><span class='ocrx_word' id='word_1_842' title='bbox 1199 3094 1491 3134; x_wconf 69' lang='lat' dir='ltr'><strong>inexcusabiles.</strong></span> <span class='ocrx_word' id='word_1_843' title='bbox 1512 3092 1592 3131; x_wconf 86' lang='lat' dir='ltr'><strong>Etsi</strong></span> <span class='ocrx_word' id='word_1_844' title='bbox 1617 3105 1687 3130; x_wconf 90' lang='lat' dir='ltr'><strong>non</strong></span> <span class='ocrx_word' id='word_1_845' title='bbox 1715 3089 1795 3129; x_wconf 88' lang='lat' dir='ltr'><strong>ideo</strong></span> <span class='ocrx_word' id='word_1_846' title='bbox 1823 3088 2118 3138; x_wconf 83' lang='lat' dir='ltr'><strong>manifestaverit,</strong></span> <span class='ocrx_word' id='word_1_847' title='bbox 2146 3097 2185 3126; x_wconf 90' lang='lat' dir='ltr'><strong>ut</strong></span> 
     </span>
     <span class='ocr_line' id='line_1_106' title="bbox 1199 3149 2182 3206; baseline -0.01 -12"><span class='ocrx_word' id='word_1_848' title='bbox 1199 3155 1424 3195; x_wconf 80' lang='lat' dir='ltr'><strong>excusatione</strong></span> <span class='ocrx_word' id='word_1_849' title='bbox 1450 3153 1690 3206; x_wconf 85' lang='lat' dir='ltr'><strong>privarentur,</strong></span> <span class='ocrx_word' id='word_1_850' title='bbox 1719 3151 1781 3189; x_wconf 87' lang='lat' dir='ltr'><strong>scd</strong></span> <span class='ocrx_word' id='word_1_851' title='bbox 1808 3159 1847 3187; x_wconf 87' lang='lat' dir='ltr'><strong>ut</strong></span> <span class='ocrx_word' id='word_1_852' title='bbox 1874 3149 1973 3188; x_wconf 87' lang='lat' dir='ltr'><strong>illam</strong></span> <span class='ocrx_word' id='word_1_853' title='bbox 2002 3149 2182 3187; x_wconf 86' lang='lat' dir='ltr'><strong>haberent.</strong></span> 
     </span>
    </p>
   </div>
   <div class='ocr_carea' id='block_1_28' title="bbox 1173 3280 2185 3372">
    <p class='ocr_par' dir='ltr' id='par_1_29' title="bbox 1173 3280 2185 3372">
     <span class='ocr_line' id='line_1_107' title="bbox 1173 3280 2185 3331; baseline -0.014 -8"><span class='ocrx_word' id='word_1_854' title='bbox 1173 3297 1249 3330; x_wconf 77' lang='grc' dir='ltr'>μοῖς.</span> <span class='ocrx_word' id='word_1_855' title='bbox 1269 3287 1335 3321; x_wconf 70' lang='lat' dir='ltr'><strong>Sed</strong></span> <span class='ocrx_word' id='word_1_856' title='bbox 1363 3292 1427 3326; x_wconf 65' lang='grc' dir='ltr'>τοὺς</span> <span class='ocrx_word' id='word_1_857' title='bbox 1454 3290 1624 3331; x_wconf 64' lang='grc' dir='ltr'>ὀφθαλμοὺς</span> <span class='ocrx_word' id='word_1_858' title='bbox 1644 3287 1676 3317; x_wconf 87' lang='lat' dir='ltr'><strong>in</strong></span> <span class='ocrx_word' id='word_1_859' title='bbox 1701 3295 1776 3317; x_wconf 73' lang='lat' dir='ltr'><strong>casu</strong></span> <span class='ocrx_word' id='word_1_860' title='bbox 1805 3281 1904 3315; x_wconf 78' lang='lat' dir='ltr'><strong>simili</strong></span> <span class='ocrx_word' id='word_1_861' title='bbox 1930 3280 1996 3312; x_wconf 85' lang='lat' dir='ltr'><strong>dici</strong></span> <span class='ocrx_word' id='word_1_862' title='bbox 2015 3289 2108 3323; x_wconf 88' lang='lat' dir='ltr'><strong>posse</strong></span> <span class='ocrx_word' id='word_1_863' title='bbox 2135 3289 2185 3310; x_wconf 83' lang='lat' dir='ltr'><strong>ar-</strong></span> 
     </span>
     <span class='ocr_line' id='line_1_108' title="bbox 1174 3341 1295 3372; baseline -0.008 -1"><span class='ocrx_word' id='word_1_864' title='bbox 1174 3341 1295 3372; x_wconf 84' lang='lat' dir='ltr'><strong>bitror.</strong></span> 
     </span>
    </p>
   </div>
  </div>
 </body>
</html>
