<?xml version="1.0" encoding="UTF-8"?>
<!DOCTYPE html PUBLIC "-//W3C//DTD XHTML 1.0 Transitional//EN"
    "http://www.w3.org/TR/xhtml1/DTD/xhtml1-transitional.dtd">
<html xmlns="http://www.w3.org/1999/xhtml" xml:lang="en" lang="en">
 <head>
  <title>
</title>
<meta http-equiv="Content-Type" content="text/html;charset=utf-8" />
  <meta name='ocr-system' content='tesseract 3.04.00' />
  <meta name='ocr-capabilities' content='ocr_page ocr_carea ocr_par ocr_line ocrx_word'/>
</head>
<body>
  <div class='ocr_page' id='page_1' title='image "./operaomniaquaeex08johnuoft/operaomniaquaeex08johnuoft_0399.png"; bbox 0 0 2481 3678; ppageno 0'>
   <div class='ocr_carea' id='block_1_1' title="bbox 741 202 1352 234">
    <p class='ocr_par' dir='ltr' id='par_1_1' title="bbox 741 202 1352 234">
     <span class='ocr_line' id='line_1_1' title="bbox 741 202 1352 234; baseline -0.005 0"><span class='ocrx_word' id='word_1_1' title='bbox 741 203 779 234; x_wconf 73' lang='lat' dir='ltr'>IN</span> <span class='ocrx_word' id='word_1_2' title='bbox 817 203 1029 234; x_wconf 71' lang='lat' dir='ltr'>JOANNEM</span> <span class='ocrx_word' id='word_1_3' title='bbox 1067 202 1221 233; x_wconf 85' lang='lat' dir='ltr'><strong>HOMlL.</strong></span> <span class='ocrx_word' id='word_1_4' title='bbox 1264 202 1352 232; x_wconf 66' lang='lat' dir='ltr'>Lu.</span> 
     </span>
    </p>
   </div>
   <div class='ocr_carea' id='block_1_2' title="bbox 102 286 1179 2350">
    <p class='ocr_par' dir='ltr' id='par_1_2' title="bbox 102 286 1179 2348">
     <span class='ocr_line' id='line_1_2' title="bbox 103 286 1128 339; baseline -0.001 -15"><span class='ocrx_word' id='word_1_5' title='bbox 103 286 228 324; x_wconf 73' lang='grc' dir='ltr'>σκάνου</span> <span class='ocrx_word' id='word_1_6' title='bbox 253 288 426 339; x_wconf 72' lang='grc' dir='ltr'>ὀφθαλμὸς</span> <span class='ocrx_word' id='word_1_7' title='bbox 446 286 630 334; x_wconf 76' lang='grc' dir='ltr'>ἐκτήκεται</span> <span class='ocrx_word' id='word_1_8' title='bbox 649 287 740 338; x_wconf 36' lang='grc' dir='ltr'>λύπγ,</span> <span class='ocrx_word' id='word_1_9' title='bbox 757 318 765 332; x_wconf 86' lang='grc'>,</span> <span class='ocrx_word' id='word_1_10' title='bbox 789 286 926 339; x_wconf 80' lang='grc' dir='ltr'>θανάτῳ</span> <span class='ocrx_word' id='word_1_11' title='bbox 955 288 1038 338; x_wconf 79' lang='grc' dir='ltr'>συζῇ</span> <span class='ocrx_word' id='word_1_12' title='bbox 1057 286 1128 331; x_wconf 88' lang='grc' dir='ltr'>διη-</span> 
     </span>
     <span class='ocr_line' id='line_1_3' title="bbox 102 344 1128 400; baseline -0.002 -15"><span class='ocrx_word' id='word_1_13' title='bbox 102 354 215 394; x_wconf 90' lang='grc' dir='ltr'>νεκεῖ,</span> <span class='ocrx_word' id='word_1_14' title='bbox 245 348 377 391; x_wconf 82' lang='grc' dir='ltr'>πάντας</span> <span class='ocrx_word' id='word_1_15' title='bbox 396 346 538 400; x_wconf 74' lang='grc' dir='ltr'>ἐχθροὺς</span> <span class='ocrx_word' id='word_1_16' title='bbox 569 350 724 399; x_wconf 83' lang='grc' dir='ltr'>ἡγεῖται,</span> <span class='ocrx_word' id='word_1_17' title='bbox 743 346 822 391; x_wconf 75' lang='grc' dir='ltr'>τοὺς</span> <span class='ocrx_word' id='word_1_18' title='bbox 839 346 935 386; x_wconf 77' lang='grc' dir='ltr'>οὐδὲν</span> <span class='ocrx_word' id='word_1_19' title='bbox 963 344 1128 392; x_wconf 83' lang='grc' dir='ltr'>ἠδικηκό-</span> 
     </span>
     <span class='ocr_line' id='line_1_4' title="bbox 102 401 1129 461; baseline -0.002 -16"><span class='ocrx_word' id='word_1_20' title='bbox 102 425 174 452; x_wconf 89' lang='grc' dir='ltr'>τας.</span> <span class='ocrx_word' id='word_1_21' title='bbox 207 408 319 461; x_wconf 70' lang='grc' dir='ltr'>’Λλγεῖ</span> <span class='ocrx_word' id='word_1_22' title='bbox 343 408 397 447; x_wconf 79' lang='grc' dir='ltr'>ὅτι</span> <span class='ocrx_word' id='word_1_23' title='bbox 425 412 442 446; x_wconf 81' lang='grc' dir='ltr'>ὁ</span> <span class='ocrx_word' id='word_1_24' title='bbox 470 408 558 451; x_wconf 79' lang='grc' dir='ltr'>Θεὸς</span> <span class='ocrx_word' id='word_1_25' title='bbox 595 414 760 458; x_wconf 78' lang='grc' dir='ltr'>τιμᾶται,</span> <span class='ocrx_word' id='word_1_26' title='bbox 788 408 906 461; x_wconf 75' lang='grc' dir='ltr'>χαίρει</span> <span class='ocrx_word' id='word_1_27' title='bbox 939 410 991 458; x_wconf 82' lang='grc' dir='ltr'>ἐφ’</span> <span class='ocrx_word' id='word_1_28' title='bbox 1024 401 1073 448; x_wconf 73' lang='grc' dir='ltr'>οἷς</span> <span class='ocrx_word' id='word_1_29' title='bbox 1111 408 1129 443; x_wconf 78' lang='grc' dir='ltr'>ὃ</span> 
     </span>
     <span class='ocr_line' id='line_1_5' title="bbox 103 464 1129 523; baseline -0.003 -17"><span class='ocrx_word' id='word_1_30' title='bbox 103 469 263 513; x_wconf 62' lang='grc' dir='ltr'>διάὸολος</span> <span class='ocrx_word' id='word_1_31' title='bbox 291 469 419 523; x_wconf 80' lang='grc' dir='ltr'>χαίρει.</span> <span class='ocrx_word' id='word_1_32' title='bbox 455 469 499 507; x_wconf 89' lang='grc' dir='ltr'>Ὁ</span> <span class='ocrx_word' id='word_1_33' title='bbox 533 470 626 507; x_wconf 81' lang='grc' dir='ltr'>δεῖνα</span> <span class='ocrx_word' id='word_1_34' title='bbox 659 468 845 520; x_wconf 88' lang='grc' dir='ltr'>τετίμηται</span> <span class='ocrx_word' id='word_1_35' title='bbox 877 467 973 520; x_wconf 80' lang='grc' dir='ltr'>παρὰ</span> <span class='ocrx_word' id='word_1_36' title='bbox 997 464 1129 519; x_wconf 85' lang='grc' dir='ltr'>ἀνθρώ-</span> 
     </span>
     <span class='ocr_line' id='line_1_6' title="bbox 102 526 1130 581; baseline -0.005 -12"><span class='ocrx_word' id='word_1_37' title='bbox 102 548 196 578; x_wconf 86' lang='grc' dir='ltr'>ποις;</span> <span class='ocrx_word' id='word_1_38' title='bbox 220 532 311 569; x_wconf 76' lang='grc' dir='ltr'>Ἀλλ’</span> <span class='ocrx_word' id='word_1_39' title='bbox 330 534 391 569; x_wconf 81' lang='grc' dir='ltr'>οὐκ</span> <span class='ocrx_word' id='word_1_40' title='bbox 405 530 496 569; x_wconf 80' lang='grc' dir='ltr'>ἔστιν</span> <span class='ocrx_word' id='word_1_41' title='bbox 517 530 603 577; x_wconf 75' lang='grc' dir='ltr'>αὕτη</span> <span class='ocrx_word' id='word_1_42' title='bbox 623 529 729 581; x_wconf 80' lang='grc' dir='ltr'>τιμὴ,</span> <span class='ocrx_word' id='word_1_43' title='bbox 752 530 799 580; x_wconf 85' lang='grc' dir='ltr'>μὴ</span> <span class='ocrx_word' id='word_1_44' title='bbox 823 529 1010 581; x_wconf 80' lang='grc' dir='ltr'>βασκάνῃς.</span> <span class='ocrx_word' id='word_1_45' title='bbox 1025 526 1130 565; x_wconf 78' lang='grc' dir='ltr'>Ἀλλὰ</span> 
     </span>
     <span class='ocr_line' id='line_1_7' title="bbox 102 584 1127 645; baseline -0.005 -15"><span class='ocrx_word' id='word_1_46' title='bbox 102 592 198 644; x_wconf 77' lang='grc' dir='ltr'>παρὰ</span> <span class='ocrx_word' id='word_1_47' title='bbox 213 595 295 645; x_wconf 82' lang='grc' dir='ltr'>Θεῷ</span> <span class='ocrx_word' id='word_1_48' title='bbox 309 592 493 644; x_wconf 85' lang='grc' dir='ltr'>τετίμηται</span> <span class='ocrx_word' id='word_1_49' title='bbox 506 609 515 640; x_wconf 80' lang='grc'>;</span> <span class='ocrx_word' id='word_1_50' title='bbox 529 593 692 639; x_wconf 79' lang='grc' dir='ltr'>Ζήλωσον</span> <span class='ocrx_word' id='word_1_51' title='bbox 710 591 770 628; x_wconf 82' lang='grc' dir='ltr'>καὶ</span> <span class='ocrx_word' id='word_1_52' title='bbox 779 594 877 641; x_wconf 79' lang='grc' dir='ltr'>γενοῦ</span> <span class='ocrx_word' id='word_1_53' title='bbox 893 589 1021 640; x_wconf 78' lang='grc' dir='ltr'>ὅμοιος.</span> <span class='ocrx_word' id='word_1_54' title='bbox 1034 584 1127 626; x_wconf 70' lang='grc' dir='ltr'>Ἀλλ’</span> 
     </span>
     <span class='ocr_line' id='line_1_8' title="bbox 103 649 1174 705; baseline -0.006 -13"><span class='ocrx_word' id='word_1_55' title='bbox 103 656 140 692; x_wconf 87' lang='grc' dir='ltr'>οὐ</span> <span class='ocrx_word' id='word_1_56' title='bbox 159 654 274 705; x_wconf 79' lang='grc' dir='ltr'>βούλει</span> <span class='ocrx_word' id='word_1_57' title='bbox 288 669 298 702; x_wconf 88' lang='lat'>;</span> <span class='ocrx_word' id='word_1_58' title='bbox 312 653 358 692; x_wconf 87' lang='grc' dir='ltr'>Τί</span> <span class='ocrx_word' id='word_1_59' title='bbox 373 653 487 691; x_wconf 82' lang='grc' dir='ltr'>τοίνυν</span> <span class='ocrx_word' id='word_1_60' title='bbox 509 653 567 692; x_wconf 83' lang='grc' dir='ltr'>καὶ</span> <span class='ocrx_word' id='word_1_61' title='bbox 582 652 706 691; x_wconf 79' lang='grc' dir='ltr'>σαυτὸν</span> <span class='ocrx_word' id='word_1_62' title='bbox 718 649 994 703; x_wconf 81' lang='grc' dir='ltr'>προσαπολλύεις</span> <span class='ocrx_word' id='word_1_63' title='bbox 1006 665 1014 696; x_wconf 89' lang='grc'><strong>;</strong></span> <span class='ocrx_word' id='word_1_64' title='bbox 1027 649 1062 687; x_wconf 90' lang='grc' dir='ltr'>τί</span> <span class='ocrx_word' id='word_1_65' title='bbox 1073 649 1132 687; x_wconf 80' lang='grc' dir='ltr'>καὶ</span> <span class='ocrx_word' id='word_1_66' title='bbox 1151 649 1174 678; x_wconf 86' lang='lat' dir='ltr'>C</span> 
     </span>
     <span class='ocr_line' id='line_1_9' title="bbox 103 710 1130 767; baseline -0.005 -15"><span class='ocrx_word' id='word_1_67' title='bbox 103 714 248 767; x_wconf 71' lang='grc' dir='ltr'>ὃέχεις,</span> <span class='ocrx_word' id='word_1_68' title='bbox 274 715 426 767; x_wconf 66' lang='grc' dir='ltr'>ῥίπτεις,</span> <span class='ocrx_word' id='word_1_69' title='bbox 447 717 499 753; x_wconf 89' lang='grc' dir='ltr'>Οὐ</span> <span class='ocrx_word' id='word_1_70' title='bbox 534 714 680 752; x_wconf 79' lang='grc' dir='ltr'>δύνασαι</span> <span class='ocrx_word' id='word_1_71' title='bbox 698 712 858 764; x_wconf 80' lang='grc' dir='ltr'>γενέσθαι</span> <span class='ocrx_word' id='word_1_72' title='bbox 887 710 960 754; x_wconf 85' lang='grc' dir='ltr'>ἴσος</span> <span class='ocrx_word' id='word_1_73' title='bbox 988 710 1130 762; x_wconf 77' lang='grc' dir='ltr'>ἐκείνῳ,</span> 
     </span>
     <span class='ocr_line' id='line_1_10' title="bbox 104 771 1130 824; baseline -0.005 -11"><span class='ocrx_word' id='word_1_74' title='bbox 104 776 181 813; x_wconf 74' lang='grc' dir='ltr'>οὐδὲ</span> <span class='ocrx_word' id='word_1_75' title='bbox 201 776 319 814; x_wconf 65' lang='grc' dir='ltr'>λαὸεῖν</span> <span class='ocrx_word' id='word_1_76' title='bbox 349 792 384 813; x_wconf 92' lang='grc' dir='ltr'>τι</span> <span class='ocrx_word' id='word_1_77' title='bbox 415 775 543 823; x_wconf 84' lang='grc' dir='ltr'>καλόν;</span> <span class='ocrx_word' id='word_1_78' title='bbox 563 774 598 812; x_wconf 92' lang='grc' dir='ltr'>τί</span> <span class='ocrx_word' id='word_1_79' title='bbox 616 773 675 812; x_wconf 84' lang='grc' dir='ltr'>καὶ</span> <span class='ocrx_word' id='word_1_80' title='bbox 694 773 800 812; x_wconf 81' lang='grc' dir='ltr'>κακὸν</span> <span class='ocrx_word' id='word_1_81' title='bbox 829 771 1130 824; x_wconf 68' lang='grc' dir='ltr'>προσλαμὸάνεις;</span> 
     </span>
     <span class='ocr_line' id='line_1_11' title="bbox 105 832 1127 884; baseline -0.006 -10"><span class='ocrx_word' id='word_1_82' title='bbox 105 837 179 875; x_wconf 73' lang='grc' dir='ltr'>δέον</span> <span class='ocrx_word' id='word_1_83' title='bbox 201 837 429 884; x_wconf 81' lang='grc' dir='ltr'>συνήδεσθαι,</span> <span class='ocrx_word' id='word_1_84' title='bbox 454 836 510 874; x_wconf 85' lang='grc' dir='ltr'>ἵνα</span> <span class='ocrx_word' id='word_1_85' title='bbox 530 835 593 873; x_wconf 78' lang='grc' dir='ltr'>κᾶν</span> <span class='ocrx_word' id='word_1_86' title='bbox 613 837 822 880; x_wconf 75' lang='grc' dir='ltr'>κοινωνῆσαι</span> <span class='ocrx_word' id='word_1_87' title='bbox 841 836 910 870; x_wconf 82' lang='grc' dir='ltr'>τῶν</span> <span class='ocrx_word' id='word_1_88' title='bbox 943 832 1056 870; x_wconf 88' lang='grc' dir='ltr'>πόνων</span> <span class='ocrx_word' id='word_1_89' title='bbox 1079 832 1127 882; x_wconf 80' lang='grc' dir='ltr'>μὴ</span> 
     </span>
     <span class='ocr_line' id='line_1_12' title="bbox 106 893 1130 949; baseline -0.004 -14"><span class='ocrx_word' id='word_1_90' title='bbox 106 898 272 948; x_wconf 70' lang='grc' dir='ltr'>δυνηθῇς,</span> <span class='ocrx_word' id='word_1_91' title='bbox 300 900 338 935; x_wconf 84' lang='grc' dir='ltr'>ἐκ</span> <span class='ocrx_word' id='word_1_92' title='bbox 370 902 429 935; x_wconf 80' lang='grc' dir='ltr'>τοῦ</span> <span class='ocrx_word' id='word_1_93' title='bbox 449 896 654 942; x_wconf 79' lang='grc' dir='ltr'>συνήδεσθαι</span> <span class='ocrx_word' id='word_1_94' title='bbox 686 895 889 949; x_wconf 60' lang='grc' dir='ltr'>ἓ’κερδοίνῃς</span> <span class='ocrx_word' id='word_1_95' title='bbox 922 893 1036 947; x_wconf 86' lang='grc' dir='ltr'>Ἀρκεῖ</span> <span class='ocrx_word' id='word_1_96' title='bbox 1062 893 1130 947; x_wconf 86' lang='grc' dir='ltr'>γὰρ</span> 
     </span>
     <span class='ocr_line' id='line_1_13' title="bbox 103 955 1129 1009; baseline -0.001 -14"><span class='ocrx_word' id='word_1_97' title='bbox 103 959 280 1009; x_wconf 75' lang='grc' dir='ltr'>πολλαχοῦ</span> <span class='ocrx_word' id='word_1_98' title='bbox 312 958 371 995; x_wconf 82' lang='grc' dir='ltr'>καὶ</span> <span class='ocrx_word' id='word_1_99' title='bbox 401 957 602 1009; x_wconf 77' lang='grc' dir='ltr'>προαίρεσις</span> <span class='ocrx_word' id='word_1_100' title='bbox 634 955 723 1007; x_wconf 81' lang='grc' dir='ltr'>μέγα</span> <span class='ocrx_word' id='word_1_101' title='bbox 742 958 890 1002; x_wconf 69' lang='grc' dir='ltr'>ποιῆσαι</span> <span class='ocrx_word' id='word_1_102' title='bbox 924 955 1065 1007; x_wconf 85' lang='grc' dir='ltr'>ἀγαθόν.</span> <span class='ocrx_word' id='word_1_103' title='bbox 1085 955 1129 994; x_wconf 80' lang='lat' dir='ltr'>‘O</span> 
     </span>
     <span class='ocr_line' id='line_1_14' title="bbox 103 1015 1128 1069; baseline -0.002 -13"><span class='ocrx_word' id='word_1_104' title='bbox 103 1021 183 1069; x_wconf 74' lang='grc' dir='ltr'>γοῦν</span> <span class='ocrx_word' id='word_1_105' title='bbox 206 1018 374 1065; x_wconf 79' lang='grc' dir='ltr'>Ἰεζεκιήλ</span> <span class='ocrx_word' id='word_1_106' title='bbox 394 1034 478 1069; x_wconf 80' lang='grc' dir='ltr'>φησι</span> <span class='ocrx_word' id='word_1_107' title='bbox 499 1017 555 1055; x_wconf 82' lang='grc' dir='ltr'>διὰ</span> <span class='ocrx_word' id='word_1_108' title='bbox 573 1022 673 1057; x_wconf 76' lang='grc' dir='ltr'>τοῦτο</span> <span class='ocrx_word' id='word_1_109' title='bbox 699 1016 778 1060; x_wconf 76' lang='grc' dir='ltr'>τοὺς</span> <span class='ocrx_word' id='word_1_110' title='bbox 801 1015 996 1060; x_wconf 69' lang='grc' dir='ltr'>Μωαὸίτας</span> <span class='ocrx_word' id='word_1_111' title='bbox 1022 1016 1128 1054; x_wconf 84' lang='grc' dir='ltr'>κολά-</span> 
     </span>
     <span class='ocr_line' id='line_1_15' title="bbox 105 1076 1131 1130; baseline -0.002 -14"><span class='ocrx_word' id='word_1_112' title='bbox 105 1081 239 1126; x_wconf 85' lang='grc' dir='ltr'>ζεσθαι,</span> <span class='ocrx_word' id='word_1_113' title='bbox 258 1079 314 1116; x_wconf 82' lang='grc' dir='ltr'>διὰ</span> <span class='ocrx_word' id='word_1_114' title='bbox 333 1080 372 1117; x_wconf 83' lang='grc' dir='ltr'>τὸ</span> <span class='ocrx_word' id='word_1_115' title='bbox 392 1078 585 1130; x_wconf 77' lang='grc' dir='ltr'>ἐπιχαίρειν</span> <span class='ocrx_word' id='word_1_116' title='bbox 617 1083 688 1121; x_wconf 85' lang='grc' dir='ltr'>τοῖς</span> <span class='ocrx_word' id='word_1_117' title='bbox 705 1076 961 1129; x_wconf 83' lang='grc' dir='ltr'>Ἰσραηλίταις·</span> <span class='ocrx_word' id='word_1_118' title='bbox 991 1077 1051 1115; x_wconf 78' lang='grc' dir='ltr'>καὶ</span> <span class='ocrx_word' id='word_1_119' title='bbox 1070 1077 1131 1114; x_wconf 82' lang='grc' dir='ltr'>ἅλ-</span> 
     </span>
     <span class='ocr_line' id='line_1_16' title="bbox 105 1137 1129 1189; baseline -0.003 -11"><span class='ocrx_word' id='word_1_120' title='bbox 105 1143 185 1183; x_wconf 87' lang='grc' dir='ltr'>λους</span> <span class='ocrx_word' id='word_1_121' title='bbox 217 1139 312 1183; x_wconf 85' lang='grc' dir='ltr'>τινὰς</span> <span class='ocrx_word' id='word_1_122' title='bbox 342 1139 534 1187; x_wconf 80' lang='grc' dir='ltr'>σώζεσθαι,</span> <span class='ocrx_word' id='word_1_123' title='bbox 556 1139 609 1178; x_wconf 78' lang='grc' dir='ltr'>ὅτι</span> <span class='ocrx_word' id='word_1_124' title='bbox 643 1140 777 1177; x_wconf 81' lang='grc' dir='ltr'>ἔστενον</span> <span class='ocrx_word' id='word_1_125' title='bbox 812 1138 869 1176; x_wconf 78' lang='grc' dir='ltr'>ἐπὶ</span> <span class='ocrx_word' id='word_1_126' title='bbox 900 1143 971 1180; x_wconf 88' lang='grc' dir='ltr'>τοῖς</span> <span class='ocrx_word' id='word_1_127' title='bbox 1005 1137 1129 1189; x_wconf 78' lang='grc' dir='ltr'>ἑτέρων</span> 
     </span>
     <span class='ocr_line' id='line_1_17' title="bbox 107 1198 1131 1252; baseline -0.002 -13"><span class='ocrx_word' id='word_1_128' title='bbox 107 1208 237 1244; x_wconf 87' lang='grc' dir='ltr'>κακοῖς.</span> <span class='ocrx_word' id='word_1_129' title='bbox 259 1202 301 1238; x_wconf 72' lang='lat' dir='ltr'><strong>Ei</strong></span> <span class='ocrx_word' id='word_1_130' title='bbox 325 1199 360 1237; x_wconf 77' lang='grc' dir='ltr'>δὲ</span> <span class='ocrx_word' id='word_1_131' title='bbox 373 1207 442 1244; x_wconf 88' lang='grc' dir='ltr'>τοῖς</span> <span class='ocrx_word' id='word_1_132' title='bbox 459 1200 676 1244; x_wconf 85' lang='grc' dir='ltr'>στενάζουσιν</span> <span class='ocrx_word' id='word_1_133' title='bbox 699 1199 755 1237; x_wconf 82' lang='grc' dir='ltr'>ἐπὶ</span> <span class='ocrx_word' id='word_1_134' title='bbox 775 1205 845 1242; x_wconf 88' lang='grc' dir='ltr'>τοῖς</span> <span class='ocrx_word' id='word_1_135' title='bbox 866 1198 990 1252; x_wconf 81' lang='grc' dir='ltr'>ἑτέρων</span> <span class='ocrx_word' id='word_1_136' title='bbox 1011 1205 1131 1243; x_wconf 85' lang='grc' dir='ltr'>κακοῖς</span> 
     </span>
     <span class='ocr_line' id='line_1_18' title="bbox 107 1260 1131 1315; baseline -0.002 -14"><span class='ocrx_word' id='word_1_137' title='bbox 107 1263 181 1301; x_wconf 82' lang='grc' dir='ltr'>ἔστι</span> <span class='ocrx_word' id='word_1_138' title='bbox 207 1280 259 1307; x_wconf 90' lang='grc' dir='ltr'>τις</span> <span class='ocrx_word' id='word_1_139' title='bbox 288 1263 515 1315; x_wconf 84' lang='grc' dir='ltr'>παραμυθία,</span> <span class='ocrx_word' id='word_1_140' title='bbox 537 1264 656 1313; x_wconf 82' lang='grc' dir='ltr'>πολλῷ</span> <span class='ocrx_word' id='word_1_141' title='bbox 691 1262 822 1312; x_wconf 78' lang='grc' dir='ltr'>μᾶλλον</span> <span class='ocrx_word' id='word_1_142' title='bbox 851 1266 922 1304; x_wconf 88' lang='grc' dir='ltr'>τοῖς</span> <span class='ocrx_word' id='word_1_143' title='bbox 950 1260 1131 1311; x_wconf 70' lang='grc' dir='ltr'>ἡδομένοις</span> 
     </span>
     <span class='ocr_line' id='line_1_19' title="bbox 106 1322 1176 1378; baseline -0.004 -15"><span class='ocrx_word' id='word_1_144' title='bbox 106 1324 165 1362; x_wconf 74' lang='grc' dir='ltr'>ἐπὶ</span> <span class='ocrx_word' id='word_1_145' title='bbox 184 1331 260 1369; x_wconf 87' lang='grc' dir='ltr'>ταῖς</span> <span class='ocrx_word' id='word_1_146' title='bbox 288 1325 413 1378; x_wconf 82' lang='grc' dir='ltr'>ἑτέρων</span> <span class='ocrx_word' id='word_1_147' title='bbox 440 1330 573 1374; x_wconf 85' lang='grc' dir='ltr'>τιμαῖς.</span> <span class='ocrx_word' id='word_1_148' title='bbox 596 1323 779 1360; x_wconf 79' lang='grc' dir='ltr'>Ἐνεκάλει</span> <span class='ocrx_word' id='word_1_149' title='bbox 808 1328 879 1365; x_wconf 87' lang='grc' dir='ltr'>τοῖς</span> <span class='ocrx_word' id='word_1_150' title='bbox 900 1322 1130 1370; x_wconf 67' lang='grc' dir='ltr'>Μωαὸίταις,</span> <span class='ocrx_word' id='word_1_151' title='bbox 1151 1332 1176 1361; x_wconf 85' lang='grc' dir='ltr'>Ι)</span> 
     </span>
     <span class='ocr_line' id='line_1_20' title="bbox 107 1382 1132 1438; baseline -0.002 -16"><span class='ocrx_word' id='word_1_152' title='bbox 107 1384 159 1423; x_wconf 69' lang='grc' dir='ltr'>ὅτι</span> <span class='ocrx_word' id='word_1_153' title='bbox 185 1386 370 1438; x_wconf 77' lang='grc' dir='ltr'>ἐπέχαιρον</span> <span class='ocrx_word' id='word_1_154' title='bbox 396 1391 467 1428; x_wconf 83' lang='grc' dir='ltr'>τοῖς</span> <span class='ocrx_word' id='word_1_155' title='bbox 497 1383 753 1436; x_wconf 85' lang='grc' dir='ltr'>Ἰσραηλίταις·</span> <span class='ocrx_word' id='word_1_156' title='bbox 783 1382 956 1433; x_wconf 79' lang='grc' dir='ltr'>καίτοιγε</span> <span class='ocrx_word' id='word_1_157' title='bbox 991 1386 1009 1420; x_wconf 85' lang='grc' dir='ltr'>ὃ</span> <span class='ocrx_word' id='word_1_158' title='bbox 1042 1384 1132 1426; x_wconf 85' lang='grc' dir='ltr'>Θεὸς</span> 
     </span>
     <span class='ocr_line' id='line_1_21' title="bbox 107 1443 1131 1494; baseline -0.004 -10"><span class='ocrx_word' id='word_1_159' title='bbox 107 1447 267 1490; x_wconf 80' lang='grc' dir='ltr'>ἐκόλαζεν</span> <span class='ocrx_word' id='word_1_160' title='bbox 283 1462 291 1469; x_wconf 88' lang='grc'><em>·</em></span> <span class='ocrx_word' id='word_1_161' title='bbox 311 1447 389 1484; x_wconf 84' lang='grc' dir='ltr'>ἀλλ’</span> <span class='ocrx_word' id='word_1_162' title='bbox 419 1444 497 1482; x_wconf 78' lang='grc' dir='ltr'>οὐδὲ</span> <span class='ocrx_word' id='word_1_163' title='bbox 516 1444 598 1482; x_wconf 80' lang='grc' dir='ltr'>ὅταν</span> <span class='ocrx_word' id='word_1_164' title='bbox 618 1443 745 1486; x_wconf 51' lang='grc' dir='ltr'>δαῦτὸς</span> <span class='ocrx_word' id='word_1_165' title='bbox 773 1443 926 1494; x_wconf 83' lang='grc' dir='ltr'>κολάζῃ,</span> <span class='ocrx_word' id='word_1_166' title='bbox 942 1443 1131 1494; x_wconf 75' lang='grc' dir='ltr'>ἐφήδεσθαι</span> 
     </span>
     <span class='ocr_line' id='line_1_22' title="bbox 105 1502 1131 1558; baseline -0.004 -13"><span class='ocrx_word' id='word_1_167' title='bbox 105 1511 199 1557; x_wconf 83' lang='grc' dir='ltr'>ἡμᾶς</span> <span class='ocrx_word' id='word_1_168' title='bbox 230 1507 390 1558; x_wconf 80' lang='grc' dir='ltr'>βούλεται</span> <span class='ocrx_word' id='word_1_169' title='bbox 421 1511 492 1549; x_wconf 87' lang='grc' dir='ltr'>τοῖς</span> <span class='ocrx_word' id='word_1_170' title='bbox 526 1504 790 1555; x_wconf 82' lang='grc' dir='ltr'>κολαζομένοις·</span> <span class='ocrx_word' id='word_1_171' title='bbox 823 1504 901 1542; x_wconf 77' lang='grc' dir='ltr'>οὐδὲ</span> <span class='ocrx_word' id='word_1_172' title='bbox 932 1502 1001 1555; x_wconf 87' lang='grc' dir='ltr'>γὰρ</span> <span class='ocrx_word' id='word_1_173' title='bbox 1030 1504 1131 1546; x_wconf 77' lang='grc' dir='ltr'>αὐτὸς</span> 
     </span>
     <span class='ocr_line' id='line_1_23' title="bbox 108 1563 1130 1619; baseline -0.004 -14"><span class='ocrx_word' id='word_1_174' title='bbox 108 1567 268 1619; x_wconf 82' lang='grc' dir='ltr'>βούλεται</span> <span class='ocrx_word' id='word_1_175' title='bbox 292 1566 412 1609; x_wconf 72' lang='grc' dir='ltr'>αὐτοὺς</span> <span class='ocrx_word' id='word_1_176' title='bbox 428 1565 587 1604; x_wconf 82' lang='grc' dir='ltr'>κολάσαι.</span> <span class='ocrx_word' id='word_1_177' title='bbox 608 1566 653 1602; x_wconf 85' lang='grc' dir='ltr'>Εἰ</span> <span class='ocrx_word' id='word_1_178' title='bbox 672 1564 708 1602; x_wconf 81' lang='grc' dir='ltr'>δὲ</span> <span class='ocrx_word' id='word_1_179' title='bbox 729 1566 910 1616; x_wconf 85' lang='grc' dir='ltr'>συναλγεῖν</span> <span class='ocrx_word' id='word_1_180' title='bbox 936 1563 1005 1616; x_wconf 81' lang='grc' dir='ltr'>χρὴ</span> <span class='ocrx_word' id='word_1_181' title='bbox 1026 1566 1130 1602; x_wconf 90' lang='grc' dir='ltr'>κολα-</span> 
     </span>
     <span class='ocr_line' id='line_1_24' title="bbox 106 1623 1132 1680; baseline -0.003 -15"><span class='ocrx_word' id='word_1_182' title='bbox 106 1628 278 1678; x_wconf 78' lang='grc' dir='ltr'>ζομένοις,</span> <span class='ocrx_word' id='word_1_183' title='bbox 294 1630 413 1680; x_wconf 83' lang='grc' dir='ltr'>πολλῷ</span> <span class='ocrx_word' id='word_1_184' title='bbox 430 1627 560 1678; x_wconf 81' lang='grc' dir='ltr'>μᾶλλον</span> <span class='ocrx_word' id='word_1_185' title='bbox 576 1624 786 1676; x_wconf 80' lang='grc' dir='ltr'>τιμωμένοις</span> <span class='ocrx_word' id='word_1_186' title='bbox 800 1624 848 1675; x_wconf 78' lang='grc' dir='ltr'>μὴ</span> <span class='ocrx_word' id='word_1_187' title='bbox 870 1629 1016 1678; x_wconf 80' lang='grc' dir='ltr'>φθονεῖν.</span> <span class='ocrx_word' id='word_1_188' title='bbox 1028 1623 1132 1663; x_wconf 80' lang='grc' dir='ltr'>Οὕτω</span> 
     </span>
     <span class='ocr_line' id='line_1_25' title="bbox 105 1684 1131 1741; baseline -0.004 -14"><span class='ocrx_word' id='word_1_189' title='bbox 105 1693 184 1740; x_wconf 77' lang='grc' dir='ltr'>γοῦν</span> <span class='ocrx_word' id='word_1_190' title='bbox 209 1690 239 1727; x_wconf 88' lang='grc' dir='ltr'>οἱ</span> <span class='ocrx_word' id='word_1_191' title='bbox 269 1688 349 1741; x_wconf 83' lang='grc' dir='ltr'>περὶ</span> <span class='ocrx_word' id='word_1_192' title='bbox 369 1687 459 1739; x_wconf 81' lang='grc' dir='ltr'>Κορὲ</span> <span class='ocrx_word' id='word_1_193' title='bbox 494 1686 554 1726; x_wconf 79' lang='grc' dir='ltr'>καὶ</span> <span class='ocrx_word' id='word_1_194' title='bbox 585 1686 702 1724; x_wconf 84' lang='grc' dir='ltr'>Δαθὰν</span> <span class='ocrx_word' id='word_1_195' title='bbox 734 1685 932 1734; x_wconf 82' lang='grc' dir='ltr'>ἀπώλοντο,</span> <span class='ocrx_word' id='word_1_196' title='bbox 961 1685 1041 1729; x_wconf 74' lang='grc' dir='ltr'>τοὺς</span> <span class='ocrx_word' id='word_1_197' title='bbox 1069 1684 1131 1736; x_wconf 80' lang='grc' dir='ltr'>μὲν</span> 
     </span>
     <span class='ocr_line' id='line_1_26' title="bbox 107 1745 1132 1801; baseline -0.001 -14"><span class='ocrx_word' id='word_1_198' title='bbox 107 1749 353 1801; x_wconf 79' lang='grc' dir='ltr'>φθονουμένους</span> <span class='ocrx_word' id='word_1_199' title='bbox 368 1747 631 1801; x_wconf 81' lang='grc' dir='ltr'>λαμπροτέρους</span> <span class='ocrx_word' id='word_1_200' title='bbox 671 1746 898 1794; x_wconf 78' lang='grc' dir='ltr'>ποιήσαντες,</span> <span class='ocrx_word' id='word_1_201' title='bbox 925 1746 1065 1790; x_wconf 74' lang='grc' dir='ltr'>ἑαυτοὺς</span> <span class='ocrx_word' id='word_1_202' title='bbox 1096 1745 1132 1786; x_wconf 75' lang='grc' dir='ltr'>δὲ</span> 
     </span>
     <span class='ocr_line' id='line_1_27' title="bbox 105 1806 1132 1861; baseline -0.003 -13"><span class='ocrx_word' id='word_1_203' title='bbox 105 1810 246 1848; x_wconf 82' lang='grc' dir='ltr'>κολάσει</span> <span class='ocrx_word' id='word_1_204' title='bbox 265 1809 490 1861; x_wconf 83' lang='grc' dir='ltr'>παραδόντες.</span> <span class='ocrx_word' id='word_1_205' title='bbox 510 1807 643 1860; x_wconf 89' lang='grc' dir='ltr'>Θηρίον</span> <span class='ocrx_word' id='word_1_206' title='bbox 664 1807 731 1859; x_wconf 86' lang='grc' dir='ltr'>γάρ</span> <span class='ocrx_word' id='word_1_207' title='bbox 751 1809 842 1845; x_wconf 79' lang='grc' dir='ltr'>ἐστιν</span> <span class='ocrx_word' id='word_1_208' title='bbox 864 1806 998 1845; x_wconf 70' lang='grc' dir='ltr'>ἷοὸόλον</span> <span class='ocrx_word' id='word_1_209' title='bbox 1016 1810 1033 1845; x_wconf 87' lang='grc' dir='ltr'>ὁ</span> <span class='ocrx_word' id='word_1_210' title='bbox 1050 1807 1132 1861; x_wconf 79' lang='grc' dir='ltr'>φθό-</span> 
     </span>
     <span class='ocr_line' id='line_1_28' title="bbox 106 1868 1133 1923; baseline -0.002 -14"><span class='ocrx_word' id='word_1_211' title='bbox 106 1887 177 1919; x_wconf 88' lang='grc' dir='ltr'>νος,</span> <span class='ocrx_word' id='word_1_212' title='bbox 199 1871 315 1923; x_wconf 80' lang='grc' dir='ltr'>θηρίον</span> <span class='ocrx_word' id='word_1_213' title='bbox 338 1870 546 1922; x_wconf 83' lang='grc' dir='ltr'>ἀκάθαρτον,</span> <span class='ocrx_word' id='word_1_214' title='bbox 564 1869 624 1908; x_wconf 85' lang='grc' dir='ltr'>καὶ</span> <span class='ocrx_word' id='word_1_215' title='bbox 649 1868 757 1908; x_wconf 88' lang='grc' dir='ltr'>κακία</span> <span class='ocrx_word' id='word_1_216' title='bbox 778 1868 1032 1921; x_wconf 84' lang='grc' dir='ltr'>προαιρέσεως,</span> <span class='ocrx_word' id='word_1_217' title='bbox 1052 1885 1133 1921; x_wconf 88' lang='grc' dir='ltr'>συγ-</span> 
     </span>
     <span class='ocr_line' id='line_1_29' title="bbox 107 1930 1133 1984; baseline -0.001 -14"><span class='ocrx_word' id='word_1_218' title='bbox 107 1932 248 1984; x_wconf 80' lang='grc' dir='ltr'>γνώμην</span> <span class='ocrx_word' id='word_1_219' title='bbox 265 1935 327 1971; x_wconf 83' lang='grc' dir='ltr'>οὖκ</span> <span class='ocrx_word' id='word_1_220' title='bbox 365 1933 515 1984; x_wconf 75' lang='grc' dir='ltr'>ἔχουσα,</span> <span class='ocrx_word' id='word_1_221' title='bbox 533 1931 684 1983; x_wconf 88' lang='grc' dir='ltr'>πονηρία</span> <span class='ocrx_word' id='word_1_222' title='bbox 717 1930 906 1982; x_wconf 66' lang='grc' dir='ltr'>ἀπολογίας</span> <span class='ocrx_word' id='word_1_223' title='bbox 935 1933 1133 1984; x_wconf 67' lang='grc' dir='ltr'>ἀπεστερη-</span> 
     </span>
     <span class='ocr_line' id='line_1_30' title="bbox 108 1991 1133 2047; baseline -0.003 -15"><span class='ocrx_word' id='word_1_224' title='bbox 108 1994 194 2044; x_wconf 79' lang='grc' dir='ltr'>μένη</span> <span class='ocrx_word' id='word_1_225' title='bbox 206 2024 216 2041; x_wconf 91' lang='grc'>,</span> <span class='ocrx_word' id='word_1_226' title='bbox 236 1993 375 2033; x_wconf 85' lang='grc' dir='ltr'>πάντων</span> <span class='ocrx_word' id='word_1_227' title='bbox 396 1992 491 2031; x_wconf 83' lang='grc' dir='ltr'>αἰτία</span> <span class='ocrx_word' id='word_1_228' title='bbox 503 1992 562 2030; x_wconf 83' lang='grc' dir='ltr'>καὶ</span> <span class='ocrx_word' id='word_1_229' title='bbox 579 1991 697 2043; x_wconf 81' lang='grc' dir='ltr'>μήτηρ</span> <span class='ocrx_word' id='word_1_230' title='bbox 714 1994 782 2030; x_wconf 79' lang='grc' dir='ltr'>τῶν</span> <span class='ocrx_word' id='word_1_231' title='bbox 803 1994 932 2030; x_wconf 79' lang='grc' dir='ltr'>κακῶν.</span> <span class='ocrx_word' id='word_1_232' title='bbox 952 1991 1017 2030; x_wconf 84' lang='grc' dir='ltr'>Διὸ</span> <span class='ocrx_word' id='word_1_233' title='bbox 1031 1991 1133 2047; x_wconf 70' lang='grc' dir='ltr'>πρόρ-</span> 
     </span>
     <span class='ocr_line' id='line_1_31' title="bbox 109 2052 1179 2107; baseline -0.003 -14"><span class='ocrx_word' id='word_1_234' title='bbox 109 2057 199 2107; x_wconf 74' lang='grc' dir='ltr'>ριζον</span> <span class='ocrx_word' id='word_1_235' title='bbox 223 2054 331 2101; x_wconf 74' lang='grc' dir='ltr'>αὐτὴν</span> <span class='ocrx_word' id='word_1_236' title='bbox 350 2053 538 2104; x_wconf 79' lang='grc' dir='ltr'>ἀνέλωμεν,</span> <span class='ocrx_word' id='word_1_237' title='bbox 558 2052 615 2090; x_wconf 81' lang='grc' dir='ltr'>ἵνα</span> <span class='ocrx_word' id='word_1_238' title='bbox 639 2052 698 2091; x_wconf 88' lang='grc' dir='ltr'>καὶ</span> <span class='ocrx_word' id='word_1_239' title='bbox 724 2055 793 2090; x_wconf 83' lang='grc' dir='ltr'>τῶν</span> <span class='ocrx_word' id='word_1_240' title='bbox 813 2052 994 2105; x_wconf 86' lang='grc' dir='ltr'>παρόντων</span> <span class='ocrx_word' id='word_1_241' title='bbox 1014 2056 1132 2091; x_wconf 83' lang='grc' dir='ltr'>κακῶν</span> <span class='ocrx_word' id='word_1_242' title='bbox 1154 2065 1179 2095; x_wconf 83' lang='grc' dir='ltr'><strong>Ε</strong></span> 
     </span>
     <span class='ocr_line' id='line_1_32' title="bbox 109 2112 1133 2166; baseline -0.001 -13"><span class='ocrx_word' id='word_1_243' title='bbox 109 2116 216 2153; x_wconf 83' lang='grc' dir='ltr'>ἀπαλ</span> <span class='ocrx_word' id='word_1_244' title='bbox 197 2128 382 2166; x_wconf 79' lang='grc' dir='ltr'>Λαγωμεν,</span> <span class='ocrx_word' id='word_1_245' title='bbox 396 2130 457 2153; x_wconf 87' lang='grc' dir='ltr'>και</span> <span class='ocrx_word' id='word_1_246' title='bbox 487 2116 555 2151; x_wconf 86' lang='grc' dir='ltr'>τῶν</span> <span class='ocrx_word' id='word_1_247' title='bbox 575 2112 770 2164; x_wconf 84' lang='grc' dir='ltr'>μελλόντων</span> <span class='ocrx_word' id='word_1_248' title='bbox 798 2112 1020 2165; x_wconf 81' lang='grc' dir='ltr'>ἐπιτύχωμεν</span> <span class='ocrx_word' id='word_1_249' title='bbox 1046 2115 1133 2165; x_wconf 83' lang='grc' dir='ltr'>ἀγα-</span> 
     </span>
     <span class='ocr_line' id='line_1_33' title="bbox 109 2174 1132 2229; baseline -0.001 -15"><span class='ocrx_word' id='word_1_250' title='bbox 109 2178 189 2225; x_wconf 85' lang='grc' dir='ltr'>θῶν,</span> <span class='ocrx_word' id='word_1_251' title='bbox 219 2176 337 2229; x_wconf 83' lang='grc' dir='ltr'>χάριτι</span> <span class='ocrx_word' id='word_1_252' title='bbox 356 2192 416 2215; x_wconf 90' lang='grc' dir='ltr'>και</span> <span class='ocrx_word' id='word_1_253' title='bbox 431 2174 672 2228; x_wconf 83' lang='grc' dir='ltr'>φιλανθρωπια</span> <span class='ocrx_word' id='word_1_254' title='bbox 690 2190 750 2213; x_wconf 87' lang='grc' dir='ltr'>του</span> <span class='ocrx_word' id='word_1_255' title='bbox 777 2174 904 2226; x_wconf 88' lang='grc' dir='ltr'>Κυρίου</span> <span class='ocrx_word' id='word_1_256' title='bbox 933 2176 1034 2225; x_wconf 76' lang='grc' dir='ltr'>ἡμων</span> <span class='ocrx_word' id='word_1_257' title='bbox 1060 2175 1132 2223; x_wconf 74' lang='grc' dir='ltr'>Ἰη-</span> 
     </span>
     <span class='ocr_line' id='line_1_34' title="bbox 109 2235 1128 2289; baseline 0 -15"><span class='ocrx_word' id='word_1_258' title='bbox 109 2252 170 2275; x_wconf 89' lang='grc' dir='ltr'>σου</span> <span class='ocrx_word' id='word_1_259' title='bbox 195 2238 368 2289; x_wconf 86' lang='grc' dir='ltr'>Χριστου,</span> <span class='ocrx_word' id='word_1_260' title='bbox 384 2238 427 2275; x_wconf 79' lang='grc' dir='ltr'>δι’</span> <span class='ocrx_word' id='word_1_261' title='bbox 446 2240 484 2275; x_wconf 83' lang='grc' dir='ltr'>οὑ</span> <span class='ocrx_word' id='word_1_262' title='bbox 511 2236 572 2274; x_wconf 81' lang='grc' dir='ltr'>καὶ</span> <span class='ocrx_word' id='word_1_263' title='bbox 596 2238 672 2286; x_wconf 84' lang='grc' dir='ltr'>μεθ’</span> <span class='ocrx_word' id='word_1_264' title='bbox 693 2239 730 2274; x_wconf 91' lang='grc' dir='ltr'>ου</span> <span class='ocrx_word' id='word_1_265' title='bbox 761 2238 812 2289; x_wconf 83' lang='grc' dir='ltr'>τῷ</span> <span class='ocrx_word' id='word_1_266' title='bbox 833 2235 991 2287; x_wconf 83' lang='grc' dir='ltr'>Πατρὶὴ</span> <span class='ocrx_word' id='word_1_267' title='bbox 1022 2236 1128 2285; x_wconf 83' lang='grc' dir='ltr'>δόξα,</span> 
     </span>
     <span class='ocr_line' id='line_1_35' title="bbox 109 2294 1130 2350; baseline 0.002 -16"><span class='ocrx_word' id='word_1_268' title='bbox 109 2297 183 2347; x_wconf 87' lang='grc' dir='ltr'>ἅμα</span> <span class='ocrx_word' id='word_1_269' title='bbox 198 2314 248 2350; x_wconf 83' lang='grc' dir='ltr'>τῳ</span> <span class='ocrx_word' id='word_1_270' title='bbox 267 2297 354 2350; x_wconf 80' lang='grc' dir='ltr'>ἁγίῳ</span> <span class='ocrx_word' id='word_1_271' title='bbox 369 2296 574 2348; x_wconf 81' lang='grc' dir='ltr'>Πνεύματι,</span> <span class='ocrx_word' id='word_1_272' title='bbox 588 2312 646 2336; x_wconf 94' lang='grc' dir='ltr'>νυν</span> <span class='ocrx_word' id='word_1_273' title='bbox 663 2312 723 2335; x_wconf 91' lang='grc' dir='ltr'>και</span> <span class='ocrx_word' id='word_1_274' title='bbox 742 2296 816 2346; x_wconf 86' lang='grc' dir='ltr'>ἀει,</span> <span class='ocrx_word' id='word_1_275' title='bbox 830 2295 890 2334; x_wconf 84' lang='grc' dir='ltr'>καὶ</span> <span class='ocrx_word' id='word_1_276' title='bbox 912 2298 960 2340; x_wconf 83' lang='grc' dir='ltr'>εἷς</span> <span class='ocrx_word' id='word_1_277' title='bbox 976 2294 1055 2342; x_wconf 85' lang='grc' dir='ltr'>τους</span> <span class='ocrx_word' id='word_1_278' title='bbox 1072 2299 1130 2336; x_wconf 87' lang='grc' dir='ltr'>αἷ-</span> 
     </span>
    </p>
   </div>
   <div class='ocr_carea' id='block_1_3' title="bbox 109 2357 587 2409">
    <p class='ocr_par' dir='ltr' id='par_1_3' title="bbox 109 2357 587 2409">
     <span class='ocr_line' id='line_1_36' title="bbox 109 2357 587 2409; baseline 0.004 -14"><span class='ocrx_word' id='word_1_279' title='bbox 109 2360 196 2402; x_wconf 85' lang='grc' dir='ltr'>ῶνας</span> <span class='ocrx_word' id='word_1_280' title='bbox 214 2362 281 2397; x_wconf 82' lang='grc' dir='ltr'>τῶν</span> <span class='ocrx_word' id='word_1_281' title='bbox 297 2357 443 2397; x_wconf 82' lang='grc' dir='ltr'>αἰώνων.</span> <span class='ocrx_word' id='word_1_282' title='bbox 468 2358 587 2409; x_wconf 78' lang='grc' dir='ltr'>Ἀμήν.</span> 
     </span>
    </p>
   </div>
   <div class='ocr_carea' id='block_1_4' title="bbox 1393 188 2179 252">
    <p class='ocr_par' dir='ltr' id='par_1_4' title="bbox 1393 188 2179 252">
     <span class='ocr_line' id='line_1_37' title="bbox 1393 188 2179 252; baseline 0.005 -21"><span class='ocrx_word' id='word_1_283' title='bbox 1393 188 1454 232; x_wconf 86' lang='lat' dir='ltr'><strong>al.</strong></span> <span class='ocrx_word' id='word_1_284' title='bbox 1488 202 1556 232; x_wconf 67' lang='grc' dir='ltr'>ιν.</span> <span class='ocrx_word' id='word_1_285' title='bbox 2091 190 2179 252; x_wconf 75' lang='lat'>373</span> 
     </span>
    </p>
   </div>
   <div class='ocr_carea' id='block_1_5' title="bbox 1196 283 2389 2301">
    <p class='ocr_par' dir='ltr' id='par_1_5' title="bbox 1196 283 2389 2301">
     <span class='ocr_line' id='line_1_38' title="bbox 1199 283 2186 334; baseline 0.003 -13"><span class='ocrx_word' id='word_1_286' title='bbox 1199 296 1318 321; x_wconf 87' lang='lat' dir='ltr'><strong>omnes</strong></span> <span class='ocrx_word' id='word_1_287' title='bbox 1338 283 1532 321; x_wconf 83' lang='lat' dir='ltr'><strong>arbitratur</strong></span> <span class='ocrx_word' id='word_1_288' title='bbox 1551 284 1618 322; x_wconf 83' lang='lat' dir='ltr'><strong>sibi</strong></span> <span class='ocrx_word' id='word_1_289' title='bbox 1641 284 1814 333; x_wconf 78' lang='lat' dir='ltr'><strong>inimicos,</strong></span> <span class='ocrx_word' id='word_1_290' title='bbox 1836 285 1897 334; x_wconf 87' lang='lat' dir='ltr'>qui</span> <span class='ocrx_word' id='word_1_291' title='bbox 1917 285 2021 322; x_wconf 83' lang='lat' dir='ltr'><strong>etiam</strong></span> <span class='ocrx_word' id='word_1_292' title='bbox 2043 286 2132 323; x_wconf 84' lang='lat' dir='ltr'>nihil</span> <span class='ocrx_word' id='word_1_293' title='bbox 2153 302 2186 324; x_wconf 81' lang='lat' dir='ltr'>se</span> 
     </span>
     <span class='ocr_line' id='line_1_39' title="bbox 1196 345 2188 396; baseline 0.003 -15"><span class='ocrx_word' id='word_1_294' title='bbox 1196 345 1372 382; x_wconf 62' lang='lat' dir='ltr'><strong>laeserunt.</strong></span> <span class='ocrx_word' id='word_1_295' title='bbox 1405 345 1509 382; x_wconf 86' lang='lat' dir='ltr'><strong>Dolet</strong></span> <span class='ocrx_word' id='word_1_296' title='bbox 1539 345 1636 396; x_wconf 87' lang='lat' dir='ltr'><strong>quod</strong></span> <span class='ocrx_word' id='word_1_297' title='bbox 1655 346 1752 383; x_wconf 88' lang='lat' dir='ltr'><strong>Deus</strong></span> <span class='ocrx_word' id='word_1_298' title='bbox 1770 345 1977 392; x_wconf 78' lang='lat' dir='ltr'>honoretur,</span> <span class='ocrx_word' id='word_1_299' title='bbox 1998 345 2126 395; x_wconf 82' lang='lat' dir='ltr'><strong>gaudet</strong></span> <span class='ocrx_word' id='word_1_300' title='bbox 2145 348 2188 384; x_wconf 85' lang='lat' dir='ltr'>de</span> 
     </span>
     <span class='ocr_line' id='line_1_40' title="bbox 1198 404 2186 455; baseline 0.002 -14"><span class='ocrx_word' id='word_1_301' title='bbox 1198 404 1328 455; x_wconf 86' lang='lat' dir='ltr'><strong>quibus</strong></span> <span class='ocrx_word' id='word_1_302' title='bbox 1347 405 1487 442; x_wconf 82' lang='lat' dir='ltr'><strong>laetatur</strong></span> <span class='ocrx_word' id='word_1_303' title='bbox 1505 405 1685 443; x_wconf 70' lang='lat' dir='ltr'><strong>diabolus.</strong></span> <span class='ocrx_word' id='word_1_304' title='bbox 1706 406 1772 443; x_wconf 92' lang='lat' dir='ltr'><strong>Ille</strong></span> <span class='ocrx_word' id='word_1_305' title='bbox 1792 405 1986 443; x_wconf 88' lang='lat' dir='ltr'><strong>honoratur</strong></span> <span class='ocrx_word' id='word_1_306' title='bbox 2005 405 2050 441; x_wconf 85' lang='lat' dir='ltr'>ab</span> <span class='ocrx_word' id='word_1_307' title='bbox 2066 406 2186 443; x_wconf 86' lang='lat' dir='ltr'><strong>homi-</strong></span> 
     </span>
     <span class='ocr_line' id='line_1_41' title="bbox 1200 465 2189 515; baseline 0.003 -13"><span class='ocrx_word' id='word_1_308' title='bbox 1200 465 1329 503; x_wconf 73' lang='lat' dir='ltr'><strong>nibus?</strong></span> <span class='ocrx_word' id='word_1_309' title='bbox 1350 465 1420 504; x_wconf 90' lang='lat' dir='ltr'>Sed</span> <span class='ocrx_word' id='word_1_310' title='bbox 1439 481 1506 504; x_wconf 92' lang='lat' dir='ltr'>non</span> <span class='ocrx_word' id='word_1_311' title='bbox 1530 476 1580 505; x_wconf 86' lang='lat' dir='ltr'>est</span> <span class='ocrx_word' id='word_1_312' title='bbox 1599 467 1658 504; x_wconf 82' lang='lat' dir='ltr'><strong>bic</strong></span> <span class='ocrx_word' id='word_1_313' title='bbox 1674 467 1799 515; x_wconf 86' lang='lat' dir='ltr'><strong>honor,</strong></span> <span class='ocrx_word' id='word_1_314' title='bbox 1822 480 1865 504; x_wconf 91' lang='lat' dir='ltr'>ne</span> <span class='ocrx_word' id='word_1_315' title='bbox 1883 466 2053 504; x_wconf 86' lang='lat' dir='ltr'><strong>invideas.</strong></span> <span class='ocrx_word' id='word_1_316' title='bbox 2077 467 2146 504; x_wconf 85' lang='lat' dir='ltr'>Sed</span> <span class='ocrx_word' id='word_1_317' title='bbox 2169 482 2189 505; x_wconf 86' lang='lat' dir='ltr'><strong>a</strong></span> 
     </span>
     <span class='ocr_line' id='line_1_42' title="bbox 1200 526 2191 565; baseline 0.001 -1"><span class='ocrx_word' id='word_1_318' title='bbox 1200 527 1275 564; x_wconf 91' lang='lat' dir='ltr'>Deo</span> <span class='ocrx_word' id='word_1_319' title='bbox 1294 526 1514 565; x_wconf 74' lang='lat' dir='ltr'>honoratur?</span> <span class='ocrx_word' id='word_1_320' title='bbox 1534 528 1680 565; x_wconf 77' lang='lat' dir='ltr'><strong>Imitare</strong></span> <span class='ocrx_word' id='word_1_321' title='bbox 1698 527 1828 564; x_wconf 69' lang='lat' dir='ltr'><strong>illum?</strong></span> <span class='ocrx_word' id='word_1_322' title='bbox 1847 526 1916 565; x_wconf 87' lang='lat' dir='ltr'>Sed</span> <span class='ocrx_word' id='word_1_323' title='bbox 1931 541 1998 564; x_wconf 87' lang='lat' dir='ltr'>non</span> <span class='ocrx_word' id='word_1_324' title='bbox 2018 528 2100 565; x_wconf 76' lang='lat' dir='ltr'><strong>vis?</strong></span> <span class='ocrx_word' id='word_1_325' title='bbox 2119 528 2191 565; x_wconf 88' lang='lat' dir='ltr'>Cur</span> 
     </span>
     <span class='ocr_line' id='line_1_43' title="bbox 1200 587 2190 641; baseline -0.001 -15"><span class='ocrx_word' id='word_1_326' title='bbox 1200 602 1284 639; x_wconf 89' lang='lat' dir='ltr'><strong>ergo</strong></span> <span class='ocrx_word' id='word_1_327' title='bbox 1296 588 1448 640; x_wconf 89' lang='lat' dir='ltr'><strong>teipsum</strong></span> <span class='ocrx_word' id='word_1_328' title='bbox 1468 588 1612 641; x_wconf 73' lang='lat' dir='ltr'><strong>perdis?</strong></span> <span class='ocrx_word' id='word_1_329' title='bbox 1634 603 1697 626; x_wconf 88' lang='lat' dir='ltr'>cur</span> <span class='ocrx_word' id='word_1_330' title='bbox 1715 588 1861 640; x_wconf 84' lang='lat' dir='ltr'>projicis</span> <span class='ocrx_word' id='word_1_331' title='bbox 1889 587 1925 625; x_wconf 89' lang='lat' dir='ltr'><strong>id</strong></span> <span class='ocrx_word' id='word_1_332' title='bbox 1940 587 2035 639; x_wconf 86' lang='lat' dir='ltr'><strong>quod</strong></span> <span class='ocrx_word' id='word_1_333' title='bbox 2054 588 2190 626; x_wconf 74' lang='lat' dir='ltr'><strong>habes?</strong></span> 
     </span>
     <span class='ocr_line' id='line_1_44' title="bbox 1200 650 2191 702; baseline -0.001 -14"><span class='ocrx_word' id='word_1_334' title='bbox 1200 651 1282 688; x_wconf 88' lang='lat' dir='ltr'>Non</span> <span class='ocrx_word' id='word_1_335' title='bbox 1302 659 1401 702; x_wconf 89' lang='lat' dir='ltr'><strong>potes</strong></span> <span class='ocrx_word' id='word_1_336' title='bbox 1431 650 1484 687; x_wconf 93' lang='lat' dir='ltr'><strong>illi</strong></span> <span class='ocrx_word' id='word_1_337' title='bbox 1505 665 1569 702; x_wconf 85' lang='lat' dir='ltr'>par</span> <span class='ocrx_word' id='word_1_338' title='bbox 1586 665 1676 698; x_wconf 90' lang='lat' dir='ltr'><strong>esse,</strong></span> <span class='ocrx_word' id='word_1_339' title='bbox 1700 664 1811 701; x_wconf 89' lang='lat' dir='ltr'><strong>neque</strong></span> <span class='ocrx_word' id='word_1_340' title='bbox 1836 650 2003 688; x_wconf 90' lang='lat' dir='ltr'><strong>virtutem</strong></span> <span class='ocrx_word' id='word_1_341' title='bbox 2022 650 2191 700; x_wconf 78' lang='lat' dir='ltr'><strong>assequi?</strong></span> 
     </span>
     <span class='ocr_line' id='line_1_45' title="bbox 1201 711 2192 764; baseline 0.001 -16"><span class='ocrx_word' id='word_1_342' title='bbox 1201 725 1265 749; x_wconf 88' lang='lat' dir='ltr'>cur</span> <span class='ocrx_word' id='word_1_343' title='bbox 1281 711 1456 749; x_wconf 85' lang='lat' dir='ltr'><strong>malitiam</strong></span> <span class='ocrx_word' id='word_1_344' title='bbox 1472 712 1721 764; x_wconf 76' lang='lat' dir='ltr'><strong>amplecteris?</strong></span> <span class='ocrx_word' id='word_1_345' title='bbox 1736 713 1924 763; x_wconf 86' lang='lat' dir='ltr'><strong>Oporteret</strong></span> <span class='ocrx_word' id='word_1_346' title='bbox 1940 711 1993 748; x_wconf 91' lang='lat' dir='ltr'><strong>illi</strong></span> <span class='ocrx_word' id='word_1_347' title='bbox 2009 712 2192 762; x_wconf 86' lang='lat' dir='ltr'><strong>gratulari,</strong></span> 
     </span>
     <span class='ocr_line' id='line_1_46' title="bbox 1201 772 2194 825; baseline 0.002 -17"><span class='ocrx_word' id='word_1_348' title='bbox 1201 781 1240 809; x_wconf 90' lang='lat' dir='ltr'>ut</span> <span class='ocrx_word' id='word_1_349' title='bbox 1264 772 1293 809; x_wconf 90' lang='lat' dir='ltr'>si</span> <span class='ocrx_word' id='word_1_350' title='bbox 1315 786 1385 810; x_wconf 91' lang='lat' dir='ltr'>non</span> <span class='ocrx_word' id='word_1_351' title='bbox 1403 773 1518 825; x_wconf 84' lang='lat' dir='ltr'><strong>possis</strong></span> <span class='ocrx_word' id='word_1_352' title='bbox 1545 773 1709 810; x_wconf 90' lang='lat' dir='ltr'><strong>laborum</strong></span> <span class='ocrx_word' id='word_1_353' title='bbox 1729 786 1870 810; x_wconf 91' lang='lat' dir='ltr'><strong>consors</strong></span> <span class='ocrx_word' id='word_1_354' title='bbox 1894 786 1985 820; x_wconf 91' lang='lat' dir='ltr'><strong>esse,</strong></span> <span class='ocrx_word' id='word_1_355' title='bbox 2006 772 2128 810; x_wconf 89' lang='lat' dir='ltr'><strong>saltem</strong></span> <span class='ocrx_word' id='word_1_356' title='bbox 2149 787 2194 810; x_wconf 74' lang='lat' dir='ltr'>ex</span> 
     </span>
     <span class='ocr_line' id='line_1_47' title="bbox 1201 834 2192 886; baseline 0.002 -16"><span class='ocrx_word' id='word_1_357' title='bbox 1201 834 1504 885; x_wconf 79' lang='lat' dir='ltr'>congratulatione</span> <span class='ocrx_word' id='word_1_358' title='bbox 1542 834 1700 872; x_wconf 88' lang='lat' dir='ltr'><strong>lucreris.</strong></span> <span class='ocrx_word' id='word_1_359' title='bbox 1722 835 1823 886; x_wconf 84' lang='lat' dir='ltr'><strong>Saepe</strong></span> <span class='ocrx_word' id='word_1_360' title='bbox 1851 848 2003 884; x_wconf 87' lang='lat' dir='ltr'><strong>namque</strong></span> <span class='ocrx_word' id='word_1_361' title='bbox 2031 834 2192 886; x_wconf 85' lang='lat' dir='ltr'><strong>proposi—</strong></span> 
     </span>
     <span class='ocr_line' id='line_1_48' title="bbox 1201 895 2192 947; baseline 0.001 -15"><span class='ocrx_word' id='word_1_362' title='bbox 1201 903 1277 932; x_wconf 89' lang='lat' dir='ltr'>tum</span> <span class='ocrx_word' id='word_1_363' title='bbox 1307 895 1440 933; x_wconf 85' lang='lat' dir='ltr'><strong>sufficit</strong></span> <span class='ocrx_word' id='word_1_364' title='bbox 1470 895 1516 933; x_wconf 90' lang='lat' dir='ltr'><strong>ad</strong></span> <span class='ocrx_word' id='word_1_365' title='bbox 1543 909 1714 947; x_wconf 89' lang='lat' dir='ltr'><strong>magnum</strong></span> <span class='ocrx_word' id='word_1_366' title='bbox 1744 895 1983 947; x_wconf 81' lang='lat' dir='ltr'><strong>praestandum</strong></span> <span class='ocrx_word' id='word_1_367' title='bbox 2011 909 2111 947; x_wconf 87' lang='lat' dir='ltr'><strong>opus.</strong></span> <span class='ocrx_word' id='word_1_368' title='bbox 2132 896 2192 933; x_wconf 85' lang='lat' dir='ltr'><strong>Ait</strong></span> 
     </span>
     <span class='ocr_line' id='line_1_49' title="bbox 1201 957 2389 1009; baseline 0 -15"><span class='ocrx_word' id='word_1_369' title='bbox 1201 957 1331 1009; x_wconf 85' lang='lat' dir='ltr'><strong>quippe</strong></span> <span class='ocrx_word' id='word_1_370' title='bbox 1353 957 1533 1006; x_wconf 86' lang='lat' dir='ltr'><strong>Ezechiel,</strong></span> <span class='ocrx_word' id='word_1_371' title='bbox 1566 958 1646 995; x_wconf 88' lang='lat' dir='ltr'><strong>ideo</strong></span> <span class='ocrx_word' id='word_1_372' title='bbox 1674 958 1852 996; x_wconf 78' lang='lat' dir='ltr'>Moabitas</span> <span class='ocrx_word' id='word_1_373' title='bbox 1871 957 2006 1009; x_wconf 83' lang='lat' dir='ltr'><strong>puniri,</strong></span> <span class='ocrx_word' id='word_1_374' title='bbox 2025 957 2123 1008; x_wconf 88' lang='lat' dir='ltr'><strong>quod</strong></span> <span class='ocrx_word' id='word_1_375' title='bbox 2147 957 2192 995; x_wconf 92' lang='lat' dir='ltr'>de</span> <span class='ocrx_word' id='word_1_376' title='bbox 2206 967 2314 996; x_wconf 77' lang='lat' dir='ltr'><strong>Ezech.</strong></span> <span class='ocrx_word' id='word_1_377' title='bbox 2339 966 2389 996; x_wconf 72' lang='lat'>35.</span> 
     </span>
     <span class='ocr_line' id='line_1_50' title="bbox 1200 1018 2243 1071; baseline 0.001 -15"><span class='ocrx_word' id='word_1_378' title='bbox 1200 1019 1443 1057; x_wconf 77' lang='lat' dir='ltr'><strong>Israelitarum</strong></span> <span class='ocrx_word' id='word_1_379' title='bbox 1479 1019 1584 1057; x_wconf 90' lang='lat' dir='ltr'><strong>malis</strong></span> <span class='ocrx_word' id='word_1_380' title='bbox 1616 1019 1828 1071; x_wconf 80' lang='lat' dir='ltr'><strong>gauderem3</strong></span> <span class='ocrx_word' id='word_1_381' title='bbox 1854 1019 2013 1069; x_wconf 86' lang='lat' dir='ltr'><strong>aliosque</strong></span> <span class='ocrx_word' id='word_1_382' title='bbox 2041 1019 2191 1057; x_wconf 88' lang='lat' dir='ltr'><strong>salutem</strong></span> <span class='ocrx_word' id='word_1_383' title='bbox 2209 1018 2243 1037; x_wconf 88' lang='lat'>¹²</span> 
     </span>
     <span class='ocr_line' id='line_1_51' title="bbox 1202 1079 2190 1131; baseline 0.002 -15"><span class='ocrx_word' id='word_1_384' title='bbox 1202 1080 1388 1131; x_wconf 78' lang='lat' dir='ltr'><strong>consequi,</strong></span> <span class='ocrx_word' id='word_1_385' title='bbox 1408 1080 1506 1131; x_wconf 77' lang='lat' dir='ltr'><strong>quod</strong></span> <span class='ocrx_word' id='word_1_386' title='bbox 1534 1081 1579 1118; x_wconf 89' lang='lat' dir='ltr'>de</span> <span class='ocrx_word' id='word_1_387' title='bbox 1607 1080 1761 1118; x_wconf 87' lang='lat' dir='ltr'><strong>aliorum</strong></span> <span class='ocrx_word' id='word_1_388' title='bbox 1788 1080 1891 1118; x_wconf 82' lang='lat' dir='ltr'><strong>malis</strong></span> <span class='ocrx_word' id='word_1_389' title='bbox 1910 1079 2190 1131; x_wconf 86' lang='lat' dir='ltr'><strong>ingemiscerent.</strong></span> 
     </span>
     <span class='ocr_line' id='line_1_52' title="bbox 1202 1140 2193 1193; baseline 0.003 -16"><span class='ocrx_word' id='word_1_390' title='bbox 1202 1140 1308 1186; x_wconf 89' lang='lat' dir='ltr'><strong>Quod</strong></span> <span class='ocrx_word' id='word_1_391' title='bbox 1328 1142 1357 1178; x_wconf 93' lang='lat' dir='ltr'>si</span> <span class='ocrx_word' id='word_1_392' title='bbox 1376 1141 1513 1193; x_wconf 90' lang='lat' dir='ltr'><strong>aliquid</strong></span> <span class='ocrx_word' id='word_1_393' title='bbox 1540 1142 1626 1179; x_wconf 90' lang='lat' dir='ltr'><strong>boni</strong></span> <span class='ocrx_word' id='word_1_394' title='bbox 1645 1151 1679 1179; x_wconf 91' lang='lat' dir='ltr'>et</span> <span class='ocrx_word' id='word_1_395' title='bbox 1706 1141 1822 1180; x_wconf 90' lang='lat' dir='ltr'><strong>solatii</strong></span> <span class='ocrx_word' id='word_1_396' title='bbox 1841 1141 1886 1179; x_wconf 92' lang='lat' dir='ltr'>sit</span> <span class='ocrx_word' id='word_1_397' title='bbox 1905 1141 1948 1178; x_wconf 88' lang='lat' dir='ltr'>iis</span> <span class='ocrx_word' id='word_1_398' title='bbox 1971 1141 2031 1191; x_wconf 87' lang='lat' dir='ltr'><strong>qui</strong></span> <span class='ocrx_word' id='word_1_399' title='bbox 2047 1151 2193 1192; x_wconf 88' lang='lat' dir='ltr'><strong>gemunt</strong></span> 
     </span>
     <span class='ocr_line' id='line_1_53' title="bbox 1201 1202 2193 1254; baseline 0.001 -14"><span class='ocrx_word' id='word_1_400' title='bbox 1201 1202 1245 1240; x_wconf 89' lang='lat' dir='ltr'>de</span> <span class='ocrx_word' id='word_1_401' title='bbox 1264 1203 1416 1240; x_wconf 86' lang='lat' dir='ltr'><strong>aliorum</strong></span> <span class='ocrx_word' id='word_1_402' title='bbox 1446 1204 1563 1250; x_wconf 89' lang='lat' dir='ltr'><strong>malis,</strong></span> <span class='ocrx_word' id='word_1_403' title='bbox 1585 1203 1697 1241; x_wconf 88' lang='lat' dir='ltr'><strong>multo</strong></span> <span class='ocrx_word' id='word_1_404' title='bbox 1730 1203 1844 1254; x_wconf 82' lang='lat' dir='ltr'><strong>magis</strong></span> <span class='ocrx_word' id='word_1_405' title='bbox 1876 1203 1921 1240; x_wconf 92' lang='lat' dir='ltr'>iis</span> <span class='ocrx_word' id='word_1_406' title='bbox 1946 1203 2008 1253; x_wconf 87' lang='lat' dir='ltr'><strong>qui</strong></span> <span class='ocrx_word' id='word_1_407' title='bbox 2029 1202 2073 1240; x_wconf 88' lang='lat' dir='ltr'>de</span> <span class='ocrx_word' id='word_1_408' title='bbox 2105 1204 2193 1242; x_wconf 90' lang='lat' dir='ltr'><strong>alio-</strong></span> 
     </span>
     <span class='ocr_line' id='line_1_54' title="bbox 1202 1264 2192 1316; baseline 0.001 -14"><span class='ocrx_word' id='word_1_409' title='bbox 1202 1279 1283 1302; x_wconf 90' lang='lat' dir='ltr'>rum</span> <span class='ocrx_word' id='word_1_410' title='bbox 1321 1265 1520 1303; x_wconf 86' lang='lat' dir='ltr'>honoribus</span> <span class='ocrx_word' id='word_1_411' title='bbox 1568 1265 1732 1316; x_wconf 84' lang='lat' dir='ltr'><strong>gaudent.</strong></span> <span class='ocrx_word' id='word_1_412' title='bbox 1779 1264 1958 1303; x_wconf 79' lang='lat' dir='ltr'><strong>Moabitas</strong></span> <span class='ocrx_word' id='word_1_413' title='bbox 2009 1264 2192 1303; x_wconf 82' lang='lat' dir='ltr'><strong>incusabat</strong></span> 
     </span>
     <span class='ocr_line' id='line_1_55' title="bbox 1202 1327 2191 1379; baseline 0 -13"><span class='ocrx_word' id='word_1_414' title='bbox 1202 1328 1299 1378; x_wconf 87' lang='lat' dir='ltr'><strong>quod</strong></span> <span class='ocrx_word' id='word_1_415' title='bbox 1332 1329 1375 1366; x_wconf 87' lang='lat' dir='ltr'>de</span> <span class='ocrx_word' id='word_1_416' title='bbox 1410 1328 1650 1366; x_wconf 77' lang='lat' dir='ltr'><strong>Israelitarum</strong></span> <span class='ocrx_word' id='word_1_417' title='bbox 1690 1327 1794 1365; x_wconf 89' lang='lat' dir='ltr'><strong>malis</strong></span> <span class='ocrx_word' id='word_1_418' title='bbox 1829 1327 2022 1379; x_wconf 86' lang='lat' dir='ltr'><strong>gauderent</strong></span> <span class='ocrx_word' id='word_1_419' title='bbox 2049 1344 2057 1364; x_wconf 88' lang='lat'><strong>:</strong></span> <span class='ocrx_word' id='word_1_420' title='bbox 2091 1329 2191 1379; x_wconf 90' lang='lat' dir='ltr'><strong>atqui</strong></span> 
     </span>
     <span class='ocr_line' id='line_1_56' title="bbox 1202 1389 2192 1441; baseline 0.001 -14"><span class='ocrx_word' id='word_1_421' title='bbox 1202 1392 1299 1428; x_wconf 91' lang='lat' dir='ltr'><strong>Deus</strong></span> <span class='ocrx_word' id='word_1_422' title='bbox 1318 1391 1514 1441; x_wconf 82' lang='lat' dir='ltr'><strong>castigabat</strong></span> <span class='ocrx_word' id='word_1_423' title='bbox 1536 1390 1617 1428; x_wconf 92' lang='lat' dir='ltr'><strong>illos</strong></span> <span class='ocrx_word' id='word_1_424' title='bbox 1633 1405 1643 1438; x_wconf 88' lang='lat'>;</span> <span class='ocrx_word' id='word_1_425' title='bbox 1666 1389 1729 1427; x_wconf 89' lang='lat' dir='ltr'>sed</span> <span class='ocrx_word' id='word_1_426' title='bbox 1748 1403 1819 1427; x_wconf 92' lang='lat' dir='ltr'>non</span> <span class='ocrx_word' id='word_1_427' title='bbox 1838 1389 1918 1427; x_wconf 86' lang='lat' dir='ltr'><strong>vult</strong></span> <span class='ocrx_word' id='word_1_428' title='bbox 1946 1403 2009 1427; x_wconf 92' lang='lat' dir='ltr'>nos</span> <span class='ocrx_word' id='word_1_429' title='bbox 2041 1390 2192 1441; x_wconf 86' lang='lat' dir='ltr'><strong>gaudere</strong></span> 
     </span>
     <span class='ocr_line' id='line_1_57' title="bbox 1202 1451 2194 1503; baseline 0 -14"><span class='ocrx_word' id='word_1_430' title='bbox 1202 1451 1245 1489; x_wconf 92' lang='lat' dir='ltr'>de</span> <span class='ocrx_word' id='word_1_431' title='bbox 1264 1451 1450 1503; x_wconf 78' lang='lat' dir='ltr'><strong>suppliciis</strong></span> <span class='ocrx_word' id='word_1_432' title='bbox 1475 1451 1522 1488; x_wconf 87' lang='lat' dir='ltr'>ab</span> <span class='ocrx_word' id='word_1_433' title='bbox 1555 1466 1591 1489; x_wconf 90' lang='lat' dir='ltr'>se</span> <span class='ocrx_word' id='word_1_434' title='bbox 1621 1451 1731 1488; x_wconf 84' lang='lat' dir='ltr'><strong>illatis</strong></span> <span class='ocrx_word' id='word_1_435' title='bbox 1754 1464 1894 1501; x_wconf 88' lang='lat' dir='ltr'><strong>:neque</strong></span> <span class='ocrx_word' id='word_1_436' title='bbox 1927 1451 2021 1488; x_wconf 89' lang='lat' dir='ltr'><strong>enim</strong></span> <span class='ocrx_word' id='word_1_437' title='bbox 2052 1452 2194 1490; x_wconf 81' lang='lat' dir='ltr'><strong>laetatur</strong></span> 
     </span>
     <span class='ocr_line' id='line_1_58' title="bbox 1202 1511 2194 1564; baseline 0.002 -15"><span class='ocrx_word' id='word_1_438' title='bbox 1202 1511 1291 1549; x_wconf 89' lang='lat' dir='ltr'><strong>dum</strong></span> <span class='ocrx_word' id='word_1_439' title='bbox 1310 1512 1506 1549; x_wconf 80' lang='lat' dir='ltr'><strong>ulciscitur.</strong></span> <span class='ocrx_word' id='word_1_440' title='bbox 1529 1513 1636 1559; x_wconf 89' lang='lat' dir='ltr'><strong>Quod</strong></span> <span class='ocrx_word' id='word_1_441' title='bbox 1660 1511 1689 1549; x_wconf 89' lang='lat' dir='ltr'>si</span> <span class='ocrx_word' id='word_1_442' title='bbox 1709 1511 1968 1549; x_wconf 87' lang='lat' dir='ltr'><strong>condolendum</strong></span> <span class='ocrx_word' id='word_1_443' title='bbox 1990 1522 2040 1550; x_wconf 89' lang='lat' dir='ltr'>est</span> <span class='ocrx_word' id='word_1_444' title='bbox 2058 1514 2194 1564; x_wconf 85' lang='lat' dir='ltr'><strong>patien-</strong></span> 
     </span>
     <span class='ocr_line' id='line_1_59' title="bbox 1203 1572 2192 1625; baseline 0 -14"><span class='ocrx_word' id='word_1_445' title='bbox 1203 1573 1310 1622; x_wconf 83' lang='lat' dir='ltr'><strong>tibus,</strong></span> <span class='ocrx_word' id='word_1_446' title='bbox 1326 1573 1439 1611; x_wconf 86' lang='lat' dir='ltr'><strong>multo</strong></span> <span class='ocrx_word' id='word_1_447' title='bbox 1454 1572 1568 1624; x_wconf 86' lang='lat' dir='ltr'><strong>magis</strong></span> <span class='ocrx_word' id='word_1_448' title='bbox 1585 1581 1722 1625; x_wconf 84' lang='lat' dir='ltr'><strong>oportet</strong></span> <span class='ocrx_word' id='word_1_449' title='bbox 1741 1572 1922 1610; x_wconf 88' lang='lat' dir='ltr'><strong>honoratis</strong></span> <span class='ocrx_word' id='word_1_450' title='bbox 1939 1586 2007 1610; x_wconf 91' lang='lat' dir='ltr'>non</span> <span class='ocrx_word' id='word_1_451' title='bbox 2022 1573 2192 1612; x_wconf 86' lang='lat' dir='ltr'><strong>invidere.</strong></span> 
     </span>
     <span class='ocr_line' id='line_1_60' title="bbox 1204 1632 2193 1685; baseline 0 -14"><span class='ocrx_word' id='word_1_452' title='bbox 1204 1634 1264 1672; x_wconf 82' lang='lat' dir='ltr'>Sic</span> <span class='ocrx_word' id='word_1_453' title='bbox 1277 1634 1458 1685; x_wconf 86' lang='lat' dir='ltr'><strong>perierunt</strong></span> <span class='ocrx_word' id='word_1_454' title='bbox 1477 1634 1566 1671; x_wconf 89' lang='lat' dir='ltr'><strong>Core</strong></span> <span class='ocrx_word' id='word_1_455' title='bbox 1580 1642 1614 1671; x_wconf 89' lang='lat' dir='ltr'>et</span> <span class='ocrx_word' id='word_1_456' title='bbox 1627 1632 1784 1680; x_wconf 85' lang='lat' dir='ltr'><strong>Dathan,</strong></span> <span class='ocrx_word' id='word_1_457' title='bbox 1795 1633 1857 1683; x_wconf 92' lang='lat' dir='ltr'>qui</span> <span class='ocrx_word' id='word_1_458' title='bbox 1876 1633 2084 1683; x_wconf 87' lang='lat' dir='ltr'><strong>eos,quibus</strong></span> <span class='ocrx_word' id='word_1_459' title='bbox 2100 1634 2193 1673; x_wconf 85' lang='lat' dir='ltr'><strong>invi-</strong></span> 
     </span>
     <span class='ocr_line' id='line_1_61' title="bbox 1203 1694 2192 1747; baseline 0 -15"><span class='ocrx_word' id='word_1_460' title='bbox 1203 1694 1348 1744; x_wconf 79' lang='lat' dir='ltr'><strong>debant,</strong></span> <span class='ocrx_word' id='word_1_461' title='bbox 1371 1694 1627 1747; x_wconf 86' lang='lat' dir='ltr'><strong>splendidiores</strong></span> <span class='ocrx_word' id='word_1_462' title='bbox 1646 1694 1892 1742; x_wconf 82' lang='lat' dir='ltr'><strong>reddiderunt,</strong></span> <span class='ocrx_word' id='word_1_463' title='bbox 1907 1708 2048 1745; x_wconf 88' lang='lat' dir='ltr'><strong>seseque</strong></span> <span class='ocrx_word' id='word_1_464' title='bbox 2066 1695 2192 1733; x_wconf 92' lang='lat' dir='ltr'><strong>ultioni</strong></span> 
     </span>
     <span class='ocr_line' id='line_1_62' title="bbox 1202 1756 2193 1810; baseline 0 -16"><span class='ocrx_word' id='word_1_465' title='bbox 1202 1756 1436 1795; x_wconf 84' lang='lat' dir='ltr'><strong>tradiderunt.</strong></span> <span class='ocrx_word' id='word_1_466' title='bbox 1470 1757 1558 1794; x_wconf 85' lang='lat' dir='ltr'><strong>Fera</strong></span> <span class='ocrx_word' id='word_1_467' title='bbox 1589 1758 1722 1810; x_wconf 86' lang='lat' dir='ltr'><strong>quippe</strong></span> <span class='ocrx_word' id='word_1_468' title='bbox 1754 1765 1805 1793; x_wconf 89' lang='lat' dir='ltr'>est</span> <span class='ocrx_word' id='word_1_469' title='bbox 1837 1770 2012 1794; x_wconf 82' lang='lat' dir='ltr'><strong>venenosa</strong></span> <span class='ocrx_word' id='word_1_470' title='bbox 2038 1756 2193 1805; x_wconf 87' lang='lat' dir='ltr'><strong>invidia,</strong></span> 
     </span>
     <span class='ocr_line' id='line_1_63' title="bbox 1203 1816 2192 1870; baseline -0.001 -15"><span class='ocrx_word' id='word_1_471' title='bbox 1203 1818 1275 1856; x_wconf 88' lang='lat' dir='ltr'><strong>fera</strong></span> <span class='ocrx_word' id='word_1_472' title='bbox 1296 1818 1461 1870; x_wconf 66' lang='lat' dir='ltr'><strong>impura,</strong></span> <span class='ocrx_word' id='word_1_473' title='bbox 1477 1817 1614 1855; x_wconf 86' lang='lat' dir='ltr'><strong>malitia</strong></span> <span class='ocrx_word' id='word_1_474' title='bbox 1632 1817 1846 1866; x_wconf 89' lang='lat' dir='ltr'><strong>voluntaria,</strong></span> <span class='ocrx_word' id='word_1_475' title='bbox 1867 1831 1946 1868; x_wconf 82' lang='lat' dir='ltr'><strong>quae</strong></span> <span class='ocrx_word' id='word_1_476' title='bbox 1965 1816 2108 1855; x_wconf 89' lang='lat' dir='ltr'><strong>veniam</strong></span> <span class='ocrx_word' id='word_1_477' title='bbox 2123 1831 2192 1854; x_wconf 87' lang='lat' dir='ltr'>non</span> 
     </span>
     <span class='ocr_line' id='line_1_64' title="bbox 1204 1878 2193 1930; baseline 0 -13"><span class='ocrx_word' id='word_1_478' title='bbox 1204 1889 1401 1929; x_wconf 85' lang='lat' dir='ltr'><strong>mereatur,</strong></span> <span class='ocrx_word' id='word_1_479' title='bbox 1424 1879 1581 1930; x_wconf 84' lang='lat' dir='ltr'><strong>nequitia</strong></span> <span class='ocrx_word' id='word_1_480' title='bbox 1600 1894 1678 1930; x_wconf 83' lang='lat' dir='ltr'><strong>quae</strong></span> <span class='ocrx_word' id='word_1_481' title='bbox 1697 1878 1838 1917; x_wconf 85' lang='lat' dir='ltr'><strong>defendi</strong></span> <span class='ocrx_word' id='word_1_482' title='bbox 1858 1879 2002 1929; x_wconf 85' lang='lat' dir='ltr'><strong>nequit,</strong></span> <span class='ocrx_word' id='word_1_483' title='bbox 2032 1879 2193 1917; x_wconf 89' lang='lat' dir='ltr'><strong>omnium</strong></span> 
     </span>
     <span class='ocr_line' id='line_1_65' title="bbox 1205 1939 2194 1979; baseline -0.002 -1"><span class='ocrx_word' id='word_1_484' title='bbox 1205 1941 1383 1979; x_wconf 88' lang='lat' dir='ltr'><strong>malorum</strong></span> <span class='ocrx_word' id='word_1_485' title='bbox 1415 1955 1520 1979; x_wconf 90' lang='lat' dir='ltr'><strong>causa</strong></span> <span class='ocrx_word' id='word_1_486' title='bbox 1551 1950 1585 1978; x_wconf 89' lang='lat' dir='ltr'>et</span> <span class='ocrx_word' id='word_1_487' title='bbox 1612 1949 1734 1978; x_wconf 88' lang='lat' dir='ltr'><strong>mater.</strong></span> <span class='ocrx_word' id='word_1_488' title='bbox 1772 1939 1856 1978; x_wconf 93' lang='lat' dir='ltr'><strong>Ideo</strong></span> <span class='ocrx_word' id='word_1_489' title='bbox 1886 1940 1986 1977; x_wconf 88' lang='lat' dir='ltr'><strong>illam</strong></span> <span class='ocrx_word' id='word_1_490' title='bbox 2022 1939 2194 1977; x_wconf 85' lang='lat' dir='ltr'><strong>radicitus</strong></span> 
     </span>
     <span class='ocr_line' id='line_1_66' title="bbox 1205 2000 2192 2054; baseline -0.002 -15"><span class='ocrx_word' id='word_1_491' title='bbox 1205 2002 1412 2050; x_wconf 87' lang='lat' dir='ltr'><strong>evellamus,</strong></span> <span class='ocrx_word' id='word_1_492' title='bbox 1442 2011 1481 2039; x_wconf 93' lang='lat' dir='ltr'>ut</span> <span class='ocrx_word' id='word_1_493' title='bbox 1501 2011 1534 2040; x_wconf 92' lang='lat' dir='ltr'>et</span> <span class='ocrx_word' id='word_1_494' title='bbox 1555 2016 1574 2039; x_wconf 87' lang='lat' dir='ltr'><strong>a</strong></span> <span class='ocrx_word' id='word_1_495' title='bbox 1593 2000 1826 2054; x_wconf 83' lang='lat' dir='ltr'><strong>praesentibus</strong></span> <span class='ocrx_word' id='word_1_496' title='bbox 1845 2001 1949 2038; x_wconf 91' lang='lat' dir='ltr'><strong>malis</strong></span> <span class='ocrx_word' id='word_1_497' title='bbox 1980 2000 2192 2048; x_wconf 87' lang='lat' dir='ltr'><strong>liberemur,</strong></span> 
     </span>
     <span class='ocr_line' id='line_1_67' title="bbox 1205 2061 2193 2114; baseline -0.001 -13"><span class='ocrx_word' id='word_1_498' title='bbox 1205 2072 1238 2101; x_wconf 89' lang='lat' dir='ltr'>et</span> <span class='ocrx_word' id='word_1_499' title='bbox 1256 2063 1376 2101; x_wconf 89' lang='lat' dir='ltr'><strong>futura</strong></span> <span class='ocrx_word' id='word_1_500' title='bbox 1395 2077 1652 2114; x_wconf 85' lang='lat' dir='ltr'><strong>consequamur</strong></span> <span class='ocrx_word' id='word_1_501' title='bbox 1669 2063 1774 2111; x_wconf 85' lang='lat' dir='ltr'><strong>bona,</strong></span> <span class='ocrx_word' id='word_1_502' title='bbox 1794 2062 1907 2114; x_wconf 82' lang='lat' dir='ltr'><strong>gratia</strong></span> <span class='ocrx_word' id='word_1_503' title='bbox 1924 2070 1957 2099; x_wconf 88' lang='lat' dir='ltr'>et</span> <span class='ocrx_word' id='word_1_504' title='bbox 1973 2061 2193 2113; x_wconf 84' lang='lat' dir='ltr'><strong>benignitate</strong></span> 
     </span>
     <span class='ocr_line' id='line_1_68' title="bbox 1205 2124 2193 2176; baseline -0.004 -13"><span class='ocrx_word' id='word_1_505' title='bbox 1205 2124 1352 2163; x_wconf 89' lang='lat' dir='ltr'><strong>Domini</strong></span> <span class='ocrx_word' id='word_1_506' title='bbox 1367 2124 1474 2163; x_wconf 84' lang='lat' dir='ltr'><strong>nostri</strong></span> <span class='ocrx_word' id='word_1_507' title='bbox 1491 2127 1576 2164; x_wconf 90' lang='lat' dir='ltr'><strong>Jesu</strong></span> <span class='ocrx_word' id='word_1_508' title='bbox 1596 2124 1745 2174; x_wconf 85' lang='lat' dir='ltr'><strong>Christi,</strong></span> <span class='ocrx_word' id='word_1_509' title='bbox 1765 2138 1830 2176; x_wconf 86' lang='lat' dir='ltr'>per</span> <span class='ocrx_word' id='word_1_510' title='bbox 1845 2137 1950 2174; x_wconf 91' lang='lat' dir='ltr'><strong>quem</strong></span> <span class='ocrx_word' id='word_1_511' title='bbox 1971 2131 2003 2160; x_wconf 91' lang='lat' dir='ltr'>et</span> <span class='ocrx_word' id='word_1_512' title='bbox 2020 2137 2102 2160; x_wconf 91' lang='lat' dir='ltr'><strong>cum</strong></span> <span class='ocrx_word' id='word_1_513' title='bbox 2121 2136 2193 2173; x_wconf 88' lang='lat' dir='ltr'><strong>quo</strong></span> 
     </span>
     <span class='ocr_line' id='line_1_69' title="bbox 1206 2185 2192 2238; baseline -0.002 -14"><span class='ocrx_word' id='word_1_514' title='bbox 1206 2186 1304 2224; x_wconf 84' lang='lat' dir='ltr'><strong>Patri</strong></span> <span class='ocrx_word' id='word_1_515' title='bbox 1335 2186 1460 2238; x_wconf 87' lang='lat' dir='ltr'><strong>gloria,</strong></span> <span class='ocrx_word' id='word_1_516' title='bbox 1489 2186 1667 2237; x_wconf 87' lang='lat' dir='ltr'><strong>simulque</strong></span> <span class='ocrx_word' id='word_1_517' title='bbox 1696 2185 1848 2237; x_wconf 86' lang='lat' dir='ltr'><strong>Spiritui</strong></span> <span class='ocrx_word' id='word_1_518' title='bbox 1877 2194 2012 2236; x_wconf 87' lang='lat' dir='ltr'><strong>sancto,</strong></span> <span class='ocrx_word' id='word_1_519' title='bbox 2042 2198 2136 2222; x_wconf 90' lang='lat' dir='ltr'><strong>nunc</strong></span> <span class='ocrx_word' id='word_1_520' title='bbox 2158 2193 2192 2222; x_wconf 89' lang='lat' dir='ltr'>et</span> 
     </span>
     <span class='ocr_line' id='line_1_70' title="bbox 1204 2247 2002 2301; baseline -0.003 -15"><span class='ocrx_word' id='word_1_521' title='bbox 1204 2261 1357 2301; x_wconf 89' lang='lat' dir='ltr'><strong>semper,</strong></span> <span class='ocrx_word' id='word_1_522' title='bbox 1376 2257 1411 2286; x_wconf 90' lang='lat' dir='ltr'>et</span> <span class='ocrx_word' id='word_1_523' title='bbox 1433 2247 1468 2286; x_wconf 90' lang='lat' dir='ltr'><strong>in</strong></span> <span class='ocrx_word' id='word_1_524' title='bbox 1488 2247 1615 2286; x_wconf 87' lang='lat' dir='ltr'><strong>saecula</strong></span> <span class='ocrx_word' id='word_1_525' title='bbox 1635 2247 1860 2285; x_wconf 85' lang='lat' dir='ltr'><strong>saeculorum.</strong></span> <span class='ocrx_word' id='word_1_526' title='bbox 1879 2248 2002 2285; x_wconf 88' lang='lat' dir='ltr'><strong>Amen.</strong></span> 
     </span>
    </p>
   </div>
   <div class='ocr_carea' id='block_1_6' title="bbox 154 2493 1865 2871">
    <p class='ocr_par' dir='ltr' id='par_1_6' title="bbox 154 2493 1865 2871">
     <span class='ocr_line' id='line_1_71' title="bbox 154 2493 1292 2541; baseline 0.005 -16"><span class='ocrx_word' id='word_1_527' title='bbox 154 2504 167 2519; x_wconf 56' lang='grc' dir='ltr'>ι</span> <span class='ocrx_word' id='word_1_528' title='bbox 190 2493 306 2527; x_wconf 84' lang='lat' dir='ltr'><strong>Morel.</strong></span> <span class='ocrx_word' id='word_1_529' title='bbox 321 2496 489 2538; x_wconf 77' lang='grc' dir='ltr'>κερδαίνῃς,</span> <span class='ocrx_word' id='word_1_530' title='bbox 508 2494 609 2527; x_wconf 74' lang='lat' dir='ltr'><strong>Savil.</strong></span> <span class='ocrx_word' id='word_1_531' title='bbox 628 2498 780 2540; x_wconf 71' lang='grc' dir='ltr'>κερδάνῃς.</span> <span class='ocrx_word' id='word_1_532' title='bbox 1182 2500 1292 2541; x_wconf 65' lang='lat' dir='ltr'><strong>stris]</strong></span> 
     </span>
     <span class='ocr_line' id='line_1_72' title="bbox 155 2545 1120 2589; baseline 0 -10"><span class='ocrx_word' id='word_1_533' title='bbox 155 2549 170 2570; x_wconf 77' lang='lat'>¹¹</span> <span class='ocrx_word' id='word_1_534' title='bbox 196 2547 303 2589; x_wconf 71' lang='grc' dir='ltr'>[αὑτός</span> <span class='ocrx_word' id='word_1_535' title='bbox 317 2557 379 2588; x_wconf 81' lang='lat' dir='ltr'><strong>pro</strong></span> <span class='ocrx_word' id='word_1_536' title='bbox 393 2550 491 2584; x_wconf 73' lang='grc' dir='ltr'>αὐτοῖς</span> <span class='ocrx_word' id='word_1_537' title='bbox 506 2546 709 2579; x_wconf 78' lang='lat' dir='ltr'><strong>correximus</strong></span> <span class='ocrx_word' id='word_1_538' title='bbox 729 2556 747 2578; x_wconf 92' lang='lat' dir='ltr'>e</span> <span class='ocrx_word' id='word_1_539' title='bbox 763 2545 864 2579; x_wconf 47' lang='lat' dir='ltr'><strong>Sax‘il.</strong></span> <span class='ocrx_word' id='word_1_540' title='bbox 885 2553 918 2579; x_wconf 87' lang='lat' dir='ltr'>et</span> <span class='ocrx_word' id='word_1_541' title='bbox 930 2545 1040 2579; x_wconf 87' lang='lat' dir='ltr'><strong>Codd.</strong></span> <span class='ocrx_word' id='word_1_542' title='bbox 1058 2557 1120 2580; x_wconf 89' lang='lat' dir='ltr'>no-</span> 
     </span>
     <span class='ocr_line' id='line_1_73' title="bbox 494 2805 1865 2871; baseline -0.004 -21"><span class='ocrx_word' id='word_1_543' title='bbox 494 2812 672 2850; x_wconf 75' lang='lat' dir='ltr'><strong>OMIAIA</strong></span> <span class='ocrx_word' id='word_1_544' title='bbox 694 2809 758 2855; x_wconf 86' lang='grc' dir='ltr'>νς’.</span> <span class='ocrx_word' id='word_1_545' title='bbox 1145 2806 1192 2871; x_wconf 47' lang='grc' dir='ltr'>δέδ</span> <span class='ocrx_word' id='word_1_546' title='bbox 1523 2805 1735 2844; x_wconf 87' lang='lat' dir='ltr'><strong>HOMILIA</strong></span> <span class='ocrx_word' id='word_1_547' title='bbox 1765 2806 1865 2846; x_wconf 85' lang='lat' dir='ltr'>LVI.</span> 
     </span>
    </p>
   </div>
   <div class='ocr_carea' id='block_1_7' title="bbox 112 2926 1136 3167">
    <p class='ocr_par' dir='ltr' id='par_1_7' title="bbox 112 2926 1136 3167">
     <span class='ocr_line' id='line_1_74' title="bbox 112 2926 1136 2986; baseline -0.002 -15"><span class='ocrx_word' id='word_1_548' title='bbox 112 2933 181 2971; x_wconf 77' lang='grc' dir='ltr'>Καὶ</span> <span class='ocrx_word' id='word_1_549' title='bbox 209 2933 375 2986; x_wconf 85' lang='grc' dir='ltr'>παράγων</span> <span class='ocrx_word' id='word_1_550' title='bbox 409 2936 427 2972; x_wconf 81' lang='grc' dir='ltr'>ὃ</span> <span class='ocrx_word' id='word_1_551' title='bbox 456 2934 590 2981; x_wconf 70' lang='grc' dir='ltr'>Ἰησοῦς</span> <span class='ocrx_word' id='word_1_552' title='bbox 612 2926 699 2971; x_wconf 67' lang='grc' dir='ltr'>εἶδεν</span> <span class='ocrx_word' id='word_1_553' title='bbox 730 2932 910 2985; x_wconf 81' lang='grc' dir='ltr'>ἄνθρωπον</span> <span class='ocrx_word' id='word_1_554' title='bbox 941 2931 1068 2984; x_wconf 78' lang='grc' dir='ltr'>τυφλὸν</span> <span class='ocrx_word' id='word_1_555' title='bbox 1097 2933 1136 2969; x_wconf 80' lang='grc' dir='ltr'>ἐκ</span> 
     </span>
     <span class='ocr_line' id='line_1_75' title="bbox 164 2992 1133 3047; baseline -0.001 -16"><span class='ocrx_word' id='word_1_556' title='bbox 164 2997 314 3044; x_wconf 67' lang='grc' dir='ltr'>γενετῆς.</span> <span class='ocrx_word' id='word_1_557' title='bbox 341 2994 410 3032; x_wconf 79' lang='grc' dir='ltr'>Καὶ</span> <span class='ocrx_word' id='word_1_558' title='bbox 437 2993 622 3047; x_wconf 79' lang='grc' dir='ltr'>ἠρώτησαν</span> <span class='ocrx_word' id='word_1_559' title='bbox 648 2994 748 3032; x_wconf 77' lang='grc' dir='ltr'>αὐτὸν</span> <span class='ocrx_word' id='word_1_560' title='bbox 778 2996 809 3032; x_wconf 80' lang='grc' dir='ltr'>οἱ</span> <span class='ocrx_word' id='word_1_561' title='bbox 836 2992 991 3044; x_wconf 83' lang='grc' dir='ltr'>μαθηταὶ</span> <span class='ocrx_word' id='word_1_562' title='bbox 1010 2994 1133 3039; x_wconf 73' lang='grc' dir='ltr'>αὐτοῦ,</span> 
     </span>
     <span class='ocr_line' id='line_1_76' title="bbox 164 3047 1134 3108; baseline -0.003 -16"><span class='ocrx_word' id='word_1_563' title='bbox 164 3054 334 3106; x_wconf 83' lang='grc' dir='ltr'>λέγοντες·</span> <span class='ocrx_word' id='word_1_564' title='bbox 358 3053 504 3102; x_wconf 64' lang='grc' dir='ltr'>Ῥαὸὅὶ,</span> <span class='ocrx_word' id='word_1_565' title='bbox 522 3053 574 3097; x_wconf 89' lang='grc' dir='ltr'>τίς</span> <span class='ocrx_word' id='word_1_566' title='bbox 599 3055 770 3108; x_wconf 81' lang='grc' dir='ltr'>ἥμαρτεν,</span> <span class='ocrx_word' id='word_1_567' title='bbox 798 3047 915 3102; x_wconf 62' lang='grc' dir='ltr'>οἶτος,</span> <span class='ocrx_word' id='word_1_568' title='bbox 935 3052 957 3098; x_wconf 83' lang='grc' dir='ltr'>ἢ</span> <span class='ocrx_word' id='word_1_569' title='bbox 976 3055 1006 3091; x_wconf 82' lang='grc' dir='ltr'>οἳ</span> <span class='ocrx_word' id='word_1_570' title='bbox 1026 3057 1134 3104; x_wconf 85' lang='grc' dir='ltr'>γονεῖς</span> 
     </span>
     <span class='ocr_line' id='line_1_77' title="bbox 166 3113 690 3167; baseline 0 -15"><span class='ocrx_word' id='word_1_571' title='bbox 166 3116 285 3161; x_wconf 75' lang='grc' dir='ltr'>αὐτοῦ,</span> <span class='ocrx_word' id='word_1_572' title='bbox 301 3113 357 3153; x_wconf 77' lang='grc' dir='ltr'>ἵνα</span> <span class='ocrx_word' id='word_1_573' title='bbox 375 3115 500 3166; x_wconf 74' lang='grc' dir='ltr'>τυφλὸς</span> <span class='ocrx_word' id='word_1_574' title='bbox 518 3118 664 3167; x_wconf 80' lang='grc' dir='ltr'>γεννηθῇ</span> <span class='ocrx_word' id='word_1_575' title='bbox 680 3132 690 3162; x_wconf 87' lang='grc'><strong>;</strong></span> 
     </span>
    </p>
   </div>
   <div class='ocr_carea' id='block_1_8' title="bbox 113 3298 1135 3418">
    <p class='ocr_par' dir='ltr' id='par_1_8' title="bbox 113 3298 1135 3418">
     <span class='ocr_line' id='line_1_78' title="bbox 165 3298 1135 3356; baseline -0.005 -14"><span class='ocrx_word' id='word_1_576' title='bbox 165 3304 233 3342; x_wconf 77' lang='grc' dir='ltr'>Καὶ</span> <span class='ocrx_word' id='word_1_577' title='bbox 253 3305 419 3356; x_wconf 87' lang='grc' dir='ltr'>παράγων</span> <span class='ocrx_word' id='word_1_578' title='bbox 436 3308 453 3342; x_wconf 83' lang='grc' dir='ltr'>ὁ</span> <span class='ocrx_word' id='word_1_579' title='bbox 475 3306 605 3352; x_wconf 75' lang='grc' dir='ltr'>Ἰησοῦς</span> <span class='ocrx_word' id='word_1_580' title='bbox 634 3298 719 3342; x_wconf 68' lang='grc' dir='ltr'>εἶδεν</span> <span class='ocrx_word' id='word_1_581' title='bbox 739 3305 918 3355; x_wconf 77' lang='grc' dir='ltr'>ἄνθρωπον</span> <span class='ocrx_word' id='word_1_582' title='bbox 951 3301 1075 3353; x_wconf 78' lang='grc' dir='ltr'>τυφλὸν</span> <span class='ocrx_word' id='word_1_583' title='bbox 1098 3303 1135 3338; x_wconf 80' lang='grc' dir='ltr'>ἐκ</span> 
     </span>
     <span class='ocr_line' id='line_1_79' title="bbox 113 3361 1135 3418; baseline -0.003 -16"><span class='ocrx_word' id='word_1_584' title='bbox 113 3369 261 3415; x_wconf 58' lang='grc' dir='ltr'>γενετῆς.</span> <span class='ocrx_word' id='word_1_585' title='bbox 285 3365 425 3417; x_wconf 71' lang='grc' dir='ltr'>Σφόδρα</span> <span class='ocrx_word' id='word_1_586' title='bbox 455 3366 695 3418; x_wconf 62' lang='grc' dir='ltr'>φιλάνθρωπος</span> <span class='ocrx_word' id='word_1_587' title='bbox 721 3365 782 3412; x_wconf 84' lang='grc' dir='ltr'>ὢν,</span> <span class='ocrx_word' id='word_1_588' title='bbox 802 3363 860 3402; x_wconf 77' lang='grc' dir='ltr'>καὶ</span> <span class='ocrx_word' id='word_1_589' title='bbox 882 3364 944 3408; x_wconf 78' lang='grc' dir='ltr'>τῆς</span> <span class='ocrx_word' id='word_1_590' title='bbox 963 3361 1135 3413; x_wconf 79' lang='grc' dir='ltr'>ἡμετέρας</span> 
     </span>
    </p>
   </div>
   <div class='ocr_carea' id='block_1_9' title="bbox 1203 2929 2190 3227">
    <p class='ocr_par' dir='ltr' id='par_1_9' title="bbox 1203 2929 2190 3227">
     <span class='ocr_line' id='line_1_80' title="bbox 1203 2929 2190 2982; baseline -0.001 -14"><span class='ocrx_word' id='word_1_591' title='bbox 1203 2931 1291 2969; x_wconf 77' lang='lat' dir='ltr'>CAP.</span> <span class='ocrx_word' id='word_1_592' title='bbox 1306 2929 1374 2968; x_wconf 88' lang='lat' dir='ltr'>IX.</span> <span class='ocrx_word' id='word_1_593' title='bbox 1389 2943 1427 2969; x_wconf 87' lang='lat' dir='ltr'>v.</span> <span class='ocrx_word' id='word_1_594' title='bbox 1450 2931 1465 2967; x_wconf 88' lang='grc'>1</span> <span class='ocrx_word' id='word_1_595' title='bbox 1480 2959 1487 2967; x_wconf 93' lang='grc'>.</span> <span class='ocrx_word' id='word_1_596' title='bbox 1519 2931 1575 2968; x_wconf 82' lang='lat' dir='ltr'><strong>Et</strong></span> <span class='ocrx_word' id='word_1_597' title='bbox 1587 2932 1809 2982; x_wconf 65' lang='lat' dir='ltr'><strong>praeteriens</strong></span> <span class='ocrx_word' id='word_1_598' title='bbox 1823 2930 1936 2968; x_wconf 83' lang='lat' dir='ltr'><strong>Jesus</strong></span> <span class='ocrx_word' id='word_1_599' title='bbox 1960 2930 2053 2967; x_wconf 77' lang='lat' dir='ltr'><strong>vidit</strong></span> <span class='ocrx_word' id='word_1_600' title='bbox 2067 2931 2190 2967; x_wconf 82' lang='lat' dir='ltr'><strong>homi—</strong></span> 
     </span>
     <span class='ocr_line' id='line_1_81' title="bbox 1256 2995 2188 3044; baseline -0.002 -13"><span class='ocrx_word' id='word_1_601' title='bbox 1256 3007 1341 3031; x_wconf 86' lang='lat' dir='ltr'><strong>nem</strong></span> <span class='ocrx_word' id='word_1_602' title='bbox 1359 3007 1502 3031; x_wconf 78' lang='lat' dir='ltr'><strong>coeczcm</strong></span> <span class='ocrx_word' id='word_1_603' title='bbox 1515 3006 1540 3031; x_wconf 85' lang='lat' dir='ltr'><strong>a</strong></span> <span class='ocrx_word' id='word_1_604' title='bbox 1561 2995 1768 3030; x_wconf 76' lang='lat' dir='ltr'><strong>nativitate</strong></span> <span class='ocrx_word' id='word_1_605' title='bbox 1784 3009 1793 3030; x_wconf 71' lang='grc' dir='ltr'>ε</span> <span class='ocrx_word' id='word_1_606' title='bbox 1812 2995 1851 3030; x_wconf 67' lang='lat'>⁶2.</span> <span class='ocrx_word' id='word_1_607' title='bbox 1878 3001 1914 3030; x_wconf 78' lang='lat' dir='ltr'>et</span> <span class='ocrx_word' id='word_1_608' title='bbox 1930 2995 2188 3044; x_wconf 76' lang='lat' dir='ltr'><strong>interrogave-</strong></span> 
     </span>
     <span class='ocr_line' id='line_1_82' title="bbox 1253 3055 2184 3107; baseline -0.002 -15"><span class='ocrx_word' id='word_1_609' title='bbox 1253 3062 1344 3092; x_wconf 81' lang='lat' dir='ltr'><strong>runt</strong></span> <span class='ocrx_word' id='word_1_610' title='bbox 1372 3068 1458 3092; x_wconf 83' lang='lat' dir='ltr'>eum</span> <span class='ocrx_word' id='word_1_611' title='bbox 1479 3055 1658 3105; x_wconf 80' lang='lat' dir='ltr'><strong>discipuli</strong></span> <span class='ocrx_word' id='word_1_612' title='bbox 1687 3056 1783 3107; x_wconf 80' lang='lat' dir='ltr'><strong>ejus,</strong></span> <span class='ocrx_word' id='word_1_613' title='bbox 1815 3055 1984 3091; x_wconf 81' lang='lat' dir='ltr'><strong>dieentes</strong></span> <span class='ocrx_word' id='word_1_614' title='bbox 2002 3068 2012 3088; x_wconf 90' lang='lat'><em>:</em></span> <span class='ocrx_word' id='word_1_615' title='bbox 2048 3055 2184 3096; x_wconf 56' lang='lat' dir='ltr'><strong>Rama,</strong></span> 
     </span>
     <span class='ocr_line' id='line_1_83' title="bbox 1254 3115 2184 3166; baseline -0.001 -14"><span class='ocrx_word' id='word_1_616' title='bbox 1254 3117 1340 3166; x_wconf 78' lang='lat' dir='ltr'><strong>quis</strong></span> <span class='ocrx_word' id='word_1_617' title='bbox 1357 3115 1626 3166; x_wconf 56' lang='lat' dir='ltr'><strong>peccavitfiic,</strong></span> <span class='ocrx_word' id='word_1_618' title='bbox 1661 3129 1714 3152; x_wconf 83' lang='lat' dir='ltr'>an</span> <span class='ocrx_word' id='word_1_619' title='bbox 1743 3123 1922 3165; x_wconf 82' lang='lat' dir='ltr'><strong>parentes</strong></span> <span class='ocrx_word' id='word_1_620' title='bbox 1942 3116 2036 3166; x_wconf 79' lang='lat' dir='ltr'><strong>ejus,</strong></span> <span class='ocrx_word' id='word_1_621' title='bbox 2056 3122 2097 3151; x_wconf 83' lang='lat' dir='ltr'>ut</span> <span class='ocrx_word' id='word_1_622' title='bbox 2111 3127 2184 3151; x_wconf 77' lang='lat' dir='ltr'><strong>cce—</strong></span> 
     </span>
     <span class='ocr_line' id='line_1_84' title="bbox 1256 3179 1595 3227; baseline -0.003 -14"><span class='ocrx_word' id='word_1_623' title='bbox 1256 3189 1325 3214; x_wconf 82' lang='lat' dir='ltr'>cus</span> <span class='ocrx_word' id='word_1_624' title='bbox 1342 3184 1563 3227; x_wconf 67' lang='lat' dir='ltr'><strong>nasceretur</strong></span> <span class='ocrx_word' id='word_1_625' title='bbox 1579 3179 1595 3211; x_wconf 83' lang='lat'><em>?</em></span> 
     </span>
    </p>
   </div>
   <div class='ocr_carea' id='block_1_10' title="bbox 1202 3297 2187 3403">
    <p class='ocr_par' dir='ltr' id='par_1_10' title="bbox 1202 3297 2187 3403">
     <span class='ocr_line' id='line_1_85' title="bbox 1257 3297 2184 3350; baseline -0.003 -14"><span class='ocrx_word' id='word_1_626' title='bbox 1257 3302 1291 3336; x_wconf 89' lang='grc'>1.</span> <span class='ocrx_word' id='word_1_627' title='bbox 1311 3301 1363 3337; x_wconf 78' lang='lat' dir='ltr'><strong>Et</strong></span> <span class='ocrx_word' id='word_1_628' title='bbox 1396 3302 1618 3350; x_wconf 66' lang='lat' dir='ltr'><strong>praeteriens</strong></span> <span class='ocrx_word' id='word_1_629' title='bbox 1643 3299 1756 3336; x_wconf 77' lang='lat' dir='ltr'><strong>Jesus</strong></span> <span class='ocrx_word' id='word_1_630' title='bbox 1774 3297 1874 3335; x_wconf 75' lang='lat' dir='ltr'><strong>vidit</strong></span> <span class='ocrx_word' id='word_1_631' title='bbox 1903 3298 2095 3334; x_wconf 78' lang='lat' dir='ltr'><strong>hominem</strong></span> <span class='ocrx_word' id='word_1_632' title='bbox 2111 3311 2184 3334; x_wconf 65' lang='lat' dir='ltr'><strong>cze-</strong></span> 
     </span>
     <span class='ocr_line' id='line_1_86' title="bbox 1202 3358 2187 3403; baseline -0.003 -5"><span class='ocrx_word' id='word_1_633' title='bbox 1202 3375 1287 3398; x_wconf 79' lang='lat' dir='ltr'>cum</span> <span class='ocrx_word' id='word_1_634' title='bbox 1308 3375 1331 3398; x_wconf 85' lang='grc' dir='ltr'>α</span> <span class='ocrx_word' id='word_1_635' title='bbox 1350 3363 1553 3398; x_wconf 73' lang='lat' dir='ltr'><strong>nativitate</strong></span> <span class='ocrx_word' id='word_1_636' title='bbox 1597 3360 1781 3397; x_wconf 88' lang='lat' dir='ltr'><strong>Humanus</strong></span> <span class='ocrx_word' id='word_1_637' title='bbox 1803 3372 1882 3396; x_wconf 90' lang='lat' dir='ltr'><strong>cum</strong></span> <span class='ocrx_word' id='word_1_638' title='bbox 1912 3358 1969 3403; x_wconf 87' lang='lat' dir='ltr'><strong>sit,</strong></span> <span class='ocrx_word' id='word_1_639' title='bbox 1998 3366 2030 3395; x_wconf 90' lang='lat' dir='ltr'>et</span> <span class='ocrx_word' id='word_1_640' title='bbox 2062 3367 2187 3396; x_wconf 55' lang='lat' dir='ltr'><strong>nostra?</strong></span> 
     </span>
    </p>
   </div>
  </div>
 </body>
</html>
