2481 3678
45 308 229 336 .7‹.(111.⁷›.22.

37 1115 170 1143 Christus
195 1126 223 1142 se

35 1156 115 1183 Pau-'1
158 1168 222 1184 con-

34 1198 209 1225 substautia-

33 1238 89 1265 lem
124 1246 219 1267 osten·

35 1280 88 1308 dit.

250 207 336 225 ”ffls

249 225 340 266 334
703 221 739 251 S.
777 222 954 251 jammis
990 220 1229 251 CHRYSOST.

237 306 370 357 judico
403 318 647 357 quemquam.
691 303 801 354 Atqui
827 303 934 341 etiam
972 301 1074 352 dicit,
1108 304 1229 341 Pater

246 369 436 403 neminem
445 367 613 418 judicat.
635 366 707 402 Cur
719 379 801 415 ergo
826 363 884 401 hic
901 363 989 401 dicit
1006 379 1013 399 :
1046 365 1099 401 Et
1117 366 1150 401 si
1163 366 1227 416 jn-

244 429 344 473 dico,
355 429 543 480 judicium
563 441 688 464 meum
697 429 845 478 justum
858 433 927 470 est,
944 427 1036 476 quia
1051 438 1128 462 non
1144 438 1227 463 sam

244 490 347 527 solus
366 494 382 525 Ρ
402 490 538 526 Rursus
565 486 759 524 secundum
789 486 934 523 illorum
955 486 1156 538 opinionem
1175 485 1227 523 lo—

244 550 379 599 quitur.
405 550 480 587 Hoc
500 558 564 593 est,
594 548 777 587 Judicium
795 560 914 584 meum
933 547 1049 584 Patris
1065 556 1117 585 est
1137 563 1145 583 :
1169 561 1228 585 ne-

244 624 312 659 que
347 610 449 647 aliter
480 623 586 659 quam
609 622 673 657 ego
694 608 798 644 Pater
812 606 965 659 judicat,
987 620 1098 658 neque
1126 607 1229 645 aliter

245 685 323 721 ego,
344 685 451 721 quam
474 671 587 707 Pater.
617 670 689 707 Cur
705 682 788 707 vero
819 670 962 706 Patrem
983 668 1193 707 memoravit
1212 669 1229 706 Ξ)

244 733 321 769 Non
338 732 510 783 putabant
532 731 584 767 illi
603 731 672 768 lide
691 730 842 781 dignum
861 729 1009 779 Filium,
1028 729 1097 767 nisi
1113 729 1228 767 Patris

242 792 482 829 testimonium
514 792 703 844 accepisset
734 807 741 827 τ
768 790 930 842 alioquin
967 789 1104 827 dictum
1136 788 1227 826 illud

242 869 311 893 non
345 855 506 893 stetisset.
546 854 652 908 Apud
680 854 840 892 homines
889 853 984 891 enim
1027 866 1109 890 cum
1154 852 1227 890 duo

240 916 285 953 de
320 930 357 953 re
395 916 508 953 aliena
539 916 781 954 testimonium
816 915 934 953 ferunt
953 944 963 964 ,
1001 923 1086 952 tunc
1127 914 1227 952 testi-

239 978 398 1016 monium
411 993 534 1017 verum
553 979 705 1016 habetur
716 994 727 1028 ;
748 978 815 1016 hoc
830 987 882 1016 est
901 977 1006 1025 enim,
1022 976 1114 1014 duos
1130 976 1227 1015 testi-

239 1040 399 1077 monium
423 1040 524 1077 ferre.
558 1040 596 1077 Si
629 1040 709 1090 quis
731 1053 814 1077 vero
842 1037 886 1075 de
917 1052 952 1075 se
984 1036 1226 1074 testimonium

239 1103 341 1152 serat,
366 1117 434 1140 non
453 1104 527 1154 jam
547 1103 618 1140 duo
640 1112 742 1140 testes
763 1111 857 1139 sunt.
878 1100 1010 1142 Viden'
1032 1100 1136 1137 illum
1157 1114 1226 1139 non

238 1164 306 1201 alia
334 1164 378 1202 de
400 1178 504 1201 eausa
540 1164 608 1201 1166
635 1162 783 1211 dixisse,
808 1162 878 1200 nisi
910 1171 949 1199 ut
973 1160 1172 1199 ostenderet
1191 1175 1228 1199 se
1266 1167 1275 1195 2

237 1224 569 1262 consubstantialem
579 1238 666 1272 esse,
675 1233 706 1261 et
716 1237 778 1275 per
787 1222 1015 1274 semetipsum
1024 1221 1152 1260 deinde
1159 1236 1226 1260 non

236 1301 337 1338 egere
356 1302 391 1325 se
409 1287 479 1324 alio
502 1286 727 1336 testimonio,
746 1295 856 1336 utque
877 1285 1040 1337 probaret
1067 1297 1102 1321 se
1135 1283 1227 1322 nihil

236 1349 353 1385 minus
368 1348 508 1396 habere,
521 1361 630 1398 (piam
645 1347 814 1385 Patrem?
832 1345 928 1386 Vide
937 1358 1020 1396 ergo
1035 1344 1225 1382 auctorita-

236 1418 317 1446 tem.
356 1408 416 1446 13.
442 1410 525 1460 Ego
559 1421 644 1445 sum
664 1410 730 1460 qui
758 1409 1018 1445 testimonimn
1041 1409 1224 1458 perhibeo

234 1471 282 1507 de
301 1472 457 1521 meipso,
479 1479 514 1507 et
537 1471 798 1508 testimonium
815 1470 987 1520 perhibet
1006 1469 1055 1505 de
1073 1481 1133 1505 me
1158 1470 1226 1520 qui

235 1534 335 1568 misit
352 1545 411 1568 me
425 1532 559 1568 Pater.
580 1531 659 1567 Non
677 1528 714 1566 id
732 1529 906 1581 posuisset
925 1529 953 1566 si
974 1528 1122 1566 minoris
1140 1529 1224 1566 sub-

234 1591 369 1628 stantiae
389 1591 525 1627 fuisset.
546 1589 684 1627 Deinde
703 1603 746 1627 ne
778 1590 915 1626 numeri
934 1603 1037 1626 causa
1059 1588 1096 1626 id
1124 1589 1221 1641 posi-

234 1661 310 1689 tum
346 1661 460 1704 putes,
491 1650 572 1689 vide
594 1659 802 1703 potestatem
830 1650 866 1688 in
897 1649 996 1687 nullo
1030 1649 1220 1689 diversam.

235 1713 465 1750 Testifieatur
478 1713 584 1749 1161116
607 1726 688 1749 611111
708 1726 752 1749 ex
766 1726 801 1749 se
818 1711 888 1749 fide
906 1711 1038 1762 dignus
1057 1720 1131 1761 est,
1153 1725 1222 1749 11611

235 1789 316 1812 eum
343 1775 543 1812 testimonio
572 1783 669 1825 eget3
687 1773 825 1824 hocque
844 1773 879 1811 in
902 1773 1015 1810 aliena
1036 1787 1072 1810 re
1091 1789 1098 1809 ε
1131 1773 1166 1810 in
1186 1787 1223 1810 re

233 1849 316 1872 xero
338 1850 399 1872 sua
426 1848 538 1885 quum
569 1833 769 1871 testimonio
786 1842 875 1884 eget,
892 1846 961 1870 non
988 1833 1063 1884 jam
1083 1843 1133 1871 est
1151 1833 1224 1871 fide

234 1896 318 1945 dign
326 1909 375 1931 115.
395 1895 462 1932 Hic
480 1909 563 1932 vero
579 1903 710 1932 contra.
723 1895 815 1932 Nam
831 1894 867 1931 in
882 1908 919 1931 re
937 1908 999 1930 sua
1016 1894 1220 1943 testificans,

234 1965 262 1993 el
299 1970 334 1993 56
366 1955 511 1992 alterius
530 1954 774 1992 testimonium
796 1954 925 1991 habere
943 1953 1076 2002 dicens,
1099 1969 1133 1992 56
1151 1954 1224 1993 fide

232 2016 381 2068 dignum
402 2030 475 2053 esse
491 2015 591 2065 dicit,
610 2015 767 2066 undique
783 2029 884 2053 suam
901 2014 1087 2052 ostendens
1102 2025 1223 2054 aucto-

234 2079 383 2116 ritatem.
401 2079 472 2116 Cur
503 2078 595 2115 euim
629 2092 711 2115 cum
728 2077 846 2125 dixit,
866 2078 956 2114 Non
980 2091 1066 2114 sum
1099 2078 1218 2124 solus,

233 2141 300 2177 sed
315 2154 382 2191 ego
399 2149 433 2176 et
459 2142 524 2192 qui
541 2141 645 2176 misit
662 2152 720 2176 me
734 2140 872 2185 Pater;
889 2146 934 2185 et,
960 2138 1137 2175 Duorum
1155 2140 1222 2176 ho-

235 2203 379 2237 minum
394 2202 652 2238 testimonium
669 2212 806 2236 verum
825 2206 906 2243 611,-
927 2211 996 2235 non
1015 2198 1141 2248 tacuit,
1161 2199 1222 2236 sed

234 2261 375 2313 adjecit,
396 2263 480 2312 Ego
495 2274 579 2298 sitm
599 2262 664 2312 qai
688 2261 951 2296 testimonium
980 2260 1160 2310 perhibeo
1177 2261 1226 2297 de

235 2324 402 2372 meipso?
430 2320 688 2359 Auctoritatem
723 2318 846 2369 utique
879 2318 1138 2358 demonstrans.
1178 2320 1225 2358 Et

234 2382 349 2434 primo
368 2382 523 2435 scipsum
551 2381 669 2433 posuit
693 2396 700 2417 :
731 2382 816 2432 Ego
851 2394 936 2418 sum
966 2383 1033 2432 qui
1057 2384 1225 2419 testimo-

238 2447 341 2481 nium
359 2446 538 2495 perhibeo
569 2444 615 2479 de
643 2445 799 2494 meipso.
825 2441 893 2478 Hic
914 2455 998 2479 vero
1021 2441 1173 2480 ostendit
1191 2457 1227 2480 56

236 2505 367 2542 bonore
392 2520 512 2557 parem
534 2520 540 2540 :
574 2503 733 2554 nihilque
752 2503 825 2540 illis
858 2501 1037 2554 prodesse,
1060 2502 1089 2541 si
1110 2504 1227 2541 Deum

240 2567 379 2602 Patrem
408 2580 442 2602 56
464 2580 563 2603 116556
581 2564 714 2611 dicant,
736 2564 764 2601 51
786 2578 822 2601 56
849 2563 1025 2614 ignorent,
1048 2564 1150 2615 cujus
1176 2563 1225 2601 rei

238 2640 379 2663 musam
395 2641 466 2663 esse
481 2626 581 2673 dicit,
601 2624 697 2676 quod
722 2639 759 2663 56
778 2638 987 2676 cognoscere
1005 2624 1131 2662 nolint.
1155 2624 1225 2662 Di·-

239 2685 287 2722 cit
308 2699 390 2735 ergo
411 2700 477 2723 non
497 2700 598 2738 posse
619 2688 760 2724 Patrem
792 2685 956 2737 cognosci
978 2686 1054 2723 sine
1084 2686 1139 2724 sui
1163 2700 1227 2724 co-

240 2746 410 2796 gnitione,
432 2756 469 2783 ut
483 2746 536 2785 vel
559 2747 607 2783 sic
626 2760 684 2784 eos
709 2745 752 2784 ad
769 2746 824 2783 sui
840 2745 1002 2784 notitiam
1020 2746 1224 2785 attraheret.

241 2807 333 2853 Quia
368 2807 474 2854 6111111,
495 2807 571 2858 ipso
599 2807 733 2855 relicto,
761 2809 901 2845 Patrem
931 2821 1068 2858 semper
1092 2807 1228 2846 discere

241 2869 457 2919 quaerebant,
476 2867 524 2904 ait
542 2883 549 2902 ε
571 2869 659 2904 Non
672 2871 829 2918 potestis
845 2881 954 2906 nosse
964 2869 1125 2906 Patrem
1145 2872 1227 2907 sine

242 2944 314 2966 me.
349 2930 469 2979 ltaque
500 2927 561 2978 qui
588 2927 623 2964 in
653 2928 785 2964 Filium
810 2928 1072 2980 blasphemant,
1100 2943 1169 2967 non
1192 2930 1226 2967 in

240 2991 357 3041 ipsum
373 2998 524 3038 tantum,
545 2987 604 3024 sed
623 2996 655 3024 et
674 2988 708 3024 111
729 2990 867 3025 Patrem
886 2987 1145 3040 blasphemant.

294 3053 330 3088 4.
348 3051 431 3088 111166
451 3063 513 3086 nos
527 3062 590 3086 cav
594 3062 725 3095 eamus,
745 3057 777 3085 et
798 3048 930 3086 tilium
955 3049 1224 3100 glorificemus:

243 3113 301 3165 qui
321 3113 348 3151 si
366 3125 433 3150 non
454 3109 611 3162 ejusdem
629 3117 717 3146 esset
736 3118 884 3157 naturae,
901 3124 969 3147 non
989 3112 1034 3149 ita
1056 3112 1225 3162 loquutus

1241 3145 1290 3169 309

1269 217 1864 250 ARCHOEP.CONSTANT1NOP.

1300 301 1430 340 οὐδένα.
1447 300 1516 340 Και
1535 299 1604 349 μήν
1626 315 1742 351 φησιν,
1761 299 1814 338 ὅτι
1841 299 1885 338 O
1914 298 2039 351 Πατὴρ
2069 300 2105 337 οὐ
2134 297 2242 352 κρίνει
2261 300 2319 338 οὓ·-

1302 361 1393 400 δένα
1413 363 1496 404 Πως
1522 363 1579 398 οὖν
1607 360 1752 398 ἐνταῦθά
1779 375 1885 412 φησι,
1915 359 1986 398 Και
2007 358 2065 397 ἐὰν
2085 359 2192 412 κρίνω
2216 358 2271 407 δὲ,
2298 363 2320 406 ἡ

1301 421 1410 474 κρίσις
1431 425 1452 468 ἡ
1470 420 1535 471 ἐμὴ
1558 420 1677 458 δικαία
1694 420 1801 467 ἐστὶν,
1822 419 1874 458 ότι
1891 422 1951 458 οὐκ
1972 419 2042 470 εἷμὶ
2065 419 2185 470 μόνος,
2205 420 2320 458 Πάλιν

1253 486 1275 515 Β
1300 482 1384 535 πρὸς
1398 481 1459 529 τὴν
1474 480 1646 533 ὑπόληψιν
1662 480 1724 527 τὴν
1745 479 1882 519 ἐκείνων
1899 480 2083 533 φθέγγεται
2098 496 2106 503 ·
2132 480 2321 528 τουτέστιν,

1301 546 1321 589 ἦ
1345 543 1456 596 κρίσις
1475 547 1496 590 ἡ
1513 542 1578 594 ἐμὴ
1596 547 1656 581 τοῦ
1674 541 1814 595 Πατρός
1832 544 1923 580 ἐστιν
1937 558 1944 566 ·
1965 545 2026 581 οὐκ
2044 542 2085 580 ἂν
2101 542 2214 586 ἄλλως
2230 542 2322 595 ἔκρι-

1301 620 1354 642 νεν
1371 608 1388 642 ὃ
1403 604 1529 657 Πατὴρ
1546 603 1684 657 κρίνων,
1703 605 1731 641 εἷ
1752 602 1799 654 μὴ
1820 605 1866 646 ὡς
1882 602 1970 653 ἐγώ·
1992 603 2051 641 καὶ
2067 605 2128 641 οὐκ
2148 603 2187 641 ἂν
2209 602 2322 647 ἄλλως

1301 664 1368 716 ἐγὼ
1382 695 1391 713 ,
1418 667 1446 703 εἰ
1474 665 1521 716 μὴ
1537 668 1583 709 ὡς
1597 669 1613 703 ὁ
1630 664 1768 716 Πατήρ.
1790 663 1892 707 Τίνος
1912 663 1947 702 δὲ
1962 663 2074 702 ἕνεκεν
2091 663 2150 701 καὶ
2169 668 2228 701 τοῦ
2243 664 2321 701 Πα-

1300 725 1378 778 τρὸς
1393 725 1667 777 ἐμνημόνευσεν;
1688 728 1741 763 Οὐ
1757 725 1823 777 γὰρ
1843 724 1996 775 ἐνόμιζον
2018 723 2215 768 ἀξιόπιστον
2233 717 2320 762 εἶναι

1299 787 1356 824 τὸν
1378 788 1473 834 Υἱὸν,
1496 790 1524 825 εἰ
1553 788 1600 838 μὴ
1620 792 1679 826 τοῦ
1695 787 1835 840 Πατρὸς
1854 786 1915 834 τὴν
1939 786 2130 840 μαρτυρίαν
2150 786 2322 838 προσέλα-

1301 848 1358 886 &ev
1371 864 1378 872 ·
1400 849 1512 894 ἄλλως
1533 848 1567 887 δὲ
1584 880 1593 897 ,
1622 849 1697 888 οὐδὲ
1714 849 1838 896 ἕστηκε
1856 849 1896 887 τὸ
1913 847 2048 901 λεχθέν.
2068 847 2153 886 Ἐπὶ
2170 846 2232 898 μὲν
2253 847 2321 901 γὰρ

1300 912 1367 948 τῶν
1396 910 1599 964 ἀνθρώπιον,
1626 910 1707 949 ὅταν
1726 910 1782 949 δύο
1801 909 1972 963 ἀλλοτρίῳ
1989 912 2172 963 πράγματι
2191 925 2320 963 μαρτυ-

1302 974 1404 1024 ρῶσι,
1418 972 1496 1011 τότε
1514 976 1535 1019 ἡ
1555 972 1729 1026 μαρτυρία
1756 972 1846 1011 ἐστὶν
1870 972 2000 1019 ἀληθής
2013 987 2020 994 ·
2040 976 2141 1010 τοῦτο
2164 970 2231 1024 γάρ
2247 973 2320 1009 ἐστι

1300 1031 1359 1071 δύο
1373 1038 1559 1086 μαρτυρεῖν
1575 1049 1581 1056 ·
1600 1035 1627 1071 εἷ
1646 1032 1680 1072 δὲ
1698 1033 1819 1084 μέλλοι
1834 1049 1886 1077 τις
1905 1036 2017 1085 ἑαυτῷ
2039 1038 2236 1085 μαρτυρεῖν,
2259 1034 2321 1070 οὐκ

1299 1094 1349 1130 ἔτι
1372 1092 1429 1131 δύο
1444 1093 1540 1131 εἰσίν.
1558 1092 1666 1144 Ὁρᾷς
1683 1093 1736 1132 ὅτι
1752 1095 1794 1131 δι’
1813 1093 1905 1132 οὐδὲν
1921 1093 2034 1147 ἕτερον
2052 1097 2152 1132 τοῦτο
2172 1093 2320 1147 εἴρηκεν,

1299 1151 1396 1198 ἢῖνα
1419 1153 1510 1206 δείξῃ
1537 1153 1714 1204 ὅμοούσιον
1746 1155 1879 1202 ἑαυτὸν,
1907 1153 1991 1193 1’καὶ
2014 1156 2055 1192 δι’
2072 1157 2194 1193 ἑαυτοῦ
2214 1156 2319 1194 πάλιν

1301 1213 1392 1266 δείξῃ
1410 1217 1447 1253 οὖ
1465 1214 1624 1266 δεόμενον
1651 1216 1751 1254 αὐτὸν
1777 1215 1883 1262 ἄλλης
1907 1215 2115 1269 μαρτυρίας·
2142 1216 2202 1254 καὶ
2228 1216 2320 1268 δείξῃ

1299 1274 1392 1314 οὐδὲν
1423 1276 1563 1314 ἔλαττον
1593 1277 1717 1328 ἔχοντα
1743 1282 1803 1316 τοῦ
1831 1277 1992 1330 Πατρός;
2021 1276 2118 1329 ΕὈροι
2147 1282 2227 1329 γοῦν
2257 1277 2320 1324 τὴν

1300 1338 1489 1377 αὐΟεντίαν.
1511 1338 1607 1390 Ἐγώ
1637 1341 1709 1390 εἶμι
1724 1343 1741 1378 ὃ
1757 1342 1939 1392 μαρτυρῶν
1967 1339 2046 1391 περὶ
2074 1340 2241 1390 ἐμαυτοῦ,
2261 1340 2321 1378 καὶ

1300 1406 1468 1451 μαρτυρεῖ
1489 1400 1568 1454 περὶ
1587 1403 1670 1451 ἐμοῦ
1691 1403 1708 1438 ὃ
1723 1399 1865 1452 πέμψας
1894 1416 1937 1451 με
1960 1400 2097 1452 Πατήρ.
2119 1402 2195 1437 Οὐκ
2224 1399 2263 1437 ἂν
2285 1399 2321 1439 δὲ

1253 1464 1256 1467 “
1298 1462 1327 1497 εἰ
1346 1460 1524 1504 ἐλάττονος
1544 1461 1661 1504 οὐσίας
1681 1455 1736 1508 ἦν,
1750 1467 1850 1500 τοῦτο
1868 1460 1907 1499 ἂν
1928 1461 2060 1507 ἔθηκεν.
2078 1459 2166 1498 Νυνὶ
2183 1459 2217 1498 δὲ
2234 1490 2243 1508 ,
2265 1459 2321 1498 ἵνα

1298 1521 1346 1570 μὴ
1360 1521 1505 1595 νομίσῃς
1524 1522 1576 1560 ὅτι
1597 1525 1775 1574 ἀριθμοῦ“
1764 1521 1876 1560 ε’νεκεν
1895 1522 2154 1574 παρείληπται
2177 1521 2236 1560 Θέα
2256 1520 2318 1568 τὴν

1297 1581 1449 1625 ἐξουσίαν
1485 1582 1580 1621 οὐδὲν
1612 1583 1758 1635 ἔχουσαν
1795 1583 2113 1658 παρηλλαγμένον.
2139 1584 2320 1636 Μαρτυρεῖ

1298 1643 1496 1695 ἄνθρωπος,
1528 1643 1608 1682 όταν
1638 1647 1696 1696 ἀφ’
1719 1646 1841 1682 ἑαυτοῦ
1873 1643 1912 1682 ἀῖ
1899 1644 2070 1688 ιόπιστος
2091 1647 2125 1694 ᾐ,
2149 1645 2211 1694 οὐχ
2236 1643 2318 1681 ὅταν

1297 1704 1488 1758 μαρτυρίας
1507 1704 1648 1753 δέηται,
1669 1721 1728 1744 κουν
1753 1711 1852 1744 τοῦτο
1866 1722 1899 1743 εν
1923 1705 2093 1757 ἀλλοτρίι)
2112 1704 2319 1756 πράγματι·

1296 1768 1329 1803 ἐν
1353 1765 1387 1804 δὲ
1409 1766 1484 1818 ἰδίῳ
1512 1766 1593 1805 ὅταν
1624 1766 1814 1820 μαρτυρίας
1845 1766 1963 1813 δέηται
1983 1769 2045 1812 τῆς
2064 1768 2147 1817 παρ’
2174 1766 2291 1818 ἑτέρου
2307 1797 2318 1814 ,

1295 1829 1355 1865 οὐκ
1374 1826 1424 1865 ἔτι
1442 1827 1533 1866 ἐστὶν
1553 1827 1761 1872 ἀξιόπιστος.
1779 1827 1954 1866 ἜνταῦΟα
1974 1826 2010 1866 δὲ
2025 1834 2093 1866 πᾶν
2109 1827 2318 1867 τούναντίον.

1248 1901 1271 1929 D
1296 1888 1365 1926 Καὶ
1384 1888 1451 1940 γὰρ
1473 1892 1506 1927 ἐν
1528 1888 1602 1941 ἰδίῳ
1627 1889 1810 1943 πράγματι
1834 1891 2030 1941 μαρτυρῶν,
2058 1888 2117 1927 καὶ
2137 1890 2220 1941 παρ’
2246 1889 2319 1928 ἑτέ-

1298 1963 1354 2000 ρου
1387 1947 1497 2000 λέγων
1534 1953 1802 2003 μαρτυρεῖσθαι,
1840 1949 2036 1994 ἀξιόπιστον
2078 1949 2196 1987 ἑαυτὸν
2230 1943 2319 1989 εἷναί

1294 2025 1396 2060 φησι,
1427 2010 1642 2062 πανταχόθεν
1685 2010 1815 2053 δεικνὺς
1852 2013 1974 2048 ἑαυτοῦ
2023 2009 2086 2057 τὴν
2127 2010 2316 2049 αὐθεντίαν.

1295 2071 1399 2108 Διατί
1431 2071 1500 2124 γὰρ
1534 2071 1652 2119 εἰπὼν,
1673 2074 1751 2110 Οὔκ
1773 2072 1846 2124 εἰμὶ
1876 2071 1994 2123 μόνος,
2026 2073 2102 2110 ἀλλ’
2128 2071 2196 2122 ἐγὼ
2219 2071 2279 2110 καὶ
2299 2076 2317 2111 ὃ

1294 2132 1436 2184 πέμψας
1457 2149 1500 2183 με
1521 2133 1659 2187 Πατὴρ,
1679 2133 1737 2171 καὶ
1757 2133 1815 2180 τὸ,
1841 2132 1912 2171 Δύο
1936 2131 2126 2185 ἀνθρώπων
2144 2136 2164 2179 ἡ
2189 2150 2318 2186 μαρτυ-

1298 2192 1353 2244 ρία
1372 2193 1463 2231 ἐστὶν
1488 2193 1639 2241 ἀληθὴς,
1665 2196 1724 2232 οὐκ
1754 2193 2011 2241 ἀπεσιώπησεν,
2033 2195 2108 2232 ἀλλ’
2131 2193 2318 2245 ἐπήγαγεν,

1294 2253 1390 2305 Ἐγώ
1413 2257 1484 2304 εἶμι
1505 2258 1522 2292 ὁ
1544 2257 1725 2306 μαρτυρῶν
1747 2255 1826 2306 περὶ
1847 2257 2016 2305 ἐμαυτοῦ,
2045 2256 2157 2301 Δῆλον
2177 2254 2230 2292 ὅτι
2255 2254 2318 2301 τὴν

1297 2315 1472 2352 αὖΟεντίαν
1498 2315 1623 2361 δηλῶν.
1656 2314 1726 2353 Καὶ
1762 2318 1897 2366 πρῶτον
1923 2314 1983 2366 μὲν
2006 2315 2124 2353 ἑαυτὸν
2148 2315 2317 2353 τέθεικεν·

1296 2375 1390 2427 Ἐγώ
1419 2378 1491 2426 εἶμι
1513 2380 1529 2414 ὁ
1551 2379 1734 2429 μαρτυρῶν
1764 2376 1843 2429 περὶ
1867 2379 2029 2427 ἐμαυτοῦ.
2055 2375 2236 2413 Δείκνυσιν
2268 2378 2318 2413 ἐν-

1296 2441 1404 2475 ταῦθα
1427 2438 1467 2476 τό
1488 2454 1525 2476 τε
1545 2437 1726 2488 ὁμότιμον,
1750 2437 1809 2475 καὶ
1828 2439 1880 2475 ὅτι
1904 2436 1997 2475 οὐδὲν
2021 2439 2233 2489 ὠφελοῦνται
2259 2436 2317 2474 τὸν

1296 2499 1398 2547 Θεὸν,
1430 2499 1586 2551 λέγοντες
1611 2498 1736 2537 εἰδέναι
1760 2498 1927 2552 Πατέρα,
1955 2498 2056 2537 αὐτὸν
2088 2501 2150 2538 οὐκ
2181 2498 2318 2542 εἰδότες.

1299 2560 1369 2599 Καὶ
1384 2565 1483 2599 τοῦτο
1502 2560 1610 2599 αἴτιον
1630 2554 1717 2598 εἶναί
1736 2577 1841 2612 φησι,
1862 2560 1900 2598 τὸ
1919 2561 2018 2599 αὐτὸν
2037 2560 2085 2612 μὴ
2106 2561 2214 2599 Οέλειν
2230 2560 2316 2598 εἰδέ-

1252 2636 1275 2665 Ε
1299 2638 1367 2660 ναι.
1396 2621 1501 2673 Λέγει
1523 2615 1594 2670 οὖν,
1622 2621 1674 2660 ὅτι
1699 2624 1735 2660 οὐ
1768 2622 1909 2660 δυνατὸν
1936 2621 2061 2660 εἰδέναι
2088 2621 2145 2660 τὸν
2176 2620 2320 2673 Πατέρα

1300 2686 1401 2722 αὐτοῦ
1428 2683 1556 2737 χωρὶς,
1577 2683 1633 2722 ἵνα
1655 2683 1718 2721 κᾶν
1746 2682 1854 2727 οὕτως
1874 2682 1995 2726 αὐτοὺς
2017 2683 2257 2730 ἐπισπάσηται
2274 2684 2320 2726 εἷς

1298 2746 1359 2793 τὴν
1386 2748 1488 2784 αὐτοῦ
1519 2748 1657 2797 γνῶσιν.
1677 2744 1823 2792 Ἐπειδὴ
1851 2744 1918 2797 γὰρ
1939 2744 2093 2797 ἀφιέντες
2118 2744 2233 2791 αὐτὸν,
2266 2743 2320 2781 ἀεὶ

1299 2807 1355 2845 τὸν
1371 2806 1516 2859 Πατέρα
1531 2806 1667 2852 ἐζήτουν
1688 2809 1822 2857 μαθεῖν,
1836 2805 1949 2857 λέγει·
1965 2807 2017 2844 Οὐ
2036 2804 2178 2843 δύνασθε
2195 2803 2319 2842 εἰδέναι

1299 2868 1356 2905 τὸν
1381 2867 1527 2918 Πατέρα
1555 2867 1662 2920 χωρὶς
1687 2868 1783 2918 ἐμοῦ.
1802 2865 1914 2905 (Ὠστε
1929 2869 1960 2904 οἱ
1979 2866 2035 2904 τὸν
2055 2865 2138 2904 Υἱὸν
2161 2867 2321 2917 βλασφη-

1301 2934 1461 2981 μοῦντες,
1480 2931 1540 2967 οὐκ
1557 2928 1656 2966 αὐτὸν
1680 2930 1924 2980 βλασφημοῦσι
1946 2926 2061 2978 μόνον,
2080 2925 2170 2965 ἀλλὰ
2187 2925 2247 2964 καὶ
2262 2925 2319 2964 τὸν

1299 2989 1539 3044 γεγεννηκότα.

1354 3054 1475 3091 Ἰαῦτα
1496 3051 1656 3103 φύγωμεν
1681 3053 1782 3101 ἡμεῖς
1797 3079 1806 3097 ,
1832 3066 1891 3088 και
1920 3049 2118 3100 δοξάσωμεν
2146 3048 2204 3086 τὸν
2224 3048 2267 3085 Y‘
2260 3047 2319 3084 ιόν.

1303 3113 1427 3153 Καίτοι
1456 3115 1484 3151 εἷ
1511 3111 1560 3190 μὴ
1582 3111 1715 3164 φύσεως
1742 3115 1784 3158 ἠν
1811 3115 1873 3158 τῆς
1902 3113 2027 3184 αὐτῆς,
2057 3112 2118 3148 οὐκ
2148 3108 2187 3146 ἂν
2213 3123 2320 3150 ουτως

244 3171 470 3219 (5561.()116(1
490 3172 516 3209 51
540 3179 677 3208 tautum
692 3169 966 3217 doc1101it,lieet
982 3171 1125 3210 alterius
1140 3183 1228 3212 esset
1254 3182 1277 3210 Α
1302 3178 1406 3212 εἶπεν.
1424 3175 1468 3212 Εἰ
1484 3173 1550 3225 γὰρ
1570 3171 1729 3210 ἐδίδασκε
1752 3171 1865 3222 μόνον,
1890 3170 2100 3224 ἓτεροουσιος
2115 3168 2154 3208 δὲ
2164 3172 2219 3216 ἠν,
2240 3169 2318 3214 ἐνῆν

291 3316 305 3337 ¹¹
331 3314 391 3355 [ussi
409 3328 439 3346 oa
456 3316 590 3353 δεόμενον
607 3314 697 3347 ἀλλης
713 3325 767 3350 μ..,
785 3314 831 3342 καὶ
848 3312 927 3342 οᾷιῦὲν
941 3314 984 3342 ε”)..
1002 3309 1121 3352 Savil.5
1138 3311 1247 3346 Codd,

608 3363 667 3393 11151
693 3361 782 3403 quod
798 3361 881 3394 Cod.
901 3364 962 3393 7011
990 3368 1036 3396 καὶ
1063 3370 1145 3406 πείσῃ
1170 3368 1247 3397 ovea-1

248 3365 348 3398 nostri
381 3373 411 3396 ut
441 3364 579 3401 Mor1ts.‚

1319 3316 1470 3355 {kun-om]
