2481 3678
281 245 371 303 384
810 259 989 290 Joxwis
1024 259 1263 289 cunvsos‘r.
1305 257 1506 287 menum.
1545 251 1893 286 coNs‘rAN'rmor.

277 354 397 377 eorum
427 339 580 378 audebat
612 354 649 378 ea
685 356 761 391 qua·
798 341 969 379 sentiebat
1000 350 1119 394 aperte
1147 340 1261 393 profi-
1275 337 1321 404 ³3⁵
1338 339 1420 377 αὐτὸ
1449 337 1659 385 πεποίηκεν·
1693 340 1769 376 ἀλλ’
1809 338 1942 376 οὐδέπω
1979 338 2104 384 ταύτην
2144 332 2234 390 εἶχον
2271 338 2354 385 ιἸτὴν

280 401 364 449 teri,
389 402 450 439 sed
474 402 674 440 dubitando
711 403 951 454 proponebat,
979 403 1040 440 alii
1076 412 1171 440 metu
1210 416 1263 439 re-

280 463 388 515 pressi
421 473 540 510 erant,
582 463 643 500 alii
675 464 897 516 principatus
928 478 1057 502 amore.
1092 465 1265 502 Schisma

283 526 399 574 igilur
437 533 518 561 erat
561 527 661 561 inter
703 525 804 561 illos.
844 524 954 572 Quod
988 525 1088 577 prius
1127 524 1194 562 fuit
1229 524 1263 561 in

79 586 195 620 ·'¹·‹¹¹¹·7
220 584 435 636 ¹2·populo,
461 585 590 622 deinde
623 584 658 622 111
690 585 922 637 principibus.
952 586 1041 623 Alii
1070 587 1261 630 dicebant,

279 647 410 683 Bonus
444 654 496 683 est
507 662 521 689 ;
553 647 636 692 alii,
675 648 778 693 lVon,
817 648 884 684 sed
916 649 1061 685 seducit·
1094 649 1260 685 turbam.

278 705 409 745 Vidcn’
430 706 531 758 plebe
556 706 851 758 imprudentiores
874 707 1050 759 principes
1074 707 1264 745 discissos?

278 765 345 803 Sed
364 776 551 818 postquam
568 768 615 804 ita
635 767 730 805 scissi
751 777 851 817 sunt,
868 768 960 805 nibil
981 782 1188 819 generosum
1203 781 1265 804 cx-

278 826 440 876 hibuere,
466 843 547 865 eum
575 828 704 866 instare
729 828 923 866 Pharisaeos
953 829 1123 866 viderent.
1139 828 1210 874 Qui
1236 828 1264 864 si

277 888 418 939 penitus
434 888 571 926 discissi
588 890 877 935 fuissent‚statim
889 890 1074 927 veritatem
1088 888 1266 938 cognituri

279 958 388 986 erant.
409 950 526 987 Potest
547 950 641 988 enim
669 950 841 987 dissensio
863 958 957 987 reeta
981 963 1064 986 esse.
1090 948 1174 986 idco
1207 948 1267 985 ille

80 1014 192 1065 {lllff‘h'
221 1023 265 1042 ιυ-
279 1008 437 1057 dicebat,
455 1011 544 1048 ZVon
559 1014 652 1047 veni
664 1025 798 1062 pacem
813 1013 961 1047 mittere
971 1013 1011 1046 in
1025 1017 1180 1053 terram,
1200 1009 1268 1045 sed

81 1055 269 1132 &linquam
279 1070 467 1120 gladium.
488 1070 553 1108 Est
572 1071 666 1108 enim
684 1071 789 1108 ctiam
808 1071 900 1106 mala
922 1068 1122 1116 eoncordia,
1137 1078 1169 1105 et
1192 1068 1266 1106 dis—

81 1137 176 1172 doqm·
196 1136 267 1182 ¹¹J³¹³
282 1129 402 1166 cordia
447 1131 550 1167 bona.
584 1132 676 1168 Nam
702 1131 763 1181 qui
792 1130 918 1167 turrim
953 1128 1198 1174 aedificabant‚
1231 1128 1267 1165 in

80 1178 266 1245 ἱῗῗῇζζῖξζὲιζ
281 1190 452 1227 damnum
463 1204 567 1227 suum
586 1190 774 1227 concordes
793 1199 891 1227 erant
901 1204 913 1239 3
935 1198 1041 1239 atque
1060 1188 1169 1225 iidem
1184 1187 1266 1239 ipsi,

83 1260 169 1286 hona.
279 1250 361 1288 licet
374 1250 500 1299 inviti,
518 1250 554 1288 in
568 1250 795 1288 commodum
816 1264 920 1287 suum
935 1249 1044 1288 divisi
1063 1258 1155 1287 sunt.
1179 1249 1268 1286 Core

279 1321 396 1349 autem
429 1327 511 1350 eum
542 1313 645 1350 sociis
670 1312 761 1350 male
782 1319 1049 1359 consenserant3
1078 1311 1156 1348 ideo
1179 1311 1268 1348 bene

280 1374 389 1413 divisi
411 1384 504 1412 sunt.
525 1375 637 1414 Judas
657 1389 798 1425 quoque
819 1388 900 1411 cum
919 1372 1052 1412 Judaeis
1067 1373 1160 1410 male
1178 1387 1267 1411 con—

281 1436 400 1473 sensit.
421 1437 538 1474 Potest
568 1450 650 1487 ergo
679 1437 771 1473 bona
797 1434 994 1483 discordia,
1018 1443 1052 1472 et
1071 1434 1163 1471 mala
1184 1448 1267 1472 eon-

283 1497 403 1534 cordia
421 1511 505 1535 esse.
526 1498 610 1536 Ideo
626 1497 695 1546 ait,
714 1498 754 1535 Si
773 1497 905 1534 oculus
921 1504 1006 1533 tuus
1022 1496 1269 1533 scandalizat

261 1563 268 1571 “
284 1566 332 1604 te,
353 1571 440 1596 erue
457 1573 559 1603 eum5
576 1568 611 1596 et
627 1560 660 1596 si
670 1572 736 1609 pes
754 1566 853 1603 tum,
882 1556 1076 1594 abscinde.
1098 1555 1136 1593 Si
1157 1570 1268 1593 mem-

282 1620 389 1657 brum
424 1621 515 1657 male
554 1621 782 1672 conjunctum
815 1616 1113 1665 abscindendum,
1154 1631 1269 1655 nonne

283 1681 524 1732 multomagis
551 1682 596 1719 ab
615 1681 741 1719 amicis
768 1680 859 1718 male
888 1678 1083 1731 conjunctis
1107 1679 1269 1716 abscindi

283 1742 447 1794 oportet?
470 1743 592 1792 Itaque
614 1741 800 1780 concordia
829 1754 899 1778 non
931 1753 1067 1791 semper
1085 1739 1177 1777 bona
1196 1750 1269 1789 est,

286 1812 323 1840 ut
344 1817 405 1840 nec
425 1816 562 1855 semper
580 1802 756 1841 discordia
775 1801 877 1839 mala.

86 1503 197 1530 Alsallll.
217 1502 246 1529 5.

83 1540 255 1580 29.rt18.8

340 2053 375 2088 5.
406 2050 490 2087 Haec
519 2049 599 2087 dico
632 2058 672 2087 ut
703 2049 814 2087 malos
854 2049 1045 2099 fugiamus,
1080 2062 1271 2098 sequamur

287 2114 410 2150 bonos.
439 2113 530 2148 Nam
558 2111 586 2148 si
618 2111 777 2148 membra
806 2109 948 2162 putrida
981 2109 1191 2147 incurabilia
1210 2123 1270 2146 ex-

287 2172 501 2220 scindimus,
534 2186 575 2208 ne
600 2172 777 2221 reliquum
807 2185 933 2223 eorpus
961 2170 1128 2222 perdant,
1164 2169 1271 2220 idque

287 2233 451 2281 facimus,
472 2246 540 2269 non
556 2232 649 2282 quod
667 2232 865 2269 membrum
885 2230 1135 2282 despiciamus,
1157 2229 1218 2267 sed
1233 2238 1271 2267 ut

288 2303 410 2331 ezetera
445 2307 624 2331 servemus
650 2302 809 2343 :quanto
847 2292 961 2342 magis
998 2291 1064 2328 boc
1095 2290 1272 2342 agendum

287 2356 380 2392 cirea
408 2368 464 2391 eos
497 2354 558 2404 qui
593 2353 684 2391 male
717 2353 818 2391 nobis
843 2352 958 2403 juncti
986 2352 1091 2389 sunt?
1112 2351 1218 2397 Quod
1242 2351 1271 2389 si

287 2416 462 2467 possimus
490 2414 561 2451 illis
591 2413 800 2461 emendatis,
822 2413 912 2450 nihil
939 2412 1061 2450 damni
1089 2412 1267 2464 aceipere3

288 2476 325 2513 id
352 2476 447 2513 omni
478 2485 603 2513 conatu
638 2474 845 2512 tentandum
872 2490 878 2509 :
902 2474 954 2511 sin
982 2473 1034 2510 illi
1062 2473 1190 2524 corrigi
1212 2487 1272 2510 ne-

288 2546 433 2586 queant,
463 2536 634 2586 nobisque
652 2544 816 2584 noceant,
845 2533 1050 2571 exscindere
1069 2542 1104 2571 et
1121 2533 1273 2585 abjicere

289 2606 435 2647 oportet.
454 2598 545 2634 Hinc
573 2597 667 2634 enim
691 2597 744 2633 illi
769 2610 860 2648 saepe
883 2595 997 2646 magis
1024 2594 1270 2633 lucrabuntur.

95 2670 118 2689 1.
137 2661 208 2688 (ὐν.
223 2661 253 2691 8-
288 2656 394 2694 Unde
413 2657 543 2694 Paulus
574 2657 624 2694 sic
644 2657 806 2694 hortatur
827 2672 833 2692 :
857 2656 1025 2708 Algferte
1054 2656 1200 2693 malum
1226 2657 1273 2694 de

91 2704 254 2772 ignava.
291 2718 413 2754 medio
433 2726 621 2762 mestraim
642 2726 691 2766 et,
718 2719 768 2754 Ut
793 2717 958 2753 tollatur
986 2717 1032 2753 de
1060 2717 1184 2753 medio
1205 2730 1271 2754 ve-

289 2788 409 2816 strum
435 2781 500 2829 qui
532 2780 602 2815 hac
632 2792 723 2829 opus
744 2780 858 2830 fecit.
881 2778 1125 2815 Perniciosum
1158 2778 1272 2822 enim,

290 2839 527 2890 perniciosum
541 2839 661 2888 utique
677 2848 727 2875 est
742 2853 935 2890 pravorum
951 2838 1178 2876 consortium.
1195 2839 1273 2876 Non

289 2911 362 2938 tam
392 2902 461 2939 cito
495 2901 601 2952 pestis
633 2911 826 2951 grassatur,
855 2911 888 2938 ct
916 2902 1049 2939 scabies
1078 2901 1274 2953 corrumpit

94 2982 118 2999 1.
138 2969 208 3000 Cor.
228 2972 274 3000 15.
290 2962 351 2999 illa
384 2962 546 3007 affectos,
573 2969 611 2997 ut
635 2975 827 3012 pravorum
860 2962 1017 3012 nequitia
1040 2977 1047 2998 ε
1069 2976 1150 2999 nam
1180 2964 1273 3000 Cor-

92 3013 141 3042 33.
289 3031 469 3074 rumpunt
494 3024 609 3058 bonos
639 3035 759 3058 mores
791 3023 986 3074 colloquia
1017 3037 1152 3074 prava.
1185 3024 1273 3061 Pro-

91 3086 153 3112 ΙΝ·
170 3083 274 3121 5¹·st5·
289 3084 393 3135 pheta
417 3097 570 3132 quoque,
591 3083 834 3131 Egredimini
858 3084 904 3118 de
926 3085 1049 3120 medio
1070 3098 1212 3130 eornm,
1236 3093 1272 3121 et

288 3146 555 3196 segregmnini.
573 3144 686 3181 Nemo
709 3143 826 3192 itaque
855 3143 1016 3194 improbo
1037 3153 1156 3181 utatur
1174 3145 1270 3182 ami—

289 3220 340 3243 co.
361 3206 452 3243 Nam
469 3205 495 3242 si
514 3218 640 3256 pravos
670 3203 762 3240 filios
789 3203 1060 3253 exlio-edamus,
1078 3218 1188 3255 neque
1207 3219 1268 3242 na-

332 3351 344 3364 ss
367 3347 419 3379 τὴν
436 3348 564 3383 γνώμην.
584 3339 777 3383 Sus-pientur
794 3340 934 3373 Savilius
952 3340 1127 3383 legendum
1145 3347 1198 3380 τὴν
1215 3352 1290 3383 γνῶ-

292 3408 340 3426 σιν.
361 3395 399 3424 At
419 3400 535 3435 γνώμην
553 3396 649 3425 ctiam
668 3392 722 3426 hic
738 3401 816 3435 apte
832 3392 1019 3425 adhibetur.

1335 399 1491 451 γνώμην.
1513 399 1637 443 Οὐδεὶς
1658 398 1774 449 μέντοι
1801 401 1910 437 αὐτῶν
1934 399 2064 449 ἐτόλμα
2091 398 2178 451 ἅπερ
2198 399 2357 437 {godino

1336 463 1490 513 φανερῶς
1508 462 1627 507 εἰπεῖν,
1648 459 1724 497 οὐδὲ
1743 462 1776 497 ἐν
1799 459 1989 512 ἀποφάσει,
2012 461 2087 497 ἀλλ’
2117 461 2149 497 ἐν
2174 460 2354 511 ἀμφισὸη-

1335 521 1454 568 τήσει,
1478 524 1508 559 οἱ
1541 520 1601 571 μὲν
1629 520 1686 558 διὰ
1707 520 1746 558 τὸ
1772 520 2068 573 ἀπαρρησίαστον,
2100 523 2130 558 οἱ
2163 519 2197 558 δὲ
2217 520 2273 557 διὰ
2295 536 2355 572 <pt-

1336 582 1497 634 λαρχίαν.
1518 581 1662 633 Σχίσμα
1684 574 1740 619 οὖν
1760 574 1802 627 ἦν
1822 583 1855 618 ἐν
1879 583 2003 623 αὐτοῖς.
2023 583 2135 619 Τοῦτο
2159 580 2198 618 τὸ
2224 580 2356 632 σχίσμα

1338 645 1473 693 πρῶτον
1494 642 1622 694 ἤρξατο
1641 644 1674 679 ἐν
1694 644 1742 693 τῷ
1765 643 1857 694 λαῷ·
1879 635 1953 679 εἶτα
1979 640 2120 692 ὕστερον
2144 641 2202 678 καὶ
2232 643 2264 679 ἐν
2288 647 2357 683 τοῖς

1338 703 1495 754 ἄρχουσι.
1519 703 1588 741 Καὶ
1617 704 1646 741 οἳ
1668 702 1729 754 μὲν
1749 702 1877 753 ἔλεγον,
1898 701 1950 740 ὅτι
1971 701 2098 752 ἀγαθός
2118 704 2229 748 ἐστιν,
2261 702 2358 740 ἄλλοι

1338 762 1372 800 δὲ
1384 793 1393 810 ,
1413 763 1488 815 οὐχὶ
1503 794 1512 811 ,
1534 766 1609 801 ἀλλ’
1634 766 1752 815 ἀπατᾷ
1768 762 1824 800 τὸν
1842 763 1956 814 ὄχλον.
1975 761 2082 814 εΟρᾷἴς
2097 765 2170 805 πῶς
2190 761 2358 800 ἀσυνετώ-

1336 841 1428 877 τεροι
1456 828 1523 862 τῶν
1552 827 1689 863 πολλῶν
1717 827 1748 862 οἳ
1778 824 1941 877 ἄρχοντες
1973 823 2170 876 σχισθέντες
2199 823 2358 875 ὕστερον,

1338 884 1440 923 Ἀλλὰ
1471 885 1559 936 μετὰ
1586 886 1625 923 τὸ
1656 888 1842 937 σχισθῆναι
1871 884 1989 932 πάλιν,
2018 883 2113 922 οὐδὲν
2145 884 2360 929 ἐπεδείξαντο

1337 951 1503 995 γενναῖον,
1523 947 1669 998 ὁρῶντες
1687 943 1765 987 τοὺς
1786 943 2005 996 Φαρισαίους
2026 944 2272 995 ἐπικειμένους.
2298 943 2359 988 Ὡς

1338 1005 1369 1042 εἴ
1388 1021 1427 1056 γε
1447 1005 1560 1043 τέλεον
1581 1005 1857 1056 ἀπεσχίσθησαν,
1876 1004 2013 1056 ταχέως
2040 1004 2079 1042 ἂν
2099 1004 2161 1051 τὴν
2194 1005 2359 1051 ἀλήθειαν

1338 1064 1549 1113 ἐπέγνωσαν.
1580 1064 1683 1102 ’Έστι
1717 1065 1784 1116 γὰρ
1822 1068 2007 1116 σχισθῆναι
2045 1067 2171 1108 καλῶς.
2207 1067 2270 1104 Διὸ
2299 1065 2359 1103 καὶ

1339 1124 1438 1166 αὐτὸς
1454 1123 1569 1174 ἔλεγεν
1582 1151 1591 1168 ,
1611 1126 1687 1161 Οὐκ
1707 1119 1810 1170 ἦλθον
1834 1127 1949 1175 βαλεῖν
1966 1125 2104 1177 εἰρήνην
2127 1126 2184 1163 ἐπὶ
2203 1126 2264 1173 τὴν
2281 1130 2359 1178 γῆν,

1338 1183 1427 1222 ἀλλὰ
1457 1185 1647 1237 μάχαιραν.
1675 1184 1779 1223 ’Έστι
1798 1185 1865 1237 γὰρ
1885 1186 1944 1222 καὶ
1973 1186 2063 1232 κακὴ
2098 1186 2239 1236 ὁμόνοια
2255 1218 2264 1234 ,
2287 1188 2359 1226 ἔστι

1337 1245 1397 1282 καὶ
1417 1243 1506 1291 καλὴ
1528 1245 1708 1297 διαφωνία.
1740 1245 1809 1283 Καὶ
1833 1245 1899 1298 γὰρ
1927 1248 1957 1283 οἳ
1984 1246 2040 1284 τὸν
2063 1246 2190 1299 πύργον
2224 1249 2358 1285 οἰκοδο-

1339 1309 1503 1357 μοῦντες,
1532 1306 1738 1357 ὡμονόησαν
1765 1305 1822 1344 ἐπὶ
1852 1309 1950 1358 κακῷ
1981 1309 2030 1358 τῷ
2061 1308 2208 1344 ἑαυτῶν·
2241 1308 2301 1345 καὶ
2330 1311 2360 1346 οἱ

1338 1367 1435 1405 αὐτοὶ
1462 1361 1554 1405 οὗτοι
1581 1366 1700 1414 πάλιν,
1733 1367 1872 1409 ἄκοντες
1895 1366 1970 1418 μὲν,
1998 1367 2056 1405 ἐπὶ
2087 1368 2292 1420 συμφέροντι
2325 1368 2360 1407 δὲ

1337 1427 1431 1479 ὅμως
1451 1427 1674 1480 ἐσχίσθησαν.
1695 1428 1765 1466 Καὶ
1792 1430 1823 1465 οἱ
1851 1427 1930 1480 περὶ
1957 1427 2047 1481 Κορὲ
2069 1427 2104 1466 δὲ
2124 1432 2240 1472 κακῶς
2266 1432 2360 1480 ὡμο-

1337 1489 1478 1536 νόησαν,
1510 1488 1567 1526 διὰ
1593 1493 1693 1526 τοῦτο
1725 1490 1839 1531 καλῶς
1873 1488 2083 1540 ἐσχίσθησαν
2097 1504 2104 1512 ·
2142 1489 2201 1527 καὶ
2232 1490 2362 1534 Ἰούδας

1338 1550 1517 1601 ὣμονόησε
1535 1548 1623 1600 μετὰ
1640 1552 1708 1587 τῶν
1724 1549 1902 1587 Ἰουδαίων
1918 1553 2045 1593 κακῶς.
2066 1549 2188 1589 ’Έστιν
2208 1544 2265 1589 οῦν
2281 1567 2327 1602 ογ.
2331 1567 2361 1588 ι-

1339 1615 1461 1658 σθῆναι
1481 1613 1614 1658 καλῶς,
1635 1610 1694 1649 καὶ
1716 1610 1806 1648 ἔστιν
1828 1613 2015 1661 ὁμονοῆσαι
2035 1615 2162 1655 κακῶς.
2180 1611 2247 1649 Διὰ
2262 1611 2362 1650 τοῦτό

1340 1689 1442 1725 φησιν
1462 1688 1469 1696 ·
1494 1672 1579 1710 Ἐὰν
1600 1675 1617 1709 ὁ
1632 1671 1808 1723 ὀφθαλμός
1827 1688 1886 1709 σου
1907 1672 2116 1723 σκανδαλίζῃ
2135 1688 2194 1719 σε,
2216 1672 2360 1723 ἔκκοψον

1341 1732 1460 1771 αὐτόν·
1476 1732 1534 1770 ἐὰν
1551 1735 1568 1770 ὃ
1585 1737 1668 1775 ποῦς
1683 1747 1741 1770 σου
1754 1761 1763 1778 ,
1779 1731 1902 1782 ἔκτεμε
1918 1732 2030 1770 αὐτόν.
2046 1734 2090 1770 Εἰ
2106 1731 2141 1770 δὲ
2156 1732 2225 1770 ἀπὸ
2240 1732 2362 1783 μέλους

1342 1794 1591 1846 ἀποσχίζεσθαι
1609 1792 1678 1845 χρὴ
1696 1796 1813 1836 κακῶς
1830 1793 2069 1844 συνημμένου,
2084 1795 2121 1831 οὐ
2137 1795 2256 1846 πολλῷ
2272 1796 2361 1844 μᾶλ-

1340 1856 1397 1893 λον
1419 1855 1488 1893 ἀπὸ
1504 1854 1611 1906 φίλων
1630 1856 1747 1897 κακῶς
1765 1853 1952 1904 ἡνωμένων
1968 1858 2052 1905 ἡμῖν
2068 1853 2205 1902 ;”Ωστε
2223 1857 2260 1893 οὐ
2274 1871 2361 1893 παν-

1340 1921 1449 1968 ταχοῦ
1468 1916 1608 1967 ὁμόνοια
1623 1915 1740 1963 καλὸν,
1756 1914 1873 1968 ὥσπερ
1887 1908 1943 1953 οῦν
1961 1914 2037 1954 οὐδὲ
2051 1921 2230 1968 πανταχοῦ
2243 1921 2264 1964 ἡ
2289 1917 2360 1954 διά-

1341 1994 1461 2021 στασις
1476 1977 1596 2016 κακόν.

1392 2049 1517 2085 Ταῦτα
1543 2045 1653 2098 λέγω,
1673 2046 1729 2083 ἵνα
1746 2045 1923 2098 φεύγωμεν
1938 2045 2107 2098 πονηροὺς
2120 2076 2130 2094 ,
2145 2045 2205 2085 καὶ
2226 2045 2362 2085 διώκω-

1343 2124 1404 2159 μεν
1433 2107 1589 2159 ἀγαθούς.
1616 2109 1656 2144 Εἰ
1678 2106 1745 2158 γὰρ
1777 2109 1811 2144 ἐν
1834 2113 1905 2149 τοῖς
1927 2107 2046 2156 μέλεσι
2065 2106 2104 2145 τὸ
2129 2107 2278 2155 σεσηπὸς
2303 2109 2363 2146 καὶ

1343 2169 1490 2211 ἀνιάτως
1510 2168 1587 2219 ἔχον
1605 2167 1833 2218 ἐκκόπτομεν,
1849 2167 2055 2220 φοῧούμενοι
2080 2167 2127 2218 μὴ
2152 2168 2212 2205 καὶ
2231 2168 2269 2206 τὸ
2289 2170 2363 2207 λοι-

1341 2229 1404 2268 πὸν
1423 2228 1485 2276 τὴν
1503 2228 1607 2274 αὐτὴν
1622 2227 1735 2278 λύμην
1761 2226 1968 2273 ὑποδέξηται
1989 2231 2111 2278 σῶμα·
2127 2228 2186 2265 καὶ
2199 2234 2362 2279 ποιοῦμεν

1341 2295 1461 2337 τοῦτο,
1485 2292 1546 2327 οὐκ
1570 2288 1699 2326 ἐκείνου
1724 2292 2035 2340 καταφρονοῦντες,
2067 2289 2157 2326 ἀλλὰ
2183 2289 2222 2327 τὸ
2244 2289 2363 2327 λοιπὸν

1342 2350 1548 2403 διαφυλάξαι
1565 2349 1765 2401 βουλόμενοι
1783 2363 1791 2371 ·
1811 2348 1908 2400 πόσῳ
1931 2351 2061 2399 μᾶλλον
2078 2349 2136 2387 ἐπὶ
2155 2352 2222 2387 τῶν
2244 2350 2363 2389 συνόν-

1342 2428 1409 2450 των
1431 2416 1515 2462 ἡμῖν
1544 2410 1602 2448 ἐπὶ
1627 2408 1733 2462 κακίᾳ
1759 2412 1860 2447 τοῦτο
1887 2409 2051 2461 πράττειν
2081 2412 2288 2461 ἀναγκαῖον,
2318 2412 2363 2449 Εἰ

1345 2473 1406 2524 μὲν
1434 2472 1502 2524 γὰρ
1531 2470 1703 2520 δυνάμεθα
1729 2468 1906 2513 κάκείνους
1938 2471 2146 2522 διορθῶσαι,
2176 2469 2235 2508 καὶ
2268 2471 2363 2509 αὐτοὶ

1346 2534 1393 2585 μὴ
1413 2532 1705 2586 παραὸλαίῆναι,
1725 2529 1840 2568 πάντα
1861 2536 1970 2568 ποιεῖν
1994 2529 2064 2583 χρή
2082 2546 2089 2554 ·
2111 2533 2140 2568 εἷ
2160 2530 2194 2569 δὲ
2211 2534 2362 2570 κάκεῖνοι

1345 2594 1476 2646 μένοιεν
1498 2592 1717 2644 ἀδιόρθωτοι,
1743 2589 1802 2628 καὶ
1823 2595 1917 2641 ἡμᾶς
1936 2591 2233 2644 παραὸλοίπτοιεν,
2263 2591 2364 2631 ἐκκό-

1343 2671 1441 2693 πτειν
1472 2652 1592 2696 αὖτοῦς
1623 2652 1681 2689 καὶ
1709 2651 1839 2703 ῥίπτειν
1862 2654 2060 2702 ἀναγκαῖον.
2087 2652 2263 2696 Πολλάκις
2295 2653 2363 2706 γὰρ

1344 2715 1433 2754 οὕτω
1450 2714 1676 2767 1’κερδανοῦσι
1698 2714 1840 2762 μᾶλλον.
1870 2712 1933 2749 Διὸ
1947 2712 2006 2750 καὶ
2022 2714 2162 2756 Παῦλος
2176 2712 2265 2750 οὕτω
2287 2730 2361 2751 πα-

1348 2777 1441 2830 ρῄνει
1459 2775 1568 2826 λέγων
1582 2789 1589 2796 ·
1611 2773 1680 2811 Καὶ
1709 2772 1859 2824 ἐξαρεῑτε
1880 2773 1938 2810 τὸν
1966 2773 2114 2825 πονηρὸν
2135 2772 2167 2816 ἐξ
2183 2775 2279 2822 ὑμῶν
2305 2775 2363 2811 αὖ·

1344 2840 1412 2874 τῶν
1427 2852 1434 2859 ·
1451 2835 1527 2882 καὶ,
1541 2834 1620 2872 Ἵνα
1638 2833 1761 2885 ἐξαρθῇ
1780 2835 1818 2870 ἐκ
1836 2832 1940 2882 μέσου
1957 2835 2052 2882 ὑμῶν
2069 2836 2086 2870 ὁ
2100 2833 2138 2870 τὸ
2153 2833 2249 2885 ἔργον
2266 2838 2365 2871 τοῦτο

1345 2898 1493 2944 ποιήσας
1528 2895 1644 2933 Δεινὸν
1661 2894 1746 2946 γὰρ,
1773 2894 1879 2931 δεινὸν
1903 2894 2065 2931 συνουσία
2094 2898 2266 2947 πονηρῶν.
2286 2898 2365 2947 Οὐχ

1346 2959 1434 2997 οὕτω
1455 2957 1590 3009 ταχέως
1613 2955 1732 3006 λοιμὸς
1759 2955 1925 3001 ἅπτεται,
1956 2954 2015 2992 καὶ
2048 2954 2149 3007 ψώρα
2178 2956 2365 3009 διαφθείρει

1344 3019 1421 3063 τοὺς
1439 3016 1764 3071 ἀναχρωννυμένους
1777 3045 1786 3062 ,
1811 3014 1888 3058 τοὺς
1910 3018 1959 3067 τῷ
1978 3015 2149 3066 νοσήματι
2169 3015 2364 3067 κατεχομέ-

1343 3097 1435 3125 νους,
1456 3083 1502 3124 ὡς
1515 3084 1536 3126 ἡ
1552 3081 1619 3116 τῶν
1637 3079 1795 3129 πονηρῶν
1811 3076 1916 3114 κακία
1933 3077 2076 3129 ἀνδρῶν.
2093 3075 2280 3128 Φθείρουσι
2295 3075 2362 3127 γὰρ

1343 3143 1409 3190 ἤθη
1435 3139 1572 3194 χρηστὰ
1599 3138 1733 3190 ὁμιλίαι
1754 3137 1870 3176 κακαί.
1902 3138 1972 3176 Καὶ
1996 3141 2012 3175 ὃ
2033 3137 2211 3189 προφήτης
2244 3138 2362 3184 πάλιν,

1343 3203 1520 3248 Ἔξέλθετε
1548 3203 1587 3239 ἐκ
1613 3200 1717 3252 μέσου
1746 3201 1870 3246 αὐτῶν,
1904 3199 1963 3237 καὶ
1983 3198 2200 3252 ἀφορίσθητε.
2230 3197 2363 3244 Μηδεὶς

1404 3343 1419 3364 1’
1443 3340 1504 3372 Alii
1519 3342 1708 3384 κερδαίνουσι.
