2481 3678
632 234 915 264 n<JoxanM
954 233 1107 263 ηοΜη..
1147 230 1308 261 xxxus.
1347 213 1406 258 al.

1446 215 2146 258 xxxu1.231

81 332 179 368 σαοι,
196 321 294 355 τοῦτο
313 321 334 363 ἡ
365 315 483 390 ἀγάπη
517 318 675 366 ψυγεῐσα.
708 315 876 368 Καθάπερ
895 315 962 388 γὰρ
993 316 1095 362 σῶμα
1123 314 1146 345 C
1173 309 1282 347 mittit
1298 322 1375 358 quae
1396 321 1439 344 ex
1454 316 1545 344 tecto
1562 315 1594 343 et
1616 320 1659 343 ex
1679 305 1874 357 parietibus
1896 306 2079 344 deridunt:
2105 310 2154 346 511

79 380 332 431 ψυχορραγοῦν,
350 377 409 414 καὶ
431 374 530 427 ἐγγυς
546 375 581 413 ὂν
597 378 658 422 τῆς
677 379 851 423 τελευτῆς,
874 375 999 427 μυρίας
1025 377 1097 412 ἐπι-

79 445 210 476 σπᾶται
229 436 398 480 κακώσεις
409 453 416 460 ·
436 436 495 474 καὶ
512 435 620 479 οἰκίας
644 436 837 486 μελλούσης
850 435 1095 480 καταπίπτειν,

78 500 191 537 πολλὰ
208 499 417 552 προπίπτειν
436 497 534 535 εἴωθε
556 498 615 535 καὶ
636 498 705 536 ἀπὸ
726 501 788 543 τῆς
803 499 931 548 ὀροφῆς
951 495 1011 532 καὶ
1027 494 1096 532 ἀπὸ

77 563 145 597 τῶν
162 560 306 612 τοίχων·
334 558 423 597 οὕτω
451 559 510 596 καὶ
531 561 593 605 τῆς
618 557 819 608 οἰκουμένης
840 555 938 607 ἐγγὺς
956 555 1015 593 καὶ
1039 553 1096 592 ἐπὶ

77 620 195 673 θύραις
221 620 364 667 ἕστηκεν
383 624 405 667 ἧ
426 620 619 667 συντέλεια,
639 619 699 658 καὶ
725 619 780 657 διὰ
801 622 900 656 τοῦτο
919 616 964 654 τὰ
989 615 1096 669 μυρία

77 681 283 733 διέσπαρται
301 686 480 733 πανταχοῦ
505 680 608 718 κακά.
630 681 674 718 Εἰ
688 678 755 731 γὰρ
768 678 846 716 τότε
861 681 878 715 ὃ
897 676 1022 729 Κύριος
1042 679 1096 728 ἔγ-

76 741 135 792 γὺς
147 772 156 789 ,
176 743 294 793 πολλῷ
311 743 441 791 μᾶλλον
459 745 516 779 νῦν
539 739 650 792 ἐγγύς.
666 741 712 777 Εἰ
737 738 805 790 πρὸ
836 737 852 757 ¹'
863 737 1096 788 τετρακοσίων

78 805 162 841 ἐτῶν
178 803 235 842 ὅτε
251 806 359 840 ταῦτα
380 802 527 852 ἐλέγετο,
543 800 602 838 καὶ
621 800 799 853 πλήρωμα
811 801 879 836 τῶν
891 798 1025 850 χρόνων
1039 798 1096 836 τὸν

78 864 197 917 καιρὸν
227 866 354 902 ἐκεῖνον
383 865 400 900 ὁ
428 864 568 905 Παῦλος
595 860 728 908 ἐκάλει,
750 861 869 912 πολλῷ
890 861 1019 911 μᾶλλον
1041 860 1099 898 τὸν

76 925 242 977 παρόντα.
260 923 351 962 Ἀλλ’
378 923 460 966 ἴσως
485 923 528 959 δι’
548 922 629 961 αὐτὸ
661 926 761 960 τοῦτο
795 920 980 960 ἀπιστοῦσί
999 937 1098 965 τινες.

76 984 145 1023 Καὶ
169 985 237 1035 μὴν
253 983 309 1022 διὰ
330 988 430 1022 τοῦτο
452 982 625 1021 πιστεύειν
643 982 713 1035 χρὴ
743 984 886 1033 μᾶλλον.
907 982 1019 1022 Πόθεν
1033 982 1100 1035 γὰρ

75 1040 187 1093 οἶδας,
204 1045 376 1098 ἄνθρωπε,
387 1045 441 1083 ὅτι
456 1046 518 1083 οὐκ
532 1043 632 1096 ἐγγὺς
645 1044 685 1082 τὸ
699 1042 813 1091 τέλος,
829 1043 889 1082 καὶ
906 1044 994 1095 μετὰ
1013 1047 1101 1097 βρα-

75 1106 137 1158 χὺν
171 1106 293 1158 χρόνον
324 1106 564 1152 ἀπαντήσεται
590 1104 636 1142 τὰ
664 1103 849 1155 εἰρημένα,
866 1103 1009 1157 εὨσπερ
1032 1104 1100 1157 γὰρ

73 1173 132 1206 τοῦ
160 1170 315 1206 ἐνιαυτοῦ
334 1166 448 1212 τέλος,
477 1168 514 1204 οὐ
539 1164 602 1212 τὴν
625 1164 776 1216 ἐσχάτην
793 1165 928 1218 ἡμέραν
950 1164 1097 1216 λέγομεν

76 1221 182 1275 εἶναι,
202 1227 292 1266 ἀλλὰ
320 1227 379 1265 καὶ
404 1227 461 1265 τὸν
482 1226 628 1278 ἔσχατον
658 1229 771 1277 μῆνα,
794 1226 907 1264 καίτοι
935 1242 974 1278 γε
1000 1227 1098 1278 τριά-

75 1304 180 1326 κοντα
198 1288 332 1341 ἡμέρας
352 1288 476 1339 ἔχοντα
489 1303 496 1309 ·
519 1286 609 1324 οὕτω
638 1286 698 1324 καὶ
725 1288 793 1324 τῶν
822 1286 995 1325 τοσούτων
1013 1289 1098 1326 ἐτῶν

75 1350 138 1387 κᾶν
166 1349 376 1402 τετρακόσια
403 1348 462 1395 ἔτη
486 1347 585 1391 τέλος
605 1347 711 1395 εἴπω,
743 1351 809 1400 οὐχ
834 1347 1098 1399 ἁμαρτήσομαι.

76 1411 185 1450 τΏστε
203 1410 320 1449 ἔκτοτε
334 1408 570 1463 προανεφώνει
588 1409 628 1447 τὸ
650 1409 757 1452 τέλος.
776 1408 1019 1459 Συστείλωμεν
1040 1403 1098 1446 οὖν

76 1471 236 1519 ἑαυτοὺς,
258 1471 523 1524 ἓντρυφῆσωμεν
543 1473 593 1522 τῷ
617 1469 714 1522 φόέῳ
732 1473 791 1508 τοῦ
813 1471 917 1508 Θεοῦ.
941 1470 1012 1507 Καὶ
1031 1469 1099 1523 γὰρ

75 1535 108 1571 ἐν
131 1533 230 1585 ἀδείᾳ
245 1531 492 1584 διατριὸόντων
506 1534 622 1582 ἡμῶν,
646 1533 683 1568 οὐ
699 1531 830 1583 σφόδρα
851 1530 1098 1583 μεριμνώντων

74 1593 148 1633 οὐδὲ
168 1591 455 1646 προσδοκώντων,
483 1590 708 1637 ἐπιστήσεται
737 1591 859 1644 ἀθρόον
875 1595 896 1637 ἡ
913 1591 1100 1644 παρουσία.

74 1655 144 1694 Καὶ
180 1658 280 1693 τοῦτο
309 1654 422 1700 δηλῶν
439 1656 457 1691 ὃ
476 1653 627 1706 Χριστὸς
649 1652 781 1704 ἔλεγεν·
805 1651 942 1705 υΩσπερ
967 1651 1036 1706 γὰρ
1066 1655 1099 1692 ἐν

73 1722 148 1760 ταῖς
165 1715 315 1767 ἡμέραις
334 1719 393 1753 τοῦ
415 1716 496 1753 Νῶε
508 1745 517 1762 ,
530 1714 591 1752 καὶ
607 1716 640 1752 ἓν
662 1719 738 1757 ταῖς
753 1713 903 1766 ἡμέραις
919 1717 978 1751 τοῦ
994 1713 1098 1764 Λὼτ,

73 1778 179 1821 οὕτως
194 1777 292 1815 ἔσται
320 1777 380 1814 καὶ
401 1778 434 1814 ἐν
462 1778 505 1822 τῇ
539 1774 718 1828 συντελείᾳ
732 1778 796 1812 τοῦ
824 1776 946 1818 αἰῶνος
965 1775 1096 1813 τούτου.

71 1840 184 1877 Τοῦτο
202 1837 261 1876 καὶ
283 1840 301 1875 ὁ
321 1838 462 1880 Παῦλος
476 1837 590 1883 δηλῶν
605 1835 718 1888 ἔλεγεν
730 1851 738 1858 ·
752 1835 866 1874 εὈταν

73 1899 191 1952 εἰρήνη
208 1898 267 1936 καὶ
283 1897 474 1950 ἀσφάλεια,
496 1897 574 1935 τότε
598 1897 764 1949 αἰφνίδιος
786 1899 900 1940 αὐτοῖς
916 1896 1098 1949 ἐφίσταται

71 1961 225 2013 ὄλεθρος,
245 1959 306 1997 καὶ
325 1958 444 2011 ὥσπερ
462 1961 484 2004 ἧ
513 1959 594 1996 ὠδὶν
619 1962 661 2010 τῇ
692 1961 726 1996 ἐν
750 1958 876 2011 γαστρὶ
892 1957 1030 2010 ἐχούσῃ.
1051 1959 1099 1997 Τί

72 2023 163 2059 ἔστιν
185 2019 231 2057 ‘H
248 2019 330 2056 ὠδὶν
345 2020 388 2069 τῇ
407 2021 440 2057 ἐν
455 2017 580 2070 γαστρὶ
599 2017 934 2070 ἐχούσῃ;Πολλοίκις
949 2021 986 2056 αἱ
1002 2019 1101 2058 κύου-

886 1835 920 1874 δὲ
937 1836 1096 1888 λέγωσιν,

72 2096 131 2118 σαι
156 2086 314 2155 γυναῖκες
344 2078 531 2122 παίζουσαι
560 2077 582 2124 ἢ
604 2078 948 2130 ἀριστοποιοῦσαι,ἢ
968 2082 1001 2118 ἐν
1034 2082 1096 2131 βα-

71 2145 92 2180 λ
97 2141 216 2193 ανείῳ,
238 2142 260 2187 ἢ
277 2143 310 2179 ἐν
336 2143 446 2193 ἀγορᾶ
476 2139 681 2191 διάγουσαι,
706 2139 800 2179 οὐδέν
818 2143 886 2178 τῶν
903 2140 1099 2191 μελλόντων

70 2201 336 2277 προορώμεναι,
355 2201 426 2239 υπὸ
450 2204 513 2247 τῆς
534 2200 654 2248 ὀδύνης
671 2171 943 2253 κατεσχέθησαν
964 2201 1099 2254 ἀθρόον.

70 2263 171 2301 Ἐπει
188 2266 244 2301 οὐν
276 2266 419 2301 τοιαῦτα
439 2279 499 2301 και
530 2262 575 2301 τὰ
602 2263 776 2316 ἡμέτερα,
792 2265 886 2313 ὠμεν
915 2262 969 2300 ἀεὶ
990 2279 1125 2315 παρέ-η
1111 2291 1157 2316 210

1122 2329 1148 2358 Α
1173 2328 1293 2352 omnes
1313 2314 1557 2366 impetremus,
1584 2311 1697 2379 glatia
1719 2321 1752 2349 et
1774 2311 1993 2379 benignitate
2016 2310 2162 2348 Domini

71 2339 101 2362 cz
100 2339 246 2374 ,ευασμε
239 2323 313 2362 ’νοι.
329 2326 411 2362 Οὐ·
401 2323 468 2376 γὰρ
495 2323 547 2362 ἀει
569 2326 682 2362 ταῦτα
707 2323 945 2375 ἀκουσόμεθα·
962 2327 1023 2363 οὐκ
1041 2326 1096 2364 ἀει

70 2383 199 2422 τούτων
232 2384 385 2429 ἐξουσίαν
410 2384 544 2435 ἕξομεν.
563 2384 625 2423 Ἐν
645 2384 712 2437 γὰρ
740 2388 789 2437 τῷ
812 2385 899 2438 ᾅδῃ,
920 2386 1023 2436 φησὶ,
1045 2403 1097 2430 τις

70 2445 358 2497 ἑξομολογήσεταί
377 2461 453 2492 σοι;
475 2447 610 2484 Οὐκοῦν
639 2448 786 2484 ἐνταῦθα
815 2445 1096 2497 μετανοήσωμεν,

71 2505 128 2542 ἵνα
143 2522 248 2549 ουτως
268 2506 304 2543 ι’)
307 2522 352 2543 εω
366 2522 422 2543 τον
445 2505 573 2544 Θεὸν”
555 2522 570 2543 ε
572 2521 691 2557 Ᾰο1μεν
708 2506 800 2544 κατὰ
818 2505 880 2553 τὴν
903 2507 1095 2557 μελλουσαν

71 2583 101 2609 η
98 2566 218 2618 μέραν,
234 2582 293 2604 και
306 2567 418 2604 now?
388 2582 438 2612 ης
450 2567 547 2604 απαλ
549 2568 654 2604 αῦσαι
667 2566 725 2603 ουν
728 2568 867 2617 ηθωμεν
879 2566 1095 2641 συγγνώμης

71 2642 112 2671 ης
131 2627 262 2677 γένοιτο
282 2642 374 2665 παντ
377 2643 416 2669 ας
434 2630 529 2677 ημας
550 2628 739 2678 ἐπιτυχεῖν,
753 2626 875 2679 χάριτι
898 2627 958 2665 καὶ
975 2630 1098 2680 φιλαν-

72 2687 208 2741 θρωπια
230 2691 289 2727 τοῦ
318 2688 481 2740 Κύριου
465 2704 565 2738 ημων
586 2687 703 2735 Ἰησοῦ
721 2689 894 2762 Χριστοῦ,
911 2692 940 2726 ὡ
966 2692 988 2735 ἢ
1017 2688 1098 2733 δόξα

72 2764 130 2787 και
152 2765 191 2786 το
206 2749 332 2800 κράτος
347 2750 394 2791 εἰς
409 2764 486 2791 τους
501 2750 628 2792 αἷωνας
647 2751 716 2786 τῶν
733 2747 880 2787 αἰώνων.
904 2749 1024 2800 Ἀμήν.

116 2878 132 2901 b
148 2876 262 2909 Morel.
293 2883 511 2921 τετρακοσίων,
541 2876 644 2910 Savil.
671 2883 864 2922 τριακοσίων,
891 2886 925 2910 et
948 2879 994 2910 sic
1017 2877 1084 2911 (1110

70 2930 299 2970 Mauuseripti,
319 2930 361 2961 At
377 2929 487 2971 plures
505 2936 707 2975 τετρακοσίων
723 2929 859 2963 habent.
879 2931 970 2973 [Mox
982 2930 1082 2964 Savil.

1173 367 1428 408 consummatio
1446 366 1570 404 orbis
1555 380 1631 417 Jam
1653 379 1762 432 prope
1785 374 1818 403 et
1844 379 1907 417 pro
1923 366 2057 403 finibus
2081 379 2153 406 051.

1172 429 1251 467 ideo
1265 427 1359 466 mala
1377 426 1562 477 undique
1552 440 1669 478 ipsum
1693 425 1881 465 111131111111
1904 428 1995 465 Nam
2014 427 2043 464 si
2074 438 2158 466 tunc.

1173 488 1349 526 Dominus
1367 501 1477 540 prope
1493 495 1577 535 erat,
1591 485 1704 523 multo
1724 485 1837 537 magis
1852 498 1946 523 nunc
1960 500 2069 538 prope
2090 498 2150 525 est.

1173 549 1211 588 Si
1230 557 1310 587 ante
1325 547 1600 599 quadringentos
1620 560 1729 585 annos
1748 561 1830 584 cum
1854 547 1929 584 haee
1946 546 2157 597 dicerentur,

1175 620 1314 662 tempus
1328 609 1422 648 illud
1442 607 1700 660 plenitudinem
1718 617 1919 660 temporum
1941 608 2074 646 Paulus
2096 624 2158 647 vo-

1173 671 1287 720 cabat,
1301 670 1415 708 multo
1428 669 1542 720 magis
1561 683 1712 721 praesens
1724 678 1864 721 tempus
1879 669 1928 707 ita
1943 669 2157 708 vocandum.

1174 734 1218 770 At
1232 732 1390 771 fortassis
1408 731 1488 769 ideo
1504 729 1651 781 quidam
1674 743 1743 767 non
1761 728 1919 767 credunt.
1947 730 2054 781 Atqui
2079 730 2158 769 ideo

1172 794 1286 846 magis
1302 792 1528 831 credendum.
1550 790 1656 829 Unde
1672 789 1776 838 nosti,
1791 790 1841 827 mi
1862 790 1981 839 homo,
1998 790 2107 829 finem
2126 802 2159 829 et

1173 854 1386 907 supradicta
1412 867 1481 891 non
1500 865 1611 905 prope
1633 851 1734 889 essesj
1762 851 1863 889 Certe
1885 859 1924 887 ut
1942 852 2025 888 anni
2050 852 2158 890 finem

1173 929 1242 953 non
1263 915 1358 953 diem
1373 914 1541 952 ultimum
1565 912 1719 950 dicimus
1743 925 1827 961 esse,
1858 911 1920 950 sed
1945 911 2051 950 etiam
2078 913 2160 951 ulti—

1174 991 1274 1015 mum
1290 991 1462 1027 mensem,
1479 986 1512 1013 et
1531 975 1560 1013 si
1575 973 1719 1026 triginta
1739 973 1881 1011 dierum
1899 974 1961 1011 sit:
1983 974 2032 1012 ita
2057 975 2086 1012 si
2109 984 2161 1014 tot

1173 1052 1348 1077 annorum
1372 1034 1761 1088 quadringentesimum
1789 1048 1864 1072 esse
1890 1034 1998 1072 finem
2025 1034 2160 1072 dixeri-

1174 1113 1266 1148 mus,
1289 1112 1358 1136 non
1371 1096 1630 1135 aberrabimus.
1645 1095 1852 1147 Itaquejam
1875 1104 1960 1132 tunc
1977 1095 2038 1132 1110
2052 1096 2158 1134 finem

1174 1158 1437 1211 praenuntiavit.
1462 1159 1691 1195 Coerceamus
1707 1155 1818 1207 igitur
1832 1169 1896 1193 nos
1919 1156 2014 1207 ipsos
2034 1172 2041 1192 ε
2064 1157 2160 1194 laete-

1173 1233 1256 1257 mur
1270 1219 1306 1256 in
1324 1219 1450 1256 timore
1462 1218 1541 1256 Dei.
1559 1216 1700 1254 Etenim
1713 1216 1816 1253 nobis
1835 1216 2067 1254 cumlicentia
2081 1232 2161 1255 ver-

1174 1280 1423 1323 santibus‚non
1435 1278 1541 1317 valde
1553 1276 1776 1329 curantibus,
1784 1291 1853 1314 non
1861 1278 2159 1329 exspectantibus,

1172 1350 1315 1393 repente
1324 1339 1438 1378 aderit
1450 1339 1517 1378 Dei
1529 1338 1702 1377 adventus
1716 1354 1723 1374 :
1737 1337 1832 1389 quod
1843 1338 1871 1375 si
1875 1337 2047 1390 gnificans
2060 1338 2161 1376 Chri-

1174 1411 1248 1439 stus
1267 1400 1429 1439 dicebat:
1453 1401 1558 1438 Sicut
1577 1400 1851 1452 enimsactum
1877 1408 1934 1436 est
1959 1402 2000 1436 in
2027 1400 2160 1438 diebus
2174 1420 2288 1448 Manh.
2309 1417 2347 1458 24

1206 1465 1270 1508 ⁷08,
1282 1471 1319 1500 et
1331 1466 1371 1499 in
1386 1463 1520 1498 diebus
1530 1462 1616 1506 Lot,
1631 1462 1686 1497 sie
1698 1463 1767 1497 erit
1781 1462 1823 1496 in
1832 1464 2160 1499 consummatione
2175 1461 2226 1499 57·

1174 1524 1306 1561 soeculi
1318 1525 1446 1575 hujus.
1464 1521 1540 1558 Hoc
1548 1530 1581 1558 et
1593 1520 1728 1557 Paulus
1739 1520 1788 1557 sic
1798 1519 1951 1558 declarat
1967 1537 1974 1556 :
1995 1522 2091 1559 Cum
2103 1523 2160 1559 di-

1173 1586 1315 1630 xerint,
1336 1584 1427 1620 Pax
1441 1590 1478 1619 et
1491 1584 1783 1629 securitas,tunc
1796 1583 2015 1631 repentinus
2027 1585 2080 1619 eis
2100 1596 2161 1620 su-
2177 1590 2209 1619 3.

1170 1646 1365 1696 perveniet
1378 1644 1566 1692 interitus,
1577 1644 1676 1680 sicut
1686 1642 1845 1678 dolorin
1856 1649 1961 1679 utero
1972 1642 2162 1680 habentis.

1174 1704 1274 1752 Quid
1284 1714 1335 1742 est
1349 1705 1475 1742 Dolor
1487 1707 1529 1741 in
1541 1712 1648 1741 utero
1658 1704 1836 1740 habentis
1845 1702 1969 1754 9Saepe
1979 1716 2164 1754 praegnan-

1174 1775 1226 1804 tes
1240 1765 1418 1813 mulieres,
1440 1764 1528 1802 dum
1546 1763 1691 1815 ludunt,
1712 1762 1898 1815 prandent,
1919 1762 1955 1800 in
1970 1763 2110 1814 balneo,
2128 1764 2164 1802 in

1124 1845 1147 1874 13
1174 1827 1251 1865 foro
1281 1836 1377 1877 sunt,
1398 1826 1442 1864 de
1463 1827 1583 1864 futuro
1616 1824 1710 1863 nihil
1738 1823 1945 1875 cogitantes,
1971 1825 2164 1876 repentinis

1174 1888 1394 1927 invaduntur
1413 1887 1612 1925 doloribus.
1633 1886 1726 1924 Cum
1753 1899 1836 1937 ergo
1855 1884 2015 1937 ejusdem
2042 1886 2163 1924 condi-

1173 1949 1280 1987 tionis
1297 1963 1353 1987 res
1367 1957 1496 1986 nostrae
1525 1947 1607 1996 sint,
1638 1947 1749 1984 simus
1775 1960 1912 1998 semper
1928 1947 2056 1998 parati.
2082 1948 2162 1984 Non

1173 2009 1268 2047 enim
1286 2023 1423 2061 semper
1440 2008 1517 2046 haee
1537 2007 1736 2056 audiemus,
1753 2021 1824 2044 non
1836 2021 1974 2060 semper
1992 2007 2084 2045 hane
2099 2022 2161 2060 po-

1173 2080 1334 2108 testatem
1344 2069 1625 2107 habebimuan
1640 2069 1808 2119 inferno,
1825 2068 1955 2119 inquit,
1973 2071 2058 2120 quis
2073 2082 2162 2106 con·
2179 2080 2265 2108 Psal.
2284 2078 2313 2108 6.
2331 2080 2362 2109 8.

1168 2133 1346 2184 fitebitur
1365 2133 1460 2169 tibi?
1489 2130 1558 2167 Hie
1585 2129 1703 2180 itaque
1728 2129 1971 2181 poenitentiam
1996 2144 2162 2181 agamus,

1174 2202 1213 2230 ut
1232 2193 1282 2231 sic
1295 2193 1413 2230 Deum
1426 2191 1624 2260 propitium
1639 2190 1845 2273 habeamus,
1870 2204 1911 2227 30
1937 2190 2079 2242 plenam
2102 2189 2163 2227 de-

1173 2254 1339 2292 1101011111]
1367 2253 1510 2292 veniam
1544 2265 1801 2302 consequamur
1835 2265 1983 2301 qtziam
2027 2251 2162 2288 utinam

1173 2375 1284 2413 nostri
1303 2377 1387 2414 Jesu
1409 2374 1557 2421 Christi,
1582 2387 1636 2411 0111
1630 2372 1764 2425 '·g101ia
1783 2382 1817 2410 et
1830 2371 2021 2424 imperium
2040 2371 2076 2409 in
2097 2384 2160 2408 533-

1174 2436 1252 2474 01113
1267 2436 1490 2474 saeculorum.
1509 2436 1630 2472 Amen.

1152 2886 1184 2911 et
1201 2877 1310 2912 Codd.
1330 2878 1435 2911 nostri
1453 2882 1606 2924 πλήρωμα
1622 2877 1690 2909 siue
1705 2877 1784 2919 Μὰ]

2182 1558 2205 1576 1.
2216 1548 2319 1575 Thess.
2330 1546 2362 1576 5.
