2507 3673
851 187 892 215 m·
932 186 1238 228 cusnimiraiuu,
1279 187 1380 217 ETc.

2069 179 2161 241 8⁷39

83 274 159 303 tem
177 265 276 314 styli
287 295 300 312 ,
323 267 469 317 ingenii
495 273 531 302 et
554 265 742 304 doctrinm
765 269 937 318 paritate
956 275 1185 318 compenset.
1206 267 1301 305 Male
1319 277 1410 305 certe
1428 269 1688 320 perelegantem
1719 270 1807 308 dicit
1827 274 2040 322 orationem,
2059 289 2157 325 quae,

80 329 259 380 pra-‘cipue
278 343 297 366 a
314 327 432 365 medio
453 326 499 364 ad
530 327 635 365 finem
647 359 658 379 ,
681 338 732 366 est
759 338 831 367 tota
851 339 1009 367 contorta
1035 339 1069 367 et
1086 330 1234 367 salebris
1260 330 1364 381 plena
1377 345 1388 379 3
1409 331 1622 381 loquacitate
1641 346 1726 370 vero
1757 342 1791 371 et
1824 336 2094 386 repetitionibus
2113 337 2161 375 ad

80 403 247 428 nauseam
261 404 371 441 usque
385 390 654 429 occurrentibus
667 390 855 429 redundat.
870 394 899 430 A
919 392 1013 444 stylo
1036 391 1282 444 Chrysostomi
1296 406 1442 443 prorsus
1461 394 1629 430 abhorret
1642 423 1653 443 ,
1674 394 1722 431 ita
1738 404 1776 432 ut
1794 409 1856 433 nec
1875 397 1966 434 inter
1982 399 2160 450 ἀμφιέαλ-

78 452 209 504 λόμενα
227 451 402 490 accenseri
423 462 551 490 mereat
559 468 620 502 ur,
644 463 682 492 ut
701 455 921 493 existimabit
951 454 1052 492 haud
1068 454 1178 492 dubie
1202 453 1363 504 quisquis
1394 455 1641 507 Chrysostomi
1660 457 1836 495 orationes
1856 459 1912 496 vel
1943 460 2160 510 primoribus

78 515 190 552 labris
210 515 366 567 attigerit
387 530 395 551 ε
416 529 458 552 ac
479 515 536 553 vel
560 529 604 553 ex
632 516 708 569 ipso
728 517 896 555 ordiendi
915 517 1020 555 modo
1039 516 1152 554 alium
1169 515 1410 567 deprehendet
1428 527 1616 556 oratorem.
1641 520 1817 557 Caeterum
1837 534 1905 558 non
1928 521 2090 559 indoctus
2111 533 2162 561 est

79 577 230 630 scriptor
245 578 327 624 iste,
346 587 380 616 et
397 578 479 616 licet
492 578 686 618 innumeris
704 580 974 632 repetitionibus
992 593 1157 616 nauseam
1172 578 1305 631 pariat,
1332 589 1426 618 recte
1447 581 1573 633 probat
1588 595 1633 619 ex
1648 581 1705 620 his
1720 583 1879 635 Apostoli
1902 584 2022 623 verbis
2040 601 2047 622 :
2070 587 2162 623 Non

79 649 135 678 est
153 641 323 679 volentis
335 655 457 693 neque
470 645 680 689 currentis,
705 644 774 680 sed
793 644 1007 680 miserentis
1023 650 1079 679 est
1097 643 1188 688 Dei,
1214 656 1284 679 non
1305 643 1404 694 sequi
1423 643 1603 682 hominem
1623 645 1683 695 qui
1704 655 1845 697 peccat,
1866 647 1971 699 culpa
2002 647 2158 686 liberum

77 715 152 740 esse
162 717 173 752 3
188 702 249 740 sed
263 716 307 740 ex
327 703 522 741 voluntatis
542 717 613 741 sure
632 704 818 756 proposito
830 733 841 754 ,
860 703 929 740 sibi
949 702 1146 754 perniciem
1162 713 1195 741 et
1212 703 1396 742 interitum
1414 720 1556 758 parere,
1569 707 1665 757 quod
1681 721 1725 745 ex
1742 707 1822 746 aliis
1844 708 2038 761 Scripturae
2053 709 2160 747 dictis

76 773 110 802 et
127 765 301 818 exemplis
321 766 507 803 confirmat
519 781 529 815 ;
550 780 591 803 ac
610 766 831 818 syllogistico
855 779 953 803 more
968 765 1182 818 plerumque
1202 766 1378 819 procedit.

77 1015 141 1058 Εἷς
159 1014 222 1062 τὴν
244 1014 459 1061 Χαναναίαν,
480 1014 538 1053 καὶ
558 1016 606 1058 εἷς
633 1014 690 1053 τὸν
718 1013 877 1067 Φαραὼ,
897 1015 955 1053 καὶ
978 1015 1031 1053 ὅτι
1048 1017 1100 1053 Οὐ
1115 1022 1163 1048 ¹77
1176 1018 1226 1054 In
1258 1017 1527 1056 Chananoeczm
1554 1028 1590 1057 et
1622 1023 1664 1057 in
1689 1022 1954 1069 Pharaonem,
1990 1031 2027 1060 et
2057 1023 2162 1070 Quod
2178 1034 2293 1062 Jlatth.
2314 1033 2362 1064 15.

1229 1091 1298 1116 non
1313 1079 1464 1118 volentis
1482 1094 1596 1131 neque
1616 1082 1804 1133 currentis,
1821 1082 1883 1121 sed
1901 1082 2098 1122 miserentis
2118 1085 2163 1122 sit
2178 1091 2363 1130 Rom.9.16.

129 1081 189 1115 τοῦ
205 1076 359 1121 θέλοντος
373 1107 382 1125 ,
399 1076 546 1115 οὐδὲτοῦ
561 1075 763 1128 τρέχοντος,
785 1075 875 1114 ἀλλὰ
891 1081 950 1115 τοῦ
970 1078 1101 1115 ἐλεοῦν·
1127 1060 1152 1089 Α

129 1153 187 1182 τος
206 1139 310 1177 Θεοῦ.

163 1261 174 1297 ἷ
204 1259 263 1298 καὶ
292 1258 459 1297 ἐθόλωσεν
499 1262 592 1310 ἡμᾶς
615 1258 745 1306 ἡκατὰ
779 1257 841 1306 τὴν
868 1259 1018 1312 ἑσπέραν
1038 1276 1100 1298 τα-

79 1314 168 1366 ραχὴ
182 1341 191 1357 ,
209 1314 283 1350 ἀλλ’
299 1312 472 1364 ηὕερρανεν
491 1316 512 1358 ἡ
533 1313 674 1350 πάντων
689 1313 837 1358 σπουδή.
849 1314 901 1350 Οὐ
922 1312 1100 1364 γὰρέἔλε-

75 1358 203 1408 πονεῖς
237 1364 297 1411 τὴν
332 1368 401 1402 τῶν
431 1365 585 1415 θορύὸων
607 1365 822 1419 ἀνωμωαλίαν,
846 1367 922 1402 ἀλλ’
957 1369 1005 1408 εἰς
1037 1366 1100 1412 την

74 1422 143 1456 τῶν
165 1418 359 1455 ἀκουόντων
380 1417 596 1469 προθυμίαν·
620 1418 678 1454 καὶ
697 1421 738 1463 ἠν
763 1417 906 1468 θόρυὲον
928 1418 1102 1468 θεασάμε-

74 1486 129 1515 νος
146 1469 307 1522 ἀγοραῖόν
328 1485 405 1507 τινα
422 1470 503 1507 ὄντα
521 1469 580 1507 καὶ
596 1469 757 1520 δημώδη,
775 1470 838 1516 τὴν
855 1469 891 1508 δὲ
907 1471 1101 1521 προθυμίαν

73 1523 185 1562 ἔνθεον
200 1524 259 1561 καὶ
270 1523 441 1574 ἐνάρετον·
458 1524 504 1566 ὡς
515 1525 636 1570 εἰπεῖν,
653 1522 706 1561 ὅτι
719 1525 764 1560 Αἱ
781 1522 841 1573 μὲν
853 1530 978 1574 χεῖρες,
988 1530 1102 1576 χεῖρες

73 1577 187 1616 ἹΙσαῦ
201 1605 209 1621 ,
225 1579 246 1622 ἡ
269 1575 304 1614 δὲ
323 1575 440 1628 ιρωνὴ,
465 1576 561 1627 φωνὴ
583 1575 725 1613 Ἰακώὲ.
748 1575 924 1624 Δημώδης
951 1577 1012 1625 μὲν
1033 1577 1101 1628 γὰρ

73 1624 114 1676 ἦν
136 1633 153 1668 ὃ
174 1629 332 1682 θόρυὸος,
349 1628 459 1671 ἔνθεος
479 1628 514 1665 δὲ
534 1631 550 1665 ὃ
571 1631 685 1674 ζῆλος.
708 1631 761 1667 Οὐ
791 1630 840 1666 δεῖ
860 1628 895 1666 δὲ
916 1629 1004 1672 ὅλως
1027 1631 1102 1667 δια-

74 1682 237 1735 φέρεσθαι
252 1682 337 1734 πρὸς
361 1681 423 1728 τὴν
443 1680 597 1732 κραυγὴν
631 1683 697 1718 τῶν
726 1681 1002 1727 σπουδαζόντων,
1022 1685 1099 1720 ἀλλ’

74 1735 287 1773 ἀποέλέπειν
308 1736 356 1777 εἷς
380 1734 437 1772 τὸν
457 1735 557 1779 ζῆλον
581 1736 650 1771 τῶν
670 1735 876 1772 ἀκουόντων.
902 1735 971 1772 Καὶ
990 1736 1058 1789 γὰρ
1076 1740 1097 1783 ἡ

73 1787 257 1826 Χαναναία
278 1786 470 1839 κατέκραζε
485 1791 544 1825 τοῦ
564 1788 748 1836 Σωτῆρος,
772 1788 848 1825 ἀλλ’
868 1789 930 1824 οὐκ
954 1787 1098 1826 ἕὸλεπεν

73 1842 205 1886 ααῦτῆς
225 1842 272 1883 εἷς
293 1839 332 1877 τὸ
348 1839 624 1892 τεθορυὸημένον
654 1844 715 1885 τῆς
749 1843 924 1897 κραυγῆς,
956 1843 1031 1878 ἀλλ’
1052 1844 1100 1885 εἰς

72 1893 112 1932 τὸ
128 1892 407 1942 ἐσπουδασμένον
428 1896 489 1938 τῆς
504 1892 666 1936 διανοίας.
685 1891 795 1930 Ἐὅόα
820 1899 890 1939 οὖν,
907 1895 952 1934 ὡς
975 1894 1100 1944 ἀρτίως

73 1945 248 1992 ἀκηκόατε
261 1975 270 1991 ,
289 1946 524 1984 ἀκολουθοῦσα
540 1951 610 1988 τοῖς
628 1945 759 1997 ἴχνεσιν
775 1951 846 1989 τοῖς
862 1945 1097 1994 δεσποτικοῖς,

71 1998 135 2037 Υἱὲ
154 1998 263 2036 Δαυὶδ
275 2029 284 2046 ,
305 1998 446 2044 ἐλέησόν
468 2013 524 2048 με.
539 1995 588 2035 Ὢ
621 2001 683 2043 τῆς
702 2002 770 2036 τῶν
793 2000 897 2036 ἐθνῶν
926 1997 1095 2047 πίστεως,

71 2050 99 2088 ὣ
130 2055 191 2098 τῆς
210 2054 277 2089 τῶν
297 2051 472 2088 Ἰουδαίων
492 2051 751 2102 ἀγνωμοσύνης.
767 2050 813 2089 ‘H
846 2051 1051 2099 Χαναναία,
1075 2056 1097 2100 ἡ

71 2109 131 2142 τοῦ
143 2104 259 2156 γένους
275 2109 335 2141 τοῦ
353 2103 609 2155 Ἰσραηλιτικοῦ
625 2103 921 2155 ἀπεσΛοινισμένη
936 2133 944 2150 ,
963 2108 984 2150 ἡ
1009 2105 1098 2154 μήτε

70 2156 166 2209 νόμῳ
181 2161 430 2208 συντραφεῖσα,
447 2156 534 2206 μήτε
551 2157 745 2209 προφήταις
765 2157 945 2203 συζήσασα
965 2158 1099 2209 κηρύτ-

69 2225 122 2247 τει
141 2208 204 2255 τὴν
223 2210 387 2255 ἀλήθειαν
404 2208 556 2256 λέγουσα
569 2225 576 2232 ·
592 2208 654 2247 Υἱὲ
671 2209 801 2256 Δαυὶό,
818 2209 960 2255 ἐλέησόν
982 2226 1043 2260 με·
1066 2214 1097 2250 οἱ

70 2262 105 2301 δὲ
120 2265 169 2314 τῷ
185 2261 280 2314 νόμῳ
298 2261 564 2313 συντραφέντες,
581 2261 639 2298 καὶ
657 2265 846 2314 προφητῶν
868 2261 1095 2312 ἀκούσαντες,

67 2314 131 2362 τὴν
160 2316 325 2361 ἀληθειαν
356 2313 612 2366 ἀρνησάμενοι,
641 2315 680 2352 τὸ
699 2316 820 2366 ψεῦδος
843 2315 1094 2366 πρεσὶεύουσι,

68 2367 225 2419 λέγοντες
237 2383 244 2391 ·
267 2368 344 2405 Οὐκ
362 2366 503 2417 οἴδαμεν
524 2366 625 2404 αὐτόν
643 2383 650 2390 ·
667 2368 893 2419 Σαμαρείτης
918 2368 1014 2415 ἐστὶ,
1036 2370 1095 2408 καὶ

69 2419 244 2470 δαιμόνιον
277 2419 362 2472 ἔχει.
382 2417 431 2457 *Ω
450 2424 512 2466 τῆς
536 2419 687 2464 πίστεως
719 2423 787 2458 τῶν
826 2423 943 2468 ἐθνῶν,
972 2419 1000 2458 ὢ
1034 2426 1097 2469 τῆς

67 2471 316 2523 ἀγνωμοσύνης
344 2474 412 2508 τῶν
444 2472 685 2523 Ἰσραηλιτῶν.
711 2472 803 2523 τὈρα
834 2473 893 2510 τὸν
914 2473 1003 2512 Θεὸν
1037 2476 1096 2512 καὶ

68 2525 249 2571 Δεσπότην
269 2528 337 2562 τῶν
359 2524 534 2571 ἁπάντων,
551 2528 624 2567 πῶς
644 2532 731 2576 τιμᾷ
750 2526 790 2563 τὸ
805 2525 912 2577 γένος.
928 2527 1006 2563 Οὔκ
1022 2527 1095 2565 ἔστι

66 2578 172 2615 καλὸν
191 2577 309 2615 λαὲεῖν
330 2577 387 2614 τὸν
408 2577 510 2628 ἄρτον
532 2579 601 2613 τῶν
620 2578 765 2625 τέκνων,
787 2579 846 2615 καὶ
880 2579 997 2628 βαλεῖν
1024 2585 1095 2623 τοῖς

66 2629 250 2682 κυναρίοις.
291 2631 401 2667 Καλεῖ
437 2629 540 2672 κύνας
570 2629 614 2667 τὰ
655 2630 752 2677 ἔθνη,
788 2630 848 2668 καὶ
886 2629 979 2675 υἱοὺς
1017 2631 1095 2676 τοὺς

64 2683 287 2734 Ἰσραηλίτας
299 2699 306 2705 ·
329 2681 592 2733 ἀντιστρέφεται
616 2682 652 2720 δὲ
680 2683 746 2720 ὑπὸ
764 2687 824 2720 τοῦ
840 2685 926 2721 λαοῦ
942 2687 964 2730 ἡ
985 2685 1070 2733 τιμή
1085 2700 1092 2708 ·

65 2735 125 2773 καὶ
141 2738 172 2773 οἱ
193 2735 256 2786 μὲν
276 2734 469 2785 τιμώμενοι
493 2735 732 2784 ἀτιμάζουσιν,
754 2737 784 2773 οἱ
813 2735 849 2773 F&
877 2737 1094 2787 ἀτιμαζόμε-

63 2803 113 2824 νοι
135 2792 404 2840 προσκυνοῦσιν·
427 2787 495 2824 υἱοὶ
520 2788 728 2838 καλούμενοι
753 2787 816 2834 τὴν
837 2789 1034 2839 εὐεργεσίαν
1055 2793 1091 2827 οὐ

63 2840 223 2892 δέγονται
236 2870 246 2887 ,
279 2844 300 2887 ἡ
334 2840 368 2877 δὲ
398 2840 582 2878 Χαναναία
611 2841 702 2878 κύων
735 2842 995 2891 ὀνομαζομένη,
1031 2846 1092 2879 τοῦ

61 2886 242 2945 εὐεργέτου
261 2895 322 2930 οὐκ.
342 2892 542 2944 ἀφίσταται.
559 2893 626 2930 Διὰ
643 2897 742 2931 τοῦτο
761 2893 827 2945 γὰρ
842 2897 860 2931 ὁ
887 2893 1016 2945 Σωτὴρ
1032 2894 1091 2932 καὶ

60 2946 147 2983 κύνα
177 2945 321 2983 ἐκάλεσε
339 2945 400 2992 τὴν
426 2951 573 2996 γυναῖκα
591 2948 665 2997 οὐχ,
686 2946 742 2984 ἵνα
761 2946 885 2998 ὑδρίσῃ
904 2976 911 2989 ,
930 2948 1007 2983 ἀλλ’
1036 2946 1091 2984 ἵνα

59 2998 124 3044 τὴν
148 2998 310 3050 πρόθεσιν
329 2998 515 3049 γυμνώσῃ,
536 2999 588 3035 ὅτι
615 3000 660 3036 τὰ
691 2999 770 3044 ἔθνη
802 2998 860 3036 καὶ
880 2998 1089 3050 ὑῧριζόμενα

59 3052 122 3090 οὖν.
145 3049 351 3102 ἀφίστανται
372 3054 429 3088 τοῦ
448 3050 646 3102 εὐεργέτου,
663 3054 680 3088 ὃ
695 3051 730 3089 δὲ
750 3050 894 3102 Ἰσραὴλ
916 3053 975 3089 καὶ
991 3055 1089 3103 εὐερ-

59 3103 262 3156 γετούμενος
282 3102 461 3153 ἠρνήσατο
486 3105 543 3140 τὸν
567 3105 731 3155 Σωτῆρα.
751 3104 814 3142 Υἱὲ
835 3104 962 3151 Aetolo,
989 3105 1088 3151 ἐλέη-

59 3155 118 3193 σόν
144 3172 198 3206 με.
226 3155 295 3193 Καὶ
315 3158 332 3192 ὁ
351 3155 491 3193 πάντων
520 3155 698 3194 ἐπακούων
722 3163 824 3207 σιγᾷ,
845 3158 907 3193 οὐκ
927 3158 1087 3206 ἀποπεμ-

59 3208 211 3259 πόμενος
225 3207 287 3254 τὴν
308 3207 438 3253 δέησιν,
460 3208 549 3244 ἀλλὰ
564 3208 810 3261 λαμπροτέραν
835 3208 1007 3259 ἐκφαίνων
1022 3209 1086 3255 τὴν

60 3261 189 3299 πίστιν.
218 3260 400 3299 Χαναναία
414 3261 453 3297 τὸ
471 3259 584 3310 γένος,
601 3265 660 3298 καὶ
679 3261 878 3313 Ἀδραμῖτις
898 3265 940 3313 τῇ
957 3261 1083 3300 πίστει.

1229 1138 1308 1176 Dei.

1229 1263 1264 1299 1.
1294 1261 1447 1301 Etiamsi
1468 1277 1529 1302 nos
1550 1266 1771 1317 vespertinus
1799 1267 1859 1305 ille
1879 1268 2054 1306 tumultus
2079 1283 2161 1322 per-

1174 1315 1359 1365 turbavit,
1389 1325 1424 1353 at
1455 1317 1670 1357 exhilaravit
1706 1319 1954 1358 universorum
1988 1322 2161 1360 studium.

1175 1368 1255 1405 Non
1277 1368 1371 1406 enim
1390 1370 1576 1407 turbarum
1605 1372 1857 1421 confusionem,
1877 1373 1939 1411 sed
1958 1375 2163 1413 auditorum

1174 1420 1349 1458 servorem
1368 1423 1599 1474 respiciebam
1618 1440 1625 1460 :
1641 1434 1888 1476 spectatorque
1906 1441 1999 1464 eram
2016 1428 2162 1466 forensis

1175 1481 1207 1509 et
1225 1474 1411 1525 popularis
1430 1476 1616 1524 tumultus,
1633 1477 1807 1528 simulque
1827 1479 1942 1517 divini
1957 1489 2060 1531 atque
2075 1496 2157 1533 pro-

1174 1524 1211 1561 bi
1231 1526 1356 1571 studii,
1378 1528 1426 1564 ita
1456 1537 1495 1565 ut
1520 1528 1674 1567 dicerem
1696 1546 1703 1566 :
1727 1533 1872 1569 llIcmus
1897 1534 2049 1583 quidem
2071 1543 2160 1572 sunt

1176 1592 1313 1616 manus
1333 1581 1456 1627 Esaic',
1485 1594 1564 1618 vox·
1585 1591 1715 1620 autem
1742 1598 1821 1620 vox
1842 1594 1897 1622 est
1917 1586 2070 1623 Jacoln'.
2093 1588 2160 1624 Po-

1174 1630 1311 1682 pularis
1343 1641 1418 1670 crat
1457 1634 1654 1684 tumultus,
1694 1635 1754 1673 sed
1782 1635 1948 1674 divinum
1985 1638 2158 1678 studium.

1174 1684 1450 1735 Oportetautem
1465 1701 1534 1723 non
1549 1687 1702 1724 distrahi
1716 1703 1761 1726 ex
1774 1689 1926 1727 clamore
1940 1692 2162 1729 tumultuan-

1174 1736 1290 1786 tium,
1321 1737 1383 1775 sed
1419 1739 1592 1791 respicere
1619 1740 1779 1778 studium
1809 1743 2029 1781 auditorum.
2070 1746 2162 1782 Nam

1175 1789 1372 1828 Chananaea
1394 1801 1474 1843 post
1495 1794 1720 1831 Servatorem
1748 1794 1935 1844 clamabat;
1959 1811 2083 1834 verum
2103 1798 2164 1836 ille

1173 1856 1242 1879 non
1258 1843 1303 1880 ad
1317 1844 1507 1882 clamorem
1528 1846 1691 1895 attendit,
1708 1846 1767 1884 sed
1783 1847 1828 1884 ad
1848 1849 1957 1886 animi
1979 1851 2158 1888 affectum.

1174 1895 1360 1933 Clamabat
1390 1911 1488 1948 ergo,
1510 1907 1550 1934 ut
1578 1899 1684 1936 modo
1712 1899 1876 1951 audistis,
1900 1903 2084 1941 Dominica
2106 1918 2161 1940 se-

1173 1961 1282 1997 quens
1302 1950 1475 1999 vestigia:
1496 1952 1579 1987 Fili
1595 1953 1742 2002 David,
1766 1956 1902 1991 misere
1920 1958 2006 1992 mei.
2027 1957 2057 1993 O
2075 1970 2162 2007 gen-

1172 2000 1264 2038 tium
1283 2001 1414 2041 fidem.y
1437 2016 1457 2040 o
1478 2002 1686 2041 Judaeorum
1705 2005 1885 2056 ingratum
1900 2008 2080 2048 animum!
2105 2010 2161 2046 Ab

1173 2053 1365 2092 Israelitico
1385 2069 1511 2106 genere
1531 2056 1660 2106 aliena,
1684 2058 1796 2095 necin
1816 2058 1893 2110 lege
1918 2060 2076 2109 educata,
2100 2076 2162 2100 nec

1172 2104 1208 2142 in
1229 2108 1410 2159 prophetis
1426 2118 1579 2157 versata,
1600 2110 1785 2148 veritatem
1804 2111 1988 2162 praedicat,
2009 2114 2129 2151 dicens
2152 2131 2160 2152 :

1172 2159 1256 2196 Fili
1270 2161 1417 2207 David,
1442 2164 1620 2199 miserere
1635 2166 1726 2207 mei;
1746 2164 1807 2213 qui
1827 2179 1911 2202 vero
1927 2166 1961 2203 in
1978 2166 2055 2217 lege
2074 2167 2160 2205 edu-

1172 2212 1240 2248 cati
1259 2213 1410 2261 fuerant,
1431 2213 1491 2264 qui
1511 2215 1704 2266 propbetas
1723 2215 1920 2266 audierant,
1937 2220 2162 2258 mendacium

1171 2272 1313 2302 tuentur
1328 2266 1496 2315 djcentes,
1516 2268 1546 2304 N
1551 2280 1594 2304 011
1612 2268 1778 2306 novimus
1797 2284 1877 2307 eum
1885 2286 1895 2319 3
1912 2272 2162 2311 Samaritanus

1170 2328 1233 2366 est,
1251 2327 1284 2355 et
1297 2318 1514 2356 daemonium
1529 2319 1647 2357 habet.
1665 2322 1696 2359 O
1716 2321 1825 2359 fidem
1840 2324 2018 2373 gentium!
2037 2342 2056 2362 o
2072 2328 2163 2364 Isra-

1170 2372 1334 2409 ‘e'litarum
1373 2372 1553 2423 ingratum
1586 2373 1766 2414 animum!
1786 2376 1880 2414 Vide
1896 2378 2012 2414 Deum
2030 2387 2062 2415 et
2081 2380 2162 2416 Ser-

1169 2434 1330 2462 vatorem
1358 2426 1530 2473 omnium,
1551 2434 1725 2475 quantum
1750 2441 1860 2478 genus
1880 2429 1973 2466 illud
1996 2431 2156 2469 honoret.

1168 2479 1260 2514 lVon
1282 2486 1338 2514 est
1363 2479 1505 2515 bonum
1542 2481 1715 2529 accipere
1737 2494 1880 2530 panem
1893 2482 2094 2533 filiorum,
2124 2493 2160 2523 et

1165 2533 1353 2582 projicere
1373 2532 1548 2567 canibus.
1571 2531 1702 2567 Gentes
1726 2542 1829 2569 vocat
1850 2547 1967 2582 canes,
1990 2545 2022 2573 et
2044 2537 2157 2575 Israe-

1168 2582 1250 2619 litas
1268 2582 1362 2619 filios
1392 2597 1399 2618 ε
1427 2591 1685 2620 transmutatur
1701 2583 1814 2622 honor
1833 2599 1853 2622 a
1872 2587 2019 2638 populo,
2045 2599 2077 2626 et
2097 2591 2160 2640 qui

1167 2634 1400 2683 honorantur,
1417 2634 1535 2686 ipsum
1553 2634 1796 2686 dehonestant3
1818 2639 1879 2687 qui
1895 2639 2158 2693 desplciuntur,

1167 2687 1317 2725 adorant
1338 2703 1345 2723 :
1368 2687 1428 2736 qui
1451 2687 1516 2724 filii
1539 2697 1723 2737 vocantur,
1744 2689 1956 2729 beneficium
1979 2708 2046 2731 non
2068 2695 2159 2733 reci—

1166 2740 1281 2791 piunt5
1298 2740 1494 2777 Chananaea
1514 2753 1598 2777 vero
1619 2741 1714 2778 canis
1744 2743 1934 2794 appellata,
1955 2761 1975 2783 a
1999 2747 2158 2786 benefico

1165 2806 1235 2830 non
1254 2792 1397 2830 recedit.
1413 2792 1497 2830 Ideo
1517 2807 1669 2843 namque
1689 2795 1856 2833 Servator
1873 2811 1994 2836 canem
2015 2802 2157 2839 vocavit

1164 2851 1365 2901 mulierem,
1387 2865 1458 2888 non
1474 2860 1513 2888 ut
1532 2853 1747 2891 contumelia
1763 2854 1930 2905 afficeret,
1948 2857 2008 2895 sed
2027 2868 2065 2896 ut
2079 2860 2155 2910 ejus

1163 2910 1330 2946 affectum
1349 2910 1577 2961 patefaceret,
1599 2911 1867 2963 ostenderetque
1887 2925 2004 2966 gentes
2024 2919 2155 2969 probro

1162 2968 1304 3005 affectas
1331 2982 1350 3005 a
1376 2969 1534 3006 benefico
1565 2982 1633 3007 non
1667 2970 1846 3019 absistere,
1876 2973 2041 3012 Israelem
2068 2991 2154 3014 vero

1161 3025 1332 3063 beneficio
1353 3026 1534 3077 affectum,
1557 3027 1781 3066 Servatorem
1798 3043 1940 3081 negare.
1966 3034 2050 3070 Fili
2067 3036 2152 3072 Da-

1164 3086 1241 3135 vid,
1272 3088 1450 3123 miserere
1483 3089 1571 3124 mei.
1610 3086 1658 3124 Et
1684 3089 1747 3138 qui
1781 3103 1901 3127 omnes
1920 3092 2079 3140 exaudit,
2101 3102 2152 3129 ta-

1160 3153 1226 3193 cet,
1246 3159 1316 3182 non
1336 3154 1376 3182 ut
1394 3155 1596 3197 precantem
1617 3156 1773 3199 respuat,
1803 3148 1865 3186 sed
1887 3158 1926 3186 ut
1946 3150 2022 3201 ejus
2041 3150 2152 3188 fidem

1158 3203 1438 3255 splendidiorem
1453 3204 1589 3242 reddat.
1602 3205 1799 3244 Chananaea
1825 3221 1963 3258 genere,
1986 3209 2150 3246 Abraha-

1163 3261 1283 3300 mitica
1327 3262 1409 3301 fide.
1448 3263 1531 3300 Fili
1569 3264 1724 3310 David,
1766 3267 1942 3303 miserere
1978 3269 2064 3304 mei.
2106 3268 2153 3305 Et

145 3375 284 3409 Savilius
308 3377 492 3418 suspicatur
519 3374 694 3418 legendum
720 3380 827 3417 αὑτός,
844 3375 902 3408 scd
919 3381 1009 3416 αὐτῆς
1022 3378 1099 3409 ferri
1127 3385 1250 3420 potest.

2180 1544 2316 1583 Gen.27.

2177 1592 2228 1612 22.

2176 1976 2290 2003 Jsattlz.
2313 1977 2361 2006 15.

2178 2025 2226 2045 22.

2175 2502 2254 2530 Ibid.
2266 2513 2295 2531 v.
2309 2502 2362 2531 26.
