2481 3678
688 184 708 206 Q

244 173 330 216 :280
689 204 725 214 6.
764 183 951 215 sommis
991 183 1234 213 6111115051.

241 282 340 320 posse
358 268 506 305 salutem
523 267 701 318 consequi.
724 269 775 304 Ae
794 267 823 304 51
839 266 969 305 diceret
978 296 989 317 ,
1012 267 1137 303 Annon
1155 264 1221 302 1111-

240 330 369 367 ramini
399 329 602 381 Scripturas
613 329 630 366 ἱ)
652 342 769 367 annon
793 328 874 367 vitae
898 329 1009 366 sontes
1031 342 1104 366 esse
1127 326 1223 364 arbi-

241 391 408 429 tramini?
434 391 500 428 His
518 391 594 442 jam
620 390 713 428 nitor
731 399 763 427 et
785 404 860 440 ego.
889 389 952 427 Hae
974 403 1123 439 namque
1141 396 1223 425 sunt

240 466 319 503 qua:
339 451 579 490 testimonium
600 450 787 502 perhibent
807 450 851 487 de
870 464 937 498 me,
964 458 997 487 et
1021 463 1091 487 non
1113 448 1223 487 vultis

242 515 287 552 ad
306 529 362 552 me
385 514 530 560 venire,
555 523 594 550 ut
617 514 729 551 vitam
758 522 921 551 aeternam
944 512 1115 550 habeatis.
1140 514 1225 551 Jure

243 590 326 626 crgo
343 575 499 623 dicebat,
523 575 596 610 Vos
621 577 782 625 putatis,
807 572 904 623 quod
925 572 1057 610 nollent
1075 572 1145 624 ipsi
1165 572 1225 609 ob-

244 647 452 688 temperare,
478 634 540 672 sed.
568 634 612 672 de
632 633 788 686 simplici
812 633 961 671 lectione
979 632 1225 684 gloriarentur.

243 695 380 735 Deinde
398 708 442 732 ne
459 708 504 732 ex
522 694 630 732 nimia
648 708 732 732 cura
749 693 784 730 111
800 707 900 732 vanae
919 692 1039 744 gloriae
1057 692 1227 744 suspicio-

245 772 323 796 nem
343 756 500 805 veniret,
523 770 611 795 neve
631 754 726 806 quod
746 754 892 792 illorum
917 753 1025 792 fidem
1044 753 1226 804 exigeret,

245 828 430 872 putaretur
450 832 526 869 quae
551 832 612 855 sua
640 826 739 855 erant
762 831 886 855 curare
903 820 1009 865 (nam
1027 826 1060 853 et
1083 816 1230 855 Joannis

245 894 378 928 vocem,
398 888 432 916 ct
454 878 520 916 Dei
537 878 792 927 testimonium,
812 887 846 915 et
868 891 973 929 opera
992 891 1054 914 sua
1078 890 1230 914 comme-

247 951 462 990 moraverat,
494 941 676 991 vitamque
707 940 940 992 promiserat5
970 938 1040 975 illis
1065 938 1230 976 omnibus

247 1018 345 1051 usus,
366 1012 404 1040 ut
424 1017 481 1039 eos
500 1001 545 1039 ad
568 1016 603 1039 se
622 1001 797 1050 alliceret)
814 1016 820 1036 :
842 1000 925 1050 quia
940 1030 950 1048 ,
969 999 1137 1048 inquam,
1157 1012 1230 1035 ere-

246 1064 357 1102 dibile
376 1072 449 1101 erat
468 1063 598 1099 multos
617 1061 856 1113 suspicaturos
875 1074 946 1097 6556
967 1058 1061 1109 quod
1081 1058 1231 1108 gloriam

247 1133 416 1175 captaret,
447 1122 532 1159 audi
556 1121 644 1172 quid
675 1120 822 1171 adjiciat
846 1136 853 1156 :
882 1121 949 1157 41.
977 1119 1154 1156 Gloriam
1181 1119 1230 1154 ab

246 1186 400 1221 homine
421 1196 497 1219 non
511 1183 658 1231 accipio
667 1196 681 1224 ;
698 1180 766 1216 hoc
781 1189 845 1228 est,
862 1179 929 1216 Illa
948 1191 1018 1215 non
1038 1191 1133 1228 egeo.
1152 1178 1231 1214 Non

246 1258 349 1291 sum,
378 1242 516 1292 iuquit,
541 1241 623 1279 talis
653 1249 810 1287 naturae,
834 1248 873 1276 ut
899 1238 1087 1276 hominum
1119 1236 1233 1287 gloria

247 1319 335 1356 opus
361 1303 524 1351 habeam,
545 1303 637 1341 Nam
659 1301 687 1338 si
709 1301 761 1338 sol
782 1314 800 1337 a
821 1300 965 1338 lucerna
984 1297 1074 1336 lucis
1096 1297 1233 1336 addita—

248 1374 405 1402 mentum
433 1377 502 1401 non
526 1362 676 1414 accipit,
702 1361 815 1399 multo
843 1361 960 1398 minus
990 1373 1053 1411 ego
1077 1359 1234 1396 humana

247 1426 355 1476 egebo
373 1424 498 1476 gloria.
522 1424 569 1461 Et
587 1438 649 1461 cur
671 1423 745 1460 haec
765 1422 871 1471 dicis,
897 1421 925 1459 si
943 1435 1012 1458 non
1035 1421 1166 1471 egeas?
1185 1421 1235 1458 Ut

247 1500 310 1524 105
342 1485 432 1524 salvi
460 1485 548 1522 sitis.
573 1483 671 1521 Illud
695 1497 780 1521 vero
806 1496 912 1534 supra
938 1481 1092 1527 dixerat,
1115 1490 1148 1518 et
1176 1479 1236 1517 hic

250 1545 490 1584 subindicavit
526 1544 582 1581 his
613 1543 732 1582 verbis
746 1573 756 1591 ,
796 1544 846 1580 Ut
886 1544 1013 1578 ‘vitam
1043 1542 1232 1579 habeatis.

251 1606 362 1643 Assert
381 1614 415 1642 et
433 1604 540 1641 aliam
560 1617 714 1641 causam.
733 1601 876 1648 Quam?
897 1602 960 1639 42
983 1601 1058 1638 Sed
1077 1603 1237 1652 cognovi

251 1681 335 1712 vos,
355 1668 447 1717 quia
475 1666 719 1702 dilectionem
747 1664 822 1700 Dei
840 1676 917 1699 non
937 1663 1087 1700 habetis
1107 1663 1148 1697 in
1167 1675 1237 1698 vo-

252 1730 320 1765 his.
338 1726 431 1771 Quia
448 1738 557 1777 saepe,
577 1724 676 1775 quasi
697 1725 813 1761 Deum
828 1722 1028 1773 diligerent,
1045 1735 1237 1772 perseque—

250 1788 381 1825 bantur
407 1801 502 1834 cum,
522 1786 605 1836 quia
623 1785 793 1835 aequalem
810 1797 845 1821 se
863 1782 1013 1820 faciebat
1039 1783 1128 1829 Deo,
1154 1782 1239 1819 5616-

252 1848 381 1898 batque
409 1847 503 1899 ipsos
531 1860 599 1883 non
630 1846 699 1883 sibi
733 1844 928 1882 credituros
957 1857 1053 1892 esse3
1088 1856 1130 1879 ne
1159 1842 1239 1893 quis

254 1908 385 1945 diceret
396 1937 406 1957 ,
439 1907 511 1943 Cur
533 1906 580 1943 ita
601 1905 780 1956 loqueris?
803 1905 851 1943 Ut
872 1918 935 1943 vos
955 1902 1211 1956 reprehendam
1224 1932 1236 1952 ,

254 1967 382 2017 inquit,
403 1966 486 2017 quia
508 1980 576 2003 non
596 1974 740 2017 propter
756 1963 985 2002 dilectionem
1005 1965 1069 2000 Dei
1091 1976 1242 2015 11161161κ

255 2026 452 2077 sequimini.
477 2026 665 2076 Siquidem
691 2025 766 2076 ipse
786 2024 875 2061 mihi
895 2023 1139 2061 testimonium
1163 2038 1243 2076 per-

255 2088 404 2125 111116161
431 2101 492 2139 per
520 2101 625 2139 opera
647 2095 679 2123 et
700 2100 763 2138 per
791 2085 1004 2136 Scripturas.
1033 2084 1133 2123 Sicut
1159 2097 1242 2135 ergo

255 2149 402 2186 antchac
422 2162 502 2185 611111
523 2147 694 2200 putaretis
713 2161 769 2184 mc
788 2148 866 2184 Deo
885 2145 1128 2185 adversarium
1153 2159 1240 2194 esse,

257 2223 313 2247 me
329 2207 577 2260 expellebatis:
600 2207 648 2244 ita
664 2220 758 2244 1111116
779 2220 822 2244 ex
843 2220 912 2255 quo
931 2205 1007 2242 haee
1026 2204 1245 2243 demonstra-

257 2269 307 2316 vi,
327 2281 509 2305 accurrere
529 2282 592 2306 vos
613 2267 808 2319 oportebat,
831 2265 861 2303 si
881 2267 997 2303 Deum
1019 2265 1218 2316 diligeretis
1230 2282 1241 2316 5
1258 2292 1304 2319 2410

259 2329 321 2367 sed
345 2343 414 2366 11011
441 2342 521 2367 vere
548 2327 712 2378 diligitis.
741 2326 827 2364 Ideo
852 2326 928 2364 haec
948 2325 1054 2375 dixi,
1076 2335 1117 2363 ut
1150 2340 1246 2364 eom·
1270 2329 1295 2358 A

260 2391 447 2443 probarem
466 2404 529 2429 vos
545 2389 636 2426 fastu
658 2398 691 2426 et
705 2388 876 2441 jactantia
897 2387 995 2438 duci,
1017 2397 1051 2426 et
1071 2388 1247 2427 invidiam

260 2463 415 2491 xcstram
441 2453 615 2504 obtegere.
636 2454 758 2503 Neque
777 2466 821 2489 ex
839 2451 897 2489 his
926 2460 1090 2502 tantum,
1116 2451 1177 2490 sed
1203 2466 1248 2490 ex

263 2515 391 2552 suturis
417 2528 556 2565 quoque
576 2514 642 2551 hoe
662 2513 841 2563 adstruit3
863 2527 946 2550 nam
974 2512 1025 2551 ait
1048 2528 1055 2549 ε
1078 2514 1142 2551 45.
1162 2515 1248 2565 Ego

264 2577 357 2612 'veni
382 2577 423 2611 ιή
449 2577 601 2611 nomine
619 2576 754 2612 Patris
775 2576 873 2620 mei,
896 2582 932 2611 et
954 2588 1031 2611 non
1055 2576 1249 2625 recepistis

1250 570 1273 599 C

266 2650 324 2673 me
343 2651 352 2670 .·
375 2638 409 2672 si
431 2636 532 2672 alius
553 2638 701 2672 ‘venerit
722 2638 763 2671 in
785 2638 939 2672 nomine
957 2648 1039 2685 suo,
1058 2635 1170 2672 illurn
1188 2649 1247 2672 re-

265 2699 425 2747 cipietis.
448 2694 578 2734 Viden‘
608 2695 711 2732 illum
736 2695 869 2745 ubique
904 2695 1021 2733 dicere
1044 2710 1079 2734 se
1112 2695 1158 2733 ad
1185 2695 1252 2732 hoc

268 2757 415 2794 missum
434 2770 526 2804 esse,
549 2765 581 2792 61
598 2770 642 2793 ex
663 2759 765 2793 Patre
778 2756 957 2808 judicium
977 2756 1166 2809 accepisse,
1190 2770 1252 2794 nec

269 2815 357 2865 quid
373 2828 474 2865 posse
492 2828 510 2849 a
534 2814 719 2865 semetipso
747 2815 879 2861 Iacere,
903 2824 941 2852 111
962 2829 1102 2853 0111116111
1121 2815 1254 2867 impro-

267 2875 389 2913 bitatis
405 2889 526 2911 ansam
554 2876 707 2911 resecet?
729 2876 798 2912 Sed
816 2891 1006 2925 quemnam
1023 2876 1111 2913 dicit
1132 2877 1169 2914 in
1189 2890 1253 2913 5110

270 2935 414 2987 proprio
434 2934 575 2972 nomine
591 2944 775 2972 ventui-iun
792 2937 890 2973 esse?
916 2936 1174 2974 Antichristum
1194 2936 1254 2974 hic

271 2995 486 3043 subindicat,
513 3009 706 3044 eorumque
732 2995 923 3044 nequitiam
953 2996 1173 3034 ineluctabili
1198 3011 1255 3034 ar-
1276 3008 1299 3038 Β

272 3066 437 3108 gumento
461 3055 689 3093 demonstrat.
714 3057 804 3092 Nam
825 3054 853 3092 si
873 3064 1052 3105 tamquam
1075 3057 1140 3095 Dei
1159 3071 1255 3094 ama-

318 3197 329 3209 (
354 3183 454 3216 Savil.
474 3188 597 3220 πίστεως
613 3188 656 3224 μὴ
674 3184 848 3228 προσούσης.

316 3238 331 3261 ¹¹
359 3234 470 3267 Morcl.
489 3237 565 3276 μηδὲ
583 3237 646 3273 διὰ,
666 3241 698 3265 ct
715 3245 791 3265 mox
810 3238 931 3276 νομῑσθῄ
947 3246 951 3263 2
970 3241 998 3264 vl
1020 3232 1105 3265 infr-'l
1124 3240 1169 3268 καὶ
1187 3240 1285 3269 πάντα.

275 3294 365 3320 jafi-m.
383 3292 456 3320 ὥστε
485 3288 586 3323 αὖτοὺς
609 3289 824 3319 ἐπισπάσασθαι
851 3289 925 3329 πρὸς
941 3288 1045 3320 ἑαυτὸν
1069 3289 1279 3327 ἐπηγγείλατο.

318 3346 327 3357 ⁰
353 3337 464 3371 Morel.
487 3341 549 3371 ὑπὸ.
570 3337 665 3379 [Mox
684 3335 738 3368 alli
755 3337 888 3379 ἀπέχω]

1275 184 1299 212 Α
1310 183 1489 213 RClIlEl'.

1529 184 1703 214 CONSTA
1713 185 1896 215 N'rINOP.

1296 265 1388 312 σωοή
1393 269 1511 304 σεσθαι
1546 267 1802 318 προσδοκῶντες
1834 267 1957 317 μόνης,
1988 266 2158 310 πίστεως
2188 266 2311 320 ἔρημοι

1295 326 1398 370 ὄντες.
1418 326 1468 364 ὓΟ
1483 325 1594 364 τοίνυν
1615 326 1720 377 λέγει,
1734 329 1885 367 τοιουτόν
1900 330 2004 366 ἐστιν·
2026 344 2062 366 ου
2064 343 2102 380 χι
2121 328 2312 378 θαυμάζετε

1295 385 1356 428 τὰς
1375 386 1536 439 Γραφάς,
1555 387 1632 439 οὐγι
1652 387 1768 435 πάσης
1791 390 1879 435 ζωης
1903 389 2058 440 νομίζετε
2077 388 2190 432 αἰτίας
2209 392 2315 435 εἰναι;

1296 446 1379 484 Ἀπὸ
1410 463 1536 485 τουτων
1566 464 1625 486 και
1645 448 1745 491 αὐτὸς
1769 449 1989 502 ἰσχυρίζομαι
2013 465 2083 487 νυν.
2113 451 2224 487 Αὑται
2249 448 2317 501 γάρ

1298 510 1382 546 εἰσιν
1404 510 1439 545 αἱ
1460 512 1695 561 μαρτυροῦσαι
1714 509 1794 561 περὶ
1813 512 1914 560 ἐμοῦ,
1940 510 2000 548 καὶ
2018 512 2055 549 οὐ
2077 510 2191 549 θέλετε
2208 511 2315 548 ἐλθεῖν

1298 568 1383 621 πρός
1415 585 1474 619 με,
1506 569 1562 606 ἵνα
1595 567 1684 614 ζωὴν
1716 568 1852 608 αἰώνιον
1884 569 2000 622 ἔχητε.
2024 571 2180 613 Εἰκότως
2205 569 2316 608 τοίνυν

1297 629 1425 681 ἔλεγεν,
1444 629 1496 668 ὅτι
1519 632 1659 667 Δοκεῖτε
1676 627 1690 677 ,’
1705 629 1762 667 διὰ
1780 630 1820 668 τὸ
1842 629 1889 681 μὴ
1911 629 2094 681 βούλεσθαι
2109 629 2230 673 αὐτοὺς
2243 628 2319 667 πεί-

1300 693 1435 738 θεσθαι,
1455 691 1530 728 ἀλλ’
1557 690 1614 728 ἐπὶ
1638 693 1680 741 τῇ
1703 692 1787 742 ψιλῇ
1824 689 2016 738 ἀναγνώσει
2049 691 2150 741 μόνον
2184 692 2316 742 αὐχεῖν.

1301 744 1389 789 Εἶτα
1408 750 1464 788 ἵνα
1485 750 1533 802 μὴ
1568 754 1606 789 ἐκ
1630 753 1761 798 πολλῆς
1792 751 1999 802 κηδεμονίας
2018 750 2210 804 φιλοδοξίας
2227 751 2318 803 λάὸῃ

1300 813 1383 863 παρ’
1410 813 1521 854 αὐτοῖς
1537 811 1711 858 ὑπόνοιαν,
1728 812 1787 850 καὶ
1804 812 1885 850 ἀδιὰ
1907 812 1947 850 τὸ
1976 812 2157 864 βούλεσθαι
2175 827 2321 850 πιστευ-

1303 874 1403 917 θῆναι
1423 874 1506 925 παρ’
1531 875 1641 911 αὐτῶν
1669 874 1707 912 τὸ
1728 876 1848 911 ἑαυτοῦ
1882 879 2020 911 σκοπεῖν
2040 873 2224 924 νομίζηται
2244 873 2322 918 (καὶ

1302 932 1369 984 γὰρ
1394 935 1456 978 τῆς
1474 932 1634 971 Ἰωάννου
1664 937 1779 985 φωνῆς
1797 934 1989 985 ἀνέμνησε,
2020 933 2080 971 καὶ
2103 938 2165 980 τῆς
2186 950 2323 986 μαρτυ-

1306 992 1380 1044 ρίας
1398 997 1456 1031 τοῦ
1472 995 1564 1031 Θεοῦ
1576 1024 1585 1041 ,
1607 995 1666 1031 καὶ
1685 998 1753 1032 τῶν
1774 994 1882 1047 ἔργων
1899 998 1966 1034 τῶν
1984 997 2102 1042 αὐτοῦ,
2129 994 2188 1032 καὶ
2209 995 2324 1032 πάντα

1304 1053 1417 1104 ἔλεγεν
1438 1053 1528 1091 ὥστε
1548 1054 1670 1097 αὐτοὺς
1689 1054 1960 1101 ἐπισπάσασθαι,
1977 1055 2035 1093 καὶ
2055 1054 2143 1101 ζωὴν
2160 1054 2325 1106 ἐπηγγεί-

1306 1114 1431 1163 λατο)·
1452 1114 1526 1151 ἐπεὶ
1542 1107 1599 1152 οἶν
1616 1114 1762 1158 πολλοὺς
1776 1115 1864 1158 εἰκὸς
1883 1109 1924 1161 ἦν
1941 1115 2142 1154 ὑποπτεύειν
2162 1115 2214 1152 ὅτι
2231 1114 2327 1162 δόξης

1307 1177 1391 1227 ἐρῶν
1422 1178 1530 1212 ταῦτα
1551 1174 1680 1225 ἔλεγεν,
1701 1175 1847 1214 ἄκουσον
1868 1176 1903 1214 τί
1925 1176 2066 1228 ἐπάγει·
2098 1176 2208 1220 Δόξαν
2231 1176 2328 1227 παρὰ

1307 1233 1488 1287 ἀνθρώπου
1513 1236 1550 1272 οὗ
1583 1234 1774 1285 λαμὸάνω·
1800 1235 1990 1283 τουτέστιν,
2021 1238 2058 1275 οὐ
2088 1235 2222 1287 δέομαι.
2253 1238 2330 1273 Οὐκ

1307 1294 1398 1343 ἔστι,
1427 1295 1543 1347 φησὶν,
1566 1297 1587 1341 ἡ
1615 1295 1714 1346 φύσις
1742 1298 1763 1341 ἡ
1791 1295 1859 1347 ἐμὴ
1882 1295 2048 1343 τοιαύτη,
2078 1295 2168 1334 ὥστε
2198 1297 2331 1334 δεῖσθαι

1306 1358 1369 1401 τῆς
1399 1355 1495 1408 παρὰ
1517 1354 1706 1407 ἀνθρώπιον
1728 1356 1837 1404 δόξης.
1867 1358 1912 1395 Εἰ
1937 1357 2005 1410 γὰρ
2025 1356 2120 1403 ἥλιος
2147 1357 2239 1395 εάπὸ
2266 1359 2330 1394 λυ-

1307 1415 1442 1469 χνιαίου
1461 1416 1572 1468 φωτὸς
1593 1418 1655 1455 οὐκ
1672 1416 1710 1454 ἂν
1734 1417 1837 1456 λάὸοι
1853 1417 2054 1470 προσθήκην
2071 1433 2078 1440 ·
2096 1419 2215 1471 πολλῷ
2236 1419 2331 1468 μᾶλ-

1307 1478 1365 1514 λον
1387 1477 1454 1528 ἐγὼ
1472 1479 1533 1522 τῆς
1564 1477 1782 1528 ἀνθρωπίνης
1802 1477 1915 1530 ἀφέξω
1940 1479 2103 1526 δεηθῆναι
2131 1478 2241 1524 δόξης.
2262 1477 2332 1516 Καὶ

1309 1536 1416 1586 τίνος,
1437 1537 1553 1589 φησὶν,
1586 1537 1697 1575 ἕνεκεν
1718 1543 1827 1576 ταῦτα
1845 1538 1974 1589 λέγεις,
2004 1538 2061 1577 ἐὰν
2087 1541 2125 1578 οὗ
2145 1539 2224 1590 δέῃ,
2253 1537 2332 1577 Ἵνα

1310 1600 1407 1650 ὑμεῖς
1427 1600 1573 1643 σωθῆτε.
1591 1597 1694 1636 Ἀλλὰ
1708 1604 1808 1637 τοῦτο
1825 1598 1886 1649 μὲν
1907 1598 2069 1651 ἀνωτέρω
2085 1598 2220 1651 εἴρηκεν
2235 1615 2242 1623 ·
2259 1598 2333 1650 ᾐνί-

1312 1658 1392 1704 ξατο
1415 1659 1449 1698 δὲ
1475 1660 1557 1698 αὐτὸ
1587 1659 1646 1697 καὶ
1674 1661 1842 1708 ἐνταῦθα,
1874 1659 1992 1706 εἰπὼν,
2008 1659 2087 1698 Ἵνα
2107 1660 2196 1707 ζωὴν
2217 1660 2332 1712 ἔχητε.

1311 1719 1440 1767 Τίθησι
1460 1719 1495 1758 δὲ
1513 1720 1573 1758 καὶ
1593 1720 1711 1773 ἑτέραν
1735 1720 1861 1758 αἰτίαν.
1880 1720 1992 1758 Ποίαν
2010 1720 2050 1766 δὴ
2071 1720 2200 1767 ταύτην
2216 1736 2225 1766 ;
2242 1721 2332 1758 Ἀλλ’

1316 1780 1451 1832 ἔγνωκα
1467 1785 1573 1831 ὑμᾶς,
1597 1780 1651 1819 ὅτι
1668 1781 1731 1827 τὴν
1753 1781 1892 1832 ἀγάπην
1913 1786 1972 1819 τοῦ
1995 1783 2085 1820 Θεοῦ
2105 1783 2166 1819 οὐκ
2185 1775 2281 1833 ἔχετε
2301 1784 2334 1820 ἐν

1314 1844 1456 1885 ἑαυτοῖς.
1477 1841 1624 1889 Ἐπειδὴ
1645 1842 1813 1884 πολλάκις
1826 1873 1834 1889 ,
1856 1841 1868 1862 ¹
1881 1844 1926 1885 ὡς
1940 1843 2038 1888 δῆθεν
2060 1842 2118 1880 τὸν
2140 1842 2231 1880 Θεὸν
2251 1845 2338 1892 ἀγα·

1314 1905 1459 1949 πῶντες,
1474 1902 1615 1940 ἐδίωκον
1633 1901 1745 1950 αὐτὸν,
1761 1902 1814 1940 ὅτι
1830 1902 1902 1940 ἴσον
1923 1902 2042 1941 ἑαυτὸν
2059 1902 2165 1941 ἐποίει
2178 1905 2228 1954 τῷ
2243 1905 2337 1955 Θεῷ,

1314 1963 1390 2014 ᾔδει
1420 1962 1455 2001 δὲ
1476 1962 1529 2001 ὅτι
1554 1965 1616 2001 οὐκ
1643 1962 1787 2013 ἔμελλον
1809 1965 1901 2015 αὐτῷ
1920 1962 2116 2001 πείθεσθαι·
2141 1962 2196 2000 ἵνα
2219 1963 2267 2014 μή
2286 1980 2339 2006 τις

1316 2024 1395 2075 εἴπῃ
1412 2054 1421 2071 ,
1438 2022 1527 2067 τίνος
1547 2016 1604 2061 οῧν
1621 2022 1733 2061 ἕνεκεν
1756 2027 1867 2061 ταῦτα
1886 2023 2016 2076 λέγεις,
2034 2029 2133 2062 τοῦτο
2152 2018 2261 2071 εἶπεν,
2281 2024 2338 2062 ἵνα

1317 2084 1442 2136 ἐλέγξω
1463 2087 1570 2135 ὑμᾶς,
1595 2085 1649 2124 ὅτι
1681 2087 1718 2123 οὐ
1739 2084 1795 2122 διὰ
1827 2084 1967 2133 ἀγάπην
1995 2084 2058 2132 τὴν
2084 2086 2253 2127 τοῦΘεοῧ
2275 2101 2339 2134 με,

1317 2143 1621 2219 φησ1,ἔδιώκετε.
1643 2143 1713 2181 Καὶ
1732 2142 1799 2195 γὰρ
1821 2143 1881 2181 καὶ
1902 2144 2001 2186 αὐτὸς
2018 2150 2186 2197 μαρτυρεῖ
2202 2160 2260 2195 μοι
2280 2160 2340 2182 και

1318 2202 1375 2241 διὰ
1394 2219 1462 2241 των
1483 2203 1591 2253 ἔργων
1612 2219 1670 2241 και
1692 2203 1748 2241 διὰ
1766 2219 1834 2240 των
1854 2205 2016 2255 Γραφων
2036 2204 2175 2257 εὨσπερ
2195 2208 2251 2242 οὖν
2272 2205 2341 2255 πρὸ

1318 2280 1436 2302 τουτου
1462 2264 1658 2312 νομίζοντες
1677 2263 1828 2302 ἀντίθεον
1849 2263 1937 2301 εἶναί
1966 2280 2008 2315 με
2036 2264 2222 2310 ἠλαύνετε·
2253 2264 2342 2303 οὕτω

1319 2341 1376 2363 νυν
1409 2325 1442 2369 ἐξ
1477 2328 1514 2363 οὑ
1543 2340 1652 2362 ταυτα
1683 2324 1845 2368 ἀπέοειξα
1871 2325 2145 2379 ’προσδραμεῖνξ
2133 2332 2222 2376 υμᾶς
2251 2325 2341 2372 ἔδει,

1319 2385 1402 2438 εἴγε
1426 2387 1587 2437 ἠγαπᾶτε
1605 2385 1662 2423 τὸν
1688 2384 1778 2423 Θεόν
1792 2400 1799 2409 ·
1825 2387 1900 2424 ἀλλ’
1927 2387 1989 2424 οὐκ
2009 2388 2178 2437 ἀγαπᾶτε.
2210 2386 2278 2424 Διὰ
2299 2385 2340 2432 δὴ

1319 2452 1418 2486 τοῦτο
1432 2446 1490 2484 καὶ
1507 2451 1616 2484 ταῦτα
1635 2440 1741 2494 εἶπον,
1758 2445 1814 2484 ἵνα
1834 2445 1933 2490 δείξω
1951 2448 2040 2496 ὑμᾶς
2060 2447 2220 2500 περιττὸν
2242 2448 2339 2500 ἔχον-

1319 2523 1381 2550 τας
1389 2512 1508 2561 τῦφον,
1523 2507 1582 2544 καὶ
1597 2507 1837 2556 κομπάζοντας
1854 2508 1942 2558 εἰκῇ,
1958 2506 2018 2545 καὶ
2031 2506 2093 2554 τὴν
2108 2508 2237 2546 οἰκείαν
2252 2514 2266 2529 ‘¹
2277 2512 2340 2560 βα-

1322 2567 1464 2607 σκανίαν
1482 2567 1738 2611 συσκιάζοντας.
1754 2569 1830 2606 Οὐκ
1847 2567 2050 2607 ἀπὸτούτων
2068 2567 2102 2606 δὲ
2119 2569 2234 2619 μόνον,
2251 2570 2341 2609 ἀλλὰ

1321 2629 1381 2667 καὶ
1397 2628 1465 2667 ἀπὸ
1479 2631 1548 2666 τῶν
1566 2628 1760 2679 μελλόντων
1777 2628 1864 2666 αὐτὰ
1880 2629 2141 2673 κατασκευάζει.
2162 2629 2256 2682 Ἐγὼ
2276 2631 2344 2684 γὰρ

1322 2685 1438 2738 ἦλθον,
1459 2689 1574 2742 φησὶν,
1595 2692 1628 2727 ἐν
1647 2692 1696 2741 τῷ
1713 2689 1857 2740 ὀνόματι
1870 2695 1929 2728 τοῦ
1947 2690 2086 2742 Πατρός
2106 2707 2188 2740 μου,
2209 2692 2268 2729 καὶ
2284 2694 2344 2730 οὐκ

1323 2750 1482 2795 ἐδέξασθέ
1502 2766 1544 2801 με
1557 2765 1564 2772 ·
1583 2749 1640 2788 ἐὰν
1662 2750 1764 2792 ἄλλος
1783 2749 1865 2801 ἔλθῃ
1890 2753 1923 2788 ἐν
1943 2752 1993 2802 τῷ
2015 2750 2159 2801 ὀνόματι
2177 2754 2227 2803 τῷ
2248 2751 2323 2804 ἰδίῳ
2337 2780 2346 2798 ,

1324 2815 1454 2850 ἐκεῖνον
1474 2810 1638 2861 λήψεσθε.
1658 2809 1766 2862 “()ρᾷ’ς
1795 2809 1847 2847 ὅτι
1876 2810 1946 2847 ἅνω
1970 2810 2029 2847 καὶ
2048 2811 2143 2849 κάτω
2166 2811 2223 2849 διὰ
2247 2817 2348 2851 τοῦτο

1324 2872 1418 2923 λέγει
1446 2870 1684 2915 ἀπεστάλθαι,
1710 2870 1770 2907 καὶ
1799 2870 1897 2921 παρὰ
1918 2875 1977 2908 τοῦ
2005 2872 2144 2923 Πατρὸς
2173 2873 2349 2925 εἰληφέναι

1324 2932 1386 2979 τὴν
1408 2931 1534 2983 κρίσιν,
1556 2930 1615 2968 καὶ
1635 2929 1728 2968 οὐδὲν
1745 2929 1909 2967 δύνασθαι
1931 2937 2041 2968 ποιεῖν
2058 2933 2115 2983 ἀφ’
2135 2935 2278 2980 ἑαυτοῦ,
2293 2932 2350 2970 ἵνα

1325 3002 1439 3033 πᾶσαν
1460 2991 1590 3042 ἐκκόψῃ
1606 2989 1778 3042 πρόφασιν
1799 2991 2065 3041 ἀγνιι1μοσύνης;
2084 2993 2174 3031 Τίνα
2191 2994 2228 3032 δέ
2246 3010 2350 3045 φησιν

1329 3055 1421 3102 ἥξειν
1440 3056 1473 3092 ἐν
1489 3055 1538 3104 τῷ
1553 3051 1696 3102 ὀνόματι
1714 3054 1762 3102 τῷ
1778 3051 1852 3102 ἰδίῳ
1867 3067 1876 3098 3
1892 3053 1962 3090 Τὸν
1974 3053 2191 3106 ἀντίχριστον
2207 3057 2350 3093 ἐνταῦθα

1393 3184 1405 3207 s
1432 3183 1471 3213 In
1485 3177 1598 3212 Morel.
1618 3182 1652 3217 ὡς
1668 3177 1769 3209 deest.

1395 3244 1407 3263 ς
1432 3230 1533 3265 Savil.
1551 3234 1684 3270 διώκετε,

1397 3295 1409 3308 a
1434 3281 1550 3315 Morcl-
1568 3287 1731 3326 βασκανίαν
1748 3282 1996 3323 ἐγκαλύπτοντας.

1708 3235 1789 3274 εἴπερ
1808 3232 1891 3267 αὐτὸς
1906 3240 2055 3275 ,αῑιγιῐυιῑὲι
2070 3246 2131 3274 μα.
