2481 3678
83 669 265 706 lsai.1.19.

279 199 307 243 13
744 212 780 240 s.
818 210 1000 240 Jomtvis
1037 209 1279 239 0111115051.

280 295 360 332 tatis
385 307 497 345 genus
523 293 600 331 est?
621 295 783 330 Attamen
810 292 899 329 latro
927 291 986 329 ille
1013 290 1057 328 ad
1081 303 1260 327 summum

278 355 422 393 virtutis
447 354 584 406 apicem
609 352 727 391 statim
747 352 919 404 pervenit,
942 360 975 389 et
1002 350 1036 387 in
1056 349 1262 402 paradisum

278 416 379 463 abiit,
397 429 461 454 nec
490 415 656 468 plurimis
682 413 823 463 diebus,
840 427 904 450 nee
926 411 1075 449 dimidio
1094 411 1152 448 die
1173 424 1263 462 opus

280 477 418 525 babuit,
439 476 500 514 sed
525 475 623 513 brevi
654 483 790 512 tantum
817 482 1004 511 momento.
1027 474 1152 522 Itaque
1182 471 1264 508 licet

280 547 420 590 repente
447 537 596 585 mutari,
623 546 656 574 et
679 549 825 573 aureum
851 548 895 572 ex
924 534 1019 572 luteo
1046 534 1148 571 effici.
1172 533 1263 570 Cum

281 600 376 637 enim
395 614 507 650 neque
527 599 651 646 virtus,
664 612 776 648 neque
794 596 922 635 vitium
944 610 989 633 ex
1007 594 1262 642 naturainsisst,

282 660 396 697 facilis
416 670 466 697 est
486 659 648 707 mutatio,
666 658 762 696 omni
780 656 982 695 necessitate
1000 656 1123 693 libera.
1142 655 1182 693 Si
1196 668 1263 692 vo—

285 722 432 759 lueritis
445 729 480 758 et
491 721 692 758 audieritis
705 733 778 768 me,
796 717 922 769 inquit,
934 720 1034 754 bona
1050 726 1157 754 terrae
1167 730 1263 753 com-

282 783 412 820 edetis.
434 781 564 821 Viden’
594 781 667 819 sola
692 794 781 832 opus
813 792 886 816 esse
905 778 1088 816 voluntate
1108 792 1115 812 :
1135 777 1262 815 volun-

281 853 368 891 tate,
388 843 544 893 inquam,
567 857 635 880 11011
664 841 805 893 vulgari
830 841 891 877 illa
917 854 993 891 quae
1025 838 1261 890 plurimorum

279 913 343 946 est,
364 904 425 941 sed
452 903 627 954 diligenti.
661 902 743 940 Scio
767 901 900 953 quippe
927 914 1047 938 omnes
1072 900 1107 936 in
1135 899 1262 937 casluin

279 980 315 1002 ax
326 965 420 1001 olare
451 964 560 1013 velle5
584 963 645 1002 sed
673 963 836 1002 voluntas
864 962 1030 1013 operibus
1061 959 1263 998 exhibenda

280 1035 341 1063 est.
363 1025 547 1076 Siquidem
571 1034 744 1063 mereator
765 1024 842 1063 vult
860 1023 1043 1069 ditescere,
1064 1036 1174 1072 neque
1193 1036 1261 1061 vo-

281 1087 398 1123 luntas
424 1087 457 1123 in
483 1086 693 1137 cogitatione
713 1093 849 1122 tantum
867 1083 1046 1132 consistit,
1064 1081 1124 1119 sed
1143 1081 1263 1119 navim

282 1157 393 1199 parat,
411 1156 534 1184 nautas
564 1146 669 1196 cogit,
687 1145 958 1196 gubernatorem
986 1141 1144 1189 accersit,
1160 1150 1264 1178 01010-

282 1208 399 1257 risque
420 1207 584 1244 omnibus
600 1206 721 1243 navim
740 1205 891 1251 instruit,
915 1216 1043 1239 aurum
1062 1209 1261 1250 mutuatur,

283 1268 427 1318 pelagus
439 1267 581 1318 trajicit,
594 1267 628 1302 in
640 1265 860 1316 peregrinam
872 1272 1000 1300 terram
1008 1261 1261 1314 proficiscitur,

281 1327 434 1379 pericula
454 1326 566 1362 multa
581 1326 687 1373 subit,
703 1325 844 1372 aliaque
853 1323 1007 1373 plurima
1021 1321 1170 1372 patitur,
1186 1334 1264 1370 quae

280 1397 409 1426 norunt
431 1387 455 1424 ii
475 1386 536 1437 qui
556 1385 724 1436 navigare
738 1384 861 1422 solent.
881 1383 932 1420 Ita
962 1396 1024 1419 nos
1043 1390 1179 1433 oportet
1199 1396 1265 1420 vo-

280 1451 451 1487 luntatem
471 1448 650 1486 exhibere.
668 1446 887 1497 Navigamus
906 1454 939 1482 et
953 1457 1016 1481 1105
1032 1458 1183 1494 quoque,
1195 1458 1265 1482 11011

281 1511 325 1547 ab
346 1510 415 1547 alia
451 1509 487 1546 111
514 1509 621 1545 aliam
644 1517 789 1555 terram,
815 1505 875 1543 sed
901 1520 921 1542 a
950 1514 1041 1542 terra
1063 1505 1100 1542 in
1127 1505 1263 1542 eaelum.

281 1573 354 1609 Nos
386 1584 468 1620 ergo
500 1578 615 1607 mente
639 1581 852 1619 apparemus
879 1565 925 1603 ad
957 1565 1262 1617 gubernationem,

281 1646 358 1682 quae
391 1645 453 1667 nos
483 1643 631 1681 superne
660 1628 779 1677 ducat,
800 1641 840 1665 ac
870 1636 994 1664 nautas
1023 1627 1265 1677 obsequentes,

282 1693 495 1742 lii-mamque
515 1691 635 1729 navim
656 1689 758 1727 nobis
778 1702 1032 1740 comparemus,
1054 1702 1097 1725 ne
1119 1688 1266 1725 calami—

283 1763 351 1791 tate
374 1753 528 1803 quadam
553 1750 712 1789 saeculari
736 1750 790 1789 vel
809 1749 975 1787 moestitia
1003 1748 1264 1800 demergamur,

281 1829 367 1853 neve
395 1813 605 1865 arrogantiaae
638 1812 767 1864 spiritu
803 1812 1008 1860 efferamur,
1027 1810 1088 1848 sed
1110 1811 1205 1849 leves
1233 1820 1266 1848 et

282 1876 437 1928 expediti
463 1876 584 1913 simus.
610 1875 648 1913 Si
678 1875 724 1912 ita
758 1874 896 1923 navim,
929 1874 1201 1924 gubernatorem
1232 1882 1265 1911 et

283 1947 405 1975 nautas
424 1952 601 1989 paremus,
618 1935 773 1973 seeundo
793 1944 899 1974 vento
915 1934 1177 1985 navigabimus,
1200 1936 1264 1972 Fi-

281 1999 438 2048 liumque
453 1998 532 2043 Dei,
551 2011 675 2035 verum
706 1996 992 2046 gubernatorem,
1012 1994 1058 2032 ad
1075 2009 1138 2032 1105
1156 2005 1264 2033 attra-

281 2060 418 2108 110111115,
439 2058 499 2108 qui
519 2072 588 2095 11011
612 2057 702 2094 511101
721 2057 888 2108 scapham
909 2065 1064 2093 nostram
1080 2055 1239 2107 demergi
1256 2072 1263 2092 :

283 2120 343 2157 sed
362 2120 443 2157 11001
469 2119 645 2156 innumeri
668 2119 801 2170 spirent
822 2117 928 2166 venti,
945 2126 1065 2155 ventos
1080 2117 1266 2155 illeinere-

282 2182 382 2233 pabit
402 2190 434 2218 et
451 2195 561 2229 inare,
582 2190 615 2217 et
638 2179 713 2219 vice
729 2179 890 2231 procella:
908 2178 1200 2229 tranquillitatem
1217 2179 1266 2215 es-

284 2242 378 2279 110101
398 2255 574 2293 magnam.

338 2549 372 2583 4.
390 2547 448 2583 Sic
468 2547 658 2597 comparati
679 2546 723 2584 ad
740 2555 942 2598 sequentem
958 2545 1113 2584 accedite
1131 2544 1266 2582 concio-

286 2622 379 2650 110111,
411 2606 437 2643 51
464 2616 575 2642 tamen
598 2607 748 2656 cupiatis
766 2608 851 2644 utile
875 2605 1060 2657 quidpiam
1080 2604 1215 2654 audire,
1235 2614 1268 2643 01

286 2667 319 2703 111
343 2675 458 2703 11101110
490 2679 663 2715 reponere.
698 2666 809 2703 Nemo
838 2666 883 2703 sit
910 2666 983 2714 via,
1016 2680 1118 2703 nemo
1145 2675 1267 2718 petra,

286 2742 386 2764 1101110
403 2726 512 2777 spinis
532 2725 696 2776 repletus.
713 2725 898 2762 Faciamus
916 2741 979 2763 1105
994 2726 1087 2777 ipsos
1104 2727 1267 2766 novales:

285 2788 405 2837 sicque
427 2786 549 2823 libenti
579 2785 698 2822 animo
730 2785 860 2821 semina
886 2786 1075 2836 jaciemus,
1097 2787 1125 2825 51
1145 2801 1269 2840 nempe

286 2858 415 2885 terram
447 2861 573 2899 puram
595 2845 779 2883 videamus
792 2861 801 2893 ;
825 2846 876 2882 sin
906 2855 1023 2883 eontra
1044 2858 1218 2898 petrosam
1236 2858 1269 2887 et

285 2923 459 2961 asperam,
495 2906 664 2958 ignoscite
685 2906 712 2943 si
737 2905 890 2943 nolimus
921 2905 1051 2943 frustra
1081 2907 1263 2946 laborare:

288 2984 368 3006 nam
395 2969 422 3006 si
446 2983 465 3006 a
488 2967 629 3005 ferendo
659 2966 877 3015 desistentes,
914 2966 1122 3017 eoeperhnus
1151 2967 1268 3017 spinas

287 3030 446 3077 evellere,
459 3038 541 3066 tunc
552 3037 718 3065 extremae
732 3026 914 3063 dementiae
925 3035 1011 3063 esset
1024 3024 1059 3062 in
1072 3034 1200 3062 terram
1216 3027 1267 3064 in-

331 3162 346 3185 b
372 3160 448 3191 Mss.
460 3158 527 3190 dno
545 3159 591 3199 [et
601 3156 768 3198 Cod.706]
780 3160 810 3190 οὐ
823 3161 926 3202 φυσικὰ
940 3161 990 3198 τά,
1006 3166 1072 3187 11011
1084 3153 1180 3187 male.
1198 3154 1291 3186 ldem

287 3211 384 3252 paulo
401 3218 475 3251 post
492 3216 541 3244 ἐὰν
558 3216 615 3256 γὰρ
634 3214 749 3247 θέλητε.

331 3269 341 3280 ‘
366 3262 426 3292 Alii
443 3267 668 3302 κατασκευάζει.

331 3314 341 3330 ’“
368 3311 512 3351 Quidam
529 3320 661 3347 msam-a.
678 3310 793 3353 [Paulo
812 3318 888 3342 ante
906 3307 1040 3351 quidam
1058 3311 1290 3351 π),ευσοὺμεθα..]

331 3380 341 3389 ι·
373 3363 429 3395 Atii
458 3362 740 3398 QmOe'vOmJ'aulo
755 3371 828 3405 post
853 3373 934 3394 unus
945 3360 1057 3393 Codex
1077 3361 1133 3404 qui
1150 3359 1290 3401 scriptus

1294 2508 1318 2572 >a

1319 211 1520 242 ARCHIEP.
1562 212 1760 241 censuum
1769 212 1916 241 'smoth

1334 291 1392 329 καὶ
1408 294 1441 330 ἐν
1459 299 1523 344 μιᾶΙ
1539 295 1627 344 ῥοπῆ
1648 294 1855 344 μεταθέσθαι
1876 295 1932 333 τὸν
1951 293 2022 345 βίον
2044 294 2193 332 ἅπαντα.
2209 295 2256 332 Τί
2275 295 2362 348 γὰρ,

1335 352 1409 391 εἰπέ
1426 369 1505 403 μοι,
1521 356 1648 405 λῃστοῦ
1663 355 1722 392 καὶ
1739 356 1945 408 ἀνδροφόνου
1961 361 2074 408 χεῖρον
2088 371 2097 401 ;
2113 354 2189 406 οὐχὶ
2199 355 2238 393 τὸ
2258 356 2363 407 ἔσχα-

1334 428 1391 450 τον
1415 419 1515 453 τοῦτο
1536 418 1598 461 τῆς
1619 414 1743 458 κακίας
1772 410 1858 460 εἶδός
1886 420 1996 464 ἐστιν;
2020 416 2110 454 Ἀλλ’
2132 415 2226 466 ὅμως
2249 419 2296 460 εἷς
2325 417 2364 455 τὸ

1336 474 1439 527 ἄκρον
1452 477 1514 521 τῆς
1532 478 1656 526 ἀρετῆς
1672 476 1794 520 εὐθέως
1808 476 1954 528 ἔφθασε,
1970 477 2029 515 καὶ
2047 479 2094 520 εἷς
2114 476 2213 515 αὐτὸν
2229 476 2364 529 ἐχώρη-

1337 548 1374 570 σε
1393 534 1449 572 τὸν
1466 535 1676 586 παράδεισον
1690 552 1697 559 ·
1718 539 1783 588 οὐχ
1807 540 1947 589 ἡμερῶν
1965 536 2095 583 δεηθεὶς
2109 567 2119 584 ,
2138 539 2202 589 οὐχ
2216 537 2364 587 ἡμίσους

1335 594 1490 646 ἡμέρας,
1519 596 1608 634 ἀλλὰ
1631 597 1798 649 βραχείας
1825 601 1943 650 ῥοπῆς.
1967 596 2078 643 “stem
2101 597 2229 641 ἔξεστιν
2264 599 2361 649 ἄφνω

1337 657 1570 707 μεταθέσθαι,
1607 659 1666 696 καὶ
1704 659 1860 711 γενέσθαι
1899 658 2043 711 χρύσεον
2087 659 2163 696 ἀντὶ
2201 659 2359 706 πηλίνου.

1335 716 1480 765 Ἐπειδὴ
1496 719 1563 771 γὰρ
1583 719 1598 739 ¹¹
1610 722 1646 758 οὗ
1664 721 1762 772 φύσει
1782 720 1825 759 τὰ
1853 724 1915 766 τῆς
1935 723 2059 772 ἀρετῆς
2080 719 2139 757 καὶ
2153 723 2215 767 τῆς
2230 720 2354 763 κακίας

1337 778 1440 826 ἐστὶν,
1457 778 1594 824 εὔκολος
1608 785 1629 828 ἡ
1654 781 1833 831 μετάθεσις
1848 812 1857 828 ,
1877 782 1994 828 πάσης
2017 781 2170 833 ἀνάγκης
2199 783 2354 829 ἀπηλλα-

1337 839 1462 890 γμένη.
1479 839 1564 878 Ἐὰν
1585 841 1707 889 θέλητε
1722 843 1780 880 καὶ
1801 841 2025 889 εἷσακούσητέ
2053 858 2118 893 μου
2135 872 2146 891 ,
2178 843 2282 894 φησὶ,
2309 841 2354 879 τὰ

1334 899 1448 951 ἀγαθὰ
1466 903 1527 946 τῆς
1545 905 1607 952 γῆς
1623 902 1781 954 φάγεσθε.
1803 902 1911 956 Ὁρᾷς
1930 902 1982 940 ὅτι
2004 902 2198 953 βουλήσεως
2221 904 2270 940 δεῖ
2293 901 2353 954 μο-

1333 977 1412 1008 νης;
1433 962 1644 1012 βουλήσεως,
1662 965 1699 1000 οὐ
1715 967 1777 1010 τῆς
1791 967 1906 1010 κοινῆς
1925 963 2025 1014 μόνον
2048 962 2191 1009 ταύτης,
2211 966 2272 1008 τῆς
2287 964 2355 999 τῶν

1335 1024 1485 1070 πολλῶν,
1520 1022 1609 1060 ἀλλὰ
1642 1027 1704 1069 τῆς
1745 1023 2037 1074 ἐσπουδασμένης.
2066 1023 2168 1061 Ἐπεὶ
2201 1023 2356 1065 ἅπαντας

1336 1077 1411 1121 οἶδα
1428 1085 1473 1127 εἷς
1487 1085 1543 1122 τὸν
1559 1085 1699 1136 οὐρανὸν
1717 1084 1876 1128 θέλοντας
1896 1088 2091 1131 ἀναπτῆναι
2104 1088 2174 1131 νῦν,
2192 1083 2282 1122 ἀλλὰ
2300 1082 2357 1121 διὰ

1336 1145 1404 1180 τῶν
1437 1143 1545 1195 ἔργων
1566 1146 1616 1182 δεῖ
1634 1144 1696 1191 τὴν
1715 1145 1853 1190 θέλησιν
1882 1145 2126 1189 ἐπιδείξασθαι.
2155 1145 2226 1183 Καὶ
2246 1144 2314 1196 γὰρ
2340 1146 2358 1180 ὃ

1338 1202 1487 1254 ἔμπορος
1504 1204 1593 1242 θέλει
1609 1207 1779 1251 πλουτεῖν,
1796 1207 1871 1243 ἀλλ’
1890 1208 1927 1243 οὐ
1951 1206 2056 1255 μέχρι
2071 1209 2133 1250 τῆς
2150 1205 2299 1247 διανοίας
2319 1204 2359 1240 τὸ

1337 1262 1446 1300 θέλειν
1467 1262 1615 1308 ἵστησιν,
1632 1265 1722 1299 ἀλλὰ
1737 1266 1796 1298 καὶ
1810 1266 1926 1300 πλοῖον
1948 1264 2281 1311 εκατασκευάζεται,
2299 1263 2359 1300 καὶ

1339 1321 1478 1371 συνάγει
1498 1321 1643 1369 ναύτας,
1663 1322 1722 1359 καὶ
1748 1325 1947 1375 παρακαλεῖ
1968 1323 2193 1375 κυὸερνήτην,
2212 1323 2272 1362 καὶ
2291 1329 2360 1367 τοῖς

1340 1382 1456 1426 ἄλλοις
1488 1382 1598 1422 ἅπασι
1626 1384 1875 1428 κατασκευάζει
1895 1385 1934 1422 τὸ
1965 1386 2096 1432 πλοῖον,
2129 1386 2188 1423 καὶ
2219 1385 2359 1438 χρυσίον

1341 1443 1543 1492 δανείζεται,
1557 1443 1613 1481 καὶ
1630 1451 1720 1496 περᾷ
1733 1444 1893 1496 πέλαγος,
1909 1445 1968 1483 καὶ
1983 1448 2029 1489 εἷς
2047 1445 2142 1493 ξένην
2154 1435 2271 1485 άπεισι
2282 1450 2359 1499 γῆν,

1340 1504 1398 1542 καὶ
1417 1505 1590 1549 κινδύνους
1609 1505 1773 1556 ὑπομένει
1793 1505 1961 1554 πολλοὺς,
1985 1506 2044 1545 καὶ
2065 1506 2109 1545 τὰ
2132 1507 2222 1545 ἅλλα
2245 1507 2359 1547 πάντα

1340 1566 1428 1619 ἅπερ
1454 1566 1567 1604 ἴσασιν
1595 1569 1626 1604 οἱ
1658 1566 1721 1613 τὴν
1750 1567 1924 1605 θάλατταν
1957 1568 2127 1612 πλέοντες.
2162 1568 2268 1606 Οὕτω
2302 1570 2360 1607 καὶ

1338 1631 1432 1677 ἡμᾶς
1447 1629 1497 1665 δεῖ
1514 1627 1576 1675 τὴν
1596 1627 1758 1679 βούλησιν
1776 1628 2019 1673 ἐπιδείξασθαι.
2036 1628 2195 1680 Πλέομεν
2215 1630 2282 1683 γὰρ
2303 1631 2360 1668 καὶ

1338 1692 1439 1738 ἡμεῖς
1457 1690 1576 1736 πλοῦν,
1598 1691 1636 1726 οὔ
1654 1689 1711 1726 τὸν
1733 1689 1802 1727 ἀπὸ
1820 1692 1882 1741 γῆς
1911 1691 1957 1733 εἷς
1987 1693 2064 1740 γῆν,
2093 1690 2182 1728 ἀλλὰ
2207 1691 2264 1728 τὸν
2292 1691 2362 1729 ἀπὸ

1338 1752 1402 1800 γῆς
1416 1751 1461 1792 εἷς
1476 1749 1628 1801 οὐρανόν.
1645 1749 1972 1800 Κατασκευάσωμεν
1986 1743 2043 1787 οὖν
2055 1750 2112 1788 τὸν
2126 1752 2292 1802 λογισμὸν
2303 1752 2361 1790 τὸν

1338 1810 1504 1862 ἡμέτερον
1525 1811 1609 1862 πρὸς
1629 1810 1831 1863 κυὲέρνησιν
1857 1811 2048 1857 ἐπιτήδειον
2069 1809 2131 1857 τὴν
2149 1811 2219 1849 ἅνω
2239 1811 2361 1864 φέρου-

1339 1886 1414 1918 σαν,
1431 1870 1490 1908 καὶ
1508 1870 1633 1914 ναύτας
1650 1873 1743 1922 αὐτῷ
1762 1870 1973 1918 πειθηνίους,
1993 1871 2051 1908 καὶ
2071 1873 2188 1909 πλοῖον
2211 1873 2360 1923 στερεὸν,

1338 1931 1427 1970 ὥστε
1453 1931 1542 1982 μήτε
1569 1931 1771 1983 περιστάσει
1787 1931 1846 1968 καὶ
1868 1930 1999 1984 ἀθυμία
2023 1932 2249 1982 βαπτίζεσθαι
2270 1935 2359 1984 βιω-

1337 1995 1416 2043 τικῆ
1430 2022 1438 2037 ,
1456 1992 1544 2042 μήτε
1558 1991 1759 2035 ἀλαζονείας
1773 1991 1975 2042 ἐπαίρεσθαι
1997 1991 2187 2042 πνεύματι,
2206 1995 2282 2030 ἀλλ’
2305 1993 2362 2031 εὔ-

1339 2056 1441 2097 ζωνον
1459 2046 1545 2090 εἶναι
1564 2053 1622 2090 καὶ
1642 2056 1776 2104 κοῦφον.
1790 2050 1850 2090 Ἂν
1871 2053 1959 2090 οὕτω
1977 2051 2039 2102 μὲν
2062 2052 2101 2090 τὸ
2123 2055 2255 2101 πλοῖον,
2272 2053 2362 2091 οὕτω

1340 2114 1374 2153 δὲ
1396 2115 1452 2153 τὸν
1481 2113 1694 2166 κυὸερνήτην
1712 2113 1770 2151 καὶ
1787 2112 1865 2155 τοὺς
1884 2112 2009 2156 ναύτας
2025 2113 2361 2165 παρασκευάσωμεν,

1340 2176 1374 2220 ἐξ
1405 2175 1526 2229 οὐρίων
1553 2175 1795 2225 πλευσόμεθα,
1815 2174 1874 2211 καὶ
1903 2174 1960 2212 τὸν
1991 2175 2074 2211 Υἱὸν
2103 2178 2162 2212 τοῦ
2187 2176 2278 2212 Θεοῦ
2304 2175 2361 2213 τὸν

1341 2240 1452 2285 ἀληθῆ
1481 2237 1694 2289 κυίῖερνήτην
1728 2234 1991 2286 ἐπισπασάμεθα
2018 2235 2103 2287 πρὸς
2136 2235 2293 2278 ἑαυτούς·
2327 2235 2363 2277 ὃς

1341 2302 1402 2338 οὐκ
1437 2300 1562 2352 ἀφήσει
1594 2301 1827 2350 βαπτισθῆναι
1852 2297 1892 2334 τὸ
1922 2295 2052 2347 σκάφος
2070 2300 2167 2347 ἡμῖν,
2188 2296 2277 2334 ἀλλὰ
2300 2295 2363 2333 κᾶν

1343 2361 1458 2413 μυρίοι
1476 2360 1694 2399 ἁπνεύσωσιν
1711 2359 1847 2407 ἄνεμοι,
1870 2356 1929 2394 καὶ
1944 2362 2014 2399 τοῖς
2030 2356 2170 2406 ἀνέμοις
2192 2356 2361 2406 ἐπιτιμή-

1343 2437 1411 2469 σει,
1427 2420 1486 2458 καὶ
1499 2422 1542 2469 τῆ
1559 2418 1711 2469 θαλάττῃ
1726 2448 1735 2466 ,
1749 2417 1809 2455 καὶ
1824 2417 1898 2454 ἀντὶ
1913 2416 2018 2454 σάλου
2032 2416 2162 2463 πολλὴν
2181 2416 2361 2468 ἐργάσεται

1342 2481 1404 2528 τὴν
1424 2480 1588 2532 γαλήνην.

1396 2541 1727 2584 Κατασκευάσαντες
1739 2539 1848 2577 τοίνυν
1865 2537 2004 2582 ἑαυτοὺς
2019 2538 2126 2583 οὕτως
2138 2568 2146 2585 ,
2160 2541 2202 2590 τῆ
2220 2540 2361 2592 ἐπιούσῃ

1342 2603 1578 2657 παραγένεσθε
1595 2605 1637 2653 τῆ
1655 2599 1840 2653 ἐκκλησίᾳ,
1863 2599 1893 2637 εἴ
1911 2615 1950 2650 γε
1971 2600 2265 2653 περισπούδαστον
2281 2603 2361 2651 ὑμῖν

1342 2680 1375 2702 τι
1393 2666 1460 2701 τῶν
1477 2661 1660 2715 χρησίμων
1683 2663 1828 2699 ἀκοῦσαι
1848 2659 1907 2698 καὶ
1926 2665 1939 2680 ²¹
1952 2660 2177 2698 ἐναποθέσθαι
2192 2660 2237 2697 τὰ
2258 2661 2360 2712 λεγό-

1344 2741 1431 2775 μενα
1445 2727 1487 2775 τῆ
1508 2725 1616 2774 ψυχῇ.
1638 2721 1769 2768 Μηδεὶς
1785 2721 1858 2763 ὁδὸς
1878 2720 1985 2766 ἔστω,
2007 2720 2126 2769 μηδεὶς
2145 2720 2274 2772 πέτρα,
2296 2737 2363 2770 μη-

1344 2785 1410 2829 δεὶς
1443 2786 1600 2821 ἀκανθῶν
1636 2781 1919 2834 πεπληρωμένος.
1970 2779 2180 2829 Ποιήσωμεν
2224 2780 2363 2824 ἑαυτοὺς

1341 2845 1527 2896 νεώματα·
1549 2842 1638 2881 οὕτω
1668 2842 1735 2894 γὰρ
1764 2841 1824 2879 καὶ
1850 2845 1951 2891 ἡμεῖς
1980 2839 2067 2890 μετὰ
2099 2839 2292 2891 προθυμίας
2319 2841 2363 2878 τὰ

1343 2906 1527 2958 σπέρματα
1553 2901 1831 2951 καταὸαλοῧμεν,
1848 2900 1906 2938 ἐὰν
1923 2900 2051 2950 ἴδωμεν
2077 2900 2140 2946 τὴν
2169 2903 2233 2951 γῆν
2255 2904 2362 2938 καθα-

1345 2968 1404 3020 ράν
1417 2982 1424 2990 ·
1446 2965 1503 3004 ἐὰν
1531 2963 1566 3002 δὲ
1591 2962 1719 3008 λιθώδη
1739 2962 1797 2999 καὶ
1815 2967 1994 3014 τραχεῖαν,
2018 2959 2192 3011 σύγγνωτε
2212 2960 2260 3010 μὴ
2277 2963 2361 3010 βου-

1341 3026 1497 3078 λομένοις
1519 3027 1593 3075 εἰκῇ
1624 3025 1817 3061 πονεῖσθαι·
1842 3023 1871 3059 εἰ
1904 3020 1972 3071 γὰρ
2004 3022 2043 3059 τὸ
2072 3021 2224 3073 σπείρειν
2256 3021 2360 3071 ἀφέν-

1358 3164 1408 3188 est
1433 3166 1520 3187 anno
1548 3155 1649 3195 1072,
1669 3159 1705 3184 ut
1730 3153 1762 3183 in
1789 3159 1867 3183 nota
1894 3151 2037 3193 quadam
2063 3151 2177 3191 fertur,
2197 3159 2363 3194 ποιήσωμεν

1359 3209 1479 3244 ἑαυτοὺς
1496 3213 1646 3248 νεώματα.
1665 3205 1738 3235 ΙΙοο
1754 3201 1856 3235 modo
1873 3202 2101 3244 suspicabatur
2115 3201 2287 3245 legendum
2303 3203 2362 3234 Sa-

1358 3258 1467 3298 vilius,
1487 3265 1520 3289 et
1537 3264 1624 3288 reete
1649 3253 1805 3297 quidem,
1824 3266 1900 3287 nam
1918 3266 2015 3297 supra
2033 3254 2149 3297 legitur
2172 3258 2274 3297 μηδεὶς
2300 3258 2362 3292 ὀὖὸς

1358 3314 1442 3343 ἔστω.
1460 3309 1549 3341 Editi
1566 3313 1687 3345 ἑαυτοῖς-
