2522 3683
98 2852 190 2878 Joan.
218 2849 263 2877 16.

103 2900 149 2918 12.

103 2932 177 2960 llud.
195 2932 282 2962 3.12.

298 205 391 252 922

297 284 430 325 creavit
446 282 639 330 hominem,
666 293 736 318 non
754 281 830 331 lege
851 288 999 327 naturae,
1014 291 1084 317 non
1108 288 1277 331 tempore,

296 351 365 377 non
399 337 555 373 humano
580 333 710 371 semine
730 347 827 381 usus,
860 331 921 370 sed
951 331 1025 369 solo
1060 346 1097 370 as
1124 341 1216 379 ectu,
1237 346 1278 369 ac

295 389 473 443 spirituali
494 396 682 437 sanctaque
696 388 843 435 virtute,
863 384 1053 436 Virginem
1071 346 1121 422 ml)
1147 394 1279 422 ‘artum

298 443 420 491 movit,
441 440 682 490 ineffabilique
704 438 807 476 modo
836 438 1006 475 infantem
1038 437 1074 475 in
1104 400 1165 475 illa
1193 451 1279 476 con-

295 495 412 533 texuit
430 503 469 531 ut
482 493 748 542 vestimentum,
765 490 811 528 ad
825 490 975 528 salutem
989 490 1280 528 hominmn.Haec

298 548 443 599 quidem
464 546 511 584 ita
537 560 572 583 se
598 545 739 582 habent.
760 544 832 582 Nos
861 552 978 581 autem
1008 557 1073 595 pro
1097 543 1168 580 illis
1202 556 1279 592 quae

298 600 473 644 diximus,
492 598 642 651 gloriam
669 598 745 635 Deo
766 627 777 647 ,
813 596 875 646 qui
901 604 1045 649 propter
1075 609 1138 634 nos
1172 594 1280 632 homo

298 654 411 691 factus
441 661 505 699 est,
542 651 759 688 referamus:
783 649 868 700 quia
900 649 968 701 ipsi
1000 648 1126 700 gloria,
1148 660 1281 685 necnon

301 706 398 744 Patri
424 714 456 742 et
491 712 610 742 sancto
642 702 807 756 Spiritui,
829 702 865 739 in
896 701 1026 739 saecula
1059 701 1281 740 saeculorum.

303 763 415 796 Amen
424 787 430 795 .

1242 198 1420 228 SPUtttA.

1346 279 1526 331 ἄνθρωπον
1546 281 1583 317 οὐ
1601 277 1698 330 νόμῳ
1713 277 1866 330 φύσεως,
1886 279 1924 316 οὐ
1941 276 2075 329 χρόνῳ,
2095 277 2155 315 οὐκ
2170 277 2375 330 ἀνθρωπίνῳ

1347 332 1544 384 σπέρματι,
1562 333 1638 370 ἀλλ’
1656 331 1732 382 ὄψει
1754 330 1868 380 μόνον,
1887 336 1989 383 νοερᾶΙ
2005 345 2043 367 τε
2061 329 2120 367 καὶ
2133 329 2215 381 ἁγίᾳ
2231 329 2378 380 δυνάμει

1347 386 1433 438 πρὸς
1460 386 1585 427 ὠδῖνας
1611 382 1675 430 τὴν
1706 383 1883 436 Παρθένον
1914 382 2084 430 ἐκίνησεν,
2107 382 2312 435 ἀποῤῥήτως
2342 383 2376 419 ἐν

1350 440 1438 489 αὐτῇ
1456 438 1495 475 τὸ
1513 439 1636 489 βρέφος
1655 436 1785 489 ὑφάνας
1798 466 1807 483 ,
1823 437 1870 478 ὣς
1888 434 2043 485 ἱμάτιον,
2065 435 2122 473 ἐπὶ
2136 434 2294 487 σωτηρίᾳ
2308 436 2376 472 τῶν

1351 490 1555 543 ἀνθρώπων.
1576 492 1700 528 Ταῦτα
1719 487 1780 538 μὲν
1799 487 1926 531 οὕτως·
1946 491 2048 537 ἡμεῖς
2066 487 2101 526 δὲ
2121 486 2209 540 ὑπὲρ
2237 489 2306 524 τῶν
2329 489 2378 524 εἷ-

1354 543 1509 596 ρημένων
1537 542 1635 586 δόξαν
1674 544 1724 594 τῷ
1759 542 1801 578 δι’
1835 544 1928 591 ἡμᾶς
1962 540 2267 592 ἐνανθρωπήσαντι
2296 541 2378 590 Θεῷ

1352 596 1631 647 ἀναπέμψοηιεν,
1650 593 1702 633 ὅτι
1723 595 1815 644 αὐτῷ
1831 596 1853 639 ἡ
1880 592 1960 636 δόξα
1978 593 2037 630 καὶ
2055 595 2105 643 τῷ
2123 592 2239 644 Πατρὶ
2254 591 2312 630 καὶ
2327 593 2378 643 τῷ

1351 649 1438 702 ἁγίῳ
1458 648 1663 699 Πνεύματι,
1683 649 1730 690 εἷς
1750 645 1829 688 τοὺς
1850 647 1978 689 αἰῶνας
1995 647 2063 682 τῶν
2080 644 2227 683 αἰώνων.
2254 644 2376 695 Ἀμήν.

1069 997 1616 1081 MONITUM

846 1186 916 1232 IN
972 1183 1329 1232 HOMILIAM
1384 1182 1839 1244 SEQUENTEM.

352 1338 433 1375 Non
452 1344 504 1373 est
519 1333 620 1386 quod
640 1331 764 1371 lectori
791 1331 996 1385 probemus,
1028 1340 1063 1369 et
1087 1329 1305 1382 argumentis
1325 1328 1619 1380 demonstremus,
1639 1329 1731 1368 hanc
1744 1330 1932 1369 homiliam
1960 1329 2106 1383 perinde
2124 1340 2230 1382 atque
2254 1345 2385 1384 praece-

299 1400 421 1438 dentes
441 1411 617 1437 sermones
629 1396 892 1449 supposititiam
910 1409 995 1433 esse.
1011 1395 1091 1448 Ipsa
1107 1408 1160 1432 res
1174 1408 1238 1446 per
1253 1407 1289 1432 se
1304 1393 1444 1431 clamat.
1458 1393 1616 1431 Ubinam
1632 1394 1907 1446 Chrysostomus
1922 1394 1970 1432 ita
1982 1393 2150 1444 balbutit,
2164 1403 2204 1432 ut
2218 1395 2278 1433 hic
2289 1396 2384 1446 quis-

300 1462 379 1514 quis
408 1461 551 1500 tandem
585 1460 631 1498 sit
651 1459 867 1498 Graeculus?
887 1458 990 1511 eujus
1014 1457 1229 1510 opusculum
1251 1470 1324 1495 non
1356 1456 1392 1494 in
1427 1456 1616 1508 publicum
1633 1456 1884 1507 emisissemus,
1903 1456 1972 1495 nisi
2007 1457 2165 1496 Savilius
2194 1458 2268 1510 jam
2292 1458 2383 1497 inter

300 1522 591 1576 ἀμφιῧαλλόμενα
613 1519 791 1559 edidisset.

299 1766 348 1800 [ιι
363 1763 621 1815 proditionem
647 1761 874 1806 servatoris,
901 1766 936 1796 et
954 1761 996 1796 ιή
1024 1758 1209 1796 lotionem
1222 1771 1288 1809 pe-

743 1821 849 1858 dum.

354 1949 368 1984 1
385 1976 391 1984 .
423 1947 564 1986 Vellem
584 1944 699 1983 crucis
721 1941 978 1995 speculationes
991 1941 1027 1979 in
1050 1941 1154 1978 finem
1171 1939 1287 1979 dedu-

301 2014 390 2047 cere,
416 2014 484 2037 non
507 1998 609 2049 quasi
643 2011 741 2035 sensa
762 2003 985 2045 assequutus,
1008 1993 1069 2032 sed
1097 2003 1136 2031 ut
1164 2007 1203 2031 ea
1222 2007 1288 2045 pro

300 2052 396 2090 virili
415 2052 582 2089 fidelibus
601 2063 791 2102 exponam.
813 2049 891 2086 Non
908 2047 1005 2085 deest
1023 2047 1158 2099 quippe
1175 2060 1288 2084 sermo

299 2105 343 2142 ad
372 2105 496 2143 divina
521 2103 662 2153 eloquia
681 2100 912 2154 explicanda3
933 2114 1061 2137 verum
1079 2099 1175 2137 (licta
1190 2113 1287 2137 com-

299 2158 416 2196 metiri
436 2166 574 2209 oportet
599 2170 681 2194 eum
699 2152 856 2192 humana
884 2153 1063 2199 facultate,
1087 2167 1157 2190 non
1185 2151 1287 2203 quasi

298 2211 375 2263 ipsa
390 2211 544 2248 sufficiat
558 2209 601 2247 atl
622 2206 987 2260 comprehensionem,
1011 2204 1071 2243 sed
1089 2205 1191 2256 quasi
1211 2206 1287 2243 Deo

301 2264 477 2316 praebente
493 2279 503 2311 ;
524 2276 591 2300 non
622 2270 753 2312 quanta
772 2260 857 2297 dare
876 2267 990 2312 potest
1011 2257 1041 2295 is
1059 2258 1120 2309 qui
1134 2257 1207 2307 dat,
1225 2257 1288 2296 sed

299 2326 429 2366 quanta
445 2325 557 2368 potest
571 2329 695 2367 capere
713 2314 741 2351 is
754 2313 814 2363 qui
828 2310 1288 2364 accipit.Quemadmodum

299 2370 394 2407 enim
411 2378 522 2406 mater
535 2367 677 2406 lactenti
699 2365 847 2418 puerulo
868 2379 996 2417 panem
1014 2373 1127 2416 potest
1143 2363 1286 2414 quidem

301 2422 467 2473 przebere,
481 2421 543 2459 sed
559 2421 672 2458 infans
684 2420 747 2457 illo
767 2417 819 2455 uti
833 2418 956 2468 nequit
973 2416 1041 2454 :ita
1053 2430 1115 2454 nee
1128 2417 1202 2454 Deo
1215 2415 1285 2453 im-

300 2474 468 2526 possibile
499 2483 549 2511 est
571 2473 728 2526 praebere
748 2470 958 2523 sapientiam
986 2469 1157 2559 ma{orem
1176 2478 1209 2506 et
1229 2484 1286 2506 su-

300 2527 560 2578 pernaturalem
570 2541 580 2575 ,
599 2525 661 2563 sed
678 2539 741 2562 nos
767 2537 891 2576 capere
910 2536 979 2561 non
997 2536 1042 2561 va
1060 2536 1170 2560 emus.
1194 2522 1286 2560 Cum

300 2580 392 2617 enim
416 2579 451 2616 in
471 2579 613 2617 mortali
635 2591 781 2629 corpore
801 2575 1017 2624 habitemus,
1049 2574 1287 2625 cognitionem

302 2632 439 2669 mortali
457 2641 591 2669 naturae
606 2638 855 2681 congruentem
867 2627 1074 2680 accipimus
1089 2627 1189 2665 Nihil
1202 2641 1285 2679 ergo

301 2685 402 2721 nobis
424 2686 520 2721 Deus
548 2685 716 2734 loquutus
735 2691 785 2719 est
816 2680 1009 2719 seeundum
1037 2679 1287 2732 perfectionem

301 2736 369 2773 sthi
398 2745 663 2787 competentem,
684 2735 745 2773 sed
775 2734 873 2772 dicta
894 2733 940 2771 ad
958 2747 1161 2771 mensuram
1180 2732 1284 2770 infir-

300 2789 433 2826 mitatis
449 2798 572 2826 nostrae
586 2787 804 2840 temperavit.
824 2786 909 2824 Ideo
923 2786 1063 2824 dicebat
1086 2786 1254 2824 Servator
1273 2801 1280 2821 :

304 2843 435 2878 ,Multa
458 2842 579 2878 liabeo
601 2843 737 2888 dicere,
756 2841 824 2877 sed
846 2853 923 2876 non
947 2841 1105 2890 potestis
1128 2847 1285 2890 portare

301 2896 413 2931 modo
426 2911 439 2938 ,·
457 2903 489 2930 et
508 2893 592 2930 alibi
615 2894 701 2931 dicit
720 2894 888 2931 servator
906 2893 937 2930 N
942 2891 1100 2929 icodemo
1117 2906 1124 2926 :
1144 2891 1184 2929 Si
1203 2899 1282 2928 ter-

298 2961 394 2985 rena
413 2948 495 2984 ‹lit-i
511 2948 635 2990 vobis,
656 2954 690 2982 ec
719 2959 796 2982 non
827 2945 996 2989 creditis,
1026 2944 1230 2995 quomode,
1251 2946 1285 2981 si

298 3001 432 3037 dixero
452 3000 564 3036 vobis
580 2998 763 3042 molestia,
783 2997 972 3034 credetis?
992 2997 1163 3034 Dicamus
1184 3008 1281 3046 ergO,

297 3053 372 3090 Deo
389 3050 647 3103 suppeditante,
668 3057 841 3098 quantum
860 3050 1015 3086 humana
1032 3049 1180 3086 facultas
1194 3049 1285 3086 ferre

295 3103 506 3156 potcst.t)t‹·i
521 3117 602 3140 vero
614 3102 768 3152 spatium
779 3101 879 3138 nobis
891 3100 1149 3152 praescinditur,
1164 3101 1285 3138 volen-

295 3158 391 3195 tibus
406 3156 554 3194 ulterius
573 3154 766 3206 speculari,
785 3153 1048 3203 prsrscinditur,
1066 3153 1225 3203 inquam,
1238 3153 1284 3190 ab

294 3210 573 3258 Exaugeliorum
593 3207 750 3244 lectione.
765 3207 899 3243 Verum
926 3205 1014 3242 illud
1036 3205 1105 3242 alio
1128 3215 1283 3256 tempore

293 3263 448 3311 dicetur,
462 3263 536 3314 jam
549 3261 592 3298 tle
609 3260 662 3306 iis,
674 3273 750 3309 qua·
763 3257 798 3294 in
810 3257 876 3294 liae
892 3256 949 3293 die
965 3265 1059 3306 gesta
1071 3266 1164 3304 sunt,
1174 3258 1281 3295 verba

293 3316 474 3353 faciamus.
497 3313 612 3351 Hodie
628 3312 792 3349 Christus
814 3309 881 3346 hoc
897 3308 1020 3359 quinto
1038 3309 1175 3346 sabbati
1206 3310 1281 3347 sive

1302 1756 1348 1781 242

1416 1758 1478 1801 Εἷς
1499 1756 1563 1803 τὴν
1589 1755 1776 1808 προδοσίαν
1800 1759 1860 1793 τοῦ
1881 1756 2065 1807 Σωτῆρος,
2086 1756 2146 1794 καὶ
2172 1755 2216 1794 τὰ
2240 1755 2328 1803 ἑξῆς.

1413 1940 1634 1992 Ἐὅουλόμην
1669 1942 1717 1984 εἷς
1743 1939 1839 1984 τέλος
1870 1939 2033 1977 διανύσαι
2064 1943 2123 1978 τοῦ
2160 1944 2308 2007 σταυροῦ
2339 1938 2384 1977 τὰ

1360 1994 1594 2063 θεωρήματα,
1622 1996 1685 2046 οὐχ
1714 1995 1760 2036 ὡς
1786 1996 1854 2031 τῶν
1883 1992 2065 2043 νοημάτων
2096 2008 2382 2046 περιγενόμενος,

1360 2048 1451 2085 ἀλλα
1470 2046 1514 2085 τὰ
1534 2047 1662 2085 δυνατὰ
1677 2051 1748 2089 τοῖς
1772 2052 1907 2089 πιστοῖς
1936 2045 2163 2095 ἐκτιθέμενος.
2184 2048 2260 2084 Οὐκ
2282 2048 2382 2097 ἀργεῖ

1358 2099 1426 2151 γὰρ
1449 2099 1550 2151 λόγος
1566 2100 1650 2151 πρὸς
1669 2098 1830 2151 ἐξήγησιν
1854 2101 1922 2136 τῶν
1942 2098 2039 2136 θείων
2061 2098 2199 2149 λογίων,
2220 2099 2296 2136 ἀλλ’
2316 2100 2381 2136 ἀν-

1360 2152 1514 2204 θρωπίνῃ
1532 2152 1677 2203 δυνάμει
1699 2157 1878 2203 μετρεῖται
1893 2151 1931 2188 τὸ
1945 2150 2144 2202 λεγόμενον,
2162 2153 2228 2203 οὐχ
2248 2153 2295 2194 ὡς
2315 2151 2382 2188 αὖ-

1358 2208 1419 2251 τῆς
1438 2209 1500 2252 τῆς
1519 2205 1696 2256 δυνάμεως
1718 2203 1890 2258 ἀρκούσης
1911 2204 2135 2249 καταλαὲεῖν,
2156 2204 2234 2242 ἀλλ’
2256 2206 2302 2247 ὡς
2320 2206 2381 2257 1ἰοῦ

1358 2260 1449 2296 Θεοῦ
1475 2258 1688 2311 παρέχοντος
1701 2273 1708 2280 ·
1735 2259 1799 2308 οὐχ
1827 2259 1892 2294 ὅσα
1909 2257 2053 2294 δύναται
2075 2257 2190 2294 δοῦναι
2209 2259 2226 2294 ὃ
2246 2254 2358 2299 διδοὺς
2371 2285 2382 2303 ,

1359 2310 1438 2348 ἀλλ’
1464 2309 1528 2348 ὅσα
1555 2317 1664 2363 χωρεῖ
1682 2313 1699 2348 ὃ
1719 2309 1925 2360 Maecium.
1949 2307 2090 2360 Ἵὶσπερ
2105 2307 2172 2359 γὰρ
2195 2309 2311 2360 μήτηρ
2330 2311 2381 2360 τῷ

1359 2362 1478 2416 βρέφει
1498 2365 1546 2415 τῷ
1567 2361 1945 2415 γαλακτοτροςρουμένῳ
1959 2360 2045 2408 αὐτὴ
2067 2360 2128 2411 μὲν
2151 2360 2294 2398 δύναται
2313 2376 2382 2398 πα-

1361 2422 1501 2468 ρασχεῖν
1520 2416 1649 2454 τέλειον
1666 2415 1780 2465 ἄρτον,
1799 2417 1908 2452 ἐκεῖνο
1927 2413 1963 2451 δὲ
1986 2413 2147 2457 δέξασθαι
2165 2415 2226 2451 οὐκ
2247 2412 2381 2464 ἰσχύει·

1358 2467 1465 2511 οὕτως
1495 2468 1572 2507 οὔτε
1607 2471 1688 2519 Θεῷ
1722 2466 1886 2505 ἀδύνατον
1921 2472 2116 2518 παρασχεῖν
2151 2464 2214 2512 τὴν
2242 2466 2382 2516 μείζονα

1358 2521 1479 2573 σοφίαν
1508 2521 1567 2559 καὶ
1593 2520 1840 2572 ὑπερκόσμιον,
1858 2521 1933 2557 ἀλλ’
1951 2522 2052 2569 ἡμεῖς
2074 2517 2236 2562 δέξασθαι
2258 2519 2381 2556 ἀδυνα-

1356 2578 1494 2625 τοῦμεν.
1523 2574 1660 2621 Θνητὸν
1690 2573 1757 2625 γὰρ
1788 2574 1957 2615 οἰκοῦντες
1984 2573 2107 2621 σῶμα,
2136 2571 2303 2622 ἀνάλογον
2336 2573 2379 2622 τῇ

1357 2629 1464 2678 θνητῇ
1488 2625 1587 2679 φύσει
1610 2625 1782 2678 δεχόμεθα
1800 2624 1864 2672 τὴν
1884 2627 2024 2676 γνῶσιν.
2046 2622 2157 2662 Οὐδὲν
2175 2617 2232 2662 οῧν
2249 2623 2381 2669 ἐλάλη-

1357 2679 1552 2722 σενὸΘεὸς
1582 2679 1667 2730 πρὸς
1697 2683 1791 2728 ἡμᾶς
1822 2677 1912 2715 κατὰ
1945 2676 2006 2724 τὴν
2039 2675 2255 2728 ἁρμόζουσαν
2285 2676 2379 2728 αὐτῷ

1355 2731 1576 2780 τελειότητα,
1597 2730 1687 2770 ἀλλὰ
1709 2731 1794 2782 πρὸς
1811 2729 1874 2776 τὴν
1893 2728 2067 2780 ’ἡμετέραν
2093 2728 2269 2766 ἀσθένειαν
2295 2728 2379 2778 ε’μέ-

1354 2800 1462 2835 τρησε
1478 2783 1516 2822 τὸ
1531 2784 1729 2837 λεγόμενον.
1747 2783 1815 2821 Διὰ
1829 2785 1930 2821 τοῦτο
1946 2786 1963 2821 ὃ
1979 2780 2106 2833 Σωτὴρ
2122 2779 2236 2832 ἔλεγε·
2255 2779 2380 2819 Πολλὰ

1356 2837 1426 2889 ἔχω
1441 2837 1570 2888 λέγειν,
1589 2839 1664 2875 ἀλλ’
1686 2839 1723 2874 οὐ
1745 2835 1887 2874 δύνασθε
1910 2834 2092 2885 βαστάζειν
2113 2832 2203 2883 ἄρτι.
2224 2833 2294 2872 Καὶ
2317 2834 2378 2871 ἀλ-

1354 2891 1466 2944 λωαχοῦ
1490 2890 1606 2941 ἔλεγεν
1627 2893 1644 2927 ὁ
1665 2888 1792 2940 Σωτὴρ
1811 2891 1861 2939 τῷ
1881 2886 2091 2938 Νικοδήμῳ·
2114 2887 2160 2923 Εἰ
2183 2885 2227 2924 τὰ
2242 2885 2379 2936 ἐπίγεια

1355 2946 1451 2980 εἰπον
1467 2945 1560 2992 ὑμῖν,
1583 2941 1641 2979 καὶ
1661 2944 1698 2980 οὐ
1713 2939 1913 2986 πιστεύετε,
1930 2941 2022 2986 πῶς,
2043 2938 2082 2975 ἂν
2105 2937 2193 2976 εἴπω
2211 2938 2255 2976 τὰ
2275 2941 2378 2976 ἐπου-

1357 2995 1475 3049 ράνια,
1505 2994 1730 3041 πιστεύσετε;
1763 2992 1928 3045 Λέγωμεν
1964 2991 2089 3037 τοίνυν,
2111 2989 2189 3029 ὅσον
2217 2986 2300 3037 ἧκεν
2330 2992 2379 3034 εἷς

1353 3047 1419 3095 τὴν
1455 3046 1672 3100 ἀνθρωπίνην
1695 3045 1853 3095 δύναμιν,
1887 3044 1953 3083 ὑπὸ
1989 3046 2080 3083 Θεοῦ
2113 3043 2377 3096 χορηγούμενοι.

1353 3100 1590 3139 Διακόπτεται
1612 3099 1646 3138 δὲ
1667 3103 1751 3149 ἡμῖν
1773 3098 1841 3136 ἀπὸ
1861 3101 1922 3144 τ’ῆς
1941 3096 2076 3147 ἡμέρας
2095 3099 2112 3134 ὃ
2133 3095 2232 3146 λόγος
2253 3096 2377 3146 βουλο-

1355 3153 1468 3203 μένοις
1495 3153 1613 3205 ἐφεξῆς
1633 3155 1773 3204 ἀγαγεῖν
1792 3150 1835 3188 τὰ
1864 3150 2094 3201 θεωρήματα·
2116 3148 2316 3186 διεκόπτετο
2341 3146 2376 3185 δὲ

1352 3204 1408 3242 διὰ
1429 3204 1492 3252 τὴν
1509 3208 1568 3243 τοῦ
1585 3203 1797 3256 Εὐαγγελίου
1815 3201 2021 3252 ἀνάγνωσιν.
2043 3200 2133 3238 Ἀλλ’
2151 3202 2262 3238 ἐκεῖνο
2277 3201 2310 3237 ἐν
2326 3200 2375 3250 τῷ

1353 3257 1428 3309 ἰδίῳ
1445 3260 1557 3310 καιρῷ
1571 3258 1798 3309 λεχθήσεται·
1817 3257 1884 3292 τῶν
1904 3254 1938 3292 δὲ
1962 3256 1996 3292 ἐν
2020 3257 2062 3305 τῇ
2086 3252 2236 3305 σήμερον
2259 3250 2375 3302 ἡμέρᾳ

1351 3309 1540 3360 γινομένων
1562 3309 1868 3359 μνημονεύσωμεν.
1896 3306 2055 3357 Σήμερον
2076 3306 2093 3340 ὅ
2114 3304 2263 3355 Χριστὸς
2284 3303 2374 3341 κατὰ

293 3367 524 3407 helulomadae
537 3366 606 3416 die,
625 3365 659 3402 in
678 3376 825 3416 Vespera
847 3371 926 3400 ante
943 3361 1154 3414 passionem,
1172 3360 1279 3399 disct-
1304 3372 1326 3402 C
1352 3362 1478 3409 ταύτην
1500 3362 1562 3409 τὴν
1585 3362 1749 3409 πέυιπτην
1776 3364 1836 3400 τοῦ
1857 3359 2033 3398 σαὸὅάτου
2059 3360 2092 3395 ἓν
2112 3360 2154 3408 τῇ
2181 3356 2311 3408 ἑσπέρᾳ
2331 3359 2374 3407 τῇ
