2481 3678
599 160 640 189 IN
681 160 729 189 Jt)
745 160 891 189 &NNEM
931 156 1085 187 uomit..

72 245 130 282 καὶ
153 244 391 296 ἐναὸρύνεται·
409 241 465 279 διὰ
479 240 535 278 τὸν
552 242 641 279 Θεὸν
664 241 720 278 ἐάν
737 256 789 284 τις
809 240 902 292 πάθῃ
922 255 976 283 τι,
991 236 1093 275 ποίαν

72 305 221 357 λήψεται
242 303 399 350 αἴσθησιν
427 305 492 339 τῶν
515 302 654 348 δεινῶν,
678 303 719 339 Ιίἷ
736 301 802 353 γὰρ
828 300 928 343 αὐτὸς
948 305 1094 350 πρᾶγμα

73 365 318 412 ἐπονείδιστον,
347 364 405 402 τὸν
438 363 600 414 σταυρὸν,
625 362 722 406 δόξαν
758 362 875 400 ἐκάλει
905 363 948 398 δι’
981 363 1095 409 ἡμᾶς·

73 429 192 479 πολλῷ
214 426 345 476 μᾶλλον
359 427 452 474 ἡμᾶς
469 423 559 461 οὕτω
581 424 771 461 διακεῖσθαι
784 422 868 475 χρή.
887 424 930 460 Εἰ
943 420 1010 473 γὰρ
1030 434 1098 457 πα-

75 490 141 526 θῶν
162 487 252 525 οὕτω
272 486 446 536 δυνάμεθα
465 485 837 537 καταφρονεῖν,πολλῷ
860 484 990 534 μᾶλλον
1010 495 1098 532 χρη-

75 549 194 599 μάτων
218 547 275 585 καὶ
306 545 518 590 πλεονεξίας.
542 549 602 583 Δεῖ
636 545 762 593 τοίνυν,
783 545 864 582 ὅταν
900 560 934 581 τι
958 541 1097 593 μέλλω-

75 625 136 660 μεν
157 609 307 661 πάσχειν
329 606 454 655 ἀηδὲς,
479 606 527 657 μὴ
550 607 628 651 τοὺς
656 606 800 652 πόνους,
823 603 912 642 ἀλλὰ
942 603 1001 640 καὶ
1021 601 1099 644 τοὺς

75 670 262 722 στεφάνους
282 671 422 707 ἐννοεῖν.
442 667 583 720 Ἱὶσπερ
603 668 671 720 γὰρ
696 669 727 704 οἱ
748 666 895 717 ἔμποροι
911 667 948 702 οὗ
970 663 1013 701 τὰ
1033 679 1099 701 πε-

1129 153 1299 182 Lxxvu.
1336 138 1396 181 al.
1436 153 1590 182 cxxvi.
2072 141 2153 187 521

1167 232 1256 282 quid
1275 246 1399 283 passus
1427 232 1609 284 quispiam
1640 234 1830 286 gloriatur,
1851 236 1880 273 si
1908 237 1988 287 quis
2022 247 2165 288 propter

1167 293 1284 329 Deum
1312 306 1437 343 passus
1468 292 1587 341 fuerit,
1606 308 1712 344 quem
1741 295 1918 332 malorum
1941 310 2081 334 sensum
2101 298 2164 334 ha-

1166 352 1289 390 bebit?
1310 352 1349 390 Si
1377 352 1473 390 enim
1496 353 1661 392 Christus
1682 370 1757 393 rem
1782 356 2002 407 probrosam,
2022 372 2163 396 crucem

1167 427 1304 464 nempe,
1320 413 1471 464 gloriam
1487 424 1632 467 propter
1647 430 1709 454 nos
1723 416 1874 455 vocabat
1895 432 1903 452 :
1926 417 2038 454 multo
2052 419 2165 470 magis

1167 488 1231 511 nos
1251 476 1318 512 hoc
1333 475 1464 512 affectu
1494 489 1566 513 esse
1591 476 1776 515 debemus.
1800 477 1846 515 Et
1866 477 1894 515 si
1918 478 2094 515 cruciatus
2115 479 2166 515 sie

1169 544 1392 573 contemnere
1422 550 1633 588 possumus,
1660 538 1774 575 multo
1800 539 1914 590 magis
1940 539 2105 590 pecunias
2134 548 2167 576 et

1167 595 1370 633 avaritiam.
1387 598 1537 648 Oportet
1566 612 1662 649 ergo,
1685 598 1827 649 quando
1847 599 1937 650 quid
1957 614 2066 651 grave
2087 614 2167 652 pas-

1170 656 1245 693 suri
1259 670 1398 707 sumus,
1421 671 1490 695 non
1510 658 1648 696 labores
1668 659 1797 709 solum,
1814 660 1874 697 sed
1895 661 2000 698 etiam
2020 674 2167 699 coronas

73 732 164 782 λάγη
188 731 302 779 udum,
323 730 413 768 ἀλλὰ
433 730 492 767 καὶ
511 729 555 767 τὰ
576 729 682 781 κέρδη
698 728 911 778 λογίζονται·
934 725 1024 762 οὕτω
1041 724 1100 762 καὶ
1121 728 1145 757 D
1169 717 1356 770 respicere.
1385 720 1433 756 Ut
1458 720 1553 757 enim
1582 730 1794 759 mercatores
1819 736 1888 760 non
1908 723 2020 760 maria
2038 723 2166 772 solum,

187 768 193 782 ἱ

74 795 168 843 ἡμᾶς
189 793 244 830 τὸν
267 791 422 845 οὐρανὸν,
442 791 501 828 καὶ
518 790 578 836 τὴν
607 790 692 841 πρὸς
713 788 771 825 τὸν
791 788 881 826 Θεὸν
900 786 1100 838 παῤῥησίαν

76 854 338 904 ἀναλογίζεσθαι
365 852 448 904 χρή.
485 850 559 889 Κᾶν
596 850 656 896 ἡδὶ)
678 853 767 902 φανῇ
796 849 835 887 τὸ
869 850 1100 893 πλεονεκτεῖν,

75 914 236 961 ἐννόησον
253 914 305 951 ὅτι
320 917 337 951 ὁ
354 913 504 965 Χριστὸς
523 914 560 950 οὗ
580 911 742 963 βούλεται
756 939 765 956 ,
780 910 839 948 καὶ
856 910 959 956 ἀηδὲς
979 910 1101 952 εὐθέως

76 982 247 1028 φανεῖται.
283 978 296 994 ³
310 974 425 1012 Πάλιν
459 973 499 1010 ἂν
530 973 680 1025 ἐπαχθὲς
701 967 723 1025 ᾗ
744 972 782 1010 τὸ
802 972 928 1019 πένησι
948 971 1100 1017 διδόναι,

77 1035 125 1086 μὴ
147 1035 252 1087 μέχρι
272 1039 333 1082 τῆς
354 1033 509 1080 δαπάνης
526 1034 660 1085 στήσῃς
675 1033 732 1071 τὸν
751 1033 931 1084 λογισμὸν,
952 1034 1029 1070 ἀλλ’
1050 1034 1102 1070 εὖ·

77 1097 160 1140 θέως
182 1099 356 1148 μετάγαγε
374 1095 437 1142 τὴν
456 1094 609 1133 διάνοιαν
631 1095 688 1133 ἐπὶ
705 1096 762 1133 τὸν
781 1095 915 1146 ἄμητον
946 1095 1014 1132 ἀπὸ
1042 1097 1101 1131 τοῦ

78 1155 220 1207 σπόρου.
242 1156 311 1194 Καὶ
337 1155 417 1193 ὅταν
438 1149 635 1206 φορτικὸν-ᾖ
661 1154 695 1192 τὸ
723 1159 950 1206 καταφρονεῖν
977 1154 1102 1205 ἔρωτος

78 1217 238 1267 γυναικὸς
259 1215 460 1268 ἀλλοτρίας,
481 1215 618 1263 λογίζου
639 1215 696 1252 τὸν
724 1214 793 1251 ἀπὸ
819 1219 878 1252 τοῦ
901 1215 1005 1253 πόνου
1026 1213 1104 1252 στέ-

80 1293 200 1328 φανον,
219 1278 276 1315 καὶ
307 1277 430 1329 ῥαδίως
457 1276 560 1319 οἴσεις
590 1276 646 1314 τὀν
678 1275 794 1313 πόνον.
814 1278 858 1314 Εἰ
884 1275 949 1328 γὰρ
970 1274 1102 1327 ἀνθρώ·

79 1355 154 1376 πων
179 1339 283 1390 φόὸος
302 1337 491 1390 ἀποτρέπει
513 1340 580 1374 τῶν
605 1336 743 1375 ἀτόπων
763 1338 994 1388 πραγμάτων,
1015 1339 1103 1375 πολ-

77 1403 128 1452 λῷ
151 1402 282 1451 μᾶλλον
301 1403 391 1437 ὅτοῦ
424 1401 578 1450 Χριστοῦ
607 1398 725 1441 πόθος.
754 1398 901 1450 Σκληρὰ
933 1402 954 1445 ἦ
977 1398 1102 1450 ἀρετή·

79 1460 170 1498 ἀλλὰ
189 1464 384 1512 περιθῶμεν
405 1461 511 1505 αὐτῆς
537 1462 581 1507 τῇ
619 1458 694 1509 ὄψει
713 1461 776 1504 τῆς
808 1462 876 1496 τῶν
906 1459 1103 1509 μελλόντων

78 1522 288 1573 ἐπαγγελίας
313 1521 353 1559 τὸ
385 1519 538 1572 μέγεθος.
560 1521 606 1557 Οἱ
643 1519 705 1569 μὲν
744 1519 810 1571 γὰρ
843 1519 1018 1572 ἐνάρετοι,
1044 1520 1104 1558 καὶ
1124 1519 1148 1548 Ε·

78 1583 185 1635 χωρὶς
215 1582 345 1620 τούτων
390 1581 498 1627 αὐτὴν
535 1582 612 1618 καθ’
658 1581 783 1628 ἑαυτὴν
818 1581 948 1635 ὡραίαν
978 1584 1102 1633 ὁρῶσι,

78 1645 136 1682 καὶ
157 1645 214 1682 διὰ
228 1648 328 1683 τοῦτο
343 1643 450 1691 αὐτὴν
473 1642 723 1695 μετέρχονται,
745 1643 804 1680 καὶ
820 1642 876 1680 διὰ
892 1642 931 1680 τὸ
951 1645 1000 1695 τῷ
1021 1645 1103 1695 Θεῷ

314 1704 396 1742 Ι)ε’πὶ
416 1707 530 1756 μισθῷ
548 1704 767 1756 ἐργάζονται·
788 1703 846 1741 καὶ
869 1703 958 1755 μέγα
975 1708 1104 1756 ἡγοῦν-

80 1707 213 1753 δοκοῧν,
233 1707 295 1743 οὐκ

79 1784 137 1805 ται
170 1768 208 1805 τὸ
243 1772 442 1818 σωφρονεῖν,
463 1768 500 1803 οὐ
537 1765 592 1802 διὰ
622 1765 661 1802 τὸ
699 1765 746 1815 μὴ
769 1765 992 1812 κολάζεσθαι,
1028 1767 1104 1804 ἀλλ’

80 1829 200 1876 ἐπειδὴ
234 1831 251 1865 ὃ
282 1828 371 1871 Θεὸς
406 1826 584 1870 ἐπέταξεν.
611 1828 652 1864 Εἰ
687 1825 723 1864 δέ
750 1842 802 1869 τις
835 1827 1100 1880 ἀσθενέστερος,

80 1890 140 1927 καὶ
188 1890 233 1928 τὰ
280 1888 428 1942 βραδεῖα
481 1886 650 1925 ἐννοείτω.
693 1886 799 1925 Οὕτω
843 1888 902 1926 καὶ
946 1889 1002 1926 ἐπὶ
1042 1892 1129 1950 τῆς,ι

80 1951 316 2001 ἐλεημοσύνης
336 1953 505 2000 ποιῶμεν,
527 1948 585 1986 καὶ
612 1950 763 1999 ἐλεῶμεν
792 1948 870 1992 τοὺς
890 1950 1104 2002 ὁμοφύλους,

79 2013 157 2064 ἃμὴ
190 2014 231 2060 δὴ
266 2016 482 2065 περιορῶμεν
521 2011 588 2049 ὑπὸ
620 2014 678 2048 τοῦ
711 2013 816 2061 λιμοῦ
849 2013 1106 2064 φθειρομένους.

79 2075 164 2117 Πῶς
182 2074 250 2127 γὰρ
270 2076 331 2112 οὐκ
354 2074 495 2119 ἄτοπον,
513 2072 635 2115 αὐτοὺς
667 2071 730 2122 μὲν
760 2072 817 2110 ἐπὶ
846 2076 908 2119 τῆς
934 2073 1108 2126 τραπέζης

80 2135 283 2180 καθέζεσθαι
309 2137 483 2187 γελῶντας
513 2134 572 2172 καὶ
598 2137 817 2185 τρυφῶντας,
841 2134 966 2187 ἑτέρων
996 2137 1030 2174 δὲ
1051 2137 1106 2174 διὰ

80 2202 139 2235 τοῦ
178 2197 331 2249 ἀμφόδου
365 2196 561 2247 παριόντων
599 2196 787 2239 ἀκούοντας
825 2197 1088 2250 ὀλοφυρομένων
1098 2227 1108 2244 ,

81 2258 168 2308 μηδὲ
202 2257 470 2310 ἐπιστρέφεσθαι
498 2257 585 2309 πρὸς
618 2257 682 2303 τὴν
715 2258 898 2310 ὀλολυγὴν,
925 2260 1015 2297 ἀλλὰ
1049 2261 1106 2298 καὶ

80 2319 318 2371 δυσχεραίνειν
350 2319 408 2357 καὶ
440 2321 627 2357 ἀπατεῶνα
657 2320 796 2367 καλεῖν,
816 2320 863 2358 Τί
893 2320 1027 2372 λέγεις,
1045 2321 1105 2359 άν-

81 2384 214 2434 θρωπε,
231 2381 272 2417 δι’
290 2381 393 2431 ἄρτον
410 2379 470 2417 ἕνα
490 2396 541 2422 τις
561 2379 699 2426 ἀπάτην
719 2380 860 2428 πλέκει,
884 2382 971 2427 Ναὶ,
988 2383 1104 2434 φησίν.

80 2444 217 2479 Οὐκοῦν
236 2440 345 2492 ταύτῃ
367 2441 520 2490 μάλιστα
536 2441 698 2478 ἐλεείσθω
714 2457 720 2463 ·
737 2442 846 2493 ταύτῃ
872 2442 1028 2492 μάλιστα
1045 2448 1106 2490 τῆς

82 2502 236 2552 ἀνάγκης
265 2500 555 2539 ἀπαλλαττέσθω.
590 2503 631 2538 Εἰ
660 2500 695 2538 δὲ
725 2501 773 2552 μὴ
813 2502 929 2553 βούλει
962 2503 1103 2552 δοῦναι,

83 2562 171 2613 μηδὲ
192 2563 355 2614 ὁδρίσῃς·
377 2564 406 2599 εἷ
434 2561 470 2599 δὲ
496 2561 545 2611 μὴ
580 2561 697 2612 βούλει
726 2564 830 2600 λῦσαι
860 2563 899 2600 τὸ
929 2564 1106 2615 ναυάγιον,

83 2623 131 2674 μὴ
152 2623 245 2676 ὤσης
265 2626 311 2666 εἷς
337 2623 522 2675 βάραθρον.
542 2622 729 2669 Ἐννόησον
759 2624 825 2676 γὰρ
845 2624 925 2662 ὅταν
958 2627 1105 2676 προσελ-

82 2685 184 2722 θόντα
204 2684 330 2735 ἀπώσῃ
357 2686 413 2722 τὸν
442 2684 597 2732 πένητα,
619 2684 667 2727 τίς
697 2684 758 2736 ἔσῃ
793 2685 850 2723 τὸν
881 2685 971 2723 Θεὸν
991 2701 1106 2737 παρα-

82 2746 210 2782 καλῶν.
231 2739 282 2799 ῖῼ
309 2745 378 2796 γὰρ
406 2743 523 2796 μέτρῳ
544 2750 721 2796 μετρεῖτε,
743 2745 860 2796 φησὶν,
893 2747 1104 2796 ἀντιμετρη-
1132 2759 1153 2788 ss

83 2805 226 2850 Οήσεται
269 2809 363 2856 ὑμῖν.
402 2805 590 2852 Ἐννόησον
632 2809 706 2848 πῶς
753 2806 945 2858 συντριὸεὶς
980 2809 1106 2851 ἐκεῖνος

82 2865 217 2912 ἄπεισι,
237 2866 332 2904 κάτω
347 2866 523 2918 κεκυφὼς,
543 2866 769 2919 ὀδυρόμενος,
794 2868 882 2918 μετὰ
901 2871 962 2914 τῆς
986 2869 1106 2912 πενίας

81 2927 140 2964 καὶ
157 2926 219 2973 τὴν
248 2928 316 2965 ἀπὸ
346 2931 408 2973 τῆς
437 2927 567 2980 ὕέρεως
587 2929 725 2980 πληγὴν
760 2928 893 2967 lugdu.
917 2931 960 2968 Εἰ
980 2931 1047 2984 γὰρ
1067 2932 1106 2969 τὸ

81 2992 233 3027 ἐπαιτεῖν
253 2988 408 3040 κατάραν
427 2992 526 3040 ὑμεῖς
545 2989 679 3027 τίθεσθε
695 3020 704 3038 ,
723 2991 762 3029 τὸ
783 2993 946 3029 αἰτοῦντα
967 2992 1014 3043 μὴ
1037 2994 1103 3030 λα-

81 3051 166 3099 Εεῖν,
197 3051 256 3089 καὶ
287 3050 494 3102 ὑδρισθέντα
528 3053 703 3101 ἀπελθεῖν,
735 3052 859 3090 σκόπει
892 3053 999 3092 πόσον
1031 3070 1107 3106 *Ast--

84 3121 181 3166 μῶνα
200 3119 393 3170 ἐργάζεται.
415 3117 534 3170 Μέχρι
552 3118 642 3162 τίνος
662 3118 758 3163 ι’τοῖς
779 3120 909 3172 θηρίοις
929 3121 1104 3172 ἐοίκαμεν,

622 3239 718 3274 male.

127 3291 142 3313 ¹¹
163 3290 175 3331 [
192 3296 238 3324 ἐπὶ
254 3296 348 3334 μισθῷ
361 3290 461 3325 sax-il.
476 3300 508 3323 et
521 3290 630 3324 Codd.
645 3294 762 3324 nostri.
777 3291 963 3334 [regebatur
977 3298 1023 3328 ἐπὶ
1042 3310 1095 3336 μι-

82 3344 184 3385 σ9ῶν.]

127 3249 139 3262 ²·
164 3238 280 3272 Morel.
300 3244 388 3274 πάλιν
405 3244 587 3283 ἀνεπαχθὲς,

1170 779 1232 818 sed
1251 788 1285 816 et
1311 780 1412 817 lucra
1436 782 1594 832 cogitant
1612 798 1620 818 ι
1637 783 1687 819 sic
1715 792 1748 820 et
1772 797 1836 821 nos
1870 784 2009 835 caelum,
2030 794 2063 822 et
2091 799 2167 822 eam

1169 857 1248 893 quae
1271 843 1468 882 secundum
1485 846 1603 883 Deum
1627 855 1677 884 est
1697 846 1868 885 fiduciam
1889 850 2043 900 cogitare
2062 864 2168 901 opor-

1170 913 1233 942 tet.
1255 904 1363 951 Quod
1390 906 1418 943 si
1451 906 1518 944 tihi
1544 906 1667 945 dulces
1695 908 1888 947 videantur
1917 924 2023 962 opes,
2053 911 2168 961 cogita

1172 965 1355 1004 Christum
1369 980 1437 1004 non
1453 967 1492 1004 id
1508 968 1610 1017 velle,
1626 978 1659 1006 et
1676 969 1796 1007 statim
1814 970 1962 1021 ingratae
1982 971 2047 1008 tibi
2068 971 2168 1010 vide-

1170 1029 1317 1067 huntur.
1340 1032 1497 1068 Rursum
1510 1031 1539 1068 si
1559 1032 1749 1070 molestum
1768 1042 1819 1071 est
1834 1035 2052 1086 pauperibus
2072 1035 2168 1084 dare,

1171 1105 1214 1128 ne
1244 1091 1443 1144 impensam
1479 1102 1619 1131 tantum
1645 1096 1788 1146 cogites,
1811 1095 1873 1133 sed
1903 1110 1922 1133 a
1948 1106 2102 1135 semente
2124 1097 2170 1135 ad

1171 1166 1321 1191 messem
1346 1154 1465 1191 statim
1495 1155 1655 1192 animum
1680 1156 1883 1194 transferas.
1905 1156 1952 1194 Et
1982 1158 2010 1195 si
2037 1157 2170 1195 durum

1172 1215 1239 1252 tibi
1259 1214 1403 1253 videtur
1417 1215 1592 1253 abstinere
1613 1217 1659 1253 ab
1680 1231 1800 1254 amore
1819 1217 1942 1254 alienae
1962 1219 2096 1268 uxoris,
2114 1228 2167 1257 te-

1173 1290 1255 1313 cum
1280 1285 1406 1328 reputa
1431 1291 1597 1315 coronam
1616 1293 1660 1315 ex
1681 1278 1747 1316 hoc
1763 1279 1884 1316 labore
1898 1288 2050 1331 partam,
2064 1290 2097 1318 et
2117 1281 2169 1318 fa-

1173 1337 1240 1374 cile
1252 1337 1409 1375 laborem
1429 1338 1530 1375 feres.
1548 1340 1641 1377 Nam
1656 1339 1684 1376 si
1700 1339 1806 1377 timor
1824 1340 2013 1378 hominum
2028 1356 2048 1378 a
2065 1342 2169 1379 malis

1173 1398 1391 1436 facinoribus
1414 1399 1553 1449 avertit,
1575 1410 1706 1451 quanto
1735 1402 1849 1453 magis
1877 1402 2010 1440 Christi
2045 1403 2169 1440 amor?

1175 1460 1278 1496 Dura
1301 1460 1415 1499 virtus
1441 1470 1511 1512 est,
1527 1461 1588 1498 sed
1609 1462 1675 1514 ipsi
1698 1463 2008 1515 circumponamus
2024 1479 2169 1516 magnas

1174 1580 1359 1629 virtutem,
1386 1582 1504 1619 missis
1527 1583 1672 1634 caeteris,
1697 1584 1892 1636 speciosam
1919 1585 2061 1635 liabent,
2075 1587 2169 1625 ideo-

1176 1656 1244 1692 que
1263 1642 1378 1695 ipsam
1400 1644 1536 1693 colunt,
1557 1659 1597 1682 ac
1627 1654 1774 1697 propter
1803 1646 1871 1683 Dei
1894 1647 2082 1698 placitum,
2100 1663 2170 1686 non

1174 1714 1321 1757 propter
1339 1706 1538 1744 mercedem
1566 1716 1657 1744 recte
1686 1717 1799 1759 agunt
1817 1724 1823 1744 :
1839 1722 2076 1761 magnamque
2096 1725 2172 1748 rem

1177 1766 1434 1804 continentiam
1462 1777 1604 1820 putant,
1625 1783 1695 1806 non
1728 1779 1767 1806 ut
1800 1771 2022 1822 supplicium
2042 1773 2170 1823 vitent,

1176 1827 1238 1865 sed
1255 1828 1340 1879 quia
1357 1829 1398 1866 id
1417 1831 1514 1868 Deus
1532 1831 1712 1883 praecepst.
1734 1831 1771 1869 Si
1794 1834 1873 1883 quis
1895 1848 1978 1872 vero
1995 1834 2174 1873 infirmior

1132 1926 1162 1949 55
1178 1891 1237 1939 sit,
1252 1891 1281 1929 is
1310 1893 1458 1944 praemia
1485 1894 1627 1945 cogitet.
1644 1893 1705 1932 sic
1724 1895 1818 1933 circa
1838 1896 2100 1950 eleemosynam
2118 1898 2170 1936 fa-

1129 1963 1155 1991 A
1179 1952 1328 2003 ciamus,
1345 1963 1378 1991 et
1407 1955 1665 1993 contribulium
1691 1966 1894 1995 nostrorum
1914 1959 2145 1997 misereamur
2165 1976 2172 1996 :

1178 2028 1222 2051 ne
1239 2015 1332 2052 same
1354 2025 1492 2054 enectos
1511 2016 1764 2069 despiciamus.
1785 2019 1975 2065 Quomodo
1991 2021 2086 2059 enim
2106 2036 2174 2059 non

1179 2073 1378 2111 absurdum
1406 2075 1530 2125 fuerit,
1547 2090 1610 2114 nos
1640 2076 1688 2115 ad
1715 2091 1875 2115 mensam
1890 2079 2010 2116 sedere
2028 2080 2064 2117 in
2083 2080 2172 2130 risu,

1179 2135 1215 2172 in
1235 2134 1387 2180 deliciis,
1407 2135 1494 2174 dum
1513 2137 1601 2174 alios
1617 2137 1654 2174 in
1671 2138 1780 2177 trivio
1800 2138 1965 2177 audimus
1986 2131 2172 2192 ejulantes,

1179 2211 1292 2247 neque
1312 2197 1359 2235 ad
1378 2198 1568 2250 ejulantem
1587 2213 1650 2236 nos
1674 2209 1889 2249 convertere,
1909 2201 1970 2239 sed
1999 2216 2080 2239 eum
2101 2217 2175 2240 mo-

1178 2257 1265 2295 leste
1279 2259 1383 2307 ferre,
1396 2268 1429 2296 et
1441 2259 1665 2311 deceptorem
1684 2275 1823 2299 vocare.
1844 2262 1943 2309 Quid
1962 2262 2096 2312 dicis,o
2112 2264 2175 2302 ho-

1180 2319 1265 2356 mo?
1281 2334 1325 2357 an
1344 2333 1406 2371 pro
1430 2334 1520 2372 pane
1538 2335 1607 2358 uno
1624 2321 1703 2371 quis
1728 2321 1886 2374 decipit?
1908 2323 2042 2375 Etiam,
2063 2325 2171 2363 dices.

1177 2380 1263 2418 Ideo
1283 2395 1366 2433 ergo
1393 2382 1507 2433 magis
1529 2382 1634 2420 debet
1657 2383 1702 2420 ad
1733 2385 2073 2423 commiserationem
2095 2402 2174 2425 mo-

1178 2456 1272 2491 vere,
1292 2442 1371 2480 ideo
1391 2443 1547 2480 maxime
1569 2458 1614 2481 ex
1634 2445 1837 2482 necessitate
1851 2446 2027 2484 eruendus
2049 2457 2110 2485 est.
2135 2449 2175 2486 Si

1178 2518 1264 2542 vero
1291 2503 1377 2541 dare
1402 2505 1508 2554 notis,
1530 2505 1655 2542 saltem
1683 2520 1726 2543 ne
1744 2508 1998 2546 contumeliam
2014 2509 2144 2548 inferas
2165 2527 2172 2547 :

1179 2564 1209 2602 si
1229 2564 1320 2601 nolis
1338 2579 1383 2602 ex
1407 2565 1594 2616 naufragio
1611 2566 1757 2618 eripere,
1773 2582 1816 2605 ne
1831 2568 1995 2621 impellas
2013 2570 2051 2608 in
2065 2572 2171 2610 bara-

1177 2627 1312 2664 thrum.
1331 2627 1469 2665 Tecum
1495 2638 1632 2680 reputa,
1653 2643 1735 2666 cum
1765 2631 1991 2670 accedentem
2018 2635 2173 2687 repellis,

1179 2765 1375 2797 mensura,
1392 2751 1519 2803 inquit,
1537 2755 1660 2790 mensi
1667 2754 1848 2805 fueritis,
1865 2760 2084 2796 remetietur
2103 2773 2172 2796 vo—

1179 2815 1249 2850 bis.
1275 2813 1399 2864 Cogita
1419 2814 1597 2864 quomodo
1612 2814 1672 2851 ille
1687 2816 1851 2867 repulsus
1865 2818 1979 2867 abeat,
1989 2834 2100 2871 prono
2115 2835 2173 2858 ca-

1178 2873 1264 2926 pite,
1283 2876 1420 2926 lugenS,
1439 2876 1658 2927 paupertatis
1678 2877 1787 2915 simul
1807 2888 1840 2916 et
1854 2881 2075 2918 contumeliae
2090 2882 2174 2921 vul-

1180 2950 1245 2974 nus
1268 2937 1432 2974 referens.
1459 2939 1554 2975 Nam
1576 2938 1605 2975 si
1625 2939 1828 2978 mendicare
1852 2942 2082 2980 maledictum
2106 2959 2174 2996 pu-

1178 2998 1276 3048 tatis,
1296 3008 1474 3051 petentem
1501 3014 1570 3038 non
1598 2999 1768 3053 accipere,
1792 3012 1826 3040 et
1845 3018 1927 3041 cum
1950 3006 2174 3043 contumeliis

1178 3059 1373 3109 discedere,
1410 3061 1526 3113 cogita
1561 3071 1730 3112 quantam
1753 3064 1884 3102 excitet
1915 3075 2169 3118 tempestatem.

1180 3123 1375 3173 Quousque
1398 3123 1481 3161 feris
1497 3123 1632 3162 similes
1647 3125 1795 3176 erimus,
1817 3136 1850 3164 et
1872 3137 2037 3166 naturam
2060 3129 2173 3180 ipsam

1207 3255 1218 3267 ί·
1243 3243 1306 3275 Alii
1317 3248 1396 3287 μηδὲ
1413 3254 1609 3291 περιορῶμεν.

1208 3298 1223 3321 ¹›
1248 3297 1452 3338 [Articulum
1478 3298 1530 3329 hic
1551 3306 1628 3330 ante
1649 3304 1759 3342 θηρίοις
1783 3307 1816 3331 et
1837 3300 1920 3332 iusi-a
1951 3309 2028 3333 ante
2046 3310 2173 3347 Χριστοῦ

1162 3347 1387 3391 supplevimus
1404 3361 1419 3380 e
1437 3349 1539 3383 Savil.
1556 3358 1588 3381 et
1603 3349 1711 3382 Codd.
1731 3352 1879 3392 nostris]

2269 1483 2305 1511 Vi
2312 1490 2371 1512 rius

1174 1519 1379 1557 futurorum
1396 1521 1660 1572 promissiones.
1680 1523 1787 1559 Probi
1803 1524 1897 1560 enim
1919 1524 2032 1575 ipsam
2053 1540 2117 1577 per
2135 1540 2170 1564 se
2183 1525 2255 1594 itura
2305 1528 2372 1563 qui-

2192 1578 2248 1595 HJS·

1179 2689 1269 2739 quid
1285 2690 1402 2726 Deum
1420 2690 1579 2741 rogando
1602 2691 1856 2742 impetraturus
1885 2694 1943 2731 sis.
1969 2697 2055 2746 Qua
2070 2700 2173 2734 enim
2190 2711 2379 2749 Mauhffg,
