2481 3678
742 233 784 262 IN
822 234 929 263 ,nrm
942 234 1031 262 REM
1070 234 1176 262 now

171 364 234 370 1

524 486 702 523 ΟΜΙΛΙΑ
738 484 778 523 0'‘.

139 605 213 655 Πρὸ
233 604 267 641 δὲ
301 606 362 650 τ’ἥς
397 607 516 658 ἑορτῆς
545 611 605 645 τοῦ
629 607 769 659 πάσχα,
791 606 889 649 εἰδὼς
908 610 926 644 ὁ
951 606 1084 652 Ἰησοῦς
1106 607 1159 644 ὅτι

188 659 289 710 ἦλθεν
316 669 417 705 αὐτοῦ
454 670 475 713 ἡ
513 666 608 719 ὥρα,
631 667 687 705 ἵνα
708 667 843 718 μεταὸῇ
871 670 909 705 ἐκ
938 670 998 705 τοῦ
1025 667 1156 717 κόσμου

186 726 305 765 τούτου
331 728 416 779 πρὸς
439 728 497 766 τὸν
533 729 696 780 Πατέρα,
731 728 916 779 ἀγαπήσας
945 727 1022 770 τοὺς
1054 729 1158 772 ἰδίους

186 786 264 831 τοὺς
279 790 313 826 ἐν
339 791 390 840 τῷ
412 788 554 840 κόσμῳ,
572 791 619 831 εἷς
645 789 742 832 τέλος
760 788 942 840 ἠγάπησεν
968 788 1101 833 αὐτούς.

180 909 345 960 Μιμηταί
374 925 438 960 μου
477 909 631 960 γίνεσθε,
666 909 770 961 φησιν
797 912 814 947 ὃ
843 911 1006 958 Παῦλος,
1041 910 1156 955 καθὼς

126 971 225 1023 κάγὼ
255 972 420 1023 Χριστοῦ.
443 970 512 1008 Διὰ
534 970 600 1021 γὰρ
617 974 717 1009 τοῦτο
733 970 793 1008 καὶ
820 971 934 1023 σάρκα
956 973 995 1010 ἐκ
1013 975 1072 1010 τοῦ
1090 988 1154 1024 φυ-

128 1033 281 1084 ράματος
296 1030 400 1069 ἔλαέε
418 1036 478 1069 τοῦ
496 1030 667 1083 ἡμετέρου
680 1062 689 1079 ,
706 1031 762 1069 ἵνα
782 1033 825 1069 δι’
840 1034 944 1079 αὐτῆς
959 1037 1053 1083 ἡμᾶς
1069 1050 1153 1071 παι-

125 1093 228 1144 δεύσῃ
257 1092 320 1139 τὴν
343 1092 482 1144 ἀρετήν.
500 1091 562 1130 Ἐν
582 1092 648 1144 γὰρ
680 1092 879 1144 ὁμοιώματι
912 1094 1062 1145 σαρκὸς,
1085 1111 1152 1146 φη-

124 1154 192 1202 σὶν,
233 1153 428 1207 ἁμαρτίας,
464 1153 522 1191 καὶ
554 1154 635 1206 περὶ
671 1154 845 1207 ἁμαρτίας
877 1155 1059 1207 κατέκρινε
1089 1156 1150 1204 τὴν

122 1215 296 1267 ἁμαρτίαν
320 1217 353 1252 ἐν
377 1219 420 1266 τῇ
446 1214 569 1267 σαρκί·
589 1215 679 1253 *ml
711 1216 811 1258 αὐτὸς
829 1219 846 1253 ὃ
868 1216 1035 1268 Χριστὸς,
1065 1218 1150 1256 Μά-

122 1279 197 1314 Οετε
216 1278 277 1314 ἀπ’
300 1279 383 1326 ἐμοῦ
405 1275 459 1314 ὅτι
478 1274 587 1327 πρᾶός
604 1278 676 1327 εἶμι
696 1276 755 1314 καὶ
774 1277 934 1319 ταπεινὸς
949 1280 991 1328 τῇ
1013 1279 1149 1330 καρδίᾳ.

120 1337 191 1375 Καὶ
224 1342 332 1376 ταῦτα
348 1339 385 1375 οὐ
406 1336 462 1375 διὰ
492 1337 658 1389 ῥημάτων
678 1337 795 1387 μόνον,
814 1337 904 1375 ἀλλὰ
919 1338 978 1375 καὶ
1004 1339 1060 1377 διὰ
1080 1343 1148 1377 τῶν

843 1399 1066 1450 ςἀμοιρείτην
1087 1401 1147 1438 καὶ

840 1424 871 1436 fia

368 1397 434 1411 §Nlm

118 1398 336 1449 πραγμάτων
362 1412 533 1436 εοιοασκε.
564 1398 633 1435 Καὶ
660 1399 726 1449 γὰρ
749 1399 809 1436 καὶ

118 1459 338 1509 δαιμονῶντα
365 1458 466 1496 αὐτὸν
494 1458 651 1506 ἐκάλουν,
677 1459 736 1496 καὶ
765 1458 907 1506 πλάνον,
939 1460 998 1496 καὶ
1033 1461 1147 1505 λίθους

116 1519 263 1571 ἠφίεσαν
284 1521 361 1557 κατ’
382 1521 504 1557 αὐτοῦ·
531 1520 590 1557 καὶ
608 1523 667 1557 νῦν
690 1519 751 1570 μὲν
771 1520 946 1571 ὑπηρέτας
969 1521 1142 1560 ἀπέστελ-

115 1582 174 1619 λον
194 1584 225 1620 οἱ
242 1582 435 1633 Φαρισαῖοι
454 1580 545 1619 ὥστε
562 1580 576 1599 ¹¹
593 1582 694 1620 αὐτὸν
711 1581 912 1628 συλλαῧεῖν,
932 1586 991 1620 νῦν
1018 1583 1053 1620 δὲ
1083 1584 1143 1621 ἅλ-

114 1644 193 1686 λους
211 1642 376 1681 καθίεσαν
396 1641 698 1686 ἓπιὸουλεύοντας·
720 1642 779 1679 καὶ
795 1643 893 1680 αὐτοὶ
925 1643 959 1682 δὲ
973 1645 1166 1710 πολλάκιςῄ

1189 234 1226 262 ι..
1268 234 1370 262 Lxx.
1411 218 1470 262 al.
1513 235 1628 263 Lxxx.
2126 230 2215 288 [375

1544 487 1757 527 HOMILIA
1787 489 1905 528 LXX.

1183 614 1205 642 D
1231 606 1320 644 Cap.
1336 606 1441 646 XIII.
1464 623 1496 647 v.
1515 611 1550 647 1.
1566 610 1677 649 Ante
1689 612 1947 665 diem-festum
1962 616 2139 663 Paschoe,
2155 618 2220 655 Je-

1281 681 1345 705 sus
1361 671 1485 707 sciens
1508 673 1602 721 quia
1616 675 1724 710 venit
1753 674 1849 710 hora
1863 676 1958 726 ejus,
1982 684 2023 713 ut
2047 685 2218 715 transeat

1282 741 1329 765 ex
1354 729 1426 767 Ιιοε
1454 732 1598 767 mundo
1624 733 1678 769 ad
1701 734 1883 784 Patrem,
1910 749 1997 772 cum
2023 737 2221 776 dilexisset

1281 803 1384 837 suos,
1398 793 1581 842 quierant
1593 795 1635 830 in
1646 796 1803 841 mundo,
1817 796 1988 848 infinem
1996 798 2134 837 dilexit
2143 813 2216 836 eos.

1281 912 1314 947 1.
1338 913 1558 951 Imitatores
1578 918 1652 952 mei
1667 924 1798 967 estote,
1817 916 1932 968 inquit
1950 917 2098 970 Paulus,
2118 923 2217 958 sicut

1225 979 1263 1009 et
1277 986 1344 1024 ego
1366 974 1522 1012 Christi.
1539 974 1622 1013 Ideo
1642 976 1736 1014 enim
1751 992 1795 1015 ex
1810 993 1925 1017 massa
1940 989 2056 1018 nostra
2076 995 2216 1019 carnem

1224 1033 1372 1084 accepit,
1389 1043 1428 1071 ut
1442 1048 1504 1086 per
1520 1049 1597 1073 eam
1616 1051 1678 1075 nos
1692 1038 1864 1076 virtutem
1878 1039 2029 1078 doceret.
2045 1043 2094 1079 In
2108 1045 2214 1080 simi-

1225 1093 1441 1142 litudinem,
1461 1095 1592 1148 inquit,
1613 1103 1743 1137 carnis
1759 1104 1923 1151 peccati,
1948 1110 1983 1139 et
1998 1103 2045 1140 de
2055 1113 2212 1155 peccato

1174 1173 1197 1202 E
1219 1165 1420 1206 peccatum
1434 1160 1475 1195 in
1494 1172 1612 1198 carne
1632 1161 1835 1200 damnavit
1848 1179 1863 1207 ,·
1884 1163 2029 1215 ipseque
2050 1165 2212 1204 Christus

1221 1218 1272 1256 ait
1285 1235 1292 1255 :
1308 1221 1457 1258 Discite
1473 1236 1497 1259 a
1509 1236 1582 1269 me,
1594 1226 1688 1275 quia
1703 1228 1806 1263 mitis
1818 1240 1902 1264 sum
1913 1236 1948 1265 et
1961 1230 2119 1267 humilis
2135 1244 2211 1268 cor-

1221 1280 1281 1317 de.
1305 1280 1389 1318 Haec
1414 1296 1482 1319 non
1504 1283 1624 1321 verbis
1643 1294 1800 1335 tantum,
1821 1286 1880 1325 sed
1903 1296 1936 1325 et
1951 1289 2058 1327 rebus
2077 1290 2209 1329 docuit.

1220 1341 1313 1378 Nam
1331 1351 1364 1379 et
1384 1344 1648 1382 Samaritanum
1664 1354 1696 1383 et
1720 1346 1982 1387 daemoniacum
2001 1350 2119 1402 ipsum
2142 1366 2211 1391 vo-

1219 1402 1359 1453 cabant,
1380 1412 1412 1441 et
1426 1404 1667 1456 deceptorem,
1688 1407 1893 1459 lapidesque
1910 1410 1945 1447 in
1966 1410 2084 1463 ipsum
2094 1413 2210 1464 jacie-

1215 1461 1302 1500 bant
1325 1479 1333 1499 :
1353 1473 1386 1501 et
1406 1479 1501 1502 nunc
1518 1466 1663 1516 quidem
1684 1468 1865 1507 ministros
1891 1471 2064 1511 miserunt
2087 1475 2211 1512 Phari-

1215 1523 1288 1572 saei,
1319 1533 1359 1562 ut
1385 1525 1490 1563 illum
1520 1538 1683 1579 caperent
1698 1544 1710 1579 3
1743 1543 1837 1568 nunc
1865 1532 1954 1570 alios
1987 1535 2210 1586 subjecerunt

1214 1583 1436 1624 insidiatores
1456 1601 1464 1623 :
1485 1587 1554 1645 ipsi
1581 1602 1721 1641 quoque
1747 1605 1839 1643 saepe
1868 1595 2098 1634 contumelias
2120 1597 2208 1635 infe—

1171 1686 1199 1709 13
1214 1645 1362 1695 rebant,
1384 1662 1467 1685 cum
1493 1657 1609 1687 tamen
1629 1651 1720 1689 nihil
1745 1652 1882 1691 adesset
1910 1654 1946 1692 in
1968 1670 2038 1706 quo
2055 1671 2204 1696 aecusa—

114 1705 309 1756 ὑὲρίζοντες
337 1704 520 1752 διετέλουν,
539 1704 599 1742 καὶ
624 1709 733 1742 ταῦτα
758 1703 854 1741 οὐδὲν
873 1704 1010 1757 ἔχοντες
1030 1707 1138 1757 ἐγκα-
1163 1722 1187 1751 Α
1211 1716 1288 1744 rent
1319 1707 1451 1760 ipsum,
1471 1710 1533 1747 sed
1566 1711 1739 1750 beneficia
1766 1713 1966 1765 frequenter
1994 1718 2202 1770 acciperent.

113 1766 197 1811 λεῖν,
217 1765 307 1803 ἀλλὰ
334 1765 393 1803 καὶ
416 1765 696 1818 εὐεργετούμενοι
722 1765 933 1811 Ξίδιηνεκῶς·
954 1766 1012 1804 καὶ
1047 1767 1141 1818 ὅμως

113 1826 202 1876 μετὰ
215 1830 367 1864 τοσαῦτα
381 1828 442 1863 οὒκ
462 1825 649 1878 ἀφίσταται
676 1825 797 1869 αὐτοὺς
822 1822 858 1865 εὖ
877 1831 986 1865 ποιῶν
1004 1828 1063 1866 καὶ
1083 1831 1101 1867 ’δ
1107 1829 1139 1868 ιὰ

111 1887 277 1938 ῥημάτιον
300 1887 360 1926 καὶ
389 1887 445 1925 διὰ
476 1887 708 1940 πραγμάτων.
739 1888 808 1926 Καὶ
828 1889 960 1928 οἰκέτου
985 1889 1022 1928 δέ
1049 1905 1140 1935 τινος

111 1949 320 2002 ῥαπίσαντος
357 1948 471 1997 αὐτὸν,
492 1950 615 2001 φησίν·
648 1952 693 1988 Εἰ
723 1950 786 2001 μὲν
809 1955 925 1995 κακῶς
958 1952 1135 2002 ἐλάλησα,

110 2010 330 2064 μαρτύρησον
347 2010 426 2062 περὶ
454 2015 513 2048 τοῦ
534 2016 662 2050 κακοῦ·
681 2013 709 2049 εἷ
738 2011 775 2050 δὲ
804 2015 938 2062 καλῶς,
968 2013 1002 2051 τί
1023 2030 1065 2065 με
1084 2013 1138 2052 δέ·

110 2088 197 2125 ρεις;
212 2073 302 2111 Ἀλλ’
321 2075 435 2111 ἐκεῖνα
453 2072 514 2123 μὲν
530 2073 615 2125 πρὸς
635 2072 712 2118 τοὺς
733 2072 874 2126 ἐχθροὺς
889 2074 949 2113 καὶ
965 2074 1042 2120 τοὺς
1062 2079 1137 2115 ἐπι·

108 2133 352 2177 δουλεύοντας·
380 2134 509 2185 ἴδωμεν
527 2135 562 2172 δὲ
595 2135 653 2173 καὶ
687 2135 773 2188 πρὸς
803 2135 882 2180 τοὺς
921 2139 1079 2188 μαθητὰς
1103 2138 1138 2177 τί

106 2200 198 2232 ποιεῖ
232 2198 290 2232 νῦν
304 2210 311 2218 ·
343 2197 475 2245 μᾶλλον
497 2195 533 2234 δὲ
553 2194 612 2233 καὶ
632 2196 653 2234 ἃ
672 2194 688 2217 1>
703 2200 760 2234 νῦν
782 2197 1017 2236 ἐπιδείκνυται
1050 2200 1136 2252 πρὸς

106 2255 163 2293 τὸν
185 2254 378 2294 ἓπίὸουλον.
412 2255 480 2294 ςῸν
510 2256 576 2309 γὰρ
601 2257 754 2307 μάλιστα
782 2259 922 2298 πάντων
946 2262 1053 2313 ἐχρῆν
1070 2263 1134 2312 ’μι-

105 2321 190 2363 σεῖν,
210 2315 262 2354 ὅτι
282 2317 444 2367 μαθητὴς
462 2317 522 2366 ὢν,
538 2318 597 2355 καὶ
614 2322 794 2370 τραπεζῶν
815 2320 874 2358 καὶ
894 2321 987 2359 ἁλῶν
1008 2338 1134 2361 >eom-›-

105 2377 232 2427 νήσας,
251 2379 311 2416 καὶ
346 2379 509 2430 θαύματα
536 2380 632 2428 ἰδὼν,
660 2381 719 2419 καὶ
749 2382 922 2420 τοσούτων
953 2384 1132 2433 ἀξιωθεὶς,

104 2438 244 2476 πάντων
271 2439 410 2487 ἐποίησε
439 2440 690 2493 χαλεπώτερα,
715 2442 823 2485 λίθοις
854 2442 914 2493 μὲν
935 2446 972 2482 οὐ
993 2445 1132 2495 βάλλων

105 2500 180 2538 οὐδὲ
207 2500 368 2552 ὑδρίσας,
398 2501 488 2539 ἀλλὰ
524 2502 669 2554 προό,ὺς
706 2503 807 2541 αὐτὸν
841 2504 900 2541 καὶ
935 2506 1130 2559 παραδοὺς,

102 2565 220 2599 τοῦτον
249 2561 313 2613 ὅρα
346 2565 420 2605 πῶς
439 2562 652 2615 φιλοφρόνως
681 2563 846 2615 δέχεται,
875 2564 1005 2603 νίπτων
1026 2568 1131 2605 αὐτοῦ

101 2621 180 2665 τοὺς
196 2622 315 2666 πόδας.
335 2622 404 2661 Καὶ
423 2622 491 2674 γὰρ
510 2623 620 2675 ταύτῃ
642 2624 741 2662 αὐτὸν
762 2631 952 2677 κατασχεῖν
969 2626 1131 2666 ἐδούλετο

101 2685 163 2729 τῆς
196 2683 363 2736 πονηρίας
394 2684 538 2731 ἐκείνης.
571 2684 694 2723 Καίτοι
719 2701 758 2736 γε
778 2687 869 2733 ἐνῆν,
890 2687 986 2740 εἴπερ
1004 2687 1128 2736 ἤθελε,

100 2743 160 2781 καὶ
189 2743 334 2796 ξηρᾶναι
354 2745 456 2783 αὐτὸν
477 2748 524 2789 ὡς
554 2745 618 2792 τὴν
644 2749 764 2793 συκῆν,
787 2747 846 2784 καὶ
864 2748 1037 2798 διατεμεῖν
1054 2749 1129 2788 ὥσ-

98 2820 165 2857 περ
185 2805 247 2849 τὰς
261 2805 390 2859 πέτρας
415 2806 554 2859 ἔρρηξε,
570 2808 629 2846 καὶ
660 2807 838 2860 διασχίσαι
864 2808 981 2862 ὥσπερ
1001 2811 1040 2849 τὸ
1067 2827 1129 2850 κα·

98 2867 324 2918 ταπέτασμα·
345 2870 420 2906 ἀλλ’
442 2871 504 2907 οὐκ
531 2868 693 2907 ἐδούλετο
713 2869 846 2922 ἀνάγκη
859 2900 869 2918 ,
887 2872 975 2909 ἀλλὰ
1004 2888 1126 2925 προαι-

99 2925 191 2977 ρέσει
212 2931 274 2975 τῆς
290 2929 477 2975 ἐπιὸουλῆς
493 2931 593 2969 αὐτὸν
612 2932 819 2983 ἀπαγαγεῖν.
842 2931 910 2969 Διὰ
935 2936 1036 2971 τοῦτο
1066 2934 1125 2972 καὶ

96 2987 208 3026 νίπτει
227 2988 303 3032 τοὺς
321 2990 440 3034 πόδας.
458 2990 528 3029 Καὶ
542 2991 619 3029 οὐδὲ
636 2996 738 3030 τοῦτο
767 2992 895 3044 ᾐδέσθη
912 2997 929 3032 ὁ
944 2994 1124 3033 ταλαίπω-

98 3064 152 3101 ρος
171 3051 298 3094 ἐκεῖνος
317 3051 376 3088 καὶ
394 3051 522 3095 ἄθλιος.
547 3052 624 3103 Πρὸ
641 3052 676 3090 δὲ
695 3057 756 3100 τῆς
775 3056 895 3105 ἑορτῆς
914 3059 973 3092 τοῦ
987 3055 1124 3108 πάσχα,

95 3110 215 3161 φησὶν,
226 3111 324 3156 εἰδὼς
340 3114 357 3149 ὃ
375 3111 508 3158 Ἰησοῦς
523 3112 573 3151 ὅτι
587 3108 689 3160 ἦλθεν
712 3117 815 3152 αὐτοῦ
835 3118 856 3161 ἡ
877 3115 964 3167 ὥρα.
976 3118 1029 3154 Οὐ
1045 3117 1122 3156 τότε

94 3177 203 3221 εἰδώς·
221 3180 296 3217 ἀλλ’
315 3178 367 3217 ὅτι
392 3180 551 3228 ἐποίησεν
577 3182 662 3234 ὅπερ
686 3183 979 3231 ἐποίησεν,πάλαι
1007 3185 1117 3233 εἰδὼς,

135 3303 150 3319 *
168 3303 231 3345 [καὶ
246 3308 333 3342 αὑτός
363 3320 431 3350 φησι
444 3305 556 3340 Codd.
575 3308 693 3350 nostri,
712 3306 802 3351 quod
820 3307 928 3350 placet
944 3321 952 3351 3
971 3314 1018 3344 καὶ
1037 3325 1066 3344 α.
1086 3315 1100 3345 ὸ

92 3365 127 3388 X·
148 3371 214 3400 1τησι
231 3356 351 3399 Savil.]

136 3409 152 3431 Ι»
170 3407 229 3439 Alii
249 3413 335 3443 ziz-'w
352 3414 475 3454 ᾀνεὶεῖν.

1212 1768 1467 1807 Verumtamen
1486 1780 1565 1822 post
1581 1771 1655 1809 haec
1670 1782 1778 1824 tanta,
1791 1788 1860 1812 non
1880 1786 1989 1814 cessat
2005 1792 2062 1816 eos
2078 1788 2111 1816 et
2125 1794 2202 1819 ver-

1209 1825 1265 1866 bis
1288 1838 1322 1867 et
1353 1830 1519 1882 operibus
1541 1832 1694 1883 juvare:
1720 1843 1753 1872 et
1773 1849 1854 1873 cum
1877 1851 1897 1874 a
1923 1851 2025 1877 servo
2046 1840 2200 1890 quodam

1210 1955 1316 1990 nium
1337 1956 1496 2005 perhibe
1514 1957 1562 1993 de
1594 1959 1699 1995 malo
1707 1975 1724 2003 ,-
1741 1963 1775 1997 si
1802 1970 1932 1999 autem
1959 1965 2072 2011 bene,
2107 1968 2202 2018 quid

1207 2027 1267 2050 me
1285 2016 1425 2052 coedis?
1442 2017 1580 2055 Verum
1603 2017 1680 2055 haec
1701 2019 1855 2058 inimicis
1877 2031 1909 2059 et
1931 2023 2201 2065 insidiatoribus

1205 2073 1312 2112 dixit.
1341 2074 1538 2115 Videamus
1569 2086 1712 2128 autem,
1743 2080 1830 2130 quid
1861 2095 1955 2120 nuno
1980 2084 2087 2123 saciat
2117 2101 2199 2138 erga

1205 2134 1401 2188 discipulos
1413 2152 1425 2187 5
1446 2138 1518 2176 imo
1545 2153 1622 2189 quae
1645 2153 1740 2178 nune
1759 2142 1927 2181 exhibeat
1948 2159 2030 2196 erga
2051 2145 2201 2185 insidia-

1204 2208 1329 2239 torem.
1363 2201 1435 2247 Qui
1464 2202 1559 2239 enim
1582 2203 1743 2241 omnium
1775 2206 1933 2245 maxime
1959 2208 2042 2246 odio
2069 2209 2200 2261 dignus

1203 2271 1289 2312 erat,
1305 2263 1389 2313 quia
1411 2277 1492 2301 cum
1508 2263 1707 2316 discipulus
1729 2275 1762 2303 et
1781 2281 1910 2305 mensae
1933 2283 2075 2308 consors
2095 2281 2198 2319 esset,

1203 2340 1283 2363 cum
1298 2327 1470 2364 miracula
1502 2327 1661 2379 vidisset,
1681 2338 1714 2366 et
1733 2339 1783 2367 tot
1810 2331 1976 2383 dignatus
1996 2344 2085 2372 esset
2111 2351 2197 2374 mu-

1203 2388 1359 2437 neribus,
1379 2388 1568 2426 deterrima
1589 2391 1750 2428 omnium
1765 2392 1846 2429 fecit
1869 2409 1876 2429 ε
1901 2408 1970 2432 non
1995 2394 2194 2447 lapidibus,

1203 2463 1272 2487 non
1288 2451 1510 2488 contumeliis
1528 2451 1694 2503 impetiit,
1712 2453 1773 2490 scd
1788 2454 1891 2492 illum
1902 2456 2084 2507 prodidit:
2100 2459 2197 2498 hunc

1203 2524 1286 2549 vero
1316 2511 1398 2550 vide
1416 2526 1524 2563 quam
1545 2512 1696 2564 benigne
1715 2515 1880 2567 excipiat.
1909 2518 2014 2556 Lavit
2041 2520 2117 2571 ejus
2137 2536 2196 2573 pe-

1202 2571 1282 2621 des,
1301 2581 1338 2609 ut
1357 2572 1424 2609 hoe
1446 2572 1564 2610 officio
1587 2573 1703 2625 ipsum
1725 2575 1903 2614 cohiberet
1919 2591 1938 2614 a
1957 2587 2054 2617 tanta
2073 2582 2195 2632 nequi-

1203 2632 1262 2670 tia.
1279 2633 1388 2683 Atqui
1408 2642 1544 2685 poterat
1570 2634 1689 2686 ipsum
1710 2635 1801 2673 sicut
1831 2637 1941 2675 ficum
1961 2641 2152 2692 arefacere,
2165 2643 2194 2680 si

1201 2694 1386 2742 voluisset,
1414 2695 1471 2732 vel
1495 2695 1695 2734 discindere
1720 2697 1812 2735 sicut
1832 2709 1947 2750 petras
1975 2700 2143 2754 discidit,
2161 2713 2194 2742 et

1201 2756 1292 2793 sicut
1321 2756 1405 2793 item
1424 2756 1545 2795 velum
1579 2758 1702 2811 templi
1731 2758 1889 2798 discidit.
1910 2764 2049 2801 Verum
2078 2765 2193 2804 noluit

1200 2817 1258 2867 vi,
1280 2817 1340 2855 sed
1362 2819 1541 2870 proposito
1563 2820 1756 2859 voluntatis
1774 2836 1793 2859 a
1818 2822 2018 2874 proditione
2036 2826 2191 2866 abduce-

1199 2893 1249 2916 re.
1267 2878 1350 2917 Ideo
1369 2879 1458 2917 lavit
1477 2880 1552 2932 ejus
1572 2881 1689 2933 pedes.
1708 2884 1832 2933 Neque
1851 2884 1918 2922 hac
1931 2885 1975 2923 de
1994 2901 2031 2924 re
2047 2888 2190 2927 erubuit

1197 2940 1323 2978 infelix
1342 2950 1374 2978 et
1389 2940 1495 2979 miser
1515 2942 1586 2980 ille.
1607 2943 1717 2982 Ante
1730 2946 1831 2983 diem
1837 2948 1992 2999 festum
2004 2951 2184 2998 Pasclzoe,

1197 3000 1335 3052 inquit,
1355 3005 1476 3040 sciens
1493 3004 1607 3042 Jesus
1626 3007 1719 3056 quia
1739 3010 1850 3044 venit
1875 3010 1973 3046 lzorcz
1993 3013 2087 3062 ejus.
2107 3012 2186 3048 Non

1196 3072 1280 3100 tunc
1298 3062 1458 3115 primum
1481 3064 1598 3113 scivit,
1615 3066 1675 3104 sed
1699 3081 1781 3104 cum
1801 3068 1884 3107 fecit
1905 3070 1944 3107 id
1964 3071 2059 3121 quod
2086 3073 2182 3122 fecit,

1189 3123 1265 3175 jam
1293 3123 1381 3161 olim
1399 3124 1541 3163 sciebat.
1569 3128 1620 3165 Ut
1638 3136 1827 3167 transeat.
1851 3131 2045 3183 Magnifice
2073 3147 2181 3171 evan-

1193 3186 1317 3238 gelista
1340 3186 1531 3225 transitum
1557 3188 1632 3240 ejus
1652 3199 1803 3230 mortem
1824 3201 1938 3231 vocat.
1962 3195 2058 3232 Cum
2085 3194 2182 3231 dile-

1210 3322 1223 3336 a
1239 3310 1385 3352 Quidam
1402 3315 1546 3355 διηνεκῶς,
1562 3317 1631 3347 ἀλλ’
1649 3320 1739 3358 ὅμως.

1213 3365 1228 3389 b
1246 3363 1309 3396 Alii
1325 3371 1371 3398 νῦν
1388 3373 1463 3399 ποιεῖ
1479 3371 1552 3411 πρὸς
1567 3374 1626 3401 τόν.

2236 921 2414 950 1.Cor.11.

2231 969 2261 989 1.

2229 1048 2316 1078 Rom.
2337 1048 2365 1078 8.
2385 1050 2414 1079 3.

2227 1234 2341 1262 Manh.
2368 1244 2412 1263 11.

2228 1283 2278 1312 29.

2241 1785 2348 1812 Christi
2363 1797 2408 1812 er-

2216 1837 2248 1864 g]
2275 1828 2408 1854 Inimicus

2215 1869 2392 1904 benignitas.

1210 1891 1415 1944 caedere‘tur,
1439 1894 1488 1931 ait
1504 1909 1512 1930 :
1532 1895 1572 1933 Si
1592 1897 1695 1934 male
1711 1898 1893 1950 loquutus
1910 1913 2017 1948 sum,
2031 1907 2197 1942 testimo·
2215 1908 2403 1938 Jomr18-23-
