2481 3678
659 210 699 238 IN
736 209 942 239 JOYxNNEM
979 208 1137 239 llonliL.

1178 206 1304 237 xxvn
1346 191 1407 235 aL
1447 207 1556 237 xxv.

2103 210 2178 253 171

477 460 656 497 OMlAlA
684 457 750 502 κζ’.

128 581 150 593 xx
359 579 368 593 p
457 583 467 596 ,
536 585 557 592 Ν
692 580 701 593 χ
816 578 826 593 J
897 578 907 590 ῃ
980 590 986 598 ¹
1054 572 1068 609 γ’
1114 571 1122 584 x

106 583 158 619 'lo
179 596 424 632 γεγεννημενον
452 597 491 619 εκ
515 598 577 628 της
600 596 751 634 σαρκος,
782 576 869 630 σαρξ
893 591 966 614 εστι
1007 589 1053 612 κα
1091 587 1130 610 το

159 641 405 694 γεγεννημένον
425 643 465 680 ἐκ
485 646 545 680 τοῦ
573 641 798 692 Πνεύματος,
813 636 950 687 πνεῦμά
971 638 1076 674 ἐστιν.

157 764 226 802 Με·
216 763 368 813 γάλων(
352 770 446 814 ημᾶς
467 762 665 816 μυστηρίων
683 759 896 808 κατηξιωσεν
912 761 930 797 ὁ
945 772 1132 809 μονογενης

104 825 188 867 Υἱὸς
208 829 268 862 τοῦ
298 825 407 863 Θεοῦ·
437 825 611 876 μεγάλων,
644 839 704 861 και
732 820 811 860 οἵων
832 825 934 871 ἡμεῖς
962 821 1023 857 οὐκ
1041 822 1130 868 ἠμεν

105 884 216 932 ἄξιοι,
240 886 316 923 ἀλλ’
343 883 421 923 οἵων
446 886 539 937 αὖτῳ
567 883 733 937 παρέχειν
756 881 889 935 πρέπον
909 883 964 927 ἠν.
983 877 1043 917 Αν
1068 877 1130 930 μὲν

102 944 171 998 γὰρ
191 944 252 992 τὴν
278 943 376 988 ἀξίαν
400 962 463 992 την
483 944 657 998 ημετέραν
677 941 861 996 λογίσηταί
878 958 950 989 τις,
969 943 1007 980 οὔ
1028 941 1129 992 μόνον

99 1010 162 1054 τῆς
183 1008 345 1059 δωρεᾶς
328 1022 417 1057 ημεν
436 1006 588 1053 ἀνάξιοι,
608 1005 698 1044 ἀλλὰ
716 1005 777 1044 καὶ
796 1004 970 1045 κολάσεως
985 1001 1129 1040 υπεύθυ-

100 1084 152 1106 νοι
179 1068 239 1107 καὶ
258 1068 441 1120 τιμωρίας.
460 1067 645 1115 Ἐπειδὴ
628 1067 662 1106 οὲ
684 1069 722 1106 οὐ
744 1066 829 1119 πρὸς
848 1069 948 1104 τοῦτο
970 1058 1069 1111 εἶδεν,
1091 1065 1129 1101 οὐ

101 1128 203 1179 μόνον
218 1129 393 1173 κολάσεως
415 1128 627 1176 ἀπηλλαξεν,
646 1127 736 1166 ἀλλὰ
752 1126 812 1165 καὶ
828 1125 953 1173 ζωὴν
938 1142 953 1163 ε
956 1140 1128 1178 χαρισατο

98 1192 218 1243 πολλῷ
245 1194 310 1238 τῆς
342 1190 513 1244 προτέρας
534 1189 819 1242 Ῐ’λοιμπροτέραν,
849 1190 895 1231 εἷς
914 1186 1017 1225 ἄλλον
1029 1189 1128 1246 >ἡμᾶς

99 1252 263 1304 εἰσήγαγε
283 1251 426 1302 κόσμον,
450 1251 570 1304 ἑτέραν
588 1249 841 1302 ἐδημιούργησε
863 1247 974 1287 κτίσιν
990 1263 996 1271 ·
1014 1246 1062 1286 Εἴ
1075 1263 1128 1290 τις

98 1312 167 1367 γὰρ
188 1315 221 1352 ἐν
242 1314 385 1364 Χριστῷ
413 1312 516 1359 καινὴ
539 1311 670 1358 κτίσις,
694 1310 790 1363 φησί.
810 1309 904 1348 Ποία
923 1308 1026 1355 καινὴ
1051 1307 1127 1346 κτί-

99 1391 168 1422 σις,
200 1373 364 1412 Ἄκουσον
394 1376 497 1411 αὐτοῦ
516 1373 690 1424 λέγοντος·
709 1371 795 1410 Ἐὰν
821 1371 869 1422 μή
899 1387 951 1414 τις
977 1373 1124 1421 γεννηθῇ

97 1434 131 1479 ἐξ
163 1435 284 1477 ὕδατος
312 1434 371 1472 καὶ
397 1433 625 1484 Πνεύματος,
647 1435 684 1471 οὐ
720 1432 864 1470 δύναται
892 1432 1056 1469 εἰσελθεῖν
1079 1432 1127 1474 εἷς

97 1496 159 1544 τὴν
184 1495 362 1547 βασιλείαν
383 1498 443 1532 τοῦ
469 1496 573 1533 Θεοῦ.
593 1498 606 1514 ⁰
619 1493 839 1544 Παράδεισον
861 1491 1126 1541 ἐπιστεύθημεν,

96 1557 156 1596 καὶ
177 1556 252 1595 οὐδὲ
274 1559 336 1602 τῆς
357 1558 390 1593 ἐν
419 1557 514 1606 αὐτῷ
534 1555 709 1605 διαγωγῆς
728 1553 903 1605 ἐφάνημεν
926 1550 1035 1598 ἄξιοι,
1065 1551 1126 1589 καὶ

97 1620 144 1662 εἷς
171 1617 250 1661 τοὺς
285 1615 447 1669 οὐρανοὺς
474 1619 569 1666 ἡμᾶς
599 1615 782 1666 ἀνήγαγεν.
803 1614 864 1652 Ἐν
884 1619 955 1657 τοῖς
974 1611 1125 1666 πρώτοις

96 1681 157 1731 οὐχ
180 1677 367 1731 εὑρέθημεν
397 1676 538 1724 πιστοὶ,
558 1676 618 1714 καὶ
646 1675 787 1726 μείζονα
808 1674 1032 1727 ἐνεχείρισεν·
1052 1674 1124 1718 ἑνὸς
1148 1683 1171 1714 Ε

97 1739 312 1792 ἀποσχέσθαι
335 1737 432 1782 ξύλου
451 1740 511 1776 οὐκ
532 1736 736 1789 ἰσχύσαμεν,
755 1737 814 1775 καὶ
834 1735 896 1783 τὴν
915 1735 986 1773 ἅνω
1013 1735 1125 1789 παρέ-

97 1817 160 1853 σχε
185 1799 337 1854 τρυφήν·
361 1802 394 1838 ἐν
419 1798 624 1851 παραδείσῳ
651 1800 713 1836 οὐκ
735 1797 1032 1850 ἐκαρτερήσαμεν,
1065 1795 1124 1834 καὶ

94 1862 172 1906 τοὺς
200 1860 362 1913 οὐρανοὺς
396 1864 482 1911 ἡμῖν
519 1859 743 1898 ἀνεπέτασεν.
772 1858 931 1903 Εἰκότως
962 1857 1077 1910 ἔλεγεν
1106 1860 1124 1895 ὁ

94 1925 234 1967 Παῦλος
251 1938 259 1946 ·
277 1916 326 1960 ὟΩ
349 1922 451 1973 βάθος
470 1921 620 1960 πλούτου
648 1921 708 1959 καὶ
729 1920 851 1973 σοφίας
879 1920 938 1958 καὶ
965 1918 1124 1971 γνώσεως

93 1987 197 2024 Θεοῦ.
227 1986 304 2022 Οὐκ
333 1983 385 2021 ἔτι
405 1983 542 2036 μήτηρ,
571 1983 634 2021 οὔκ
656 1981 706 2020 ἔτι
732 1983 871 2029 ὠδῖνες,
897 1980 974 2020 οὔτε
1002 1980 1122 2029 ὕπνοι,

93 2061 153 2084 και
182 2044 359 2083 συνουσίαι
385 2044 445 2082 καὶ
466 2044 597 2096 περιπλ
599 2042 677 2081 οκαὶ
696 2041 894 2093 σωμάτων·
911 2042 982 2080 ἅνω
1001 2042 1122 2080 λοιπὸν

1505 451 1714 492 HOMILIA
1745 452 1887 493 XXVI.

1194 565 1242 608 ‘6.
1264 571 1377 622 Quod
1389 581 1525 611 natum
1540 584 1594 613 est
1613 589 1661 613 esc
1680 589 1811 623 carne,
1834 589 1926 614 caro
1941 584 1997 614 est
2005 591 2019 621 ;
2033 584 2070 614 et
2086 576 2190 628 quod

1339 641 1474 672 natum
1492 644 1548 675 est
1566 651 1614 675 ex
1631 637 1788 689 Spiritu,
1811 640 1966 689 spiritus
1982 646 2051 676 est.

1260 755 1296 790 1.
1321 754 1460 806 Magnis
1486 769 1549 795 nos
1575 758 1754 811 mysteriis
1774 758 1942 810 dignatus
1960 767 2011 797 est
2028 758 2190 811 unigeni-

1204 823 1261 853 tus
1279 815 1393 855 Filius
1415 817 1506 869 Dei3
1532 821 1682 871 magnis,
1701 831 1735 859 et
1756 821 1887 872 quibus
1905 820 2007 872 digni
2026 836 2095 859 non
2113 836 2190 859 era·
2214 821 2220 827 '

1204 890 1295 926 mus,
1314 877 1377 916 sed
1396 893 1474 929 quae
1494 879 1641 919 decebat
1658 882 1763 921 illum
1782 882 1881 921 dare.
1906 884 1999 920 Nam
2016 882 2046 920 si
2066 882 2190 920 merita

1203 947 1321 977 nostra
1343 940 1422 991 quis
1451 952 1608 994 reputet,
1632 957 1701 982 non
1719 944 1837 982 solum
1859 944 1952 983 dono
1977 958 2116 982 eramus
2135 944 2189 982 in-

1154 1006 1179 1037 D
1203 998 1320 1052 digni,
1349 1001 1413 1040 sed
1440 1003 1619 1056 supplicio
1647 1014 1681 1043 et
1702 1005 1832 1043 ultioni
1862 1005 2023 1044 obnoxii.
2048 1004 2122 1042 Sed
2150 1004 2191 1042 id

1202 1074 1272 1099 non
1301 1062 1492 1116 respiciens
1523 1065 1597 1114 ille,
1616 1079 1686 1111 non
1705 1066 1812 1105 modo
1832 1081 1894 1105 nos
1913 1081 1933 1104 a
1951 1065 2127 1118 supplicio
2145 1065 2190 1103 li-

1200 1122 1357 1174 beravit,
1377 1125 1440 1164 sed
1458 1126 1572 1165 vitam
1598 1127 1750 1180 largitus
1774 1137 1826 1167 est
1853 1128 1967 1181 priori
1990 1129 2094 1179 longe
2112 1128 2187 1165 cla-

1200 1184 1355 1236 riorem5
1381 1187 1417 1225 in
1451 1188 1563 1226 alium
1591 1204 1654 1227 nos
1684 1190 1861 1229 mundum
1892 1191 2054 1240 induxit,
2080 1190 2188 1227 aliam

1200 1246 1362 1285 condidit
1388 1258 1586 1287 creaturam
1610 1267 1618 1287 :
1644 1251 1685 1289 Si
1712 1265 1791 1303 qua
1823 1255 1926 1289 enim
1959 1255 2002 1289 in
2034 1253 2186 1290 Christo
2200 1268 2231 1292 2.
2251 1259 2319 1288 Cor.
2334 1259 2363 1290 5.

1200 1321 1302 1346 nova
1317 1318 1510 1357 creatura,
1530 1309 1659 1362 inquit.
1678 1312 1765 1359 Quae
1780 1327 1871 1351 nova
1891 1313 2075 1351 creatura?
2092 1313 2187 1351 Audi
2206 1310 2251 1338 '7'

1197 1367 1318 1420 ipsum
1334 1385 1341 1405 :
1357 1371 1445 1408 Nisi
1463 1374 1549 1423 quis
1579 1381 1694 1410 natus
1703 1374 1834 1425 suerit
1855 1388 1902 1411 ex
1923 1388 2028 1426 aqua
2048 1382 2084 1412 et
2103 1375 2185 1426 Spi-

1197 1432 1288 1477 ritu,
1313 1445 1390 1469 non
1409 1435 1548 1483 poterit
1565 1437 1713 1472 intrare
1728 1437 1770 1471 in
1788 1449 1947 1486 regnum
1966 1437 2054 1473 Dei.
2078 1437 2187 1474 Para-

1197 1490 1297 1529 disus
1316 1492 1418 1530 nobis
1447 1493 1671 1532 concreditus
1694 1495 1779 1543 fuit,
1800 1509 1913 1546 neque
1932 1496 2033 1547 digni
2051 1497 2188 1535 fuimus

1198 1551 1259 1602 qui
1278 1551 1354 1590 illic
1371 1567 1596 1592 versaremur
1608 1585 1620 1606 ,
1643 1565 1677 1593 et
1695 1556 1732 1594 in
1751 1557 1876 1594 caelum
1900 1571 1962 1595 nos
1981 1558 2123 1596 extulit.
2145 1561 2187 1596 In

1195 1612 1378 1665 prioribus
1397 1615 1520 1654 fideles
1549 1630 1618 1654 non
1646 1617 1843 1668 fueramus,
1863 1627 1896 1656 et
1915 1619 2050 1671 majora
2071 1628 2187 1657 tamen

1196 1674 1372 1713 tradidit:
1395 1690 1464 1714 non
1495 1678 1678 1729 potuimus
1707 1679 1752 1717 ab
1779 1694 1849 1718 uno
1873 1680 2049 1718 abstinere
2071 1681 2186 1734 ligno,

1197 1745 1231 1774 et
1263 1751 1432 1789 supernas
1464 1739 1619 1790 praebuit
1649 1739 1796 1779 delicias
1822 1757 1829 1778 :
1856 1741 1893 1779 in
1921 1742 2087 1794 paradiso
2116 1757 2185 1793 non

1196 1798 1525 1849 perseveravimus,
1546 1810 1579 1838 ct
1597 1802 1699 1839 caelos
1718 1802 1820 1840 nobis
1838 1803 1992 1855 aperuit.
2014 1806 2100 1843 Jure
2128 1804 2185 1842 di-

1196 1858 1251 1896 xit
1270 1859 1403 1898 Paulus
1421 1876 1428 1897 :
1447 1862 1479 1898 0
1499 1862 1667 1900 altitudo
1687 1864 1912 1903 divitiarum
1932 1867 2130 1916 sapientiae
2148 1874 2183 1904 et
2200 1867 2288 1896 Rom.
2309 1878 2352 1897 ¹¹·

1195 1923 1364 1959 scientia>
1393 1923 1470 1960 Dei
1484 1922 1500 1961 Ι
1520 1924 1599 1961 Non
1623 1924 1716 1962 ultra
1734 1934 1864 1975 mater,
1884 1940 1954 1964 non
1986 1927 2079 1964 ultra
2097 1941 2182 1979 par-

1195 1990 1264 2031 tus,
1284 1996 1353 2020 non
1366 1984 1493 2034 somni,
1514 1999 1584 2023 non
1603 1986 1811 2024 concubitus
1830 1996 1864 2025 et
1881 1988 2090 2040 amplexus:
2105 2002 2184 2026 sur-

1194 2060 1274 2083 sum
1292 2047 1437 2086 tandem
1462 2057 1597 2086 naturae
1627 2059 1755 2088 nostrae
1783 2050 1919 2089 texitur
1937 2051 2123 2104 opificium
2141 2066 2186 2090 ex

94 2105 273 2158 ὑφαίνεται
286 2104 525 2179 τῆςὸμετέρας
537 2103 669 2156 φύσεως
679 2108 700 2151 ἦ
714 2103 925 2151 κατασκευὴ,
938 2103 1123 2142 ἀπὸΠνεύ-
1132 2127 1181 2154 149
1194 2107 1334 2160 Spiritu
1353 2118 1386 2147 et
1405 2124 1508 2161 aqua.
1534 2113 1636 2161 Aqua
1655 2121 1775 2149 autem
1799 2122 1954 2150 assumta
1973 2122 2041 2162 est,
2061 2127 2127 2165 pal
2130 2122 2185 2151 tus

95 2183 203 2217 ματος
222 2165 318 2217 &scol-2
336 2182 395 2204 και
413 2180 544 2208 υθᾱτΟς.
557 2166 646 2203 ΤΟ
628 2164 663 2203 ΟΞ
679 2180 772 2216 υΟὺ)ρ
786 2164 1045 2218 παρείληπται,
1065 2165 1172 2204 'UO-*A

92 2244 151 2272 κος
163 2231 213 2266 τῶ
232 2227 426 2280 τικτομένῳ
440 2226 631 2279 γινόμενον.
646 2225 764 2280 ςὈπερ
776 2244 843 2280 γαρ
859 2229 950 2266 ἐστιν
961 2231 982 2275 ἡ
1002 2244 1120 2281 μητρα

92 2291 142 2342 τῷ
171 2288 332 2342 ἐμὸρύῳ,
362 2266 462 2327 τοῦτο
481 2291 531 2340 τῷ
559 2291 674 2341 πιστῷ
701 2287 741 2326 τὸ
772 2287 886 2342 ὕδωρ·
919 2291 952 2327 ἐν
975 2288 1043 2342 γὰρ
1069 2291 1119 2341 τῷ

91 2349 190 2388 ὕδατι
202 2349 454 2388 διαπλάττεται
476 2349 537 2388 καὶ
561 2352 766 2402 μορφοῦται.
782 2350 836 2388 Τὸ
857 2350 918 2401 μὲν
934 2349 1002 2402 γὰρ
1015 2352 1119 2402 πρῶ-

91 2426 148 2450 τον
184 2410 337 2462 ἐλέγετο·
369 2410 594 2462 Ἐξαγαγέτω
621 2410 666 2448 τὰ
697 2409 807 2448 ὕδατα
835 2411 965 2464 ἑρπετὰ
997 2413 1118 2464 ψυχῶν

92 2475 209 2518 ζωσῶν
227 2489 234 2497 ·
255 2472 289 2516 ἐξ
309 2466 347 2510 οἷ
364 2472 400 2509 δὲ
417 2472 525 2519 {veie-q
544 2475 635 2509 ἷΙτῶν
656 2472 831 2523 Ἰορδάνου
851 2472 993 2524 ῥείθρων
1010 2476 1027 2510 ὃ
1046 2476 1117 2511 Δε-

92 2533 245 2581 σπότης,
273 2534 334 2571 οὐκ
356 2532 406 2570 ἔτι
431 2532 560 2584 ἑρπετὰ
586 2534 706 2584 ψυχῶν
732 2535 865 2580 ζωσῶν,
888 2533 978 2571 ἀλλὰ
1005 2533 1119 2585 ψυχὰς

90 2595 232 2647 λογικὰς
261 2594 320 2633 καὶ
338 2593 641 2646 πνευματοφόρους
661 2594 700 2632 τὸ
717 2594 810 2646 ὕδωρ
826 2594 1026 2632 ἀναδίδωσι.
1048 2594 1119 2633 Καὶ

91 2657 109 2695 δ
130 2656 211 2709 περὶ
234 2659 293 2694 τοῧ
312 2654 410 2701 ἡλίου
431 2654 589 2707 εἴρηται,
615 2654 669 2693 ὅτι
686 2653 747 2698 Ὡς
765 2653 909 2706 νυμφίος
934 2654 1120 2706 ἐκπορευό-

93 2733 192 2768 μενος
207 2719 246 2755 ἕκ
265 2719 398 2754 παστοῦ
416 2717 535 2761 αὐτοῦ,
552 2720 650 2754 τοῦτο
665 2715 745 2767 περὶ
764 2717 833 2752 τῶν
852 2718 985 2753 πιστῶν
1000 2716 1122 2768 καιρὸς

92 2777 133 2815 ἂν
148 2777 200 2824 εἴη
222 2778 352 2828 μᾶλλον
369 2778 488 2814 εἰπεῖν.
505 2777 633 2828 Πολλῷ
647 2775 715 2850 γὰρ
732 2776 958 2830 φαιδροτέρας
971 2775 1118 2829 hetonam

89 2838 151 2882 τὰς
171 2841 313 2882 ἀκτῖνας
342 2836 483 2875 ἐκείνου.
507 2836 625 2875 Ἀλλὰ
621 2838 674 2876 τὸ
702 2836 764 2888 μὲν
785 2840 819 2875 ἐν
841 2840 883 2889 τῇ
905 2854 1019 2891 μητρᾳ
1044 2839 1118 2876 δια-

756 2898 841 2913 wel&

90 2900 341 2950 πλαττόμενον,
370 2914 531 2951 'JPOVOU
515 2899 646 2936 ῦΞῖἀῑ”
668 2914 702 2936 ἓν
731 2914 781 2951 ’ἴῳ
801 2915 900 2937 υῦατι
920 2899 955 2937 ΟΞ
977 2902 1040 2952 Οὐχ
1059 2898 1118 2938 Οὕ-

90 2977 178 3008 τως,
194 2961 269 2999 ἆλλ’
289 2963 323 2999 ἐν
346 2967 410 3012 μιᾷ
430 2962 518 3011 ροπῇ
539 2960 654 2998 πάντα
669 2959 812 3011 γίνεται.
832 2959 943 2998 >Ένθα
965 2959 1025 3011 μὲν
1048 2960 1116 3013 γὰρ
1141 2961 1163 2990 Β

89 3028 252 3081 ἐπίκηρος
268 3031 289 3074 ἡ
310 3026 380 3073 ζωὴ
410 3026 470 3064 καὶ
493 3027 561 3065 ἀπὸ
585 3030 790 3078 σωματικῆς
815 3030 941 3080 φθορᾶς
960 3027 1033 3080 ἔχει
1049 3027 1110 3074 τὴν

89 3094 214 3147 ἀρχὴν,
234 3093 393 3146 βραδύνει
411 3093 451 3131 τὸ
469 3093 670 3145 τικτόμενον
697 3093 861 3145 (τοιαύτη
879 3094 947 3147 γὰρ
961 3096 1029 3132 τῶν
1051 3110 1119 3133 σω-

133 3234 150 3258 b
165 3230 279 3264 Morel.
296 3237 488 3277 τιμιωτέραν.
505 3230 605 3263 Savil.
620 3235 848 3277 λαμπροτέραν.

134 3295 146 3308 ⁶
165 3282 288 3326 [Codd.
306 3284 363 3315 cit.
380 3291 432 3322 τῆς
457 3291 509 3326 γῆς
534 3288 726 3327 ἐξεπέσαμεν.
752 3288 800 3317 καὶ
822 3286 886 3317 οὐδὲ
902 3292 955 3321 τῆς
971 3288 1099 3318 ἐνταῦθα

91 3339 168 3378 διαγ.
186 3340 231 3380 ἐφ.
246 3340 294 3375 ἅξ.
306 3337 370 3368 Pro
381 3341 529 3382 ἐφάνημεν
542 3336 598 3367 alii
613 3343 784 3378 γεγόναμεν,
799 3334 901 3368 Savil.
916 3343 952 3367 ut
962 3335 1097 3378 Montf]

135 3396 147 3411 ³
164 3385 225 3418 Alii
242 3394 273 3419 et
288 3386 402 3420 Morel.
422 3398 480 3422 τῶν
499 3386 652 3432 Ῐορῧάνου,
667 3386 720 3419 alii
742 3395 774 3420 et
790 3385 893 3421 Savil.
916 3396 970 3421 τῶν
994 3387 1099 3431 Ῐορδα-

1194 2168 1312 2220 genito
1331 2170 1436 2208 facta.
1459 2171 1568 2217 Quod
1590 2181 1641 2209 est
1660 2172 1794 2211 matrix
1812 2174 2017 2226 embiyoni,
2045 2174 2113 2212 hoc
2134 2183 2185 2212 est

1193 2243 1286 2280 aqua
1306 2231 1431 2269 fideli:
1449 2231 1485 2269 in
1505 2246 1599 2283 aqua
1628 2233 1724 2271 enim
1753 2233 1903 2286 fingitur
1930 2244 1965 2273 et
1993 2236 2179 2273 formatur.

1192 2292 1357 2330 Primum
1368 2293 1555 2331 dicebatur
1570 2296 1816 2346 :flProducant
1832 2310 1944 2348 aquoe
1953 2297 2088 2347 reptile
2097 2299 2183 2333 ani·
2200 2307 2270 2334 Gen.
2290 2313 2315 2333 1.
2332 2315 2382 2335 20.

1194 2367 1266 2391 moe
1287 2357 1455 2393 viventis
1468 2372 1482 2400 ,-
1495 2369 1539 2393 ex
1561 2370 1631 2406 quo
1650 2365 1769 2394 autem
1787 2356 1953 2395 Jordanis
1978 2357 2109 2394 fluenta
2128 2356 2182 2395 in—

1192 2428 1331 2466 gressus
1351 2425 1402 2454 est
1433 2416 1629 2466 Dominus,
1653 2431 1722 2454 non
1755 2416 1909 2468 amplius
1937 2416 2080 2468 reptilia
2104 2418 2181 2455 ani-

1191 2491 1331 2514 marum
1362 2477 1580 2526 viventium,
1602 2477 1665 2515 sed
1690 2477 1827 2515 animas
1855 2477 2043 2515 rationales
2064 2478 2180 2531 Spiri-

1190 2547 1269 2575 tum
1286 2547 1446 2575 sanctum
1464 2539 1612 2575 ferentes
1631 2552 1723 2589 aqua
1742 2537 1924 2591 producit.
1947 2540 1998 2577 Ac
2017 2540 2115 2590 quod
2133 2540 2179 2579 dc

1189 2600 1262 2637 sole
1280 2599 1416 2637 dictum
1441 2609 1506 2649 est,
1541 2601 1757 2652 Tamquam
1781 2614 1942 2652 sponsus
1967 2604 2177 2653 procedens
2193 2607 2279 2636 Psal.
2297 2607 2378 2639 18.6.

1189 2661 1236 2698 de
1256 2660 1433 2697 thalamo
1451 2673 1520 2697 sao
1530 2675 1545 2704 ,·
1559 2659 1599 2697 id
1618 2659 1663 2698 de
1681 2659 1849 2698 fidelibus
1862 2661 1940 2713 jam
1958 2661 2032 2700 dici
2050 2662 2174 2715 possit,

1190 2721 1251 2772 qui
1269 2720 1528 2773 splendidiores
1547 2735 1653 2772 quam
1675 2721 1727 2759 sol
1744 2721 1911 2760 emittunt
1942 2723 2075 2762 radios.
2105 2724 2177 2763 Sed

1189 2782 1287 2833 quod
1305 2782 1341 2820 in
1360 2782 1470 2821 vulva
1493 2783 1683 2831 f01·mat1u·‚
1703 2791 1862 2835 tempore
1880 2798 1970 2836 opus
1988 2785 2115 2835 habet;
2138 2785 2174 2822 in

1187 2859 1279 2896 aqua
1306 2858 1392 2883 vero
1422 2858 1492 2882 non
1521 2844 1592 2894 sic,
1612 2843 1676 2883 sed
1699 2858 1770 2884 uno
1797 2846 1967 2898 temporis
1996 2856 2173 2885 momento

1188 2907 1280 2945 fiunt
1298 2906 1429 2945 omnia.
1445 2906 1518 2945 Ubi
1535 2905 1629 2944 enim
1641 2906 1740 2945 fluxa
1758 2907 1833 2946 vita
1851 2921 1896 2945 ex
1913 2922 2080 2960 corporea
2094 2923 2170 2947 cor-

1186 2969 1351 3021 ruptione
1368 2967 1588 3021 principium
1604 2967 1729 3017 habet,
1753 2982 1868 3006 moras
1886 2968 1998 3006 trahit
2019 2969 2058 3007 id
2077 2969 2173 3020 quod

1185 3031 1325 3083 paritur
1354 3029 1453 3078 (talis
1485 3028 1618 3082 quippe
1636 3037 1688 3067 est
1706 3043 1896 3082 corporum
1914 3039 2039 3067 natura
2061 3046 2068 3066 :
2085 3039 2173 3068 tem—

1183 3107 1269 3145 pore
1283 3091 1345 3131 illa
1362 3090 1614 3144 perfectionem
1630 3089 1835 3141 acquirunt)
1851 3106 1858 3127 :
1874 3090 2075 3143 spiritualia
2088 3105 2172 3130 vero

1165 3247 1256 3266 ῚΞιων.

1207 3285 1224 3309 b
1241 3289 1341 3328 ἀφιᾶσι
1354 3310 1363 3325 ,
1379 3283 1425 3314 sic
1443 3292 1526 3313 unus
1548 3279 1662 3313 Codex
1683 3288 1772 3313 recte
1790 3297 1794 3314 :
1815 3289 1848 3313 et
1863 3283 1909 3314 sic
1927 3281 2104 3326 legendum
2118 3294 2174 3324 su·-

1163 3333 1354 3378 spicabatur
1371 3333 1522 3368 Savilius.
1542 3331 1631 3365 Editi
1649 3338 1761 3378 ἀφίησι.
