2481 3678
289 193 376 238 288
737 208 775 239 s.
813 210 990 239 sommis
1026 208 1266 238 cunrsos'r.

281 310 351 334 non
371 297 464 335 enim
492 307 654 349 corrupta
679 298 825 336 illorum
847 308 921 337 erat
937 299 1072 351 opinio,
1093 299 1157 337 sed
1180 312 1264 337 vera

280 357 326 394 de
344 357 406 395 illo
424 358 593 396 sententia
624 360 791 411 operibus
820 361 1037 398 confirmata.
1064 361 1156 398 Cum
1181 374 1264 411 ergo

280 417 489 470 Philippum
511 419 769 471 interrogasset,
787 422 824 459 8.
843 422 951 459 Dicit
979 422 1262 473 Andreasfiu-

279 487 338 516 ter
348 480 512 519 Simonis
531 483 639 519 Petri
655 498 663 518 :
684 482 721 519 9.
752 484 823 520 Est
843 496 938 533 puer
966 496 1064 520 unus
1088 484 1164 529 hic,
1196 486 1263 534 qui

278 539 394 577 habet
410 543 578 593 quinque
603 556 724 592 panes
747 543 992 587 hordeaceos,
1023 552 1059 580 et
1084 544 1179 579 duos
1203 545 1262 593 pi-

276 614 356 639 sces
374 618 384 638 :
400 605 468 640 sed
479 605 559 640 ltoec
574 605 668 656 quid
679 614 767 642 sunt
781 608 881 642 inter
894 610 1049 643 tantos?
1061 605 1260 643 Sublimius

274 662 405 714 cogitat
425 664 580 702 Andreas
599 678 707 714 quam
727 665 929 717 Philippus,
946 675 1180 716 nequetamen
1198 680 1260 717 pe-

273 722 369 760 nitus
384 737 458 761 rem
481 724 668 762 intellexit.
700 726 790 763 Puto
821 735 937 763 autem
960 727 1064 763 illum
1095 740 1163 763 non
1185 726 1259 764 sine

271 796 376 821 causa
400 785 448 822 ita
470 785 588 836 loqui,
619 786 678 823 sed
708 800 790 824 cum
817 786 972 825 audisset
1005 787 1258 839 prophetarum

271 847 457 894 miracula,
491 857 528 884 ut
561 847 678 885 Elisaei
709 848 801 886 circa
834 863 958 900 panes3
988 849 1072 886 hinc
1102 849 1259 887 ascendit

270 906 415 956 quidem
433 907 477 945 ad
498 909 693 959 quamdam
725 910 993 955 sublimitatem,
1025 909 1087 947 sed
1113 924 1181 948 non
1212 910 1259 948 ad

156 966 410 1005 Vic¹1¹⁵culmen
432 969 604 1020 pervenit.
631 969 723 1006 Hinc
750 969 929 1007 discamus
957 969 1019 1020 qui
1038 969 1176 1007 deliciis
1201 984 1259 1008 su—

71 1006 259 1076 {¹(J¹rg]2,¹‚¹0¹ss}³,
271 1042 350 1065 mus
368 1027 493 1077 dediti,
513 1030 592 1079 quis
610 1030 710 1066 cibus
725 1039 812 1067 esset
836 1038 908 1066 tam
922 1029 1143 1066 mirabilium
1162 1030 1258 1067 viro-

69 1095 126 1115 ¹²¹¹²
270 1105 366 1138 rum,
399 1105 505 1140 quam
534 1091 662 1139 tenuis,
695 1091 798 1141 cujus
844 1089 994 1139 generis,
1024 1089 1190 1140 ipsosque
1222 1090 1256 1127 in

269 1166 397 1189 mensae
428 1153 630 1204 frugalitate
662 1161 694 1189 et
728 1151 929 1188 conditione
965 1150 1156 1187 imitemur.
1191 1152 1257 1188 Se-

265 1215 408 1265 quentia
435 1215 584 1252 multam
619 1214 804 1251 declarant
834 1212 1128 1250 imbecillitatem.
1164 1214 1257 1250 Nam

263 1284 451 1327 postquam
464 1275 615 1322 dixerat,
628 1276 758 1312 Habet
769 1277 942 1326 quinque
951 1287 1073 1325 panes
1090 1274 1256 1311 hordea-

263 1351 360 1382 ceos,
387 1336 527 1374 addidit
549 1353 555 1372 :
571 1337 647 1375 Sed
662 1338 742 1374 lzoec
759 1337 854 1388 quid
866 1344 954 1373 sunt
973 1338 1074 1372 inter
1101 1339 1257 1373 tantos?

263 1397 416 1434 Putabat
439 1398 534 1434 enim
550 1397 804 1434 miraculorum
818 1395 990 1433 editorem
1011 1409 1055 1432 ex
1077 1395 1257 1446 pauciori-

260 1460 327 1496 bus
355 1460 538 1511 pauciora,
573 1474 618 1497 ex
639 1459 806 1511 pluribus
830 1458 934 1510 plura
955 1458 1134 1494 facturum
1157 1471 1251 1506 esse3

261 1520 322 1558 sed
343 1535 410 1558 non
434 1521 482 1558 ita
502 1535 555 1558 res
572 1535 607 1559 se
626 1520 788 1558 habebat.
808 1520 901 1556 Nam
935 1518 1082 1570 perinde
1104 1517 1157 1554 illi
1181 1529 1255 1557 erat

262 1583 489 1634 expluribus
517 1592 551 1619 et
581 1597 626 1619 ex
652 1580 881 1633 paucioribus
913 1579 1091 1631 ingentem
1119 1593 1251 1630 panum

263 1643 402 1695 copiam
421 1654 557 1695 parere.
585 1645 705 1694 Neque
716 1643 811 1680 enim
821 1642 978 1693 subjecta
996 1640 1143 1678 materia
1163 1654 1252 1691 opus

262 1704 441 1755 habebat,
464 1704 526 1742 sed
542 1719 583 1741 ne
603 1712 763 1741 creatura
782 1701 966 1740 videretur
983 1700 1096 1737 aliena
1116 1714 1188 1737 esse
1207 1701 1252 1738 ab

93 1776 249 1803 Marcioni-
265 1766 376 1817 ipsius
396 1765 581 1818 sapientia,
605 1764 645 1802 id
669 1763 766 1814 quod
795 1776 983 1815 perperam
1011 1761 1251 1798 Marcionistae

62 1823 171 1885 ss'JJJ'm
206 1827 251 1844 π’
265 1826 444 1874 dicebant,
488 1827 562 1878 ipsa
596 1834 756 1863 ereatura
785 1823 829 1861 ad
865 1822 1034 1860 miracula
1078 1822 1251 1873 patranda

265 1902 349 1926 usus
362 1897 424 1926 est.
449 1888 540 1925 Cum
555 1900 637 1938 ergo
650 1887 756 1924 ambo
770 1883 939 1936 discipuli
958 1897 1028 1920 non
1050 1892 1247 1934 sperarent,

267 1958 350 1987 tunc
369 1948 583 1986 miraculum
602 1946 676 1984 edit
694 1961 701 1981 ε
721 1945 771 1983 sie
793 1945 886 1982 enim
906 1944 1017 1995 magis
1045 1943 1098 1980 illi
1119 1944 1249 1981 lucrati

265 2019 361 2060 sunt,
384 2023 465 2047 cum
483 2008 583 2060 prius
607 2007 658 2044 rei
677 2006 927 2044 difficultatem
947 2005 1094 2043 confessi
1120 2014 1247 2055 essent,

265 2080 361 2108 utre
388 2078 530 2121 peracta
556 2067 622 2105 Dei
642 2067 814 2105 virtutem
839 2076 978 2105 nossent
1024 2066 1118 2114 Quia
1156 2065 1253 2103 enim

268 2131 427 2168 futurum
445 2129 587 2181 signum
610 2138 698 2179 erat,
722 2128 817 2179 quod
845 2143 863 2165 a
892 2127 1076 2180 prophetis
1115 2126 1252 2165 editum

266 2193 395 2242 fuerat,
417 2192 554 2229 etiamsi
569 2205 637 2229 non
652 2191 729 2243 pari
742 2190 862 2240 modo,
881 2200 913 2228 et
924 2190 1106 2242 praemissa
1118 2190 1250 2241 gratia-

267 2268 347 2291 rum
365 2253 501 2291 actione
516 2253 633 2304 ipsum
655 2252 817 2289 editurus
837 2261 930 2301 erat,
954 2266 996 2288 ne
1022 2251 1192 2288 imbecilli
1215 2251 1249 2288 in

266 2314 503 2366 suspicionem
525 2312 739 2362 inciderent,
757 2312 842 2350 vide
857 2312 1036 2362 quomodo
1050 2326 1113 2363 per
1133 2312 1250 2349 omnia

267 2384 399 2412 mentes
418 2375 530 2425 erigat
549 2383 581 2411 et
599 2373 838 2411 differentiam
859 2372 1032 2410 ostendat.
1052 2373 1143 2409 Cum
1157 2372 1251 2410 enim

269 2436 427 2473 nondum
451 2450 555 2487 panes
589 2443 810 2486 apparerent,
837 2432 1053 2470 miraculum
1083 2433 1157 2470 edit
1167 2449 1178 2482 3
1213 2443 1251 2471 ut

271 2494 448 2545 intelligas
463 2508 501 2530 ea
517 2508 595 2543 quae
617 2507 684 2530 non
708 2491 896 2541 exsistunt,
921 2500 960 2528 ut
982 2505 1019 2528 ea
1048 2505 1128 2541 quae
1154 2500 1248 2541 sunt,

71 2555 337 2607 I.1›1n.4.17.ip5i
356 2554 500 2591 subdita
519 2568 609 2601 esse,
635 2563 671 2590 ut
696 2553 832 2591 Paulus
866 2552 941 2589 ait:
962 2553 1036 2602 Qui
1064 2561 1182 2589 vocat
1206 2566 1253 2588 ea

271 2631 355 2668 qnoe
371 2629 447 2651 non
462 2624 564 2661 smel,
585 2629 630 2652 ac
645 2617 677 2653 si
691 2622 827 2652 essent.
848 2615 897 2650 Ac
924 2613 953 2650 si
972 2613 1068 2650 enim
1081 2622 1251 2665 apparata

1306 209 1328 238 A
1337 210 1509 239 RCHIEP.
1547 207 1896 240 CONSTANTINOF.

1337 299 1508 347 ἐποίησεν·
1522 300 1598 351 ᾔδει
1614 300 1682 352 γὰρ
1699 302 1802 338 αὐτοῦ
1818 298 1882 346 τὴν
1898 299 2040 350 γνώμην
2058 292 2162 335 οὖσαν
2179 302 2277 336 τοῦτο
2293 298 2351 335 καὶ

1335 362 1447 411 ψῆφον
1480 360 1654 407 ἀκίνητον.
1709 359 1777 398 Διὰ
1808 364 1909 398 τοῦτο
1939 358 2065 404 εἰπὼν,
2102 357 2196 396 Ἴσον
2230 357 2352 395 ἑαυτὸν

1333 422 1440 458 ποιῶν
1471 423 1520 472 τῷ
1539 422 1622 472 (θεῷ
1638 450 1646 467 ,
1671 423 1732 458 οὐκ
1751 420 1926 472 ἐχρήσατο
1945 419 2182 471 ἐπιδιορθώσει
2199 418 2267 456 τινὶ
2283 434 2353 457 τοι·

1334 479 1433 531 αὕτη·
1454 482 1491 517 οὐ
1505 480 1573 530 γὰρ
1593 479 1732 518 ἐκείνων
1754 473 1795 525 ἦν
1817 478 1960 517 ὑπόνοια
1980 477 2211 531 διεφθαρμένη
2231 477 2271 516 τὸ
2289 479 2350 515 λε-

1331 540 1472 591 γόμενον
1489 571 1498 588 ,
1519 542 1594 578 ἀλλ’
1618 539 1792 592 ἀπόφασις
1824 542 1928 578 αὐτοῦ
1954 538 2178 591 κεκυρωμένη
2202 538 2258 576 διὰ
2282 541 2352 576 τῶν

1330 601 1450 652 ἔργων.
1490 601 1747 653 Ἐρωτηθέντος
1772 600 1885 638 τοίνυν
1909 604 1968 638 τοῦ
1995 601 2178 639 Φιλίππου
2194 631 2202 646 ,
2233 597 2351 644 Φησὶν

1330 662 1487 714 Ἀνδρέας
1503 665 1520 700 ὁ
1545 662 1689 714 ἀδελφὸς
1710 661 1867 712 Σίμωνος
1885 662 2033 712 Πέτρου·
2055 662 2146 699 ἔστιν
2176 655 2244 698 ὧδε
2269 675 2352 697 παι-

1329 723 1458 773 δάριον·
1473 723 1551 775 ἔχον
1575 723 1679 761 πέντε
1704 723 1826 774 ἄρτους
1847 721 2030 774 κριθίνους,
2052 722 2111 760 καὶ
2132 721 2190 760 δύο
2209 721 2350 774 ὀψάρια·

1280 786 1303 814 C
1329 783 1418 821 ἀλλὰ
1438 787 1549 822 ταῦτα
1571 784 1605 821 τί
1629 786 1720 822 ἐστιν
1743 786 1788 826 εἷς
1807 783 2009 829 τοσούτους,
2031 781 2351 835 Ὑψηλότεροςῖμὲν

1326 849 1386 881 τοῦ
1411 845 1594 883 Φιλίππου
1614 848 1631 883 ὃ
1655 844 1811 896 Ἀνδρέας
1824 874 1833 891 ,
1852 847 1889 883 οὐ
1910 844 1980 895 μὴν
2000 845 2048 887 εἷς
2064 844 2191 895 τὸξπᾶν
2210 842 2350 895 ἔφθασε.

1327 899 1466 956 ιὈἶμαι
1492 906 1527 943 δὲ
1548 905 1637 956 μηδὲ
1661 906 1779 949 ἁπλῶς
1799 909 1901 943 τοῦτο
1917 908 2024 943 εἰπεῖν
2038 935 2048 951 ,
2070 907 2146 943 ἀλλ’
2175 903 2351 950 ἀκηκοότα

1329 966 1429 1004 αὐτὸν
1445 970 1513 1004 τῶν
1529 969 1716 1019 προφητῶν
1730 967 1774 1004 τὰ
1791 966 1967 1018 θαύματα,
1990 966 2136 1008 καὶπῶς
2151 965 2351 1007 Ἐλισσαῖος

1328 1025 1471 1070 ἐποίησε
1499 1025 1538 1063 τὸ
1566 1026 1623 1063 ἐπὶ
1651 1029 1719 1064 τῶν
1742 1025 1855 1078 ἄρτων
1886 1032 2044 1076 σημεῖον.
2087 1024 2156 1063 Διὰ
2176 1024 2349 1075 δὴῖτοῧτο

1327 1085 1456 1130 ςάνέὸη
1492 1085 1553 1135 μὲν
1579 1086 1636 1123 ἐπί
1662 1102 1696 1123 τι
1717 1085 1820 1138 ὕψος,
1844 1089 1906 1124 οὐκ
1929 1086 2053 1138 ἴσχυσε
2075 1086 2109 1124 δὲ
2132 1086 2217 1138 πρὸς
2242 1085 2348 1132 αὐτὴν

1328 1145 1456 1196 φθάσαι
1473 1145 1535 1191 τὴν
1555 1146 1719 1198 κορυφήν.
1749 1147 1928 1197 Μάθωμεν
1947 1150 2099 1186 ἐντεῦθεν
2117 1149 2148 1185 οἱ
2170 1151 2213 1198 τῇ
2235 1150 2346 1200 τρυφῇ

1328 1205 1577 1257 προσέχοντες,
1612 1205 1690 1243 τίνα
1724 1207 1899 1245 ἐσιτοῦντο
1936 1210 1966 1244 οἳ
2001 1206 2195 1257 θαυμαστοὶ
2230 1207 2351 1258 ἄνδρες

1328 1267 1451 1303 ἐκεῖνοι
1473 1266 1533 1303 καὶ
1554 1266 1720 1316 μεγάλοι,
1746 1266 1760 1287 ‘¹
1775 1267 1833 1305 καὶ
1854 1271 1897 1319 τῇ
1912 1267 2081 1314 ποσότητι
2098 1271 2167 1305 τῶν
2187 1269 2344 1319 ἐπιφερο-

1329 1325 1441 1374 μένων
1477 1325 1535 1362 καὶ
1572 1329 1614 1377 τῇ
1648 1327 1809 1374 ποιότητι
1840 1328 1901 1375 τὴν
1940 1328 2112 1366 εὐτέλειαν
2145 1329 2257 1365 αὐτῶν
2287 1331 2350 1374 τῆς

1326 1386 1499 1438 τραπέζης
1516 1386 1645 1437 ἴδωμέν
1669 1404 1707 1425 τε
1732 1389 1791 1426 καί
1813 1388 2066 1440 μιμησώμεθα.
2097 1387 2154 1426 Τὰ
2170 1393 2250 1439 γοῧν
2273 1389 2350 1435 ἑξῆς

1325 1446 1455 1484 τούτων
1474 1450 1605 1494 πολλῆς
1623 1449 1810 1493 ἀσθενείας.
1840 1449 1943 1488 Μετὰ
1958 1449 2025 1501 γὰρ
2042 1449 2082 1487 τὸ
2102 1451 2224 1496 εἰπεῖν,
2243 1448 2350 1501 Ἔχει

1324 1506 1426 1545 πέντε
1457 1507 1579 1559 ἄρτους
1603 1509 1790 1562 κριθίνους,
1823 1511 2009 1561 ἐπήγαγεν·
2052 1510 2156 1549 Ἀλλὰ
2186 1510 2346 1548 ταῦτατί

1324 1569 1415 1605 ἐστιν
1439 1571 1484 1612 εἰς
1502 1569 1704 1616 τοσούτους,
1725 1570 1888 1621 Ἐνόμιζε
1908 1571 1974 1624 γὰρ
1996 1571 2137 1609 ὅτι“ἀπὸ
2161 1570 2221 1621 μὲν
2247 1573 2346 1609 ἐλατ-

1323 1629 1428 1666 τόνων
1459 1630 1638 1678 ἐλάττονα,
1669 1631 1737 1669 ἀπὸ
1771 1631 1806 1670 δὲ
1842 1632 2009 1670 πλειόνων
2044 1632 2187 1670 πλείονα
2221 1632 2346 1682 ἔμελλε

1323 1697 1432 1728 ποιεῖν
1473 1695 1490 1729 ὃ
1527 1694 1798 1745 θαυματουργῶν
1813 1707 1820 1715 ·
1860 1692 1946 1745 ὅπερ
1985 1695 2045 1732 οὐκ
2085 1688 2139 1740 ἦν.
2189 1692 2344 1743 (Ομοίως

1322 1750 1388 1802 γὰρ
1426 1745 1467 1797 ἦν
1503 1754 1595 1805 αὐτῷ
1629 1751 1766 1791 εὔκολον
1804 1752 1873 1791 ἀπό
1903 1770 1941 1791 τε
1977 1753 2168 1801 πλειόνων,
2201 1753 2270 1792 ἀπό
2306 1770 2344 1792 τε

1323 1812 1512 1851 ἐλαττόνων
1541 1817 1685 1861 ποιῆσαι
1716 1815 1875 1866 πηγάσαι
1903 1817 1971 1852 τῶν
2001 1815 2114 1868 ἄρτων
2126 1814 2343 1867 ἶτὴνῗφύσιν.

1323 1874 1375 1910 Οὐ
1413 1873 1480 1926 γὰρ
1516 1874 1598 1921 ὕλης
1634 1876 1742 1913 ἐδεῖτο
1772 1877 1834 1921 τῆς
1866 1875 2113 1927 ὑποκειμένης·
2146 1875 2223 1914 ἀλλ’
2253 1875 2344 1913 ὥστε

1323 1934 1371 1984 μὴ
1410 1935 1504 1979 δόξαι
1542 1935 1604 1983 τὴν
1648 1936 1760 1974 κτίσιν
1796 1937 1980 1990 ἀλλοτρίαν
2018 1931 2105 1975 εἶναι
2141 1939 2204 1983 τῆς
2240 1939 2345 1975 αὐτοῦ

1323 1995 1464 2048 σοφίας,
1513 2000 1559 2041 ὡς
1596 2000 1627 2035 οἱ
1674 1997 1761 2048 μετὰ
1799 2002 1909 2036 ταῦτα
1945 1998 2190 2041 διαὸάλλοντες
2228 2000 2258 2036 οἳ
2299 1997 2343 2036 τὰ

1321 2058 1528 2110 Μαρκίωνος
1559 2059 1766 2106 νοσήσαντες
1799 2059 1928 2112 ἔλεγον,
1962 2061 2049 2112 αὐτῇ
2080 2063 2123 2112 τῇ
2151 2059 2262 2098 κτίσει
2284 2059 2344 2097 κέ-

1320 2137 1451 2174 χρηται
1475 2120 1560 2172 πρὸς
1578 2119 1640 2167 τὴν
1663 2119 1823 2158 ὑπόθεσιν
1842 2123 1910 2158 τῶν
1937 2120 2137 2171 θαυμάτων.
2167 2119 2270 2158 Ἐπεὶ
2285 2115 2344 2158 οῧν

1321 2181 1525 2233 ἀπέγνωσαν
1547 2181 1735 2233 ἀμφότεροι
1752 2183 1782 2219 οἱ
1799 2181 1967 2232 μαθηταὶ,
1992 2181 2068 2219 τότε
2094 2185 2346 2234 θαυματουργεῖ

1319 2243 1450 2280 λοιπόν·
1481 2241 1570 2280 οὕτω
1591 2241 1659 2294 γὰρ
1682 2243 1813 2292 μᾶλλον
1834 2242 2037 2295 ἐκέρδαναν,
2069 2242 2235 2295 πρότερον
2259 2245 2345 2292 ὃμο-

1285 2307 1296 2335 ‘2
1321 2303 1531 2355 λογήσαντες
1554 2307 1613 2341 τοῦ
1638 2302 1843 2355 πράγματος
1865 2302 1926 2349 τὴν
1954 2302 2157 2350 δυσκολίαν,
2184 2302 2239 2340 ἴνα
2262 2301 2342 2340 ὅταν

1321 2365 1476 2416 γένηται,
1499 2364 1636 2414 μάθωσι
1652 2368 1711 2401 τοῦ
1732 2365 1824 2401 Θεοῦ
1842 2362 1904 2409 τὴν
1923 2362 2078 2413 δύναμιν.
2110 2362 2257 2409 Ἐπειδὴ
2276 2363 2344 2415 γὰρ

1322 2425 1476 2478 γίνεσθαι
1506 2430 1648 2475 σημεῖον
1670 2424 1793 2474 ἔμελλε
1813 2423 1851 2461 τὸ
1873 2423 1932 2461 καὶ
1953 2423 2158 2476 προφήταιςῖ
2168 2428 2345 2477 κατορθω-

1323 2487 1390 2532 θεν,
1411 2489 1439 2524 εἷ
1467 2486 1525 2524 καὶ
1551 2486 1599 2536 μὴ
1626 2485 1764 2536 ὁμοίως·
1795 2483 1916 2536 ἔμελλε
1945 2485 1979 2523 δὲ
2005 2485 2065 2523 καὶ
2089 2486 2344 2537 εὐχαριστήσας

1323 2547 1406 2585 αὐτὸ
1425 2547 1590 2599 πρότερον
1618 2552 1726 2584 ποιεῖν
1742 2561 1750 2568 ·
1773 2544 1828 2583 ἵνα
1856 2545 1903 2595 μὴ
1925 2547 1972 2589 εἷς
1993 2549 2118 2592 ἀσθενῆ
2138 2563 2214 2584 τινα
2235 2562 2344 2584 κατα-

1324 2609 1476 2646 πέσωσιν
1497 2607 1657 2646 ὑπόνοιαν
1671 2638 1679 2654 ,
1699 2606 1763 2659 ὅρα
1787 2609 1860 2650 πῶς
1886 2607 1967 2644 αὐτὸ
1996 2607 2054 2645 καὶ
2074 2610 2122 2659 τῷ
2146 2607 2265 2660 τρόπῳ
2288 2607 2344 2646 διὰ

271 2692 387 2715 mensa
407 2685 508 2726 esset,
529 2676 635 2727 jussit
647 2690 703 2712 eos
723 2674 842 2712 statim
862 2674 1102 2722 discumbere,
1132 2674 1254 2724 sicque
1265 2696 1309 2719 251
1325 2670 1464 2707 πάντων
1486 2671 1592 2721 ἐπῆρε
1618 2667 1677 2705 καὶ
1696 2666 1759 2712 τὴν
1787 2667 1952 2719 διαφορὰν
1980 2667 2260 2718 ἕδειξεν.ζζοὕπ(ι)
2277 2668 2348 2722 γὰρ

271 2738 530 2789 discipulorum
558 2746 709 2774 mentem
727 2736 852 2773 erexit.
879 2736 970 2772 Cum
989 2744 1107 2772 autem
1128 2750 1172 2773 ex
1200 2735 1254 2772 in-
1278 2734 1303 2761 Α
1326 2735 1394 2769 τῶν
1417 2730 1531 2783 ἄρτων
1551 2728 1737 2781 φανέντων,
1750 2728 1789 2765 τὸ
1814 2731 1930 2778 θαῦμα
1949 2735 2058 2776 ποιεῖ,
2084 2728 2140 2766 ἵνα
2165 2729 2279 2779 μάθῃς
2292 2728 2344 2766 ὅτι

272 2798 506 2850 terrogatione
520 2797 645 2835 lucrati
666 2806 792 2847 essent,
810 2797 930 2834 statim
951 2806 1164 2848 paruerunt,
1193 2810 1256 2833 nec

273 2858 406 2897 turbati
437 2866 532 2904 sunt,
547 2870 657 2906 neque
679 2856 849 2894 dixerunt
867 2873 874 2892 :
901 2856 1000 2902 Quid
1015 2857 1085 2894 hoc
1102 2857 1177 2894 est?
1194 2871 1258 2894 cur

275 2921 499 2959 discumbere
517 2919 634 2970 jubes,
656 2930 737 2953 eum
756 2917 847 2953 nihil
866 2917 901 2954 in
923 2917 1041 2954 medio
1061 2918 1256 2969 appareat?

277 2981 337 3020 Sic
356 2991 546 3031 antequam
557 2979 698 3029 signum
715 2978 890 3025 viderent,
903 2978 1044 3016 credere
1063 2989 1258 3030 coeperunt,

278 3043 341 3094 qui
365 3042 466 3080 initio
488 3040 538 3078 ita
559 3053 627 3077 non
646 3038 849 3086 credebant,
874 3048 912 3075 ut
937 3039 1110 3087 dicerent,
1149 3041 1259 3077 Unde

281 3117 444 3142 ememus
456 3105 601 3154 panes?
622 3101 699 3137 Imo
711 3098 873 3136 alacriter
893 3099 1014 3135 turbas
1031 3098 1257 3138 discumbere

328 3248 342 3270 ¹¹
367 3244 428 3277 Alii
443 3248 525 3288 οἶμαι
542 3250 599 3290 γὰρ
616 3248 704 3279 αὐτὸν
719 3247 931 3280 εἰσεληλυθέναι
948 3250 1004 3276 τῶν
1020 3257 1110 3287 προρ.

328 3310 340 3323 c
364 3296 508 3338 Quidam
525 3301 612 3335 ἀνέὸη
629 3301 682 3339 μὲν
699 3302 877 3342 περαιτέρω.
896 3293 997 3326 Paulo
1013 3302 1088 3336 post
1102 3292 1203 3327 Savil.
1222 3300 1284 3336 loc).-

286 3356 382 3394 θωμεν
395 3355 487 3384 τοίνυν
502 3356 526 3384 οἱ
538 3378 540 3381 ,

1327 2792 1370 2829 τὰ
1392 2790 1439 2842 μὴ
1460 2790 1542 2828 ὄντα
1564 2791 1609 2833 ὡς
1626 2789 1707 2826 ὄντα
1724 2790 1817 2841 αὐτῷ
1831 2789 2016 2840 ὑφέστηκε,
2036 2789 2194 2843 καθάπερ
2209 2793 2226 2827 ὃ
2244 2792 2344 2828 Παῦ-

1327 2853 1386 2896 λός
1407 2868 1520 2904 φησιν·
1551 2850 1594 2889 ‘O
1622 2851 1737 2887 καλῶν
1761 2849 1804 2887 τὰ
1822 2850 1870 2899 μὴ
1888 2850 1969 2887 ὄντα
1986 2853 2032 2894 ὡς
2050 2851 2143 2889 ὄντα.
2172 2851 2234 2894 Ὡς
2254 2851 2342 2890 ἑτοί-

1331 2930 1395 2966 μου
1411 2914 1478 2965 γὰρ
1497 2913 1557 2950 καὶ
1575 2911 1904 2966 παρεσκευασμένης
1923 2916 1984 2958 τῆς
2005 2913 2190 2964 τραπέζης,
2212 2915 2347 2952 ἐκέλευ-

1331 2992 1386 3016 σεν
1413 2973 1533 3016 αὐτοὺς
1562 2972 1684 3015 εὐθέως
1715 2975 1910 3010 ἀναπεσεῖν.
1953 2973 2058 3011 Οὕτω
2073 2973 2205 3025 καὶζδιὰ
2223 2974 2345 3013 τούτου

1330 3038 1392 3084 τὴν
1414 3035 1564 3074 διάνοιαν
1590 3036 1657 3072 τῶν
1682 3036 1844 3084 μαθητῶν
1867 3034 2068 3079 ἀνέστησεν.
2101 3034 2210 3072 ευΟτι
2232 3035 2267 3073 δὲ
2287 3036 2346 3073 καὶ

1331 3098 1517 3151 ἐκέρδαναν
1547 3094 1615 3132 ἀπὸ
1645 3099 1706 3141 τ’ῆς
1739 3094 1950 3148 ἐρωτήσεως,
1981 3095 2104 3138 εὐθέως
2133 3096 2346 3144 ὑπήκουσαν,

1394 3240 1407 3259 ‘¹
1431 3238 1532 3272 Savil.
1548 3243 1595 3271 καὶ
1612 3245 1649 3281 τῇ
1662 3243 1802 3274 ποσότητι
1819 3240 1867 3269 καὶ
1883 3244 1932 3280 τῇ.
1948 3235 2047 3277 [Mox
2060 3233 2148 3267 idem
2166 3240 2214 3270 καὶ
2229 3242 2269 3270 τὰ
2284 3239 2349 3276 ἑξῆς

1352 3296 1382 3326 δὲ
1402 3308 1429 3326 τ.
1448 3307 1480 3326 π.
1502 3298 1546 3331 ci„
1561 3292 1653 3322 etita
1669 3286 1778 3322 Codd.
1797 3289 1930 3329 nosti-L]

1395 3354 1408 3368 ι’·
1434 3342 1494 3375 Alii
1511 3348 1554 3376 ὅτι
1571 3348 1639 3388 γάρ.
1657 3338 1792 3384 [Morel.
1812 3344 1861 3374 ὅτε
1876 3342 1906 3373 δὲ
1918 3339 2000 3381 mh]
