2481 3678
631 189 672 218 IN
713 186 922 217 JOANNEM
960 184 1109 215 uomit..

101 276 221 325 ἀνάγει
232 274 290 311 τὸν
304 272 418 323 λόγον,
432 272 564 321 μᾶλλον
585 270 707 313 αὐτοὺς
725 269 946 315 καταπλῆξαι
963 266 1127 319 βουλόμε-

97 351 153 378 νος
173 335 241 372 ἀπὸ
263 336 325 379 τ’ἧς
342 336 401 370 τοῦ
419 331 559 382 Πατρὸς
589 330 704 378 ἀξίας,
725 329 785 368 καὶ
801 332 986 380 ἀναγαγεῖν
1006 326 1064 364 ἐπὶ
1087 324 1127 362 τὸ

99 395 324 447 ὑψηλότερον.
345 392 412 431 Διὰ
424 396 527 430 τοῦτο
541 392 624 430 ὅταν
640 392 720 443 περὶ
739 390 915 430 σαέὅάτου
935 383 957 440 ἧ
974 391 992 426 ὃ
1006 386 1125 437 λόγος,

99 457 178 494 οὔτε
196 459 242 499 ὡς
262 454 440 506 ἄνθρωπος
469 451 572 502 μόνον
600 454 842 502 ἀπολογεῖται,
864 450 944 487 οὔτε
963 450 1009 490 ὡς
1037 445 1126 487 Θεὸς

101 517 217 567 μόνον,
239 514 328 553 ἀλλὰ
343 512 427 552 ποτὲ
449 513 511 564 μὲν
529 512 636 556 οὕτως
647 542 656 558 ,
673 513 758 550 ποτὲ
776 511 811 548 δὲ
827 509 980 551 ἐκείνως.
996 506 1128 545 Ἠὅού-

101 579 183 614 λετο
199 576 266 627 γὰρ
288 574 467 627 ἀμφότερα
498 573 739 618 πιστεύεσθαι,
762 572 821 610 καὶ
840 573 902 616 τῆς
929 567 1127 618 οἰκονομίας

100 638 164 684 τὴν
187 635 461 687 συγκατάὲασιν,
482 634 541 672 καὶ
561 638 623 681 τῆς
642 633 804 680 θεότητος
829 630 868 668 τὸ
889 628 1039 679 ἀξίωμα.
1060 627 1126 665 Διὰ

100 701 202 736 τοῦτο
223 701 280 735 νῦν
302 700 348 740 ὡς
373 696 463 739 Θεὸς
480 696 719 746 ἀπολογεῖται.
740 694 784 730 Εἰ
802 691 870 742 γὰρ
890 690 1034 740 ἔμελλεν
1059 687 1127 726 ἀπὸ

101 762 171 797 τῶν
187 758 411 811 ἀνθρωπίνων
426 760 538 799 αὐτοῖς
552 752 605 794 dist
621 754 839 805 διαλέγεσθαι
856 751 972 803 μόνον,
987 750 1126 802 ἔμειναν

102 821 144 859 ἂν
162 821 221 858 ἐπὶ
237 823 299 866 τῆς
318 821 424 865 αὐτ-’ῆς
446 816 708 863 ταπεινότητος.
728 813 860 865 Διόπερ
878 812 936 850 ἵνα
957 811 1006 863 μὴ
1027 814 1128 850 τοῦτο

2161 159 2181 170 n

1148 178 1343 211 xxxviir.
1383 162 1442 206 al.
1481 160 1659 206 xxxvii.
2096 156 2183 203 252

1200 261 1316 299 Patris
1351 258 1525 310 dignitate
1555 256 1744 308 percellat,
1773 263 1805 292 et
1826 254 1870 292 ad
1890 254 2098 293 sublimiora
2119 255 2185 293 du-

1198 328 1268 357 cat.
1284 320 1511 369 Quapropter
1527 328 1609 352 cum
1623 312 1668 350 de
1684 312 1830 350 sabbato
1849 312 1985 363 agitur,
2016 325 2126 362 neque
2150 323 2187 350 ut

1198 381 1306 418 homo
1332 387 1470 416 tantum
1484 407 1494 426 7
1528 388 1639 426 neque
1660 383 1699 412 ut
1720 375 1818 411 Deus
1846 382 1986 411 tantum
2011 387 2084 411 sese
2103 387 2186 424 pur-

1200 449 1259 492 gat
1269 456 1281 490 ;
1307 438 1369 477 sed
1398 437 1504 476 modo
1535 435 1621 485 hac,
1652 433 1757 472 modo
1778 434 1838 471 illa
1859 434 2004 471 ratione.
2033 433 2188 473 Volebat

1150 503 1175 532 Ε
1198 503 1293 541 enim
1314 511 1505 552 utrumque
1524 499 1640 547 credi,
1668 507 1701 535 et
1720 497 1972 535 incarnationis
2001 496 2188 534 humilita-

1200 572 1268 600 tem
1283 592 1295 612 7
1319 570 1352 600 et
1370 560 1521 599 Deitatis
1540 558 1764 610 dignitatem.
1788 555 1872 594 Ideo
1899 569 1993 593 nunc
2022 564 2062 593 ut
2092 557 2189 593 Deus

1197 637 1271 661 sese
1300 630 1439 675 purgat.
1462 622 1554 659 Nam
1576 620 1604 657 si
1636 619 1792 657 humano
1820 631 1957 671 semper
1975 630 2073 655 more
2094 616 2189 669 ipsos

1196 684 1403 735 alloquutus
1428 681 1551 719 fuisset
1566 711 1577 731 7
1594 680 1630 717 in
1651 679 1773 717 eadem
1794 678 2027 731 perstitissent
2041 676 2190 714 humili-

1197 755 1282 785 tate.
1302 745 1547 793 Quamobrem
1563 758 1606 782 ne
1622 743 1659 780 id
1678 743 1795 791 fieret7
1818 743 1960 780 Patrem
1974 741 2010 778 in
2028 740 2189 778 medium

1198 807 1358 846 adducit.
1379 806 1489 858 Atqui
1511 806 1596 858 ipsae
1619 813 1787 843 creaturae
1809 804 1847 841 in
1866 802 2014 841 sabbato
2036 816 2189 855 operan-

102 881 262 930 γένηται,
276 880 335 918 τὸν
357 877 503 930 Πατέρα
523 879 570 920 εἷς
590 876 693 927 μέσον
711 876 800 927 ἄγει.
819 874 944 912 Καίτοι
965 872 1024 911 καὶ
1039 871 1126 919 αὐτὴ
1141 895 1188 920 220
1199 877 1269 906 tur.
1305 868 1366 907 Sol
1394 881 1537 906 cursum
1556 865 1696 919 perficit
1709 895 1720 915 7
1742 865 1891 902 flumina
1910 872 2055 901 manant
2071 893 2080 908 7
2111 863 2192 900 fon-

102 946 124 987 ἠ
145 941 256 984 κτίσις
275 939 455 992 ἐργάζεται
475 940 509 975 ἐν
531 936 710 989 <sufflat-ap.
736 936 805 974 Καὶ
820 935 887 988 γὰρ
906 934 1036 981 ὃῆλιος
1048 933 1128 984 τρέ-

104 1018 164 1054 χει
177 1030 186 1048 ,
206 1001 264 1039 καὶ
290 999 443 1050 ποταμοὶ
474 998 612 1050 ῥέουσι,
632 997 692 1036 καὶ
725 997 837 1048 πηγαὶ
856 1001 870 1017 ³
886 995 1049 1047 βρύουσι,
1071 994 1130 1033 καὶ

103 1068 264 1115 γυναῖκες
282 1061 471 1100 τίκτουσιν.
493 1059 585 1099 Ἀλλ’
610 1058 667 1096 ἵνα
688 1058 819 1109 μάθῃς,
837 1056 891 1094 ὅτι
910 1058 948 1095 οὐ
963 1057 1025 1102 τῆς
1055 1054 1131 1094 κτί-

105 1124 192 1167 σεώς
211 1125 323 1169 ἐστιν,
338 1125 400 1161 οὐκ
417 1115 507 1171 εἶπε,
529 1120 597 1169 ναὶ,
617 1120 830 1171 ἐργάζομαι·
850 1117 910 1156 καὶ
925 1117 992 1169 γὰρ
1009 1120 1030 1163 ἡ
1053 1116 1131 1154 κτί-

107 1199 159 1226 σις
186 1181 389 1234 ἐργάζεται·
410 1180 501 1217 ἀλλὰ
516 1178 570 1226 τί,
594 1179 678 1226 Ναὶ,
698 1177 908 1230 ἐργάζομαι,
933 1176 992 1215 καὶ
1019 1176 1086 1228 γὰρ
1114 1179 1132 1214 ὁ

107 1243 236 1296 Πατήρ
255 1258 319 1293 μου
338 1240 530 1294 ἐργάζεται.
547 1240 615 1278 Διὰ
635 1243 736 1277 τοῦτο
762 1232 821 1277 οὖν
841 1239 974 1290 μᾶλλον
989 1237 1132 1284 ἐζήτουν

109 1304 212 1342 αὒτὸν
243 1306 273 1341 οἱ
302 1303 487 1347 Ἰουδαῖοι,
509 1301 625 1353 φησὶν,
650 1301 871 1347 ἀποκτεῖναι,
887 1299 940 1337 ὅτι
958 1301 996 1337 οὔ
1031 1298 1133 1349 μόνον

107 1365 187 1403 ἔλυε
211 1364 251 1402 τὸ
276 1364 465 1410 efflent-coxa,
489 1363 565 1400 ἀλλ’
586 1361 638 1399 ὅτι
658 1361 716 1399 καὶ
737 1360 883 1412 Πατέρα
919 1359 1005 1398 ἴδιον
1035 1359 1133 1410 ἔλεγε

110 1426 169 1463 τὸν
188 1424 291 1470 Θεὸν,
310 1424 382 1462 ἴσον
410 1421 531 1460 ἑαυτὸν
561 1423 670 1459 ποιῶν
691 1423 740 1473 τῷ
756 1423 851 1473 Θεῷ.
866 1419 965 1459 *Καὶ
984 1419 1051 1470 μὴν
1073 1422 1135 1458 οὐκ

107 1484 251 1536 ἐνέφηνε
275 1487 377 1521 τοῦτο
405 1483 506 1533 μόνον
527 1498 533 1505 ·
555 1483 593 1519 οὗ
619 1482 687 1533 γὰρ
721 1484 754 1520 ἐν
780 1487 851 1525 τοῖς
875 1481 1008 1533 ῥήμασι
1035 1485 1136 1518 τοῦτο

106 1545 241 1583 ἐδείκνυ
266 1543 403 1594 μόνοις,
424 1542 514 1580 ἀλλὰ
545 1543 664 1593 πολλῷ
695 1541 849 1592 μάλιστα
882 1543 918 1578 ἐν
945 1547 1016 1584 τοῖς
1040 1541 1136 1593 πρά-

108 1621 232 1657 γμασι.
252 1605 300 1643 Τί
325 1602 582 1651 δήποτεςυῡτι
610 1607 681 1645 τοῖς
710 1601 771 1652 μὲν
801 1601 915 1653 λόγοις
947 1596 1041 1654 εἶχον
1060 1603 1138 1639 ἐπι-

111 1666 292 1713 σκήπτειν,
310 1665 372 1704 καὶ
390 1663 593 1709 ἀλαζονείαν
613 1665 773 1715 ἐγκαλεῖν
787 1679 794 1686 ·
817 1663 881 1710 τὴν
899 1662 934 1701 δὲ
952 1666 1017 1701 τῶν
1042 1679 1138 1715 πρα-

107 1727 251 1778 γμάτων
271 1729 418 1779 ὁρῶντες
439 1726 603 1772 ἀλήθειαν
633 1724 873 1773 ἐκὸαίνουσαν,
901 1724 960 1763 καὶ
986 1724 1043 1762 ἐπὶ
1071 1726 1140 1762 τῶν

114 1789 224 1840 ἔργων
244 1786 576 1839 ἀνακηρυττομένην
596 1785 658 1833 τὴν
679 1785 837 1837 δύναμιν,
851 1785 947 1823 οὐδὲν
967 1788 1141 1824 ἀντειπεῖν

112 1850 282 1895 ἠδύναντο
300 1848 434 1886 λοιπόν.
448 1847 542 1886 Ἀλλ’
560 1849 591 1884 οἱ
620 1846 667 1898 μὴ
688 1846 893 1899 βουλόμενοι
913 1849 988 1898 μετ’
1015 1849 1143 1899 εὐγνω-

122 1912 273 1963 μοσύνης
292 1914 404 1949 ταῦτα
425 1910 611 1963 δέχεσθαι,
629 1910 746 1962 φασὶν,
773 1909 825 1947 ὅτι
851 1911 916 1960 οὐχ
942 1912 960 1947 ὃ
991 1910 1142 1961 Χριστὸς

1152 933 1180 962 Α
1199 938 1251 968 tes
1269 928 1465 967 scaturiunt
1477 957 1487 977 7
1507 927 1675 965 mulieres
1693 925 1848 979 pariunt.
1864 926 2003 965 Verum
2022 932 2062 961 ut
2075 922 2193 961 discas

1199 991 1323 1044 ipsum
1359 1004 1430 1029 non
1464 1003 1510 1027 ex
1537 1001 1685 1026 numero
1713 995 1956 1025 creaturarum
1986 999 2059 1024 esse
2077 1016 2087 1034 7
2123 998 2193 1023 non

1199 1052 1308 1102 dixit,
1325 1051 1460 1101 Etiam,
1483 1063 1609 1102 operor
1632 1064 1640 1085 :
1661 1063 1744 1087 nam
1761 1057 1927 1086 creatura:
1947 1061 2087 1098 quoque
2106 1060 2192 1098 ope-

1201 1123 1326 1151 rantur
1333 1127 1346 1164 3
1360 1113 1423 1151 sed
1437 1111 1552 1163 quid?
1567 1110 1704 1161 Etiam,
1728 1123 1871 1162 operor:
1886 1123 1968 1147 nam
1981 1109 2085 1146 Pater
2096 1121 2195 1145 meus

1203 1184 1380 1228 operatur.
1395 1174 1458 1213 18.
1474 1175 1687 1225 Propterea
1711 1185 1799 1225 ergo
1827 1173 1950 1223 magis
1972 1171 2195 1223 quaerebant

1202 1249 1289 1274 eum
1306 1236 1436 1274 Judaei
1448 1234 1666 1287 interficere
1674 1262 1688 1280 ,
1707 1232 1842 1283 inquit,
1858 1233 1952 1284 quia
1970 1244 2049 1268 non
2066 1230 2195 1268 solum

1202 1297 1375 1335 solvebat
1404 1297 1629 1340 sabbatum,
1652 1294 1721 1331 sed
1735 1294 1828 1345 quia
1851 1300 1888 1330 et
1902 1293 2063 1330 Patrem
2081 1304 2196 1329 suum

1203 1359 1355 1396 dicebat
1366 1359 1512 1403 Deum,
1536 1355 1725 1407 aequalem
1734 1368 1774 1392 se
1781 1354 1943 1407 faciens
1961 1353 2059 1390 Deo.
2077 1353 2197 1403 Neque

1202 1419 1323 1456 verbis
1343 1427 1482 1455 tantum
1502 1416 1539 1454 id
1559 1415 1836 1462 demonstravit,
1864 1414 1926 1452 sed
1958 1414 2062 1465 longe
2084 1413 2199 1464 magis

1204 1479 1383 1532 operibus.
1397 1479 1470 1516 Cur
1479 1477 1546 1515 ita?
1559 1476 1654 1523 Quia
1667 1476 1704 1514 in
1721 1475 1838 1514 verbis
1852 1475 2013 1513 cavillari
2025 1473 2199 1526 poterant,

1206 1555 1248 1578 ac
1267 1540 1312 1578 de
1336 1540 1430 1577 fastu
1461 1552 1645 1587 accusare3
1666 1551 1749 1575 cum
1769 1545 1889 1574 autem
1921 1550 2043 1574 rerum
2066 1545 2100 1574 et
2116 1550 2200 1588 ope-

1207 1616 1290 1640 rum
1307 1601 1513 1648 veritatem7
1529 1612 1606 1650 quae
1625 1598 1823 1651 potentiam
1839 1597 2069 1650 praedicaret,
2086 1611 2202 1635 cerne-

1163 1670 1187 1700 B
1206 1664 1294 1702 bant
1310 1693 1322 1713 7
1343 1671 1428 1701 tunc
1454 1675 1497 1699 ne
1527 1661 1662 1698 hiscere
1683 1659 1831 1711 quidem
1860 1669 1981 1698 contra
2009 1658 2201 1697 audebant.

1211 1725 1351 1764 Verum
1373 1723 1474 1761 aiunt
1495 1721 1550 1759 illi
1564 1751 1574 1771 7
1603 1722 1666 1772 qui
1687 1721 1814 1759 nolunt
1831 1720 1908 1758 baec
1932 1720 1991 1773 pia
2012 1729 2127 1758 mente
2142 1734 2202 1758 ac-

1211 1785 1348 1838 cipere,
1377 1784 1458 1822 Non
1479 1783 1642 1820 Christus
1662 1795 1698 1820 se
1727 1781 1901 1833 aequalem
1919 1783 1995 1820 Deo
2016 1781 2119 1831 fecit3
2143 1780 2204 1819 sed

1210 1848 1279 1886 hoc
1308 1845 1415 1886 Judei
1435 1844 1720 1897 suspicabantur.
1744 1843 1986 1891 Quamobrem
2002 1842 2080 1881 baec
2106 1842 2202 1880 dicta

1211 1909 1318 1947 altius
1352 1921 1586 1946 resumamus.
1619 1906 1687 1944 Dic
1722 1905 1812 1943 mihi
1823 1935 1834 1955 7
1870 1905 2054 1944 Christum
2086 1906 2107 1945 J
2111 1904 2203 1942 udaei

112 1973 224 2010 ἐποίει
244 1973 365 2011 ἑαυτὸν
385 1972 460 2009 ἴσον
481 1974 530 2024 τῷ
560 1973 662 2024 Θεῷ,
690 1973 768 2009 ἀλλ’
799 1972 830 2008 οἱ
859 1970 1022 2009 Ἰουδαῖοι
1040 1976 1143 2010 τοῦτο
1211 1969 1538 2023 persequebantur,
1559 1966 1695 2005 necne?
1718 1966 2023 2017 Persequebantur
2053 1964 2177 2015 utique
2187 1980 2199 2015 3
2253 1975 2405 2002 Christum

1212 2031 1252 2070 id
1279 2030 1413 2070 nemini
1441 2043 1512 2068 non
1545 2037 1682 2067 notum.
1718 2028 1831 2067 Illane
1856 2042 1901 2066 an
1928 2028 2000 2066 alia
2026 2027 2071 2066 de
2098 2041 2202 2065 causa
2217 2016 2411 2094 {glssjffi'ssw‘g'

1212 2096 1333 2148 ipsum
1353 2092 1685 2147 persequebantur?
1716 2092 1782 2129 Illa
1805 2100 1896 2129 certe
1923 2090 1968 2129 de
2001 2105 2106 2130 causa
2120 2121 2132 2141 7
2164 2100 2204 2129 ut
2218 2099 2314 2127 batur.

1212 2159 1366 2195 fatentur
1391 2169 1522 2194 omnes.
1543 2154 1741 2193 Sabbatum
1764 2153 1945 2203 solvebat,
1965 2153 2100 2192 necne?
2121 2154 2202 2192 Sol-

1213 2219 1318 2257 vebat
1327 2247 1338 2267 7
1366 2216 1404 2255 id
1436 2230 1539 2254 nemo
1561 2214 1752 2267 negaverit.
1780 2216 1898 2253 Deum
1925 2216 2067 2253 Patrem
2098 2229 2204 2254 suum

1213 2281 1380 2327 dicebat,
1413 2293 1520 2317 necne
1533 2279 1551 2316 Ρ
1588 2277 1738 2316 Dicebat
1774 2277 1908 2328 utique.
1949 2277 2047 2328 Ergo
2080 2276 2205 2315 eadem

1215 2342 1303 2380 serie
1337 2349 1460 2379 caetera
1496 2338 1771 2389 subsequuntur.
1806 2337 1907 2374 Sicut
1937 2336 2032 2374 enim
2063 2336 2204 2375 Patrem

1215 2403 1331 2441 dicere
1349 2404 1467 2440 Deum
1478 2430 1490 2450 7
1513 2400 1648 2439 solvere
1667 2397 1854 2436 sabbatum
1869 2427 1881 2447 7
1904 2411 1945 2435 ac
1972 2407 2116 2450 propter
2133 2398 2204 2437 hoc

1215 2465 1399 2517 magisque
1420 2471 1565 2515 propter
1584 2460 1678 2499 illud
1695 2475 1713 2498 a
1734 2460 1868 2500 Judaeis
1893 2461 2204 2512 persequutionem

1214 2527 1288 2579 pati
1296 2556 1307 2575 7
1330 2538 1399 2563 non
1418 2523 1508 2563 falsa
1536 2522 1679 2574 opinio7
1702 2520 1764 2559 sed
1780 2520 1912 2559 veritas
1932 2537 1940 2557 :
1969 2521 2019 2559 ita
2047 2522 2203 2574 seipsum

1215 2587 1387 2639 aequalem
1401 2587 1476 2622 Deo
1496 2584 1610 2621 facere
1616 2613 1629 2633 7
1651 2581 1775 2620 eadem
1792 2591 1908 2620 mente
1924 2581 2173 2621 declarabatur
2193 2600 2200 2619 z

1217 2647 1312 2700 quod
1321 2661 1365 2684 ex
1375 2644 1590 2697 supradictis
1604 2643 1823 2681 manifestius
1837 2652 1899 2681 est.
1914 2642 2014 2681 Illud
2024 2643 2118 2681 enim
2126 2646 2201 2682 Pa-

1217 2717 1275 2746 ter
1290 2718 1394 2744 meus
1411 2712 1610 2757 operatur,
1630 2711 1665 2740 et
1681 2717 1748 2755 ego
1765 2716 1911 2754 operor,
1927 2702 2086 2755 idipsum
2099 2712 2150 2741 est
2163 2718 2203 2741 ac

1218 2769 1246 2807 si
1261 2782 1296 2806 se
1308 2769 1384 2806 Deo
1394 2765 1566 2816 aequalem
1578 2765 1716 2802 faceret.
1730 2763 1877 2801 Nullam
1890 2763 1985 2801 enim
1994 2764 2156 2816 perhibet
2167 2765 2203 2802 in

1218 2830 1275 2867 his
1307 2827 1425 2867 verbis
1453 2824 1704 2863 differentiam.
1724 2824 1847 2875 Neque
1873 2824 1969 2862 enim
1999 2823 2095 2862 djxit
2115 2825 2203 2863 :Ille

123 2879 160 2917 δὲ
181 2877 372 2931 Ξῖρημένων
393 2879 494 2914 τοῦτο
513 2875 722 2927 σαφέστερόν
753 2877 846 2914 ἐστιν
866 2877 962 2915 ἰδεῖν·
990 2877 1042 2916 Τὸ
1061 2877 1148 2930 γὰρ,
1220 2897 1400 2942 operatur,
1419 2895 1452 2925 et
1466 2899 1531 2938 ego
1550 2884 1781 2924 subministro
1788 2899 1801 2935 3
1824 2883 1900 2934 sed,
1922 2885 2023 2924 Sicut
2043 2885 2104 2923 ille
2122 2899 2204 2938 ope—

123 2940 169 2978 Ὁ
182 2938 310 2990 Πατήρ
329 2952 393 2987 μου
412 2935 612 2988 ἐργάζεται,
629 2936 728 2988 κοίγὼ
743 2936 951 2989 ἐργάζομαι,
967 2937 1040 2976 ἴσον
1055 2938 1148 2975 ἐστὶν
1221 2960 1320 2989 ratur
1334 2979 1344 2996 ,
1363 2948 1412 2986 ita
1430 2956 1464 2986 et
1479 2960 1542 2998 ego
1553 2962 1565 2997 3
1595 2959 1830 2997 magnamque
1846 2945 1998 2983 ostendit
2018 2946 2203 2996 aequalita-

127 3004 246 3043 ἑαυτὸν
268 3002 459 3045 δεικνύντος
477 3004 527 3054 τῷ
543 3004 637 3053 Θεῷ·
662 3000 745 3041 '³0¹3
760 3002 828 3055 γὰρ
848 3002 979 3041 ἐδείκνυ
1011 3005 1046 3040 ἓν
1072 3002 1151 3040 τού·
1222 3020 1306 3049 tem.
1328 3008 1436 3058 Quod
1463 3008 1492 3046 si
1516 3006 1555 3044 id
1574 3020 1645 3044 non
1670 3005 1731 3043 ille
1751 3005 1993 3044 demonstrare
2012 3006 2203 3054 voluisset,

127 3087 197 3114 τοις
216 3069 378 3120 οὐδεμίαν
398 3068 578 3121 διαφοράν.
599 3070 652 3107 Οὐ
671 3069 738 3121 γὰρ
752 3063 861 3118 εἶπεν,
879 3072 1005 3113 ἐκεῖνος
1022 3069 1084 3120 μὲν
1100 3071 1155 3122 ἐρ·
1225 3072 1287 3110 sed
1305 3070 1343 3108 id
1361 3068 1480 3110 Judaei
1497 3068 1628 3106 frustra
1647 3066 1817 3118 suspicati
1832 3076 1944 3104 essent
1960 3082 1968 3103 ε
1985 3081 2054 3104 non
2068 3066 2206 3105 sivisset

128 3137 290 3187 γάζεται,
310 3134 379 3186 ἐγὼ
408 3134 444 3172 δὲ
459 3136 638 3186 ὕπουργῶ·
660 3135 750 3183 ἀλλ’,
766 3135 885 3187 ὥσπερ
911 3137 1038 3177 ἐκεῖνος
1054 3134 1155 3186 ἔργά·
1181 3144 1205 3174 D
1225 3133 1306 3171 illos
1324 3131 1401 3169 haec
1419 3129 1506 3168 falso
1523 3126 1726 3167 existimare
1740 3156 1750 3175 7
1770 3126 1831 3165 sed
1851 3126 2116 3166 emendavisset.
2138 3127 2206 3164 Ne—

115 2034 334 2071 ὑπώπτευον.
351 2033 489 2071 Οὐκοῦν
510 2032 640 2070 ἄνωθεν
655 2031 736 2084 φέρε
761 2031 806 2070 τὰ
837 2030 1006 2083 εἰρημένα
1037 2032 1142 2070 ἐπέλ-

115 2097 242 2144 θωμεν.
260 2092 350 2132 Εἰπὲ
380 2093 422 2139 δή
458 2109 537 2143 μοι,
559 2092 701 2131 ἐδίωκον
724 2093 824 2131 αὐτὸν
853 2094 885 2131 οἱ
912 2092 1092 2140 Ἰουδαῖοι,
1120 2093 1142 2139 ἢ

117 2158 179 2192 οὐκ
207 2153 370 2201 ἐδίωκον,
391 2152 508 2191 Παντί
526 2169 592 2191 που
612 2154 714 2200 δῆλον
735 2154 787 2192 ὅτι
811 2153 967 2193 ἐδίωκον.
988 2154 1058 2192 Καὶ
1088 2154 1144 2192 διὰ

117 2215 216 2249 τοῦτο
237 2211 391 2258 ἐδίωκον,
411 2210 433 2257 ἢ
453 2212 496 2248 δι’
518 2211 634 2263 ἕτερόν
655 2227 706 2259 τι,
723 2211 793 2250 Καὶ
821 2215 924 2250 τοῦτο
951 2213 1143 2262 συνομολο-

117 2278 251 2323 γεῖται,
268 2272 321 2310 ὅτι
346 2272 402 2310 διὰ
423 2276 535 2311 τοῦτο.
548 2272 676 2310 ’Έλυεν
696 2266 754 2310 οὖν
772 2273 812 2312 τὸ
831 2273 1020 2319 affigam,
1039 2273 1062 2319 ἢ
1082 2275 1144 2312 οὐκ

119 2334 236 2381 ἔλυεν,
253 2333 344 2372 Οὐδὲ
363 2333 449 2386 πρὸς
468 2336 569 2372 τοῦτο
596 2333 672 2385 ἔχοι
700 2350 752 2377 τις
782 2334 820 2371 ἂν
855 2335 1042 2373 ἀντειπεῖν.
1063 2336 1142 2372 Πα-

119 2393 203 2446 τέρα
223 2395 306 2432 ἴδιον
328 2394 426 2444 ἔλεγε
458 2393 515 2431 τὸν
531 2394 634 2440 Θεὸν,
659 2394 681 2440 ἢ
718 2396 781 2433 οὒκ
809 2393 905 2446 ἔλεγε
914 2411 924 2442 3
945 2394 1014 2433 Καὶ
1042 2398 1145 2433 τοῦτο

122 2453 257 2498 ἀληθές.
275 2454 413 2490 Οὐκοῦν
444 2451 504 2489 καὶ
533 2453 578 2489 τὰ
606 2451 683 2498 ἓξῆς
704 2455 767 2498 τῆς
801 2455 907 2499 αὐτῆς
940 2453 1145 2496 ἀκολουθίας

121 2513 253 2565 ἔχεται.
274 2511 415 2564 εὨσπερ
433 2511 501 2562 γὰρ
517 2511 557 2548 τὸ
571 2511 716 2563 Πατέρα
730 2512 845 2563 λέγειν
866 2513 949 2551 ἴδιον
968 2514 1026 2551 τὸν
1042 2513 1144 2559 Θεὸν,

122 2574 181 2612 καὶ
201 2574 239 2611 τὸ
254 2572 348 2610 λύειν
364 2572 404 2609 τὸ
418 2571 606 2617 saiwam,
626 2572 685 2610 καὶ
704 2573 744 2610 τὸ
762 2572 947 2611 διώκεσθαι
962 2574 1059 2625 παρὰ
1077 2576 1146 2611 τῶν

124 2633 301 2672 Ἰουδαίων
323 2632 380 2670 διά
406 2647 443 2669 τε
471 2633 604 2678 ἐκεῖνο,
623 2633 682 2670 καὶ
710 2633 767 2671 διὰ
785 2638 885 2672 τοῦτο
906 2635 1052 2684 μᾶλλον,
1082 2637 1147 2686 οὐχ

123 2694 284 2737 ὑπονοίας
315 2688 358 2740 ἦν
392 2691 628 2744 ἐψευσμένης,
657 2692 747 2730 ἀλλὰ
774 2693 815 2713 **
827 2694 1033 2747 πράγματος
1054 2695 1147 2740 ἀλη-

123 2760 218 2800 θοῦς·
238 2755 326 2794 οὕτω
347 2753 407 2792 καὶ
426 2753 465 2791 τὸ
493 2753 568 2790 ἴσον
598 2754 719 2792 ἑαυτὸν
749 2760 860 2792 ποιεῖν
880 2757 930 2807 τῷ
964 2757 1064 2807 Θεῷ,
1085 2757 1147 2802 τῆς

123 2821 229 2864 αὐτῆς
248 2816 391 2868 γνώμης
410 2814 582 2867 ἀπόφασις
598 2809 652 2861 ἦν.
676 2814 745 2852 Καὶ
770 2816 839 2853 ἀπὸ
858 2818 927 2854 τῶν
953 2817 1147 2871 ἔμπροσθεν

179 3255 191 3269 ²
207 3243 308 3278 Savil.
326 3246 481 3288 βλύζουσι.

180 3297 196 3312 '⁶
213 3298 283 3338 [Καὶ
300 3301 350 3330 οὐκ
367 3300 429 3330 εἶπε
444 3300 536 3339 λέγων
546 3303 646 3339 μόνον,
663 3300 744 3331 ἀλλὰ
762 3301 809 3330 καὶ
825 3301 978 3342 πράττων·
999 3299 1071 3329 οὐ...
1088 3301 1144 3339 μό-

140 3363 212 3386 νοις,
231 3353 310 3382 ἀλλὰ
326 3355 502 3394 πυκνότερον
518 3354 542 3382 ἐ.
563 3364 591 3382 τ.
610 3364 642 3382 π.
662 3348 763 3381 Savil.
779 3356 812 3380 et
825 3347 909 3381 Cod.
928 3349 1021 3389 706.]

328 3415 411 3439 TOM
420 3433 425 3439 .
461 3415 500 3440 VI
510 3416 519 3438 l
531 3416 540 3438 1
551 3432 556 3438 .

1254 3241 1288 3259 Ἠ
1299 3242 1496 3284 [πράγματος
1510 3241 1652 3273 ἀληθείας
1668 3233 1768 3266 Savil.
1789 3241 1822 3265 et
1834 3231 1943 3264 Codd.
1967 3232 2101 3273 nostri.]

1256 3296 1272 3318 b
1288 3291 1388 3325 Savil.
1409 3293 1473 3325 οὐδὲ
1489 3295 1546 3333 γὰρ
1564 3291 1680 3321 ἐδείκνυ.
1700 3284 1815 3318 Morel.
1832 3288 1895 3318 οὐδὲ
1912 3289 1969 3328 γὰρ
1986 3287 2101 3317 ἔδωκεν.

1958 3390 2006 3427 ’18
