2481 3678
285 218 373 263 512

282 313 407 352 nudari
428 313 555 351 debet:
578 312 638 351 sed
658 312 746 350 nihil
776 313 836 350 hie
862 313 906 350 de
927 312 1046 350 radice
1077 312 1177 362 dicit,
1205 326 1264 352 ve-

281 389 361 412 rum
387 375 506 412 omnia
527 374 571 412 de
599 374 825 427 palmitibus,
846 373 1033 411 ostendens
1055 387 1090 411 se
1119 372 1266 425 quidem

280 437 347 474 sibi
363 437 547 485 sullieere3
569 435 762 487 discipulos
776 444 895 472 autem
917 434 1030 472 multa
1051 448 1152 486 egere
1173 435 1267 486 agri-

281 499 365 536 colae
384 513 482 545 cura,
498 497 730 548 quantumvis
760 496 830 533 sint
849 495 981 534 virtute
1007 496 1162 548 praediti.
1181 496 1266 535 Ideo

281 561 562 598 ait1P÷11mitem
596 558 656 608 qui
696 558 854 594 fructum
884 557 963 606 sert,
989 567 1133 609 purgat.
1171 558 1267 596 Eum

281 623 343 674 qui
378 623 516 660 nullum
544 623 632 670 sert,
667 633 736 657 non
772 619 940 670 relinquit
967 618 1004 657 in
1039 620 1126 669 vite,
1156 634 1269 670 neque

279 693 394 736 potest
424 684 472 720 ibi
505 696 668 720 manere:
693 695 773 719 eum
798 695 882 719 vero
913 681 975 732 qui
1005 681 1072 719 fert
1098 682 1266 731 fructum,

280 744 550 782 fructuosiorem
593 743 716 781 efficit.
763 743 840 780 Hoc
881 742 926 780 de
967 742 1134 781 aerumnis
1181 757 1268 781 mox

280 805 487 843 inducendis
521 805 673 857 intelligi
716 804 861 843 dixeris.
900 804 997 842 Illud
1027 805 1136 855 enim,
1165 807 1266 843 Pur-

278 869 384 919 galu'c
406 881 505 913 eam,
530 866 565 904 id
583 876 644 916 est,
664 866 808 915 incidet,
837 866 928 904 unde
946 866 1080 918 palmes
1108 867 1267 904 fructuo-

278 928 350 965 sior
381 928 546 965 efficitur.
582 927 675 965 Hinc
706 927 916 975 ostenditur,
947 927 1155 966 tentationes
1187 927 1266 965 illos

278 988 438 1026 fortiores
460 989 608 1026 efficere.
633 988 771 1026 Deinde
790 1002 833 1026 ne
853 988 1106 1040 interrogarent
1126 988 1170 1027 de
1188 988 1267 1039 qui-

278 1050 429 1086 busnam
447 1050 522 1087 haec
539 1049 685 1099 diceret,
718 1063 806 1088 neve
829 1049 909 1086 illos
942 1049 1069 1087 iterum
1098 1050 1267 1089 sollicitos

279 1111 456 1161 redderet,
478 1111 546 1148 ait:
575 1111 610 1148 5.
632 1112 726 1148 Jam
743 1124 814 1148 vos
843 1111 979 1148 mundi
997 1114 1087 1148 estis
1111 1121 1268 1163 propter

278 1186 504 1218 sermonem,
525 1185 637 1223 quem
669 1172 850 1223 loquutus
879 1186 963 1209 sum
983 1173 1109 1209 vohis.
1134 1172 1264 1211 Viden'

277 1233 454 1284 quomodo
469 1247 505 1270 se
528 1242 565 1269 ut
585 1232 773 1284 palmitum
788 1241 989 1270 curatorem
1009 1233 1130 1270 efferat
1150 1233 1166 1270 ἶ)
1187 1233 1266 1285 Ego

277 1310 339 1333 vos
370 1296 538 1347 purgavi,
569 1295 697 1345 inquit,
725 1295 807 1332 licet
838 1294 1000 1346 superius
1031 1294 1098 1332 hoc
1125 1296 1267 1333 Patrem

275 1357 397 1394 secisse
412 1356 566 1394 declaret
589 1372 595 1392 :
621 1355 682 1393 scd
698 1355 796 1393 nulla
811 1364 862 1393 est
882 1356 971 1393 inter
989 1356 1131 1393 Patrem
1148 1366 1181 1394 et
1207 1357 1266 1394 Fi-

275 1419 363 1456 lium
393 1417 602 1456 differentia.
624 1419 753 1457 Vestra
781 1431 922 1467 quoque
940 1417 1094 1455 afferatis
1114 1427 1263 1470 oportet.

276 1480 413 1518 Deinde
428 1489 466 1518 ut
485 1480 645 1518 ostendat
661 1494 697 1517 se
725 1493 846 1516 eorum
865 1479 1061 1517 ministerio
1078 1494 1147 1517 non
1176 1494 1267 1532 opus

274 1543 462 1580 habentem
479 1542 515 1580 id
535 1542 668 1589 secisse,
701 1541 758 1579 sed
783 1550 821 1578 ut
841 1540 908 1592 ipsi
941 1541 1164 1592 proficerent,
1181 1542 1265 1579 sub-

273 1604 326 1641 dit
347 1621 353 1640 :
377 1604 411 1641 4.
436 1605 539 1642 Sicut
560 1604 710 1655 palmes
731 1616 809 1639 non
829 1610 953 1652 potest
962 1603 1075 1654 serre
1081 1604 1264 1654 fructum

276 1679 298 1701 a
319 1668 518 1716 semetipso
542 1680 551 1699 .·
575 1667 629 1701 sic
647 1678 715 1700 nec
732 1664 853 1714 quiin
873 1675 933 1698 me
953 1676 1031 1698 non
1050 1672 1193 1701 manet.
1213 1664 1265 1701 Ne

274 1740 345 1777 prae
383 1735 477 1763 metu
512 1723 819 1773 abscinderentur,
860 1722 1055 1760 emollitam
1071 1724 1264 1762 formidine

275 1787 433 1838 ipsorum
451 1786 607 1823 animam
630 1785 786 1834 roborat,
806 1793 839 1822 et
859 1783 926 1822 sibi
949 1784 1179 1834 conglutinat,
1200 1786 1264 1823 ho-

275 1863 428 1898 nunique
447 1862 546 1900 spem
575 1848 688 1884 affert.
709 1846 829 1883 Radix
856 1846 952 1883 enim
973 1855 1111 1895 manet,
1131 1847 1263 1884 auferri

274 1919 335 1947 nut
357 1909 523 1960 relinqui,
544 1908 733 1960 palmitum
751 1916 815 1944 est.
836 1906 973 1944 Deinde
991 1907 1156 1958 utrinque
1182 1923 1262 1960 pro-

275 1970 415 2019 cedens,
433 1985 452 2007 a
471 1969 572 2007 bonis
594 1978 627 2006 et
641 1984 661 2005 a
682 1968 856 2014 tristibus,
882 1968 1015 2019 priora-
1029 1982 1048 2005 ει
1067 1968 1168 2006 nobis
1184 1969 1263 2007 exi—

275 2032 337 2082 gii.
360 2033 395 2068 5.
421 2033 495 2081 Qui
515 2039 646 2068 manet
665 2033 706 2066 ιή
727 2043 799 2075 me,
823 2038 859 2067 et
879 2043 946 2081 ego
977 2032 1019 2066 ιή
1050 2044 1107 2068 eo.
1130 2030 1262 2070 Viden'

276 2093 409 2130 Filium
424 2106 492 2129 non
513 2091 628 2129 minus
647 2106 755 2142 quam
772 2091 912 2128 Patrem
941 2090 984 2128 ad
1000 2090 1262 2144 discipulorum

275 2169 397 2191 curam
412 2153 596 2191 conferre?
616 2154 719 2190 Pater
737 2161 878 2204 purgat,
895 2152 969 2204 ipse
992 2152 1026 2190 in
1044 2168 1079 2190 se
1094 2154 1260 2192 continet.

276 2218 419 2254 Manere
447 2225 565 2253 autem
592 2216 627 2252 in
659 2214 791 2263 radice,
814 2214 852 2251 id
873 2214 995 2262 efficit,
1023 2225 1062 2252 ut
1098 2216 1262 2267 palmites

275 2277 430 2315 fructum
448 2279 571 2314 serant.
594 2277 685 2313 Nam
703 2276 801 2327 quod
828 2290 896 2313 non
924 2286 1117 2328 purgatum
1148 2288 1265 2317 manet

277 2339 311 2375 in
334 2338 466 2386 radice,
487 2338 643 2374 fructum
665 2337 752 2385 sert,
771 2336 853 2374 licet
873 2350 942 2374 non
968 2346 1142 2387 quantum
1161 2353 1265 2390 opor-

278 2410 384 2449 teret;
413 2399 509 2450 quod
531 2413 599 2436 non
626 2407 756 2449 manet,
790 2398 893 2435 nihil.
923 2400 1088 2436 Attamen
1115 2413 1267 2451 purgare

279 2464 383 2500 etiam
402 2463 485 2500 Filii
504 2477 577 2499 esse
591 2470 769 2498 ostensum
786 2469 850 2506 est,
868 2469 901 2498 et
920 2460 956 2498 in
975 2460 1094 2499 radice
1109 2476 1265 2511 manere,

283 2528 407 2574 Putris,
423 2527 483 2578 qui
502 2526 657 2564 radicem
679 2524 813 2576 genuit.

336 2888 371 2922 5³2.
394 2885 519 2923 Viden⁷
548 2884 724 2933 quomodo
756 2883 875 2920 onmia
897 2883 1098 2921 communia
1133 2884 1217 2935 sint,
1239 2893 1271 2921 et

284 2960 448 2997 purgare,
479 2955 512 2982 et
539 2944 667 2981 radicis
696 2944 826 2983 virtute
849 2944 942 2981 frui?
969 2946 1143 2995 Magnum
1178 2955 1270 2983 certe

229 3008 241 3013 ”’
283 3008 549 3054 detrimentum,
575 3005 661 3042 nihil
685 3020 784 3055 posse
803 3006 944 3054 facere3
967 3019 1093 3044 verum
1111 3020 1181 3044 non
1212 3006 1271 3044 hic

284 3069 550 3120 sistiturptena,
575 3065 635 3103 sed
653 3065 800 3102 ulterius
817 3065 988 3116 procedit.
1011 3069 1049 3104 6.
1073 3068 1266 3114 Mutetur,

285 3130 412 3181 inquit,
427 3130 560 3182 foras,
579 3141 647 3164 non
670 3126 823 3177 amplius
839 3126 1030 3175 excoletur,
1049 3136 1084 3165 et
1105 3137 1268 3173 aresce&

287 3193 320 3229 id
344 3201 407 3240 est,
427 3191 465 3229 Si
487 3188 574 3241 quid
600 3187 727 3225 habuit
760 3201 805 3223 ex
828 3186 957 3235 radice,
981 3187 1018 3224 id
1046 3188 1216 3240 deponit;
1238 3189 1267 3227 si

287 3267 393 3304 quain
406 3252 571 3303 gratiam,
597 3249 658 3286 illa
678 3247 843 3295 nudatur,
860 3256 894 3284 et
912 3248 1008 3285 omni
1029 3247 1112 3285 inde
1131 3250 1268 3287 auxilio

287 3324 317 3352 et
330 3315 401 3351 vita
415 3313 601 3364 spoliatur.
624 3309 758 3359 Ecquis
772 3308 853 3346 finis
868 3309 884 3344 ἶ)
905 3311 952 3345 In
972 3311 1097 3360 ignem
1117 3312 1267 3360 injicie-

331 3434 341 3443 «ι
360 3417 512 3450 Nonnulli
530 3419 725 3452 Ziozw‘s.)f7.,·.

750 232 782 261 S.
821 231 1006 261 JoAix'MS
1042 231 1122 260 Cim
1132 231 1286 261 x'sosT.

1297 2233 1302 2239 ‘
1333 2218 1467 2267 πηρῶν,
1487 2214 1530 2252 τὰ
1545 2213 1630 2266 παρ’
1649 2216 1749 2264 ἡμῶν
1767 2215 1906 2250 ἀπαιτεῖ
1926 2214 2061 2265 πρῶτα.

1331 231 1518 260 ΛΒΕΗῙΕΡ
1527 251 1535 260 .
1574 232 1926 262 CONSTANTINOP.

1335 312 1492 365 καθαίρει
1520 313 1604 351 αὐτό
1654 315 1834 363 τουτέστι,
1878 317 2009 362 πολλῆς
2046 316 2244 367 ἐπιμελείας
2276 319 2360 355 ἀπο-

1334 374 1451 413 λαύειν
1482 381 1585 413 ποιεῖ.
1620 374 1745 413 Καίτοι
1765 380 1786 423 ἡ
1820 376 1895 430 ῥίζα
1933 377 2040 414 δεῖται
2072 377 2270 427 ἐπιμελείας
2294 378 2362 430 πρὸ

1335 440 1404 475 τῶν
1431 437 1638 487 κλημάτων,
1667 437 1992 490 περισκαπτομένη,
2025 438 2264 490 γυμνουμένη·
2286 440 2360 476 ἀλλ’

1336 497 1430 537 οὐδὲν
1449 500 1594 536 ἐνταῦθα
1620 498 1700 572 περὶ
1727 498 1855 546 ταύτης
1882 498 2005 551 φησὶν,
2026 499 2117 537 ἀλλὰ
2142 499 2181 538 τὸ
2197 506 2265 537 πᾶν
2282 500 2361 551 περὶ

1335 560 1547 610 κλημάτων·
1575 559 1725 609 δεικνυς,
1751 560 1804 598 ο’τι
1827 560 1926 605 αὐτὸς
1959 560 2019 611 μὲν
2051 563 2164 613 ἑαυτῳ
2191 564 2311 613 ἀρκεῖ,
2331 563 2363 600 οἱ

1337 621 1370 660 δὲ
1401 621 1554 673 μαθηται
1577 621 1714 660 δέονται
1743 622 1875 668 πολλῆς
1903 623 2000 675 παρὰ
2020 627 2079 660 τοῦ
2098 627 2251 674 γεωργοῦ
2279 624 2361 673 βοη-

1335 681 1444 730 θείας,
1464 682 1527 721 κᾶν
1549 683 1716 735 σφόδρα
1702 683 1856 735 ενάρετοι
1877 686 1953 722 ὠσι.
1980 683 2048 721 Διὰ
2068 682 2168 721 τοῦτό
2187 699 2293 735 φησι,
2311 684 2363 722 Τὸ

1335 743 1467 795 καρπὸν
1483 743 1584 796 φέρον
1600 744 1757 796 καθαίρει
1775 743 1866 782 αὐτό.
1884 744 1928 782 'l
1919 761 1936 782 ο
1950 743 2011 794 μὲν
2026 743 2106 796 γὰρ,
2122 743 2239 791 ἐπειοὴ
2255 745 2363 796 ἄκαρ-

1303 817 1312 845 2
1334 804 1399 842 πόν
1428 807 1539 853 ἐστιν,
1559 805 1635 842 οὐδὲ
1665 808 1698 843 ἐν
1719 809 1760 856 τῇ
1786 804 1932 857 ἀμπέλῳ
1960 798 2047 842 εἶναι
2068 804 2228 842 δύναται·
2249 805 2287 841 τὸ
2309 804 2363 852 δὲ,

1334 865 1453 913 ἐπειδὴ
1484 867 1615 919 καρπὸν
1651 867 1769 920 φέρει,
1796 866 2027 920 γονιμώτερον
2062 867 2146 905 αὐτὸ
2169 866 2362 918 ἐργάζεται.

1335 927 1448 965 Τοῦτο
1467 926 1503 964 δὲ
1535 928 1593 966 καὶ
1623 929 1708 981 πρὸς
1726 929 1788 972 τὰς
1818 928 1950 980 θλίψεις
1982 930 2093 965 αὐτῶν
2120 929 2277 979 εἰρῆσθαι
2301 926 2362 970 τὰς

1333 987 1411 1026 τότε
1435 989 1651 1039 ἐπαγομένας
1672 989 1763 1027 εἴποι
1779 1006 1830 1033 τις
1846 990 1897 1028 ἄν.
1913 989 1965 1027 Τὸ
1978 989 2063 1041 γὰρ,
2080 988 2248 1040 Καθαίρει
2266 988 2361 1034 αὐτὸ,

1334 1049 1536 1102 περικόπτει
1557 1049 1662 1096 ἐστὶν,
1679 1049 1763 1102 ὅπερ
1786 1049 2019 1102 γονιμώτερον
2046 1056 2136 1088 ποιεῖ
2162 1051 2202 1088 τὸ
2227 1051 2360 1100 κλῆμα.

1332 1110 1440 1150 ζΌθεν
1459 1111 1635 1150 δείκνυται
1654 1111 1707 1149 ὅτι
1723 1115 1753 1150 οἱ
1768 1111 1959 1164 πειρασμοὶ
1976 1112 2107 1162 μᾶλλον
2127 1111 2247 1154 αὐτοὺς
2265 1114 2362 1163 ἰσχυ-

1336 1172 1492 1226 ροτέρους
1512 1172 1725 1225 ἐργάζονται.
1746 1166 1836 1210 Εἶτα
1854 1171 1910 1209 ἵνα
1931 1171 1978 1222 μὴ
1997 1171 2147 1223 λέγωσι,
2167 1172 2248 1225 περὶ
2259 1172 2362 1210 τίνων

1331 1239 1442 1272 ταῦτα
1459 1233 1572 1286 λέγει,
1598 1234 1657 1271 καὶ
1675 1233 1779 1272 πάλιν
1801 1235 1847 1276 εἷς
1867 1231 2030 1285 φροντίδα
2058 1231 2178 1275 αὐτοὺς
2202 1233 2338 1284 ἐμὲάλῃ
2354 1264 2363 1281 ,

1333 1295 1434 1348 φησί·
1451 1295 1544 1343 ''HS-t]
1562 1298 1659 1347 ὑμεῖς
1688 1294 1834 1348 καθαροί
1860 1297 1936 1333 ἐστε
1966 1294 2022 1332 διὰ
2043 1293 2099 1332 τὸν
2119 1293 2233 1346 λόγον,
2253 1294 2288 1332 ὃν
2307 1296 2363 1333 λε-

1332 1357 1471 1405 λάληκα
1490 1360 1583 1408 ὑμῖν.
1604 1357 1712 1409 Ὁρᾷς
1731 1359 1804 1399 πῶς
1830 1356 1948 1394 ἑαυτὸν
1974 1355 2105 1407 εἰσάγει
2127 1356 2362 1407 ἐπιμελούμε-

1332 1435 1388 1457 νον
1421 1421 1490 1456 τῶν
1510 1418 1719 1469 κλημάτων,
1743 1418 1838 1470 Ἐγὼ
1863 1417 1930 1470 γὰρ
1959 1420 2049 1468 ὑμᾶς
2070 1417 2240 1470 ἐκάθηρα,
2266 1418 2363 1469 φησί.

1334 1479 1458 1518 Καίτοι
1478 1495 1517 1531 γε
1532 1479 1695 1532 ἀνωτέρω
1712 1479 1861 1517 δείκνυσι
1880 1479 1937 1517 τὸν
1953 1477 2098 1530 Πατέρα
2113 1482 2214 1516 τοῦτο
2227 1484 2363 1518 ποιοῦν-

1332 1557 1376 1578 τα
1390 1556 1397 1563 ·
1419 1540 1496 1579 ἀλλ’
1516 1539 1610 1578 οὐδὲν
1630 1540 1734 1591 μέσον
1759 1540 1897 1593 Πατρὸς
1920 1541 1979 1579 καὶ
1994 1541 2091 1578 Υἱοῧ.
2116 1541 2176 1577 Δεῖ
2202 1538 2236 1578 δὲ
2251 1540 2362 1592 ὑπάρ-

1334 1601 1388 1645 ξαι
1419 1602 1539 1640 λοιπὸν
1565 1600 1609 1639 τὰ
1634 1602 1717 1652 παρ’
1737 1604 1848 1652 ὑμῶν.
1872 1595 1961 1639 Εἶτα
1984 1601 2040 1638 ἵνα
2076 1599 2188 1651 δείξῃ,
2208 1598 2261 1637 ὅτι
2285 1600 2362 1652 οὐχὶ

1331 1665 1394 1708 τῆς
1415 1665 1527 1700 αὐτῶν
1558 1662 1715 1712 δεόμενος
1747 1661 1948 1705 Ἆδιακονίας
1968 1667 2067 1700 τοῦτο
2086 1660 2260 1708 ἐποίησεν,
2285 1663 2362 1699 ἀλλ’

1332 1725 1389 1763 ἵνα
1404 1724 1662 1776 προκόπτωσῑν,
1682 1724 1825 1776 ἐπάγει·
1845 1723 1987 1776 Ἓὶσπερ
2003 1723 2043 1760 τὸ
2061 1723 2181 1772 κλῆμα
2205 1725 2242 1760 οὐ
2263 1721 2362 1760 δόνα-

1332 1802 1391 1824 ται
1410 1785 1469 1837 ἀφ’
1490 1787 1612 1822 ἑαυτοῦ
1642 1784 1756 1836 φέρειν
1787 1783 1934 1837 καρπὸν,
1960 1783 2066 1827 οὕτως
2102 1781 2177 1821 οὐδὲ
2193 1786 2210 1820 ὁ
2229 1785 2262 1821 ἐν
2286 1783 2363 1833 ἐμοὶ

1335 1846 1383 1898 μὴ
1407 1846 1530 1897 μένων.
1545 1844 1623 1883 Ἵνα
1640 1845 1708 1898 γὰρ
1729 1844 1777 1896 μὴ
1795 1846 1863 1884 ἀπὸ
1879 1848 1940 1891 τῆς
1956 1843 2083 1887 δειλίας
2100 1846 2342 1896 ἀποσχισθῶσι
2357 1874 2366 1891 ,

1333 1911 1570 1960 ιχουνωθεῖσαν
1594 1908 1707 1944 αὐτῶν
1739 1909 1789 1959 τῷ
1818 1906 1914 1958 φόὸῳ
1939 1904 2002 1952 τὴν
2029 1904 2144 1957 ψυχὴν
2166 1904 2363 1956 ἐπισφίγγει

1333 1970 1392 2009 καὶ
1412 1971 1525 2021 ἑαυτῷ
1548 1971 1740 2021 συγκολλᾷ,
1775 1968 1834 2006 καὶ
1861 1966 2018 2020 χρηστὰς
2049 1965 2219 2005 ὑποτείνει
2241 1965 2362 2004 λοιπὸν

1333 2030 1487 2074 ἐλπίδας.
1511 2030 1554 2068 Ἡ
1578 2030 1640 2081 μὲν
1664 2029 1731 2082 γὰρ
1762 2029 1838 2082 ῥίζα
1866 2028 1980 2079 μένει·
2002 2028 2041 2066 τὸ
2071 2027 2107 2066 δὲ
2128 2026 2284 2079 αἴρεσθαι
2303 2025 2363 2064 καὶ

1334 2092 1516 2145 ἀφίεσθαι,
1535 2095 1602 2130 τῶν
1622 2091 1811 2142 κλημάτων
1831 2089 1935 2129 ἐστίν.
1954 2083 2041 2127 Εἶτα
2062 2087 2274 2140 ἑκατέρωθεν
2297 2104 2364 2126 πα-

1336 2154 1533 2207 ρορμήσας,
1553 2152 1614 2191 καὶ
1639 2153 1709 2191 ἀπὸ
1739 2154 1806 2190 τῶν
1827 2154 1990 2204 χρηστῶν
2011 2149 2069 2188 καὶ
2104 2150 2173 2188 ἀπὸ
2204 2152 2274 2187 τῶν
2302 2151 2365 2187 λυ-

2091 2211 2135 2249 Ὁ
2153 2214 2186 2250 ἐν
2208 2211 2284 2257 ἐμοὶ
2305 2210 2365 2262 μέ-

1334 2291 1414 2320 νων,
1431 2274 1529 2325 κάγὼ
1546 2277 1579 2312 ἐν
1603 2276 1708 2325 αὐτῷ.
1733 2273 1841 2324 (Ορᾷς
1858 2272 1916 2310 καὶ
1946 2271 2002 2309 τὸν
2030 2272 2112 2310 Υἱὸν
2142 2274 2204 2309 οὐκ
2221 2271 2364 2310 ἔλαττον

1336 2338 1562 2374 συντελοῦντα
1581 2339 1639 2372 τοῦ
1667 2333 1806 2385 Πατρὸς
1831 2333 1916 2386 πρὸς
1936 2333 1999 2380 τὴν
2014 2335 2082 2370 τῶν
2102 2335 2265 2383 μαθητῶν
2287 2335 2365 2370 ἐπι·

1338 2395 1556 2447 μέλειαν;(Ο
1593 2394 1654 2446 μὲν
1684 2395 1751 2446 γὰρ
1771 2394 1898 2447 Πατὴρ
1935 2394 2111 2446 καθαίρει,
2133 2394 2233 2436 αὐτὸς
2265 2393 2300 2431 δὲ
2331 2396 2366 2432 ἐν

1339 2460 1449 2509 ἑαυτῷ
1466 2457 1621 2509 κατέχει.
1646 2456 1698 2494 Τὸ
1726 2456 1760 2493 δὲ
1784 2459 1818 2495 ἐν
1838 2460 1881 2507 τῇ
1906 2455 1981 2507 ῥίζῃ
2005 2456 2137 2507 μένειν,
2156 2460 2255 2494 τοῦτο
2275 2461 2366 2494 ποιεῖ

1338 2524 1569 2572 καρποφορεῖν
1589 2517 1632 2555 τὰ
1663 2517 1841 2568 κλήματα.
1862 2517 1915 2555 Τὸ
1939 2516 1999 2567 μὲν
2025 2516 2093 2570 γὰρ
2126 2516 2174 2567 μὴ
2196 2515 2366 2569 καθαιρό-

1341 2595 1453 2630 μενον,
1473 2578 1572 2629 μένον
1595 2578 1630 2616 δὲ
1658 2581 1691 2616 ἐν
1711 2582 1754 2629 τῇ
1786 2577 1879 2631 ῥίζῃ,
1898 2578 1992 2631 φέρει
2011 2578 2158 2629 καρπὸν,
2182 2580 2209 2615 εἷ
2238 2578 2293 2615 καὶ
2315 2578 2363 2628 μὴ

1285 2685 1307 2696 U
1339 2640 1416 2678 ὅσον
1436 2642 1590 2692 προσῆκε
1604 2655 1611 2661 ·
1643 2638 1681 2676 τὸ
1700 2638 1734 2676 δὲ
1757 2639 1805 2689 μὴ
1826 2639 1938 2689 μένον,
1958 2640 2025 2677 οὐδ’
2044 2638 2144 2682 ὅλως.
2170 2639 2259 2677 Ἀλλ’
2273 2638 2366 2689 ὅμως

1293 2699 1318 2748 ,ΑΑ
1339 2702 1398 2741 καὶ
1424 2702 1464 2740 τὸ
1489 2700 1664 2754 καθαίρειν
1682 2705 1741 2739 τοῦ
1769 2702 1853 2739 Υἱοῧ
1888 2700 2024 2752 ἐδείχθη
2046 2700 2094 2748 ὃν,
2114 2700 2174 2738 καὶ
2193 2700 2232 2737 τὸ
2252 2699 2364 2750 μένειν

1338 2765 1432 2814 ἐντῇ
1461 2761 1557 2814 ῥίζῃ,
1577 2765 1635 2799 τοῦ
1667 2761 1808 2813 Πατρὸς
1839 2766 1898 2800 τοῦ
1919 2761 1978 2799 καὶ
2003 2760 2066 2808 τὴν
2089 2759 2185 2812 ῥίζαν
2207 2775 2368 2811 γεγεννη-

1337 2823 1444 2868 κότος.

1393 2877 1494 2925 Εἶδες
1516 2884 1590 2923 πῶς
1616 2880 1716 2919 >counit
1736 2881 1872 2927 πάντα,
1891 2880 1950 2918 καὶ
1976 2880 2015 2917 τὸ
2043 2883 2213 2932 καθᾶραι,
2243 2879 2302 2918 καὶ
2327 2880 2368 2917 τὸ

1340 2947 1403 2990 τῆς
1418 2943 1596 2994 δυνάμεως
1616 2946 1678 2989 τῆς
1698 2943 1766 2981 ἀπὸ
1789 2945 1851 2988 τῆς
1871 2941 1965 2994 ῥίζης
1993 2940 2201 2987 ἀπολαύειν,
2217 2940 2366 2991 Μεγάλη

1342 3004 1402 3056 μὲν
1420 2997 1477 3042 οὖν
1495 3003 1603 3053 ζημία
1624 3003 1683 3040 καὶ
1706 3002 1744 3040 τὸ
1766 3002 1873 3053 μηδὲν
1893 3002 2057 3039 δύνασθαι
2078 3007 2200 3039 ποιεῖν·
2218 3001 2311 3046 πλὴν
2329 3004 2366 3038 οὐ

1343 3066 1448 3118 μέχρι
1477 3064 1596 3102 τούτου
1627 3064 1744 3110 ἵστησι
1777 3063 1840 3110 τὴν
1869 3062 2026 3110 κόλασιν,
2055 3061 2144 3100 ἀλλὰ
2171 3060 2367 3113 περαιτέρω

1342 3127 1488 3179 προάγει
1506 3141 1562 3164 τον
1576 3124 1689 3176 λόγον.
1711 3124 1751 3162 ³⁴l
1743 3124 1870 3170 Εληθη
1891 3123 1977 3175 γὰρ,
1995 3123 2111 3175 φησὶν,
2133 3121 2220 3167 ἔξω,
2240 3124 2301 3160 οὐκ
2317 3121 2368 3159 ἔτι

1341 3205 1403 3262 τῃς
1422 3189 1615 3240 γεωργικῆς
1636 3187 1810 3224 ἀπολαυον
1827 3185 1961 3237 χειρός·
1980 3184 2048 3223 Καὶ
2064 3183 2274 3236 ξηραίνεται·
2290 3199 2369 3220 του-

1341 3249 1469 3297 τέστιν,
1484 3248 1515 3286 εἴ
1532 3264 1564 3285 τι
1585 3251 1656 3299 εἶχε
1671 3249 1779 3298 τηςρι
1771 3246 1854 3293 ’ζης,
1874 3245 2092 3284 ἀποτίθεται·
2112 3245 2143 3282 εί
2157 3260 2234 3282 τινα
2250 3243 2366 3296 χάριν,

1343 3313 1532 3360 γυμνοῦται
1560 3308 1711 3354 ταύτης,
1733 3323 1791 3345 και
1821 3309 2009 3358 ἐρημοῦται
2029 3323 2089 3350 της
2120 3308 2246 3344 ἐκεῖθεν
2284 3307 2365 3355 βοη-
