2481 3678
777 199 814 226 15
853 198 1062 229 JOANNEM
1099 197 1255 227 nomn„
1297 198 1384 226 le.

139 276 174 316 δὲ
198 277 246 328 μὴ
272 277 411 330 ἤλεγξεν
434 278 557 322 αὐτοὺς
583 281 601 316 ὁ
623 278 791 331 Χριστός;
813 280 872 317 καὶ
903 279 970 332 γὰρ
995 278 1163 321 πολλάκις

137 338 352 386 ἐοούλευσαν,
369 338 429 377 καὶ
444 338 658 390 Αἰγυπτίοις,
678 339 737 377 καὶ
754 339 999 386 Βαὸυλωνίοις,
1016 337 1076 376 καὶ
1092 337 1164 376 ἑτέ-

422 399 507 437 Ὀτι
525 402 562 438 οὐ
583 401 667 452 πρὸς
682 400 880 452 φιλοτιμίαν
899 402 990 452 αὐτῷ
1006 399 1050 437 τὰ
1066 397 1163 449 λεγό-

949 459 1034 511 πρὸς
1071 460 1164 509 εὐερ-

141 415 209 451 ροις
241 401 391 443 πολλοῖς.

140 477 227 511 μενα
268 464 332 508 ἠν,
369 461 458 499 ἀλλὰ
497 477 582 513 προς
615 461 813 513 σωτηρίαν,
851 461 910 498 καὶ

137 521 279 570 γεσίαν,
315 521 374 559 καὶ
411 522 496 575 πρὸς
530 527 630 585 τοΞτο
662 522 838 574 ἠπείγετο.
875 520 976 559 Ἐπεὶ
1009 518 1140 557 εἶπεν
1124 535 1164 556 αν

136 582 180 620 τὰ
204 583 415 635 τετρακόσια
441 583 519 630 ἔτη·
555 587 646 621 εἶπεν
681 583 720 620 ἂν
753 583 798 621 τὰ
831 580 1090 631 ἑῧδοαηκοντα·
1118 584 1164 618 εἰ-

136 659 199 681 πεν
233 644 272 680 ἂν
305 643 348 681 τὰ
389 644 445 682 επὶ
476 660 544 682 των
582 647 735 696 κριτῶν,
762 643 806 681 τὰ
839 642 923 680 ποτὲ
945 641 1005 692 μὲν
1041 656 1163 687 εικοσι,

136 704 220 743 ποτε
260 704 295 742 δὲ
333 705 402 753 δύο,
438 705 520 744 ποτὲ
556 705 591 743 δὲ
629 705 739 743 ἑπτά·

137 766 261 805 δεποτε
292 767 443 805 διέλιπον
472 766 696 808 δουλεύοντες.
732 764 823 803 Ἀλλ’
844 767 880 802 οὐ
910 769 1010 803 τοῦτο
1035 763 1163 802 ἐσπού-

137 827 215 871 δαζε
235 828 360 875 δεῖξαι,
386 828 521 871 δούλους
543 826 733 880 ἀνθρώπιον
750 825 973 878 γενομένους,
994 825 1084 864 ἀλλὰ
1103 827 1165 871 τῆς

136 889 333 942 ἁμαρτίας,
364 888 455 941 ἥπερ
486 888 558 927 ἐστὶ
586 888 644 926 καὶ
672 887 908 940 χαλεπωτάτη
942 886 1101 934 δουλεία,
1123 881 1164 932 ἧς

135 950 222 993 Θεὸς
238 950 338 1000 μόνος
354 948 586 993 ἀπαλλάξαι
568 948 721 987 ουναται.
750 949 802 987 Τὸ
815 948 882 1001 γὰρ
901 950 1038 1000 ἀφεῖναι
1054 949 1164 1001 ἁμαρ-

779 698 872 741 έίπεν
909 702 968 749 ἂν,
1001 705 1075 746 πῶς
1107 704 1163 740 οὖ-

134 1025 233 1055 τιας,
256 1010 389 1053 ουδενὸς
415 1004 532 1062 ἑτέρου
556 1009 649 1048 ἔστί·
679 1009 739 1048 καὶ
760 1025 860 1047 τουτο
876 1009 935 1047 καὶ
956 1009 1050 1047 αὐτοὶ
1070 1011 1163 1072 (Ξ-1μο

132 1070 267 1120 λόγουν.
298 1071 399 1109 Ἐπεὶ
419 1074 475 1109 οὐν
498 1087 597 1109 τουτο
615 1070 813 1123 ὡμολόγουν
836 1069 963 1109 Θεοῦ”
944 1087 981 1123 ερ
984 1086 1041 1122 γον
1061 1074 1161 1118 εἶναι,

133 1134 179 1175 εἰς
203 1148 302 1171 τουτο
322 1132 443 1176 αὐτους
463 1132 601 1185 ενά«,(ει
630 1133 690 1171 καί
707 1149 812 1184 φησι·
838 1135 946 1176 Πᾶςε
934 1150 951 1171 ο
974 1149 1081 1171 ποιων
1098 1150 1160 1180 την

133 1193 322 1246 ἁμαρτίαν,
346 1194 462 1238 δοῦλός
479 1196 552 1232 ἐστι
570 1197 632 1240 τῆς
649 1194 836 1247 ἁμαρτίας,
860 1193 993 1238 δεικνὺς
1013 1193 1065 1232 ὅτι
1081 1194 1162 1247 περὶ

133 1270 259 1301 ταυτης
273 1255 324 1292 λε’
313 1271 365 1306 γει
380 1271 442 1300 της
460 1254 672 1308 ἐλευθερίας,
694 1258 756 1302 τῆς
777 1255 847 1293 ἀπο
860 1255 989 1302 ταύτης
1010 1272 1072 1302 της
1088 1256 1162 1294 δου-

133 1314 238 1358 λείας.
267 1315 310 1353 Ὁ
331 1315 365 1353 δὲ
382 1316 499 1359 δοῦλος
514 1319 551 1354 οὐ
569 1315 662 1366 μένει
683 1318 715 1354 ἐν
733 1319 774 1368 τῇ
791 1316 901 1369 οἰκίᾳ·
923 1319 940 1354 ὃ
963 1316 998 1355 δὲ
1013 1317 1083 1360 υἷος
1102 1317 1162 1367 μέ-

131 1392 182 1414 νει
202 1378 248 1420 εἰς
267 1377 324 1414 τὸν
348 1379 469 1415 αἰῶνα.
484 1375 500 1397 ¹²
512 1377 650 1430 Ηρέμα
665 1377 724 1415 καὶ
745 1380 895 1416 ἐντεῦθεν
915 1377 959 1416 τὰ
979 1394 1037 1416 του
1055 1379 1161 1429 νόυου

132 1437 346 1475 καταέάλλει
361 1468 370 1484 ,
406 1438 639 1488 αἰνιττόμενος
671 1437 749 1481 τοὺς
783 1438 970 1491 προτέρους
1005 1438 1160 1492 χρόνους.

131 1497 209 1535 Ἵνα
232 1498 298 1550 γὰρ
322 1498 370 1548 μὴ
393 1499 612 1551 ἀνατρέχωσι
640 1499 699 1537 καὶ
718 1499 871 1551 λέγωσι·
902 1498 1019 1542 θυσίας
1036 1499 1160 1551 ἔχομεν

132 1558 170 1602 ἃς
188 1558 331 1603 ἐπέταξε
350 1560 506 1605 Μωυσῆς
521 1576 528 1582 ·
551 1562 678 1598 ἐκεῖναι
697 1563 791 1611 ἡμᾶς
815 1559 1014 1604 ἀπαλλάξαι
1035 1560 1160 1598 δύναν-

131 1636 211 1658 ται·
238 1620 295 1658 διὰ
322 1625 422 1659 τοῦτο
447 1625 557 1659 ταῦτα
590 1622 774 1674 ἐπήγαγεν.
809 1622 912 1660 Ἐπεὶ
944 1621 1045 1660 ποίαν
1073 1625 1159 1660 οἰκο-

131 1681 269 1719 λουθιαν
298 1675 370 1734 5375
395 1682 438 1720 τὰ
466 1683 652 1735 εἰρημένα,
679 1683 847 1726 Πάντες
837 1682 904 1735 γὰρ
924 1682 1081 1735 ἥμαρτον
1102 1682 1161 1722 καὶ

133 1746 353 1796 ὑστερουνται
372 1745 434 1789 τῆς
451 1743 549 1790 δόξης
564 1760 622 1801 του
638 1745 752 1789 Θεου,
778 1744 1011 1795 δικαιουαενοι
1029 1745 1159 1796 δωρεὰν

132 1810 198 1855 τῃ
225 1807 328 1843 αὐτου
349 1805 490 1858 χάριτι,
519 1806 578 1844 καὶ
597 1807 628 1844 οἱ
644 1808 746 1859 ἱερεῖς
763 1806 869 1845 αυτοί.
897 1806 963 1844 Διὰ
982 1810 1082 1845 τουτο
1101 1808 1160 1845 καὶ

132 1866 272 1910 Παῧλός
299 1883 383 1919 φησι
411 1867 491 1919 περὶ
516 1871 575 1905 τοῦ
605 1867 722 1919 ἱερέως
739 1883 746 1890 ·
775 1867 828 1906 ὅτι
861 1867 1034 1920 Ὀφείλει,
1063 1868 1159 1920 φησὶ,

132 1927 336 1981 προσφέρειν
362 1928 448 1980 ὑπὲρ
467 1931 609 1974 ἑαυτοῦ,
639 1928 753 1973 καθὼς
781 1928 866 1982 ὑπὲρ
887 1933 946 1968 τοῦ
966 1932 1062 1977 λαοῦ,
1086 1931 1160 1968 ἐπεὶ

132 1989 191 2026 καὶ
216 1988 315 2032 αὐτὸς
341 1988 535 2042 περίκειται
563 1989 754 2028 ἀσθένειαν.
784 1990 854 2028 Καὶ
873 1995 973 2029 τοῦτο
995 1992 1160 2038 δηλοῦται

1079 2054 1160 2091 ’EV-

132 2114 241 2149 ταῧθα
264 2109 298 2148 δὲ
317 2111 378 2148 καὶ
402 2111 441 2149 τὸ
464 2110 632 2162 ὁμότιμον
663 2113 765 2150 αὐτοῦ
782 2111 932 2151 δείκνυσι
946 2112 984 2150 τὸ
1001 2113 1086 2166 πρὸς
1101 2113 1159 2152 τὸν

133 2050 151 2086 δ
172 2049 180 2065 x
245 2054 267 2062 ω
313 2052 322 2064 3
371 2056 383 2061 --1
444 2049 453 2061 t
519 2051 534 2064 es
551 2054 572 2062 ev
679 2053 688 2065 ³
750 2050 760 2065 Ι
833 2054 843 2066 5
899 2055 921 2063 -ν
957 2054 966 2067 3
998 2051 1006 2066 Ι

155 2066 189 2087 ια
208 2066 266 2088 του
294 2066 402 2088 ειπειν
415 2081 424 2098 ,
456 2052 488 2088 Ο
516 2052 632 2094 οουλος
656 2066 693 2089 ου
715 2067 810 2102 μενει
828 2068 861 2090 εν
878 2068 920 2104 τῃ
937 2068 1041 2104 οικιᾳ.

132 2171 289 2223 Πατέρα,
311 2172 370 2209 καὶ
390 2172 430 2210 τὸ
444 2172 605 2226 διάφορον
623 2172 741 2212 δούλου
759 2172 818 2212 καὶ
835 2174 1013 2228 ἐλευθέρου
1029 2190 1036 2197 ·
1056 2179 1077 2222 ἡ
1094 2175 1161 2228 γὰρ

132 2233 317 2286 παραδολὴ
336 2238 436 2272 τοῦτο
454 2233 637 2285 βούλεται,
661 2234 858 2284 τουτέστιν,
885 2238 946 2274 οὐκ
972 2235 1045 2288 ἔχει
1069 2236 1163 2281 ἐξου-

132 2294 209 2332 σίαν
225 2298 242 2332 ὃ
262 2295 396 2338 δοῦλος·
413 2300 513 2334 τοῦτο
531 2295 599 2348 γάρ
615 2298 688 2335 ἐστι
703 2297 743 2335 τὸ
757 2327 766 2345 ,
787 2299 840 2335 Οὐ
864 2296 970 2348 μένει.

183 2355 287 2393 Διατί
310 2355 345 2393 δὲ
367 2356 448 2407 περὶ
469 2357 733 2408 ἁμαρτημάτων
754 2358 1020 2410 διαλεγόμενος,
1050 2359 1162 2404 οἰκίας

132 2417 384 2468 ἐμνημόνευσε,
410 2417 584 2462 Δεικνυς
572 2419 624 2456 ότι
649 2418 769 2471 ὥσπερ
791 2420 847 2458 ἐπὶ
867 2419 977 2463 οἰκίας
1000 2423 1017 2458 ὃ
1031 2421 1160 2460 δεσπό-

131 2537 230 2576 τουτό
250 2541 364 2576 ἐστιν·
387 2541 447 2576 οὐκ
469 2538 541 2590 ἔγει
562 2538 718 2582 ἐξουσίαν
737 2539 993 2592 γαρίζεσθαι,”
971 2558 1031 2579 ατε
1048 2542 1095 2592 μὴ
1112 2559 1159 2580 ων

132 2599 396 2646 οἰκοδεσπότης·
413 2599 479 2638 ὃοε
497 2600 566 2643 υἱὸς
583 2600 826 2648 οἰκοοεσπότης
858 2601 941 2640 ἐστί.
968 2603 1081 2642 Ἰουτο
1092 2605 1160 2659 γάρ

132 2661 218 2706 ἐστι,
234 2658 342 2697 Μένει
365 2662 412 2703 εἷς
425 2660 482 2698 τὸν
501 2663 622 2708 αἰωνα,
641 2662 710 2700 ἄπο
726 2670 923 2722 μεταφορᾶς
937 2679 1006 2701 των
1022 2667 1158 2718 ἀνθρω-

130 2718 252 2765 πίνων,
273 2717 329 2756 ι’να
350 2735 398 2769 μη
422 2719 572 2771 λέγωσι,
591 2719 632 2758 σὺ
659 2720 710 2764 τίς
732 2725 782 2758 53·
775 2751 784 2767 ‚
808 2721 941 2772 'Eud
926 2739 999 2760 εστι
1018 2723 1156 2762 πάντα·

130 2782 213 2825 Υἱὸς
240 2782 308 2835 γάρ
336 2785 428 2833 εἰμι,
458 2784 517 2821 καὶ
546 2786 581 2822 ἐν
609 2787 651 2836 τῇ
679 2784 770 2837 οἰκίᾳ
800 2785 892 2837 μένω
911 2803 970 2825 του
994 2788 1152 2841 Πατρός·

131 2843 241 2880 οἰκίαν
270 2843 332 2890 τὴν
353 2843 507 2888 ἐξουσίαν
526 2846 654 2884 καλῶν.
680 2846 750 2884 Καὶ
766 2846 833 2900 γὰρ
849 2846 907 2885 καὶ
926 2850 1080 2900 ἀλλαχοῦ
1099 2851 1152 2888 03—-

131 2903 207 2941 κίαν
224 2906 324 2942 καλεῖ
338 2909 397 2943 τοῦ
414 2906 554 2958 Πατρὸς
566 2936 576 2956 ,
598 2907 662 2953 τὴν
684 2908 808 2961 ἀρχήν·
845 2910 906 2947 Ἐν
928 2911 971 2961 τῇ
989 2910 1082 2949 οἰκία
1096 2927 1155 2950 του

130 2964 270 3017 Πατρός
298 2981 362 3015 μου
383 2967 486 3039 μοναὶ
515 2968 644 3006 πολλαί
676 2971 772 3007 εἰσιν.
813 2971 960 3017 Ἐπειδὴ
987 2971 1054 3023 γὰρ
1075 2973 1154 3025 περὶ

130 3024 322 3077 ἐλευθερίας
336 3025 395 3063 καὶ
412 3027 565 3072 δουλείας
583 3032 600 3067 ὁ
616 3029 728 3081 λόγος,
747 3030 887 3075 εἰκότως
902 3048 1009 3084 ταυτῃ
1026 3049 1154 3085 κεχρη-

130 3101 186 3122 ται
205 3102 247 3137 τῃ
268 3094 472 3161 μεταφορᾷ,
492 3088 642 3141 λέγων’]
621 3107 674 3129 οτι
694 3093 754 3129 οὐκ
771 3096 863 3144 5370v
883 3092 1039 3136 εξουσίαν
1060 3096 1153 3131 εκεῖ-

130 3161 180 3183 νοι
200 3146 349 3199 ἀφιέναι.
382 3147 466 3186 Ἐὰν
483 3153 539 3187 οὖν
557 3153 574 3188 ὅ
590 3152 701 3196 Υιὸς
689 3159 780 3203 υμᾶς
796 3153 1023 3207 ἐλευθερώσῃ.
1054 3148 1155 3200 Εἶδες

129 3206 168 3244 τὸ
193 3208 375 3258 ὁμοουσιον
399 3209 439 3248 τὸ
463 3211 548 3263 πρὸς
566 3213 623 3251 τὸν
646 3214 814 3266 Πατέρα,
829 3215 888 3252 καὶ
908 3218 982 3259 πῶς
1002 3215 1153 3256 δείκνυσι

174 3332 190 3356 b
214 3332 306 3364 Unus
322 3332 437 3366 Codex
449 3360 457 3375 ‚
486 3334 577 3378 isque
594 3339 750 3379 optimus,
771 3342 872 3383 ἠρέμα.
889 3344 937 3373 καὶ
954 3344 1085 3375 ἐντεῦθεν
1101 3348 1141 3376 τὸ.

131 3390 182 3416 τοῦ
212 3391 300 3427 νόμον
326 3390 525 3428 κατκέάλὶει,
542 3396 642 3423 recte.
667 3390 708 3421 Et
730 3391 773 3421 ita
803 3389 977 3433 legendum
992 3394 1139 3437 conjecit

131 2493 203 2524 της,
230 2477 319 2515 οὕτω
340 2478 480 2516 πάντων
501 2479 600 2521 αὐτὸς
619 2478 818 2523 ἐξουσιάζει.
842 2480 928 2518 Τὸ
910 2480 965 2528 οὲ,
983 2483 1035 2518 Οὐ
1051 2481 1132 2531 μένε
1138 2498 1159 2529 ι,
1171 2467 1218 2533 31:
1233 2482 1339 2520 habet
1365 2482 1485 2530 herus,

1424 183 1485 226 al.
2134 185 2221 231 303

1231 286 1264 314 et
1277 276 1323 314 ad
1335 277 1505 315 beneficia
1520 276 1742 329 praestanda3
1755 277 1793 315 id
1808 278 1862 315 illi
1877 293 1971 316 curae
1989 290 2072 318 erat.
2088 283 2224 321 Potuis-

1230 346 1280 375 set
1295 336 1390 374 enim
1407 337 1747 388 quadringentorum
1764 352 1938 375 annorum
1950 339 2157 378 servitutem
2177 344 2226 378 af-

1230 400 1334 447 ferre,
1354 399 1439 437 hinc
1465 400 1687 451 septuaginta
1707 414 1905 449 annorum3
1929 409 1961 437 et
1975 414 2052 451 qua:
2075 402 2143 438 sub
2160 404 2223 454 ju-

1230 455 1385 507 dicibus,
1397 458 1502 495 modo
1514 458 1659 509 viginti,
1671 458 1777 497 modo
1792 459 1960 506 duorum,
1972 458 2078 497 modo
2092 470 2225 512 septeni

1230 533 1423 568 annorum3
1444 520 1616 572 potuisset
1641 520 1758 558 dicere
1790 520 1885 573 ipsos
1920 535 2115 572 numquam
2151 537 2223 560 ser-

1230 579 1351 618 viendi
1368 581 1475 618 finem
1490 581 1623 619 fecisse.
1640 583 1779 621 Verum
1792 596 1850 619 eos
1864 596 1932 620 non
1948 582 2134 620 hominum
2154 597 2223 621 501·-

1185 653 1208 683 C
1229 655 1293 681 vos
1307 641 1489 680 ostendere
1508 642 1632 689 voluit,
1650 642 1712 680 sed
1732 643 1886 694 peccati3
1910 657 1987 693 quae
2005 643 2158 682 servitus
2174 654 2225 681 est

1231 703 1484 754 gravissi1na,a
1494 719 1562 755 qua
1576 704 1671 742 solus
1680 705 1777 742 Dens
1788 704 1941 742 liberare
1950 714 2076 757 potest.
2093 705 2223 743 Dimit-

1231 764 1330 803 tendi
1353 766 1447 804 enim
1475 776 1616 818 peccata
1642 776 1851 819 potestatem
1882 780 1983 804 nemo
2015 766 2122 804 hahet
2155 767 2224 805 nisi

1232 827 1328 865 Deus
1349 843 1357 864 z
1377 827 1485 878 idque
1496 828 1549 865 illi
1569 828 1842 866 confitebantur.
1860 827 2017 878 Ideoque
2032 827 2078 865 ad
2096 828 2165 866 hoc
2181 829 2225 866 il-

1231 887 1285 925 los
1311 888 1448 926 inducit
1468 889 1525 926 his
1541 889 1661 929 verbis
1677 905 1684 925 :
1702 890 1764 927 54.
1790 891 1924 927 Omnis
1942 892 2009 941 qui
2013 890 2123 942 facit
2136 904 2224 941 pec-

1232 958 1375 997 catum,
1395 964 1526 989 servus
1543 960 1597 989 est
1611 954 1762 1003 peccati
1769 968 1783 996 ‚·
1804 949 1989 988 ostendens
2009 965 2046 988 se
2064 950 2162 1001 loqui
2181 951 2226 989 de

1230 1009 1393 1049 libertate
1411 1011 1457 1049 ab
1484 1011 1693 1064 hujusmodi
1719 1011 1898 1051 servitute.
1916 1011 1981 1048 55.
2003 1011 2141 1050 Servus
2156 1026 2224 1049 au-

1231 1079 1306 1108 tem
1331 1086 1409 1110 non
1437 1081 1569 1110 manet
1594 1075 1636 1110 in
1652 1073 1765 1110 domo
1777 1073 1914 1125 ,·filius
1941 1080 2070 1110 autem
2094 1082 2225 1110 manet

1230 1132 1271 1167 in
1297 1139 1493 1169 ceternum.
1528 1132 1667 1170 Sensim
1690 1131 1774 1169 hinc
1799 1131 1913 1183 legem
1949 1130 2082 1182 dejicit,
2105 1131 2223 1182 priora

1230 1200 1388 1244 tempora
1414 1192 1654 1230 suhindicans.
1672 1194 1725 1231 Ne
1753 1193 1848 1230 enim
1869 1206 1908 1230 eo
1925 1202 2144 1230 recurrerent
2160 1192 2221 1230 di—

1230 1261 1345 1291 centes
1367 1269 1374 1289 :
1395 1253 1579 1291 Sacrificia
1594 1254 1769 1291 habemus
1789 1268 1867 1304 quae
1881 1254 2025 1305 Moyses
2040 1254 2220 1306 praecepit,

1230 1313 1291 1352 illa
1306 1328 1369 1352 nos
1384 1329 1505 1352 eruere
1519 1324 1698 1367 poterunt,
1711 1314 1791 1352 ideo
1811 1314 1888 1352 haec
1902 1314 2034 1352 intulit.
2050 1314 2220 1365 Alioquin

1184 1386 1208 1416 D
1230 1390 1338 1426 quam
1351 1376 1428 1413 haec
1447 1377 1732 1427 consequentiam
1747 1376 1945 1413 haherent?
1966 1377 2106 1414 Omnes
2121 1379 2222 1414 enim

1227 1447 1484 1487 peccaverunt
1492 1467 1504 1484 ,
1534 1447 1570 1475 et
1597 1447 1707 1489 egent
1736 1438 1864 1488 gloria
1896 1439 1972 1475 Dei
1979 1468 1990 1485 ,
2014 1439 2222 1491 justificati

1227 1500 1350 1549 gratis
1364 1513 1434 1549 per
1450 1501 1621 1550 gratiam
1638 1499 1760 1548 illius,
1779 1499 1982 1554 etiamque
1973 1500 2039 1551 ipsi
2062 1500 2221 1540 sacerdo-

1230 1568 1291 1597 tes.
1309 1559 1394 1598 Ideo
1415 1560 1548 1598 Paulus
1579 1559 1624 1598 de
1649 1560 1828 1598 saceidote
1848 1561 1910 1606 ait,
1931 1563 2054 1599 Debet
2079 1564 2223 1614 offerre

1227 1635 1297 1672 pro
1312 1624 1447 1674 seipso,
1463 1631 1504 1659 ut
1513 1636 1583 1674 pro
1597 1623 1753 1674 populo,
1771 1636 1955 1675 quomam
1964 1637 2044 1674 lpse
2061 1626 2224 1661 circum—

1230 1684 1345 1722 datus
1362 1693 1417 1722 est
1431 1685 1684 1738 itfirmitatffl
1707 1693 1739 1722 et
1758 1684 1827 1722 1100
1843 1684 2021 1736 significat
2042 1684 2193 1723 dicendo
2216 1702 2222 1721 :

1228 1746 1367 1784 Servus
1389 1760 1465 1783 non
1481 1755 1611 1784 manet
1623 1749 1664 1784 in
1681 1747 1808 1784 domo,
1829 1746 1897 1784 Hic
1913 1756 2032 1784 autem
2051 1756 2083 1784 et
2100 1761 2225 1799 parem

1230 1822 1311 1847 cum
1332 1810 1435 1847 Patre
1447 1809 1631 1858 honorem,
1652 1819 1685 1847 et
1706 1809 1799 1848 servi
1815 1824 1834 1847 a
1852 1809 1965 1847 libero
1984 1809 2224 1848 differentiam

1229 1872 1407 1924 significat
1423 1888 1430 1908 :
1448 1886 1530 1910 nam
1545 1872 1612 1910 hoc
1625 1872 1695 1910 sibi
1707 1871 1787 1911 vult
1800 1871 1989 1924 parabola3
2010 1872 2047 1909 id
2067 1881 2128 1920 est,
2145 1873 2223 1909 Non

1228 1933 1335 1972 habet
1352 1943 1561 1986 potestatem
1576 1948 1699 1974 servus
1708 1948 1718 1984 ;
1732 1932 1828 1985 quod.
1846 1932 2027 1971 indicatur
2042 1948 2106 1986 per
2120 1932 2223 1982 illud,

1230 1997 1320 2034 Non
1337 2004 1481 2034 manet.

1524 198 1614 226 [An.

1182 2190 1208 2220 Ε

1286 2364 1322 2401 Q.
1355 2361 1428 2398 Cur
1441 2369 1560 2397 autem
1576 2373 1658 2396 cum
1670 2358 1715 2396 de
1728 2357 1879 2409 peccatis
1892 2371 2088 2394 sermonem
2103 2356 2220 2403 habet,

1233 2421 1382 2460 domum
1404 2419 1639 2458 memoravit?
1662 2420 1712 2456 Ut
1731 2417 1929 2455 ostenderet
1948 2417 2039 2454 sicut
2059 2417 2095 2454 in
2115 2416 2221 2454 domo

1507 2480 1557 2517 510
1587 2493 1622 2517 50
1651 2479 1686 2516 111
1710 2478 1828 2516 omnia
1844 2486 2050 2529 potestatem
2073 2477 2217 2514 hahere.

1229 2543 1327 2581 Illud
1345 2557 1439 2591 vero,
1461 2543 1551 2579 Non
1567 2548 1710 2586 manet,
1730 2538 1767 2576 id
1779 2547 1841 2587 est,
1857 2552 1926 2576 non
1939 2538 2047 2576 habet
2066 2538 2220 2590 largien-

1229 2603 1267 2642 dj
1283 2612 1505 2656 potestatem,
1521 2600 1616 2652 quod
1629 2614 1698 2638 non
1718 2600 1764 2637 sit
1779 2599 1905 2648 herus;
1922 2599 2020 2637 filius
2032 2613 2140 2652 porro
2158 2598 2220 2637 110-

1230 2680 1290 2703 1115
1303 2674 1353 2702 est
1371 2680 1378 2700 :
1398 2664 1436 2701 id
1450 2663 1544 2701 0111111
1565 2661 1741 2714 significat
1763 2660 1867 2711 illud,
1890 2662 2028 2698 fflanet
2043 2663 2084 2698 in
2101 2675 2220 2698 seecu-

1228 2727 1325 2774 lum,
1345 2724 1540 2763 secundum
1559 2723 1798 2760 humanarum
1810 2735 1927 2760 rerum
1947 2722 2194 2774 metaphoram
2210 2738 2218 2758 z

1226 2801 1270 2825 ne
1284 2786 1415 2835 dicant,
1427 2786 1485 2823 Tu
1494 2784 1572 2836 quis
1587 2784 1734 2822 esPMea
1750 2792 1831 2821 sunt
1841 2782 1960 2820 omnia
1969 2798 1980 2832 3
1998 2782 2111 2819 Filius
2125 2782 2219 2820 enim

1227 2862 1320 2896 511111,
1331 2856 1366 2885 et
1380 2847 1415 2884 in
1429 2855 1573 2899 paterna
1587 2844 1693 2882 domo
1710 2857 1834 2882 manco
1851 2859 1858 2880 :
1876 2843 2024 2881 domum
2043 2852 2148 2881 vocat
2161 2857 2223 2895 po-

1227 2919 1398 2947 testatem.
1420 2910 1513 2946 Nam
1533 2906 1620 2944 alibi
1647 2919 1789 2957 quoque
1809 2904 1959 2942 domum
1980 2904 2096 2942 Patris
2115 2913 2219 2942 vocat

2314 642 2426 671 Peccati

2239 684 2361 710 servitus

2247 726 2425 761 gravissima.

2238 1377 2324 1405 Rom.
2337 1376 2422 1407 323.

2239 1420 2288 1456 24.

2240 1564 2328 1592 Heln.
2345 1563 2372 1592 ,1.
2392 1562 2422 1591 3.

2239 1612 2265 1633 et
2290 1615 2319 1634 2.

1226 2971 1467 3024 principatum
1490 2985 1497 3006 :
1521 2971 1571 3006 In
1598 2969 1710 3005 domo
1740 2969 1874 3005 Patris
1899 2969 1973 3004 mei
2000 2968 2219 3003 mansiones
2231 2967 2416 3003 soum-42·-

1227 3034 1358 3071 multoe
1374 3041 1476 3071 sunt
1496 3033 1588 3070 Nam
1610 3044 1691 3069 cum
1708 3029 1751 3067 de
1771 3029 1934 3067 libertate
1947 3037 1981 3066 ct
1995 3027 2038 3066 de
2051 3027 2220 3067 servitute

1227 3095 1272 3133 sit
1291 3108 1417 3142 sermo,
1432 3095 1513 3147 jure
1533 3093 1600 3130 hac
1622 3106 1706 3129 usus
1723 3101 1773 3129 est
1794 3091 2017 3143 metaphora,
2036 3089 2156 3126 dicens
2171 3089 2217 3125 il-

1179 3169 1203 3198 Β
1226 3156 1279 3194 105
1292 3169 1362 3193 11011
1372 3154 1538 3193 habuisse
1548 3151 1753 3191 dimittendi
1765 3160 1987 3204 potestatem.
2002 3151 2066 3187 56.
2079 3149 2119 3187 Sc
2130 3163 2218 3200 ergo

1228 3218 1356 3256 Filius
1385 3230 1458 3255 vos
1491 3216 1728 3254 liberaverit.
1745 3212 1876 3253 Viden’
1905 3226 1985 3250 eum
2017 3209 2115 3248 Patri
2146 3222 2220 3246 esse

1206 3344 1344 3375 Boisius.
1361 3341 1453 3375 Editi
1478 3349 1510 3374 et
1526 3339 1580 3372 alii
1593 3338 1734 3372 Codices
1747 3342 1795 3371 καὶ
1809 3341 1856 3371 διὰ
1869 3342 1920 3371 τοῦ
1934 3343 2035 3379 νόμου,
2054 3333 2152 3366 male.

1251 3408 1262 3420 ⁹
1289 3403 1326 3440 τῇ
1339 3399 1427 3429 αὐτοῦ
1444 3400 1544 3439 χάριτι
1562 3392 1650 3425 deest
1673 3392 1703 3423 ’111
1719 3387 1930 3433 quibusdam.
