2481 3678
2106 181 2189 236 42¹

1210 270 1387 319 castitate,
1410 270 1552 322 pietate,
1573 270 1623 307 rei
1647 269 1847 308 domesticae
1869 285 1965 309 cura.
1987 272 2070 311 Haec
2084 276 2198 312 inaxi-

1209 346 1265 368 me
1293 331 1475 379 alliciunt,
1499 340 1532 368 et
1556 344 1750 382 numquam
1770 331 1947 369 desinunt.
1969 334 2072 371 Hunc
2099 350 2199 372 orna-

1209 401 1283 430 tum
1303 406 1372 429 non
1392 400 1552 430 senectus
1573 392 1679 431 solvit
1693 423 1702 441 7
1727 407 1796 430 non
1818 393 1964 431 morbus
1982 396 2116 445 aufert;
2139 397 2198 433 sed

1210 453 1367 504 corporis
1386 452 1522 490 cultum
1545 452 1756 490 diuturnum
1778 463 1916 506 tempus
1941 455 2058 492 atterit
2071 486 2081 505 7
2107 470 2200 493 mor-

1208 513 1276 551 bus
1293 514 1490 563 consumit,
1510 514 1649 565 aliaque
1674 515 1786 552 multa
1809 515 1975 567 perdunt.
2001 520 2047 554 At
2074 517 2200 555 animae

1209 575 1299 612 bona
1320 575 1376 613 his
1396 575 1560 613 omnibus
1584 585 1664 613 sunt
1684 577 1878 628 superiora.
1902 577 1966 614 llle
1990 586 2133 615 ornatus
2149 578 2201 615 in—

1209 635 1346 674 vidiam
1376 635 1469 688 parit
1501 645 1533 673 et
1570 636 1808 689 zelotypiam3
1841 637 1901 675 hic
1930 652 2012 677 vero
2038 653 2059 676 a
2078 638 2201 676 morbo

1209 697 1337 748 quovis
1371 706 1403 735 et
1425 711 1444 734 a
1471 711 1562 735 vana
1598 697 1709 748 gloria
1729 698 1820 736 liber
1839 709 1899 737 est.
1928 699 2004 737 Hoc
2026 709 2128 752 pacto
2149 714 2203 737 res

747 193 788 224 tx
827 193 1034 224 JOANNEM
1073 191 1226 222 noun„
1268 190 1356 219 Lxh
1396 174 1455 219 aL
1497 190 1570 219 rx.

125 275 184 327 ρης
204 275 345 330 γίνεται·
370 280 386 316 ὁ
407 277 441 316 δὲ
460 279 521 323 τ’ἦς
552 278 665 328 ψυχης
685 278 761 314 καθ’
791 278 941 322 ἑκάστην
962 278 1055 314 ἀνθεῖ
1074 273 1136 319 τὴν

121 339 268 389 ἡμέραν,
283 339 341 376 καὶ
359 338 498 390 μείζονα
512 336 656 376 ἀνάπτει
671 336 734 383 τὴν
749 336 871 388 φλόγα.
891 336 998 374 Uera
1013 337 1042 373 εἰ
1058 334 1136 385 βού-

120 399 171 435 λει
201 399 298 451 ἀνδρὶ
327 399 505 451 ἀρέσκειν,
538 398 661 449 κόσμει
687 398 749 444 τὴν
778 397 893 449 ψυχὴν
921 395 1138 448 σωφροσύνῃ,

120 460 298 511 εὐλαὸείᾳ,
323 460 519 512 προστασίᾳ
538 459 657 503 οἰκίας.
691 461 815 497 Ταῦτα
835 458 894 496 καὶ
912 459 1043 501 μᾶλλον
1062 471 1139 507 χει-

121 523 251 569 ροῧται,
266 522 325 559 καὶ
339 520 501 559 οὐδέποτε
515 519 675 558 παύεται.
706 522 760 558 Οὐ
773 522 886 571 γ’ῆρας
900 517 1065 555 καταλύει
1080 517 1138 554 τὸν
1162 525 1185 554 Β

119 580 247 631 κόσμον
267 587 384 620 τοῦτον
398 609 407 626 ,
425 582 462 620 οὐ
481 581 578 624 νόσος
600 580 781 619 ἀπόλλυσι.
817 580 887 617 Τὸν
909 577 970 628 μὲν
989 577 1056 629 γὰρ
1079 581 1138 615 τοῦ

118 638 277 689 σώματος
293 640 423 690 κόσμον
439 641 559 692 χρόνος
573 638 680 682 πολὺς
699 638 846 683 ἐξέλυσε,
863 636 923 675 καὶ
935 635 1032 679 νόσος
1051 636 1138 674 ἀνά-

117 701 208 738 λωσε
223 731 232 748 ,
262 701 320 739 καὶ
352 701 453 753 ἕτερα
479 700 640 740 πλείονα·
667 699 710 737 τὰ
730 698 766 737 δὲ
786 701 848 745 τῆς
864 700 978 750 ψυχῆς
997 697 1137 736 πάντων

117 761 210 798 ἐστὶν
239 762 395 814 ἀνώτερα
423 762 563 801 τούτων.
608 763 775 803 Κάκεῖνος
807 759 868 810 μὲν
894 762 911 796 ὁ
931 759 1058 808 κόσμος
1078 758 1138 797 καὶ

117 821 238 872 φθόνον
259 822 332 874 ἔχει
359 823 418 861 καὶ
447 822 657 869 ζηλοτυπίαν
685 821 851 858 ἀνάπτει·
879 815 976 863 οὗτος
998 819 1034 859 δὲ
1068 836 1135 859 κα-

118 883 219 934 θαρός
241 886 314 921 ἐστι
333 883 528 934 νοσήματος
542 914 551 931 ,
578 883 636 920 καὶ
654 882 770 928 πάσης
793 882 1018 929 ἀπήλλακται
1040 898 1137 920 κενο-

271 943 376 981 Οὕτω
406 943 464 982 καὶ
493 943 537 981 τὰ
568 943 660 981 κατὰ
683 942 746 990 τὴν
781 942 892 981 οἰκίαν
923 942 1138 995 εὐκολώτερα

1208 760 1400 798 domestica
1441 761 1578 798 facilior
1613 761 1677 800 crit
1689 792 1700 811 7
1737 771 1769 799 et
1808 772 2001 814 proventus
2034 763 2176 801 uberior
2190 793 2202 813 7

1207 822 1350 873 quando
1365 837 1491 860 aurum
1504 836 1573 860 non
1589 824 1726 876 corpori
1742 833 1803 862 tuo
1815 825 2106 877 circumpositum
2117 826 2182 863 erit
2190 857 2201 877 7

1209 898 1271 922 nec
1291 899 1416 922 manus
1446 884 1594 935 ligabit;
1616 885 1678 922 sed
1698 900 1763 938 pro
1789 887 1994 924 necessariis
2029 888 2203 940 expende-

1208 953 1267 983 tur
1286 946 1410 984 usibus
1432 962 1439 982 :
1461 955 1500 983 ut
1528 946 1564 984 in
1586 947 1706 984 cibum
1727 962 1934 997 servorum,
1956 949 2114 986 filiorum
2143 963 2202 986 cu-

121 942 187 956 ἣν]

117 953 239 986 οοςιας.

116 1004 225 1050 ἔσται,
255 1005 314 1043 καὶ
340 1009 361 1052 ἡ
382 1005 548 1057 πρόσοδος
577 1005 653 1056 μετ’
673 1004 876 1057 εὐμαρείας,
897 1004 979 1042 ὅταν
998 1004 1036 1043 τὸ
1055 1020 1139 1056 χρυ·
1208 1022 1283 1046 ram
1324 1010 1554 1047 necessariam
1571 1040 1583 1060 7
1620 1010 1760 1061 aliaque
1794 1011 1924 1049 rationi
1959 1021 2200 1049 consentanea.

1211 1070 1381 1121 Alioquin
1402 1071 1431 1109 si
1453 1072 1528 1110 haec
1546 1073 1579 1110 in
1596 1073 1724 1110 luxum
1745 1082 2018 1125 praeponantur7
2040 1073 2127 1111 dum
2143 1089 2202 1112 cor
2297 1087 2409 1115 comm<

1207 1131 1371 1182 angitur,
1389 1132 1483 1183 quod
1499 1133 1666 1171 lucrum?
1679 1148 1758 1184 quae
1777 1134 1939 1172 utilitas?
1956 1136 2112 1172 Tantum
2127 1136 2201 1173 cul·
2215 1129 2322 1198 {1¹0erss
2335 1140 2403 1156 ‘W‘

906 1060 926 1068 ιν

116 1065 187 1104 σίον
210 1065 257 1115 μὴ
282 1068 332 1118 τῷ
350 1065 490 1116 σώματι
508 1068 558 1118 τῷ
576 1069 629 1118 σῷ
645 1066 885 1118 περικείμενον
903 1069 924 1117 ᾐ
940 1096 949 1113 ,
970 1065 1058 1115 μηδὲ
1077 1065 1138 1109 τὰς

114 1133 232 1179 χεῖρας
273 1128 418 1178 δεσμοῦν
432 1157 442 1175 ,
479 1127 556 1165 ἀλλ’
599 1130 646 1170 εἰς
685 1126 876 1178 ἀναγκαίας
913 1126 1136 1179 1’παραχωρῇ

114 1188 251 1239 χρείας·
271 1183 353 1235 οἷον,
375 1191 422 1232 εἰς
441 1187 628 1241 διατροφὴν
647 1190 806 1235 οἰκετῶν,
828 1189 887 1226 καί
906 1188 1041 1226 παίδων
1062 1191 1138 1227 ἐπι-

116 1249 257 1298 μέλειαν
278 1249 490 1300 ἀναγκαίαν,
511 1249 569 1287 καὶ
590 1249 709 1301 ἑτέρας
733 1248 913 1301 χρειώδεις
936 1249 1138 1302 προφάσεις.

113 1308 173 1347 ’Ἂν
195 1309 229 1348 δὲ
251 1310 298 1361 μὴ
319 1313 431 1348 ταῦτα
450 1305 485 1362 ᾗ,
506 1310 711 1362 περικέηται
728 1312 762 1348 δὲ
779 1310 889 1347 εαύτὰ
905 1312 948 1360 τῇ
970 1311 1058 1361 ὄψει,
1079 1310 1139 1347 καὶ

113 1374 133 1416 ἦ
150 1371 275 1424 καρδία
293 1374 566 1424 στενοχωρῆται,
584 1371 618 1408 τί
633 1372 672 1409 τὸ
687 1370 818 1422 κέρδος,
834 1377 931 1409 ποῖον
946 1371 985 1409 τὸ
1001 1371 1138 1423 ὄφελος,

114 1433 190 1468 Οὐκ
211 1431 332 1483 ἀφίησι
361 1431 400 1469 τὸ
429 1432 556 1478 ταύτης
575 1435 692 1482 θαῦμα
711 1434 855 1483 ὀφθῆναι
876 1431 988 1478 ἐκείνη
1010 1433 1138 1469 λυπου-

114 1492 215 1541 μένη.
256 1491 351 1529 Ἴστε
369 1493 456 1544 γὰρ,
477 1492 551 1530 ἴστε
573 1492 637 1540 ὅτι,
655 1493 718 1530 κᾶν
739 1492 846 1539 αὐτὴν
864 1496 987 1531 πασῶν
1012 1493 1139 1544 εὐπρε-

112 1553 288 1599 πεστάτην
320 1552 374 1605 ἴδῃ
394 1569 446 1597 τις
465 1559 635 1606 γυναῖκα,
663 1556 700 1592 οὐ
723 1554 864 1592 δύναται
888 1553 1078 1605 τέρπεσθαι
1102 1557 1137 1592 ἐν

112 1613 308 1666 ὀδυνιι)με’νῃ
343 1617 385 1665 τῇ
416 1617 510 1666 ψυγῇ
529 1630 536 1637 ·
568 1615 625 1653 τὸν
654 1615 721 1667 γὰρ
745 1614 917 1665 μέλλοντα
936 1614 1137 1667 τέρπεσθαι,

112 1674 246 1727 χαίρειν
278 1676 328 1713 δεῖ
355 1674 521 1728 πρότερον
545 1675 603 1713 καὶ
629 1676 855 1728 ἀγάλλεσθαι.
895 1677 968 1714 Τοῦ
992 1675 1137 1728 χρυσίου

114 1735 148 1772 δὲ
168 1737 294 1779 παντὸς
315 1736 574 1788 σεσωρευμένου
595 1740 641 1782 εἰς
663 1738 720 1776 τὸν
743 1737 874 1790 κόσμον
894 1742 954 1776 τοῦ
975 1737 1136 1788 σώματος

112 1799 171 1834 τοῦ
191 1797 407 1848 γυναικείου,
431 1798 489 1835 καὶ
509 1799 741 1851 στενοχωρίας
761 1798 866 1846 οὔσης
886 1799 977 1836 κατὰ
996 1798 1059 1845 τὴν
1082 1801 1136 1837 οἶ-

112 1857 191 1895 κίαν
207 1886 216 1903 ,
246 1858 390 1909 οὐδεμία
408 1858 527 1911 τέρψις
548 1859 622 1897 ἐστὶ
641 1863 691 1912 τῷ
712 1863 940 1898 συνοικοῦντι.
976 1858 1089 1897 ζΏστε
1109 1863 1137 1898 εἷ

113 1920 308 1971 βουλόμεθα
332 1919 490 1971 ἀρέσκειν
512 1926 581 1964 τοῖς
612 1921 775 1973 ἀνδράσιν
794 1951 802 1967 ,
833 1923 867 1959 ἐν
888 1922 994 1972 ἡδονῇ
1017 1920 1137 1964 αὐτοὺς

112 1981 399 2032 καταστήσομεν·
426 1984 461 2020 ἐν
489 1984 594 2033 ἡδονῇ
617 1982 651 2020 δὲ
669 1982 936 2033 καταστήσομεν
952 2011 961 2029 ,
982 1982 1022 2020 ἂν
1042 1998 1137 2034 περι-

112 2042 242 2092 έλωμεν
271 2044 328 2082 τὸν
351 2042 481 2094 κόσμον
511 2044 569 2081 καὶ
598 2043 676 2088 τοὺς
696 2043 977 2094 καλλωπισμούς.
1014 2046 1137 2082 Ταῦτα

110 2104 178 2156 γὰρ
203 2105 342 2143 ἅπαντα
362 2107 446 2157 παρ’
470 2104 570 2143 αὐτὸν
592 2108 653 2152 τῆς
672 2105 923 2158 νυμφαγωγίας
942 2106 999 2144 τὸν
1017 2106 1135 2157 καιρὸν

109 2164 201 2217 ἔχειν
222 2167 300 2206 τινὰ
320 2167 438 2220 τέρψιν
459 2168 572 2205 δοκεῖ·
596 2167 737 2219 ὕστερον
755 2166 791 2205 δὲ
810 2170 859 2219 τῷ
874 2165 989 2220 χρόνῳ
1005 2168 1134 2219 μαραί-

107 2241 214 2264 νεται.
250 2229 294 2265 Εἰ
313 2227 380 2279 γὰρ
399 2228 456 2266 τὸν
474 2228 614 2279 οὐρανὸν
636 2228 726 2266 οὕτω
746 2227 851 2266 καλὸν
872 2229 954 2266 ὄντα
970 2244 983 2276 ,·
998 2229 1057 2266 καὶ
1077 2228 1135 2266 τὸν

107 2288 203 2334 ἥλιον
231 2289 319 2327 οὕτω
347 2290 533 2341 λαμπρὸν,
562 2283 600 2327 οῧ
627 2293 730 2341 σῶμα
760 2290 855 2328 οὐδὲν
883 2289 922 2327 ἂν
951 2290 1042 2341 ἔχοις
1061 2290 1133 2328 ἴσον

105 2353 227 2397 εἰπεῖν,
262 2354 326 2403 οὐχ
353 2351 479 2401 ὁμοίως
511 2351 733 2403 θαυμάζομεν
758 2351 814 2389 διὰ
845 2351 909 2398 τὴν
939 2351 1134 2397 συνήθειαν·

104 2416 179 2455 πῶς
214 2416 317 2463 σῶμα
355 2412 688 2464 κεκαλλωπισμένον
724 2413 968 2463 θαυμάσομεν,
1008 2414 1132 2450 Ταῦτα

106 2473 219 2524 λέγω,
250 2474 456 2524 βουλόμενος
487 2477 577 2524 ὑμᾶς
608 2477 813 2524 κοσμεῖσθαι
840 2474 897 2511 τὸν
918 2474 1049 2524 κόσμον
1073 2474 1131 2512 τὸν

106 2537 184 2586 ὑγιῆ
198 2564 208 2581 7
233 2534 268 2572 ὃν
286 2538 303 2572 ὃ
326 2536 469 2577 Παῦλος
496 2534 641 2578 ἐπέταξε
655 2550 662 2558 ·
689 2535 751 2581 Μὴ
771 2534 931 2586 χρυσῷἢ
952 2535 1130 2586 μαργαρί-

102 2612 196 2642 ταις,
227 2595 248 2640 ἢ
268 2598 451 2648 ἱματισμῷ
469 2597 652 2634 πολυτελεῖ
667 2626 676 2641 7
699 2598 774 2634 ἀλλ’
796 2596 813 2633 ὃ
833 2595 961 2646 πρέπει
979 2596 1130 2647 γυναιξὶν

103 2655 423 2708 ἐπαγγελλομέναις
441 2657 636 2695 θεοσέὸειαν
657 2657 701 2694 δι’
717 2656 825 2708 ἔργων
845 2658 995 2707 ἀγαθῶν.
1027 2656 1131 2694 Ἀλλὰ

103 2725 172 2762 τοῖς
189 2718 253 2762 ἔξω
270 2717 429 2770 ἀρέσκειν
448 2718 574 2769 βούλει,
592 2718 651 2756 καὶ
667 2721 882 2756 ἐπαινεῖσθαι
898 2719 981 2768 παρ’
1000 2719 1129 2764 αὖτῶν;

103 2780 275 2818 Μάλιστα
294 2779 357 2829 μὲν
374 2773 430 2818 οῧν
447 2781 484 2817 οὐ
503 2779 677 2832 σώφρονος
692 2779 853 2830 γυναικὸς
869 2782 886 2816 ὁ
902 2779 1005 2821 πόθος
1021 2773 1127 2820 οἶτος.

102 2839 202 2886 Πλὴν
239 2842 267 2877 εἷ
299 2840 433 2890 βούλει,
468 2840 526 2878 καὶ
558 2840 698 2883 τούτους
730 2839 837 2882 οὕτως
865 2839 1012 2882 ἐραστὰς
1044 2838 1130 2882 ἔξεις

104 2899 269 2953 σφοδροὺς
294 2902 353 2938 καὶ
382 2905 444 2948 τῆς
477 2901 702 2953 σωφροσύνης
725 2899 920 2943 ἐπαινέτας.
968 2899 1128 2944 Ἐκείνην

104 2960 166 3011 μὲν
183 2960 250 3012 γὰρ
269 2961 375 3004 οὐδεὶς
391 2961 612 3000 ἐπαινέσεται
627 2962 782 3008 ἐπιεικὴς
796 2961 855 2999 καὶ
870 2961 1021 3013 μέτριος,
1038 2961 1128 2998 ἀλλὰ

103 3022 293 3060 ἀκόλαστοι
312 3022 371 3059 καὶ
390 3022 511 3073 λάγνοι
524 3039 531 3046 ·
553 3025 687 3073 μᾶλλον
706 3023 754 3070 δὲ,
775 3023 851 3060 οὐῗὲ
870 3016 962 3060 οὗτοι
983 3020 1125 3059 ἐπαινέ-

103 3098 234 3129 σονται,
256 3082 346 3120 ἀλλὰ
362 3083 420 3120 καὶ
441 3087 558 3127 κακῶς
577 3087 709 3136 ἐροῦσιν
721 3114 729 3130 ,
752 3083 1047 3136 ἀναπτερούμενοι
1065 3082 1127 3125 τὰς

99 3144 196 3196 ὄψεις
222 3145 288 3183 ὑπὸ
315 3147 377 3190 τῆς
396 3145 475 3197 περὶ
494 3144 557 3192 τὴν
578 3151 724 3197 γυναῖκα
746 3144 914 3187 ἀσωτίας·
934 3143 1064 3191 ταύτην
1090 3143 1126 3182 δὲ

101 3207 254 3244 κάκεῖνοι
275 3205 334 3243 καὶ
352 3199 460 3254 οὗτοι,
480 3205 540 3244 καὶ
559 3206 685 3250 πάντες
705 3205 949 3255 ἀποδέξονται,
978 3204 1038 3243 ἅτε
1059 3220 1126 3256 μη-

145 3331 160 3353 l’
185 3329 326 3368 Quidam
345 3341 501 3378 προχωρῇ.

144 3392 155 3406 ⁰
181 3382 303 3424 [κᾷτά-ἡ
320 3388 382 3427 ὄψις
399 3384 500 3418 Savil.
520 3393 553 3418 et
581 3385 665 3418 Cod,
691 3387 764 3417 705.
789 3386 944 3419 Similiter
976 3394 1007 3419 et
1033 3385 1114 3419 aiter

1208 1203 1285 1231 tum
1315 1209 1383 1232 non
1403 1196 1487 1234 sinit
1515 1196 1616 1235 dolor
1644 1197 1810 1249 aspicere.
1845 1198 1952 1236 Scitis
1971 1199 2085 1248 enim,
2106 1199 2202 1237 scitis

1208 1255 1331 1305 utique
1342 1286 1354 1306 7
1377 1257 1473 1307 quod
1494 1257 1523 1295 si
1539 1258 1618 1309 quis
1638 1258 1825 1297 mulierem
1845 1259 2004 1296 omnium
2021 1260 2202 1298 ornatissi-

1164 1321 1187 1350 C
1210 1330 1307 1353 mam
1325 1316 1463 1367 videat,
1484 1318 1652 1356 delectari
1672 1333 1741 1356 non
1758 1328 1886 1371 potest,
1908 1320 1936 1357 si
1956 1320 2097 1358 animus
2111 1321 2203 1360 sitin

1211 1390 1380 1426 moerore7·
1405 1378 1467 1427 qui
1487 1379 1581 1416 enim
1600 1380 1678 1418 vult
1697 1379 1862 1417 delectari
1875 1411 1885 1428 7
1900 1381 2023 1418 hilaris
2040 1382 2084 1419 sit
2100 1396 2203 1434 opor-

1208 1446 1268 1475 tet.
1292 1439 1331 1476 Si
1357 1449 1476 1477 autem
1493 1455 1621 1478 aurum
1638 1450 1752 1479 totum
1780 1442 1825 1479 ad
1851 1443 2049 1480 ornandum
2082 1445 2204 1483 uxoris

1209 1512 1338 1550 corpus
1361 1500 1560 1538 insumtum
1580 1511 1652 1550 est,
1674 1503 1709 1539 in
1743 1503 1906 1553 angustia
1939 1504 1989 1541 rei
2017 1505 2203 1543 familiaris

1208 1560 1306 1597 nulla
1337 1570 1451 1612 potest
1489 1576 1562 1600 esse
1592 1563 1669 1600 heri
1697 1563 1873 1616 voluptas.
1911 1565 2137 1618 Quapropter
2174 1568 2202 1605 si

1210 1621 1317 1660 vultis
1333 1621 1472 1673 placere
1488 1623 1578 1661 viris
1589 1654 1601 1673 7
1621 1623 1754 1662 dabitis
1788 1625 1964 1678 voluptati
1983 1627 2101 1664 locum
2120 1627 2204 1665 :da-

1206 1680 1293 1720 bitis
1324 1697 1444 1734 porro,
1466 1684 1495 1721 si
1516 1684 1623 1722 talem
1639 1685 1777 1722 cultum
1805 1695 1838 1724 et
1868 1696 2033 1725 ornatum
2060 1688 2202 1726 tollatis·

1208 1743 1293 1781 Haec
1309 1744 1442 1797 quippe
1467 1745 1585 1784 omnia
1610 1747 1830 1798 sponsalium
1849 1757 2006 1801 tempore
2025 1749 2205 1800 quandam

1208 1803 1375 1843 Videntur
1392 1806 1521 1844 habere
1546 1807 1790 1859 voluptatem5
1812 1808 2029 1860 demumque
2049 1820 2206 1863 tempore

1208 1877 1440 1905 marcescunt.
1455 1868 1493 1906 Si
1511 1869 1606 1906 enim
1624 1869 1750 1907 caelum
1766 1880 1839 1909 tam
1860 1872 2073 1924 pulchrum,
2096 1874 2204 1911 solem

1208 1935 1282 1964 tam
1306 1928 1557 1979 splendidum,
1578 1930 1636 1967 cui
1656 1931 1796 1969 nullum
1815 1947 1880 1984 par
1905 1947 1978 1971 esse
1997 1948 2124 1986 corpus
2144 1934 2203 1971 di-

1210 1988 1324 2037 xeris,
1340 1990 1385 2027 ob
1400 1991 1692 2029 consuetudjnem
1708 2006 1776 2030 non
1792 2008 1903 2044 usque
1915 1995 2002 2033 adeo
2017 1996 2202 2045 miramur,

1208 2050 1387 2100 quomodo
1414 2062 1582 2090 ornatum
1612 2068 1740 2106 corpus
1771 2055 1831 2092 diu
1862 2056 2103 2095 mirabimur?
2127 2058 2202 2096 Hoc

1208 2113 1300 2164 dieo,
1321 2114 1417 2165 quod
1445 2116 1554 2155 velim
1578 2130 1642 2155 vos
1672 2118 1787 2155 ornari
1819 2133 1902 2158 vero
1940 2120 2060 2171 cultu,
2095 2136 2201 2172 quem

1162 2057 1186 2086 D

1208 2175 1341 2214 Paulus
1361 2178 1530 2230 praecepit
1547 2194 1554 2214 :
1569 2180 1659 2216 Non
1680 2194 1774 2217 auro
1799 2189 1834 2218 et
1864 2185 2107 2233 margaritis,
2132 2192 2200 2221 aut
2220 2197 2247 2216 1-
2272 2189 2350 2217 Tim·
2394 2212 2398 2216 ι

2213 2238 2244 2268 9.
2281 2236 2320 2257 (²1.
2352 2238 2399 2259 10,

1207 2246 1314 2276 ‘veste
1330 2242 1501 2291 pretiosa
1516 2270 1527 2290 7
1550 2241 1618 2278 sed
1638 2243 1744 2294 quod
1761 2243 1867 2280 decet
1890 2245 2090 2291 mulieres,
2111 2260 2199 2296 pro-

1207 2302 1400 2338 mittentes
1419 2304 1601 2352 pietatem
1615 2317 1685 2353 per
1703 2316 1817 2354 opera
1839 2307 1952 2342 bona.
1973 2305 2045 2343 Sed
2064 2306 2118 2344 vis
2140 2322 2199 2344 ex-

1205 2361 1313 2399 ternis
1330 2362 1468 2413 placere
1481 2392 1490 2409 7
1515 2363 1560 2399 ab
1575 2362 1688 2413 iisque
1702 2364 1869 2402 laudari?
1888 2367 1989 2403 Certe
2012 2382 2079 2405 non
2098 2378 2199 2406 caslae

1204 2424 1364 2462 mulieris
1397 2434 1448 2462 est
1475 2416 1704 2464 desider-iuni.
1737 2430 1783 2464 At
1811 2429 1840 2465 si
1861 2429 1972 2479 vclis7
1995 2431 2102 2468 etiam
2118 2432 2198 2470 illos

1204 2484 1353 2522 liahebis
1373 2495 1405 2523 et
1426 2495 1599 2524 amatores
1620 2496 1652 2524 et
1677 2487 1849 2525 castitatis
1868 2489 2078 2529 laudatores.
2094 2492 2199 2531 Illam

1204 2546 1298 2583 enim
1316 2547 1422 2584 talem
1445 2547 1631 2584 mulierem
1652 2562 1755 2585 nemo
1775 2563 1895 2599 aequus
1909 2552 2099 2590 aestimator
2116 2554 2198 2591 lau-

1202 2607 1322 2657 dabit,
1344 2607 1404 2645 sed
1428 2608 1553 2647 lascivi
1571 2617 1708 2646 tantum
1725 2619 1757 2646 et
1773 2611 1898 2648 molles
1918 2612 2100 2664 homines3
2124 2615 2196 2653 imo

1203 2682 1244 2705 ne
1258 2668 1295 2705 hi
1313 2668 1457 2719 quidem
1471 2669 1679 2718 laudabunt,
1696 2670 1757 2708 sed
1789 2672 1844 2709 illi
1864 2673 2088 2725 maledicent,
2107 2691 2189 2715 cum

1202 2730 1361 2768 mulieris
1393 2731 1579 2769 lasciviam
1611 2732 1844 2771 intuebuntur
1876 2750 1883 2770 :
1924 2737 2071 2787 probam
2112 2754 2196 2778 vero

1154 2793 1176 2822 Ε
1202 2795 1292 2833 lianc
1314 2795 1500 2833 mulierem
1524 2805 1556 2834 et
1576 2796 1613 2833 hi
1634 2806 1666 2834 et
1694 2798 1746 2835 illi
1769 2812 1959 2851 omnesque
1974 2802 2194 2853 laudabunt3

1201 2865 1332 2918 quippe
1346 2865 1407 2916 qui
1427 2866 1517 2903 nihil
1537 2866 1582 2903 ab
1598 2866 1660 2904 illa
1679 2868 1764 2905 mali
1782 2871 2002 2922 acceperint7
2031 2873 2093 2910 sed
2113 2875 2195 2926 phi-

1200 2932 1370 2985 losophiae
1402 2932 1599 2970 doctrinam
1622 2949 1629 2970 ε
1653 2948 1779 2986 magna
1809 2937 1906 2988 apud
1926 2937 2085 2977 homines
2118 2941 2196 2979 laus

1200 2999 1314 3037 aderit
1329 3029 1341 3049 7
1373 3013 1500 3050 magna
1531 3000 1628 3052 apud
1659 3002 1777 3040 Deum
1803 3017 1944 3042 merces.
1979 3006 2083 3044 Hunc
2111 3022 2194 3059 ergo

1200 3081 1397 3118 quaeramus
1417 3076 1608 3116 ornatum,
1632 3077 1669 3105 ut
1689 3069 1796 3107 ethic
1815 3085 1896 3108 cum
1909 3071 2073 3111 libertate
2092 3074 2191 3113 Viva-

1200 3149 1279 3173 mus
1290 3165 1302 3186 7
1321 3144 1354 3172 et
1370 3136 1487 3172 futura
1503 3149 1760 3186 consequamur
1775 3137 1866 3175 bona
1881 3155 1887 3174 :
1900 3154 1977 3189 quae
1993 3155 2055 3178 nos
2072 3156 2192 3180 omncs

1199 3205 1340 3256 assequi
1371 3205 1569 3258 contingat,
1599 3206 1711 3258 gratia
1739 3215 1772 3244 et
1800 3207 2020 3259 benignitate
2045 3211 2189 3249 Domini

1179 3332 1264 3367 cod.
1290 3335 1366 3376 709,
1388 3331 1446 3366 sed
1472 3341 1506 3366 ut
1525 3334 1607 3367 solet
1626 3346 1701 3367 cum
1728 3334 1892 3368 iotacismi
1911 3335 2009 3377 vitiis,
2028 3342 2190 3383 nephar-:22

1182 3389 1212 3420 ἶιὲ
1231 3390 1306 3420 κᾶτα
1319 3392 1335 3425 ἡ
1357 3388 1463 3431 Spem]
