2481 3678
683 153 722 181 IN
761 153 970 182 JOANNEM
1007 151 1158 181 uouit„

1197 152 1334 180 Lxxv.
1372 138 1432 182 ai.
1472 155 1624 185 Lxxlv,
2104 142 2190 202 507

116 233 213 271 οὐδὲν
241 233 331 285 αέγα
358 232 434 272 οὐδὲ
457 233 588 285 ὑψηλὸν
611 233 814 280 δυνήσονται
836 235 993 272 συνιδεῖν.
1015 234 1137 270 Ταῦτα
1151 240 1329 281 443turum
1343 246 1425 270 esse.
1450 234 1586 271 Deinde
1599 249 1641 272 ne
1659 237 1853 283 tristentur,
1873 238 1922 275 ait
1937 255 1942 274 :
1957 241 2076 276 Donec
2097 239 2193 290 apud

179 265 193 273 ν
240 272 246 284 ί

116 297 151 333 δὲ
171 296 264 348 λέγει
283 295 556 349 παρασκευάζων
583 294 704 339 αὐτοὺς
724 295 888 347 γενναίως
907 297 1055 346 ἐνεγκεῖν
1077 295 1136 331 αὐ·

115 360 175 394 τοῦ
204 356 267 402 τὴν
301 355 540 409 ἀναχώρησιν,
568 359 614 399 ὡς
647 357 806 408 μεγάλων
837 356 950 394 αἰτίαν
973 353 1139 404 ἐσομένην

116 419 229 460 αὐτοῖς
261 419 409 467 ἀγαθῶν.
438 418 601 468 Συνεχῶς
627 417 662 454 δὲ
686 417 920 468 Παράκλητον
942 417 1063 478 καλεῖ,
1085 412 1140 451 διὰ

114 478 176 522 τὰς
208 478 418 530 συνεχούσας
440 477 563 521 αὐτοὺς
590 477 667 516 τότε
696 478 837 530 θλίψεις.
863 476 965 515 Ἐπεὶ
994 479 1050 513 οὖν
1083 473 1142 511 καὶ

115 543 228 578 ταῦτα
263 539 444 582 ἀκούοντες
479 538 708 591 ἐταράττοντο
742 541 932 580 ἐννοοῦντες
961 535 1023 580 τὰς
1053 538 1142 573 ἐπα-

114 599 254 652 χθείας,
279 598 358 644 τοὺς
381 599 573 651 πολέμους,
593 599 655 646 τὴν
677 598 902 651 ἀναχώρησιν
922 597 984 644 τὴν
1016 598 1140 641 αὐτοῦ,

115 660 180 712 ὅρα
209 664 283 704 πῶς
310 660 432 704 αὐτοὺς
453 660 682 699 καταστέλλει
703 659 807 697 πάλιν
831 658 962 709 λέγων·
986 657 1140 708 Εἰρήνην

115 721 244 773 ἀφίημι
264 724 356 772 ὑμῖν·
379 721 561 773 μονονουχὶ
580 721 703 772 λέγων,
723 719 758 757 τί
781 718 976 770 βλάπτεσθε
993 718 1062 756 ἀπὸ
1079 720 1141 764 τῆς

113 788 173 822 τοῦ
189 783 320 834 κόσμου
339 786 515 835 ταραχῆς,
534 781 597 825 ἕως
619 781 659 819 ἂν
681 780 878 834 εἷρηνεύητε
897 778 982 832 πρός
1003 795 1068 830 με,
1087 780 1140 817 Οὐ

114 844 182 896 γὰρ
209 844 351 891 τοιαύτη
380 843 467 890 αὕτη
487 847 508 890 ἡ
529 842 662 894 εἰρήνη.
681 841 727 879 Ἥ
752 840 813 892 μὲν
834 840 901 894 γὰρ
924 840 1059 888 ἔξωθεν,
1082 840 1141 879 καὶ

115 905 173 943 ἐπὶ
198 908 296 957 κακῷ
317 905 448 957 γίνεται
476 903 644 946 πολλάκις
673 902 732 940 καὶ
760 901 942 949 ἀνόνητος,
976 901 1035 939 καὶ
1064 900 1141 944 τοὺς

114 966 256 1018 ἔγοντας
288 965 383 1004 οὐδὲν
416 964 615 1017 ὠφέλησεν·
649 962 717 1015 ἐγὼ
750 963 785 1001 δὲ
819 963 945 1013 δίδωμι
965 962 1141 1010 τοιαύτην,

114 1012 205 1065 ὥστε
237 1029 312 1078 μεϊ7
335 1026 496 1073 ἀλληλων
518 1024 715 1102 εἰρηνεύειν,
744 1024 828 1078 ὅπερ
847 1028 937 1076 ὑιιας
960 1024 1142 1077 ἰσχυροτέ-

117 1105 191 1142 ρους
210 1094 312 1127 ποιεῖ.
329 1088 420 1126 Ἀλλ’
445 1086 564 1133 ἐπειοὴ
594 1086 699 1124 πάλιν
725 1102 832 1134 ειπεν,
862 1085 1028 1138 Ἀφίημι,
1057 1084 1143 1161 σ’περ

114 1155 156 1197 ἦν
180 1153 438 1202 ἀναχωρουντος
453 1179 462 1196 ,
493 1164 552 1186 και
571 1148 688 1186 ικανὸν
710 1152 751 1194 ἠν
773 1163 894 1189 αυτους
912 1152 1065 1199 συγχεῖν,
1086 1146 1142 1184 διὰ

114 1215 215 1250 τοῦτο
233 1212 339 1249 πάλιν
361 1210 469 1262 φησί·
502 1209 563 1256 Μὴ
584 1208 846 1261 ταρασσέσθω
834 1225 930 1259 υυων
953 1212 974 1254 ἡ
996 1208 1142 1261 καρδία,

116 1271 204 1322 μηοε
225 1272 400 1310 δειλιάτω.
417 1271 557 1323 Ορας
544 1269 597 1308 ότι
615 1270 658 1308 τὰ
680 1286 741 1321 μεν

114 1351 158 1372 Ἔα
189 1351 224 1372 ΟΞ
243 1350 310 1371 uno
329 1332 486 1376 ΟΞιλίας
476 1332 654 1383 έπασγΟν·
647 1361 656 1378 ,
672 1331 900 1369 onuswce
887 1347 940 1369 ott
959 1346 1026 1382 Εγω
1047 1335 1141 1368 3i‘rtov

764 1270 859 1308 abab
875 1268 1117 1321 φιλοστοργίας
1133 1300 1142 1317 ,

114 1397 208 1446 υμῖν,
224 1395 277 1434 ο’τι
293 1394 416 1445 ὑπάγω
445 1409 530 1444 προς
551 1410 607 1431 τον
624 1392 792 1445 Πατέρα,
817 1408 876 1429 και
893 1392 1042 1443 ἔρχομαι
1058 1393 1143 1445 πρὸς

113 1459 218 1507 ὑμᾶς.
239 1458 282 1494 Εἰ
296 1454 459 1507 ἠγαπᾶτέ
476 1471 537 1505 με,
557 1454 707 1506 ἐχάρητε
728 1453 766 1490 ἂν
785 1453 836 1490 ὅτι
851 1453 1043 1505 πορεύομαι
1058 1455 1144 1507 πρὸς

112 1518 169 1555 τὸν
190 1516 356 1569 Πατέρα,
385 1515 438 1554 ὅτι
466 1518 483 1553 ὃ
516 1514 642 1566 Πατὴρ
676 1513 800 1564 μείζων
836 1514 900 1563 μού
929 1517 1033 1553 ἐστιν.
1067 1516 1142 1554 Καὶ

111 1578 214 1617 ποίαν
230 1584 330 1617 τοῦτο
352 1579 465 1621 αὐτοῖς
489 1575 603 1630 χαρὰν
631 1575 743 1627 φέρειν
775 1575 937 1627 ἔμελλεν,
958 1576 1059 1615 ποίαν
1079 1593 1142 1615 πα-

115 1639 306 1691 ραμυθίαν;

167 1769 215 1808 Τί
236 1773 293 1806 οὖν
313 1784 386 1807 εστι
400 1769 439 1807 τὸ
456 1768 653 1844 εἰρημένον,
672 1768 864 1808 Οὗοέπω”
842 1785 969 1821 ῃοεσαν
988 1769 1069 1823 περὶ
1082 1785 1144 1816 της

114 1831 357 1878 ἀναστάσεως,
376 1829 452 1868 οὐδε
472 1830 546 1867 οἵαν
563 1833 669 1882 ἐχρην
689 1831 769 1885 περὶ
794 1847 897 1869 αυτου
915 1830 1014 1875 δόξαν
1036 1835 1142 1883 εἰχον·

111 1894 208 1939 (πως
226 1891 314 1945 γὰρ,
334 1895 364 1930 οἱ
381 1890 506 1942 μηδὲ“
485 1908 539 1930 οτι
564 1891 798 1937 ἀναστήσεται
830 1892 973 1940 εἷδότες;
993 1896 1004 1939 )
1024 1909 1081 1931 τον
1107 1893 1141 1930 οὲ

111 1954 255 2006 Πατέρα
277 1953 385 2004 μέγαν
403 1946 491 1990 εἶναι
520 1953 686 2003 ἐνόμιζον.
716 1953 821 2005 Λέγει
847 1948 917 2002 οὖν,
946 1954 1000 1992 ὅτι
1023 1956 1052 1992 εἰ
1082 1955 1140 1992 καὶ

109 2016 190 2068 περὶ
210 2018 292 2066 ἐμοῦ
309 2014 485 2053 δεδοίκατε
505 2017 551 2058 ὡς
570 2017 632 2052 οὐκ
652 2017 835 2068 ἀρκοῦντος
853 2014 1030 2067 ι’ἐμαυτοῦ
1051 2033 1138 2069 προ-

109 2080 252 2123 στῆναι,
287 2075 363 2113 οὐδὲ
398 2077 556 2127 θαρρεῖτε
583 2075 637 2114 ὅτι
667 2077 755 2126 μετὰ
783 2077 840 2114 τὸν
862 2077 1007 2129 σταυρὸν
1031 2078 1137 2116 πάλιν

108 2140 200 2188 ὑμᾶς
219 2138 367 2190 ὄψομαι·
398 2136 488 2174 ἀλλὰ
511 2136 718 2181 ἀκούσαντες
738 2136 791 2175 ὅτι
811 2138 896 2191 πρὸς
914 2139 971 2176 τὸν
992 2139 1138 2191 Πατέρα

109 2198 331 2250 ἀπέρχομαι,
346 2198 414 2236 ἔδει
432 2197 568 2252 χαίρειν
587 2199 720 2245 λοιπὸν,
741 2199 793 2237 ὅτι
815 2200 900 2252 πρὸς
919 2200 976 2238 τὸν
998 2201 1136 2252 μείζονα

1015 2262 1059 2300 ‘l
1062 2270 1136 2314 ιιεῖς

105 2319 294 2368 ἠκούσατε,
314 2320 367 2358 ὅτι
395 2320 463 2372 ἐγω
496 2324 592 2358 εἷπον
612 2323 706 2371 ὑμῖν
727 2321 831 2359 Διατί
850 2328 949 2361 τοῦτο
969 2323 1137 2371 τέθεικεν,

107 2260 249 2310 ἄπειμι,
268 2275 327 2297 και
353 2274 495 2298 Ουνατῡν
518 2275 633 2298 wavra
664 2272 768 2298 Λυσαῑ
799 2260 843 2298 Τὰ
881 2262 987 2299 Οἰῑνα.

105 2380 192 2419 “Ort
211 2380 301 2419 οὕτω
322 2380 454 2434 σφόορα
475 2383 610 2434 θαρρω,
640 2381 745 2433 φησὶ,
765 2389 836 2426 τοῖς
855 2383 1069 2435 γινομένοις,
1090 2389 1136 2430 ὡς

106 2443 165 2480 καὶ
194 2449 392 2494 προειπεῖν·
425 2441 531 2484 οὕτως
562 2444 599 2479 οὐ
635 2442 785 2481 δέδοικα,
822 2445 936 2482 Τοῦτο
968 2449 1048 2496 γοῦν
1075 2447 1134 2484 καὶ

107 2503 196 2554 μετὰ
227 2508 337 2540 ταυτα
356 2496 466 2540 Εἶπον
492 2506 572 2552 υμῖν
591 2519 671 2555 πριν
687 2502 901 2553 γενέσθαι,
896 2503 952 2551 ι’ν’,
976 2504 1057 2543 ὅταν
1080 2524 1134 2557 γε

105 2581 225 2613 νηται,
248 2563 457 2610 πιστεύσητε
477 2563 529 2602 ὅτι
557 2563 625 2615 ἐγώ
662 2566 752 2614 εἰμι·
773 2565 900 2602 ὡσανει
933 2566 1051 2618 ἔλεγε,
1083 2585 1131 2619 μη

105 2627 243 2678 ῃδειτε,
266 2628 295 2663 εἰ
324 2625 372 2676 μὴ
403 2624 470 2675 ἐγω
501 2629 613 2672 εἷπον,
642 2641 703 2662 ουκ
735 2624 774 2662 ἂν
809 2624 844 2663 οὲ
879 2620 986 2674 εἷπον,
1014 2630 1042 2665 εἰ
1082 2645 1130 2679 μη

104 2688 284 2763 ἐθάρρουν.
309 2681 356 2724 If
345 2702 410 2729 ιοες
432 2686 725 2737 συγκαταοάσεως
745 2703 801 2724 τον
817 2687 958 2738 λόγον
938 2704 1040 2736 οντα;
1062 2690 1130 2727 Και

103 2748 170 2800 γὰρ
191 2747 272 2786 ὅταν
288 2747 394 2799 λέγῃ,
419 2752 562 2785 Δοκεῖτε
587 2747 639 2784 ὅτι
655 2748 692 2784 οὗ
714 2746 864 2797 δύναμαι
886 2719 1130 2800 παρακαλέσαι

101 2809 159 2847 τὸν
180 2808 344 2860 Πατέρα,
371 2808 429 2846 καὶ
460 2823 681 2885 παραστησει
708 2824 766 2883 ⁹}OE
797 2808 931 2846 δώδεκα
959 2810 998 2846 λε
983 2812 1130 2861 εγεῶνας

103 2870 271 2922 ἀγγέλων,
283 2871 367 2923 πρὸς
384 2869 446 2917 τὴν
459 2869 621 2908 ὑπόνοιαν
635 2886 703 2906 των
720 2868 911 2908 ἀκουόντων
931 2870 1015 2923 φθεγ
1017 2888 1126 2922 γεται,

101 2931 194 2970 Οὐοε
213 2931 282 3007 γὰρ
305 2931 344 2969 ἂν
366 2934 475 2969 ἐκεῖνο
505 2931 595 2969 εἴποι
625 2947 676 2975 τις
710 2930 763 2979 ἂν,
784 2947 847 2969 καν
870 2932 1002 2984 σφοδρα
1022 2936 1042 2984 ἠ
1068 2949 1127 2982 με·

102 3008 241 3043 μηνως,
261 2991 312 3030 ὅτι
332 2993 394 3030 οὐκ
413 2991 555 3030 ἐδύνατο
574 2994 686 3029 ἑαυτω
709 2994 898 3043 βοηθησαι,
923 2995 999 3030 ἀλλ’
1022 2993 1127 3045 ἀγγέ-

99 3055 168 3092 λων
199 3054 324 3091 ἐδεῖτο·
354 3055 429 3090 ἀλλ’
462 3052 582 3099 ἐπειδὴ
618 3053 699 3106 περὶ
727 3056 828 3091 αὐτοῦ
865 3056 911 3097 ὥς
947 3054 1128 3105 ἀνθρώπου

101 3114 199 3158 δόξαν
219 3108 332 3166 εἶχον,
350 3113 406 3152 διὰ
420 3113 520 3152 τοῦτό
540 3129 645 3165 φησι,
667 3114 813 3153 Δώδεκα
836 3116 1005 3166 λεγεῶνας
1027 3116 1129 3167 ἀγγέ-

99 3176 182 3212 λων.
212 3174 337 3213 Καίτοι
362 3191 401 3226 γε
423 3175 542 3218 ἁπλῶς
562 3174 683 3219 αὐτοὺς
699 3175 882 3227 ἠρώτησε,
913 3175 971 3213 καὶ
990 3175 1127 3229 ἔρριψεν

148 3305 160 3317 a
180 3293 324 3334 Quidam
340 3300 397 3328 ἀπὸ
416 3299 631 3340 φιὶοστοργίας.

291 3361 383 3384 TUM.
418 3362 454 3385 Vl
466 3363 472 3385 Ι
485 3363 508 3385 Ι.

1163 292 1188 320 Α
1207 291 1287 329 illos
1309 292 1384 344 ipse
1413 295 1596 344 manserit,
1630 310 1693 333 nec
1726 297 1882 348 Spiritus
1915 299 2064 346 venerit,
2101 300 2191 336 nihil

1208 366 1378 403 magnum
1401 354 1455 391 vel
1478 355 1630 393 sublime
1660 366 1826 408 poterunt
1861 359 2068 410 intelligere.
2109 361 2192 398 Hcee

1208 426 1314 463 pono
1332 413 1420 452 dicit
1435 415 1516 453 illos
1535 431 1737 468 praeparans
1759 427 1797 455 ut
1816 433 1989 457 secessum
2009 435 2114 459 suum
2136 436 2193 473 ge-

1209 485 1330 511 nerose
1345 475 1473 525 ferant,
1492 485 1614 528 utpote
1634 478 1694 529 qui
1709 493 1837 530 magna
1851 480 1938 533 ipsis
1958 481 2050 519 bona
2074 484 2191 520 conci-

1207 532 1361 572 liaturus
1380 546 1482 574 esset.
1502 538 1718 589 Frequenter
1736 555 1820 578 vero
1838 541 2062 580 Paiacletum
2080 554 2196 593 iocat,

1209 594 1255 632 ob
1271 609 1459 646 aeiumnas,
1473 599 1602 649 quibus
1622 609 1705 638 tunc
1721 601 1984 653 affligebantur.
2007 604 2131 649 Quia
2122 605 2197 655 lgi-

1209 664 1268 693 tur
1287 656 1343 695 his
1356 658 1489 697 auditis
1504 661 1754 711 turbabantur,
1785 664 1979 714 cogitantes
2001 666 2195 715 molestias,

1209 717 1301 756 bella
1317 728 1350 756 et
1368 734 1544 759 secessum
1562 723 1650 774 ejus,
1669 724 1754 763 vide
1789 725 1967 775 quomodo
1996 727 2077 765 illos
2112 728 2199 765 sole-

1209 788 1268 817 tur
1288 781 1419 819 iterum
1440 782 1583 821 dicens:
1601 786 1666 823 5³27
1690 788 1834 824 Pacem
1859 789 2038 841 relinquo
2059 792 2197 827 vobis:

1208 853 1250 877 ae
1265 840 1295 878 si
1320 841 1468 891 diceiet,
1490 844 1589 890 Quid
1608 845 1730 883 damni
1747 847 1850 885 vobis
1872 849 1938 886 erit
1960 864 1978 886 ι
2014 851 2200 902 peituiba-

1208 901 1366 940 tionibus
1381 874 1522 954 mutidi,
1538 906 1567 943 si
1585 921 1709 958 pacem
1725 923 1864 947 mecum
1881 910 2065 949 habeatis?
2080 914 2201 963 Neque

1210 962 1311 1000 enim
1329 964 1412 1003 talis
1428 965 1504 1004 haec
1523 981 1595 1019 pax
1615 978 1676 1005 est.
1695 969 1851 1007 Externa
1872 986 1943 1023 pax
1963 972 2057 1010 enim
2084 975 2183 1025 perui
2188 999 2201 1003 -

1209 1024 1304 1063 ciosa
1324 1040 1416 1079 saepe
1435 1037 1486 1065 est
1507 1037 1539 1066 et
1560 1028 1713 1081 inutilis,
1735 1032 1900 1083 nihilque
1933 1034 2076 1086 prodest
2107 1052 2114 1072 ε
2138 1051 2202 1087 ego

1210 1102 1295 1127 veto
1312 1089 1421 1127 talem
1436 1106 1458 1129 x
1461 1091 1538 1130 obis
1558 1092 1605 1131 do
1621 1108 1760 1145 pacem,
1777 1104 1817 1133 ut
1834 1096 1932 1135 illam
1953 1107 2075 1136 mutuo
2090 1113 2203 1137 serve-

1211 1150 1268 1199 tis,
1291 1151 1387 1202 quod
1399 1167 1464 1191 vos
1487 1154 1647 1193 fortiores
1682 1156 1821 1194 efficiet.
1850 1158 1920 1197 Sed
1946 1160 2031 1210 quia
2060 1175 2203 1199 rursum

1210 1210 1364 1261 dixerat,
1381 1215 1589 1267 Relinquo,
1610 1216 1706 1267 quod
1727 1217 1914 1257 recidentis
1943 1230 2029 1267 erat,
2053 1221 2205 1272 illosque

1211 1274 1524 1328 tuiba1·epote1·,at
1544 1277 1625 1316 ideo
1642 1293 1785 1317 nusum
1814 1280 1893 1318 ait:
1916 1284 2006 1320 lion
2032 1287 2206 1323 turbetur

1213 1348 1279 1372 cor
1296 1345 1482 1383 vestrum,
1513 1353 1635 1390 neque
1656 1341 1864 1392 formidet
1892 1342 2025 1382 Viden'
2045 1359 2104 1382 eos
2123 1360 2206 1397 par-

1212 1395 1277 1432 tim
1292 1410 1422 1447 amor,e
1441 1399 1574 1450 partim
1590 1409 1684 1438 metu
1704 1402 1864 1440 uubatos
1883 1418 1971 1442 csse:
1964 1405 2059 1443 ³28
2076 1406 2205 1445 Audi-

1213 1459 1281 1494 stis
1305 1460 1400 1509 quia
1421 1473 1489 1510 ego
1504 1461 1588 1497 dixi
1607 1464 1733 1508 vobis,
1757 1464 1866 1500 lado
1885 1466 1940 1502 ud
1963 1468 2139 1514 Patrem,
2170 1478 2205 1505 et

1213 1521 1330 1555 venio
1348 1521 1494 1558 advos.
1516 1522 1556 1560 Si
1574 1523 1784 1574 diligeretis
1812 1539 1886 1574 me,
1897 1529 2046 1577 gaudet
2047 1532 2118 1567 ctis
2133 1534 2205 1568 uti-

1214 1593 1303 1630 que,
1324 1583 1418 1631 quia
1435 1583 1541 1619 vado
1554 1583 1609 1620 ad
1620 1585 1810 1621 Patrem:
1825 1589 1919 1638 quia
1941 1590 2063 1626 Patet
2082 1594 2207 1643 major

1214 1655 1274 1678 me
1285 1651 1351 1679 est.
1368 1642 1415 1680 Et
1427 1643 1555 1696 quodD
1536 1644 1708 1683 “audium
1717 1646 1810 1684 hoc
1800 1648 1886 1700 ipsis
1900 1649 2094 1689 allatmum
2104 1663 2196 1691 elfflat
2189 1654 2206 1675 ⁰

1214 1718 1324 1754 quam
1353 1706 1655 1745 consolationem?

1267 1768 1303 1804 4.
1323 1766 1422 1814 Quid
1436 1767 1505 1805 sibi
1524 1769 1602 1807 vult
1615 1769 1683 1807 hoc
1701 1769 1872 1810 dictum?
1893 1773 2083 1813 Nihilclum
2099 1790 2206 1817 nove-

1165 1836 1188 1866 C
1213 1838 1294 1866 rant
1331 1829 1375 1868 de
1405 1832 1680 1882 resurrectione,
1715 1847 1828 1884 neque
1852 1835 1897 1873 de
1927 1837 2069 1876 Christo
2106 1855 2203 1888 eam,

1212 1903 1321 1939 quam
1350 1906 1415 1943 par
1442 1902 1535 1941 erat,
1559 1894 1761 1945 opinionem
1780 1896 1958 1936 habebant
1974 1915 1981 1934 τ
1999 1903 2012 1947 ζ
2029 1902 2206 1951 quomodo

1212 1952 1306 1989 enim
1327 1953 1552 2004 habuissent,
1580 1956 1641 2006 qui
1671 1971 1713 1994 ne
1735 1958 1892 1997 sciebant
1911 1960 2056 2011 quidem
2086 1963 2204 2016 ipsum

1211 2027 1285 2051 esse
1303 2017 1617 2054 resurrecturum?
1636 2021 1647 2066 )
1667 2019 1807 2056 Patrem
1837 2034 1921 2058 vero
1942 2036 2112 2075 magnum
2132 2040 2204 2064 esse

1210 2075 1397 2126 putabant.
1423 2076 1520 2114 Dicit
1542 2092 1647 2129 ergo:
1666 2079 1704 2117 Si
1724 2080 1814 2117 mihi
1838 2081 1989 2132 timetis,
2010 2086 2109 2135 quasi
2132 2101 2201 2125 non

1209 2136 1347 2174 valeam
1363 2151 1418 2175 me
1437 2138 1545 2186 tueri,
1567 2153 1678 2190 neque
1693 2141 1872 2179 confiditis
1886 2157 1941 2180 me
1957 2154 2036 2195 post
2059 2160 2200 2186 crucem

1208 2211 1228 2234 a
1249 2198 1353 2236 vobis
1368 2213 1468 2250 posse
1489 2199 1627 2250 videri3
1644 2210 1761 2239 tamen
1780 2203 1962 2242 audientes
1983 2220 2039 2243 me
2058 2208 2102 2244 ad
2122 2209 2198 2246 Pa—

1207 2268 1298 2297 trem
1316 2261 1385 2309 ire,
1407 2261 1560 2312 gaudere
1590 2263 1733 2301 tandem
1754 2265 1927 2317 oportuit,
1956 2268 2039 2318 quia
2059 2269 2102 2307 ad
2122 2285 2196 2308 ma-

1202 2321 1318 2373 jorem
1336 2323 1448 2373 vado,
1475 2324 1661 2375 omniaque
1689 2326 1781 2363 mala
1810 2328 1902 2365 solvi
1934 2340 2094 2380 possunt.
2122 2334 2196 2371 J'os

1207 2383 1394 2429 audistis,
1419 2387 1511 2436 quia
1533 2399 1599 2436 ego
1625 2387 1708 2423 dixi
1730 2389 1834 2424 vobi.
1859 2388 1932 2425 Cur
1950 2389 2016 2427 hoc
2038 2390 2194 2443 adjecit?

1206 2444 1260 2480 Ita
1275 2443 1382 2494 gestis
1400 2445 1506 2482 rebus
1522 2445 1662 2483 confido
1675 2476 1685 2495 ,
1702 2446 1818 2497 inquit
1832 2478 1841 2496 ,
1860 2458 1897 2486 ut
1914 2450 2105 2501 praedicere
2123 2468 2191 2492 non

1206 2519 1339 2542 verear.
1366 2507 1430 2544 20.
1450 2506 1525 2543 Hoc
1549 2520 1651 2558 crgo,
1684 2517 1717 2545 et
1741 2523 1818 2558 quae
1839 2510 1956 2549 sutura
1977 2523 2076 2564 sunt,
2095 2517 2193 2554 Dixi

1155 2585 1181 2615 D
1205 2569 1318 2604 vobis
1330 2570 1557 2619 priusquam
1563 2569 1697 2620 fiant,
1722 2578 1763 2607 ut
1785 2574 2187 2627 cumsactaficerint,

1204 2629 1370 2665 credatis
1385 2657 1396 2674 ,
1423 2628 1505 2678 quia
1527 2642 1590 2679 ego
1610 2643 1687 2666 sum
1707 2645 1770 2668 :ac
1790 2631 1819 2669 si
1835 2632 1967 2672 diceret
1984 2651 1992 2672 :
2010 2637 2105 2675 Num
2124 2639 2191 2677 sei—

1203 2688 1303 2737 retis,
1320 2688 1387 2725 nisi
1404 2702 1467 2739 ego
1483 2688 1663 2727 dicerem?
1680 2705 1791 2742 neque
1805 2692 1959 2733 dicerem
1973 2727 1980 2742 ,
2001 2697 2069 2735 nisi
2085 2700 2191 2737 consi-

1201 2749 1331 2786 derem.
1353 2749 1486 2788 Viden’
1502 2764 1698 2789 sermonem
1711 2752 1915 2794 auditorum
1931 2759 2049 2810 captui
2064 2769 2188 2799 attem-

1200 2810 1394 2862 peratum?
1414 2811 1506 2848 Nam
1537 2825 1618 2849 cum
1644 2812 1756 2863 dicit,
1778 2817 1935 2855 Putatis
1949 2848 1960 2864 ‚
1985 2823 2078 2871 quia
2110 2836 2188 2859 non

1201 2933 1324 2969 decim
1347 2933 1515 2984 legiones
1545 2936 1797 2987 angelorum?
1830 2940 2024 2979 secundum
2046 2943 2186 2982 audito—

1200 3009 1282 3032 rum
1313 2994 1515 3047 opinionem
1538 2996 1708 3047 loquutus
1739 3008 1803 3037 est.
1840 3002 1952 3039 Nemo
1987 3004 2098 3053 enim,
2122 3007 2187 3044 etsi

1202 3055 1374 3106 insaniat,
1390 3055 1523 3094 dixerit
1537 3072 1618 3095 eum
1632 3073 1701 3097 non
1716 3060 1871 3111 potuisse
1884 3063 1951 3100 sibi
1965 3079 2068 3116 opem
2079 3066 2185 3113 ferre,

1202 3116 1265 3154 sed
1278 3117 1412 3168 angelis
1432 3133 1521 3170 opus
1536 3119 1703 3158 habuisse
1722 3136 1730 3156 :
1746 3135 1871 3160 verum
1890 3125 1974 3174 quia
1993 3126 2096 3163 illum
2116 3141 2188 3165 esse

1201 3177 1380 3215 hominem
1394 3179 1591 3230 putabant,
1606 3180 1685 3218 ideo
1704 3180 1819 3231 dixit,
1838 3185 2050 3223 Duodecim
2067 3187 2187 3238 legio-

1226 3298 1241 3322 b
1261 3295 1406 3337 Quidam
1424 3302 1539 3332 ἑαυτοῦ.

1962 3356 2010 3390 :3¹

2202 2843 2314 2872 Matth.

1197 2885 1352 2923 possum
1372 2885 1508 2924 rogare
1521 2874 1681 2911 Patrem
1691 2905 1704 2922 ,
1723 2884 1760 2913 et
1775 2879 1968 2917 exhibebit
1983 2883 2080 2919 milii
2093 2884 2187 2921 duo-
2202 2884 2252 2914 53-

2338 2842 2386 2873 26.
