2522 3683
64 769 174 797 [Uallh.
196 766 223 806 4.

62 812 161 838 stlat-c.
187 818 211 837 1.

61 852 130 879 Act.
149 849 178 889 [1

63 894 140 920 ΙΙιῐιΙ.
159 891 205 919 18.
222 896 249 917 vl

62 942 111 961 20.

63 976 174 1002 Matth.
202 982 246 1010 ¹7·

63 1015 111 1042 26.

69 1554 251 1582 A‹·!.22.21.

82 2876 171 2905 Rom.
190 2875 236 2904 15.

89 2926 135 2955 19.

83 2980 152 3007 Act.
168 2988 198 3018 9.

259 188 353 234 618

256 284 402 333 dignam
429 281 621 319 orationem
654 279 810 323 invenio,
830 291 900 327 qua
927 275 1048 313 laudes
1069 287 1125 311 eas
1147 286 1241 310 com-

258 350 415 389 pensem,
436 335 568 385 quibus
586 333 624 370 hi
643 346 752 384 genus
781 340 940 368 nostrum
968 337 1149 379 tantopere
1179 326 1242 362 ho-

259 397 437 427 nestarunt
452 418 461 435 ,
478 387 539 437 qui
554 395 682 424 terram
694 398 833 422 omnem
846 392 879 420 et
896 396 991 419 marc
1003 380 1218 417 circuierunt
1231 407 1241 425 ,

258 442 429 479 scelerum
451 439 586 477 radices
606 438 822 483 evulserunt,
838 434 1046 487 pietatisque
1064 431 1194 469 semina
1210 431 1245 467 in

259 494 364 532 corde
399 493 600 531 infidelium
637 491 842 542 injecerunt.
884 488 1006 523 Petrus
1024 515 1033 533 ‚
1067 484 1244 536 apostolo-

260 561 339 584 rum
364 547 461 594 dux3
491 545 638 591 Paulus,
666 542 761 579 orbis
786 541 924 587 doctor,
953 547 986 575 et
1013 550 1247 589 supernarum

260 600 435 637 virtutum
458 611 617 635 consors:
634 597 772 641 Petrus,
797 594 1018 643 ingratorum
1041 589 1247 628 ,ludaeorum

260 653 421 699 frenum;
445 651 590 693 Paulus,
613 647 770 699 gentium
798 643 1006 683 cohortatio.
1026 643 1137 679 Cerne
1159 641 1248 678 mihi

261 705 449 742 sublimem
464 702 608 740 Domini
619 699 842 751 sapientiam,
859 711 927 748 qua
944 695 1090 746 quidem
1105 695 1251 731 Petrum

261 771 279 795 e
299 756 548 809 piscatoribus,
569 753 721 791 Paulum
739 766 822 790 vero
844 765 862 788 e
880 748 1093 801 pellionibus
1120 747 1225 797 elegit
1244 762 1250 782 :

263 810 370 860 idque
388 808 433 845 ad
453 807 642 844 utilitatem
668 805 749 842 fecit
774 820 781 840 z
802 817 884 840 nam
912 801 1118 841 Judaeorum
1141 799 1253 850 gloria

263 861 544 914 deprimebatur.
571 862 800 910 Quapropter
823 855 908 893 huic
931 864 1113 904 tamquam
1139 852 1253 904 pisca-

265 915 331 952 tori
351 923 444 952 recte
466 912 640 951 Dominus
670 910 764 956 fidit,
791 923 871 947 culn
894 907 1025 944 diceret
1047 921 1054 942 :
1080 906 1185 943 Vade
1202 906 1256 942 ad

264 981 384 1013 mare,
401 976 436 1004 et
450 969 557 1003 mille
568 967 725 1002 hamum
746 978 756 998 :
773 971 809 999 et
823 975 908 998 eum
916 962 1059 1011 piscem
1071 961 1138 1010 qui
1147 960 1254 1009 prius

265 1021 494 1065 ascenderit,
529 1019 621 1055 tolle
638 1033 650 1053 .-
671 1025 707 1053 et
727 1023 859 1066 aperto
877 1027 941 1050 ore
959 1014 1055 1063 ejus,
1084 1012 1255 1047 invenies

265 1082 445 1111 staterem
485 1088 494 1106 :
528 1070 776 1107 sceleratorum
810 1065 1018 1105 Judae0run1
1055 1062 1256 1099 instabilem

265 1134 431 1173 mentem,
454 1137 548 1161 mare
564 1135 704 1160 vocans.
720 1120 856 1156 Hamus
876 1115 1110 1154 artificiosum
1125 1113 1258 1151 doetri-

265 1192 317 1215 na·
337 1190 548 1223 sermonem,
567 1173 675 1226 piscis
695 1173 808 1223 legem
827 1169 1002 1221 significat
1026 1183 1033 1203 ε
1053 1182 1091 1204 05
1105 1166 1255 1218 aperire,

265 1239 316 1267 est
346 1228 567 1280 interpretari
593 1243 600 1263 z
623 1224 717 1276 quod
746 1233 863 1261 autem
883 1222 919 1259 in
939 1221 1002 1258 illo
1023 1228 1186 1257 staterem
1205 1218 1259 1256 in-

266 1282 414 1329 venerit,
438 1281 476 1318 id
496 1279 674 1331 siguificat
696 1278 814 1330 ipsum
834 1273 1066 1328 spiritualiter
1082 1271 1260 1324 dijudica-

266 1349 313 1372 re.
346 1334 456 1372 Paulo
479 1347 563 1372 vero
592 1341 774 1382 tamquam
803 1328 913 1367 sutori
943 1335 1060 1378 gentes
1084 1323 1261 1362 commisit

266 1388 448 1424 universas
472 1402 479 1421 ε
503 1395 541 1423 nt
573 1395 647 1422 tam
679 1398 737 1421 eos
769 1382 831 1433 qui
853 1396 871 1418 a
894 1381 985 1432 lege,
1017 1392 1124 1429 quam
1149 1377 1209 1429 qui
1241 1392 1259 1414 a

268 1441 380 1491 gratia
409 1438 495 1477 nudi
536 1447 649 1485 erant,
678 1445 774 1474 veste
803 1433 964 1471 coccinea
990 1430 1165 1475 indueret,
1187 1432 1262 1468 Do-

268 1493 356 1530 mini
377 1505 466 1543 aqua
483 1500 514 1528 et
529 1490 700 1541 sanguine
720 1488 878 1526 intincta.
896 1486 956 1524 Sic
974 1484 1020 1522 ad
1035 1498 1117 1522 eum
1133 1484 1262 1521 clamat

270 1545 445 1583 Dominus
467 1560 475 1580 :
497 1545 615 1589 Vade,
636 1544 823 1595 quoniam
839 1553 907 1591 ego
924 1541 965 1575 in
983 1540 1159 1575 nationes
1177 1536 1261 1573 Zon-

268 1613 313 1650 ge
333 1600 485 1635 mittam
513 1606 560 1634 te.
591 1597 622 1633 O
649 1609 714 1647 par
742 1595 897 1637 beatum,
913 1591 1014 1642 cujus
1045 1588 1130 1626 fidei
1156 1588 1262 1626 totius

270 1650 394 1688 mundi
414 1649 539 1687 animae
555 1657 638 1686 sunt
652 1645 862 1685 concreditae
878 1644 886 1683 Ῐ
910 1645 1035 1681 Petrus
1054 1640 1262 1680 orthodoxa}

271 1703 355 1741 fidei
378 1702 612 1754 principium,
633 1713 786 1751 magnus
808 1707 910 1748 atque
929 1695 1077 1733 illustris
1098 1694 1262 1732 Ecclesiae

274 1755 450 1801 sacerdos,
472 1754 688 1792 necessarius
708 1751 991 1789 Christianorum
1017 1747 1241 1785 consiliarius
1258 1777 1266 1793 ,

273 1822 504 1860 supernarum
540 1814 754 1858 potestatum
785 1804 988 1850 thesaurus,
1022 1801 1213 1837 honoratus
1243 1814 1262 1837 a

274 1861 427 1898 Domino
444 1859 626 1912 apostolus
643 1874 650 1894 z
672 1857 804 1895 Paulus
824 1869 973 1906 magnus
993 1867 1107 1905 praeco
1130 1853 1263 1890 verita-

273 1914 331 1957 tis,
350 1913 507 1952 universi
527 1922 700 1949 terrarum
720 1909 815 1947 orbis
831 1908 957 1959 gloria,
979 1906 1015 1943 in
1035 1905 1129 1943 caelis
1144 1905 1262 1953 1101110,

273 1976 307 2003 et
326 1967 361 2004 in
383 1976 474 2003 terra
490 1965 651 2016 angelus,
667 1963 774 2000 decus
794 1960 974 2007 Ecclesiae,
993 1958 1028 1995 in
1048 1957 1265 1995 sublimibus

272 2020 397 2056 volans
418 2018 553 2069 aquila,
569 2018 666 2068 lyra,
683 2015 831 2067 spiritus
844 2043 852 2059 ,
873 2011 1028 2050 hirundo
1049 2019 1153 2061 atque
1171 2010 1263 2047 cica-

273 2072 340 2109 da:
363 2084 535 2122 organum
556 2068 800 2114 Dominicum,
823 2065 978 2117 vigilans
999 2064 1133 2101 Christi
1157 2063 1263 2100 mini-

275 2134 356 2162 ster.
378 2123 509 2161 Paulus
528 2132 560 2160 et
578 2123 703 2159 Petrus
717 2119 835 2172 jugati
859 2119 969 2157 boves
984 2116 1152 2153 Ecclesiae
1174 2131 1181 2152 :
1202 2116 1265 2166 qui

274 2177 351 2214 orbi
369 2185 542 2214 terrarum
559 2174 734 2225 insignem
756 2185 899 2224 operam
923 2169 1141 2220 negotiantes
1156 2183 1265 2206 nava-

275 2239 372 2282 runt;
397 2229 459 2279 qui
487 2242 549 2278 pro
573 2228 661 2279 jugo
686 2239 827 2263 crucem
850 2224 1023 2269 tulerunt,
1051 2236 1114 2273 pro
1136 2235 1266 2258 sessore

274 2284 496 2321 Salvatorem
510 2310 519 2328 ,
539 2294 604 2332 pro
617 2279 696 2331 jugi
722 2292 816 2315 nexu
838 2276 1107 2327 Scripturarum
1127 2282 1266 2310 utrum-

275 2349 344 2385 que
360 2336 640 2379 Testamentum,
659 2344 722 2383 pro
737 2329 882 2368 stimulo
895 2327 1052 2379 Spiritus
1065 2326 1174 2363 sancti
1188 2339 1267 2376 gra-

275 2388 373 2425 tiam.
392 2386 524 2424 Paulus
541 2394 573 2422 et
592 2385 717 2421 Petrus
732 2382 897 2421 Ecclesiae
916 2379 1121 2427 luminaria,
1136 2379 1266 2429 quibus

276 2440 351 2492 ipsa
386 2438 546 2490 quotidie
582 2437 824 2483 illuminatur;
863 2433 1030 2486 penuaria
1066 2431 1265 2479 Dominica,

276 2493 421 2544 publica
450 2491 558 2528 totius
588 2489 713 2527 mundi
735 2487 904 2540 hospitia,
929 2485 1084 2537 Spiritus
1110 2493 1266 2536 recepta-

278 2546 377 2592 cula,
393 2554 473 2596 apta
494 2552 619 2581 sanctae
637 2540 825 2579 Trinitatis
844 2537 1113 2591 interpretandae
1134 2537 1266 2574 instru-

279 2607 413 2641 menta,
441 2596 556 2635 divini
581 2594 683 2633 verbi
711 2592 911 2631 oeconomiae
942 2591 1115 2628 doctores.
1142 2591 1266 2626 Petrus

279 2650 472 2701 spiritualis
488 2663 584 2685 meus
597 2662 716 2695 amor;
734 2647 867 2684 Paulus
882 2658 943 2683 vas
956 2642 1150 2689 electionis,
1168 2656 1266 2679 meus

279 2702 428 2739 baculus
451 2718 457 2737 ε
480 2702 602 2738 Petrus
618 2700 791 2751 templum
809 2699 894 2746 Dei;
914 2697 1046 2734 Paulus
1061 2710 1099 2733 os
1115 2695 1263 2743 Christi,

282 2754 360 2806 lyra
389 2754 565 2805 Spiritus,
590 2752 805 2790 tricubitalis
828 2751 956 2798 homo,
977 2749 1037 2799 (1111
1063 2749 1189 2786 caelum
1213 2756 1265 2784 at-

282 2807 404 2857 tingit,
438 2806 497 2856 qui
538 2806 613 2842 loco
649 2803 969 2851 circumscribitur,
998 2811 1031 2839 et
1062 2801 1267 2839 universum

284 2859 458 2896 mundum
475 2858 626 2894 Domino
642 2856 923 2904 circumscribit;
941 2855 1001 2906 qui
1014 2854 1059 2892 ab
1073 2853 1268 2893 Jerusalem

284 2926 347 2964 per
366 2911 556 2949 circuitum
577 2924 685 2959 usque
703 2910 748 2946 ad
776 2909 963 2960 Illyricum
990 2907 1139 2959 replevit
1162 2920 1266 2944 evan-

283 2965 417 3015 gelium
447 2963 607 3001 Christi:
631 2976 752 2999 cursor
786 2961 1048 3007 velocissimus,
1077 2959 1113 2997 in
1141 2959 1269 2997 eaelum

282 3017 402 3068 aquila
421 3015 590 3062 volitans,
611 3014 735 3052 divina
760 3014 915 3065 repletus
942 3013 1073 3064 gratia,
1093 3026 1197 3063 quem
1216 3020 1275 3049 tem

328 3164 343 3188 Ι)
368 3161 417 3195 Al.
437 3170 494 3195 τῶν
510 3166 596 3194 ἐθνῶν
613 3163 627 3193 ὁ
644 3162 827 3196 διδάσκαλος.

326 3226 339 3239 c
364 3216 446 3246 Tres
463 3214 539 3245 Mss.
558 3218 592 3246 τὸ
609 3219 737 3245 κόκκινον
751 3214 858 3255 δέρμα.

325 3267 339 3286 ⁴¹
362 3267 443 3298 Tres
459 3267 537 3297 Mss.
557 3269 571 3298 ὁ
588 3270 744 3305 ἀναγκαῖος
759 3268 810 3296 τοῦ
826 3266 965 3306 Χριστοῦ.

327 3330 339 3341 ¹³
365 3316 471 3349 Iidem
497 3325 533 3360 τῇ
559 3321 713 3360 οἰκουμένῃ
741 3320 976 3359 παραγαγόντες.
1005 3310 1097 3343 Infra
1123 3311 1190 3343 (luo
1212 3312 1287 3343 Mss.

286 3377 348 3404 ἀντὶ
368 3374 397 3404 δὲ
414 3378 516 3412 γόμου.
536 3367 637 3401 Savil.
658 3368 688 3399 in
709 3377 813 3409 marg.
833 3370 898 3398 ›Ji-art
923 3367 951 3397 δὲ
969 3371 1067 3406 νόμου.

1225 189 1399 220 sennia.

1315 271 1416 320 ἡμῶν
1431 299 1440 314 ,
1459 266 1537 310 τοὺς
1555 266 1617 313 τὴν
1640 265 1778 304 ἅπασαν
1802 269 1866 317 γῆν
1896 266 1956 304 καὶ
1985 265 2163 305 θάλασσαν
2195 266 2339 316 περιελ*

1317 323 1454 368 Οόντας,
1470 320 1529 358 καὶ
1546 319 1608 362 τὰς
1629 318 1722 370 ῥίζας
1740 321 1808 356 τῶν
1829 319 2095 371 ἁμαρτημάτων
2117 318 2341 357 ἀνασπάσαν-

1316 391 1398 422 τας,
1429 374 1487 411 καὶ
1515 371 1559 410 τὰ
1587 371 1773 424 σπέρματα
1791 374 1853 417 τῆς
1873 372 2048 415 εὐσεὸείας
2079 370 2342 412 καταὸαλόντας

1318 428 1352 464 ἐν
1371 432 1446 469 ταῖς
1462 424 1620 478 καρδίαις
1643 426 1710 462 τῶν
1735 423 1965 463 ἀπειθούντων
1985 423 2188 477 ἀνθρώπων.
2209 423 2343 475 Πέτρος

1319 483 1336 517 6
1356 477 1557 528 καθηγητὴς
1590 479 1658 515 τῶν
1690 477 1892 515 ἀποστόλων
1909 506 1918 523 ,
1954 479 2092 520 Παῦλος
2114 479 2131 514 6
2151 475 2344 528 γνωριστὴς

1319 535 1380 578 τῆς
1401 530 1624 581 οἰκουμένης,
1644 529 1703 567 καὶ
1722 531 1790 566 τῶν
1811 529 1882 567 ἄνω
1905 530 2083 580 δυνάμεων
2103 528 2322 580 συμμέτοχος
2336 543 2343 550 ·

1321 584 1454 636 Πέτρος
1472 586 1540 620 τῶν
1561 582 1771 633 ἀγνωμόνων
1787 581 1966 620 Ἰουδαίων
1989 586 2006 620 6
2024 582 2165 634 χαλινὸς
2177 612 2186 629 ,
2206 582 2345 623 Παῦλος

1322 636 1416 673 ι’τῶν
1446 638 1550 673 ἐθνῶν
1581 639 1603 681 ἡ
1628 635 1863 686 παράκλησις.
1895 634 1965 673 Καὶ
1995 627 2101 685 βλέπε
2123 650 2181 685 μοι
2200 639 2259 672 τοῦ
2281 634 2344 670 Δε-

1323 688 1449 727 σπότου
1465 688 1527 735 τὴν
1544 688 1780 740 ὑπερέχουσαν
1799 687 1936 738 σοφίαν.
1954 688 2025 725 Τὸν
2042 687 2109 739 γὰρ
2126 686 2260 739 Πέτρον
2278 685 2346 723 ἀπὸ

1324 741 1448 779 ἁλιέων
1468 740 1664 786 ἐξελέξατο,
1687 741 1744 778 τὸν
1771 738 1806 778 δὲ
1823 742 1962 778 Παῦλον
1979 739 2047 778 ἀπὸ
2069 739 2317 790 σκηνορῥάφων
2337 753 2344 760 ·

1325 793 1384 830 καὶ
1399 798 1498 831 τοῦτο
1512 792 1547 831 δὲ
1563 793 1648 846 πρὸς
1670 793 1838 844 ὠφέλειαν
1859 792 2048 840 πεποίηκεν
2063 807 2071 814 ·
2088 791 2260 835 ἐὸυθίζετο
2281 790 2348 842 γὰρ

1324 850 1345 892 ἡ
1366 845 1445 889 δόξα
1463 849 1531 883 τῶν
1554 845 1745 883 Ἰουδαίων.
1771 845 1840 883 Διὰ
1857 850 1957 884 τοῦτο
1976 845 2086 896 τούτῳ
2111 847 2160 882 τῶ
2181 845 2269 882 ἁλιεῖ
2290 846 2348 881 ἐν-

1326 898 1524 936 επίστευσεν
1548 901 1565 935 6
1586 898 1730 950 Κύριος,
1751 898 1862 949 φήσας
1881 899 1966 949 πρὸς
1995 897 2096 936 αὐτόν
2110 913 2117 920 ·
2138 884 2284 935 ’Ἀπελθε
2304 898 2350 938 εἷς

1326 950 1388 996 τὴν
1411 951 1602 998 θάλασσαν,
1619 951 1678 988 καὶ
1698 951 1782 1002 βάλε
1799 951 1983 1004 ἄγκιστρον
1999 966 2006 973 ·
2024 950 2155 988 καὶτὸν
2173 949 2351 987 ἀναὸάντα

1328 1006 1465 1054 πρῶτον
1489 1002 1584 1054 ἰχθὺν
1602 1003 1704 1054 ἄρας,
1727 1002 1857 1047 ἄνοιξον
1879 1004 1918 1042 τὸ
1940 1003 2052 1054 στόμα
2077 1005 2199 1051 αὐτοῦ,
2218 1001 2278 1040 καὶ
2299 1005 2351 1040 εὑ-

1331 1055 1445 1107 ρήσεις
1471 1060 1640 1104 στατῆρα.
1668 1056 1860 1094 Θάλασσαν
1880 1055 2005 1107 λέγων,
2024 1055 2087 1102 τὴν
2109 1056 2256 1093 ἄστατον
2284 1057 2352 1092 τῶν

1330 1106 1469 1157 ἀνόμων
1496 1106 1671 1145 Ἰουδαίων
1702 1107 1858 1159 γνώμην·
1881 1109 2080 1159 ἄγκιστρον,
2108 1109 2165 1146 τὸν
2198 1107 2354 1159 ἔντεχνον

1329 1158 1429 1210 λόγον
1458 1161 1520 1205 τῆς
1549 1159 1794 1202 διδασκαλίας·
1825 1163 1938 1212 ἰχθῦς,
1960 1160 2016 1198 τὸν
2046 1160 2151 1211 νόμον
2180 1160 2354 1210 σημαίνει.

1331 1212 1384 1249 Τὸ
1413 1211 1448 1249 δὲ
1478 1211 1610 1255 ἀνοῖξαι
1638 1210 1678 1249 τὸ
1698 1211 1811 1263 στόμα
1834 1216 1936 1251 αὐτοῦ
1950 1244 1958 1258 ,
1977 1211 2016 1250 τὸ
2036 1213 2234 1266 ἑρμηνεύειν
2256 1212 2356 1250 αὐτὸν

1331 1263 1445 1315 λέγει·
1462 1263 1502 1301 τὸ
1518 1263 1553 1303 δὲ
1569 1268 1678 1316 εὑρεῖν
1693 1267 1728 1303 ἐν
1747 1266 1841 1318 αὐτῷ
1863 1268 2039 1316 στατῆρα,
2058 1266 2098 1303 τὸ
2113 1268 2358 1316 πνευματικῶς

1333 1317 1434 1355 αὐτὸν
1470 1317 1667 1369 ἀνακρίνειν
1696 1318 1874 1369 σημαίνει.
1893 1320 1956 1370 Τῷ
1985 1318 2020 1356 δὲ
2044 1318 2177 1370 Παύλῳ
2197 1321 2242 1361 ὡς
2267 1333 2357 1364 σκη-

1333 1370 1494 1422 νοῤῥάφῳ
1520 1369 1564 1408 τὰ
1594 1370 1673 1417 ἔθνη
1707 1371 1927 1438 ἐνεχείρισεν,
1951 1370 2007 1408 ἵνα
2029 1370 2150 1423 ἐνδύσῃ
2175 1369 2231 1408 διὰ
2249 1369 2355 1421 νόμου

1333 1424 1392 1460 καὶ
1411 1426 1474 1468 τῆς
1490 1422 1631 1474 χάριτος
1650 1439 1819 1474 γυμνους,
1841 1424 1901 1461 ετὸ
1916 1424 2074 1462 κόκκινον
2094 1423 2245 1474 ἔνδυμα,
2264 1423 2303 1460 τὸ
2322 1422 2355 1466 ἐξ

1335 1474 1456 1518 ὕδατος
1487 1475 1548 1513 καὶ
1583 1475 1728 1526 αἵματος
1755 1477 1957 1515 δεσποτικοῦ
1979 1476 2099 1528 βαφέν.
2120 1476 2243 1519 Οὕτως
2262 1477 2356 1513 αὐτῶ

1335 1530 1352 1565 6
1383 1527 1563 1575 Δεσπότης
1585 1531 1687 1579 βοῶν,
1702 1527 1867 1576 Ἄπελθε,
1891 1529 2009 1580 φησὶν,
2038 1529 2092 1568 ὅτι
2123 1528 2191 1581 ἐγὼ
2214 1531 2260 1572 εἷς
2276 1517 2355 1573 ἔθνη

1337 1581 1474 1633 μακρὰν
1503 1582 1684 1619 ἀποστελῶ
1717 1597 1767 1619 σε.
1784 1580 1832 1619 ’Ὼ
1863 1582 2020 1633 μακαρία
2050 1581 2131 1625 δυὰς
2161 1585 2182 1627 ἡ
2217 1596 2359 1619 πιστευ-

1336 1638 1435 1672 θεῖσα
1468 1633 1547 1672 ὅλου
1580 1639 1640 1672 τοῦ
1670 1633 1801 1684 κόσμου
1832 1634 1894 1678 τὰς
1924 1635 2049 1686 ψυχάς.
2071 1634 2203 1685 Πέτρος
2221 1638 2243 1681 ἡ
2265 1633 2357 1685 ἀρχὴ

1334 1690 1396 1732 τῆς
1420 1686 1634 1739 ὀρθοδοξίας,
1671 1690 1688 1724 6
1720 1686 1831 1739 μέγας
1861 1690 1924 1732 τῆς
1957 1687 2170 1734 Ἐκκλησίας
2198 1686 2358 1739 ἱεροφάν-

1335 1755 1416 1785 της,
1451 1743 1468 1777 ὃ
1506 1743 1692 1791 ἀναγκαῖος
1720 1739 1913 1790 σύμὸουλος
1953 1742 2021 1777 τῶν
2056 1741 2289 1791 Χριστιανῶν,
2320 1738 2359 1776 τὸ

1337 1792 1519 1843 κειμήλιον
1547 1795 1616 1830 τῶν
1653 1792 1724 1829 ἄνω
1760 1792 1951 1843 δυνάμεων,
1983 1795 2001 1830 ὃ
2032 1792 2261 1843 τετιμημένος
2292 1791 2359 1828 ὑπὸ

1337 1850 1396 1883 τοῦ
1426 1845 1605 1883 Δεσπότου
1636 1844 1837 1889 ἀπόστολος.
1864 1846 2002 1889 Παῦλος
2022 1848 2039 1883 6
2059 1845 2166 1896 μέγας
2190 1848 2251 1891 τῆς
2272 1845 2358 1890 ἀλη-

1338 1897 1430 1940 θείας
1452 1897 1557 1950 κήρυξ
1572 1928 1581 1945 ,
1598 1898 1637 1936 τὸ
1656 1897 1827 1949 καύχημα
1841 1899 1903 1942 τῆς
1923 1897 2143 1948 οἰκουμένης,
2163 1901 2180 1936 6
2198 1900 2232 1936 ἐν
2257 1900 2359 1949 οὖρα-

1338 1956 1407 1993 νοῖς
1427 1950 1607 2003 ἄνθρωπος
1618 1981 1628 1998 ,
1643 1950 1701 1988 καὶ
1719 1951 1776 1989 ἐπὶ
1795 1953 1859 2002 γῆς
1878 1950 2023 2002 ἄγγελος
2035 1981 2044 1998 ,
2060 1955 2082 1998 ἡ
2101 1950 2182 1994 δόξα
2196 1953 2259 1996 τῆς
2275 1951 2358 1988 Έκ-

1338 2002 1487 2049 κλησίας
1501 2034 1510 2051 ,
1541 2007 1558 2042 ὃ
1588 2006 1621 2041 ἐν
1641 2004 1784 2054 ὑψηλοῖς
1814 2003 2002 2054 πετόμενος
2022 2003 2137 2050 ἀετὸς,
2152 2006 2173 2049 ἡ
2193 2003 2280 2054 λύρα
2299 2005 2358 2040 τοῦ

1338 2055 1567 2106 Πνεύματος,
1596 2060 1617 2103 ἡ
1645 2055 1792 2108 χελιδὼν
1827 2056 1887 2094 καὶ
1918 2055 2048 2103 τέττιξ,
2083 2056 2122 2094 τὸ
2147 2055 2289 2109 ὄργανον
2319 2054 2359 2093 τὸ

1341 2109 1542 2147 δεσποτικὸν
1557 2139 1567 2157 ,
1603 2108 1619 2127 ‘¹
1633 2112 1650 2146 6
1686 2108 1856 2161 γρήγορος
1889 2114 1948 2147 τοῦ
1981 2110 2133 2161 Χριστοῦ
2168 2108 2356 2160 ὑπηρέτης.

1339 2162 1480 2204 Παῦλος
1498 2162 1558 2200 καὶ
1579 2161 1729 2213 Πέτρος,
1751 2165 1781 2200 οἱ
1795 2162 1928 2206 ζευκτοὶ
1949 2162 2025 2214 βόες
2043 2165 2105 2208 τῆς
2121 2161 2334 2209 Ἔκκλησίας
2349 2191 2359 2208 ,

1340 2215 1371 2250 οἱ
1390 2214 1500 2261 καλὴν
1526 2214 1768 2266 πραγματείαν
1791 2218 1857 2265 ετῆ
1879 2214 2064 2266 οἰκουμένῃ
2100 2214 2361 2266 ἐμπορευσάμε-

1339 2282 1390 2304 νοι
1403 2294 1411 2310 ,
1433 2270 1464 2305 οἱ
1490 2267 1547 2305 τὸν
1568 2267 1714 2318 σταυρὸν
1733 2267 1808 2305 ἀντὶ
1828 2268 1928 2317 ζυγοῦ
1951 2267 2112 2317 ἄραντες,
2135 2267 2211 2304 ἀντὶ
2227 2267 2261 2304 δὲ
2279 2269 2359 2303 ἐπι-

1340 2318 1445 2357 ὅάτου
1462 2319 1520 2357 τὸν
1542 2321 1712 2370 Σωτῆρα,
1733 2319 1808 2356 ἀντὶ
1824 2318 1859 2357 δὲ
1879 2322 2028 2370 ζευγλῶν
2043 2319 2105 2363 τὰς
2127 2320 2274 2370 Γραφῶν
2289 2319 2360 2355 δια-

1340 2371 1468 2417 θήκας,
1490 2373 1566 2410 ἀντὶ
1584 2371 1619 2411 δὲ
1636 2371 1777 2424 κέντρου
1796 2371 1859 2418 τὴν
1875 2372 1979 2423 χάριν
1996 2377 2054 2410 τοῦ
2075 2371 2173 2423 ἁγίου
2197 2371 2358 2421 Πνεύμα-

1338 2439 1406 2467 τος.
1436 2426 1573 2469 Παῦλος
1607 2424 1666 2463 καὶ
1700 2424 1854 2476 Πέτρος,
1885 2428 1916 2462 οἱ
1943 2424 2005 2471 τὴν
2033 2423 2246 2469 Ἐκκλησίαν
2281 2426 2357 2461 καθ’

1338 2477 1474 2530 ἡμέραν
1502 2478 1763 2530 φαιδρύνοντες,
1791 2477 1835 2514 τὰ
1856 2484 1998 2528 ταμιεῖα
2026 2477 2067 2516 τὰ
2092 2475 2360 2524 δεσποτικὰ,τὰ

1338 2532 1530 2582 πανδοχεῖα
1549 2535 1612 2577 τῆς
1627 2529 1829 2579 οἰκουμένης
1841 2561 1850 2577 ,
1863 2530 1907 2568 τὰ
1924 2531 2041 2582 δοχεῖα
2062 2533 2121 2567 τοῦ
2142 2529 2358 2580 Πνεύματος,

1338 2587 1400 2629 τῆς
1423 2584 1522 2635 ἁγίας
1547 2584 1698 2636 Τριάδος
1719 2582 1764 2620 τὰ
1790 2584 2064 2636 ἑρμηνευτήρια,
2082 2586 2143 2628 τῆς
2163 2581 2359 2631 οἰκονομίας

1339 2641 1397 2674 τοῦ
1415 2637 1504 2676 θείου
1522 2636 1623 2688 λόγου
1642 2639 1673 2674 οἱ
1692 2636 1879 2687 ὑφηγηταί.
1902 2635 2053 2688 Πέτρος,
2073 2638 2089 2673 6
2106 2635 2186 2685 ἐμὸς
2205 2650 2359 2685 πνευμα-

1338 2690 1432 2732 τικὸς
1452 2689 1554 2743 ἔρως·
1585 2691 1741 2737 Παῦλος,
1769 2689 1807 2726 τὸ
1838 2692 1955 2730 σκεῦος
1977 2691 2039 2733 τῆς
2061 2689 2223 2738 ἐκλογῆς,
2242 2691 2264 2734 ἡ
2290 2685 2358 2737 ἐμὴ

1342 2743 1527 2794 βακτηρία.
1558 2741 1712 2795 Πέτρος,
1744 2744 1761 2779 6
1790 2741 1868 2785 ναὸς
1901 2745 1959 2778 τοῦ
1985 2742 2098 2778 Θεοῦ·
2128 2741 2286 2787 Παῦλος,
2320 2739 2361 2777 τὸ

1340 2795 1453 2845 στόμα
1477 2799 1536 2833 τοῦ
1556 2796 1725 2846 Χριστοῦ,
1745 2799 1766 2841 ἡ
1788 2793 1878 2845 λύρα
1896 2798 1955 2830 τοῦ
1974 2791 2174 2841 Πνεύματος
2190 2823 2199 2839 ,
2219 2793 2267 2830 *6
2286 2791 2360 2843 τρί-

1340 2864 1453 2900 πηχυς
1475 2848 1674 2900 ἄνθρωπος,
1695 2844 1706 2866 s
1719 2847 1777 2884 καὶ
1801 2849 1869 2884 τῶν
1889 2848 2039 2898 οὐρανῶν
2061 2844 2253 2894 ἁπτόμενος
2266 2861 2273 2867 ·
2291 2848 2308 2882 ὁ
2325 2847 2358 2882 ἐν

1338 2900 1435 2953 τόπῳ
1464 2901 1777 2952 περιγραφόμενος,
1807 2898 1866 2936 καὶ
1889 2898 1946 2935 τὸν
1983 2897 2112 2947 κόσμον
2145 2898 2283 2935 ἅπαντα
2310 2899 2361 2948 τῷ

1339 2954 1500 3004 Δεσπότῃ
1524 2952 1745 3005 περιγράφων
1760 2967 1767 2974 ·
1784 2954 1801 2988 6
1822 2950 1890 2989 ἀπὸ
1909 2949 2140 3001 Ἰερουσαλὴμ
2164 2949 2223 2987 καὶ
2244 2948 2360 3000 κύκλῳ

1341 3008 1445 3060 μέχρι
1471 3011 1530 3045 τοῦ
1554 3006 1747 3057 Ἰλλυρικοῦ
1767 3002 2007 3055 πεπληρωκὼς
2027 3003 2066 3040 τὸ
2089 3002 2285 3054 εὐαγγέλιον
2300 3006 2361 3039 τοῦ

1401 3156 1416 3172 ²¹
1441 3159 1456 3189 ὁ
1478 3160 1623 3198 τρίπηχυς
1648 3157 1818 3196 ἅνθρωπος,
1832 3149 2028 3182 tricubitalis
2050 3148 2157 3181 ῘιοΙηο.
2172 3147 2227 3179 Sic
2250 3145 2360 3177 bomi-

1357 3218 1431 3239 nem
1450 3218 1467 3238 a
1491 3214 1625 3238 staturae
1643 3214 1793 3235 mensura
1811 3210 1909 3234 vocat
1933 3201 2190 3244 Chrysostomus
2206 3201 2305 3234 Tom,
2325 3201 2358 3240 7,

1359 3271 1389 3300 p.
1410 3259 1485 3297 589,
1500 3266 1533 3290 et
1548 3255 1627 3288 alibi
1646 3272 1652 3289 :
1674 3262 1773 3287 vocat
1788 3255 1866 3286 item
1883 3251 2097 3296 Geograplms
2113 3249 2298 3284 Nuhiensis.

1402 3313 1415 3335 ¹*
1439 3309 1539 3343 Savil.
1561 3308 1592 3341 111
1610 3318 1714 3350 marg.
1730 3312 1779 3340 καὶ
1796 3312 1833 3344 εἷς
1850 3311 1950 3350 τρίτον
1971 3309 2092 3350 οὐρανὸν
2113 3309 2239 3348 φθάνων.
