2481 3678
298 204 389 262 364

292 301 637 352 consubstantialem,
660 311 692 340 et
714 304 893 354 quomodo
920 303 1081 342 ostendat
1095 319 1131 343 se
1153 318 1275 357 parem

291 361 419 400 babere
446 364 681 415 potestatem?
705 365 745 402 Sc·
771 379 843 403 νος
875 366 1003 404 Filius
1034 367 1273 414 liberaverit,

291 436 394 460 nemo
423 424 636 462 contradicet
664 425 828 477 amplius,
846 425 905 464 sed
936 426 1075 464 firmam
1100 426 1277 464 habebitis

290 482 499 522 libertatem.
521 485 611 522 Nam
628 487 734 522 Deus
751 495 805 523 est
822 487 1104 539 quijustifieat‘,>
1123 489 1208 539 quis
1222 496 1277 524 est

291 548 358 596 qui
369 547 619 583 condemnet?
636 546 702 583 llic
716 560 735 583 a
756 556 896 597 peccato
911 561 946 584 se
964 561 1093 598 purum
1107 546 1274 597 ostendit,

289 606 458 657 illamque
477 607 652 658 significat
682 621 759 658 quie
785 607 926 645 nomine
942 617 1042 645 tenus
1062 618 1112 646 est
1131 609 1278 646 liberta-

288 676 372 716 tem,
388 683 495 718 quain
513 668 598 706 dant
611 668 772 706 homines
794 684 801 704 τ
823 669 924 706 illam
942 684 1027 707 vcro
1041 670 1163 717 aliam,
1181 670 1277 708 solus

290 728 399 765 Deus.
417 729 509 766 Hinc
523 728 595 766 illis
614 727 737 765 suadet
748 742 790 765 ne
804 738 950 781 propter
962 729 1053 767 hane
1071 731 1278 768 servitutem

288 791 518 838 erubescant,
549 790 610 828 sed
641 800 787 843 propter
819 792 951 843 peccati
982 792 1198 830 servitutem.
1230 793 1278 830 Et

289 851 470 890 ostendere
495 852 616 890 volens
649 852 755 904 ipsos,
774 852 837 890 etsi
866 853 960 890 servi
984 866 1052 890 non
1088 853 1171 900 sint,
1194 853 1278 903 quia

287 913 387 951 illam
411 924 619 967 respuerunt
647 914 866 963 servitutem,
883 915 997 965 magis
1025 918 1139 952 tamen
1159 930 1279 954 servos

763 222 800 251 S.
835 222 1012 252 JoANle

1049 222 1129 253 ΕΗΒ
1138 222 1289 254 YSOST.
1330 223 1532 254 Ancum-31).
1571 221 1903 255 CONSTAN'MNOP
1912 245 1920 254 .

1347 305 1411 352 τὴν
1436 305 1541 352 αὐτὴν
1561 305 1685 357 ἔχοντα
1705 307 1796 358 αὐτῷ
1812 306 1966 350 ἐξουσίαν
1987 306 2121 358 ἐκείνῳς
2152 304 2235 345 Ἐὰν
2252 308 2270 345 6
2290 307 2369 352 Υἱὲ-ς

1348 368 1438 416 ὑμᾶς
1464 364 1691 418 ἐλευθερώσῃ,
1718 367 1824 410 οὐδεὶς
1851 367 2021 419 ἀντιλέγει
2035 367 2168 415 λοιπὸν,
2199 367 2288 406 ἀλλὰ
2315 371 2370 419 βε-

1350 424 1452 464 &octav
1475 425 1572 477 ἔχετε
1591 426 1653 472 τὴν
1678 426 1884 480 ἐλευθερίαν.
1911 428 2000 472 Θεὸς
2019 427 2086 481 γὰρ
2108 430 2123 465 6
2146 429 2301 476 δικαιῶν,
2320 429 2371 472 τίς

1349 489 1366 524 6
1383 486 1601 538 κατακρίνων
1617 502 1627 533 3
1657 489 1832 526 Ἐνταῦθα
1851 487 1999 526 δείκνυσι
2018 488 2077 526 καὶ
2096 488 2268 542 ἁμαρτίας
2288 491 2370 527 {oto-

1349 545 1405 583 τὸν
1434 545 1596 597 καθαρὸν,
1625 546 1684 583 καὶ
1710 545 1773 593 τὴν
1794 545 1898 598 μέχρι
1922 546 2156 599 προσηγορίας
2179 547 2370 600 ἐλευθερίαν

1351 605 1556 644 αἰνίττεται·
1576 606 1705 654 ταύτην
1723 606 1791 659 γὰρ
1809 606 1869 644 καὶ
1899 607 2075 660 ἅνθρωποι
2094 607 2259 655 διδόασιν,
2281 609 2372 646 ἐκεί-

1349 682 1410 713 νην
1435 665 1469 704 δὲ
1498 667 1598 718 μόνος
1625 671 1643 705 6
1670 667 1770 711 Θεός.

1350 727 1398 778 μὴ
1416 728 1666 780 αἷσχύνεσθαι’
1652 745 1709 767 επι
1725 732 1767 780 τῇ
1785 729 1922 781 δουλείᾳ
1939 745 2063 780 ταυτῃ,
2081 730 2157 766 ἀλλ’
2175 729 2233 767 ἐπὶ
2250 733 2292 781 τῇ
2308 732 2370 776 τ’ἧς

1819 668 1888 706 Καὶ
1910 668 1966 706 διὰ
1986 668 2107 706 τούτου
2123 668 2234 706 πείθει
2251 667 2370 712 αὐτοὺς

1349 788 1533 841 ἁυ.αρτίας.
1562 789 1658 828 ἃΚαὶ
1682 790 1888 841 βουλόμενος
1910 789 2055 834 δέξαι’
2035 807 2099 838 οτι,
2127 791 2157 828 εἰ
2177 791 2236 828 καὶ
2253 792 2366 829 δουλοι

1349 850 1410 886 οὐκ
1425 853 1526 896 ἦσαν,
1546 850 1602 887 διὰ
1623 867 1681 888 του
1704 850 1837 897 ἐκείνην
1860 850 2170 904 ἀποκρούσασθαι
2165 853 2293 889 μᾶλλον
2315 867 2371 903 γε-

1348 909 1469 960 γόνασι
1499 912 1635 959 δουλοι,
1663 912 1836 964 ε’πηγαγεν
1867 912 2010 959 εὐθέως,
2038 912 2176 956 ”ιΟντι)ς
2200 911 2372 986 ἐλεύθεροι

288 974 398 1012 factos
418 990 501 1023 esse,
523 976 642 1013 statim
662 975 795 1024 intulit,
812 977 907 1012 Vere
933 976 1043 1012 liberi
1073 978 1206 1019 eriti5,·
1225 976 1279 1013 in—
1304 977 1327 1008 C
1349 971 1476 1010 ἔσεσθε
1516 971 1589 1010 Διὰ·
1626 972 1660 1011 δὲ
1693 989 1755 1020 της
1793 975 1860 1011 ἐπα
1863 977 1978 1026 (tostis
2012 974 2071 1012 md
2099 973 2282 1026 ἕυ-φαίνῑῑ,
2319 989 2371 1011 0⁶5²

289 1030 402 1086 detine
425 1036 582 1074 declarat
606 1037 696 1073 hanc
728 1050 797 1073 non
824 1050 897 1072 csse
915 1049 1037 1074 veram
1063 1035 1276 1074 libertatem.

290 1096 430 1133 Deinde
448 1110 490 1133 ne
506 1096 663 1133 dicerent
683 1110 717 1132 se
728 1104 912 1147 peecatum
937 1108 1005 1131 non
1022 1094 1152 1131 habere
1172 1098 1184 1142 (
1198 1109 1279 1133 nam

290 1156 458 1193 credibile
474 1166 545 1194 erat
564 1157 632 1193 hoe
647 1170 720 1193 esse
735 1155 922 1204 dicturos),
941 1154 1023 1192 vide
1039 1154 1214 1204 quomodo
1230 1156 1277 1192 il-

287 1217 339 1254 los
353 1227 502 1255 accuset.
519 1217 671 1255 Omissis
691 1216 826 1254 eaeteris
843 1216 879 1253 in
896 1215 1042 1253 illorum
1064 1216 1136 1253 vita
1155 1230 1277 1268 repro-

286 1279 427 1327 bandis,
434 1279 500 1315 hoc
511 1277 764 1328 facinus,quod
773 1277 849 1329 jam
863 1276 1057 1328 agitabant,
1069 1277 1105 1314 in
1117 1277 1276 1316 medium

287 1339 433 1377 adducit
447 1355 454 1375 ε
473 1340 534 1376 57.
548 1339 633 1377 Scio
651 1341 743 1391 quia
756 1352 885 1376 semen
899 1337 940 1375 A
944 1339 1074 1376 brahoe
1088 1341 1190 1384 estis,
1211 1341 1279 1377 sed

288 1404 458 1454 quoeritis
487 1416 545 1439 me
575 1401 805 1453 interficere.
839 1400 979 1438 Sensim
1012 1400 1109 1452 ejicit
1131 1400 1212 1438 illos
1230 1402 1276 1439 ab

288 1462 440 1500 Abrahae
453 1462 658 1514 cognatione
674 1462 750 1511 illa,
769 1461 899 1499 docens
915 1475 958 1498 ne
973 1461 1086 1498 altum
1102 1461 1163 1499 illa
1181 1462 1226 1499 de
1239 1477 1277 1500 re

288 1533 459 1576 saperent.
477 1524 577 1563 Sicut
603 1523 697 1561 enim
729 1522 875 1560 libertas
894 1531 927 1559 et
945 1521 1098 1560 servitus
1125 1522 1171 1559 ab
1194 1537 1276 1575 ope-

288 1585 388 1623 ribus
410 1585 576 1637 pendent,
605 1585 652 1622 ita
679 1593 712 1621 et
736 1583 908 1634 cognatio.
925 1584 998 1621 Nec
1027 1583 1146 1621 statim
1169 1583 1277 1633 dixit,

288 1646 367 1683 Non
388 1646 470 1684 estis
490 1646 556 1683 filii
577 1644 727 1682 Abrahae
749 1644 847 1681 illius
859 1644 960 1696 justi,
982 1658 1046 1682 vos
1067 1644 1276 1694 homicidae3

289 1706 349 1744 sed
370 1706 536 1744 cumillis
559 1705 676 1743 adhuc
699 1714 866 1743 consonat
890 1704 1060 1755 dicitque,
1081 1705 1166 1743 Scio
1184 1709 1277 1758 quia

288 1782 416 1806 semen
428 1768 469 1805 A
473 1769 602 1805 brulwe
615 1769 704 1805 estis
714 1783 728 1812 ,·
744 1780 868 1804 verum
884 1780 953 1804 non
970 1775 1020 1803 est
1038 1765 1135 1817 quod
1148 1768 1277 1818 quaeri-

288 1837 366 1866 tur:
383 1829 500 1880 etjam
524 1827 683 1880 asperius
705 1827 741 1864 in
761 1827 842 1864 illos
857 1826 1050 1865 invehitur.
1072 1826 1216 1864 Etenim
1238 1837 1278 1864 ut

289 1886 484 1942 plurimum
509 1888 770 1927 observandum
792 1897 854 1937 est,
873 1888 992 1940 ipsum
1013 1901 1093 1925 cum
1106 1902 1277 1939 magnum

287 1951 473 2003 quidpiam
492 1961 542 1989 est
556 1960 775 2003 operaturus,
788 1958 975 2002 postquam
989 1949 1028 1987 id
1047 1950 1180 2000 fecerit,
1198 1964 1277 1989 ma<

283 2012 361 2064 jore
381 2012 430 2049 uti
459 2011 624 2063 loquendi
651 2011 797 2059 fiducia,
831 2019 953 2062 utpote
975 2025 1056 2048 cum
1076 2010 1152 2062 ipsa
1172 2025 1274 2063 opera

287 2073 520 2111 contentiosos
535 2072 741 2125 reprimant.
765 2072 839 2110 Sed
860 2074 1031 2124 quaeritis
1051 2086 1110 2108 me
1129 2073 1276 2124 interfi-

287 2148 383 2172 cere.
412 2134 523 2182 Quid,
555 2133 583 2170 si
611 2132 730 2185 juste?
751 2133 795 2169 At
826 2145 894 2168 non
924 2130 974 2168 sic
1005 2145 1040 2169 se
1066 2146 1120 2169 res
1140 2132 1273 2170 habet:

286 2204 502 2247 quapropter
530 2208 671 2231 causam
696 2193 757 2230 ille
785 2193 900 2242 affert,
918 2192 1001 2242 quia
1020 2192 1150 2230 Sermo
1171 2207 1276 2231 mens
1300 2202 1325 2231 E

289 2270 365 2292 non
385 2259 489 2307 capit
509 2258 550 2292 in
566 2257 691 2292 vobis.
713 2252 901 2300 Quomodo
927 2266 1009 2304 ergo
1029 2252 1077 2290 ait
1102 2253 1137 2290 in
1158 2253 1276 2304 ipsum

287 2318 502 2357 credidisse?
517 2320 666 2366 Verum,
681 2326 720 2354 ut
735 2316 828 2365 dixi,
839 2316 967 2353 iterum
980 2314 1106 2353 mutati
1121 2315 1272 2353 fucrant.

286 2380 371 2418 Ideo
387 2380 614 2419 vehementer
628 2379 664 2416 in
686 2378 767 2416 illos
787 2377 978 2416 invehitur.
1001 2378 1092 2415 Nam
1110 2377 1139 2414 si
1158 2377 1203 2414 de
1218 2392 1276 2415 co-

288 2442 452 2492 gnatione
472 2441 533 2478 illa
556 2439 774 2492 gloriamini,
793 2448 831 2476 ut
849 2438 925 2477 vita
943 2448 1108 2477 consonet
1122 2448 1272 2491 oportet.

288 2492 361 2542 Nec
379 2502 486 2547 dixit,
502 2503 582 2539 Non
603 2501 728 2553 capitis
748 2500 918 2550 verbum,
935 2499 1007 2548 sed,
1025 2500 1156 2538 Sermo
1173 2514 1277 2538 meus

289 2579 366 2601 non
387 2567 489 2615 capit
509 2567 550 2600 in
570 2566 696 2612 vobis,
716 2562 926 2614 dogmatum
941 2575 1086 2599 suorum
1106 2561 1275 2599 sublimi-

288 2633 394 2661 tatem
414 2624 500 2661 decl
503 2639 530 2660 ιι·
533 2638 605 2661 ans.
630 2623 737 2674 Atqui
763 2636 832 2660 non
860 2621 938 2659 ideo
954 2622 1150 2660 interficere
1169 2636 1275 2674 opor-
1288 2646 1335 2671 318
1347 2621 1490 2697 γμάτων
1524 2618 1812 2670 ἐπιδεικνύμενος.

1351 1030 1437 1078 αὕτη
1455 1037 1476 1079 ἧ
1498 1033 1672 1085 ἐλευθερία
1695 1037 1755 1072 οὐκ
1775 1035 1916 1081 ἀληθής
1949 1026 2070 1073 Εἶτα
2065 1035 2117 1073 ι’να
2141 1036 2189 1086 μὴ
2209 1035 2370 1087 λεγωσιν,

1348 1091 1400 1129 ὅτι
1421 1093 1595 1145 ἁμαρτίαν
1619 1097 1678 1132 οὐκ
1704 1095 1828 1146 ἔχομεν
1850 1095 1954 1146 (εἰκὸς
1972 1096 2038 1148 γαρ
2061 1113 2160 1135 τουτο
2178 1112 2219 1143 ην
2236 1097 2370 1141 εἷπεῖνλ,

1347 1151 1410 1204 ὅρα
1437 1155 1511 1196 πῶς
1539 1153 1661 1197 αὐτους
1689 1170 1736 1197 εις
1757 1154 1819 1201 τὴν
1845 1157 2091 1208 κατηγορίανε
2078 1157 2216 1195 ἐνέὸαλε
2230 1156 2370 1203 ταύτην.

1345 1210 1456 1263 'Apate
1471 1212 1538 1265 γὰρ
1562 1213 1677 1252 πάντα
1698 1217 1808 1253 αὐτῶν
1833 1216 1969 1268 ἐλέγξαι
1990 1218 2046 1255 τὸν
2077 1217 2149 1268 βίον
2164 1248 2173 1265 ,
2201 1221 2302 1255 τοῦτο
2328 1217 2367 1254 τὸ

1348 1273 1437 1323 μετὰ
1453 1280 1586 1326 χεῖρας,
1612 1274 1630 1313 ὃ
1645 1275 1695 1313 ἔτι
1710 1276 1875 1328 πράττειν
1892 1277 2084 1325 ἐδούλοντο,
2101 1278 2177 1328 ἄγει
2193 1280 2241 1321 εἷς
2253 1277 2371 1328 μέσον,

1344 1334 1404 1373 καί
1433 1351 1535 1387 φησιν
1552 1352 1559 1359 ·
1593 1330 1685 1375 Οἶδα
1705 1336 1756 1375 ὅτι
1784 1337 1925 1390 σπέρμα
1953 1338 2112 1391 Ἀδραάμ
2141 1340 2238 1376 {ct-s·
2272 1337 2362 1376 ἀλλὰ

1346 1397 1480 1444 ζητεῖτε’
1514 1414 1557 1448 με
1599 1400 1813 1437 ἀποκτεῖναι.
1855 1399 1992 1451 Ἠρέμα
2027 1399 2087 1438 καὶ
2124 1399 2214 1438 κατὰ
2246 1399 2367 1452 μικρὸν

1346 1457 1508 1496 ἐκὸάλλει
1531 1462 1594 1505 τῆς
1613 1459 1810 1511 συγγενείας
1830 1460 1952 1503 αὐτοὺς
1970 1460 2113 1508 ἐκείνης,
2128 1459 2300 1498 παιδεύων
2320 1459 2368 1511 μὴ

1348 1519 1438 1570 μέγα
1463 1527 1596 1572 φρονεῖν
1625 1520 1681 1559 ἐπὶ
1704 1521 1828 1573 τούτῳ.
1857 1520 1996 1574 ἽἘσπερ
2021 1521 2088 1574 γὰρ
2116 1521 2291 1573 ἐλευθερία
2308 1522 2367 1559 καὶ

1348 1580 1486 1618 δουλεία
1505 1581 1574 1619 ἀπὸ
1590 1583 1659 1619 τῶν
1676 1581 1797 1634 ἔργων,
1818 1582 1906 1621 οὕτω
1922 1583 1980 1621 καὶ
1997 1581 2191 1634 συγγένεια.
2224 1582 2294 1621 Καὶ
2310 1585 2370 1620 οὐκ

1347 1635 1441 1679 εἶπεν
1459 1642 1592 1691 εὐθέως,
1610 1646 1672 1681 οὐκ
1688 1642 1764 1682 ἐστὲ
1779 1649 1837 1682 τοῦ
1854 1643 2026 1697 Ἀδραὰμ,
2047 1647 2077 1682 οἱ
2094 1643 2293 1696 ἀνδροφόνοι
2311 1649 2370 1682 τοῦ

1348 1703 1500 1742 δικαίου·
1527 1704 1615 1743 ἀλλὰ
1644 1705 1702 1743 καὶ
1724 1705 1903 1758 συντρέχει
1921 1705 2018 1752 τέως,
2047 1705 2108 1743 καί
2127 1721 2230 1756 φησιν
2244 1720 2251 1728 ·
2279 1697 2371 1742 Οἶδα

1347 1764 1400 1802 ὅτι
1433 1764 1574 1817 σπέρμα
1600 1766 1759 1819 Ἀδραάμ
1785 1767 1881 1805 ἐστε·
1914 1765 2029 1804 1’ἀλλὰ
2049 1768 2085 1804 οὖ
2108 1765 2208 1804 τοῦτό
2227 1768 2300 1804 ἐστι
2329 1765 2367 1803 τὸ

1348 1825 1566 1877 ζητούμενον,
1594 1826 1653 1864 καὶ
1675 1827 1795 1865 λοιπὸν
1813 1827 2121 1880 καταφορικωτέρᾳ
2143 1826 2368 1880 κέχρηται-τῇ

1350 1887 1546 1941 δημηγορίᾳ
1568 1887 1691 1939 ταύτῃ.
1721 1887 1791 1926 Καὶ
1810 1888 1877 1940 γάρ
1894 1890 1985 1926 ἐστιν
2003 1891 2049 1930 ὡς
2063 1888 2106 1926 τὰ
2121 1887 2232 1927 πολλὰ
2251 1903 2368 1939 παρα-

1347 1951 1514 2001 τηρῆσαι,
1544 1948 1597 1987 ὅτι
1625 1948 1761 2000 μέλλων
1784 1949 1873 2000 μέγα
1898 1948 2103 2001 ἐργάζεσθαί
2129 1965 2188 1997 τι,
2218 1949 2306 2000 μετὰ
2331 1949 2370 1986 τὸ

1349 2009 1585 2062 ἐργάσασθαι,
1613 2009 1746 2048 πλείονι
1765 2008 1936 2062 κέχρηται
1955 2013 1998 2061 τῇ
2019 2010 2220 2063 παρρησία,
2239 2013 2286 2054 ὡς
2308 2014 2370 2056 τ’ῆς

1347 2071 1539 2123 μαρτυρίας
1558 2074 1619 2117 τῆς
1639 2070 1707 2109 ἀπὸ
1723 2073 1790 2108 τῶν
1809 2069 1916 2124 ἔργων
1935 2071 2221 2122 ἓπιστομιζούσης
2237 2071 2370 2113 αὐτούς.

1348 2132 1453 2170 Ἀλλὰ
1475 2131 1610 2178 ζητεῖτέ
1630 2147 1673 2182 με
1693 2133 1907 2169 ἀποκτεῖναι.
1941 2131 1989 2170 Τί
2004 2125 2075 2180 οἶν,
2097 2135 2126 2170 εἷ
2144 2132 2283 2176 δικαίως
2299 2149 2369 2185 φη-

1350 2193 1426 2240 σίν,
1456 2194 1545 2230 Ἀλλ’
1574 2191 1651 2230 οὐδὲ
1684 2195 1801 2230 τοῦτο·
1840 2192 1891 2230 διὸ
1920 2192 1980 2230 καὶ
2003 2192 2067 2240 τὴν
2088 2192 2200 2231 αἰτίαν
2222 2193 2369 2241 τίθησιν,

1349 2254 1402 2293 ὅτι
1417 2253 1462 2291 ‘O
1482 2253 1579 2304 λόγος
1598 2256 1615 2290 6
1633 2253 1713 2303 ἐμὸς
1732 2254 1770 2290 οὗ
1787 2259 1895 2304 χωρεῖ
1912 2254 1945 2290 ἐν
1964 2256 2056 2304 ὑμῖν.
2077 2255 2160 2297 Πῶς
2177 2248 2232 2291 οῧν
2252 2270 2368 2305 φησιν,

1348 2315 1401 2354 ὅτι
1423 2313 1600 2352 ἐπίστευον
1623 2315 1670 2357 εἷς
1687 2312 1806 2360 αὐτόν,
1831 2313 1923 2352 Ἀλλ’
1942 2313 2027 2366 ὅπερ
2044 2314 2140 2366 ἔφην,
2158 2315 2372 2365 μετετίθεντο

1347 2375 1463 2414 πάλιν.
1493 2375 1556 2413 Διὸ
1575 2391 1635 2412 και
1652 2374 1784 2427 σφόδρα
1803 2390 1914 2412 αυτων
1937 2375 2129 2427 καθήψατο.
2162 2377 2205 2413 Εἰ
2224 2376 2292 2429 γὰρ
2307 2376 2369 2422 την

1348 2436 1545 2489 συγγένειαν
1568 2438 1704 2488 αυχεῖτε
1730 2434 1874 2482 ἐκείνου,
1895 2451 1954 2473 και
1970 2434 2027 2473 τὸν
2047 2435 2119 2487 βίον
2136 2437 2368 2481 ἐπιδείξασθαι

1347 2498 1430 2550 χρή.
1465 2497 1535 2535 Και
1561 2499 1621 2535 οὐκ
1644 2500 1752 2544 εἶπεν,
1772 2497 1809 2534 οὐ
1829 2502 1974 2549 χωρεῖτε
1994 2497 2052 2535 τὸν
2071 2497 2184 2549 λόγον,
2205 2499 2294 2546 ἀλλ’,
2315 2500 2368 2536 Οὐ

1346 2566 1455 2612 χωρεῖ
1475 2563 1492 2598 6
1513 2559 1594 2609 ἐαὸς
1610 2557 1744 2609 λόγος
1730 2574 1763 2596 εν
1783 2561 1880 2609 ὑμῖν,
1903 2558 1942 2596 τὸ
1960 2558 2090 2609 ὑψηλὸν
2109 2561 2211 2597 αὐτοῦ
2231 2561 2298 2597 τῶν
2317 2560 2371 2597 δο-

1864 2619 1989 2658 Καίτοι
2025 2620 2100 2659 οὐδὲ
2134 2620 2221 2673 ὑπὲρ
2250 2619 2370 2659 τούτου

288 2684 465 2732 tuit3i1no
486 2685 602 2751 potius
622 2685 793 2722 honoiaie
809 2692 843 2720 et
867 2683 1001 2721 colere?
1023 2685 1072 2721 Ut
1087 2683 1272 2721 discerent.
1299 2684 1324 2713 Λ
1348 2685 1500 2734 ἀναιρεῖν
1528 2683 1653 2734 εχρῆν,
1674 2680 1764 2718 ἀλλὰ
1794 2683 1924 2731 μᾶλλον
1950 2697 2055 2733 τιμαν
2075 2697 2134 2719 και
2155 2682 2370 2736 θεραπεύειν,

288 2746 358 2785 Sed
377 2745 476 2795 quid,
493 2745 521 2781 si
556 2756 591 2783 ιιι
613 2761 632 2783 a
654 2745 838 2796 temetipso
862 2744 937 2781 haec
957 2744 1125 2795 loqueris,
1145 2754 1184 2782 ut
1197 2744 1272 2783 liaec

289 2825 386 2862 p1aev
389 2811 493 2857 611ἰε,ιι
511 2810 583 2847 ait:
600 2808 660 2845 58.
679 2809 769 2857 Quoe
787 2821 854 2858 ego
874 2807 960 2843 vidi
983 2807 1089 2857 apud
1113 2808 1273 2844 Patrem

288 2886 427 2921 meum,
447 2873 526 2908 haee
545 2871 706 2921 loquor:
726 2877 761 2905 et
780 2882 852 2905 ‘vos
881 2881 966 2919 quoe
992 2868 1154 2905 audistis
1168 2868 1274 2919 apud

283 2942 435 2985 patrem
471 2940 654 2975 vestrum,
673 2931 816 2979 facitis.
838 2931 888 2967 Ut
910 2942 995 2980 ego,
1028 2929 1159 2979 inquit,
1184 2938 1218 2966 et
1236 2942 1272 2966 re

286 3004 320 3031 et
338 2993 456 3031 verbis
472 2990 614 3029 ostendo
629 2992 781 3039 Patrem,
793 2989 840 3026 ita
861 2998 893 3026 et
912 3003 1022 3027 vosre
1032 2990 1271 3028 tantum.Non

286 3054 391 3091 modo
402 3052 496 3090 enim
505 3050 664 3089 eamdem
673 3049 791 3086 substa
797 3049 916 3097 utiam,
925 3048 985 3086 scd
996 3049 1155 3087 camdem
1165 3064 1271 3100 quam

331 3196 343 3210 ἰ·
354 3184 414 3217 1116
427 3185 495 3226 ipse
506 3182 618 3216 Codex
639 3182 782 3224 optimus
794 3179 881 3211 liunc
892 3179 1001 3211 locum
1018 3181 1063 3211 sic
1082 3182 1231 3222 apprime
1242 3192 1287 3213 re-

288 3236 395 3270 stituit.
410 3241 474 3270 ικαὶ
485 3239 664 3281 βουλόμενος
674 3237 761 3273 δεῖξαι
772 3238 817 3266 ὅτι
831 3237 856 3265 εἰ
868 3237 915 3265 καὶ
927 3235 1021 3266 δοῦλοι
1033 3236 1082 3265 οὖν.
1098 3235 1172 3269 ’ἦσαν
1183 3236 1230 3267 διὰ
1243 3238 1295 3267 τοῦ

288 3296 397 3328 ἐκείνην
419 3292 655 3334 ἀποκρούσασθαι
679 3292 731 3324 τὴν
755 3288 907 3323 δουλείαν,
926 3291 991 3316 etc.
1016 3291 1051 3316 ut
1075 3295 1186 3325 supra.
1206 3283 1296 3316 Editi

291 3354 301 3373 x
312 3353 367 3374 ero
378 3343 424 3373 sie
435 3339 571 3378 habent,
581 3344 627 3373 καὶ
638 3341 725 3381 βουλ.
739 3340 826 3375 δεῖξαι
836 3341 880 3370 ὅτι
898 3338 1004 3369 δοῦλοι.
1013 3360 1019 3366 .
1028 3339 1294 3382 ἀποκρούσασθαι.

291 3400 406 3438 μᾶλλον
423 3397 452 3427 δὲ
470 3397 605 3426 δείκνυσιν
622 3395 704 3428 ὄντας
727 3391 843 3426 &oblatas
859 3395 900 3431 τῷ
920 3393 1024 3428 εἰπεῖν,
1049 3390 1136 3426 ὅντως
1153 3391 1299 3431 ἐλεύθεροι

1345 2743 1435 2782 ὥστε
1453 2746 1586 2794 μαθεῖν.
1616 2741 1663 2779 Τί
1678 2744 1748 2784 οὖν,
1766 2757 1882 2793 φησιν,
1901 2741 1940 2778 ἂν
1960 2742 2028 2779 ἀπὸ
2044 2747 2172 2780 σαυτοῦ
2187 2748 2295 2781 ταῦτα
2312 2745 2370 2781 λα-

1365 2821 1428 2856 ῃς;
1453 2803 1521 2842 Διὰ
1541 2818 1642 2840 τουτο
1662 2802 1854 2854 ἐπηγαγεν·

1343 2865 1460 2916 Πατρί
1484 2880 1562 2915 μου,
1580 2866 1690 2901 ταῦτα
1708 2863 1806 2900 λαλῶ
1821 2877 1829 2884 “
1852 2861 1912 2900 καὶ
1933 2864 2030 2912 ὑμεῖς
2049 2862 2071 2899 ἃ
2087 2863 2257 2908 ἠκούσατε
2274 2842 2370 2916 παρα

1882 2800 1922 2839 Α
1950 2801 2017 2853 ἐγω
2035 2801 2174 2855 εώρακα
2198 2802 2294 2855 παρὰ
2317 2820 2367 2840 τι)

1343 2930 1402 2965 τοῦ
1420 2926 1549 2978 πατρὸς
1567 2926 1683 2975 ὑμῶν,
1703 2928 1844 2960 ποιεῖτε.
1879 2922 2019 2974 ’Ἐξσπερ
2034 2953 2043 2970 ,
2073 2924 2197 2975 φησὶν,
2220 2924 2288 2977 ἐγὼ
2311 2925 2370 2963 καὶ

1343 2987 1412 3027 ἀπὸ
1432 2989 1499 3024 τῶν
1522 2984 1699 3037 ῥημάτων,
1718 2983 1778 3021 καὶ
1793 2984 1861 3021 ἀπὸ
1875 2986 1936 3030 τῆς
1954 2984 2117 3031 ἀληθείας
2133 2985 2292 3037 ἐμφαίνω
2309 2987 2366 3024 τὸν

1342 3046 1500 3100 Πατέρα,
1514 3045 1603 3085 οὕτω
1619 3045 1678 3083 καὶ
1693 3047 1791 3095 ὑμεῖς
1808 3044 1876 3082 ἀπὸ
1889 3047 1957 3082 τῶν
1972 3045 2204 3097 πραγμάτων.
2233 3048 2286 3084 Οὐ
2301 3046 2369 3099 γὰρ

1359 3185 1467 3215 ἔσεσθε.
1498 3182 1585 3213 τοῦτο
1613 3180 1643 3211 δὲ
1672 3181 1863 3222 ἐμφαίνοντός
1887 3182 1963 3212 ἐστιν
1989 3182 2046 3211 ὅτι,
2078 3177 2171 3210 Unus
2194 3176 2295 3209 habet
2321 3184 2371 3212 Xy),

1360 3235 1557 3276 βουλομένους
1573 3232 1661 3268 δεῖξαι
1674 3255 1682 3270 ,
1700 3239 1771 3270 quae
1787 3226 1897 3270 lectio,
1915 3239 1989 3261 meo
2002 3227 2134 3271 quidem
2147 3228 2288 3272 judicio,
2302 3241 2369 3262 non

1363 3281 1519 3326 quadrat.

1409 3338 1424 3360 b
1451 3333 1565 3367 Movet.
1586 3338 1666 3368 ἀλλὰ
1679 3338 1776 3373 τοῦτο,
1793 3330 1887 3363 male.
