2507 3673
579 229 622 258 ix
660 228 869 258 Josnnssn
905 226 1061 257 nonu„
1102 221 1305 252 Lxxxvu.
1345 204 1405 249 aL

70 321 170 359 λοντό
193 337 227 358 τι
258 319 337 371 περὶ
368 321 475 366 αὐτῆς
504 321 654 370 ἐρωτᾷν·
672 318 762 356 ἀλλὰ
785 317 825 355 τὸ
854 317 947 363 δέος,
966 315 1025 353 καὶ
1051 313 1091 350 τὸ

70 382 197 420 εἰδέναι
226 380 368 428 αὐτοὺς,
388 379 440 417 ὅτι
470 381 534 432 οὐχ
561 379 676 432 ἕτερός
692 395 744 422 τις
777 373 832 426 ἦν,
867 377 943 415 ἀλλ’
971 374 1090 419 αὐτὸς,

68 444 206 494 ἐπεῖχον
219 442 281 489 τὴν
305 440 486 494 ἐρώτησιν,
506 440 564 478 καὶ
593 439 692 490 μόνον
712 439 844 486 ἤσθιον,
867 438 954 489 ἅπερ
977 437 1092 476 αὐτοῖς

69 503 321 555 ἐδημιούργησε
356 501 445 553 μετὰ
478 501 633 544 πλείονος
663 500 828 545 ἐξουσίας.
858 499 1030 536 Ἐνταῦθα
1059 494 1094 532 δὲ

68 563 183 602 οὐκέτι
203 563 393 602 ἀναὸλέπει
416 564 463 606 εἷς
483 563 541 601 τὸν
560 561 714 614 οὐρανὸν,
733 560 808 600 οὐδὲ
829 559 873 598 τὰ
895 556 1094 608 ἀνθρώπινα

67 625 183 662 ἐκεῖνα
222 630 332 672 ποιεῖ,
369 623 499 667 ’δεικνὺς
540 622 592 661 ὅτι
627 625 771 661 κάκεῖνα
800 617 1095 672 συγκαταῧάσεως

67 684 182 723 ἕνεκεν
212 686 358 736 ἐγένετο.
377 684 466 723 ‘'O-cv.
485 685 521 722 δὲ
553 683 631 723 οὐδὲ
663 685 812 734 συνεχῶς
841 677 1090 730 ἐπεχωρίαζεν,

69 745 146 784 οὐδὲ
169 747 316 797 ὁμοίως,
336 746 451 799 λέγει,
471 746 523 783 ὅτι
549 744 677 796 Τρίτον
696 748 796 782 τοῦτο
815 742 921 793 ἐφάνη
958 742 1092 787 αὐτοῖς,

67 806 125 846 ὅτε
149 807 271 860 ἐγέρθη
294 811 332 846 ἐκ
349 810 492 859 νεκρῶν.
512 805 582 844 Καὶ
612 803 745 843 κελεύει
778 806 816 841 ἐκ
836 804 904 840 τῶν
936 800 1090 855 ὀψαρίων

68 871 235 919 ἐνεγκεῖν,
258 868 389 912 δεικνὺς
419 868 472 906 ὅτι
492 868 531 905 τὸ
549 865 721 918 ὁρώμενον
743 867 804 904 οὐκ
823 859 864 911 ἦν
893 864 1091 916 φάντασμα.

68 929 161 967 Ἀλλ’
182 932 328 967 ἐνταῦθα
349 929 411 980 μὲν
428 931 465 967 οὐ
484 927 596 978 λέγει,
616 927 669 965 ὅτι
698 926 803 980 ἔφαγε
825 926 902 977 μετ’
923 927 1054 963 αὐτῶν·
1076 928 1093 963 ὁ

68 989 104 1027 δὲ
119 992 256 1033 Λουκᾶς
276 991 432 1041 ἀλλαχοῦ
451 989 574 1027 ἃαύτόν
601 1005 716 1041 φησιν,
739 988 791 1026 ὅτι
820 986 1094 1037 Συναλιζόμενος

68 1052 182 1095 αὐτοῖς
198 1046 253 1098 ἦν.
274 1051 326 1089 Τὸ
350 1050 384 1089 δὲ
410 1053 504 1099 πῶς,
525 1053 590 1103 οὐχ
619 1050 788 1104 ἡμέτερον
819 1050 943 1087 εἰπεῖν·
976 1048 1093 1103 τρόπῳ

67 1112 135 1164 γάρ
155 1128 223 1150 τινι
250 1113 515 1166 παραδοξοτέρῳ
548 1117 659 1150 ταῦτα
690 1111 841 1164 ἐγίνετο,
865 1112 928 1163 οὐχ
960 1113 1006 1154 ὡς
1032 1114 1094 1157 τῆς

67 1174 202 1226 φύσεως
226 1175 390 1224 δεομένης
422 1175 617 1226 βρωμάτιον
646 1174 780 1219 λοιπὸν,
800 1172 890 1211 ἀλλὰ
922 1188 1096 1224 συγκατα-

70 1235 205 1278 δάσεως
222 1236 308 1287 πρὸς
328 1234 500 1279 ἀπόδειξιν
517 1239 579 1282 τῆς
594 1234 816 1278 ἀναστάσεως
829 1233 1023 1285 γινομένης.

123 1409 230 1461 Τάχα
261 1412 372 1447 ταῦτα
404 1407 584 1451 ἀκούοντες
613 1407 897 1459 διεθερμάνθητε,
934 1407 994 1445 καὶ
1020 1407 1098 1451 τοὺς

69 1471 232 1514 συνόντας
252 1473 345 1523 αὐτῷ
363 1469 440 1508 τότε
461 1469 719 1521 ἐμακαρίσατε,
742 1469 892 1512 καὶτοὺς
910 1469 1099 1519 μέλλοντας

69 1532 272 1572 συνέσεσθαι
291 1531 381 1570 κατὰ
400 1530 462 1578 τὴν
482 1531 616 1584 ἡμέραν
637 1533 699 1576 τῆς
726 1534 844 1576 κοινῆς
863 1530 1095 1574 ἀναστάσεως.

68 1597 204 1634 Οὐκοῦν
222 1594 361 1632 ἅπαντα
374 1593 598 1644 πράττωμεν,
617 1591 708 1630 ὥστε
727 1592 766 1630 τὸ
783 1591 970 1645 πρόσωπον
988 1593 1097 1629 ἐκεῖνο

66 1656 107 1694 τὸ
126 1656 325 1706 θαυμαστὸν
345 1656 441 1692 ἰδεῖν.
465 1655 510 1692 Εἰ
536 1653 604 1706 γὰρ
631 1658 688 1692 νῦν
713 1652 893 1697 ἀκούοντες
912 1652 1019 1696 οὕτως
1040 1655 1096 1691 ἐκ-

66 1718 237 1768 καιόμεθα
258 1717 317 1755 καὶ
341 1719 574 1766 ἐπιθυμοῦμεν
591 1718 670 1753 κατ’
695 1714 828 1757 ἐκείνας
849 1715 1011 1766 γενέσθαι
1034 1714 1095 1759 τὰς

66 1780 218 1831 ἡμέρας,
246 1780 285 1822 ἃς
315 1778 372 1817 ἐπὶ
395 1781 456 1824 τῆς
478 1781 542 1829 γῆς
575 1776 743 1828 διέτριὲε,
771 1775 830 1814 καὶ
851 1779 966 1827 φωνῆς
992 1778 1095 1815 ἀκοῦ-

66 1856 143 1889 σαι,
172 1840 231 1878 καὶ
255 1840 332 1892 ὄψιν
364 1840 462 1886 ἰδεῖν,
495 1838 555 1876 καὶ
579 1839 794 1890 προσελθεῖν,
827 1837 886 1875 καὶ
914 1838 1093 1890 ἅψασθαι,

64 1903 124 1940 καὶ
160 1904 384 1948 διακονῆσαι·
415 1900 574 1948 ἐννόησον
608 1899 728 1947 ἡλίκον
760 1899 861 1938 αὐτόν
892 1903 983 1938 ἐστιν
1012 1901 1093 1938 ἰδεῖν

65 1964 182 2002 οὐκέτι
202 1965 236 2001 ἐν
259 1965 373 2014 θνητῷ
399 1961 558 2012 σώματι,
585 1960 661 2000 οὐδὲ
691 1959 891 2014 ἀνθρώπινα
909 1966 1093 2009 ποιοῦντα,

65 2027 142 2064 ἀλλ’
162 2025 228 2063 ὑπὸ
261 2024 417 2075 ἀγγέλων
451 2022 755 2076 δορυφορούμενον,
780 2025 814 2061 ἐν
838 2022 1005 2075 ἀκηράτῳ
1035 2023 1095 2060 καὶ

66 2085 186 2129 αὐτοὺς
206 2086 306 2129 ὄντας
318 2115 326 2131 ,
345 2085 403 2122 καὶ
430 2087 558 2122 ἐκεῖνον
578 2084 768 2135 βλέποντας
781 2115 790 2132 ,
810 2084 868 2122 καὶ
898 2087 960 2130 τῆς
988 2084 1096 2130 ἄλλης

65 2149 252 2201 εὐημερίας
269 2146 507 2190 ἀπολαύοντας
522 2149 584 2192 τῆς
603 2145 719 2184 πάντα
734 2144 886 2192 νικώσης
903 2145 1017 2196 λόγον.
1032 2146 1095 2184 Διὸ

66 2208 127 2257 δὴ,
153 2211 371 2262 παρακαλῶ,
391 2207 507 2246 πάντα
526 2207 749 2260 πράττωμεν,
765 2206 856 2245 ὥστε
883 2208 929 2257 υὴ
951 2211 1013 2253 τῆς
1039 2224 1095 2246 το-

66 2270 197 2318 σαύτης
223 2272 379 2308 ἐκπεσεῖν
401 2269 509 2316 δόξης.
531 2268 642 2308 Οὐδὲν
659 2269 726 2320 γὰρ
755 2268 932 2313 δύσκολον,
956 2268 1014 2307 ἐὰν
1035 2269 1093 2307 θέ-

64 2334 194 2382 λωμεν,
210 2330 304 2369 οὐδὲν
332 2330 505 2384 φορτικὸν,
524 2329 584 2368 ἐὰν
600 2329 844 2381 προσέχωμεν.
866 2331 911 2367 Εἰ
930 2330 997 2382 γὰρ
1011 2333 1095 2367 ὑπο-

68 2393 228 2443 μένομεν,
245 2392 304 2430 καὶ
332 2390 668 2441 συμέασιλεύσομεν,
683 2390 732 2440 ιΤί
749 2384 808 2428 οῦν
832 2394 923 2437 ἐστι,
943 2391 1097 2441 Ἵ’πομέ-

65 2469 190 2503 νομεν,
208 2454 253 2490 Εἰ
272 2452 334 2495 τὰς
353 2451 485 2503 θλίψεις
511 2452 678 2503 φέρομεν,
699 2454 731 2489 εἷ
747 2450 824 2494 τοὺς
855 2452 1050 2503 διωγμοὺς,
1068 2454 1096 2490 εἰ

65 2514 128 2560 τὴν
153 2513 273 2559 στενὴν
311 2513 492 2564 βαδίζομεν
513 2511 601 2550 ὁδόν.
634 2511 680 2549 ‘H
711 2512 779 2564 γὰρ
805 2512 907 2559 στενὴ
929 2516 970 2563 τῇ
1000 2513 1097 2565 φύσει

68 2576 130 2626 μέν
165 2578 257 2613 ἐστιν
278 2574 488 2625 ἐπίμοχθος,
505 2577 547 2624 τῇ
571 2573 773 2624 προαιρέσει
806 2573 841 2612 δὲ
865 2576 907 2624 τῇ
942 2574 1098 2627 ἡμετέρᾳ

67 2636 176 2689 κούρη
194 2635 345 2688 γίνεται,
365 2638 408 2685 τῇ
428 2638 496 2672 τῶν
515 2633 710 2684 μελλόντων
729 2634 855 2673 ἐλπίδι.
875 2637 907 2672 T
911 2634 927 2672 ὸ
946 2633 1013 2686 γὰρ
1029 2651 1098 2672 πα-

71 2698 218 2751 ραυτίκα
257 2696 404 2749 ἐλαφρὸν
441 2700 504 2743 τ-’ῆς
533 2695 699 2748 θλίψεως,
735 2698 812 2734 καθ’
832 2696 1028 2749 ὑπερὲολὴν
1051 2699 1097 2740 εἷς

69 2758 265 2812 ὑπερὸολην
300 2757 437 2795 αἰώνιον
475 2757 579 2810 βάρος
612 2756 711 2803 δόξης
741 2756 1013 2809 κατεργάζεται,
1048 2757 1095 2808 μὴ

71 2820 290 2859 σκοπούντων
321 2822 423 2870 ’ἡμῶν
446 2818 489 2856 τὰ
506 2817 703 2869 βλεπόμενα
721 2848 730 2865 ,
764 2818 855 2856 ἀλλὰ
873 2818 918 2856 τὰ
943 2817 991 2868 μὴ
1017 2820 1098 2869 βλε-

69 2882 217 2933 πόμενα.
234 2880 520 2931 Μεταστήσωμεν
540 2879 653 2917 τοίνυν
671 2879 748 2923 τοὺς
764 2878 960 2932 ὀφθαλμοὺς
975 2881 1022 2923 εἷς
1040 2880 1096 2918 τὸν

70 2943 210 2995 οὐρανὸν
226 2973 235 2990 ,
266 2942 326 2979 καὶ
363 2942 551 2984 διαπαντὸς
586 2943 701 2979 ἐκεῖνα
724 2940 996 2993 φανταζώμεθα,
1038 2941 1098 2978 καὶ

73 3006 269 3056 βλέπωμεν.
291 3002 352 3041 Ἂν
375 3003 442 3056 γὰρ
471 3005 505 3041 ἐν
537 3003 678 3046 ἐκείνοις
709 3003 762 3041 ἀεὶ
796 3002 1044 3055 διατρίὲωμεν,
1062 3004 1099 3040 οὗ

71 3067 157 3120 πρὸς
176 3066 221 3104 τὰ
243 3065 330 3112 ἡδέα
347 3064 392 3103 τὰ
406 3067 552 3102 ἐνταῦθα
570 3064 762 3115 πεισόμεθά
776 3081 827 3112 τι,
845 3066 882 3101 οὐ
897 3063 941 3102 τὰ
959 3063 1100 3115 λυπηρὰ

75 3126 208 3179 βαρέως
230 3127 387 3176 οἴσομεν·
407 3125 497 3163 ἀλλὰ
524 3125 583 3163 καὶ
615 3125 744 3164 τούτων
773 3125 832 3163 καὶ
866 3128 934 3163 τῶν
969 3124 1099 3175 ὁμοίων

74 3186 406 3238 καταγελασόμεθα,
439 3186 499 3224 καὶ
541 3185 634 3224 οὐδὲν
667 3190 762 3237 ἡμᾶς
796 3186 875 3224 οὔτε
911 3186 1100 3229 δουλῶσαι,

121 3349 132 3361 ³
157 3337 348 3381 Legendum
364 3346 460 3380 putat
486 3338 587 3370 Savil.
605 3344 671 3382 ,περὶ
700 3343 788 3372 αὐτοῦ
811 3354 904 3382 φησιν.
923 3338 1014 3370 Unus
1032 3337 1090 3369 lia-

78 3389 133 3422 bet
150 3394 220 3424 αὐτὸ
243 3406 334 3434 φησιν.
359 3390 418 3422 Alii
438 3395 535 3431 αὐτὸν,
555 3396 598 3425 ὅτι
619 3398 694 3435 ρησί-
716 3391 871 3432 Suspicor
897 3390 949 3422 hic
967 3398 997 3422 et
1020 3395 1091 3424 αὐτὸ

1446 218 1631 249 LxxxV1.
2060 201 2152 266 595

1162 316 1230 353 que
1254 300 1391 351 aliquid
1422 300 1466 337 de
1492 299 1553 336 illa
1580 297 1766 336 sciscitari.
1793 297 1864 335 Sed
1883 305 1916 335 et
1934 297 2030 348 quod
2053 298 2153 337 time-

1162 371 1256 409 rent,
1273 370 1306 398 ct
1331 360 1427 411 quod
1454 359 1582 397 scirent
1611 372 1680 396 non
1713 357 1825 395 alium
1853 371 1940 407 csse,
1958 358 2032 409 ised
2051 359 2156 397 illum

1162 423 1296 475 ipsum,
1321 423 1366 460 ab
1387 421 1660 473 interrogatione
1685 420 1946 468 abstinuerunt,
1972 420 2157 470 solumque

1161 484 1394 523 comedebant
1418 499 1470 531 ea,
1499 498 1576 534 quae
1615 483 1690 534 ipse
1720 496 1801 519 cum
1835 481 1961 533 majori
1988 490 2158 533 potestate

1161 555 1352 584 creaverat.
1375 545 1444 582 Hic
1464 558 1546 582 vero
1567 557 1636 581 non
1660 542 1753 579 ultra
1776 541 1919 594 respicit
1950 541 1985 578 in
2017 541 2156 589 caelum,

1161 621 1274 658 neque
1302 608 1458 645 humana
1482 606 1544 644 illa
1574 605 1670 651 facit,
1701 603 1886 642 ostendens
1905 603 1967 640 illa
1984 617 2038 652 eo,
2063 602 2159 653 qnod

1116 693 1139 721 D
1160 684 1234 708 sese
1257 669 1470 717 demisisset,
1496 669 1586 706 facta
1606 667 1725 705 fuisse.
1753 666 1862 712 Quod
1885 680 1970 704 vero
1994 679 2064 703 non
2087 666 2157 704 fre-

1159 740 1320 781 quenter,
1356 745 1419 768 nee
1450 729 1558 768 simili
1592 727 1700 766 modo
1729 742 1812 765 eum
1844 727 1916 764 illis
1943 735 2157 773 versaretur,

1158 792 1244 829 dicit
1262 808 1269 828 :
1287 793 1347 830 14.
1365 793 1452 829 Hoc
1461 794 1549 843 jam
1567 792 1678 828 tertio
1696 789 1972 839 manifestatus
1989 796 2044 825 est
2060 788 2154 835 illis,

1157 868 1245 892 cum
1268 857 1540 892 resurrexisset
1560 867 1586 890 a
1608 854 1781 890 mortuis.
1804 851 1849 889 Et
1864 849 1967 902 jubet
1990 864 2035 887 ex
2056 850 2158 888 obso-

1158 915 1225 954 niis
1243 916 1378 961 afferri,
1398 914 1586 953 ostendens
1612 913 1665 963 id,
1685 911 1782 964 quod
1802 912 1919 949 visum
1937 912 2064 960 fuerat,
2085 925 2156 949 non

1157 977 1367 1029 phantasma
1384 990 1470 1014 esse.
1493 978 1537 1013 At
1556 975 1616 1012 hic
1635 988 1703 1012 non
1722 972 1810 1011 dicit
1830 972 1947 1025 ipsum
1963 972 2158 1010 comedisse

1160 1052 1241 1076 cum
1260 1038 1346 1076 illis.
1372 1039 1486 1075 Lucas
1503 1052 1585 1076 vero
1606 1035 1695 1073 alibi
1715 1034 1803 1072 dicit
1827 1050 1833 1070 :
1854 1035 1907 1072 Et
1925 1048 2156 1072 convescens
2173 1042 2240 1070 Act.
2257 1050 2280 1070 1.
2305 1040 2335 1080 4.

1160 1114 1246 1137 eum
1263 1101 1359 1138 illis.
1386 1099 1577 1145 Quomodo
1597 1107 1731 1147 autem,
1749 1110 1819 1134 non
1839 1105 2000 1133 nostrum
2019 1105 2070 1133 est
2093 1096 2156 1134 di—

1161 1176 1238 1200 cere
1256 1178 1263 1198 :
1284 1162 1391 1200 modo
1426 1162 1521 1199 enim
1551 1174 1724 1213 perquam
1760 1158 1920 1196 mirabili
1952 1158 2028 1195 haec
2065 1159 2159 1196 facta

1161 1233 1256 1272 sunt,
1276 1238 1345 1262 non
1362 1224 1460 1275 quod
1477 1233 1605 1261 natura
1633 1222 1723 1259 cibis
1747 1219 1912 1272 deinceps
1935 1234 2025 1271 opus
2041 1219 2158 1257 habe-

1161 1296 1226 1335 ret,
1253 1286 1314 1324 sed
1340 1301 1385 1323 ex
1411 1284 1635 1337 indulgentia
1655 1283 1703 1321 ad
1727 1281 1994 1320 resurrectionis
2015 1281 2160 1321 demon-

1161 1347 1370 1385 strationem
1387 1347 1461 1384 haec
1477 1345 1651 1398 permisit.

1217 1409 1252 1445 5.
1283 1407 1367 1444 Haec
1388 1407 1570 1444 audientes
1592 1406 1681 1443 forte
1710 1404 1938 1453 efferbuistis,
1958 1412 1990 1441 et
2008 1417 2079 1453 eos,
2098 1404 2162 1454 qui

1163 1485 1245 1508 eum
1279 1471 1342 1508 illo
1369 1480 1482 1518 erant,
1509 1470 1631 1507 beatos
1659 1466 1900 1519 praedicastis,
1926 1480 2061 1504 necnon
2085 1481 2156 1517 eos,

1164 1533 1226 1584 qui
1246 1547 1327 1570 eum
1349 1532 1411 1569 illo
1430 1531 1544 1568 futuri
1563 1539 1644 1568 sunt
1664 1529 1700 1566 in
1718 1528 1872 1579 generali
1889 1529 2158 1566 resurreetione.

1120 1604 1141 1632 E
1165 1595 1289 1645 Itaque
1309 1593 1401 1631 nihil
1434 1606 1503 1630 non
1532 1604 1694 1643 agamus,
1717 1599 1756 1626 ut
1783 1588 2032 1626 admirandam
2064 1590 2164 1627 illam

1163 1652 1292 1694 faciem
1306 1655 1506 1693 videamus.
1524 1655 1617 1691 Nam
1636 1652 1665 1690 si
1681 1665 1776 1690 nunc
1791 1650 1972 1688 audientes
1985 1651 2035 1688 sic
2049 1650 2165 1689 ineen-

1163 1716 1305 1765 dimur,
1320 1725 1354 1754 et
1372 1714 1617 1753 desideramus
1632 1712 1704 1750 illis
1720 1711 1828 1749 fuisse
1847 1711 1991 1761 diebus,
2011 1711 2111 1762 queis
2127 1712 2164 1750 in

1163 1787 1256 1816 terra
1276 1777 1507 1824 versabatur,
1535 1789 1659 1817 ,vocem
1691 1773 1846 1824 audisse,
1871 1772 1997 1810 faciem
2018 1772 2164 1822 vidisse,

1163 1839 1362 1884 accessisse,
1386 1838 1560 1889 tetigisse,
1594 1835 1831 1883 ministrasse;
1861 1834 1976 1886 cogita
2001 1834 2091 1885 quid
2119 1835 2165 1873 sit

1162 1901 1268 1939 illum
1287 1900 1407 1938 videre
1426 1913 1496 1937 non
1519 1899 1613 1936 ultra
1634 1897 1671 1935 in
1692 1896 1834 1934 mortali
1867 1910 2026 1948 corpore,
2054 1910 2165 1947 neque

1107 1995 1153 2018 523
1163 1962 1320 1999 humana
1354 1961 1553 2008 facientem,
1584 1959 1648 1998 sed
1672 1958 1806 2010 angelis
1834 1957 2018 2010 stipatum,
2040 1957 2075 1995 in
2097 1957 2164 1995 im-

1119 2034 1142 2061 Α
1165 2023 1307 2061 mortali
1337 2036 1483 2074 corpore
1509 2021 1613 2058 illum
1641 2018 1859 2070 conspicere,
1880 2027 1913 2056 et
1933 2018 2071 2069 reliqua
2089 2019 2162 2056 frui

1164 2084 1349 2133 felicitate,
1371 2097 1450 2134 quae
1467 2096 1608 2120 omnem
1627 2089 1775 2132 superat
1798 2093 2008 2116 sermonem.
2027 2080 2163 2125 Quam-

1165 2146 1475 2194 obrem,0bsecr0,
1493 2143 1585 2181 nihil
1610 2156 1679 2179 non
1703 2154 1850 2192 agamus
1869 2154 1912 2177 ne
1927 2154 1946 2177 a
1966 2140 2029 2177 tali
2049 2140 2163 2191 gloria

1164 2206 1388 2245 excidamus.
1411 2205 1514 2244 Nihil
1533 2203 1633 2242 adest
1647 2202 1816 2249 difficile,
1834 2202 1864 2238 si
1879 2201 2048 2249 velimus,
2070 2201 2163 2238 nihil

1165 2282 1372 2315 onerosum,
1393 2266 1422 2304 si
1441 2265 1680 2303 attendamus.
1699 2264 1791 2301 Nam
1805 2263 1845 2300 Si
1861 2265 2106 2308 sustinemus,
2127 2271 2163 2299 et

1166 2331 1502 2381 conregnabimus.
1527 2325 1624 2372 Quid
1644 2334 1695 2362 est
1716 2322 1819 2371 illud,
1838 2324 2077 2361 Sustinemus
2091 2327 2107 2359 9
2123 2323 2162 2361 Si

1166 2405 1344 2428 aerumnas
1374 2399 1407 2427 et
1439 2386 1728 2441 persequutiones
1756 2386 1925 2432 feramus;
1950 2384 1980 2421 si
2008 2384 2043 2421 in
2068 2394 2163 2422 arcta

1168 2451 1375 2489 incedamus
1401 2450 1471 2488 via.
1499 2451 1605 2485 Areta
1630 2446 1725 2484 enim
1746 2445 1805 2484 via
1829 2454 1953 2482 natura
1980 2458 2043 2481 sua
2064 2445 2163 2483 labo-

1169 2512 1261 2550 riosa
1278 2521 1348 2560 est,
1374 2510 1435 2548 sed
1455 2509 1616 2547 instituto
1637 2506 1830 2545 voluntatis
1856 2505 1970 2543 levior
1988 2506 2160 2554 efficitur,

1169 2589 1230 2627 spe
1251 2575 1465 2611 futurorum.
1485 2573 1577 2609 Nam
1603 2571 1715 2620 Quod
1733 2572 1774 2606 in
1791 2572 1973 2620 prcesenti
1989 2583 2159 2606 momen-

1170 2645 1326 2673 taneum
1343 2644 1397 2672 est
1414 2643 1448 2671 et
1471 2634 1552 2670 leve
1573 2632 1850 2676 tribulationis,
1870 2644 1987 2682 supra
2005 2632 2160 2669 modum

1121 2699 1142 2727 ¹²
1167 2699 1209 2733 in
1226 2696 1463 2744 sublimitate
1489 2702 1671 2730 (eternum
1699 2692 1834 2743 glorioe
1859 2692 2011 2742 pondus
2030 2705 2162 2743 opera-

1168 2767 1244 2804 tur,
1267 2771 1344 2794 non
1364 2755 1711 2805 contemplantibus
1729 2754 1837 2789 nobis
1854 2766 1940 2804 quoe
1958 2753 2159 2799 videnlur,

1167 2819 1236 2856 sed
1254 2832 1338 2870 quse
1353 2831 1430 2854 non
1449 2816 1646 2853 videntur.
1667 2813 1940 2851 Transferamus
1955 2813 2066 2864 igitur
2078 2827 2162 2850 ocu—

1167 2879 1220 2917 los
1240 2878 1284 2916 ad
1305 2879 1448 2924 caelum,
1471 2885 1504 2914 ct
1518 2885 1687 2928 perpetuo
1700 2874 1763 2912 illa
1779 2874 2038 2925 imaginemur,
2055 2883 2087 2911 et
2108 2874 2162 2912 in-

1169 2939 1371 2992 spiciamus.
1386 2940 1478 2977 Nam
1497 2937 1526 2975 si
1542 2950 1678 2989 semper
1691 2936 1726 2973 in
1741 2933 1814 2975 illis
1830 2949 2032 2983 versemur,
2052 2949 2162 2986 neque

1169 3002 1292 3040 suavia
1307 3001 1416 3052 hujus
1437 3000 1521 3038 vitae
1540 3013 1603 3037 nos
1623 2997 1797 3046 allicient,
1817 3011 1930 3047 neque
1949 2997 2065 3034 tristia
2087 3011 2164 3034 mo-

1169 3063 1255 3100 leste
1275 3062 1426 3099 feremus
1434 3076 1444 3110 3
1465 3059 1527 3098 sed
1551 3069 1584 3097 et
1601 3059 1676 3096 haec
1698 3067 1730 3096 et
1751 3057 1884 3096 similia
1916 3057 2162 3104 irridcbimus,

1171 3124 1334 3174 nihilque
1355 3136 1417 3161 nos
1437 3123 1495 3160 vel
1515 3122 1552 3159 in
1571 3121 1777 3159 servitutem
1803 3119 1982 3171 redigere,
2012 3119 2069 3157 vel
2101 3133 2161 3155 ex-

1171 3184 1294 3222 tollere
1325 3183 1471 3236 poterit;
1503 3182 1530 3222 si
1566 3181 1672 3219 modo
1707 3181 1795 3218 illue
1822 3194 1958 3232 semper
1987 3179 2161 3217 desiderio

1156 3345 1189 3369 et
1211 3342 1298 3372 αὐτόν
1326 3335 1504 3369 delendum
1530 3347 1608 3367 esse.
1630 3335 1761 3374 {Graece
1788 3331 1852 3364 dici
1880 3342 1973 3373 posse
2001 3329 2160 3371 vulgatur,

1158 3389 1255 3421 hodie
1273 3389 1350 3421 satis
1369 3386 1530 3431 constan]
