2481 3678
705 243 748 271 ιΝ
785 240 993 272 JOANNEM
1032 239 1189 270 nomm.
1228 237 1342 268 xvu.
1381 221 1443 265 al.
1482 236 1574 265 xvi.

118 328 215 370 αὐτὸς
239 326 273 364 δὲ
293 324 350 364 ἐπὶ
374 328 432 363 τοῦ
452 323 590 376 Πατρὸς
609 324 668 360 καὶ
693 326 761 361 τῶν
784 322 940 376 ἀγγέλων
962 322 1136 361 ἁπάντων.

116 389 280 431 Τοιοῦτος
307 389 324 424 6
345 384 511 431 Ἰωάννης
542 378 597 432 ἦν,
629 387 666 423 οὖ
690 387 840 432 πλῆθος,
871 387 908 423 οὐ
939 384 1051 431 δόξαν,
1079 384 1139 420 οὐκ

118 449 203 487 ἄλλο
222 446 316 487 οὐδὲν
337 448 405 484 τῶν
422 444 646 497 ἀνθρωπίνων
668 444 906 499 ὑφορώμενος,
928 443 1017 482 ἀλλὰ
1029 445 1139 480 ταῦτα

116 509 231 548 πάντα
251 509 478 552 καταπατῶν,
500 506 560 544 καὶ
583 506 672 557 μετὰ
690 509 751 553 τῆς
775 504 1016 558 προσηκούσης
1039 505 1139 540 ἐλευ-

119 568 233 622 θερίας
246 567 290 606 τὰ
311 567 391 620 περὶ
416 572 474 605 τοῦ
494 568 647 621 Χριστοῦ
665 573 770 606 πᾶσιν
795 564 1054 618 ἀνακηρύττων.
1072 562 1141 600 Διὰ

118 630 186 684 γὰρ
204 633 304 668 τοῦτο
327 628 387 667 καὶ
411 628 468 666 τὸν
499 628 603 667 τόπον
625 626 892 677 ἐπισημαίνεται
918 628 936 663 6
966 625 1142 676 εὐαγγελι-

120 690 228 739 στ-λς,
267 689 324 728 ἵνα
350 689 413 737 τὴν
445 689 645 744 παρρησίαν
675 687 766 739 δείξῃ
800 691 861 725 τοῦ
898 684 1142 738 μεγαλοφώνου

975 746 991 766 ¹³
1003 745 1080 785 οὐδὲ
1108 748 1142 784 ἐν

120 753 278 806 κήρυκος.
302 754 356 791 Οὔ
380 751 448 805 γὰρ
468 754 501 790 ἐν
532 749 648 804 οἰκία,
665 748 742 788 οὐδὲ
763 751 796 787 ἐν
821 747 950 802 γωνίᾳ,

121 813 270 867 ἐρημίᾳ,
300 812 390 851 ἀλλὰ
403 812 460 850 τὸν
481 810 658 864 Ἰορδάνην
684 808 893 848 καταλαὸὼν
915 811 948 846 ἐν
980 807 1074 860 με’σῳ
1094 810 1144 860 τῷ

120 874 265 922 πλήθει,
285 874 466 927 παρόντων
486 871 649 910 ἁπάντων
668 873 737 909 τῶν
757 871 815 908 ὑπ’
846 871 949 907 αὐτοῦ
979 870 1146 919 βαπτιζο-

122 934 232 985 μένων
256 933 481 984 (βαπτίζοντι
503 932 571 985 γὰρ
591 931 786 978 ἐπέστησαν
807 933 837 969 οἳ
859 930 1061 978 Ἰουδαῖοι),
1080 927 1143 975 τὴν

120 995 323 1046 θαυμαστὴν
357 994 488 1041 ἐκείνην
519 992 726 1045 ἀνεκήρυξεν
760 991 946 1043 ὁμολογίαν
975 990 1054 1043 περὶ
1087 994 1146 1028 τοῦ

120 1057 294 1110 Χριστοῦ,
315 1056 378 1103 τὴν
401 1059 469 1094 τῶν
488 1057 629 1108 ὑψηλῶν
653 1059 667 1075 ⁰
681 1053 745 1092 καὶ
772 1053 933 1105 μεγάλων
949 1052 1009 1090 καὶ
1031 1054 1145 1105 ἀπορ-

126 1118 240 1171 ρήτων
269 1118 443 1170 γέμουσαν
469 1116 667 1169 δογμάτων,
690 1114 750 1154 καὶ
783 1118 830 1158 ὡς
856 1116 917 1152 οὐκ
946 1114 997 1161 εἴη
1031 1114 1146 1157 ἱκανὸς

119 1181 222 1218 λῦσαι
252 1179 310 1217 τὸν
344 1179 475 1229 ἱμάντα
502 1183 562 1217 τοῦ
587 1176 811 1227 ὑποδήματος
839 1177 954 1213 αὐτοῦ.
978 1176 1061 1218 Πῶς
1089 1169 1146 1212 οὖν

120 1247 220 1281 τοῦτο
239 1248 349 1289 ποιεῖ;
364 1240 530 1292 Ἔπάγων
560 1239 619 1277 καὶ
647 1238 777 1290 λέγων·
794 1239 918 1275 Ταῦτα
948 1237 1081 1288 ἐγένετο
1113 1237 1146 1273 ἐν

120 1302 290 1357 Βηθανίᾳ.
305 1301 403 1341 ζὈσοῐ
421 1301 456 1340 δὲ
475 1304 542 1339 τῶν
563 1298 782 1352 ἀντιγράφων
799 1297 1042 1351 ἀκριὸέστερον
1058 1298 1148 1350 ἔχει,

121 1363 183 1402 Ἐν
203 1363 417 1417 Βηθαδαρᾷ,
437 1361 553 1414 φησίν.
585 1360 631 1399 <Η
657 1360 724 1413 γὰρ
744 1358 906 1407 Βηθανία
935 1359 1012 1411 οὐχὶ
1037 1358 1148 1412 πέραν

122 1430 181 1463 τοῦ
205 1424 401 1477 Ἰορδάνου,
422 1423 498 1461 οὐδὲ
530 1421 587 1460 ἐπὶ
610 1425 673 1468 τ’ἦς
703 1421 834 1473 ἐρήμου
865 1414 920 1467 ἦν,
942 1422 1018 1458 ἀλλ’
1052 1419 1151 1470 ἐγγύς

121 1502 187 1525 που
207 1489 275 1524 τῶν
300 1484 563 1538 Ἱεροσολύμων.
585 1481 677 1525 Τοὺς
704 1481 740 1521 δὲ
769 1481 894 1524 τόπους
922 1481 983 1518 καὶ
1006 1482 1049 1518 δι’
1079 1480 1151 1518 ἑτέ-

124 1563 183 1600 ραν
205 1546 319 1585 αἰτίαν
337 1544 619 1596 ἐπισημαίνεται.
640 1541 786 1589 Ἐπειδὴ
802 1542 870 1594 γὰρ
897 1541 1093 1594 πράγματα
1115 1544 1152 1579 οὗ

120 1607 257 1647 παλαιὰ
289 1609 482 1659 διηγεῖσθαι
515 1605 670 1657 ἔμελλεν,
699 1603 790 1642 ἀλλὰ
811 1603 879 1656 πρὸ
902 1606 1027 1656 μικροῦ
1060 1619 1153 1654 συμ-

123 1669 232 1708 ὅάντα
254 1674 313 1708 τοῦ
331 1668 474 1723 χρόνου,
497 1666 574 1709 τοὺς
588 1665 765 1720 παρόντας
779 1665 838 1703 καὶ
857 1665 1050 1717 θεωμένους
1064 1665 1154 1717 μάρ-

121 1747 226 1784 τυρας
247 1736 397 1769 ποιεῖται
413 1732 481 1767 τῶν
503 1728 712 1781 λεγομένων,
734 1726 794 1765 καὶ
814 1726 990 1771 ἀπόδειξιν
1006 1727 1068 1765 καὶ
1085 1727 1155 1765 ἀπὸ

121 1794 190 1830 τῶν
202 1791 317 1831 τόπων
333 1791 538 1843 παρέχεται.
553 1791 704 1842 Θαῤῥῶν
718 1787 785 1841 γὰρ
803 1787 856 1827 ὅτι
869 1787 964 1827 οὐδὲν
979 1790 1063 1842 παρ’
1078 1791 1154 1826 ἑαυ-

123 1858 182 1892 τοῦ
214 1852 410 1907 προσετίθει
435 1858 505 1895 τοῖς
524 1849 744 1903 λεγομένοις,
762 1849 852 1888 ἀλλὰ
870 1850 914 1887 τὰ
932 1850 1015 1889 ὄντα
1035 1850 1154 1893 ἁπλῶς

125 1915 264 1953 ἅπαντα
282 1914 368 1965 μετὰ
390 1912 554 1961 ἀληθείας
578 1912 752 1963 ἐξηγεῖτο,
772 1911 834 1958 τὴν
859 1911 927 1950 ἀπὸ
948 1915 1016 1950 τῶν
1038 1911 1153 1950 τόπων

126 1975 317 2028 μαρτυρίαν
332 1973 603 2027 παραλαμὸάνει
614 2004 623 2021 ,
638 1972 825 2021 ἀπόδειξιν,
835 1973 920 2027 ὅπερ
933 1972 1030 2025 ἔφην,
1041 1975 1078 2011 οὗ
1092 1972 1154 2020 τὴν

128 2041 300 2089 τυχοῦσαν
319 2040 381 2083 τῆς
409 2034 571 2082 ἀληθείας
597 2034 776 2085 ἐσομένην.
795 2037 852 2086 Τῇ
877 2033 1041 2087 ἐπαύριον
1072 2034 1155 2085 βλέ-

129 2114 187 2136 πει
214 2099 270 2136 τὸν
304 2097 440 2144 Ἰησοῦν
473 2096 659 2149 ἐρχόμενον
686 2096 771 2149 πρὸς
801 2096 915 2144 αὐτὸν,
947 2095 1008 2134 καὶ
1038 2096 1155 2147 λέγει·

130 2159 180 2197 ἴδε
213 2162 230 2197 6
260 2159 366 2211 ἀμνὸς
394 2162 453 2197 τοῦ
487 2160 602 2206 Θεοῦ,
621 2161 639 2196 6
661 2157 767 2210 αἴρων
797 2157 860 2205 τὴν
895 2156 1070 2210 ἁμαρτίαν
1097 2161 1158 2195 ταῦ

129 2220 273 2271 κόσμου.
298 2219 525 2271 Διενείμαντο
549 2218 626 2262 τοὺς
656 2218 799 2273 καιροὺς
829 2222 860 2258 οἱ
891 2217 1155 2271 εὖαγγελισταί·

130 2282 189 2320 καὶ
206 2284 223 2320 6
246 2281 307 2333 μὲν
327 2284 509 2324 Ματθαῖος
526 2279 606 2324 τοὺς
620 2280 701 2333 πρὶν
723 2279 746 2326 ἢ
777 2282 918 2327 δεθῆναι
935 2280 992 2318 τὀν
1024 2282 1154 2331 βαπτι-

130 2342 213 2390 στὴν
235 2342 400 2389 Ἰωάννην
417 2342 559 2395 χρόνους
580 2340 767 2392 ἐπιτεμὼν,
788 2340 964 2393 ἐπείγεται
977 2341 1063 2393 πρὸς
1081 2340 1158 2384 τοὺς

149 2403 206 2451 ξῆς
219 2419 226 2427 ·
248 2407 291 2442 a6
311 2403 346 2442 δὲ
370 2402 617 2455 εὖαγγελιστὴς
636 2402 802 2450 Ἰωάννης
826 2405 862 2440 οὗ
884 2402 986 2453 μόνον
1005 2405 1066 2441 οὐκ
1082 2405 1156 2441 ἐπι-

129 2464 267 2515 τέμνει,
295 2464 385 2502 ἀλλὰ
413 2464 546 2507 τούτοις
575 2463 730 2514 μάλιστα
761 2463 822 2502 καὶ
843 2462 1064 2516 ἐνδιατρίῧει.
1082 2465 1156 2502 Κά-

131 2531 239 2568 κεῖνος
257 2524 317 2575 μὲν
345 2523 433 2574 μετὰ
458 2525 498 2562 τὸ
520 2525 627 2562 ἐλθεῖν
644 2524 701 2562 τὸν
722 2524 858 2570 Ἰησοῦν
892 2524 961 2562 ἀπὸ
996 2527 1058 2570 τῆς
1078 2523 1158 2576 ἐρή-

134 2601 198 2635 μου
209 2615 218 2633 ,
234 2585 278 2623 τὰ
299 2584 426 2635 μεταξὺ
443 2584 643 2631 σιωπήσας,
659 2578 727 2622 οἷον
742 2583 805 2622 ὅσα
824 2587 842 2621 6
856 2584 1021 2629 Ἰωάννης
1038 2583 1158 2636 ἐφθέγ-

132 2646 234 2694 ξατο,
256 2645 320 2683 ὅσα
349 2648 380 2683 οἵ
398 2645 558 2683 Ἰουδαῖοι
584 2643 851 2686 ἀποστείλαντες
874 2643 1003 2695 ἔλεγον,
1031 2644 1091 2682 καὶ
1114 2644 1158 2682 τὰ

133 2707 222 2745 ἄλλα
253 2706 369 2745 πάντα
400 2704 590 2756 συντεμὼν,
619 2704 858 2755 μετεπήδησεν
892 2704 1014 2747 εὐθέως
1041 2704 1098 2742 ἐπὶ
1119 2704 1158 2742 τὸ

133 2768 385 2822 ’δεσμωτήριον-
413 2767 577 2810 Ἀκούσας
612 2765 698 2818 γὰρ,
735 2766 851 2818 φησὶν,
887 2768 905 2802 6
935 2764 1068 2811 Ἰησοῦς
1105 2765 1158 2803 ὅτι

131 2828 304 2881 παρεδόθη
324 2828 509 2875 Ἰωάννης,
524 2826 745 2880 ἀνεχώρησεν
763 2829 901 2864 ἐκεῖθεν.
918 2825 963 2864 ‘O
985 2825 1019 2864 δὲ
1037 2826 1157 2864 Ἰωάν-

132 2906 193 2936 νης
218 2891 282 2941 οὐχ
309 2890 435 2936 οὕτως,
456 2889 546 2927 ἀλλὰ
573 2889 636 2936 τὴν
662 2887 723 2938 μὲν
747 2890 793 2931 εἷς
826 2887 889 2934 τὴν
922 2887 1050 2940 ἔρημον
1081 2887 1155 2925 ὁδὸν

133 2949 390 2998 ἀπεσιώπησεν,
414 2951 474 2988 ἅτε
492 2950 559 2988 ὑπὸ
589 2954 648 2988 τοῦ
680 2948 863 2987 Ματθαίου
890 2949 1091 3000 λεχθεῖσαν·
1114 2948 1157 2986 τὰ

133 3011 168 3051 δὲ
195 3011 283 3063 μετὰ
307 3011 370 3059 τὴν
390 3012 534 3050 κάθοδον
565 3010 628 3058 τὴν
659 3010 729 3049 ἀπὸ
753 3014 812 3048 τοῦ
845 3009 941 3062 ὄρους
969 3009 1156 3061 γενομένην

135 3074 324 3124 διηγεῖται,
354 3073 413 3110 καὶ
442 3071 555 3111 πολλὰ
587 3070 742 3119 διελθὼν,
768 3070 846 3109 τότε
873 3070 1015 3122 ἐπάγει·
1046 3069 1157 3108 Οὔπω

134 3138 202 3190 γὰρ
215 3132 256 3184 ἦν
281 3138 491 3190 βεὸλημένος
508 3140 526 3176 6
553 3137 718 3184 Ἰωάννης
733 3138 780 3180 εἷς
806 3135 869 3183 τὴν
899 3136 1068 3188 φυλακήν.
1089 3137 1159 3174 Καὶ

135 3206 225 3250 τίνος
260 3207 386 3254 ἕνεκεν,
415 3205 520 3257 φησὶ,
550 3210 608 3244 ν’ὔν
642 3203 872 3256 παραγίνεται
908 3203 994 3254 πρὸς
1022 3204 1122 3242 αὐτὸν
1142 3208 1159 3243 6

182 3312 198 3335 b
215 3312 279 3344 οὐδὲ
295 3315 324 3344 ἐν
340 3314 451 3355 ἐρημίᾳ
467 3308 559 3341 deest.
574 3310 607 3341 in
623 3308 784 3351 plurimis.

183 3368 194 3381 ⁰
209 3363 220 3404 [
234 3368 347 3396 ἐκείνων
366 3360 496 3393 addunt
517 3361 618 3394 Savil.
642 3369 676 3393 et
692 3358 801 3392 Codd.
820 3361 877 3394 cit.
896 3360 986 3393 Infra
1003 3371 1064 3402 pro
1088 3370 1148 3397 πῶς

141 3416 188 3447 οἷον
206 3418 291 3448 τοῦτο
307 3421 402 3453 ποιεῖ,
420 3412 521 3445 iidem
539 3416 585 3447 διὰ
608 3419 694 3447 τοῦτο’
712 3412 807 3455 pram]

1165 445 1188 476 C

1181 3020 1205 3050 B

2108 242 2181 268 111

1212 319 1363 357 Joannes
1388 332 1395 352 ε
1420 329 1488 354 non
1520 314 1809 365 multitudinem,
1832 329 1899 353 non
1932 318 2102 367 glorium,
2126 334 2193 356 non

1212 377 1311 415 aliud
1333 376 1476 428 quidvis
1508 375 1718 429 respiciebat
1727 392 1737 425 ;
1759 376 1820 415 sed
1841 377 1916 414 haec
1940 378 2057 415 omnia
2078 380 2194 418 calca-

1214 439 1275 476 bat
1287 467 1298 486 ,
1317 446 1350 475 et
1365 450 1447 475 cum
1464 450 1502 475 ea
1518 450 1588 488 qua
1604 451 1669 489 par
1682 445 1758 476 erat
1771 437 1933 475 libertate
1957 452 2034 488 quae
2063 439 2197 477 Clu-isti

1214 507 1312 536 erant
1344 498 1510 536 omnibus
1542 497 1772 550 praedicabat.
1802 497 1887 536 Ideo
1914 498 2032 536 locum
2067 498 2198 537 indicat

1213 558 1451 610 evangelista,
1485 567 1524 596 ut
1566 558 1779 597 vocalissimi
1818 559 1990 611 praeconis
2030 558 2200 596 fiduciam

1215 618 1424 657 ostenderet.
1436 619 1516 657 Non
1530 618 1641 667 domi,
1659 633 1728 657 non
1743 619 1778 657 in
1793 619 1935 670 angulo,
1949 632 2017 656 non
2034 619 2069 657 in
2084 618 2202 657 deser-

1214 690 1267 732 to,
1313 680 1375 719 sed
1412 679 1459 719 ad
1487 680 1679 720 Jordanem
1706 681 1742 719 in
1780 680 1898 719 medio
1935 681 2199 726 multitudinis,

1215 742 1518 795 praesentibusque
1535 743 1702 781 omnibus
1721 743 1782 793 qui
1802 743 1848 780 ab
1869 742 1946 795 ipso
1964 742 2201 795 baptimban-

1217 813 1277 841 tur
1294 803 1466 852 (aderant
1499 804 1595 842 enim
1614 804 1729 844 Judaei
1746 808 1779 854 ),
1799 803 1996 841 mirabilem
2030 803 2131 841 illam
2160 803 2204 840 de

1218 864 1361 903 Christo
1376 864 1586 917 praedicavit
1604 865 1855 904 confessionem
1872 864 2087 903 sublimibus
2101 895 2110 909 ‚
2130 879 2204 902 ma-

1219 926 1298 978 gnis
1328 926 1536 978 arcanisque
1559 927 1700 979 plenam
1728 926 1982 978 dogmatibus,
2011 925 2105 977 quod
2138 939 2205 962 non

1220 996 1309 1026 esset
1340 988 1416 1041 ipse
1436 987 1569 1040 dignus
1589 989 1651 1040 qui
1671 989 1860 1040 corrigiam
1881 988 2106 1026 calceamenti
2133 988 2208 1038 ejus

1220 1049 1385 1088 solveret.
1421 1049 1610 1097 Quomodo
1630 1060 1747 1088 autem
1781 1049 1819 1087 id
1849 1049 1946 1101 agit?
1984 1049 2050 1086 His
2086 1062 2208 1099 nempe

1219 1112 1339 1150 verbis
1359 1128 1367 1149 :
1388 1115 1484 1151 Hoec
1507 1116 1548 1151 in
1571 1114 1763 1151 Bethania
1777 1113 1897 1165 facta
1930 1119 2034 1149 siml.
2056 1113 2210 1148 Accusa-

1221 1173 1311 1211 tiora
1338 1183 1456 1212 autem
1486 1175 1703 1228 exemplaria
1731 1175 1878 1223 hahent,
1899 1176 1949 1210 In
1971 1174 2206 1211 Bethabara.

1221 1235 1315 1272 Nam
1335 1235 1508 1273 Bethania
1525 1249 1595 1273 non
1616 1245 1669 1274 est
1686 1245 1785 1273 trans
1803 1234 1995 1274 Jordanem
2009 1264 2022 1284 ,
2043 1247 2154 1284 neque
2174 1232 2207 1269 in

1220 1297 1379 1346 deserto,
1399 1298 1460 1337 sed
1476 1313 1587 1352 prope
1604 1299 1876 1351 Jerosolymam.
1892 1299 1984 1336 Loca
2005 1307 2124 1335 autem
2144 1296 2213 1334 alia

1222 1357 1329 1396 etiam
1348 1358 1393 1397 de
1407 1373 1512 1398 causa
1529 1361 1716 1412 significat.
1738 1362 1829 1399 Cum
1850 1360 1944 1398 enim
1966 1374 2022 1398 res
2036 1373 2104 1397 non
2123 1358 2214 1396 anti-

1221 1433 1326 1470 quas,
1348 1420 1410 1458 sed
1428 1435 1506 1471 quoe
1527 1422 1635 1474 paulo
1649 1431 1729 1460 ante
1744 1422 1984 1473 contigerant,
2002 1429 2211 1458 narraturus

1224 1490 1313 1518 esset
1326 1511 1338 1531 ,
1359 1481 1440 1519 illos
1478 1483 1540 1533 qui
1559 1482 1705 1521 aderant
1725 1492 1758 1521 et
1778 1483 1943 1523 viderant
1959 1483 2139 1521 dictorum
2164 1490 2215 1518 te-

1226 1549 1295 1579 stes
1309 1541 1476 1592 advocat,
1492 1543 1700 1593 exquelocis
1714 1544 1957 1581 testimonium
1971 1543 2111 1595 accipit.
2125 1543 2214 1579 Cum

1226 1601 1321 1639 enim
1339 1602 1464 1641 fideret
1483 1617 1519 1641 se
1537 1603 1630 1641 nihil
1648 1604 1790 1643 veritati
1808 1603 1957 1654 addere,
1985 1603 2046 1641 sed
2071 1618 2110 1641 ea
2138 1618 2216 1653 qua*

1229 1671 1327 1713 gesta
1368 1662 1507 1702 fuerant
1542 1679 1625 1704 vere
1654 1673 1690 1703 et
1729 1664 1938 1718 simpliciter
1977 1679 2159 1712 enarrare,
2196 1680 2216 1701 a

1228 1724 1306 1763 loco
1331 1725 1573 1765 testimoninm
1604 1727 1749 1780 accipit,
1769 1742 1846 1779 quae
1878 1741 1948 1765 non
1974 1727 2084 1775 levis,
2104 1736 2142 1764 ut
2162 1726 2216 1764 di-

1228 1786 1290 1835 xi,
1322 1786 1441 1825 futura
1474 1797 1548 1826 erat
1578 1788 1738 1827 veritatis
1777 1788 2043 1827 demonstratio.
2074 1789 2219 1826 Altera

1229 1857 1356 1886 autem
1388 1849 1451 1887 die
1489 1851 1582 1888 vidit
1616 1851 1792 1889 Joannes
1827 1852 1960 1889 Jesum
2003 1852 2217 1888 venientem

1230 1910 1285 1949 ad
1309 1924 1373 1957 se,
1396 1920 1433 1948 et
1462 1915 1518 1950 ait
1550 1928 1561 1948 .·
1596 1914 1700 1952 Ecce
1730 1925 1855 1965 agnus
1893 1912 1989 1959 Dei,
2017 1913 2083 1964 qui
2115 1911 2217 1948 tollit·

1227 1981 1427 2025 peccatum
1455 1975 1603 2012 mundi.
1630 1973 1898 2012 Distribuerunt
1930 1982 2087 2025 tempora
2112 1985 2218 2010 evan-

1230 2035 1389 2086 gelistae:
1414 2035 1606 2074 Matthaeus
1634 2046 1791 2089 tempora
1813 2050 1891 2087 quae
1919 2035 2064 2076 Joannis
2092 2034 2215 2087 Bapti-

1230 2104 1290 2135 stae
1326 2097 1470 2136 vincula
1497 2106 1748 2149 praecesserunt
1774 2097 1931 2136 breviter
1955 2105 2216 2142 transcurrens,

1233 2157 1276 2195 ad
1311 2159 1490 2210 sequentia
1527 2167 1720 2212 properat,
1761 2159 1918 2197 Joannes
1957 2165 2077 2194 autem
2112 2169 2218 2194 evan-

1232 2220 1355 2271 gelista
1392 2235 1461 2259 non
1488 2221 1594 2259 modo
1615 2220 1691 2258 haec
1722 2233 1792 2258 non
1822 2219 1977 2258 breviter
2006 2227 2217 2270 praetercur-

1232 2281 1297 2331 rit,
1324 2281 1385 2320 sed
1418 2283 1455 2320 in
1481 2282 1539 2320 his
1568 2282 1726 2319 maxime
1759 2281 1982 2318 immoratur.
2018 2280 2100 2328 Ille,
2122 2287 2217 2330 post-

1231 2357 1338 2394 quam
1363 2343 1460 2382 venit
1488 2345 1589 2382 Jesus
1614 2357 1632 2381 e
1652 2340 2036 2390 desert0,intermediis
2055 2338 2214 2385 omissis;

1231 2405 1330 2443 verbi
1350 2405 1477 2457 gratia,
1494 2419 1573 2455 quae
1591 2406 1743 2443 Joannes
1757 2403 1926 2452 loquutus
1941 2409 2006 2450 est,
2027 2414 2105 2451 quae
2133 2399 2213 2436 mit-

1231 2476 1341 2505 tentes
1366 2466 1481 2507 Judaei
1504 2466 1696 2513 dixerunt,
1726 2463 1929 2513 caeterisque
1957 2461 2075 2500 missis
2101 2460 2215 2499 omni-

1229 2528 1317 2576 bus,
1337 2527 1456 2565 statim
1481 2526 1621 2564 transiit
1644 2524 1691 2562 ad
1719 2537 1894 2562 carcerem
1916 2539 1924 2559 :
1960 2523 2056 2561 Cum
2084 2522 2214 2560 audis·
2231 2544 2343 2572 Jlauh,

1230 2598 1297 2634 set,
1308 2588 1591 2639 inquit,Jesus,
1613 2584 1708 2636 quod
1737 2583 1888 2622 traditus
1920 2593 2009 2622 esset
2040 2585 2212 2628 Joannes‚
2233 2585 2277 2613 ¹3-

1231 2651 1382 2688 secessit
1414 2650 1518 2686 inde.
1541 2648 1692 2686 Joannes
1728 2659 1813 2684 vero
1845 2658 1915 2682 non
1935 2644 2002 2693 sic,
2018 2643 2079 2682 sed
2097 2643 2212 2695 profe—

1231 2713 1382 2751 ctionem
1410 2712 1446 2749 in
1476 2710 1655 2748 desertum
1683 2708 1812 2756 tacuit,
1833 2717 1955 2761 utpote
1991 2722 2011 2745 a
2040 2707 2211 2745 Mauhaeo

1230 2782 1432 2823 narratam,
1453 2785 1493 2810 ea
1508 2785 1591 2810 vero
1606 2784 1684 2822 quae
1702 2778 1782 2821 post
1808 2768 2015 2807 descensum
2033 2783 2077 2806 ex
2093 2776 2212 2805 monte

1231 2843 1326 2886 gesta
1343 2842 1423 2872 sunt
1448 2831 1626 2881 narravit,
1642 2840 1676 2869 et
1689 2830 1803 2869 multa
1829 2839 2100 2883 praetercurrens
2123 2827 2211 2880 adji-

1231 2896 1276 2933 cit
1299 2911 1306 2932 :
1329 2895 1514 2934 Nondum
1535 2895 1637 2931 enim
1657 2894 1792 2930 missus
1809 2892 1951 2944 ficerat
1979 2893 2154 2929 Joannes
2173 2892 2213 2925 ιή
2227 2894 2410 2934 Joan.3.24.

1231 2970 1432 2995 carcerem.
1459 2955 1508 2994 Et
1527 2969 1609 3003 cur,
1631 2953 1790 3005 inquies,
1808 2967 1904 2991 nuno
1931 2954 2031 2992 Jesus
2050 2951 2147 2990 venit
2168 2949 2213 2987 ad

1231 3020 1402 3058 Joannem
1415 3031 1482 3055 non
1500 3015 1629 3065 semel,
1644 3014 1706 3053 sed
1718 3014 1774 3052 bis
1786 3014 1804 3051 Ξ)
1820 3014 1914 3052 Nam
1929 3012 2121 3051 Matthaeus
2135 3012 2213 3062 qui-

1230 3079 1311 3118 dem
1342 3077 1536 3117 necessario
1571 3077 1675 3115 illum
1709 3075 1754 3113 ad
1782 3075 1958 3127 baptisma
1987 3074 2123 3114 venisse
2155 3072 2213 3110 di-

2368 2547 2413 2583 14.

1232 3141 1298 3191 cit,
1317 3141 1354 3179 id
1379 3139 1476 3192 quod
1500 3137 1685 3178 ostendens
1715 3138 1817 3176 Jesus
1849 3136 1995 3189 adjicit:
2016 3136 2077 3173 Sic
2106 3135 2212 3172 decet
2227 3143 2338 3171 Mauh.
2356 3142 2385 3170 3.

1233 3217 1301 3241 nos
1315 3203 1474 3254 implere
1495 3214 1643 3239 omnem
1655 3200 1860 3251 justiciam.
1883 3199 2034 3236 Joannes
2052 3208 2135 3235 vero
2152 3196 2214 3233 ite-
2232 3185 2277 3212 ¹5·

1255 3318 1268 3332 a
1284 3308 1338 3340 Sic
1360 3305 1460 3341 savit.
1483 3313 1516 3338 et
1531 3306 1608 3338 Mss.
1629 3303 1772 3347 plurimi.
1791 3301 1906 3335 Morel.
1923 3312 2000 3334 vero
2027 3301 2109 3338 οὗτος
2126 3303 2166 3342 δὲ,
2185 3304 2215 3334 οὐ

1213 3368 1312 3403 μόνον.

1993 3453 2030 3486 U.
