2481 3678
698 235 739 265 ΙΝ
777 234 984 265 ,ΞΟΑΝΝΕΜ
1023 233 1162 263 HOMIL

2110 212 2131 236 L*

1174 252 1182 262 .
1225 231 1382 261 Lxxvi.
1426 215 1485 259 al.
1526 229 1664 259 cxxv.
2107 230 2189 257 „Jit

120 320 160 360 τὸ
176 326 244 360 πᾶν
264 317 446 362 ἀνατιθείς.
472 317 575 356 Ἐπεὶ
594 317 654 356 καὶ
673 322 704 356 οἱ
726 317 880 369 μαθηταὶ
899 315 1032 370 σφόδρα
1056 309 1144 361 ἦσαν
1170 316 1194 346 C
1216 314 1308 351 Nam
1337 311 1508 362 discipuli
1537 310 1734 348 admodum
1759 308 1878 346 timidi
1897 319 1995 347 erant
2011 319 2201 359 antequam
2259 319 2405 358 Discipuli

120 381 225 419 δειλοὶ
241 381 321 433 πρὶν
338 379 361 425 ἢ
384 383 502 430 μαθεῖν
524 379 612 433 ἅπερ
641 383 760 432 ἐχρῆν,
776 379 835 417 καὶ
859 383 920 425 τῆς
944 382 1003 415 τοῦ
1036 375 1149 414 Πνεύ·

122 457 229 491 ματος
267 441 454 486 ἀξιιι)θῆναι
483 441 632 492 δωρεᾶς·
670 441 810 493 ὕστερον
846 438 964 488 μέντοι
1001 436 1146 475 λεόντων

119 501 275 552 ἐγένοντο
296 501 513 553 θρασύτεροι.
538 502 606 540 Καὶ
628 502 760 555 Πέτρος
785 500 946 553 κορασίου
972 501 1033 537 οὐκ
1049 502 1148 549 ἐνεγ-

120 561 190 600 κὼν
224 562 384 610 ἀπειλὴν,
423 562 513 600 κατὰ
541 565 693 615 κεφαλῆς
725 562 896 614 ἐκρέματο
920 559 980 598 καὶ
998 562 1148 609 ἐμαστι-

120 629 240 676 γοῦτο,
269 624 327 662 καὶ
347 624 454 676 μυρία
485 624 690 662 κινδυνεύων
712 627 773 662 οὐκ
795 621 913 674 ἐσίγα·
938 622 1014 659 ἀλλ’
1030 620 1149 673 ὥσπερ

121 685 205 737 ὄναρ
230 686 378 738 πάσχων
399 687 421 724 ἃ
442 687 607 739 ἔπασχεν,
628 685 732 729 οὕτως
753 682 1026 736 ἐπαρρησιάζετο
1040 698 1047 705 ·
1072 683 1148 720 ἀλλ’

127 750 165 785 οὐ
194 748 262 799 πρὸ
288 753 347 786 τοῦ
378 752 539 801 σταυροῦ.
573 747 642 785 Διὰ
674 750 774 784 τοῦτο
793 748 810 783 5
833 744 982 796 Χριστὸς
1012 744 1148 795 ἔλεγεν·

124 808 341 861 Ἐγείρεσθε,
358 809 497 859 ἄγωμεν
519 811 682 846 ἐντεῦθεν.
705 807 807 850 Τίνος
829 805 957 850 ἕνεκεν,
982 805 1058 843 εἶπέ
1073 821 1150 856 μοι,

123 872 184 908 οὐκ
217 869 292 920 ᾔδει
324 869 386 916 τὴν
405 868 497 922 ὥραν
518 870 594 906 καθ’
616 868 657 915 ἢν
690 868 832 918 ἔμελλεν
852 866 1101 913 ἐπιστήσεσθαι
1135 869 1152 904 5

439 928 524 941 mn!
635 927 643 944 t

125 929 272 977 Ἰούδας,
300 931 376 968 ἀλλ’
416 931 579 967 ἐοεοοικει
601 945 649 978 μη
685 931 754 966 ἐκεῖ
782 927 889 966 ἐλθὼν
911 927 1071 979 κατάσχῃ
1094 930 1154 965 αὖ·

123 990 220 1039 τοὺς,
255 991 312 1028 καὶ
349 990 429 1043 πρὶν
463 989 484 1036 ἢ
509 992 695 1042 πληρῶσαι
726 989 788 1037 τὴν
817 989 960 1042 ἀρίστην
985 991 1153 1027 διδασκα-

123 1052 216 1101 λίαν,
245 1055 430 1090 ἐπιστῶσιν
467 1054 498 1090 οἱ
529 1051 825 1099 ἐπιὲουλεύοντες,
856 1051 1007 1104 Ἄπαγε·
1034 1051 1153 1104 πόρρω

122 1118 233 1151 ταῦτα
252 1115 355 1151 αὐτοῦ
368 1117 430 1159 τῆς
446 1112 555 1157 ἀξίας.
578 1115 622 1151 Εἰ
640 1112 750 1151 τοίνυν
772 1113 820 1164 μὴ
838 1113 1022 1160 ἐδεδοίκει,
1044 1112 1078 1150 τί
1097 1113 1155 1159 δή·

125 1191 208 1213 ποτε
231 1174 461 1221 ἀπανίστησιν
492 1174 639 1221 αὐτοὺς,
672 1174 731 1212 καὶ
755 1174 843 1225 μετὰ
874 1175 913 1212 τὸ
948 1176 1154 1227 πληρῶσαι,

124 1236 203 1275 τότε
225 1239 271 1279 εἷς
291 1236 347 1274 τὸν
376 1240 486 1283 κῆπον
507 1236 583 1287 ἄγει
604 1236 661 1274 τον
679 1239 727 1289 τῷ
749 1236 863 1288 Ἰούδα
892 1235 1080 1288 γνώριμον.
1111 1237 1155 1273 Εἰ

127 1298 161 1337 δὲ
182 1299 240 1337 καὶ
257 1297 465 1350 παρεγένετο
486 1301 503 1336 5
525 1297 673 1345 Ἰούδας,
690 1300 751 1336 οὐκ
783 1297 933 1343 ἠδύνατο
957 1300 1068 1335 αὐτῶν
1091 1313 1157 1343 πη-

128 1363 236 1412 ρῶσαι
254 1359 315 1403 τὰς
335 1359 428 1411 ὄψεις
442 1388 450 1404 ,
469 1359 511 1396 ²¹5
534 1359 593 1396 καὶ
620 1359 668 1409 μὴ
689 1358 858 1411 παρόντος
883 1357 1046 1404 ἓποίησε;
1066 1358 1158 1402 τίνος

126 1415 182 1459 οῧν
200 1421 313 1458 ἕνεκεν
334 1419 538 1472 &picta-»aq
559 1420 694 1472 Μικρὸν
717 1422 931 1457 ἀναπνεῦσαι
952 1419 1073 1456 δίδωσι
1089 1425 1160 1462 τοῖς

127 1486 308 1533 μαθηταῖς.
327 1480 396 1518 Καὶ
413 1480 480 1531 γὰρ
505 1480 593 1523 εἰκὸς
613 1474 654 1526 ῆν
680 1479 820 1526 αὐτοὺς,
841 1480 902 1517 ἅτε
921 1481 953 1517 ἐν
970 1480 1159 1532 καταδήλῳ

126 1543 246 1596 χωρίῳ
273 1543 391 1589 ὄντας,
409 1541 549 1592 τρέμειν
569 1541 628 1579 καὶ
649 1540 856 1587 δεδοικέναι,
874 1539 943 1578 ἀπό
957 1556 994 1577 τε
1007 1543 1066 1577 τοῦ
1080 1556 1161 1578 και-

129 1609 207 1656 ροῦ,
230 1604 298 1642 ἀπό
330 1620 367 1641 τε
393 1608 452 1641 τοῦ
473 1603 595 1642 τόπου.
614 1602 683 1641 Καὶ
713 1602 781 1655 γὰρ
800 1601 859 1646 νὺξ
890 1596 931 1648 ἦν
964 1602 1160 1653 βαθυτάτη,

127 1666 186 1703 καὶ
197 1660 237 1712 ῆν
257 1664 345 1716 μηδὲ
361 1663 376 1683 ¹'
391 1670 555 1716 προσχεῖν
571 1670 641 1707 τοῖς
657 1662 874 1714 λεγομένοις,
894 1664 970 1700 ἀλλ’
984 1663 1038 1701 ἀεὶ
1054 1678 1159 1716 περι-

128 1726 335 1779 στρέφεσθαι
354 1725 412 1764 καὶ
428 1726 658 1777 φαντάζεσθαι
677 1723 754 1767 τοὺς
769 1723 1081 1774 ἐπιστησομένους·
1099 1724 1161 1762 καὶ

129 1789 282 1838 μάλιστα
303 1786 406 1825 ὁπότε
427 1786 486 1824 καὶ
507 1789 524 1823 5
545 1785 645 1836 λόγος
669 1789 686 1823 ὃ
708 1788 767 1823 τοῦ
786 1784 997 1823 διδασκάλου
1014 1785 1164 1836 προσδο-

128 1857 193 1902 κᾷν
215 1849 324 1887 ἐποίει
339 1847 382 1885 τὰ
401 1847 508 1886 δεινοί.
535 1846 617 1885 ’Έτι
642 1846 710 1900 γὰρ
731 1846 870 1899 μικρὸν,
887 1846 1005 1898 φησὶν,
1021 1846 1080 1884 καὶ
1102 1848 1165 1884 οὐκ

129 1911 200 1962 εἰμὶ
228 1912 302 1961 μεθ’
330 1911 439 1960 ὑμῶν,
456 1908 514 1946 καὶ
535 1909 675 1960 ἔρχεται
693 1911 710 1946 5
729 1913 789 1946 τοῦ
806 1907 937 1957 κόσμου
954 1907 1074 1945 τούτου
1099 1908 1167 1959 ἄρ-

128 1987 215 2024 χων.
243 1970 347 2009 Ἐπεὶ
363 1964 420 2008 οἶν
443 1973 554 2007 ταῦτα
579 1969 639 2007 καὶ
665 1968 708 2007 τὰ
734 1972 879 2007 τοιαῦτα
898 1967 1078 2012 ἀκούοντες
1095 1971 1168 2008 ἐθο-

131 2033 318 2086 ρυὸοῧντο,
345 2034 391 2075 ὡς
418 2030 542 2069 αὐτίκα
566 2030 661 2082 μάλα
682 2029 919 2080 ἁλωσόμενοι,
943 2030 1020 2080 ἄγει
1037 2032 1084 2074 εἷς
1105 2030 1167 2069 τό-

129 2111 193 2132 πον
212 2092 333 2136 αὐτοὺς
359 2093 490 2146 ἕτερον,
518 2091 575 2129 ἵνα
592 2091 796 2142 νομίσαντες
815 2093 849 2129 ἐν
870 2090 1042 2143 ἀσφαλείᾳ
1063 2085 1168 2137 εἶναι,

132 2155 222 2206 μετὰ
252 2154 368 2197 ἀδείας
382 2153 502 2191 λοιπον
521 2153 685 2191 ἀκούωσι.
707 2151 777 2190 Καὶ
804 2151 871 2206 γὰρ
892 2152 1034 2202 ἔμελλον
1051 2152 1163 2203 μεγά-

128 2219 196 2255 λων
216 2216 423 2254 ἀκούσεσθαι
451 2214 647 2265 δογμάτων.
679 2213 748 2252 Διὰ
775 2214 876 2252 τοῦτο’
902 2229 1005 2265 φησιν
1021 2230 1028 2237 ·
1051 2213 1168 2265 Ἐγεί-

129 2339 226 2391 Ἐγώ
247 2341 319 2390 εἶμι
339 2342 360 2385 ἡ
383 2338 559 2388 ἄμπελος,
594 2339 691 2387 ὑμεῖς
716 2336 760 2374 τὰ
797 2337 974 2387 κλήματα.
1009 2337 1056 2375 Τί
1082 2336 1166 2388 βού-

128 2402 227 2438 λεται
255 2399 311 2437 διὰ
332 2402 395 2445 τῆς
431 2398 634 2452 παραδολῆς
658 2397 889 2445 αἰνίττεσθαι,
908 2396 994 2436 “Ori
1023 2399 1080 2436 τὸν
1117 2398 1164 2449 μὴ

129 2461 348 2513 προσέχοντα
365 2466 435 2502 τοῖς
465 2459 663 2511 λεγομένοις
687 2460 746 2510 ζῇν
765 2462 827 2497 οὐκ
850 2459 921 2505 ἔνι,
948 2459 1008 2497 καὶ
1038 2459 1093 2497 ὅτι
1122 2460 1167 2498 τὰ

131 2523 302 2573 μέλλοντα
330 2526 460 2570 σημεῖα
480 2520 549 2558 ἀπὸ
577 2522 640 2565 τῆς
672 2524 732 2557 τοῦ
761 2521 914 2571 Χριστοῦ
943 2519 1075 2571 γίνεται
1106 2522 1166 2558 δυ-

130 2583 280 2633 νάμεως.
300 2581 345 2620 ‘O
367 2581 493 2633 Πατήρ
516 2597 580 2631 μου
600 2583 617 2618 5
635 2579 786 2631 γεωργός
807 2582 892 2618 ἐστι.
915 2580 962 2618 Τί
978 2574 1035 2617 οὖν
1050 2596 1059 2626 3
1075 2583 1167 2633 ἐνερ-

131 2644 225 2697 γείας
248 2645 358 2681 δεῖται
376 2647 393 2681 5
416 2642 519 2689 Υἱός,
545 2641 696 2693 Ἄπαγε·
713 2641 752 2679 τὸ
770 2640 837 2691 γὰρ
854 2640 1049 2691 ὑπόδειγμα
1065 2647 1165 2680 τοῦτο

131 2707 169 2745 οὖ
182 2709 282 2744 τοῦτο
309 2706 418 2751 δηλοῖ.
437 2703 534 2755 εὈρα
555 2706 635 2754 γοῦν
656 2704 730 2754 μεθ’
747 2702 830 2749 ὅσης
857 2701 1038 2753 ἀκριὸείας
1062 2702 1164 2755 ἐπέρ-

131 2783 233 2819 χεται
264 2766 328 2812 τὴν
358 2764 577 2818 παραὲολήν.
606 2766 659 2802 Οὐ
682 2762 749 2817 γὰρ
772 2762 835 2810 τὴν
858 2763 954 2816 ῥίζαν
976 2763 1166 2802 ἀπολαύειν

130 2832 192 2875 τῆς
212 2827 411 2878 ἐπιμελείας
426 2830 486 2865 τοῦ
515 2830 689 2878 γεωργοῦ,
716 2824 806 2863 ἀλλὰ
823 2825 867 2863 τὰ
897 2824 1063 2875 κλήματα
1093 2841 1166 2877 φη-

134 2905 200 2927 σιν.
221 2888 265 2926 ‘H
288 2889 364 2942 ῥίζα
383 2887 418 2926 δὲ
442 2889 484 2926 δι’
501 2886 596 2925 οὐδὲν
626 2886 864 2939 παρείληπται
900 2887 1067 2931 ἐνταῦθα,
1090 2887 1165 2924 ἀλλ’

132 2950 188 2988 ἵνα
214 2950 384 2999 μάθωσιν,
418 2949 470 2988 ὅτι
498 2952 560 2995 τῆς
593 2950 695 2986 αὐτοῦ
731 2948 911 2998 δυνάμεως
929 2947 1038 3000 χωρὶς
1071 2947 1166 2985 οὐδὲν

133 3010 338 3063 ἐργάζεσθαι
358 3009 542 3056 δύνανται,
571 3008 630 3047 καὶ
648 3008 702 3048 ὅτι
723 3008 832 3052 οὕτως
859 3007 983 3051 αὐτοὺς
1011 3011 1166 3055 ἡνῶσθαι

135 3073 185 3110 δεῖ
207 3075 249 3121 τῆ
269 3070 406 3118 πίστει,
422 3073 469 3113 ὡς
494 3071 533 3109 τὸ
552 3072 673 3121 κλῆμα
689 3073 731 3120 τῆ
761 3068 921 3121 ἀμπέλῳ.
943 3071 1020 3107 Πᾶν
1046 3071 1166 3119 κλῆμα

136 3135 170 3170 ἐν
201 3132 277 3182 ἐμοὶ
307 3131 354 3182 μὴ
376 3130 477 3183 φέρον
508 3131 659 3182 καρπὸν,
677 3130 764 3182 αἴρει
788 3131 870 3168 αὐτὸ
892 3134 909 3168 5
926 3130 1064 3182 Πατήρ.
1085 3129 1167 3168 Ἔν-

136 3201 247 3236 ταῧθα
263 3198 319 3236 τὸν
343 3197 415 3249 βίον
437 3196 645 3244 αἰνίττεται,
681 3195 831 3242 δεικνὺς,
853 3195 906 3234 ὅτι
925 3195 1033 3249 χωρὶς
1061 3196 1168 3248 ἔργων

139 3267 202 3302 οὐκ
221 3265 315 3302 ἔστιν
346 3257 433 3301 εἶναι
464 3265 498 3302 ἓν
520 3265 627 3316 αὐτῷ.
659 3263 729 3302 Καὶ
755 3270 825 3302 πᾶν
848 3263 888 3301 τὸ
906 3263 1039 3316 καρπὸν
1056 3262 1171 3317 φέρον,

186 3388 198 3403 ³
216 3377 277 3410 Alii
293 3381 307 3411 δ
327 3382 375 3411 καὶ
393 3382 535 3423 παροῦσιν
551 3383 681 3416 ἐποίησε.

189 3430 204 3454 b
222 3428 365 3470 Quidam
382 3435 547 3474 προσέχειν.
570 3429 686 3472 [Paulo
705 3436 782 3461 ante
801 3428 901 3462 Savil.
918 3433 965 3463 καὶ
983 3432 1058 3471 μηδὲ
1088 3428 1158 3462 sine

1216 373 1256 410 id
1274 372 1369 424 quod
1392 386 1458 424 par
1489 381 1564 409 erat
1599 371 1820 419 ediscerent,
1854 379 1886 407 et
1918 370 2012 408 dono
2044 371 2202 422 Spiritus

2215 373 2301 400 quam
2342 373 2406 390 me-

2217 405 2330 432 uculosi
2356 414 2408 430 an-

1216 434 1325 471 sancti
1353 432 1614 483 dignarentur:
1642 431 1872 484 postmodum
1919 445 2003 469 vero
2042 431 2202 469 leonibus
2218 452 2244 472 te
2296 445 2407 471 cufim

1217 495 1423 533 audaciores
1450 496 1602 532 suerunt.
1626 494 1671 531 Et
1692 495 1829 543 Petrus,
1848 493 1909 543 qui
1937 492 2062 544 puellae
2092 493 2204 530 minas

1219 573 1289 596 non
1303 559 1445 607 tulerat,
1469 559 1609 597 inverso
1642 558 1755 610 capite
1778 571 1965 609 appensus,
1988 565 2022 594 et
2042 556 2205 593 verbera-

1218 629 1289 669 tus,
1325 620 1492 671 milleque
1524 619 1693 672 periculis
1727 618 1923 671 expositus,
1956 631 2025 655 non
2058 617 2206 665 tacebat,

1219 683 1282 720 sed
1298 683 1399 734 quasi
1419 684 1496 721 baec
1515 697 1579 735 per
1599 682 1777 720 somnium
1809 690 2002 733 pateretur,
2024 679 2074 717 sic
2096 680 2208 717 libere

1219 745 1450 795 loquebatur;
1476 744 1538 782 scd
1568 759 1636 782 non
1657 753 1737 781 ante
1757 757 1908 780 crucem.
1941 742 2026 779 Ideo
2046 741 2210 780 Christus

1219 804 1384 843 dicebat:
1419 806 1583 857 Sur-gite,
1614 819 1746 842 eamus
1768 806 1872 842 hinc.
1913 806 1995 851 Qua
2021 803 2066 840 de
2088 816 2208 852 causa,

1220 881 1337 917 quaeso
1358 867 1375 904 ?
1408 882 1451 905 an
1485 867 1672 918 ignorabat
1688 867 1813 903 horam
1834 879 1902 915 quo
1932 872 2211 916 superventurus

1220 936 1295 964 erat
1315 927 1458 966 Judas?
1479 942 1523 965 an
1559 927 1707 965 timebat
1745 941 1788 964 ne
1807 926 2011 975 adveniens,
2047 940 2128 963 suos
2149 940 2213 978 ap-

1220 988 1465 1039 prehenderet,
1477 998 1510 1026 et
1520 998 1707 1039 antequam
1717 987 1917 1025 doctrinam
1928 987 2026 1024 illam
2041 987 2213 1038 optimam

1176 1057 1201 1086 D
1223 1050 1429 1102 compleret,
1452 1049 1680 1088 insidiatores
1701 1048 1965 1101 irrumperent?
1988 1048 2116 1085 Absit:
2140 1048 2215 1086 haze

1223 1111 1349 1164 procul
1379 1112 1423 1149 ab
1446 1111 1558 1164 ipsius
1579 1111 1753 1162 dignitate
1787 1119 1882 1148 sunt.
1902 1110 1942 1149 Si
1961 1124 2031 1147 non
2054 1110 2215 1159 timebat,

1225 1188 1289 1210 cur
1305 1173 1408 1211 istinc
1435 1173 1582 1211 abducit
1601 1188 1670 1221 eos,
1688 1182 1721 1210 et
1745 1172 1919 1224 completo
1934 1186 2107 1221 sermone,
2132 1181 2218 1209 tunc

1225 1234 1273 1272 ad
1293 1235 1438 1272 hortum
1470 1234 1572 1274 Judae
1599 1243 1724 1272 notum
1754 1234 1931 1271 adducit?
1961 1233 2112 1270 Etiamsi
2133 1247 2217 1271 vero

1226 1296 1338 1335 Judas
1358 1296 1574 1345 advenisset,
1599 1310 1714 1333 annon
1735 1304 1873 1348 poterat
1904 1295 2065 1347 ipsorum
2099 1294 2219 1333 oculos

1226 1372 1428 1407 excaecare3
1455 1358 1494 1395 id
1513 1357 1609 1408 quod
1631 1358 1709 1410 ipso
1729 1371 1798 1395 non
1817 1366 1987 1409 praesente
2014 1356 2097 1394 fecit
2117 1357 2133 1393 ?
2157 1371 2220 1394 cur

1227 1432 1312 1470 ergo
1345 1419 1531 1456 discedit?
1563 1421 1615 1457 Ut
1645 1418 1829 1456 modicum
1850 1418 2045 1470 respirandi
2081 1427 2222 1469 tempus

1229 1480 1419 1531 discipulis
1439 1479 1510 1517 det.
1535 1479 1743 1520 Verisimile
1761 1479 1894 1531 quippe
1915 1488 1990 1516 erat
2008 1493 2079 1526 eos,
2101 1487 2223 1530 utpote

1228 1540 1265 1577 in
1285 1540 1420 1592 patenti
1435 1540 1524 1589 loco,
1546 1540 1732 1578 tremuisse
1753 1549 1785 1577 et
1800 1539 2023 1587 formidasse,
2047 1548 2080 1576 et
2101 1554 2120 1576 a
2135 1548 2222 1577 tem-

1226 1615 1324 1653 poxe,
1344 1610 1378 1638 et
1394 1616 1414 1638 a
1430 1601 1520 1639 loco.
1542 1602 1625 1639 Nox
1639 1601 1771 1653 quippe
1785 1610 1859 1638 erat
1873 1600 2065 1653 profunda,
2084 1614 2146 1638 nec
2161 1615 2223 1652 po-

1226 1671 1342 1700 terant
1362 1662 1467 1700 dictis
1487 1662 1680 1713 attendere,
1702 1677 1784 1700 cnm
1803 1676 1941 1714 semper
1970 1662 2087 1700 animo
2107 1676 2225 1701 versa-

1183 1731 1207 1760 E
1228 1732 1307 1761 rent
1337 1738 1406 1773 eos,
1439 1724 1501 1774 qui
1529 1738 1565 1762 se
1595 1724 1753 1763 invasuri
1789 1733 1917 1771 essent,
1949 1738 2032 1761 eum
2071 1723 2227 1761 maxime

1230 1784 1396 1837 Magistri
1427 1800 1541 1823 sermo
1582 1786 1675 1823 mala
1707 1784 1945 1838 exspectanda
1968 1799 2040 1822 esse
2074 1785 2225 1822 doceret.

2218 492 2356 514 mortem.

1230 1847 1380 1884 Adhuc
1401 1848 1609 1893 modicum,
1631 1846 1759 1897 inquit,
1782 1856 1815 1884 et
1841 1860 1911 1884 non
1931 1861 1989 1884 ero
2008 1846 2195 1885 vobiscum
2212 1861 2223 1896 3
2242 1852 2334 1879 Ioan-
2360 1851 2406 1887 14-

1234 1917 1281 1955 et,
1305 1910 1419 1946 Venit
1437 1911 1617 1960 princeps
1634 1910 1748 1960 hujus
1769 1909 1914 1945 mundi.
1933 1908 2025 1945 Cum
2044 1907 2128 1945 talia
2144 1921 2228 1958 ergo

1235 1969 1418 2008 audientes
1437 1970 1678 2019 turbarentur,
1697 1984 1738 2007 ac
1759 1970 1788 2008 si
1807 1984 1892 2008 mox
1920 1970 2079 2022 capiendi
2101 1979 2228 2016 essent,

1234 2031 1270 2069 in
1287 2031 1399 2069 alium
1419 2031 1499 2069 illos
1517 2031 1618 2069 ducit
1634 2032 1772 2080 locum;
1795 2041 1834 2068 ut
1851 2040 2015 2082 putantes
2034 2046 2071 2069 se
2098 2032 2173 2083 jam
2191 2031 2228 2069 in

1233 2102 1311 2131 tuto
1331 2108 1417 2141 esse,
1438 2094 1549 2131 libere
1564 2093 1708 2131 demum
1728 2093 1892 2131 audirent
1910 2109 1917 2129 :
1948 2107 2075 2144 magna
2096 2094 2229 2146 quippe

1235 2155 1404 2207 dogmata
1424 2156 1583 2193 audituri
1602 2156 1808 2194 erant.Ideo
1828 2156 1878 2193 ait
1895 2171 1902 2192 :
1919 2156 2082 2207 Szcrgite‚
2097 2170 2228 2193 eamus

2247 1901 2293 1930 19-
2310 1895 2363 1924 30.

1235 2219 1328 2255 Ιιίηο
1343 2234 1353 2253 :
1366 2217 1496 2255 deinde
1512 2217 1634 2270 adjicit
1651 2233 1658 2254 τ
1674 2220 1708 2255 1.
1722 2219 1805 2269 Ego
1822 2232 1906 2255 sum
1923 2220 2033 2262 vitis,
2048 2231 2120 2254 vos
2136 2217 2225 2268 pal·
2241 2229 2310 2268 cap.
2334 2239 2384 2258 xv,

133 2282 231 2331 ρεσθε
249 2307 257 2325 ,
299 2277 440 2328 ἄγωμεν
473 2279 639 2315 ἐντεῦθεν.
672 2270 762 2313 Εἶτα
794 2280 807 2296 ⁰
822 2275 1011 2327 ἐπαγαγών
1043 2292 1145 2328 φησιν
1158 2292 1165 2299 ·
1178 2309 1224 2334 1147
1235 2282 1356 2316 mites.
1367 2278 1465 2325 Quid
1478 2279 1557 2318 vult
1572 2293 1636 2331 per
1652 2279 1744 2316 hanc
1760 2278 1967 2330 parabolam
1984 2277 2228 2315 subindicare?

1189 2347 1212 2374 Α
1237 2340 1331 2377 Eum
1352 2340 1413 2391 qui
1434 2355 1503 2378 non
1526 2340 1633 2377 dictis
1650 2339 1809 2377 attendat
1837 2339 1958 2379 vivere
1975 2353 2044 2376 non
2064 2353 2178 2390 posse,
2195 2348 2229 2377 et

1234 2401 1356 2438 futura
1386 2401 1487 2452 signa
1508 2415 1528 2438 a
1561 2401 1694 2438 Christi
1722 2401 1856 2439 virtute
1888 2409 2104 2452 proventura
2138 2414 2225 2438 esse.

1234 2463 1358 2499 Pater
1384 2476 1489 2500 meus
1509 2462 1687 2513 agricola
1706 2469 1774 2498 est.
1814 2461 1914 2508 Quid
1935 2460 2073 2512 igitur?
2093 2460 2229 2499 auxilio

1235 2534 1312 2575 eget
1338 2525 1484 2562 Filius?
1509 2524 1611 2561 Absit
1632 2540 1639 2560 :
1666 2524 1733 2561 hoc
1755 2523 1961 2575 exemplum
1986 2523 2025 2560 id
2047 2537 2116 2560 non
2136 2522 2229 2560 indi-

1236 2596 1304 2624 cat.
1325 2586 1420 2626 Vide
1442 2600 1548 2636 quam
1572 2585 1763 2637 diligenter
1781 2585 1872 2622 hanc
1899 2584 2107 2637 parabolam
2127 2599 2227 2623 exse-

1236 2657 1381 2698 quatur.
1406 2648 1485 2685 Non
1517 2647 1610 2684 enim
1648 2646 1750 2696 dicit,
1772 2645 1929 2684 radicem
1956 2646 2120 2697 agricolae
2146 2661 2229 2684 cura

1236 2709 1322 2759 frui,
1345 2708 1405 2746 sed
1434 2708 1610 2760 palmites.
1630 2707 1750 2745 Radix
1765 2707 1860 2744 enim
1883 2721 1953 2745 non
1980 2707 2040 2745 hic
2056 2722 2230 2746 memora-

1238 2780 1309 2819 tur,
1333 2770 1394 2808 sed
1425 2770 1528 2807 docet
1548 2769 1640 2807 nihil
1669 2783 1770 2821 posse
1791 2769 1872 2807 illos
1899 2770 2037 2821 operari
2061 2769 2137 2807 sine
2157 2785 2230 2809 suae

1237 2830 1382 2869 virtutis
1413 2830 1567 2880 auxilio,
1597 2839 1631 2867 et
1664 2829 1711 2868 ita
1742 2829 1838 2882 ipsos
1859 2830 1929 2868 sibi
1952 2830 2023 2868 fide
2063 2831 2231 2883 conjungi

1237 2900 1413 2944 oportere,
1448 2901 1488 2929 ut
1517 2891 1657 2943 palmus
1685 2891 1752 2930 viti
1785 2892 1962 2943 jungitur.
1997 2894 2036 2930 2.
2070 2895 2231 2931 Omnem

1234 2956 1439 3007 palmitem
1457 2958 1499 2992 in
1517 2970 1576 2993 me
1596 2969 1675 2992 non
1690 2957 1892 3008 ferentem
1900 2958 2096 3008 fructum,
2121 2957 2230 2995 tollet

1237 3032 1322 3054 eum
1338 3019 1470 3054 Pater.
1491 3017 1561 3055 Hic
1580 3017 1694 3055 vitam
1709 3016 1925 3066 subindicat,
1940 3017 2134 3066 declarans,
2161 3031 2230 3055 non

1189 3076 1212 3105 Β
1237 3091 1338 3130 posse
1356 3077 1561 3129 quempiam
1591 3077 1666 3115 sine
1698 3077 1866 3129 operibus
1893 3077 1929 3115 in
1955 3078 2031 3130 ipso
2063 3092 2146 3115 esse.
2176 3079 2235 3115 Et

1241 3153 1391 3177 omnem
1419 3142 1485 3192 qui
1506 3140 1808 3192 sert-fructum,
1840 3142 2022 3191 purgabit
2055 3154 2168 3186 ezcm;
2192 3138 2232 3176 id

1241 3210 1306 3250 est,
1335 3201 1452 3239 Multo
1475 3201 1546 3238 frui
1567 3201 1665 3238 cultu
1685 3200 1836 3238 curabit.
1861 3201 1970 3250 Atqui
1996 3200 2103 3238 radix
2131 3199 2233 3251 prius

1240 3277 1349 3314 quam
1380 3262 1545 3314 palmites
1572 3276 1657 3300 eura
1690 3275 1780 3314 opus
1811 3261 1941 3310 habet;
1960 3260 2171 3299 circumfodi
2199 3270 2235 3298 et

1225 3378 1287 3420 a]

1273 3436 1283 3449 ⁶
1302 3427 1413 3461 Morcl.
1434 3434 1607 3470 ἀπαγαγών.
