2481 3678
283 197 368 244 166

272 294 447 332 bonorum
460 301 662 332 nostrorum
676 306 854 331 summam
864 293 1072 346 hujusmodi
1087 292 1255 331 doctrinae

723 213 762 244 S.
799 211 982 244 JOANNIS

273 361 536 399 committamus
557 376 564 396 :
587 359 684 411 quod
711 360 741 398 si
778 359 917 398 fecisset
943 359 1171 408 Nicodemus,
1200 372 1256 397 res

272 442 340 466 non
360 427 414 465 illi
437 427 668 480 impossibilis
683 427 759 466 visa
780 426 915 465 fuisset.
932 426 1031 473 Quid
1049 440 1132 478 ergo
1151 425 1254 464 Chri-

271 495 377 533 stus?
399 496 448 533 Ut
467 494 570 532 illum
591 494 746 532 abducat
769 494 815 531 ab
838 493 905 531 1130
926 493 1137 545 cogitatione
1154 492 1255 531 humi

271 570 426 614 repente,
447 569 479 598 et
495 559 655 597 ostendat
667 573 702 597 50
721 573 791 597 11011
813 558 858 597 (10
879 559 945 597 1130
964 560 1184 610 generatione
1202 559 1254 597 lo—

270 629 345 681 qui,
356 628 426 666 ait:
443 629 530 666 Nisi
544 631 629 680 quis
641 628 891 680 natztsficerit
905 641 952 664 ex
968 640 1074 679 aqua
1090 635 1125 664 et
1140 627 1255 678 Spiri-

271 707 324 745 tu,
349 711 426 734 non
445 704 567 749 potest
581 696 740 732 introire
756 695 798 730 in
810 706 969 745 regnum
983 693 1176 731 ccelorzcm.
1195 691 1255 731 Sic

268 774 385 803 autem
402 763 576 814 loquutus
603 770 653 800 est
665 791 676 812 7
691 769 731 798 ut
751 774 815 812 per
839 760 931 798 113110
947 759 1255 798 comminationem

269 831 388 883 ipsum
409 829 455 868 ad
479 828 587 867 fidem
613 827 844 881 pertraheret,
865 826 1097 878 suaderetque
1115 826 1183 879 ipsi
1213 841 1256 865 ne

269 914 344 937 rem
363 913 437 938 esse
454 896 712 951 impossibilem
730 896 962 944 existimaret,
981 906 1086 946 atque
1112 897 1218 936 illum
1235 912 1255 936 a

269 965 420 1004 carnalis
441 963 674 1016 generationis
702 963 913 1015 cogitatione
944 963 1177 1003 abstraheret.
1202 966 1256 1002 De

268 1031 351 1079 alia,
373 1031 500 1082 inquit,
520 1031 647 1082 loquor
667 1030 904 1081 generatione,
925 1043 945 1067 0
965 1029 1171 1081 Ν10οᾶ01110,
1193 1044 1256 1068 cur

270 1112 466 1136 sermonem
486 1097 533 1136 ad
552 1107 683 1136 terram
701 1097 884 1134 detrahis?
911 1111 974 1134 0111·
989 1106 1124 1134 naturae
1139 1111 1254 1135 neces-

270 1165 364 1202 sitati
388 1179 462 1202 rem
489 1165 587 1202 illam
606 1163 782 1215 subjicis?
800 1163 868 1199 Hic
887 1171 1013 1214 partus
1032 1163 1173 1214 vulgari
1191 1163 1255 1201 illo

270 1231 429 1283 superior
442 1240 507 1280 est,
530 1245 594 1268 nec
612 1229 701 1280 quid
721 1243 907 1267 commune
925 1229 1111 1267 nobiscum
1130 1229 1251 1268 habet.

269 1299 352 1336 lrlaec
365 1312 503 1349 quoque
519 1295 696 1348 generatio
708 1305 867 1343 vocatur,
882 1295 943 1333 sed
961 1295 1101 1333 nomine
1116 1304 1255 1334 tantum

267 1363 480 1412 communis,
511 1377 549 1400 re
575 1361 708 1400 dissert.
736 1361 894 1399 Abscede
914 1376 934 1399 a
954 1361 1097 1413 vulgari
1128 1376 1247 1401 more:

266 1431 376 1469 alium
395 1430 525 1469 induco
541 1439 683 1482 partum
709 1429 746 1467 in
760 1429 958 1467 mundum:
980 1429 1051 1468 alio
1071 1429 1178 1467 modo
1201 1430 1255 1482 gi-

267 1497 328 1549 gni
356 1496 518 1534 homines
545 1495 626 1536 volo
648 1507 809 1534 :novum
836 1495 1087 1547 procreationis
1109 1495 1255 1534 modum

267 1565 388 1602 assem.
421 1563 591 1602 Formavi
619 1577 665 1601 ex
692 1571 784 1600 terra
810 1571 842 1600 et
864 1576 976 1613 aqua;
998 1575 1068 1600 non
1102 1562 1188 1600 utile
1213 1563 1256 1600 fi-

268 1639 452 1682 gmentum
474 1630 556 1680 suit,
574 1628 634 1667 sed
661 1643 722 1668 vas
750 1627 904 1666 deterius
935 1628 1068 1666 factum
1095 1638 1157 1666 est.
1177 1631 1256 1667 Non

268 1696 363 1734 ultra
377 1710 421 1733 ex
442 1704 534 1733 terra
549 1705 583 1733 et
602 1708 693 1745 aqua
708 1694 892 1734 efformare
908 1694 1002 1743 volo,
1023 1693 1084 1732 sed
1103 1708 1148 1732 ex
1165 1709 1255 1746 aqua
1281 1737 1283 1739 ,

267 1772 300 1801 01
325 1763 473 1815 Spiritu.
490 1762 599 1809 Quod
619 1762 648 1800 si
675 1761 755 1813 quis
782 1760 989 1812 interroget,
1016 1761 1193 1812 quomodo
1211 1777 1256 1800 ex

267 1831 384 1882 aqua?
422 1830 647 1882 interrogabo
679 1838 712 1867 ct
746 1842 810 1880 ego
848 1829 966 1877 illum,
991 1828 1180 1875 Quomodo
1211 1843 1256 1868 ex

266 1897 570 1948 terra?q1101nodo
583 1898 700 1935 lutum
710 1896 828 1935 varias
846 1896 882 1933 in
893 1905 1010 1948 partes
1023 1895 1256 1935 distributum

267 1965 344 2002 cst?
362 1963 542 2014 quomodo
571 1963 677 2001 unius
696 1961 822 2014 speciei
847 1970 920 1999 erat
946 1961 1038 1998 illud
1061 1961 1156 2012 quod
1172 1963 1256 2000 sub-

263 2032 399 2083 jectum
417 2031 492 2068 est?
515 2031 627 2068 Terra
645 2038 784 2067 tantum
799 2037 888 2077 erat5
908 2042 986 2078 quae
1006 2037 1123 2066 autem
1138 2043 1181 2067 ex
1194 2029 1256 2068 illa

267 2098 355 2135 sacta
371 2106 466 2145 sunt,
485 2095 635 2135 diversae
651 2104 732 2132 sunt
747 2093 887 2146 speciei.
905 2093 1011 2132 Unde
1030 2108 1122 2142 ossa,
1138 2095 1254 2143 nervi,

268 2163 418 2213 artcriae,
446 2163 570 2201 venae?
602 2161 695 2199 unde
720 2160 950 2210 membranae,
968 2174 1053 2198 vasa
1075 2161 1253 2211 organica,

267 2230 503 2281 cartilagines,
522 2229 663 2277 tunicae,
673 2229 799 2280 hepar,
812 2227 923 2279 splen,
941 2227 1018 2264 cor?
1031 2227 1126 2265 unde
1141 2228 1256 2280 pellis,

267 2296 424 2348 sanguis,
446 2296 586 2348 pituita,
601 2295 713 2333 bilis?
731 2292 825 2331 undc
838 2302 887 2331 tot
902 2292 1147 2345 operationes?
1162 2293 1256 2332 unde

266 2362 359 2402 varii
390 2361 553 2400 colores?
578 2362 654 2399 haec
690 2360 784 2398 enim
802 2374 871 2398 non
903 2373 948 2397 ex
971 2368 1063 2397 terra
1098 2359 1156 2399 vel
1179 2359 1255 2398 luto

267 2429 554 2482 proficiscuntur.
567 2426 756 2475 Quomodo
771 2436 862 2464 terra
876 2435 1018 2477 accepto
1033 2425 1165 2464 semine
1178 2440 1257 2478 ger-

269 2497 400 2545 minat,
419 2511 499 2535 caro
526 2506 644 2535 autem
661 2495 737 2532 11300
755 2501 898 2545 accepta
923 2493 1150 2545 corrumpit?
1169 2507 1256 2544 quo-

270 2562 376 2600 modo
407 2571 500 2599 terra
521 2563 615 2614 jacta
647 2560 780 2599 semina
808 2559 938 2608 nutrit,
961 2574 1041 2597 caro
1063 2569 1182 2598 31110111
1209 2562 1255 2599 ab

271 2629 343 2667 illis
357 2629 524 2678 nutritur,
545 2643 613 2667 non
629 2629 689 2666 illa
709 2627 839 2666 nutrit?
853 2626 1020 2679 Exempli
1037 2641 1154 2677 causa,
1165 2637 1256 2666 terra

270 2708 398 2745 uquam
425 2694 616 2746 excipiens,
648 2694 773 2732 vinum
793 2693 895 2742 fecit3
923 2706 1003 2730 caro
1022 2707 1114 2745 saepe
1131 2694 1257 2733 vinum

271 2760 464 2813 accipiens,
484 2760 519 2797 in
550 2774 677 2810 aquam
697 2759 882 2798 convertit.
904 2758 1008 2797 Unde
1034 2773 1117 2810 crgo
1146 2760 1257 2811 liquet

271 2827 347 2865 liaec
362 2840 407 2864 ex
425 2835 516 2863 terra
536 2839 624 2875 csse,
648 2839 730 2862 cum
750 2834 842 2862 terra
863 2826 1074 2863 contrariam
1092 2826 1259 2866 exhibeat

271 2893 521 2947 operationem,
545 2902 584 2930 ut
612 2891 718 2930 dixi?
744 2891 787 2929 ld
818 2892 1004 2931 ratiocinio
1032 2894 1170 2945 assequi
1198 2909 1258 2932 ne-

272 2975 382 3011 queo,
403 2960 476 2997 sola
501 2958 572 2996 fide
592 2958 740 3010 accipio.
764 2957 802 2995 Si
823 2971 905 3009 crgo
926 2959 988 2997 illa
1006 2974 1084 3010 quae
1101 2961 1260 3012 quotidie

273 3028 367 3064 fiunt
388 3035 421 3064 01
440 3035 650 3077 tanguntur,
670 3023 740 3061 fide
758 3038 847 3076 opus
872 3024 1003 3063 hahent
1026 3041 1034 3062 :
1056 3027 1170 3065 multo
1186 3042 1260 3066 ma-

273 3093 326 3143 gis
345 3093 407 3131 illa
430 3092 624 3131 admodum
644 3105 770 3129 arcana
790 3100 823 3129 ct
842 3091 1055 3143 spiritualia.
1079 3094 1260 3140 Quemad-

274 3159 420 3197 modum
449 3160 545 3197 enim
566 3168 657 3197 terra
690 3158 896 3207 inanimata,
917 3157 1074 3208 immota,
1104 3162 1178 3198 Deo
1209 3161 1259 3198 sic

274 3226 411 3263 volente
427 3226 595 3264 virtutem
616 3223 765 3277 accepit,
785 3233 825 3261 ut
848 3233 919 3262 tam
938 3224 1117 3263 mirabilia
1139 3240 1183 3265 ex
1197 3227 1258 3266 illa

319 3378 331 3392 ε’·
356 3366 454 3399 53νί1
475 3376 511 3411 τῇ
529 3371 699 3412 διδασκαλίᾳ
715 3371 834 3406 ταύτης.

1017 211 1259 242 CHRYSOST.

1299 212 1484 242 ARCHIEP
1492 232 1502 243 .
1541 213 1625 244 CON
1633 212 1820 245 STANTIN
1827 216 1882 245 ΟΡ
1891 235 1901 245 .

1326 298 1425 333 τοῦτο
1443 294 1503 333 καὶ
1523 298 1625 345 ἡμεῖς
1642 295 1759 334 πιστοὶ
1775 295 1992 346 καλούμεθα,
2011 296 2068 334 ἵνα
2086 297 2154 335 τῶν
2169 299 2344 349 λογισμῶν

1323 353 1385 401 τὴν
1406 354 1583 393 ἀσθένειαν
1607 355 1747 407 ἀφέντες
1766 355 1829 403 τὴν
1860 356 1979 404 κάτω,
2006 357 2091 410 πρὸς
2118 356 2157 394 τὸ
2182 357 2265 409 ὕψος
2283 361 2346 405 τ’ῆς

1323 415 1472 460 πίστεως
1492 416 1688 468 ἀναδῶμεν,
1710 417 1770 455 καὶ
1788 416 1832 455 τὰ
1854 417 1995 456 πλείονα
2020 421 2088 455 τῶν
2110 420 2247 472 ἀγαθῶν
2276 422 2345 457 τῶν

1323 477 1501 531 ἡμετέρων
1517 481 1585 530 ε’τῇ
1607 477 1814 532 διδασκαλία
1841 478 1948 531 ταύτῃ
1976 478 2237 530 ἐπιτρέψωμεν·
2260 478 2347 532 ὅπερ

1324 541 1353 576 εἷ
1381 539 1440 577 καὶ
1456 539 1655 590 Νικόδημος
1674 539 1845 587 ἐποίησεν,
1866 542 1926 578 οὐκ
1943 539 1982 578 ἂν
2015 542 2107 592 αὐτῷ
2131 539 2171 578 τὸ
2197 546 2345 592 πρᾶγμα

1326 599 1489 638 ἀδύνατον
1510 594 1597 638 εἶναι
1616 600 1792 652 ἐνομίσθη.
1808 600 1855 639 Τί
1871 594 1928 639 οἶν
1956 604 1974 639 ὁ
1992 600 2162 654 Χριστός,
2183 601 2345 652 Ἀπάγων

1326 661 1426 699 αὐτὸν
1445 664 1506 707 τ’ἦς
1525 660 1653 705 ἐννοίας
1680 661 1808 708 ταύτης
1825 665 1886 708 τῆς
1912 661 2029 714 χαμαὶ
2055 661 2266 715 συρομένης,
2285 661 2346 699 καὶ

1326 720 1491 766 δεικνυς
1478 721 1531 760 ότι
1546 723 1584 760 οὗ
1602 739 1682 775 περι
1699 722 1826 769 ταύτης
1847 722 2042 774 διαλέγεται
2060 725 2122 768 τ’ἦς
2137 721 2347 773 γεννήσεως,

1329 782 1420 834 λέγει
1433 783 1485 831 τὸ,
1505 782 1590 821 Ἐὰν
1607 784 1655 835 μή
1671 801 1723 828 τις
1739 787 1916 836 γεννηθῇε
1903 782 1937 828 ἐξ
1956 783 2078 829 ὕδατος
2098 782 2158 821 καὶ
2176 783 2346 835 Πνεύμα-

1324 859 1400 892 τος,
1416 845 1454 882 οὐ
1475 843 1617 882 δύναται
1637 847 1798 884 εἰσελθεῖν
1818 847 1866 889 εἷς
1893 844 1956 892 τὴν
1992 844 2170 897 βασιλείαν
2199 846 2266 882 τῶν
2288 847 2345 883 οὐ·

1326 908 1448 958 ρανῶν.
1465 907 1588 945 Ταῦτα
1621 906 1656 945 δὲ
1686 905 1889 958 ἐφθέγγετο,
1914 909 1964 958 τῷ
1992 906 2089 958 φόὲῳ
2108 909 2170 952 τῆς
2203 908 2348 953 ἀπειλῆς

1324 966 1584 1006 ἐπισπάσασθαι
1599 968 1684 1020 πρὸς
1699 967 1761 1015 τὴν
1781 967 1897 1007 πίστιν
1918 968 2019 1006 αὐτὸν
2045 966 2268 1019 βουλόμενος,
2289 967 2349 1005 καὶ

1324 1033 1444 1065 πεῖσαι
1461 1026 1501 1065 τὸ
1520 1034 1668 1080 πρᾶγμα
1700 1028 1748 1079 μὴ
1782 1028 1933 1079 νομίζειν
1965 1022 2053 1066 εἶναι
2083 1027 2261 1076 ἀδύνατον,
2288 1028 2348 1066 καὶ

1323 1091 1386 1134 τῆς
1401 1089 1481 1141 περὶ
1499 1088 1561 1135 τὴν
1582 1088 1750 1141 σαρκικὴν
1770 1089 1926 1141 γέννησιν
1945 1088 2136 1142 φαντασίας
2151 1092 2350 1136 ἀποστῆσαι

1325 1149 1540 1192 σπουδάζων.
1567 1148 1713 1201 εΕτέραν
1745 1149 1835 1201 λέγω
1863 1150 2035 1201 γέννησιν,
2051 1150 2167 1202 φησὶν,
2186 1142 2215 1187 ‹T›
2243 1149 2349 1188 Νικό-

1326 1208 1435 1258 δημε·
1453 1208 1487 1246 τί
1509 1209 1565 1247 τὸν
1586 1209 1687 1261 λόγον
1717 1209 1830 1253 ἕλκεις
1857 1209 1943 1262 πρὸς
1972 1209 2035 1256 τὴν
2052 1214 2134 1261 γῆν,
2152 1210 2186 1248 τί
2214 1213 2257 1262 τῇ
2284 1213 2348 1257 τ’ῆς

1324 1268 1456 1320 φύσεως
1472 1269 1606 1321 ἀνάγκη
1621 1270 1661 1308 τὸ
1675 1276 1822 1323 πρᾶγμα
1838 1270 2061 1318 ὓποὸάλλεις,
2078 1270 2261 1324 Ἀνώτερός
2275 1273 2349 1321 ἐστι

1324 1333 1392 1368 τῶν
1409 1329 1571 1368 τοιούτων
1589 1329 1721 1368 ὠδίνων
1743 1324 1840 1374 οὗτος
1860 1333 1878 1368 ὃ
1894 1330 2010 1377 τόκος,
2030 1330 2124 1369 οὐδὲν
2143 1331 2216 1383 ἔχει
2235 1331 2346 1369 κοινὸν

1324 1391 1409 1445 πρὸς
1431 1395 1530 1442 ὑμᾶς.
1550 1390 1716 1438 Γέννησις
1732 1390 1794 1442 μὲν
1811 1391 1879 1444 γὰρ
1899 1391 1959 1430 καὶ
1977 1391 2063 1438 αὕτη
2084 1390 2239 1443 λέγεται,
2260 1391 2349 1430 ἀλλὰ

1324 1455 1374 1505 τῷ
1406 1452 1551 1503 ὀνόματι
1585 1458 1759 1500 κοινωνεῖ,
1798 1455 1848 1505 τῷ
1877 1452 1914 1491 δὲ
1941 1452 2125 1505 πράγματι
2157 1453 2347 1499 διέστηκεν.

1324 1513 1535 1560 Ἀπόστησον
1557 1514 1680 1552 σαυτὸν
1699 1517 1761 1559 τῆς
1783 1517 1899 1560 κοινῆς
1918 1513 2096 1560 συνηθείας
2110 1529 2118 1537 ·
2141 1514 2259 1565 ἑτέραν
2276 1515 2350 1552 εἷσ-

1326 1574 1399 1627 ἄγω
1418 1574 1557 1627 λοχείαν
1592 1577 1639 1619 εἷς
1657 1575 1714 1613 τὸν
1744 1574 1894 1626 κόσμον·
1923 1575 2037 1618 ἄλλως
2074 1574 2243 1625 βούλομαι
2275 1591 2350 1626 γεν-

1325 1639 1448 1673 νᾶσθαι
1477 1634 1557 1679 τοὺς
1591 1634 1809 1689 ἀνθρώπους·
1844 1635 1935 1680 ξένον
1967 1629 2071 1681 ἦλθον
2100 1635 2252 1686 κομίζων
2281 1636 2347 1682 δη-

1327 1696 1506 1751 μιουργίας
1529 1696 1669 1751 τρόπον.
1684 1696 1852 1736 ’Έπλασα
1871 1697 1941 1735 ἀπὸ
1964 1700 2028 1748 γῆς
2047 1697 2107 1734 καὶ
2128 1697 2266 1740 ὕδατος·
2288 1699 2349 1735 οὐκ

1327 1758 1460 1810 ἐγένετο
1492 1759 1664 1811 χρήσιμον
1698 1759 1737 1796 τὸ
1769 1757 1934 1805 πλασθὲν,
1966 1757 2056 1796 ἀλλὰ
2091 1757 2279 1809 διεστράφη
2308 1757 2349 1795 τὸ

1328 1824 1455 1864 σκεῦος.
1479 1821 1557 1858 Οὐκ
1577 1819 1628 1857 ἔτι
1657 1819 1775 1858 λοιπὸν
1798 1819 1867 1858 ἀπὸ
1890 1821 1953 1871 γῆς
1974 1819 2034 1856 καὶ
2066 1818 2188 1862 ὕδατος
2213 1818 2348 1857 πλάσαι

1329 1880 1514 1933 βούλομαι,
1536 1881 1610 1919 ἀλλ’
1639 1880 1672 1924 ἐξ
1703 1881 1825 1925 ὕδατος
1846 1881 1906 1919 καὶ
1934 1879 2148 1930 Πνεύματος.
2168 1881 2214 1918 Εἰ
2243 1879 2280 1918 δέ
2297 1895 2349 1923 τις

1327 1944 1457 1994 ἐρωτᾷ,
1491 1944 1565 1985 πῶς
1599 1941 1668 1979 ἀπὸ
1702 1941 1840 1989 ὕδατος,
1873 1943 1992 1994 ἐρωτῶ
2025 1939 2142 1992 κάγὼ,
2174 1943 2248 1984 πῶς
2279 1940 2350 1979 ἀπὸ

1325 2006 1406 2054 γῆς,
1427 2004 1502 2047 πῶς
1532 2001 1633 2056 γὰρὸ
1657 2002 1768 2048 πηλὸς
1798 2003 1845 2045 εἷς
1871 2000 2019 2054 διάφορα
2049 2000 2136 2055 μέρη
2167 2000 2348 2053 κατεμερί-

1326 2067 1408 2110 σθη,
1428 2066 1503 2106 πῶς
1524 2063 1563 2101 τὸ
1583 2062 1644 2113 μὲν
1671 2062 1897 2114 ὑποκείμενον
1924 2063 2111 2113 μονοειδές,
2132 2064 2184 2109 Γῆ
2213 2062 2281 2115 γὰρ
2307 2057 2349 2110 ἦν

1327 2123 1414 2175 μόνη
1428 2152 1437 2169 ,
1456 2123 1500 2162 τὰ
1521 2123 1556 2162 δὲ
1582 2123 1615 2167 ἐξ
1644 2125 1750 2169 αὐτῆς
1770 2122 1938 2175 γενόμενα
1957 2123 2100 2162 ποικίλα
2126 2122 2186 2161 καὶ
2214 2139 2348 2162 παντο-

1327 2184 1432 2223 δαπά.
1454 2184 1566 2223 Πόθεν
1598 2186 1683 2222 ὀστᾶ
1699 2215 1709 2232 ,
1741 2200 1800 2221 και
1827 2188 1950 2236 νεῦρα,
1980 2184 2039 2222 και
2074 2183 2256 2238 ἀρτηρίαι,
2290 2201 2351 2223 και

1326 2245 1467 2320 φλέὸες,
1481 2244 1610 2283 πόθεν(
1598 2245 1718 2296 υμένες
1733 2275 1742 2292 ,
1763 2244 1857 2282 καὶ’
1839 2251 1962 2296 αγγεῖα
1982 2245 2168 2297 ὀργανικὰ,
2187 2262 2247 2284 και
2265 2245 2350 2297 χόν-

1327 2308 1421 2360 δροι,
1437 2323 1496 2345 και
1509 2322 1654 2358 χιτωνες
1666 2335 1675 2352 ,
1695 2309 1792 2356 ἧπαρ
1806 2335 1815 2352 ,
1830 2321 1889 2343 και
1905 2305 2031 2353 σπλὴν,
2048 2322 2107 2344 και
2121 2305 2270 2358 καρδία,
2287 2306 2351 2345 πό-

1327 2369 1417 2405 θεν
1399 2367 1529 2420 οέρμα,
1543 2366 1604 2404 καὶ
1621 2369 1727 2417 αἱμα,
1743 2365 1801 2404 καὶ
1823 2365 1976 2418 φλέγμα,
1989 2382 2049 2404 και
2066 2367 2174 2418 γολή·
2167 2396 2176 2413 ,
2192 2366 2294 2405 πόθεν
2315 2370 2351 2406 αἱ

1325 2444 1491 2467 τοσαυται
1512 2427 1699 2480 ενέργειαι,
1716 2426 1818 2465 πόθεν
1842 2426 1948 2479 χρώυ
1941 2443 2017 2464 ,ατα
2049 2427 2213 2475 ποικίλα,
2243 2444 2352 2466 ταυτα

1325 2489 1392 2542 γὰρ
1416 2491 1453 2527 οὖ
1474 2492 1557 2541 γῆς,
1578 2487 1652 2526 οὐδὲ
1682 2489 1807 2534 πηλοῦ.
1830 2488 1914 2530 Πῶς
1931 2491 1953 2534 ἡ
1977 2491 2021 2539 γῆ
2043 2487 2211 2540 δεχομένη
2244 2488 2352 2543 σπέρ-

1328 2566 1422 2602 ματα
1450 2549 1657 2601 βλαστάνει,
1689 2553 1711 2594 ἡ
1747 2547 1782 2586 δὲ
1819 2547 1904 2600 σὰρξ
1938 2549 2107 2600 δεχομένη
2145 2549 2352 2602 σπέρματα,

1327 2611 1451 2659 σήπει,
1471 2613 1545 2654 πῶς
1569 2613 1590 2656 ἡ
1618 2612 1663 2661 γῆ
1691 2608 1808 2662 τρέφει
1835 2608 1878 2647 τὰ
1907 2609 2165 2660 βαλλόμενα,ἦ
2197 2610 2232 2648 δὲ
2265 2609 2352 2661 σὰρξ

1327 2688 1488 2725 τρεφεται
1509 2671 1576 2709 ὑπὸ
1609 2686 1749 2718 τουτων,
1773 2673 1809 2708 οὐ
1831 2669 1949 2723 τρέφει
1968 2687 2094 2717 ταυτα,
2118 2673 2202 2709 Οἱον
2226 2674 2248 2717 ἡ
2268 2687 2312 2722 γη
2328 2674 2350 2718 ἡ

1329 2732 1498 2785 δεχομένη
1530 2725 1747 2784 ὕδωρ,οἰνον
1772 2737 1885 2770 ποιεῖ·
1905 2735 1926 2778 ἡ
1950 2730 2035 2783 σὰρξ
2065 2731 2235 2783 δεχομένη
2265 2733 2353 2769 πολ-

1327 2795 1427 2838 λακις
1444 2798 1544 2840 οἶνον,
1561 2795 1608 2836 εἶς
1627 2791 1718 2844 υδωρ
1749 2791 1928 2842 μετέὸαλε,
1951 2791 2063 2830 Πόθεν
2090 2795 2146 2830 οὖν
2167 2793 2270 2837 δῆλον
2299 2791 2352 2830 δ’τι

1331 2855 1400 2894 ἀπὸ
1417 2858 1480 2901 τῆς
1499 2871 1562 2907 γης
1576 2852 1732 2900 ι’ταυτα,
1751 2856 1813 2899 τῆς
1829 2855 1892 2904 γης
1915 2851 2076 2896 ἐναντίως
2102 2852 2247 2904 ἐχούσης
2267 2853 2353 2906 πρὸς

1330 2917 1369 2955 τὸ
1395 2919 1519 2967 σῶμα,
1550 2913 1640 2953 κατὰ
1671 2913 1714 2951 τὰ
1731 2912 1919 2964 εἰρημένα,
1946 2914 2114 2965 Λογισμῷ
2150 2912 2210 2964 μὲν
2243 2916 2352 2966 εὑρεῖν

1284 2992 1306 3022 Ε
1332 2979 1369 3016 οὗ
1395 2976 1563 3028 δύναμαι,
1584 2975 1699 3013 πίστει
1716 2974 1751 3011 δὲ
1779 2973 1926 3025 δέχομαι
1958 2973 2058 3024 μόνῃ.
2091 2976 2132 3011 E}
2164 2974 2275 3013 τοίνυν
2308 2974 2352 3012 τὰ

1333 3040 1409 3077 καθ’
1422 3037 1556 3091 ἡμέραν
1573 3035 1736 3088 γινόμενα
1748 3034 1806 3072 καὶ
1819 3032 2060 3085 ψηλαφώμενα
2073 3033 2222 3078 πίστεως
2232 3035 2352 3082 δεῖται,

1331 3102 1451 3151 πολλῷ
1466 3100 1595 3151 μᾶλλον
1615 3096 1659 3135 τὰ
1676 3093 1938 3148 ἀποῤῥητότερα
1964 3095 2091 3133 τούτων
2109 3096 2169 3133 καὶ
2190 3111 2350 3145 πνευμα-

1332 3161 1515 3214 τικώτερα.
1536 3158 1704 3211 Καθάπερ
1717 3157 1784 3210 γὰρ
1802 3160 1824 3203 ἡ
1840 3160 1883 3208 γῆ
1903 3160 1925 3203 ἡ
1947 3156 2098 3209 ἄψυχος,
2126 3160 2148 3203 ἠ

1331 3225 1570 3278 ἐνεδυναμώθη
1586 3227 1636 3278 τῷ
1658 3224 1827 3275 θελήματι
1857 3227 1916 3262 τοῦ
1932 3226 2045 3272 Θεοῦ,
2061 3224 2120 3262 καὶ
2139 3227 2290 3263 τοσαῦτα
2316 3223 2350 3268 ἐξ
2387 3270 2390 3271 ⁷

2173 3157 2334 3204 ἀκίνητος
2341 3187 2350 3204 ,

1388 3373 1403 3394 ¹¹
1428 3369 1540 3402 Morol.
1553 3375 1646 3404 ταῦτα
1666 3374 1712 3403 καὶ
1731 3373 1869 3409 τοσαῦτα,
1886 3375 1937 3406 τῆς
1955 3375 2005 3411 γῆς
2023 3372 2156 3406 ἐναντίως
2173 3370 2301 3411 ἐχούσης.
