2481 3678
643 207 681 235 [N
720 206 928 236 JOANNEM
966 204 1121 234 HOMIL.
1162 202 1322 232 xxvul.
1363 188 1424 231 (ll.
1462 202 1604 232 xxvll.
2079 189 2159 247 187

83 306 148 327 νων
166 289 226 336 τὴν
244 288 421 327 εὐσέίίειαν
441 290 540 325 τοῦτο
555 285 667 338 λέγει·
685 290 711 325 εἰ
732 288 790 325 καὶ
810 288 853 325 τὰ
873 286 1026 338 μάλιστα
1046 285 1104 322 καὶ
1177 282 1308 332 quique
1332 295 1352 318 a
1381 282 1577 333 majoribus
1615 282 1711 333 piam
1744 295 1908 333 accepere
1938 283 2163 333 religionem3

81 344 174 388 οἷτοι
195 349 360 392 πολλάκις
380 349 449 386 ἀπὸ
468 347 542 398 βίου
563 351 714 398 πονηροῦ
734 349 772 385 ἐκ
800 350 862 394 τ’ἧς
886 349 954 385 τῶν
975 344 1105 396 δογμά-
1176 341 1241 379 etsi
1263 355 1355 393 saepe
1376 341 1430 379 illi
1465 355 1509 379 cx
1528 356 1639 394 prava
1669 342 1742 380 vita
1764 356 1783 379 a
1807 355 1890 379 vera
1914 341 2073 380 doctrina
2106 343 2165 381 de-

82 427 148 448 των
179 410 316 463 ἀχριςὲ
306 426 357 452 inq
376 408 707 460 παρωαλεύθησαν-
735 409 811 446 ἀλλ’
836 407 929 458 ὅμως
960 408 998 443 οὐ
1025 404 1105 456 περὶ
1177 402 1268 439 cussi
1288 402 1431 440 fuerint.
1451 404 1589 442 Verum
1605 417 1674 441 non
1694 402 1739 441 de
1753 402 1797 440 iis
1815 411 1901 455 puto
1922 416 2015 440 nunc
2034 418 2165 441 sermo-

82 470 212 508 τούτων
237 471 339 508 αὐτὸν
369 473 466 518 οἶμαι
497 471 556 505 νῦν
584 468 663 519 λέγε
669 485 715 517 ιν,
748 467 837 506 ἀλλὰ
865 468 946 518 περὶ
976 468 1044 503 τῶν
1071 463 1104 507 ἐξ
1176 475 1255 500 nem
1277 463 1414 513 haberi,
1435 462 1496 502 scd.
1520 464 1565 502 de
1595 464 1638 502 iis
1654 463 1843 515 gentilium
1868 463 1927 502 vel
1946 462 2167 513 Judae01·um‚

81 530 299 577 “Ι““*λλήνων
281 547 302 576 η
324 528 500 567 Ἰουδαίων
531 499 738 581 &pamm-0⁵22
764 528 850 580 πρὸς
876 525 968 572 ι’την
1000 523 1104 575 ὀρθὴν
1175 522 1238 572 qui
1271 522 1441 562 deberent
1472 524 1516 562 ad
1545 534 1679 562 rectam
1715 523 1872 562 converti
1903 522 2023 561 fidem.
2042 524 2167 562 Osten-

81 591 290 666 μεταθέσθαι
309 590 438 627 πίστιν.
460 570 622 629 Δείκνυσι
641 592 708 641 γὰρ
727 589 780 627 ὅτι
798 587 908 630 οὐδεὶς
927 586 966 624 ἂν
989 585 1104 623 ἕλοιτο
1176 580 1231 620 dit
1262 584 1358 622 enim
1386 585 1563 623 neminem
1592 599 1714 623 eorum
1734 585 1795 636 qui
1824 585 1859 622 in
1885 598 2002 623 errore
2020 584 2167 636 degunt,

79 655 114 690 ἐν
130 652 244 702 πλάνῃ
260 652 355 694 ζιον’
340 651 397 688 επὶ
416 649 479 696 τὴν
498 650 616 688 πίστιν
637 652 758 697 ἐλθεῖν,
779 647 827 698 μὴ
844 646 1011 698 πρότερον
1028 661 1103 682 επι-
1178 644 1271 682 velle
1304 644 1349 683 ad
1381 645 1491 684 fidem
1514 646 1690 695 accedere,
1724 646 1794 684 nisi
1826 646 1925 698 prius
1953 655 2054 684 rectae
2087 646 2168 685 vitae

80 714 215 766 γράψας
234 714 346 749 ἑαυτι)
374 711 447 762 βίον
467 712 589 762 ὀρθόν·
616 727 674 748 και
701 709 812 752 οὐδεὶς
833 708 873 746 ἂν
902 709 935 745 ἐν
957 706 1102 758 ἀπιστίᾳ
1179 718 1341 743 normam
1369 706 1439 745 sibi
1469 707 1736 760 praescripserit3
1766 707 2011 758 neminemque
2042 707 2078 744 in
2116 707 2169 744 in-

80 774 230 824 μείνειε,
253 790 301 824 μη
316 773 484 825 πρότερον
502 773 697 824 ἑλόμενος
679 770 866 812 οιαπαντὸς
880 773 967 807 εἰναι
983 768 1100 812 κακός.
1144 799 1146 801 ,
1179 766 1386 805 credulitate
1415 782 1635 816 mansurum,
1671 768 1739 806 uisi
1773 767 1873 819 prius
1906 767 2103 806 decreverit
2133 768 2168 805 iu

81 834 141 881 Μὴ
173 835 240 887 γάρ
269 850 328 885 μοι
357 838 459 872 τοῦτο
488 834 604 885 εἴπης,
633 833 686 871 ὅτι
718 836 909 884 σωφρονεῖ,
947 829 1007 868 καὶ
1036 832 1101 881 οὐχ
1177 829 1353 880 pravitate
1369 830 1566 882 persistere.
1582 832 1634 868 Ne
1653 830 1743 868 mihi
1763 830 1899 868 dixeris
1916 831 2169 868 castumillum

80 896 228 947 ἁρπάζει
241 912 248 918 ·
267 898 304 933 οὐ
324 895 390 947 γὰρ
412 894 452 941 δὴ
472 900 582 934 ταῦτα
602 894 690 944 μόνα
708 892 801 931 ἐστὶν
823 891 945 943 ἀρετή.
968 891 1015 929 Τί
1034 891 1100 942 γὰρ
1178 903 1263 939 esse,
1284 904 1347 928 nec
1365 891 1476 929 furari
1496 907 1503 928 ε
1524 905 1593 930 non
1617 892 1711 929 enim
1740 891 1776 929 in
1804 891 1861 929 his
1883 901 2022 930 tantum
2053 893 2170 930 consi-

78 956 198 1008 ὄφελος
211 987 220 1004 ,
238 955 319 994 ὅταν
337 960 446 994 ταῦτα
461 956 523 1006 μὲν
539 955 603 1006 ἔχῃ
615 984 624 1001 ,
645 953 743 1000 δόξης
764 953 799 991 δὲ
816 948 838 1005 ᾗ
853 954 970 996 δοῦλος
987 955 1101 999 κενῆς,
1128 966 1152 996 D
1178 950 1238 988 stit
1253 950 1379 990 virtus.
1402 953 1492 999 Quae
1521 953 1613 991 enim
1635 953 1785 1004 utilitas,
1805 952 1834 991 si
1848 953 1924 990 haec
1941 951 2086 1004 quidem
2105 952 2169 991 oh-

78 1017 137 1055 καὶ
169 1017 276 1069 φίλων
306 1016 460 1068 ἑταιρίαν
493 1015 741 1067 αἰσχυνόμενος
783 1014 840 1052 ἐπὶ
877 1017 938 1060 τῆς
966 1013 1103 1059 πλάνης
1177 1022 1303 1062 servet,
1325 1013 1386 1052 sed
1401 1028 1501 1053 vanae
1521 1014 1641 1066 gloriae
1658 1014 1702 1052 sit
1721 1013 1884 1067 cupidus,
1899 1014 1957 1053 vel
1971 1014 2167 1052 amicorum

80 1077 185 1130 μένῃ;
219 1080 334 1116 Τοῦτο
367 1077 433 1129 γὰρ
462 1077 525 1114 οὐκ
556 1076 648 1115 ἔστιν
681 1078 789 1128 ὀρθῶς
823 1078 933 1127 βιοῦν.
961 1074 1005 1113 Ὁ
1034 1074 1101 1125 γὰρ
1178 1075 1290 1126 gratia
1320 1076 1356 1114 in
1377 1090 1493 1114 errore
1512 1077 1675 1114 maneat?
1692 1076 1769 1114 Hoc
1789 1077 1883 1114 enim
1900 1090 1970 1114 non
2001 1085 2052 1114 est
2078 1084 2169 1113 recte

79 1139 178 1186 δόξης
214 1141 332 1181 δοῦλος
368 1141 428 1175 τοῦ
459 1137 684 1190 πορνεύοντος
709 1140 770 1175 οὐκ
800 1137 953 1175 ἐλάττων
985 1136 1099 1174 ἐστίν·
1177 1136 1310 1175 vivere.
1349 1139 1440 1176 Nam
1469 1138 1589 1190 gloriae
1623 1152 1747 1176 servus
1783 1152 1853 1176 non
1883 1139 2003 1176 minus
2035 1146 2168 1190 peccat,

77 1195 198 1245 “offa-og
233 1201 351 1252 πολλῷ
382 1199 525 1238 πλείονα
554 1199 612 1237 καὶ
651 1198 885 1250 χαλεπώτερα
919 1198 1102 1249 ἐργάζεται
1177 1212 1287 1248 quam
1305 1199 1515 1249 fornicator,
1537 1199 1608 1238 imo
1628 1200 1733 1251 longe
1748 1200 1852 1252 plura
1869 1209 1901 1237 et
1926 1199 2089 1250 graviora
2106 1197 2169 1236 ad-

79 1262 170 1300 κακὰ
194 1262 340 1300 ἐκείνου.
371 1261 461 1299 Ἀλλ’
485 1260 561 1298 εἰπέ
595 1275 653 1310 μοι
674 1259 750 1297 τινὰ
770 1259 909 1297 πάντων
938 1260 1099 1306 ἀπηλλα-
1177 1259 1298 1298 mittit.
1319 1262 1456 1300 Verum
1473 1260 1591 1298 indica
1613 1261 1703 1298 mihi
1731 1260 1922 1312 quemdam
1936 1259 2033 1312 apud
2057 1260 2168 1311 genti-

78 1323 204 1374 γμένον
230 1325 299 1360 τῶν
319 1323 452 1368 παθῶν,
469 1320 528 1358 καὶ
547 1320 661 1367 πάσης
686 1320 810 1364 κακίας
835 1319 1025 1372 ἐλεύθερον,
1042 1318 1101 1356 καὶ
1176 1321 1227 1358 les
1246 1320 1291 1358 ab
1312 1321 1476 1359 omnibus
1495 1321 1594 1359 vitiis
1619 1321 1841 1373 peccatisque
1859 1321 2025 1359 liberum.
2047 1321 2166 1358 Num-

80 1384 226 1435 μένοντα
251 1385 334 1435 παρ’
354 1383 544 1429 ἽΞλλησιν.
567 1381 658 1419 Ἀλλ’
685 1384 747 1419 οὐκ
763 1381 803 1419 ἂν
822 1381 928 1433 ἔχοις.
947 1380 1017 1418 Καὶ
1034 1379 1102 1432 γὰρ
1175 1396 1283 1432 quam
1298 1381 1424 1434 possis.
1449 1383 1541 1419 Nam
1559 1382 1621 1433 qui
1643 1382 1800 1419 maxime
1818 1381 1915 1434 apud
1936 1383 2017 1420 illos
2032 1381 2167 1419 clarue-

79 1447 109 1482 οἱ
129 1446 172 1483 τὰ
191 1445 328 1496 μεγάλα
347 1446 429 1494 παρ’
453 1445 569 1486 αὐτοῖς
588 1442 856 1493 κομπάσαντες,
877 1442 935 1480 καὶ
952 1441 1100 1493 χρημά·
1175 1452 1269 1492 runt,
1287 1443 1349 1494 qui
1369 1453 1402 1481 et
1422 1444 1592 1495 pecunias
1620 1452 1653 1480 et
1679 1443 1772 1494 gulae
1797 1443 1943 1481 delicias
1974 1453 2167 1481 contemse-

79 1523 146 1544 των
171 1506 232 1544 καὶ
257 1504 404 1556 γαστρὸς
422 1502 740 1556 περιγενόμενοι,1
754 1502 868 1546 καθώς
890 1519 993 1554 φασι,
1021 1501 1100 1553 δόξῃ
1177 1512 1320 1551 runt,ut
1333 1503 1644 1553 aiunt,iimaxime
1655 1503 1815 1540 omnium
1827 1503 1947 1554 gloriae
1958 1504 2167 1552 servierunt,

79 1568 233 1618 μάλιστα
259 1565 399 1604 πάντων
429 1564 618 1616 ἀνθρώπων
651 1564 910 1610 ἐδουλώθησαν·
929 1564 947 1602 ὃ
961 1564 1101 1601 πάντων
1176 1563 1273 1614 quod
1286 1577 1367 1602 sane
1393 1564 1555 1602 omnium
1574 1572 1626 1601 est
1641 1577 1747 1601 causa
1761 1564 1952 1601 malorum.
1974 1564 2034 1602 Sic
2051 1573 2084 1601 et
2103 1566 2125 1602 J
2128 1579 2168 1601 u-

79 1628 186 1667 αἴτιόν
203 1631 277 1666 ἐστι
294 1629 363 1664 τῶν
383 1628 513 1664 κακῶν.
534 1624 640 1663 Οὕτω
659 1641 718 1662 και
745 1627 776 1664 οἱ
797 1624 960 1662 Ἰουδαῖοι
989 1640 1101 1675 μεμε·
1128 1627 1151 1656 Ε
1177 1625 1247 1664 daei
1269 1626 1306 1664 in
1336 1626 1494 1678 nequitia
1513 1626 1756 1678 perstiterunt.
1774 1626 1892 1673 Quare
1915 1626 1996 1664 illos
2019 1640 2170 1678 arguens

77 1690 237 1737 νήκασιν.
260 1688 324 1726 Διὸ
341 1704 400 1726 και
415 1689 572 1739 εγκαλων
584 1687 699 1730 αυτοῖς
714 1686 834 1737 ἔλεγε·
852 1687 935 1729 Πῶς
955 1660 1102 1723 δύνασθε
1175 1687 1341 1726 dicebat:
1367 1688 1566 1738 Quomodo
1593 1690 1754 1739 potestis
1790 1689 1957 1734 credere,
1992 1689 2060 1739 qui
2085 1689 2168 1740 glo-
2185 1696 2372 1735 Joan.5.44.

77 1750 265 1795 πιστεύειν,
293 1749 391 1794 δόξαν
421 1748 519 1800 παρὰ
538 1747 728 1799 ἀνθρώπων
748 1746 1009 1798 λαμὸάνοντες5
1032 1746 1103 1784 Καὶ
1177 1752 1278 1787 riam
1309 1750 1358 1786 ab
1393 1749 1614 1786 hominibus
1640 1750 1840 1799 accipitis?
1868 1748 1915 1786 Et
1944 1762 2008 1786 cur
2037 1749 2171 1787 Natha-

78 1812 111 1850 τί
138 1811 268 1858 ’δήποτε
287 1814 336 1863 τῷ
352 1809 563 1856 Ναθαναὴλ,
586 1803 614 1861 ᾧ
635 1809 694 1847 καὶ
716 1808 880 1855 ἀλήθειαν
901 1808 1104 1861 ε’μαρτύρη-
1178 1810 1284 1859 naeli,
1304 1809 1362 1848 cui
1389 1809 1577 1849 veritatem
1594 1808 1822 1861 praedicabat,
1843 1808 1887 1847 de
1915 1809 1973 1848 his
2000 1810 2172 1861 loquutus

78 1889 149 1920 σεν,
181 1875 219 1911 οὐ
255 1871 415 1924 διελέχθη
442 1871 522 1923 περὶ
548 1869 693 1918 τούτων,
725 1870 802 1908 οὐδὲ
830 1869 974 1914 ἐξέτεινε
1001 1869 1103 1921 λόγον
1179 1886 1248 1910 non
1267 1881 1331 1921 est,
1360 1885 1424 1909 nec
1452 1870 1606 1922 longiori
1634 1879 1685 1908 est
1703 1884 1789 1908 usus
1821 1872 2005 1909 sermone?
2024 1871 2119 1918 Quia
2141 1871 2172 1908 is

79 1934 237 1986 μακρόν,
255 1933 341 1972 ’Ότι
360 1932 436 1971 οὐδὲ
453 1933 582 1975 εκεῖνος
599 1948 643 1983 με
646 1931 688 1968 τὰ
707 1930 880 1977 τοσαύτης
895 1930 1106 1983 παρεγένετο
1178 1946 1248 1971 non
1265 1947 1347 1970 cum
1374 1932 1437 1970 illo
1456 1931 1574 1970 studio
1587 1941 1742 1971 venerat,
1764 1931 1832 1969 Hic
1863 1932 1958 1970 enim
1986 1932 2083 1970 istud
2103 1931 2171 1969 sibi

79 1996 245 2042 σπουδης.
277 1988 389 2037 Ουτος
406 1993 468 2045 μὲν
482 1992 549 2066 γὰρ
569 1995 671 2031 τοῦτο
693 1992 792 2044 ἔργον
814 1991 970 2039 ἐτίθετο,
992 1993 1051 2030 καὶ
1069 1992 1105 2031 ὃν
1178 1993 1381 2032 faciendum
1397 1993 1636 2041 constituerat,
1653 2002 1686 2030 et
1698 1991 1792 2043 quod
1810 1993 1873 2031 alii
1890 1994 2014 2044 quieti,
2027 1993 2087 2031 hic.
2103 2007 2171 2031 au-

78 2057 178 2094 ἄλλοι
207 2054 327 2106 καιρὸν
355 2054 588 2096 ἀναπαύσεως
608 2057 715 2105 εἰχον,
732 2068 853 2092 τουτον
872 2056 969 2096 οὗτος
987 2052 1106 2105 καιρὸν
1180 2054 1318 2093 diendae
1339 2054 1509 2092 doetrinae
1530 2063 1670 2106 tempus
1696 2053 1874 2091 adhibuit.
1902 2055 1968 2093 Ille
1998 2068 2082 2093 vero
2102 2055 2173 2092 alio

79 2116 277 2168 ἀκροάσεως
307 2117 469 2153 ἐποιεῖτο.
503 2114 659 2157 Ἐκεῖνος
690 2114 725 2153 δε
757 2117 839 2167 παρ’
871 2113 988 2166 ἑτέρου
1023 2129 1167 2163 reat-153
1182 2116 1350 2155 suadente
1380 2115 1525 2154 accessit
1560 2131 1568 2152 :
1604 2129 1668 2153 nec
1699 2124 1814 2153 tamen
1848 2115 1954 2153 illum
1983 2115 2174 2168 praeteriit;

78 2177 169 2221 σθῑὶς
190 2177 350 2229 ἄφίκετο·
378 2175 471 2223 πλὴν
506 2175 582 2214 Οὐδὲ
611 2178 742 2214 ἕκεῖνῡν
772 2175 994 2228 παρέδραμῑ·
1021 2176 1107 2228 πρὸς
1131 2178 1156 2205 A
1181 2181 1301 2233 ipsum
1327 2180 1422 2218 enim
1450 2180 1500 2218 sic
1531 2179 1725 2231 alloquitur
1757 2195 1765 2216 ε
1798 2180 1956 2217 Amodo
1991 2181 2175 2218 videbitis
2189 2189 2375 2221 Joan.1.51.

77 2237 144 2290 γὰρ
177 2238 305 2276 ἐκεῖνόν
334 2252 463 2289 φησιν·
496 2236 642 2289 ’Λπάρτι
673 2237 798 2289 ὄψεσθε
829 2236 909 2280 τοὺς
942 2237 1107 2289 οὐρανοὺς
1182 2242 1297 2281 caelos
1319 2250 1493 2294 apertos,
1523 2250 1559 2279 et
1577 2242 1736 2294 angelos
1758 2242 1837 2279 Dei
1864 2242 2115 2280 ascendentes
2139 2250 2174 2278 et

78 2298 333 2350 ἀνεῳγμένους,
353 2298 413 2336 καὶ
426 2297 504 2341 τοὺς
521 2298 690 2349 ἀγγέλους
708 2302 768 2336 τοῦ
788 2300 881 2337 Θεοῦ
899 2298 1105 2336 ἀναὸαίνον-
1181 2304 1465 2341 descendentes.
1482 2302 1575 2340 Huic
1598 2312 1718 2340 autem
1734 2301 1824 2340 nihil
1840 2301 1968 2340 horum
1985 2301 2099 2349 dixit3
2114 2300 2175 2338 sed

78 2374 139 2402 τας
159 2358 218 2396 καὶ
243 2358 531 2401 καταὸαίνοντας-
555 2360 588 2397 T
592 2358 683 2411 ούτῳ
704 2357 740 2396 δὲ
769 2357 901 2397 τούτων
924 2358 987 2409 μὲν
1008 2358 1105 2397 οὐδὲν
1180 2364 1225 2402 de
1234 2364 1475 2402 incarnatione
1489 2364 1581 2402 etde
1598 2364 1670 2403 vita
1686 2372 1816 2401 aeterna
1830 2363 1948 2414 ipsum
1962 2361 2173 2412 alloquitur,

78 2413 173 2467 εἶπε,
202 2420 282 2472 περὶ
312 2420 347 2458 δὲ
370 2423 431 2466 τ’ἧς
462 2420 662 2471 Οἰκονομίας
681 2420 740 2459 καὶ
758 2423 821 2467 τῆς
851 2420 991 2458 αἷῢΝίῡυ
1016 2422 1109 2467 ζωῆς
1180 2425 1324 2464 diverso
1335 2425 1441 2463 modo
1455 2424 1604 2475 singulis
1616 2438 1680 2475 pro
1692 2423 1820 2460 affectu
1834 2423 2005 2473 cujusque
2016 2421 2173 2471 loquens.

79 2481 293 2532 διαλέγεται,
315 2481 486 2533 διαφόρως
511 2481 647 2534 ἑκάστῳ
675 2483 760 2533 πρὸς
785 2481 848 2529 τὴν
871 2480 1104 2532 ὑποκειμένην
1180 2487 1240 2524 11Ιί
1264 2475 1424 2537 quidem,
1449 2485 1532 2535 quia
1557 2483 1747 2535 prophetas
1782 2482 1953 2530 callebat,
1981 2496 2093 2533 neque
2126 2482 2175 2520 ita

78 2541 279 2592 προαίρεσιν
311 2541 554 2593 φθεγγόμενος·
591 2543 738 2594 Ἐκείνῳ
771 2542 832 2592 μὲν
863 2542 950 2593 γὰρ,
981 2541 1102 2588 ἐπειδὴ
1179 2547 1295 2598 segnis
1327 2555 1412 2595 erat,
1435 2545 1510 2582 haec
1538 2543 1718 2582 audivisse
1740 2542 1824 2580 satis
1858 2541 2057 2580 erat:huic
2073 2557 2170 2593 vero,

78 2602 136 2639 καὶ
150 2601 194 2639 τὰ
207 2604 276 2639 τῶν
293 2603 481 2653 προφητῶν
496 2600 688 2649 ἠπίστατο,
707 2602 766 2639 καὶ
779 2602 856 2640 Οὐδὲ
873 2602 984 2645 δειλὸς
999 2601 1105 2645 οὕτως
1179 2607 1262 2657 quia
1290 2605 1445 2656 quadam
1473 2604 1591 2642 adhuc
1619 2603 1810 2641 formidine
1839 2602 2078 2652 detinebatur,
2101 2618 2171 2642 non

78 2658 133 2709 ἦν,
163 2663 264 2716 ἦρκὶῑ
286 2667 449 2701 τοσοῦτον
474 2665 621 2702 ἀκοῦσαι
639 2664 760 2714 μόνον·
788 2658 886 2707 οὗτος
918 2664 953 2702 δὲ
982 2663 1103 2711 ἐπειδὴ
1180 2677 1295 2705 totum
1316 2666 1436 2704 statim
1463 2665 1653 2713 revelavit3
1675 2664 1737 2702 sed
1762 2673 1914 2702 mentem
1942 2664 2019 2715 ejus
2042 2665 2175 2703 excita-

79 2723 191 2777 δειλίᾳ
219 2724 270 2762 ἔτι
297 2724 502 2776 κατείχετο,
532 2726 649 2776 σαφῶς
677 2724 739 2774 μὲν
759 2727 855 2776 αὐτῷ
877 2724 915 2762 τὸ
942 2730 1010 2761 πᾶν
1042 2727 1105 2762 οὐκ
1180 2729 1245 2776 vit,
1267 2738 1306 2766 ut
1333 2736 1428 2764 metu
1460 2735 1595 2763 metum
1619 2723 1835 2771 excluderet,
1856 2738 1938 2762 cum
1968 2724 2063 2762 dixit
2090 2740 2171 2763 euni

78 2784 266 2837 ἐξεκάλυψε
281 2815 290 2832 ,
318 2785 499 2823 κατέσεισε
527 2785 563 2823 δὲ
590 2787 694 2822 αὐτοῦ
723 2784 785 2831 τὴν
818 2785 978 2836 γνώμην,
1014 2784 1104 2823 ὥστε
1181 2789 1242 2840 qui
1261 2803 1330 2826 non
1351 2786 1518 2836 crederet,
1531 2785 1700 2839 judicari,
1719 2794 1752 2822 et
1772 2798 1841 2821 non
1859 2784 2000 2822 credere
2022 2799 2040 2822 a
2058 2800 2171 2837 prava

78 2845 174 2898 φόῧῳ
195 2845 299 2897 φόὲον
324 2845 497 2891 ἕκὲαλεῖν,
525 2845 583 2883 τόν
610 2861 646 2883 τε
671 2846 720 2896 μὴ
753 2845 964 2884 πιστεύοντα
992 2845 1103 2897 λέγων
1130 2855 1153 2884 Β
1181 2849 1464 2902 concupiscentia
1502 2847 1692 2900 proficisci.
1722 2846 1817 2892 Quia
1855 2846 1950 2883 enim
1985 2846 2173 2884 hominum

78 2905 274 2958 κρίνεσθαι,
295 2906 354 2944 καὶ
373 2906 412 2944 τὸ
432 2906 480 2957 μὴ
498 2906 674 2945 πιστεύειν
693 2907 762 2945 ἀπὸ
781 2913 935 2959 πονηρᾶς
951 2907 1105 2958 γίνεσθαι
1180 2912 1332 2964 gloriam
1362 2910 1485 2962 magni
1513 2909 1677 2959 faciebat,
1701 2917 1734 2946 et
1759 2907 1874 2960 pluris
1901 2922 2009 2958 quam
2038 2908 2173 2960 suppli-

78 2966 317 3014 συνειδήσεως·
342 2966 490 3014 Ἐπειδὴ
511 2968 578 3020 γὰρ
602 2968 660 3006 καὶ
681 2970 743 3014 τῆς
758 2967 855 3019 παρὰ
875 2969 943 3005 τῶν
965 2967 1104 3019 ἀνθρώτ
1180 2973 1276 3011 cium
1295 2973 1444 3021 (Mulli
1463 2970 1571 3019 enim,
1588 2969 1718 3021 inquit,
1734 2971 2032 3021 exprincipibus
2052 2970 2173 3007 credz'-
2187 2972 2374 3014 Joan.5.45.

77 3042 153 3065 πων
171 3027 269 3075 δόξης
289 3027 395 3066 πολὺν
412 3030 562 3066 ἐποιεῖτο
579 3028 764 3079 λόγον,καὶ
783 3028 912 3074 ταύτης
932 3029 1064 3078 μᾶλλον
1081 3027 1103 3073 ἢ
1179 3035 1318 3071 derunt
1364 3035 1407 3070 ίη,
1445 3046 1531 3070 eum
1541 3061 1553 3078 ,
1593 3032 1662 3069 sed
1702 3038 1857 3082 propter
1895 3030 2051 3067 Judoeos
2097 3044 2174 3067 non

76 3089 139 3133 τῆς
153 3088 327 3131 κολάσεως
346 3089 497 3135 (Πολλοὶ
512 3088 578 3140 γὰρ
596 3124 603 3136 ,
623 3090 707 3141 φησὶ
721 3121 730 3138 ,
747 3092 815 3127 τῶν
835 3089 1014 3141 ἀρχόντων
1030 3088 1104 3126 ἐπί·
1178 3093 1498 3146 confitebantur),
1518 3091 1602 3129 hinc
1631 3091 1735 3128 illum
1768 3090 1986 3142 peistiingit,
2003 3090 2173 3128 ostendit-

79 3163 198 3186 στευον
215 3150 262 3191 εἷς
291 3149 406 3195 αὐτὸν,
435 3148 490 3186 διὰ
511 3149 546 3187 δὲ
566 3148 646 3192 τοὺς
664 3149 850 3192 Ἰουδαίους
882 3151 946 3201 οὐχ
964 3147 1103 3198 ὡμολό-
1177 3167 1272 3204 que,
1303 3167 1375 3191 non
1411 3166 1514 3204 posse
1544 3165 1625 3189 eum
1659 3151 1720 3201 qui
1754 3150 1790 3187 in
1821 3164 1856 3187 se
1887 3164 1957 3187 non
1989 3150 2170 3198 ciedeict,

78 3216 186 3264 γουν),
213 3213 272 3251 καὶ
299 3213 368 3251 ἀπὸ
396 3214 525 3260 ταύτης
547 3216 648 3253 αὐτοῦ
672 3215 913 3262 καθάπτεται,
942 3214 1001 3252 καὶ
1033 3213 1103 3252 δεί-
1177 3213 1247 3251 alia
1279 3212 1323 3250 de
1359 3225 1464 3250 causa
1505 3225 1572 3249 non
1607 3210 1774 3259 cr'edele,
1820 3224 1927 3261 quam
1965 3209 2062 3260 quod
2099 3210 2173 3248 vita

124 3341 140 3364 h
155 3339 257 3375 saVil-
271 3347 325 3380 ’τὴν
340 3346 432 3387 ὀρθὴν
447 3347 544 3376 πίστιν
560 3344 761 3386 ἐλθεῖν.[ΜΟΧ
773 3342 873 3378 iidem
888 3354 963 3376 cum
979 3342 1090 3377 Codd.
1209 3349 1220 3363 ⁶
1235 3341 1337 3375 Savll.
1356 3341 1389 3374 in
1406 3352 1511 3384 marg.
1531 3343 1607 3374 οὕτω
1623 3346 1656 3370 et
1671 3348 1750 3369 mox
1770 3342 1928 3381 ἐργάζεται
1946 3341 2065 3371 ἐκείνου.

81 3393 203 3425 nostris
221 3400 367 3438 πρότερον
384 3395 584 3439 ὑπογράψας]
1207 3394 1220 3414 ‘¹
1237 3393 1299 3426 Alii
1320 3399 1414 3431 καθὼς
1431 3401 1494 3440 :³52³-
1514 3392 1632 3434 [Supra
1654 3395 1857 3432 κομπάζοντες
1870 3386 1989 3429 Savil.]
