2450 3683
822 190 874 218 &D
913 189 1149 219 LECTOREM
1189 188 1432 217 ERUDI‘I'L‘M.
2084 191 2157 220 xm

1094 377 1146 413 ΙΙ.

136 523 208 560 Τοῦ
227 522 261 558 ἐν
277 519 385 571 ἁγίοις
398 536 436 557 π.
448 519 652 566 ἡ.Ἰωάννου
668 521 726 555 τοῦ
742 517 1004 569 Χρυσοστόμου.
1017 520 1091 564 Τῆς
1108 518 1284 569 βασιλίδος
1297 517 1411 569 μέσων
1424 521 1556 556 νυκτῶν
1575 521 1620 563 εἰς
1637 520 1793 570 μεγάλην
1807 521 1995 566 ἐκκλησίαν
2013 525 2160 574 προσελ-

84 581 220 628 θούσης,
239 583 398 619 κάκεῖθεν
416 579 460 618 τὰ
471 579 618 632 λείψανα
631 581 699 617 τῶν
716 579 902 631 μαρτύρων
912 578 1102 630 ἀραμένης,
1117 580 1175 617 καὶ
1191 579 1492 631 προπεμψαμένης
1506 580 1563 618 διὰ
1576 580 1692 627 πάσης
1705 584 1766 628 τῆς
1780 583 1907 634 ἀγορᾶς
1922 583 1985 626 ἕως
2004 585 2160 635 Δρυπίας

82 647 142 682 τοῦ
158 643 361 697 μαρτυρίου,
375 642 563 694 ἀπέχοντος
575 641 605 679 0'
618 647 748 691 σημεῖα
761 643 823 685 τῆς
835 641 980 684 πόλεως.
992 641 1145 693 Ἐλέχθη
1164 643 1198 679 ἐν
1209 644 1258 694 τῷ
1274 643 1416 693 μεγάλῳ
1437 643 1616 694 μαρτυρίῳ
1632 647 1654 689 ἢ
1671 659 1719 681 πα
1727 648 1830 695 ροῧσα
1845 646 2160 698 ὅμιλία,παρούσης

81 708 200 752 αὐτῆς,
213 706 271 743 καὶ
282 709 344 751 τῆς
357 705 489 748 πόλεως
506 704 633 750 πάσης,
648 704 707 741 καὶ
722 705 790 740 τῶν
809 702 999 754 ἀρχόντων).
1014 703 1052 740 S.
1067 704 1197 740 Patris
1214 705 1510 742 nostriJoannis
1526 705 1803 752 Clzrysostomi.
1821 707 1914 745 Cum
1928 710 2161 758 Imperatrix

81 768 209 804 media
228 775 338 804 nocte
353 766 406 802 acl
418 779 598 817 magnam
626 764 828 801 ecclesiam
843 767 1018 811 accessit,
1041 764 1209 814 indeque
1226 765 1442 817 ,Martyrum
1462 765 1664 816 Reliquias
1678 769 1871 813 assumsit,
1895 782 1941 804 ac
1955 781 2024 818 per
2039 777 2160 805 totum

70 829 209 881 sorum
232 829 415 865 comitata
438 834 494 864 est
518 840 639 877 usque
658 827 711 863 ad
728 827 959 873 martyrium
973 828 1014 862 in
1030 826 1200 876 Drypia,
1223 841 1308 878 quoe
1329 829 1377 863 ab
1399 828 1492 864 urbe
1511 827 1629 865 distat
1649 842 1785 866 novem
1815 829 2019 868 milliariis.
2042 832 2162 868 Dicta

71 888 158 941 suit
177 888 340 926 homilia
358 892 398 924 [n
418 901 558 939 magno
575 889 778 935 martyrio,
798 894 984 936 praesente
1006 889 1253 937 Imperatr-[ce
1273 896 1429 939 totoque
1446 889 1588 938 populo
1611 898 1647 927 et
1667 893 1970 942 magistralibus.

134 951 294 987 Initium
313 965 323 985 :
347 949 394 987 Τί
422 949 509 987 εἴπω
536 947 594 986 καὶ
615 948 649 985 τί
666 947 811 994 λαλήσω
821 964 831 996 3
849 949 988 999 Σκιρτῶ
1015 948 1074 986 καὶ
1100 948 1269 999 μαίνομαι
1295 949 1421 999 μανίαν
1447 950 1675 1002 σωφροσύνης
1712 952 1893 1003 βελτίονα·
1925 952 2076 1004 πέτομαι
2101 954 2161 991 καὶ

81 1011 228 1064 χορεύω.

135 1075 176 1112 In
198 1074 265 1112 hac
281 1074 441 1123 homilia,
457 1088 535 1125 quae
557 1073 679 1111 multis
706 1073 944 1111 illustrabitur
965 1073 1069 1123 notis,
1086 1074 1362 1127 Chrysostomus
1391 1085 1497 1115 tantae
1517 1078 1731 1116 celebritatis
1752 1079 1913 1118 laetitiam
1938 1081 2049 1118 effert.
2081 1080 2162 1118 Illic

81 1134 227 1173 aderant
242 1149 362 1173 omnes
378 1135 538 1172 omnium
558 1134 723 1172 ordinum
736 1135 806 1173 viri
825 1135 1071 1185 mulieresque,
1088 1136 1266 1185 monachi,
1289 1136 1461 1188 virgines,
1486 1153 1583 1177 senes
1603 1149 1636 1178 et
1647 1141 1820 1192 juniores.
1845 1143 1926 1194 Ipsa
1945 1141 2161 1194 Imperatrix

82 1196 186 1249 pedes
204 1197 368 1235 incedens
385 1211 504 1234 arcam
523 1211 660 1248 semper
674 1197 733 1235 vel
753 1197 1015 1248 superpositum
1040 1212 1199 1248 pannum
1225 1200 1402 1250 tangebat.
1432 1201 1525 1239 Hinc
1551 1203 1660 1240 maris
1679 1203 1870 1241 brachium
1896 1219 1956 1242 seu
1975 1205 2157 1256 Bosporus

79 1259 308 1311 trajiciendus
321 1259 402 1308 fuit,
422 1268 460 1296 ut
475 1258 521 1296 ad
531 1259 744 1311 martyrium
760 1273 822 1296 seu
837 1258 1020 1296 ecclesiam
1038 1259 1074 1296 in
1093 1274 1200 1310 quam
1217 1259 1464 1299 deferebantur
1480 1263 1654 1314 Reliquiae
1675 1265 1796 1303 iretur.
1813 1266 1942 1305 Multis
1959 1268 2159 1318 Augustam

82 1322 267 1373 praeconiis
282 1321 447 1370 celebrat,
465 1330 498 1360 et
516 1321 670 1373 plurima
688 1321 902 1359 intermiscet
917 1320 963 1359 ad
977 1321 1066 1359 ritus
1082 1330 1115 1359 et
1133 1336 1247 1361 mores
1267 1323 1367 1361 illius
1380 1325 1548 1376 temporis
1563 1327 1768 1377 spectantia.

1097 1508 1174 1546 111.

132 1647 204 1683 Τοῦ
223 1646 340 1683 αὐτοῦ.
361 1646 418 1697 Τῇ
439 1643 584 1695 ἐπιούσῃΙ
599 1643 716 1696 ἡμέρᾳ
731 1643 1012 1695 παραγενομένου
1032 1648 1091 1682 τοῦ
1110 1644 1281 1696 βασιλέως
1300 1647 1335 1683 ἐν
1351 1647 1402 1698 τῷ
1423 1647 1603 1698 μαρτυρίῳ
1624 1651 1685 1686 τοῦ
1701 1649 1896 1689 ἀποστόλου
1913 1652 1972 1690 καὶ
1989 1652 2163 1706 μάρτυρος

81 1708 199 1758 Θωμᾶ
214 1710 272 1745 τοῦ
289 1706 506 1757 διακειμένου
523 1708 558 1744 ἐν
573 1709 615 1758 τῇ
637 1705 788 1758 Δρυπίᾳ,
805 1705 865 1743 καὶ
886 1705 1176 1759 ἀναχωρήσαντος
1193 1707 1260 1759 πρὸ
1276 1711 1337 1754 τῆς
1353 1708 1546 1753 διαλέξεως.
1558 1709 1710 1761 Ἐλέχθη
1728 1714 1749 1757 ἡ
1767 1712 1888 1762 ὁμιλία
1905 1714 1996 1764 μετὰ
2010 1715 2164 1762 τὴνάνα-

80 1769 237 1821 χώρησιν
258 1772 321 1816 τὴν
341 1769 471 1807 ἐκείνου
491 1770 577 1820 πρὸς
590 1770 628 1807 τὸ
647 1770 789 1815 πλῆθος.
815 1770 1019 1820 Ejusdem.
1042 1770 1138 1808 Cum
1154 1774 1330 1821 sequenti
1348 1772 1410 1808 die
1430 1775 1601 1809 venisset
1623 1776 1840 1824 Imperator
1857 1777 1910 1813 ad
1928 1781 2164 1827 martyrium

79 1832 244 1881 apostoli
254 1841 290 1870 et
311 1834 496 1880 martyris
516 1832 548 1868 Τ
546 1834 668 1869 liomoe
683 1837 799 1869 sicum
817 1833 859 1867 in
874 1833 1040 1883 Drypia,
1062 1846 1228 1885 cumque
1249 1842 1340 1871 ante
1355 1836 1581 1872 concionem
1598 1839 1824 1876 recessisset.
1845 1839 1940 1876 Post
1952 1840 2163 1879 discessum

81 1896 162 1945 ejus
184 1897 320 1933 hahita
339 1904 393 1933 est
411 1895 575 1932 homilia
593 1896 646 1932 ad
661 1895 950 1933 multitudinem
966 1897 1111 1945 populi,

134 1960 294 1996 Initium
313 1973 323 1993 :
339 1958 539 2009 Εὐλογητὸς
557 1960 574 1995 ὁ
594 1957 700 2003 Θεὸς,
729 1957 850 2003 ἡλίκαι
876 1960 944 1995 τῶν
972 1958 1157 2010 μαρτύρων
1188 1961 1223 1997 αἱ
1244 1959 1416 2010 δυνάμεις.
1436 1959 1527 2004 Χθὲς
1547 1964 1631 2011 ἡμῖν
1648 1961 1712 2009 τὴν
1738 1963 1839 2001 πόλιν
1859 1965 2048 2018 ὁλόκληρον
2073 1967 2164 2018 μετὰ

80 2025 144 2068 τῆς
165 2021 341 2073 βασιλίδος
355 2037 362 2044 ·
382 2021 534 2072 σήμερον
551 2020 609 2058 τὸν
633 2019 779 2071 βασιλέα
800 2020 889 2070 μετὰ
907 2025 966 2060 τοῦ
983 2022 1230 2074 στρατοπέδου.
1257 2022 1448 2074 Postquam
1461 2024 1676 2075 Imperaln’x
1692 2026 1902 2077 praecedenti
1921 2038 2033 2078 nocte,
2052 2039 2092 2067 ut
2106 2030 2163 2069 Vi-

82 2084 213 2133 dimus,
233 2083 414 2134 Reliquias
431 2083 596 2121 comitata
615 2082 660 2120 ad
686 2083 902 2135 martyrium
921 2098 981 2122 seu
1011 2085 1195 2123 ecclesiam
1230 2094 1373 2123 venerat
1397 2101 1404 2121 :
1435 2085 1632 2137 insequenti
1655 2086 1713 2125 dje
1736 2089 1935 2141 Imperator
1955 2092 2052 2130 venit
2081 2106 2164 2130 cum

83 2147 252 2195 exercitu,
278 2145 315 2184 id
338 2155 403 2195 est,
425 2160 507 2184 cum
533 2155 750 2183 armatorum
767 2154 800 2183 et
821 2147 1011 2184 satellitum
1034 2161 1153 2185 manu.
1181 2148 1319 2185 Laudat
1349 2162 1454 2200 porro
1479 2149 1707 2201 Imperatoris
1728 2151 1871 2190 Arcadii
1890 2154 2078 2206 pietatem,
2100 2169 2163 2194 nec

81 2207 309 2260 Imperatoris
324 2206 445 2257 modo,
468 2206 528 2245 sed
542 2207 648 2244 etiam
665 2207 859 2244 satellitum
877 2217 910 2245 et
935 2208 1091 2246 militum
1118 2209 1237 2262 ipsum
1261 2209 1528 2248 comitantium:
1548 2220 1653 2262 atque
1668 2212 1706 2250 in
1726 2213 1893 2253 concione
1917 2215 1964 2253 ad
1989 2216 2163 2269 populum

81 2269 218 2315 habita,
237 2270 350 2308 multa
365 2271 410 2308 de
429 2270 684 2309 resurrectione
696 2271 816 2308 futura
830 2271 1000 2323 loquitur.

1078 2418 1151 2457 IV.

137 2551 286 2601 Ὁμιλία
304 2554 466 2603 λεχθεῖσα
484 2553 714 2604 παραινετικὴ
735 2556 769 2592 ἐν
790 2556 840 2606 τῷ
859 2557 930 2608 ναῷ
949 2559 1011 2602 τῆς
1028 2555 1129 2606 ἁγίας
1144 2555 1370 2599 Ἀναστασίας
1393 2556 1479 2607 πρὸς
1500 2556 1579 2601 τοὺς
1607 2560 1899 2612 ἀπολειφθέντας,
1919 2563 1978 2601 καὶ
1992 2564 2164 2610 ἀπόδειξις

84 2613 164 2666 περὶ
181 2616 249 2651 τῶν
277 2614 419 2665 ἀγώνων
436 2614 496 2652 καὶ
514 2614 627 2653 ἄθλων
642 2620 700 2653 τοῦ
720 2616 891 2668 μακαρίου
908 2618 967 2654 καὶ
986 2618 1118 2656 δικαίου
1136 2618 1235 2669 Ἰώβ.
1252 2618 1428 2655 Homilia
1446 2620 1661 2659 hortatoria
1675 2623 1810 2661 habita
1824 2626 1865 2661 in
1885 2628 2025 2675 templo
2042 2630 2164 2666 beatae

83 2678 126 2714 A
131 2679 326 2723 nastasioe,
350 2677 404 2714 ad
418 2691 479 2715 eos
495 2679 562 2729 qui
582 2691 607 2714 a
628 2681 812 2727 concione
828 2680 1052 2732 abfuerant,
1081 2690 1117 2719 et
1138 2683 1415 2719 demonstratio
1435 2683 1482 2719 de
1503 2687 1779 2724 certaminibus
1798 2695 1835 2724 et
1846 2691 1985 2740 pugnis
2004 2692 2108 2728 beati
2127 2700 2165 2730 et

78 2741 176 2790 justi
193 2741 297 2777 Jobi.

137 2805 299 2841 Initium
316 2819 325 2840 :
352 2802 457 2855 εὌσῳ
473 2802 636 2846 ἐλάττους
653 2806 721 2841 τῶν
738 2804 908 2843 εἰωθότων
924 2806 955 2842 οἱ
976 2806 1205 2851 συνελθόντες·
1222 2807 1376 2860 τοσούτῳ
1392 2807 1451 2846 κα“ι
1472 2810 1576 2859 ἡμεῖς
1593 2809 1725 2860 μείζονι
1743 2812 1949 2864 χρησόμεθα
1968 2817 2011 2867 τῇ
2031 2818 2162 2867 προθυ-

86 2864 161 2917 μίᾳ.
180 2866 259 2918 Ipse
274 2865 401 2904 titulus
413 2865 498 2904 satis
516 2865 651 2904 indicat
669 2866 758 2917 quid
772 2866 808 2904 in
825 2867 892 2906 hac
906 2868 1054 2906 homilia
1070 2869 1302 2908 contineatur.

1105 3050 1150 3085 V.

137 3186 210 3222 Τοῦ
233 3185 337 3222 αὐτοῦ
358 3185 479 3235 ὁμιλία
496 3185 660 3237 λεχθεῖσα
680 3186 714 3223 ἐν
731 3187 780 3237 τῷ
793 3187 866 3237 ναῷ
885 3188 946 3231 τῆς
966 3185 1067 3237 ἁγίας
1083 3187 1237 3240 Εἰρήνης
1250 3217 1259 3234 ,
1279 3188 1365 3241 ὑπέρ
1385 3204 1423 3227 τε
1443 3191 1596 3237 σπουδῆς
1609 3194 1676 3229 τῶν
1696 3192 1877 3244 παρόντων
1890 3222 1899 3239 ,
1919 3194 1976 3232 καὶ
1997 3195 2166 3248 ῥᾳθυμίας

86 3248 154 3284 τῶν
168 3247 457 3299 ἀπολειφθέντων.
469 3247 560 3301 Περὶ
572 3251 632 3285 τοῦ
647 3248 804 3300 ψάλλειν,
815 3247 874 3284 καὶ
886 3246 966 3298 περὶ
978 3252 1038 3285 τοῦ
1052 3249 1159 3299 μηδὲν
1175 3244 1261 3289 εἶναι
1276 3251 1426 3302 κώλυμα
1437 3253 1571 3304 γυναιξὶ
1586 3254 1648 3302 τὴν
1661 3255 1761 3307 φύσιν
1777 3257 1861 3308 πρὸς
1875 3258 1952 3301 τοὺς
1964 3261 2026 3304 τῆς
2042 3260 2167 3310 ἀρε-,ἦς

89 3307 246 3358 δρόμους.
268 3309 454 3360 Ejusdem
472 3309 635 3347 homilia
654 3310 790 3347 habita
807 3309 850 3345 in
869 3307 1008 3358 templo
1037 3318 1181 3347 sancta.³
1206 3312 1358 3360 Irenes,
1387 3313 1434 3350 de
1457 3314 1584 3351 studio
1612 3328 1741 3353 eorum
1769 3319 1836 3367 qui
1855 3317 2034 3367 aderant,
2056 3329 2091 3356 et
2121 3320 2168 3356 de

276 3394 372 3418 TOM.
405 3396 498 3419 5411.
1988 3404 2007 3427 2
