2522 3683
388 243 482 302 564
814 256 852 286 s.

387 339 494 377 cun-is
514 337 731 389 quibusdam
748 352 869 376 rulsus
881 345 1043 375 utuntur.
1061 336 1177 374 Hinc
1169 350 1296 389 meeps
1309 334 1368 372 Pi·
1381 333 1409 358 ’θ’

386 400 479 438 latus
501 399 574 437 ait·
595 400 774 451 Accipite
807 412 893 436 eum
912 411 997 444 vos,
1028 406 1064 436 et
1086 398 1296 435 secundum
1317 371 1414 434 lez-A

385 473 471 511 gem
501 468 673 496 ‘vestram
695 459 871 510 judicate
903 457 1029 494 illum.
1061 457 1257 494 Βιζιενιιηε
1283 469 1369 506 erg)

387 521 614 558 illissssobis
647 534 723 557 non
756 520 845 556 licet
875 517 1090 569 interficere
1120 530 1365 569 quemquam.

387 584 452 620 5²22.
476 582 552 619 Hoc
566 590 685 618 autem
714 580 894 628 dicebant,
922 580 971 616 Ut
992 578 1218 630 impleretur
1246 591 1369 615 sermo

387 644 562 688 Domini,
593 655 706 693 quem
739 642 852 687 dixit,
884 640 1110 691 significans
1145 653 1223 691 qua
1251 648 1371 676 morte

385 712 481 741 esset
510 705 731 740 moriturus.
758 701 805 739 Et
823 701 1001 752 quomodo
1035 700 1102 738 hoc
1132 699 1370 751 significabat,

387 765 476 801 Non
489 764 576 801 lieet
591 763 806 815 interficere
822 776 1054 816 quemquam
1068 766 1084 800 Ρ
1099 763 1170 799 Aut
1196 761 1264 800 hoc
1284 761 1372 799 dicit

387 823 614 875 evangelista,
635 823 718 875 quia
737 837 806 861 non
833 837 896 875 pro
918 822 1005 874 ipsis
1024 821 1152 871 solum,
1170 822 1232 860 scd
1266 821 1372 859 etiam

388 899 452 937 pro
469 884 634 935 gentibus
657 883 871 922 occidendus
891 892 981 933 crat3
999 883 1056 922 vel
1073 882 1155 933 quia
1184 882 1270 934 ipsis
1293 896 1373 919 cru-

387 945 530 997 cifigere
550 945 653 982 illum
673 959 741 982 non
773 945 916 982 licebat.
940 944 979 983 Si
1006 957 1091 983 vero
1113 943 1249 990 dicunt,
1283 944 1374 980 Non

389 1007 477 1044 lieet
501 1008 609 1043 nobis
628 1006 844 1057 interficere
861 1017 1107 1056 quemquam,
1135 1002 1196 1040 illo
1216 1011 1374 1054 tempore

387 1066 600 1117 significant.
631 1066 723 1102 Nam
741 1063 960 1110 occiderunt,
981 1071 1015 1099 et
1037 1062 1144 1099 etiam
1173 1062 1244 1099 alio
1266 1061 1373 1100 modo
1396 1083 1418 1112 B

387 1126 614 1175 oeciderunt;
632 1125 671 1162 id
692 1123 787 1175 quod
803 1124 930 1176 probat
954 1122 1139 1174 lapidatus
1152 1122 1371 1174 Stephanus:

388 1187 450 1225 sed
469 1187 573 1224 illum
592 1186 799 1236 crucifigere
815 1184 1018 1237 cupiebant,
1041 1192 1080 1221 ut
1090 1182 1214 1220 mortis
1225 1182 1374 1221 modum

383 1248 517 1299 jactare
531 1256 685 1300 possent.
702 1246 838 1283 Pilatus
853 1259 936 1284 vcro
948 1253 988 1282 ut
1002 1244 1047 1282 ab
1061 1244 1129 1282 hac
1144 1242 1306 1281 molestia
1324 1243 1371 1282 li-

388 1309 583 1358 beraretur,
614 1322 682 1346 non
713 1307 761 1345 ad
790 1307 1006 1345 diuturnum
1042 1305 1152 1343 mittit
1179 1304 1372 1356 judicium.

387 1372 572 1421 Ingressus
607 1378 724 1407 auten]
749 1370 872 1408 Jesum
904 1368 1099 1418 interrogat
1121 1382 1128 1403 z
1151 1367 1216 1405 55.
1244 1367 1277 1404 T
1278 1379 1302 1404 u
1336 1380 1375 1406 es

389 1434 471 1470 Rex
482 1433 512 1470 J
512 1433 707 1470 udoeorum
722 1435 738 1468 P
758 1431 822 1469 54.
838 1430 1049 1482 Respondit
1066 1429 1134 1466 ille
1151 1443 1161 1464 .·
1178 1428 1220 1465 Α
1239 1437 1372 1466 temet-

387 1497 468 1546 ipso
486 1496 556 1532 hoe
573 1494 684 1540 dieis,
714 1507 766 1530 an
783 1493 855 1530 alii
878 1494 948 1530 tihi
975 1493 1046 1528 hoc
1071 1491 1277 1528 dixerunt?
1302 1490 1375 1528 Cur

387 1556 456 1592 hoe
476 1555 638 1593 Christus
658 1554 879 1605 interrogat?
902 1553 954 1591 Ut
980 1565 1134 1603 pravum
1165 1550 1373 1590 Judaeorum

387 1616 547 1653 animum
562 1615 715 1666 detegat.
736 1615 812 1651 Hoc
828 1613 922 1651 enim
938 1613 1014 1664 jam
1044 1612 1180 1650 Pilatus
1204 1626 1224 1649 a
1250 1613 1372 1651 multis

387 1677 549 1714 audierat
567 1692 576 1722 ;
599 1676 682 1727 quia
701 1690 784 1714 vero
799 1674 852 1712 illi
871 1674 962 1712 nihil
981 1672 1079 1724 quod
1091 1672 1247 1710 dicerent
1265 1673 1373 1711 hahe-

386 1738 484 1786 lmnt,
501 1751 543 1774 ne
559 1737 665 1788 longa
691 1736 790 1773 fieret
814 1734 1003 1783 discussio,
1035 1732 1133 1784 quod
1162 1747 1300 1785 semper
1318 1734 1372 1772 illi

388 1798 625 1851 opymnebant,
646 1797 681 1835 in
697 1796 857 1834 medium
875 1795 1037 1833 adduc-it.
1055 1794 1149 1840 Quia
1168 1808 1254 1833 vero
1270 1794 1373 1833 dixe·
1394 1794 1419 1825 C

388 1869 443 1897 rat
474 1859 560 1909 illis,
596 1859 814 1897 Secundum
844 1858 962 1909 legem
1002 1865 1174 1893 vestram
1195 1857 1374 1907 judicate

387 1935 495 1965 eum;
531 1929 569 1957 ut
581 1919 766 1956 ostendant
791 1927 974 1970 peccatum
990 1917 1092 1954 illum
1120 1930 1189 1953 non
1216 1930 1289 1954 esse
1308 1918 1372 1956 Ju-

386 1980 543 2029 da‘fcum‚
573 1979 712 2026 dieunt,
743 1979 833 2016 Non
862 1978 951 2015 licet
988 1979 1107 2014 nobis.
1125 1978 1205 2015 Non
1222 1977 1373 2016 enimin

384 2042 499 2092 legem
528 2048 685 2077 nostram
721 2038 894 2090 peccavit,
927 2037 988 2075 sed
1026 2052 1212 2076 commune
1240 2038 1373 2076 crimen

385 2113 449 2141 est.
470 2103 547 2140 Hoc
560 2110 742 2155 perspecto
763 2101 914 2150 Pilatus,
936 2114 976 2137 ac
996 2100 1024 2138 si
1043 2100 1118 2152 ipse
1149 2100 1371 2152 periclitare-

385 2175 457 2213 tur⁷
471 2165 520 2202 ait
537 2180 544 2201 ε
563 2166 594 2202 T
595 2178 619 2202 ιι
634 2178 673 2201 es
683 2177 751 2200 rex
763 2163 987 2200 Judoeormn
998 2166 1014 2198 ἑ)
1024 2163 1102 2199 Non
1114 2162 1280 2212 ignorans
1291 2177 1374 2214 ergo

388 2226 551 2264 Christus
570 2225 776 2274 interrogat,
791 2222 852 2259 sed
871 2237 952 2259 cum
982 2222 1091 2261 vellet
1109 2224 1129 2261 J
1135 2222 1252 2260 udaeos
1272 2223 1318 2260 ab
1334 2238 1374 2261 eo

385 2286 547 2325 accusari
565 2286 628 2333 ait,
648 2286 736 2323 Alii
749 2286 816 2322 tibi
836 2285 1018 2320 dixerunt
1031 2286 1046 2318 P
1060 2282 1168 2328 Quod
1190 2283 1374 2323 declarans

385 2348 523 2386 Pilatus
567 2346 617 2384 ait
636 2362 643 2382 :
674 2346 737 2383 55.
775 2345 976 2396 Numquid
995 2358 1061 2395 ego
1082 2345 1244 2382 Jmloeus
1263 2350 1375 2383 sum?

388 2411 492 2448 Gens
514 2417 582 2446 tua
607 2417 643 2446 et
670 2407 874 2460 pontifices
909 2407 1152 2444 tradiderunt
1181 2415 1217 2444 te
1244 2408 1340 2444 milti
1361 2423 1371 2442 :

386 2471 482 2523 quid
492 2471 646 2521 fecisti?
658 2467 718 2505 hic
734 2481 768 2504 se
786 2480 955 2504 excusare
971 2466 1110 2504 volens.
1135 2466 1272 2504 Deinde
1291 2467 1374 2517 quia

385 2531 492 2578 dixit,
537 2531 592 2566 Τιι
625 2543 662 2566 es
694 2530 804 2566 Rex?
835 2528 953 2579 ipsum
979 2540 1130 2578 arguens
1163 2528 1265 2566 Jesus
1294 2527 1343 2565 ait
1364 2543 1371 2564 :

387 2593 463 2629 Hoc
482 2590 613 2629 audisti
635 2604 655 2627 a
674 2589 821 2629 Judaeis.
860 2590 932 2626 Cur
961 2602 1031 2626 non
1065 2597 1267 2626 accuratam
1288 2589 1374 2626 facis
1397 2601 1419 2630 ι)

388 2653 704 2705 perquisitioncm‘?
728 2652 906 2690 Dixcrunt
924 2665 979 2688 mc
994 2651 1255 2689 malefactorem
1272 2665 1345 2689 esse
1365 2667 1372 2687 ε

389 2715 565 2764 intermga
583 2713 670 2764 quid
689 2713 773 2750 mali
787 2712 941 2750 fecerim.
964 2714 1104 2752 Verum
1129 2711 1165 2749 id
1184 2726 1253 2749 non
1272 2713 1372 2762 sacis,

388 2775 449 2812 sed
470 2775 677 2827 simpliciter
691 2788 831 2811 causan]
852 2773 1012 2825 exponis.
1032 2773 1073 2810 A
1092 2776 1288 2824 temetipso
1303 2774 1374 2811 hoc

390 2836 500 2879 dieis,
522 2849 566 2872 an
586 2835 754 2872 aliunde?
776 2833 912 2871 Deinde
945 2833 1005 2871 ille
1030 2834 1112 2884 quia
1142 2833 1273 2871 auditis
1306 2846 1374 2871 non

390 2905 525 2946 poterat
545 2896 663 2932 statim
681 2894 901 2946 respomlere,
927 2894 1136 2946 simpliciter
1155 2894 1297 2932 turbam
1324 2895 1376 2932 al-

391 2957 500 3006 legstt3
538 2957 797 2993 Tradiderunt
834 2965 869 2992 te
913 2957 1022 3001 milti,
1057 2955 1185 3005 inquit.
1228 2956 1377 3007 Oportet

389 3033 471 3067 ergo
488 3028 520 3055 te
536 3026 750 3066 1nte110‘*uc
771 3016 857 3066 quid
884 3017 1017 3054 ficetis.
1046 3016 1146 3062 Quid
1169 3031 1251 3068 0100
1272 3016 1377 3054 Clui-

390 3058 899 3128 stus:5(5.Reg11111nn1c’111n
917 3092 993 3114 non
1008 3092 1026 3114 ι
1029 3086 1060 3114 cl
1075 3079 1204 3115 dehoc
1216 3078 1372 3115 mundo.

393 3140 455 3177 l'il:
459 3139 496 3176 ui
514 3147 665 3176 mentem
685 3136 887 3186 01igit‚qui
907 3151 975 3174 non
1001 3138 1048 3174 ita
1066 3138 1181 3175 malus
1205 3152 1241 3175 cr
1243 3147 1290 3186 π,
1312 3153 1376 3176 ne-

389 3216 456 3252 que
471 3200 541 3237 illis
560 3197 700 3246 similis,
716 3198 861 3247 vultque
872 3197 1052 3235 ostendere
1066 3212 1101 3235 se
1118 3212 1186 3235 non
1206 3212 1279 3235 esse
1291 3198 1375 3236 sim-

390 3262 519 3313 plicem
550 3258 742 3301 hominem,
779 3257 841 3294 sed
865 3259 992 3305 Deum,
1014 3267 1047 3295 et
1076 3259 1139 3296 Dei
1162 3260 1307 3297 Filium.
1329 3260 1375 3297 Et
1399 3273 1422 3302 E

389 3325 479 3376 quid
496 3323 569 3361 ait?
585 3323 623 3361 Si
637 3323 684 3359 (Ie
698 3323 768 3358 hoc
786 3322 931 3357 mundo
947 3331 1041 3358 esset
1059 3336 1218 3372 regnum
1232 3337 1368 3369 meum,

890 256 938 287 JO
944 255 1074 285 ΛΝΝΙΒ
1111 255 1361 284 C··m'SOS'1'

389 3387 555 3422 ministri
573 3385 646 3420 mei
661 3384 794 3433 ntique
811 3382 1064 3428 decertarent,
1086 3391 1125 3419 ut
1144 3396 1220 3418 non
1245 3384 1372 3420 trade—

387 3461 447 3484 rer
475 3446 623 3483 Jmloeis
678 3441 783 3489 Quod
817 3441 983 3479 lmetcnus
1016 3443 1181 3480 timuerat
1220 3443 1368 3485 Pilatus,

1404 255 1615 284 Aucnlffl‘.
1653 254 2013 287 CONSTANTffioP.

1397 334 1593 399 5χρηνται
1634 335 1750 374 πάλιν.
1798 336 1975 376 Ἐντεῦθεν
2013 338 2113 381 αὐτὸς
2148 338 2326 391 ἀπορήσας
2360 339 2465 391 φησί·

1446 397 1583 435 Actes-ce
1627 398 1727 436 αὐτὸν
1767 401 1885 449 υμεῖς,
1924 399 1984 437 καὶ
2019 399 2110 438 κατὰ
2142 399 2200 438 τὸν
2233 399 2336 451 νόμον
2370 403 2466 450 υμῶν

1445 458 1586 510 κρίνατε
1618 459 1734 496 αὐτόν.
2183 459 2290 511 εΗμῖν
2322 461 2383 499 οὐκ
2415 460 2467 504 ἔξ-

1445 535 1537 558 εστιν
1554 521 1758 559 ἀποκτεῖναι
1785 520 1918 559 οὐδένα.
1949 522 2064 560 Τουτο
2082 521 2119 560 δὲ
2142 520 2310 574 ἔλεγον,”
2296 537 2349 560 ινα
2372 523 2467 569 πλη-

1447 585 1538 634 ρωθῇ
1563 584 1580 619 ὃ
1603 582 1703 633 λόγος
1728 586 1788 620 τοῦ
1813 581 1960 633 Κυρίου,
1989 582 2025 621 ὃν
2048 576 2143 630 εἷπε,
2171 581 2350 633 σημαίνων
2377 582 2467 634 ποίῳ

1446 643 1584 695 θανάτῳ
1602 642 1753 693 ἤμελλεν
1774 642 2017 690 ἀποθνήσκειν.
2034 643 2105 681 Καὶ
2127 645 2201 686 πῶς
2215 647 2316 681 τοῦτο
2331 643 2469 690 ἐδήλου,

1788 452 1899 498 Εἶπον
1925 463 1981 498 οὖν
2009 462 2148 498 ἐκεῖνοι·

1445 705 1521 743 Οὐκ
1549 704 1677 749 ἔξεστιν
1706 707 1910 743 ἀποκτεῖναι
1935 704 2081 751 οὖδένα;
2111 703 2162 743 Ἢ
2191 704 2293 742 ’τοῦτό
2323 720 2426 757 φησιν
2451 708 2468 743 ὁ

1446 765 1701 818 εὖαγγελιστὴς,
1730 765 1782 803 ὅτι
1811 766 1875 817 οὐχ
1905 765 1991 818 ὑπὲρ
2018 766 2131 804 αὐτῶν
2160 765 2275 816 μόνον,
2302 765 2391 805 ἀλλὰ
2409 765 2470 803 καὶ

1446 827 1534 880 ὑπὲρ
1553 829 1621 865 τῶν
1642 828 1747 865 ἐθνῶν
1768 827 1911 878 ἔμελλεν
1927 829 2165 879 ἀναιρεῖσθαι·
2187 825 2209 872 ἢ
2236 825 2285 864 ὅτι
2317 830 2470 879 σταυρῶ-

1447 904 1506 927 σαι
1526 887 1647 932 αὐτοὺς
1663 889 1723 926 οὐκ
1738 888 1827 933 ἐξῆν.
1843 888 1888 925 Εἰ
1902 887 1937 925 δὲ
1956 887 2127 939 λέγουσιν,
2148 888 2224 926 Οὐκ
2243 886 2370 931 ἔξεστιν
2385 890 2470 937 ἡμῖν

1447 948 1671 996 οὖδένα,κατὰ
1685 949 1741 987 τὸν
1755 948 1873 1000 καιρὸν
1890 948 2015 987 ἐκεῖνόν
2027 963 2142 1000 φασιν.
2152 948 2254 986 Ἐπεὶ
2268 947 2320 987 ὅτι
2335 964 2375 1000 γε
2390 947 2470 1000 ἀνή-

1450 1026 1526 1063 ρουν
1545 1010 1604 1048 καὶ
1635 1011 1730 1062 ἄλλῳ
1746 1010 1864 1062 τρόπῳ
1892 1009 2052 1062 ἀνῄρουν,
2070 1009 2237 1048 δείκνυσιν
2260 1012 2277 1048 ὁ
2294 1009 2471 1062 Στέφανος

1447 1070 1686 1120 λιθαζόμενος·
1703 1070 1792 1108 ἀλλὰ
1807 1073 2007 1121 σταυρῶσαι
2018 1071 2117 1109 αὐτὸν
2133 1071 2336 1121 ἐπεθύμουν,
2347 1070 2402 1109 ἵνα
2410 1071 2471 1109 καὶ

1448 1131 1506 1169 τὸν
1517 1131 1642 1182 τρόπον
1652 1133 1714 1176 τ’ῆς
1721 1133 1884 1177 τελευτῆς
1895 1131 2198 1182 ἐκπομπεύσωσιν,
2209 1131 2253 1170 Ὁ
2269 1131 2305 1170 δὲ
2316 1134 2471 1176 Πιλᾶτος

1451 1193 1697 1244 ἀπαλλαγῆναι
1714 1191 1902 1243 ἐπαχθείας
1921 1191 2136 1243 βουλόμενος,
2154 1194 2201 1235 εἷς
2210 1192 2322 1243 κρίσιν
2335 1192 2396 1243 μὲν
2410 1194 2471 1231 οὐκ

1451 1252 1573 1306 ἀφίησι
1593 1253 1729 1306 μακράν
1743 1268 1750 1276 ·
1775 1252 1935 1291 εἰσελθὼν
1960 1251 1995 1291 δὲ
2019 1254 2133 1305 ἐρωτᾷ
2153 1253 2212 1292 τὸν
2233 1253 2390 1300 Ἰησοῦν,
2411 1254 2472 1291 καὶ

1450 1314 1547 1367 φησί·
1559 1313 1609 1353 Σὺ
1622 1308 1653 1353 εἷ
1665 1317 1682 1352 ὃ
1697 1312 1858 1365 βασιλεὺς
1871 1314 1939 1351 τῶν
1955 1313 2134 1351 Ἰουδαίων
2151 1331 2159 1361 ;

1448 1380 1574 1414 σαυτοῦ
1602 1381 1702 1415 τοῦτο
1725 1374 1860 1427 λέγεις,
1880 1374 1902 1420 ἢ
1923 1375 2023 1413 ἄλλοι
2041 1391 2094 1413 σοι
2109 1380 2209 1415 τοῦτο
2225 1368 2338 1422 εῗποη
2367 1374 2471 1419 Τίνος

1448 1436 1560 1476 ἕνεκεν
1594 1441 1694 1477 τοῦτο
1721 1438 1835 1490 ἐρωτᾷ
1865 1438 1883 1473 ὅ
1910 1434 2086 1489 Χριστός;
2115 1435 2191 1484 Τὴν
2220 1435 2374 1488 πονηρὰν
2402 1439 2470 1474 τῶν

1448 1497 1626 1536 Ἰουδαίων
1652 1496 1846 1548 ἐκκαλύψαι
1872 1496 2014 1548 γνώμην
2042 1496 2160 1535 θέλων.
2207 1496 2377 1543 Ἤκηκόει
2409 1497 2470 1549 μὲν

1448 1554 1505 1598 οὖν
1527 1558 1623 1610 παρὰ
1649 1560 1787 1598 πολλῶν
1818 1562 1918 1596 τοῦτο
1937 1559 1955 1596 ὃ
1979 1559 2151 1601 Πιλᾶτος*
2178 1557 2296 1604 ἐπειδὴ
2321 1557 2356 1596 δὲ
2376 1557 2470 1596 οὐδὲν

1448 1621 1549 1672 ἔσχον
1576 1622 1682 1658 εἰπεῖν
1701 1622 1823 1658 ἐκεῖνοι
1845 1618 1932 1671 ὑπὲρ
1947 1623 2007 1657 τοῦ
2023 1618 2071 1669 μὴ
2091 1618 2223 1664 πολλὴν
2238 1617 2393 1670 γίνεσθαι
2408 1618 2471 1666 τὴν

1448 1681 1614 1728 ἐξέτασιν,
1640 1680 1724 1734 ὅπερ
1748 1680 1800 1718 ἀεὶ
1825 1678 2069 1731 περιεφέρετο,
2086 1682 2188 1717 τοῦτο
2205 1680 2252 1722 εἷς
2267 1679 2371 1730 μέσον
2389 1682 2473 1732 ἀγα-

1757 1740 1903 1787 Ἐπειδὴ
1935 1739 1970 1779 δὲ
1997 1734 2090 1778 εἶπεν
2122 1741 2235 1782 αὐτοῖς
2251 1769 2262 1788 ,
2291 1738 2345 1778 ὅτι
2370 1738 2472 1777 Κατὰ

2179 1313 2223 1351 Ὁ
2232 1312 2267 1351 δὲ
2279 1307 2372 1351 εἶπεν
2382 1329 2390 1337 ·
2402 1315 2472 1353 ἀπὸ

1447 1748 1517 1794 γεῖν
1550 1742 1721 1794 βούλεται.

1445 1803 1502 1842 τὸν
1514 1802 1617 1854 νόμον
1632 1805 1729 1853 ὑμῶν
1741 1801 1875 1856 κρίνετε
1887 1801 2002 1849 αὐτὸν,
2016 1800 2122 1845 δεῖξαι
2135 1799 2338 1851 βουλόμενοι
2347 1799 2400 1838 ὅτι
2413 1802 2472 1838 οὐκ

1446 1864 1537 1903 ἔστιν
1560 1863 1750 1902 Ἰουδαϊκὸν
1768 1863 1807 1901 τὸ
1825 1861 2033 1915 ἁμάρτημα,
2052 1861 2223 1913 λέγουσιν,
2250 1859 2301 1899 ὅτι
2324 1862 2400 1899 Οὐκ
2420 1860 2472 1905 ἔξ-

1446 1941 1541 1964 εστιν
1574 1928 1670 1977 ἡμῖν.
1692 1926 1745 1963 Οὐ
1763 1923 1831 1977 γὰρ
1850 1923 1891 1969 δὴ
1915 1922 2006 1962 κατὰ
2025 1922 2083 1961 τὸν
2101 1922 2206 1974 νόμον
2225 1921 2282 1960 τὸν
2304 1921 2471 1973 ἡμέτερον

1445 1986 1622 2040 ἥμαρτεν,
1655 1986 1746 2026 ἀλλὰ
1776 1985 1888 2025 κοινόν
1919 1986 1993 2023 ἐστι
2019 1983 2059 2022 τὸ
2078 1983 2252 2035 ἔγκλημα.
2283 1985 2396 2022 Τοῦτο
2413 1977 2471 2021 οῧν

1446 2047 1590 2086 συνιδὼν
1623 2052 1640 2087 ὃ
1667 2049 1844 2096 Πιλᾶτος,
1872 2048 1918 2089 ὡς
1940 2044 2075 2096 μέλλων
2100 2043 2329 2092 κινδυνεύειν,
2356 2042 2471 2096 λέγει·

1446 2109 1542 2148 2b5
1528 2113 1557 2148 εἰ
1589 2113 1606 2149 ὃ
1637 2107 1797 2162 βασιλεὺς
1815 2123 1884 2145 των
1907 2105 2106 2153 Ἰουδαίων,
2126 2107 2179 2144 Οὐ
2200 2104 2312 2143 τοίνυν
2339 2106 2470 2156 ἀγνοῶν

1446 2173 1464 2207 ὃ
1482 2170 1632 2224 Χριστος
1656 2172 1769 2222 ἐρωτὸἱ
1782 2199 1791 2217 ,
1825 2167 1915 2206 ἀλλὰ
1935 2166 2029 2206 καὶ
2016 2168 2074 2205 υπ’
2096 2168 2199 2204 αὐτου
2223 2168 2470 2218 κατηγορηθῆ-

1445 2246 1502 2267 ναι
1521 2245 1599 2273 τους
1618 2228 1806 2271 Ιουδαίους
1828 2227 2046 2279 βουλόμενος,
2065 2227 2189 2278 φησὶν,
2209 2225 2325 2264 Ἄλλοι
2348 2241 2401 2263 σοι
2421 2229 2471 2262 εἰ-

1445 2307 1527 2338 πονς
1551 2289 1670 2342 υΟπερ
1698 2293 1754 2328 οὖν
1778 2287 1954 2340 ἐμφαίνων
1984 2291 2002 2325 ὁ
2029 2288 2183 2330 Πιλᾶτος
2202 2286 2321 2337 ἔλεγε·
2354 2285 2416 2332 Μή
2437 2302 2472 2323 τι

1446 2350 1515 2402 ἐγω
1533 2350 1698 2394 Ἰουδαῖός
1718 2352 1809 2400 εἶμι·
1802 2379 1811 2396 ,
1829 2349 1882 2387 To
1901 2349 1992 2391 ἔθνος
2009 2363 2068 2386 σου
2086 2364 2145 2385 και
2161 2350 2192 2386 οἱ
2209 2350 2382 2400 ἀρχιερεῖς
2395 2363 2470 2385 πα-

1449 2411 1601 2485 ρέδωκοίν
1632 2428 1670 2450 σε
1696 2410 1795 2462 ἐμοί·
1823 2409 1858 2447 τί
1879 2408 2067 2456 ἐποίησας,
2088 2409 2237 2446 ἐνταυθα
2263 2406 2471 2458 βουλόμενος

1447 2472 1567 2510 ἑαυτον
1595 2471 1808 2515 ἀπαλλάξαι.
1853 2464 1944 2508 Εἶτα
1967 2469 2088 2516 ἐπειδὴ
2108 2473 2195 2518 εἰπε,
2214 2468 2265 2507 Συ
2288 2473 2316 2507 εἰ
2335 2471 2352 2506 ὃ
2372 2470 2470 2519 βασι-

1446 2533 1540 2580 λεύς,
1559 2533 1712 2584 ἐλέγχων
1730 2532 1831 2570 αὐτὸν
1848 2534 1865 2570 ὁ
1883 2530 2016 2577 Ιησοῦς
2033 2546 2134 2582 φΗησι
2155 2545 2256 2569 τουτο
2285 2528 2352 2581 γὰρ
2367 2529 2470 2576 ἤκου-

1448 2607 1510 2635 σας
1528 2591 1624 2644 παρὰ
1637 2594 1705 2628 τῶν
1716 2589 1903 2628 Ἰουδαίων.
1917 2588 2021 2631 Τίνος
2037 2588 2150 2627 ἕνεκεν
2167 2588 2229 2626 οὒκ
2243 2587 2370 2639 ἀκριὸἧ
2386 2590 2470 2635 ποιῇ

1447 2653 1510 2700 τὴν
1536 2653 1711 2699 ἐξέτασιν,
1734 2645 1867 2697 Εἶπον,
1893 2649 1946 2688 ὅτι
1963 2648 2149 2693 κακοποιός
2166 2651 2257 2698 εἶμι·
2281 2646 2470 2699 ἐρώτησον,

1448 2715 1481 2753 τί
1509 2715 1616 2753 κακὸν
1634 2713 1797 2759 ἐποίησα.
1833 2711 1939 2750 Ἀλλὰ
1955 2716 2054 2749 τοῦτο
2073 2709 2134 2760 μὲν
2151 2711 2188 2748 οὖ
2205 2715 2326 2755 ποιεῖς,
2350 2709 2470 2751 ἁπλῶς

1449 2773 1484 2811 δὲ
1502 2772 1614 2816 αἰτίας
1633 2774 1810 2814 συντιθεῖς.
1843 2769 1928 2807 Ἀπὸ
1947 2772 2074 2807 σαυτοῦ
2091 2773 2190 2806 τοῦτο
2211 2767 2337 2818 λέγεις,
2355 2766 2377 2812 ἢ
2398 2766 2470 2804 ἑτέ-

1451 2837 1578 2884 ρι)θεν;
1606 2834 1625 2869 l
1619 2826 1722 2869 Ε’ἶτα
1709 2837 1847 2877 ἐκεῖνος,
1862 2829 1916 2868 ὅτι
1934 2828 1996 2879 μὲν
2011 2828 2151 2874 ἤκουσε,
2168 2831 2393 2881 παραχρῆμα
2409 2829 2470 2865 οὐκ

1449 2895 1507 2946 ἔχε
1493 2894 1580 2933 ειλέ
1566 2909 1675 2945 γειν,
1699 2894 1818 2934 ἁπλως
1839 2890 1873 2929 δὲ
1903 2890 2023 2928 ἕπεται
2040 2892 2090 2941 τῷ
2109 2889 2226 2942 δήμω,
2253 2887 2470 2940 Παρέοωκάν

1451 2972 1489 2995 σε
1517 2955 1612 3005 ἐμοὶ,
1641 2953 1763 3005 λέγων.
1801 2953 1863 2989 Δεῖ
1891 2955 1948 2989 οὐν
1984 2967 2022 2988 σε
2045 2954 2218 3004 ἐρωτησαι
2237 2949 2271 2988 τί
2293 2948 2470 2995 ἐποίησας.

1450 3015 1497 3055 'li
1524 3032 1580 3054 ουν
1609 3017 1626 3052 ὁ
1655 3013 1826 3066 Χριστός,
1861 3012 1905 3049 ἹΙ
1936 3011 2130 3063 βασιλεία“
2113 3026 2134 3057 η
2153 3010 2219 3062 ἐμὴ
2241 3026 2302 3048 ουκ
2321 3009 2412 3047 ἔστιν
2433 3012 2472 3048 ἐκ

1449 3081 1508 3116 τοῦ
1535 3076 1667 3126 κόσμου
1692 3074 1830 3112 τούτου.
1875 3074 2009 3124 Ἀνάγει
2034 3072 2092 3110 τὸν
2112 3074 2264 3109 Πιλᾶτον
2285 3072 2322 3107 οὐ
2339 3069 2471 3123 σφόδρα

1449 3140 1531 3178 ὄντα
1541 3137 1702 3189 πονηρὸν,
1720 3135 1796 3174 οὐδε
1817 3138 1893 3172 κατ’
1913 3134 2075 3180 ἐκείνους,
2091 3133 2150 3171 καὶ
2171 3131 2330 3183 βούλεται
2352 3130 2472 3178 δεῖξαι,

1448 3200 1502 3239 ὅτι
1526 3201 1587 3236 οὐκ
1613 3198 1704 3236 ἔστιν
1724 3197 1903 3248 ἅνθρωπος
1921 3195 2043 3247 ψιλος,
2062 3193 2152 3231 ἀλλα
2171 3192 2281 3239 Θεὸς,
2302 3191 2360 3229 καὶ
2380 3194 2472 3229 Θεοῦ

1448 3260 1540 3304 Υἱός.
1572 3258 1643 3298 Καὶ
1662 3257 1696 3295 τί
1717 3271 1840 3309 φησιν,
1864 3258 1906 3293 E'
1900 3273 1908 3293 ι
1936 3258 1974 3293 ἐκ
2002 3269 2062 3292 του
2086 3254 2219 3303 κόσμου
2238 3252 2360 3290 τούτου
2382 3255 2424 3298 ἠν
2446 3255 2467 3298 ἡ

1451 3319 1609 3372 βασιλεία
1633 3322 1654 3365 η
1682 3317 1770 3368 ἐαὴ,
1798 3319 1856 3355 οἱ(
1845 3331 1955 3368 υπηρε
1942 3314 2016 3352 ἔται
2038 3317 2068 3351 οἱ
2084 3313 2161 3363 ἐμοι
2176 3312 2394 3364 ἠγωνίσαντο
2417 3310 2470 3358 ἂν,

1447 3382 1503 3419 ἵνα
1534 3380 1581 3431 μὴ
1614 3380 1801 3431 παραδοθῶ
1834 3383 1904 3420 τοῖς
1930 3373 2121 3418 Ἰουδαίοις.
2164 3373 2280 3425 ’Ότιερ
2307 3372 2470 3412 ἐδεδοίκει

1446 3442 1563 3484 riom&
1586 3442 1758 3487 Πιλᾶτος,
1780 3438 1925 3485 διέλυσε,
1940 3437 2002 3483 τὴν
2020 3439 2080 3483 τῆς
2097 3434 2292 3487 τυραννίδος
2308 3432 2469 3484 ὑποψίαν
