2481 3678
643 190 683 226 lN
721 189 930 220 sommum
967 188 1121 219 uomit..
1164 187 1346 216 cxxviu.
1385 170 1445 214 al.
1491 183 1658 213 Lxxvu.
2123 166 2212 227 527

141 276 286 327 μνήσει,
305 275 363 314 καὶ
385 278 419 314 ἐν
441 280 517 319 ταῖς
545 274 699 327 Ολίψεσιν
733 278 822 325 ὑμᾶς
851 273 1159 326 παραμυθήσεται,
1230 269 1352 316 xisset,
1372 268 1438 306 Ille
1459 282 1522 308 vos
1542 267 1685 305 docebit
1701 275 1733 304 et
1749 266 1850 304 vobis
1865 275 2042 317 suggeret,
2057 275 2162 316 atque
2181 266 2217 303 in

137 337 222 388 ὅπερ
255 337 354 380 αὐτὸς
386 338 446 374 οὐκ
472 335 632 383 ἐποίησε,
649 336 708 373 καὶ
722 336 775 374 ὅτι
793 335 958 388 συμφέρει
972 333 1034 384 ἐμὲ
1056 334 1160 370 ἀπελ-
1185 342 1209 371 Ι)
1231 328 1398 366 aerumnis
1419 342 1482 366 vos
1498 327 1750 374 consolabitur,
1769 326 1863 376 quod
1882 326 1954 377 ipse
1970 341 2039 364 non
2059 327 2154 375 fecit3
2170 335 2217 374 et,

141 401 222 445 Οεῖν,
239 399 395 435 κάκεῖνον
415 398 536 443 ἐλθεῖν,
559 396 617 433 καὶ
631 400 686 433 νῦν
707 396 768 446 μὲν
796 397 833 433 οὐ
857 394 1000 432 δύνασθε
1023 392 1159 444 βαστά-
1232 390 1401 441 Expedit
1416 397 1456 426 ut
1470 402 1537 439 ego
1554 388 1717 432 vadam,
1734 395 1767 423 et
1784 395 1820 423 ut
1833 386 1894 423 ille
1905 386 2043 434 veniat3
2057 396 2102 433 et,
2117 388 2220 424 Nunc

266 458 273 471 Ι
336 459 350 472 Ν

139 461 221 506 ζειν,
234 474 311 496 τοτε
332 457 367 495 οὲ
387 457 592 504 δυνήσεσθε,
608 457 666 494 καὶ
699 457 751 494 ὅτι
779 456 944 507 ὁδηγήσει
971 457 1017 498 εἰς
1045 460 1162 491 πᾶσαν
1236 450 1379 501 quidem
1399 463 1469 487 non
1490 448 1635 501 potestis
1653 456 1811 500 portare,
1832 456 1916 484 tunc
1934 460 2017 484 vero
2038 447 2217 498 poteriti53

139 519 202 565 τὴν
237 518 419 564 ἀλήθειαν·
458 518 514 555 ἵνα
550 517 597 568 μὴ
626 523 736 556 ταῦτα
768 516 961 563 ἀκούοντες,
989 518 1104 566 μεῖζον
1125 514 1165 552 τὸ
1236 522 1283 560 et,
1302 514 1378 551 Vos
1397 510 1548 549 deducet
1567 511 1602 548 in
1625 523 1766 547 omnem
1787 508 1995 546 veritatem:
2020 522 2062 545 ne
2081 508 2137 545 his
2161 522 2223 545 au-

141 580 287 629 Πνεῦμα
306 578 494 629 νομίσωσι,
511 579 570 616 καὶ
589 581 636 622 εἷς
656 577 815 620 ἀσεέείας
832 575 992 614 ὑπόθεσιν
1010 575 1162 627 ἐσχάτην
1235 573 1340 621 ditis,
1366 573 1536 624 maj0rem
1582 585 1654 609 esse
1686 570 1862 622 Spiritum
1896 578 2081 621 putarent,
2115 577 2148 606 et
2189 569 2224 606 in

139 639 337 690 ἐμπέσωσι,
361 638 417 677 διὰ
442 639 542 677 τοῦτο
562 655 677 690 φησιν,
709 638 775 676 Ἐκ
802 641 860 675 τοῦ
882 639 966 686 ἐμοῦ
993 636 1163 687 λήψεται·
1235 644 1431 673 extremam
1456 633 1651 671 inciderent
1681 632 1921 684 impietatem,
1949 630 2028 668 ideo
2060 630 2108 667 ait
2133 646 2140 666 :
2164 631 2226 667 De

139 701 329 748 τουτέστιν,
349 701 437 754 ἅπερ
459 701 498 737 ἂν
520 704 614 738 εἶπον
643 698 729 751 ἐγὼ,
751 702 860 736 ταῦτα
892 699 1049 740 κάκεῖνος
1079 700 1161 749 ἐρεῖ.
1237 710 1320 733 meo
1335 698 1513 747 accipiet‚·
1528 694 1564 731 id
1584 704 1653 742 est,
1675 694 1762 740 Quae
1782 706 1846 744 ego
1864 692 1961 741 dixi,
1979 700 2013 729 ct
2035 692 2094 729 illc
2113 691 2222 729 dicet.

139 761 155 777 ς’
193 778 252 800 ταν
273 762 309 800 δὲ
326 762 406 812 εἴπῃ
420 793 428 810 ,
441 761 535 800 οὐδὲν
552 763 608 813 ἀφ’
630 763 749 798 ἑαυτοῦ
762 759 909 805 λαλήσει
923 790 932 805 ,
949 758 1044 796 οὐδὲν
1067 760 1163 796 ἐναν·
1237 759 1329 796 Cum
1348 772 1432 795 vero
1450 757 1562 805 dicet,
1582 756 1697 794 Nihil
1717 770 1742 792 ιι
1762 769 1801 793 se
1818 755 2008 806 loquetur,
2032 753 2122 790 nihil
2140 767 2225 791 con-

141 823 226 871 τίον,
248 824 344 861 οὐδὲν
371 823 454 860 ἴδιον
478 822 575 875 παρὰ
605 821 649 859 τὰ
687 820 754 871 ἐμά
787 836 903 872 φησιν.
937 818 1077 872 εΏσπερ
1107 814 1163 858 οῧν
1237 819 1402 868 trarium,
1440 818 1527 855 nihil
1558 817 1746 869 proprium
1771 825 1832 853 aut
1866 815 2034 861 alienum,
2061 814 2122 852 sed
2152 828 2228 852 mea

141 885 221 938 περὶ
252 887 374 922 ἑαυτοῦ
406 884 538 935 λέγων,
559 882 633 920 Ἀπ’
661 884 812 932 ἐμαυτοῦ
846 882 883 919 οὔ
920 881 1040 928 λαλῶ,
1063 880 1165 918 τοῦτό
1189 887 1212 916 Ε
1236 880 1413 931 loquetur.
1431 881 1480 918 Ut
1500 879 1610 931 igitur
1627 878 1672 916 de
1690 877 1804 930 seipso
1829 877 1978 927 loquens
2005 876 2070 924 ait,
2088 875 2130 913 A
2151 890 2228 913 me·
2241 891 2331 918 Joan.
2348 890 2395 926 ¹4-

142 961 258 997 φησιν,
279 946 330 983 ὅτι
352 944 446 982 οὐδὲν
476 944 574 986 ἐκτὸς
590 946 659 980 τῶν
682 946 741 980 τοῦ
761 942 917 994 Πατρὸς,
951 942 1047 979 οὐδὲν
1080 941 1166 979 ἴδιόν
1238 945 1319 994 ipso
1348 955 1425 979 non
1443 942 1592 993 loquor,
1616 939 1655 977 id
1674 949 1742 987 est,
1767 937 1870 976 Nihil
1893 937 1962 975 nisi
1989 951 2069 988 quae
2093 937 2228 985 Patris⁷
2249 941 2294 960 ¹0·

141 1022 174 1044 τι
189 1009 271 1058 παρ’
293 1009 420 1045 ἐκεῖνον
435 1005 494 1042 καὶ
511 1004 692 1058 ἀλλότριον
706 1020 713 1027 ·
731 1003 821 1042 οὕτω
835 1003 895 1042 καὶ
911 1003 968 1042 ἐπὶ
983 1008 1042 1042 τοῦ
1057 1003 1167 1042 Πνεύ-
1238 1003 1398 1054 nihilque
1427 1002 1614 1055 proprium
1633 1001 1691 1039 vel
1713 1000 1758 1037 ab
1779 999 1842 1037 illo
1867 999 2025 1036 alienum
2040 1015 2048 1035 t
2065 998 2113 1036 ita
2133 1008 2164 1036 et
2186 998 2231 1037 de

143 1083 263 1118 ματος.
281 1067 332 1105 Τὸ
351 1066 404 1114 δὲ,
431 1068 497 1105 Ἐκ
511 1069 570 1103 τοῦ
598 1067 701 1116 ἐμοῦ,
722 1064 755 1109 ἐξ
773 1059 820 1102 ὧν
841 1065 909 1116 ἐγὼ
930 1058 1005 1102 οἶδα
1018 1095 1027 1112 ,
1048 1066 1087 1102 ἐκ
1106 1067 1168 1111 τῆς
1240 1062 1379 1116 Spiritu
1395 1061 1679 1114 intelligendum.
1695 1059 1792 1098 Illud
1806 1074 1890 1098 vero
1902 1090 1910 1106 ‚
1925 1061 1987 1097 De
2001 1073 2097 1105 mee,
2115 1058 2153 1096 id
2166 1068 2230 1107 est,

142 1129 230 1179 ἐμῆς
257 1127 431 1179 γνώσεως.
462 1127 539 1165 Μία
569 1127 636 1178 γὰρ
671 1129 755 1178 ἐμοῦ
787 1126 846 1164 καὶ
875 1131 934 1165 τοῦ
964 1126 1168 1177 Πνεύματος
1240 1126 1295 1162 De
1313 1124 1358 1161 iis
1376 1138 1455 1174 quae
1479 1123 1584 1171 novi,
1605 1122 1741 1160 demea
1758 1120 1968 1172 cognitione.
1990 1122 2071 1158 Una
2098 1120 2233 1172 quippe

143 1192 279 1240 γνῶσις.
301 1189 369 1226 Καὶ
391 1188 435 1226 τὰ
460 1187 633 1240 ἐρχόμενα
670 1188 852 1239 ἀναγγελεῖ
883 1190 977 1238 ὑμῖν.
1013 1189 1167 1239 Ἐπῆρεν
1240 1194 1291 1223 est
1317 1199 1394 1223 mea
1429 1194 1462 1222 et
1491 1184 1648 1236 Spiritus
1679 1183 1837 1220 scientia.
1868 1183 1923 1219 Et
1953 1196 2039 1234 quoe
2064 1190 2234 1219 ventura

146 1252 258 1287 αὐτῶν
278 1249 340 1296 τὴν
361 1250 533 1287 διάνοιαν·
554 1249 639 1302 πρὸς
669 1248 765 1286 οὐδὲν
785 1248 852 1301 γὰρ
872 1247 961 1286 οὕτω
987 1247 1107 1300 λίχνον
1130 1248 1168 1286 τὸ
1239 1255 1329 1285 sunt
1349 1248 1600 1283 annuntiabit
1620 1247 1746 1282 vobis.
1782 1243 1933 1281 Illorum
1952 1242 2057 1295 erigit
2073 1242 2231 1280 animos:

145 1309 161 1331 b
175 1311 387 1362 ἀνθρώπειον
402 1311 564 1362 γένος,ὡς
578 1311 664 1362 πρὸς
678 1311 716 1348 τὸ
729 1309 914 1361 μανθάνειν
930 1309 973 1347 τὰ
983 1309 1167 1360 μέλλοντα.
1240 1308 1376 1346 nullius
1396 1307 1491 1345 enim
1511 1315 1584 1344 tam
1604 1305 1779 1358 cupidum
1804 1313 1855 1342 est
1880 1304 2079 1341 humanum
2104 1317 2234 1355 genus,

146 1373 259 1410 Τοῦτο
274 1376 355 1423 γοῦν
376 1375 528 1422 συνεχῶς
548 1370 692 1423 ἠρώτων
710 1370 825 1416 αὐτὸν,
843 1372 917 1408 Ποῦ
938 1371 1101 1421 ὑπάγεις,
1116 1370 1169 1413 τίς
1182 1398 1226 1423 461
1241 1383 1347 1419 quam
1362 1369 1480 1406 futura
1501 1367 1670 1406 discendi.
1694 1366 1769 1404 Hoc
1787 1366 1881 1403 enim
1900 1366 2099 1416 frequenter
2121 1365 2233 1402 inter—

145 1435 269 1479 ἐστινὴ
293 1433 386 1478 ὁδός;
406 1434 475 1471 Καὶ
495 1432 621 1479 ταύτης
638 1427 696 1469 οὖν
716 1431 948 1470 ἀπαλλάττων
972 1431 1094 1474 αὐτοὺς
1107 1434 1169 1477 τῆς
1194 1435 1219 1462 Α
1241 1430 1414 1480 rogabant
1441 1443 1539 1474 eum,
1567 1431 1650 1479 Quo
1679 1429 1824 1465 vadis?
1852 1441 1930 1477 quae
1962 1435 2012 1464 est
2041 1426 2130 1465 via?
2159 1426 2237 1464 Hac

147 1494 346 1547 φροντίδος,
368 1494 483 1544 λέγει,
504 1494 556 1532 ὅτι
574 1493 692 1531 πάντα
723 1495 804 1543 ὑμῖν
825 1498 977 1545 προερεῖ,
1008 1492 1100 1530 ὥστε
1121 1492 1169 1542 μὴ
1242 1491 1356 1541 igitur
1394 1504 1477 1527 cura
1501 1489 1660 1527 eximens
1689 1489 1784 1538 illos,
1822 1487 1932 1524 dicit:
1969 1487 2102 1525 Omnia
2132 1487 2237 1525 vobis

146 1557 309 1605 ἐμπεσεῖν
331 1555 549 1606 ἀφυλάκτως.
566 1556 718 1596 Ἐκεῖνος
737 1553 796 1604 ἐμὲ
815 1553 964 1598 δοξάσει.
983 1555 1087 1600 Πῶς,
1107 1554 1170 1590 Ἐν
1242 1551 1425 1604 praedicet,
1445 1565 1488 1588 ne
1504 1550 1637 1588 incauti
1657 1550 1781 1587 ruatis.
1802 1549 1878 1586 Ille
1906 1563 1965 1585 me
1985 1549 2233 1600 clarificabit.

145 1620 195 1669 τῷ
210 1617 355 1668 ὀνόματι
374 1620 422 1669 τῷ
441 1619 514 1669 ἐμῷ
531 1615 635 1655 δώσει
650 1615 712 1659 τὰς
739 1615 921 1670 ἐνεργείας.
938 1615 1084 1662 Ἐπειδὴ
1105 1616 1172 1668 γὰρ
1244 1612 1460 1658 Quomodo?
1482 1613 1522 1649 In
1552 1611 1694 1649 nomine
1721 1624 1799 1647 meo
1830 1623 1935 1661 opera
1967 1608 2110 1645 efficiet.
2143 1608 2238 1655 Quia

149 1679 289 1728 μείζονα
318 1678 461 1729 ἔμελλον
498 1684 608 1716 ποιεῖν
640 1684 770 1728 σημεῖα
808 1676 1088 1729 παραγινομένου
1115 1682 1174 1714 τοῦ
1244 1674 1341 1711 enim
1358 1683 1437 1725 post
1452 1672 1647 1711 adventum
1663 1671 1818 1724 Spiritus
1835 1670 1970 1722 majora
1989 1668 2119 1706 edituri
2139 1669 2239 1719 signa

147 1739 371 1790 Πνεύματος,
394 1738 450 1777 διὰ
470 1744 570 1777 τοῦτο
599 1738 704 1777 πάλιν
733 1738 796 1784 τὴν
818 1737 992 1788 ἰσοτιμίαν
1013 1736 1175 1787 εἰσάγων,
1245 1743 1360 1783 erant,
1394 1733 1474 1771 ideo
1513 1733 1751 1784 aequalitatem
1788 1730 1952 1768 indicans
1987 1730 2036 1767 ait
2055 1730 2154 1767 :Ille
2180 1744 2240 1767 me

148 1800 270 1852 φησίν·
292 1802 446 1844 Ἐκεῖνος
463 1799 524 1851 ἐμὲ
542 1799 689 1843 δοξάσει.
709 1798 821 1837 Ποίαν
843 1798 938 1850 λέγει
958 1804 1075 1836 πᾶσαν
1091 1798 1177 1843 ἀλή-
1247 1796 1495 1848 clarificabit.
1520 1796 1639 1842 Quam
1666 1807 1752 1831 vero
1788 1792 1876 1829 dicit
1912 1805 2064 1829 omnem
2093 1793 2239 1828 verita-

150 1865 265 1910 Θειαν,
286 1862 353 1900 Καὶ
373 1861 440 1915 γὰρ
459 1861 518 1898 καὶ
536 1864 638 1899 τοῦτο
669 1860 752 1898 αὐτὸ
775 1866 959 1912 μαρτυρεῖ,
994 1859 1047 1897 ὅτι
1077 1859 1178 1902 αὐτὸς
1250 1861 1355 1895 tem?
1378 1857 1471 1894 Nam
1500 1855 1722 1903 testificatur,
1751 1852 1847 1904 quod
1870 1866 1932 1890 nos
1957 1851 2179 1889 deducturus
2196 1852 2242 1890 sit

149 1927 243 1973 ἡμᾶς
264 1922 303 1959 ἂν
323 1922 487 1972 ὁδηγήσει
504 1923 550 1964 εἷς
564 1928 680 1960 πᾶσαν
699 1920 762 1967 τὴν
785 1920 962 1966 ἀλήθειαν.
983 1920 1093 1962 Αὐτὸς
1114 1918 1177 1970 μὲν
1249 1918 1298 1956 ad
1317 1932 1458 1956 omnem
1477 1921 1674 1956 veritatem.
1696 1917 1777 1967 Ipse
1794 1929 1949 1965 namque
1968 1913 2051 1964 quia
2069 1927 2173 1951 carne
2188 1913 2242 1951 in-

149 1984 218 2037 γὰρ
250 1983 310 2022 καὶ
331 1983 386 2021 διὰ
402 1983 441 2021 τὸ
476 1982 590 2036 σάρκα
618 1985 852 2035 περικεῖσθαι,
872 1981 953 2019 ἱικαὶ
974 1981 1030 2018 διὰ
1054 1980 1093 2018 τὸ
1128 1980 1176 2030 μὴ
1251 1979 1360 2017 dutus
1389 1988 1483 2028 erat,
1504 1987 1539 2015 et
1564 1992 1607 2015 ne
1633 1977 1817 2015 videretur
1845 1976 1890 2013 de
1920 1975 2034 2027 seipso
2054 1975 2242 2026 magnifice

152 2045 245 2090 δόξαι
264 2045 345 2098 περὶ
365 2047 487 2082 ἑαυτοῦ
505 2043 631 2095 λέγειν,
651 2043 711 2081 καὶ
737 2042 794 2080 διὰ
824 2043 863 2081 τὸ
894 2041 1040 2092 μηδέπω
1057 2040 1179 2084 αὐτοὺς
1250 2040 1366 2091 loqui,
1385 2040 1468 2090 quia
1486 2039 1570 2077 item
1587 2038 1758 2090 discipuli
1779 2037 2070 2075 resurrectionem
2092 2050 2160 2073 non
2180 2050 2241 2074 no-

150 2106 213 2153 τὴν
234 2107 423 2144 ἀνάστασιν
445 2105 571 2143 εἰδέναι
587 2107 716 2154 σαφῶς,
736 2104 796 2142 καὶ
816 2102 1058 2154 ἀτελεστέρους
1078 2095 1178 2149 εἶναι,
1204 2112 1225 2140 Β
1251 2109 1393 2149 verant,
1412 2110 1446 2138 et
1465 2100 1586 2137 adhuc
1615 2097 1892 2151 imperfectiores
1919 2105 2035 2145 erant,
2060 2104 2137 2133 tum
2156 2110 2240 2148 pro-

151 2167 210 2206 καὶ
230 2167 287 2206 διὰ
306 2167 385 2210 τοὺς
401 2167 605 2213 Ἰουδαίους,
623 2165 679 2203 ἵνα
703 2165 751 2216 μὴ
769 2167 814 2208 ὡς
831 2169 1102 2217 παρανομοῦντα
1119 2163 1178 2202 δό-
1251 2172 1330 2215 pter
1355 2162 1520 2209 Judae0s‚
1552 2175 1595 2198 ne
1623 2170 1806 2210 tamquam
1833 2158 1921 2209 legis
1948 2167 2241 2209 transgressorem

153 2229 236 2273 ξωσι
265 2230 435 2275 κολάζειν,
452 2228 547 2266 οὐδὲν
579 2227 669 2278 μέγα
689 2227 872 2279 ἐφθέγγετο
896 2228 1071 2278 συνεχῶς,
1101 2225 1180 2263 οὔτε
1251 2223 1379 2275 punire
1398 2222 1616 2267 viderentur,
1639 2235 1708 2258 non
1737 2234 1829 2271 saepe
1857 2232 2027 2270 magnum
2054 2217 2240 2270 quidpiam

151 2294 210 2329 τοῦ
225 2289 331 2340 νόμου
349 2293 465 2341 σαφῶς
477 2288 836 2335 ἀπέστησεν.Ἔπειδὴ
854 2288 889 2326 δὲ
902 2290 1013 2326 αὐτῶν
1029 2286 1179 2339 ἀπεσχί-
1252 2285 1296 2322 de
1312 2298 1347 2322 se
1359 2284 1590 2335 loquebatur,
1610 2296 1723 2333 neque
1738 2290 1857 2333 aperte
1875 2295 1894 2317 a
1909 2280 1986 2330 lege
1998 2278 2239 2316 dissentiebat.

153 2355 282 2398 σθησαν
307 2352 337 2389 οἱ
357 2351 533 2401 μαθηταὶ,
548 2350 606 2387 καὶ
627 2350 690 2394 ἔξω
706 2350 826 2388 λοιπὸν
846 2344 936 2396 ἦσαν
963 2350 1103 2395 ἐκεῖνοι,
1121 2347 1181 2385 καὶ
1253 2347 1347 2392 Quia
1365 2360 1449 2385 vero
1462 2344 1630 2396 discipuli
1647 2344 1692 2381 ab
1708 2343 1780 2380 illis
1795 2341 1934 2379 discissi
1950 2349 2062 2389 erant,
2078 2349 2110 2377 et
2122 2339 2242 2379 Judaei

153 2413 275 2451 πολλοὶ
285 2412 460 2449 πιστεύειν
478 2410 635 2462 ἔμελλον,
651 2411 709 2448 καὶ
720 2414 787 2448 τῶν
804 2409 1068 2462 ἁμαρτημάτων
1086 2408 1182 2460 ἀφίε-
1252 2416 1354 2444 extra
1382 2405 1505 2458 positi,
1536 2404 1711 2454 multique
1743 2400 1913 2440 credituri
1939 2410 1971 2438 et
1996 2409 2138 2452 peccata
2160 2400 2241 2438 abs-

155 2479 254 2521 σῡαι,
271 2474 332 2511 καὶ
359 2474 458 2511 ἄλλοι
481 2467 570 2518 ἦσαν
590 2472 720 2523 οἱπερὶ
740 2474 842 2510 αὐτοῦ
861 2470 1036 2521 λέγοντες,
1053 2472 1113 2507 οὐκ
1130 2469 1180 2507 ἔτι
1252 2468 1380 2506 tersuri
1417 2475 1529 2515 erant,
1566 2465 1696 2515 aliique
1726 2472 1825 2501 erant
1854 2461 1916 2513 qui
1941 2461 1985 2499 de
2012 2461 2089 2513 ipso
2113 2461 2240 2512 loque—

156 2535 257 2579 αὐτὸς
272 2535 351 2587 περὶ
373 2537 494 2572 ἑαυτοῦ
509 2533 645 2584 μεγάλα
664 2532 803 2575 εἰκότως
818 2530 1124 2584 ἐφθέγ·(ετο.“Ωστε
1143 2533 1181 2568 οὐ
1253 2538 1390 2577 rentur,
1406 2528 1487 2579 jure
1516 2526 1577 2563 ille
1601 2539 1671 2562 non
1696 2537 1824 2575 magna
1857 2522 2006 2560 ulterius
2029 2521 2074 2559 de
2091 2536 2127 2560 se
2145 2521 2241 2560 dice-

156 2599 216 2642 τῆς
233 2595 372 2646 ἀγνοίας
391 2599 452 2641 τῆς
469 2597 567 2645 ἐμῆς,
594 2593 693 2646 φησὶ,
716 2593 755 2630 τὸ
779 2593 826 2644 μὴ
845 2595 952 2630 εἰπεῖν
970 2593 1058 2643 άπερ
1073 2594 1181 2629 εἰπεῖν
1252 2589 1324 2626 bat.
1342 2590 1465 2638 Itaque
1480 2601 1548 2625 non
1563 2596 1613 2624 est
1627 2585 1834 2637 ignorantiae
1847 2598 1934 2622 meae
1949 2583 2239 2634 adscribendum,

156 2658 277 2709 ἐχρῆν,
295 2656 385 2694 ἀλλὰ
402 2659 464 2701 ’.ἧς
479 2658 548 2692 τῶν
568 2654 762 2693 ἀκουόντων
782 2653 970 2696 ἀσθενείας.
990 2652 1057 2689 Διὰ
1082 2656 1183 2690 τοῦτο
1252 2649 1349 2701 quod
1368 2664 1437 2687 non
1451 2648 1584 2697 dicam,
1605 2662 1684 2698 quae
1703 2646 1822 2684 dicere
1840 2654 2030 2698 oporteret,
2050 2644 2112 2682 sed
2136 2644 2240 2682 audi-

155 2717 276 2764 εἷπὼν,
294 2717 488 2769 Ὁδηγησει
512 2718 559 2759 εἰς
575 2722 690 2753 πᾶσαν
707 2714 770 2761 τὴν
792 2714 968 2760 ἀλήθειαν,
991 2712 1182 2764 ἐπήγαγεν·
1253 2720 1373 2748 torum
1394 2708 1644 2747 imbecillitati.
1663 2707 1747 2744 Ideo
1772 2720 1855 2744 cum
1878 2706 2044 2754 dixisset,
2067 2706 2244 2742 Dedueet

157 2779 230 2830 Ἀφ’
254 2781 374 2817 ἑαυτοῦ
395 2780 455 2816 οὐκ
486 2779 568 2830 ἐρεῖ.
603 2776 686 2815 υΟτι
712 2776 779 2829 γὰρ
815 2778 852 2813 οὗ
887 2774 1112 2817 διδασκαλίας
1144 2774 1184 2812 τὸ
1254 2786 1325 2810 vos
1340 2775 1382 2808 in
1401 2784 1551 2808 omnem
1564 2771 1785 2813 veritatem,
1808 2766 1950 2805 addidit
1972 2783 1980 2803 ε
2000 2768 2090 2804 Non
2112 2766 2242 2818 loque-

156 2842 304 2890 Πνεῦμα
323 2841 452 2886 δεῖται,
471 2839 618 2877 ἄκουσον
637 2841 696 2875 τοῦ
719 2837 862 2875 Παύλου
879 2837 1048 2888 λέγοντος·
1078 2835 1183 2874 Οὕτω
1207 2845 1229 2874 C
1255 2842 1317 2871 tur
1341 2848 1366 2870 α
1390 2834 1603 2883 semetipso.
1639 2829 1747 2878 Quod
1774 2829 1870 2867 enim
1895 2829 2051 2881 Spiritus
2082 2828 2243 2866 doctrina

158 2901 217 2938 καὶ
236 2901 278 2938 τὰ
298 2904 356 2938 τοῦ
384 2902 475 2939 Θεοῦ
497 2899 607 2942 οὐδεὶς
625 2893 725 2945 οἶδεν,
747 2901 776 2936 εἰ
802 2897 850 2949 μὴ
877 2898 916 2935 τὸ
949 2899 1094 2947 Πνεῦμα
1125 2901 1184 2934 τοῦ
1255 2909 1324 2933 non
1351 2903 1464 2946 egeat,
1489 2893 1575 2930 audi
1607 2891 1760 2929 Paulum
1788 2890 1990 2929 dicentem:
2010 2893 2075 2928 Ita
2102 2899 2135 2927 et
2158 2904 2243 2942 quoe
2261 2905 2284 2925 ι.
2307 2898 2419 2926 Cor.2.

159 2964 263 3000 Θεοῦ.
283 2960 422 3012 τὨσπερ
439 2954 495 2998 οὖν
510 2961 550 2998 τὸ
578 2962 726 3011 Πνεῦμα
745 2964 804 2998 τοῦ
825 2958 1006 3012 ἀνθρώπου
1032 2960 1070 2996 οὗ
1093 2974 1183 3007 μαν-
1255 2959 1331 2995 Dei
1345 2965 1434 2995 sunt
1455 2969 1564 2993 nemo
1581 2957 1700 3000 novit,
1720 2956 1795 2991 nisi
1812 2954 1975 3005 Spiritus
1998 2954 2086 2990 Dei.
2107 2952 2241 2998 Quem-
2260 2947 2270 2966 ¹
2283 2949 2306 2968 ¹·

160 3022 260 3061 Οάνον
279 3025 362 3073 παρ’
384 3021 501 3074 ἑτέρου
516 3015 603 3059 οἶδεν
616 3037 623 3044 ·
641 3020 731 3059 οὕτω
747 3021 807 3058 καὶ
817 3020 855 3058 τὸ
872 3021 1018 3070 Πνεῦμα
1034 3018 1072 3056 τὸ
1089 3019 1184 3069 ἅγιον
1253 3017 1448 3056 admodum
1465 3030 1547 3067 ergo
1561 3014 1708 3068 spiritus
1721 3014 1878 3052 hominis
1894 3028 1963 3051 non
1977 3013 2022 3050 ab
2035 3013 2105 3050 alio
2118 3013 2243 3050 doctus

159 3084 226 3122 Ἐκ
246 3087 304 3121 τοῦ
325 3086 408 3133 ἐμοῦ
441 3082 589 3134 λήψεται
606 3097 613 3105 ·
633 3082 814 3128 τουτέστι,
837 3080 972 3132 συνῳδὰ
998 3085 1069 3122 τοῖς
1091 3081 1186 3129 ἐμοῖς
1254 3079 1355 3117 novit
1375 3095 1383 3115 :
1404 3079 1452 3116 ita
1471 3077 1628 3130 Spiritus
1652 3085 1795 3114 sanctus
1821 3076 1884 3113 De
1907 3089 1990 3112 meo
2011 3077 2187 3126 accipiet;
2204 3072 2243 3110 id

160 3147 241 3198 ἐρεῖ.
261 3145 386 3183 Πάντα
403 3144 469 3184 ὅσα
497 3144 570 3195 ἔχει
593 3147 610 3182 ὁ
625 3143 771 3195 Πατὴρ,
789 3143 857 3194 ἐμά
877 3144 983 3180 ἐστιν.
1004 3141 1108 3180 Ἐπεὶ
1128 3136 1185 3180 οὖν
1255 3150 1319 3191 est,
1340 3138 1472 3179 Verbis
1492 3139 1580 3178 meis
1596 3152 1747 3177 consona
1768 3136 1874 3175 dicet.
1891 3138 2033 3175 Omnia
2054 3148 2244 3188 quoecum-

207 3287 223 3309 ¹·
242 3285 444 3330 [ἀνθρώπινον
459 3284 560 3317 Savil.
580 3292 613 3316 et
628 3282 712 3316 Cod.
732 3286 807 3325 709,
826 3282 969 3324 melius]
1233 3281 1320 3316 Cod.
1339 3284 1435 3322 709]

208 3346 220 3361 ἒ·
238 3336 299 3369 Alii
315 3343 362 3371 καὶ
378 3343 412 3371 τὸ
428 3343 471 3380 μὴ
491 3340 581 3376 δόξαι.
598 3335 713 3378 [Paulo
731 3342 807 3367 ante
824 3340 858 3368 εῖν
875 3331 967 3366 abest
983 3344 1001 3364 a
1015 3332 1116 3366 Savil.
1137 3342 1168 3366 et
