2481 3678
257 179 344 223 282
706 191 743 220 s.

252 284 339 324 rent,
354 288 460 325 quam
474 287 584 324 usque
598 273 686 311 adeo
699 272 978 320 contemnebant,
994 280 1030 308 ut
1044 271 1234 307 humanam

253 338 321 391 ipsi
344 333 581 374 anteferrent?
607 335 797 384 Postquam
828 340 946 369 autem
973 331 1114 368 dixerat
1141 329 1235 381 ipsos

253 399 478 438 dilectionem
498 397 563 436 Dei
584 410 652 435 non
668 395 812 443 habere,
836 402 869 430 et
891 392 1027 444 duplici
1040 391 1174 429 ratione
1198 390 1236 428 111

225 455 228 458 ’
255 461 479 513 probaverat,
497 469 574 498 tum
594 472 655 510 per
673 471 711 493 ea
732 469 808 505 quae
824 455 860 492 in
888 467 923 491 se
941 453 1046 500 facta,
1071 461 1148 489 tum
1175 465 1238 503 per

80 2718 260 2747 Deue.13.1.

255 537 294 560 ea
316 535 393 572 quse
420 520 457 557 in
485 517 702 556 Antichristo
732 517 848 552 futura
870 522 969 551 crant
983 542 994 562 ,
1022 512 1237 564 insuperque

255 583 385 621 elarius
403 582 716 624 demonstraverat,
733 590 805 613 esse
827 575 908 612 illos
931 572 1027 611 omni
1051 572 1154 611 venia
1180 572 1236 609 in-

256 644 383 694 dignos
402 657 408 677 :
433 641 484 678 sic
507 639 586 676 illos
601 635 805 687 redarguit,
827 637 976 686 Moysen
999 642 1239 670 accusatorem
1264 637 1286 667 B

255 703 435 740 adducens
454 716 461 736 :
484 699 546 736 45.
566 698 698 736 Nolite
713 704 851 747 putare
873 694 977 747 quod
994 707 1061 745 ego
1081 706 1239 730 accusa-

259 773 364 801 turus
383 764 456 799 sim
485 773 549 797 vos
569 759 673 810 apud
695 758 855 795 Patrem
874 771 884 791 :
909 763 963 793 est
991 757 1057 808 qui
1083 762 1241 791 accusat

258 837 329 860 ‘vos
349 824 520 869 flloyses,
539 823 580 857 in
601 832 675 870 quo
692 831 762 855 vos
779 819 972 869 sperastis.
991 816 1055 853 46.
1080 814 1120 852 Si
1140 816 1242 851 enim

258 885 460 921 crederetis
481 882 636 929 Moysi,
660 879 860 916 crederetis
869 878 1048 929 forsitan
1063 884 1100 913 et
1120 875 1237 912 mihi.-

259 946 306 982 de
331 958 390 981 me
413 946 514 980 enim
544 942 799 992 illescripsil.
823 939 887 975 47.
913 937 953 975 Si
978 945 1108 974 autem
1136 935 1242 972 illius

260 1006 382 1042 literis
401 1018 477 1042 non
495 1003 660 1050 creditis,
675 1000 863 1053 quomodo
877 1000 970 1036 meis
981 998 1141 1034 credetis
1156 1009 1243 1032 ver-

262 1068 319 1103 his
334 1070 350 1101 ἓ)
370 1065 445 1102 Hoc
475 1073 549 1111 est,
573 1065 660 1099 Ante
683 1075 738 1097 1110
763 1060 824 1096 1110
852 1057 1065 1095 contumelia
1087 1055 1245 1092 afficitur

260 1127 295 1163 in
327 1125 370 1161 iis
390 1138 466 1174 qua,-
494 1132 613 1160 contra
634 1135 690 1158 me
711 1118 839 1157 facitis.
863 1116 985 1168 Moysi
1010 1115 1105 1153 enim
1132 1114 1245 1164 magis

261 1186 370 1223 fidem
400 1184 565 1234 negastis,
587 1195 694 1232 quam
720 1178 820 1216 mihi.
842 1177 937 1216 Vide
963 1174 1141 1226 quomodo
1165 1174 1247 1211 illos

263 1245 420 1295 undique
453 1243 549 1281 0111111
580 1238 796 1278 intercludat
822 1236 1035 1275 defensione.
1065 1236 1162 1273 Dum
1192 1249 1248 1273 me

263 1302 583 1358 persequeremini,
613 1303 729 1338 Deum
768 1312 833 1338 vos
864 1297 1014 1348 diligere
1044 1296 1247 1334 dicebatis:

263 1367 400 1405 ostendi
427 1379 491 1404 vos
517 1364 585 1401 hoc
612 1361 708 1399 1111115
730 1360 814 1398 01110
845 1360 969 1396 facere.
1000 1359 1061 1395 Me
1079 1357 1251 1395 accusatis
1274 1355 1296 1384 C

264 1428 361 1478 quod
394 1426 582 1465 sabbatum
610 1423 745 1462 solvam
774 1430 808 1458 et
839 1420 953 1471 legem
983 1418 1249 1469 transgrediar:

264 1489 309 1526 110
326 1489 393 1526 hac
408 1485 629 1524 accusatione
649 1497 704 1520 me
728 1480 891 1534 purgavi.
911 1478 1107 1516 Affirmatis
1125 1492 1189 1516 vos
1209 1478 1252 1515 si-

265 1550 347 1587 110111
380 1562 460 1600 erga
479 1549 629 1597 Moysen
651 1542 809 1596 profiteri
825 1555 886 1593 per
904 1555 943 1578 ea
960 1554 1038 1590 quae
1059 1548 1177 1577 contra
1198 1553 1253 1576 me

265 1610 403 1648 audetis
421 1625 428 1645 :
452 1607 596 1645 ostendo
625 1619 689 1656 ego
712 1603 802 1641 illud
818 1602 973 1639 maxime
996 1615 1069 1639 0550
1090 1614 1160 1637 11011
1181 1614 1253 1637 cre-

266 1673 350 1709 11010
363 1670 496 1723 Moysi.
513 1670 669 1706 Tantum
684 1666 777 1703 enim
790 1665 888 1702 abest
903 1671 942 1700 ut
957 1662 1026 1714 legi
1047 1675 1252 1714 repugnem,

269 1744 307 1771 ut
338 1734 366 1770 is
392 1732 452 1782 qui
478 1744 542 1768 vos
576 1737 802 1766 accusaturus
833 1733 884 1762 est
914 1723 1033 1761 nullus
1064 1722 1154 1760 alius
1184 1722 1252 1769 sit,

268 1808 375 1846 quam
398 1794 426 1830 is
446 1791 507 1842 qui
523 1792 635 1841 legem
652 1788 753 1827 vobis
774 1785 886 1823 dedit.
902 1786 951 1822 Ut
969 1784 1078 1835 igitur
1097 1783 1141 1820 110
1157 1783 1253 1820 Scri-

270 1855 384 1907 pturis
405 1853 568 1901 dicebat,
588 1853 637 1887 In
657 1850 794 1901 quibus
811 1848 958 1898 putatis
988 1848 1114 1882 vitam
1145 1853 1254 1881 ceter·—

271 1930 362 1953 nam
393 1916 562 1960 lzabere;
591 1912 637 1948 ita
665 1909 709 1947 de
737 1909 863 1959 Moyse
888 1905 960 1943 ait:
993 1908 1043 1942 In
1075 1918 1150 1957 quo
1183 1919 1254 1943 vos

268 1978 462 2027 sperastis,
481 1988 525 2011 ex
541 1972 614 2011 suis
635 1985 691 2009 eos
711 1967 931 2007 sermonibus
944 1966 1086 2018 capiens
1105 1965 1250 2016 ubique.

268 2037 316 2074 Et
335 2036 428 2073 unde
449 2034 640 2082 discemus,
658 2029 818 2081 inquient
835 2026 965 2076 Judaei,
984 2027 1133 2078 Moysen
1149 2040 1253 2064 accu-

268 2107 427 2135 saturum
451 2109 524 2133 esse
539 2124 548 2142 ,
578 2107 618 2131 ae
646 2101 679 2130 te
698 2104 767 2129 non
789 2089 827 2127 id
850 2102 939 2128 vane
953 2087 1142 2139 jactitare?
1169 2087 1257 2138 quid

268 2158 363 2195 enim
391 2156 455 2194 tibi
483 2170 565 2193 cum
591 2154 719 2204 Moyse
735 2147 1158 2189 00111mune2³Sabbatum
1183 2147 1255 2185 sol-

270 2218 369 2268 visti,
387 2216 482 2269 quod
500 2215 607 2268 jussit
628 2214 688 2251 ille
707 2210 920 2251 servandum
941 2225 948 2245 :
975 2207 1152 2259 quomodo
1172 2222 1257 2260 ergo

271 2280 330 2317 ille
346 2293 407 2316 nos
427 2274 672 2315 accusaverit?
693 2273 740 2310 Et
759 2269 937 2323 quomodo
957 2268 1186 2321 probabitur,
1206 2268 1259 2306 in-

270 2340 381 2391 quies,
398 2352 461 2376 nos
480 2337 517 2375 in
539 2336 651 2373 alium
668 2333 729 2386 qui
749 2333 785 2370 in
805 2345 868 2369 suo
896 2329 1036 2368 nomine
1051 2329 1171 2368 veniat
1186 2343 1260 2367 esse

271 2399 496 2440 credituros?
525 2398 609 2435 Haec
633 2396 766 2447 quippe
786 2392 905 2432 omnia
924 2391 1023 2430 nullo
1050 2400 1134 2428 teste
1152 2390 1257 2428 dicis.

274 2462 380 2513 Atqui
412 2462 488 2499 hzec
521 2458 639 2498 omnia
678 2470 724 2494 ex
760 2453 1001 2507 superioribus
1044 2452 1257 2503 probantur.

275 2522 426 2569 Quando
445 2522 539 2558 enim
566 2534 611 2558 ex
630 2517 814 2570 operibus,
839 2529 885 2552 ex
912 2513 1059 2553 Joannis
1078 2526 1162 2551 voce
1177 2543 1187 2562 ,
1217 2526 1260 2550 ex

276 2583 391 2620 Patris
410 2581 608 2620 testimonio
628 2580 664 2616 in
684 2578 838 2616 confesso
859 2574 964 2613 fuerit
984 2587 1039 2611 me
1058 2587 1078 2611 a
1097 2574 1173 2611 Deo
1199 2587 1260 2612 ve-

276 2644 367 2682 nisse
381 2674 390 2689 ,
410 2643 528 2694 palam
549 2650 639 2679 certe
658 2649 709 2678 est
726 2640 878 2690 Moysen
898 2636 993 2688 ipsos
1011 2644 1263 2672 accusaturum

277 2718 363 2743 0550.
386 2702 484 2749 Quid
504 2703 598 2740 enim
625 2701 685 2738 1110
713 2698 838 2737 dixit?
871 2710 1000 2745 annon,
1020 2695 1117 2746 quod
1136 2696 1165 2734 si
1184 2696 1264 2747 quis

277 2765 378 2816 signa
393 2763 523 2801 faciens
542 2761 691 2811 venerit,
707 2760 767 2811 qui
787 2758 833 2796 ad
849 2759 966 2795 Deum
988 2756 1109 2805 ducat,
1129 2757 1264 2794 futura-

278 2840 345 2877 que
365 2838 447 2864 vere
464 2822 680 2875 pronuntiet,
699 2820 765 2872 ipsi
784 2818 923 2857 credere
936 2817 1122 2869 oporteat?
1139 2819 1263 2855 Annon

279 2887 442 2925 Christus
457 2885 535 2922 haec
554 2883 670 2921 omnia
698 2881 803 2918 fecit?
821 2880 929 2930 Signa
954 2893 1035 2916 cum
1054 2879 1149 2916 omni
1169 2878 1264 2917 veri*

281 2958 350 2987 tate
371 2946 507 2994 edidit,
527 2957 647 2982 omnes
662 2941 772 2979 traxit
790 2941 834 2978 ad
854 2943 969 2977 Deum
983 2969 994 2989 ,
1017 2939 1265 2991 praedictiones

279 3024 324 3047 ex
340 3021 458 3046 rerum
474 3013 599 3043 eventu
618 3002 777 3040 asseruit:
799 3002 843 3037 At
867 3000 959 3037 1111110
979 3000 1150 3050 probatur
1169 2999 1265 3051 ipsos

281 3069 381 3108 alteri
400 3066 593 3105 credituros
611 3062 708 3100 esse?
730 3061 788 3098 Ex
804 3075 843 3098 eo
861 3061 957 3110 quod
983 3062 1166 3099 Christum
1183 3064 1265 3101 ode-

283 3131 364 3168 rint.
387 3130 477 3167 Nam
498 3126 557 3177 qui
586 3138 681 3172 eum,
701 3121 761 3173 qui
788 3135 831 3158 cx
850 3120 915 3158 Dei
946 3122 1126 3159 voluntate
1143 3124 1241 3162 venit
1255 3155 1265 3173 7

329 3262 344 3284 11
369 3260 482 3292 Mon-cl.
502 3263 658 3302 ἐσομένων,
673 3261 717 3290 ε”τι
733 3270 765 3289 τε
782 3257 928 3297 διελέγξας
945 3256 1073 3298 σφοδρῶς
1089 3258 1145 3287 ὅτι.

330 3324 341 3336 0
366 3312 481 3345 Morcl.
495 3319 615 3347 ποιεῖτε.
627 3315 821 3353 κατηγορεῖτε
838 3311 912 3342 λύειν
930 3312 978 3340 τὸν
995 3314 1082 3350 νόμον
1095 3323 1101 3340 1
1116 3308 1199 3340 ἁπεὸ,
1216 3305 1291 3336 Mox

287 3377 345 3407 pro
359 3368 580 3409 διισχυρίζεσθε,
594 3362 648 3395 alii
661 3365 851 3404 ὑπισχνεῖσθε.

783 190 960 220 ,ΙυΑΝΝΙὸ
997 187 1234 219 CERYSOST.
1282 185 1481 232 Atinium).
1521 184 1868 214 CONSTAN‘HNOP.

1309 266 1394 319 ὑπὲρ
1410 268 1514 312 αὐτῆς
1534 264 1761 316 ἀναδέχεσθαι
1779 265 1947 311 τοσαύτην
1970 265 2170 316 ἀπέχθειαν,
2186 259 2226 310 ἧς
2242 264 2331 303 οὕτω

1309 325 1550 379 κατεφρόνουν,
1570 325 1660 362 ὥστε
1682 325 1741 362 καὶ
1761 325 1979 377 ἀνθρωπίνην
2005 328 2110 372 αὐτῆς
2134 332 2333 378 προτιμᾷν,

1311 386 1428 425 Εἰπὼν
1450 385 1484 425 δὲ
1511 386 1564 424 ὅτι
1591 385 1653 432 τὴν
1675 384 1814 436 ἀγάπην
1835 391 1895 425 τοῦ
1916 388 2006 425 Θεοῦ
2028 387 2090 424 οὐκ
2109 385 2248 437 ἔχουσι,
2274 385 2334 422 καὶ

1309 447 1490 491 ἀποδείξας
1509 451 1608 485 τοῦτο
1629 444 1685 483 διὰ
1704 445 1833 483 τούτων
1856 446 2041 499 ἑκατέρων,
2069 446 2126 484 διά
2140 462 2177 483 τε
2197 448 2265 483 τῶν
2287 447 2334 488 εἰς

1309 509 1410 547 αὐτὸν
1426 507 1627 560 γινομένων,
1643 506 1703 544 καὶ
1718 505 1775 543 διὰ
1787 509 1854 544 τῶν
1871 508 1918 550 εἷς
1930 506 1987 544 τὸν
2005 505 2222 559 ἀντίχριστον
2238 504 2336 544 ι’ἐσο-

1312 569 1436 620 μένων,
1458 569 1517 607 καὶ
1539 567 1711 619 διελέγξας
1731 569 1849 618 σαφῶς
1867 566 1920 605 ὅτι
1945 566 2060 613 πάσης
2085 566 2169 604 εἰσὶν
2192 569 2337 604 ἀπεστε-

1313 630 1453 683 ρημένοι
1476 627 1703 681 συγγνώμης,
1726 627 1833 670 οὕτως
1863 628 1978 670 αὐτοῖς
2001 627 2161 678 ἐφίστησι
2193 625 2254 663 καὶ
2279 625 2336 663 τὸν

1311 690 1464 729 Μωϋσέα
1490 689 1680 741 κατήγορον
1701 687 1854 739 ἐπάγων,
1882 687 1941 725 καὶ
1969 687 2100 738 λέγων·
2122 685 2184 732 Μὴ
2207 687 2339 723 δοκεῖτε

1311 750 1363 788 ὅτι
1383 750 1451 802 ἐγὼ
1474 749 1705 802 κατηγορήσω
1732 751 1826 799 ὑμῶν
1849 748 1936 801 πρὸς
1951 748 2009 786 τὸν
2030 746 2193 800 Πατέρα·
2214 746 2304 785 ἔστιν
2323 748 2340 782 ὃ

1312 813 1514 863 κατηγορῶν
1533 813 1629 860 ὑμῶν
1653 811 1806 854 Μωῦσῆς
1818 838 1828 856 ,
1849 811 1895 851 εἷς
1917 808 1952 846 ὃν
1970 810 2068 859 ὑμεῖς
2087 807 2275 853 ἠλπίκατε.
2293 807 2337 844 Εἰ

1312 871 1380 925 γὰρ
1413 870 1609 910 ἐπιστεύετε
1644 872 1804 917 Μωϋσεῖ,
1837 868 2036 907 ἐπιστεύετε
2067 868 2106 906 ἂν
2138 867 2234 919 ἐμοί·
2260 867 2341 920 περὶ

1314 937 1397 984 ἐμοῦ
1423 932 1490 985 γὰρ
1519 935 1644 975 ἐκεῖνος
1664 932 1825 984 ἔγραψεν.
1852 932 1896 969 Εἰ
1916 930 1951 969 δὲ
1970 937 2041 974 τοῖς
2062 930 2191 969 ἐκείνου
2220 929 2340 981 γράμ-

1316 1009 1422 1045 μασιν
1439 996 1477 1031 οὐ
1491 992 1668 1031 πιστεύετε
1682 1023 1691 1040 ,
1707 995 1781 1035 πῶς
1795 998 1864 1035 τοῖς
1877 995 1972 1042 ἐμοῖς
1989 992 2122 1044 ῥήμασι
2139 990 2339 1036 πιστεύετε;

1315 1054 1364 1091 ιῸ
1385 1052 1420 1091 δὲ
1438 1053 1553 1104 λέγει,
1569 1052 1721 1091 τοιοῦτόν
1739 1055 1812 1091 ἐστι
1829 1068 1836 1076 ·
1859 1053 1926 1105 πρὸ
1948 1055 2032 1103 ἐμοῦ
2062 1051 2187 1096 ἐκεῖνός
2216 1054 2307 1090 ἐστιν
2325 1055 2342 1089 ὃ

1316 1113 1523 1166 ὓὸρισμένος
1550 1115 1583 1150 ἐν
1599 1119 1669 1156 τοῖς
1691 1115 1737 1156 εἷς
1762 1113 1835 1164 ἐμέ.
1865 1115 2008 1151 Μωῦσεῖ
2026 1113 2094 1165 γὰρ
2116 1115 2245 1163 μᾶλλον
2260 1115 2343 1158 ἠπι-

1318 1171 1505 1220 στήσατεῆ
1526 1171 1615 1223 ἐμοί.
1635 1170 1732 1224 εὈρα
1752 1176 1825 1216 πῶς
1844 1174 2062 1224 πανταχόθεν
2088 1173 2204 1219 πάσης
2224 1172 2344 1216 αὐτοὺς

1318 1234 1476 1278 ἐξέὸαλεν
1500 1232 1699 1284 ἀπολογίας.
1721 1233 1810 1271 Θεὸν
1834 1233 1968 1284 ἐλέγετε
1987 1236 2126 1284 ἀγαπᾷν
2151 1235 2185 1270 ἐν
2200 1236 2250 1285 τῷ
2268 1231 2349 1270 διώ-

1319 1311 1390 1334 κειν
1420 1311 1486 1346 με,
1516 1293 1641 1346 φησίν·
1676 1292 1788 1337 ἔδειξα
1821 1292 1876 1332 ὅτι
1909 1298 2087 1344 μισοῦντες
2121 1293 2222 1331 αὐτὸν
2251 1297 2352 1331 τοῦτο

1319 1360 1332 1376 ⁰
1345 1362 1488 1394 ποιεῖτε.
1504 1355 1632 1405 Λέγετε
1651 1353 1745 1392 λύειν
1768 1370 1811 1404 με
1825 1354 1865 1391 τὸ
1885 1354 2074 1402 σάὸὃατον,
2089 1354 2150 1392 καὶ
2162 1353 2351 1407 παραλύειν

1319 1417 1378 1455 τὸν
1405 1417 1531 1468 νόμον·
1560 1414 1787 1465 ἀπεδυσάμην
1811 1415 1872 1452 καὶ
1894 1415 2022 1462 ταύτην
2041 1415 2104 1461 τὴν
2126 1415 2352 1468 κατηγορίαν.

1321 1477 1586 1530 Διισχυρίζεσθε
1606 1477 1749 1513 Μωϋσεὶ
1767 1475 1939 1513 πιστεύειν
1959 1476 2000 1513 δι’
2022 1470 2069 1513 ὧν
2085 1478 2162 1514 κατ’
2179 1479 2262 1526 ἐμοῦ
2276 1477 2353 1513 τολ-

1324 1544 1412 1589 μᾶτε
1428 1553 1435 1560 ·
1454 1537 1611 1587 δείκνυμι
1627 1536 1732 1574 πάλιν
1754 1534 1807 1574 ὅτι
1829 1539 1930 1574 τοῦτο
1949 1535 2010 1586 μὲν
2034 1530 2089 1574 οὖν
2109 1539 2182 1574 ἐστι
2200 1536 2353 1587 μάλιστα

1324 1597 1372 1648 μὴ
1395 1597 1568 1635 πιστεύειν
1590 1598 1639 1648 τῷ
1660 1597 1814 1634 Μωῦσεῐ.
1837 1596 2002 1647 Τοσούτῳ
2019 1596 2087 1649 γὰρ
2107 1597 2173 1635 δέω
2200 1596 2234 1640 ἐξ
2252 1599 2353 1634 ἐναν-

1321 1659 1398 1702 τίας
1417 1658 1513 1704 ἥκειν
1531 1660 1580 1709 τῷ
1599 1656 1713 1709 νόμῳ,
1738 1656 1790 1694 ὅτι
1805 1655 1881 1694 οὐδὲ
1901 1656 1992 1695 ἔστιν
2012 1658 2114 1701 ἄλλος
2132 1674 2185 1700 τις
2204 1661 2221 1695 ὁ
2240 1673 2353 1703 κατη-

1323 1719 1480 1771 γορήσων
1503 1721 1612 1768 ὑμῶν,
1633 1719 1708 1755 ἀλλ’
1738 1715 1760 1761 ἢ
1791 1717 1890 1760 αὐτὸς
1911 1719 1928 1754 ὁ
1950 1717 2007 1755 τὸν
2025 1717 2129 1768 νόμον
2147 1721 2227 1768 ὑμῖν
2246 1718 2353 1755 δεδω-

1324 1780 1404 1823 κώς.
1421 1779 1561 1831 “stoa-sp
1590 1772 1659 1839 035)-
1669 1777 1750 1830 περὶ
1779 1780 1846 1815 τῶν
1876 1778 1904 1815 Γ
1910 1780 2026 1829 ραφῶν
2049 1778 2185 1829 ἔλεγεν·
2217 1778 2278 1817 Ἐν
2300 1773 2353 1822 αἷς

1325 1844 1455 1880 δοκεῖτε
1475 1840 1565 1886 ζωὴν
1588 1838 1723 1877 αἰώνιον
1745 1838 1853 1890 ἔχειν·
1875 1837 1964 1876 οὕτω
1991 1838 2051 1876 καὶ
2073 1839 2154 1891 περὶ
2174 1839 2354 1883 Μωῦσέως

1324 1903 1440 1953 φησὶν,
1456 1903 1518 1944 Εἷς
1537 1895 1572 1937 Ιὃν
1590 1903 1686 1950 ὑμεῖς
1698 1898 1890 1946 ἠλπίκατε,
1902 1898 1972 1936 ἀπὸ
1989 1902 2058 1937 τῶν
2077 1899 2212 1938 οἰκείων
2233 1898 2355 1943 αὐτοὺς

1324 1961 1547 2013 χειρούμενος
1574 1964 1765 2012 πανταχοῦ.
1789 1959 1859 1997 Καὶ
1889 1959 1992 1998 πόθεν
2015 1961 2130 2008 δῆλον,
2157 1960 2273 2012 φησὶν,
2300 1960 2353 1998 ὅτι

1328 2021 1564 2074 κατηγορήσει
1587 2023 1755 2067 Μωυσῆς,
1778 2020 1838 2057 καὶ
1853 2022 1889 2058 οὐ
1917 2020 2129 2071 κομπάζεις,
2156 2021 2190 2058 τί
2214 2021 2282 2073 γάρ
2303 2036 2355 2058 σοι

1372 2083 1380 2096 x
1472 2089 1486 2094 ..
1532 2088 1543 2093 -
1646 2080 1654 2094 t
1686 2096 1693 2103 “
1708 2083 1716 2093 v
1734 2081 1753 2093 n
1810 2081 1818 2094 s
1833 2085 1843 2092 a
1857 2084 1868 2092 A
1967 2081 1981 2095 a!
2132 2081 2148 2098 (Ι
2234 2084 2244 2096 5
2271 2087 2300 2104 ,-

1282 2093 1305 2122 D
1327 2099 1385 2120 και
1401 2085 1543 2120 Μωυσει
1560 2097 1672 2120 κοινον
1686 2110 1694 2129 ,
1718 2082 1761 2119 10
1775 2081 1951 2119 σαίὸατον
1964 2082 2088 2125 ελυσας
2100 2112 2110 2130 ,
2128 2098 2214 2133 οπερ
2229 2098 2355 2125 εκεινος

1328 2143 1553 2194 ἐνομοθέτησε
1575 2149 1731 2195 κρατεῖν·
1753 2145 1827 2185 πῶς
1854 2135 1912 2180 οὖν
1931 2145 2032 2193 ἡμῶν
2053 2145 2178 2187 ἐκεῖνος
2203 2159 2356 2194 κατηγο-

1332 2206 1468 2258 ρήσειε;
1488 2203 1599 2242 Πόθεν
1617 2202 1653 2241 δὲ
1682 2205 1783 2249 δῆλον
1804 2202 1857 2241 ὅτι
1878 2203 1938 2240 καὶ
1957 2202 2030 2246 deig
2049 2203 2152 2241 ἄλλον
2170 2203 2356 2241 πιστεύσο-

1331 2282 1392 2317 μεν
1406 2265 1462 2303 τὸν
1480 2264 1555 2316 ἰδίῳ
1572 2263 1716 2314 ὀνόματι
1731 2262 1873 2310 {stov-rm
1887 2265 2011 2301 Ταῦτα
2027 2262 2094 2315 γὰρ
2109 2264 2225 2301 πάντα
2242 2263 2355 2315 ἀμάρ-

1329 2344 1415 2380 τυρα
1438 2326 1558 2378 λέγεις.
1581 2326 1651 2363 Καὶ
1675 2325 1742 2375 μὴν
1769 2326 1907 2363 ἅπαντα
1926 2330 2035 2363 ταῦτα
2056 2326 2184 2363 ἄνωθεν
2206 2325 2277 2377 ἔχει
2292 2326 2355 2372 τὴν

1330 2387 1562 2433 κατασκευήν.
1592 2385 1706 2424 εΌταν
1736 2386 1804 2438 γὰρ
1833 2388 2032 2437 ὁμολογηθῇ
2048 2416 2058 2433 ,
2089 2385 2142 2424 ὅτι
2170 2385 2267 2438 παρὰ
2298 2391 2358 2424 τοῦ

1330 2452 1421 2488 Θεοῦ
1440 2443 1542 2494 ἦλθον
1565 2447 1634 2485 ἀπὸ
1652 2450 1719 2484 τῶν
1743 2447 1864 2498 ἔργων,
1883 2446 1951 2484 ἀπὸ
1972 2450 2034 2492 τῆς
2051 2450 2166 2498 φωνῆς
2183 2446 2357 2493 Ἰωάννου,

1333 2510 1401 2550 ἀπὸ
1422 2513 1483 2555 τῆς
1504 2507 1694 2560 μαρτυρίας
1712 2512 1772 2545 τοῦ
1793 2507 1952 2559 Πατρὸς,
1973 2506 2113 2554 εὔδηλον
2132 2507 2184 2545 ὅτι
2205 2509 2357 2554 Μωῦσῆς

1333 2573 1444 2610 αὐτῶν
1465 2568 1709 2620 κατηγορήσει.
1728 2567 1775 2606 Τί
1790 2568 1857 2621 γὰρ
1873 2571 1999 2610 ἐκεῖνος
2019 2562 2134 2616 εἶπενς
2151 2563 2204 2621 ἆρ’
2224 2571 2287 2621 οὐχ
2306 2569 2359 2606 ὅτι

1334 2630 1391 2669 ἐὰν
1419 2628 1500 2680 ἔλθῃ
1529 2644 1580 2671 τις
1607 2633 1736 2678 σημεῖα
1751 2630 1872 2674 ποιῶν,
1889 2626 1948 2664 καὶ
1963 2627 2048 2678 πρὸς
2067 2627 2123 2664 τὸν
2145 2627 2233 2665 Θεὸν
2252 2628 2358 2678 ἄγων,

1333 2692 1392 2730 καὶ
1407 2690 1451 2729 τὰ
1472 2689 1640 2740 μέλλοντα
1657 2687 1834 2740 προλέγων
1857 2687 1944 2738 μετὰ
1965 2686 2127 2733 ἀληθείας
2142 2717 2151 2734 ,
2174 2687 2262 2737 μετὰ
2283 2688 2357 2726 πά-

1335 2769 1396 2799 σης
1423 2748 1606 2789 ὑπακούειν
1628 2751 1720 2800 αὐτῷ
1738 2748 1808 2800 χρὴ
1830 2750 1892 2793 τῆς
1909 2751 2062 2794 πειθοῦς;
2080 2746 2124 2785 ‘O
2144 2747 2254 2785 τοίνυν
2273 2749 2358 2800 Χρι-

1335 2814 1412 2856 στὸς
1440 2811 1488 2862 μὴ
1512 2812 1549 2848 οὐ
1576 2809 1692 2847 πάντα
1712 2813 1821 2846 ταῦτα
1841 2807 2030 2854 πεποίηκε,
2051 2808 2120 2845 Καὶ
2139 2807 2206 2861 γὰρ
2230 2815 2359 2859 σημεῖα

1336 2873 1520 2927 εἰργάσατο
1555 2869 1643 2920 μετὰ
1678 2868 1839 2915 ἀληθείας
1872 2867 2034 2918 ἁπάσης,
2065 2868 2124 2905 καὶ
2154 2868 2239 2921 πρὸς
2269 2870 2358 2908 Θεὸν

1336 2937 1491 2976 ἅπαντας
1508 2926 1623 2968 ρεῖλκε
1633 2960 1642 2978 ,
1654 2929 1714 2967 καὶ
1730 2935 1804 2972 ταῖς
1825 2928 2036 2980 προρρήσεσι
2055 2929 2094 2966 τὸ
2109 2929 2204 2973 τέλος
2226 2931 2358 2981 ἐπήγα-

1337 3014 1405 3047 γεν.
1423 2993 1529 3034 Ἀλλὰ
1553 2992 1655 3030 πόθεν
1684 2992 1784 3036 δῆλον
1810 2990 1863 3028 ὅτι
1892 2990 1998 3043 ἑτέρῳ
2017 2990 2275 3038 πιστεύσουσιν;
2295 2993 2360 3030 Ἐκ

1337 3063 1396 3096 τοῦ
1412 3057 1468 3095 τὸν
1484 3054 1633 3107 Χριστὸν
1656 3059 1780 3102 μισεῖν.
1796 3054 1842 3090 Οἱ
1858 3050 1925 3103 γὰρ
1944 3051 2000 3088 τὸν
2018 3050 2106 3101 μετὰ
2120 3055 2181 3097 τῆς
2195 3056 2254 3090 τοῦ
2269 3054 2360 3090 Θεοῦ

1338 3119 1479 3169 γνώμης
1498 3116 1629 3161 ἥκοντα
1648 3111 1964 3165 ἀποστρεφόμενοι,
1990 3113 2129 3159 εὔδηλον
2151 3113 2203 3152 ὅτι
2224 3113 2282 3151 καὶ
2304 3114 2360 3151 τὸν

1402 3250 1417 3274 (Ῑ
1443 3247 1558 3281 Morel.
1579 3252 1616 3285 εἰς
1631 3251 1746 3280 ἐκεῖνον.

1403 3309 1413 3320 '
1439 3300 1552 3334 Morel.
1572 3301 1664 3333 εἷλκεν
1686 3302 1760 3330 ὥστε
1778 3300 1836 3329 καί.
