2522 3683
84 1245 166 1272 Pml.
185 1246 229 1274 18.

265 185 358 230 (382

269 283 352 320 time
381 287 504 329 nupta,
541 274 602 313 sed
629 274 748 312 virum
775 272 866 309 elam
904 269 1048 306 haberet
1074 283 1081 303 :
1122 266 1244 305 existi-

269 333 388 372 mabat
413 339 530 368 autem
561 342 597 365 se
626 325 810 363 Christum
843 323 941 361 velut
970 319 1152 358 hominem
1184 319 1247 357 de-

269 395 461 438 ceptui-am,
488 382 592 431 eique
623 379 764 417 dicebat
788 393 794 413 :
825 376 915 414 Non
951 375 1075 411 habeo
1102 375 1244 411 virum.

270 437 409 476 Deinde
432 435 613 481 Christus,
638 431 701 482 qui
731 429 846 469 cordis
883 427 1022 465 occulta
1051 425 1249 477 cognoscit,

74 506 154 532 Dan.
178 504 223 532 13.
271 492 401 542 quique
417 488 515 527 novit
531 485 647 524 omnia
666 493 853 534 antequam
869 481 966 529 fiant,
986 478 1035 517 ait
1053 478 1108 516 illi
1125 480 1252 516 :Bene

74 545 125 584 42

273 545 419 589 dixisti,
439 543 529 593 quia
551 552 627 576 non
643 539 765 575 haheo
792 538 921 573 virum
935 547 948 569 .·
964 535 1133 585 quinque
1150 533 1252 569 enim

274 601 379 634 viros
399 594 588 635 Izal1uisti;
610 600 645 628 et
666 602 767 627 nuno
797 601 910 640 quem
930 587 1061 632 habes,
1095 598 1173 622 non
1197 591 1251 621 est

275 659 361 687 tuus
386 651 471 684 vir:
497 646 567 682 lzoc
598 657 691 680 vere
725 642 871 678 dixisti.
897 641 1004 678 Dicit
1031 640 1066 676 ei
1085 637 1251 675 mulier.-

75 703 454 763 -lswm-‘wo-Domine,
489 698 602 734 video
637 697 728 748 quia
752 694 940 746 propheta
964 705 1002 729 es
1039 699 1090 728 tu.
1114 691 1253 727 Patres

276 756 395 792 nostri
411 756 452 789 in
480 757 607 787 monte
626 749 697 786 hoc
713 748 988 792 adoraverunt,
1007 752 1041 781 et
1075 756 1148 780 vos
1178 742 1208 780 J
1208 755 1252 779 ιι-

274 809 347 844 doel
374 806 516 849 dicitis,
548 804 640 853 quia
664 800 921 847 Jerosolymis
940 806 995 835 est
1029 797 1149 841 locus,
1191 796 1256 832 ubi

275 861 439 897 adorare
457 863 616 908 oportet.
634 854 750 899 Quem
767 851 909 890 tandem
922 848 1131 903 prophetam
1152 847 1256 896 dicis,

79 923 166 975 12:111.
195 921 239 949 18.
277 911 427 949 mulier?
445 922 569 947 eumne
585 920 690 957 quem
711 905 852 957 scripsit
879 905 1005 951 Moses,
1019 902 1256 952 Prophetam

276 965 477 1003 suscitabit
494 963 604 998 vobis
619 961 810 997 Dominus
830 958 935 995 Deus
952 963 1081 993 ‘vester
1099 954 1146 990 de
1158 954 1254 1005 sra—

278 1020 397 1055 lribus
430 1016 569 1052 vestris
590 1015 687 1050 sieut
709 1025 780 1056 me,
816 1023 860 1047 an
884 1008 997 1046 alium
1020 1004 1257 1056 quempiam?

278 1071 371 1107 hunc
389 1079 426 1107 tu
440 1067 541 1115 dicis,
557 1065 700 1112 mulier,
725 1062 785 1113 qui
812 1060 929 1099 cordis
947 1059 1079 1098 revelat
1095 1056 1257 1094 occulta?

279 1125 367 1160 Nam
392 1135 472 1159 cum
485 1133 547 1156 sua
568 1116 716 1155 revelari
736 1123 879 1167 peecata
899 1112 1059 1159 vidisset⁷
1079 1109 1129 1147 ait
1149 1125 1156 1146 :
1174 1111 1257 1147 Do-

279 1179 394 1220 mine,
418 1174 531 1210 video
545 1172 638 1223 quia
654 1169 842 1220 propheta
855 1179 893 1203 es
914 1174 955 1202 tu
973 1180 982 1199 .·
1001 1162 1098 1214 quod
1112 1160 1261 1213 perinde

279 1237 352 1265 erat
374 1240 415 1264 ac
435 1225 464 1262 si
483 1224 616 1262 diceret
633 1235 715 1263 cum
732 1218 873 1258 Davide
890 1233 896 1254 ι
912 1217 978 1255 Ab
991 1216 1152 1254 occultis
1168 1216 1260 1253 meis

281 1281 426 1318 'nanda
448 1292 520 1315 me.

332 1335 367 1370 5.
390 1332 436 1370 Et
457 1329 600 1368 sedehat
631 1342 714 1365 cum
748 1324 896 1363 muliere
930 1323 1132 1373 colloquens
1154 1322 1262 1359 Deus.

281 1389 311 1423 O
333 1386 505 1436 insignem
531 1377 810 1419 humanitatem!
838 1376 912 1425 Qui
935 1389 1042 1428 super
1067 1374 1264 1412 Cherubim

280 1439 387 1484 sedet,
403 1450 485 1474 cum
507 1435 655 1473 muliere
680 1431 859 1470 meretrice
886 1429 1018 1467 confert
1056 1441 1263 1465 sermonem.

284 1493 400 1529 Video
423 1492 516 1542 quia
542 1489 730 1540 propheta
748 1498 786 1522 es
816 1492 870 1521 tu.
902 1483 1042 1520 Patres
1074 1483 1195 1518 nostri
1222 1482 1264 1516 in

283 1552 410 1581 monte
435 1544 506 1580 hoc
541 1541 863 1584 adorave1·unt,et
893 1548 964 1572 vos
996 1535 1140 1579 dicitis,
1172 1534 1265 1584 quia

282 1596 539 1646 ,lerosolymis
571 1602 625 1631 est
663 1593 782 1638 locus,
817 1590 880 1626 ubi
918 1588 1082 1624 adorare
1106 1593 1264 1637 oportet.

283 1649 457 1687 Meretrix
479 1647 523 1684 de
539 1644 768 1696 dogmatibus
783 1654 979 1680 sermonem
1003 1639 1164 1688 infert,et
1192 1639 1265 1675 Do-

285 1703 422 1740 minum
441 1699 649 1752 prophetam
667 1711 740 1735 esse
763 1693 948 1742 arbitrata,
980 1691 1071 1729 nihil
1100 1691 1266 1729 saeculare

287 1753 478 1807 postulavit
500 1769 507 1788 :
528 1751 723 1789 Dominum
755 1747 910 1785 confessa
940 1753 1005 1795 est,
1040 1753 1074 1782 et
1098 1743 1266 1795 pecunia-

288 1822 366 1845 ruin
385 1806 524 1858 copiam
546 1818 615 1841 non
634 1799 1020 1853 requisivit.Domine‚
1036 1798 1153 1834 video
1174 1799 1266 1849 quia
1302 1808 1311 1816 ¹

283 1861 471 1912 propheta
495 1871 534 1895 es
561 1865 614 1894 tu.
640 1854 835 1893 Dominum
853 1851 1008 1888 confessa
1031 1859 1094 1898 est,
1128 1858 1160 1887 et
1176 1849 1267 1887 nihil

287 1922 412 1965 praeter
429 1920 574 1963 paterna
607 1908 773 1959 dogmata
803 1904 943 1957 petivit.
969 1904 1109 1940 Patres
1145 1904 1267 1940 nostri

288 1970 328 2003 in
347 1974 474 2002 monte
493 1965 564 2000 hoc
579 1962 852 2003 adoraverant,
872 1965 908 1994 et
918 1969 988 1993 vos
1008 1956 1150 2002 dicitis,
1173 1957 1268 2008 quia

288 2018 543 2065 Jerosolnymis
565 2016 670 2051 locus
699 2021 768 2058 est,
809 2012 875 2048 abi
908 2009 1073 2046 adorare
1109 2016 1266 2059 oportet.

290 2071 430 2108 Etenim
465 2069 526 2105 illo
553 2068 587 2104 in
627 2075 745 2104 monte
779 2063 905 2101 Somor
939 2061 1120 2098 Abraham
1150 2060 1268 2098 filium

290 2137 392 2161 suum
407 2124 504 2159 Isaac
522 2122 596 2158 Deo
616 2119 651 2156 in
673 2116 889 2156 sacrificium
904 2113 1033 2152 obtulit
1051 2129 1064 2150 .-
1088 2113 1269 2165 Jerosoly-

291 2177 357 2214 mis
375 2190 458 2214 vero
490 2173 599 2213 Jacob
618 2185 699 2210 cum
727 2171 762 2207 in
789 2166 1046 2220 Mesopotamia
1069 2165 1114 2203 ad
1145 2166 1268 2204 Laban

291 2231 425 2281 Syrum
438 2225 682 2272 descenderet,
695 2223 836 2267 scalam,
849 2235 925 2270 quae
942 2234 962 2257 a
980 2228 1073 2256 terra
1093 2219 1127 2255 in
1143 2219 1269 2256 eaelum

291 2280 559 2327 extendebatur,
572 2279 607 2315 in
622 2276 754 2315 somnis
768 2273 873 2321 vidit,
895 2282 928 2311 et
949 2286 1031 2309 cum
1051 2273 1126 2308 Deo
1158 2271 1270 2309 lucta-

100 2342 173 2367 cm,
192 2337 276 2378 48-3-
293 2344 348 2373 tus
364 2343 415 2371 est
433 2349 439 2369 :
463 2340 647 2384 propterea
659 2329 821 2367 dicebat:
840 2327 946 2364 Dens
972 2326 1149 2376 apparuit
1176 2326 1273 2361 milri

294 2391 337 2425 in
350 2389 471 2424 Llcza.
491 2385 627 2423 Idcirco
641 2382 769 2419 mulier
781 2380 945 2431 dogmata
959 2376 1114 2427 attingit,
1137 2385 1170 2413 et
1191 2376 1241 2414 ait
1259 2391 1266 2412 :

294 2442 475 2485 Domine,
501 2439 619 2474 video
649 2437 741 2488 quia
767 2433 953 2485 propheta
980 2443 1018 2467 es
1052 2437 1104 2467 tu.
1133 2430 1271 2467 Patres

298 2495 417 2529 nostri
430 2495 470 2528 in
482 2498 610 2528 monte
625 2490 698 2526 hoc
711 2487 971 2524 adoraverunt
992 2491 1028 2519 et
1043 2495 1113 2519 vos
1130 2482 1271 2530 dicitis,

297 2548 388 2597 quia
407 2543 663 2590 Jerosolymis
684 2541 789 2577 locus
807 2546 876 2583 est,
892 2538 957 2574 uhi
984 2535 1150 2572 adorare
1165 2548 1274 2586 opor-

299 2606 363 2634 tet.
384 2598 506 2646 Itaque
524 2594 699 2632 Dominus
714 2606 794 2629 cum
816 2605 854 2628 ea
885 2603 962 2639 quae
983 2587 1130 2625 decebat
1155 2587 1274 2638 ipsum

299 2649 467 2701 sapientia
487 2646 683 2698 respondet.
700 2646 792 2683 Num
808 2642 891 2693 quia
905 2640 1050 2679 Judaeus
1066 2640 1112 2677 ab
1133 2653 1171 2677 ea
1198 2640 1274 2677 exi-

298 2701 520 2747 stimabatur,
551 2701 626 2750 ipsa
656 2711 740 2736 vero
761 2694 981 2735 Samaritana
1013 2701 1098 2740 crat,
1128 2706 1273 2744 respon-

298 2754 381 2791 dere
408 2753 521 2789 noluit
549 2749 826 2799 interrogationi,
848 2756 887 2784 ut
914 2759 1026 2796 neque
1052 2745 1274 2792 mentiretur,

300 2819 414 2856 neque
427 2804 640 2856 asperiorem
654 2799 839 2840 mulierem
853 2798 1022 2838 redderet.
1032 2798 1131 2835 Nihil
1145 2797 1277 2849 quippe

300 2857 399 2896 aliud
420 2856 643 2909 propositum
658 2855 712 2892 illi
728 2855 808 2897 suit,
827 2853 894 2891 nisi
917 2860 955 2888 ut
971 2850 1157 2888 mulierem
1171 2865 1277 2887 vena-

301 2920 408 2955 retur,
440 2919 473 2946 (ει
494 2909 541 2946 nd
572 2907 694 2945 salutis
724 2907 820 2945 viam
850 2904 1069 2943 traduceret:
1093 2913 1278 2955 propterea

302 2963 394 3001 nihil
410 2961 569 3013 asperius
582 2959 678 3011 apud
700 2974 775 2996 ean]
796 2959 1104 3010 proloquutuscst‚
1117 2965 1156 2992 ut
1167 2970 1278 3006 neque

303 3015 525 3062 mentiretur,
538 3026 648 3062 neque
666 3011 894 3049 Samaritanae
910 3009 1079 3061 pudorem
1096 3008 1278 3046 incuteret.

304 3069 342 3106 Si
356 3068 449 3105 enim
466 3066 617 3104 dixisset
642 3064 691 3100 illi
712 3063 943 3113 Jerosolyniis
978 3062 1094 3098 lucum
1114 3075 1199 3109 esse,
1220 3061 1280 3098 ubi

306 3121 451 3158 adorare
469 3126 616 3170 oportet,
637 3116 727 3153 sicut
747 3117 859 3151 Moses
874 3114 956 3150 filiis
968 3114 1075 3149 lsrael
1103 3113 1280 3164 przeeepit,

307 3175 420 3225 ipsam
440 3177 699 3222 exasperasset:
728 3167 895 3218 quoniam
911 3175 1024 3208 vetus,
1051 3175 1089 3201 ut
1109 3165 1281 3213 diximus,

308 3227 419 3277 ipsam
442 3225 560 3276 opinio
592 3227 899 3274 praeoccupavcrat
919 3218 962 3254 de
1001 3226 1117 3253 monte
1151 3218 1213 3254 illo
1248 3219 1282 3255 in

1227 186 1402 216 SPURiA.

1319 266 1413 317 λέγει
1438 264 1523 314 αὐτῇ
1541 278 1548 285 ·
1569 263 1694 304 Καλῶς
1714 255 1830 308 εἶπας,
1850 260 1903 298 ὅτι
1922 261 2031 312 ἄνδρα
2050 261 2110 298 οὐκ
2126 259 2216 311 ἔχω·
2237 258 2336 296 πέντε

1319 318 1388 371 γὰρ
1416 317 1542 368 ἄνδρας
1571 314 1689 366 ἔσχες,
1720 314 1780 352 καὶ
1808 318 1865 352 νῦν
1895 313 1931 351 ὃν
1962 313 2072 364 ἔχεις,
2095 314 2157 350 οὐκ
2177 311 2250 349 ἔστι
2278 325 2338 348 σου

1323 370 1431 422 ἀνήρ·
1462 373 1562 407 τοῦτο
1590 365 1716 413 ἀληθὲς
1745 365 1917 421 εἴρηκας.Ν
1931 365 2035 416 Λέγει
2069 367 2163 416 αὐτῷ
2189 367 2210 410 ἡ
2235 364 2339 415 γυνή·

1324 423 1450 475 Κύριε,
1466 423 1583 473 θεωρῶ
1595 451 1604 468 ,
1620 419 1673 458 ὅτι
1691 419 1871 471 προφήτης
1888 423 1916 456 εἰ
1936 418 1990 458 σύ.
2009 421 2055 456 Οἳ
2070 417 2216 469 πατέρες
2240 419 2340 466 ἡμῶν

1325 479 1358 514 ἐν
1378 477 1427 527 τῷ
1447 474 1519 528 ὄρει
1538 473 1648 524 τούτῳ
1671 471 1943 523 προσεκύνησαν,
1963 471 2023 509 καὶ
2042 473 2139 521 ὑμεῖς
2164 468 2199 507 δὲ
2224 468 2342 520 λέγετε

1326 531 1356 567 οἱ
1382 528 1544 566 Ἰουδαῖοι
1559 525 1611 563 ὅτι
1630 528 1664 564 ἐν
1685 525 1936 577 Ἱεροσολύμοις
1955 524 2046 562 ἐστὶν
2067 527 2084 562 ὁ
2100 522 2204 565 τόπος
2219 553 2228 569 ,
2257 521 2343 560 ὅπου

1327 582 1377 619 δεῖ
1391 585 1606 632 προσκυνεῖν.
1626 580 1731 616 Ποῖον
1747 577 1930 629 προφήτην
1943 576 2072 627 λέγεις,
2093 569 2121 613 ῶ
2136 575 2255 626 γύναι;
2273 573 2308 611 ὃν
2327 577 2345 611 ὁ

1328 636 1480 679 Μωῦσῆς
1498 633 1657 686 ἔγραψεν,
1678 631 1729 668 ὅτι
1748 629 1938 682 Προφήτην
1967 631 2047 679 ὑμῖν
2066 628 2252 674 ἀναστήσει
2271 626 2345 664 Κύ-

1330 702 1399 738 ριος
1417 690 1434 724 ὃ
1453 686 1542 729 Θεὸς
1561 687 1658 735 ὑμῶν
1688 687 1727 722 ἐκ
1745 686 1812 721 τῶν
1839 683 1995 734 ἀδελφῶν
2022 683 2117 732 ὑμῶν
2140 683 2186 722 ὡς
2211 679 2271 730 ἐμὲ
2286 710 2295 726 ,
2323 679 2345 725 ἢ

1279 746 1304 776 D
1330 739 1444 791 ἕτερόν
1463 754 1541 776 τινα
1549 755 1559 786 ;
1577 741 1697 776 τοῦτον
1723 736 1763 774 σὺ
1785 735 1897 787 λέγεις
1912 765 1921 782 ,
1945 734 2068 786 γύναι,
2086 733 2144 771 τὸν
2165 731 2347 769 ἀποκαλύ-

1329 808 1461 830 πτοντα
1478 791 1520 829 τὰ
1536 790 1665 842 κρύφια
1694 792 1756 835 τῆς
1775 789 1934 840 καρδίας;
1959 787 2028 826 Καὶ
2043 786 2109 838 γὰρ
2129 785 2191 831 τὴν
2216 783 2349 822 ἀποκά-

1327 847 1427 897 λυψιν
1449 846 1518 882 τῶν
1538 843 1802 896 ἁμαρτημάτων
1819 840 1917 895 παρὰ
1937 844 1996 878 τοῦ
2026 838 2203 877 Δεσπότου
2223 837 2350 875 λαὸοῦ-

1330 913 1375 952 σα
1388 927 1398 944 ,
1413 897 1522 948 λέγει·
1540 896 1665 950 Κύριε,
1682 897 1820 947 θεωρῶ,
1837 893 1888 932 ὅτι
1902 893 2084 945 προφήτης
2099 885 2128 929 εἶ
2147 890 2200 928 σύ.
2214 889 2348 927 Ταῦτὸν

1331 954 1372 996 ἠν
1392 949 1500 995 αὐτὴν
1521 948 1560 986 τὸ
1578 953 1637 986 τοῦ
1659 948 1769 986 Δαυὶδ
1789 950 1916 986 εἰπεῖν·
1937 947 2003 984 Ἐκ
2020 949 2088 983 τῶν
2112 942 2265 996 κρυφίων
2285 957 2350 991 μου

1333 1001 1518 1054 καθάρισόν
1540 1017 1595 1052 με.

1390 1318 1460 1357 Καὶ
1475 1318 1622 1365 ἐκάθητο
1637 1320 1654 1355 ὁ
1670 1316 1760 1360 Θεὸς
1778 1315 1910 1368 ’ὅμιλῶν
1926 1320 1967 1369 τῇ
1986 1316 2135 1367 γυναικί.
2155 1314 2206 1353 Ὢ
2227 1317 2358 1363 πολλῆς

1338 1371 1596 1425 φιλανθρωπίας
1609 1386 1616 1394 ·
1636 1374 1653 1408 ὃ
1674 1371 1867 1420 καθήμενος
1892 1369 1950 1407 ἐπὶ
1968 1370 2026 1407 τὸν
2046 1369 2225 1422 Χερουὸὶμ
2247 1369 2357 1420 πόρνη

1337 1425 1473 1477 γυναικὶ
1493 1423 1699 1476 διαλέγεται.
1720 1425 1872 1474 Θεωρῶ,
1904 1422 1956 1461 ὅτι
1979 1423 2159 1474 προφήτης
2180 1418 2211 1461 εἷ
2227 1422 2281 1460 σύ.
2313 1414 2360 1460 (li,

1338 1477 1484 1529 πατέρες
1508 1479 1608 1527 ἡμῶν
1636 1478 1670 1514 ἐν
1696 1478 1744 1527 τῷ
1770 1476 1842 1529 ὄρει
1863 1475 1972 1530 τούτῳ
2000 1475 2275 1526 προσεκύνησαν,
2301 1475 2360 1512 καὶ

1339 1534 1437 1581 ὑμεῖς
1451 1530 1586 1581 λέγετε,
1601 1528 1654 1568 ὅτι
1674 1532 1707 1567 ἐν
1724 1528 1977 1582 Ἱεροσολύμοις
1994 1528 2084 1566 ἐστὶν
2102 1531 2119 1565 ὁ
2133 1528 2255 1575 τόπος,
2276 1528 2360 1566 ὅπου

1339 1585 1388 1622 δεῖ
1406 1588 1621 1636 προσκυνεῖν.
1643 1581 1687 1619 Ἣ
1709 1581 1820 1634 πόρνη
1840 1582 1920 1646 περὶ
1941 1581 2122 1632 δογμάτων
2146 1581 2276 1633 εἰσάγει
2297 1580 2359 1618 λό-

1338 1653 1409 1688 γον,
1424 1637 1494 1689 ,καὶ
1512 1634 1686 1685 νομίσασα
1704 1634 1761 1672 τὸν
1779 1637 1960 1681 Δεσποτην
1984 1631 2070 1674 εἶναι
2084 1633 2278 1686 προφήτην,
2302 1636 2360 1671 οὖ·-

1339 1689 1393 1727 δὲν
1413 1689 1521 1736 ἤτησε
1544 1686 1703 1739 βιωτικόν
1717 1703 1724 1710 ·
1742 1687 1869 1739 Κύριον
1889 1689 2111 1739 ὡμολόγησε,
2138 1687 2197 1724 καὶ
2216 1687 2361 1739 γρημά-

1339 1758 1407 1780 των
1441 1740 1642 1796 περιουωσίαν
1677 1743 1738 1778 οὐκ
1769 1739 1974 1786 ἐπεζήτησε.
1994 1741 2101 1791 Κύριε
2113 1768 2122 1785 ,
2158 1732 2277 1792 θεωρῶ
2309 1739 2363 1777 ὅτι

1339 1795 1519 1848 προφήτης
1541 1798 1568 1832 εἰ
1590 1792 1646 1831 σύ.
1671 1792 1796 1845 Κύριον
1819 1792 2043 1843 ὡμολόγησε,
2057 1793 2116 1830 καὶ
2133 1791 2227 1830 οὐδὲν
2250 1792 2362 1839 ἤτησε

1339 1847 1443 1886 πλέον
1469 1851 1537 1885 τῶν
1554 1848 1734 1898 πατρικῶν
1753 1846 1949 1897 δογμάτων.
1974 1848 2020 1885 Οἱ
2039 1844 2185 1898 πατέρες
2206 1835 2307 1895 ἡμῶν
2328 1848 2362 1884 ἓν

1339 1903 1388 1951 τῷ
1408 1900 1479 1953 ὄρει
1494 1899 1603 1951 τούτῳ
1619 1897 1895 1952 προσεκύνησαν,
1919 1899 1978 1936 καὶ
2003 1901 2101 1949 ὑμεῖς
2119 1897 2238 1949 λέγετε
2253 1898 2306 1937 ὅτι
2329 1901 2364 1937 ἐν

1339 1952 1592 2004 Ἱεροσολύμοις
1618 1951 1710 1990 ἐστὶν
1741 1954 1759 1989 ὁ
1791 1951 1912 1998 τόπος,
1950 1951 2035 1989 ὅπου
2064 1952 2114 1989 δεῖ
2145 1958 2364 2002 προσκυνεῖν.

1339 2011 1352 2026 ³
1366 2007 1435 2044 Καὶ
1451 2005 1517 2058 γὰρ
1538 2008 1571 2044 ἐν
1588 2007 1637 2057 τῷ
1654 2004 1726 2057 ὄρει
1742 2003 1862 2056 ἐκείνῳ
1878 2007 1928 2055 τῷ
1943 2004 2084 2057 Σώμωρ
2102 2007 2119 2042 ὁ
2132 2003 2293 2056 Ἀδραὰμ
2305 2004 2364 2042 τὸν

1339 2058 1423 2097 ἴδιον
1451 2058 1523 2097 υἱὸν
1550 2056 1674 2095 Ἰσαὰκ
1694 2059 1742 2100 εἷς
1760 2057 1878 2095 θυσίαν
1896 2057 2063 2108 ἀνήνεγκε
2081 2060 2130 2109 τῷ
2150 2060 2250 2104 Θεῶ,
2273 2059 2307 2095 ἐν
2329 2056 2366 2095 δὲ

1340 2119 1411 2156 τοῖς
1426 2110 1679 2163 Ἱεροσολύμοις
1694 2113 1711 2148 ὁ
1726 2109 1857 2148 Ἰακὼὸ
1871 2112 1904 2148 ἐν
1919 2108 2177 2160 Μεσοποταμία
2197 2096 2369 2163 κάτερχό·

1344 2181 1443 2216 μενος
1463 2165 1547 2218 πρὸς
1568 2162 1690 2201 Αάὸαν
1714 2162 1771 2200 τὸν
1796 2162 1923 2214 Σύρον,
1944 2162 2006 2209 τὴν
2029 2163 2097 2201 ἀπὸ
2117 2150 2177 2208 τῆς
2204 2166 2268 2213 γῆς
2302 2162 2368 2206 ἕως

1342 2220 1487 2269 οὐρανοῦ
1507 2215 1664 2266 κλίμακα
1690 2214 1882 2264 τεταμένην
1906 2215 1994 2253 κατὰ
2009 2215 2087 2258 τοὺς
2106 2214 2228 2259 ὕπνους
2245 2221 2366 2253 κατεῖ-

1344 2273 1379 2308 δε
1393 2300 1401 2316 ,
1421 2270 1480 2307 καὶ
1495 2269 1559 2315 τὴν
1581 2268 1696 2314 πάλην
1720 2267 1782 2313 τὴν
1804 2266 1892 2317 μετὰ
1909 2272 1968 2306 τοῦ
1989 2270 2080 2306 Θεοῦ
2103 2268 2270 2306 ἐπάλαισε
2285 2283 2292 2290 ·
2315 2268 2368 2306 διὸ

1344 2323 1402 2361 καὶ
1425 2321 1557 2372 ἔλεγεν·
1579 2320 1623 2358 eO
1643 2319 1732 2362 Θεὸς
1749 2319 1846 2371 ὤφθη
1871 2335 1930 2370 μοι
1946 2322 1979 2357 ἐν
1998 2319 2129 2370 Λούσᾳ.
2146 2319 2212 2357 Διὰ
2228 2323 2329 2358 τοῦτο
2345 2323 2366 2366 ἡ

1302 2409 1303 2415 ,
1345 2374 1429 2427 γυνὴ
1461 2371 1834 2428 δογμάτωνωὸίπτεται,
1863 2372 1922 2409 καὶ
1944 2372 2048 2424 φησί·
2074 2372 2197 2424 Κύριε,
2231 2377 2368 2426 θεωρῶ,

1346 2431 1398 2466 ὅτι
1424 2427 1603 2478 προφήτης
1634 2429 1662 2463 εἰ
1691 2424 1745 2463 σύ.
1773 2427 1820 2463 Οἳ
1851 2424 1997 2478 πατέρες
2023 2428 2122 2476 ἡμῶν
2152 2427 2186 2462 ἐν
2217 2429 2266 2463 τῶ
2296 2426 2370 2478 ὄρει

1346 2480 1457 2533 τούτῳ
1477 2477 1755 2531 προσεκύνησαν,
1777 2476 1835 2515 καὶ
1855 2480 1952 2527 ὑμεῖς
1972 2477 2092 2530 λέγετε
2106 2509 2114 2525 ,
2130 2477 2182 2515 ὅτι
2203 2481 2235 2516 ἐν
2249 2465 2367 2530 ΙἹερο--

1348 2533 1510 2584 σολύμοις
1527 2532 1619 2570 ἐστὶν
1639 2535 1656 2569 ὃ
1675 2530 1778 2572 τόπος
1791 2561 1800 2577 ,
1823 2529 1908 2568 ὅπου
1931 2533 1980 2569 δεῖ
2003 2536 2221 2582 προσκυνεῖν.
2242 2530 2290 2568 Τί
2310 2524 2367 2568 οὖν

1349 2591 1366 2625 ὁ
1383 2586 1529 2638 Κύριος;
1563 2584 1676 2622 Πάλιν
1707 2583 1795 2633 μετὰ
1820 2586 1882 2629 τῆς
1910 2583 2110 2635 πρεπούσης
2135 2586 2227 2635 αὐτῷ
2247 2583 2370 2636 σοφίας

1349 2638 1586 2692 ἀποκρίνεται.
1605 2635 1753 2682 Ἐπειδὴ
1786 2635 1852 2687 γὰρ
1882 2635 2048 2690 Ἰουδαῖος
2080 2635 2254 2685 ἐνομίζετο
2283 2636 2369 2688 παρ’

1351 2694 1473 2739 αὐτῆς,
1495 2689 1582 2736 αὐτὴ
1603 2689 1637 2727 δὲ
1657 2691 1868 2739 Σαμαρεῖτις
1886 2692 1941 2736 ἠν,
1962 2691 2022 2726 οὒκ
2036 2689 2184 2734 ἠθέλησε
2205 2688 2289 2741 πρὸς
2304 2688 2368 2735 τὴν

1349 2750 1468 2783 πεῦσιν
1495 2742 1765 2796 ἀποκρίνασθαι,
1797 2739 1852 2778 ἵνα
1887 2741 1976 2791 μήτε
2006 2740 2253 2792 διαψεύσηται,
2282 2741 2371 2791 μήτε

1350 2797 1412 2845 τὴν
1435 2802 1582 2848 γυναῖκα
1611 2792 1844 2846 σκληροτέραν
1872 2793 2126 2845 ἀπεργάσηται.
2155 2796 2208 2831 Οὐ
2233 2793 2300 2845 γὰρ
2331 2788 2372 2839 ἦν

1353 2853 1444 2900 αὐτῷ
1461 2849 1545 2887 ἄλλο
1563 2864 1596 2886 τι
1616 2847 1654 2885 τὸ
1673 2846 2025 2896 κατασκευαζόμενον,
2043 2845 2132 2883 ἀλλὰ
2148 2849 2314 2899 θηρεῦσαι
2335 2847 2374 2883 τὸ

1351 2902 1489 2956 γύναιον
1506 2918 1532 2939 π
1556 2901 1590 2944 ὸς
1605 2899 1667 2946 τὴν
1683 2902 1744 2944 τῆς
1765 2898 1938 2950 σωτηρίας
1952 2899 2026 2936 ὁδὸν
2041 2899 2198 2945 ἐπεζήτει
2212 2915 2220 2922 ·
2239 2898 2299 2936 καὶ
2316 2898 2373 2936 διὰ

1352 2960 1453 2993 τοῦτο
1472 2955 1567 2992 οὐδέν
1589 2951 1817 3002 σκληρότερον
1833 2951 1918 3002 πρὸς
1939 2950 2044 2997 αὐτὴν
2065 2950 2179 3003 λέγει,
2201 2950 2257 2988 ἵνα
2284 2951 2373 3000 μήτε

1354 3007 1604 3062 διαψεύσηται,
1637 3005 1724 3053 μήτε
1753 3003 1964 3054 καταισχύνῃ
1990 3003 2052 3050 τὴν
2074 3005 2299 3055 Σαμαρεῖτιν.
2330 3005 2375 3041 Εἰ

1353 3060 1421 3113 γὰρ
1440 3064 1533 3097 εἶπεν
1554 3060 1660 3108 αὐτῇ,
1690 3055 1743 3094 ὅτι
1768 3057 1801 3092 ἐν
1827 3054 2079 3107 Ἱεροσολύμοις
2099 3056 2189 3094 ἐστὶν
2215 3060 2232 3094 ὁ
2248 3056 2351 3098 τόπος
2365 3085 2373 3101 ,

1355 3113 1439 3152 ὅπου
1460 3113 1510 3150 δεῖ
1535 3128 1561 3149 π
1586 3114 1751 3154 οσκυνεῖν,
1773 3107 1887 3151 καθὼς
1906 3108 2093 3159 προσέταξε
2123 3110 2276 3153 Μωϋσῆς
2303 3113 2375 3152 τοῖς

1355 3169 1438 3209 υἱοῖς
1459 3165 1622 3215 Ἰσραηλ,
1652 3159 1884 3214 σκληροτέραν
1916 3160 1954 3197 ἂν
1987 3160 2090 3206 αὐτὴν
2120 3160 2374 3212 ἀπειργάσατο·

1358 3217 1496 3263 ἐπειδὴ,
1514 3220 1560 3260 ὡς
1590 3213 1791 3267 εἰρήκαμεν,
1811 3213 1963 3250 παλαιὰν
1984 3208 2076 3265 εἶχεν
2097 3212 2267 3264 ὑπόληψιν
2295 3213 2376 3264 περὶ

1771 3265 1779 3278 Ι
2032 3258 2040 3265 .

306 3278 458 3321 Sicimis3
475 3288 708 3326 ineo-iussum
723 3286 795 3310 esse
810 3270 1104 3308 AbrahamaDeo
1116 3270 1284 3308 lsaacim-
1311 3276 1332 3304 B
1358 3275 1416 3308 τοῦ
1443 3271 1539 3320 ὄρους
1563 3272 1622 3306 τοῦ
1642 3269 1675 3304 ἐν
1699 3266 1876 3315 Σικιμοις,
1897 3264 1948 3302 ὅτι
1979 3267 2012 3302 ἐν
2043 3268 2136 3316 αὐτῷ
2167 3265 2334 3308 θυσιάζειν
2359 3267 2376 3301 ὁ

351 3390 362 3403 ³
388 3380 463 3409 Haec
482 3387 580 3418 usque
595 3374 637 3407 ad
655 3384 790 3416 sequens
807 3378 994 3418 προσκυνεῖν,
1019 3368 1138 3402 desunt
1157 3369 1189 3402 in
1204 3370 1304 3402 Saxil.
1325 3379 1356 3402 et
1373 3371 1404 3403 in
1419 3369 1548 3403 duobus
1564 3369 1638 3400 Mss.
