2481 3678
127 1910 162 1938 In
188 1913 274 1939 relius

88 1951 196 1980 dix-inis
218 1964 274 1981 nou

88 1994 174 2021 nimis
226 2005 276 2022 cn-

89 2035 201 2061 11611135
226 2037 277 2063 ad-

85 2074 223 2105 bibendi.

314 207 397 253 162

304 312 406 342 natus
418 304 526 343 fueris
539 305 705 359 desuper,
736 307 802 346 nisi
821 322 884 361 per
897 308 1080 347 lavacrum
1103 321 1288 361 regenera-

304 365 410 404 tionis
428 366 604 419 Spiritum
621 369 808 421 acceperis,
822 382 891 408 non
918 379 1016 422 potes
1035 370 1081 408 ad
1096 379 1227 408 rectam
1245 369 1290 408 de

303 442 360 466 me
380 428 580 480 opinionem
594 430 788 482 pervenire.
810 431 894 469 Haec
909 440 968 469 tua
987 430 1106 484 opinio
1126 446 1195 471 non
1215 433 1288 485 spi-

303 489 461 539 ritualis,
481 490 541 528 sed
567 491 729 529 animalis
755 500 817 530 est.
844 493 922 530 Non
957 501 1072 531 tamen
1095 493 1152 532 his
1170 494 1288 533 verbis

302 564 388 589 usus
415 561 478 598 est,
504 565 547 589 ne
576 551 680 589 illum
710 566 774 604 pro
803 553 969 591 facultate
994 567 1056 591 sua
1086 552 1287 604 loquentem

304 620 463 660 terreret3
483 611 544 649 sed
569 611 614 649 ad
639 613 808 664 majorem
833 613 937 651 illum
962 613 1197 665 cognitionem
1214 614 1288 653 sine

303 672 502 723 suspicione
524 672 649 723 erigit,
673 687 755 710 cum
782 673 885 724 dicit,
909 675 997 712 Nisi
1021 677 1106 726 quis
1130 684 1287 714 renatus

291 733 420 784 fiterit
439 734 610 785 desuper.
635 733 729 771 Illud
744 736 930 788 Desuper,
950 735 1112 786 quidam,
1128 735 1174 774 de
1187 737 1286 787 caelo,

301 793 423 830 dieunt
443 793 660 844 significar03
685 794 747 832 alii
773 809 870 846 vcro,
888 810 908 833 a
925 795 1112 848 principio.
1135 797 1170 834 Is
1194 797 1289 835 enim

299 853 361 903 qui
382 868 449 891 non
467 854 517 891 sic
532 864 634 892 natus
653 855 770 906 fuerit,
794 856 928 907 inquit,
947 870 1015 894 non
1035 866 1148 909 potest
1170 857 1288 896 videre

299 928 448 965 regnum
467 915 552 965 Dei;
570 916 727 968 seipsum
746 917 949 969 significans
961 947 971 966 ,
991 927 1025 956 et
1042 917 1226 956 ostendens
1250 918 1287 957 id

299 991 365 1014 non
387 991 459 1015 esse
478 979 573 1028 quod
596 979 711 1017 solum
738 979 891 1028 videtur,
912 979 974 1017 sed
993 980 1073 1018 aliis
1099 995 1188 1033 opus
1213 995 1288 1019 esse

298 1038 432 1089 oculis,
466 1048 505 1076 111
529 1040 693 1078 Christus
716 1040 895 1079 videatur.
926 1041 991 1079 His
1016 1041 1147 1079 auditis
1180 1042 1284 1080 Nieo-
1308 1041 1330 1070 D

296 1099 421 1136 demus
437 1099 486 1137 ait
505 1115 512 1136 ε
530 1100 567 1137 4.
588 1102 786 1151 Quomodo
795 1110 918 1153 potest
929 1103 1043 1139 homo
1058 1105 1179 1149 nasci,
1197 1117 1284 1140 cum

294 1163 343 1197 sit
363 1173 478 1197 senet⁷
491 1165 507 1197 Ρ
527 1161 644 1198 11311111
666 1176 746 1198 611111
773 1161 947 1213 appellas,
963 1171 997 1199 et
1015 1177 1033 1199 a
1050 1163 1126 1200 Deo
1146 1163 1284 1202 venisse

293 1220 399 1269 dieis,
418 1235 481 1258 1166
501 1222 576 1272 ejus
595 1221 704 1260 verba
722 1220 898 1271 admittis,
919 1221 1126 1273 dictumque
1144 1224 1281 1274 profers

292 1282 475 1332 magistro,
505 1281 601 1332 quod
626 1281 737 1334 possit
755 1296 921 1334 magnam
943 1283 1069 1321 afferre
1088 1285 1279 1336 perturba-

291 1341 450 1380 tionem?
476 1342 572 1380 Illud
600 1343 708 1391 enim,
744 1343 955 1394 Quomodo,
990 1358 1061 1382 non
1085 1345 1279 1384 admodum

291 1403 508 1441 credentium
525 1402 783 1441 dubitationem
793 1404 909 1454 effert,
927 1404 988 1442 sed
1002 1419 1124 1443 eorum
1139 1406 1202 1457 qui
1216 1406 1279 1444 ad-

290 1462 361 1500 11116
375 1463 523 1501 terrenis
546 1464 693 1502 haerent.
717 1465 810 1502 Nam
841 1464 928 1503 Sara
947 1464 1024 1503 ideo
1051 1466 1144 1517 risit,
1178 1467 1276 1519 quia,

290 1526 497 1577 quomodo,
535 1526 628 1563 dixit
654 1542 662 1562 z
692 1526 822 1577 aliique
855 1526 961 1564 multi
985 1527 1052 1565 1136
1079 1527 1276 1580 interroga-

288 1587 382 1623 tione
399 1586 478 1634 usi,
499 1600 518 1623 a
541 1585 612 1623 fide
637 1585 858 1624 exciderunt.
888 1615 895 1621 .

341 1647 380 1683 5.
411 1646 470 1684 Sic
491 1655 523 1684 et
542 1646 700 1684 haeretici
718 1646 752 1683 in
775 1661 838 1685 sua
856 1656 1013 1699 perstant
1032 1648 1176 1700 haeresi,
1198 1652 1278 1703 pari

286 1706 393 1745 modo
418 1707 688 1758 interrogantes3
709 1706 832 1745 dieunt
858 1708 952 1746 enim
985 1709 1064 1759 3111,
1087 1710 1275 1756 Quomodo

285 1769 487 1808 incarnatus
507 1770 583 1807 est?
610 1769 693 1819 3111,
721 1770 910 1817 Quomodo
940 1773 1069 1810 natus?
1092 1774 1275 1825 cogitatio-

288 1844 443 1881 numque
459 1845 603 1868 suarum
616 1830 818 1869 infirmitati
839 1831 1048 1870 immensam
1070 1834 1169 1872 illam
1191 1836 1276 1873 sub-

283 1891 413 1943 jiciunt
432 1891 677 1929 substantiam.
702 1891 790 1938 Quae
814 1906 896 1930 cum
915 1893 1085 1944 sciamus,
1106 1895 1278 1948 intempe-

289 1953 418 1992 stivam
451 1953 550 1990 illam
584 1953 824 1991 curiositatem
845 1953 958 1993 vitare
981 1965 1128 2007 oportet.
1157 1958 1277 2009 Neque

289 2014 383 2051 enim
407 2012 584 2065 quomodo
610 2014 686 2051 haec
712 2014 803 2051 sacta
828 2013 899 2052 sint
925 2015 1034 2053 scient
1059 2031 1229 2068 umquam
1251 2019 1277 2057 ii

288 2075 350 2126 qui
371 2076 476 2113 hasce
491 2084 633 2114 movent
646 2075 867 2126 qiiaestione5‚
885 2085 917 2114 et
932 2091 951 2114 a
967 2079 1061 2115 recta
1081 2078 1153 2117 fide
1175 2081 1332 2143 61161-141

287 2137 381 2175 dent.
404 2137 487 2175 Ideo
504 2136 720 2174 Nicodemus
735 2136 820 2174 dum
843 2136 974 2175 dubius
990 2138 1137 2177 modum
1151 2142 1277 2191 quaerit
1300 2154 1324 2182 A

287 2197 480 2245 (intellexit
512 2197 605 2235 enim
640 2212 678 2234 ea
705 2211 781 2247 (111ae
807 2197 970 2236 Christus
1002 2199 1142 2239 dicebat
1167 2202 1211 2239 ad
1241 2217 1277 2241 se

285 2264 477 2311 spectare)⁷
506 2258 688 2308 turbatur,
715 2257 864 2309 caligine
889 2258 1043 2310 repletus
1068 2261 1194 2312 liceret,
1222 2273 1276 2302 ut-

284 2330 366 2372 pote
381 2320 441 2372 qui
462 2334 497 2357 se
515 2319 696 2358 hominem
719 2318 849 2357 adiisse
869 2329 992 2372 putet,
1014 2331 1047 2359 et
1066 2324 1199 2376 majora
1214 2339 1276 2362 au-

285 2381 359 2418 diat
389 2394 496 2431 quam
527 2393 604 2430 quae
636 2380 684 2418 ad
711 2380 892 2418 hominem
919 2382 1094 2434 pertinere
1119 2385 1275 2437 possint,

286 2457 433 2493 quasque
450 2456 550 2480 nemo
571 2456 743 2493 umquam
763 2441 939 2481 audierit:
957 2454 1111 2484 mentem
1131 2448 1276 2498 quidem

288 2504 390 2553 erigit
416 2503 460 2540 ad
489 2503 666 2541 dictorum
691 2503 964 2553 sublimitatem,
990 2505 1051 2544 sed
1071 2507 1276 2548 obtenebra-

287 2574 360 2613 tur,
382 2579 443 2602 1166
463 2565 650 2601 consistere
669 2573 781 2616 potest
805 2581 812 2601 :
836 2565 994 2617 undique
1013 2567 1275 2619 circumfertur,

288 2636 320 2663 et
353 2627 551 2676 frequenter
577 2641 619 2663 ex
654 2626 724 2663 fide
750 2626 897 2665 excidit.
932 2627 1088 2680 Ideoque
1123 2631 1278 2682 persistit

287 2687 520 2740 impossibilia
549 2696 699 2736 tentans,
727 2696 765 2724 ut
789 2689 911 2727 Jesum
930 2688 976 2726 ad
998 2690 1184 2731 clariorem
1208 2693 1276 2732 do-

286 2750 435 2788 ctrinam
460 2758 590 2787 evocet.
618 2751 821 2800 Numquid
841 2759 979 2802 potest,
1005 2751 1136 2804 inquit,
1162 2756 1276 2795 homo

285 2814 326 2848 in
346 2819 523 2848 ventrem
552 2813 687 2847 matris
706 2824 783 2847 sure
808 2814 946 2849 iterato
969 2815 1128 2852 introire
1148 2825 1186 2854 et
1206 2831 1275 2855 na-

287 2875 369 2910 sci?
386 2869 678 2917 Animadvertite,
702 2871 844 2920 qnando
865 2873 944 2922 quis
966 2875 1120 2927 propriis
1141 2878 1275 2928 cogita-

287 2933 443 2971 tionibus
470 2932 669 2984 spiritualia
701 2932 890 2983 permittit,
915 2936 1093 2984 quomodo
1121 2937 1274 2976 ridicula

284 2996 456 3047 proserat3
480 3008 519 3031 36
542 2993 694 3030 delirare
719 2992 884 3031 videatur
904 3004 943 3032 ut
965 2996 1101 3047 ebrius,
1131 2999 1272 3049 quando

284 3065 409 3108 praeter
439 3054 503 3093 Dei
535 3053 728 3106 placitum,
756 3053 848 3091 dicta
876 3055 1050 3094 curiosius
1079 3068 1273 3113 scrutatur⁷

282 3130 393 3167 neque
416 3116 498 3154 fidei
520 3128 701 3154 assensum
728 3115 888 3166 praehet?
906 3116 1052 3155 Audivit
1075 3120 1274 3169 generatio—

322 3258 334 3270 ε
359 3247 551 3287 Suspicatur
566 3243 707 3277 Savilius
724 3242 899 3287 legendum
914 3249 945 3278 οὐ
960 3251 1065 3288 ψυχικὴ
1083 3251 1100 3284 ἡ
1117 3249 1197 3289 δόξα,
1211 3253 1290 3283 ἀλλὰ

278 3307 473 3340 πνευματική.
492 3298 562 3340 Ego
586 3296 668 3330 nihil
684 3296 884 3329 mutandum
900 3308 1029 3329 censeo.

318 3352 331 3370 ‘¹
355 3354 512 3394 ῧεαπορῶν.
532 3349 592 3381 Alii
609 3352 644 3383 δι’
661 3355 797 3393 ἀπορίας.
814 3347 929 3390 [Paulo
946 3356 1022 3382 ante
1035 3355 1084 3384 καί
1099 3358 1175 3393 post
1192 3357 1280 3387 εἴσοι-

277 3419 322 3437 rm
341 3401 433 3435 abest
450 3413 466 3434 a
484 3401 586 3436 Savil.
606 3409 637 3434 ct
654 3401 737 3434 Cod.
754 3403 830 3443 706,
847 3400 905 3435 scd
920 3400 1021 3435 1131161
1036 3402 1121 3437 cod.
1142 3404 1219 3446 705]

747 227 785 257 S.
823 227 1010 258 JOANMS
1046 226 1288 257 CHRYSOST.
1326 227 1532 257 ARCfflEP.
1570 226 1930 258 CONSTANTINOP.

1361 309 1559 348 σπουδαῖον.
1570 308 1618 347 uO
1633 307 1667 348 δὲ
1677 308 1782 360 λέγει,
1793 309 1944 348 τοιοῦτόν
1957 311 2046 348 ἐστιν
2060 325 2066 332 ·
2081 308 2139 348 ἐὰν
2153 309 2201 361 μὴ
2218 314 2382 363 γεννηθῇς

1359 369 1500 417 ἄνωθεν,
1527 369 1586 407 ἐὰν
1608 368 1655 420 μὴ
1678 369 1857 421 μετάσχῃς
1870 369 2074 421 Πνεύματος
2088 375 2148 409 τοῦ
2168 370 2223 408 διὰ
2239 372 2381 424 λουτροῦ

1359 430 1641 483 παλιγγενεσίας,
1675 433 1712 468 οὐ
1743 429 1885 469 δύνασαι
1915 431 1995 485 περὶ
2023 434 2106 482 ἐμοῦ
2135 431 2232 476 δόξαν
2259 431 2379 470 λαὸεῖν

1357 490 1417 538 τὴν
1437 491 1690 544 προσήκουσαν.
1710 490 1807 538 Αὕτη
1827 491 1894 544 γὰρ
1909 493 1968 529 ⁰01³)
1991 491 2209 544 πνευματικὴ
2232 496 2254 539 ἦ
2281 492 2380 540 δόξα,

1357 551 1446 590 ἀλλὰ
1462 552 1607 604 ψυχική.
1635 553 1726 590 Ἀλλ’
1743 551 1833 591 οὕτω
1853 551 1916 603 μὲν
1939 555 2000 591 οὐκ
2019 547 2093 592 εἶπε
2106 552 2380 606 παραιτούμενος

1357 613 1457 650 αὐτὸν
1480 613 1630 661 πλῆξαι,
1656 613 1700 652 τὰ
1725 615 1807 666 παρ’
1848 615 1969 652 ἑαυτοῦ
1998 612 2297 665 συνεισενεγκόντα
2324 613 2384 651 καὶ

1356 671 1433 711 ὅσον
1450 675 1597 725 ἐγχωρεῖ
1619 673 1868 726 φθεγξάμενον,
1892 674 2012 725 ἀνάγει
2035 673 2070 712 δὲ
2098 674 2306 718 ἀνυπόπτως
2325 674 2384 712 ἐπὶ

1355 731 1417 779 τὴν
1439 733 1577 783 μείζονα
1602 738 1727 786 γνῶσιν
1760 735 1873 782 αὐτὸν,
1893 734 2003 786 λέγων
2018 749 2025 758 ·
2047 733 2132 773 Ἐὰν
2157 735 2205 785 μή
2233 751 2285 778 τις
2301 751 2383 786 γεν-

1356 796 1441 845 νηθῇ
1472 794 1611 832 ἄνωθεν.
1632 796 1684 833 Τὸ
1707 794 1853 834 Ἄνωθεν
1875 798 2044 843 ἐνταῦθα,
2065 797 2096 833 οἱ
2119 793 2180 846 μὲν
2200 797 2239 833 ἐκ
2252 798 2310 833 τοῦ
2331 797 2384 833 οὐ·

1359 856 1460 904 ρανοῦ
1477 869 1593 906 φασιν,
1618 857 1649 893 οἱ
1670 854 1705 893 δὲ
1721 854 1754 898 ἐξ
1770 857 1895 907 ἀρχῆς.
1912 856 1982 894 Τὸν
1998 855 2065 908 γὰρ
2095 854 2143 906 μὴ
2157 854 2246 893 οὕτω
2263 872 2383 907 γεννη-

1357 913 1458 969 θέντα
1468 945 1479 962 ,
1492 917 1529 953 οὐ
1545 916 1685 954 δυνατὸν
1702 917 1796 963 ἰδεῖν,
1816 917 1918 968 φησὶ,
1930 916 1992 964 τὴν
2009 916 2189 968 βασιλείαν
2201 922 2260 955 τοῦ
2273 919 2381 956 Θεοῦ·

1355 976 1476 1014 ἑαυτὸν
1497 979 1643 1014 ἐνταῦθα
1668 977 1822 1026 δεικνὺς,
1843 978 1904 1016 καὶ
1930 979 2043 1025 δηλῶν
2063 977 2115 1015 ὅτι
2132 980 2169 1016 οὐ
2190 978 2290 1017 τοῦτό
2308 980 2382 1017 ἐστι

1353 1035 1392 1073 τὸ
1417 1035 1588 1088 ὁρώμενον
1608 1037 1722 1088 μόνον,
1740 1040 1815 1077 ἀλλ’
1835 1038 1959 1092 ἑτέρων
1986 1043 2070 1089 ἡμῖν
2100 1041 2287 1090 ὀφθαλμῶν
2307 1039 2357 1076 δεῖ
2371 1069 2380 1086 ,

1352 1095 1442 1134 ὥστε
1461 1098 1540 1134 ἰδεῖν
1560 1098 1617 1136 τὸν
1637 1098 1800 1151 Χριστόν.
1819 1095 1942 1137 Ταῦτα
1963 1099 2111 1144 ἀκούσας
2129 1103 2146 1138 ὁ
2168 1099 2378 1150 Νικόδημος,

1350 1157 1453 1207 φησίν
1466 1172 1473 1180 ·
1498 1159 1582 1201 Πῶς
1603 1158 1744 1197 δύναται
1765 1160 1942 1212 ἄνθρωπος
1963 1164 2169 1211 γεννηθῆναι
2182 1160 2292 1214 γέρων
2307 1160 2379 1209 ὤν,

1350 1216 1478 1255 ςΡαὸὃὶ
1496 1219 1597 1256 αὐτὸν
1611 1221 1728 1263 καλεῖς
1741 1248 1750 1266 ,
1767 1219 1826 1258 καὶ
1847 1220 1915 1258 ἀπὸ
1926 1223 2017 1259 Θεοῦ
2033 1221 2234 1267 ἐληλυθέναι
2253 1222 2377 1273 λέγεις,

1348 1278 1408 1316 καὶ
1427 1281 1464 1316 οὐ
1483 1278 1566 1331 δέχῃ
1590 1279 1634 1317 τὰ
1652 1279 1840 1332 λεγόμενα,
1866 1280 1956 1318 ἀλλὰ
1971 1280 2033 1327 τὴν
2049 1281 2193 1325 πολλοὺς
2216 1282 2377 1335 Οορύὸους

1348 1340 1598 1392 ἐπεισάγουσαν
1619 1341 1709 1386 λέξιν
1733 1341 1863 1393 φθέγγῃ
1890 1341 1975 1394 πρὸς
1996 1342 2053 1380 τὸν
2072 1341 2300 1391 διδάσκαλον;
2324 1343 2377 1382 Τὸ

1348 1400 1433 1453 γὰρ,
1449 1402 1550 1450 Πῶς,
1576 1406 1692 1450 τοῦτο,
1711 1404 1780 1440 τῶν
1807 1403 1844 1440 οὔ
1876 1402 2008 1455 σφόδρα
2030 1403 2260 1441 πιστευόντων
2284 1405 2374 1443 ἐστὶν

1349 1461 1563 1515 ἐπαπόρησις
1574 1493 1584 1510 ,
1594 1465 1662 1500 τῶν
1680 1463 1748 1501 ἀπὸ
1759 1466 1822 1514 γῆς
1834 1463 1940 1501 ὄντων
1952 1463 2015 1501 ἔτι.
2028 1463 2130 1501 Ἐπεὶ
2139 1464 2199 1502 καὶ
2213 1468 2235 1511 ἡ
2253 1465 2376 1517 Σάῤῥα

1350 1522 1407 1560 διὰ
1423 1528 1522 1561 τοῦτο
1539 1523 1713 1574 ἐγέλασεν,
1732 1522 1850 1570 ἐπειδὴ
1878 1525 1933 1571 τὸ,
1956 1527 2046 1572 πῶς,
2071 1519 2144 1562 εἷπε
2157 1541 2165 1548 ·
2185 1525 2244 1562 καὶ
2276 1525 2375 1564 ἄλλοι

1348 1583 1469 1622 πολλοὶ
1490 1589 1588 1622 τοῦτο
1604 1583 1831 1631 ζητήσαντες,
1851 1588 1913 1631 τῆς
1932 1585 2080 1628 πίστεως
2097 1585 2269 1629 ἐξέπεσον.

1400 1643 1505 1683 Οὕτω
1520 1644 1578 1683 καὶ
1596 1644 1760 1696 αἱρετικοὶ
1776 1644 1934 1695 μένουσιν
1951 1646 2008 1684 ἐπὶ
2022 1649 2084 1692 τῆς
2099 1646 2261 1697 αἱρέσεως
2273 1676 2282 1693 ,
2292 1645 2374 1684 ταύ-

1346 1722 1408 1752 την
1429 1707 1607 1757 πολλαχοῦ
1620 1705 1682 1752 τὴν
1701 1703 1792 1748 λέξιν
1804 1708 2040 1753 ἐπιζητοῦντες
2051 1722 2058 1730 ·
2074 1707 2103 1744 οἵ
2123 1706 2183 1757 μὲν
2199 1706 2372 1759 λέγοντες,

1345 1772 1420 1812 πῶς
1441 1767 1641 1821 ἕσαρκώθη;
1663 1768 1694 1803 οἱ
1711 1765 1745 1803 δὲ
1760 1766 1916 1819 λέγοντες
1928 1798 1937 1815 ,
1954 1770 2028 1811 πῶς
2048 1768 2210 1820 ἐγεννήθη
2224 1785 2233 1816 ;
2252 1768 2313 1806 καὶ
2329 1772 2372 1820 τῇ

1344 1832 1413 1867 τῶν
1435 1829 1567 1867 οἰκείων
1589 1831 1765 1880 λογισμῶν
1789 1828 1948 1882 ἀσθενείᾳ
1977 1828 2039 1876 τὴν
2069 1829 2208 1882 ἄπειρον
2238 1829 2370 1877 ἐκείνην

1345 1889 1599 1934 ὑποέάλλοντες
1621 1891 1752 1930 οὐσίαν.
1777 1891 1885 1942 Ἅπερ
1901 1884 1958 1928 οῦν
1993 1889 2124 1934 εἰδότας
2147 1890 2281 1943 φεύγειν
2300 1889 2371 1943 χρὴ

1344 1949 1407 1998 τὴν
1431 1951 1574 2004 ἄκαιρον
1595 1952 1722 1999 ταύτην
1743 1950 2092 2004 πολυπραγμοσύνην.
2116 1950 2208 1990 Οὔτε
2224 1950 2292 2004 γὰρ
2311 1952 2371 1999 τὸ,

1346 2014 1440 2060 πῶς,
1462 2011 1612 2050 εἴσονται
1636 2013 1696 2051 καὶ
1716 2013 1747 2051 οἱ
1779 2017 1888 2051 ταῦτα
1915 2014 2113 2060 ζητοῦντες,
2142 2012 2201 2050 καὶ
2223 2012 2372 2056 πίστεως

1346 2075 1573 2112 ἐκπεσοῦνται
1595 2078 1656 2121 τῆς
1676 2077 1790 2127 ὀρθῆς.
1811 2073 1879 2112 Διὰ
1899 2078 1999 2112 τοῦτο
2027 2073 2086 2111 καὶ
2111 2067 2207 2118 οὗτος
2225 2073 2372 2112 ἀδιαπο-

1349 2137 1414 2187 ρῶν
1437 2135 1494 2173 τὸν
1511 2135 1638 2188 τρόπον
1672 2138 1826 2182 ἐπιζητεῖ
1855 2134 1934 2181 (καὶ
1965 2134 2031 2188 γὰρ
2064 2138 2208 2181 συνῆκεν
2229 2134 2282 2173 δ’τι
2311 2135 2371 2173 καὶ

1345 2195 1429 2247 πρὸς
1449 2195 1549 2234 αὐτὸν
1580 2194 1718 2247 λέγεται
1736 2196 1775 2234 τὸ
1793 2194 2009 2248 ξλεγόμενον)
2023 2225 2033 2242 ,
2061 2195 2122 2233 καὶ
2152 2195 2369 2247 θορυὸεῖται,

1345 2257 1403 2295 καὶ
1427 2259 1575 2309 ἰλιγγιᾷ,
1595 2257 1654 2294 καὶ
1689 2259 1722 2295 ἐν
1757 2256 1939 2310 ἀμηχανία
1962 2257 2066 2304 ἐστὶν,
2099 2256 2206 2294 ἐλθὼν
2243 2256 2305 2307 μὲν
2324 2260 2371 2301 ὡς

1344 2319 1391 2361 εἷς
1414 2318 1607 2369 ἄνθρωπον,
1628 2317 1759 2355 ἀκούων
1784 2317 1818 2355 δὲ
1849 2316 1988 2367 μείζονα
2007 2315 2029 2362 ἢ
2048 2316 2144 2370 παρὰ
2166 2317 2369 2369 ἀνθρώπου,

1343 2378 1402 2416 καὶ
1432 2379 1453 2416 ἃ
1486 2377 1605 2429 μηδεὶς
1637 2377 1764 2424 ἤκουσε
1795 2377 1952 2416 πώποτε·
1975 2377 2034 2415 καὶ
2067 2377 2284 2415 διανίσταται
2305 2377 2366 2429 μὲν

1344 2439 1428 2492 πρὸς
1449 2439 1488 2477 τὸ
1506 2438 1588 2490 ὕψος
1607 2441 1674 2476 τῶν
1691 2437 1887 2489 λεγομένων
1907 2438 1991 2482 τέως
2003 2468 2013 2486 ,
2031 2442 2213 2476 σκοτοῦται
2235 2437 2287 2486 δὲ,
2307 2439 2368 2476 καὶ

1344 2503 1409 2552 οὐχ
1427 2501 1587 2546 ἵσταται,
1617 2503 1796 2551 πανταχοῦ
1827 2498 2094 2550 περιφερόμενος
2122 2499 2182 2537 καὶ
2215 2502 2368 2551 συνεχῶς

1345 2559 1522 2600 ἐκπίπτων
1537 2563 1599 2607 τῆς
1621 2559 1780 2604 πίστεως.
1801 2560 1864 2597 Διὸ
1885 2560 1943 2597 καὶ
1963 2559 2120 2610 ἐπιμένει
2145 2560 2363 2599 κατασκευά-

1345 2624 1410 2666 ζων
1432 2621 1472 2659 τὸ
1504 2620 1683 2668 ἀδύνατον,
1703 2619 1792 2658 ὥστε
1821 2621 1867 2664 εἷς
1899 2620 2112 2672 σαφεστέραν
2134 2621 2233 2659 αὐτὸν
2263 2623 2365 2659 ε’κκα-

1343 2682 1510 2721 λέσασθαι
1533 2680 1769 2719 διδασκαλίαν.
1787 2679 1848 2726 Μὴ
1882 2681 2022 2719 δύναται
2048 2680 2137 2733 γὰρ,
2167 2681 2282 2733 φησὶν,
2303 2681 2365 2719 ἄν-

1345 2747 1480 2797 θρωπος
1506 2745 1552 2787 εἷς
1573 2742 1636 2789 τὴν
1663 2741 1796 2779 κοιλίαν
1828 2745 1890 2788 τῆς
1919 2742 2049 2794 μητρὸς
2083 2743 2186 2780 αὐτοῦ
2209 2741 2364 2794 δεύτερον

1344 2806 1504 2843 εἰσελθεῖν
1521 2803 1581 2842 καὶ
1603 2806 1831 2855 γεννηθῆναι;
1851 2801 1980 2855 ςΟρίῖίτε
2008 2804 2100 2848 πῶς,
2116 2801 2198 2840 ὅταν
2219 2808 2289 2846 τοῖς
2308 2804 2363 2841 οἷ-

1343 2865 1446 2909 κείοις
1473 2867 1651 2917 λογισμοῖς
1681 2863 1847 2917 ἐπιτρέψῃ
1875 2879 1926 2907 τις
1957 2862 2000 2901 τὰ
2032 2863 2272 2914 πνευματικὰ,
2304 2864 2364 2903 καὶ

1343 2926 1585 2977 καταγέλαστα
1605 2925 1808 2978 φθέγγεται,
1825 2924 1884 2962 καὶ
1898 2926 2015 2977 ληρεῖν
2032 2925 2124 2962 δοκεῖ
2138 2923 2197 2962 καὶ
2215 2924 2362 2975 μεθύειν,

1343 2987 1424 3026 ὅταν
1444 2985 1819 3040 περιεργάζηταιπαρὰ
1835 2986 1875 3024 τὸ
1893 2987 1942 3036 τῷ
1961 2987 2043 3037 Θεῷ
2063 2986 2180 3024 δοκοῦν
2202 2984 2246 3023 τὰ
2265 2988 2362 3038 εἰρη-

1345 3049 1432 3099 μένα
1443 3079 1453 3097 ,
1470 3048 1528 3087 καὶ
1543 3047 1590 3098 μὴ
1612 3047 1756 3099 δέχηται
1770 3046 1831 3093 τὴν
1851 3049 1912 3092 τῆς
1925 3046 2074 3090 πίστεως
2090 3047 2361 3098 συγκατάθεσιν;

1343 3110 1361 3129 *
1377 3109 1530 3148 Ἤκουσε
1564 3108 1753 3160 γεννήσεως
1789 3110 2044 3157 πνευματικῆς,
2064 3107 2124 3145 καὶ
2153 3110 2213 3146 οὐκ
2240 3107 2362 3154 ἐνόησε

1399 3251 1414 3267 *
1440 3248 1562 3292 [Savil.
1581 3255 1684 3287 ἤκουσε
1707 3254 1833 3290 γέννησιν
1856 3253 2067 3290 πνευματικήν,
2089 3252 2157 3281 ἀλλ’
2186 3251 2236 3281 οὐκ
2263 3254 2304 3281 ἐν.
2323 3263 2354 3282 π.

1353 3300 1439 3333 Cod.
1453 3302 1516 3334 705
1526 3307 1628 3339 η”ιουσε
1643 3307 1769 3343 'sivit-mm
1787 3304 1835 3332 καὶ
1854 3305 2053 3341 πνευματικὴν
2067 3303 2115 3332 οὐκ
2130 3304 2169 3332 ἐν.
2188 3298 2272 3331 Cod.
2286 3301 2351 3331 706

1348 3360 1450 3391 ἤκουσε
1478 3359 1616 3396 γέννησιν,
1629 3355 1697 3386 ἀλλ’
1714 3355 1763 3386 οὐκ
1780 3356 1820 3385 ἐν.
1834 3358 2032 3394 πνευματικήν
2057 3350 2131 3382 Mox
2147 3350 2230 3384 Cod.
2243 3352 2305 3383 705
2328 3356 2360 3384 τὸ

1350 3406 1459 3448 stira]
