2522 3683
114 743 192 772 llud.
207 754 230 771 v.
254 752 295 772 ιο.

110 1216 300 1243 Jh1‹l.v.12.

106 1318 300 1357 Joan.5.·39.

112 1367 185 1394 Luc.
205 1374 254 1394 21.
267 1365 298 1395 8-

111 1468 228 1497 ]ῙαΗῘι.
244 1468 293 1507 24.

115 1512 159 1545 14.

107 1686 177 1716 llud
205 1700 230 1716 ι’.
246 1689 294 1729 24.

111 2483 189 2511 Ιὺὶά,
204 2493 230 2511 v.
246 2484 295 2513 25.

115 2798 227 2853 glaub.
248 2797 297 2836 24.

113 2851 142 2866 δ.

116 2906 195 2934 Ibid.
209 2905 257 2935 26.

116 2947 163 2976 18.

321 166 410 225 7¹4

317 260 440 309 bisque
458 258 618 297 ostendat
632 258 757 296 dolum
771 258 806 295 in
826 257 912 309 ipsis
924 255 1196 294 absconditum?
1214 256 1296 295 Ideo
1322 262 1345 291 B

316 320 395 349 ante
405 313 505 362 signa
517 320 595 363 post
612 310 871 362 discipulorum
885 309 1297 360 intc1·1·ogationem,illos

316 364 484 416 przemisit
501 373 540 401 ut
559 364 662 416 lupos
682 377 824 414 gregem
839 362 1058 409 invadentes,
1072 371 1104 399 01
1118 362 1298 400 Antichri-

316 417 359 453 sti
378 430 610 468 praecursores
633 433 641 453 :
664 415 793 453 deinde
813 430 867 462 ea,
889 429 966 465 quae
988 423 1180 464 sequutura
1200 424 1295 464 sunt,

315 468 489 520 praedicit,
510 469 602 506 bella
618 478 651 506 et
669 468 857 506 seditiones
876 467 988 517 gentis
1020 476 1140 505 contra
1160 477 1299 518 gentem

314 530 348 560 01
361 522 460 572 regni
476 521 647 560 adversus
660 534 819 570 regnum.
834 520 920 566 Quae
936 533 1030 556 nune
1046 519 1219 570 videntes,
1229 534 1298 558 non

315 574 546 625 intelligimus
565 591 573 610 ε
593 573 751 612 videntes
769 572 863 609 bella
883 572 918 608 in
941 571 1092 610 diversis
1118 572 1219 622 10015,
1245 573 1299 610 fa—

314 641 422 674 mem,
447 627 627 675 terricula,
650 626 751 676 signa
766 623 811 661 de
829 624 927 673 caelo,
951 633 984 661 et
1004 634 1127 662 caetma
1144 639 1221 675 quae
1238 625 1298 662 di-

314 679 369 716 xit
387 679 650 731 quamplurima
672 677 849 725 videntes,
870 691 940 714 non
960 676 1294 716 animadvertimus.

320 733 437 778 Tunc,
463 731 589 782 inquit,
609 731 986 769 scandalizabuntur
1014 731 1139 777 multi,
1171 739 1208 768 et
1240 734 1298 768 in—

316 788 433 821 uicem
462 785 626 822 tradent.
644 784 689 821 Et
725 783 787 820 uhi
811 783 887 834 jam
922 797 993 821 non
1026 793 1079 820 051
1114 783 1296 835 proditio?

313 851 427 874 nonne
441 851 560 874 omnes
581 837 650 875 fere
664 845 784 874 contra
798 836 887 873 alios
899 835 1102 888 insurgunt,
1119 845 1151 873 et
1170 850 1205 873 50
1220 851 1297 873 mu-

312 899 372 927 tuo
392 889 567 928 oderunt?
587 890 662 927 Hoc
685 903 825 940 quoque
849 888 1038 940 impletum
1055 897 1120 938 est,
1137 898 1176 926 ut
1197 888 1297 928 vide-

312 957 401 980 mus.
423 945 548 981 Nonne
566 956 686 980 omnes
706 956 779 979 sese
806 951 930 978 mutuo
960 941 1193 993 impugnant?
1214 955 1298 992 gens

314 1005 432 1033 contra
451 1004 588 1047 gentem
603 995 769 1046 insurgit,
786 1008 935 1045 regnum
949 994 1120 1032 adversus
1136 1007 1297 1044 regnum,
1321 1001 1344 1031 C

310 1048 490 1103 principes
521 1057 642 1086 contra
668 1047 868 1099 principes,
897 1046 1053 1098 episcopi
1077 1054 1197 1083 contra
1224 1046 1299 1097 epi-

313 1114 456 1153 scopm,
484 1101 682 1152 presbyteri
722 1108 842 1137 contra
880 1099 1124 1150 presbyteros,
1159 1097 1298 1135 diaconi

315 1163 436 1191 contra
466 1153 632 1191 diaconos
650 1183 659 1200 ,
691 1152 836 1189 lectores
863 1159 984 1188 contra
1020 1151 1187 1197 lectores,
1216 1150 1299 1187 laici

317 1215 437 1244 contra
469 1205 602 1243 laicos?
632 1206 724 1243 Nam
752 1205 945 1254 Quoniam
978 1203 1193 1240 abundavit
1226 1205 1300 1239 ini-

317 1261 459 1310 quitas,
470 1260 691 1311 refrigescet
713 1259 858 1294 caritas
881 1256 1102 1292 multorum.
1118 1254 1203 1292 Ideo
1216 1269 1301 1307 prae-

316 1310 411 1348 dixit
441 1311 641 1349 Dominus:
659 1310 893 1348 Scrutamini
916 1308 1132 1359 Scripturas
1141 1323 1156 1352 ,·
1176 1316 1222 1354 et,
1243 1310 1303 1345 Ne

314 1365 568 1402 seducamini.
594 1362 706 1400 Aliud
734 1375 856 1398 rursus
891 1361 1034 1411 signum
1060 1360 1231 1412 praemisit
1243 1360 1300 1398 di—

311 1430 411 1454 cens:
431 1418 715 1455 Praedicabitur
732 1415 803 1451 hoc
825 1413 1068 1465 evangelium
1087 1415 1128 1450 in
1149 1415 1301 1451 univer-

313 1483 354 1507 so
384 1470 528 1507 mundo
560 1472 602 1506 in
626 1469 885 1506 testimonium
906 1467 1083 1503 omnibus
1109 1468 1298 1516 gentihus.

311 1522 357 1559 Et
376 1531 459 1559 11100
478 1531 643 1574 exspecta
664 1520 772 1558 finem
787 1535 794 1555 :
808 1527 970 1570 exspecta
977 1527 1032 1567 ,te
1046 1515 1209 1556 visurum
1228 1531 1301 1556 esse

311 1575 611 1612 abominationem
649 1571 892 1619 desolationis,
915 1571 1034 1608 filium
1070 1569 1296 1622 perditionis,

310 1636 455 1679 propter
484 1641 588 1677 quem
619 1626 680 1663 fiet
712 1623 896 1662 tribulatio
929 1636 1070 1673 magna,
1094 1623 1209 1673 qualis
1228 1637 1297 1661 non

309 1680 378 1716 fuit
397 1680 443 1717 ab
464 1679 567 1717 initio
589 1677 727 1716 mundi.
750 1678 978 1726 Rursumque
997 1675 1092 1713 dixit
1110 1690 1118 1710 :
1135 1676 1297 1727 Surgent

307 1733 589 1783 pseudochristi
605 1741 640 1769 et
656 1730 1008 1782 pseudoprophetae,
1034 1736 1071 1765 et
1086 1729 1236 1765 dabunt
1249 1732 1297 1766 si-

307 1799 386 1836 gna
405 1793 442 1822 et
454 1785 646 1836 prodigia,
669 1786 726 1820 ita
745 1791 786 1820 ut
803 1784 844 1818 in
861 1795 1026 1819 errorem
1046 1781 1246 1829 inducant,
1264 1784 1297 1819 si

308 1838 396 1887 sieri
412 1840 545 1888 possit,
569 1839 685 1874 etiam
708 1836 860 1872 electos.
888 1833 985 1873 Vide
1004 1832 1183 1883 quomodo
1203 1847 1296 1884 saepe
1322 1847 1344 1876 n

309 1899 479 1927 memoret
497 1887 837 1941 pseudoprophetas,
855 1886 962 1923 falsos
979 1885 1155 1935 doctores,
1175 1894 1208 1922 et
1224 1886 1293 1922 fal-

308 1956 364 1979 sos
381 1943 557 1994 apostolos
578 1939 785 1978 Antichristi
808 1938 876 1975 filii
895 1937 1127 1990 perditionis,
1149 1937 1211 1988 qui
1233 1952 1295 1989 per

308 1995 511 2032 immundos
541 1994 686 2045 spiritus
713 1991 884 2043 impulsi,
914 1999 947 2027 et
976 1991 1022 2028 ab
1054 1990 1127 2027 illis
1154 1991 1291 2042 produ-

310 2047 371 2097 011,
393 2060 625 2099 praecursores
651 2045 744 2082 fiunt
775 2043 986 2081 Antichristi
1015 2042 1291 2095 etadversarii3

309 2109 342 2138 ct
368 2114 431 2152 per
449 2099 594 2151 propria
631 2097 799 2148 dogmata
836 2095 1014 2143 seducent,
1049 2104 1082 2132 et
1120 2109 1291 2147 praepara-

307 2153 396 2190 bunt
412 2152 586 2204 populum
602 2150 818 2204 peculiarem
833 2148 880 2186 ad
894 2147 1162 2199 suscipiendum
1176 2148 1294 2187 filium

308 2205 532 2256 perditionis.

361 2260 397 2295 9.
427 2257 576 2305 Idcirco,
592 2256 731 2303 fratres,
748 2254 872 2292 divina
900 2252 1085 2304 Scriptura
1110 2266 1202 2304 saepe
1219 2253 1293 2290 ela-

309 2319 395 2360 mat,
413 2311 544 2348 multos
560 2308 763 2347 seductores
782 2306 933 2344 exivisse
953 2305 988 2343 in
1004 2305 1193 2343 mundum.
1210 2305 1293 2344 Ideo

310 2362 484 2401 Dominus
514 2362 564 2399 510
594 2360 732 2398 intulit:
754 2361 856 2397 Ecce
874 2359 1037 2410 praedixi
1063 2360 1187 2396 vohis.
1208 2360 1293 2396 Per-

309 2415 507 2467 pendamus
527 2422 664 2466 oportet
681 2412 902 2463 singularum
919 2410 1119 2448 dictionum
1138 2424 1291 2449 sensum.

311 2470 412 2506 Ecce
437 2468 601 2520 prcedixi
628 2467 757 2509 010105,-
774 2464 813 2501 id
835 2472 899 2513 est,
921 2465 1000 2502 Jam
1020 2463 1201 2500 obtentum
1223 2478 1293 2501 non

312 2521 459 2558 habetis.
472 2522 574 2558 Ecce
585 2519 749 2571 proedixi
766 2518 877 2554 vobis
891 2531 901 2551 :
916 2515 945 2553 si
958 2516 1162 2567 quempiam
1174 2530 1220 2554 ex
1230 2531 1293 2554 vo-
1318 2531 1340 2561 E

310 2573 367 2610 bis
395 2573 573 2620 seducant,
594 2585 662 2609 non
690 2569 755 2608 erit
790 2569 851 2606 ille
882 2568 986 2606 venia
1018 2568 1161 2619 dignus.
1192 2571 1294 2607 Ecce

310 2627 473 2676 praedioei
504 2627 615 2662 vobis
637 2622 760 2659 :nulli
792 2621 950 2673 suppetit
980 2622 1161 2658 excusatio
1199 2622 1291 2673 legi-

312 2678 409 2715 tima.
434 2679 534 2715 Ecce
566 2677 730 2728 prcedioei
759 2676 869 2712 vobis
895 2676 1028 2711 omnia
1046 2689 1057 2709 .·
1077 2675 1223 2720 Videte,
1248 2689 1294 2712 ne

313 2731 564 2767 seducamini.
588 2730 624 2769 Ὗ
629 2728 741 2777 111010,
773 2741 816 2764 ne
839 2740 904 2779 pro
942 2740 997 2764 1110
1024 2740 1110 2764 vero
1139 2727 1293 2776 Christo,

313 2783 424 2819 alium
452 2781 706 2818 Antichristum
732 2779 921 2831 recipiatis.
949 2779 1070 2816 ‚Mulli
1099 2782 1200 2816 enim
1227 2794 1294 2817 ve-

317 2838 422 2872 nient
441 2837 482 2871 in
498 2836 650 2870 nomine
670 2847 765 2879 meo,
777 2833 961 2877 dicentes,
982 2833 1066 2883 Ego
1079 2845 1162 2869 sum
1182 2833 1293 2870 Chri-

315 2897 410 2933 stus,
428 2896 463 2924 ec
478 2887 618 2923 multos
636 2886 833 2929 seclucent;
851 2893 896 2931 et,
916 2885 1077 2935 Tempus
1090 2898 1206 2936 prope
1220 2894 1289 2923 est.

313 2942 366 2980 Ne
395 2953 478 2989 ergo
507 2947 586 2990 post
614 2937 694 2973 illos
721 2937 819 2974 eatis.
843 2936 986 2987 Videte,
1005 2946 1135 2986 quanta
1163 2937 1218 2975 his
1250 2937 1293 2975 de

312 2993 417 3032 rebus
431 2993 467 3029 in
487 2990 596 3028 sacris
617 2989 808 3040 Scripturis
826 2988 1002 3026 dicantur.
1016 2989 1098 3027 ldeo
1118 3004 1209 3042 saepe
1227 3003 1292 3028 vos

311 3044 481 3085 admonui
518 3043 611 3080 circa
645 3041 773 3092 impios
807 3040 1012 3088 haereticos,
1043 3051 1077 3078 et
1106 3056 1200 3080 nunc
1227 3057 1289 3080 ro-

310 3113 376 3151 go,
402 3097 500 3136 nulla
530 3095 566 3132 in
593 3109 629 3132 re
662 3107 743 3130 cum
770 3092 840 3129 illis
870 3094 1094 3130 consentiatis
1118 3095 1175 3132 vel
1204 3109 1288 3132 eon-

308 3151 472 3199 veniatis,
498 3162 568 3186 non
597 3147 633 3184 in
663 3145 741 3183 cibo
771 3154 804 3182 01
832 3153 936 3195 potu,
965 3159 1034 3182 non
1066 3146 1101 3182 in
1130 3147 1287 3185 amicitia

307 3205 363 3243 vel
389 3204 532 3251 affectu,
563 3214 633 3238 non
658 3198 694 3235 in
717 3211 827 3248 agape
852 3206 885 3234 et
912 3197 946 3234 in
986 3211 1082 3248 pace.
1103 3199 1193 3236 Nam
1224 3200 1286 3248 qui

305 3257 340 3295 in
366 3256 424 3293 his
450 3256 616 3306 deceptus
647 3265 729 3289 011111
759 3250 829 3287 11115
857 3249 1038 3293 consentit,
1064 3249 1219 3287 alienum
1249 3266 1286 3289 50

302 3308 482 3347 constituit
517 3307 562 3344 ab
595 3303 756 3343 Ecclesia
793 3301 986 3340 Catholiea.
1012 3303 1130 3339 Verus
1166 3311 1283 3341 autem

299 3372 330 3401 et
353 3362 507 3399 sincerus
532 3358 598 3397 Dei
625 3355 824 3408 discipulus
851 3368 932 3393 011111
960 3352 1092 3392 fiducia
1119 3353 1247 3392 clamat
1272 3372 1278 3391 :

1277 177 1448 208 SPURIA.

1372 258 1589 296 διδασκάλων
1601 259 1658 296 καὶ
1676 262 1858 325 αἳρετικῶν
1871 263 1930 297 τοῦ
1944 260 2205 311 ἀπογυμνῶσαι,
2217 261 2276 299 καὶ
2290 261 2398 305 δεῖξαι

1370 315 1455 361 ἡμῖν
1468 311 1524 348 τὸν
1541 327 1778 363 κεκρυμμενον
1789 313 1824 349 ἐν
1837 313 1951 355 αὐτοῖς
1964 311 2061 350 δόλον
2073 328 2082 360 ;
2093 313 2156 350 Διὸ
2171 313 2230 351 καὶ
2242 314 2311 365 πρὸ
2329 317 2397 353 τῶν

1372 363 1525 414 σημείων
1540 367 1573 402 ἐν
1585 367 1627 416 τῇ
1642 364 1810 415 ἐρωτήσει
1817 366 1886 402 τῶν
1898 367 2077 414 μαθητῶν,
2089 365 2229 408 τούτους
2240 365 2398 418 προήγα-

1371 432 1427 467 γεν
1440 416 1617 470 ὡςλόκους
1630 421 1691 463 τῆς
1707 416 1855 466 ποίμνης
1866 417 1926 455 καὶ
1941 420 1999 454 τοῦ
2016 417 2237 469 ἀντιχρίστου
2255 418 2399 471 προδρό*

1373 485 1473 518 μους·
1492 473 1564 506 εἶτα
1584 475 1728 520 προεῖπε
1745 469 1789 507 τὰ
1811 469 1994 516 ἀκόλουθα,
2006 470 2177 520 πολέμους
2191 470 2251 507 καὶ
2264 473 2401 508 ἀκατα-

1372 522 1530 567 στασίας,
1544 522 1636 564 ἔθνος
1652 521 1709 559 ἐπὶ
1732 521 1841 567 ἔθνος,
1859 521 1917 559 καὶ
1939 522 2114 573 βασιλείαν
2130 523 2187 561 ἐπὶ
2199 522 2377 573 βασιλείαν
2392 540 2399 547 ·

1372 574 1460 625 ἅπερ
1472 576 1618 625 ὁρῶντες
1634 579 1692 612 νῦν
1705 604 1714 621 ,
1730 577 1767 612 οὔ
1780 574 1952 623 συνίεμεν,
1968 574 2151 624 βλέποντες
2167 575 2257 612 κατὰ
2272 574 2398 619 τόπους

1371 627 1564 677 πολέμους,
1586 627 1645 665 καὶ
1663 626 1807 678 λιμοὺς,
1828 627 1886 664 καὶ
1904 627 2084 678 φόῧητρα,
2107 627 2166 664 καὶ
2183 633 2313 678 σημεῖα
2332 629 2400 666 ἀπὸ

1371 684 1429 717 τοῦ
1449 681 1611 731 οὐρανοῦ,
1633 679 1692 718 καὶ
1717 679 1761 718 τὰ
1778 679 1886 718 λοιπὰ
1905 679 1994 730 ἅπερ
2015 678 2163 731 εἴρηκεν,
2183 680 2226 717 τὰ
2252 681 2400 718 πλεῖστα

1371 735 1535 784 ὁρῶντες,
1559 735 1597 770 οὐ
1629 732 1802 783 συνίεμεν.
1824 731 1934 778 Τότε,
1952 731 2059 784 φησὶ,
2078 732 2398 778 σκανδαλισθήσον-

1371 800 1428 822 ται
1449 785 1592 833 πολλοὶ,
1612 786 1672 823 καὶ
1693 786 1863 831 ἀλλήλους
1880 783 2141 837 παραδώσουσι.
2169 783 2238 821 Καὶ
2257 789 2323 822 ποῦ
2343 790 2400 823 νῦν

1371 839 1432 874 οὐκ
1448 837 1520 875 ἔστι
1536 837 1725 890 προδοσία,
1743 837 1819 889 οὐχὶ
1840 836 1967 880 πάντες
1992 836 2115 888 σχεδὸν
2135 838 2211 874 κατ’
2239 837 2400 883 ἀλλήλων

1369 890 1548 940 γεγόνασι,
1569 890 1628 928 καὶ
1654 894 1812 941 μισοῦσιν
1845 889 2030 936 ἀλλήλους,
2051 889 2121 927 Καὶ
2145 893 2246 927 τοῦτο
2265 889 2401 937 πεπλή-

1373 957 1497 992 ρωται,
1529 942 1643 985 καθὼς
1673 946 1820 995 ὁρῶμεν.
1849 942 1942 995 Οὐχὶ
1967 941 2094 985 πάντες
2125 941 2204 979 κατ’
2237 942 2397 988 ἀλλήλων

1371 994 1565 1044 γεγόνασιν,
1591 995 1682 1038 ἔθνος
1710 997 1767 1033 ἐπὶ
1797 996 1889 1038 ἔθνος
1930 994 2091 1046 βασιλεία
2120 994 2178 1032 ἐπὶ
2208 994 2400 1046 βασιλείαν,

1372 1046 1536 1098 ἄρχοντες
1556 1047 1647 1085 κατὰ
1668 1049 1736 1085 τῶν
1771 1047 1912 1098 ὁμοίων,
1932 1047 2116 1085 ἐπίσκοποι
2145 1047 2236 1085 κατὰ
2255 1048 2400 1086 ἐπισκό-

1371 1114 1462 1146 πων,
1485 1099 1715 1151 πρεσὸότεροι
1744 1100 1834 1137 κατὰ
1863 1098 2120 1151 πρεσὸυτέρων,
2155 1100 2214 1137 καὶ
2250 1100 2400 1138 διάκονοι

1372 1150 1463 1188 κατὰ
1500 1151 1679 1199 διακόνων,
1718 1153 1936 1204 ἀναγνῶσται
1969 1153 2047 1188 κατ’
2085 1152 2258 1200 ἀλλήλων,
2285 1153 2400 1191 λαϊκοὶ

1373 1203 1464 1241 κατὰ
1484 1205 1638 1250 λαϊκῶν,
1661 1203 1729 1241 Διὰ
1747 1204 1815 1256 γὰρ
1835 1203 1873 1241 τὸ
1890 1205 2130 1249 πληθυνθῆναι
2148 1204 2210 1250 τὴν
2232 1205 2378 1255 ἀνομίαν
2390 1236 2399 1253 ,

1373 1256 1569 1307 ψυγήσεται
1588 1260 1609 1303 ἡ
1629 1256 1747 1307 ἀγάπη
1769 1260 1838 1294 τῶν
1856 1258 2007 1294 πολλῶν.
2030 1255 2098 1294 Διὰ
2117 1259 2218 1294 τοῦτο
2236 1263 2399 1308 προεῖπεν

1373 1311 1391 1345 ὃ
1419 1308 1621 1355 Δεσπότης·
1655 1311 1839 1360 Ἐρευνᾶτε
1873 1308 1934 1351 τὰς
1963 1307 2126 1360 Γραφὰς,
2154 1308 2233 1356 καὶ,
2264 1311 2316 1347 Οὐ
2350 1308 2399 1359 μὴ

1373 1362 1584 1408 πλανηθῆτε.
1606 1360 1751 1413 <Έτερον
1772 1361 1808 1399 δὲ
1835 1361 1941 1399 πάλιν
1961 1367 2103 1411 σημεῖον
2122 1361 2313 1412 προέθηκεν
2339 1362 2398 1400 λε’·

1373 1429 1442 1463 γων
1459 1429 1466 1436 ·
1499 1413 1567 1451 Καὶ
1585 1414 1844 1466 κηρυχθήσεται
1877 1418 1977 1451 τοῦτο
1997 1413 2036 1450 τὸ
2056 1414 2253 1465 εὐαγγέλιον
2281 1416 2316 1451 ἐν
2334 1413 2398 1465 ὅλῃ

1373 1469 1414 1516 τῇ
1435 1466 1618 1517 οἰκουμένῃ
1637 1469 1684 1510 εἰς
1701 1466 1888 1518 μαρτύριον
1906 1472 1994 1504 πᾶσι
2010 1471 2079 1508 τοῖς
2094 1465 2215 1505 ἔθνεσι.
2233 1466 2302 1504 Καὶ
2321 1466 2399 1505 τότε

1372 1518 1569 1570 προσδέχου
1602 1519 1642 1556 τὸ
1672 1519 1789 1567 τέλος,
1808 1518 1986 1572 προσδόκα
2021 1519 2103 1555 ἰδεῖν
2138 1518 2316 1571 βδέλυγμα
2337 1522 2399 1565 τῆς

1372 1571 1581 1622 ἐρημώσεως
1594 1602 1603 1619 ,
1623 1571 1680 1609 τὸν
1703 1571 1774 1609 υἱὸν
1796 1574 1857 1617 τ’ῆς
1878 1569 2053 1613 ἀπωλείας
2067 1601 2076 1618 ,
2097 1571 2141 1607 δι’
2162 1571 2197 1609 ὃν
2216 1571 2399 1622 γενήσεται

1371 1623 1484 1674 θλίψις
1501 1624 1614 1670 πολλὴ
1635 1624 1694 1661 καὶ
1722 1624 1856 1675 μεγάλη
1870 1654 1878 1669 ,
1896 1622 1948 1660 οἵα
1977 1625 2014 1661 οὗ
2040 1623 2178 1674 γέγονεν
2206 1625 2265 1660 ἀπ’
2287 1626 2398 1676 ἀρχῆς

1370 1681 1428 1714 τοῦ
1450 1676 1591 1727 κόσμου.
1617 1677 1685 1714 Καὶ
1715 1677 1822 1715 πάλιν
1845 1676 1960 1726 λέγει·
1981 1677 2254 1728 Ἔγερθήσονται
2274 1676 2397 1728 ψευδό-

1369 1743 1506 1779 χριστοι
1534 1729 1592 1766 καὶ
1609 1730 1890 1782 ψευδοπροφῆται
1904 1758 1913 1776 ,
1929 1727 1987 1765 καὶ
2007 1727 2154 1765 δώσουσι
2179 1734 2309 1778 σημεῖα
2338 1729 2397 1766 καὶ

1368 1781 1516 1832 τέρατα,
1537 1781 1626 1820 ὥστε
1641 1810 1650 1827 ,
1672 1784 1701 1819 εἷ
1723 1781 1878 1827 δυνατὸν,
1908 1782 2086 1825 πλανῆσαι
2108 1779 2166 1817 καὶ
2192 1781 2270 1825 τοὺς
2296 1782 2396 1819 ἐκλε-

1369 1834 1482 1876 κτούς.
1501 1833 1598 1885 εὈρα
1618 1833 1666 1881 δὲ,
1688 1836 1761 1877 πῶς
1780 1834 1850 1871 ἀνω
1873 1833 1931 1870 καὶ
1949 1833 2046 1871 κάτω
2066 1832 2142 1876 τοὺς
2160 1834 2398 1886 ψευδοπροφή-

1368 1901 1430 1929 τας
1461 1886 1519 1924 καὶ
1547 1886 1882 1938 ψευδοδιδασκάλους
1916 1885 1976 1923 καὶ
2006 1885 2304 1937 ψευδαπόστόλους
2335 1889 2395 1924 τοῦ

1369 1938 1590 1990 ἀντιχρίστου
1608 1942 1680 1977 υἱοῦ
1701 1943 1763 1986 τῆς
1784 1937 1958 1980 ἀπωλείας
1971 1968 1980 1985 ,
1997 1937 2117 1981 οἵτινες
2144 1937 2200 1976 διὰ
2219 1942 2287 1976 τῶν
2308 1940 2396 1977 ἀκα-

1369 1991 1502 2042 θάρτων
1529 1992 1739 2043 πνευμάτων
1772 1990 2091 2043 προχειριζόμενοι,
2111 1991 2171 2028 καὶ
2192 1992 2250 2028 ὑπ’
2282 1993 2394 2029 αὐτῶν

1367 2043 1624 2096 ἐνεργούμενοι,
1640 2043 1833 2096 πρόδρομοι
1849 2042 2002 2094 γίνονται
2020 2049 2078 2082 τοῦ
2093 2043 2314 2095 ἀντιχρίστου
2334 2044 2393 2081 καὶ

1368 2096 1699 2147 ἀντικειμένου-καὶ
1731 2096 1789 2134 διὰ
1818 2099 1886 2134 τῶν
1912 2095 2007 2133 ἰδίων
2040 2095 2225 2146 δογμάτων
2257 2096 2392 2142 ἀπατή-

1367 2163 1485 2195 σουσι,
1512 2148 1570 2187 καὶ
1591 2149 1814 2199 ἑτοιμάσουσι
1834 2149 1918 2186 λαὸν
1938 2148 2131 2195 ἐπιτήδειον
2164 2147 2249 2200 πρὸς
2267 2150 2391 2188 ὑποδο-

1365 2199 1433 2251 γὴν
1457 2205 1515 2238 τοῦ
1536 2204 1608 2240 υἱοῦ
1628 2204 1690 2247 τῆς
1710 2201 1897 2244 ἀπωλείας.

1419 2253 1487 2292 Διὰ
1507 2257 1609 2291 τοῦτο
1629 2258 1646 2300 ἡ
1672 2253 1747 2291 Οείοὶ
1764 2253 1908 2305 Γραφὴ,
1932 2253 2094 2305 ἀδελφοὶ,
2115 2253 2184 2290 ἀνω
2216 2253 2274 2290 καὶ
2295 2253 2391 2291 κάτω

1365 2305 1504 2357 κράζει,
1529 2305 1581 2343 ὅτι
1613 2306 1735 2344 πολλοὶ
1765 2306 1890 2344 πλάνοι
1913 2305 2051 2350 ἐξῆλθον
2082 2308 2130 2348 εἰς
2158 2305 2216 2343 τὸν
2247 2305 2388 2355 κόσμον.

1365 2358 1434 2396 Διὰ
1452 2363 1552 2397 τοῦτο
1571 2357 1630 2395 καὶ
1656 2361 1674 2396 ὁ
1692 2357 1872 2404 Δεσπότης
1894 2357 2049 2409 ἐπήγαγε
2081 2358 2139 2405 τὸ,
2161 2355 2249 2395 Ἰδοὺ
2269 2358 2390 2410 προεί-

1368 2427 1457 2462 ρηκα
1476 2414 1569 2461 ὑμῖν.
1591 2413 1693 2449 Νοεῖν
1719 2411 1754 2448 δὲ
1771 2413 1864 2460 ἡμᾶς
1887 2409 1957 2462 χρὴ
1977 2411 2034 2448 τὸν
2058 2415 2135 2448 νοῦν
2164 2409 2312 2456 ἑκάστης
2331 2409 2389 2448 λε’·

1367 2464 1459 2507 ξεως.
1478 2463 1566 2502 Ἰδοὺ
1579 2463 1771 2516 προείρηκα
1788 2466 1867 2513 ὑμῖν
1879 2478 1886 2486 ·
1901 2462 2087 2511 τουτέστιν,
2105 2462 2235 2515 ἀπάρτι
2251 2461 2389 2515 πρόφα-

1366 2532 1418 2554 σιν
1440 2518 1502 2554 οὐκ
1520 2517 1628 2568 ἔχετε.
1647 2515 1737 2554 Ἰδοὺ
1755 2515 1947 2569 προείρηκα
1977 2518 2075 2565 ὑμῖν·
2103 2515 2161 2553 ἐὰν
2183 2515 2390 2561 πλανήσωσί

1364 2585 1442 2607 τινα
1471 2569 1506 2613 ἐξ
1537 2572 1649 2620 ὑμῶν,
1681 2568 1924 2620 ἀσύγγνωστος
1948 2568 2057 2606 ἔσται.
2077 2567 2166 2606 Ἰδοὺ
2198 2567 2389 2618 προείρηκα

1367 2624 1466 2672 ὑμῖν·
1488 2622 1624 2674 εὔλογον
1647 2621 1818 2673 πρόφασιν
1849 2620 1958 2664 οὐδεὶς
1979 2620 2064 2672 ἔχει.
2085 2618 2175 2658 Ἰδοὺ
2196 2620 2389 2672 προείρηκα

1367 2677 1447 2725 ὑμῖν
1482 2675 1598 2713 πάντα
1613 2690 1620 2698 ·
1655 2675 1829 2720 Βλέπετε,
1852 2673 1900 2725 μὴ
1934 2675 2147 2719 πλανηθῆτε.
2167 2672 2317 2723 “Ορᾶτε,
2338 2671 2387 2723 μὴ

1366 2728 1469 2766 ἄλλον
1491 2726 1736 2780 ψευδόχριστον
1755 2726 1894 2773 δέξησθε
1923 2725 2000 2764 ἀντὶ
2027 2728 2110 2776 ἐμοῦ
2128 2728 2187 2763 τοῦ
2210 2727 2385 2772 ἀληθινοῦ.

1367 2779 1498 2818 Πολλοὶ
1517 2779 1583 2832 γὰρ
1600 2779 1797 2818 ἐλεύσονται
1812 2781 1846 2816 ἐν
1867 2781 1915 2832 τῷ
1935 2778 2079 2829 ὀνόματί
2102 2794 2187 2828 μου,
2208 2777 2364 2829 λέγοντες
2377 2792 2385 2799 ·

1366 2833 1417 2870 ὅτι
1443 2832 1512 2883 ἐγώ
1544 2835 1617 2883 εἶμι
1636 2835 1653 2870 ὅ
1684 2831 1854 2884 Χριστὸς,
1882 2831 1940 2869 καὶ
1973 2829 2120 2873 πολλοὺς
2151 2830 2386 2876 πλανήσουσι·

1366 2885 1445 2932 καὶ,
1465 2885 1509 2923 Ὁ
1525 2885 1643 2936 καιρὸς
1672 2884 1772 2935 ἐγγύς
1794 2886 1879 2922 ἐστι.
1899 2883 1958 2930 Μὴ
1979 2878 2036 2921 οῧν
2062 2885 2252 2935 πορευθῆτε
2271 2881 2381 2920 ὀπίσω

1365 2939 1492 2976 αὐτῶν.
1512 2937 1662 2989 Ὁρᾶτε,
1681 2937 1786 2980 πόσος
1802 2940 1819 2975 ὁ
1834 2936 1933 2987 λόγος
1955 2937 1989 2973 ἐν
2008 2935 2121 2987 ἁγίαις
2137 2937 2290 2987 Γραφαῖς
2306 2934 2386 2986 περὶ

1363 2994 1431 3029 τῶν
1464 2991 1642 3028 τοιούτων.
1674 2988 1741 3027 Διὰ
1773 2993 1873 3027 τοῦτο
1897 2987 2065 3032 πολλάκις
2083 2990 2173 3039 ὑμᾶς
2200 2987 2385 3036 ὑπέμνησα

1363 3043 1442 3095 περὶ
1460 3045 1528 3080 τῶν
1551 3041 1659 3081 ἀθέων
1677 3043 1871 3093 αἱρετικῶν,
1888 3041 1947 3079 καὶ
1971 3045 2072 3078 τανῦν
2092 3041 2303 3093 παρακαλῶ,
2325 3043 2384 3077 τοῦ

1361 3095 1411 3146 μὴ
1441 3095 1702 3147 συγκαταὸἢναι
1724 3096 1838 3137 αὐτοῖς
1865 3093 1899 3131 ἔν
1927 3109 1995 3130 τινι
2029 3092 2234 3146 πράγματι,
2264 3092 2311 3142 μὴ
2346 3093 2380 3129 ἐν

1361 3148 1558 3201 βρώμασιν,
1577 3146 1598 3194 ἢ
1618 3149 1653 3184 ἐν
1672 3146 1839 3197 πόμασιν,
1853 3145 1876 3192 ἢ
1896 3144 2031 3199 φιλίᾳῆ
2060 3146 2204 3197 σχέσει,
2222 3144 2244 3191 ἢ
2262 3143 2380 3196 ἀγάπῃ

1358 3200 1379 3246 ἢ
1401 3201 1532 3253 εἰρήνῃ.
1555 3199 1599 3238 ‘O
1620 3199 1686 3251 γὰρ
1707 3200 1741 3236 ἓν
1760 3197 1893 3241 τούτοις
1912 3197 2157 3248 ἀπατώμενος,
2176 3197 2235 3234 καὶ
2249 3211 2381 3247 συγκα-

1357 3253 1532 3291 ταὸαίνων
1565 3255 1698 3299 αὐτοῖς,
1729 3250 1908 3301 ἀλλότριον
1948 3251 2066 3288 ἑαυτὸν
2103 3249 2288 3295 καθίστησι
2319 3251 2381 3294 τῆς

1355 3307 1542 3351 καθολικῆς
1579 3303 1806 3350 Ἐκκλησίας.
1838 3303 1883 3341 ‘O
1910 3302 1945 3340 δὲ
1975 3301 2133 3348 ἀληθινὸς
2171 3300 2230 3339 καὶ
2261 3302 2380 3343 ἄδολος

1356 3357 1513 3405 μαθητὴς
1533 3360 1591 3395 τοῦ
1625 3358 1716 3395 Θεοῦ
1747 3355 1834 3405 μετὰ
1862 3354 2060 3406 παρρησίας
2090 3353 2224 3405 κράζει·
2257 3354 2304 3392 Εἴ
2327 3368 2378 3394 τις
