2481 3678
141 655 256 683 Incom-

71 696 257 731 prvlss-'nssiliim

70 738 106 763 liu
122 737 175 764 D¹i
201 749 256 765 nor,

72 780 237 805 minanda.

271 242 327 290 32
696 261 733 290 s.
775 260 963 291 sossius

268 339 418 378 (licentis
431 340 585 391 potentia
595 341 664 390 3sin
687 351 806 380 autem
829 342 933 379 illum
946 340 1008 391 qui
1020 349 1054 378 et
1065 339 1202 378 animas
1215 347 1250 376 et

268 416 414 453 corpora
439 402 590 450 crearit,
610 412 643 439 et
661 403 760 439 nulla
776 401 1037 453 comparatione
1055 408 1251 438 creaturam

270 463 472 501 universam
505 473 711 515 exsuperat,
736 463 811 500 sine
843 461 1020 514 principio
1054 474 1126 498 esse
1153 460 1252 498 dica-

271 538 367 571 mus,
394 533 429 561 tu
465 524 697 575 interrogabis
731 522 909 573 quomodo
947 521 985 559 id
1013 522 1147 558 factum
1178 521 1252 558 sit?

271 584 404 635 Ecquis
427 599 517 622 sance
548 585 674 622 mentis
696 585 771 621 haec
792 598 865 621 esse
887 582 1043 621 dixerit?
1067 582 1146 632 quis
1163 583 1252 620 bene

272 646 423 683 valentis
445 645 555 682 animi
571 655 603 682 et
617 645 819 682 ratiocinii?
844 643 1004 682 Audistis
1018 642 1128 692 illud,
1153 645 1254 682 Erat

273 707 341 743 lui·
357 720 464 743 vera.
483 705 582 751 Quid
599 706 727 743 frustra
740 704 942 754 contendis,
956 714 995 742 ut
1019 703 1196 742 infinitam
1209 703 1253 742 il-

270 768 342 804 lam
362 782 375 804 x
388 767 472 803 itam
495 766 679 803 ratiocinio
697 766 893 816 assequaris
907 796 916 813 ,
946 780 1023 816 quae
1041 779 1110 802 non
1141 774 1255 817 potest

271 829 395 878 attingi
415 833 430 865 ‚³
453 828 541 878 quid
564 828 693 878 quceris
715 843 754 866 ea
777 843 855 879 quae
890 827 1031 878 exquiri
1051 828 1253 877 nequeunt?

271 905 334 927 eur
350 889 720 941 incomprehensibilia
735 889 929 927 scrutaris?
942 904 1005 927 cur
1021 889 1202 927 examinas
1215 903 1254 927 ea

272 965 348 1000 quse
371 951 525 987 examini
558 964 627 988 non
650 950 1048 1002 subjacent?Solarium
1070 949 1255 989 radiorum

270 1013 434 1064 perquire
474 1012 652 1062 radicem;
683 1026 752 1050 non
783 1012 914 1065 poteris
947 1011 1106 1062 assequi,
1142 1025 1255 1061 neque

271 1084 386 1111 tamen
408 1074 606 1125 indignaris
619 1104 628 1122 ,
649 1088 760 1124 neque
777 1087 868 1124 aegre
880 1074 949 1111 fers
972 1073 1254 1111 imbecillitatem

272 1145 382 1172 tuam.
411 1137 482 1172 Cur
504 1149 587 1186 ergo
601 1135 636 1172 in
662 1134 856 1186 majoribus
879 1134 1000 1171 audax
1022 1148 1056 1171 es
1087 1142 1121 1170 et
1146 1143 1254 1171 teme-

271 1196 408 1233 rarius?
431 1197 582 1234 ,loannes
596 1195 692 1232 filius
706 1194 873 1239 tonitrui,
893 1194 954 1244 qui
970 1193 1150 1245 spirituali
1168 1194 1254 1230 tuba

271 1258 384 1303 canit,
409 1257 471 1293 ubi
495 1257 607 1300 illud,
631 1257 752 1303 Erat,
771 1270 789 1291 a
816 1254 953 1306 Spiritu
977 1253 1137 1303 audivit,
1163 1254 1255 1291 nihil

612 1326 645 1354 et
671 1326 708 1353 tu
732 1330 801 1353 non
835 1315 913 1368 pari
943 1315 1057 1366 gratia
1082 1314 1254 1359 donatus,

272 1380 331 1429 qui
355 1394 399 1417 ex
422 1378 574 1416 infirmis
597 1377 793 1415 ratiociniis
821 1376 892 1414 tuis
925 1376 1102 1426 loqueris,
1135 1376 1256 1427 cogni-

271 1441 376 1478 tionis
389 1440 487 1477 illius
501 1439 693 1477 terminum
712 1437 960 1476 transcendere
979 1437 1141 1475 conaris?
1154 1437 1256 1475 Ideo-

272 1518 340 1553 que
370 1517 439 1540 non
472 1516 593 1553 parem
619 1501 672 1548 ei,
703 1515 810 1551 quam
836 1500 898 1537 ille
924 1498 1071 1548 habuit,
1094 1499 1257 1536 notitiam

276 1578 434 1613 unquam
458 1562 668 1613 assequeris.
698 1560 915 1613 Hujusmodi
930 1574 1083 1610 namque
1115 1569 1166 1597 est
1181 1560 1258 1598 dia-

274 1625 348 1661 boli
388 1623 567 1661 calliditas
602 1639 608 1658 :
636 1636 693 1659 eos
725 1621 786 1672 qui
809 1621 863 1658 illi
887 1621 1141 1671 obsequuntur,
1157 1630 1257 1658 extra

274 1685 444 1723 terminos
463 1699 483 1721 a
500 1686 573 1722 Deo
587 1683 689 1722 nobis
702 1682 835 1735 positos
847 1683 1029 1730 transfert,
1044 1682 1143 1732 quasi
1154 1681 1259 1733 longe

277 1747 448 1784 ulteriora
475 1744 646 1796 attingere
678 1743 854 1795 possimus
886 1759 893 1778 z
924 1752 1113 1794 postquam
1142 1752 1260 1780 autem

275 1809 341 1845 hac
360 1822 420 1860 spe
450 1807 619 1844 inescatos
638 1820 657 1843 a
683 1805 808 1843 divina
836 1804 949 1855 gratia
974 1804 1145 1852 extrusit,
1176 1813 1260 1842 tunc

275 1871 407 1908 demun
419 1883 488 1906 non
500 1868 606 1905 modo
618 1866 712 1905 nihil
724 1866 816 1903 ultra
833 1865 955 1915 addit3
976 1865 1153 1915 quomodo
1166 1864 1261 1903 enim

276 1930 315 1967 id
337 1931 483 1978 faceret,
505 1928 669 1966 diabolus
687 1941 769 1965 cum
787 1926 855 1964 sit?
883 1925 947 1963 sed
969 1940 1032 1963 nec
1053 1926 1137 1963 sinit
1156 1935 1195 1963 ut
1214 1925 1262 1964 ad

274 1992 413 2044 priora,
438 1991 473 2028 in
493 1990 592 2040 queis
610 1998 686 2026 tuto
709 1988 953 2035 versabamur,
976 1986 1160 2024 redeamus
1168 2003 1180 2038 3
1199 2001 1261 2026 ve-

277 2068 356 2090 rum
373 2053 509 2090 circum
528 2064 667 2101 quaque
694 2048 769 2100 agit
797 2056 968 2097 errantes,
1002 2047 1065 2098 qui
1087 2061 1262 2098 nusquam

276 2113 463 2151 consistere
478 2112 669 2163 possimus.
691 2110 751 2148 Sic
769 2109 928 2161 primum
940 2117 1123 2160 parentem
1138 2122 1183 2146 ex
1197 2123 1260 2160 pa—

276 2175 396 2212 radiso
413 2173 578 2211 excidere
597 2172 751 2210 curavit.
774 2172 865 2208 Cum
879 2170 973 2207 enim
990 2170 1094 2207 illum
1107 2184 1168 2222 spe
1185 2184 1260 2208 ma—

272 2236 362 2287 joris
379 2235 532 2273 scientiae
556 2243 589 2270 et
607 2232 751 2270 honoris
770 2231 944 2277 inflasset,
965 2231 1071 2268 etiam
1090 2231 1194 2269 illum
1215 2232 1262 2269 ab

277 2297 321 2335 iis
340 2297 470 2348 quibus
489 2294 681 2345 tranquille
699 2293 884 2331 fruebatur
909 2291 1028 2343 ejecit.
1058 2293 1137 2329 Non
1154 2292 1261 2330 modo

275 2359 371 2396 enim
389 2372 458 2396 non
477 2358 591 2394 factus
609 2364 661 2393 est
677 2353 822 2405 aequalis
842 2355 935 2401 Deo,
960 2362 1000 2390 ut
1027 2352 1097 2404 ipsi
1115 2353 1261 2405 pollice-

276 2421 393 2469 batur,
411 2418 473 2457 scd
490 2418 556 2456 sub
585 2415 708 2454 mortis
736 2414 964 2467 tyrannidem
997 2414 1167 2465 detrusit,
1199 2429 1263 2452 nec

276 2483 392 2519 solum
406 2496 425 2518 a
448 2479 536 2531 ligni
561 2492 621 2516 esu
640 2476 731 2515 nihil
755 2475 908 2528 accepit,
929 2474 991 2514 sed
1007 2475 1113 2514 etiam
1139 2490 1183 2514 cx
1200 2476 1263 2514 illa

278 2557 385 2592 quam
409 2541 563 2579 habebat
581 2539 727 2577 scientia
757 2552 826 2576 non
848 2551 978 2589 parum
995 2537 1138 2585 amisit,
1154 2537 1263 2588 idque

277 2617 340 2654 spe
362 2601 506 2653 majoris
535 2599 790 2651 adipiscendae.
816 2599 909 2637 Nam
932 2607 1017 2637 tunc
1043 2597 1202 2650 primum
1218 2598 1263 2636 de

279 2663 440 2701 nuditate
458 2662 662 2699 crubescere
680 2660 804 2711 eoepit,
828 2674 910 2697 cum
943 2669 1042 2697 antea
1071 2659 1166 2697 omni
1190 2675 1260 2712 pu-

282 2726 368 2764 dore
381 2734 412 2762 et
430 2724 558 2761 rubore
573 2722 734 2772 superior
751 2721 886 2759 fuisset.
917 2721 1015 2759 Illud
1032 2721 1138 2759 etiam
1165 2722 1263 2772 quod

279 2799 314 2821 se
334 2783 471 2821 nudum
489 2795 560 2818 csse
579 2780 796 2825 adverteret,
821 2779 918 2829 quod
946 2780 1104 2818 vestibus
1132 2781 1263 2819 exinde

279 2853 411 2893 egeret,
428 2841 540 2888 illud,
561 2841 728 2889 inquam,
746 2848 778 2875 ct
800 2839 869 2875 alia
892 2840 1047 2890 plurima
1067 2841 1182 2879 tristia
1204 2856 1261 2880 ac-

279 2894 454 2943 ciderunt.
477 2901 584 2949 Quod
603 2915 644 2938 ne
665 2900 765 2938 nobis
790 2914 931 2949 quoquc
957 2901 1154 2951 contingat,
1186 2904 1261 2940 Deo

280 2970 592 3030 obtemperemus,
599 2964 673 3015 ejus
696 2970 866 3013 [ii-:ecepta
886 2962 1132 3011 observemus,
1151 2974 1184 3001 et
1207 2965 1262 3003 ni-

280 3031 332 3067 hil
351 3027 499 3066 ulterius
518 3025 654 3063 curiose
676 3022 1001 3075 perquiramus511t
1027 3036 1068 3058 ne
1094 3037 1138 3060 cx
1161 3025 1261 3062 nobis

271 1319 362 1355 ultra
386 1318 552 1368 quaesivit
578 1334 585 1353 ε

999 259 1080 289 cui<
1089 258 1239 289 YSOST.
1277 259 1466 290 ARCHIEP
1475 281 1483 290 .
1523 259 1864 293 CONSTANTtNOP
1874 283 1882 292 .

1323 344 1466 378 τοιαῦτα
1494 343 1620 390 ζητεῖν,
1647 344 1736 382 ἀλλὰ
1768 346 1836 382 δεῖν
1863 343 2036 382 πιστεύειν
2065 343 2167 394 μόνον
2198 344 2258 382 καὶ
2292 343 2341 395 μὴ

1323 401 1608 454 περιεργάζεσθαι
1628 404 1666 442 τὸ
1694 404 2075 457 εἰρημένον,ῆάρκοῦσαν
2102 404 2226 456 ἔχοντα
2250 405 2343 443 ἀπό-

1323 462 1423 506 δειξιν
1443 468 1501 501 τοῦ
1516 465 1693 516 λεχθέντος
1711 465 1773 512 τὴν
1791 465 1932 515 δύναμιν
1949 470 2008 504 τοῦ
2034 467 2209 518 εἰρηκότος
2221 482 2228 490 ·
2253 466 2291 504 ἂν
2308 466 2344 504 δὲ

1321 523 1379 560 τὸν
1400 523 1513 576 ψυχὰς
1532 525 1589 562 καὶ
1618 525 1767 577 σώματα
1800 526 2050 579 ἐργασάμενον,
2084 526 2144 564 καὶ
2178 530 2241 573 τῆς
2269 527 2346 564 κτί-

1324 600 1409 628 σεως
1429 585 1566 633 ἁπάσης
1591 587 1805 639 ἀσυγκρίτως
1834 587 2063 640 ὑπερέχοντα,
2089 587 2237 640 ἄναρχον
2259 582 2347 626 εἶναι

1325 647 1455 697 φῶμεν,
1488 648 1545 686 τὸ)
1576 649 1701 700 τρόπον
1729 653 1821 698 ἡμᾶς
1854 648 2085 694 ἀπαιτήσεις·
2077 678 2086 695 ,
2118 649 2189 686 Καὶ
2220 648 2271 692 τίς
2306 649 2346 687 ἂν

1324 712 1433 746 ταῦτα
1455 710 1705 757 καθεστηκυίας
1722 713 1809 747 εἶναι
1833 708 1936 785 φμαίη
1934 710 2065 761 ψυχης
2083 708 2160 752 τίς
2176 710 2212 746 δὲ
2235 709 2347 761 ὓγιαί·

1325 785 1438 812 νοντος
1458 772 1640 822 λογισυοῦ,
1656 769 1866 814 Πκουσας“
1846 786 1899 808 οτι
1923 772 1987 808 Ην
2009 772 2048 809 τὸ
2065 786 2136 822 φως
2160 770 2200 808 τὸ
2219 772 2346 817 ἀληθι-

1325 829 1393 867 νόν.
1410 830 1457 868 Τί
1476 833 1677 883 φιλονεικεῖς
1699 834 1773 883 εἰκῇ
1794 831 1853 869 καὶ
1874 831 1987 881 μάτην
2003 830 2271 883 ὑπερακοντίσαι
2297 835 2347 884 τῷ

1325 893 1483 943 λογισμῷ
1498 891 1561 939 τὴν
1581 893 1722 945 ἄπειρον
1742 892 1870 938 ταύτην
1888 892 1998 940 ζωήν,
2013 891 2105 930 Οὐδὲ
2126 892 2193 945 γὰρ
2213 885 2280 930 οἷόν
2297 908 2347 930 τε.

1327 951 1374 990 Τί
1402 954 1513 998 ζητεῖς
1543 953 1589 990 τὰ
1626 953 1802 1000 ἀζήτητα,
1824 953 1858 990 τί
1887 953 2098 1005 περιεργάζῃ
2135 953 2180 991 τὰ
2217 952 2348 990 ἀκατά-

1326 1015 1464 1059 ληπτα;
1498 1012 1555 1051 ι’τί
1576 1016 1712 1065 ἐρευνᾷς
1745 1013 1790 1051 τὰ
1826 1013 2091 1067 ἀνεξερεύνητα,
2122 1012 2348 1059 Κατανόησον

1326 1077 1394 1111 τῶν
1413 1076 1567 1120 ἡλιακῶν
1586 1074 1734 1113 ἀκτίνων
1758 1074 1822 1121 τὴν
1851 1074 1947 1126 ῥίζαν
1969 1074 2073 1121 αὐτήν
2088 1090 2095 1097 ·
2121 1076 2196 1112 ἀλλ’
2218 1077 2255 1113 οὐ
2285 1075 2347 1111 δυ-

1327 1134 1434 1184 νήσῃ,
1455 1135 1514 1172 καὶ
1538 1134 1633 1185 ὅμως
1663 1137 1724 1173 οὐκ
1752 1138 1977 1186 ἀγανακτεῖς,
2009 1134 2085 1173 οὐδὲ
2115 1134 2350 1188 δυσχεραίνεις

1328 1193 1385 1231 ἐπὶ
1403 1197 1446 1244 τῇ
1468 1194 1638 1247 ἀσθενείᾳ.
1661 1197 1743 1238 Πῶς
1762 1188 1819 1232 οῦν
1851 1198 1884 1233 ἓν
1913 1202 1983 1238 τοῖς
2014 1196 2145 1246 μείζοσι
2177 1196 2350 1247 τολμηρὸς

1327 1253 1469 1304 γέγονας
1483 1253 1542 1291 καὶ
1558 1254 1752 1306 προπετής;
1772 1254 1816 1292 ‘O
1836 1257 1899 1300 τ’ἧς
1915 1257 2059 1308 βροντῆς
2075 1256 2144 1298 υἱὸς
2163 1255 2328 1302 Ἰωάννης
2340 1286 2350 1303 ,

1329 1317 1371 1351 ⁰6
1394 1314 1463 1351 ἀπὸ
1490 1317 1552 1360 τ’ῆς
1582 1314 1772 1366 σάλπιγγος
1793 1316 1890 1366 ἠχῶν
1922 1319 1984 1362 τ’ῆς
2010 1319 2268 1366 πνευματικῆς,
2287 1316 2352 1363 τὸ,

1327 1367 1411 1421 ῗΗν,
1432 1373 1581 1418 ἀκούσας
1600 1373 1696 1427 παρὰ
1714 1380 1774 1413 τοῦ
1794 1375 2017 1426 Πνεύματος,
2044 1375 2139 1414 οὐδὲν
2161 1375 2351 1423 ἐπεζήτησε

1329 1436 1432 1474 πλέον
1446 1451 1454 1458 ·
1482 1434 1522 1473 σὺ
1542 1435 1577 1473 δὲ
1592 1439 1609 1473 ὃ
1624 1439 1684 1482 τῆς
1700 1435 1844 1488 χάριτος
1868 1439 2022 1490 ἀμοιρῶν
2037 1440 2100 1483 τῆς
2119 1437 2268 1484 ἐκείνου,
2290 1436 2351 1475 καὶ

1329 1498 1346 1533 ὁ
1376 1496 1445 1534 ἀπὸ
1471 1499 1540 1533 τῶν
1560 1497 1681 1533 δειλῶν
1707 1496 1937 1548 φθεγγόμενος
1950 1499 2140 1549 λογισμῶν,
2157 1497 2351 1550 ὓπερὸἦναι

1328 1559 1367 1596 τὸ
1403 1557 1525 1610 μέτρον
1553 1562 1616 1604 τῆς
1650 1557 1778 1596 ἐκείνου
1808 1557 1966 1609 γνώσεως
2000 1561 2221 1610 φιλονεικεῖς,
2255 1557 2270 1578 ‘¹
2283 1557 2351 1596 Διὰ

1328 1624 1429 1658 τοῦτο
1445 1623 1626 1672 τοιγαροῦν
1643 1618 1717 1657 οὐδὲ
1737 1620 1821 1671 πρὸς
1837 1619 1877 1657 τὸ
1892 1619 2016 1673 μέτρον
2029 1624 2091 1667 τῆς
2108 1620 2236 1658 ἐκείνου
2256 1619 2350 1672 γνώ-

1330 1697 1416 1724 σεως
1439 1679 1621 1731 ἀφικέσθαι
1641 1680 1782 1731 δυνήσῃ.
1807 1680 1961 1727 Τοιαύτη
1978 1681 2045 1734 γὰρ
2065 1684 2086 1728 ἡ
2110 1686 2169 1719 τοῦ
2190 1681 2352 1719 διαὸόλου

1331 1739 1507 1792 μεθοδεία·
1531 1740 1643 1792 ἐξάγει
1674 1739 1735 1791 μὲν
1761 1743 1829 1778 τῶν
1855 1741 1952 1794 παρὰ
1977 1745 2036 1780 τοῦ
2067 1744 2157 1780 Θεοῦ
2187 1742 2351 1780 δοθέντων

1329 1803 1417 1855 ὅρων
1433 1805 1517 1852 ἡμῖν
1532 1800 1608 1844 τοὺς
1623 1801 1846 1852 πειθομένους
1869 1803 1962 1854 αὐτῷ
1974 1832 1983 1849 ,
2000 1804 2046 1845 ὡς
2063 1802 2120 1840 ἐπὶ
2135 1804 2254 1854 πολλῷ
2272 1803 2353 1853 μεί-

1330 1867 1422 1909 ζοσιν
1437 1879 1444 1886 ·
1460 1863 1540 1901 ὅταν
1565 1861 1600 1900 δὲ
1626 1869 1702 1905 ταῖς
1725 1862 1841 1901 ἐλπίσι
1866 1862 2009 1906 ταύταις
2037 1862 2201 1907 δελεάσας
2220 1863 2352 1917 ἒκὸάλῃ

1331 1929 1392 1972 τῆς
1421 1929 1480 1962 τοῦ
1510 1926 1600 1962 Θεοῦ
1628 1924 1792 1977 χάριτος,
1820 1924 1898 1963 τότε
1924 1924 2044 1962 λοιπὸν
2074 1926 2111 1962 οὗ
2134 1923 2235 1974 μόνον
2259 1923 2353 1964 οὐδὲν

1331 1986 1434 2025 πλέον
1450 1985 1684 2038 προσδίδωσι,
1705 1986 1801 2037 (πῶς
1815 1986 1882 2039 γὰρ
1904 1985 2061 2029 διάὸολος
2074 1985 2162 2034 ὤν;)
2179 1987 2254 2024 ἀλλ’
2276 1986 2353 2024 οὐδὲ

1333 2050 1379 2090 εἷς
1403 2046 1448 2084 τὰ
1480 2046 1651 2099 πρότερα,
1679 2046 1760 2084 ἔνθα
1790 2049 1953 2099 ἀσφαλῶς
1981 2046 2040 2085 καὶ
2061 2046 2210 2098 βεὸαίως
2230 2046 2355 2099 διετρί-

1333 2110 1450 2159 ὅομεν,
1472 2108 1612 2160 ἀφίησιν
1641 2110 1850 2156 ἐπανελθεῖν,
1871 2107 1962 2146 ἀλλὰ
1994 2111 2173 2160 πανταχοῦ
2195 2108 2355 2160 περιάγει

1331 2168 1596 2220 πλανωμένους,
1613 2168 1673 2206 καὶ
1689 2171 1748 2206 οὐκ
1768 2168 1909 2220 ἔχοντας
1929 2170 2079 2220 οὐδαμοῦ
2098 2172 2233 2215 στῆναι.
2249 2167 2354 2206 Οὕτω

1333 2229 1392 2268 καὶ
1405 2230 1461 2267 τὸν
1478 2228 1750 2282 πρωτόπλαστον
1770 2232 1808 2267 ἐκ
1828 2233 1890 2276 τῆς
1908 2234 1968 2268 τοῦ
1986 2229 2197 2282 παραδείσου
2220 2230 2353 2280 διαγω-

1333 2294 1396 2342 γῆς
1417 2289 1576 2337 ἐποίησεν
1597 2291 1765 2327 ἐκπεσεῖν.
1788 2290 1989 2343 Προσδοκίᾳ
2007 2290 2074 2344 γὰρ
2093 2290 2244 2341 μείζονος
2267 2289 2356 2342 γνώ-

1333 2367 1419 2394 σεως
1445 2351 1504 2388 καὶ
1519 2354 1623 2401 τιμῆς
1653 2350 1807 2402 φυσήσας
1829 2352 1942 2399 αὐτὸν,
1963 2351 2022 2389 καὶ
2039 2355 2107 2389 τῶν
2137 2351 2215 2389 τότε
2245 2355 2354 2404 ὑπαρ-

1333 2412 1465 2464 χόντων
1485 2413 1576 2464 αὐτῷ
1593 2411 1681 2462 μετὰ
1697 2410 1812 2455 ἀδείας
1827 2411 1994 2455 ἐξέὸαλεν.
2013 2412 2066 2449 Οὐ
2085 2411 2152 2464 γὰρ
2168 2411 2269 2462 μόνον
2285 2411 2355 2450 ἰσό-

1335 2477 1408 2516 Οεος
1429 2474 1466 2510 οὐ
1492 2472 1625 2524 γέγονε,
1640 2471 1754 2515 καθὼς
1768 2476 1968 2524 ὑπισχνεῖτο
1991 2474 2102 2524 αὐτῷ,
2128 2471 2216 2510 ἀλλὰ
2231 2472 2290 2509 καὶ
2308 2474 2355 2516 εἰς

1334 2535 1395 2581 τὴν
1412 2537 1470 2571 τοῦ
1487 2533 1634 2571 θανάτου
1657 2532 1841 2585 τυραννίδα
1859 2532 2058 2580 Εέξέπεσεν,
2078 2535 2115 2570 οὒ
2131 2531 2232 2582 μόνον
2259 2532 2354 2570 οὐδὲν

1333 2605 1382 2634 π)
1384 2596 1436 2634 έον
1460 2595 1528 2633 ἀπο
1551 2611 1612 2640 της
1641 2599 1700 2632 τοῦ
1719 2593 1816 2637 ξυλου
1839 2593 2001 2646 βρωσεως
2025 2591 2248 2646 προσλαέων,
2265 2592 2355 2631 ἀλλὰ

1333 2657 1392 2696 καὶ
1411 2673 1472 2702 της
1488 2671 1646 2704 γνωσει1ς
1661 2659 1702 2701 ἧς
1716 2659 1806 2707 εἶγεν
1825 2671 1862 2693 ου
1880 2670 2001 2707 μικρον
2016 2651 2235 2700 ἀπολέσας,[
2242 2654 2356 2692 ἐλπίδι

1334 2717 1488 2759 πλείονος
1509 2715 1756 2768 γνι1σει1ς.Ιό
1776 2732 1813 2753 τε
1832 2715 1900 2767 γαρ
1916 2714 2143 2766 αἰσχύνεσθαι
2164 2714 2224 2751 καὶ
2248 2730 2356 2752 κατα-

1335 2777 1472 2815 δύεσθαι
1487 2777 1544 2815 ἐπὶ
1554 2780 1596 2827 τῇ
1611 2776 1818 2827 γυμνότητι,
1833 2774 1911 2813 τότε
1926 2776 2018 2824 αὐτῷ
2033 2773 2273 2826 προσεγένετο,
2288 2775 2357 2826 πρὸ

1334 2843 1395 2886 τῆς
1406 2838 1542 2884 ἀπάτης
1552 2837 1712 2889 ἀνωτέρω
1723 2836 1849 2882 ταύτης
1863 2837 1934 2873 ὄντι
1946 2838 2008 2880 τῆς
2023 2835 2197 2885 αἰσχύνης.
2215 2834 2305 2873 Λῦτό
2319 2851 2356 2873 τε

1333 2900 1449 2953 γὰρτὸ
1464 2902 1545 2951 ὁρᾷν
1559 2898 1677 2936 ἑαυτὸν
1691 2898 1818 2949 γυμνὸν
1835 2897 1930 2943 ὄντα,
1943 2895 2002 2933 καὶ
2019 2897 2149 2933 δεῖσθαι
2165 2896 2283 2934 λοιπὸν
2294 2899 2356 2942 τῆς

1334 2960 1402 2998 ἀπὸ
1422 2962 1488 2996 τῶν
1515 2957 1665 3008 ἱματίων
1682 2957 1888 3009 περιὸολης,
1906 2973 1965 2994 και
1980 2955 2081 3008 ε’τερα
2101 2958 2193 2993 αὐτω
2214 2957 2356 2995 πλείονα

1334 3024 1484 3060 εντεῦθεν
1519 3018 1603 3070 ἐφυη
1629 3018 1723 3064 πάθη
1745 3017 1834 3055 τότε
1857 3016 1974 3069 εὈπερ
2004 3016 2060 3054 t'vot
2084 3016 2131 3066 μὴ
2169 3032 2228 3054 και
2255 3021 2356 3068 ἡμεῖς

281 3089 451 3128 ‹onecssis
468 3086 675 3125 excidamus
698 3083 819 3127 donis,
840 3051 943 3132 quod,
959 3090 991 3118 ct
1019 3081 1090 3120 illis
1112 3085 1256 3123 accidit
1287 3095 1308 3124 E
1333 3081 1520 3132 πάθωμεν,
1542 3077 1741 3129 πειθώμεθα
1766 3093 1814 3114 τω
1842 3079 1944 3128 Θεῶ,
1970 3076 2028 3114 καὶ
2059 3076 2215 3128 μένωμεν
2244 3080 2278 3115 ἐν
2308 3081 2357 3119 οἷς

327 3228 339 3239 2*
358 3219 410 3248 Sic
430 3215 540 3247 Mon-l.
560 3221 591 3245 et
606 3215 681 3245 Mss.
700 3221 825 3243 omnes¹
842 3208 944 3242 Savil.
965 3210 1178 3250 ὴὺγιαὶνοντος.

330 3271 344 3293 ¹¹
364 3269 419 3300 Sic
438 3266 551 3299 Morel.
568 3271 596 3299 τί
614 3271 740 3306 ἐρευνᾷς.
758 3261 858 3295 Savil.
880 3267 909 3295 τί
922 3263 1048 3304 ἰχνεύεις.

326 3332 338 3345 c
356 3320 410 3351 Sic
429 3317 544 3350 Morel.
565 3315 668 3350 Savii.
701 3321 716 3350 ὸ
739 3321 792 3353 τὴν
822 3318 968 3355 σάλπιγγα
990 3317 1064 3354 ἔχων
1081 3317 1134 3349 τὴν
1156 3326 1287 3353 πνευμα-

283 3378 375 3409 τικὴν,
404 3377 436 3404 τὸ
454 3375 498 3411 ἦν,
520 3372 640 3406 uino-'2525
657 3373 751 3414 παρὰ.

327 3424 339 3443 ‘¹
357 3422 410 3453 Sic
427 3420 528 3453 Savil¹
549 3419 662 3451 Morel.
684 3422 730 3453 διὰ,
747 3424 832 3452 τοῦτο
855 3420 942 3452 αὐτοὶ
960 3419 1022 3449 οὑῦὲ
1042 3420 1114 3458 πρὸς
1128 3419 1160 3448 τὸ
1177 3419 1287 3459 μέτρω

1353 3225 1405 3242 (If-2.

1377 3243 1407 3279 ‘e
1423 3257 1534 3290 ium-ei.
1551 3261 1694 3296 ἐξέπεσεν.
1713 3253 1814 3288 savii.
1835 3254 1881 3295 [et
1897 3252 2005 3285 eodd.
2024 3252 2088 3284 705
2114 3259 2147 3284 et
2162 3253 2243 3294 706]
2265 3259 2355 3285 κατε-

1353 3326 1448 3345 πεσεν.

1397 3364 1407 3385 s
1425 3362 1478 3393 Sic
1492 3359 1593 3393 savit.
1613 3357 1725 3391 Mon-el.
1747 3360 1839 3391 ἑλπίδι
1856 3361 1986 3394 πλείονος
2001 3364 2126 3399 γνώσεως
2138 3360 2224 3390 τοῦτο
2240 3361 2355 3390 παθών.

1355 3419 1369 3446 ὂ
1387 3427 1417 3446 τε
1436 3419 1491 3453 γάρ
