2481 3678
96 760 125 799 4.
143 758 261 796 Reg.5.

101 811 146 830 11.

97 1491 190 1518 ιῙοιυι.
212 1497 257 1519 12.

99 1530 148 1559 36.

98 1987 187 2016 Rom.
209 1986 253 2016 13.

104 2587 184 2615 Ilticl.

302 229 391 291 378
727 244 764 273 S.

298 325 520 378 neglexisset,
535 338 579 363 ex
594 325 637 362 iis
657 338 734 375 quae
754 333 900 375 sequuta
917 333 997 362 sunt
1010 324 1130 376 palam
1148 333 1213 374 est,
1230 338 1275 362 ex

298 387 504 425 fortitudine
526 400 651 438 nempe
674 395 709 424 et
733 400 779 423 cx
804 385 875 423 fide
902 385 989 437 ejus.
1019 387 1160 422 Poterat
1183 384 1276 422 enirn

296 463 416 487 secum
445 449 599 500 cogitare
624 461 664 485 ac
689 448 830 485 dicere:
849 447 949 494 Quid
974 447 1042 485 hoc
1066 448 1144 485 est?
1161 447 1278 484 lutum

294 511 390 559 fecit,
407 520 440 548 et
458 509 583 547 lenivit
599 510 718 546 oculos
735 522 829 546 meos
844 524 855 558 3
872 517 905 546 et
923 508 1017 546 dixit
1035 508 1137 555 mihi,
1155 510 1273 556 Vade,

296 572 442 609 lavare.
456 573 577 607 Annon
589 578 725 621 poterat
738 583 862 606 curare
874 583 940 617 me,
953 578 986 606 et
997 578 1080 607 tunc
1094 569 1128 607 in
1144 570 1277 608 Siloam

295 632 460 674 mittere?
478 633 578 682 Saepc
594 630 641 667 ibi
663 644 718 667 me
731 630 803 669 lavi
823 644 905 667 cum
921 629 1012 678 aliis,
1030 629 1192 680 nihilque
1210 630 1278 668 mi-

295 693 334 730 hi
361 693 503 744 profuit.
525 692 563 729 Si
584 705 690 742 quam
717 700 926 743 potestatem
946 689 1106 739 haberet,
1126 705 1279 743 praesens

298 768 354 791 me
372 753 577 791 sanavisset.
601 752 708 798 Quod
726 752 832 789 etiam
851 752 993 789 dicebat
1026 753 1184 790 Naaman
1204 752 1279 789 Eli-

297 815 402 852 saeo..J
407 827 506 851 ussus
519 813 613 851 enim
630 814 749 851 lavare
764 827 800 849 se
811 812 846 849 in
854 812 1091 861 Jordaue,non
1104 812 1278 860 credebat,

299 888 380 912 cum
405 883 521 911 tamen
541 883 636 912 tanta
656 882 742 911 esset
764 872 883 910 Elisaei
902 874 1007 911 fama.
1025 876 1068 910 At
1079 887 1189 912 caecus
1208 887 1277 911 non

296 935 365 973 suit
381 935 597 985 incredulus,
611 949 674 972 nec
691 934 921 984 contradixit,
934 948 997 971 nec
1008 948 1126 971 secum
1139 943 1279 986 reputa*

299 997 368 1034 vit:
390 995 490 1042 Quid
511 996 579 1034 hoc
602 996 677 1034 est?
697 1010 740 1033 an
760 995 878 1032 lutum
901 995 1080 1047 imponere
1098 995 1277 1047 oportuit?

296 1058 365 1095 hoc
383 1058 502 1110 potius
529 1071 659 1094 caecum
687 1056 883 1094 reddiderit
903 1072 910 1092 z
941 1056 1020 1106 quis
1040 1069 1209 1106 umquam
1228 1055 1278 1092 sic

296 1120 414 1156 visum
440 1118 598 1170 recepit?
614 1117 685 1156 Sed
706 1117 796 1154 nihil
819 1117 948 1153 horum
975 1117 1155 1166 cogitavit.
1170 1116 1279 1156 Vidi-

294 1181 375 1218 stin'
396 1180 505 1217 fidem
523 1188 556 1216 et
577 1179 737 1215 animum
756 1177 926 1214 firmum?
950 1178 1062 1214 Venit
1073 1190 1162 1214 nox.
1185 1177 1279 1214 Hinc

295 1242 459 1290 ostendit,
479 1243 585 1280 etiam
608 1251 688 1294 post
717 1255 857 1279 crucem
878 1255 913 1278 se
940 1240 1133 1292 impiorum
1156 1254 1279 1277 curam

297 1304 504 1342 habiturum
529 1318 616 1349 esse,
643 1303 845 1353 multosque
871 1311 1117 1340 attractumm.
1134 1301 1281 1339 Adhuc

296 1367 376 1403 dies
406 1374 473 1403 est.
505 1364 655 1401 Posthac
682 1378 766 1402 vero
797 1363 876 1401 illos
901 1362 1042 1415 penitus
1069 1362 1278 1413 abscindet,

297 1425 392 1476 quod
413 1425 461 1462 ita
474 1425 629 1463 declarat
646 1440 654 1460 τ
679 1428 713 1464 5.
737 1425 930 1475 Quamdiu
948 1426 989 1460 in
1011 1425 1153 1461 mundo
1173 1437 1276 1470 sum,

300 1488 368 1524 lua:
387 1501 472 1525 sum
483 1488 628 1524 mundi.
645 1486 751 1532 Quod
762 1486 870 1523 etiam
884 1485 965 1523 aliis
975 1484 1090 1523 dixit:
1111 1486 1277 1532 Credite,

300 1550 419 1587 donec
443 1548 510 1586 lux
530 1550 733 1586 vobiscum
752 1555 821 1585 est.

351 1794 387 1831 5.
419 1792 492 1829 Cur
510 1805 592 1843 ergo
621 1791 751 1828 Paulus
772 1798 982 1843 praescntem
1005 1788 1117 1829 vitam
1144 1797 1283 1826 noctem

298 1853 458 1901 vocavit,
482 1853 580 1890 illam
602 1862 720 1890 autem
736 1852 846 1890 vitam
865 1851 987 1888 diem?
1007 1852 1087 1888 Non
1108 1850 1283 1887 contraria

300 1914 433 1953 Christi
446 1915 581 1962 verbis,
604 1913 666 1951 sed
687 1913 808 1950 eadem
828 1912 906 1964 ipsa
925 1911 1045 1949 dicens
1061 1920 1195 1960 mente,
1213 1925 1282 1948 non

300 1977 418 2025 litera,
447 1990 592 2028 nempe,
623 1977 713 2013 Note
732 1976 946 2026 praecessit,
969 1974 1050 2010 dies
1065 1981 1194 2010 autem
1212 1986 1282 2025 ap-

297 2039 583 2089 propinquavit.
604 2036 750 2073 Noctem
772 2035 866 2072 enim
885 2047 1039 2086 praesens
1061 2042 1198 2085 tempus
1222 2047 1286 2072 vo·-

298 2107 353 2135 cat
361 2129 371 2148 ,
392 2107 537 2150 propter
557 2111 614 2134 eos
635 2097 698 2147 qui
717 2097 752 2133 in
772 2095 926 2133 tenebris
951 2094 1089 2142 sedent,
1110 2095 1168 2133 vel
1191 2108 1286 2132 com-

296 2159 455 2210 parando
471 2173 547 2195 eam
564 2172 645 2195 cum
667 2157 729 2194 illa
744 2157 802 2194 die
822 2172 829 2193 :
859 2155 1024 2193 Christus
1042 2169 1127 2194 vcro
1149 2165 1287 2193 noctem

297 2219 453 2270 appellat
472 2219 634 2255 futurum
654 2227 812 2269 tempus,
843 2216 940 2267 quod
960 2226 1043 2254 tunc
1061 2230 1081 2253 a
1108 2216 1286 2268 peccando

298 2290 462 2317 cessetur.
494 2280 627 2317 Paulus
653 2293 739 2317 vero
770 2287 978 2331 praesentcm
1007 2278 1118 2316 vitam
1148 2286 1286 2315 noctem

298 2341 471 2392 appellat,
491 2341 575 2390 quia
608 2340 632 2377 ii
656 2341 714 2391 qui
741 2340 777 2377 in
799 2339 954 2390 nequitia
980 2349 1013 2376 ct
1039 2338 1288 2377 incredulitate

298 2402 447 2451 vivunt,
469 2401 670 2439 intenebris
690 2411 782 2439 sunt.
810 2401 947 2438 Fideles
969 2400 1080 2452 igitur
1103 2401 1286 2451 alloquens

299 2462 366 2511 ait,
381 2464 470 2500 Noa:
481 2466 686 2515 proecessst,
707 2464 787 2500 dies
801 2471 930 2500 autem
944 2464 1283 2514 appropinquavit,

303 2533 423 2574 utpote
455 2525 514 2574 qui
546 2525 625 2561 luce
654 2524 713 2561 illa
741 2523 885 2561 fruituri
915 2524 1014 2561 sint:
1042 2532 1181 2560 noctem
1201 2536 1286 2561 vero

304 2593 457 2621 veterem
484 2586 597 2623 vitam
627 2585 793 2637 appellat.
837 2585 1106 2637 Abjiciamus,
1146 2584 1284 2636 inquit,

305 2658 419 2695 opem
455 2648 707 2683 tenebrarum.
744 2645 873 2684 Viden⁷
898 2646 1002 2683 illum
1031 2655 1169 2683 noctem
1199 2645 1286 2698 ipsis

304 2720 378 2742 esse
396 2705 535 2743 dicere?
557 2709 675 2753 Quare
694 2707 796 2744 addit
816 2723 823 2743 :
852 2708 959 2745 Sicut
980 2710 1021 2743 in
1040 2708 1102 2744 die
1130 2709 1287 2745 honeste

305 2768 563 2815 ambulemus,
595 2779 633 2805 ut
652 2769 713 2806 illa
744 2769 905 2805 fruamur
931 2769 1022 2806 luce.
1054 2770 1146 2806 Nam
1173 2769 1202 2806 si
1221 2768 1287 2807 lux

304 2829 381 2866 lune
397 2838 467 2866 tam
482 2831 630 2881 pulchra
646 2840 715 2877 cst,
739 2831 853 2881 cogita
869 2831 983 2881 qualis
997 2831 1063 2869 erit
1076 2832 1148 2869 illa.
1165 2832 1286 2878 Quan-

308 2900 381 2928 tum
402 2891 495 2927 enim
513 2892 636 2928 solaris
656 2892 774 2929 rudius
789 2902 839 2930 est
855 2893 1006 2930 lucernae
1022 2894 1156 2931 lumine
1171 2894 1285 2946 splen-

306 2952 444 3000 didior,
465 2962 578 3000 tanto,
612 2953 682 2990 imo
704 2955 805 3003 longe
825 2955 936 3005 magis
960 2955 1026 2992 erit
1050 2955 1114 2993 lux
1137 2956 1197 2993 illa
1220 2956 1287 2993 huc

306 3014 543 3067 pm‘stantior.
574 3015 621 3052 lit
640 3014 706 3051 hoc
725 3016 946 3065 significabat
968 3016 1025 3055 his
1046 3017 1188 3067 verbis,
1221 3017 1288 3056 Sol

309 3078 640 3120 obtenebrabitum
671 3075 706 3113 id
722 3086 790 3125 cst,
818 3078 863 3114 ob
882 3078 954 3115 vim
973 3078 1170 3129 splendoris
1190 3078 1288 3116 illius

310 3151 379 3174 non
398 3137 595 3189 apparebit.
611 3137 716 3183 Quod
729 3137 757 3175 si
773 3152 866 3175 nunc
878 3147 915 3175 ut
931 3139 1133 3190 splendidas
1150 3149 1182 3178 et
1197 3141 1289 3178 bono

162 3213 299 3249 Superum
311 3213 389 3236 aere
418 3200 571 3236 fruentes
592 3198 684 3236 aedcs
704 3198 912 3247 habeamus,
944 3200 1100 3238 infinitas
1118 3215 1200 3253 opes
1228 3215 1290 3239 cx-

109 3255 209 3289 patri-m
233 3253 299 3280 scli-

111 3295 196 3322 citas.

314 3260 501 3312 pendimus
520 3259 645 3298 misere
671 3259 942 3298 exaedificando:
971 3260 1085 3312 cogita
1114 3271 1198 3312 quot
1222 3262 1291 3301 sint

359 3395 374 3416 b
399 3393 513 3426 Morel.
528 3398 662 3439 ἀνδρίας,
679 3395 785 3427 minus
798 3403 895 3428 recte.

803 242 988 273 JOANNIS
1024 242 1266 273 CHRYSOST.
1306 243 1511 273 ARCHIEP.
1541 243 1901 274 CONSTANTINOP.

1353 323 1414 374 μὲν
1435 323 1502 377 γὰρ
1524 323 1615 368 ἄξιος
1636 318 1677 371 ῆν
1698 327 1968 378 θεραπευθῆναι,
1992 324 2051 362 καὶ
2070 326 2100 362 εἰ
2122 323 2278 374 ἔὸλεπεν,
2297 326 2371 364 ἐπί-

1352 400 1488 423 στευσεν
1510 384 1549 422 ἂν
1575 385 1636 423 καὶ
1654 386 1860 438 προσῆλθεν,
1888 385 1947 423 καὶ
1968 387 1996 423 εἷ
2025 384 2122 438 παρὰ
2140 386 2231 429 τινὸς
2247 385 2373 432 ἤκουσε

1352 446 1527 500 παρόντα,
1547 447 1614 485 οὐδ’
1630 446 1669 484 ἂν
1685 445 1791 490 οὕτως
1805 446 1993 498 ἠμέλησεν,
2013 449 2052 485 ἐκ
2070 450 2138 485 τῶν
2160 446 2237 494 ἑξῆς
2257 449 2372 494 δῆλον,

1352 510 1390 546 ἐκ
1411 509 1474 553 τῆς
1487 506 1503 527 ¹³
1519 506 1697 559 ἀνδρείας,
1719 509 1757 545 ἐκ
1774 510 1836 553 τῆς
1854 506 2003 552 πίστεως
2023 510 2139 554 αὐτῆς.
2159 508 2229 546 Καὶ
2245 507 2312 561 γὰρ
2330 503 2372 555 ῆν

1353 569 1440 612 εἰκὸς
1461 568 1562 607 αὐτὸν
1585 571 1743 615 ἐννοῆσαι
1762 568 1822 605 καὶ
1850 569 1975 606 εἰπεῖν·
1993 568 2028 606 τί
2045 584 2129 607 ποτε
2159 568 2258 607 τοῦτό
2280 571 2373 617 ἐστι;

1352 630 1462 676 πηλὸν
1484 629 1641 677 ἐποίησε,
1671 629 1730 667 καὶ
1763 628 1927 682 ἐπέχρισέ
1961 645 2025 680 μου
2057 629 2134 674 τοὺς
2154 629 2348 681 ὀφθαλμοὺς
2365 659 2374 676 ,

1354 689 1414 728 καὶ
1433 684 1508 729 εἶπέ
1535 707 1616 741 μοι,
1629 688 1790 740 ‘'Y-itast,
1815 689 1925 741 νίψαι.
1943 691 2021 728 Οὐκ
2036 689 2184 736 ἠδύνατο
2204 693 2375 742 θεραπεῦ-

1355 767 1434 799 σαι,
1450 751 1509 789 καὶ
1528 751 1606 790 τότε
1626 751 1764 802 πέμψαι
1783 752 1829 794 εἷς
1846 751 1903 788 τὸν
1921 751 2086 802 Σιλωάμ;
2110 749 2288 794 Πολλάκις
2307 752 2375 788 ἐνι-

1355 811 1476 862 ψάμην
1488 813 1558 849 ἐκεῖ
1572 810 1660 862 μετὰ
1677 811 1800 863 ἑτέρων
1809 813 1960 860 πολλῶν,
1974 811 2033 850 καὶ
2043 811 2174 855 οὐδενὸς
2190 810 2377 857 ἀπήλαυσα

1353 877 1518 925 χρηστοῦ.
1535 874 1581 911 Εἴ
1592 889 1670 910 τινα
1684 871 1826 923 δύναμιν
1840 866 1913 924 εἶχε
1923 903 1932 919 ,
1948 871 2067 925 παρὼν
2080 872 2119 910 ἂν
2132 871 2357 925 ἐθεράπευσεν
2369 886 2377 893 ·

1352 932 1437 986 ὅπερ
1453 933 1512 972 καὶ
1531 937 1548 972 ὁ
1564 934 1702 985 Νεεμὰν
1717 933 1801 986 πρὸς
1816 934 1872 972 τὸν
1888 933 2087 971 Ἐλισσαῖον
2105 932 2210 984 ἔλεγε.
2227 932 2297 970 Καὶ
2311 930 2378 984 γὰρ

1354 996 1479 1039 ἐκεῖνος
1500 996 1691 1040 κελευσθεὶς
1713 997 1871 1034 ἀπελθεῖν
1892 995 2080 1034 λούσασθαι
2101 997 2145 1037 εἷς
2167 995 2224 1032 τὸν
2245 994 2378 1047 Ἰορδά-

1353 1069 1428 1101 νην,
1447 1054 1588 1100 ἠπίστει
1602 1086 1611 1102 ,
1641 1055 1701 1093 καὶ
1719 1060 1828 1094 ταῦτα
1848 1056 1966 1108 φήμης
1986 1055 2154 1103 τοσαύτης
2171 1054 2274 1102 οὔσης
2298 1055 2379 1106 περὶ

1353 1117 1412 1151 τοῦ
1440 1114 1653 1154 Ἐλισσαίου.
1673 1116 1764 1153 Ἀλλ’
1795 1119 1860 1168 οὐχ
1885 1120 1902 1154 ὃ
1926 1117 2051 1168 τυφλὸς
2070 1117 2276 1163 ἠπίστησεν,
2303 1115 2379 1155 οὐδὲ

1356 1175 1527 1220 ἀντεῖπεν,
1551 1175 1626 1214 οὐδὲ
1657 1176 1837 1228 ἐλογίσατο
1856 1177 1941 1230 πρὸς
1965 1178 2097 1225 ἑαυτὸν,
2116 1177 2150 1214 τί
2169 1193 2252 1215 ποτε
2280 1176 2380 1215 τοῦτό

1356 1238 1449 1283 ἐστι,
1467 1236 1577 1283 πηλὸν
1600 1239 1704 1289 ἐχρῆν
1733 1240 1923 1284 ἐπιθεῖναι,
1943 1242 2044 1275 τοῦτο
2064 1239 2229 1290 πηρῶσαι
2249 1238 2379 1288 μᾶλλόν

1306 1310 1331 1338 Α
1359 1298 1432 1335 ἐστι
1447 1312 1454 1320 ·
1486 1296 1539 1340 τίς
1567 1296 1676 1341 οὕτως
1696 1297 1867 1350 &vigit-:45
1888 1313 1997 1343 ποτε,
2018 1297 2108 1336 Ἀλλ’
2131 1297 2226 1336 οὐδὲν
2253 1297 2381 1337 τούτων

1357 1357 1549 1409 ἐλογίσατο.
1564 1352 1664 1402 Εἶδες
1683 1357 1799 1396 πίστιν
1820 1358 1965 1412 στερρὰν
1985 1358 2045 1396 καὶ
2064 1358 2280 1410 προθυμίαν,
2296 1357 2382 1412 ”Ep-

1357 1433 1458 1470 χεται
1476 1418 1546 1463 νύξ.
1561 1418 1739 1457 Δείκνυσιν
1756 1422 1795 1458 ἐκ
1809 1420 1947 1468 τούτου,
1963 1421 2015 1458 ὅτι
2029 1420 2088 1459 καὶ
2107 1419 2194 1471 μετὰ
2207 1420 2264 1458 τὸν
2281 1435 2381 1458 σταυ-

1360 1479 1416 1531 ρὸν
1440 1480 1558 1530 μέλλει
1576 1487 1733 1533 προνοεῖν
1753 1484 1821 1518 τῶν
1843 1482 1989 1529 ἇσεὸῶν,
2010 1481 2070 1519 καὶ
2089 1481 2278 1532 ἐπάγεσθαι
2297 1481 2382 1518 πολ-

1357 1540 1446 1583 λούς.
1475 1540 1556 1579 ’Έτι
1584 1542 1651 1594 γὰρ
1671 1541 1788 1593 ἡμέρα
1815 1541 1900 1580 ἐστί.
1934 1541 2035 1580 Μετὰ
2069 1541 2105 1580 δὲ
2137 1546 2237 1579 τοῦτο
2265 1540 2380 1579 τέλεον

1358 1601 1480 1644 αὐτοὺς
1496 1601 1689 1654 ἀποσχίζει.
1711 1603 1781 1640 Καὶ
1802 1608 1901 1641 τοῦτο
1921 1604 2033 1649 δηλῶν
2057 1602 2170 1652 ἔλεγεν
2184 1617 2191 1625 ·
2216 1600 2330 1640 εὈταν
2353 1594 2382 1653 ᾧ

1358 1665 1391 1701 ἐν
1415 1665 1465 1715 τῷ
1487 1662 1629 1716 κόσμῳ,
1660 1667 1731 1715 φῶς
1760 1665 1832 1714 εἶμι
1864 1668 1923 1701 τοῦ
1951 1662 2101 1714 κόσμου·
2129 1664 2146 1701 ὃ
2174 1662 2233 1700 καὶ
2256 1662 2385 1715 ἑτέροις

1357 1723 1470 1775 ἔλεγε·
1490 1723 1678 1762 Πιστεύετε
1694 1755 1702 1772 ,
1719 1724 1784 1768 ἕως
1801 1723 1839 1762 τὸ
1856 1727 1927 1776 φῶς
1951 1726 2025 1775 μεθ’
2043 1727 2140 1775 ὑμῶν
2163 1726 2248 1761 ἐστι.

1409 1784 1457 1822 Τί
1479 1785 1606 1831 δήποτε
1625 1789 1642 1823 ὃ
1664 1787 1802 1828 Παῦλος
1824 1785 1932 1822 νύκτα
1964 1784 2024 1835 μὲν
2054 1785 2111 1822 τὸν
2131 1783 2287 1837 παρόντα
2309 1783 2382 1835 βίον

1356 1843 1530 1892 ἐκάλεσεν,
1549 1847 1676 1883 ἐκεῖνον
1697 1845 1733 1883 δὲ
1757 1845 1891 1898 ἡμέραν
1908 1862 1916 1892 ;
1937 1847 2014 1883 Οὐκ
2046 1844 2304 1895 ἐναντιούμενος
2333 1848 2382 1897 τῷ

1355 1906 1515 1957 Χριστῷ,
1546 1905 1636 1944 ἀλλὰ
1666 1905 1711 1943 τὰ
1741 1906 1828 1944 αὐτὰ
1859 1906 1983 1957 λέγων,
2002 1908 2031 1944 εἷ
2056 1905 2115 1944 καὶ
2146 1905 2193 1956 μὴ
2223 1912 2294 1949 τοῖς
2314 1906 2379 1959 ῥή-

1359 1981 1477 2017 μασιν,
1508 1965 1598 2004 ἀλλὰ
1634 1972 1710 2010 ταῖς
1739 1966 1894 2010 ἐννοίαις.
1925 1966 1995 2004 Καὶ
2027 1967 2115 2019 γὰρ,
2146 1966 2261 2018 φησὶν,
2283 1971 2304 2013 ἡ
2326 1965 2384 2010 νὺξ

1358 2026 1561 2079 προέκοψεν,
1579 2030 1599 2073 ἡ
1623 2025 1657 2065 δὲ
1671 2027 1787 2080 ἡμέρα
1808 2027 1943 2079 ἤγγικε.
1966 2027 2087 2066 Νύκτα
2101 2027 2169 2081 γὰρ
2183 2028 2240 2066 τὸν
2255 2026 2384 2079 παρόν-

1358 2103 1401 2124 τα
1414 2089 1512 2124 καλεῖ
1531 2088 1664 2139 καιρὸν,
1680 2087 1737 2126 διὰ
1755 2087 1833 2132 τοὺς
1851 2091 1883 2126 ἐν
1904 2088 2017 2140 σκότῳ
2032 2088 2248 2139 καθημένους
2262 2119 2270 2135 ,
2287 2088 2309 2134 ἢ
2327 2088 2383 2126 διὰ

1357 2148 1397 2186 τὸ
1414 2148 1630 2200 παραὸαλεῖν
1651 2147 1757 2195 αὐτὴν
1779 2152 1821 2200 τῆ
1842 2148 1959 2202 ἡμέρα
1976 2149 2088 2201 ἐκείνῃ
2106 2165 2113 2173 ·
2136 2152 2154 2188 ὁ
2179 2148 2214 2188 δὲ
2235 2149 2384 2202 Χριστὸς

1358 2208 1464 2246 νύκτα
1481 2209 1520 2246 τὸ
1536 2208 1660 2258 μέλλον
1676 2211 1788 2254 καλεῖ,
1806 2209 1862 2248 διὰ
1878 2210 1917 2247 τὸ
1929 2212 1996 2247 τῶν
2013 2210 2277 2262 ἁμαρτημάτων
2289 2213 2385 2249 ἀνεν-

1359 2269 1513 2321 έργητον.
1535 2269 1578 2308 ‘O
1600 2269 1634 2307 δὲ
1655 2271 1796 2313 Παῦλος
1816 2270 1922 2308 νύκτα
1951 2272 2008 2309 τὸν
2029 2271 2185 2323 παρόντα
2207 2271 2280 2322 βίον
2317 2287 2384 2308 κα-

1357 2332 1430 2378 λεῖ,
1452 2329 1507 2367 διὰ
1521 2331 1560 2368 τὸ
1579 2333 1612 2369 ἐν
1633 2330 1746 2382 σκότῳ
1768 2324 1855 2368 εἶναι
1871 2330 1949 2375 τοὺς
1964 2334 1997 2370 ἐν
2018 2331 2125 2383 κακία
2145 2331 2385 2383 διατρίὸοντας

1360 2391 1419 2429 καὶ
1439 2391 1596 2444 ἀπιστίᾳ.
1616 2394 1759 2436 Πιστοῖς
1786 2392 1898 2430 τοίνυν
1929 2393 2167 2444 διαλεγόμενος
2187 2392 2317 2445 ἔλεγεν·
2339 2393 2385 2431 ‘H

1360 2451 1419 2497 νὺξ
1448 2453 1650 2505 προέκοψεν,
1675 2457 1696 2500 ἡ
1732 2452 1766 2491 δὲ
1795 2454 1911 2506 ἡμέρα
1930 2454 2083 2506 ἤγγικεν,
2113 2457 2159 2498 ὡς
2189 2454 2385 2505 μελλόντων

1362 2514 1619 2553 ἀπολαύσεσθαι
1639 2520 1699 2553 τοῦ
1725 2515 1837 2566 φωτὸς
1864 2514 2010 2553 ἐκείνου·
2033 2514 2092 2553 καὶ
2111 2514 2217 2553 νύκτα
2235 2515 2292 2553 τὸν
2315 2532 2387 2553 πα-

1360 2576 1456 2614 λαιὸν
1481 2575 1554 2626 βίον
1571 2578 1681 2614 καλεῖ.
1702 2575 1928 2626 Ἀποθώμεθα
1944 2575 2011 2628 γὰρ
2024 2607 2033 2623 ,
2049 2575 2150 2628 φησὶ,
2166 2575 2210 2614 τὰ
2230 2575 2314 2628 ἔργα
2327 2580 2387 2614 τοῦ

1361 2636 1624 2689 σκότουςῖΟρᾶις
1640 2636 1692 2674 ὅτι
1703 2635 1843 2680 ἐκείνοις
1858 2630 1945 2674 εἶναι
1956 2636 2062 2674 νύκτα
2077 2636 2178 2689 φησί,
2197 2637 2259 2674 Διὸ
2272 2635 2366 2687 λέγει
2377 2652 2385 2659 ·

1360 2697 1422 2741 (Ως
1456 2700 1490 2736 ἐν
1522 2697 1638 2751 ἡμέρᾳ
1658 2697 1880 2750 εὐσΛημ.όνιι)ς
1905 2698 2212 2750 περιπατήσωμεν,
2243 2696 2300 2735 ἵνα
2325 2700 2384 2735 τοῦ

1362 2759 1473 2811 φωτὸς
1492 2758 1744 2808 ἀπολαύσωμεν
1761 2757 1901 2796 ἐκείνου.
1918 2759 1962 2795 Εἰ
1978 2757 2045 2810 γὰρ
2058 2762 2157 2796 τοῦτο
2173 2757 2262 2795 οὕτω
2279 2757 2384 2795 καλὸν

1361 2820 1400 2858 τὸ
1417 2822 1488 2871 φῶς
1502 2849 1511 2866 ,
1533 2818 1690 2864 ἐννόησον
1711 2817 1830 2864 ἡλίκον
1853 2817 1950 2855 ἔσται
1970 2820 2089 2856 ἐκεῖνο.
2107 2817 2213 2856 ΞὈσον
2240 2818 2307 2871 γὰρ
2325 2822 2385 2856 τοῦ

1360 2879 1539 2933 λυχνιαίου
1559 2880 1669 2931 φωτὸς
1689 2879 1727 2917 τὸ
1758 2879 1902 2925 ἡλιακὸν
1935 2885 2102 2930 κρεῖττον,
2132 2884 2304 2927 τοσοῦτον,
2325 2879 2384 2918 καὶ

1362 2944 1480 2993 πολλῷ
1499 2940 1602 2979 πλέον
1636 2943 1744 2978 ἐκεῖνο
1763 2939 1895 2990 βέλτιον
1915 2939 2045 2978 τούτου.
2064 2940 2133 2978 Καὶ
2152 2945 2251 2979 τοῦτο
2271 2942 2383 2987 δηλῶν

1363 3003 1489 3055 ἔλεγεν,
1510 3001 1562 3040 ὅτι
1579 3000 1623 3039 ‘O
1641 3001 1737 3047 ἥλιος
1752 3000 2038 3047 σκοτισθήσεται,
2057 3000 2234 3049 τουτέστι,
2249 3001 2306 3039 διὰ
2320 3001 2383 3047 τὴν

1364 3062 1561 3118 περιουσίαν
1580 3061 1711 3108 ἐκείνης
1729 3065 1790 3108 τῆς
1813 3066 2066 3114 μαρμαρυγῆς,
2092 3062 2170 3100 οὔτε
2190 3057 2286 3107 οὗτος
2312 3078 2383 3114 φα-

1362 3131 1483 3164 νεῖται.
1504 3126 1549 3163 Εἰ
1576 3122 1611 3162 δὲ
1628 3128 1683 3162 νῦν
1701 3122 1787 3175 ὑπὲρ
1805 3128 1864 3161 τοῦ
1885 3122 2052 3174 φωτεινὰς
2066 3123 2157 3175 ἔχειν
2179 3123 2305 3170 οἰκίας,
2325 3123 2385 3160 καὶ

1365 3193 1535 3244 εὖαερεῖς,
1557 3189 1663 3242 μυρία
1683 3190 1892 3240 δαπανῶμεν
1911 3189 2097 3243 χρήματα,
2114 3191 2386 3240 οἰκοδομοῦντες,

1364 3257 1703 3311 ταλαιπωρούμενοι·
1734 3257 1891 3304 ἐννόησον
1912 3259 1985 3301 πῶς
2003 3255 2072 3310 χρὴ
2093 3256 2152 3295 καὶ
2171 3256 2215 3296 τὰ
2237 3255 2385 3309 σώματα
