2481 3678
94 405 209 472 glaub.
234 413 278 432 12.

331 192 354 217 r

298 210 386 238 2³2
712 205 749 235 S.

295 302 439 341 operor.
459 286 609 335 Quando
640 287 834 339 discipulos
866 284 1051 324 defendere
1074 280 1272 334 oportebat,

293 349 472 388 Davidem
486 350 628 388 illorum
645 363 851 387 conservum
867 347 902 385 in
916 346 1076 385 medium
1087 343 1271 382 afferebat:

295 414 384 451 Non
398 414 553 465 legistis,
571 412 947 464 inquit,qnidfecerit
961 410 1107 454 David,
1118 406 1273 459 quando
1288 440 1316 464 ,η
1322 440 1336 465 9

789 204 970 236 JOANNIS
1005 199 1254 231 CHRYSOST.
1295 197 1498 227 ARCfflEP.
1538 196 1893 226 CONSTANTtNOP.

1351 278 1530 329 σαὸὅάτῳ.
1547 276 1594 316 Τί
1613 270 1670 314 οὖν
1689 279 1707 315 ὁ
1729 277 1897 329 xpm-2:653
1912 276 1956 315 ‘O
1977 275 2103 326 Πατήρ
2125 289 2189 326 μου
2210 274 2274 318 ἕως
2289 275 2366 327 ἄρτι

1349 339 1555 391 ἐργάζεται,
1577 337 1675 389 κάγὼ
1689 339 1892 390 ἐργάζομαι.
1912 336 2002 375 “Ovs
2021 335 2081 386 μὲν
2102 334 2169 387 γὰρ
2197 335 2283 388 ὑπὲρ
2298 338 2366 389 τῶν

1350 402 1513 450 μαθητῶν
1537 399 1823 450 ἀπολογήσασθαι
1855 398 1944 444 ἔδει,
1973 398 2030 435 τὸν
2058 396 2168 434 Auula
2197 397 2254 435 τὸν
2283 395 2369 446 ὁμό-

117 469 208 515 i'ilius
228 487 283 515 Dei
297 477 500 513 esuriebat.
526 472 678 520 Quando
694 482 812 510 autem
834 486 898 524 pro
921 471 1035 522 seipso
1048 468 1217 520 loquitur,
1230 466 1274 504 ad
1302 478 1326 506 A
1349 461 1467 500 δοῦλον
1486 463 1599 499 αὐτῶν
1623 463 1670 503 εἷς
1685 459 1789 511 μέσον
1804 459 1935 511 ἔφερεν,
1953 460 2030 497 Οὐκ
2044 457 2232 509 ἀνέγνωτε,
2246 455 2370 507 λέγων,

96 530 175 557 Pau-i
191 539 283 566 requa-

96 571 143 597 lis.

116 2085 229 2165 Zsatlh.
249 2083 278 2112 5.

139 2133 166 2154 ἶ).

118 2211 231 2240 ΜιιιιΙι.
251 2209 282 2239 6.

116 2254 169 2283 30.

120 2389 198 2417 [bid.
211 2399 239 2418 v.
256 2388 305 2418 26.

298 536 438 573 Patrem
463 535 637 586 confugit,
659 535 824 585 utrinque
846 548 882 570 se
906 532 1003 570 Patri
1023 530 1193 582 aequalem
1225 529 1275 566 si-

298 596 481 647 gnificanS,
491 605 524 633 et
541 610 621 633 cum
634 594 804 648 privatim
817 595 958 631 Patrem
973 592 1142 639 nominat,
1151 600 1184 628 et
1197 604 1279 628 cum

298 671 334 695 se
347 657 469 695 eadem
492 671 571 707 quae
593 658 697 694 Pater
712 655 849 708 operari
873 653 1037 693 ostendit.
1059 653 1105 690 Et
1126 666 1191 690 cur
1210 665 1279 688 non

298 728 469 756 memorat
495 732 534 756 ea
555 732 633 769 quae
660 718 695 755 in
718 716 861 756 Jericho
882 717 972 754 faeta
1001 714 1107 752 sunt?
1128 713 1282 753 Volebat

297 779 378 817 illos
401 788 526 817 aterra
549 778 739 826 abducere,
759 788 799 816 ut
827 792 896 816 non
924 776 1078 828 amplius
1105 775 1150 812 ad
1177 774 1281 811 illum

298 850 481 891 tamquam
504 840 682 879 hominem
704 839 927 891 respicerent,
949 838 1012 876 sed
1032 847 1214 888 tamquam
1235 834 1282 873 ad

300 903 419 940 Deum
437 912 470 940 ct
482 901 730 953 legislatorem.
742 901 818 939 Nisi
838 910 956 938 autem
972 900 1039 937 Dei
1059 899 1172 936 Filius
1190 906 1282 935 etex

301 963 423 1001 cadem
442 963 638 1001 substantia
659 972 758 1012 esset,
777 962 934 1000 defensio
954 962 1040 999 foret
1062 958 1283 998 accusatione

300 1025 465 1063 deterior.
489 1025 527 1063 Si
552 1024 630 1075 quis
658 1024 753 1062 enim
774 1025 972 1076 praefectus,
992 1023 1053 1074 qui
1078 1020 1214 1072 regiam
1234 1020 1282 1056 le—

301 1101 380 1138 gem
395 1086 709 1137 transgrederetur,
723 1094 906 1123 aceusatus
922 1083 1146 1136 responderet
1165 1082 1284 1133 ipsum

301 1162 419 1199 regem
441 1147 540 1184 illam
560 1156 819 1197 transgressum
832 1160 916 1193 esse,
934 1159 1002 1182 non
1021 1144 1144 1194 utique
1162 1142 1280 1180 absol-

300 1218 458 1256 veretur5
480 1209 551 1245 imo
575 1207 700 1259 majori
724 1216 810 1244 esset
833 1206 973 1244 crimini
987 1205 1175 1243 obnoxius.
1201 1205 1281 1243 Ve—

301 1284 383 1307 rum
400 1270 459 1306 hic
479 1268 647 1319 quoniam
669 1282 734 1320 par
754 1276 805 1305 est
822 1267 991 1319 dignitas,
1012 1265 1167 1304 defensio
1194 1263 1284 1316 legi-

301 1331 387 1369 tima
410 1330 553 1369 omnino
581 1339 645 1368 est.
670 1329 804 1367 Eadem
828 1329 964 1367 ratione
987 1343 1057 1380 qua
1081 1330 1198 1366 Deum
1215 1326 1286 1365 cri-

303 1392 397 1431 mine
415 1391 585 1441 liberatis,
605 1401 638 1430 ct
657 1405 713 1429 me
730 1391 888 1429 liberate.
912 1390 996 1428 Ideo
1011 1390 1171 1442 primum
1184 1388 1285 1437 dicit,

304 1456 424 1492 Pater
435 1468 554 1498 mezcs5
567 1462 607 1490 ut
616 1453 672 1491 vel
688 1452 810 1491 invitis
826 1452 972 1490 suadeat
987 1451 1110 1489 eadem
1126 1450 1195 1488 sibi
1206 1463 1286 1487 con-

305 1514 460 1554 cedenda
475 1528 562 1564 esse,
573 1514 603 1551 si
623 1527 748 1551 verum
767 1513 901 1550 Filium
920 1521 1159 1550 revereantur.
1181 1509 1288 1557 Quod

307 1577 336 1615 si
351 1576 431 1627 quis
449 1574 592 1621 dixerit,
614 1574 662 1612 Et
675 1574 820 1611 ubinam
840 1575 943 1611 Pater
954 1582 1131 1626 operatur,
1150 1573 1214 1623 qui
1235 1586 1287 1609 se-

307 1637 420 1689 ptimo
440 1636 498 1673 die
511 1634 684 1686 requievit
700 1635 744 1672 ab
765 1634 930 1672 omnibus
946 1633 1113 1686 operibus
1140 1633 1237 1671 suis?
1261 1633 1290 1671 is

308 1698 457 1736 modum
469 1712 538 1748 quo
558 1705 723 1749 operatur
740 1696 863 1734 discat.
880 1696 969 1742 Quis
989 1696 1047 1733 ille
1070 1695 1197 1733 modus
1215 1695 1290 1733 est?

310 1760 476 1813 opificiis
494 1759 566 1797 suis
590 1758 768 1810 providet,
787 1759 919 1809 illaque
947 1758 1053 1796 fovet.
1074 1758 1164 1795 Cum
1192 1757 1293 1795 vides

311 1836 393 1873 ergo
408 1822 518 1859 solem
538 1820 719 1869 orientem,
736 1821 827 1857 lunae
842 1834 996 1868 cursum,
1017 1829 1151 1870 stagna,
1169 1819 1294 1866 sontes,

312 1883 454 1932 fluvios,
470 1881 611 1934 pluvias
623 1890 656 1919 et
670 1890 801 1919 naturae
825 1895 982 1928 cursum,
1003 1881 1086 1935 sive·
1098 1880 1133 1917 in
1152 1879 1296 1917 semini-

314 1945 395 1992 bus,
416 1944 491 1983 sive
510 1944 544 1981 in
564 1943 693 1981 nostris
713 1952 746 1981 et
764 1943 952 1981 brutorum
973 1942 1195 1994 corporibus,
1211 1942 1298 1980 alia-

315 2021 382 2057 que
402 2006 519 2043 omnia
531 2020 593 2058 per
609 2020 687 2056 quae
701 2005 769 2042 hoc
783 2004 992 2043 universum
1009 2003 1185 2048 consistit,
1205 2003 1301 2041 disce

316 2082 503 2121 perennem
528 2067 642 2105 Patris
665 2067 916 2118 operationem,
936 2068 1009 2116 Qui
1029 2066 1147 2103 solem
1172 2079 1297 2112 suum,

317 2130 659 2182 inquit,0ririfacit
673 2142 785 2180 super
804 2129 927 2166 malos
942 2136 977 2164 et
999 2129 1131 2173 honos,
1147 2135 1182 2164 et
1198 2127 1302 2178 pluit

318 2207 430 2245 super
446 2195 571 2245 justos
600 2200 635 2230 et
659 2194 835 2243 injustos.
860 2190 906 2227 Et
929 2203 1084 2235 rursum,
1108 2189 1148 2227 Si
1173 2197 1303 2226 autem

1308 1268 1331 1297 B

1324 1994 1347 2025 C

307 2257 464 2309 foenum
485 2257 570 2306 agri
590 2254 692 2305 quod
711 2254 823 2290 hodie
847 2261 915 2298 est,
932 2260 967 2289 et
991 2264 1076 2289 cras
1107 2253 1149 2288 in
1177 2253 1306 2302 ignem

321 2319 498 2362 mittitur,
518 2316 623 2353 Deus
645 2317 698 2352 sic
718 2316 853 2362 vestit3
869 2322 903 2350 et
921 2312 965 2350 de
984 2311 1192 2350 volatilibus
1215 2325 1304 2361 quo-

322 2392 402 2428 que,
415 2379 536 2416 Pater
550 2384 678 2414 vester
693 2376 854 2414 coelestis
866 2376 990 2426 pascit
1010 2374 1095 2411 illa.

378 2725 417 2762 5.
442 2724 509 2761 Hic
528 2737 610 2775 ergo
634 2724 753 2762 verbis
772 2732 885 2762 totum
904 2723 1051 2776 perfecit
1069 2724 1105 2760 in
1132 2721 1279 2760 sabbato
1294 2751 1304 2771 ,
1329 2734 1354 2764 D

326 2785 487 2835 nihilque
505 2785 659 2836 amplius
678 2784 838 2834 addidit,
861 2784 921 2823 sed
940 2799 985 2822 ex
1006 2784 1050 2822 iis
1066 2799 1143 2835 quae
1165 2784 1200 2821 in
1219 2793 1306 2821 tem-

328 2846 387 2898 plo
415 2846 565 2892 fiebant,
585 2854 690 2895 atquc
720 2860 763 2882 cx
783 2846 939 2897 ipsorum
963 2845 1149 2897 operibus,
1169 2846 1307 2897 objecta

329 2907 476 2945 crimina
496 2906 612 2944 solvit.
628 2906 700 2943 Ubi
722 2920 803 2944 vero
822 2907 959 2958 operari
980 2906 1164 2958 praecipit,
1185 2920 1307 2944 exem-

331 2971 381 3023 pli
412 2984 518 3008 causa
550 2970 679 3006 lectum
711 2969 855 3017 tollere,
885 2984 959 3006 reni
986 2984 1066 3007 sanc
1093 2983 1161 3007 non
1189 2969 1309 3020 magni

331 3031 498 3070 momenti
517 3062 526 3079 ,
564 3029 624 3068 sed
659 3044 735 3080 quae
776 3038 891 3066 tamen
925 3031 1063 3067 sabbati
1101 3031 1309 3068 solutionem

332 3094 424 3130 clare
441 3092 614 3143 significet
629 3121 640 3141 ,
663 3100 745 3128 tunc
758 3090 881 3128 altiora
902 3090 1060 3140 loquitur
1077 3122 1086 3139 ,
1110 3101 1149 3129 ut
1166 3092 1246 3129 illos
1266 3107 1310 3130 ex

376 3244 388 3257 ²·
409 3239 570 3277 συγκροτεῖ.
608 3230 799 3273 Suspicatur
836 3230 936 3263 Saxil.
964 3229 1136 3273 legendum
1167 3239 1334 3277 συγκρατεῖ,

333 3284 511 3325 [Frustra]

379 3336 393 3347 ¹
415 3341 448 3369 τὸ
463 3342 515 3374 τὴν
532 3339 629 3373 κλίνην
645 3339 715 3380 ἆραι
729 3360 736 3374 ‚
755 3345 826 3377 quae
842 3341 1022 3376 sequuntur
1043 3335 1086 3366 'ita
1105 3335 1203 3367 vertit
1232 3335 1335 3366 inter-

336 3399 407 3428 pres
425 3388 585 3426 Aretinus,
617 3394 651 3418 ut
671 3386 763 3429 {ongo
790 3386 973 3421 breviorem
990 3394 1146 3430 sequutus
1163 3386 1337 3419 lectionem

1350 522 1383 560 τί
1404 523 1545 570 ἐποίησε
1566 522 1674 560 Δαυὶδ
1686 553 1695 570 ,
1716 521 1771 559 ὅτε
1787 521 1965 559 ἐπείνασεν
1987 519 2107 566 αὖτός;
2124 518 2213 558 εὈτε
2240 517 2275 555 δὲ
2291 518 2371 569 περὶ

1352 586 1493 632 ἑαυτοῦ,
1527 584 1584 622 ἐπὶ
1612 585 1669 622 τὸν
1690 582 1833 634 Πατέρα
1861 581 2064 634 κατέφυγεν,
2098 580 2309 632 ἑκατέρωθεν
2334 579 2372 617 τὸ

1353 646 1520 696 ὁμότιμον
1542 645 1692 691 δεικνὺς,
1718 647 1767 697 τῷ
1784 660 1821 682 τε
1841 644 1985 696 Πατέρα
2017 646 2124 682 εἰπεῖν
2155 641 2373 689 ἰδιαζόντως,

1355 707 1414 744 καὶ
1432 709 1482 759 τῷ
1498 706 1542 744 τὰ
1574 706 1662 744 αὐτὰ
1693 705 1859 757 πράττειν
1878 705 2009 757 ἐκείνῳ.
2031 704 2102 743 Καὶ
2121 703 2212 742 διατί
2233 702 2282 754 μὴ
2299 696 2375 740 εἷπε

1355 767 1398 805 τὰ
1426 767 1506 819 περὶ
1536 766 1599 813 τὴν
1627 766 1765 819 Ἱεριχὼ
1798 766 1988 817 γενόμενα;
2023 766 2223 817 Ἀναγαγεῖν
2253 762 2375 806 αὐτοὺς

1355 827 1522 875 ἠθέλησεν
1539 827 1608 865 ἀπὸ
1626 830 1688 874 τῆς
1701 830 1765 878 γῆς
1777 858 1785 872 ,
1809 827 1865 865 ἵνα
1880 828 2007 878 μηκέτι
2022 830 2068 871 ὡς
2084 825 2254 879 ἀνθρώπῳ
2270 839 2377 876 προσ-

1356 888 1497 941 έχωσιν,
1519 891 1594 927 ἀλλ’
1614 892 1658 933 ὡς
1675 891 1757 941 Θεῷ
1780 890 1838 927 καὶ
1857 893 2050 940 νομοθετεῖν
2072 888 2256 941 ὀφείλοντι.
2277 888 2320 924 Εἰ
2341 884 2376 923 δὲ

1358 949 1405 1000 μὴ
1423 950 1561 1001 γνήσιος
1584 945 1626 998 ἦν
1643 951 1724 994 Υἱὸς
1746 950 1804 988 καὶ
1825 954 1885 997 τῆς
1912 953 2018 997 αὐτῆς
2037 949 2176 996 οὐσίας,
2197 953 2218 996 ἡ
2248 949 2379 986 ἀπολο-

1357 1010 1416 1061 γία
1435 1012 1645 1064 κατηγορίας
1664 1012 1789 1062 μείζων
1808 1011 1913 1050 ἐστίν.
1929 1012 2022 1051 Οὐδὲ
2054 1011 2120 1063 γὰρ
2141 1010 2172 1049 εἴ
2191 1027 2242 1053 τις
2263 1009 2378 1062 ὕπαρ-

1357 1085 1419 1121 χος
1457 1071 1559 1122 νόμον
1589 1073 1768 1123 βασιλικὸν
1803 1072 1982 1123 μεταθεὶς,
2018 1065 2092 1110 εἶτα
2129 1071 2379 1123 ἐγκαλούμενος

1358 1132 1566 1182 ἀπολογοῖτο
1582 1132 1689 1180 οὕτω,
1710 1132 1768 1170 καὶ
1786 1132 1900 1184 λέγοι,
1931 1133 1983 1171 ὅτι
2003 1133 2061 1171 καὶ
2080 1133 2147 1185 γὰρ
2176 1137 2194 1171 ὃ
2219 1130 2379 1184 βασιλεὺς

1358 1192 1478 1238 ἔλυσε,
1498 1193 1681 1239 δυνήσεται
1714 1195 1906 1246 διαφυγεῖν,
1929 1194 2020 1232 ἀλλὰ
2038 1194 2096 1232 καὶ
2121 1196 2236 1244 μεῖζον
2256 1194 2295 1231 τὸ
2320 1192 2379 1244 ἔγ-

1357 1256 1478 1304 κλημα
1514 1253 1622 1298 οὕτως
1653 1254 1852 1307 ἐργάσεται.
1876 1254 1966 1293 Ἀλλ’
2004 1257 2149 1293 ἐνταῦθα
2179 1254 2298 1300 ἐπειδὴ
2322 1254 2380 1291 ἴσα

1358 1314 1403 1353 τὰ
1435 1319 1496 1362 τῆς
1526 1315 1646 1364 ἀξίας,
1684 1315 1741 1354 διὰ
1781 1318 1883 1353 τοῦτο
1928 1315 1986 1353 καὶ
2027 1317 2070 1354 τὰ
2103 1318 2163 1362 τῆς
2194 1315 2382 1367 ἀπολογίας

1359 1376 1572 1428 ἀπήρτισται
1602 1376 1690 1427 μετὰ
1722 1375 1913 1428 ἀσφαλείας
1934 1376 2082 1423 ἁπάσης.
2117 1376 2189 1429 Ἀφ’
2222 1370 2269 1414 ὧν
2294 1375 2379 1428 γὰρ,

1360 1437 1477 1489 φησὶν,
1509 1436 1679 1475 ἀπολύετε
1709 1437 1765 1475 τὸν
1800 1437 1889 1476 Θεὸν
1925 1437 2170 1488 ἐγκλημάτων,
2207 1436 2276 1477 ἀπὸ
2312 1439 2381 1475 τῶν

1361 1500 1473 1536 αὐτῶν
1496 1497 1554 1535 καὶ
1582 1497 1656 1548 ἐμέ.
1693 1497 1761 1536 Διὰ
1791 1501 1893 1536 τοῦτο
1925 1499 1982 1536 καὶ
2014 1498 2200 1551 προλαὸὼν
2232 1498 2382 1550 εἴρηκεν,

1361 1559 1406 1597 Ὀ
1442 1559 1568 1611 Πατήρ
1604 1575 1692 1610 μου,
1726 1559 1780 1597 ἵνα
1812 1559 1870 1597 καὶ
1905 1559 2050 1603 ἄκοντας
2081 1559 2185 1610 πείσῃ
2222 1559 2264 1598 τὰ
2295 1558 2382 1596 αὐτὰ

1363 1623 1457 1672 αὐτῷ
1490 1626 1695 1673 συγχωρεῖν,
1715 1621 1778 1667 τὴν
1814 1620 1942 1672 ἀκριὸἦ
1964 1620 2177 1671 γνησιότητα
2204 1618 2382 1658 αἰδεσθέν-

1364 1698 1436 1725 τας.
1458 1684 1501 1720 Εἰ
1535 1683 1569 1721 δὲ
1589 1681 1684 1734 λέγοι
1704 1698 1774 1729 τις,
1794 1682 1854 1720 καὶ
1889 1685 1954 1720 ποῦ
1982 1684 1999 1720 ὃ
2026 1681 2151 1733 Πατὴρ
2178 1681 2381 1733 ἐργάζεται,

1366 1746 1400 1782 ἐν
1428 1746 1470 1795 τῇ
1499 1743 1615 1796 ἡμέρα
1634 1746 1676 1794 τῇ
1710 1744 1840 1796 ἑὸδόμῃ
1870 1742 2100 1785 καταπαύσας
2137 1742 2205 1780 ἀπὸ
2243 1741 2383 1780 πάντων

1367 1808 1435 1842 τῶν
1468 1805 1577 1857 ἔργων
1598 1807 1725 1853 αὐτοῦ,
1745 1805 1801 1843 τὸν
1821 1804 1948 1857 τρόπον
1970 1803 2107 1854 μαθέτω
2128 1806 2203 1841 καθ’
2227 1804 2261 1842 ὃν
2282 1801 2388 1855 ἐργά-

1369 1868 1479 1910 ζεται.
1512 1866 1577 1909 Τίς
1603 1860 1660 1904 οὖν
1695 1869 1713 1903 ὃ
1751 1866 1877 1919 τρόπος
1901 1868 1963 1911 τῆς
2003 1864 2189 1916 ἐργασίας;
2219 1866 2390 1916 Προνοεῖ,

1370 1933 1383 1949 ³
1397 1933 1578 1980 συγκροτεῖ
1597 1929 1640 1966 τὰ
1662 1929 1830 1979 γενόμενα
1850 1927 1983 1965 πάντα.
2014 1926 2129 1980 (Ορῶν
2152 1925 2264 1963 τοίνυν
2293 1924 2390 1971 ἥλιον

1374 1989 1630 2037 ἀνατέλλοντα,
1649 1990 1708 2028 καὶ
1740 1989 1889 2036 σελήνην
1918 1988 2125 2041 τρέχουσαν,
2158 1987 2216 2025 καὶ
2248 1986 2391 2037 λίμνας,

1374 2050 1432 2088 καὶ
1451 2050 1587 2101 πηγὰς,
1611 2050 1670 2089 καὶ
1690 2049 1886 2101 ποταμοὺς,
1921 2050 1979 2087 καὶ
2005 2048 2141 2097 ὑετοὺς,
2167 2049 2226 2087 καὶ
2258 2047 2394 2100 φύσεως

1376 2111 1514 2163 δρόμον,
1535 2111 1592 2149 τὸν
1616 2113 1650 2148 ἓν
1677 2117 1747 2155 τοῖς
1773 2111 1971 2162 σπέρμασι,
2001 2110 2058 2149 τὸν
2087 2112 2121 2148 ἐν
2152 2117 2222 2154 τοῖς
2254 2110 2395 2162 σώμασι

1376 2178 1446 2215 τοῖς
1465 2172 1648 2223 ἡμετέροις
1670 2172 1729 2210 καὶ
1747 2178 1817 2214 τοῖς
1839 2174 1907 2208 τῶν
1934 2170 2084 2222 ἀλόγων,
2105 2170 2150 2208 τὰ
2172 2171 2263 2208 ἄλλα
2281 2170 2396 2208 πάντα

1378 2234 1420 2270 δι’
1449 2227 1494 2270 ὧν
1515 2232 1592 2270 τόδε
1608 2232 1647 2271 τὸ
1676 2238 1745 2269 πᾶν
1765 2231 1972 2279 συνέστηκε,
1994 2231 2144 2281 μάνθανε
2164 2231 2226 2278 τὴν
2253 2233 2394 2279 διηνεκῆ

1377 2298 1436 2331 τοῦ
1469 2293 1608 2344 Πατρὸς
1636 2292 1811 2344 ἐργασίαν.
1847 2291 2042 2329 Ἀνατέλλει
2076 2291 2164 2342 γὰρ,
2200 2292 2302 2343 φησὶ,
2338 2292 2395 2330 τὸν

1378 2355 1475 2401 ἥλιον
1495 2357 1597 2392 αὐτοῦ
1619 2354 1675 2391 ἐπὶ
1701 2352 1871 2404 πονηροὺς
1897 2353 1955 2389 καὶ
1986 2351 2160 2403 ἀγαθοὺς,
2184 2353 2243 2390 καὶ
2278 2353 2396 2406 βρέχει

1379 2416 1436 2454 ἐπὶ
1457 2415 1607 2458 δικαίους
1626 2415 1683 2453 καὶ
1705 2414 1852 2457 ἀδίκους.
1876 2413 1944 2451 Καὶ
1968 2413 2092 2450 πάλιν·
2114 2414 2157 2450 Εἰ
2186 2414 2220 2450 δὲ
2240 2413 2297 2451 τὸν
2315 2413 2398 2466 χόρ-

1379 2494 1436 2516 τον
1451 2481 1510 2515 τοῦ
1531 2479 1636 2529 ἀγροῦ
1661 2476 1811 2528 σήμερον
1831 2475 1913 2513 ὄντα
1931 2474 1989 2512 καὶ
2009 2473 2127 2526 αὔριον
2155 2477 2202 2518 εἷς
2222 2479 2290 2526 πῦρ
2313 2477 2398 2526 βαλ-

1379 2540 1539 2591 λόμενον,
1562 2539 1670 2582 οὕτως
1688 2542 1706 2576 ὁ
1724 2537 1811 2580 Θεὸς
1833 2536 2047 2589 ἀμφιέννυσι·
2067 2535 2126 2573 καὶ
2147 2536 2227 2588 περὶ
2247 2539 2313 2574 τῶν
2336 2552 2399 2574 πε-

1379 2603 1498 2639 τεινῶν
1524 2600 1766 2651 διαλεγόμενος
1785 2598 1911 2638 πάλιν·
1933 2597 1976 2636 Ὁ
2007 2597 2135 2649 Πατὴρ
2169 2601 2266 2648 ὑμῶν
2295 2600 2312 2636 ὁ
2340 2600 2399 2636 οὔ·

1383 2662 1497 2715 ράνιος
1513 2661 1631 2714 τρέφει
1650 2660 1750 2698 αὐτά.

1435 2723 1609 2762 Ἐνταῦθα
1629 2722 1691 2773 μὲν
1723 2715 1780 2759 οὖν
1814 2719 1870 2758 διὰ
1900 2721 2066 2772 ῥημάτων
2095 2719 2134 2758 τὸ
2154 2727 2223 2757 πᾶν
2240 2720 2398 2766 ἐποίησεν

1382 2789 1416 2825 ἐν
1448 2784 1616 2836 σαῧὸάτῳ
1629 2813 1637 2829 ,
1655 2783 1714 2821 καὶ
1733 2782 1828 2821 οὐδὲν
1848 2781 1953 2820 πλέον
1984 2781 2216 2833 προσέθηκεν,
2238 2782 2314 2819 ἀλλ’
2334 2781 2402 2818 ἀπὸ

1382 2851 1450 2887 τῶν
1468 2848 1502 2884 ἓν
1531 2849 1580 2898 τῷ
1601 2847 1681 2897 ἱερῷ
1701 2842 1902 2895 γινομένων,
1935 2843 1993 2880 καὶ
2015 2844 2072 2895 ἀφ’
2099 2837 2146 2879 ὧν
2167 2842 2264 2880 αὐτοὶ
2285 2842 2403 2894 πράτ-

1382 2924 1498 2952 τουσι,
1516 2906 1588 2945 λύει
1609 2906 1650 2944 τὰ
1675 2904 1878 2956 ἐγκλήματα
1895 2919 1902 2926 ·
1923 2902 2002 2940 ἔνθα
2032 2903 2067 2940 δὲ
2096 2903 2153 2940 καὶ
2183 2902 2279 2954 ἔργον
2305 2901 2405 2954 γενέ-

1384 2973 1463 3008 σθαι
1483 2968 1674 3014 ἐκέλευσεν,
1693 2961 1762 3004 οἷον
1779 2966 1817 3004 τὸ
1832 2964 1924 3011 *τὴν
1941 2964 2061 3010 κλίνην
2082 2958 2184 3016 ἆραι,
2199 2963 2293 3002 οὐδὲν
2314 2962 2404 3014 μέγα

1383 3031 1467 3083 πρὸς
1490 3030 1529 3068 τὸ
1548 3036 1695 3080 πρᾶγμα
1711 3027 1909 3071 συντελοῧν,
1927 3027 2004 3063 ἀλλ’
2026 3025 2060 3062 ἓν
2081 3029 2182 3063 τοῦτο
2204 3025 2319 3076 μόνον,
2339 3025 2407 3061 δει-

1385 3092 1495 3131 κνύων
1514 3093 1606 3144 σαφῆ
1625 3093 1684 3128 τοῦ
1708 3086 1884 3127 σαὸὃάτου
1913 3086 1976 3133 τὴν
2003 3085 2115 3133 λύσιν,
2141 3086 2198 3124 ἐπὶ
2229 3085 2267 3122 τὸ
2291 3086 2405 3135 μεῖζον

1404 3230 1553 3264 videatur
1571 3246 1576 3263 :
1600 3228 1695 3261 Tolle
1710 3227 1904 3271 grabbatum
1929 3233 2016 3256 tuum
2034 3237 2040 3255 2
2061 3231 2096 3254 ut
2112 3234 2177 3254 nost
2194 3233 2293 3265 grave
2309 3221 2409 3264 quid-

1403 3284 1481 3314 dam
1506 3293 1575 3314 esse
1599 3280 1732 3312 sabbati
1753 3278 2059 3322 praevaricationem
2084 3274 2257 3315 ostendat,
2284 3273 2408 3305 altiora

1403 3336 1566 3378 loquitur,
1595 3342 1628 3365 ιιι
1652 3339 1792 3377 paterna
1818 3330 2014 3361 auctoritate
2038 3326 2113 3359 illos
2142 3333 2281 3368 terreat,
2309 3333 2339 3356 et
2363 3324 2410 3355 ud

1403 3399 1577 3430 supernam
1595 3384 1704 3418 trahat
1724 3382 2037 3426 contemplationem.
2058 3378 2135 3425 Qua
2149 3380 2189 3411 de
2207 3390 2320 3419 causa,
2341 3385 2405 3409 etc.
