2481 3678
774 190 815 218 ΙΝ
854 188 1063 218 JOANNEM
1102 185 1263 214 1105111„

110 272 200 310 ἀλλὰ
223 273 311 322 μετὰ
339 276 399 319 τῆς
426 276 484 310 τοῦ
515 273 641 324 ἄρθρου
670 270 889 321 προσθήκης,
911 271 978 307 τῶν
999 270 1128 307 λοιπῶν

111 334 210 372 αὐτὸν
231 335 289 372 καὶ
304 334 410 385 ταύτῃ
432 331 603 385 χωρίζων.
621 331 729 385 εΟρδγὶς
743 334 789 374 ὡς
805 334 842 369 οὐ
872 330 984 381 μάτην
1002 330 1129 380 ἔλεγον,

107 394 160 432 ὅτι
181 395 250 433 ἀπὸ
268 398 336 432 τῶν
366 395 517 446 οὐρανῶν
541 391 725 445 φθέγγεται
755 395 837 442 ἡμῖν
856 395 873 430 ὁ
887 389 1130 443 εὖαγγελιστὴς

108 449 227 503 οὗτος,
247 455 343 507 (Όρα
362 458 442 506 γοῦν
462 455 480 473 *⁷
494 454 590 498 εὐθὺς
619 456 657 492 ἐκ
682 452 873 506 προοιμίων
894 457 960 491 ποῦ
981 452 1044 499 τὴν
1064 453 1130 503 ψυ-

108 515 174 567 χὴν
189 515 370 568 πτερώσας
384 516 443 554 καὶ
466 515 528 563 τὴν
553 515 704 554 διάνοιαν
732 514 884 566 ἀνήγαγε
898 516 965 551 τῶν
984 513 1129 551 ἀκουόν-

107 593 188 614 των.
204 577 354 615 Πάντων
370 577 437 630 γὰρ
457 580 525 615 τῶν
542 579 714 624 αἰσθητῶν
736 576 899 629 ἀνωτέρω
920 575 1050 622 στήσας
1065 576 1130 612 αὐ-

107 637 183 685 τὴν,
198 638 266 691 πρὸ
282 642 345 690 γῆς
359 669 368 687 ,
383 640 452 692 πρὸ
472 639 648 685 θαλάσσης
664 669 674 686 ,
695 638 763 691 πρὸ
784 639 928 690 οὐρανοῦ
943 667 952 685 ,
969 636 1029 674 καὶ
1045 635 1132 688 ὑπὲρ

109 697 188 742 τοὺς
207 700 372 751 ἀγγέλους
401 705 611 753 χειραγωγεῖ
624 729 634 747 ,
659 698 721 737 καὶ
736 698 898 752 ὑπεράνω
916 701 984 736 τῶν
1005 699 1133 750 Χερου-

110 759 176 810 Cly.
208 761 267 798 καὶ
295 764 363 798 τῶν
392 761 576 813 Σεραφὶμ,
595 760 655 799 καὶ
681 759 769 814 ὑπὲρ
787 759 863 804 τοὺς
887 759 1045 813 θρόνους,
1073 757 1133 795 καὶ

109 819 198 873 ὑπὲρ
217 821 279 864 τὰς
303 821 432 874 ἀρχὰς,
451 821 511 859 καὶ
537 821 624 873 ὑπὲρ
645 821 706 865 τὰς
733 821 904 869 ἐξουσίας,
931 821 991 859 καὶ
1018 819 1134 865 πάσης

109 881 229 925 ἁπλῶς
244 882 402 920 ἐπέκεινα
421 882 566 926 κτίσεως
580 883 769 934 ὁδοιπορεῖν
787 881 976 920 ἀναπείθει.
991 881 1040 920 Τί
1059 875 1131 927 οῧν;

110 936 178 995 ἀρα
199 943 285 996 πρὸς
316 949 476 982 τοσοῦτον
510 942 719 995 ἃάναγαγὼν
751 941 857 995 ὕψος,
885 945 1031 981 ἐνταῦθα
1055 946 1134 993 γοῦν

108 1007 203 1054 ἡμᾶς
219 1007 345 1051 στ’ῆσαι
372 1005 536 1057 &Lucem
565 1006 757 1055 Οὐδαμῶς·
786 1005 861 1042 ἀλλ’
887 1003 1006 1056 ὥσπερ
1030 1003 1060 1041 εἴ
1084 1019 1136 1046 τις

107 1065 165 1103 τὸν
183 1067 317 1104 ἑστῶτα
332 1067 415 1118 παρ’
435 1066 603 1118 αἰγιαλὸν,
631 1066 692 1104 καὶ
713 1065 884 1117 βλέποντα
903 1065 1022 1109 πόλεις
1037 1095 1046 1113 ,
1076 1064 1135 1102 καὶ

110 1125 239 1175 ἀκτὰς,
268 1127 329 1165 καὶ
356 1127 499 1178 λιμένας
512 1158 521 1174 ,
540 1128 678 1166 ἐπειδὰν
701 1130 747 1171 εἰς
768 1127 872 1178 μέσον
893 1127 1007 1179 ἀγάγῃ
1026 1127 1135 1165 πελά-

109 1203 187 1237 γους
203 1219 212 1235 ,
241 1190 310 1226 τῶν
344 1188 405 1239 μὲν
425 1189 601 1241 προτέρων
622 1189 829 1236 ἀπέστησεν,
851 1191 889 1226 οὗ
917 1188 985 1238 μὴν
1013 1187 1137 1234 ἔστησέ

110 1264 176 1287 που
198 1250 238 1288 τὸ
253 1250 353 1301 ὄμμα
373 1252 485 1302 αὐτῷ,
506 1252 581 1288 ἀλλ’
602 1253 649 1294 εἷς
669 1250 809 1301 ἄπειρον
829 1250 940 1302 ἤγαγε
962 1249 1107 1302 θεωρίαν
1128 1263 1135 1270 ·

112 1309 200 1347 οὕτω
218 1311 278 1348 καὶ
304 1314 322 1348 ὂ
350 1311 594 1363 εὖαγγελιστὴς
625 1311 742 1358 πάσης
770 1315 866 1362 ἡμᾶς
886 1310 1049 1363 ἀνωτέρω
1075 1312 1137 1356 τ’ἧς

111 1371 256 1415 κτίσεως
271 1371 424 1423 ἀγαγὼν,
440 1372 500 1410 καὶ
516 1373 600 1424 πρὸς
614 1371 691 1415 τοὺς
707 1372 870 1424 ἀνωτέρω
884 1371 1013 1418 ταύτης
1027 1387 1137 1422 παρα-

111 1432 252 1483 πέμψας
272 1434 414 1478 αἰῶνας,
439 1432 611 1484 μετέωρον
624 1432 663 1469 τὸ
679 1432 778 1482 ὄμμα
795 1431 949 1483 ἀφίησιν,
968 1435 1006 1470 οὐ
1026 1432 1138 1474 διδοὺς

110 1492 338 1531 ἐπιλαὸέσθαι
368 1493 458 1536 τινὸς
490 1492 607 1535 τέλους
639 1495 685 1535 εἷς
712 1493 753 1531 τὸ
782 1492 877 1539 ἅνω,
906 1491 1025 1538 ἐπειδὴ
1049 1491 1138 1542 μηδέ

111 1557 216 1593 ἐστιν.
240 1553 404 1592 Ἀνελθὼν
423 1553 491 1606 γὰρ
519 1556 565 1596 εἷς
589 1552 701 1605 ἀρχὴν
722 1557 739 1591 ὃ
756 1553 878 1605 λόγος,
912 1555 1006 1600 ζητεῖ
1034 1552 1136 1591 ποίαν

112 1615 225 1667 ἀρχήν
241 1631 249 1638 ·
279 1609 353 1653 εἶτα
381 1615 420 1653 τὸ
454 1608 524 1652 ὟΗν
560 1615 742 1667 εὑρίσκων,
783 1615 836 1653 ἀεὶ
870 1615 995 1667 φθάνον
1034 1616 1136 1652 αὐτοῦ

110 1676 172 1724 τὴν
201 1676 364 1724 διάνοιαν,
394 1678 454 1715 οὐκ
493 1676 567 1728 ἔχει
596 1681 663 1714 ποῦ’
696 1679 822 1723 στῆσαι
860 1676 918 1714 τὸν
958 1674 1137 1727 λογισμὸν,

113 1739 188 1776 ἀλλ’
225 1737 340 1781 ἀτενὲς
368 1741 492 1790 ἐνορῶν
525 1738 585 1776 καὶ
614 1738 778 1789 μηδαμοῦ
807 1737 910 1785 λῆξαι
932 1738 1137 1788 δυνάμενος,

113 1799 305 1851 ἀποκαμὼν
327 1799 535 1852 ὑποστρέφει
554 1800 659 1838 πάλιν
683 1799 740 1838 ἐπὶ
755 1799 799 1838 τὰ
824 1799 933 1838 κάτω.
968 1799 1020 1837 Τὸ
1051 1797 1137 1850 γὰρ,

112 1861 174 1900 Ἔν
198 1863 289 1914 ἀρχῇ
305 1856 362 1909 ἦν,
380 1861 474 1899 οὐδὲν
491 1861 605 1914 ἕτερόν
626 1863 732 1905 ἐστιν,
748 1863 824 1899 ἀλλ’
849 1860 871 1906 ἢ
896 1865 955 1898 τοῦ
978 1854 1065 1898 εἶναι
1085 1859 1139 1898 ἀεὶ

113 1923 316 1970 δηλωτικὸν,
338 1923 398 1961 καὶ
416 1923 567 1975 ἀπείρως
589 1916 688 1960 εἶναι.
711 1916 812 1966 Εἶδες
828 1921 1030 1974 φιλοσοφίαν
1051 1923 1139 1966 ἀλη-

216 1984 286 1998 ΚΝ]

112 1987 154 2031 θῆ
170 2001 229 2022 και
247 2000 406 2036 οογματα
425 1988 516 2031 θεῖα,
542 1986 606 2036 οὐχ
621 1979 676 2023 οἷα
694 1987 761 2021 τῶν
779 1983 972 2031 Ἑλλήνων,
997 1982 1140 2036 χρόνους

112 2045 287 2093 τιθέντων,
313 2046 373 2083 καὶ
395 2045 472 2089 τοὺς
490 2044 551 2096 μὲν
571 2044 826 2098 πρεσὸυτέρους
839 2075 848 2091 ,
868 2044 947 2088 τοὺς
962 2044 998 2083 δὲ
1014 2043 1138 2082 νεωτέ-

116 2123 190 2160 ρους
206 2101 291 2145 εῗναι
313 2106 482 2159 λεγόντων
502 2107 615 2155 θεούς,
632 2107 722 2145 Ἀλλ’
748 2105 764 2126 ¹³
775 2106 869 2145 οὐδὲν
884 2110 1036 2145 τοιοῦτον
1057 2108 1139 2158 παρ’

110 2172 207 2219 ἡμῖν.
226 2170 270 2207 Εἰ
286 2169 353 2222 γὰρ
372 2168 461 2212 Θεός
489 2171 594 2216 ἐστιν,
614 2168 732 2222 ὥσπερ
750 2161 806 2207 οἶν
837 2167 897 2206 καὶ
920 2167 1024 2212 ἐστὶν,
1045 2167 1140 2206 οὐδὲν

111 2229 180 2281 πρὸ
207 2232 329 2267 αὐτοῦ·
349 2232 378 2268 εἰ
405 2230 612 2283 δημιουργὸς
639 2230 792 2277 πάντων,
813 2232 950 2282 πρῶτος
974 2227 1093 2272 αὐτός·
1112 2230 1141 2265 εἰ

113 2289 293 2337 Δεσπότης
312 2291 371 2328 καὶ
392 2290 518 2343 Κύριος
533 2290 709 2338 ἁπάντων,
724 2290 839 2328 πάντα
860 2292 934 2341 μετ’
953 2290 1064 2336 αὐτὸν,
1082 2288 1140 2327 καὶ

114 2348 291 2400 κτίσματα
307 2350 364 2388 καὶ
383 2352 513 2393 αἰῶνες.
534 2350 754 2401 Ἐέουλόμην
772 2350 832 2389 καὶ
852 2352 898 2393 εἰς
919 2353 1054 2401 ἀγῶνας
1074 2365 1140 2387 κα-

115 2410 224 2448 θιέναι
249 2411 395 2464 ἑτέρους.
417 2413 492 2449 ἀλλ’
520 2411 603 2455 ἴσως
624 2411 804 2462 ἀπέκαμεν
819 2415 931 2461 εῆμῖν
954 2415 976 2458 ἡ
995 2411 1140 2450 διάνοια.

115 2471 179 2508 Διὸ
192 2472 405 2523 παραινέσας
423 2475 537 2510 ἐκεῖνα
549 2503 558 2519 ,
583 2473 672 2525 ἅπερ
692 2472 784 2511 ἐστὶν
801 2477 879 2523 ὑμῖν
900 2472 959 2510 καὶ
976 2473 1060 2525 πρὸς
1077 2471 1140 2518 τὴν

115 2535 182 2569 τῶν
198 2535 271 2584 εἷρη
278 2533 401 2582 μένων,
415 2533 474 2570 καὶ
487 2534 573 2584 πρὸς
582 2533 643 2579 τὴν
652 2536 720 2570 τῶν
730 2533 997 2584 λεχθησομένων
1014 2532 1141 2584 ἀκρόα-

117 2609 170 2630 σιν
198 2593 378 2645 χρήσιμα,
404 2594 508 2631 πάλιν
537 2594 738 2645 σιγήσομαι.
758 2594 850 2632 Τίνα
881 2594 922 2640 δὴ
957 2588 1013 2631 οῧν
1032 2593 1142 2631 ταῦτα’

117 2657 231 2701 ἐστιν,
254 2648 345 2693 Οἶδα
374 2654 520 2698 πολλοὺς
540 2654 802 2706 ἷλιγγιάσαντας
828 2655 912 2706 πρὸς
935 2655 974 2692 τὸ
993 2656 1061 2691 τῶν
1080 2656 1141 2691 λε-

117 2715 268 2767 χθέντων
289 2720 411 2767 μῆκος.
430 2718 543 2754 Τοῦτο
571 2715 606 2754 δὲ
630 2715 780 2767 γίνεται,
807 2715 888 2753 ὅταν
904 2719 925 2761 ἦ
946 2714 1040 2766 ψυχὴ
1061 2716 1143 2752 πολ-

116 2779 188 2820 λοῖς
217 2776 368 2830 φορτίοις
397 2778 588 2830 βαρύν-ηται
618 2780 802 2828 βιωτικοῖς.
823 2776 993 2828 Καθάπερ
1019 2775 1145 2828 γὰρτὸ

116 2840 235 2890 ὄμμα,
256 2839 338 2879 ὅταν
357 2839 417 2891 μὲν
437 2840 587 2893 καθαρὸν
607 2834 629 2891 ἦ
650 2840 709 2878 καὶ
726 2838 882 2890 διαυγὲς,
909 2837 1085 2891 ὀξυδερκές
1108 2837 1146 2875 τέ

117 2902 212 2949 ἐστι,
232 2901 292 2939 καὶ
316 2903 378 2939 οὐκ
393 2900 432 2938 ἂν
451 2900 630 2952 ἀποκάμοι
648 2900 773 2953 ῥᾳδίως
802 2899 861 2938 καὶ
877 2899 922 2937 τὰ
949 2899 1146 2938 λεπτότατα

116 2961 265 3013 σώματα
292 2962 578 3013 καταμανθάνον,
609 2962 747 3001 ἐπειδὰν
769 2961 804 3000 δὲ
827 2966 942 3013 χυμοῦ
961 2977 1052 3004 τινος
1076 2961 1146 2999 ἀπὸ

117 3027 178 3069 τῆς
206 3026 358 3076 κεφαλῆς
386 3022 649 3075 ἐπιρρώσαντος
676 3028 846 3074 πονηροῦ,
869 3022 892 3068 ἢ
919 3021 1071 3060 κάτωθεν
1092 3022 1147 3058 λι-

117 3084 216 3136 γνύος
247 3083 448 3127 καπνώδους
483 3083 742 3136 ἀνενεχθείσης,
761 3084 874 3131 πυκνή
908 3100 960 3127 τις
989 3083 1056 3136 πρὸ
1083 3085 1145 3128 τῆς

165 3208 174 3218 ’
200 3202 324 3245 [53Υἰ1.
344 3209 375 3237 ἐκ
397 3208 561 3248 προοιμίων
582 3207 663 3242 εὐθὺς
679 3219 710 3239 π.
729 3220 757 3238 τ.
776 3210 807 3248 ψ.
828 3219 880 3238 πτ.
904 3206 1071 3244 ἀνείλκυσε,
1088 3206 1136 3235 καὶ

121 3265 185 3291 etc.
199 3255 285 3290 Cod.
297 3257 360 3288 706
375 3262 428 3294 τὴν
445 3262 538 3300 ψυχὴν
551 3261 712 3298 ἀνείλκυσε,
725 3263 774 3291 καί
789 3257 872 3298 eta]

165 3319 179 3333 a
204 3308 264 3339 Alii
290 3313 405 3350 ἀνάγων
433 3310 511 3351 ὕψος.
532 3305 619 3340 Ibid.
638 3307 740 3341 Saxil.
771 3315 804 3339 et
831 3306 885 3339 alii
911 3311 1039 3341 ἐνταῦθα
1070 3312 1136 3349 γοῦν

126 3367 204 3403 ἡμᾶς
217 3386 223 3393 .
239 3358 356 3391 Morel.
376 3363 499 3393 ἐνταῦθα
517 3361 562 3397 δή.

1633 41 1671 65 'li‘

1303 185 1349 213 n.
1390 170 1451 213 al.
1496 186 1523 213 1.
2135 175 2184 219 μ’)

1205 265 1342 317 pliciter
1362 264 1520 304 Verbum
1547 264 1754 316 appellavit,
1779 266 1840 303 sed
1866 280 1945 304 cum
1965 268 2105 304 articuli
2125 269 2188 306 ad—

1198 325 1352 377 jectione
1366 339 1386 362 a
1400 324 1546 375 reliquis
1560 324 1678 376 ipsum
1692 324 1871 363 distinxit.
1890 326 2022 365 Viden'
2044 341 2100 364 me
2120 341 2188 366 non

1153 405 1183 429 13
1202 387 1334 424 frustra
1353 385 1487 423 dixisse
1515 385 1611 423 hunc
1641 387 1895 437 evangelistam
1924 387 2028 425 nobis
2042 386 2086 424 de
2105 389 2188 425 caelo

1156 442 1180 470 Λ
1201 447 1299 497 loqui
1313 447 1330 484 ἱ)
1352 445 1604 484 Animadverte
1632 447 1751 495 enim,
1775 462 1844 499 quo
1867 448 2098 486 sublimitatis
2113 457 2188 485 sta-

1200 507 1266 545 tim
1300 521 1320 544 a
1350 507 1527 559 principio
1559 507 1765 545 auditorum
1798 519 1952 547 mentem
1976 518 2009 546 et
2034 510 2191 547 animam

1202 568 1369 607 evexerit.
1389 570 1583 618 Postquam
1609 570 1704 607 enim
1729 570 1830 608 illam
1850 585 1955 623 supra
1977 571 2095 609 omnia
2113 586 2191 622 quae

1203 631 1270 668 sub
1289 644 1429 669 sensum
1447 629 1577 668 cadunt
1590 661 1601 680 7
1621 645 1727 684 supra
1746 642 1874 670 terram
1891 663 1900 678 ,
1924 646 2021 670 mare
2036 663 2045 680 7
2066 632 2191 670 eaelum

1202 691 1321 730 evexit
1333 721 1343 739 7
1363 691 1468 729 etiam
1489 705 1595 743 supra
1617 693 1813 731 Cherubim
1827 723 1836 741 7
1855 693 2056 745 Seraphim,
2071 693 2189 730 Thro-

1205 766 1268 789 nos
1280 782 1289 800 7
1307 751 1531 803 principatus
1541 782 1552 801 7
1570 754 1782 799 potestates,
1806 768 1911 806 supra
1936 768 2076 791 omnem
2095 753 2194 791 deni-

1205 826 1273 863 que
1301 821 1499 850 creaturam
1526 813 1688 852 incedere
1718 815 1839 853 suasit.
1871 815 1969 861 Quid
1996 815 2129 866 igitur?
2149 828 2193 851 an

1206 883 1395 926 postquam
1424 888 1486 911 nos
1510 874 1556 912 ad
1586 884 1722 913 tantam
1751 876 2007 914 sublimitatem
2029 875 2194 921 deduxit,

1206 934 1257 972 ibi
1276 948 1340 972 nos
1356 935 1476 973 sistere
1493 936 1635 987 potuit?
1651 938 1884 988 Nequaquam
1890 953 1901 988 3
1918 936 1980 974 sed
1994 935 2141 988 perinde
2155 950 2196 973 ac

1207 996 1237 1034 si
1267 997 1349 1047 quis
1378 1005 1528 1035 stantem
1548 996 1594 1034 ad
1612 997 1697 1035 litus
1726 997 1855 1047 maris,
1885 1012 1926 1035 ac
1953 996 2194 1049 respicientem

1207 1057 1331 1105 urbes,
1347 1071 1444 1105 oras,
1462 1066 1607 1109 portus;
1626 1067 1814 1110 postquam
1828 1058 1863 1096 in
1878 1057 2035 1096 medium
2049 1057 2197 1109 pelagus

1206 1117 1397 1155 adduxerit
1410 1148 1420 1167 7
1440 1133 1459 1155 a
1480 1119 1659 1170 prioribus
1689 1119 1833 1170 quidem
1870 1119 2023 1167 amovit,
2044 1128 2079 1156 at
2098 1133 2198 1170 aspe-

1209 1178 1282 1216 ctui
1301 1179 1377 1230 ejus
1390 1179 1558 1217 terminos
1574 1194 1642 1217 non
1663 1180 1798 1232 posuit,
1817 1179 1877 1218 sed
1897 1180 2110 1217 immensum
2131 1178 2199 1230 ipsi

1209 1241 1449 1293 spectaculum
1465 1241 1583 1279 dedit:
1599 1242 1649 1279 sic
1664 1251 1698 1279 et
1711 1242 1928 1293 evangelista
1938 1251 2126 1293 postquam
2138 1255 2200 1278 nos

1210 1315 1320 1354 supra
1343 1316 1484 1340 omnem
1503 1312 1702 1340 creaturam
1726 1303 1884 1353 induxit,
1904 1312 1937 1340 et
1954 1302 2001 1339 ad
2019 1301 2202 1353 superiora

1210 1366 1380 1403 creaturis
1400 1366 1528 1404 saecula
1550 1365 1670 1416 misit,
1691 1366 1882 1404 sublimem
1906 1365 2050 1403 oculum
2076 1364 2204 1402 mentis

1210 1426 1398 1477 relinquit,
1421 1427 1484 1477 qui
1506 1426 1649 1465 nullum
1668 1428 1777 1465 finem
1799 1427 1834 1465 in
1855 1427 2016 1479 supernis
2034 1427 2204 1477 attingere

1210 1486 1339 1539 possit,
1361 1501 1401 1525 eo
1414 1487 1511 1538 quod
1526 1488 1647 1525 nullus
1666 1488 1723 1525 sit.
1739 1489 1831 1526 Nam
1847 1488 1909 1525 ubi
1926 1487 1972 1525 ad
1986 1487 2206 1539 principium

1210 1547 1369 1585 ascendit
1392 1548 1502 1595 ratio,
1524 1548 1651 1599 quaerit
1671 1548 1759 1600 quid
1781 1549 1825 1587 sit
1844 1547 1936 1586 illud
1954 1548 2173 1600 principium
2196 1564 2204 1584 z

1210 1608 1339 1647 deinde
1358 1610 1421 1647 ubi
1440 1609 1551 1659 illud,
1572 1612 1686 1659 Erat,
1719 1611 1868 1663 reperit,
1891 1625 2029 1662 semper
2056 1610 2206 1648 ulterius

1211 1680 1326 1708 mente
1344 1671 1553 1723 procedens,
1583 1672 1645 1709 ubi
1670 1672 1921 1724 cogitationem
1940 1672 2040 1710 sistat
2058 1685 2127 1709 non
2143 1671 2207 1709 ha-

1211 1733 1271 1772 bet
1291 1733 1379 1790 :sed
1409 1733 1542 1770 intente
1574 1733 1781 1786 respiciens,
1808 1748 1889 1771 cum
1919 1732 2111 1770 terminum
2136 1746 2206 1770 non

1211 1794 1377 1847 reperiat,
1403 1793 1559 1831 defessus
1588 1808 1732 1832 rursum
1757 1794 1802 1832 ad
1825 1794 1992 1832 inferiora
2013 1792 2204 1832 descendit.

1212 1854 1307 1892 Illud
1330 1854 1443 1901 enim,
1463 1857 1514 1891 In
1537 1856 1725 1906 principio
1751 1863 1847 1902 erat,
1869 1853 1959 1891 nihil
1979 1852 2078 1891 aliud
2094 1854 2204 1905 signi·
2243 1873 2318 1901 vm
2343 1874 2409 1910 phi,

1212 1915 1310 1964 ficat7
1333 1929 1442 1966 quam
1470 1914 1566 1966 quod
1598 1929 1736 1968 semper
1763 1915 1882 1959 fuerit,
1905 1925 1938 1953 et
1967 1924 2118 1952 aeternus
2148 1915 2203 1953 sit.
2220 1916 2350 1951 ¹0³⁰P¹¹i³

2220 1968 2291 1994 quit).

1212 1977 1351 2017 Viden’
1372 1991 1495 2016 veram
1522 1976 1803 2029 philosophiam,
1824 1986 1857 2014 et
1878 1976 2001 2016 divina
2022 1977 2204 2028 dogmata,

1213 2053 1282 2077 non
1309 2039 1429 2090 qualia
1461 2040 1685 2087 Graecorum,
1705 2039 1767 2090 qui
1790 2048 1948 2091 tempora
1976 2039 2206 2086 constituunt,

1213 2110 1246 2139 et
1266 2100 1350 2138 deos
1373 2100 1462 2138 alios
1492 2100 1660 2148 seniores,
1692 2100 1781 2138 alios
1805 2100 1964 2152 juniores
1989 2099 2142 2138 dicunt?
2163 2102 2207 2138 At

1212 2163 1303 2201 nihil
1320 2162 1418 2215 apud
1439 2176 1502 2200 nos
1519 2162 1646 2200 simile.
1665 2162 1704 2200 Si
1720 2162 1814 2199 enim
1832 2163 1929 2199 Deus
1948 2170 2011 2210 est,
2029 2171 2067 2199 ut
2086 2176 2207 2201 revera

1213 2233 1279 2274 est,
1303 2224 1396 2262 nihil
1411 2233 1461 2261 est
1481 2233 1563 2261 ante
1583 2223 1706 2273 illum,
1727 2223 1755 2260 si
1777 2224 1922 2260 Creator
1942 2222 2116 2270 omnium⁷
2134 2223 2208 2274 ipso

1212 2287 1352 2339 primus
1379 2295 1451 2334 est3
1482 2285 1511 2323 si
1540 2285 1715 2323 Dominus
1741 2294 1774 2322 ct
1795 2284 1996 2322 dominator
2024 2285 2206 2327 omnium,

1214 2347 1334 2386 omnia
1353 2355 1432 2399 post
1451 2346 1569 2398 ipsum
1588 2355 1683 2393 sunt,
1703 2354 1736 2382 et
1756 2345 1896 2396 opificia
1918 2353 1951 2381 et
1968 2344 2109 2381 saecula.
2131 2346 2206 2383 Vo-

1213 2408 1331 2446 lebam
1350 2407 1385 2444 in
1405 2407 1473 2444 alia
1496 2406 1689 2444 certamina
1716 2404 1938 2453 descendere,
1969 2403 2030 2441 sed
2060 2404 2208 2442 fortasse

1214 2468 1346 2506 fatiscit
1367 2467 1470 2504 vobis
1497 2466 1648 2503 animus.
1672 2466 1793 2510 Quare
1813 2473 1891 2516 post
1910 2464 2075 2514 quaedam
2094 2465 2207 2502 moni-

1217 2537 1267 2576 ta,
1290 2542 1369 2578 quae
1392 2526 1494 2565 vobis
1513 2525 1559 2562 ad
1578 2526 1757 2562 dictorum
1772 2534 1804 2562 et
1818 2523 2051 2562 dicendorum
2065 2535 2208 2577 captum

1216 2597 1318 2627 erunt
1334 2587 1450 2631 utilia,
1465 2587 1573 2623 finem
1589 2585 1730 2623 dicendi
1746 2585 1888 2623 faciam.
1908 2586 2082 2632 Quaenam
2100 2587 2210 2638 igitur

1216 2664 1254 2687 ea
1275 2648 1382 2686 sunt?
1401 2647 1481 2686 Scio
1505 2647 1637 2685 multos
1661 2647 1842 2684 dictorum
1867 2647 2129 2699 longitudinem
2151 2649 2206 2685 fa—

1216 2711 1349 2749 stidire.
1372 2710 1448 2747 Hoc
1468 2723 1552 2748 vero
1578 2718 1662 2747 tune
1681 2709 1738 2757 fit,
1760 2723 1842 2746 cum
1862 2709 1982 2747 anima
2004 2709 2127 2747 multis
2149 2724 2212 2747 sae-

1217 2771 1400 2811 eularibus
1433 2770 1528 2809 curis
1556 2770 1772 2821 sarcinisque
1796 2770 1971 2807 obruitur.
1995 2770 2097 2808 Sicut
2118 2771 2211 2808 enim

1216 2833 1330 2881 visus,
1361 2831 1450 2870 dum
1476 2846 1588 2884 purus
1621 2831 1834 2882 lucidusque
1862 2840 1927 2879 est,
1964 2840 2066 2869 acute
2099 2831 2210 2877 videt,

1218 2909 1330 2946 neque
1350 2893 1490 2932 laborat
1508 2907 1590 2931 cum
1609 2892 1666 2931 vel
1686 2892 1892 2930 tenuissima
1909 2905 2055 2943 corpora
2071 2893 2212 2944 perspi-

1218 2955 1265 2993 cit
1280 2971 1288 2992 :
1304 2954 1445 3006 quando
1461 2963 1580 2991 autem
1598 2953 1644 2990 de
1663 2952 1777 3005 capite
1792 2952 1909 2989 malus
1927 2952 2058 2989 humor
2079 2953 2210 3002 aliquis

1216 3016 1356 3066 defluit,
1373 3016 1431 3054 vel
1443 3014 1551 3053 densa
1568 3013 1731 3065 quaedam
1752 3013 1894 3062 nebula,
1914 3027 1959 3050 ex
1977 3013 2110 3051 infimis
2128 3028 2170 3065 pa
2178 3028 2213 3050 ι·-

1218 3080 1314 3118 tibus
1337 3077 1540 3125 ascendens,
1561 3085 1641 3115 ante
1666 3075 1844 3128 pupillam
1876 3075 2027 3122 sistitur,
2050 3090 2092 3113 ne
2122 3090 2214 3113 cras-

1247 3201 1265 3225 b
1289 3197 1351 3231 Alii
1370 3200 1450 3232 οὐδὲν
1467 3199 1591 3230 τούτων.

1247 3261 1260 3275 c
1285 3247 1379 3293 [ἡμῖν
1407 3247 1599 3280 addidimus
1624 3258 1641 3279 e
1667 3245 1768 3279 Saril.
1789 3253 1822 3278 et
1850 3244 1935 3277 Cod.
1955 3246 2031 3279 706.
2051 3245 2220 3288 Expressit

1205 3312 1335 3346 quoque
1356 3298 1557 3343 Inter-pres]

1977 3394 2011 3429 5.
