2522 3683
135 775 203 802 Act.
222 781 249 802 2.
266 780 319 809 27·

143 1779 214 1805 Luc.
234 1786 260 1808 t.
277 1776 325 1806 35.

163 3196 342 3223 Isai.1t.1.

329 148 420 210 9¹8

329 257 409 280 eum
425 240 578 292 Virgine
593 237 841 291 blasphemum
864 243 951 272 esset
970 231 1141 284 suspicari
1162 240 1312 283 patrem.

331 297 436 332 Pater
466 294 541 331 sine
566 293 667 330 fluxu
688 291 828 342 genuit,
850 287 967 338 Virgo
989 285 1191 335 incorrupta
1214 296 1316 334 pepe-

330 348 388 385 rit.
417 348 537 397 Neque
564 344 658 382 enim
689 345 786 380 Deus
818 341 957 378 fluxum
989 336 1164 388 gignendo
1192 349 1316 387 passus

330 408 382 437 est
394 415 405 448 5
430 412 512 436 nam
531 406 571 434 ut
589 398 707 434 Deum
726 394 872 432 decebat
900 390 1020 443 genuit
1040 406 1047 426 :
1068 402 1180 440 neque
1205 388 1315 437 Virgo

330 450 500 504 pariendo
531 448 751 500 corruptioni
778 445 933 484 obnoxia
962 443 1051 492 fuit3
1084 440 1317 493 spiritualiter

330 504 424 542 enim
445 502 594 556 peperit.
623 503 662 539 ()-
675 513 807 538 novum
830 497 1043 535 miraculum
1071 493 1079 533 Ῐ
1103 508 1123 532 0
1142 506 1314 531 veneran-

332 557 421 594 dum
440 565 472 593 et
492 554 671 593 ineffabile
690 551 900 604 mysterium
921 549 930 588 I
958 549 1085 598 Dicere
1105 546 1236 594 ausim,
1256 559 1317 582 nee

331 609 483 647 dicendo
509 607 679 645 aberrabo
701 621 708 641 ε
728 605 835 642 etiam
854 616 995 640 sursum
1013 600 1191 651 virgiueni
1210 607 1317 635 natu-

332 676 410 699 ram
447 660 630 711 genuisse3
662 672 753 710 pura
785 669 939 706 namque
968 663 1002 691 et
1032 653 1234 703 incorrupta
1268 658 1319 687 est

332 713 475 751 deitatis
487 710 685 750 substantia
704 726 711 746 :
729 719 762 747 et
788 709 823 746 iu
850 717 942 745 terra
953 705 1141 757 Virginem
1159 704 1319 741 incorru-

334 776 430 818 ptam
460 765 637 817 peperisse
669 763 943 813 incorruptum:
966 773 1047 796 nain
1082 759 1172 795 ,Non
1208 757 1319 792 dabis

333 820 517 858 Sanctum
547 826 652 855 tuum
679 817 813 852 videre
838 815 1130 864 corruptionem.
1151 809 1241 846 Cum
1261 821 1319 845 na-

333 880 413 909 tura
441 870 565 908 ordine
591 868 772 922 procedit,
797 876 878 904 tunc
903 879 981 916 quae
1003 861 1198 902 secundum
1217 869 1319 897 natu—

1304 150 1477 178 SPUIUA.

1385 233 1507 275 νοῆσαι
1540 229 1687 282 πατέρα.
1706 229 1749 267 ‘O
1783 228 1908 280 Πατὴρ
1947 228 2139 280 ἀῤῥεύστως
2171 228 2361 278 ἐγέννησεν,
2380 233 2401 274 ἦ

1386 282 1562 347 Παρθένος
1600 281 1757 334 ἀφθόρως
1788 280 1913 319 ἔτεκεν.
1939 280 2031 319 Οὔτε
2064 281 2130 332 γὰρ
2164 280 2253 323 Θεὸς
2291 283 2402 331 ῥεῦσιν

1386 337 1549 384 ὑπεμεινε
1582 335 1763 384 γεννήσας·
1787 336 1985 385 θεοπρεπῶς
2011 332 2078 385 γὰρ
2106 332 2305 383 ἐγέννησεν·
2329 333 2404 371 οὔτε

1385 391 1406 433 ἡ
1437 386 1613 437 Παρθένος
1644 385 1772 438 φθορὰν
1805 386 1936 432 ὑπέστη
1966 389 2135 424 τεκοῦσα·
2161 389 2406 436 πνευματικῶς

1387 438 1453 490 γὰρ
1473 439 1600 477 ἔτεκεν.
1619 437 1671 476 *Ω
1693 444 1811 477 καινοῦ
1831 437 2021 488 θαύματος,
2039 438 2067 475 ὢ
2090 444 2217 476 σεπτοῦ
2239 438 2296 475 καὶ
2315 440 2405 476 ἀλα-

1387 491 1492 537 λήτου
1521 491 1725 544 μυστηρίου.
1748 493 1780 528 T
1783 493 1880 541 ολμῶ
1900 490 1968 543 γὰρ
1991 493 2111 539 εἰπεῖν,
2136 489 2220 542 ὅπερ
2238 490 2348 542 λέγων
2369 494 2406 528 οὐ

1388 544 1608 596 σφάλλομαι·
1642 546 1695 582 ὅτι
1725 543 1784 582 καὶ
1823 543 1894 581 ἄνω
1920 543 2086 595 παρθένος
2119 543 2279 593 ἐγέννησε
2311 542 2409 595 φύσις

1388 597 1546 648 (καθαρὰ
1567 597 1633 649 γάρ
1653 599 1725 635 ἐστι
1744 596 1804 634 καὶ
1819 595 1965 647 ἄφθορος
1980 599 2001 642 ἡ
2018 599 2079 642 τῆς
2092 596 2251 643 θεότητος
2267 595 2409 643 οὐσία),

1388 650 1448 687 καὶ
1469 650 1564 687 κάτω
1587 650 1764 701 Παρθένος
1783 649 1895 686 ἔτεκεν
1924 648 2068 700 ἄφθορος
2087 649 2245 714 ἄφθορον·
2266 651 2319 687 Οὗ
2339 647 2410 685 δώ-

1389 717 1458 746 σεις
1480 702 1545 754 γὰρ
1562 703 1619 740 τὸν
1639 703 1729 741 ὅσιόν
1751 717 1810 740 σου
1839 702 1920 738 ἰδεῖν
1952 701 2150 752 διαφθοράν.
2188 702 2284 739 Οταν
2305 705 2326 747 ἡ
2344 700 2410 752 φύ-

1390 770 1441 799 σις
1457 755 1551 799 τάξει
1572 755 1673 806 βαίνῃ
1686 786 1695 804 ,
1710 754 1787 792 τότε
1807 753 1851 792 τὰ
1870 753 1960 791 κατὰ
1979 753 2080 805 φύσιν
2102 753 2216 800 ζήτει,
2235 753 2409 803 ἄνθρωπε·

1391 806 1470 845 ὅταν
1494 807 1529 844 δὲ
1549 808 1638 851 Θεός
1659 824 1692 846 τι
1714 806 1918 859 προστάσσῃ
1931 835 1940 851 ,
1960 805 2039 844 τότε
2056 809 2078 852 ἡ
2095 805 2194 858 φύσις
2212 807 2273 852 τὴν
2288 807 2412 850 ἑαυτῆς

1392 862 1546 912 ἀρνεῖται
1560 861 1669 908 τάξιν,
1690 861 1756 914 >calm
1776 863 1890 898 ἐκεῖνα
1908 859 2073 910 πράττει,
2094 859 2182 910 ἅπερ
2201 862 2218 896 ὁ
2240 861 2299 896 τοῦ
2321 860 2412 897 Θεοῦ

334 938 412 961 ram
429 932 509 961 sunt
529 935 667 973 quaere,
691 935 710 958 o
731 921 838 957 homo
850 934 861 968 3
884 932 964 956 eum
987 918 1082 954 Deus
1101 914 1190 965 quid
1209 913 1319 964 impe·
1330 927 1377 952 239
1394 912 1552 963 βούλεται
1571 913 1684 964 νόμος.
1705 912 1789 951 Οῖόν
1826 928 1859 949 τι
1885 911 1978 962 λέγω
1991 927 1999 934 ·
2020 911 2197 950 ἐκέλευσεν
2222 914 2239 949 ὃ
2263 909 2350 954 Θεὸς
2369 912 2412 956 τῆ

334 986 408 1024 rat,
443 985 528 1013 tune
557 984 682 1012 natura
713 987 817 1011 suum
842 979 947 1021 negat
978 968 1159 1013 ordinem,
1188 965 1320 1014 illaque
1342 964 1368 993 Α
1390 964 1503 1018 πέτρᾳ
1517 967 1551 1003 ἐν
1570 968 1613 1015 τῇ
1634 965 1754 1017 ἐρήμῳ
1771 963 1935 1002 {nomo-at
1949 963 2059 1017 ὕδωρ,
2079 964 2138 1001 καὶ
2151 963 2306 1010 ἔὸλυσεν,
2322 953 2416 1014 οὖχδ

335 1028 440 1078 facit,
463 1042 540 1078 quae
567 1027 635 1064 Dei
659 1026 717 1063 lex
741 1033 850 1077 optat.
875 1021 1041 1072 Exempli
1067 1033 1189 1066 eausa,
1212 1017 1319 1069 jussit

335 1082 434 1119 Deus
453 1090 591 1132 petram
611 1079 644 1116 in
665 1078 802 1116 deserto
820 1089 930 1126 aquas
949 1072 1130 1112 effundere
1143 1100 1155 1120 ,
1178 1079 1211 1107 et
1229 1069 1319 1107 effu-

335 1133 412 1181 dit,
434 1147 502 1171 non
529 1131 623 1182 quod
645 1131 680 1168 in
710 1129 789 1168 sinu
817 1128 989 1175 habebat,
1016 1124 1077 1162 sed
1094 1121 1190 1174 quod
1209 1121 1320 1174 jussio

336 1185 484 1224 indidit.
506 1184 606 1222 Sicut
622 1196 704 1234 ergo
720 1191 816 1234 petra
833 1189 923 1218 nutu
937 1179 1007 1217 Dei
1023 1178 1098 1215 fons
1113 1176 1234 1213 effecta
1253 1183 1317 1221 est,

337 1247 370 1276 et
405 1251 578 1288 aquarum
609 1244 778 1273 torrentes
807 1232 964 1285 peperit,
992 1244 1061 1268 non
1088 1243 1133 1266 ex
1164 1227 1321 1280 subjecta

336 1304 444 1339 vena,
469 1304 538 1327 non
568 1303 613 1327 ex
639 1287 785 1326 flumine
804 1294 988 1333 mutuata5
1021 1282 1084 1320 sed
1111 1280 1229 1326 arida,
1248 1279 1323 1317 sine

337 1358 425 1382 vena
453 1352 486 1380 et
516 1342 686 1389 humore,
714 1340 833 1377 statim
858 1338 1052 1376 fluviorum
1071 1343 1183 1372 mater
1200 1333 1322 1370 effecta

336 1405 405 1445 est,
427 1410 532 1446 quam
560 1408 629 1431 non
658 1393 811 1430 babebat
837 1405 967 1442 aquam
993 1389 1089 1439 large
1111 1385 1320 1424 effundens:

337 1449 387 1486 sie
409 1448 613 1500 nuptiarum
634 1460 760 1498 expers
778 1444 907 1495 Virgo,
929 1442 1164 1481 obumbrante
1187 1438 1325 1490 Spiritu

339 1510 459 1539 saneto
473 1531 483 1550 ,
520 1499 718 1538 Dominum
757 1506 917 1535 nostrum
954 1493 1148 1533 secundum
1185 1505 1323 1529 earnem

338 1554 501 1606 peperit,
524 1567 594 1590 non
613 1561 748 1589 natura:
773 1549 895 1588 ordine
918 1557 1011 1586 mota
1027 1577 1037 1597 ,
1063 1545 1125 1584 sed
1150 1543 1324 1582 Altissimi

339 1607 474 1645 virtute
498 1605 544 1643 ad
565 1615 710 1658 partum
739 1617 935 1656 progressa.
961 1603 1041 1640 Non
1060 1598 1155 1636 enim
1182 1596 1326 1634 aliunde

341 1668 501 1697 mutuata
531 1668 661 1710 praeter
681 1666 814 1694 naturae
843 1655 955 1706 legem
974 1652 1134 1705 peperit,
1157 1650 1219 1688 sed
1238 1649 1324 1701 Spi—

342 1712 413 1749 ritu
432 1721 550 1749 saneto
566 1711 747 1758 roborata,
762 1709 813 1746 sie
831 1707 986 1760 peperit,
998 1704 1110 1743 utDei
1131 1703 1243 1754 gratia
1265 1716 1325 1740 vo-

342 1765 423 1802 luit.
449 1765 539 1802 Nam
561 1763 610 1800 ait
633 1779 640 1798 :
661 1763 823 1813 Spiritus
845 1768 1002 1797 sanctus
1024 1758 1263 1809 superveniet
1286 1757 1326 1791 in

344 1826 397 1863 te,
431 1825 466 1854 et
492 1820 617 1854 virtus
633 1815 832 1852 Altissimi
855 1813 1097 1850 obumbrabit
1119 1811 1198 1846 tibi.
1218 1809 1326 1844 Ideo-

344 1885 417 1922 que
433 1870 537 1921 quod
560 1876 738 1906 nascetur
755 1867 959 1911 Sanctum,
980 1865 1185 1900 vocabitur
1200 1861 1328 1898 Pilius

343 1924 430 1960 Dei.
461 1922 498 1960 Si
526 1921 581 1959 vis
609 1933 838 1971 cognoscere,
870 1915 1046 1967 quomodo
1076 1923 1201 1952 natura
1224 1927 1329 1951 suum

344 1984 446 2026 neget
466 1973 643 2021 ordinem,
665 1981 704 2009 ut
724 1980 849 2023 praeter
879 1979 1042 2007 naturam
1064 1967 1131 2005 Dei
1153 1965 1329 2004 voluntati

345 2028 540 2076 ministret,
560 2026 736 2076 interroga
759 2024 899 2074 virgam
914 2021 1084 2059 Aaronis:
1104 2019 1192 2065 Die,
1215 2018 1329 2069 Virga

344 2080 468 2129 arida,
503 2077 681 2130 quomodo
716 2077 800 2114 folia
832 2085 865 2113 et
897 2076 1053 2112 fructum
1084 2073 1119 2110 in
1152 2080 1330 2109 momento

345 2142 472 2185 przeter
486 2140 649 2169 naturam
664 2129 868 2182 protulisti?
885 2129 963 2166 Non
980 2136 1013 2164 te
1025 2128 1170 2178 Moyses
1186 2124 1222 2161 iu
1242 2122 1330 2161 terra

345 2186 445 2237 prius
466 2183 602 2237 posuit,
620 2197 689 2220 non
709 2182 885 2219 imbribus
905 2179 1090 2231 irrigavit,
1109 2191 1178 2215 non
1194 2175 1332 2215 radices

345 2248 485 2290 tempus
504 2236 593 2274 fovit
612 2245 645 2273 et
663 2235 774 2284 aluit3
800 2248 869 2272 non
892 2242 1066 2282 aestatem,
1090 2245 1159 2268 non
1188 2244 1249 2268 ver
1271 2229 1331 2268 vi-

347 2290 454 2338 disti,
472 2303 539 2328 non
562 2289 715 2326 hiemem
734 2287 791 2326 vel
813 2295 1025 2323 autumnum
1041 2300 1048 2320 :
1067 2282 1246 2334 quomodo
1266 2282 1333 2333 igi-

347 2353 406 2381 tur
426 2343 511 2380 folia
529 2373 537 2391 ,
558 2342 662 2380 flores
680 2350 713 2378 et
742 2341 897 2377 fructum
916 2337 1062 2376 tulisti?
1086 2338 1164 2374 Non
1192 2349 1336 2373 conver-

347 2396 507 2434 sionibus
535 2394 647 2439 aeris,
678 2392 796 2443 inquit
826 2393 951 2442 virga,
978 2404 1047 2428 non
1078 2387 1336 2426 mutationibus

348 2457 598 2501 tempestatum
614 2445 745 2485 servivi
757 2461 768 2495 3
788 2444 849 2482 sed
864 2443 988 2481 divino
1006 2441 1211 2480 ministrans
1227 2440 1336 2477 verbo

350 2510 515 2539 naturam
530 2498 662 2537 calcavi
672 2529 682 2547 ,
699 2508 732 2535 et
747 2506 874 2550 praeter
890 2505 1052 2534 naturam
1069 2495 1225 2532 fructum
1239 2492 1336 2541 dedi,

351 2564 390 2591 ut
407 2563 439 2591 et
450 2552 643 2591 seeundum
657 2560 820 2588 naturam
840 2558 873 2587 et
890 2557 1015 2601 praeter
1030 2556 1194 2586 naturam
1211 2544 1337 2598 optimi

355 2606 515 2644 Artificis
538 2604 713 2643 voluntati
747 2602 957 2642 serviamus.
990 2601 1090 2639 Sicut
1122 2613 1204 2650 ergo
1237 2598 1336 2649 virga

353 2668 480 2710 praeter
496 2667 658 2695 naturam
673 2657 828 2694 fructum
841 2654 961 2703 dedit,
979 2667 999 2691 ο
1015 2654 1140 2700 homo,
1158 2661 1198 2689 ut
1215 2650 1340 2690 Judaea

355 2711 533 2756 crederet,
555 2710 604 2747 sic
623 2718 656 2747 et
681 2709 784 2759 virga
812 2708 953 2756 vivens,
982 2706 1079 2757 regia
1107 2705 1241 2755 Virgo,
1266 2703 1340 2741 siue

353 2763 529 2814 legalibus
548 2762 682 2813 nuptiis
700 2760 856 2813 peperit,
876 2769 915 2796 ut
934 2759 1028 2796 salus
1043 2766 1229 2810 pareretur
1249 2755 1338 2794 orbi.

410 2818 448 2853 Q.
467 2815 504 2852 Si
525 2814 637 2859 dicas,
661 2814 749 2859 Quae
771 2811 970 2850 similitudo
989 2811 1080 2849 inter
1100 2811 1239 2861 virgam
1261 2821 1340 2859 ger-

356 2867 549 2904 minantem
588 2875 621 2903 et
641 2866 829 2915 Virginem
863 2864 1090 2917 parientem?
1112 2863 1207 2900 disce
1239 2860 1338 2898 mul-

357 2930 434 2958 tum
449 2920 612 2957 interesse
639 2917 1026 2967 similitudinis.Virga
1063 2929 1215 2965 namque
1248 2914 1339 2963 figu-

358 2987 395 3009 ra
427 2981 501 3010 erat
524 2970 705 3021 Virginis;
726 2971 786 3007 illa
807 2970 936 3019 imago,
966 2969 1041 3006 bate
1071 2968 1226 3017 verita53
1248 2965 1340 3004 illud

360 3025 459 3076 prius
478 3023 653 3061 indicium
673 3031 760 3068 erat,
786 3022 861 3059 haee
880 3021 1145 3059 demonstratio.
1171 3021 1222 3057 Ut
1246 3018 1339 3056 enim

359 3077 460 3128 virga
477 3076 538 3114 illa
565 3076 720 3112 fructum
752 3083 876 3125 praeter
903 3083 1068 3111 naturam
1097 3072 1218 3117 dedit,
1239 3071 1289 3109 sic
1308 3079 1341 3108 et

359 3129 418 3167 hie
442 3129 555 3179 Virgo
581 3127 703 3165 florem
720 3134 853 3162 naturae
875 3134 1179 3176 p1·aeter11:it111‘ain
1207 3124 1342 3175 germi-

360 3182 471 3221 navit.
508 3182 598 3220 Nam
630 3179 678 3216 ait
699 3194 705 3214 ε
730 3178 962 3230 Egredietm·
992 3180 1106 3229 virga
1135 3179 1181 3215 de
1212 3178 1342 3214 radice

408 3324 421 3341 *⁴
448 3321 574 3364 [Savit.
593 3327 630 3355 ϊσ.
652 3325 700 3354 τοῦ
718 3317 890 3361 νὸμουλζΐ.
911 3329 941 3358 p.
964 3317 1038 3357 244,
1058 3316 1115 3355 C.]

1391 1020 1446 1068 εἷχ
1448 1032 1481 1053 εν
1490 1020 1526 1070 ἐν
1539 1017 1697 1066 κόλποις,
1717 1018 1791 1055 ἀλλ’
1805 1016 1822 1054 ὃ
1839 1016 2022 1054 ἐναπέθετο
2031 1017 2070 1055 τὸ
2083 1015 2306 1069 πρόσταγμα.
2321 1014 2414 1052 ‘'tzo-

1389 1084 1456 1121 περ
1471 1072 1528 1106 οὖν
1542 1072 1564 1115 ἡ
1585 1071 1697 1120 πέτρα
1716 1069 1860 1119 νεύματι
1871 1074 1930 1107 τοῦ
1940 1073 2030 1108 Θεοῦ
2043 1069 2138 1120 πηγὴ
2150 1069 2267 1121 γέγονε
2279 1099 2288 1115 ,
2302 1067 2361 1104 καὶ
2373 1071 2415 1113 τῆ

1391 1127 1480 1185 φορᾷ
1493 1123 1560 1158 τῶν
1571 1122 1704 1159 ὑδάτων
1718 1121 1929 1175 χειμάρρους
1944 1122 2072 1170 ἔτεκεν,
2090 1123 2127 1159 οὗ
2143 1121 2266 1173 φλεόὸς
2278 1111 2416 1158 ὑποκεί-

1392 1188 1510 1223 μενης,
1522 1175 1559 1211 οὗ
1571 1173 1668 1226 παρὰ
1681 1177 1840 1225 ποταμοῦ
1860 1174 2090 1225 δανεισαμένη
2104 1203 2113 1221 ,
2131 1176 2206 1212 ἀλλ’
2221 1177 2243 1218 ἡ
2256 1172 2342 1223 ξηρὰ
2357 1172 2417 1210 καὶ

1392 1225 1540 1278 diois-:602
1560 1226 1616 1264 >toti
1638 1227 1779 1280 ἄνυγρος
1808 1227 1904 1278 ἄφνω
1932 1227 2048 1280 γέγονε
2075 1228 2243 1277 ποταμῶν
2277 1225 2416 1277 μήτηρ,

1395 1278 1547 1330 ἀφθόνως
1571 1278 1770 1332 προχέουσα
1797 1279 1881 1331 ὅπερ
1904 1281 1966 1318 οὐκ
1986 1280 2085 1332 ἔσχεν
2105 1279 2218 1331 ὕδωρ·
2246 1278 2335 1317 οὕτω
2357 1278 2417 1315 καὶ

1393 1334 1414 1376 ἦ
1449 1331 1685 1396 ἀπειρόγαμος
1722 1332 1898 1385 Παρθένος
1925 1336 1968 1385 τῇ
1997 1332 2193 1371 ἐπισκιάσει
2225 1335 2284 1369 τοῦ
2320 1330 2417 1382 ἁγίου

1394 1385 1599 1449 Πνευματος
1632 1385 1689 1423 τὸν
1714 1385 1841 1438 Κύριον
1864 1389 1964 1435 ἡμῶν
1997 1384 2092 1424 ἔτεκε
2115 1384 2205 1422 κατὰ
2227 1383 2361 1437 σάρκα,
2380 1385 2418 1422 οὐ

1394 1436 1487 1481 ταξει
1507 1437 1639 1488 φύσεως
1658 1442 1856 1485 κινηθεῖσα,
1887 1437 1977 1476 ἀλλὰ
1998 1442 2040 1489 τῇ
2071 1437 2214 1487 δυνάμει
2232 1440 2291 1475 τοῦ
2312 1436 2418 1487 εΥψί-

1396 1505 1477 1528 στου
1498 1490 1555 1528 ἐπὶ
1572 1490 1610 1528 τὸ
1625 1498 1734 1529 τεκεῖν
1755 1493 1909 1529 ἐλθοῦσα.
1926 1492 1979 1528 Οὐ
1998 1492 2066 1543 γὰρ
2081 1489 2310 1540 δανεισαμένη
2323 1488 2420 1540 παρὰ

1396 1542 1414 1560 *
1427 1542 1483 1580 τὸν
1499 1542 1603 1592 νόμον
1618 1545 1680 1588 τῆς
1699 1544 1831 1596 φύσεως
1850 1543 1979 1592 ἔτεκεν,
1995 1543 2084 1582 ἀλλὰ
2105 1544 2344 1592 δυναμωθεῖσα
2370 1543 2420 1592 τῷ

1397 1595 1484 1646 ἁγίῳ
1508 1594 1691 1645 Πνεύματι
1713 1596 1819 1639 οὕτως
1843 1595 1970 1644 ἔτεκεν,
1990 1595 2109 1648 ὥσπερ
2125 1599 2146 1641 ἡ
2167 1599 2226 1632 τοῦ
2247 1596 2337 1633 Θεοῦ
2357 1594 2422 1644 χά-

1399 1663 1448 1700 ρις
1474 1648 1635 1695 ἠθέλησε.
1666 1650 1814 1699 Πνεῦμα
1837 1649 1924 1701 γὰρ,
1948 1649 2066 1701 φησὶν,
2088 1648 2183 1698 ἅγιον
2204 1638 2423 1686 ἐπελεύσεται

1397 1701 1453 1739 ἐπὶ
1470 1701 1526 1749 σὲ,
1550 1701 1608 1740 καὶ
1625 1701 1767 1752 δύναμις
1786 1701 1953 1753 <Υψίστου
1973 1701 2169 1740 ἐπισκιάσει
2193 1715 2263 1738 σοι·
2293 1700 2345 1738 διὸ
2363 1699 2422 1737 καὶ

1396 1753 1434 1791 τὸ
1457 1753 1668 1805 γεννώμενον
1691 1755 1787 1804 ἅγιον
1803 1753 2018 1800 κληθήσεται
2037 1753 2119 1797 Υἱὸς
2133 1755 2236 1792 Θεοῦ.
2253 1755 2298 1791 Εἰ
2317 1752 2352 1790 δὲ
2371 1753 2423 1791 θέ-

1395 1808 1465 1849 λεις
1480 1810 1632 1857 γνῶναι,
1663 1810 1736 1850 πῶς
1754 1810 1776 1853 ἡ
1798 1807 1896 1859 φύσις
1915 1809 2069 1859 ἀρνεῖται
2086 1805 2148 1853 τὴν
2169 1808 2294 1852 ἑαυτῆς
2315 1805 2424 1853 τάξιν,

1395 1858 1452 1895 ἵνα
1470 1858 1566 1910 παρὰ
1587 1859 1687 1910 φύσιν
1712 1860 1914 1911 ὑπηρετήσῃ
1933 1863 1974 1912 τῇ
1991 1865 2050 1898 τοῦ
2069 1861 2160 1898 Θεοῦ
2184 1860 2289 1909 βουλῆ
2304 1890 2313 1907 ,
2335 1858 2423 1912 ἐρώ-

1397 1926 1502 1957 τησον
1523 1911 1585 1958 τὴν
1609 1912 1733 1965 ῥάὸδον
1751 1912 1814 1960 τὴν
1832 1912 1963 1965 Ἀαρών
1976 1927 1983 1935 ·
2000 1911 2092 1959 εἰπὲ,
2108 1915 2130 1957 ἡ
2144 1904 2300 1963 ῥάὸδοςή
2317 1911 2424 1978 ξηρὰ,

1398 1966 1472 2007 πῶς
1495 1964 1608 2016 φύλλα
1635 1965 1693 2002 καὶ
1709 1966 1840 2018 καρπὸν
1861 1967 1894 2003 ἓν
1914 1964 2080 2017 ἀκαριαίᾳ
2102 1967 2190 2016 ῥοπῇ
2213 1965 2309 2017 παρὰ
2325 1980 2424 2016 φυσιν

1399 2016 1638 2064 ἐὸλάστησας5
1658 2020 1710 2056 Οὐ
1733 2022 1775 2070 τῇ
1794 2021 1838 2068 γῇ
1861 2020 2016 2063 Μωῡσῆς
2030 2033 2067 2055 σε
2087 2016 2264 2068 προέθετο,
2284 2020 2346 2056 οὐκ
2362 2017 2426 2068 ὅμ-

1401 2071 1495 2127 ξροις
1517 2069 1694 2121 ἥρδευσεν,
1712 2073 1748 2109 οὐ
1765 2070 1887 2122 χρόνος
1903 2070 1965 2113 τὰς
1985 2070 2078 2121 ῥίζας
2108 2070 2261 2121 ἔθρεψεν,
2277 2073 2315 2108 οὐ
2330 2069 2426 2120 θέρος

1401 2123 1485 2165 εἶδες
1504 2121 1538 2177 ἢκ
1556 2122 1615 2174 ἔαρ
1628 2151 1638 2166 ‚
1658 2126 1694 2161 οὐ
1713 2125 1884 2176 χειμῶνος
1913 2124 2134 2170 ἀπήλαυσας,
2160 2121 2182 2168 ἢ
2204 2122 2404 2173 μετοπώρου
2420 2138 2427 2145 ·

1401 2179 1475 2218 πῶς
1500 2179 1556 2213 οὐν
1574 2176 1706 2228 φύλλα,
1725 2177 1785 2214 καὶ
1805 2176 1909 2224 ἄνθη,
1937 2175 1995 2213 καὶ
2011 2176 2143 2228 καρπὸν
2160 2175 2308 2219 ἔδωκας
2322 2174 2393 2214 Καί
2405 2179 2426 2221 ἡ

1405 2228 1548 2281 ῥάὲδος,
1576 2231 1612 2266 οὐ
1628 2235 1791 2281 τροπαῖς,
1807 2228 1922 2280 φησὶν,
1941 2227 2088 2280 ἀέρωνῆ
2117 2227 2327 2279 μεταὸολαῖς
2351 2243 2429 2265 και-

1406 2285 1472 2333 ρῶν
1494 2282 1697 2328 ἐδούλευσα,
1723 2281 1812 2319 ἀλλὰ
1841 2284 1890 2333 τῷ
1914 2280 1993 2332 θείῳ
2019 2280 2311 2331 ὓπηρετησαμένη
2337 2279 2430 2331 λόγῳ

1405 2333 1467 2381 τὴν
1488 2333 1588 2385 φύσιν
1615 2333 1792 2379 ἐπάτησα,
1822 2333 1881 2370 καὶ
1910 2332 2005 2384 παρὰ
2025 2333 2125 2384 φύσιν
2145 2333 2276 2384 καρπὸν
2297 2332 2429 2377 ἔδωκα,

1404 2387 1462 2424 ἵνα
1496 2385 1554 2424 καὶ
1586 2386 1676 2423 κατὰ
1695 2385 1794 2438 φύσιν
1814 2385 1872 2423 καὶ
1899 2385 1996 2437 παρὰ
2026 2384 2126 2437 φύσιν
2145 2388 2195 2436 τῷ
2214 2390 2272 2423 τοῦ
2292 2387 2431 2435 ἀριστο-

1406 2439 1529 2490 τέχνου
1553 2439 1828 2489 ὑπηρετήσωμεν
1859 2437 2042 2487 θελήματι.
2060 2436 2200 2488 (Ὠσπερ
2226 2431 2283 2474 οῦν
2302 2441 2324 2483 ἡ
2347 2437 2433 2488 ῥάδ-

1409 2493 1463 2534 δος
1473 2490 1568 2542 παρὰ
1581 2491 1681 2542 φύσιν
1698 2491 1832 2542 καρπὸν
1849 2489 1989 2535 ἔδωκεν,
2001 2489 2160 2541 ἄνθρωπε
2172 2520 2181 2537 ,
2191 2489 2247 2527 ἵνα
2261 2488 2432 2535 πιστεύση

1408 2548 1429 2591 ἡ
1445 2543 1596 2582 Ἰουδαία
1609 2559 1616 2566 ·
1632 2542 1722 2581 οὕτω
1736 2543 1794 2581 καὶ
1807 2547 1828 2590 ἡ
1845 2546 1939 2588 ζῶσα
1952 2541 2093 2596 ῥάῧδος,
2109 2545 2131 2588 ἡ
2155 2541 2318 2593 βασιλικὴ
2338 2532 2433 2593 Παρι-

1985 2594 1999 2608 s!

1371 2618 1383 2630 2
1410 2596 1522 2641 θένος,
1541 2597 1622 2634 ἄνευ
1654 2598 1813 2648 γαμικῶν
1842 2595 1956 2647 νόμων
1982 2610 2111 2641 ετεκεν,
2134 2593 2191 2633 ἵνα
2212 2597 2305 2646 σωθῇ
2333 2597 2354 2640 ἡ
2384 2596 2434 2632 οἷ-

1412 2665 1471 2688 κου
1476 2648 1576 2700 με’νη.

1712 2805 1752 2821 lt!

1457 2809 1501 2846 Εἰ
1512 2806 1546 2846 δὲ
1555 2807 1676 2859 λέγεις,
1687 2823 1720 2844 τι
1732 2821 1848 2856 ομοιον
1861 2804 1985 2858 ῥάὸδος
1999 2805 2238 2855 βλαστάνουσα
2249 2804 2334 2856 πρὸς
2343 2806 2440 2867 Παρ·

1414 2861 1506 2900 θένον
1523 2859 1728 2906 τίκτουσαν;
1745 2858 1895 2909 μάνθανε
1907 2887 1916 2904 ,
1931 2861 1977 2900 ὡς
1988 2857 2077 2895 πάνυ
2092 2859 2155 2904 τὴν
2168 2857 2357 2908 ὁμοιότητα
2373 2872 2439 2895 σω-

1414 2916 1475 2958 ζει.
1494 2912 1539 2950 Ἥ
1558 2912 1625 2963 γὰρ
1643 2912 1766 2964 ῥάὸδος
1783 2911 1890 2953 τύπος
1902 2908 1943 2959 ἦν
1961 2914 2022 2956 τῆς
2040 2911 2237 2962 Παρθένου·
2260 2910 2373 2954 ἐκείνη
2394 2910 2440 2946 εἷ·-

1415 2966 1498 3013 κὼν,
1510 2963 1595 3010 αὕτη
1607 2968 1629 3010 ἡ
1640 2965 1784 3011 ἀλήθεια
1794 2979 1801 2986 ·
1815 2963 1922 3002 καὶτὸ
1933 2963 2108 3015 προλαὸὸν
2123 2962 2330 3013 ὑπόδειγμα,
2340 2964 2442 2999 τοῦτο

1417 3017 1600 3061 ἀπόδειξις.
1626 3016 1764 3068 Ὥσπερ
1782 3016 1983 3070 γὰρωέκείνη
2000 3018 2021 3061 ἡ
2043 3015 2166 3067 ῥάὸδος
2187 3015 2319 3067 καρπὸν
2335 3013 2442 3051 ἔδωκε

1417 3070 1514 3124 παρὰ
1538 3070 1652 3121 φύσιν,
1667 3069 1757 3107 οὕτω
1772 3069 1830 3106 καὶ
1847 3070 1915 3106 ὧδε
1933 3067 2029 3118 παρὰ
2049 3067 2149 3120 φύσιν
2165 3071 2187 3113 ἦ
2210 3066 2386 3120 Παρθένος
2403 3065 2444 3102 τὸ

1422 3123 1519 3166 ἄνθος
1544 3126 1605 3168 τῆς
1633 3120 1810 3164 εὐσεὸείας
1833 3121 2058 3166 ἐὸλάστησεν.
2084 3119 2325 3164 Ἐξελεύσεται
2354 3117 2421 3169 γὰρ
2433 3147 2442 3163 ,

1421 3176 1526 3227 φησὶ,
1544 3175 1667 3227 ῥάέδος
1688 3177 1725 3213 ἐκ
1740 3176 1800 3220 τῆς
1822 3173 1916 3225 ῥίζης
1932 3172 2081 3219 Ἰεσσαὶ,
2099 3172 2158 3210 καὶ
2175 3172 2274 3214 ἄνθος
2289 3171 2322 3215 ἐξ
2339 3172 2444 3214 αὐτῆς
