2481 3678
818 201 1004 232 JOANMS
1042 200 1531 234 cthSOST.ARC}11EP.
1570 204 1931 236 CONSTANTINOP.

291 186 384 245 488
741 200 778 232 5.

86 277 198 305 Matth.
221 287 250 316 7
286 280 674 320 ostendunt?Minime.
688 283 807 320 Multi
819 284 1080 321 enimdicent.
1077 284 1273 328 -Domine,
1348 287 1468 330 τοῦτο;
1491 285 1676 335 Οὐδαμῶς.
1696 287 1826 325 Πολλοὶ
1845 287 1912 339 γὰρ
1938 288 2069 338 ἐροῦσι·
2089 285 2216 338 Κύριε,
2246 289 2306 326 οὐκ
2333 290 2366 327 ἐν

85 326 145 347 ²²'
287 355 414 380 nonne
441 345 482 379 in
512 345 667 380 nomine
702 352 766 381 tuo
799 344 991 380 daemonia
1018 345 1219 395 ejicimus?
1243 351 1276 379 et
1345 346 1395 395 τῷ
1418 344 1560 395 ὀνόματί
1579 361 1639 383 σου
1657 346 1817 396 δαιμόνια
1834 346 2065 397 ἐξεὸάλομεν;
2086 348 2145 385 καὶ
2165 348 2268 386 πάλιν
2284 365 2367 400 γαι-

285 401 427 451 iterum,
450 403 689 455 gaudentibus
701 404 802 455 ipsis,
812 403 910 454 quod
929 403 1103 441 daemonia
1124 404 1192 441 sibi
1211 418 1276 455 pa—
1348 404 1473 456 ρόντων
1497 408 1608 443 αὐτῶν
1625 405 1677 443 ὅτι
1691 405 1735 443 τὰ
1752 406 1913 457 δαιμόνια
1932 409 2046 450 αὐτοῖς
2062 408 2248 455 ὑπακούει,
2263 394 2367 460 φησί·

82 471 266 501 Luc.1o.2o.
283 472 411 513 rerent,
435 464 524 502 dicit
543 480 551 500 z
572 465 631 502 Ne
648 465 852 516 gaudeatis
873 467 967 515 quia
986 465 1177 502 daemonia
1196 478 1271 501 vo-
1345 464 1405 512 Μὴ
1426 465 1567 518 χαίρετε
1596 465 1647 504 ὅτι
1672 465 1716 504 τὰ
1737 467 1927 517 δαιμόνια
1915 474 1995 518 υμῖν
2019 469 2201 507 ὑπακούει·
2223 471 2299 508 ἀλλ’
2315 469 2369 509 ὅτι

282 525 338 562 his
364 527 638 576 subjiciuntur,-
654 526 722 562 sed
741 527 834 576 quia
855 526 1011 561 nomina
1031 533 1164 562 vestra
1180 527 1273 562 scri-

277 594 348 636 pta
380 596 471 624 sunt
499 589 542 623 in
574 587 692 624 ecelis.
717 585 825 636 Atqui
858 585 926 623 hoc
953 585 1076 623 orbem
1105 586 1272 635 adduxit,
1343 592 1440 626 τοῦτο
1453 587 1515 635 τὴν
1532 588 1734 639 οἰκουμένην
1749 589 1963 640 ἐπηγάγετο,
1979 590 2098 637 ἐπειδὴ
2116 593 2225 629 ἐκεῖνο
2245 595 2367 644 προῆν·

279 647 362 697 quia
383 647 476 685 illud
492 649 567 700 jam
587 647 707 685 aderat
726 664 733 683 :
754 648 782 685 si
798 647 891 684 illud
907 661 977 685 non
1000 647 1183 698 adfuisset,
1204 649 1271 686 hoe
1343 650 1371 686 εἰ

278 720 347 744 non
363 708 558 745 mansisset.
577 708 714 746 Caritas
725 708 818 746 enim
834 708 914 745 illos
930 708 1048 745 statim
1061 708 1171 746 bonos
1190 723 1271 761 pro-

277 767 411 818 bosque
430 768 600 816 reddidit,
622 769 806 821 effecitque
826 778 865 806 ut
887 782 1006 806 omnes
1026 783 1138 806 unum
1158 783 1218 806 cor
1238 778 1272 807 et

277 828 394 866 anima
415 839 541 867 essent.
560 831 652 868 Nam
671 830 700 868 si
723 830 894 867 dissensio
914 830 1049 878 fuisset,
1070 830 1189 867 omnia
1209 844 1267 882 pe-

278 889 391 928 r¹itula
412 906 448 928 (1
451 901 523 929 ”tut
548 893 669 943 Neque
685 892 758 930 illis
773 901 910 929 tantum
926 892 994 929 hoc
1013 892 1182 942 loquutus
1203 900 1268 941 est,

134 958 265 986 Gentiles
279 953 340 990 sod
360 963 392 991 (t
408 954 602 991 omnibus
594 969 629 992 in
650 955 767 1006 ipsum
783 963 901 1006 postea
917 953 1134 991 medsturis:
1157 954 1269 1004 siqui-

73 1000 265 1078 fflssgiffliss'rzs
277 1013 359 1053 dem
375 1025 408 1053 et
427 1030 520 1053 nunc
540 1016 630 1053 nihil
644 1015 741 1053 aliud
765 1015 958 1066 gentilibus
971 1014 1186 1052 offendiculo
1206 1024 1268 1063 est,

73 1082 145 1109 bant
184 1084 260 1119 quod
277 1090 385 1127 quam
399 1076 494 1127 quod
510 1077 637 1114 caritas
657 1090 725 1113 non
745 1075 852 1112 adsit
872 1077 927 1123 At,
946 1074 1166 1124 inquies,nos
1182 1089 1269 1124 quo-

74 1132 262 1196 ἓξξωωῇεἰ
277 1152 343 1188 que
357 1146 512 1187 aiguunt
527 1137 623 1188 quod
637 1137 736 1187 signa
752 1150 820 1173 non
842 1135 943 1173 fiant.
967 1137 1105 1175 Vmum
1120 1149 1188 1172 non
1207 1149 1267 1172 us-

74 1207 176 1232 caritas
214 1207 261 1232 in·
275 1213 344 1249 que
362 1199 459 1236 adeo
481 1200 520 1236 In
546 1213 616 1249 quo
643 1207 761 1235 autem
787 1197 1015 1235 dilectionem
1040 1196 1269 1235 ostenderunt

73 1247 259 1315 ἑίἶ“110385“
275 1260 447 1312 apostoli?
475 1260 606 1300 Viden’
632 1261 777 1297 Petrum
804 1268 837 1296 et
866 1260 1038 1298 Joannem
1072 1258 1133 1309 qui
1161 1272 1266 1296 num-

272 1336 380 1372 quam
393 1331 617 1374 separantur,
634 1321 669 1358 in
690 1320 863 1372 templum
880 1319 1130 1357 ascendentes?
1148 1319 1267 1357 viden’

272 1383 437 1430 Paulum,
453 1398 523 1433 quo
544 1396 669 1434 nempe
684 1382 729 1419 sit
749 1395 832 1431 erga
848 1381 928 1418 illos
940 1380 1090 1429 affeetu;
1105 1389 1137 1417 et
1149 1389 1266 1417 tamen

270 1443 442 1481 dubitas?
464 1446 557 1481 Nam
577 1444 604 1481 si
620 1443 700 1480 aliis
716 1443 858 1479 suerunt
876 1441 1072 1480 virtutibus
1090 1440 1265 1490 instructi,

272 1505 384 1542 multo
415 1506 529 1556 magis
550 1505 725 1542 bonorum
752 1512 899 1540 matrem
926 1501 1166 1553 possederunt.
1183 1502 1267 1540 Haec

1341 525 1385 563 τὰ
1404 526 1558 577 ὀνόματα
1571 529 1667 577 bum
1683 527 1879 603 γέγραπται
1896 531 1929 566 ἐν
1944 535 2013 573 τοῖς
2027 532 2063 567 οὐ
2071 536 2193 589 ρανοῖς.
2207 530 2277 568 Και
2298 530 2365 580 μὴν

1407 648 1441 685 δὲ
1428 648 1512 699 μὴ
1531 653 1572 695 ἠν
1586 652 1716 695 ἐκεῖνο,
1737 648 1815 687 οὔτε
1832 655 1931 688 τοῦτο
1945 650 2152 703 παρέμενεν.
2163 653 2276 690 Τοῦτο
2289 656 2368 703 γοῦν

1342 709 1464 753 εὐθεως
1485 709 1605 754 αὐτοὺς
1622 710 1762 757 ἐποίησε
1777 709 1901 754 καλους
1915 726 1973 748 και
1991 710 2136 762 ἀγαθους
2150 741 2159 757 ,
2187 712 2292 762 ⁰[xozt
2303 715 2317 762 ]
2329 712 2368 750 τὸ

1341 770 1403 817 τὴν
1429 770 1573 824 καρδίαν
1593 771 1732 809 πάντων
1753 771 1812 808 καὶ
1833 770 1895 818 τὴν
1912 770 2026 823 ψυχὴν
2043 765 2132 810 εἶναι
2151 771 2246 822 μίαν.
2270 773 2316 810 Εἰ
2332 773 2367 811 δὲ

1295 835 1319 864 D
1342 830 1526 877 διέστησαν
1557 833 1615 869 ἀπ’
1648 831 1821 878 ἀλλήλων,
1854 833 1994 870 ἅπαντα
2022 832 2062 870 ἂν
2085 832 2272 872 ἀπολώλει.
2292 836 2368 872 Οὐκ

1342 891 1483 935 ἐκείνοις
1513 891 1548 930 δὲ
1572 896 1682 930 ταῦτα
1712 892 1884 943 διελέγετο
1903 891 1918 912 ‘¹
1932 892 2047 943 μόνοις
2060 922 2069 939 ,
2092 893 2183 931 ἀλλὰ
2202 893 2260 931 καὶ
2279 900 2370 932 πᾶσι

1339 957 1410 995 τοῖς
1432 952 1596 1003 μέλλουσι
1617 953 1791 992 πιστεύειν
1813 955 1860 996 εἰς
1888 953 2010 991 αὐτόν·
2029 953 2104 992 ἐπεὶ
2119 954 2178 991 καὶ
2195 957 2252 992 νῦν
2270 954 2365 993 οὐδὲν

1341 1012 1463 1050 ἄλλο’
1449 1029 1539 1051 εστιν
1553 1014 1592 1052 τὸ
1612 1013 1834 1058 σκανδαλίζον
1849 1012 2083 1061 ”Ελληνας,”λ
2066 1031 2088 1060 η
2108 1014 2206 1065 τὸμὴ
2228 1015 2366 1067 ἀγάπην

1341 1076 1440 1109 εἰναι.
1464 1072 1569 1111 Ἀλλὰ
1589 1074 1648 1110 καὶ
1674 1074 1713 1111 τὸ
1732 1080 1861 1124 σηυιεῖα
1893 1073 1940 1124 μὴ
1970 1074 2125 1125 γίνεσθαι
2155 1077 2363 1127 ἐγκαλοῦσι,

1340 1135 1455 1188 φησίν.
1476 1135 1568 1174 Ἀλλ’
1595 1138 1660 1188 οὐχ
1677 1136 1795 1179 οὕτως.
1816 1139 1928 1175 Ποῦ
1910 1137 1946 1175 οε
1975 1137 2036 1184 τὴν
2058 1138 2197 1188 ἀγάπην
2229 1139 2367 1177 ἐπεδεί-

1341 1195 1440 1240 ξαντο
1455 1200 1486 1235 οἱ
1502 1196 1708 1244 ἀπόστολοι;
1729 1196 1838 1249 “Ορᾷ’ς
1853 1197 1987 1250 Πέτρον
2007 1198 2065 1235 καὶ
2082 1198 2248 1246 Ἰωάννην
2272 1201 2367 1237 ἀδια-

1340 1256 1504 1300 σπάστως
1525 1257 1668 1309 ἔχοντας
1697 1257 1871 1305 ἀλλήλων,
1891 1258 1950 1296 καὶ
1970 1258 2026 1296 ἐπὶ
2044 1258 2083 1295 τὸ
2103 1258 2190 1311 ἱερὸν
2220 1259 2368 1296 &vagai-

1338 1333 1480 1366 νοντας,
1502 1321 1583 1371 ὁρᾷς
1604 1320 1744 1357 Παῦλον
1775 1317 1866 1357 οὕτω
1894 1320 1980 1372 πρὸς
1999 1318 2120 1362 αὐτοὺς
2139 1318 2366 1370 διακείμενον·

1339 1379 1398 1417 καὶ
1416 1382 1576 1431 ἀπορεῖς,
1601 1382 1644 1417 Εἰ
1663 1379 1728 1432 γὰρ
1749 1379 1792 1418 τὰ
1813 1381 1902 1418 ἄλλα
1920 1379 2118 1427 ἐκέκτηντο,
2138 1381 2257 1434 πολλῷ
2279 1383 2368 1431 μᾶλ-

1291 1449 1315 1479 Ε
1338 1442 1396 1478 λον
1424 1434 1517 1493 εἶχον
1539 1441 1601 1488 τὴν
1633 1441 1767 1494 μητέρα
1791 1444 1859 1479 τῶν
1884 1444 2034 1493 ἀγαθῶν.
2064 1441 2146 1479 Ἀπὸ
2166 1441 2232 1493 γὰρ
2251 1443 2366 1494 ψυχῆς

1339 1502 1498 1554 ἐναρέτου
1523 1508 1622 1541 τοῦτο
1648 1503 1687 1541 τὸ
1715 1509 1863 1555 πρᾶγμα
1881 1502 2087 1554 βλαστάνει·
2104 1502 2183 1540 ἔνθα
2200 1503 2234 1541 δὲ
2255 1519 2366 1549 πονη-

2001 1562 2116 1602 ζὈταν
2145 1563 2211 1615 γὰρ
2226 1594 2235 1611 ,
2262 1564 2346 1616 φησὶ
2356 1595 2365 1611 ,

75 1636 188 1664 Malllz.
207 1637 261 1674 24:

272 1567 404 1619 quippe
419 1568 464 1605 ab
478 1568 597 1605 anima
615 1567 748 1605 virtute
764 1565 912 1617 praedita
932 1565 1127 1615 gerlninat3
1147 1574 1182 1602 at
1203 1565 1266 1602 ubi

274 1628 432 1678 nequitia
452 1637 514 1677 est,
534 1627 716 1665 exarescit.
736 1628 832 1664 Cum
852 1627 1109 1663 abundaverit
1124 1628 1266 1678 iniqui-

275 1697 347 1735 tas,
372 1688 502 1739 inquit,
519 1690 739 1740 refrigescet
763 1690 907 1724 caritas
929 1687 1150 1724 multorum.
1171 1687 1266 1724 Gen-

273 1749 351 1787 tiles
363 1759 455 1787 eerte
475 1764 543 1787 non
564 1750 611 1787 ita
627 1757 770 1787 movent
782 1748 894 1799 signa,
910 1757 948 1785 ut
967 1747 1042 1785 vita
1059 1763 1066 1783 ε
1083 1747 1195 1786 vitam
1212 1748 1266 1785 ni-

270 1811 324 1848 hil
344 1811 392 1849 ita
413 1812 581 1862 instituit,
604 1821 643 1849 ut
662 1810 817 1849 dilectio.
841 1811 933 1847 Nam
954 1809 1137 1861 signorum
1152 1809 1265 1847 edito-

270 1887 326 1910 les
344 1872 550 1925 decept01es
582 1887 673 1924 ssepe
692 1880 881 1919 voeaiunt;
902 1871 1014 1909 vitam
1035 1885 1117 1909 vero
1137 1886 1266 1923 pluam

1341 1562 1418 1616 ριά,
1447 1567 1549 1602 τοῦτο
1570 1563 1768 1616 ξηραίνεται
1799 1563 1838 1601 τὸ
1862 1563 1978 1616 φυτόν.

1336 1627 1515 1675 πληθυνθῇ
1533 1628 1554 1671 ἡ
1573 1624 1718 1675 ἀνομία,
1743 1624 1941 1676 ψυγήσεται
1955 1628 1976 1671 ἡ
1993 1623 2112 1675 ἀγάπη
2129 1640 2197 1662 των
2214 1626 2364 1663 πολλῶν.

1337 1685 1406 1723 Καὶ
1433 1684 1611 1732 ἽΞλληνας
1643 1685 1679 1724 δὲ
1717 1688 1787 1760 οὐ]Γ
1811 1685 1919 1728 οὕτως
1950 1685 2118 1736 ἐπάγεται
2150 1692 2297 1736 σηιιεῖα,
2318 1689 2366 1730 ὡς

1338 1745 1429 1797 βίος·
1459 1746 1530 1798 βίον
1566 1745 1600 1784 δὲ
1634 1745 1727 1785 οὐδὲν
1750 1746 1858 1789 οὕτως
1886 1751 1973 1783 εἶναι
2004 1752 2117 1790 ποιεῖ,
2152 1748 2198 1789 ὡς
2230 1746 2363 1798 ἀγάπη.

1336 1806 1476 1845 Ἐκεῖνα
1495 1808 1555 1858 μεν
1572 1807 1639 1860 γὰρ
1656 1824 1735 1850 τους
1751 1812 1933 1851 ποιοῦντας
1951 1807 2120 1850 πολλάκις
2137 1822 2197 1844 και
2214 1807 2365 1851 πλάνους

1336 1868 1525 1905 ἐκάλεσαν·
1560 1868 1633 1919 βίου
1657 1867 1691 1905 δὲ
1718 1867 1946 1906 ἐπιλαὸέσθαι
1966 1869 2028 1905 οὐκ
2047 1883 2086 1904 αν
2114 1867 2224 1920 ἔχοιεν
2255 1872 2364 1907 καθα-

272 1949 468 1985 numquam
488 1949 630 1987 caipere
650 1943 807 1986 possunt.
828 1932 1013 1979 Quamdiu
1032 1946 1115 1984 eigo
1135 1933 1326 1986 Psaedi·1,2s
1340 1932 1412 1980 ροῦ.
1431 1928 1521 1967 ‘'Ove
1543 1929 1603 1980 μεν
1620 1933 1676 1966 οὐν
1697 1929 1793 1968 οὔπω
1812 1929 1851 1967 τὸ
1872 1928 2037 1980 κήρυγμα
2065 1929 2198 1968 διαδοθὲ
2187 1945 2217 1966 -ν
2238 1933 2292 1977 ἠν,
2311 1932 2363 1967 εἶ-

273 1996 362 2033 catio
377 2011 445 2033 non
466 2005 603 2033 tantum
620 1995 826 2047 p10fe‹e1at
839 1996 922 2046 jure
940 1994 1039 2046 signa
1061 1994 1095 2031 in
1112 1993 1266 2032 admira-

272 2057 365 2096 tione
385 2068 481 2096 erant
503 2074 510 2094 :
531 2072 626 2095 nune
657 2066 776 2095 auten]
810 2071 854 2094 ex
882 2056 956 2094 vita
988 2056 1170 2093 mirabiles
1192 2070 1266 2094 esse

271 2129 419 2171 oportet.
438 2120 540 2157 Nihil
567 2121 661 2157 enim
681 2118 827 2170 gentiles
853 2118 900 2155 ita
925 2117 1049 2163 afficit,
1068 2127 1107 2154 ut
1127 2118 1264 2165 virtus;

270 2180 361 2217 nihil
376 2181 423 2218 ita
437 2181 509 2218 illis
524 2179 739 2218 offendiculo
759 2188 823 2228 est,
839 2187 877 2216 ut
893 2177 1121 2231 imprqbstas,
1140 2187 1173 2215 et
1184 2179 1265 2230 jure

271 2241 429 2292 quidem.
454 2243 545 2279 Cum
577 2241 672 2279 enim
698 2239 828 2278 viderit
859 2253 1009 2277 avarum
1031 2248 1063 2276 et
1083 2248 1264 2290 raptorem

270 2302 446 2340 contraria
462 2302 735 2355 praeeipientem‚
752 2315 901 2351 eumque
916 2300 977 2350 qui
998 2299 1160 2337 inimicos
1179 2299 1263 2337 dili-

270 2378 350 2414 gere
367 2365 525 2415 jubetur,
540 2363 576 2401 in
597 2362 815 2401 contribules
837 2376 932 2411 suos,
955 2370 1139 2411 tamquam
1158 2361 1194 2398 in
1214 2361 1263 2398 fe-

270 2439 341 2475 raS,
356 2425 574 2475 saevientcm‚
585 2438 697 2476 nugas
720 2432 898 2476 praecepta
917 2422 979 2459 illa
998 2422 1151 2460 vocabit.
1169 2423 1263 2459 Cum

272 2486 403 2524 viderit
423 2486 629 2538 quempiam
651 2485 774 2523 mortis
800 2484 991 2523 formidine
1012 2493 1170 2536 captum,
1191 2498 1262 2534 quo

270 2558 372 2598 pacto
388 2547 668 2586 immortalitatis
684 2547 884 2585 doctrinam
897 2546 1072 2599 accipiet?
1086 2547 1177 2583 Cum
1187 2560 1262 2583 am-

271 2609 416 2647 hitios‹›s
432 2610 577 2659 viderit,
596 2610 747 2660 aliisque
766 2608 877 2646 animi
895 2608 1029 2645 morbis
1047 2617 1180 2660 captos,
1200 2622 1261 2659 po-

272 2670 342 2707 tius
370 2671 405 2708 in
425 2686 488 2708 sua
517 2671 674 2708 manebit
701 2669 885 2718 sententia,
903 2669 1066 2720 nihilque
1094 2668 1138 2706 de
1159 2668 1261 2706 nobis

271 2744 440 2781 magnum
466 2732 617 2783 putabit.
638 2732 711 2769 Nos
737 2731 846 2780 enim,
868 2744 931 2767 nos
954 2730 1079 2779 utique
1099 2729 1135 2766 in
1156 2743 1260 2766 eausa

271 2807 395 2830 sumus
417 2807 480 2830 eur
502 2794 555 2830 illi
576 2793 610 2830 in
631 2808 694 2830 suo
715 2806 831 2830 errore
853 2791 1056 2844 persistant.
1081 2791 1175 2828 Nam
1190 2790 1259 2828 do—

271 2854 422 2891 ctrinam
451 2854 551 2891 illam
576 2854 661 2891 olim
683 2868 784 2891 suam
812 2853 1063 2904 repudiarunt,
1088 2861 1121 2889 et
1142 2861 1259 2889 nostra

270 2916 512 2964 admirantur3
536 2915 598 2952 sed
626 2930 671 2952 ex
697 2915 771 2952 vita
804 2924 922 2952 nostra
961 2923 1137 2952 areentur.
1169 2915 1260 2951 Nam

271 2977 390 3015 verbis
415 2976 659 3028 philosophari
691 2976 792 3013 facile
821 2985 872 3013 est
891 2991 899 3012 ε
921 2975 1026 3012 multi
1043 2975 1137 3012 enim
1162 2974 1259 3026 apud

272 3039 351 3077 illos
364 3038 403 3075 id
413 3039 569 3075 fecerunt
580 3053 586 3073 :
599 3036 718 3073 adhue
734 3052 818 3075 vero
834 3037 1019 3087 requirunt
1034 3050 1138 3088 opera
1150 3035 1255 3073 bona.

272 3099 418 3136 Veteres
440 3096 519 3133 illos
539 3095 602 3146 qui
622 3094 719 3147 apud
739 3109 801 3132 nos
821 3096 963 3132 suerunt
980 3094 1186 3145 recogitent.
1211 3096 1257 3131 At

274 3158 327 3195 illi
360 3172 429 3195 non
468 3156 616 3194 credunt
627 3185 638 3205 ,
671 3164 703 3192 et
734 3169 796 3192 nos
832 3164 1018 3206 praesentes
1053 3155 1255 3193 observant.

273 3217 428 3256 Ostende
440 3216 554 3267 nobis,
564 3214 743 3267 inquiunt,
755 3214 861 3252 fidem
874 3228 936 3265 per
948 3228 1065 3266 opera.
1079 3215 1162 3252 Haec
1176 3228 1257 3252 nus-

318 3347 329 3359 ‘2
347 3337 433 3377 snei,
451 3336 539 3379 quod
557 3348 573 3367 a
590 3334 690 3368 Savil.
711 3342 743 3367 et
759 3333 866 3366 Codd.
895 3333 999 3368 abest,
1027 3334 1118 3366 uncis
1146 3332 1278 3366 inclusi-

277 3401 345 3422 mus
370 3390 379 3430 ]

1290 1998 1317 2027 Α
1338 1989 1446 2034 κότως
1466 1990 1510 2029 τὰ
1537 1997 1667 2042 σημεῖα
1694 1991 1926 2042 ἐθαυμάζετο·
1948 1993 2005 2027 νῦν
2033 1989 2067 2028 δὲ
2097 1991 2166 2028 ἀπὸ
2198 1991 2273 2042 βίου
2293 1991 2361 2043 χρὴ

1337 2052 1586 2102 θαυμάζεσθαι,
1606 2052 1716 2090 Οὐδὲν
1746 2052 1813 2104 γὰρ
1835 2052 1943 2096 οὕτως
1974 2051 2130 2104 ἐντρέπει
2158 2051 2337 2099 ἽΞλληνας
2354 2083 2363 2099 ,

1336 2115 1383 2156 ὡς
1403 2114 1509 2166 ἀρετή
1528 2130 1535 2136 ·

1336 2190 1414 2217 τως.
1431 2173 1545 2212 εΌταν
1578 2174 1646 2228 γὰρ
1675 2174 1729 2226 ἴδῃ
1757 2175 2049 2222 πλεονεκτοῦντα,
2072 2173 2295 2227 ἁρπάζοντα,
2319 2174 2363 2212 τὰ

1588 2114 1637 2128 ’,ΝΚ
1786 2115 1800 2126 N
1851 2113 1859 2127 l
1967 2117 1976 2129 <
2108 2113 2116 2127 Ι
2233 2114 2240 2125 ἲ
2292 2116 2301 2127 9
2338 2114 2346 2126 Ι

1566 2129 1660 2152 ουοεν
1691 2116 1911 2157 σκανοαλιζει
1926 2143 1935 2160 ,
1959 2131 2005 2157 ως
2033 2129 2140 2151 κακια
2155 2129 2162 2136 ·
2186 2129 2246 2151 και
2275 2130 2363 2152 εικο-

1335 2234 1473 2272 ἐναντία
1493 2235 1677 2273 κελεύοντα
1691 2264 1700 2281 ,
1721 2235 1780 2272 καὶ
1798 2242 1868 2278 τοῖς
1884 2235 2068 2287 ὁμοφύλοις
2085 2238 2131 2278 ὡς
2153 2235 2283 2287 θηρίοις
2301 2251 2360 2272 κε-

1333 2295 1507 2348 χρημένον
1528 2296 1584 2333 τὸν
1606 2294 1833 2333 κελευσθέντα
1849 2295 1908 2332 καὶ
1928 2295 2068 2347 ἐχθροὺς
2085 2297 2237 2346 ἀγαπᾷν,
2255 2297 2360 2348 λῆρον

1334 2359 1403 2410 ἐρεῖ
1422 2356 1465 2394 τὰ
1490 2356 1669 2408 εἰρημένα.
1691 2356 1805 2394 ζὈταν
1835 2356 1889 2408 ἴδῃ
1913 2357 2086 2407 τρέμοντα
2107 2356 2265 2401 θάνατον,
2287 2359 2362 2399 πῶς

1335 2416 1466 2460 δέξεται
1488 2416 1566 2460 τοὺς
1599 2417 1680 2469 περὶ
1711 2417 1899 2460 ἀθανασίας
1920 2417 2062 2469 λόγους,
2083 2417 2195 2455 (Ὀταν
2229 2417 2284 2468 ἰ’δῃ
2306 2433 2360 2469 φι-

1332 2479 1547 2530 λαρχοῦντας
1582 2477 1641 2515 καὶ
1674 2484 1744 2520 τοῖς
1788 2478 1904 2521 ἅλλοις
1941 2478 2162 2521 δουλεύοντας
2199 2477 2357 2527 πάθεσιν,

1335 2538 1577 2592 ἀκριὸέστερον
1616 2541 1649 2576 ἐν
1674 2545 1744 2582 τοῖς
1774 2541 1895 2577 ἑαυτοῦ
1919 2544 2013 2589 μενεῖ
2049 2539 2230 2590 δόγμασιν,
2263 2539 2358 2578 οὐδὲν

1334 2600 1423 2652 μέγα
1443 2601 1523 2652 περὶ
1540 2603 1641 2650 ἡμῶν
1661 2601 1927 2652 φανταζόμενος.
1945 2600 2068 2652 Ἡμεῖς
2086 2601 2152 2652 γάρ
2178 2604 2281 2651 ἐσμεν
2303 2601 2358 2638 αἴ-

1331 2677 1417 2708 τιοι,
1438 2665 1551 2712 ἡμεῖς,
1571 2666 1630 2700 τοῦ
1651 2662 1763 2712 μένειν
1789 2662 1909 2706 αὐτοὺς
1937 2663 1994 2700 ἐπὶ
2019 2666 2080 2709 τῆς
2107 2663 2254 2710 πλάνης.
2274 2665 2356 2701 Τῶν

1333 2723 1393 2773 μὲν
1425 2724 1491 2777 γὰρ
1521 2724 1701 2775 δογμάτων
1733 2726 1802 2761 τῶν
1830 2727 1913 2775 παρ’
1943 2727 2075 2767 ἑαυτοῖς
2106 2724 2217 2762 πάλαι
2252 2724 2356 2762 κατέ-

1331 2801 1480 2835 γνωσαν,
1501 2785 1560 2822 καὶ
1579 2784 1623 2822 τὰ
1642 2784 1796 2837 ἡμέτερα
1816 2784 1851 2822 δὲ
1881 2785 2007 2834 ὁμοίως
2036 2784 2270 2834 θαυμάζουσιν
2288 2798 2294 2805 ·
2317 2788 2356 2823 ἐκ

1330 2849 1389 2883 τοῦ
1412 2845 1485 2897 βίου
1505 2845 1540 2883 δὲ
1567 2848 1666 2895 ἡμῶν
1688 2845 1892 2883 κωλύονται.
1914 2846 1965 2883 Τὸ
1989 2845 2049 2895 μὲν
2079 2845 2146 2898 γὰρ
2168 2845 2224 2884 διὰ
2244 2846 2356 2897 λόγων

1330 2909 1580 2959 φιλοσοφῆσαι,
1607 2906 1744 2944 εὔκολον
1765 2906 1914 2954 (πολλοὶ
1939 2905 2007 2959 γὰρ
2028 2907 2086 2944 καὶ
2120 2909 2203 2961 παρ’
2243 2909 2354 2944 αὐτῶν

1328 2972 1429 3006 τοῦτο
1450 2967 1663 3015 ἐποίησαν)·
1683 2969 1884 3013 ἐπιζητοῦσι
1907 2965 1942 3004 δὲ
1969 2967 2030 3014 τὴν
2062 2967 2118 3006 διὰ
2149 2971 2216 3005 τῶν
2247 2967 2355 3020 ἔργων

1329 3028 1501 3073 ἐπίδειξιν.
1522 3028 1626 3066 Ἀλλὰ
1654 3027 1732 3072 τοὺς
1762 3027 1932 3070 παλαιοὺς
1961 3031 2043 3079 παρ’
2075 3033 2159 3079 ἡμῖν
2180 3028 2356 3066 ἐννοείτω-

1329 3106 1404 3129 σαν.
1423 3091 1514 3128 Ἀλλ’
1539 3090 1699 3140 οὐδαμῶς
1714 3088 1949 3137 πιστεύουσιν,
1970 3088 2060 3127 ἀλλὰ
2082 3088 2160 3133 τοὺς
2186 3092 2244 3126 νῦν
2268 3090 2352 3132 ζῶν-

1327 3168 1388 3196 τας
1409 3153 1640 3197 ἐπιζητοῦσιν.
1661 3149 1778 3193 Δεῖξον
1807 3149 1875 3202 γάρ
1898 3165 1976 3200 μοι,
2005 3150 2110 3201 φησὶ,
2138 3148 2202 3195 τὴν
2236 3149 2352 3186 πίστιν

1331 3213 1387 3252 διὰ
1417 3214 1484 3250 τῶν
1504 3211 1613 3264 ἔργων
1639 3226 1709 3249 σου.
1730 3209 1820 3248 Ἀλλ’
1857 3212 1916 3248 οὐκ
1957 3209 2070 3248 ἔστιν·
2099 3208 2188 3247 ἀλλὰ
2222 3210 2352 3259 μᾶλλον

1395 3333 1405 3351 ‘¹
1424 3331 1483 3363 Alii
1500 3338 1600 3375 μόνον.
