<?xml version="1.0" encoding="UTF-8"?>
<!DOCTYPE html PUBLIC "-//W3C//DTD XHTML 1.0 Transitional//EN"
    "http://www.w3.org/TR/xhtml1/DTD/xhtml1-transitional.dtd">
<html xmlns="http://www.w3.org/1999/xhtml" xml:lang="en" lang="en">
 <head>
  <title>
</title>
<meta http-equiv="Content-Type" content="text/html;charset=utf-8" />
  <meta name='ocr-system' content='tesseract 3.04.00' />
  <meta name='ocr-capabilities' content='ocr_page ocr_carea ocr_par ocr_line ocrx_word'/>
</head>
<body>
  <div class='ocr_page' id='page_1' title='image "./operaomniaquaeex08johnuoft/operaomniaquaeex08johnuoft_0514.png"; bbox 0 0 2481 3678; ppageno 0'>
   <div class='ocr_carea' id='block_1_1' title="bbox 301 221 393 280">
    <p class='ocr_par' dir='ltr' id='par_1_1' title="bbox 301 221 393 280">
     <span class='ocr_line' id='line_1_1' title="bbox 301 221 393 280; baseline 0 -13"><span class='ocrx_word' id='word_1_1' title='bbox 301 221 393 280; x_wconf 70' lang='lat'>486</span> 
     </span>
    </p>
   </div>
   <div class='ocr_carea' id='block_1_2' title="bbox 299 318 1287 372">
    <p class='ocr_par' dir='ltr' id='par_1_2' title="bbox 299 318 1287 372">
     <span class='ocr_line' id='line_1_2' title="bbox 299 318 1287 372; baseline 0.001 -16"><span class='ocrx_word' id='word_1_2' title='bbox 299 319 468 371; x_wconf 77' lang='lat' dir='ltr'>rificabit</span> <span class='ocrx_word' id='word_1_3' title='bbox 492 333 594 365; x_wconf 66' lang='lat' dir='ltr'>emm</span> <span class='ocrx_word' id='word_1_4' title='bbox 610 318 647 358; x_wconf 87' lang='lat' dir='ltr'>id</span> <span class='ocrx_word' id='word_1_5' title='bbox 666 328 731 370; x_wconf 84' lang='lat' dir='ltr'>est,</span> <span class='ocrx_word' id='word_1_6' title='bbox 750 320 857 358; x_wconf 90' lang='lat' dir='ltr'>simul</span> <span class='ocrx_word' id='word_1_7' title='bbox 873 335 955 359; x_wconf 89' lang='lat' dir='ltr'>cum</span> <span class='ocrx_word' id='word_1_8' title='bbox 973 334 1088 359; x_wconf 82' lang='lat' dir='ltr'>cruce.</span> <span class='ocrx_word' id='word_1_9' title='bbox 1106 321 1186 359; x_wconf 91' lang='lat' dir='ltr'>Non</span> <span class='ocrx_word' id='word_1_10' title='bbox 1208 328 1287 372; x_wconf 88' lang='lat' dir='ltr'>post</span> 
     </span>
    </p>
   </div>
   <div class='ocr_carea' id='block_1_3' title="bbox 248 381 1288 434">
    <p class='ocr_par' dir='ltr' id='par_1_3' title="bbox 248 381 1288 434">
     <span class='ocr_line' id='line_1_3' title="bbox 248 381 1288 434; baseline 0 -15"><span class='ocrx_word' id='word_1_11' title='bbox 248 423 253 428; x_wconf 59' lang='grc'>,</span> <span class='ocrx_word' id='word_1_12' title='bbox 298 382 444 432; x_wconf 81' lang='lat' dir='ltr'>longum</span> <span class='ocrx_word' id='word_1_13' title='bbox 477 390 630 434; x_wconf 78' lang='lat' dir='ltr'>tempus,</span> <span class='ocrx_word' id='word_1_14' title='bbox 658 383 789 432; x_wconf 76' lang='lat' dir='ltr'>inquit,</span> <span class='ocrx_word' id='word_1_15' title='bbox 808 396 870 420; x_wconf 86' lang='lat' dir='ltr'>nec</span> <span class='ocrx_word' id='word_1_16' title='bbox 883 381 946 419; x_wconf 85' lang='lat' dir='ltr'>diu</span> <span class='ocrx_word' id='word_1_17' title='bbox 962 391 1043 434; x_wconf 88' lang='lat' dir='ltr'>post</span> <span class='ocrx_word' id='word_1_18' title='bbox 1056 382 1288 420; x_wconf 88' lang='lat' dir='ltr'>resurrectio-</span> 
     </span>
    </p>
   </div>
   <div class='ocr_carea' id='block_1_4' title="bbox 97 506 283 633">
    <p class='ocr_par' dir='ltr' id='par_1_4' title="bbox 97 506 283 633">
     <span class='ocr_line' id='line_1_4' title="bbox 99 506 283 545; baseline 0.011 -12"><span class='ocrx_word' id='word_1_19' title='bbox 99 506 215 534; x_wconf 70' lang='lat' dir='ltr'>Manli.</span> <span class='ocrx_word' id='word_1_20' title='bbox 235 516 283 545; x_wconf 86' lang='lat'>27.</span> 
     </span>
     <span class='ocr_line' id='line_1_5' title="bbox 97 547 231 587; baseline 0.007 -11"><span class='ocrx_word' id='word_1_21' title='bbox 97 547 115 576; x_wconf 86' lang='lat'><strong><em>5</em></strong></span> <span class='ocrx_word' id='word_1_22' title='bbox 126 556 150 577; x_wconf 87' lang='lat'>¹.</span> <span class='ocrx_word' id='word_1_23' title='bbox 169 559 231 587; x_wconf 83' lang='lat' dir='ltr'>sqq.</span> 
     </span>
     <span class='ocr_line' id='line_1_6' title="bbox 97 592 281 633; baseline 0 -13"><span class='ocrx_word' id='word_1_24' title='bbox 97 592 281 633; x_wconf 55' lang='lat' dir='ltr'>Luc.2&#39;3.45.</span> 
     </span>
    </p>
   </div>
   <div class='ocr_carea' id='block_1_5' title="bbox 101 2041 286 2082">
    <p class='ocr_par' dir='ltr' id='par_1_5' title="bbox 101 2041 286 2082">
     <span class='ocr_line' id='line_1_7' title="bbox 101 2041 286 2082; baseline -0.016 -10"><span class='ocrx_word' id='word_1_25' title='bbox 101 2041 286 2082; x_wconf 43' lang='lat' dir='ltr'>Luc-²245·</span> 
     </span>
    </p>
   </div>
   <div class='ocr_carea' id='block_1_6' title="bbox 102 2102 285 2133">
    <p class='ocr_par' dir='ltr' id='par_1_6' title="bbox 102 2102 285 2133">
     <span class='ocr_line' id='line_1_8' title="bbox 102 2102 285 2133; baseline -0.011 -2"><span class='ocrx_word' id='word_1_26' title='bbox 102 2102 285 2133; x_wconf 70' lang='lat' dir='ltr'>Jvan.16‹3‚</span> 
     </span>
    </p>
   </div>
   <div class='ocr_carea' id='block_1_7' title="bbox 294 441 1288 1349">
    <p class='ocr_par' dir='ltr' id='par_1_7' title="bbox 294 441 1288 1166">
     <span class='ocr_line' id='line_1_9' title="bbox 299 441 1287 495; baseline 0 -16"><span class='ocrx_word' id='word_1_27' title='bbox 299 455 380 479; x_wconf 89' lang='lat' dir='ltr'>nem</span> <span class='ocrx_word' id='word_1_28' title='bbox 396 442 499 479; x_wconf 91' lang='lat' dir='ltr'>illum</span> <span class='ocrx_word' id='word_1_29' title='bbox 523 442 646 480; x_wconf 85' lang='lat' dir='ltr'><strong>reddet</strong></span> <span class='ocrx_word' id='word_1_30' title='bbox 671 442 900 495; x_wconf 83' lang='lat' dir='ltr'>splendidum</span> <span class='ocrx_word' id='word_1_31' title='bbox 912 457 921 490; x_wconf 90' lang='lat'>;</span> <span class='ocrx_word' id='word_1_32' title='bbox 942 441 1002 479; x_wconf 91' lang='lat' dir='ltr'>sed</span> <span class='ocrx_word' id='word_1_33' title='bbox 1018 442 1137 479; x_wconf 89' lang='lat' dir='ltr'>statim</span> <span class='ocrx_word' id='word_1_34' title='bbox 1158 443 1192 480; x_wconf 94' lang='lat' dir='ltr'>in</span> <span class='ocrx_word' id='word_1_35' title='bbox 1210 443 1287 494; x_wconf 85' lang='lat' dir='ltr'>ipsa</span> 
     </span>
     <span class='ocr_line' id='line_1_10' title="bbox 301 503 1285 555; baseline 0.001 -15"><span class='ocrx_word' id='word_1_36' title='bbox 301 517 404 541; x_wconf 85' lang='lat' dir='ltr'>cruce</span> <span class='ocrx_word' id='word_1_37' title='bbox 424 504 620 555; x_wconf 81' lang='lat' dir='ltr'>conspicuae</span> <span class='ocrx_word' id='word_1_38' title='bbox 640 518 693 540; x_wconf 79' lang='lat' dir='ltr'>res</span> <span class='ocrx_word' id='word_1_39' title='bbox 710 503 941 555; x_wconf 80' lang='lat' dir='ltr'>apparebunt.</span> <span class='ocrx_word' id='word_1_40' title='bbox 967 503 1029 540; x_wconf 84' lang='lat' dir='ltr'>Sol</span> <span class='ocrx_word' id='word_1_41' title='bbox 1054 517 1206 553; x_wconf 82' lang='lat' dir='ltr'>namque</span> <span class='ocrx_word' id='word_1_42' title='bbox 1225 504 1285 541; x_wconf 89' lang='lat' dir='ltr'>ob-</span> 
     </span>
     <span class='ocr_line' id='line_1_11' title="bbox 300 563 1287 614; baseline 0.002 -15"><span class='ocrx_word' id='word_1_43' title='bbox 300 573 459 601; x_wconf 84' lang='lat' dir='ltr'>scuratus</span> <span class='ocrx_word' id='word_1_44' title='bbox 488 573 553 609; x_wconf 82' lang='lat' dir='ltr'>est,</span> <span class='ocrx_word' id='word_1_45' title='bbox 587 572 694 614; x_wconf 81' lang='lat' dir='ltr'>petrae</span> <span class='ocrx_word' id='word_1_46' title='bbox 724 564 841 600; x_wconf 73' lang='lat' dir='ltr'>scissae</span> <span class='ocrx_word' id='word_1_47' title='bbox 871 572 966 611; x_wconf 84' lang='lat' dir='ltr'>sunt,</span> <span class='ocrx_word' id='word_1_48' title='bbox 998 563 1118 601; x_wconf 86' lang='lat' dir='ltr'>velum</span> <span class='ocrx_word' id='word_1_49' title='bbox 1149 578 1287 614; x_wconf 82' lang='lat' dir='ltr'>quoque</span> 
     </span>
     <span class='ocr_line' id='line_1_12' title="bbox 299 624 1288 675; baseline 0.001 -15"><span class='ocrx_word' id='word_1_50' title='bbox 299 624 446 661; x_wconf 85' lang='lat' dir='ltr'>scissum</span> <span class='ocrx_word' id='word_1_51' title='bbox 465 633 530 671; x_wconf 82' lang='lat' dir='ltr'>est,</span> <span class='ocrx_word' id='word_1_52' title='bbox 549 624 661 660; x_wconf 88' lang='lat' dir='ltr'>multa</span> <span class='ocrx_word' id='word_1_53' title='bbox 678 638 825 675; x_wconf 86' lang='lat' dir='ltr'>corpora</span> <span class='ocrx_word' id='word_1_54' title='bbox 841 633 1042 661; x_wconf 80' lang='lat' dir='ltr'>sanctorum</span> <span class='ocrx_word' id='word_1_55' title='bbox 1056 624 1116 674; x_wconf 87' lang='lat' dir='ltr'>qui</span> <span class='ocrx_word' id='word_1_56' title='bbox 1133 624 1288 662; x_wconf 88' lang='lat' dir='ltr'>dormie-</span> 
     </span>
     <span class='ocr_line' id='line_1_13' title="bbox 296 684 1285 736; baseline 0.001 -15"><span class='ocrx_word' id='word_1_57' title='bbox 296 694 375 721; x_wconf 82' lang='lat' dir='ltr'><strong>rant</strong></span> <span class='ocrx_word' id='word_1_58' title='bbox 389 684 555 721; x_wconf 85' lang='lat' dir='ltr'>suscitata</span> <span class='ocrx_word' id='word_1_59' title='bbox 573 693 654 721; x_wconf 86' lang='lat' dir='ltr'>sunt</span> <span class='ocrx_word' id='word_1_60' title='bbox 662 700 670 732; x_wconf 88' lang='lat'>;</span> <span class='ocrx_word' id='word_1_61' title='bbox 689 684 892 736; x_wconf 84' lang='lat' dir='ltr'>sepulcrum</span> <span class='ocrx_word' id='word_1_62' title='bbox 912 684 1093 735; x_wconf 80' lang='lat' dir='ltr'>signacula</span> <span class='ocrx_word' id='word_1_63' title='bbox 1114 684 1285 733; x_wconf 81' lang='lat' dir='ltr'>habebat,</span> 
     </span>
     <span class='ocr_line' id='line_1_14' title="bbox 296 743 1285 798; baseline 0.001 -17"><span class='ocrx_word' id='word_1_64' title='bbox 296 743 456 781; x_wconf 82' lang='lat' dir='ltr'>custodes</span> <span class='ocrx_word' id='word_1_65' title='bbox 486 743 703 793; x_wconf 79' lang='lat' dir='ltr'>assidebant,</span> <span class='ocrx_word' id='word_1_66' title='bbox 725 754 855 782; x_wconf 86' lang='lat' dir='ltr'>etcum</span> <span class='ocrx_word' id='word_1_67' title='bbox 883 745 975 797; x_wconf 86' lang='lat' dir='ltr'>lapis</span> <span class='ocrx_word' id='word_1_68' title='bbox 999 745 1138 797; x_wconf 87' lang='lat' dir='ltr'>corpori</span> <span class='ocrx_word' id='word_1_69' title='bbox 1164 760 1285 798; x_wconf 82' lang='lat' dir='ltr'>super—</span> 
     </span>
     <span class='ocr_line' id='line_1_15' title="bbox 295 805 1286 858; baseline 0.002 -16"><span class='ocrx_word' id='word_1_70' title='bbox 295 806 430 857; x_wconf 84' lang='lat' dir='ltr'>positus</span> <span class='ocrx_word' id='word_1_71' title='bbox 453 815 557 855; x_wconf 73' lang='lat' dir='ltr'>esset,</span> <span class='ocrx_word' id='word_1_72' title='bbox 593 820 720 858; x_wconf 81' lang='lat' dir='ltr'>corpus</span> <span class='ocrx_word' id='word_1_73' title='bbox 747 806 927 843; x_wconf 78' lang='lat' dir='ltr'>surrexit:</span> <span class='ocrx_word' id='word_1_74' title='bbox 949 815 1029 858; x_wconf 86' lang='lat' dir='ltr'>post</span> <span class='ocrx_word' id='word_1_75' title='bbox 1049 805 1286 857; x_wconf 83' lang='lat' dir='ltr'>quadraginta</span> 
     </span>
     <span class='ocr_line' id='line_1_16' title="bbox 295 866 1284 920; baseline 0.001 -16"><span class='ocrx_word' id='word_1_76' title='bbox 295 866 371 904; x_wconf 89' lang='lat' dir='ltr'>dies</span> <span class='ocrx_word' id='word_1_77' title='bbox 402 867 558 920; x_wconf 83' lang='lat' dir='ltr'>Spiritus</span> <span class='ocrx_word' id='word_1_78' title='bbox 592 867 697 904; x_wconf 83' lang='lat' dir='ltr'>datus</span> <span class='ocrx_word' id='word_1_79' title='bbox 726 877 791 915; x_wconf 84' lang='lat' dir='ltr'>est,</span> <span class='ocrx_word' id='word_1_80' title='bbox 824 877 857 905; x_wconf 84' lang='lat' dir='ltr'>et</span> <span class='ocrx_word' id='word_1_81' title='bbox 884 867 1003 905; x_wconf 86' lang='lat' dir='ltr'>statim</span> <span class='ocrx_word' id='word_1_82' title='bbox 1034 882 1155 906; x_wconf 86' lang='lat' dir='ltr'>omnes</span> <span class='ocrx_word' id='word_1_83' title='bbox 1181 869 1284 906; x_wconf 91' lang='lat' dir='ltr'>illum</span> 
     </span>
     <span class='ocr_line' id='line_1_17' title="bbox 294 928 1285 981; baseline 0.001 -16"><span class='ocrx_word' id='word_1_84' title='bbox 294 928 546 981; x_wconf 84' lang='lat' dir='ltr'>praedicarunt.</span> <span class='ocrx_word' id='word_1_85' title='bbox 565 928 642 965; x_wconf 88' lang='lat' dir='ltr'>Hoc</span> <span class='ocrx_word' id='word_1_86' title='bbox 660 938 711 966; x_wconf 87' lang='lat' dir='ltr'>est</span> <span class='ocrx_word' id='word_1_87' title='bbox 727 929 833 977; x_wconf 78' lang='lat' dir='ltr'>illud,</span> <span class='ocrx_word' id='word_1_88' title='bbox 855 929 1101 981; x_wconf 82' lang='lat' dir='ltr'>Glorificabil</span> <span class='ocrx_word' id='word_1_89' title='bbox 1118 930 1230 966; x_wconf 82' lang='lat' dir='ltr'>illum</span> <span class='ocrx_word' id='word_1_90' title='bbox 1243 932 1285 966; x_wconf 86' lang='lat' dir='ltr'>in</span> 
     </span>
     <span class='ocr_line' id='line_1_18' title="bbox 294 993 1284 1045; baseline 0.001 -15"><span class='ocrx_word' id='word_1_91' title='bbox 294 995 430 1044; x_wconf 78' lang='lat' dir='ltr'>seipso,</span> <span class='ocrx_word' id='word_1_92' title='bbox 444 1002 482 1030; x_wconf 84' lang='lat' dir='ltr'>et</span> <span class='ocrx_word' id='word_1_93' title='bbox 500 995 633 1030; x_wconf 83' lang='lat' dir='ltr'>statim</span> <span class='ocrx_word' id='word_1_94' title='bbox 651 993 887 1045; x_wconf 81' lang='lat' dir='ltr'>glorificabit</span> <span class='ocrx_word' id='word_1_95' title='bbox 906 994 1018 1030; x_wconf 81' lang='lat' dir='ltr'>illum</span> <span class='ocrx_word' id='word_1_96' title='bbox 1031 1009 1041 1029; x_wconf 91' lang='lat'><em>:</em></span> <span class='ocrx_word' id='word_1_97' title='bbox 1059 1007 1128 1031; x_wconf 91' lang='lat' dir='ltr'>non</span> <span class='ocrx_word' id='word_1_98' title='bbox 1148 1008 1209 1045; x_wconf 86' lang='lat' dir='ltr'>per</span> <span class='ocrx_word' id='word_1_99' title='bbox 1224 1008 1284 1031; x_wconf 83' lang='lat' dir='ltr'>an—</span> 
     </span>
     <span class='ocr_line' id='line_1_19' title="bbox 295 1053 1286 1106; baseline 0.002 -16"><span class='ocrx_word' id='word_1_100' title='bbox 295 1054 392 1104; x_wconf 83' lang='lat' dir='ltr'>gelos</span> <span class='ocrx_word' id='word_1_101' title='bbox 411 1063 444 1090; x_wconf 90' lang='lat' dir='ltr'>et</span> <span class='ocrx_word' id='word_1_102' title='bbox 460 1054 704 1104; x_wconf 75' lang='lat' dir='ltr'>archangelos,</span> <span class='ocrx_word' id='word_1_103' title='bbox 722 1068 790 1090; x_wconf 91' lang='lat' dir='ltr'>non</span> <span class='ocrx_word' id='word_1_104' title='bbox 810 1068 874 1105; x_wconf 85' lang='lat' dir='ltr'>per</span> <span class='ocrx_word' id='word_1_105' title='bbox 894 1054 1002 1090; x_wconf 82' lang='lat' dir='ltr'>aliam</span> <span class='ocrx_word' id='word_1_106' title='bbox 1015 1053 1207 1104; x_wconf 84' lang='lat' dir='ltr'>quamdam</span> <span class='ocrx_word' id='word_1_107' title='bbox 1221 1069 1286 1106; x_wconf 89' lang='lat' dir='ltr'>po-</span> 
     </span>
     <span class='ocr_line' id='line_1_20' title="bbox 294 1113 821 1166; baseline -0.002 -15"><span class='ocrx_word' id='word_1_108' title='bbox 294 1123 456 1152; x_wconf 82' lang='lat' dir='ltr'>testatem</span> <span class='ocrx_word' id='word_1_109' title='bbox 468 1144 477 1162; x_wconf 83' lang='lat'><strong><em>,</em></strong></span> <span class='ocrx_word' id='word_1_110' title='bbox 498 1114 558 1151; x_wconf 86' lang='lat' dir='ltr'>sed</span> <span class='ocrx_word' id='word_1_111' title='bbox 575 1129 639 1166; x_wconf 87' lang='lat' dir='ltr'>per</span> <span class='ocrx_word' id='word_1_112' title='bbox 653 1113 821 1165; x_wconf 84' lang='lat' dir='ltr'>seipsum.</span> 
     </span>
    </p>

    <p class='ocr_par' dir='ltr' id='par_1_8' title="bbox 294 1174 1287 1349">
     <span class='ocr_line' id='line_1_21' title="bbox 347 1174 1287 1226; baseline 0.001 -14"><span class='ocrx_word' id='word_1_113' title='bbox 347 1176 383 1212; x_wconf 84' lang='lat'>5.</span> <span class='ocrx_word' id='word_1_114' title='bbox 415 1174 604 1222; x_wconf 86' lang='lat' dir='ltr'>Quomodo</span> <span class='ocrx_word' id='word_1_115' title='bbox 632 1174 843 1212; x_wconf 77' lang='lat' dir='ltr'>clarificavit</span> <span class='ocrx_word' id='word_1_116' title='bbox 867 1188 930 1226; x_wconf 87' lang='lat' dir='ltr'>per</span> <span class='ocrx_word' id='word_1_117' title='bbox 954 1174 1135 1226; x_wconf 75' lang='lat' dir='ltr'>seipsum?</span> <span class='ocrx_word' id='word_1_118' title='bbox 1153 1175 1287 1213; x_wconf 85' lang='lat' dir='ltr'>Omnia</span> 
     </span>
     <span class='ocr_line' id='line_1_22' title="bbox 294 1235 1286 1286; baseline 0.001 -13"><span class='ocrx_word' id='word_1_119' title='bbox 294 1235 454 1273; x_wconf 85' lang='lat' dir='ltr'>faciendo</span> <span class='ocrx_word' id='word_1_120' title='bbox 473 1235 518 1272; x_wconf 81' lang='lat' dir='ltr'>ad</span> <span class='ocrx_word' id='word_1_121' title='bbox 544 1235 695 1286; x_wconf 80' lang='lat' dir='ltr'>gloriam</span> <span class='ocrx_word' id='word_1_122' title='bbox 722 1235 817 1273; x_wconf 86' lang='lat' dir='ltr'>Filii.</span> <span class='ocrx_word' id='word_1_123' title='bbox 842 1235 949 1286; x_wconf 85' lang='lat' dir='ltr'>Atqui</span> <span class='ocrx_word' id='word_1_124' title='bbox 966 1235 1084 1273; x_wconf 83' lang='lat' dir='ltr'>omnia</span> <span class='ocrx_word' id='word_1_125' title='bbox 1108 1236 1222 1274; x_wconf 83' lang='lat' dir='ltr'>Filius</span> <span class='ocrx_word' id='word_1_126' title='bbox 1236 1237 1286 1274; x_wconf 87' lang='lat' dir='ltr'>fe-</span> 
     </span>
     <span class='ocr_line' id='line_1_23' title="bbox 296 1296 1285 1349; baseline 0.001 -15"><span class='ocrx_word' id='word_1_127' title='bbox 296 1297 355 1334; x_wconf 84' lang='lat' dir='ltr'>cit.</span> <span class='ocrx_word' id='word_1_128' title='bbox 375 1297 504 1336; x_wconf 83' lang='lat' dir='ltr'>Viden’</span> <span class='ocrx_word' id='word_1_129' title='bbox 528 1297 645 1349; x_wconf 82' lang='lat' dir='ltr'>ipsum</span> <span class='ocrx_word' id='word_1_130' title='bbox 671 1311 776 1349; x_wconf 85' lang='lat' dir='ltr'>opera</span> <span class='ocrx_word' id='word_1_131' title='bbox 799 1296 881 1334; x_wconf 87' lang='lat' dir='ltr'>Filii</span> <span class='ocrx_word' id='word_1_132' title='bbox 899 1296 946 1334; x_wconf 88' lang='lat' dir='ltr'>ad</span> <span class='ocrx_word' id='word_1_133' title='bbox 965 1299 1106 1334; x_wconf 85' lang='lat' dir='ltr'>Patrem</span> <span class='ocrx_word' id='word_1_134' title='bbox 1134 1298 1285 1335; x_wconf 73' lang='lat' dir='ltr'>referre?</span> 
     </span>
    </p>
   </div>
   <div class='ocr_carea' id='block_1_8' title="bbox 1300 1334 1347 1360">
    <p class='ocr_par' dir='ltr' id='par_1_9' title="bbox 1300 1334 1347 1360">
     <span class='ocr_line' id='line_1_24' title="bbox 1300 1334 1347 1360; baseline -0.085 0"><span class='ocrx_word' id='word_1_135' title='bbox 1300 1334 1347 1360; x_wconf 73' lang='lat'>426</span> 
     </span>
    </p>
   </div>
   <div class='ocr_carea' id='block_1_9' title="bbox 731 237 1913 270">
    <p class='ocr_par' dir='ltr' id='par_1_10' title="bbox 731 237 1913 270">
     <span class='ocr_line' id='line_1_25' title="bbox 731 237 1913 270; baseline 0.002 -2"><span class='ocrx_word' id='word_1_136' title='bbox 731 238 769 268; x_wconf 90' lang='lat' dir='ltr'>S.</span> <span class='ocrx_word' id='word_1_137' title='bbox 808 238 993 269; x_wconf 76' lang='lat' dir='ltr'>JOANNIS</span> <span class='ocrx_word' id='word_1_138' title='bbox 1028 237 1270 269; x_wconf 80' lang='lat' dir='ltr'>CHRYSOST.</span> <span class='ocrx_word' id='word_1_139' title='bbox 1312 237 1515 269; x_wconf 81' lang='lat' dir='ltr'><strong>ARCHIEP.</strong></span> <span class='ocrx_word' id='word_1_140' title='bbox 1554 237 1913 270; x_wconf 80' lang='lat' dir='ltr'>CONSTANTINOP-</span> 
     </span>
    </p>
   </div>
   <div class='ocr_carea' id='block_1_10' title="bbox 1359 318 2383 495">
    <p class='ocr_par' dir='ltr' id='par_1_11' title="bbox 1359 318 2383 495">
     <span class='ocr_line' id='line_1_26' title="bbox 1360 318 2381 378; baseline 0.006 -20"><span class='ocrx_word' id='word_1_141' title='bbox 1360 318 1456 364; x_wconf 84' lang='grc' dir='ltr'>ξάσει</span> <span class='ocrx_word' id='word_1_142' title='bbox 1480 320 1604 359; x_wconf 80' lang='grc' dir='ltr'>αὐτόν·</span> <span class='ocrx_word' id='word_1_143' title='bbox 1631 319 1821 369; x_wconf 82' lang='grc' dir='ltr'>τουτέστιν,</span> <span class='ocrx_word' id='word_1_144' title='bbox 1849 322 1924 371; x_wconf 88' lang='grc' dir='ltr'>ἅμα</span> <span class='ocrx_word' id='word_1_145' title='bbox 1951 323 2000 374; x_wconf 83' lang='grc' dir='ltr'>τῷ</span> <span class='ocrx_word' id='word_1_146' title='bbox 2025 324 2176 375; x_wconf 81' lang='grc' dir='ltr'>σταυρῷ.</span> <span class='ocrx_word' id='word_1_147' title='bbox 2203 323 2295 364; x_wconf 76' lang='grc' dir='ltr'>Οὐδὲ</span> <span class='ocrx_word' id='word_1_148' title='bbox 2313 324 2381 378; x_wconf 79' lang='grc' dir='ltr'>γὰρ</span> 
     </span>
     <span class='ocr_line' id='line_1_27' title="bbox 1360 381 2383 435; baseline 0.006 -17"><span class='ocrx_word' id='word_1_149' title='bbox 1360 381 1416 419; x_wconf 88' lang='grc' dir='ltr'>διὰ</span> <span class='ocrx_word' id='word_1_150' title='bbox 1442 382 1568 433; x_wconf 81' lang='grc' dir='ltr'>χρόνου</span> <span class='ocrx_word' id='word_1_151' title='bbox 1594 382 1724 419; x_wconf 78' lang='grc' dir='ltr'>πολλοῦ</span> <span class='ocrx_word' id='word_1_152' title='bbox 1740 411 1750 428; x_wconf 89' lang='grc'>,</span> <span class='ocrx_word' id='word_1_153' title='bbox 1770 382 1885 434; x_wconf 80' lang='grc' dir='ltr'>φησὶν,</span> <span class='ocrx_word' id='word_1_154' title='bbox 1907 383 1982 421; x_wconf 81' lang='grc' dir='ltr'>οὐδὲ</span> <span class='ocrx_word' id='word_1_155' title='bbox 1997 383 2054 421; x_wconf 83' lang='grc' dir='ltr'>τὸν</span> <span class='ocrx_word' id='word_1_156' title='bbox 2076 384 2207 435; x_wconf 83' lang='grc' dir='ltr'>μακρὸν</span> <span class='ocrx_word' id='word_1_157' title='bbox 2223 388 2285 431; x_wconf 76' lang='grc' dir='ltr'>τῆς</span> <span class='ocrx_word' id='word_1_158' title='bbox 2301 389 2383 424; x_wconf 82' lang='grc' dir='ltr'>ἀνα-</span> 
     </span>
     <span class='ocr_line' id='line_1_28' title="bbox 1359 443 2054 495; baseline 0.001 -14"><span class='ocrx_word' id='word_1_159' title='bbox 1359 444 1512 486; x_wconf 82' lang='grc' dir='ltr'>στάσεως</span> <span class='ocrx_word' id='word_1_160' title='bbox 1532 446 1693 493; x_wconf 83' lang='grc' dir='ltr'>ἀναμενεῖ</span> <span class='ocrx_word' id='word_1_161' title='bbox 1721 443 1853 495; x_wconf 81' lang='grc' dir='ltr'>καιρὸν,</span> <span class='ocrx_word' id='word_1_162' title='bbox 1884 444 1960 483; x_wconf 78' lang='grc' dir='ltr'>οὐδὲ</span> <span class='ocrx_word' id='word_1_163' title='bbox 1977 444 2054 483; x_wconf 88' lang='grc' dir='ltr'>τότε</span> 
     </span>
    </p>
   </div>
   <div class='ocr_carea' id='block_1_11' title="bbox 2088 444 2151 458">
    <p class='ocr_par' dir='ltr' id='par_1_12' title="bbox 2088 444 2151 458">
     <span class='ocr_line' id='line_1_29' title="bbox 2088 444 2151 458; baseline -0.016 0"><span class='ocrx_word' id='word_1_164' title='bbox 2088 444 2151 458; x_wconf 55' lang='lat' dir='ltr'>Nl?</span> 
     </span>
    </p>
   </div>
   <div class='ocr_carea' id='block_1_12' title="bbox 1356 445 2385 1350">
    <p class='ocr_par' dir='ltr' id='par_1_13' title="bbox 1356 445 2384 1166">
     <span class='ocr_line' id='line_1_30' title="bbox 2083 445 2379 499; baseline 0.007 -17"><span class='ocrx_word' id='word_1_165' title='bbox 2083 460 2184 489; x_wconf 84' lang='grc' dir='ltr'>οειςει</span> <span class='ocrx_word' id='word_1_166' title='bbox 2202 445 2379 499; x_wconf 80' lang='grc' dir='ltr'>λαμπρὸν,</span> 
     </span>
     <span class='ocr_line' id='line_1_31' title="bbox 1359 505 2379 558; baseline 0.003 -16"><span class='ocrx_word' id='word_1_167' title='bbox 1359 505 1434 542; x_wconf 86' lang='grc' dir='ltr'>ἀλλ’</span> <span class='ocrx_word' id='word_1_168' title='bbox 1457 505 1579 547; x_wconf 78' lang='grc' dir='ltr'>εὐθέως</span> <span class='ocrx_word' id='word_1_169' title='bbox 1595 506 1630 542; x_wconf 80' lang='grc' dir='ltr'>ἐν</span> <span class='ocrx_word' id='word_1_170' title='bbox 1649 506 1743 556; x_wconf 82' lang='grc' dir='ltr'>αὐτῷ</span> <span class='ocrx_word' id='word_1_171' title='bbox 1761 507 1811 557; x_wconf 76' lang='grc' dir='ltr'>τῷ</span> <span class='ocrx_word' id='word_1_172' title='bbox 1830 508 1968 557; x_wconf 82' lang='grc' dir='ltr'>σταυρῷ</span> <span class='ocrx_word' id='word_1_173' title='bbox 1983 506 2027 544; x_wconf 84' lang='grc' dir='ltr'>τὰ</span> <span class='ocrx_word' id='word_1_174' title='bbox 2042 507 2189 558; x_wconf 81' lang='grc' dir='ltr'>λαμπρὰ</span> <span class='ocrx_word' id='word_1_175' title='bbox 2208 512 2379 558; x_wconf 81' lang='grc' dir='ltr'>φανεῖται.</span> 
     </span>
     <span class='ocr_line' id='line_1_32' title="bbox 1359 564 2382 619; baseline 0.001 -15"><span class='ocrx_word' id='word_1_176' title='bbox 1359 564 1402 604; x_wconf 91' lang='grc' dir='ltr'>Ὁ</span> <span class='ocrx_word' id='word_1_177' title='bbox 1423 570 1503 617; x_wconf 76' lang='grc' dir='ltr'>γοῦν</span> <span class='ocrx_word' id='word_1_178' title='bbox 1532 566 1650 612; x_wconf 54' lang='grc' dir='ltr'>εῆλιος</span> <span class='ocrx_word' id='word_1_179' title='bbox 1680 565 1884 612; x_wconf 81' lang='grc' dir='ltr'>ἐσκοτίσθη,</span> <span class='ocrx_word' id='word_1_180' title='bbox 1907 569 1942 604; x_wconf 83' lang='grc' dir='ltr'>αἱ</span> <span class='ocrx_word' id='word_1_181' title='bbox 1961 567 2086 618; x_wconf 80' lang='grc' dir='ltr'>πέτραι</span> <span class='ocrx_word' id='word_1_182' title='bbox 2109 567 2318 619; x_wconf 77' lang='grc' dir='ltr'>ε’ῤῥάγησαν,</span> <span class='ocrx_word' id='word_1_183' title='bbox 2342 568 2382 606; x_wconf 88' lang='grc' dir='ltr'>τὸ</span> 
     </span>
     <span class='ocr_line' id='line_1_33' title="bbox 1357 627 2382 680; baseline 0.001 -15"><span class='ocrx_word' id='word_1_184' title='bbox 1357 628 1613 680; x_wconf 78' lang='grc' dir='ltr'>καταπέτασμα</span> <span class='ocrx_word' id='word_1_185' title='bbox 1634 627 1776 680; x_wconf 77' lang='grc' dir='ltr'>ἐσχίσθη</span> <span class='ocrx_word' id='word_1_186' title='bbox 1791 658 1800 675; x_wconf 85' lang='grc'>,</span> <span class='ocrx_word' id='word_1_187' title='bbox 1823 627 1937 666; x_wconf 85' lang='grc' dir='ltr'>πολλὰ</span> <span class='ocrx_word' id='word_1_188' title='bbox 1956 628 2105 679; x_wconf 82' lang='grc' dir='ltr'>σώματα</span> <span class='ocrx_word' id='word_1_189' title='bbox 2120 632 2189 666; x_wconf 80' lang='grc' dir='ltr'>τῶν</span> <span class='ocrx_word' id='word_1_190' title='bbox 2209 644 2382 679; x_wconf 87' lang='grc' dir='ltr'>κεκοιμη-</span> 
     </span>
     <span class='ocr_line' id='line_1_34' title="bbox 1357 684 2378 741; baseline 0.001 -15"><span class='ocrx_word' id='word_1_191' title='bbox 1357 689 1468 739; x_wconf 84' lang='grc' dir='ltr'>μένων</span> <span class='ocrx_word' id='word_1_192' title='bbox 1495 689 1600 741; x_wconf 81' lang='grc' dir='ltr'>ἁγίων</span> <span class='ocrx_word' id='word_1_193' title='bbox 1626 688 1776 740; x_wconf 78' lang='grc' dir='ltr'>ἠγέρθη,</span> <span class='ocrx_word' id='word_1_194' title='bbox 1804 692 1821 726; x_wconf 82' lang='grc' dir='ltr'>ὅ</span> <span class='ocrx_word' id='word_1_195' title='bbox 1847 689 1953 741; x_wconf 77' lang='grc' dir='ltr'>τάφος</span> <span class='ocrx_word' id='word_1_196' title='bbox 1982 689 2166 741; x_wconf 79' lang='grc' dir='ltr'>σήμαντρα</span> <span class='ocrx_word' id='word_1_197' title='bbox 2195 684 2288 741; x_wconf 63' lang='grc' dir='ltr'>εἶχε,</span> <span class='ocrx_word' id='word_1_198' title='bbox 2319 690 2378 727; x_wconf 82' lang='grc' dir='ltr'>καὶ</span> 
     </span>
     <span class='ocr_line' id='line_1_35' title="bbox 1356 749 2381 803; baseline 0.001 -15"><span class='ocrx_word' id='word_1_199' title='bbox 1356 750 1505 803; x_wconf 79' lang='grc' dir='ltr'>φύλακες</span> <span class='ocrx_word' id='word_1_200' title='bbox 1533 749 1827 802; x_wconf 73' lang='grc' dir='ltr'>παρεκαθέζοντο·</span> <span class='ocrx_word' id='word_1_201' title='bbox 1851 749 1908 788; x_wconf 78' lang='grc' dir='ltr'>καὶ</span> <span class='ocrx_word' id='word_1_202' title='bbox 1935 750 2154 801; x_wconf 80' lang='grc' dir='ltr'>ἐπικειμένου</span> <span class='ocrx_word' id='word_1_203' title='bbox 2175 753 2224 802; x_wconf 81' lang='grc' dir='ltr'>τῷ</span> <span class='ocrx_word' id='word_1_204' title='bbox 2241 750 2381 801; x_wconf 84' lang='grc' dir='ltr'>σώματι</span> 
     </span>
     <span class='ocr_line' id='line_1_36' title="bbox 1356 811 2377 864; baseline 0 -14"><span class='ocrx_word' id='word_1_205' title='bbox 1356 815 1415 850; x_wconf 77' lang='grc' dir='ltr'>τοῦ</span> <span class='ocrx_word' id='word_1_206' title='bbox 1440 812 1556 858; x_wconf 83' lang='grc' dir='ltr'>λίθου,</span> <span class='ocrx_word' id='word_1_207' title='bbox 1582 811 1708 858; x_wconf 83' lang='grc' dir='ltr'>ἀνέστη</span> <span class='ocrx_word' id='word_1_208' title='bbox 1736 812 1775 849; x_wconf 82' lang='grc' dir='ltr'>τὸ</span> <span class='ocrx_word' id='word_1_209' title='bbox 1805 813 1928 860; x_wconf 79' lang='grc' dir='ltr'>σῶμα·</span> <span class='ocrx_word' id='word_1_210' title='bbox 1958 811 2220 862; x_wconf 84' lang='grc' dir='ltr'>τεσσαράκοντα</span> <span class='ocrx_word' id='word_1_211' title='bbox 2246 811 2377 864; x_wconf 77' lang='grc' dir='ltr'>ἡμέραι</span> 
     </span>
     <span class='ocr_line' id='line_1_37' title="bbox 1356 868 2383 925; baseline 0 -14"><span class='ocrx_word' id='word_1_212' title='bbox 1356 875 1546 925; x_wconf 73' lang='grc' dir='ltr'>παρῆλθον,</span> <span class='ocrx_word' id='word_1_213' title='bbox 1577 873 1635 911; x_wconf 79' lang='grc' dir='ltr'>καὶ</span> <span class='ocrx_word' id='word_1_214' title='bbox 1657 877 1678 920; x_wconf 75' lang='grc' dir='ltr'>ἡ</span> <span class='ocrx_word' id='word_1_215' title='bbox 1699 877 1758 911; x_wconf 76' lang='grc' dir='ltr'>τοῦ</span> <span class='ocrx_word' id='word_1_216' title='bbox 1784 873 1989 923; x_wconf 78' lang='grc' dir='ltr'>Πνεύματος</span> <span class='ocrx_word' id='word_1_217' title='bbox 2008 868 2091 920; x_wconf 69' lang='grc' dir='ltr'>ἦλθε</span> <span class='ocrx_word' id='word_1_218' title='bbox 2117 872 2291 925; x_wconf 80' lang='grc' dir='ltr'>χορηγία,</span> <span class='ocrx_word' id='word_1_219' title='bbox 2323 874 2383 912; x_wconf 83' lang='grc' dir='ltr'>καὶ</span> 
     </span>
     <span class='ocr_line' id='line_1_38' title="bbox 1356 933 2384 985; baseline -0.001 -14"><span class='ocrx_word' id='word_1_220' title='bbox 1356 933 1482 977; x_wconf 85' lang='grc' dir='ltr'>πάντες</span> <span class='ocrx_word' id='word_1_221' title='bbox 1503 934 1604 972; x_wconf 77' lang='grc' dir='ltr'>αὐτὸν</span> <span class='ocrx_word' id='word_1_222' title='bbox 1623 933 1746 977; x_wconf 83' lang='grc' dir='ltr'>εὐθέως</span> <span class='ocrx_word' id='word_1_223' title='bbox 1766 934 2010 985; x_wconf 78' lang='grc' dir='ltr'>ἀνεκήρυττον.</span> <span class='ocrx_word' id='word_1_224' title='bbox 2032 934 2147 971; x_wconf 75' lang='grc' dir='ltr'>Τοῦτό</span> <span class='ocrx_word' id='word_1_225' title='bbox 2163 936 2236 972; x_wconf 81' lang='grc' dir='ltr'>ἐστι</span> <span class='ocrx_word' id='word_1_226' title='bbox 2251 963 2260 980; x_wconf 88' lang='grc'>,</span> <span class='ocrx_word' id='word_1_227' title='bbox 2276 933 2384 977; x_wconf 81' lang='grc' dir='ltr'>Δοξά-</span> 
     </span>
     <span class='ocr_line' id='line_1_39' title="bbox 1357 993 2376 1046; baseline 0 -14"><span class='ocrx_word' id='word_1_228' title='bbox 1357 1010 1409 1032; x_wconf 85' lang='grc' dir='ltr'>σει</span> <span class='ocrx_word' id='word_1_229' title='bbox 1427 995 1526 1033; x_wconf 81' lang='grc' dir='ltr'>αὐτὸν</span> <span class='ocrx_word' id='word_1_230' title='bbox 1548 994 1608 1032; x_wconf 55' lang='grc' dir='ltr'>(ῑέν</span> <span class='ocrx_word' id='word_1_231' title='bbox 1625 997 1737 1046; x_wconf 81' lang='grc' dir='ltr'>ἑαυτῷ</span> <span class='ocrx_word' id='word_1_232' title='bbox 1749 1026 1757 1041; x_wconf 91' lang='grc'>,</span> <span class='ocrx_word' id='word_1_233' title='bbox 1773 995 1832 1033; x_wconf 81' lang='grc' dir='ltr'>καὶ</span> <span class='ocrx_word' id='word_1_234' title='bbox 1848 994 1972 1038; x_wconf 79' lang='grc' dir='ltr'>εὐθέως</span> <span class='ocrx_word' id='word_1_235' title='bbox 1988 994 2121 1038; x_wconf 77' lang='grc' dir='ltr'>δοξάσει</span> <span class='ocrx_word' id='word_1_236' title='bbox 2139 993 2257 1032; x_wconf 82' lang='grc' dir='ltr'>αὐτόν·</span> <span class='ocrx_word' id='word_1_237' title='bbox 2277 997 2314 1032; x_wconf 86' lang='grc' dir='ltr'>οὐ</span> <span class='ocrx_word' id='word_1_238' title='bbox 2333 995 2376 1032; x_wconf 87' lang='grc' dir='ltr'>δι’</span> 
     </span>
     <span class='ocr_line' id='line_1_40' title="bbox 1358 1055 2383 1107; baseline 0.001 -15"><span class='ocrx_word' id='word_1_239' title='bbox 1358 1056 1512 1107; x_wconf 84' lang='grc' dir='ltr'>ἀγγέλων</span> <span class='ocrx_word' id='word_1_240' title='bbox 1532 1055 1589 1092; x_wconf 76' lang='grc' dir='ltr'>καὶ</span> <span class='ocrx_word' id='word_1_241' title='bbox 1608 1057 1848 1106; x_wconf 73' lang='grc' dir='ltr'>ἀρχαγγέλων,</span> <span class='ocrx_word' id='word_1_242' title='bbox 1869 1055 1946 1093; x_wconf 76' lang='grc' dir='ltr'>οὐδὲ</span> <span class='ocrx_word' id='word_1_243' title='bbox 1966 1057 2008 1094; x_wconf 82' lang='grc' dir='ltr'>δι’</span> <span class='ocrx_word' id='word_1_244' title='bbox 2030 1056 2138 1104; x_wconf 80' lang='grc' dir='ltr'>ἄλλης</span> <span class='ocrx_word' id='word_1_245' title='bbox 2162 1056 2253 1098; x_wconf 81' lang='grc' dir='ltr'>τινὸς</span> <span class='ocrx_word' id='word_1_246' title='bbox 2279 1055 2383 1093; x_wconf 84' lang='grc' dir='ltr'>δυνά-</span> 
     </span>
     <span class='ocr_line' id='line_1_41' title="bbox 1360 1115 1798 1166; baseline 0.005 -14"><span class='ocrx_word' id='word_1_247' title='bbox 1360 1131 1469 1166; x_wconf 82' lang='grc' dir='ltr'>μεως,</span> <span class='ocrx_word' id='word_1_248' title='bbox 1490 1115 1580 1153; x_wconf 84' lang='grc' dir='ltr'>ἀλλὰ</span> <span class='ocrx_word' id='word_1_249' title='bbox 1596 1117 1639 1152; x_wconf 87' lang='grc' dir='ltr'>δι’</span> <span class='ocrx_word' id='word_1_250' title='bbox 1661 1119 1798 1155; x_wconf 73' lang='grc' dir='ltr'>ἑαυτοῦ.</span> 
     </span>
    </p>

    <p class='ocr_par' dir='ltr' id='par_1_14' title="bbox 1358 1175 2385 1350">
     <span class='ocr_line' id='line_1_42' title="bbox 1413 1175 2384 1228; baseline 0.002 -15"><span class='ocrx_word' id='word_1_251' title='bbox 1413 1178 1496 1218; x_wconf 80' lang='grc' dir='ltr'>Πῶς</span> <span class='ocrx_word' id='word_1_252' title='bbox 1523 1175 1558 1213; x_wconf 79' lang='grc' dir='ltr'>δὲ</span> <span class='ocrx_word' id='word_1_253' title='bbox 1584 1175 1642 1213; x_wconf 85' lang='grc' dir='ltr'>καὶ</span> <span class='ocrx_word' id='word_1_254' title='bbox 1665 1175 1804 1220; x_wconf 78' lang='grc' dir='ltr'>ἐδόξασε</span> <span class='ocrx_word' id='word_1_255' title='bbox 1831 1177 1873 1214; x_wconf 86' lang='grc' dir='ltr'>δι’</span> <span class='ocrx_word' id='word_1_256' title='bbox 1895 1179 2021 1222; x_wconf 74' lang='grc' dir='ltr'>αὐτοῦ,</span> <span class='ocrx_word' id='word_1_257' title='bbox 2041 1175 2167 1214; x_wconf 81' lang='grc' dir='ltr'>Πάντα</span> <span class='ocrx_word' id='word_1_258' title='bbox 2187 1176 2320 1228; x_wconf 82' lang='grc' dir='ltr'>πράξας</span> <span class='ocrx_word' id='word_1_259' title='bbox 2340 1178 2384 1215; x_wconf 85' lang='grc' dir='ltr'>τὰ</span> 
     </span>
     <span class='ocr_line' id='line_1_43' title="bbox 1358 1237 2383 1289; baseline 0.002 -14"><span class='ocrx_word' id='word_1_260' title='bbox 1358 1237 1443 1289; x_wconf 81' lang='grc' dir='ltr'>πρὸς</span> <span class='ocrx_word' id='word_1_261' title='bbox 1464 1237 1560 1281; x_wconf 81' lang='grc' dir='ltr'>δόξαν</span> <span class='ocrx_word' id='word_1_262' title='bbox 1582 1242 1641 1275; x_wconf 76' lang='grc' dir='ltr'>τοῦ</span> <span class='ocrx_word' id='word_1_263' title='bbox 1660 1238 1745 1275; x_wconf 58' lang='lat' dir='ltr'>Tio&amp;</span> <span class='ocrx_word' id='word_1_264' title='bbox 1759 1252 1766 1260; x_wconf 90' lang='grc'><em>·</em></span> <span class='ocrx_word' id='word_1_265' title='bbox 1795 1237 1908 1274; x_wconf 87' lang='grc' dir='ltr'>καίτοι</span> <span class='ocrx_word' id='word_1_266' title='bbox 1928 1239 2043 1274; x_wconf 84' lang='grc' dir='ltr'>πάντα</span> <span class='ocrx_word' id='word_1_267' title='bbox 2063 1241 2080 1275; x_wconf 83' lang='grc' dir='ltr'><strong><em>ὃ</em></strong></span> <span class='ocrx_word' id='word_1_268' title='bbox 2095 1237 2177 1280; x_wconf 79' lang='grc' dir='ltr'>Υἱὸς</span> <span class='ocrx_word' id='word_1_269' title='bbox 2208 1238 2383 1284; x_wconf 82' lang='grc' dir='ltr'>ἐποίησεν.</span> 
     </span>
     <span class='ocr_line' id='line_1_44' title="bbox 1360 1297 2385 1350; baseline -0.002 -13"><span class='ocrx_word' id='word_1_270' title='bbox 1360 1297 1468 1350; x_wconf 73' lang='grc' dir='ltr'>Ὁρᾷς</span> <span class='ocrx_word' id='word_1_271' title='bbox 1486 1297 1538 1336; x_wconf 77' lang='grc' dir='ltr'>ὅτι</span> <span class='ocrx_word' id='word_1_272' title='bbox 1558 1297 1602 1336; x_wconf 85' lang='grc' dir='ltr'>τὰ</span> <span class='ocrx_word' id='word_1_273' title='bbox 1621 1299 1679 1336; x_wconf 84' lang='grc' dir='ltr'>ὑπ’</span> <span class='ocrx_word' id='word_1_274' title='bbox 1701 1299 1803 1335; x_wconf 72' lang='grc' dir='ltr'>αὐτοῦ</span> <span class='ocrx_word' id='word_1_275' title='bbox 1823 1297 1988 1349; x_wconf 83' lang='grc' dir='ltr'>γινόμενα</span> <span class='ocrx_word' id='word_1_276' title='bbox 2007 1301 2056 1350; x_wconf 84' lang='grc' dir='ltr'>τῷ</span> <span class='ocrx_word' id='word_1_277' title='bbox 2078 1297 2194 1349; x_wconf 85' lang='grc' dir='ltr'>Πατρὶ</span> <span class='ocrx_word' id='word_1_278' title='bbox 2216 1297 2385 1344; x_wconf 78' lang='grc' dir='ltr'>ἀνατίθη-</span> 
     </span>
    </p>
   </div>
   <div class='ocr_carea' id='block_1_13' title="bbox 295 1358 2386 1410">
    <p class='ocr_par' dir='ltr' id='par_1_15' title="bbox 295 1358 2386 1410">
     <span class='ocr_line' id='line_1_45' title="bbox 295 1358 2386 1410; baseline 0 -14"><span class='ocrx_word' id='word_1_279' title='bbox 295 1360 358 1397; x_wconf 84' lang='grc'>55.</span> <span class='ocrx_word' id='word_1_280' title='bbox 381 1360 531 1405; x_wconf 85' lang='lat' dir='ltr'>Filioli,</span> <span class='ocrx_word' id='word_1_281' title='bbox 561 1360 689 1396; x_wconf 81' lang='lat' dir='ltr'>adhuc</span> <span class='ocrx_word' id='word_1_282' title='bbox 721 1360 913 1396; x_wconf 83' lang='lat' dir='ltr'>modicum</span> <span class='ocrx_word' id='word_1_283' title='bbox 948 1361 1148 1396; x_wconf 68' lang='lat' dir='ltr'>vobiscum</span> <span class='ocrx_word' id='word_1_284' title='bbox 1184 1373 1282 1397; x_wconf 75' lang='lat' dir='ltr'>sum.</span> <span class='ocrx_word' id='word_1_285' title='bbox 1312 1372 1336 1399; x_wconf 85' lang='grc' dir='ltr'>Α</span> <span class='ocrx_word' id='word_1_286' title='bbox 1360 1376 1414 1407; x_wconf 67' lang='grc' dir='ltr'>σι,</span> <span class='ocrx_word' id='word_1_287' title='bbox 1447 1359 1599 1406; x_wconf 84' lang='grc' dir='ltr'>Τεκνία,</span> <span class='ocrx_word' id='word_1_288' title='bbox 1630 1359 1679 1397; x_wconf 82' lang='grc' dir='ltr'>ἔτι</span> <span class='ocrx_word' id='word_1_289' title='bbox 1705 1358 1827 1410; x_wconf 76' lang='grc' dir='ltr'>μικρὸν</span> <span class='ocrx_word' id='word_1_290' title='bbox 1855 1361 1929 1409; x_wconf 81' lang='grc' dir='ltr'>μεθ’</span> <span class='ocrx_word' id='word_1_291' title='bbox 1961 1361 2057 1409; x_wconf 84' lang='grc' dir='ltr'>ὑμῶν</span> <span class='ocrx_word' id='word_1_292' title='bbox 2091 1360 2174 1409; x_wconf 81' lang='grc' dir='ltr'>εἰμι.</span> <span class='ocrx_word' id='word_1_293' title='bbox 2206 1358 2386 1405; x_wconf 77' lang='grc' dir='ltr'>Ζητήσετέ</span> 
     </span>
    </p>
   </div>
   <div class='ocr_carea' id='block_1_14' title="bbox 297 1421 1294 3246">
    <p class='ocr_par' dir='ltr' id='par_1_16' title="bbox 297 1421 1294 3246">
     <span class='ocr_line' id='line_1_46' title="bbox 301 1421 1288 1470; baseline 0.001 -13"><span class='ocrx_word' id='word_1_294' title='bbox 301 1422 486 1470; x_wconf 79' lang='lat' dir='ltr'>Quoeretis</span> <span class='ocrx_word' id='word_1_295' title='bbox 513 1434 585 1468; x_wconf 81' lang='lat' dir='ltr'>me,</span> <span class='ocrx_word' id='word_1_296' title='bbox 605 1428 639 1457; x_wconf 83' lang='lat' dir='ltr'>et</span> <span class='ocrx_word' id='word_1_297' title='bbox 660 1434 737 1457; x_wconf 81' lang='lat' dir='ltr'>non</span> <span class='ocrx_word' id='word_1_298' title='bbox 767 1422 970 1457; x_wconf 79' lang='lat' dir='ltr'>invenietis</span> <span class='ocrx_word' id='word_1_299' title='bbox 987 1435 997 1455; x_wconf 88' lang='lat'>:</span> <span class='ocrx_word' id='word_1_300' title='bbox 1016 1428 1053 1457; x_wconf 81' lang='lat' dir='ltr'>et</span> <span class='ocrx_word' id='word_1_301' title='bbox 1075 1422 1174 1457; x_wconf 81' lang='lat' dir='ltr'>sieut</span> <span class='ocrx_word' id='word_1_302' title='bbox 1205 1421 1288 1458; x_wconf 63' lang='lat' dir='ltr'>dixi</span> 
     </span>
     <span class='ocr_line' id='line_1_47' title="bbox 297 1482 1286 1533; baseline -0.001 -14"><span class='ocrx_word' id='word_1_303' title='bbox 297 1482 460 1527; x_wconf 78' lang='lat' dir='ltr'>Judaeis,</span> <span class='ocrx_word' id='word_1_304' title='bbox 483 1483 557 1518; x_wconf 82' lang='lat' dir='ltr'>Ubi</span> <span class='ocrx_word' id='word_1_305' title='bbox 570 1495 637 1533; x_wconf 81' lang='lat' dir='ltr'>ego</span> <span class='ocrx_word' id='word_1_306' title='bbox 653 1495 752 1526; x_wconf 81' lang='lat' dir='ltr'>sum,</span> <span class='ocrx_word' id='word_1_307' title='bbox 775 1494 846 1517; x_wconf 78' lang='lat' dir='ltr'>vos</span> <span class='ocrx_word' id='word_1_308' title='bbox 868 1494 945 1517; x_wconf 84' lang='lat' dir='ltr'>non</span> <span class='ocrx_word' id='word_1_309' title='bbox 961 1483 1119 1532; x_wconf 80' lang='lat' dir='ltr'>potestis</span> <span class='ocrx_word' id='word_1_310' title='bbox 1136 1484 1286 1527; x_wconf 77' lang='lat' dir='ltr'>venire;</span> 
     </span>
     <span class='ocr_line' id='line_1_48' title="bbox 299 1541 1288 1594; baseline 0 -14"><span class='ocrx_word' id='word_1_311' title='bbox 299 1552 336 1580; x_wconf 83' lang='lat' dir='ltr'>et</span> <span class='ocrx_word' id='word_1_312' title='bbox 346 1545 457 1580; x_wconf 73' lang='lat' dir='ltr'>vobis</span> <span class='ocrx_word' id='word_1_313' title='bbox 476 1544 561 1580; x_wconf 79' lang='lat' dir='ltr'>dico</span> <span class='ocrx_word' id='word_1_314' title='bbox 582 1544 706 1580; x_wconf 82' lang='lat' dir='ltr'>modo.</span> <span class='ocrx_word' id='word_1_315' title='bbox 726 1544 807 1581; x_wconf 89' lang='lat' dir='ltr'>Jam</span> <span class='ocrx_word' id='word_1_316' title='bbox 829 1541 943 1579; x_wconf 88' lang='lat' dir='ltr'>tristia</span> <span class='ocrx_word' id='word_1_317' title='bbox 962 1541 1101 1578; x_wconf 85' lang='lat' dir='ltr'>orditur</span> <span class='ocrx_word' id='word_1_318' title='bbox 1119 1551 1199 1594; x_wconf 88' lang='lat' dir='ltr'>post</span> <span class='ocrx_word' id='word_1_319' title='bbox 1218 1556 1288 1580; x_wconf 77' lang='grc' dir='ltr'>εοε-</span> 
     </span>
     <span class='ocr_line' id='line_1_49' title="bbox 300 1602 1287 1654; baseline -0.001 -13"><span class='ocrx_word' id='word_1_320' title='bbox 300 1617 394 1641; x_wconf 78' lang='lat' dir='ltr'>nani.</span> <span class='ocrx_word' id='word_1_321' title='bbox 415 1605 506 1641; x_wconf 84' lang='lat' dir='ltr'>Nam</span> <span class='ocrx_word' id='word_1_322' title='bbox 535 1619 617 1642; x_wconf 81' lang='lat' dir='ltr'>cum</span> <span class='ocrx_word' id='word_1_323' title='bbox 637 1602 748 1643; x_wconf 85' lang='lat' dir='ltr'>Judas</span> <span class='ocrx_word' id='word_1_324' title='bbox 778 1602 903 1650; x_wconf 81' lang='lat' dir='ltr'>exivit,</span> <span class='ocrx_word' id='word_1_325' title='bbox 925 1616 994 1639; x_wconf 90' lang='lat' dir='ltr'>non</span> <span class='ocrx_word' id='word_1_326' title='bbox 1025 1616 1172 1654; x_wconf 81' lang='lat' dir='ltr'>vespera</span> <span class='ocrx_word' id='word_1_327' title='bbox 1201 1612 1287 1651; x_wconf 82' lang='lat' dir='ltr'>erat,</span> 
     </span>
     <span class='ocr_line' id='line_1_50' title="bbox 300 1662 1289 1715; baseline 0 -13"><span class='ocrx_word' id='word_1_328' title='bbox 300 1665 361 1702; x_wconf 88' lang='lat' dir='ltr'>sed</span> <span class='ocrx_word' id='word_1_329' title='bbox 383 1679 463 1702; x_wconf 78' lang='lat' dir='ltr'>nox.</span> <span class='ocrx_word' id='word_1_330' title='bbox 487 1666 577 1702; x_wconf 87' lang='lat' dir='ltr'>Cum</span> <span class='ocrx_word' id='word_1_331' title='bbox 605 1664 699 1702; x_wconf 89' lang='lat' dir='ltr'>enim</span> <span class='ocrx_word' id='word_1_332' title='bbox 727 1663 833 1715; x_wconf 86' lang='lat' dir='ltr'>paulo</span> <span class='ocrx_word' id='word_1_333' title='bbox 861 1672 939 1715; x_wconf 87' lang='lat' dir='ltr'>post</span> <span class='ocrx_word' id='word_1_334' title='bbox 965 1662 1154 1700; x_wconf 80' lang='lat' dir='ltr'>adventuri</span> <span class='ocrx_word' id='word_1_335' title='bbox 1176 1674 1289 1702; x_wconf 85' lang='lat' dir='ltr'>essent</span> 
     </span>
     <span class='ocr_line' id='line_1_51' title="bbox 299 1724 1288 1778; baseline 0.001 -16"><span class='ocrx_word' id='word_1_336' title='bbox 299 1726 362 1776; x_wconf 83' lang='lat' dir='ltr'>qui</span> <span class='ocrx_word' id='word_1_337' title='bbox 382 1726 485 1763; x_wconf 86' lang='lat' dir='ltr'>illum</span> <span class='ocrx_word' id='word_1_338' title='bbox 505 1735 679 1778; x_wconf 81' lang='lat' dir='ltr'>caperent,</span> <span class='ocrx_word' id='word_1_339' title='bbox 689 1725 872 1777; x_wconf 83' lang='lat' dir='ltr'>oportebat</span> <span class='ocrx_word' id='word_1_340' title='bbox 891 1724 1009 1762; x_wconf 84' lang='lat' dir='ltr'>omnia</span> <span class='ocrx_word' id='word_1_341' title='bbox 1023 1724 1098 1761; x_wconf 86' lang='lat' dir='ltr'>illis</span> <span class='ocrx_word' id='word_1_342' title='bbox 1110 1739 1288 1763; x_wconf 86' lang='lat' dir='ltr'>commen-</span> 
     </span>
     <span class='ocr_line' id='line_1_52' title="bbox 299 1786 1291 1838; baseline 0 -14"><span class='ocrx_word' id='word_1_343' title='bbox 299 1787 396 1835; x_wconf 83' lang='lat' dir='ltr'>dare,</span> <span class='ocrx_word' id='word_1_344' title='bbox 419 1797 457 1824; x_wconf 88' lang='lat' dir='ltr'>ut</span> <span class='ocrx_word' id='word_1_345' title='bbox 479 1787 648 1824; x_wconf 82' lang='lat' dir='ltr'>memoria</span> <span class='ocrx_word' id='word_1_346' title='bbox 673 1787 858 1824; x_wconf 83' lang='lat' dir='ltr'>retinerent</span> <span class='ocrx_word' id='word_1_347' title='bbox 881 1802 888 1822; x_wconf 92' lang='lat'>:</span> <span class='ocrx_word' id='word_1_348' title='bbox 909 1786 980 1823; x_wconf 89' lang='lat' dir='ltr'>imo</span> <span class='ocrx_word' id='word_1_349' title='bbox 999 1786 1117 1837; x_wconf 89' lang='lat' dir='ltr'>potius</span> <span class='ocrx_word' id='word_1_350' title='bbox 1135 1787 1291 1838; x_wconf 84' lang='lat' dir='ltr'>Spiritus</span> 
     </span>
     <span class='ocr_line' id='line_1_53' title="bbox 301 1848 1291 1901; baseline -0.002 -14"><span class='ocrx_word' id='word_1_351' title='bbox 301 1849 418 1887; x_wconf 84' lang='lat' dir='ltr'>omnia</span> <span class='ocrx_word' id='word_1_352' title='bbox 443 1849 528 1901; x_wconf 86' lang='lat' dir='ltr'>ipsis</span> <span class='ocrx_word' id='word_1_353' title='bbox 547 1849 774 1900; x_wconf 77' lang='lat' dir='ltr'>suggerebat3</span> <span class='ocrx_word' id='word_1_354' title='bbox 795 1848 977 1898; x_wconf 88' lang='lat' dir='ltr'>multaque</span> <span class='ocrx_word' id='word_1_355' title='bbox 995 1857 1090 1896; x_wconf 84' lang='lat' dir='ltr'>tune,</span> <span class='ocrx_word' id='word_1_356' title='bbox 1106 1857 1145 1885; x_wconf 92' lang='lat' dir='ltr'>ut</span> <span class='ocrx_word' id='word_1_357' title='bbox 1166 1848 1291 1887; x_wconf 85' lang='lat' dir='ltr'>verisi-</span> 
     </span>
     <span class='ocr_line' id='line_1_54' title="bbox 302 1911 1292 1963; baseline 0 -14"><span class='ocrx_word' id='word_1_358' title='bbox 302 1913 386 1950; x_wconf 84' lang='lat' dir='ltr'>mile</span> <span class='ocrx_word' id='word_1_359' title='bbox 400 1922 462 1963; x_wconf 78' lang='lat' dir='ltr'>est,</span> <span class='ocrx_word' id='word_1_360' title='bbox 478 1913 695 1963; x_wconf 83' lang='lat' dir='ltr'>abjecerunt,</span> <span class='ocrx_word' id='word_1_361' title='bbox 708 1920 829 1963; x_wconf 86' lang='lat' dir='ltr'>utpote</span> <span class='ocrx_word' id='word_1_362' title='bbox 844 1911 905 1961; x_wconf 88' lang='lat' dir='ltr'>qui</span> <span class='ocrx_word' id='word_1_363' title='bbox 921 1920 1006 1948; x_wconf 88' lang='lat' dir='ltr'>tunc</span> <span class='ocrx_word' id='word_1_364' title='bbox 1018 1911 1175 1963; x_wconf 87' lang='lat' dir='ltr'>primum</span> <span class='ocrx_word' id='word_1_365' title='bbox 1190 1911 1292 1949; x_wconf 84' lang='lat' dir='ltr'>audi-</span> 
     </span>
     <span class='ocr_line' id='line_1_55' title="bbox 304 1971 1292 2024; baseline -0.001 -13"><span class='ocrx_word' id='word_1_366' title='bbox 304 1983 390 2021; x_wconf 83' lang='lat' dir='ltr'>rent,</span> <span class='ocrx_word' id='word_1_367' title='bbox 409 1983 440 2011; x_wconf 86' lang='lat' dir='ltr'>et</span> <span class='ocrx_word' id='word_1_368' title='bbox 459 1983 509 2010; x_wconf 89' lang='lat' dir='ltr'>tot</span> <span class='ocrx_word' id='word_1_369' title='bbox 536 1973 743 2010; x_wconf 83' lang='lat' dir='ltr'>tentationes</span> <span class='ocrx_word' id='word_1_370' title='bbox 762 1971 899 2024; x_wconf 84' lang='lat' dir='ltr'>passuri</span> <span class='ocrx_word' id='word_1_371' title='bbox 922 1981 1045 2009; x_wconf 88' lang='lat' dir='ltr'>essent.</span> <span class='ocrx_word' id='word_1_372' title='bbox 1063 1973 1156 2009; x_wconf 85' lang='lat' dir='ltr'>Nam</span> <span class='ocrx_word' id='word_1_373' title='bbox 1174 1972 1233 2023; x_wconf 87' lang='lat' dir='ltr'>qui</span> <span class='ocrx_word' id='word_1_374' title='bbox 1256 1973 1292 2010; x_wconf 90' lang='lat' dir='ltr'>in</span> 
     </span>
     <span class='ocr_line' id='line_1_56' title="bbox 305 2033 1294 2086; baseline -0.001 -15"><span class='ocrx_word' id='word_1_375' title='bbox 305 2049 467 2072; x_wconf 85' lang='lat' dir='ltr'>somnum</span> <span class='ocrx_word' id='word_1_376' title='bbox 483 2049 555 2086; x_wconf 80' lang='lat' dir='ltr'>prae</span> <span class='ocrx_word' id='word_1_377' title='bbox 576 2034 718 2071; x_wconf 84' lang='lat' dir='ltr'>tristitia</span> <span class='ocrx_word' id='word_1_378' title='bbox 737 2033 825 2085; x_wconf 82' lang='lat' dir='ltr'>lapsi</span> <span class='ocrx_word' id='word_1_379' title='bbox 843 2042 935 2082; x_wconf 79' lang='lat' dir='ltr'>sunt,</span> <span class='ocrx_word' id='word_1_380' title='bbox 950 2042 990 2070; x_wconf 86' lang='lat' dir='ltr'>ut</span> <span class='ocrx_word' id='word_1_381' title='bbox 1008 2033 1057 2070; x_wconf 89' lang='lat' dir='ltr'>ait</span> <span class='ocrx_word' id='word_1_382' title='bbox 1077 2033 1169 2070; x_wconf 82' lang='lat' dir='ltr'>alius</span> <span class='ocrx_word' id='word_1_383' title='bbox 1188 2047 1294 2071; x_wconf 87' lang='lat' dir='ltr'>evan-</span> 
     </span>
     <span class='ocr_line' id='line_1_57' title="bbox 304 2094 1294 2147; baseline 0 -15"><span class='ocrx_word' id='word_1_384' title='bbox 304 2096 450 2147; x_wconf 77' lang='lat' dir='ltr'>gelista;</span> <span class='ocrx_word' id='word_1_385' title='bbox 474 2104 507 2133; x_wconf 87' lang='lat' dir='ltr'>et</span> <span class='ocrx_word' id='word_1_386' title='bbox 538 2095 611 2147; x_wconf 84' lang='lat' dir='ltr'>ipse</span> <span class='ocrx_word' id='word_1_387' title='bbox 636 2109 775 2146; x_wconf 85' lang='lat' dir='ltr'>quoque</span> <span class='ocrx_word' id='word_1_388' title='bbox 805 2094 970 2132; x_wconf 85' lang='lat' dir='ltr'>Christus</span> <span class='ocrx_word' id='word_1_389' title='bbox 999 2094 1048 2132; x_wconf 89' lang='lat' dir='ltr'>ait</span> <span class='ocrx_word' id='word_1_390' title='bbox 1072 2111 1079 2130; x_wconf 76' lang='grc' dir='ltr'><em>τ</em></span> <span class='ocrx_word' id='word_1_391' title='bbox 1101 2095 1176 2133; x_wconf 80' lang='lat' dir='ltr'>Sed</span> <span class='ocrx_word' id='word_1_392' title='bbox 1201 2098 1294 2146; x_wconf 81' lang='lat' dir='ltr'>quia</span> 
     </span>
     <span class='ocr_line' id='line_1_58' title="bbox 305 2156 1294 2208; baseline -0.001 -14"><span class='ocrx_word' id='word_1_393' title='bbox 305 2159 384 2194; x_wconf 74' lang='lat' dir='ltr'>lzcec</span> <span class='ocrx_word' id='word_1_394' title='bbox 406 2157 587 2208; x_wconf 78' lang='lat' dir='ltr'>loquutus</span> <span class='ocrx_word' id='word_1_395' title='bbox 608 2170 692 2194; x_wconf 79' lang='lat' dir='ltr'>sum</span> <span class='ocrx_word' id='word_1_396' title='bbox 715 2158 839 2202; x_wconf 77' lang='lat' dir='ltr'>vohis,</span> <span class='ocrx_word' id='word_1_397' title='bbox 865 2158 1023 2193; x_wconf 78' lang='lat' dir='ltr'>tristitia</span> <span class='ocrx_word' id='word_1_398' title='bbox 1042 2156 1214 2207; x_wconf 76' lang='lat' dir='ltr'>implevit</span> <span class='ocrx_word' id='word_1_399' title='bbox 1229 2170 1294 2193; x_wconf 86' lang='lat' dir='ltr'>cor</span> 
     </span>
     <span class='ocr_line' id='line_1_59' title="bbox 303 2216 1294 2268; baseline -0.001 -13"><span class='ocrx_word' id='word_1_400' title='bbox 303 2227 493 2261; x_wconf 77' lang='lat' dir='ltr'>vestrzmz;</span> <span class='ocrx_word' id='word_1_401' title='bbox 512 2217 690 2268; x_wconf 87' lang='lat' dir='ltr'>quomodo</span> <span class='ocrx_word' id='word_1_402' title='bbox 714 2217 790 2254; x_wconf 82' lang='lat' dir='ltr'>haec</span> <span class='ocrx_word' id='word_1_403' title='bbox 814 2216 932 2254; x_wconf 85' lang='lat' dir='ltr'>omnia</span> <span class='ocrx_word' id='word_1_404' title='bbox 962 2226 1126 2253; x_wconf 85' lang='lat' dir='ltr'>accurate</span> <span class='ocrx_word' id='word_1_405' title='bbox 1146 2216 1294 2254; x_wconf 87' lang='lat' dir='ltr'>retinere</span> 
     </span>
     <span class='ocr_line' id='line_1_60' title="bbox 302 2276 1294 2330; baseline -0.003 -14"><span class='ocrx_word' id='word_1_406' title='bbox 302 2279 524 2330; x_wconf 72' lang='lat' dir='ltr'>potuissent?</span> <span class='ocrx_word' id='word_1_407' title='bbox 546 2278 616 2316; x_wconf 85' lang='lat' dir='ltr'>Sed</span> <span class='ocrx_word' id='word_1_408' title='bbox 645 2292 708 2315; x_wconf 85' lang='lat' dir='ltr'>eur</span> <span class='ocrx_word' id='word_1_409' title='bbox 732 2277 805 2314; x_wconf 87' lang='lat' dir='ltr'>illis</span> <span class='ocrx_word' id='word_1_410' title='bbox 826 2276 1063 2314; x_wconf 72' lang='lat' dir='ltr'>dicebantur?</span> <span class='ocrx_word' id='word_1_411' title='bbox 1085 2278 1163 2314; x_wconf 87' lang='lat' dir='ltr'>Non</span> <span class='ocrx_word' id='word_1_412' title='bbox 1179 2276 1294 2314; x_wconf 86' lang='lat' dir='ltr'>modi-</span> 
     </span>
     <span class='ocr_line' id='line_1_61' title="bbox 303 2338 1291 2392; baseline -0.002 -15"><span class='ocrx_word' id='word_1_413' title='bbox 303 2354 383 2377; x_wconf 89' lang='lat' dir='ltr'>cum</span> <span class='ocrx_word' id='word_1_414' title='bbox 405 2340 490 2392; x_wconf 88' lang='lat' dir='ltr'>ipsis</span> <span class='ocrx_word' id='word_1_415' title='bbox 506 2340 646 2377; x_wconf 85' lang='lat' dir='ltr'>lucrum</span> <span class='ocrx_word' id='word_1_416' title='bbox 665 2338 711 2376; x_wconf 82' lang='lat' dir='ltr'>ad</span> <span class='ocrx_word' id='word_1_417' title='bbox 732 2338 864 2376; x_wconf 86' lang='lat' dir='ltr'>Christi</span> <span class='ocrx_word' id='word_1_418' title='bbox 893 2338 1044 2389; x_wconf 81' lang='lat' dir='ltr'>gloriam</span> <span class='ocrx_word' id='word_1_419' title='bbox 1066 2338 1291 2387; x_wconf 83' lang='lat' dir='ltr'>obveniebat,</span> 
     </span>
     <span class='ocr_line' id='line_1_62' title="bbox 301 2398 1294 2452; baseline -0.002 -15"><span class='ocrx_word' id='word_1_420' title='bbox 301 2400 396 2452; x_wconf 86' lang='lat' dir='ltr'>quod</span> <span class='ocrx_word' id='word_1_421' title='bbox 417 2401 490 2439; x_wconf 76' lang='lat' dir='ltr'>haec</span> <span class='ocrx_word' id='word_1_422' title='bbox 506 2402 597 2438; x_wconf 84' lang='lat' dir='ltr'>clare</span> <span class='ocrx_word' id='word_1_423' title='bbox 620 2399 748 2438; x_wconf 86' lang='lat' dir='ltr'>scirent</span> <span class='ocrx_word' id='word_1_424' title='bbox 768 2409 900 2452; x_wconf 77' lang='lat' dir='ltr'>postea,</span> <span class='ocrx_word' id='word_1_425' title='bbox 920 2398 1008 2436; x_wconf 83' lang='lat' dir='ltr'>dum</span> <span class='ocrx_word' id='word_1_426' title='bbox 1024 2398 1294 2436; x_wconf 85' lang='lat' dir='ltr'>recordarentur</span> 
     </span>
     <span class='ocr_line' id='line_1_63' title="bbox 303 2454 1294 2501; baseline -0.002 -1"><span class='ocrx_word' id='word_1_427' title='bbox 303 2477 338 2500; x_wconf 89' lang='lat' dir='ltr'>se</span> <span class='ocrx_word' id='word_1_428' title='bbox 352 2463 427 2501; x_wconf 80' lang='lat' dir='ltr'>hace</span> <span class='ocrx_word' id='word_1_429' title='bbox 442 2478 460 2501; x_wconf 92' lang='lat' dir='ltr'>a</span> <span class='ocrx_word' id='word_1_430' title='bbox 475 2463 617 2500; x_wconf 89' lang='lat' dir='ltr'>Christo</span> <span class='ocrx_word' id='word_1_431' title='bbox 630 2462 819 2500; x_wconf 84' lang='lat' dir='ltr'>audivisse.</span> <span class='ocrx_word' id='word_1_432' title='bbox 836 2454 908 2499; x_wconf 87' lang='lat' dir='ltr'>Cur</span> <span class='ocrx_word' id='word_1_433' title='bbox 924 2471 1042 2499; x_wconf 85' lang='lat' dir='ltr'>autem</span> <span class='ocrx_word' id='word_1_434' title='bbox 1061 2461 1206 2498; x_wconf 87' lang='lat' dir='ltr'>illorum</span> <span class='ocrx_word' id='word_1_435' title='bbox 1219 2461 1294 2498; x_wconf 88' lang='lat' dir='ltr'>aui-</span> 
     </span>
     <span class='ocr_line' id='line_1_64' title="bbox 303 2523 1294 2575; baseline -0.001 -16"><span class='ocrx_word' id='word_1_436' title='bbox 303 2537 403 2560; x_wconf 82' lang='lat' dir='ltr'>mum</span> <span class='ocrx_word' id='word_1_437' title='bbox 421 2523 520 2575; x_wconf 84' lang='lat' dir='ltr'>prius</span> <span class='ocrx_word' id='word_1_438' title='bbox 533 2523 668 2575; x_wconf 74' lang='lat' dir='ltr'>dejicit,</span> <span class='ocrx_word' id='word_1_439' title='bbox 681 2523 814 2569; x_wconf 81' lang='lat' dir='ltr'>dicens,</span> <span class='ocrx_word' id='word_1_440' title='bbox 826 2523 867 2560; x_wconf 86' lang='lat' dir='ltr'><em>A</em></span> <span class='ocrx_word' id='word_1_441' title='bbox 870 2524 971 2560; x_wconf 78' lang='grc' dir='ltr'>(ΖΙιιισ</span> <span class='ocrx_word' id='word_1_442' title='bbox 995 2523 1184 2559; x_wconf 79' lang='lat' dir='ltr'>modicum</span> <span class='ocrx_word' id='word_1_443' title='bbox 1201 2531 1294 2559; x_wconf 84' lang='lat' dir='ltr'>tem-</span> 
     </span>
     <span class='ocr_line' id='line_1_65' title="bbox 301 2582 1293 2635; baseline 0.001 -15"><span class='ocrx_word' id='word_1_444' title='bbox 301 2598 371 2634; x_wconf 74' lang='lat' dir='ltr'>pus</span> <span class='ocrx_word' id='word_1_445' title='bbox 392 2587 591 2621; x_wconf 76' lang='lat' dir='ltr'>vobiscum</span> <span class='ocrx_word' id='word_1_446' title='bbox 610 2598 695 2621; x_wconf 76' lang='lat' dir='ltr'>snm</span> <span class='ocrx_word' id='word_1_447' title='bbox 706 2589 722 2621; x_wconf 76' lang='lat' dir='ltr'><em>P</em></span> <span class='ocrx_word' id='word_1_448' title='bbox 736 2586 755 2623; x_wconf 90' lang='lat' dir='ltr'>J</span> <span class='ocrx_word' id='word_1_449' title='bbox 761 2583 869 2621; x_wconf 77' lang='lat' dir='ltr'>udaeis</span> <span class='ocrx_word' id='word_1_450' title='bbox 886 2597 1038 2634; x_wconf 84' lang='lat' dir='ltr'>namque</span> <span class='ocrx_word' id='word_1_451' title='bbox 1055 2584 1136 2635; x_wconf 84' lang='lat' dir='ltr'>jure</span> <span class='ocrx_word' id='word_1_452' title='bbox 1152 2582 1293 2621; x_wconf 86' lang='lat' dir='ltr'>diceba-</span> 
     </span>
     <span class='ocr_line' id='line_1_66' title="bbox 304 2644 1291 2695; baseline 0.001 -15"><span class='ocrx_word' id='word_1_453' title='bbox 304 2652 373 2691; x_wconf 85' lang='lat' dir='ltr'>tur,</span> <span class='ocrx_word' id='word_1_454' title='bbox 398 2659 458 2681; x_wconf 82' lang='lat' dir='ltr'>nos</span> <span class='ocrx_word' id='word_1_455' title='bbox 474 2660 555 2683; x_wconf 86' lang='lat' dir='ltr'>vero</span> <span class='ocrx_word' id='word_1_456' title='bbox 581 2660 690 2695; x_wconf 80' lang='lat' dir='ltr'>quare</span> <span class='ocrx_word' id='word_1_457' title='bbox 709 2659 790 2682; x_wconf 93' lang='lat' dir='ltr'>cum</span> <span class='ocrx_word' id='word_1_458' title='bbox 811 2645 958 2695; x_wconf 81' lang='lat' dir='ltr'>ingratis</span> <span class='ocrx_word' id='word_1_459' title='bbox 978 2644 1050 2681; x_wconf 86' lang='lat' dir='ltr'>illis</span> <span class='ocrx_word' id='word_1_460' title='bbox 1069 2644 1190 2681; x_wconf 71' lang='lat' dir='ltr'>locas?</span> <span class='ocrx_word' id='word_1_461' title='bbox 1214 2645 1291 2682; x_wconf 85' lang='lat' dir='ltr'>Mi-</span> 
     </span>
     <span class='ocr_line' id='line_1_67' title="bbox 304 2704 1293 2755; baseline 0.001 -14"><span class='ocrx_word' id='word_1_462' title='bbox 304 2705 398 2741; x_wconf 85' lang='lat' dir='ltr'>niine</span> <span class='ocrx_word' id='word_1_463' title='bbox 412 2706 513 2742; x_wconf 70' lang='lat' dir='ltr'>fas-io.</span> <span class='ocrx_word' id='word_1_464' title='bbox 533 2705 577 2743; x_wconf 84' lang='lat' dir='ltr'>Et</span> <span class='ocrx_word' id='word_1_465' title='bbox 601 2720 663 2743; x_wconf 76' lang='lat' dir='ltr'>cur</span> <span class='ocrx_word' id='word_1_466' title='bbox 681 2705 744 2755; x_wconf 78' lang='lat' dir='ltr'>ait,</span> <span class='ocrx_word' id='word_1_467' title='bbox 760 2706 863 2743; x_wconf 79' lang='lat' dir='ltr'>Sicut</span> <span class='ocrx_word' id='word_1_468' title='bbox 884 2706 966 2743; x_wconf 73' lang='lat' dir='ltr'>dixi</span> <span class='ocrx_word' id='word_1_469' title='bbox 986 2706 1159 2743; x_wconf 75' lang='lat' dir='ltr'>Judaeis?</span> <span class='ocrx_word' id='word_1_470' title='bbox 1173 2704 1293 2742; x_wconf 87' lang='lat' dir='ltr'>Redu-</span> 
     </span>
     <span class='ocr_line' id='line_1_68' title="bbox 306 2766 1292 2819; baseline 0.002 -16"><span class='ocrx_word' id='word_1_471' title='bbox 306 2766 357 2803; x_wconf 81' lang='lat' dir='ltr'>xit.</span> <span class='ocrx_word' id='word_1_472' title='bbox 374 2767 409 2803; x_wconf 86' lang='lat' dir='ltr'>iu</span> <span class='ocrx_word' id='word_1_473' title='bbox 430 2768 740 2818; x_wconf 75' lang='lat' dir='ltr'>111011101·ia111‚quia</span> <span class='ocrx_word' id='word_1_474' title='bbox 754 2782 823 2805; x_wconf 92' lang='lat' dir='ltr'>non</span> <span class='ocrx_word' id='word_1_475' title='bbox 841 2781 935 2804; x_wconf 90' lang='lat' dir='ltr'>nunc</span> <span class='ocrx_word' id='word_1_476' title='bbox 950 2767 995 2805; x_wconf 88' lang='lat' dir='ltr'>ob</span> <span class='ocrx_word' id='word_1_477' title='bbox 1012 2768 1189 2804; x_wconf 87' lang='lat' dir='ltr'>malorum</span> <span class='ocrx_word' id='word_1_478' title='bbox 1205 2782 1292 2819; x_wconf 79' lang='lat' dir='ltr'>prae-</span> 
     </span>
     <span class='ocr_line' id='line_1_69' title="bbox 305 2827 1291 2880; baseline 0.003 -17"><span class='ocrx_word' id='word_1_479' title='bbox 305 2827 450 2864; x_wconf 80' lang='lat' dir='ltr'>sentiani</span> <span class='ocrx_word' id='word_1_480' title='bbox 479 2828 551 2864; x_wconf 76' lang='lat' dir='ltr'>liaee</span> <span class='ocrx_word' id='word_1_481' title='bbox 580 2828 757 2879; x_wconf 64' lang='lat' dir='ltr'>praedixit,</span> <span class='ocrx_word' id='word_1_482' title='bbox 780 2828 839 2866; x_wconf 88' lang='lat' dir='ltr'>sed</span> <span class='ocrx_word' id='word_1_483' title='bbox 857 2829 932 2880; x_wconf 87' lang='lat' dir='ltr'>jam</span> <span class='ocrx_word' id='word_1_484' title='bbox 961 2829 1047 2866; x_wconf 87' lang='lat' dir='ltr'>olim</span> <span class='ocrx_word' id='word_1_485' title='bbox 1068 2828 1291 2880; x_wconf 77' lang='lat' dir='ltr'>proeviderat,</span> 
     </span>
     <span class='ocr_line' id='line_1_70' title="bbox 305 2887 1290 2941; baseline 0.004 -18"><span class='ocrx_word' id='word_1_486' title='bbox 305 2887 443 2940; x_wconf 80' lang='lat' dir='ltr'>ipsique</span> <span class='ocrx_word' id='word_1_487' title='bbox 462 2898 563 2927; x_wconf 84' lang='lat' dir='ltr'>testes</span> <span class='ocrx_word' id='word_1_488' title='bbox 584 2899 693 2937; x_wconf 78' lang='lat' dir='ltr'>erant,</span> <span class='ocrx_word' id='word_1_489' title='bbox 714 2890 772 2940; x_wconf 83' lang='lat' dir='ltr'>qui</span> <span class='ocrx_word' id='word_1_490' title='bbox 794 2889 979 2927; x_wconf 83' lang='lat' dir='ltr'>audierant</span> <span class='ocrx_word' id='word_1_491' title='bbox 999 2890 1115 2941; x_wconf 86' lang='lat' dir='ltr'>ipsum</span> <span class='ocrx_word' id='word_1_492' title='bbox 1136 2890 1210 2927; x_wconf 85' lang='lat' dir='ltr'>haee</span> <span class='ocrx_word' id='word_1_493' title='bbox 1224 2892 1290 2929; x_wconf 91' lang='lat' dir='ltr'>Ju-</span> 
     </span>
     <span class='ocr_line' id='line_1_71' title="bbox 304 2948 1292 2999; baseline 0.002 -13"><span class='ocrx_word' id='word_1_494' title='bbox 304 2948 391 2986; x_wconf 78' lang='lat' dir='ltr'>daeis</span> <span class='ocrx_word' id='word_1_495' title='bbox 420 2949 605 2987; x_wconf 80' lang='lat' dir='ltr'>dicentem.</span> <span class='ocrx_word' id='word_1_496' title='bbox 631 2953 750 2997; x_wconf 82' lang='lat' dir='ltr'>Quare</span> <span class='ocrx_word' id='word_1_497' title='bbox 783 2951 922 2988; x_wconf 85' lang='lat' dir='ltr'>addidit</span> <span class='ocrx_word' id='word_1_498' title='bbox 955 2951 1057 2999; x_wconf 83' lang='lat' dir='ltr'>illud,</span> <span class='ocrx_word' id='word_1_499' title='bbox 1079 2952 1233 2996; x_wconf 75' lang='lat' dir='ltr'>Filioli,·</span> <span class='ocrx_word' id='word_1_500' title='bbox 1253 2961 1292 2989; x_wconf 90' lang='lat' dir='ltr'>ut</span> 
     </span>
     <span class='ocr_line' id='line_1_72' title="bbox 305 3010 1291 3063; baseline 0.001 -15"><span class='ocrx_word' id='word_1_501' title='bbox 305 3026 385 3048; x_wconf 74' lang='lat' dir='ltr'>cuni</span> <span class='ocrx_word' id='word_1_502' title='bbox 410 3011 573 3048; x_wconf 86' lang='lat' dir='ltr'>audirent</span> <span class='ocrx_word' id='word_1_503' title='bbox 603 3010 705 3055; x_wconf 88' lang='lat' dir='ltr'>illud,</span> <span class='ocrx_word' id='word_1_504' title='bbox 721 3011 822 3048; x_wconf 81' lang='lat' dir='ltr'>Sicut</span> <span class='ocrx_word' id='word_1_505' title='bbox 840 3013 922 3048; x_wconf 58' lang='lat' dir='ltr'>‹lii-i</span> <span class='ocrx_word' id='word_1_506' title='bbox 942 3013 1103 3058; x_wconf 80' lang='lat' dir='ltr'>Judoeis,</span> <span class='ocrx_word' id='word_1_507' title='bbox 1125 3026 1167 3049; x_wconf 90' lang='lat' dir='ltr'>ne</span> <span class='ocrx_word' id='word_1_508' title='bbox 1186 3021 1291 3063; x_wconf 80' lang='lat' dir='ltr'>puta-</span> 
     </span>
     <span class='ocr_line' id='line_1_73' title="bbox 306 3071 1294 3123; baseline 0 -13"><span class='ocrx_word' id='word_1_509' title='bbox 306 3082 381 3110; x_wconf 90' lang='lat' dir='ltr'>rent</span> <span class='ocrx_word' id='word_1_510' title='bbox 401 3072 507 3110; x_wconf 85' lang='lat' dir='ltr'>simili</span> <span class='ocrx_word' id='word_1_511' title='bbox 530 3071 635 3108; x_wconf 83' lang='lat' dir='ltr'>inodo</span> <span class='ocrx_word' id='word_1_512' title='bbox 661 3071 727 3107; x_wconf 83' lang='lat' dir='ltr'>sibi</span> <span class='ocrx_word' id='word_1_513' title='bbox 757 3071 893 3108; x_wconf 78' lang='lat' dir='ltr'>dicium</span> <span class='ocrx_word' id='word_1_514' title='bbox 920 3073 1036 3109; x_wconf 88' lang='lat' dir='ltr'>fuisse.</span> <span class='ocrx_word' id='word_1_515' title='bbox 1055 3074 1132 3109; x_wconf 87' lang='lat' dir='ltr'>Non</span> <span class='ocrx_word' id='word_1_516' title='bbox 1153 3086 1234 3123; x_wconf 86' lang='lat' dir='ltr'>ergo</span> <span class='ocrx_word' id='word_1_517' title='bbox 1256 3082 1294 3110; x_wconf 90' lang='lat' dir='ltr'>ut</span> 
     </span>
     <span class='ocr_line' id='line_1_74' title="bbox 305 3132 1293 3186; baseline 0 -14"><span class='ocrx_word' id='word_1_518' title='bbox 305 3134 471 3186; x_wconf 86' lang='lat' dir='ltr'>dejiceret</span> <span class='ocrx_word' id='word_1_519' title='bbox 497 3133 638 3171; x_wconf 87' lang='lat' dir='ltr'>illorum</span> <span class='ocrx_word' id='word_1_520' title='bbox 661 3132 796 3169; x_wconf 84' lang='lat' dir='ltr'>animos</span> <span class='ocrx_word' id='word_1_521' title='bbox 821 3133 887 3169; x_wconf 88' lang='lat' dir='ltr'>hoc</span> <span class='ocrx_word' id='word_1_522' title='bbox 903 3133 1009 3181; x_wconf 72' lang='lat' dir='ltr'>(lixit,</span> <span class='ocrx_word' id='word_1_523' title='bbox 1032 3133 1092 3170; x_wconf 83' lang='lat' dir='ltr'>sed</span> <span class='ocrx_word' id='word_1_524' title='bbox 1111 3143 1149 3170; x_wconf 87' lang='lat' dir='ltr'>ut</span> <span class='ocrx_word' id='word_1_525' title='bbox 1169 3148 1293 3172; x_wconf 86' lang='lat' dir='ltr'>conso-</span> 
     </span>
     <span class='ocr_line' id='line_1_75' title="bbox 307 3194 1290 3246; baseline 0.001 -14"><span class='ocrx_word' id='word_1_526' title='bbox 307 3196 449 3245; x_wconf 79' lang='lat' dir='ltr'>laretur,</span> <span class='ocrx_word' id='word_1_527' title='bbox 467 3209 507 3232; x_wconf 93' lang='lat' dir='ltr'>ne</span> <span class='ocrx_word' id='word_1_528' title='bbox 528 3194 772 3246; x_wconf 74' lang='lat' dir='ltr'>inexspectalae</span> <span class='ocrx_word' id='word_1_529' title='bbox 792 3207 957 3230; x_wconf 80' lang='lat' dir='ltr'>aeruinnae</span> <span class='ocrx_word' id='word_1_530' title='bbox 978 3194 1072 3244; x_wconf 86' lang='lat' dir='ltr'>ipsos</span> <span class='ocrx_word' id='word_1_531' title='bbox 1095 3195 1290 3233; x_wconf 83' lang='lat' dir='ltr'>turbarent.</span> 
     </span>
    </p>
   </div>
   <div class='ocr_carea' id='block_1_15' title="bbox 308 3331 1314 3472">
    <p class='ocr_par' dir='ltr' id='par_1_17' title="bbox 308 3331 1314 3472">
     <span class='ocr_line' id='line_1_76' title="bbox 350 3331 734 3374; baseline -0.005 -10"><span class='ocrx_word' id='word_1_532' title='bbox 350 3342 362 3356; x_wconf 68' lang='lat'><strong><em>⁰</em></strong></span> <span class='ocrx_word' id='word_1_533' title='bbox 379 3331 439 3363; x_wconf 82' lang='lat' dir='ltr'>Alii</span> <span class='ocrx_word' id='word_1_534' title='bbox 454 3335 532 3370; x_wconf 69' lang='grc' dir='ltr'>ἥλιος</span> <span class='ocrx_word' id='word_1_535' title='bbox 545 3335 734 3374; x_wconf 66' lang='grc' dir='ltr'>ἀπεστράφη.</span> 
     </span>
     <span class='ocr_line' id='line_1_77' title="bbox 350 3379 1314 3425; baseline -0.003 -11"><span class='ocrx_word' id='word_1_536' title='bbox 350 3384 361 3401; x_wconf 73' lang='lat'>‘¹</span> <span class='ocrx_word' id='word_1_537' title='bbox 380 3382 494 3415; x_wconf 70' lang='lat' dir='ltr'>Mon-el.</span> <span class='ocrx_word' id='word_1_538' title='bbox 518 3388 547 3416; x_wconf 76' lang='grc' dir='ltr'>ἐν</span> <span class='ocrx_word' id='word_1_539' title='bbox 573 3386 662 3425; x_wconf 72' lang='grc' dir='ltr'>αὐτῷ.</span> <span class='ocrx_word' id='word_1_540' title='bbox 692 3381 783 3423; x_wconf 82' lang='lat' dir='ltr'>[Mox</span> <span class='ocrx_word' id='word_1_541' title='bbox 811 3384 857 3413; x_wconf 75' lang='grc' dir='ltr'>καὶ</span> <span class='ocrx_word' id='word_1_542' title='bbox 889 3383 1085 3425; x_wconf 71' lang='grc' dir='ltr'>ἀρχαγγέλων</span> <span class='ocrx_word' id='word_1_543' title='bbox 1111 3391 1127 3411; x_wconf 83' lang='lat' dir='ltr'>e</span> <span class='ocrx_word' id='word_1_544' title='bbox 1154 3379 1255 3412; x_wconf 73' lang='lat' dir='ltr'>Savil.</span> <span class='ocrx_word' id='word_1_545' title='bbox 1282 3387 1314 3411; x_wconf 74' lang='lat' dir='ltr'>et</span> 
     </span>
     <span class='ocr_line' id='line_1_78' title="bbox 308 3433 807 3472; baseline -0.006 -7"><span class='ocrx_word' id='word_1_546' title='bbox 308 3434 416 3467; x_wconf 68' lang='lat' dir='ltr'>(lodd.</span> <span class='ocrx_word' id='word_1_547' title='bbox 433 3435 553 3466; x_wconf 80' lang='lat' dir='ltr'>nostris</span> <span class='ocrx_word' id='word_1_548' title='bbox 570 3433 807 3472; x_wconf 80' lang='lat' dir='ltr'>accesserunt.]</span> 
     </span>
    </p>
   </div>
   <div class='ocr_carea' id='block_1_16' title="bbox 1358 1414 2392 2082">
    <p class='ocr_par' dir='ltr' id='par_1_18' title="bbox 1358 1414 2392 2082">
     <span class='ocr_line' id='line_1_79' title="bbox 1361 1414 2386 1472; baseline -0.002 -13"><span class='ocrx_word' id='word_1_549' title='bbox 1361 1437 1403 1471; x_wconf 84' lang='grc' dir='ltr'>με</span> <span class='ocrx_word' id='word_1_550' title='bbox 1421 1451 1429 1467; x_wconf 96' lang='grc'>,</span> <span class='ocrx_word' id='word_1_551' title='bbox 1451 1421 1536 1459; x_wconf 68' lang='lat' dir='ltr'>*mci</span> <span class='ocrx_word' id='word_1_552' title='bbox 1553 1419 1667 1463; x_wconf 83' lang='grc' dir='ltr'>καθὼς</span> <span class='ocrx_word' id='word_1_553' title='bbox 1683 1414 1779 1458; x_wconf 60' lang='grc' dir='ltr'>εἷπον</span> <span class='ocrx_word' id='word_1_554' title='bbox 1795 1426 1866 1462; x_wconf 87' lang='grc' dir='ltr'>τοῖς</span> <span class='ocrx_word' id='word_1_555' title='bbox 1880 1420 2058 1463; x_wconf 79' lang='grc' dir='ltr'>Ἰουδαίοις</span> <span class='ocrx_word' id='word_1_556' title='bbox 2069 1451 2077 1467; x_wconf 86' lang='grc'>,</span> <span class='ocrx_word' id='word_1_557' title='bbox 2093 1419 2145 1457; x_wconf 76' lang='grc' dir='ltr'>ὅτι</span> <span class='ocrx_word' id='word_1_558' title='bbox 2159 1419 2244 1458; x_wconf 73' lang='grc' dir='ltr'>ὅπου</span> <span class='ocrx_word' id='word_1_559' title='bbox 2261 1420 2386 1472; x_wconf 59' lang='grc' dir='ltr'>Ιἕρποίγω</span> 
     </span>
     <span class='ocr_line' id='line_1_80' title="bbox 1359 1480 2386 1532; baseline 0 -13"><span class='ocrx_word' id='word_1_560' title='bbox 1359 1480 1447 1532; x_wconf 79' lang='grc' dir='ltr'>ἐγὼ,</span> <span class='ocrx_word' id='word_1_561' title='bbox 1465 1484 1563 1532; x_wconf 81' lang='grc' dir='ltr'>ὑμεῖς</span> <span class='ocrx_word' id='word_1_562' title='bbox 1591 1483 1628 1519; x_wconf 80' lang='grc' dir='ltr'>οὖ</span> <span class='ocrx_word' id='word_1_563' title='bbox 1657 1481 1800 1518; x_wconf 81' lang='grc' dir='ltr'>δύνασθε</span> <span class='ocrx_word' id='word_1_564' title='bbox 1820 1482 1950 1519; x_wconf 80' lang='grc' dir='ltr'>ἐλθεῖν·</span> <span class='ocrx_word' id='word_1_565' title='bbox 1971 1481 2030 1518; x_wconf 85' lang='grc' dir='ltr'>καὶ</span> <span class='ocrx_word' id='word_1_566' title='bbox 2058 1483 2139 1531; x_wconf 80' lang='grc' dir='ltr'>ὑμῖν</span> <span class='ocrx_word' id='word_1_567' title='bbox 2168 1480 2261 1532; x_wconf 85' lang='grc' dir='ltr'>λέγω</span> <span class='ocrx_word' id='word_1_568' title='bbox 2294 1481 2386 1532; x_wconf 79' lang='grc' dir='ltr'>ἄρτι.</span> 
     </span>
     <span class='ocr_line' id='line_1_81' title="bbox 1358 1541 2386 1595; baseline -0.002 -14"><span class='ocrx_word' id='word_1_569' title='bbox 1358 1542 1522 1595; x_wconf 78' lang='grc' dir='ltr'>Ἄρχεται</span> <span class='ocrx_word' id='word_1_570' title='bbox 1538 1543 1659 1581; x_wconf 79' lang='grc' dir='ltr'>λοιπὸν</span> <span class='ocrx_word' id='word_1_571' title='bbox 1686 1545 1754 1580; x_wconf 80' lang='grc' dir='ltr'>τῶν</span> <span class='ocrx_word' id='word_1_572' title='bbox 1771 1544 1937 1594; x_wconf 82' lang='grc' dir='ltr'>λυπηρῶν</span> <span class='ocrx_word' id='word_1_573' title='bbox 1961 1541 2049 1593; x_wconf 84' lang='grc' dir='ltr'>μετὰ</span> <span class='ocrx_word' id='word_1_574' title='bbox 2072 1542 2111 1580; x_wconf 87' lang='grc' dir='ltr'>τὸ</span> <span class='ocrx_word' id='word_1_575' title='bbox 2129 1543 2277 1581; x_wconf 83' lang='grc' dir='ltr'>δεῖπνον.</span> <span class='ocrx_word' id='word_1_576' title='bbox 2295 1543 2386 1580; x_wconf 65' lang='grc' dir='ltr'>εὈτε</span> 
     </span>
     <span class='ocr_line' id='line_1_82' title="bbox 1358 1598 2385 1656; baseline 0.001 -16"><span class='ocrx_word' id='word_1_577' title='bbox 1358 1603 1425 1656; x_wconf 76' lang='grc' dir='ltr'>γὰρ</span> <span class='ocrx_word' id='word_1_578' title='bbox 1450 1603 1582 1646; x_wconf 80' lang='grc' dir='ltr'>Ἰούδας</span> <span class='ocrx_word' id='word_1_579' title='bbox 1610 1603 1760 1650; x_wconf 72' lang='grc' dir='ltr'>ἐξῆλθεν,</span> <span class='ocrx_word' id='word_1_580' title='bbox 1787 1607 1849 1641; x_wconf 81' lang='grc' dir='ltr'>οὐκ</span> <span class='ocrx_word' id='word_1_581' title='bbox 1880 1603 1931 1641; x_wconf 81' lang='grc' dir='ltr'>ἔτι</span> <span class='ocrx_word' id='word_1_582' title='bbox 1959 1603 2090 1655; x_wconf 81' lang='grc' dir='ltr'>ἑσπέρα</span> <span class='ocrx_word' id='word_1_583' title='bbox 2114 1598 2170 1650; x_wconf 69' lang='grc' dir='ltr'>ἦν,</span> <span class='ocrx_word' id='word_1_584' title='bbox 2201 1602 2290 1641; x_wconf 81' lang='grc' dir='ltr'>ἀλλὰ</span> <span class='ocrx_word' id='word_1_585' title='bbox 2317 1602 2385 1646; x_wconf 79' lang='grc' dir='ltr'>νύξ.</span> 
     </span>
     <span class='ocr_line' id='line_1_83' title="bbox 1362 1664 2385 1718; baseline 0 -16"><span class='ocrx_word' id='word_1_586' title='bbox 1362 1664 1508 1712; x_wconf 77' lang='grc' dir='ltr'>Ἐπειδὴ</span> <span class='ocrx_word' id='word_1_587' title='bbox 1530 1665 1597 1717; x_wconf 86' lang='grc' dir='ltr'>γὰρ</span> <span class='ocrx_word' id='word_1_588' title='bbox 1616 1666 1760 1716; x_wconf 83' lang='grc' dir='ltr'>ἔμελλον</span> <span class='ocrx_word' id='word_1_589' title='bbox 1782 1665 1903 1717; x_wconf 80' lang='grc' dir='ltr'>μικρὸν</span> <span class='ocrx_word' id='word_1_590' title='bbox 1934 1665 2075 1718; x_wconf 79' lang='grc' dir='ltr'>ὕστερον</span> <span class='ocrx_word' id='word_1_591' title='bbox 2110 1665 2385 1712; x_wconf 77' lang='grc' dir='ltr'>ἐπιστήσεσθαι,</span> 
     </span>
     <span class='ocr_line' id='line_1_84' title="bbox 1362 1724 2386 1778; baseline -0.001 -15"><span class='ocrx_word' id='word_1_592' title='bbox 1362 1726 1430 1764; x_wconf 83' lang='grc' dir='ltr'>ἔδει</span> <span class='ocrx_word' id='word_1_593' title='bbox 1460 1727 1576 1765; x_wconf 80' lang='grc' dir='ltr'>πάντα</span> <span class='ocrx_word' id='word_1_594' title='bbox 1603 1726 1911 1778; x_wconf 81' lang='grc' dir='ltr'>παρακαταθέσθαι</span> <span class='ocrx_word' id='word_1_595' title='bbox 1938 1729 2071 1772; x_wconf 78' lang='grc' dir='ltr'>αὐτοῖς,</span> <span class='ocrx_word' id='word_1_596' title='bbox 2104 1725 2194 1763; x_wconf 79' lang='grc' dir='ltr'>ὥστε</span> <span class='ocrx_word' id='word_1_597' title='bbox 2227 1724 2318 1777; x_wconf 80' lang='grc' dir='ltr'>ἔχειν</span> <span class='ocrx_word' id='word_1_598' title='bbox 2352 1726 2386 1762; x_wconf 84' lang='grc' dir='ltr'>ἐν</span> 
     </span>
     <span class='ocr_line' id='line_1_85' title="bbox 1365 1784 2388 1839; baseline -0.001 -16"><span class='ocrx_word' id='word_1_599' title='bbox 1365 1787 1506 1839; x_wconf 79' lang='grc' dir='ltr'>μνήμῃ·</span> <span class='ocrx_word' id='word_1_600' title='bbox 1529 1789 1660 1838; x_wconf 82' lang='grc' dir='ltr'>μᾶλλον</span> <span class='ocrx_word' id='word_1_601' title='bbox 1693 1787 1727 1824; x_wconf 80' lang='grc' dir='ltr'>δὲ</span> <span class='ocrx_word' id='word_1_602' title='bbox 1761 1786 1800 1824; x_wconf 77' lang='grc' dir='ltr'>τὸ</span> <span class='ocrx_word' id='word_1_603' title='bbox 1826 1789 1972 1838; x_wconf 78' lang='grc' dir='ltr'>Πνεῦμα</span> <span class='ocrx_word' id='word_1_604' title='bbox 1993 1787 2135 1824; x_wconf 69' lang='grc' dir='ltr'>ἱ’πάντα</span> <span class='ocrx_word' id='word_1_605' title='bbox 2161 1785 2285 1828; x_wconf 73' lang='grc' dir='ltr'>αὐτοὺς</span> <span class='ocrx_word' id='word_1_606' title='bbox 2305 1784 2388 1824; x_wconf 83' lang='grc' dir='ltr'>ἀνέ-</span> 
     </span>
     <span class='ocr_line' id='line_1_86' title="bbox 1366 1846 2389 1899; baseline -0.001 -14"><span class='ocrx_word' id='word_1_607' title='bbox 1366 1864 1486 1899; x_wconf 88' lang='grc' dir='ltr'>μνησε.</span> <span class='ocrx_word' id='word_1_608' title='bbox 1504 1847 1626 1886; x_wconf 79' lang='grc' dir='ltr'>Πολλὰ</span> <span class='ocrx_word' id='word_1_609' title='bbox 1645 1847 1712 1899; x_wconf 77' lang='grc' dir='ltr'>γὰρ</span> <span class='ocrx_word' id='word_1_610' title='bbox 1730 1848 1840 1895; x_wconf 80' lang='grc' dir='ltr'>εἰκὸς,</span> <span class='ocrx_word' id='word_1_611' title='bbox 1861 1848 1921 1885; x_wconf 82' lang='grc' dir='ltr'>ἅτε</span> <span class='ocrx_word' id='word_1_612' title='bbox 1942 1850 2078 1899; x_wconf 79' lang='grc' dir='ltr'>πρῶτον</span> <span class='ocrx_word' id='word_1_613' title='bbox 2095 1847 2172 1885; x_wconf 87' lang='grc' dir='ltr'>τότε</span> <span class='ocrx_word' id='word_1_614' title='bbox 2189 1846 2389 1894; x_wconf 79' lang='grc' dir='ltr'>ἀκούοντας,</span> 
     </span>
     <span class='ocr_line' id='line_1_87' title="bbox 1365 1908 2390 1960; baseline -0.001 -14"><span class='ocrx_word' id='word_1_615' title='bbox 1365 1909 1423 1947; x_wconf 76' lang='grc' dir='ltr'>καὶ</span> <span class='ocrx_word' id='word_1_616' title='bbox 1438 1909 1613 1951; x_wconf 79' lang='grc' dir='ltr'>τοιούτους</span> <span class='ocrx_word' id='word_1_617' title='bbox 1629 1908 1817 1959; x_wconf 85' lang='grc' dir='ltr'>μέλλοντας</span> <span class='ocrx_word' id='word_1_618' title='bbox 1841 1908 2055 1960; x_wconf 73' lang='grc' dir='ltr'>πειρασμοὺς</span> <span class='ocrx_word' id='word_1_619' title='bbox 2078 1908 2275 1959; x_wconf 78' lang='grc' dir='ltr'>ὑπομένειν,</span> <span class='ocrx_word' id='word_1_620' title='bbox 2300 1909 2390 1945; x_wconf 80' lang='grc' dir='ltr'>ἀπο-</span> 
     </span>
     <span class='ocr_line' id='line_1_88' title="bbox 1366 1968 2389 2022; baseline -0.001 -15"><span class='ocrx_word' id='word_1_621' title='bbox 1366 1970 1509 2007; x_wconf 67' lang='grc' dir='ltr'>ὃάλλειν</span> <span class='ocrx_word' id='word_1_622' title='bbox 1533 1969 1666 2012; x_wconf 82' lang='grc' dir='ltr'>αὐτούς.</span> <span class='ocrx_word' id='word_1_623' title='bbox 1694 1971 1740 2007; x_wconf 85' lang='grc' dir='ltr'>Οἱ</span> <span class='ocrx_word' id='word_1_624' title='bbox 1762 1969 1828 2022; x_wconf 79' lang='grc' dir='ltr'>γὰρ</span> <span class='ocrx_word' id='word_1_625' title='bbox 1848 1970 1933 2021; x_wconf 82' lang='grc' dir='ltr'>πρὸς</span> <span class='ocrx_word' id='word_1_626' title='bbox 1956 1969 2059 2018; x_wconf 77' lang='grc' dir='ltr'>ὕπνον</span> <span class='ocrx_word' id='word_1_627' title='bbox 2092 1968 2389 2021; x_wconf 75' lang='grc' dir='ltr'>καταφερόμενοι,</span> 
     </span>
     <span class='ocr_line' id='line_1_89' title="bbox 1365 2029 2392 2082; baseline -0.003 -13"><span class='ocrx_word' id='word_1_628' title='bbox 1365 2030 1480 2074; x_wconf 80' lang='grc' dir='ltr'>καθὼς</span> <span class='ocrx_word' id='word_1_629' title='bbox 1509 2031 1567 2069; x_wconf 81' lang='grc' dir='ltr'>καὶ</span> <span class='ocrx_word' id='word_1_630' title='bbox 1596 2030 1712 2082; x_wconf 77' lang='grc' dir='ltr'>ἕτερός</span> <span class='ocrx_word' id='word_1_631' title='bbox 1739 2046 1842 2082; x_wconf 79' lang='grc' dir='ltr'>φησιν</span> <span class='ocrx_word' id='word_1_632' title='bbox 1872 2029 2141 2082; x_wconf 79' lang='grc' dir='ltr'>εὐαγγελιστὴς,</span> <span class='ocrx_word' id='word_1_633' title='bbox 2170 2030 2229 2068; x_wconf 85' lang='grc' dir='ltr'>καὶ</span> <span class='ocrx_word' id='word_1_634' title='bbox 2261 2029 2392 2081; x_wconf 81' lang='grc' dir='ltr'>ἀθυμίᾳ</span> 
     </span>
    </p>
   </div>
   <div class='ocr_carea' id='block_1_17' title="bbox 1317 2092 2390 2145">
    <p class='ocr_par' dir='ltr' id='par_1_19' title="bbox 1317 2092 2390 2145">
     <span class='ocr_line' id='line_1_90' title="bbox 1317 2092 2390 2145; baseline -0.001 -14"><span class='ocrx_word' id='word_1_635' title='bbox 1317 2109 1339 2137; x_wconf 90' lang='lat' dir='ltr'>B</span> <span class='ocrx_word' id='word_1_636' title='bbox 1367 2093 1608 2145; x_wconf 81' lang='grc' dir='ltr'>συνεχόμενοι,</span> <span class='ocrx_word' id='word_1_637' title='bbox 1627 2092 1741 2136; x_wconf 82' lang='grc' dir='ltr'>καθὼς</span> <span class='ocrx_word' id='word_1_638' title='bbox 1762 2093 1819 2131; x_wconf 82' lang='grc' dir='ltr'>καὶ</span> <span class='ocrx_word' id='word_1_639' title='bbox 1841 2093 1939 2136; x_wconf 76' lang='grc' dir='ltr'>αὐτὸς</span> <span class='ocrx_word' id='word_1_640' title='bbox 1960 2096 1977 2130; x_wconf 84' lang='grc' dir='ltr'><strong><em>ὃ</em></strong></span> <span class='ocrx_word' id='word_1_641' title='bbox 1997 2093 2148 2145; x_wconf 79' lang='grc' dir='ltr'>Χριστὸς</span> <span class='ocrx_word' id='word_1_642' title='bbox 2165 2092 2278 2142; x_wconf 84' lang='grc' dir='ltr'>λέγει·</span> <span class='ocrx_word' id='word_1_643' title='bbox 2299 2092 2390 2130; x_wconf 88' lang='grc' dir='ltr'>Ἀλλ’</span> 
     </span>
    </p>
   </div>
   <div class='ocr_carea' id='block_1_18' title="bbox 1363 2154 2392 2755">
    <p class='ocr_par' dir='ltr' id='par_1_20' title="bbox 1363 2154 2392 2755">
     <span class='ocr_line' id='line_1_91' title="bbox 1366 2154 2390 2206; baseline 0 -14"><span class='ocrx_word' id='word_1_644' title='bbox 1366 2154 1418 2192; x_wconf 77' lang='grc' dir='ltr'>ὅτι</span> <span class='ocrx_word' id='word_1_645' title='bbox 1446 2159 1557 2192; x_wconf 77' lang='grc' dir='ltr'>ταῦτα</span> <span class='ocrx_word' id='word_1_646' title='bbox 1572 2155 1752 2200; x_wconf 81' lang='grc' dir='ltr'>λελάληκα</span> <span class='ocrx_word' id='word_1_647' title='bbox 1770 2157 1864 2204; x_wconf 74' lang='grc' dir='ltr'>ὑμῖν,</span> <span class='ocrx_word' id='word_1_648' title='bbox 1883 2158 1904 2201; x_wconf 79' lang='grc' dir='ltr'>ἡ</span> <span class='ocrx_word' id='word_1_649' title='bbox 1924 2154 2017 2202; x_wconf 84' lang='grc' dir='ltr'>λύπη</span> <span class='ocrx_word' id='word_1_650' title='bbox 2043 2154 2275 2206; x_wconf 74' lang='grc' dir='ltr'>πεπλήρωκεν</span> <span class='ocrx_word' id='word_1_651' title='bbox 2294 2156 2390 2204; x_wconf 79' lang='grc' dir='ltr'>ὑμῶν</span> 
     </span>
     <span class='ocr_line' id='line_1_92' title="bbox 1367 2215 2392 2267; baseline -0.002 -13"><span class='ocrx_word' id='word_1_652' title='bbox 1367 2215 1429 2263; x_wconf 84' lang='grc' dir='ltr'>τὴν</span> <span class='ocrx_word' id='word_1_653' title='bbox 1446 2215 1610 2267; x_wconf 91' lang='grc' dir='ltr'>καρδίαν·</span> <span class='ocrx_word' id='word_1_654' title='bbox 1626 2218 1700 2259; x_wconf 81' lang='grc' dir='ltr'>πῶς</span> <span class='ocrx_word' id='word_1_655' title='bbox 1714 2215 1753 2253; x_wconf 82' lang='grc' dir='ltr'>ἂν</span> <span class='ocrx_word' id='word_1_656' title='bbox 1773 2219 1883 2253; x_wconf 76' lang='grc' dir='ltr'>ταῦτα</span> <span class='ocrx_word' id='word_1_657' title='bbox 1899 2216 2014 2253; x_wconf 86' lang='grc' dir='ltr'>πάντα</span> <span class='ocrx_word' id='word_1_658' title='bbox 2032 2216 2202 2267; x_wconf 81' lang='grc' dir='ltr'>κατέσχον</span> <span class='ocrx_word' id='word_1_659' title='bbox 2222 2216 2392 2267; x_wconf 67' lang='grc' dir='ltr'>ἀκριὸῶς;</span> 
     </span>
     <span class='ocr_line' id='line_1_93' title="bbox 1368 2270 2391 2328; baseline 0.001 -15"><span class='ocrx_word' id='word_1_660' title='bbox 1368 2277 1415 2314; x_wconf 88' lang='grc' dir='ltr'>Τί</span> <span class='ocrx_word' id='word_1_661' title='bbox 1449 2277 1578 2322; x_wconf 84' lang='grc' dir='ltr'>δήποτε</span> <span class='ocrx_word' id='word_1_662' title='bbox 1612 2270 1668 2313; x_wconf 65' lang='grc' dir='ltr'>οἶν</span> <span class='ocrx_word' id='word_1_663' title='bbox 1701 2276 1859 2327; x_wconf 82' lang='grc' dir='ltr'>ἐλέγετο;</span> <span class='ocrx_word' id='word_1_664' title='bbox 1882 2278 1934 2314; x_wconf 82' lang='grc' dir='ltr'>Οὐ</span> <span class='ocrx_word' id='word_1_665' title='bbox 1962 2277 2086 2328; x_wconf 83' lang='grc' dir='ltr'>μικρὸν</span> <span class='ocrx_word' id='word_1_666' title='bbox 2115 2279 2231 2318; x_wconf 80' lang='grc' dir='ltr'>αὐτοῖς</span> <span class='ocrx_word' id='word_1_667' title='bbox 2260 2276 2391 2326; x_wconf 82' lang='grc' dir='ltr'>ἐγίνετο</span> 
     </span>
     <span class='ocr_line' id='line_1_94' title="bbox 1366 2336 2390 2389; baseline -0.001 -13"><span class='ocrx_word' id='word_1_668' title='bbox 1366 2337 1485 2389; x_wconf 84' lang='grc' dir='ltr'>κέρδος</span> <span class='ocrx_word' id='word_1_669' title='bbox 1509 2339 1555 2380; x_wconf 87' lang='grc' dir='ltr'>εἷς</span> <span class='ocrx_word' id='word_1_670' title='bbox 1574 2336 1635 2383; x_wconf 83' lang='grc' dir='ltr'>τὴν</span> <span class='ocrx_word' id='word_1_671' title='bbox 1657 2338 1810 2388; x_wconf 76' lang='grc' dir='ltr'>Χριστοῦ</span> <span class='ocrx_word' id='word_1_672' title='bbox 1831 2336 1941 2383; x_wconf 81' lang='grc' dir='ltr'>δόξαν,</span> <span class='ocrx_word' id='word_1_673' title='bbox 1960 2336 1999 2374; x_wconf 82' lang='grc' dir='ltr'>τὸ</span> <span class='ocrx_word' id='word_1_674' title='bbox 2017 2340 2134 2389; x_wconf 77' lang='grc' dir='ltr'>σαφῶς</span> <span class='ocrx_word' id='word_1_675' title='bbox 2155 2337 2280 2375; x_wconf 85' lang='grc' dir='ltr'>εἰδέναι</span> <span class='ocrx_word' id='word_1_676' title='bbox 2301 2337 2390 2388; x_wconf 85' lang='grc' dir='ltr'>μετὰ</span> 
     </span>
     <span class='ocr_line' id='line_1_95' title="bbox 1365 2397 2392 2449; baseline -0.001 -12"><span class='ocrx_word' id='word_1_677' title='bbox 1365 2404 1474 2437; x_wconf 78' lang='grc' dir='ltr'>ταῦτα</span> <span class='ocrx_word' id='word_1_678' title='bbox 1491 2397 1863 2449; x_wconf 78' lang='grc' dir='ltr'>ὑπομιμνησκομένους</span> <span class='ocrx_word' id='word_1_679' title='bbox 1876 2428 1885 2444; x_wconf 93' lang='grc'>,</span> <span class='ocrx_word' id='word_1_680' title='bbox 1910 2397 1962 2435; x_wconf 76' lang='grc' dir='ltr'>ὅτι</span> <span class='ocrx_word' id='word_1_681' title='bbox 1978 2402 2089 2436; x_wconf 76' lang='grc' dir='ltr'>ταῦτα</span> <span class='ocrx_word' id='word_1_682' title='bbox 2109 2399 2219 2437; x_wconf 86' lang='grc' dir='ltr'>πάλαι</span> <span class='ocrx_word' id='word_1_683' title='bbox 2237 2399 2392 2445; x_wconf 85' lang='grc' dir='ltr'>ἀκηκοό-</span> 
     </span>
     <span class='ocr_line' id='line_1_96' title="bbox 1365 2454 2391 2512; baseline -0.001 -14"><span class='ocrx_word' id='word_1_684' title='bbox 1365 2476 1421 2503; x_wconf 88' lang='grc' dir='ltr'>τες</span> <span class='ocrx_word' id='word_1_685' title='bbox 1449 2454 1536 2506; x_wconf 69' lang='grc' dir='ltr'>ἧσαν</span> <span class='ocrx_word' id='word_1_686' title='bbox 1567 2458 1663 2510; x_wconf 80' lang='grc' dir='ltr'>παρὰ</span> <span class='ocrx_word' id='word_1_687' title='bbox 1678 2463 1737 2496; x_wconf 77' lang='grc' dir='ltr'>τοῦ</span> <span class='ocrx_word' id='word_1_688' title='bbox 1760 2460 1924 2510; x_wconf 74' lang='grc' dir='ltr'>Χριστοῦ.</span> <span class='ocrx_word' id='word_1_689' title='bbox 1942 2459 2045 2503; x_wconf 87' lang='grc' dir='ltr'>Τίνος</span> <span class='ocrx_word' id='word_1_690' title='bbox 2065 2459 2099 2497; x_wconf 81' lang='grc' dir='ltr'>δὲ</span> <span class='ocrx_word' id='word_1_691' title='bbox 2119 2459 2233 2497; x_wconf 83' lang='grc' dir='ltr'>ἕνεκεν</span> <span class='ocrx_word' id='word_1_692' title='bbox 2255 2475 2391 2512; x_wconf 87' lang='grc' dir='ltr'>προκα-</span> 
     </span>
     <span class='ocr_line' id='line_1_97' title="bbox 1365 2519 2390 2572; baseline 0.001 -14"><span class='ocrx_word' id='word_1_693' title='bbox 1365 2521 1533 2558; x_wconf 61' lang='grc' dir='ltr'>ταὸάλλει</span> <span class='ocrx_word' id='word_1_694' title='bbox 1552 2522 1662 2557; x_wconf 79' lang='grc' dir='ltr'>αὐτῶν</span> <span class='ocrx_word' id='word_1_695' title='bbox 1677 2519 1738 2566; x_wconf 82' lang='grc' dir='ltr'>τὴν</span> <span class='ocrx_word' id='word_1_696' title='bbox 1756 2519 1884 2572; x_wconf 67' lang='grc' dir='ltr'>ψυχὴν,</span> <span class='ocrx_word' id='word_1_697' title='bbox 1900 2520 2021 2571; x_wconf 80' lang='grc' dir='ltr'>λέγων,</span> <span class='ocrx_word' id='word_1_698' title='bbox 2036 2520 2118 2558; x_wconf 67' lang='lat' dir='ltr'>”Eu</span> <span class='ocrx_word' id='word_1_699' title='bbox 2131 2521 2251 2572; x_wconf 73' lang='grc' dir='ltr'>μικρὸν</span> <span class='ocrx_word' id='word_1_700' title='bbox 2267 2520 2390 2572; x_wconf 75' lang='grc' dir='ltr'>χρόνον</span> 
     </span>
     <span class='ocr_line' id='line_1_98' title="bbox 1367 2581 2391 2634; baseline 0.001 -14"><span class='ocrx_word' id='word_1_701' title='bbox 1367 2584 1440 2633; x_wconf 86' lang='grc' dir='ltr'>μεθ’</span> <span class='ocrx_word' id='word_1_702' title='bbox 1461 2584 1558 2632; x_wconf 74' lang='grc' dir='ltr'>ὑμῶν</span> <span class='ocrx_word' id='word_1_703' title='bbox 1580 2583 1675 2631; x_wconf 66' lang='grc' dir='ltr'>εἶμι,</span> <span class='ocrx_word' id='word_1_704' title='bbox 1697 2583 1780 2623; x_wconf 82' lang='grc' dir='ltr'>Τοῖς</span> <span class='ocrx_word' id='word_1_705' title='bbox 1801 2581 1862 2631; x_wconf 78' lang='grc' dir='ltr'>μὲν</span> <span class='ocrx_word' id='word_1_706' title='bbox 1877 2581 1944 2634; x_wconf 77' lang='grc' dir='ltr'>γὰρ</span> <span class='ocrx_word' id='word_1_707' title='bbox 1957 2581 2135 2624; x_wconf 85' lang='grc' dir='ltr'>Ἰουδαίοις</span> <span class='ocrx_word' id='word_1_708' title='bbox 2154 2582 2295 2625; x_wconf 82' lang='grc' dir='ltr'>εἰκότως</span> <span class='ocrx_word' id='word_1_709' title='bbox 2317 2582 2391 2621; x_wconf 81' lang='grc' dir='ltr'>ἐλέ-</span> 
     </span>
     <span class='ocr_line' id='line_1_99' title="bbox 1363 2642 2391 2694; baseline -0.001 -13"><span class='ocrx_word' id='word_1_710' title='bbox 1363 2658 1444 2694; x_wconf 87' lang='grc' dir='ltr'>γετο</span> <span class='ocrx_word' id='word_1_711' title='bbox 1457 2658 1464 2666; x_wconf 87' lang='grc'><em>·</em></span> <span class='ocrx_word' id='word_1_712' title='bbox 1485 2646 1579 2693; x_wconf 66' lang='grc' dir='ltr'>ἡμᾶς</span> <span class='ocrx_word' id='word_1_713' title='bbox 1597 2642 1632 2679; x_wconf 78' lang='grc' dir='ltr'>δὲ</span> <span class='ocrx_word' id='word_1_714' title='bbox 1658 2642 1747 2685; x_wconf 89' lang='grc' dir='ltr'>τίνος</span> <span class='ocrx_word' id='word_1_715' title='bbox 1767 2642 1881 2680; x_wconf 80' lang='grc' dir='ltr'>ἕνεκεν</span> <span class='ocrx_word' id='word_1_716' title='bbox 1901 2642 2024 2689; x_wconf 81' lang='grc' dir='ltr'>ἐπίσης</span> <span class='ocrx_word' id='word_1_717' title='bbox 2046 2644 2092 2685; x_wconf 87' lang='grc' dir='ltr'>εἷς</span> <span class='ocrx_word' id='word_1_718' title='bbox 2111 2642 2173 2688; x_wconf 86' lang='grc' dir='ltr'>τὴν</span> <span class='ocrx_word' id='word_1_719' title='bbox 2198 2643 2306 2689; x_wconf 76' lang='grc' dir='ltr'>αὐτὴν</span> <span class='ocrx_word' id='word_1_720' title='bbox 2325 2642 2391 2681; x_wconf 84' lang='grc' dir='ltr'>τά·-</span> 
     </span>
     <span class='ocr_line' id='line_1_100' title="bbox 1365 2702 2392 2755; baseline -0.002 -13"><span class='ocrx_word' id='word_1_721' title='bbox 1365 2704 1412 2749; x_wconf 83' lang='grc' dir='ltr'>ξιν</span> <span class='ocrx_word' id='word_1_722' title='bbox 1428 2704 1522 2755; x_wconf 80' lang='grc' dir='ltr'>ἄγεις</span> <span class='ocrx_word' id='word_1_723' title='bbox 1537 2703 1677 2746; x_wconf 81' lang='grc' dir='ltr'>ἐκείνοις</span> <span class='ocrx_word' id='word_1_724' title='bbox 1695 2709 1766 2745; x_wconf 87' lang='grc' dir='ltr'>τοῖς</span> <span class='ocrx_word' id='word_1_725' title='bbox 1786 2702 2001 2753; x_wconf 71' lang='grc' dir='ltr'>ἀγνιί)μ.οσιν;</span> <span class='ocrx_word' id='word_1_726' title='bbox 2017 2705 2203 2754; x_wconf 77' lang='grc' dir='ltr'>Οὐδαμῶς.</span> <span class='ocrx_word' id='word_1_727' title='bbox 2218 2704 2289 2741; x_wconf 83' lang='grc' dir='ltr'>Καὶ</span> <span class='ocrx_word' id='word_1_728' title='bbox 2300 2703 2392 2746; x_wconf 86' lang='grc' dir='ltr'>τίνος</span> 
     </span>
    </p>
   </div>
   <div class='ocr_carea' id='block_1_19' title="bbox 1316 2758 2391 2814">
    <p class='ocr_par' dir='ltr' id='par_1_21' title="bbox 1316 2758 2391 2814">
     <span class='ocr_line' id='line_1_101' title="bbox 1367 2758 2316 2787; baseline -0.003 -7"><span class='ocrx_word' id='word_1_729' title='bbox 1367 2766 1383 2780; x_wconf 74' lang='lat' dir='ltr'>el</span> <span class='ocrx_word' id='word_1_730' title='bbox 1508 2759 1527 2780; x_wconf 57' lang='lat' dir='ltr'>&#39;ss</span> <span class='ocrx_word' id='word_1_731' title='bbox 1633 2767 1641 2773; x_wconf 60' lang='grc' dir='ltr'><em>ν</em></span> <span class='ocrx_word' id='word_1_732' title='bbox 1699 2764 1707 2779; x_wconf 60' lang='lat' dir='ltr'>x</span> <span class='ocrx_word' id='word_1_733' title='bbox 1767 2758 1786 2779; x_wconf 67' lang='lat'>‘3&#39;</span> <span class='ocrx_word' id='word_1_734' title='bbox 1911 2770 1923 2775; x_wconf 41' lang='grc' dir='ltr'>κ»</span> <span class='ocrx_word' id='word_1_735' title='bbox 1965 2765 1969 2773; x_wconf 77' lang='lat'>¹</span> <span class='ocrx_word' id='word_1_736' title='bbox 2036 2765 2050 2776; x_wconf 65' lang='lat' dir='ltr'>rx</span> <span class='ocrx_word' id='word_1_737' title='bbox 2080 2764 2088 2777; x_wconf 82' lang='grc'><em>1</em></span> <span class='ocrx_word' id='word_1_738' title='bbox 2150 2779 2157 2786; x_wconf 57' lang='grc'><strong>.</strong></span> <span class='ocrx_word' id='word_1_739' title='bbox 2185 2764 2194 2776; x_wconf 77' lang='lat'>³</span> <span class='ocrx_word' id='word_1_740' title='bbox 2244 2764 2258 2786; x_wconf 61' lang='lat' dir='ltr'><em>g</em></span> <span class='ocrx_word' id='word_1_741' title='bbox 2309 2781 2316 2787; x_wconf 50' lang='grc'><em>“</em></span> 
     </span>
     <span class='ocr_line' id='line_1_102' title="bbox 1316 2765 2391 2814; baseline -0.001 -11"><span class='ocrx_word' id='word_1_742' title='bbox 1316 2780 1338 2809; x_wconf 79' lang='lat' dir='ltr'>C</span> <span class='ocrx_word' id='word_1_743' title='bbox 1365 2781 1476 2804; x_wconf 86' lang='grc' dir='ltr'>ενεκεν</span> <span class='ocrx_word' id='word_1_744' title='bbox 1497 2781 1569 2803; x_wconf 85' lang='grc' dir='ltr'>ειπε</span> <span class='ocrx_word' id='word_1_745' title='bbox 1584 2796 1591 2809; x_wconf 92' lang='grc'>,</span> <span class='ocrx_word' id='word_1_746' title='bbox 1614 2767 1737 2807; x_wconf 64' lang='grc' dir='ltr'>Καθως</span> <span class='ocrx_word' id='word_1_747' title='bbox 1757 2779 1849 2801; x_wconf 90' lang='grc' dir='ltr'>ειπον</span> <span class='ocrx_word' id='word_1_748' title='bbox 1870 2780 1941 2806; x_wconf 89' lang='grc' dir='ltr'>τυις</span> <span class='ocrx_word' id='word_1_749' title='bbox 1974 2765 2158 2810; x_wconf 84' lang='grc' dir='ltr'>Ιουοαιοις,</span> <span class='ocrx_word' id='word_1_750' title='bbox 2190 2767 2391 2814; x_wconf 60' lang='grc' dir='ltr'>Ανεμνησεν</span> 
     </span>
    </p>
   </div>
   <div class='ocr_carea' id='block_1_20' title="bbox 1364 2824 2392 3241">
    <p class='ocr_par' dir='ltr' id='par_1_22' title="bbox 1364 2824 2392 3241">
     <span class='ocr_line' id='line_1_103' title="bbox 1364 2824 2391 2878; baseline -0.002 -14"><span class='ocrx_word' id='word_1_751' title='bbox 1364 2827 1417 2864; x_wconf 74' lang='grc' dir='ltr'>ὅτι</span> <span class='ocrx_word' id='word_1_752' title='bbox 1436 2827 1513 2878; x_wconf 68' lang='grc' dir='ltr'>οὐχὶ</span> <span class='ocrx_word' id='word_1_753' title='bbox 1543 2829 1601 2863; x_wconf 71' lang='grc' dir='ltr'>νῦν</span> <span class='ocrx_word' id='word_1_754' title='bbox 1629 2825 1698 2863; x_wconf 81' lang='grc' dir='ltr'>ἀπὸ</span> <span class='ocrx_word' id='word_1_755' title='bbox 1723 2828 1786 2871; x_wconf 77' lang='grc' dir='ltr'>τῆς</span> <span class='ocrx_word' id='word_1_756' title='bbox 1814 2827 1882 2862; x_wconf 77' lang='grc' dir='ltr'>τῶν</span> <span class='ocrx_word' id='word_1_757' title='bbox 1912 2825 2029 2861; x_wconf 75' lang='grc' dir='ltr'>δεινῶν</span> <span class='ocrx_word' id='word_1_758' title='bbox 2060 2824 2252 2876; x_wconf 82' lang='grc' dir='ltr'>παρουσίας</span> <span class='ocrx_word' id='word_1_759' title='bbox 2281 2830 2391 2863; x_wconf 81' lang='grc' dir='ltr'>ταῦτα</span> 
     </span>
     <span class='ocr_line' id='line_1_104' title="bbox 1365 2884 2392 2940; baseline -0.004 -14"><span class='ocrx_word' id='word_1_760' title='bbox 1365 2887 1548 2940; x_wconf 85' lang='grc' dir='ltr'>προλέγει·</span> <span class='ocrx_word' id='word_1_761' title='bbox 1570 2887 1645 2925; x_wconf 82' lang='grc' dir='ltr'>ἀλλ’</span> <span class='ocrx_word' id='word_1_762' title='bbox 1676 2886 1804 2923; x_wconf 76' lang='grc' dir='ltr'>ἄνωθεν</span> <span class='ocrx_word' id='word_1_763' title='bbox 1833 2884 1922 2922; x_wconf 81' lang='grc' dir='ltr'>αὐτὰ</span> <span class='ocrx_word' id='word_1_764' title='bbox 1951 2884 2117 2936; x_wconf 76' lang='grc' dir='ltr'>προῄδει,</span> <span class='ocrx_word' id='word_1_765' title='bbox 2139 2885 2197 2923; x_wconf 85' lang='grc' dir='ltr'>καὶ</span> <span class='ocrx_word' id='word_1_766' title='bbox 2221 2885 2392 2939; x_wconf 85' lang='grc' dir='ltr'>μάρτυρες</span> 
     </span>
     <span class='ocr_line' id='line_1_105' title="bbox 1367 2945 2391 2998; baseline -0.004 -10"><span class='ocrx_word' id='word_1_767' title='bbox 1367 2949 1461 2988; x_wconf 76' lang='grc' dir='ltr'>αὐτοὶ</span> <span class='ocrx_word' id='word_1_768' title='bbox 1488 2951 1519 2986; x_wconf 84' lang='grc' dir='ltr'>οἱ</span> <span class='ocrx_word' id='word_1_769' title='bbox 1550 2947 1780 2992; x_wconf 78' lang='grc' dir='ltr'>ἀκούσαντες,</span> <span class='ocrx_word' id='word_1_770' title='bbox 1807 2945 1860 2984; x_wconf 78' lang='grc' dir='ltr'>ὅτι</span> <span class='ocrx_word' id='word_1_771' title='bbox 1886 2946 2050 2998; x_wconf 74' lang='grc' dir='ltr'>καὶπρὸς</span> <span class='ocrx_word' id='word_1_772' title='bbox 2078 2946 2263 2990; x_wconf 82' lang='grc' dir='ltr'>Ἰουδαίους</span> <span class='ocrx_word' id='word_1_773' title='bbox 2280 2951 2391 2984; x_wconf 77' lang='grc' dir='ltr'>ταῦτα</span> 
     </span>
     <span class='ocr_line' id='line_1_106' title="bbox 1367 3006 2391 3062; baseline -0.006 -13"><span class='ocrx_word' id='word_1_774' title='bbox 1367 3011 1474 3062; x_wconf 79' lang='grc' dir='ltr'>ἔλεγε.</span> <span class='ocrx_word' id='word_1_775' title='bbox 1492 3010 1555 3047; x_wconf 70' lang='grc' dir='ltr'>Διὸ</span> <span class='ocrx_word' id='word_1_776' title='bbox 1568 3008 1625 3046; x_wconf 78' lang='grc' dir='ltr'>καὶ</span> <span class='ocrx_word' id='word_1_777' title='bbox 1641 3007 1833 3059; x_wconf 85' lang='grc' dir='ltr'>προσέθηκε</span> <span class='ocrx_word' id='word_1_778' title='bbox 1851 3007 1890 3044; x_wconf 85' lang='grc' dir='ltr'>τὸ</span> <span class='ocrx_word' id='word_1_779' title='bbox 1906 3035 1914 3051; x_wconf 87' lang='grc'>,</span> <span class='ocrx_word' id='word_1_780' title='bbox 1930 3006 2061 3044; x_wconf 84' lang='grc' dir='ltr'>Τεκνία</span> <span class='ocrx_word' id='word_1_781' title='bbox 2073 3022 2080 3030; x_wconf 88' lang='grc'><em>·</em></span> <span class='ocrx_word' id='word_1_782' title='bbox 2099 3007 2154 3044; x_wconf 78' lang='grc' dir='ltr'>ἵνα</span> <span class='ocrx_word' id='word_1_783' title='bbox 2170 3007 2391 3052; x_wconf 79' lang='grc' dir='ltr'>ἀκούσαντες,</span> 
     </span>
     <span class='ocr_line' id='line_1_107' title="bbox 1367 3064 2391 3118; baseline -0.005 -8"><span class='ocrx_word' id='word_1_784' title='bbox 1367 3071 1491 3114; x_wconf 80' lang='grc' dir='ltr'>Καθὼς</span> <span class='ocrx_word' id='word_1_785' title='bbox 1520 3064 1613 3108; x_wconf 63' lang='grc' dir='ltr'>εἶπον</span> <span class='ocrx_word' id='word_1_786' title='bbox 1645 3073 1715 3110; x_wconf 85' lang='grc' dir='ltr'>τοῖς</span> <span class='ocrx_word' id='word_1_787' title='bbox 1748 3067 1950 3112; x_wconf 84' lang='grc' dir='ltr'>Ἰουδαίοις,</span> <span class='ocrx_word' id='word_1_788' title='bbox 1987 3067 2033 3117; x_wconf 83' lang='grc' dir='ltr'>μὴ</span> <span class='ocrx_word' id='word_1_789' title='bbox 2061 3067 2119 3104; x_wconf 84' lang='grc' dir='ltr'>καὶ</span> <span class='ocrx_word' id='word_1_790' title='bbox 2152 3067 2237 3118; x_wconf 80' lang='grc' dir='ltr'>πρὸς</span> <span class='ocrx_word' id='word_1_791' title='bbox 2270 3066 2391 3109; x_wconf 73' lang='grc' dir='ltr'>αὐτοὺς</span> 
     </span>
     <span class='ocr_line' id='line_1_108' title="bbox 1367 3127 2390 3183; baseline -0.007 -12"><span class='ocrx_word' id='word_1_792' title='bbox 1367 3132 1492 3183; x_wconf 80' lang='grc' dir='ltr'>ὁμοίιος</span> <span class='ocrx_word' id='word_1_793' title='bbox 1513 3133 1669 3183; x_wconf 75' lang='grc' dir='ltr'>εἰρῆσθαι</span> <span class='ocrx_word' id='word_1_794' title='bbox 1697 3129 1735 3167; x_wconf 77' lang='grc' dir='ltr'>τὸ</span> <span class='ocrx_word' id='word_1_795' title='bbox 1766 3127 1944 3181; x_wconf 80' lang='grc' dir='ltr'>εἰρημένον</span> <span class='ocrx_word' id='word_1_796' title='bbox 1967 3128 2167 3178; x_wconf 84' lang='grc' dir='ltr'>νομίσωσιν.</span> <span class='ocrx_word' id='word_1_797' title='bbox 2197 3130 2250 3166; x_wconf 86' lang='grc' dir='ltr'>Οὐ</span> <span class='ocrx_word' id='word_1_798' title='bbox 2278 3143 2390 3165; x_wconf 88' lang='grc' dir='ltr'>κατα-</span> 
     </span>
     <span class='ocr_line' id='line_1_109' title="bbox 1368 3187 2389 3241; baseline -0.006 -10"><span class='ocrx_word' id='word_1_799' title='bbox 1368 3194 1506 3232; x_wconf 69' lang='grc' dir='ltr'>ὅάλλων</span> <span class='ocrx_word' id='word_1_800' title='bbox 1522 3191 1634 3230; x_wconf 90' lang='grc' dir='ltr'>τοίνυν</span> <span class='ocrx_word' id='word_1_801' title='bbox 1660 3189 1799 3238; x_wconf 76' lang='grc' dir='ltr'>αὐτοὺς,</span> <span class='ocrx_word' id='word_1_802' title='bbox 1826 3190 1916 3227; x_wconf 82' lang='grc' dir='ltr'>ἀλλὰ</span> <span class='ocrx_word' id='word_1_803' title='bbox 1953 3188 2260 3241; x_wconf 83' lang='grc' dir='ltr'>παραμυθούμενος</span> <span class='ocrx_word' id='word_1_804' title='bbox 2279 3187 2389 3226; x_wconf 74' lang='grc' dir='ltr'>ταῦτά</span> 
     </span>
    </p>
   </div>
   <div class='ocr_carea' id='block_1_21' title="bbox 1423 3319 2322 3419">
    <p class='ocr_par' dir='ltr' id='par_1_23' title="bbox 1423 3319 2322 3419">
     <span class='ocr_line' id='line_1_110' title="bbox 1424 3319 2322 3370; baseline -0.01 -10"><span class='ocrx_word' id='word_1_805' title='bbox 1424 3328 1438 3344; x_wconf 67' lang='grc'>*</span> <span class='ocrx_word' id='word_1_806' title='bbox 1457 3328 1519 3369; x_wconf 83' lang='grc' dir='ltr'>[καὶ</span> <span class='ocrx_word' id='word_1_807' title='bbox 1536 3330 1588 3369; x_wconf 76' lang='grc' dir='ltr'>οὐχ</span> <span class='ocrx_word' id='word_1_808' title='bbox 1603 3328 1741 3370; x_wconf 66' lang='grc' dir='ltr'>εὑρήσετε</span> <span class='ocrx_word' id='word_1_809' title='bbox 1756 3334 1795 3355; x_wconf 79' lang='lat' dir='ltr'>ex</span> <span class='ocrx_word' id='word_1_810' title='bbox 1807 3322 1920 3354; x_wconf 77' lang='lat' dir='ltr'>Bibliis</span> <span class='ocrx_word' id='word_1_811' title='bbox 1937 3320 2067 3354; x_wconf 86' lang='lat' dir='ltr'>addunt</span> <span class='ocrx_word' id='word_1_812' title='bbox 2081 3322 2185 3354; x_wconf 84' lang='lat' dir='ltr'>nostri</span> <span class='ocrx_word' id='word_1_813' title='bbox 2196 3319 2322 3362; x_wconf 53' lang='lat' dir='ltr'>Codri]</span> 
     </span>
     <span class='ocr_line' id='line_1_111' title="bbox 1423 3378 1989 3419; baseline -0.011 -6"><span class='ocrx_word' id='word_1_814' title='bbox 1423 3390 1436 3403; x_wconf 69' lang='lat'>¹¹</span> <span class='ocrx_word' id='word_1_815' title='bbox 1455 3378 1513 3410; x_wconf 73' lang='lat' dir='ltr'>Alii</span> <span class='ocrx_word' id='word_1_816' title='bbox 1537 3384 1636 3412; x_wconf 76' lang='grc' dir='ltr'>πάντα</span> <span class='ocrx_word' id='word_1_817' title='bbox 1649 3380 1861 3419; x_wconf 77' lang='grc' dir='ltr'>ὑπεμίμνησκε.</span> <span class='ocrx_word' id='word_1_818' title='bbox 1881 3378 1989 3409; x_wconf 64' lang='grc' dir='ltr'>πολλός.</span> 
     </span>
    </p>
   </div>
  </div>
 </body>
</html>
