2481 3678
795 191 836 220 lN
879 190 1087 220 ιοΛΝΝΕΜ
1122 190 1277 220 nonni..
1319 190 1363 218 tl.
1404 172 1463 220 al.
1507 191 1537 218 t.

120 273 269 311 ἐντεῦθεν
301 274 358 312 τὸν
389 272 509 317 ἔξωθεν
544 270 824 323 ἀπορῥυψώμεθα
861 271 979 323 ῥύπον.
1011 269 1071 308 Ἂν
1104 271 1139 308 δὲ

121 334 303 384 μέλλωμεν
324 334 383 372 καὶ
397 336 439 384 τῇ
459 338 566 385 μικρᾷ
582 331 688 383 ταύτῃ
716 333 825 383 σχολῇ
851 332 919 369 ἀπὸ
949 334 1017 369 τῶν
1047 329 1063 350 ¹²
1076 330 1140 374 ἔξω

118 394 312 444 λεγομένων
328 393 349 440 ἢ
366 392 612 446 πραττομένων
629 392 875 443 λυμαίνεσθαι,
898 392 1030 443 βέλτιον
1053 391 1140 443 μηδὲ

122 457 281 493 εἰσελθεῖν
297 453 358 500 τὴν
376 453 500 506 ἀρχήν.
518 456 579 500 Μη
588 453 650 497 δεὶς
664 457 842 507 τοιγαροῦν
860 457 892 492 ἐν
916 453 1083 504 ἐκκλησίᾳ
1096 452 1141 491 τὰ

121 514 212 552 κατὰ
226 513 287 561 τὴν
304 513 414 552 οἰκίαν
434 515 611 564 μελετάτω
623 545 631 561 ,
650 513 740 552 ἀλλὰ
755 514 815 552 καὶ
831 516 864 552 ἐν
884 513 976 567 οἰκίᾳ
994 513 1038 551 τὰ
1052 513 1142 551 κατὰ

120 574 183 621 τὴν
205 574 392 621 ἐκκλησίαν
412 574 562 613 κινείτω.
586 575 734 612 Πάντων
752 579 836 625 ἡμῖν
855 575 943 612 ἔστω
959 578 1069 612 ταῦτα
1088 590 1143 612 τι-

122 635 287 687 μιώτερα.
304 638 379 682 Τῆς
400 636 596 689 γὰρξψυχῆς
616 635 727 674 ταῦτά
741 637 815 674 ἔστι
828 666 838 683 ,
856 640 915 674 τοῦ
930 634 1092 686 σώματος
1108 635 1143 673 δὲ

120 699 233 734 ἐκεῖνα
249 711 256 719 ·
280 699 410 747 μᾶλλον
440 697 475 735 δὲ
500 697 559 735 καὶ
589 695 727 748 σώματι
745 696 805 735 καὶ
825 698 918 748 ψυγῇ
938 696 982 734 τὰ
999 699 1144 734 ἐνταῦθα

119 757 290 809 λεγόμενα
311 757 474 809 διαφέρει.
495 758 562 796 Διὰ
587 761 687 795 τοῦτο
711 761 821 795 ταῦτα
842 757 903 807 μὲν
936 757 1024 796 ἔστω
1057 774 1144 811 ‘repo‘

119 818 294 869 ηγούμενα
309 818 411 870 ἔργα,
430 818 589 871 πάρεργα
606 817 641 856 δὲ
661 817 800 856 ἅπαντα
826 816 870 855 τὰ
900 817 1001 855 ἄλλα.
1023 819 1056 855 Τ
1059 821 1146 856 αῧτα

124 878 186 930 μὲν
203 878 271 932 γὰρ
300 879 359 917 καὶ
385 882 447 925 τῆς
481 879 672 930 μελλούσης
699 878 759 917 καὶ
787 882 850 925 τῆς
878 878 1054 931 παρούσης
1073 879 1148 917 ἐστὶ

122 942 231 986 ζωῆς·
253 942 367 978 ἐκεῖνα
396 940 431 977 δὲ
459 941 529 978 οὐδ’
559 939 699 991 ἐτέρας,
722 939 780 977 ἐὰν
805 939 853 990 μὴ
874 939 964 978 κατὰ
978 940 1035 978 τὸν
1060 939 1146 992 ὑπὲρ

119 1001 249 1040 τούτων
271 1001 411 1040 τεθέντα
433 1003 605 1049 διοικῆται
624 1001 744 1053 νόμον.
770 1003 823 1040 Οὔ
844 1001 911 1054 γὰρ
931 1002 972 1049 δὴ
992 1002 1093 1053 μόνον
1112 1003 1147 1040 τί

124 1062 216 1113 μετὰ
241 1069 350 1102 ταῦτα
370 1064 518 1115 ἐσόμεθα
535 1094 544 1112 ,
561 1063 620 1102 καὶ
635 1065 710 1108 πῶς
724 1062 801 1100 τότε
821 1063 997 1114 ζησόμεθα
1011 1094 1020 1112 ,
1037 1065 1148 1102 ἐντεῦ-

123 1129 177 1163 θεν
193 1125 265 1163 ἔστι
284 1130 403 1176 μαθεῖν
420 1126 535 1177 μόνον,
563 1125 653 1164 ἀλλὰ
678 1129 752 1170 πῶς
771 1125 900 1164 καὶτὸν
921 1125 1078 1177 παρόντα
1092 1128 1147 1164 οἷ-

123 1187 361 1238 κονομήσομεν
381 1187 465 1238 βίον.
483 1189 648 1240 Ἰατρεῖον
663 1187 731 1239 γὰρ
745 1190 762 1224 ὃ
778 1180 868 1230 οἶκος
882 1191 896 1207 ⁶
911 1180 1007 1230 οὗτος
1024 1186 1149 1233 ἕστηκε

123 1247 369 1297 πνευματικὸν,
389 1247 443 1285 ἵνα
466 1248 553 1299 ἅπερ
572 1247 611 1285 ἂν
633 1247 797 1298 λάὸωμεν
815 1247 936 1291 ἔξωθεν
951 1246 1147 1300 τραύματα,

125 1310 277 1346 ἐντεῦθεν
298 1308 564 1361 θεραπεύσωμεν
582 1324 590 1332 ·
619 1311 683 1360 οὐχ
701 1307 756 1346 ἵνα
772 1308 831 1346 καὶ
851 1311 1002 1346 ἐντεῦθεν
1029 1308 1147 1347 συλλέ-

126 1370 242 1414 ξαντες
257 1369 358 1421 ἔτερα
369 1401 378 1417 ,
396 1370 504 1413 οὕτως
521 1370 679 1421 ἀπίωμεν
713 1368 773 1408 Ἂν
787 1370 854 1424 γὰρ
869 1375 928 1408 τοῦ
946 1370 1149 1420 Πνεύματος

124 1435 209 1481 ἡμῖν
226 1435 285 1468 τοῦ
307 1430 406 1482 ἁγίου
429 1431 671 1482 διαλεγομένου
694 1430 742 1482 μὴ
763 1431 1005 1483 προσέχωμεν,
1025 1433 1063 1468 οὗ
1087 1431 1149 1481 μό-

125 1508 179 1530 νον
204 1491 274 1530 ῧτὰ
293 1491 445 1545 πρότερα
466 1494 526 1530 οὐκ
552 1491 834 1541 ἀπολουσόμεθα,
856 1491 946 1529 ἀλλὰ
967 1492 1027 1529 καὶ
1048 1492 1149 1543 ἕτερα

124 1552 408 1606 προσληψόμεθα.
438 1552 675 1604 Προσέχωμεν
704 1551 816 1589 τοίνυν
842 1554 892 1603 τῷ
916 1552 1040 1604 βιὸλίῳ
1061 1554 1149 1604 μετὰ

123 1615 255 1659 πολλῆς
268 1617 330 1660 τῆς
347 1615 496 1659 σπουδῆς
516 1616 599 1663 ἡμῖν
618 1613 951 1666 ἀνακαλυπτομένῳ.
975 1613 1065 1652 Οὐδὲ
1082 1614 1149 1668 γὰρ

123 1677 255 1721 πολλῆς
276 1674 470 1726 δεησόμεθα
484 1674 603 1713 λοιπὸν
620 1674 864 1726 πραγματείας
877 1705 886 1723 ,
903 1674 942 1712 ἂν
961 1674 1023 1720 τὰς
1038 1675 1150 1729 ἀρχὰς

124 1735 183 1773 καὶ
200 1735 376 1779 ὑποθέσεις
399 1735 486 1786 μετὰ
508 1735 687 1787 ἀκριὸείας
709 1736 891 1787 μάθωμεν·
914 1736 1003 1775 ἀλλὰ
1027 1737 1148 1790 μικρὸν

126 1799 160 1835 ἐν
194 1796 387 1850 προοιμίοις
420 1796 625 1841 πονέσαντες
640 1828 650 1845 ,
685 1796 903 1848 δυνησόμεθα
935 1801 995 1836 τοῦ
1026 1800 1148 1837 λοιποῦ

125 1857 215 1897 κατὰ
235 1857 291 1896 τὸν
311 1859 450 1896 Παῦλον
478 1858 538 1895 καὶ
561 1858 686 1901 ἄλλους
704 1862 885 1897 νουθετεῖν.
915 1858 1056 1913 Σφόδρα
1082 1861 1148 1913 γάρ

125 1922 216 1958 ἐστιν
249 1920 377 1971 ὑψηλὸς
407 1923 424 1957 ὁ
454 1920 644 1963 ἀπόστολος
664 1912 781 1969 οὗτος,
808 1920 868 1958 καὶ
893 1922 1030 1959 πολλῶν
1050 1921 1151 1974 γέμει

127 1981 322 2033 δογμάτων,
337 1983 395 2020 καὶ
419 1981 553 2026 τούτοις
574 1981 780 2034 ἐνδιατρίὸει
802 1984 933 2033 μᾶλλον
955 1981 978 2030 ἢ
1010 1984 1148 2035 ἑτέροις.

126 2043 188 2090 Μὴ
206 2043 246 2090 δὴ
267 2043 450 2096 παρέργως
465 2043 656 2094 ἀκούωμεν.
678 2043 747 2081 Διὰ
765 2047 865 2082 τοῦτο
879 2043 947 2096 γὰρ
968 2048 1070 2096 ἡμεῖς
1090 2045 1150 2083 καὶ

126 2104 216 2144 κατὰ
242 2105 363 2156 μικρὸν
386 2104 598 2156 ἐξηγούμεθα
613 2135 622 2152 ,
641 2103 731 2144 ὥστε
758 2107 838 2156 ὑμῖν
858 2104 1013 2153 εὔληπτα
1034 2106 1148 2145 πάντα

125 2166 283 2218 γενέσθαι
300 2166 359 2204 καὶ
391 2166 438 2217 μὴ
460 2167 634 2218 διαφυγεῖν
658 2166 721 2213 τὴν
752 2166 906 2218 μνήμην.
926 2168 1148 2219 Φοὸηθῶμεν

125 2228 235 2266 τοίνυν
256 2228 390 2279 μήποτε
408 2227 587 2279 γενώμεθα
605 2231 666 2274 τῆς
682 2232 796 2280 φωνῆς
820 2228 950 2276 ἐκείνης
969 2229 1148 2268 ὑπεύθυνοι

124 2293 186 2337 τῆς
213 2290 379 2342 λεγούσης
394 2306 402 2314 ·
438 2292 482 2328 Εἰ
516 2290 564 2341 μὴ
599 2284 702 2337 ἦλθον
736 2291 795 2329 καὶ
827 2291 982 2338 ἐλάλησα
1015 2293 1148 2341 αὐτοῖς,

125 2352 299 2404 ἁμαρτίαν
317 2355 379 2390 οὒκ
409 2346 513 2405 εἶχον.
529 2351 577 2389 Τί
595 2351 663 2404 γὰρ
683 2352 802 2404 ἕξομεν
822 2356 889 2390 τῶν
911 2355 972 2391 οὐκ
993 2354 1146 2401 ἀκηκοό-

124 2432 192 2454 των
211 2415 327 2463 πλέον,
344 2414 424 2453 ὅταν
441 2414 501 2453 καὶ
523 2414 611 2465 μετὰ
630 2414 692 2462 τὴν
716 2415 881 2467 ἀκρόασιν
906 2415 1012 2466 μηδὲν
1032 2415 1149 2454 οἴκαδε

125 2476 330 2527 ἀπέλθωμεν
355 2476 512 2528 ἔχοντες,
545 2475 635 2514 ἀλλὰ
655 2476 886 2526 θαυμάζοντες
916 2474 961 2514 τὰ
984 2476 1149 2529 εἰρημένα

128 2537 250 2588 μόνον,
283 2537 370 2574 Δότε
395 2536 505 2574 τοίνυν
533 2541 631 2587 ἡμῖν,
663 2538 710 2579 εἷς
731 2535 862 2588 ἀγαθὴν
891 2543 1031 2591 σπεῖραι
1062 2541 1148 2589 γῆν·

127 2598 223 2645 δότε,
257 2597 312 2635 ἵνα
341 2601 436 2648 ἡμᾶς
463 2596 702 2643 ἐπισπάσησθε
734 2596 908 2646 μειζόνως.
937 2598 1006 2636 Καὶ
1038 2598 1069 2636 εἴ
1097 2614 1148 2641 τις

128 2658 281 2702 ἀκάνθας
297 2657 369 2710 ἔχει
381 2689 390 2705 ,
409 2658 449 2696 τὸ
467 2661 535 2709 π’ὗρ
553 2657 726 2709 ἐπαφιέτω
741 2662 800 2695 τοῦ
820 2657 1032 2708 Πνεύματος·
1050 2658 1083 2696 εἴ
1096 2675 1148 2701 τις

126 2718 280 2772 σκληρὰν
312 2718 371 2756 καὶ
407 2718 784 2770 ἀντίτυπονΤκαρδίαν,
817 2718 969 2771 λιπαρὰν
1006 2719 1148 2758 ποιείτω

127 2780 232 2827 αὐτὴν
253 2780 312 2818 καὶ
340 2780 477 2827 ἁπαλὴν
497 2783 547 2832 τῷ
576 2782 668 2832 αὐτῷ
690 2779 893 2833 ι’χρώμενος
919 2780 1013 2833 πυρί.
1033 2780 1081 2819 Εἴ
1098 2798 1150 2825 τις

126 2840 217 2879 κατὰ
241 2840 304 2883 τὰς
323 2840 418 2884 ὁδοὺς
436 2841 504 2879 ὑπὸ
526 2841 665 2879 πάντων
693 2847 855 2879 πατεῑται
871 2844 938 2879 τῶν
957 2842 1147 2893 λογισμῶν,

126 2903 212 2955 πρὸς
229 2901 274 2939 τὰ
291 2902 451 2953 ἐνδότερα
468 2901 584 2940 εἰσίτω
597 2933 606 2949 ,
621 2902 680 2940 καὶ
699 2901 747 2952 μὴ
762 2901 957 2954 προκείσθω
976 2909 1046 2946 τοῖς
1063 2904 1147 2953 βου-

125 2964 281 3013 λομένοις
314 2967 361 3008 εἷς
397 2964 557 3016 ἁρπαγὴν
590 2964 741 3011 ἐπιέναι,
768 2963 824 3001 ἵνα
856 2967 1018 3014 κομῶντα
1052 2966 1147 3014 ὑμῶν

125 3025 253 3076 ἴδωμεν
272 3024 316 3064 τὰ
337 3026 432 3072 λήϊα.
451 3026 519 3064 Καὶ
534 3025 603 3078 γὰρ
627 3025 667 3063 ἂν
687 3024 794 3069 οὕτως
815 3027 944 3063 ἑαυτῶν
968 3024 1145 3075 ἐπιμελώ-

130 3090 235 3137 μεθα,
256 3086 317 3125 καὶ
345 3086 432 3137 μετὰ
461 3086 661 3138 φιλοπονίας
681 3089 744 3133 τῆς
766 3085 962 3139 ἀκροάσεως
983 3084 1146 3138 ἐχώμεθα

174 3223 191 3244 ¹¹
216 3223 283 3261 ἔξω,
301 3217 436 3261 quidam
454 3222 568 3257 ἔξωθεν-

173 3280 186 3295 e
211 3269 312 3303 Sat-il.
332 3270 412 3307 οὗτος
429 3275 488 3304 ἐστι
499 3296 506 3310 ,
524 3276 557 3300 et
573 3268 672 3311 paulo
687 3276 764 3310 post
779 3272 906 3303 ἐνταῦθα
922 3278 982 3310 pt'o
997 3272 1135 3302 ἐντεῦθεν.

132 3322 249 3365 [Paulo
262 3330 338 3354 ante
355 3331 413 3360 πῶς
430 3327 478 3355 καὶ
495 3328 544 3355 τὸν
558 3328 695 3366 παρόντα.
711 3320 812 3355 Savil.
827 3326 880 3355 Καὶ
895 3330 955 3359 πῶς
966 3337 994 3356 τ.
1005 3337 1037 3356 π.
1049 3319 1134 3354 Cod.

134 3377 209 3408 706.
231 3373 393 3407 Articulus
408 3373 523 3406 aberat
541 3385 557 3405 a
574 3372 711 3414 Montf]

2144 192 2194 237 ¹7

1218 269 1372 307 externis
1385 269 1456 306 illis
1466 269 1572 307 dictis
1586 277 1619 306 et
1632 268 1737 319 gestis
1751 268 1969 317 labefactare,
1979 271 2103 307 melius
2112 280 2200 308 esset

1219 330 1263 368 ab
1278 331 1436 382 ingressu
1450 344 1595 383 prorsus
1609 329 1832 367 abstinuisse.
1844 331 1958 367 Nemo
1973 330 2082 379 igitur
2098 332 2132 368 in
2146 346 2200 369 ec-

1220 392 1324 429 clesia
1350 405 1403 429 res
1426 391 1638 429 domesticas
1660 390 1778 428 animo
1798 400 1930 439 verset3
1948 390 2011 428 sed
2030 391 2124 428 domi
2149 407 2202 430 res

1219 452 1372 489 ecclesia·
1392 452 1530 503 cogitet.
1547 452 1631 489 Haee
1658 451 1793 489 cceleris
1818 451 1983 488 omnibus
2005 452 2106 488 nobis
2133 453 2203 489 sint

1219 513 1438 565 pretiosiora.
1457 514 1541 552 Haec
1560 513 1655 551 enim
1671 513 1715 550 ad
1731 512 1897 561 animam,
1912 513 1973 550 illa
2003 513 2047 550 ad
2077 527 2203 565 empus

1217 575 1413 627 pertinent3
1442 575 1514 613 imo
1549 589 1626 626 quae
1657 573 1718 612 hic
1746 573 1913 611 dicuntur
1943 584 1975 612 et
2005 575 2143 626 corpori
2171 585 2204 612 et

1218 637 1345 673 animae
1358 636 1661 688 (·ompetunt.1deo
1673 635 1750 672 haec
1765 635 1863 686 quasi
1876 635 2052 687 praecipua
2061 645 2205 673 tracten-

1219 706 1290 747 tur,
1308 697 1377 734 alia
1395 698 1513 735 omnia
1525 697 1772 749 perfunctorie.
1790 697 1874 734 Haec
1889 697 2020 749 quippe
2032 707 2065 735 et
2078 698 2204 736 sutura:

1220 767 1253 795 et
1271 758 1454 810 praesentis
1467 759 1550 796 vitae
1572 767 1652 796 sunt
1660 773 1670 807 5
1693 758 1753 794 illa
1777 757 1823 794 ad
1842 767 2000 795 neutram
2014 759 2203 810 pertinent,

1221 819 1289 857 nisi
1314 819 1508 857 secundum
1540 820 1652 871 legem
1673 819 1718 857 de
1744 819 1800 856 his
1830 820 1981 871 positam
2003 830 2203 857 tractentur.

1222 883 1300 919 Non
1333 882 1428 919 euim
1458 882 1573 919 solum
1601 882 1661 933 qui
1692 890 1771 934 post
1798 881 1873 918 haee
1895 881 2003 918 futuri
2029 882 2153 929 simus,
2173 891 2207 919 et

1222 944 1400 995 quomodo
1420 945 1495 982 illic
1518 945 1695 993 vivemus,
1714 944 1773 981 hic
1791 943 2002 993 ediscim1153
2017 944 2077 981 sed
2100 944 2205 982 ctiam

1220 1021 1289 1057 qua
1306 1006 1439 1044 ratione
1457 1006 1518 1043 hie
1536 1007 1639 1044 nobis
1658 1006 1702 1043 sit
1716 1005 1922 1045 vivendum.
1940 1007 2031 1043 Nam
2047 1005 2204 1043 medica—

1220 1077 1422 1105 mentorum
1451 1068 1593 1106 officina
1615 1067 1811 1119 spiritualis
1833 1066 1958 1104 domus
1981 1066 2056 1104 haec
2075 1076 2145 1115 est3
2168 1076 2206 1104 ut

1220 1143 1297 1180 quae
1314 1130 1463 1168 vulnera
1476 1129 1562 1167 foris
1576 1128 1781 1180 accipimus,
1794 1128 1853 1165 hic
1868 1142 2047 1177 curemus,
2062 1142 2129 1165 non
2146 1142 2207 1164 au-

1221 1199 1290 1228 tem
1319 1200 1357 1228 ut
1384 1191 1443 1228 hic
1470 1191 1550 1228 aliis
1577 1190 1730 1242 acceptis
1758 1189 1967 1228 vulneribus
1990 1189 2205 1226 recedamus.

1221 1252 1315 1288 Nam
1334 1251 1362 1289 si
1395 1251 1548 1303 Spiritui
1580 1260 1698 1288 sancto
1730 1265 1792 1287 nos
1813 1250 2004 1300 alloquenti
2030 1264 2100 1288 non
2131 1250 2207 1288 ani-

1222 1328 1321 1351 mum
1347 1313 1591 1362 adhibeamus,
1612 1327 1681 1350 non
1705 1313 1811 1349 modo
1828 1312 1945 1364 priora
1966 1321 2110 1363 peccata
2137 1326 2207 1350 non

1222 1619 1375 1656 cerimus
1395 1635 1402 1655 ε
1424 1619 1485 1656 sed
1504 1618 1534 1655 si
1556 1618 1736 1655 tantillum
1753 1618 1853 1655 initio
1868 1618 2000 1655 laboris
2015 1620 2207 1671 susceperi-

1222 1695 1317 1730 mus,
1333 1681 1421 1719 alios
1435 1680 1562 1718 deinde
1578 1679 1770 1717 seeundum
1787 1680 1941 1718 Paulum
1960 1695 2101 1718 monere
2114 1690 2208 1733 pote-

1221 1742 1344 1780 rimus.
1362 1743 1430 1779 Hic
1455 1755 1608 1792 namque
1627 1741 1807 1793 apostolus
1826 1742 2021 1780 admodum
2046 1744 2210 1782 sublimis

1222 1813 1285 1853 est,
1303 1804 1493 1855 multisque
1514 1804 1639 1855 plenus
1657 1802 1898 1854 dogmatibus,
1922 1804 1957 1842 in
1987 1805 2117 1855 quibus
2136 1819 2209 1842 ma-

1223 1863 1278 1915 gis
1288 1873 1463 1912 versatur,
1484 1877 1592 1913 quam
1617 1862 1650 1899 in
1672 1862 1762 1899 aliis.
1781 1863 1847 1907 Ne,
1862 1877 1994 1913 quaeso,
2012 1865 2210 1915 perfuncto—

1222 1925 1276 1963 rie
1294 1925 1494 1962 audiamus.
1511 1924 1594 1961 ldeo
1608 1924 1701 1960 enim
1721 1938 1784 1961 nos
1799 1925 1973 1976 paulatim
1992 1925 2068 1962 hece
2089 1926 2209 1977 expli-

1224 2001 1359 2034 camus,
1377 1995 1416 2023 ut
1443 1986 1546 2023 vobis
1569 1995 1676 2037 captu
1704 1986 1823 2023 facilia
1844 1986 1962 2023 omnia
1982 1986 2063 2035 sint,
2081 2002 2144 2025 nec
2167 2002 2211 2025 ex

1224 2048 1394 2085 memoria
1409 2047 1565 2084 effluant.
1583 2047 1791 2084 Timeamus
1807 2060 1904 2098 erge,
1921 2061 1964 2084 nc
1978 2062 2022 2084 ex
2042 2048 2210 2087 sententia

1223 2108 1285 2146 illa
1302 2107 1471 2161 culpandi
1495 2107 1620 2158 simus,
1636 2122 1707 2158 qua
1729 2107 1816 2145 dicit
1835 2124 1842 2144 ;
1860 2109 1900 2145 Si
1923 2122 2000 2145 non
2019 2112 2210 2148 venissem
2225 2128 2315 2155 Jmm.
2339 2126 2384 2155 ,5,

1224 2179 1260 2207 et
1286 2171 1467 2222 loquutus
1483 2170 1650 2221 fuissem
1681 2171 1748 2219 eis,
1769 2178 1966 2221 peccalum
1988 2184 2064 2207 non
2094 2173 2210 2208 habe·
2225 2177 2274 2196 ²2·

1223 2243 1318 2272 rent.
1337 2231 1435 2279 Quid
1451 2232 1532 2284 plus
1552 2230 1774 2279 habebimus,
1791 2245 1897 2282 quam
1917 2231 1940 2268 ii
1956 2231 2017 2281 qui
2040 2232 2130 2269 nihil
2149 2247 2210 2269 au-

1223 2293 1379 2342 dierunt,
1390 2293 1531 2344 quando
1548 2301 1626 2344 post
1642 2291 1845 2329 concionem
1860 2291 1949 2328 nihil
1963 2292 2110 2329 domum
2124 2293 2210 2329 refe-

1223 2369 1352 2405 remus,
1372 2354 1434 2393 sed
1457 2354 1567 2393 verba
1596 2362 1733 2391 tantum
1760 2352 1879 2389 mirati
1904 2353 2099 2390 fuerimus?
2121 2354 2211 2391 Date

1224 2416 1326 2453 nobis
1343 2415 1463 2466 igitur,
1480 2423 1518 2451 ut
1535 2414 1570 2450 in
1585 2414 1718 2450 bonam
1731 2421 1861 2449 terram
1877 2426 1992 2449 semen
2009 2413 2184 2464 jaciamus
2200 2431 2207 2450 :

1222 2476 1315 2524 date,
1332 2485 1370 2512 ut
1391 2489 1453 2512 nos
1467 2476 1581 2525 magis
1595 2472 1792 2510 attrahatis.
1808 2471 1854 2509 Et
1869 2472 1898 2510 si
1919 2473 2000 2523 quis
2014 2474 2134 2526 spinas
2147 2475 2208 2513 ha-

1223 2537 1317 2585 heat,
1336 2537 1454 2587 ignem
1472 2534 1628 2586 Spiritus
1648 2533 1785 2584 injiciat
1801 2548 1808 2569 :
1822 2533 1851 2571 si
1866 2533 1945 2583 quis
1960 2548 2018 2571 cor
2030 2534 2162 2573 durum
2176 2546 2208 2574 et

1224 2606 1427 2644 contumax,
1442 2594 1565 2632 eodem
1592 2593 1674 2644 igne
1698 2593 1805 2630 molle
1840 2593 1931 2630 illud
1959 2603 1991 2631 et
2024 2596 2210 2634 tractabile

1222 2657 1358 2696 reddat.
1375 2657 1413 2695 Si
1429 2656 1510 2706 quis
1531 2669 1596 2707 per
1616 2655 1714 2692 viam
1732 2669 1752 2692 a
1766 2654 1870 2692 turba
1886 2656 2139 2706 cogitationum
2154 2658 2206 2695 in-

1222 2717 1570 2767 vadatur,interiora
1592 2725 1697 2768 petat,
1716 2729 1780 2753 nec
1807 2716 1964 2754 attendat
1989 2717 2033 2755 iis
2059 2733 2138 2768 quae
2163 2719 2208 2756 ad

1221 2779 1432 2832 rapiendum
1448 2779 1579 2816 intrare
1592 2777 1743 2827 vellent,
1757 2786 1796 2814 ut
1810 2787 1986 2815 comantes
1999 2789 2130 2830 segetes
2152 2794 2209 2819 ve-

1222 2850 1312 2879 stras
1323 2839 1519 2879 videamus.
1538 2839 1631 2876 Nam
1649 2837 1678 2875 si
1699 2851 1777 2875 eam
1790 2837 1833 2875 de
1852 2838 1955 2875 nobis
1971 2853 2092 2876 curam
2107 2840 2207 2877 exhi-

1221 2901 1379 2950 beamus,
1395 2900 1472 2938 etsi
1494 2912 1623 2950 magno
1644 2898 1761 2936 studio
1777 2898 1955 2950 spirituali
1976 2900 2133 2937 concioni
2155 2910 2207 2938 at-

1222 2963 1424 3002 tendamus:
1444 2962 1471 3000 si
1487 2975 1555 2999 non
1569 2960 1765 3009 confestim,
1781 2961 1905 2998 saltem
1920 2961 2093 3013 paulatim
2107 2977 2127 3000 a
2145 2977 2207 3001 sae-

1173 3038 1197 3068 c
1220 3023 1402 3062 cularibus
1428 3022 1595 3060 omnibus
1627 3021 1734 3059 rebus
1761 3034 1824 3059 nos
1856 3021 2093 3073 expediemus.
2124 3023 2207 3061 Ideo

1221 3085 1381 3123 animum
1401 3083 1647 3132 adhibeamus,
1666 3097 1710 3121 ne
1727 3083 1772 3120 de
1793 3082 1894 3121 nobis
1909 3083 2047 3121 dicatur
2064 3099 2072 3120 :
2091 3084 2207 3134 Aspi-
2221 3097 2308 3126 Psal.
2321 3096 2390 3134 57.5

1248 3227 1260 3240 «¹
1285 3215 1431 3257 Quidam
1448 3214 1574 3246 habent
1589 3220 1628 3248 τὰ
1640 3221 1795 3260 πρότερον.

1249 3270 1265 3293 ¹²
1288 3268 1343 3301 Sic
1359 3267 1461 3302 Savil.
1479 3274 1514 3298 et
1529 3277 1644 3299 omnes
1662 3276 1745 3308 pene
1759 3267 1837 3298 Mss.
1857 3264 1969 3296 Morel.
1989 3275 2066 3297 vero
2082 3274 2207 3312 χρώμε-

1205 3336 1250 3355 νον
1268 3326 1356 3356 πάλιν
1380 3326 1461 3367 πυρὶ.
1482 3319 1603 3362 [Paulo
1633 3326 1709 3351 ante
1726 3321 1848 3362 καρδίαν
1865 3328 1930 3349 om.
1951 3317 2051 3350 Savil.
2069 3326 2102 3351 et.
2122 3319 2207 3353 Cod.

1205 3374 1299 3415 πο]

1221 1375 1422 1425 abluemus,
1441 1374 1502 1412 sed
1521 1375 1628 1412 etiam
1649 1374 1717 1411 alia
1733 1373 1972 1411 admittemus.
1992 1373 2085 1411 Huic
2098 1373 2208 1425 igitur
2222 1393 2310 1420 Liber
2321 1392 2411 1419 Joan-

1220 1436 1314 1473 libro
1341 1436 1443 1473 nobis
1468 1450 1531 1487 per
1551 1435 1801 1474 revelationem
1820 1435 1950 1472 tradito
1979 1449 2105 1486 magna
2126 1450 2207 1473 cum
2223 1437 2265 1462 1¹5⁵
2305 1439 2411 1471 quanta

1221 1496 1406 1547 diligentia
1437 1496 1672 1533 attendamus.
1702 1497 1780 1533 Non
1815 1496 1909 1532 enim
1939 1496 2053 1533 multo
2090 1506 2205 1548 postea
2221 1486 2300 1544 Ῑιιᾞρ
2313 1482 2410 1553 ῗὲέῖξ

1222 1558 1340 1596 studio
1359 1557 1558 1609 egebimus,
1578 1558 1606 1595 si
1626 1557 1800 1609 principia
1829 1567 1862 1595 et
1881 1567 2089 1608 argumenta
2112 1558 2207 1596 didi-
2222 1562 2287 1589 ‹11¹³-
