2481 3678
297 203 392 262 264
754 215 792 246 s.

296 302 435 338 mortui
446 305 652 349 resurgent.
667 297 715 334 Et
730 297 840 347 unde,
855 297 1005 347 inquies,
1027 304 1162 334 constat
1182 295 1274 332 illud

296 376 365 399 non
384 375 430 398 ex
451 361 543 397 fastu
560 359 698 396 dictum
725 359 825 396 esse?
855 358 911 395 Ex
936 372 976 396 eo
999 357 1094 408 quod
1115 356 1273 404 additur,

297 425 350 460 Et
373 436 473 459 nnnc
487 430 555 459 est.
589 421 681 458 Nam
699 419 729 457 si
750 420 871 456 futura
905 428 1043 457 tantum
1074 418 1274 467 nuntiaret,

297 483 380 520 hinc
402 482 487 534 ipsis
507 480 663 532 suspicio
685 489 760 517 orta
782 489 881 517 esset.
909 481 991 519 Jam
1018 493 1103 518 vero
1131 479 1181 516 rei
1214 477 1275 515 de-

298 544 585 582 monstrationem
599 543 743 594 praehet.
760 544 834 590 Me,
850 542 980 592 inquit,
999 543 1186 581 vobiscum
1196 556 1276 581 ver-

299 615 396 644 sante
410 605 478 642 hoe
490 603 639 642 eveniet.
652 603 775 653 Neque
792 603 900 652 enim,
914 602 981 641 nisi
993 612 1201 655 potestatem
1210 603 1275 640 ha-

295 666 442 715 buisset⁷
460 666 528 704 hoc
541 664 781 717 promissurus
802 672 888 712 erat,
906 678 949 701 ne
964 663 1140 701 ridiculus
1154 663 1274 701 omni-

296 727 363 764 bus
381 735 480 764 esset.
505 725 643 763 Deinde
663 724 759 762 dicta
780 739 845 762 sua
864 724 1019 776 explieat
1044 724 1101 762 his
1124 724 1243 763 verbis
1264 739 1271 760 ε

297 791 362 826 QG.
395 789 500 826 Sicut
520 790 621 824 enim
653 788 775 824 Pater
797 787 912 823 habet
931 788 1057 823 vitam
1083 788 1125 822 in
1142 793 1276 823 semet-

297 853 378 901 ipso
390 879 402 897 ,
422 852 476 888 sic
495 849 601 886 dedit
615 856 652 886 et
667 848 772 885 Filio
791 849 918 885 vitam
936 847 1078 885 habere
1093 849 1135 883 in
1144 854 1277 884 semet-

298 915 391 963 ipso.

351 1161 389 1198 5.
411 1159 543 1201 Viden'
575 1158 753 1208 quomodo
779 1157 1017 1208 :equalitatem
1043 1154 1216 1205 stabiliat,
1247 1162 1282 1191 et

298 1221 388 1259 lianc
400 1221 511 1258 solam
521 1219 759 1256 differentiam
770 1227 913 1267 statuat,
928 1217 1026 1267 quod
1044 1230 1135 1253 unus
1148 1215 1194 1252 sit
1211 1215 1279 1252 Pa—

297 1290 363 1330 ter,
383 1281 471 1318 alter
485 1280 624 1317 Filius?
635 1280 726 1316 Nam
737 1293 810 1317 vox
824 1278 902 1328 illa,
915 1279 1047 1324 Dedit,
1061 1277 1152 1314 hane
1163 1275 1279 1313 solum

296 1342 562 1380 distinctionem
573 1339 712 1377 inducit
732 1356 739 1376 :
760 1349 884 1378 caetera
897 1353 982 1378 vero
993 1338 1111 1375 onmia
1129 1336 1279 1388 aequalia

297 1412 330 1440 et
345 1404 445 1455 paria
461 1416 534 1440 esse
548 1401 713 1439 ostendit.
730 1400 837 1439 Unde
849 1400 1052 1450 liqueteum
1062 1413 1143 1436 eum
1157 1397 1280 1435 eadem

297 1473 468 1516 potestate
488 1473 522 1502 et
543 1463 677 1501 virtute
694 1462 812 1499 onmia
831 1461 958 1510 facere,
982 1474 1051 1510 qua
1077 1460 1194 1509 Pater,
1218 1472 1281 1495 nec

297 1525 443 1563 aliunde
460 1525 536 1562 vim
555 1524 656 1561 illam
673 1531 870 1560 mutuatus.
893 1522 948 1558 Ita
966 1520 1060 1557 enim
1078 1519 1191 1558 vitam
1217 1519 1281 1556 ha-

298 1586 372 1634 bet,
392 1595 431 1622 ut
446 1587 561 1622 Pater.
575 1584 731 1634 Ideoque
745 1596 867 1620 rursus
893 1581 1018 1633 adjicit
1043 1581 1082 1619 id
1110 1580 1209 1631 quod
1229 1594 1282 1617 se-

298 1646 434 1697 quitur,
462 1655 501 1683 ut
523 1659 569 1683 ex
587 1644 654 1682 hoc
670 1643 764 1681 illud
783 1642 1032 1694 intelligamus.
1062 1641 1163 1690 Quid
1190 1641 1284 1678 illud

298 1707 377 1745 est?
401 1709 454 1744 Et
471 1715 700 1759 potestatem
728 1706 832 1742 dedic
858 1707 893 1741 ei
918 1704 1111 1757 judicium
1125 1705 1279 1756 facere.

299 1766 346 1804 Et
366 1781 429 1804 cur
445 1765 736 1803 resurrectionem
751 1773 783 1801 et
796 1763 978 1815 judicium
994 1772 1067 1800 tam
1083 1763 1285 1812 frequenter

299 1827 495 1865 memorat?
516 1827 620 1865 Sicut
649 1828 751 1863 enim
778 1826 900 1862 Pater
928 1827 1086 1862 suscitat
1116 1832 1285 1861 mortuos

298 1898 335 1927 et
351 1889 543 1941 vivificat,
567 1890 621 1926 sic
641 1895 677 1924 et
696 1887 823 1924 Filius
844 1899 939 1938 quos
958 1885 1047 1922 vult
1076 1884 1256 1937 vivificat
1269 1900 1284 1930 ;

298 1959 332 1988 et
352 1964 494 1988 rursum
513 1979 526 2000 ,
550 1949 684 2000 Neque
710 1949 832 1985 Pater
852 1947 1006 1999 judicat
1037 1959 1282 1998 quemquam,

301 2013 369 2050 sed
399 2025 511 2048 omne
531 2011 725 2063 judicium
759 2009 864 2046 dedic
898 2010 936 2045 F
935 2008 1002 2045 ilio
1010 2023 1025 2053 ;
1067 2007 1283 2057 iterumque,

300 2072 405 2110 Sicut
423 2074 545 2110 Pater
563 2072 679 2109 habet
703 2072 831 2107 vitam
845 2072 887 2106 in
906 2071 1122 2120 semetipso,
1139 2071 1197 2106 ita
1216 2069 1282 2105 de-

829 214 1007 246 JOANMS
1041 212 1282 244 CHRYSOST.
1322 213 1525 244 ARCHIEP.
1561 214 1908 246 CONSTANT1NOP.

1346 294 1434 332 οὕτω
1467 296 1525 334 καὶ
1556 298 1614 333 νῦν
1646 296 1762 346 ἔσται,
1791 297 1891 350 φησί.
1940 297 2010 336 Καὶ
2041 298 2109 349 γὰρ
2143 297 2221 336 τότε
2251 302 2364 351 φωνῆς

1346 357 1554 401 ἀκούσαντες
1585 358 1835 406 ἕπιταττούσης
1870 359 2090 413 ἐγειρόμεθα·
2125 358 2216 397 ι”Εν
2246 360 2363 397 κελεύ-

1346 435 1454 469 σματι
1472 419 1557 472 γὰρ,
1577 419 1678 473 φησὶ,
1695 422 1788 458 Θεοῦ
1805 423 1835 458 οἱ
1854 421 1967 472 νεκροὶ
1995 421 2263 468 ἀναστήσονται.
2296 420 2365 458 Καὶ

1344 479 1447 518 πόθεν
1464 481 1580 527 δῆλον,
1597 480 1677 524 ἴσως
1697 481 1767 532 ἐρεῖ
1789 497 1839 524 τις
1860 511 1869 528 ,
1894 480 1945 519 ὅτι
1979 484 2016 519 οὐ
2048 481 2182 533 κόμπος
2203 481 2246 519 τὰ
2267 481 2366 533 εἰρη-·

1345 540 1457 591 μένα;
1479 541 1540 586 Ἐξ
1573 536 1620 580 ὧν
1648 542 1835 593 ἐπήγαγεν,
1865 541 1918 579 ὅτι
1938 542 2008 580 Καὶ
2028 546 2083 580 ν’ῦν
2105 544 2212 580 ἐστιν.
2239 543 2283 580 Εἰ
2304 541 2366 592 μὲν

1345 601 1412 654 γὰρ
1433 605 1480 646 εἰς
1495 603 1553 642 τὸν
1574 603 1745 654 μέλλοντα
1766 602 1868 653 μόνον
1887 603 2081 654 ἐπήγγελτο
2098 603 2240 656 χρόνον,
2266 602 2367 653 ἔμελ-

1345 664 1403 700 λεν
1420 667 1437 702 ὁ
1450 663 1549 716 λόγος
1565 663 1716 708 ὕποπτος
1732 658 1817 702 εἶναι
1833 665 1915 716 παρ’
1932 665 2056 708 αὐτοῖς.
2069 665 2156 704 Νυνὶ
2174 663 2208 702 δὲ
2219 663 2369 716 παρέχει

1346 723 1408 770 τὴν
1439 724 1624 769 ἀπόδειξιν.
1646 727 1757 776 Ἐμοῧ
1784 724 1866 777 γὰρ,
1887 725 1994 777 φησὶ,
2027 724 2261 777 διατρίὸοντος
2293 725 2368 776 μεθ’

1347 785 1464 835 ὑμῶν,
1495 791 1596 825 τοῦτο
1630 787 1825 840 γενήσεται.
1856 789 1934 826 Οὔκ
1964 787 2003 824 ἂν
2044 787 2079 824 δὲ
2113 787 2161 837 μὴ
2183 785 2367 836 δυνάμενος

1347 847 1579 899 ἐπηγγείλατο
1619 848 1710 887 κατὰ
1751 850 1808 888 τὸν
1847 849 1966 901 καιρὸν
2010 851 2158 896 ἐκεῖνον,
2191 846 2280 885 ὥστε
2319 847 2366 898 μὴ

1348 908 1491 946 πλείονα
1510 909 1647 960 γέλωτα
1661 912 1774 962 ὀφλεῖν
1805 913 1842 949 ἐκ
1855 914 1916 957 τῆς
1945 908 2175 961 ὑποσχέσεως.
2204 902 2295 947 Εἶτα
2310 909 2371 946 καὶ

1349 969 1514 1021 λογισμὸν
1531 971 1652 1023 ἐπάγει
1674 974 1741 1009 τῶν
1758 971 1948 1025 εἰρημένων
1971 970 2228 1019 ἀποδεικτικὸν,
2242 970 2351 1022 λέγων
2363 985 2370 992 ·

1352 1027 1491 1083 Ὥσπερ
1519 1030 1587 1084 γὰρ
1616 1035 1633 1069 ὁ
1669 1032 1795 1085 Πατὴρ
1824 1033 1896 1085 ἔχει
1934 1032 2023 1080 ζωὴν
2053 1035 2086 1071 ἐν
2116 1034 2245 1084 ἑαυτῷ,
2266 1030 2371 1072 οὕτως

1353 1089 1459 1128 ἔδωκε
1486 1091 1610 1143 καὶτῷ
1626 1094 1701 1143 Υἱῷ
1724 1093 1813 1140 ζωὴν
1837 1094 1927 1146 ἔχειν
1951 1098 1984 1133 ἐν
2009 1097 2133 1145 ἐαυτῷ.

1407 1150 1515 1202 εΟρᾷς
1533 1153 1608 1194 πῶς
1625 1151 1664 1188 τὸ
1677 1153 1959 1205 ἀπαράλλακτον,
1971 1154 2029 1192 καὶ
2045 1154 2094 1192 ἑνὶ
2113 1153 2206 1206 μόνῳ
2219 1153 2281 1199 τὴν
2298 1153 2372 1190 δια-

1354 1210 1460 1263 φορὰν
1481 1213 1659 1264 ἐμφαῖνον,
1688 1215 1738 1264 τῷ
1766 1213 1824 1251 τὸν
1853 1214 1915 1264 μὲν
1944 1215 2089 1266 Πατέρα
2119 1207 2229 1260 εἶναι,
2249 1212 2307 1250 τὸν
2337 1213 2372 1250 δὲ

1352 1272 1459 1320 Υἱόν;
1487 1272 1533 1311 ‘H
1570 1273 1638 1326 γὰρ
1653 1304 1662 1321 ,
1682 1273 1832 1324 ’Έδωκε,
1854 1275 1969 1323 λέξις,
1991 1275 2121 1321 ταύτην
2153 1274 2284 1325 εἰσάγει
2310 1274 2372 1321 τὴν

1351 1334 1517 1387 διαίρεσιν
1537 1335 1657 1387 μόνην,
1678 1336 1721 1375 τὰ
1748 1336 1782 1376 δὲ
1800 1336 1889 1375 ἀλλὰ
1906 1337 2022 1375 πάντα
2047 1337 2104 1375 ἴσα
2130 1337 2189 1375 καὶ
2212 1336 2373 1387 ἀπαράλ*

1351 1397 1463 1434 λακτα
1496 1396 1676 1436 δείκνυσιν.
1713 1397 1819 1436 (Όθεν
1855 1399 1970 1445 δῆλον,
2007 1398 2060 1437 ὅτι
2087 1398 2177 1450 μετὰ
2205 1397 2375 1445 τοσαύτης

1353 1456 1506 1501 ἐξουσίας
1525 1457 1641 1495 πάντα
1667 1463 1758 1497 ποιεῖ
1773 1457 1832 1496 καὶ
1848 1458 2044 1509 δυνάμεως,
2068 1461 2143 1510 μεθ’
2162 1458 2244 1505 ὅσης
2263 1462 2280 1496 ὃ
2297 1460 2376 1496 Πα-

1352 1516 1439 1568 τὴρ,
1458 1517 1517 1556 καὶ
1538 1520 1602 1571 οὐχ
1620 1518 1784 1570 ἑτέρωθεν
1801 1519 2069 1570 δυναμούμενος.
2087 1519 2192 1558 Οὕτω
2212 1520 2278 1571 γὰρ
2301 1519 2374 1571 ἔχει

1354 1576 1459 1624 ζωὴν,
1482 1577 1601 1631 ὥσπερ
1621 1583 1638 1617 ὃ
1656 1580 1795 1632 Πατήρ.
1817 1579 1884 1618 Διὰ
1910 1580 1951 1627 δὴ
1978 1584 2079 1618 τοῦτο
2099 1581 2158 1618 καὶ
2185 1580 2224 1618 τὸ
2252 1579 2374 1632 ἐφεξῆς

1352 1638 1501 1682 θεύθέως
1520 1640 1676 1692 ἐπήγαγε
1698 1641 1816 1688 πάλιν,
1834 1641 1890 1678 ἵνα
1911 1641 1981 1679 ἀπὸ
1994 1641 2114 1679 τούτου
2134 1644 2274 1679 κάκεῖνο
2291 1641 2375 1687 νοή-

1354 1715 1483 1750 σωμεν.
1506 1702 1612 1739 Ποῖον
1634 1700 1673 1748 δὴ
1691 1705 1813 1749 τοῦτο,
1840 1702 1905 1750 Τὸ,
1930 1700 2087 1740 Ἔδωκεν
2106 1704 2199 1754 αὐτῷ
2219 1701 2375 1745 ἐξουσίαν

1353 1759 1412 1799 καὶ
1442 1760 1553 1813 κρίσιν
1580 1767 1706 1800 ποιεῖν.
1732 1762 1803 1800 Καὶ
1834 1762 1924 1806 τίνος
1956 1762 2069 1801 ἕνεκεν
2098 1763 2286 1801 ἀνάστασιν
2316 1762 2375 1799 καὶ

1353 1822 1466 1875 κρίσιν
1491 1822 1561 1860 ἅνω
1580 1823 1638 1861 καὶ
1662 1823 1757 1861 κάτω
1777 1823 1936 1876 στρέφει;
1958 1823 2100 1878 εὨσπερ
2129 1823 2196 1877 γὰρ
2215 1828 2231 1863 ὃ
2249 1823 2376 1874 Πατὴρ

1354 1883 1478 1936 ἐγείρει
1515 1884 1594 1927 τοὺς
1633 1884 1773 1938 νεκροὺς
1813 1885 1873 1924 καὶ
1908 1888 2093 1933 ζωοποιεῖ,
2136 1885 2225 1925 οὕτω
2265 1885 2324 1924 καὶ
2358 1889 2376 1923 ὅ

1352 1944 1435 1987 Υἱὸς
1474 1944 1531 1988 οὓς
1570 1945 1660 1983 θέλει
1701 1948 1881 1990 ζωοποιεῖ·
1919 1946 1977 1985 καὶ
2020 1946 2138 1993 πάλιν,
2169 1946 2214 1985 <O
2250 1946 2376 1997 Πατὴρ

1354 2005 1464 2058 κρίνει
1482 2005 1603 2044 οὐδένα
1615 2036 1624 2052 ,
1641 2007 1730 2046 ἀλλὰ
1745 2014 1862 2046 πᾶσαν
1875 2008 1939 2055 τὴν
1954 2008 2067 2060 κρίσιν
2083 2007 2209 2046 δέδωκε
2223 2010 2272 2060 τῷ
2288 2009 2376 2059 Υἱῷ·

1355 2067 1414 2104 καὶ
1445 2066 1563 2113 πάλιν,
1594 2067 1732 2120 Ὥσπερ
1760 2073 1778 2107 ὃ
1808 2069 1934 2121 Πατὴρ
1961 2069 2036 2121 ἔχει
2062 2068 2152 2116 ζωὴν
2183 2070 2218 2106 ἐν
2244 2071 2376 2121 ἑαυτῷ,

302 2134 359 2171 dit
378 2142 414 2170 et
427 2133 532 2170 Filio
551 2135 678 2169 vitam
696 2132 836 2168 habere
849 2133 890 2166 in
906 2132 1104 2181 semetipso
1116 2145 1130 2174 ‚·
1148 2138 1193 2179 et,
1213 2130 1287 2180 Qui
1307 2143 1331 2173 Ε
1355 2127 1463 2171 οὕτως
1486 2128 1593 2166 ἔδωκε
1622 2129 1681 2166 καὶ
1700 2132 1749 2181 τῷ
1769 2131 1842 2181 Υἱῷ
1863 2130 1952 2177 ζωὴν
1979 2130 2070 2182 ἔχειν
2102 2132 2136 2168 ἐν
2163 2133 2292 2182 ἑαυτῷ·
2318 2131 2378 2168 καὶ

303 2195 462 2232 αιιιίἱεηε
478 2207 614 2231 'vocem
631 2193 727 2229 Filii
746 2193 835 2238 Dei,
856 2195 990 2229 vivent
999 2208 1014 2237 ;
1035 2201 1069 2229 et
1096 2192 1164 2229 hoe
1196 2191 1286 2240 loco,

125 2256 543 2292 J=¹=¹iciu1mP0testatem
562 2256 597 2291 ei
616 2254 722 2291 dedit
754 2261 790 2290 et
810 2253 1002 2304 judicium
1028 2253 1180 2304 facere.
1215 2252 1289 2289 Cur

104 2307 274 2369 2:¹⁴,‡.¹[,¹c{·„‚se
285 2318 292 2322 ’
304 2330 388 2368 ergo
409 2316 484 2354 haec
499 2315 715 2366 frequentius
733 2323 864 2361 versat,
883 2328 1010 2367 nempe
1023 2314 1218 2366 judicium,
1233 2314 1289 2353 vi-

118 2424 124 2430 ,
168 2425 171 2428 Α
242 2387 390 2427 curtam,
408 2375 726 2414 resurrectionem?
741 2374 922 2422 Quoniam
940 2375 1017 2412 haec
1036 2374 1191 2412 maxime
1208 2383 1291 2412 sunt

104 2424 384 2489 (⁴¹¹¹¹⁵¹¹¹⁵⁸²‘²'quae
405 2438 463 2477 vel
494 2437 711 2476 obstinatum
743 2435 943 2474 auditorem
968 2436 1106 2474 flectere
1138 2436 1286 2488 possint.

118 2476 139 2491 te
183 2474 292 2490 nit-*mo-

104 2476 113 2501 1
307 2500 381 2547 Qui
396 2499 491 2537 enim
505 2499 617 2537 credit
634 2513 669 2536 se
680 2507 960 2536 resurrecturum
977 2512 1061 2546 esse,
1073 2507 1106 2536 et
1119 2498 1291 2536 scelerum

106 2511 162 2532 rct-

1301 2536 1351 2560 230

1356 2189 1473 2236 πάλιν,
1495 2190 1541 2226 Οἱ
1561 2188 1770 2232 ἀκούσαντες
1788 2192 1850 2235 τῆς
1870 2194 1984 2242 φωνῆς
1999 2194 2059 2228 τοῦ
2079 2191 2164 2229 Υἱοῧ
2192 2195 2252 2229 τοῦ
2285 2192 2378 2229 Θεοῦ

1359 2249 1540 2296 ζήσονται·
1570 2249 1655 2287 dmi
1687 2251 1835 2287 ἐνταῦθα
1873 2250 1914 2297 δὴ
1939 2250 2061 2299 πάλιν,
2089 2250 2248 2289 ’Έδωκεν
2284 2253 2378 2302 αὐτῷ

1360 2310 1515 2355 ἐξουσίαν
1543 2310 1602 2348 καὶ
1633 2310 1747 2362 κρίσιν
1774 2317 1900 2349 ποιεῖν.
1923 2311 2026 2354 Τίνος
2052 2305 2109 2350 οὖν
2139 2312 2251 2349 ἕνεκεν
2268 2315 2379 2349 ταῦτα

1362 2371 1499 2424 στρέφει
1522 2374 1692 2423 συνεχῶς,
1718 2371 1830 2423 κρίσιν
1849 2372 1941 2424 λέγω
1962 2371 2020 2409 καὶ
2041 2371 2131 2419 ζωὴν
2152 2372 2210 2411 καὶ
2228 2373 2378 2411 ἀνάστα-

1361 2448 1436 2480 σιν,
1452 2431 1538 2471 εὈτι
1552 2435 1662 2470 ταῦτα
1679 2431 1831 2483 μάλιστα
1848 2432 1987 2470 πάντων
2008 2433 2082 2470 ἐστὶ
2102 2433 2146 2471 τὰ
2173 2434 2232 2472 καὶ
2245 2435 2359 2485 ἕπαγα
2371 2457 2379 2463 ·

1360 2494 1481 2545 γε’σθαι
1500 2492 1672 2543 δυνάμενα
1689 2493 1747 2530 καὶ
1762 2493 1819 2531 τὸν
1847 2492 2024 2531 ἀνένδοτον
2043 2494 2228 2546 ἀκροατήν.
2250 2494 2294 2532 ‘O
2312 2494 2379 2548 γὰρ

305 2575 424 2612 peenas
436 2560 623 2609 daturum5
640 2559 704 2597 etsi
715 2573 784 2596 non
799 2558 901 2596 aliud
911 2558 1042 2598 viderit
1056 2559 1210 2610 signum,
1225 2559 1291 2597 hoc
1312 2572 1339 2601 Α
1361 2554 1512 2598 πεισθεὶς
1534 2553 1587 2592 ὅτι
1606 2554 1664 2592 καὶ
1690 2554 1944 2602 ἀναστήσεται,
1974 2555 2034 2592 καὶ
2057 2555 2169 2608 τούτῳ
2196 2555 2300 2594 δώσει
2318 2556 2381 2599 τὰς

305 2630 448 2673 accepto
470 2630 628 2658 aecurret
656 2621 755 2657 haud
773 2619 903 2670 dubio,
937 2629 976 2657 ut
1004 2620 1202 2672 propitium
1223 2619 1292 2657 sibi

304 2682 463 2735 judicem
484 2682 622 2719 reddat.
649 2683 714 2721 27.
750 2683 851 2732 Quia
881 2681 1009 2719 Filius
1034 2683 1201 2719 hominis
1222 2690 1291 2730 est,

189 2746 372 2783 lhulusfflss.
396 2745 515 2781 nolite
543 2745 614 2780 hoc
648 2744 849 2780 admirari.
873 2742 1006 2779 Paulus
1025 2742 1288 2780 Samosatenus.

107 2800 125 2866 ἰ
128 2805 297 2867 ·Ι“1“;’“5“(““ιί“ο-
309 2820 377 2843 non
397 2805 448 2843 sic
479 2805 564 2855 legit
573 2820 584 2854 3
614 2804 676 2841 sed
707 2804 911 2854 quomodo?
930 2805 1050 2842 Dedit
1077 2807 1112 2841 ei
1124 2813 1292 2856 potesta-

110 2851 384 2918 1120-1010-lgat.te7n
418 2870 609 2921 judicium
652 2869 797 2919 facere,
839 2870 931 2918 quia
971 2868 1098 2905 Filius
1127 2869 1291 2905 hominis

309 2941 378 2970 est.
414 2932 553 2969 Verum
578 2929 646 2966 hoc
672 2929 720 2966 ita
744 2929 874 2966 lectum
901 2929 1038 2965 nullam
1071 2929 1178 2966 habet
1209 2943 1291 2967 con-

307 2991 565 3042 sequutioncm.
600 2989 681 3027 Non
714 2989 807 3025 enim
835 2989 914 3025 ideo
938 2989 1120 3040 judicium
1139 2990 1288 3042 accepit,

308 3054 391 3104 quia
407 3052 514 3089 homo
532 3060 594 3089 est:
621 3049 778 3099 alioquin
797 3049 886 3098 quid
901 3049 1088 3101 impediret
1102 3051 1291 3101 quominus

309 3128 429 3151 onmes
447 3112 605 3150 homines
621 3109 761 3161 judices
780 3110 917 3146 essent?
941 3110 1003 3147 sed
1022 3111 1105 3160 quia
1125 3111 1289 3149 ineffabi-

308 3176 351 3213 lis
370 3174 467 3212 illius
486 3171 691 3211 substantia:
708 3170 823 3208 Filius
839 3179 904 3220 est,
921 3170 1001 3207 ideo
1013 3170 1127 3221 judex
1147 3181 1211 3209 est.
1235 3173 1289 3210 Ita

355 3311 369 3333 Ι)
394 3309 506 3341 Morel.
532 3315 560 3343 ἐν
582 3310 760 3350 κελεύσματι
782 3311 829 3340 καὶ
847 3312 874 3339 ἐν
898 3311 1046 3349 σάλπιγγι.
1066 3306 1188 3339 savilio
1207 3308 1309 3340 luere-

311 3373 392 3392 inus.

1362 2616 1503 2679 εἰυθύνας
1520 2617 1589 2653 τῶν
1610 2615 1964 2666 πεπλημμελημένων
1979 2631 1987 2639 ·
2014 2616 2116 2655 εἶκαὶ
2136 2617 2243 2668 μηδὲν
2264 2617 2380 2669 ἕτερον

1362 2678 1430 2715 εἶδε
1464 2682 1623 2727 σημεῖον,
1656 2679 1758 2714 τοῦτο
1795 2675 2069 2726 καταδεξάμενος
2105 2679 2382 2729 προσδραμεῖται

1363 2738 1501 2782 πάντως
1513 2769 1523 2785 ,
1541 2738 1671 2789 ἥμερον
1700 2738 1966 2781 κατασκευάζων
1987 2739 2099 2789 ἑαυτῷ
2118 2738 2176 2776 τὸν
2202 2739 2379 2785 δικαστήν.

1362 2798 1448 2839 tlOvi
1465 2799 1548 2842 Υἱὸς
1567 2798 1747 2850 ἀνθρώπου
1765 2797 1858 2844 ἐστὶ,
1876 2797 1924 2848 μὴ
1941 2799 2135 2848 θαυμάζετε
2154 2802 2267 2837 τοῦτο.
2283 2801 2381 2837 Παῦ-

1363 2862 1420 2903 λος
1448 2859 1508 2911 μὲν
1529 2863 1546 2898 ὁ
1565 2858 1794 2909 Σαμοσατεὺς
1817 2860 1882 2911 οὐχ
1906 2859 1995 2897 οὕτω
2019 2860 2135 2912 φησὶν,
2162 2860 2253 2898 ἀλλὰ
2284 2864 2379 2907 πῶς;

1363 2920 1544 2966 Ἔξουσίαν
1577 2921 1702 2959 ἔδωκεν
1737 2922 1830 2972 αὐτῷ
1858 2920 1969 2972 κρίσιν
1999 2927 2123 2968 ποιεῖν,
2143 2921 2196 2959 ὅτι
2215 2921 2299 2964 Υἱὸς
2317 2924 2381 2960 ἀν-

1363 2981 1500 3034 θρώπου
1525 2981 1632 3018 ἐστίν.
1663 2980 1753 3018 Ἀλλ’
1775 2980 1937 3031 οὐδεμίαν
1957 2981 2159 3019 ἀκολουθίαν
2184 2981 2257 3034 ἔχει
2283 2985 2383 3020 τοῦτο

1363 3042 1452 3081 οὕτω
1475 3041 1671 3093 λεγόμενον.
1691 3042 1743 3079 Οὐ
1762 3040 1829 3093 γὰρ
1859 3041 1916 3078 διὰ
1938 3045 2040 3080 τοῦτο
2068 3042 2170 3080 ἔλαὸε
2190 3042 2301 3094 κρίσιν
2331 3042 2382 3080 ὅτι

1364 3103 1542 3155 ἅνθρωπός
1559 3105 1666 3152 ἐστιν,
1680 3107 1691 3151 (
1707 3102 1781 3139 ἐπεὶ
1795 3132 1804 3149 ,
1826 3101 1861 3139 τί
1876 3102 2006 3140 ἐκώλυε
2031 3103 2163 3146 πάντας
2183 3102 2382 3154 ἀνθρώπους

1364 3165 1452 3210 εἶναι
1468 3170 1631 3224 κριτάς)
1670 3170 1745 3208 ἄλλ’
1774 3169 1893 3216 ἐπειδὴ
1910 3171 1971 3215 τῆς
1991 3169 2141 3221 ἀρρήτου
2161 3168 2277 3212 οὐσίας
2295 3169 2382 3207 ἐκεί-

1421 3320 1433 3333 fl
1458 3307 1559 3341 Savil.
1579 3312 1682 3346 εὐθέως
1702 3313 1872 3353 πρόσκειται
1887 3310 1986 3340 πάλιν.

1421 3360 1437 3383 d
1463 3359 1524 3391 Alii
1543 3364 1591 3394 καὶ
1609 3363 1734 3394 ἐνταῦθα
1752 3361 1784 3392 δέ
1796 3373 1882 3404 φησι,
1903 3364 1993 3401 κρίσιν
2007 3361 2110 3391 ἔδωκεν
2125 3361 2203 3400 αὐτῷ
2220 3366 2322 3391 ποιεῖν.
