2507 3673
738 219 779 247 IN
815 215 1078 247 PARAROLAM
1119 212 1175 241 1213
1213 212 1326 240 rulo

114 301 153 339 το
170 302 295 344 ὄνειδος
312 305 370 339 τοῦ
392 302 476 350 ἐμοῦ
491 299 630 347 παιδὸς,
656 299 742 349 ἐμὴν
774 299 870 343 δόξαν
891 299 1044 348 ἡγοῦμαι
1061 293 1137 331 τού-

116 370 174 391 του
196 354 256 400 τὴν
278 354 447 392 εὔκλειαν.

167 407 255 444 Δότε
275 423 335 444 και
363 404 545 442 δακτύλιον
566 406 594 441 εἰ
599 421 612 447 ς
629 403 690 450 τὴν
712 410 810 455 χεῖρα
829 404 951 440 αὐτοῦ·
972 401 1028 438 ἵνα
1050 401 1137 450 φορῇ

113 460 169 496 τὸν
191 459 406 526 ἀρῤαὸῶηνα
397 473 455 494 του
472 458 542 494 Πνε
531 456 693 506 -ύματος,
715 456 896 523 καιφορῶν
919 453 1020 492 αὐτὸν
1033 466 1136 503 φρου-

115 514 235 563 ρηθ-Γ,“
224 514 282 548 υπ’
304 512 406 548 αὐτοῦ
426 513 485 546 τοῦ
503 509 724 566 Πνεύματος·
755 507 811 545 ἵνα
841 506 902 553 τὴν
923 505 1009 556 ἐμὴν
1031 518 1139 565 σφρα

112 565 192 614 γῐδα
212 579 421 630 περιφερων,
438 558 625 614 φοὸερος
603 568 624 615 ἠ
639 568 726 600 πᾶσι
744 566 815 603 τοῖς
829 558 1017 621 πολεμίοις
1025 571 1063 593 τε
1081 569 1139 591 και

113 616 297 658 ἐναντίοις·
317 615 373 654 ι’να
391 615 567 680 πόρρωθεν
587 615 770 681 φαίνηται,
786 612 885 650 ποίου
903 608 1033 660 πατρός
1048 609 1140 645 ἐστιν

113 672 210 735 ρὺτος
229 668 311 712 υἱός.
332 668 418 705 Δότε
431 667 720 732 καὶὺποδήματα
727 667 774 708 εἷς
791 663 870 706 τους
885 662 992 704 πόδας
1013 661 1138 698 αὐτοῦ·

113 720 170 759 ἵνα
195 722 244 773 μὴ
266 722 372 759 πάλιν
394 721 498 786 εῧρτ,
492 723 509 758 6
518 720 616 788 xm62?oe
613 717 747 783 γυμνὴν
763 716 825 762 τὴν
845 731 908 753 πτε
895 716 995 782 ’ρναν
1016 715 1139 760 αὐτου,

115 774 173 811 καὶ
199 773 313 813 ’,τατοὶζ
300 791 336 826 Γ,
358 774 460 812 αὐτὸν
481 772 536 810 διὰ
556 776 616 810 τοῦ
639 771 799 823 κέντρου·
822 769 898 805 ἀλλ’
920 767 977 805 ἵνα
1007 766 1139 816 μᾶλλον

115 827 216 871 αὐτος
235 842 421 876 καταπατῃ
442 841 504 871 την
519 829 578 862 τοῦ
598 824 781 889 δράκοντος
800 819 928 887 κεφα)
914 835 968 867 ην,
991 835 1044 856 ινα
1062 834 1140 856 συν-

113 879 218 932 τρίὺ-Γ]
243 895 301 916 του
330 877 497 928 πολεμίου
526 876 569 913 τὰ
593 890 743 927 κεντρα,
766 875 825 912 καὶ
854 873 911 912 ἵνα
938 871 1046 937 τρέχῃ
1077 870 1139 917 τὴν

114 933 204 970 κατὰ
232 932 320 970 Θεὸν
341 931 429 969 ὁδόν.
458 929 527 967 Καὶ
561 929 760 979 ἐνέγκαντες
789 927 845 966 τὸν
867 926 996 992 μόσῖον
1015 925 1072 962 τὸν
1095 940 1141 962 σι-

114 985 246 1029 τευτὸν,
264 984 402 1021 θύσατε.
419 984 526 1020 Ποῖον
551 981 682 1048 μόσχον
699 980 793 1032 λέγει
810 979 985 1025 σιτευτόν,
1011 979 1140 1014 Ποῖον·
1131 1006 1141 1023 ,

113 1035 215 1075 ὓΟν
199 1052 219 1082 η
243 1036 392 1086 δαμαλις
416 1034 538 1086 Μαρία
555 1034 722 1099 παρθένος
741 1033 934 1098 ἐγέννησεν.
953 1029 1033 1069 Ἐνέ
1019 1045 1142 1098 ῗΓκατε

113 1089 169 1127 τὸν
194 1090 325 1141 μόσγον
352 1089 410 1127 τὸν
431 1088 648 1139 ἀδάιιαστον,
671 1087 728 1124 τὸν
754 1086 803 1137 μὴ
823 1085 1004 1134 δεξάμενον
1024 1085 1143 1134 ἁμαρ-

114 1141 191 1185 τίας
217 1145 254 1187 ζυ
258 1157 329 1193 γον,
357 1142 413 1179 τὸν
433 1140 620 1192 παρθένον,
636 1140 695 1178 καὶ
712 1142 750 1177 ἐκ
769 1138 952 1202 παρθένου,
969 1152 1026 1175 τον
1055 1139 1142 1174 ἀκο-

113 1196 302 1233 λουθουντα
282 1201 383 1238 moze
411 1195 653 1232 ἀκολουθουσιν
677 1195 791 1244 αὖτῳ,
817 1194 879 1230 οὐκ
909 1190 942 1234 ἐξ
967 1188 1142 1240 ἀνάγκης,

116 1249 192 1286 ἀλλ’
209 1247 392 1291 ἑκουσίοις·
424 1246 480 1285 τὸν
505 1246 553 1297 μὴ
585 1246 764 1313 χρώμενον
792 1261 835 1296 τῃ
862 1242 1006 1294 δυνάμει
1027 1243 1145 1286 αὐτου,

116 1301 205 1350 μηδὲ
220 1306 290 1343 τοῖς
303 1316 460 1353 κερασιν,
477 1300 555 1337 ἀλλ
575 1299 722 1349 ἑτοίμως
741 1297 975 1337 ὑποκλίναντα
991 1312 1048 1333 τον
1068 1310 1146 1331 εαυ-

115 1357 175 1391 τοῦ
205 1353 334 1406 αὒχενα
355 1360 426 1396 τοῖς
443 1352 605 1405 σφάττειν
623 1353 770 1390 θέλουσι.
790 1350 932 1389 Ούσατε
947 1351 1003 1387 οὐν
1023 1347 1146 1386 ἑκόντα

118 1406 298 1457 θυόυενον,
316 1406 440 1444 θύσατε
458 1406 516 1443 τὸν
538 1408 772 1449 ζωοποιουντα
791 1403 867 1446 τους
896 1401 1054 1446 θύοντας,
1088 1400 1146 1437 θύ-

117 1473 200 1496 σατε
222 1459 279 1497 τὸν
301 1458 462 1509 θυόμενον
482 1457 847 1522 καιμὴνεκρούμενον·
864 1455 989 1494 θύσατε
1008 1453 1064 1491 τὸν
1087 1469 1146 1503 με·

115 1511 310 1562 λιζόμενον,
322 1510 468 1556 καὶ-τους
480 1511 680 1561 μελίζοντας
691 1510 793 1548 αὐτὸν
809 1508 1007 1573 ἁγιάζοντα·
1020 1504 1146 1543 θύσατε

116 1580 173 1602 τον
189 1564 383 1602 ἐσθιόμενον
402 1565 499 1616 παρὰ
517 1567 586 1602 τῶν
607 1562 745 1602 εἰδότων
762 1562 877 1608 αὐτον,
894 1560 953 1598 καὶ
970 1558 1144 1610 μηδέποτε

117 1617 386 1668 δαπανώμενον·
419 1617 544 1656 θύσατε
567 1617 624 1656 τὸν
647 1615 726 1659 τους
750 1614 924 1657 ἐσθίοντας
954 1611 1146 1664 μακαρίους

116 1669 407 1737 ἀπεργαζόμενον.
441 1670 512 1709 Και
535 1669 701 1734 φαγόντες
736 1668 863 1712 πάντες
891 1667 1146 1718 εὐφρανθῶμεν,

116 1722 200 1761 εΌτι
216 1728 253 1762 οὓ
262 1722 422 1768 τοςὸυῖός
442 1739 507 1774 μου
526 1723 666 1791 νεκρὸς,
662 1726 718 1770 ἠν,
737 1722 796 1760 καὶ
807 1719 984 1767 ἀνέζησεν·
1007 1719 1146 1759 anuh)-

117 1775 186 1819 λως
211 1793 266 1823 ην,
281 1776 337 1815 καὶ
353 1779 498 1829 ηὑρέθη.
516 1775 625 1815 Koa*
603 1774 752 1840 ηρςαντο
771 1775 1026 1841 εὐφραίνεσθαι.
1039 1771 1146 1813 Επί-

117 1833 243 1867 στασθε
256 1846 318 1876 την
331 1829 572 1881 πνευματικὴν
592 1826 819 1882 εὐφροσύνην,
836 1830 866 1866 οἱ
878 1827 1006 1873 ταύτης
1022 1827 1147 1877 γευσά-

120 1897 215 1931 μενοι
244 1899 302 1921 και
323 1882 541 1934 μεμνημένοι
570 1897 639 1919 των
664 1896 815 1948 φρικτων
842 1880 1054 1945 μυστηρίων,
1076 1882 1145 1917 τῶν

118 1919 399 1998 λειτουργο)ντης
419 1935 511 1979 θείας
529 1938 644 1998 ἱερουρ
647 1933 723 1985 Γίας
734 1964 743 1981 ,
759 1936 828 1971 τῶν
845 1933 1068 1999 μιμουμένων
1084 1932 1146 1976 τας

118 2003 186 2025 των
212 1988 368 2039 ἀγγέλων
388 1988 563 2055 πτέρυγας
581 1993 657 2031 ταῖς
675 1989 820 2030 λεπταῖς
839 1986 971 2029 ὀθόναις
991 1992 1066 2029 ταῖς
1089 1986 1145 2024 ἐπὶ

118 2043 187 2078 τῶν
208 2043 398 2106 ἀριστερων
419 2041 524 2092 ὤμων
545 2039 742 2090 κειμέναις,
762 2055 822 2078 και
843 2042 876 2078 ἐν
899 2042 941 2091 τῇ
978 2039 1147 2090 ἐκκλησία

119 2094 395 2158 περιτρεχόντων
422 2094 481 2132 καὶ
512 2093 691 2157 βοώντων·
722 2091 771 2142 μή
793 2108 846 2135 τις
871 2094 940 2130 τῶν
969 2107 1147 2144 κατηχου-

120 2145 244 2195 με’νων,
263 2163 312 2197 μη
328 2163 379 2190 τις
392 2149 461 2185 τῶν
480 2146 528 2198 μὴ
550 2145 748 2192 ἐσθιόντων,
763 2144 812 2196 μή
823 2161 874 2188 τις
889 2147 958 2183 τῶν
973 2145 1147 2183 κατασκό-

119 2214 208 2244 πων,
240 2199 289 2250 μή
316 2216 368 2243 τις
397 2203 466 2238 τῶν
486 2216 534 2250 μη
569 2198 768 2249 δυναμένων
796 2198 986 2236 θεάσασθαι
1011 2198 1069 2236 τὸν
1086 2197 1148 2248 μό-

118 2267 203 2304 σχον
223 2251 434 2315 εσθιόμενον,
450 2252 500 2303 μή
517 2269 569 2296 τις
585 2267 654 2289 των
672 2250 720 2301 μὴ
740 2251 936 2302 δυναμένων
958 2250 1148 2289 θεάσασθαι

120 2305 158 2342 τὸ
157 2304 335 2371 ΝΙούράνιον
374 2322 409 2344 α
412 2322 463 2357 μα
490 2306 530 2344 τὸ
559 2303 788 2370 ἕκχυνόμενον
808 2307 856 2347 εἰς
886 2304 1006 2356 ἄφεσιν
1028 2304 1147 2369 ἁμαρ-

119 2360 214 2406 τιῶν,
242 2357 291 2409 μή
307 2374 358 2402 τις
374 2358 511 2403 ἀνάξιος
524 2374 587 2404 της
606 2356 718 2404 ζώσης
735 2356 873 2404 θυσίας,
895 2357 944 2407 μή
964 2373 1015 2401 τις
1034 2356 1150 2407 ἀμύη-

120 2425 177 2453 τος
191 2439 201 2456 ,
222 2411 270 2462 μή
285 2427 338 2455 τις
368 2410 418 2462 μὴ
436 2411 623 2462 δυνάμενος
645 2409 1021 2476 ἀκαθάρτοις]είλεσι
1037 2425 1149 2460 προσ-

119 2462 320 2515 ψαύσασθαι
344 2466 412 2502 τῶν
430 2466 583 2530 φρικτῶν
606 2462 824 2530 μυστηρίων·
851 2467 929 2501 εἶτα
967 2478 1026 2500 και
1056 2465 1148 2500 ὅτων

123 2515 278 2565 ἀγγέλων
316 2516 494 2568 οὐρανόθεν
535 2517 831 2580 ἐπευφημουντων
860 2531 918 2552 και
960 2514 1149 2566 λεγόντων·

125 2568 220 2618 ἅγιος
236 2573 253 2608 ὁ
273 2569 402 2635 Πατὴρ
411 2599 421 2616 ,
435 2572 453 2606 6
471 2568 617 2615 θελήσας
634 2571 780 2614 τυθηναι
799 2567 856 2605 τὸν
875 2566 1005 2618 μόσγον
1021 2583 1078 2605 τον
1100 2583 1151 2606 σι-

125 2636 255 2669 τευτον,
281 2621 338 2659 τὸν
344 2637 409 2685 μη
424 2620 549 2672 γνόντα
569 2619 757 2672 ἁμαρτίαν,
775 2618 890 2663 καθως
909 2634 1012 2670 φησιν
1031 2621 1048 2656 6
1052 2635 1152 2687 x<‘repo—

127 2672 196 2724 φήτ
197 2691 237 2721 ης
251 2671 419 2716 Ησαίας·
438 2673 542 2716 '’Oq‘
525 2673 700 2738 αμαρτίαν
717 2674 777 2711 οὒκ
796 2671 968 2719 ἐποίησεν,
989 2670 1064 2709 οὐδὲ
1091 2675 1151 2709 36-

128 2740 164 2776 ρε
157 2726 209 2773 ’θη
238 2727 373 2771 δόλος’
358 2743 391 2764 εν
415 2743 465 2764 τι)
493 2726 775 2791 στόματιαῦτου·
797 2725 892 2775 ἅΓιος
909 2728 927 2762 6
948 2724 1050 2770 Υἱὸς,
1078 2724 1153 2776 ἅμα

130 2794 190 2816 και
210 2779 339 2831 μόσχος
358 2782 410 2816 6’
392 2795 445 2818 αει
448 2765 658 2829 θυόμενος
644 2793 745 2826 εκων,
764 2794 824 2815 και
842 2778 894 2815 ἀεὶ
915 2779 1003 2821 ζῶν·
1022 2777 1117 2828 ἅγιος
1135 2781 1152 2816 6

127 2833 187 2869 Πα
193 2833 379 2884 ράκλητος,
398 2832 438 2870 τὸ
457 2833 643 2886 Πνευμα
623 2848 663 2869 το
682 2831 703 2868 ἅ
730 2846 793 2876 ιον,
810 2846 850 2868 το
873 2846 936 2877 την
952 2829 1071 2868 θυσίαν
1091 2846 1152 2869 τε-

128 2886 392 2957 λεσιουργησαν.
434 2883 576 2924 Τούτων
604 2888 661 2922 οὐν
699 2885 792 2921 ενδον
831 2882 1103 2932 ἐπιτελουμένων
1137 2886 1154 2921 6

130 2938 360 2989 πρεσὸύτερος
397 2938 468 2982 υἷος
506 2938 677 3003 μακρόθεν
715 2936 994 3002 παραγενόμενος
1027 2935 1154 2981 ἤκουσε

129 2991 330 3042 συαρωνίας
349 2991 408 3029 καὶ
428 2992 566 3058 χορῶν·
590 3006 648 3028 και
656 2988 1031 3057 προσκαλεσαμενος”
1012 3004 1072 3025 ενα
1086 3004 1156 3026 των

130 3044 282 3091 παίδων,
303 3044 509 3082 ἐπυνθάνετο
523 3043 558 3081 τί
577 3042 617 3081 ἂν
638 3042 692 3088 εἴη
711 3057 827 3080 τουτο·
846 3035 955 3093 ι’ἠ-,Γός
974 3057 1025 3083 τις
1041 3056 1156 3092 περιε-

131 3096 253 3135 κτύπει
273 3113 338 3147 μου
354 3096 398 3133 τὰ
413 3099 499 3134 ὠτα.
525 3096 571 3134 Ο
603 3096 641 3132 δε
668 3111 773 3147 φησι,
795 3094 905 3132 Δαυιδ
932 3097 949 3132 6
975 3109 1157 3159 προφητης

132 3150 224 3187 ἔνδον
248 3151 413 3214 μελῳδεῖ·
433 3148 525 3187 Τότε
550 3147 743 3186 ἀνοίσουσιν
767 3146 825 3184 ἐπὶ
846 3147 886 3185 τὸ
913 3146 1157 3214 θυσιαστηριόν

132 3218 192 3240 σου
214 3202 374 3254 μόσχους.
391 3201 436 3240 ‘O
450 3201 550 3245 αὐτος
565 3201 670 3239 πάλιν
689 3199 922 3265 προτρέπεται
941 3198 1018 3242 τους
1031 3199 1158 3251 παρόν-

132 3269 193 3298 τας
209 3255 294 3308 πρὸς
306 3271 368 3303 την
385 3254 552 3302 ἑστίασιν,
565 3253 624 3292 καὶ
638 3253 750 3305 λεγει·
767 3251 943 3291 Γεύσασθε
954 3282 964 3301 ,
982 3252 1040 3290 καὶ
1055 3252 1159 3301 ἴδετε,

184 3403 195 3415 -'
221 3390 282 3422 Alii
299 3402 356 3425 vin
373 3395 515 3433 »sl-simm-
536 3394 668 3435 ὀπατὴρ
687 3392 700 3422 b
716 3390 863 3426 κελεύσας.

1362 211 1574 241 Paomco.
2094 196 2186 242 0135

1210 291 1449 341 relinquatui:
1468 306 1584 329 meum
1600 293 1706 343 [nobi
1710 307 1770 330 um
1790 307 1910 331 ‹enseo
1925 295 1988 331 filii
2007 295 2189 346 luminum,

1211 357 1324 381 meam
1342 343 1492 393 gloriam
1513 344 1676 381 existimo
1698 345 1804 396 hujus
1824 346 1957 383 celebre
1974 361 2110 384 nomen.

1264 397 1302 432 5.
1338 396 1444 432 Date
1461 398 1578 433 etiam
1609 397 1799 434 annulum
1828 400 1869 434 in
1896 412 2053 435 manum
2082 414 2188 450 ejus:

1212 456 1250 484 ut
1269 447 1425 505 Spiritus
1451 448 1579 499 pignus
1615 459 1724 499 gerat,
1751 458 1784 486 ct
1805 449 1921 501 ipsum
1947 451 2060 488 serens
2079 461 2192 489 custo-

1213 499 1334 537 diatui
1353 499 1486 551 abipso
1507 501 1664 552 Spiritu;
1678 511 1716 539 ut
1734 516 1853 539 meum
1867 502 2027 552 sigillum
2044 503 2194 540 ciicum·

1212 553 1263 590 fei
1265 566 1338 600 ens
1355 552 1593 591 formidabilis
1608 532 1773 591 oninibus
1787 554 1950 592 hostibus
1964 554 2034 593 adx
2037 555 2194 592 ersariis-

1213 619 1282 655 que
1293 614 1569 657 appaiea'‚11ta
1586 606 1698 658 longe,
1713 607 1814 659 cujus
1825 616 2008 659 patr1S1ste
2023 608 2067 645 sit
2082 607 2191 653 filius,

1212 657 1445 709 intelligatur.
1464 660 1570 697 Date
1589 663 1707 697 etiam
1728 661 1995 697 calceamenta
2023 663 2064 697 in
2082 662 2191 711 pede-
2183 674 2196 692 <

1213 713 1324 763 ejus.-
1343 724 1386 748 ne
1404 725 1547 749 nusum
1563 712 1736 750 nudatum
1751 713 1902 765 reperiat
1918 727 1973 750 ser
1974 727 2060 764 pens
2079 712 2197 750 calca-

1214 777 1320 801 neum
1341 764 1428 815 ejus⁷
1451 778 1602 815 eumque
1618 765 1740 803 aculeo
1772 780 1835 803 suo
1854 767 2047 818 percutiat3
2076 765 2137 803 scd
2161 774 2198 802 ut

1214 817 1289 868 ipse
1303 816 1421 868 potius
1437 827 1543 870 caput
1557 817 1720 856 diaconis
1733 818 1925 866 conculcet,
1938 828 1976 856 ut
1991 818 2101 856 hostis
2117 832 2200 856 con-

1214 879 1303 908 terat
1322 870 1497 920 stimulos,
1521 879 1554 908 et
1568 871 1663 909 viam
1684 885 1763 923 quae
1783 849 1979 909 secundiim
1999 873 2116 909 Deum
2136 881 2198 919 est,

1213 931 1410 974 percurrat.
1433 924 1488 960 Et
1518 924 1699 961 adducite
1718 925 1888 962 ‘vitulum
1903 928 2139 983 sagina—tum,
2164 933 2199 962 et

1216 977 1389 1013 occidite
1413 976 1530 1021 Quem
1544 976 1687 1014 tandem
1707 977 1862 1015 vitulum
1874 977 1962 1015 dicit
1976 977 2199 1037 saginatum?

1217 1029 1442 1076 Quemnam?
1462 1029 1607 1075 Quem
1592 1045 1659 1082 Juv
1662 1044 1745 1067 enea
1767 1030 1881 1068 Maiia
1904 1031 2021 1081 Virgo
2048 1031 2197 1083 pcpenit.

1216 1082 1373 1120 Pr·ofe1te
1391 1082 1560 1121 Vitulum
1587 1083 1819 1142 indomitum,
1846 1083 1907 1134 qui
1933 1083 2091 1121 nondum
2118 1098 2202 1136 pec-

1217 1135 1425 1194 catijugum
1443 1135 1624 1186 sustinuit,
1659 1136 1846 1188 viiginem‚
1883 1151 1928 1174 ex
1958 1136 2109 1188 Virgine
2141 1151 2185 1174 na

1218 1196 1306 1237 tum,
1343 1202 1405 1238 qul
1439 1188 1598 1239 sequitur
1633 1203 1690 1227 eos
1728 1189 1790 1240 qui
1821 1199 2019 1241 sequuntur
2051 1204 2099 1239 se,
2134 1204 2200 1227 non

1219 1254 1264 1279 cx
1294 1240 1496 1278 necessitate
1511 1271 1522 1290 ,
1555 1242 1616 1280 sed
1665 1252 1820 1294 sponte·
1810 1273 1821 1293 ,
1865 1257 1927 1293 qui
1976 1257 2045 1280 non
2091 1242 2204 1280 utitur

1219 1293 1346 1331 lobore
1383 1308 1462 1343 suo,
1499 1308 1609 1354 neque
1645 1295 1826 1346 cornibus,
1861 1295 1921 1333 sed
1958 1304 2095 1348 promte
2127 1310 2203 1332 cer

1219 1346 1333 1384 vicem
1364 1347 1514 1385 inclinat
1549 1348 1605 1397 lis,
1641 1348 1703 1398 qui
1733 1357 1886 1386 mactare
1917 1348 2035 1400 ipsum
2062 1348 2199 1386 mlum.

1220 1401 1375 1437 Mactate
1394 1399 1511 1450 itaque
1533 1403 1613 1438 eum
1633 1401 1695 1451 qui
1712 1410 1836 1453 sponte
1847 1410 2040 1451 mactatur3
2056 1410 2205 1439 mactate

1219 1465 1313 1500 eum,
1335 1452 1396 1503 qui
1422 1452 1584 1491 vivificat
1611 1468 1669 1491 cos
1700 1468 1762 1505 qui
1793 1468 1829 1492 se
1856 1464 2027 1504 mactant5
2057 1453 2206 1492 occidite

1220 1519 1314 1554 eum,
1342 1519 1404 1564 qui
1434 1505 1623 1555 occiditm,
1657 1506 1718 1544 sed
1753 1520 1823 1544 non
1844 1508 2015 1557 moritur3
2057 1506 2207 1545 occidite

1220 1571 1314 1606 eum,
1337 1572 1398 1608 qul
1416 1558 1644 1597 membratim
1662 1558 1876 1610 conciditur,
1898 1570 1932 1598 et
1960 1574 2017 1598 eos
2046 1560 2205 1598 sanctifi-

1221 1619 1288 1659 cat,
1310 1611 1383 1670 qui
1391 1624 1427 1648 se
1448 1611 1659 1662 concidunt;
1685 1611 1836 1650 occidite
1849 1627 1943 1662 eum,
1966 1612 2027 1663 qui
2047 1612 2205 1651 comedi-

1221 1673 1279 1701 tui
1297 1663 1369 1700 ab
1360 1663 1402 1701 1is
1420 1664 1484 1714 qui
1502 1663 1621 1717 ipsum
1636 1642 1777 1714 1iorunt,
1803 1673 1836 1702 et
1860 1680 2056 1716 numquam
2078 1679 2205 1703 consu-

1170 1729 1200 1753 57
1221 1716 1517 1765 mitu1;o‹cidite
1535 1732 1632 1768 eum,
1659 1718 1720 1768 qui
1746 1718 1966 1756 comedentes
1989 1719 2110 1756 beatos
2126 1718 2206 1756 ied-

1172 1766 1198 1797 Α
1220 1769 1286 1808 dit.
1300 1769 1347 1807 Et
1366 1769 1547 1822 epulantes
1565 1785 1686 1809 omnes
1702 1771 1876 1821 laetemur,
1901 1773 2003 1822 Quia
2019 1772 2205 1824 hicjilius

1220 1837 1326 1861 meus
1346 1831 1518 1861 mortuus
1537 1833 1634 1871 erat,
1654 1833 1689 1862 et
1708 1827 1870 1869 revixit;
1887 1827 2068 1876 perierat,
2094 1834 2129 1862 et
2146 1827 2204 1862 in-

1223 1885 1356 1915 ventus
1379 1885 1446 1915 est.
1464 1877 1500 1914 E
1505 1885 1518 1914 t
1517 1886 1725 1936 coeperunt
1745 1877 1909 1929 epulari.
1932 1877 2050 1915 Nostis
2063 1877 2205 1930 5Ρίιὶῑῑι-

1219 1929 1269 1967 les
1286 1929 1444 1989 delicias,
1463 1929 1526 1980 qui
1545 1944 1601 1968 eas
1629 1930 1822 1982 degustatis
1842 1939 1875 1968 et
1906 1930 2096 1969 tiemendis
2125 1945 2205 1983 my-

1220 1982 1337 2020 storiis
1362 1981 1491 2019 initiati
1518 1982 1616 2032 estis,
1653 1983 1740 2020 dum
1765 1983 1920 2022 ministri
1957 1984 2048 2022 sacri
2083 1984 2205 2031 officii,

1220 2035 1398 2073 imitantes
1412 2035 1626 2095 angelorum
1643 2036 1718 2073 alas
1736 2036 1904 2074 tenuibus
1921 2036 1994 2074 suis
2012 2037 2117 2075 lineis
2135 2051 2159 2074 v
2162 2051 2203 2074 e-

1219 2087 1279 2138 lis,
1295 2102 1371 2139 quae
1391 2087 1544 2126 sinist1is
1562 2087 1722 2126 humeris
1741 2088 1907 2138 insident,
1920 2090 1957 2126 in
1973 2090 2116 2127 ecclesia
2129 2089 2203 2128 dis-

1222 2151 1384 2191 murum,
1416 2140 1666 2191 clamantque.
1686 2141 1739 2179 Ne
1764 2141 1844 2191 quis
1859 2155 1903 2179 ex
1927 2142 2201 2191 catechumenis,

1222 2207 1265 2231 ne
1277 2193 1358 2244 quis
1377 2207 1498 2231 eolum
1515 2207 1576 2253 qul
1596 2207 1666 2231 non
1685 2192 1808 2241 edunt,
1825 2194 1946 2232 nullus
1975 2209 2019 2232 ex
2037 2195 2202 2247 explma-

1221 2247 1376 2297 toribus,
1407 2260 1451 2284 ne
1474 2261 1554 2298 quis
1580 2260 1701 2284 eorum
1722 2247 1782 2297 qui
1800 2261 1869 2285 non
1895 2256 2042 2306 possunt
2073 2248 2204 2286 intueri

1222 2300 1390 2341 Vitulum
1415 2314 1477 2351 qui
1510 2298 1721 2349 comedim,
1760 2314 1847 2338 neve
1874 2315 1955 2351 quis
1983 2314 2107 2338 eorum
2141 2301 2204 2352 qui

1224 2363 1381 2406 spectare
1393 2366 1464 2391 non
1478 2361 1624 2413 possunt
1642 2352 1814 2390 caelestem
1834 2353 2054 2404 sanguinem,
2074 2353 2136 2405 qui
2155 2355 2205 2391 ef-

1223 2405 1417 2444 funditur
1407 2419 1444 2443 ιιι
1462 2405 1703 2443 remissmnem
1723 2414 1961 2457 peccatorum,
1978 2420 2022 2444 ne
2043 2407 2123 2457 quis
2150 2407 2204 2444 iu-

1223 2459 1354 2510 dignus
1385 2458 1503 2496 hostia
1517 2458 1672 2508 vivente,
1699 2471 1742 2496 ne
1762 2472 1844 2509 quls
1874 2472 1944 2496 non
1965 2458 2139 2510 initiatus,
2163 2474 2206 2498 ne

1225 2512 1305 2563 quis
1320 2525 1456 2561 eorum,
1477 2510 1540 2569 qui
1559 2524 1629 2548 non
1646 2520 1793 2563 possunt
1803 2511 2005 2563 impollutis
2018 2512 2123 2550 labiis
2136 2522 2206 2551 trc-

1225 2565 1353 2602 menda
1374 2563 1542 2616 mysteria
1571 2563 1773 2614 attingelc:
1789 2563 1918 2602 deinde
1941 2564 2206 2617 subjunguntui

1226 2631 1330 2656 voces
1355 2616 1564 2667 angelorum
1583 2615 1861 2654 collaudantium
1882 2616 1927 2655 de
1956 2618 2050 2657 caelis
2083 2628 2116 2656 et
2147 2618 2204 2656 di-

1226 2670 1407 2708 centium:
1430 2669 1580 2707 Sanctus
1599 2671 1714 2728 Pater,
1729 2669 1791 2719 qui
1810 2670 1924 2709 voluit
1936 2671 2084 2709 mactaii
2099 2672 2204 2712 Vitu-

1226 2723 1303 2760 lum
1321 2722 1538 2772 saginatum,
1559 2722 1620 2772 qui
1642 2731 1828 2774 peccatum
1847 2737 1917 2761 non
1939 2724 2051 2768 novit
2075 2734 2112 2762 ut
2124 2739 2207 2777 pio-

1227 2775 1332 2828 pheta
1349 2774 1446 2812 dixit
1462 2775 1600 2813 Isaias.
1621 2776 1696 2825 Qui
1707 2784 1908 2827 peecatum
1923 2790 2001 2814 non
2007 2779 2126 2829 secet
2143 2793 2207 2815 ne-

1227 2842 1301 2879 que
1314 2831 1498 2865 inventus
1513 2836 1568 2865 est
1581 2826 1722 2866 dolus
1708 2842 1750 2865 ιη
1770 2841 1835 2867 ore
1857 2831 1952 2882 ejus.
1977 2830 2127 2868 Sanctus
2156 2839 2207 2868 est

1228 2880 1342 2919 Filius
1362 2879 1470 2918 simul
1486 2889 1520 2917 et
1538 2881 1573 2920 V
1576 2880 1686 2918 itulus
1695 2880 1755 2932 qui
1766 2895 1904 2933 semper
1913 2882 2088 2921 occiditur
2103 2880 2257 2941 spon-²²

1226 2943 1275 2983 te,
1298 2933 1360 2984 qui
1379 2944 1514 2992 semper
1532 2933 1641 2972 vivit:
1663 2943 1804 2972 sanctus
1821 2935 2036 2984 Paracletus,
2053 2935 2208 2988 Spiritus

1228 2995 1381 3036 sanctus,
1401 3000 1461 3036 qul
1477 2985 1694 3024 sacrificium
1712 2987 1865 3038 perficit
1884 2988 1967 3026 Haec
1989 2989 2107 3039 itaque
2122 2988 2209 3026 dum

1228 3040 1324 3078 intus
1342 3048 1539 3091 agerentur,
1558 3039 1674 3077 senior
1688 3040 1786 3078 filius
1819 3054 1901 3078 cum
1919 3042 2084 3091 venisset,
2105 3041 2207 3079 audi-

1231 3092 1284 3131 vit
1310 3093 1453 3143 alonge
1469 3092 1736 3144 symphoniam,
1760 3103 1792 3131 et
1825 3093 1965 3142 choros;
2000 3103 2032 3132 et
2062 3108 2143 3131 cum
2167 3108 2212 3131 ex

1232 3145 1352 3198 pueiis
1373 3159 1485 3182 unum
1505 3145 1726 3193 advocasset
1760 3146 1999 3198 inteirogabat
2027 3145 2115 3196 quid
2147 3145 2213 3183 hoc

1233 3207 1342 3236 esset:
1365 3200 1479 3236 Ames
1498 3212 1593 3236 meas
1626 3199 1789 3237 verheiat
1811 3213 1916 3237 sonus
1935 3199 2126 3256 quispiam.
2151 3198 2216 3235 Ille

1234 3260 1351 3290 autem
1387 3250 1533 3302 inquit:
1555 3251 1675 3290 David
1703 3251 1875 3304 plopheta
1902 3251 1995 3289 intus
2030 3250 2213 3290 concinit:

1253 3389 1268 3411 b
1294 3386 1355 3419 Alii
1373 3389 1443 3430 ἦχός
1466 3402 1507 3422 τις
1524 3394 1668 3433 aeft-azzi.

2320 930 2397 958 .23.

2320 1778 2401 1818 ,2ss

2237 2152 2350 2178 Aliudit
2367 2151 2400 2178 ad

2215 2194 2405 2221 diaconorum

2195 2235 2312 2262 -stolas,

2221 2789 2248 2815 Is
2252 2796 2295 2814 ιι
2316 2786 2403 2823 531).

2224 2839 2248 2857 ι.
2242 2829 2351 2900 2.Pet
2375 2837 2404 2855 2.

2224 3054 2296 3080 Luc.
2306 3050 2395 3081 2525
