2481 3678
269 204 361 261 554
718 213 757 244 s.

265 298 401 336 fucere?
420 297 594 344 Quaenam
621 295 683 333 illa
711 307 815 332 causa
841 293 920 331 est?
946 293 996 330 Ut
1016 290 1194 329 crederent
1216 304 1252 328 se

266 374 334 398 non
364 359 513 412 gloriam
539 356 636 410 apud
664 356 816 407 vulgum
845 363 996 406 captare.
1027 353 1253 405 Quapropter

267 437 349 460 eum
364 421 515 459 humilia
533 419 704 470 loquitur,
721 419 806 469 Ego
822 417 954 454 Patris
968 415 1135 467 gloriam
1151 426 1254 466 quoe-

266 498 328 531 νο,
350 484 476 535 inquit,
493 491 533 520 ut
551 479 711 519 ostendat
726 478 798 516 illis
821 476 965 527 ubique,
988 489 1022 513 se
1037 489 1106 514 non
1121 488 1255 526 quaere-

265 562 302 584 re
329 545 490 598 gloriam.
516 544 586 581 Cur
614 550 732 579 autem
752 538 906 576 humilia
934 537 1114 589 loquatur,
1134 536 1255 574 multae

266 617 347 645 sunt
365 621 478 645 eausae
492 621 503 656 5
528 614 628 656 puta,
655 616 698 640 ne
724 600 903 652 ingenitus
935 607 1080 651 putetur
1105 611 1192 648 esse,
1213 611 1256 635 ne

272 671 341 706 Deo
364 666 602 715 adversarius,
623 673 662 702 ut
681 676 822 701 carnem
842 660 999 699 induisse
1023 659 1198 708 credatur,
1216 668 1256 697 ut

267 728 465 767 infirmitati
490 726 696 765 auditorum
716 723 888 773 consulat,
908 731 948 760 ut
975 720 1185 760 modestiam
1204 734 1256 758 se-

267 790 353 828 ctari
381 798 414 827 et
430 788 640 841 jactantiam
667 787 789 838 sugere
816 785 954 823 doceat.
973 782 1151 823 sublimia
1172 795 1255 821 vero

267 851 434 904 loquendi
455 865 524 889 una
548 850 663 889 solum
684 848 880 901 reperiatur
899 861 1019 895 causa,
1044 859 1168 897 nempe
1186 859 1254 882 na—

266 924 358 952 turae
370 911 585 966 praestantia,
595 910 665 949 Sed
674 910 703 948 si
719 909 803 961 quia
819 908 925 957 dixit,
937 922 973 946 se
987 916 1067 945 ante
1077 906 1256 944 Abraham

268 973 523 1024 suisse‚ofsensi
543 981 637 1021 sunt,
650 985 720 1022 quo
738 984 807 1008 non
823 969 1081 1022 prorupissent,
1097 967 1128 1005 si
1143 967 1257 1005 subli-

269 1037 340 1074 mia
357 1050 494 1088 semper
512 1033 718 1073 audissent?
736 1034 796 1071 49.
817 1033 956 1070 Nonne
971 1032 1130 1078 Moyses
1152 1029 1259 1066 dedit

269 1101 379 1136 vobis
406 1099 540 1149 legem,
561 1105 596 1134 et
626 1108 736 1133 nemo
765 1108 811 1131 ex
839 1095 951 1130 vobis
973 1092 1076 1143 facit
1103 1091 1222 1142 legem
1241 1095 1258 1127 Ρ

273 1159 377 1210 Quid
391 1172 450 1195 me
464 1159 635 1210 quaeritis
651 1155 890 1207 interficere?
907 1152 1025 1199 Quam
1043 1164 1259 1201 consequen-

271 1220 370 1270 tiam,
391 1218 480 1270 quid
499 1229 686 1256 commune
702 1215 834 1252 habent
852 1215 930 1252 haee
953 1227 1035 1251 eum
1057 1211 1258 1265 praeceden-

270 1281 364 1318 tibus
382 1279 528 1319 verbis?
550 1280 631 1316 Duo
649 1276 701 1314 illi
721 1276 870 1314 crimina
886 1274 1106 1313 intentabant
1116 1288 1128 1324 3
1145 1273 1259 1323 aliud,

269 1342 365 1392 quod
395 1341 583 1379 sabbatum
607 1339 760 1379 solveret
771 1353 781 1388 ;
799 1337 917 1387 aliud,
938 1336 1037 1388 quod.
1056 1337 1173 1374 Deum
1192 1336 1259 1373 Pa-

270 1413 360 1441 trem
380 1403 528 1451 diceret,
556 1415 662 1452 seque
693 1401 768 1438 Deo
796 1399 969 1450 aequalem
988 1398 1130 1436 faceret.
1154 1397 1260 1445 Quod

268 1465 363 1502 enim
386 1478 455 1502 non
474 1479 519 1502 ex
543 1464 689 1501 illorum
714 1461 914 1514 suspicione
930 1492 939 1509 ,
965 1460 1026 1498 sed
1044 1473 1089 1498 ex
1117 1459 1260 1512 propria

269 1526 440 1564 sententia
460 1525 510 1563 sic
533 1525 764 1575 loqueretur;
786 1531 822 1559 at
841 1536 910 1560 non
939 1521 1030 1559 sieut
1049 1520 1111 1558 alii
1136 1520 1258 1567 multi,

270 1588 331 1625 sed
349 1587 449 1638 quasi
475 1585 663 1638 proprium
692 1583 761 1622 sibi
786 1592 819 1621 et
844 1582 1021 1620 eximium
1046 1582 1085 1620 id
1115 1582 1260 1626 diceret,

270 1648 355 1685 hinc
379 1648 500 1700 palam
517 1655 579 1684 est.
605 1645 715 1683 Multi
736 1658 827 1696 saepe
853 1652 991 1696 patrem
1013 1656 1117 1681 suum
1137 1643 1261 1681 dixere

76 1722 152 1750 ΝΛ.
171 1729 256 1750 210.
272 1711 402 1748 Deum:
422 1708 579 1760 exempli
598 1721 714 1756 causa,
732 1707 838 1744 Deus
855 1719 953 1744 unus
965 1708 1111 1743 creavit
1128 1720 1209 1751 nos,
1226 1714 1263 1742 et

271 1781 382 1825 pater
403 1785 502 1809 unus
521 1778 577 1808 est
594 1771 764 1807 omnium
782 1776 953 1806 nostrum
962 1785 977 1813 ;
998 1781 1060 1805 nee
1079 1776 1263 1819 propterea

274 1833 428 1886 populus
445 1831 593 1882 aequalis
612 1832 687 1868 Deo
703 1838 791 1867 erat.
814 1829 1040 1880 Quapropter
1067 1842 1136 1865 non
1152 1828 1264 1865 ossen-

274 1895 450 1932 debnntur
472 1907 554 1931 cum
582 1891 657 1929 haee
684 1889 864 1928 audirent.
885 1890 934 1927 Ut
962 1903 1046 1941 ergo
1066 1902 1149 1926 cum
1167 1887 1263 1926 diee—

275 1965 352 1994 rent
371 1956 488 2007 ipsum
507 1968 552 1992 ex
575 1954 649 1991 Deo
669 1966 737 1989 non
757 1965 845 2001 esse,
868 1950 962 2002 ipsos
981 1964 1074 2002 saepe
1092 1949 1262 2000 correxit,

275 2027 309 2055 et
325 2017 370 2055 de
388 2015 526 2054 sabbati
543 2013 716 2053 solutione
736 2026 809 2050 sese
827 2011 986 2050 defendit
1002 2027 1009 2048 :
1031 2011 1080 2049 ita
1104 2011 1134 2049 si
1153 2025 1199 2049 ex
1221 2011 1265 2049 il—

277 2079 394 2116 lorum
413 2077 598 2131 opinione,
620 2090 689 2114 non
708 2089 753 2113 ex
774 2089 836 2112 sua
859 2074 1029 2112 sententia
1045 2074 1114 2111 hoe
1128 2073 1266 2112 dictum

278 2140 414 2188 suisset,
432 2138 662 2205 corripuisset
681 2136 778 2174 haud
797 2135 907 2174 dubie
926 2136 1019 2185 illos⁷
1033 2134 1266 2186 dixissetque,

135 2217 268 2244 Ctnistus
281 2202 354 2239 Cur
382 2215 437 2239 me
469 2209 547 2252 put
540 2199 607 2237 itis
640 2212 729 2248 aequ
722 2197 813 2234 ilem
845 2210 917 2234 esse
944 2196 1048 2233 Deo?
1080 2197 1160 2233 Non
1189 2210 1268 2233 sum

81 2270 124 2326 ³¹}
130 2258 269 2327 Qualem
283 2263 441 2314 aequalis.
456 2263 594 2301 Veium
611 2259 701 2297 1111111
719 2257 926 2310 hujusmodi
941 2256 1051 2305 dixit,
1065 2257 1136 2295 imo
1155 2266 1269 2296 osten-

82 2349 116 2368 ις,
134 2307 191 2369 (imi
183 2348 215 2369 2
241 2310 253 2326 ⁸
284 2324 365 2364 dit
355 2339 391 2362 111
410 2321 638 2373 sequentibus
662 2334 698 2357 se
720 2332 802 2358 ieie
823 2318 1023 2369 aequalem
1014 2318 1085 2370 lpsi
1110 2332 1194 2356 esse.
1219 2318 1269 2356 Il-

284 2386 346 2423 lud
365 2384 488 2428 enim
512 2383 616 2422 Sicut
632 2383 754 2419 Patet
770 2382 933 2418 suscitat
954 2388 1122 2418 mortuos
1144 2389 1181 2419 et
1205 2383 1268 2418 vi-

287 2449 445 2500 vificat,
478 2448 533 2484 sic
567 2452 603 2482 et
628 2443 784 2487 Filius,-
824 2449 879 2490 et,
914 2443 965 2479 Ut
994 2455 1125 2480 omnes
1153 2443 1271 2480 hono-

286 2513 319 2547 ri
338 2517 437 2547 [cent
465 2507 633 2552 Filium,
665 2512 706 2542 nt
722 2503 985 2555 honorificant
1009 2504 1171 2541 Patrem
1189 2520 1203 2549 ;
1225 2513 1270 2553 et,

291 2573 416 2621 Opera
445 2582 529 2620 quse
563 2570 642 2618 ipse
671 2567 793 2619 facit,
831 2565 914 2602 laeoee
943 2573 980 2602 et
1009 2565 1135 2603 Filius
1169 2568 1273 2604 simi-

290 2631 494 2683 literfacit
514 2645 523 2664 .·
541 2628 617 2666 haee
636 2626 755 2665 onmia
787 2625 1025 2676 aequalitatem
1046 2626 1269 2664 confirmant.

92 2705 208 2735 assint.
226 2705 253 2732 5.
291 2694 343 2730 De
360 2692 436 2741 lege
454 2704 592 2740 quoque
609 2690 669 2738 ait,
685 2688 817 2726 Nolite
829 2696 968 2739 putare
984 2691 1076 2741 quia
1093 2691 1187 2726 veni
1198 2689 1322 2727 sol-A

99 2757 126 2767 ’“
294 2768 377 2793 vere
393 2754 510 2805 Iegem
528 2761 593 2789 (ιιιι
610 2752 829 2803 prophetas.
851 2750 910 2788 Sic
930 2750 1017 2788 solet
1034 2751 1143 2789 malas
1161 2751 1275 2804 suspi-

290 2817 406 2854 ciones
424 2828 469 2851 ex
485 2813 660 2850 mentibus
684 2812 843 2851 evellere.
861 2812 929 2849 Hic
951 2821 1067 2851 autem
1093 2814 1276 2864 esqualita-

293 2887 361 2915 tem
389 2889 469 2913 eum
489 2875 591 2911 Patre
614 2888 680 2910 nun
708 2873 813 2910 inodo
834 2887 900 2911 non
920 2873 1026 2922 tollit,
1057 2874 1118 2913 sed
1149 2875 1278 2913 confir-

294 2948 375 2976 mat.
397 2940 515 2984 Quare
534 2934 620 2972 alibi
641 2934 841 2971 dicentibus
865 2935 950 2982 11115,
968 2937 1086 2974 Facis
1117 2939 1278 2988 leipsmn

294 3001 433 3041 Deum,
453 2996 685 3048 suspicionem
705 3008 773 3031 non
793 2994 946 3046 depulit,
967 2996 1038 3034 imo
1057 3011 1119 3036 tel
1121 3012 1178 3035 1111
1195 3014 1278 3050 pro-

98 3077 146 3104 ils
153 3078 205 3105 ω),
212 3091 229 3117 1,
247 3078 274 3105 ι,
293 3060 390 3098 bavit
411 3058 466 3096 1115
494 3055 717 3096 xe1·l›is:Lt
747 3063 876 3092 (actem
907 3059 1037 3094 sff'ml1s
1064 3061 1156 3109 quia
1172 3068 1278 3110 pote-

294 3130 430 3160 §tatem
450 3117 700 3157 llabe'lbilins
720 3116 886 3152 hominis
907 3118 1128 3155 dimittendi
1141 3134 1277 3170 peeca-

684 3220 686 3222 v
822 3185 936 3213 tico:
971 3179 1077 3215 Tolle
1113 3182 1278 3230 grabba-

488 3261 505 3278 1:
592 3255 624 3275 5
789 3236 881 3274 'alud
910 3237 1019 3288 igitur
1049 3239 1144 3288 quod
1178 3241 1277 3292 prius

795 211 980 243 JOANNIS
1015 208 1257 240 CHRYSOST.
1300 208 1485 238 ARCHIEI’
1495 227 1502 237 .

1542 206 1901 237 CONSTANTINOP-

1327 295 1457 339 ποιεῖν,
1481 288 1546 332 Τίς
1563 287 1597 327 δὲ
1616 287 1726 335 mitem
1746 286 1826 326 Ἵνα
1850 286 2098 334 πιστεύσωσιν,
2119 285 2172 323 ὅτι
2194 287 2231 323 οὐ
2251 285 2349 332 δόξης

1326 352 1459 403 ἐφίεται
1475 353 1536 396 τῆς
1554 352 1622 387 τῶν
1642 351 1797 388 πολλῶν.
1819 349 1887 387 Διὰ
1903 353 2004 388 τοῦτο
2021 348 2104 387 ὅταν
2128 346 2188 398 μὲν
2206 346 2353 385 ταπεινὰ

1329 413 1412 465 λέγῃ
1427 444 1436 461 ,
1456 411 1550 464 ἸΞγω
1567 410 1629 458 τὴν
1651 410 1749 455 δόξαν
1767 427 1826 450 του
1844 409 1982 463 Πατρὸς
2000 412 2114 457 ζητῶ,
2138 408 2246 461 φησί·
2263 423 2352 447 παν-

1327 479 1436 528 ταχοῦ
1463 480 1582 513 πεῖσαι
1604 472 1809 525 βουλόμενος
1830 472 1977 520 αὐτους,
2006 471 2060 511 ὅτι
2088 473 2126 510 οὐ
2157 470 2255 517 δόξης
2279 471 2353 522 ἐρᾷ.

1327 539 1400 576 Του
1416 536 1458 588 μὲ
1461 552 1477 573 ν
1498 539 1554 574 οὐν
1571 550 1718 573 ταπεινα
1737 534 1945 586 φθεγγεσθαι
1960 532 2088 572 πολλαί
2109 534 2194 571 εἰσιν
2217 531 2349 569 αἰτίαι·

1327 593 1395 637 οἷον
1419 598 1459 636 τὸ
1481 596 1529 648 μὴ
1551 596 1734 647 ἀγέννητον
1756 597 1981 646 νομισθῆναι,
1998 594 2037 632 τὸ
2057 593 2105 644 μὴ
2130 593 2296 641 ἀντίθεον,
2315 593 2356 632 τὸ

1328 659 1443 710 σάρκα
1459 657 1757 710 περιδεὸλῆσθαι,
1779 655 1818 694 τὸ
1841 655 1981 698 ἀσθενὲς
1998 658 2066 693 τῶν
2087 654 2295 699 ἀκουόντων,
2319 653 2356 690 τὸ

1329 720 1501 758 διδάσκειν
1520 718 1597 762 τοὺς
1617 716 1817 770 ἀνθρώπους
1834 717 2043 768 μετριάζειν,
2062 716 2121 754 καὶ
2143 714 2250 767 μηδὲν
2274 714 2355 766 περὶ

1328 783 1459 818 ἑαυτῶν
1475 780 1588 832 λέγειν
1614 778 1715 831 μέγα.
1733 781 1766 817 Τ
1770 782 1806 817 οὔ
1825 778 1859 816 ’δὲ
1888 777 2007 830 ὑψηλὰ
2030 776 2237 830 φθέγγεσθαι
2271 776 2356 827 μίαν

1329 839 1422 892 εὕροι
1443 857 1495 883 τις
1514 839 1553 877 ἂν
1571 838 1698 885 αἰτίαν,
1715 841 1778 884 τῆς
1802 836 1935 890 φύσεως
1960 838 2000 875 τὸ
2028 837 2181 889 μέγεθος.
2202 838 2246 875 Εἰ
2262 837 2329 890 γὰρ
2346 866 2356 883 ,

1329 901 1447 949 ἐπειδὴ
1473 896 1580 949 εἶπεν,
1600 900 1677 953 Πρὸ
1696 903 1754 938 τοῦ
1787 899 1956 951 Ἀδραὰμ
1980 898 2048 951 ἐγώ
2068 901 2142 950 εἶμι
2155 930 2165 947 ,
2186 899 2355 936 ἐσκανδα-

1328 962 1510 1009 λίσθησαν,
1538 961 1572 999 τί
1605 963 1664 1000 οὐκ
1698 961 1737 998 ἂν
1767 961 1893 999 ἔπαθον
1928 960 1981 999 ἀεὶ
2015 960 2181 1012 ῥημάτων
2212 961 2356 1011 ὑψηλῶν

1329 1021 1528 1068 ἀκούοντες,
1548 1023 1600 1059 Οὐ
1627 1022 1780 1066 Μωϋσῆς
1806 1019 1953 1058 δέδωκεν
1977 1022 2058 1070 ὑμῖν
2078 1020 2136 1058 τὸν
2155 1018 2273 1070 νόμον,
2296 1018 2356 1056 καὶ

1331 1081 1439 1125 οὐδεὶς
1463 1080 1496 1124 ἐξ
1516 1084 1611 1130 ὑμῶν
1640 1086 1731 1119 ποιεῖ
1753 1081 1811 1119 τὸν
1831 1080 1955 1131 νόμον,
1979 1080 2028 1119 Τί
2051 1096 2094 1132 με
2113 1082 2248 1128 ζητεῖτε
2270 1082 2358 1118 ἀπο-

1330 1149 1479 1189 κτεῖναι,
1497 1141 1567 1180 Καὶ
1585 1141 1687 1180 ποίαν
1705 1142 1909 1180 ἀκολουθίαν
1925 1142 2131 1194 ἔχειτοῦτο,
2149 1141 2266 1193 φησὶν,
2286 1141 2308 1187 ἢ
2324 1141 2358 1178 τί

1330 1202 1442 1242 κοινὸν
1460 1202 1546 1254 πρὸς
1573 1201 1616 1240 τὰ
1636 1200 1802 1254 πρότερον
1838 1202 2023 1254 εἰρημένα,
2051 1201 2120 1239 Δύο
2151 1201 2358 1253 ἐγκλήματα

1331 1263 1529 1315 ἐπήγαγον,
1556 1263 1604 1309 ἓν,
1632 1262 1684 1300 ὅτι
1701 1278 1740 1300 το
1758 1262 1933 1301 affigat-coxa
1959 1262 2052 1301 λύει·
2076 1262 2160 1301 ἄλλο
2175 1290 2184 1308 ,
2206 1261 2260 1301 ὁτι
2278 1263 2359 1299 Πα-

1331 1324 1416 1378 τέρα
1430 1324 1527 1376 ἔλεγε
1541 1325 1598 1363 τὸν
1617 1324 1749 1370 Θεὸν,’1
1738 1340 1807 1363 ισον
1825 1340 1946 1363 εαυτον
1965 1327 2072 1363 ποιῶν
2092 1340 2142 1376 τῳ
2158 1325 2252 1376 Θεῷ.
2275 1322 2359 1361 (Ότι

1332 1386 1399 1440 γὰρ
1418 1389 1455 1424 οὐ
1473 1403 1536 1433 της
1555 1385 1694 1425 ἐκείνων
1712 1385 1872 1429 ὑπονοίας
1891 1390 1946 1434 ἠν,
1968 1385 2058 1425 ἀλλὰ
2074 1388 2136 1432 τ’ἦς
2157 1387 2259 1423 αὐτου
2271 1383 2360 1436 γνώ-

1334 1463 1421 1498 μης·
1443 1447 1502 1485 καὶ
1522 1447 1573 1485 ὅτι
1593 1449 1656 1499 οὐχ
1676 1464 1723 1491 ως
1751 1449 1782 1486 οἱ
1808 1446 1949 1494 πολλοὶ,
1978 1449 2054 1486 ἀλλ’
2085 1446 2266 1499 ἐξαιρέτως
2299 1445 2359 1484 καὶ

1334 1510 1531 1553 ἰδιαζόντως
1566 1508 1683 1560 ἔλεγε,
1713 1510 1815 1555 δηλον
1848 1511 1990 1547 ἐκεῖθεν.
2024 1508 2157 1546 Πολλοὶ
2191 1507 2361 1551 πολλάκις

1334 1587 1470 1622 πατερα
1496 1573 1589 1608 εἷπον
1618 1584 1674 1607 τον
1703 1570 1793 1608 Θεὸν
1814 1570 1965 1607 ἑαυτων·
1997 1573 2081 1618 οἷον,
2115 1568 2168 1606 ὅτι
2197 1569 2287 1612 Θεὸς
2314 1562 2361 1611 εἷς

1335 1632 1466 1670 ἔκτισεν
1488 1635 1601 1682 ἡμᾶς,
1630 1647 1689 1669 και
1714 1630 1830 1682 πατηρ
1852 1634 1898 1675 εἷς
1926 1631 2067 1669 πάντων
2087 1633 2200 1681 ἡμων·
2225 1633 2300 1668 ἀλλ’
2324 1632 2361 1668 οὐ

1333 1693 1430 1746 παρὰ
1448 1696 1547 1731 τοῦτο
1567 1692 1637 1736 ἴσος
1652 1686 1693 1738 ἦν
1707 1694 1724 1729 ὃ
1742 1692 1824 1735 λαὸς
1842 1695 1893 1744 τῷ
1913 1694 2013 1744 Θεῷ·
2035 1692 2109 1730 ὅθεν
2130 1691 2207 1730 οὐδὲ
2228 1693 2359 1730 ἐσκαν-

1335 1753 1511 1798 δαλίζοντο
1531 1753 1722 1797 ἀκούοντες.
1743 1752 1889 1806 Ἵὶσπερ·
1912 1747 1968 1791 οὖν
1989 1752 2066 1801 ὅτε,
2096 1755 2174 1791 Οὐκ
2194 1752 2287 1791 ἔστιν
2321 1755 2369 1803 ἐκΙ

1333 1816 1426 1853 Θεοῦ
1438 1844 1447 1861 ,
1465 1813 1595 1866 ἔλεγον,
1622 1814 1682 1852 καὶ
1701 1814 1929 1866 ἐθεράπευσεν
1947 1814 2067 1858 αὐτοὺς
2088 1814 2259 1858 πολλάκις
2271 1842 2280 1859 ,
2300 1804 2370 1852 καὶΙ

1333 1875 1420 1927 ὑπερ
1440 1892 1502 1922 της
1520 1891 1580 1913 του
1612 1875 1791 1913 σαὸὅάτου
1825 1875 1957 1918 λύσεως
1982 1876 2247 1928 ἀπελογήσατο·
2270 1874 2358 1913 οὕτω

1335 1936 1394 1974 καὶ
1421 1952 1539 1984 τουτο,
1563 1938 1591 1974 εἷ
1613 1939 1675 1983 τῆς
1694 1935 1832 1974 ἐκείνων
1859 1936 2008 1988 ὑποψίας
2035 1940 2092 1986 ἠν,
2126 1937 2186 1975 καὶ
2220 1936 2268 1986 μὴ
2300 1938 2362 1983 τ’ῆς

1338 2001 1440 2037 αὐτου
1460 1997 1618 2050 γνώμης,
1645 1997 1878 2049 διώρθωσεν
1862 2013 1902 2035 αν
1922 1998 1981 2036 καὶ
2006 2002 2119 2036 εἶπεν·
2141 1997 2175 2035 τί
2197 2014 2240 2074 με
2260 1997 2362 2048 νομί-

1337 2061 1411 2103 ζετε
1431 2059 1501 2098 ἴσον
1529 2062 1579 2097 τῶ
1599 2062 1699 2111 Θεῳ,
1728 2061 1805 2097 Οὐκ
1823 2058 1895 2110 εἰμὶ
1916 2059 1998 2103 ἴσος.
2019 2058 2109 2098 Ἀλλ’
2134 2059 2229 2098 οὗδεν
2251 2075 2304 2098 τοι
2307 2075 2361 2097 ου-

1337 2137 1394 2159 τον
1413 2114 1519 2167 εἶπεν,
1538 2098 1627 2158 ἀλλὰ
1644 2120 1703 2158 καὶ
1718 2120 1927 2167 τούναντίον,
1950 2121 2009 2158 καὶ
2032 2120 2207 2165 ἀπέδειξεν
2223 2120 2275 2159 ὅτι
2291 2120 2363 2164 ἴσος

1339 2182 1412 2219 ἐστὶ
1433 2181 1490 2220 διὰ
1509 2184 1576 2219 τῶν
1602 2180 1691 2226 ἑξῆς.
1712 2182 1764 2219 Τὸ
1785 2181 1872 2233 γὰρ,
1890 2180 2034 2234 ‘'sto-1159
2053 2184 2070 2219 ὁ
2090 2181 2218 2235 Πατὴρ
2240 2180 2364 2234 ἐγείρει

1339 2242 1416 2286 τοὺς
1445 2241 1584 2295 νεκροὺς
1604 2242 1662 2279 καὶ
1686 2244 1863 2287 ζωοποιεῖ,
1896 2241 2009 2280 1ὀὕτω
2032 2242 2091 2280 καὶ
2116 2246 2134 2280 ὁ
2151 2242 2253 2286 Υἱός·
2283 2242 2365 2289 καὶ,

1340 2304 1419 2343 Ἵνα
1432 2303 1557 2347 πάντες
1578 2305 1706 2354 τιμῶσι
1728 2303 1784 2340 τὸν
1808 2303 1903 2349 Υἱὸν,
1924 2303 2037 2346 καθὼς
2059 2306 2189 2354 τιμῶσι
2204 2304 2261 2342 τὸν
2282 2305 2361 2341 Πα-

1341 2365 1440 2418 τέρα,
1464 2365 1540 2411 καὶ,
1560 2363 1618 2402 Τὰ
1634 2363 1738 2415 ἔργα,
1761 2363 1782 2400 ἂ
1805 2363 1845 2401 ἂν
1866 2365 1992 2409 ἐκεῖνος
2018 2370 2131 2412 ποιεῖ,
2147 2368 2257 2402 ταῦτα
2272 2364 2330 2402 καὶ
2347 2366 2365 2401 ὁ

1342 2427 1423 2471 Υἱὸς
1440 2426 1566 2477 ὁμοίιος
1582 2431 1692 2463 ποιεῖ·
1709 2429 1818 2463 ταῦτα
1836 2425 1950 2463 πάντα
1966 2428 2028 2471 τ’ἦς
2045 2425 2201 2472 ἷσότητός
2217 2428 2291 2463 ἐστι
2308 2441 2364 2463 συ-

1343 2488 1502 2527 στατικά.
1522 2487 1591 2526 Καὶ
1607 2486 1686 2538 περὶ
1706 2490 1765 2524 τοῦ
1785 2486 1889 2537 νόμου
1915 2487 1950 2526 δὲ
1967 2487 2078 2538 λέγει·
2103 2487 2164 2534 Μὴ
2180 2486 2365 2537 νομίσητε,

1343 2550 1395 2588 ὅτι
1425 2543 1527 2595 ἦλθον
1557 2549 1749 2586 καταλῦσαι
1782 2548 1840 2586 τὸν
1870 2547 1989 2599 νόμον,
2017 2548 2038 2595 ἢ
2066 2547 2143 2592 τοὺς
2173 2548 2365 2600 προφήτας.

1343 2610 1464 2654 Οὕτως
1480 2603 1548 2648 οἶδε
1565 2609 1624 2647 καὶ
1638 2607 1701 2652 τὰς
1729 2611 1763 2646 ἐν
1790 2609 1925 2661 διανοίᾳ
1953 2610 2107 2662 πονηρὰς
2127 2609 2288 2652 ὑπονοίας
2310 2608 2367 2653 ἐξ-

1299 2675 1443 2720 Λελεῖν.
1461 2671 1633 2710 Ἔνταυθα
1652 2670 1686 2709 δὲ
1706 2670 1767 2718 τὴν
1783 2674 1840 2709 του
1863 2687 1935 2710 ισου
1951 2671 2113 2710 ὑπόνοιαν
2130 2673 2167 2709 οὐ
2185 2670 2287 2721 μόνον
2306 2671 2367 2707 οὐκ

1344 2738 1497 2787 ἀναιρεῖ,
1520 2732 1609 2771 ἀλλα
1626 2749 1684 2770 και
1702 2733 1847 2783 βεοαιοι.
1864 2734 1928 2771 Διὸ
1946 2749 2005 2770 και
2026 2734 2180 2784 ἀλλαχου
2198 2731 2366 2769 εἰπόντων

1345 2797 1470 2841 αὐτῶν,
1486 2794 1537 2831 ὅτι
1557 2794 1673 2835 Ποιεῖς
1693 2767 1835 2830 όεαυτὸν
1853 2792 1956 2840 Θεὸν,
1986 2795 2046 2830 οὐκ
2067 2794 2180 2830 ἀνεῖλε
2198 2791 2261 2838 τὴν
2281 2791 2367 2829 ὑπό-

1346 2871 1453 2902 νοιαν,
1481 2853 1570 2892 ἀλλὰ
1596 2854 1656 2891 καὶ
1677 2853 1885 2891 ἐῧεὸαίωσεν
1914 2852 2041 2890 εἰπών·
2062 2852 2141 2892 Ἵνα
2169 2852 2203 2891 δὲ
2233 2854 2370 2899 εἰδῆτε,

1348 2917 1400 2955 ὅτι
1417 2915 1569 2961 ἐξουσίαν
1593 2915 1664 2967 ἔχει
1679 2918 1696 2952 ὁ
1719 2914 1800 2957 Υἱὸς
1815 2918 1873 2951 τοῦ
1894 2913 2075 2967 ἀνθρώπου
2095 2914 2232 2966 ἀφιέναι
2252 2914 2370 2965 ἁμαρ-

1348 2978 1423 3021 τίας
1451 2977 1507 3017 ἐπὶ
1534 2980 1596 3023 τῆς
1624 2979 1706 3027 γ’ῆς,
1734 2975 1827 3025 λέγει
1849 2978 1899 3028 τῷ
1919 2977 2166 3028 παραλυτικῷ·
2201 2969 2281 3027 ἆρον
2313 2973 2371 3011 τὸν

1349 3037 1547 3093 κράὸδατόν
1576 3054 1653 3085 σου,
1683 3037 1741 3075 καὶ
1772 3037 1968 3088 περιπάτει.
2003 3036 2139 3075 Ἐκεῖνο
2168 3036 2230 3087 μὲν
2253 3029 2310 3074 οἶν
2333 3034 2372 3072 τὸ

1349 3107 1513 3159 πρότερον
1531 3105 1694 3150 ἐπέτεινε,
1713 3104 1752 3142 τὸ
1770 3104 1843 3142 ἴσον
1860 3104 1979 3141 ἑαυτὸν
2000 3109 2109 3142 ποιεῖν
2126 3106 2175 3154 τῷ
2193 3104 2287 3153 Θεῷ,
2303 3102 2371 3138 δει-

1350 3174 1428 3218 κνὺς
1448 3175 1499 3212 ὅτι
1518 3176 1578 3212 οὐκ
1600 3173 1692 3212 ἔστιν
1708 3170 1859 3214 ἀντίθεος
1871 3201 1880 3218 ,
1904 3169 1993 3208 ἀλλὰ
2011 3170 2070 3208 καὶ
2089 3169 2134 3207 τὰ
2154 3169 2240 3207 αὐτὰ
2254 3168 2371 3220 λέγει,

1349 3241 1409 3280 καὶ
1430 3242 1473 3279 τὰ
1505 3240 1591 3279 αὐτὰ
1620 3239 1737 3291 ἐκείνῳ
1765 3238 1935 3277 διδάσκει·
1959 3237 2078 3276 λοιπὸν
2105 3236 2190 3288 πρὸς
2220 3235 2282 3282 τὴν
2312 3238 2371 3273 τοῦ

819 3383 911 3409 esunt
935 3376 967 3409 in
993 3375 1190 3418 quibusdam
1218 3378 1293 3411 Mss.
1311 3377 1410 3423 [Mox
1427 3379 1510 3413 Bibl.
1532 3384 1548 3414 2¹<
1566 3385 1600 3414 ἂν
1617 3384 1720 3417 ἐκεῖνος
1736 3385 1816 3422 ποιῇ.
1834 3374 1919 3410 Cod.
1936 3376 1998 3409 706
2016 3380 2036 3408 ὰ
2053 3380 2155 3413 ἐκεῖνος
2172 3375 2274 3414 παι-Ἀ]
