2481 3678
101 1687 211 1715 Mattlu.
238 1688 282 1715 ιδ.

98 1729 146 1757 23.

765 246 803 275 S.
841 245 1023 276 suffixis
1058 243 1299 273 CttnYSOST.

300 327 534 381 petulantem,
551 335 632 365 aute
647 327 879 380 coryphaeum
891 325 1109 363 accubuisse.
1128 323 1283 362 Aliunde

302 403 450 440 namque
478 389 554 441 ejus
582 388 777 440 petulantia
807 386 1106 438 dignoscebatur,
1140 384 1284 436 quando

301 449 448 488 intinxit
475 464 555 488 cum
596 449 785 500 Magistro,
823 456 855 485 et
883 445 1026 497 quando
1055 445 1285 498 reprehensus

301 525 369 548 non
402 519 631 563 compunctus
669 519 732 547 est.
768 510 893 546 Petrus
928 515 1046 544 autem
1072 506 1148 558 jam
1180 506 1286 544 semel

299 581 400 610 autea
420 573 642 623 increpatus,
675 569 737 620 qui
758 568 819 606 illa
851 582 895 606 ex
913 567 1045 605 amoris
1064 566 1285 606 vehementia

298 632 461 681 dixerat,
489 632 535 669 ita
562 644 738 683 repressus
762 638 835 679 cst,
867 638 906 666 ut
925 628 1056 665 anxius
1079 636 1112 664 et
1134 636 1284 666 tremens

299 694 408 732 altero
430 708 518 746 opus
545 693 690 730 haberet
714 691 761 729 ad
782 689 1076 742 interrogandum
1084 706 1096 741 3
1121 690 1181 727 hic
1199 704 1283 729 vcro

300 769 391 807 saepe
420 754 649 806 reprehensus
677 766 720 790 ne
753 752 860 790 sensit
893 751 1051 803 quidem.
1087 752 1180 789 Cum
1201 764 1284 802 ergo

300 816 452 853 venisset
481 814 526 852 ad
546 815 709 863 Petrum,
731 815 839 851 Dicit
864 815 899 850 ei
917 814 1056 850 Petrus
1075 828 1085 848 .-
1104 813 1283 861 Domine,

300 885 341 915 tu
373 878 469 914 mihi
495 876 606 913 lavas
635 876 770 927 pedes?
790 876 827 912 7.
851 874 1061 926 Respondit
1079 876 1114 911 ei
1139 889 1146 910 :
1173 872 1285 923 Quod

298 951 381 991 ego⁸
384 939 491 989 facio
512 946 553 975 tu
568 939 690 975 nescis
710 937 844 982 modo,
862 938 958 974 scies
975 943 1105 973 autem
1122 943 1255 987 postea
1271 949 1281 969 .-

299 998 339 1035 id
357 1007 427 1048 est,
460 1007 633 1049 quantum
661 997 746 1034 hinc
772 996 884 1045 lucri,
912 1004 1081 1046 quantam
1113 995 1283 1034 doctrina¹

299 1060 511 1108 utilitatem,
539 1068 571 1096 et
598 1067 767 1109 quantam
791 1057 860 1094 hoc
881 1057 928 1094 ad
957 1057 1197 1094 humilitatem
1222 1071 1285 1094 nos

299 1123 427 1160 ducere
445 1121 568 1174 possit.
593 1120 691 1167 Quid
711 1134 793 1171 ergo
813 1120 969 1158 Petrus?
996 1119 1126 1157 Adhuc
1146 1119 1287 1157 cohibet

301 1193 331 1221 et
342 1184 428 1221 dicit
445 1200 451 1220 :
469 1185 506 1221 8.
525 1184 615 1220 Non
630 1183 780 1220 lavabis
797 1182 892 1218 mihi
904 1181 1019 1232 pedes
1030 1183 1071 1217 in
1085 1189 1283 1218 oeternum.

300 1245 399 1292 Quid
427 1245 535 1294 sacis,
568 1244 697 1282 Petrei)
726 1256 795 1280 non
830 1241 1024 1279 recordaris
1053 1255 1177 1279 eorum
1208 1256 1287 1292 quae
1312 1245 1335 1275 C

300 1307 399 1359 prius
413 1306 509 1343 dicta
529 1305 639 1343 sunt?
669 1318 784 1342 annon
807 1317 889 1341 cum
918 1303 1060 1352 dixisti,
1087 1305 1288 1355 Propitius

299 1377 379 1406 esto
409 1370 507 1415 tibi,
544 1365 703 1415 audisti,
734 1366 841 1403 Vade
867 1372 954 1417 post
998 1379 1083 1414 me,
1112 1369 1288 1402 satana?

300 1444 411 1480 neque
429 1428 628 1480 resipiscis,
648 1427 709 1465 sed
728 1426 847 1464 adhue
866 1426 1056 1465 vehemens
1072 1426 1126 1463 es?
1144 1425 1283 1476 Etiam,

300 1492 414 1544 inquit
435 1509 442 1529 :
463 1506 517 1530 res
536 1492 630 1529 enim
650 1504 777 1542 magna
799 1498 832 1527 et
858 1498 1002 1541 stupore
1019 1489 1122 1541 plena
1150 1489 1281 1540 agitur.

300 1554 393 1600 Quia
408 1553 518 1605 igitur
536 1553 573 1590 id
590 1566 635 1589 ex
654 1552 690 1590 vi
707 1551 838 1588 amoris
858 1551 1022 1600 faciebat,
1045 1550 1129 1587 hinc
1145 1564 1285 1601 quoque

300 1614 437 1666 capitur
455 1629 473 1650 a
495 1613 646 1651 Christo.
679 1614 730 1650 Ut
759 1625 840 1663 ergo
871 1620 956 1649 tunc
976 1611 1205 1649 vehementer
1223 1611 1283 1648 in—

299 1674 671 1727 crepavit,dixitque,
690 1673 928 1711 Scandalum
959 1686 998 1710 es
1018 1674 1113 1709 mihi
1142 1687 1152 1708 .·
1183 1672 1233 1710 sic
1252 1682 1285 1710 et

298 1736 365 1773 hoc
393 1736 470 1773 loco
505 1735 614 1780 dicit,
645 1736 731 1772 Nisi
761 1735 891 1771 lavero
923 1741 971 1780 te,
1012 1747 1089 1770 non
1125 1735 1284 1772 habebis

294 1806 445 1848 partem
461 1810 621 1834 mecum.
645 1794 741 1842 Quid
755 1808 838 1845 ergo
856 1795 994 1833 fervens
1008 1794 1068 1831 ille
1086 1794 1286 1846 ardensque

297 1859 381 1896 vir?
408 1860 444 1895 9.
469 1859 658 1904 Domine,
685 1871 762 1894 non
782 1865 933 1893 tantum
946 1856 1061 1907 pedes
1078 1870 1193 1902 meos,
1217 1856 1286 1894 sed

297 1931 332 1959 ec
346 1935 484 1959 manus
499 1930 535 1958 et
555 1928 680 1972 caput.
705 1918 914 1956 Recusando
935 1919 1137 1968 vehemens,
1159 1933 1282 1957 concc-

294 1982 410 2021 dendo
444 1981 686 2021 vehementior
718 1979 885 2018 efficitur.
925 1980 1127 2030 Utrumque
1164 1990 1282 2018 autem

294 2058 471 2082 examore
497 2042 676 2095 prodibat.
696 2040 766 2080 Sed
783 2055 846 2078 cur
863 2054 932 2078 non
951 2040 1047 2077 dixit
1064 2043 1083 2079 ,Ι
1089 2055 1167 2078 esus
1180 2071 1192 2091 ,
1214 2056 1281 2092 qua

293 2105 336 2143 de
355 2119 459 2143 causa
476 2105 514 2142 id
530 2106 679 2153 faceret,
699 2103 761 2141 sed
778 2102 891 2140 minas
914 2101 1083 2140 addidit?
1106 2103 1201 2150 Quia
1223 2103 1283 2141 ille

295 2183 362 2206 uon
382 2169 451 2206 alio
470 2167 576 2205 modo
597 2180 732 2204 morem
752 2165 925 2217 gessisset.
950 2165 1042 2202 Nam
1067 2164 1096 2201 si
1120 2165 1283 2203 Christus

293 2230 463 2279 dixisset,
489 2229 591 2276 Sine,
610 2228 678 2264 hoc
695 2227 788 2264 enim
805 2225 912 2263 modo
930 2239 992 2263 vos
1013 2224 1147 2262 docebo
1162 2225 1282 2263 humi-

293 2290 451 2327 litatem:
480 2289 610 2327 millies
629 2302 665 2326 se
685 2287 860 2324 humilem
879 2286 952 2324 sore
975 2286 1213 2338 promisisset,
1238 2301 1281 2324 ne

294 2351 470 2388 Dominus
486 2350 554 2388 hoe
570 2350 710 2387 faceret.
730 2351 776 2386 At
792 2361 886 2385 nune
897 2347 988 2398 quid
998 2347 1084 2385 dicit
1097 2347 1280 2386 Christus?

294 2412 401 2458 Quod
425 2415 551 2451 Petrus
570 2410 727 2448 maxime
753 2409 917 2458 timebat,
942 2422 985 2446 ne
1013 2418 1236 2461 separaretur
1261 2423 1280 2447 a

295 2474 461 2512 Domino.
483 2473 546 2510 Ille
564 2472 659 2510 enim
677 2480 750 2509 erat
771 2471 833 2523 qui
857 2471 1075 2521 frequenter,
1098 2484 1169 2520 quo
1191 2470 1279 2520 iret,

296 2534 545 2585 interrogabat.
565 2532 647 2571 Ideo
658 2532 812 2581 dicebat,
831 2531 1022 2569 Animam
1039 2545 1163 2569 meam
1178 2532 1279 2569 dabo

294 2610 362 2646 pro
380 2604 428 2633 te.
452 2597 543 2632 Nam
559 2595 587 2632 si
607 2593 863 2643 eumaudivit,
887 2594 1001 2643 Quod
1018 2607 1085 2645 ego
1095 2639 1100 2646 ι
1101 2594 1212 2645 facio
1236 2602 1279 2631 tu

298 2660 417 2694 nescis
442 2659 576 2704 modo,
604 2659 698 2694 scies
724 2663 853 2693 autem
869 2662 1022 2706 postea,
1054 2668 1098 2692 ne
1126 2654 1175 2692 sic
1201 2654 1277 2705 qui—

295 2718 377 2755 dem
390 2718 540 2767 abstitit,
556 2718 670 2755 multo
689 2717 808 2754 minus
823 2715 851 2753 si
872 2715 1044 2754 scivisset.
1062 2714 1146 2753 Ideo
1163 2715 1278 2765 dixit,

295 2782 397 2817 Scies
428 2788 555 2816 autem
581 2787 732 2830 postea,
758 2791 888 2829 gnarus
908 2790 1012 2826 eum,
1044 2776 1073 2815 si
1102 2777 1278 2826 scivisset,

296 2840 414 2877 adhuc
432 2849 710 2891 repugnaturum
731 2839 851 2876 fuisse.
874 2839 995 2889 Neque
1013 2838 1109 2876 dixit
1132 2839 1278 2887 Petrus,

297 2903 394 2938 Doce
411 2914 503 2938 nunc
522 2914 597 2949 me,
620 2909 659 2937 ut
679 2901 817 2950 sinam3
842 2899 904 2936 sed
925 2899 1021 2949 quod
1042 2899 1147 2950 longe
1175 2898 1279 2938 vehe-

297 2962 449 3000 mentius
485 2970 584 3008 crat,
621 2975 662 2998 ne
700 2961 788 2998 seire
816 2960 961 3011 quidem
991 2959 1183 3010 sustinuit,
1219 2959 1336 3005 sedmss

297 3024 403 3060 instat
431 3036 572 3059 rursus:
616 3023 704 3059 Non
740 3022 890 3058 lavabis
924 3021 1019 3057 mihi
1045 3022 1172 3071 pedes.
1205 3019 1280 3057 Ubi
1303 3019 1326 3046 Α

296 3094 415 3122 autem
436 3083 668 3122 comminatus
688 3091 755 3131 est,
776 3081 895 3119 statim
910 3082 1023 3119 cessit.
1046 3081 1146 3127 Quid
1159 3090 1279 3119 autem

297 3147 493 3198 siguificat,
507 3146 607 3184 Scies
623 3144 781 3196 postea?
800 3143 1050 3193 quandonam?
1073 3143 1225 3191 Quando
1242 3142 1279 3180 in

298 3207 440 3246 nomine
462 3220 540 3245 meo
562 3205 736 3244 daemonia
756 3204 890 3257 ejicies,
908 3217 987 3240 cum
1008 3217 1064 3241 me
1086 3203 1218 3243 videris
1241 3203 1277 3240 in

343 3340 357 3362 ¹¹
377 3336 436 3369 Alii
456 3341 536 3371 δώσω
547 3361 558 3379 ,
571 3334 624 3368 alii
639 3338 782 3370 ἐπιδώσω.

342 3402 353 3415 a
372 3389 463 3422 Editi
482 3395 629 3429 κάθηται,
648 3389 723 3419 Mss.
744 3397 825 3429 pene
845 3396 958 3419 omncs
976 3389 1120 3427 κάθημαι,
1139 3395 1210 3427 quse
1230 3395 1302 3416 xcx-a

1341 242 1549 271 ARCUOEP.
1590 242 1938 273 ‹loxs·1¹.tx'1*1M)t‘.

1358 325 1621 369 κατακλιθῆναι.
1643 323 1712 361 Καὶ
1733 323 1800 376 γὰρ
1827 324 1886 362 καὶ
1911 325 2074 377 ἑτέρωθεν
2104 326 2144 364 τὸ
2176 326 2298 378 ἰταμὸν
2321 329 2383 366 αὖ-

1357 389 1416 422 τοῦ
1436 383 1630 431 δείκνυται,
1654 382 1737 422 ὅταν
1755 384 1871 436 βάπτῃ
1891 385 1980 435 μετὰ
1998 390 2058 424 τοῦ
2077 387 2306 436 διδασκάλου,
2326 389 2386 425 καὶ

1359 444 1439 482 ὅταν
1465 443 1694 496 ἐλεγχόμενος
1711 444 1759 495 μὴ
1782 444 2056 492 κατανύσσηται.
2083 445 2175 485 Ἀλλ’
2191 450 2209 484 δ
2236 446 2296 497 μὲν
2317 447 2386 485 Πέ-

1360 520 1437 556 τρος
1456 504 1548 548 ἅπαξ
1577 504 1795 555 ἐπιτιμηθεὶς
1814 506 1849 543 ἐν
1865 511 1936 550 τοῖς
1964 505 2172 560 ἔμπροσθεν,
2190 507 2250 545 καὶ
2274 511 2385 546 ταῦτα

1355 566 1423 604 ἀπὸ
1445 565 1689 619 φιλοστοργίας
1708 565 1752 604 τὰ
1773 564 1914 618 ῥήματα
1929 567 2049 616 εἰπὼν,
2066 568 2156 606 οὕτω
2173 569 2364 615 συνεστάλη
2375 599 2384 617 ,

1353 630 1400 672 ὡς
1418 627 1477 665 καὶ
1494 630 1586 679 ἄγων
1583 629 1651 688 Ατῶν
1667 627 1725 665 καὶ
1742 627 1881 679 τρέμων
1902 627 2020 680 ἑτέρου
2041 630 2206 676 δεηθῆναι
2222 630 2307 682 πρὸς
2321 629 2385 676 τὴν

1355 687 1543 740 ἐρώτησιν’
1564 691 1660 731 οὗτος
1689 687 1724 726 δὲ
1751 690 1904 739 συνεχῶς
1924 688 2153 740 ἐλεγχόμενος
2184 692 2245 727 οὐκ
2270 690 2384 741 ᾐσθά-

1354 763 1442 786 νετο.
1459 746 1548 786 ἓΌτε
1578 751 1660 799 γοῦν
1681 742 1765 795 ἦλθε
1794 749 1879 801 πρὸς
1910 748 1968 787 τὸν
1988 749 2136 801 Πέτρον,
2158 749 2264 801 Λέγει
2291 753 2385 804 αὐτῷ

1355 810 1501 852 ἐκεῖνος·
1523 807 1649 861 Κύριε,
1674 808 1715 847 σύ
1750 824 1815 859 μου
1849 809 1980 854 νίπτεις
2010 810 2089 854 τοὺς
2121 812 2249 862 πόδας,
2280 812 2384 864 Λέγει

1357 873 1471 924 αὐτῷ·
1500 870 1550 909 εῸ
1589 871 1657 922 ἐγὼ
1689 875 1778 911 ποιῶ
1819 871 1860 910 σὺ
1892 874 1953 910 οὐκ
1998 867 2093 917 οἶδας
2134 873 2236 925 ἄρτι,
2266 873 2383 926 γνώσῃ

1357 931 1392 970 δὲ
1420 931 1509 982 μετὰ
1544 938 1674 971 ταῦτα·
1709 932 1898 982 τουτέστι,
1934 934 1973 972 τὸ
2006 934 2125 985 κέρδος
2158 936 2236 973 ὅσον
2274 935 2314 973 τὸ
2347 937 2385 974 ἐκ

1356 992 1500 1041 τούτου,
1537 993 1602 1040 τὴν
1641 993 1811 1045 ὠφέλειαν
1835 996 1898 1039 τῆς
1935 994 2180 1042 διδασκαλίας,
2214 994 2273 1033 καὶ
2311 999 2385 1038 πῶς

1359 1053 1474 1091 ἱκανὸν
1509 1055 1556 1096 εἷς
1592 1061 1706 1092 πᾶσαν
1744 1057 1885 1107 ἀγαγεῖν
1932 1055 2249 1108 ταπεινοφροσύνην
2279 1059 2383 1107 ἡμᾶς.

1359 1114 1406 1152 Τί
1439 1108 1496 1152 οὖν
1540 1118 1558 1152 ὁ
1593 1115 1748 1166 Πέτρος;
1780 1115 1862 1154 Ἔτι
1895 1116 2040 1163 κωλύει,
2074 1117 2134 1155 καὶ
2178 1117 2290 1170 λέγει·
2331 1120 2384 1156 Οὐ

1361 1175 1409 1226 μὴ
1430 1175 1532 1227 νίψῃς
1562 1174 1639 1219 τοὺς
1661 1175 1768 1219 πόδας
1801 1193 1865 1227 μου
1895 1179 1942 1221 εἷς
1961 1178 2017 1216 τὸν
2039 1180 2158 1217 αἰῶνα.
2179 1178 2226 1217 Τί
2253 1185 2384 1224 ποιεῖς,

1360 1230 1389 1273 ὦ
1419 1236 1533 1299 Πέτρε
1546 1253 1556 1286 3
1589 1239 1626 1275 οὐ
1665 1237 1843 1288 μέμνησαι
1878 1240 1946 1276 τῶν
1985 1238 2163 1291 προτέρων
2199 1239 2383 1291 ῥημάτων;

1361 1298 1422 1336 οὐκ
1446 1301 1562 1345 εἶπας,
1594 1297 1718 1342 Ἵλεώς
1744 1314 1819 1346 σοι,
1853 1299 1912 1338 καὶ
1946 1298 2117 1348 ἤκουσας,
2143 1297 2285 1352 ε’Υπαγε
2306 1301 2385 1338 ὀπί-

1361 1375 1410 1399 σω
1445 1376 1528 1411 μου,
1562 1367 1715 1398 σατανᾶ*
1750 1361 1808 1398 καὶ
1845 1360 1921 1400 οὐδὲ
1950 1360 2039 1399 οὕτω
2073 1361 2287 1414 σωφρονίζῃ,
2308 1364 2383 1400 ἀλλ’

1360 1422 1410 1460 ἔτι
1434 1422 1580 1475 σφοδρὸς
1608 1416 1655 1470 εἷ,
1679 1422 1768 1470 Ναὶ,
1790 1421 1894 1474 φησί·
1914 1422 2002 1461 πολὺ
2038 1422 2105 1475 γὰρ
2137 1423 2176 1461 τὸ
2207 1423 2385 1475 γινόμενον

1359 1483 1417 1520 καὶ
1434 1482 1633 1529 ἐκπλήξεως
1652 1482 1770 1535 γέμον.
1791 1482 1893 1521 Ἐπεὶ
1912 1476 1969 1521 οῧν
1991 1483 2060 1521 ἀπὸ
2088 1484 2221 1531 πολλῆς
2248 1483 2385 1535 ἀγάπης

1358 1547 1457 1582 τοῦτο
1482 1542 1650 1596 ἔπραττεν
1672 1546 1810 1592 ἐκεῖνος,
1820 1543 1889 1582 ἀπὸ
1908 1547 1970 1590 τῆς
1995 1545 2098 1590 αὖτ’ἧς
2127 1544 2228 1582 αὐτὸν
2248 1548 2384 1599 χειροῦ-

1356 1620 1413 1643 ται
1433 1605 1537 1643 πάλιν
1556 1604 1614 1642 καὶ
1633 1608 1650 1643 ὅ
1666 1605 1836 1657 Χριστὸς,
1856 1603 1975 1657 ὥσπερ
1990 1599 2046 1642 οῧν
2063 1605 2122 1642 καὶ
2145 1607 2214 1644 ἐκεῖ
2229 1607 2384 1659 σφοδρῶς

1356 1667 1567 1717 ἐπιτιμήσας
1593 1666 1653 1704 καὶ
1673 1665 1792 1715 εἰπὼν,
1814 1665 2015 1705 Σκάνδαλόν
2049 1682 2107 1717 μοι
2135 1660 2181 1704 εἷ·
2205 1666 2295 1705 οὕτω
2325 1669 2384 1706 καὶ

1357 1729 1501 1766 ἐνταῦθα
1526 1727 1659 1778 λέγων,
1689 1727 1775 1765 Ἐὰν
1797 1726 1845 1777 μὴ
1866 1727 1954 1779 νίψω
1988 1743 2044 1775 σε,
2065 1729 2126 1765 οὐκ
2160 1728 2252 1779 ἔχεις
2283 1728 2385 1781 μέρος

1357 1790 1433 1838 μετ’
1462 1789 1558 1839 ἐμοῦ.
1580 1787 1626 1825 Τί
1646 1782 1703 1825 οὖν
1723 1791 1740 1825 ὁ
1760 1788 1883 1839 Οερμὸς
1913 1787 1971 1825 καὶ
1994 1788 2160 1836 διακαής;
2186 1788 2313 1840 Κύριε,
2334 1789 2382 1840 μὴ

1355 1849 1433 1892 τοὺς
1451 1849 1558 1891 πόδας
1590 1863 1655 1899 μου
1689 1848 1803 1898 μόνον,
1827 1847 1917 1886 ἀλλὰ
1935 1848 1994 1886 καὶ
2012 1848 2075 1892 τὰς
2095 1854 2216 1902 χεῖρας
2242 1849 2302 1887 καὶ
2319 1849 2382 1896 τὴν

1355 1909 1520 1961 κεφαλήν.
1540 1908 1607 1946 Καὶ
1629 1909 1662 1946 ἐν
1692 1911 1735 1960 τῇ
1766 1908 1977 1961 παραιτήσει
2009 1909 2176 1961 σφοδρὸς,
2198 1909 2258 1947 καὶ
2286 1912 2320 1948 ἐν
2339 1913 2381 1962 τῇ

1356 1970 1575 2022 συγχωρήσει
1592 1970 1818 2023 σφοδρότερος
1836 1969 1987 2021 γίνεται·
2011 1970 2160 2022 ἑκάτερα
2180 1969 2216 2009 δὲ
2235 1970 2268 2015 ἐξ
2298 1971 2384 2023 ἀγά-

1355 2048 1434 2078 πης.
1455 2030 1558 2069 Διατί
1585 2031 1652 2082 γὰρ
1673 2032 1733 2069 οὐκ
1753 2025 1845 2079 εἷπε,
1865 2031 1954 2075 τίνος
1984 2031 2097 2070 ἕνεκεν
2127 2031 2235 2070 ἐποίει
2261 2037 2361 2071 τοῦτο
2374 2048 2381 2056 ·

1357 2093 1433 2129 ἀλλ’
1456 2090 1604 2137 ἀπειλὴν
1625 2090 1809 2138 ἐνέθεικεν,
1824 2089 1911 2130 εΌτι
1930 2093 2055 2134 ἐκεῖνος
2076 2090 2138 2142 μὲν
2159 2091 2219 2129 οὐκ
2235 2091 2274 2129 ἂν
2290 2091 2382 2130 ἐπεί-

1356 2156 1432 2199 σΟη.
1454 2154 1498 2190 Εἰ
1514 2151 1581 2205 γὰρ
1600 2146 1714 2200 εἶπεν,
1735 2152 1848 2200 ἔασον,
1869 2152 1924 2191 διὰ
1943 2152 2010 2205 γὰρ
2026 2153 2147 2191 τούτου
2165 2152 2274 2191 πείθω
2293 2156 2382 2204 ὑμᾶς

1353 2219 1647 2266 ταπεινοφρονεῖν,
1662 2214 1835 2266 ὑπέσχετο
1851 2214 1890 2251 ἂν
1908 2215 2069 2266 μυριάκις
2088 2219 2201 2262 τοῦτο,
2215 2215 2304 2268 ὑπὲρ
2323 2218 2381 2253 τοῦ

1356 2274 1403 2326 μὴ
1420 2275 1477 2313 τὸν
1499 2274 1681 2322 Δεσπότην
1700 2278 1801 2311 τοῦτο
1819 2277 1975 2320 ποιῆσαι.
1994 2277 2068 2312 Νῦν
2086 2273 2121 2313 δὲ
2141 2275 2175 2312 τί
2194 2290 2316 2327 φησιν,
2332 2275 2381 2313 εῸ

1354 2336 1508 2386 μάλιστα
1523 2335 1686 2373 ἐδεδοίκει
1708 2335 1768 2373 καὶ
1791 2335 1934 2387 ἔτρεμε,
1951 2335 1990 2373 τὸ
2005 2337 2249 2387 διασχισΟῆναι
2267 2337 2379 2375 αὐτοῦ.

1352 2398 1463 2441 Αὐτὸς
1482 2396 1549 2449 γάρ
1576 2398 1668 2435 ἐστιν
1700 2399 1717 2434 ὃ
1747 2398 1899 2448 συνεχῶς
1934 2399 2084 2448 ἐρωτῶν,
2109 2398 2184 2434 Ποῦ
2218 2396 2381 2448 ὑπάγεις;

1352 2458 1482 2511 Διόπερ
1506 2457 1565 2496 καὶ
1589 2456 1717 2509 ἔλεγεν,
1738 2456 1790 2495 ὅτι
1810 2457 1879 2495 Καὶ
1896 2457 1958 2504 τὴν
1978 2457 2106 2509 ψυχὴν,
2129 2456 2234 2508 φησὶ,
2256 2456 2380 2496 ῧδώσω

1352 2519 1439 2572 ὑπὲρ
1460 2523 1532 2558 σοῦ.
1554 2521 1597 2557 Εἰ
1613 2518 1679 2571 γὰρ
1703 2518 1872 2564 ἀκούσας,
1892 2517 1947 2557 ὅτι
1961 2520 2022 2556 οὐκ
2038 2512 2130 2561 οἶδας
2146 2518 2164 2557 ὃ
2185 2521 2275 2557 ποιῶ
2292 2520 2378 2571 ἐγὼ,

1352 2581 1469 2632 γνώσῃ
1494 2580 1529 2618 δὲ
1559 2580 1647 2632 μετὰ
1673 2583 1805 2625 ταῦτα,
1825 2579 1900 2617 οὐδὲ
1937 2578 2044 2623 οὕτως
2075 2579 2228 2628 ἀπέστη,
2260 2581 2378 2632 πολλῷ

1353 2643 1499 2692 μᾶλλον,
1530 2644 1559 2679 εἶ
1583 2640 1704 2691 ἔμαθε.
1734 2640 1802 2678 Διὰ
1831 2639 1898 2693 γὰρ
1923 2644 2025 2678 τοῦτο
2056 2634 2151 2688 εἷπε,
2187 2639 2311 2692 Γνώσῃ
2343 2641 2378 2679 δὲ

1353 2702 1441 2755 μετὰ
1461 2706 1590 2749 ταῦτα,
1623 2701 1742 2749 εἰδὼς,
1764 2700 1816 2739 ὅτι
1847 2701 1904 2739 ἐὰν
1925 2705 1982 2739 νῦν
2011 2701 2125 2753 μάθῃ,
2146 2702 2377 2740 ἀντικείσεται

1351 2765 1413 2803 ἔτι.
1436 2762 1505 2802 Καὶ
1533 2764 1594 2801 οὐκ
1613 2757 1708 2811 εἶπε,
1733 2762 1866 2806 δίδαξον
1895 2755 1951 2799 οῧν
1981 2777 2046 2812 με,
2066 2761 2121 2799 ἵνα
2150 2764 2245 2814 ἀφῶ·
2266 2762 2378 2800 ἀλλ’ὃ

1350 2827 1470 2877 πολλῷ
1501 2824 1727 2878 σφοδρότερον
1752 2818 1807 2871 ἦν,
1828 2821 1903 2861 οὐδὲ
1934 2825 2054 2872 μαΟεῖν
2081 2822 2266 2874 ἠνέσχετο,
2299 2825 2375 2862 ἀλλ’

1351 2886 1528 2925 ἐνίσταται
1547 2886 1665 2931 πάλιν,
1684 2884 1793 2935 λέγων
1804 2898 1812 2906 ·
1830 2884 1883 2922 Οὐ
1906 2882 1954 2934 μὴ
1969 2882 2070 2935 νίψῃς
2086 2899 2150 2933 μου
2165 2883 2243 2928 τοὺς
2258 2884 2378 2928 πόδας·

1351 2947 1497 2993 Ἐπειδὴ
1519 2946 1552 2984 δὲ
1567 2945 1779 2992 ἠπείλησεν,
1799 2943 1921 2987 εὐθέως
1945 2944 2097 2996 ἐχάλασε
2125 2944 2183 2983 τὸν
2206 2944 2315 2984 τόνον.
2332 2945 2380 2983 Τί

1352 3009 1389 3048 δέ
1423 3006 1659 3058 ἐστι,1’νώσῃ
1694 3005 1783 3057 μετὰ
1814 3009 1942 3052 ταῦτα;
1976 3005 2079 3043 Μετὰ
2113 3010 2243 3055 ταῦτα,
2273 3007 2378 3053 πότε,

1352 3071 1462 3110 εΌταν
1501 3071 1550 3121 τῷ
1583 3069 1657 3120 ἐμῷ
1693 3066 1836 3116 ὀνόματι
1873 3065 2035 3117 δαιμόνια
2061 3066 2231 3118 ἐκὸάλῃς,
2254 3066 2376 3118 φησίν·

1350 3133 1432 3171 ὅταν
1449 3131 1524 3182 ἴδῃς
1544 3132 1592 3173 εἰς
1619 3128 1695 3172 τοὺς
1728 3126 1888 3178 οὐρανοὺς
1915 3127 2263 3178 ἀναλαμὸανόμενον·
2293 3126 2375 3164 ὅταν

1351 3193 1448 3245 παρὰ
1477 3195 1537 3230 τοῦ
1560 3188 1763 3240 Πνεύματος
1790 3188 1921 3240 μάΟῃς,
1947 3187 1999 3225 ὅτι
2028 3191 2066 3226 ἐκ
2099 3186 2217 3230 δεξιῶν
2236 3186 2375 3233 ζ’κοὶοη-

1370 3338 1418 3363 est
1433 3330 1544 3363 lectio.
1563 3329 1607 3361 Et.
1621 3326 1721 3371 paulo
1737 3334 1814 3359 ante
1830 3323 1922 3358 Ediii
1947 3329 2033 3371 παρὰ
2050 3329 2101 3359 τοῦ
2117 3330 2240 3370 πατρὸς,
2256 3323 2377 3355 Manu-

1370 3383 1482 3425 seripti
1501 3381 1566 3414 fere
1592 3391 1705 3414 omues
1722 3384 1807 3424 παρὰ
1831 3382 1881 3413 τοῦ
1898 3381 2077 3420 πνεύματος,
2092 3383 2125 3409 et
2142 3375 2210 3409 haec
2235 3382 2283 3409 est
2301 3385 2375 3408 vera
