<?xml version="1.0" encoding="UTF-8"?>
<!DOCTYPE html PUBLIC "-//W3C//DTD XHTML 1.0 Transitional//EN"
    "http://www.w3.org/TR/xhtml1/DTD/xhtml1-transitional.dtd">
<html xmlns="http://www.w3.org/1999/xhtml" xml:lang="en" lang="en">
 <head>
  <title>
</title>
<meta http-equiv="Content-Type" content="text/html;charset=utf-8" />
  <meta name='ocr-system' content='tesseract 3.04.00' />
  <meta name='ocr-capabilities' content='ocr_page ocr_carea ocr_par ocr_line ocrx_word'/>
</head>
<body>
  <div class='ocr_page' id='page_1' title='image "./operaomniaquaeex08johnuoft/operaomniaquaeex08johnuoft_0709.png"; bbox 0 0 2507 3673; ppageno 0'>
   <div class='ocr_carea' id='block_1_1' title="bbox 853 159 1409 200">
    <p class='ocr_par' dir='ltr' id='par_1_1' title="bbox 853 159 1409 200">
     <span class='ocr_line' id='line_1_1' title="bbox 853 159 1409 200; baseline 0.004 -13"><span class='ocrx_word' id='word_1_1' title='bbox 853 161 892 189; x_wconf 84' lang='grc' dir='ltr'>ΙΝ</span> <span class='ocrx_word' id='word_1_2' title='bbox 931 159 1270 200; x_wconf 70' lang='grc' dir='ltr'>ὃΑΜΑΙῖΙΤΑΝΑΜ,</span> <span class='ocrx_word' id='word_1_3' title='bbox 1309 160 1409 189; x_wconf 86' lang='lat' dir='ltr'><strong>ETC.</strong></span> 
     </span>
    </p>
   </div>
   <div class='ocr_carea' id='block_1_2' title="bbox 2097 150 2190 213">
    <p class='ocr_par' dir='ltr' id='par_1_2' title="bbox 2097 150 2190 213">
     <span class='ocr_line' id='line_1_2' title="bbox 2097 150 2190 213; baseline 0 -1"><span class='ocrx_word' id='word_1_4' title='bbox 2097 150 2190 213; x_wconf 68' lang='lat'>&lt;370</span> 
     </span>
    </p>
   </div>
   <div class='ocr_carea' id='block_1_3' title="bbox 102 237 2184 298">
    <p class='ocr_par' dir='ltr' id='par_1_3' title="bbox 102 237 2184 298">
     <span class='ocr_line' id='line_1_3' title="bbox 102 237 2184 298; baseline 0.004 -23"><span class='ocrx_word' id='word_1_5' title='bbox 102 238 218 276; x_wconf 85' lang='grc' dir='ltr'>δοῦναι</span> <span class='ocrx_word' id='word_1_6' title='bbox 239 239 455 290; x_wconf 79' lang='grc' dir='ltr'>βουλόμενος.</span> <span class='ocrx_word' id='word_1_7' title='bbox 474 238 540 282; x_wconf 86' lang='grc' dir='ltr'>Δός</span> <span class='ocrx_word' id='word_1_8' title='bbox 560 254 618 289; x_wconf 87' lang='grc' dir='ltr'>μοι</span> <span class='ocrx_word' id='word_1_9' title='bbox 636 244 742 287; x_wconf 82' lang='grc' dir='ltr'>πιεῖν,</span> <span class='ocrx_word' id='word_1_10' title='bbox 762 241 818 277; x_wconf 82' lang='grc' dir='ltr'>ἵνα</span> <span class='ocrx_word' id='word_1_11' title='bbox 832 240 886 278; x_wconf 77' lang='grc' dir='ltr'>σοὶ</span> <span class='ocrx_word' id='word_1_12' title='bbox 901 240 1002 278; x_wconf 82' lang='grc' dir='ltr'>δώσω</span> <span class='ocrx_word' id='word_1_13' title='bbox 1030 239 1122 290; x_wconf 80' lang='grc' dir='ltr'>ὕδωρ</span> <span class='ocrx_word' id='word_1_14' title='bbox 1147 243 1170 271; x_wconf 86' lang='grc' dir='ltr'><strong><em>Β</em></strong></span> <span class='ocrx_word' id='word_1_15' title='bbox 1196 237 1319 275; x_wconf 78' lang='lat' dir='ltr'><strong>bibere</strong></span> <span class='ocrx_word' id='word_1_16' title='bbox 1335 240 1463 289; x_wconf 82' lang='lat' dir='ltr'>poscit,</span> <span class='ocrx_word' id='word_1_17' title='bbox 1486 254 1554 277; x_wconf 90' lang='lat' dir='ltr'>non</span> <span class='ocrx_word' id='word_1_18' title='bbox 1571 241 1693 278; x_wconf 89' lang='lat' dir='ltr'>bibere</span> <span class='ocrx_word' id='word_1_19' title='bbox 1711 243 1848 292; x_wconf 84' lang='lat' dir='ltr'>volens,</span> <span class='ocrx_word' id='word_1_20' title='bbox 1865 244 1925 281; x_wconf 85' lang='lat' dir='ltr'>sed</span> <span class='ocrx_word' id='word_1_21' title='bbox 1941 244 2028 283; x_wconf 82' lang='lat' dir='ltr'>dare</span> <span class='ocrx_word' id='word_1_22' title='bbox 2047 256 2184 298; x_wconf 86' lang='lat' dir='ltr'>potum.</span> 
     </span>
    </p>
   </div>
   <div class='ocr_carea' id='block_1_4' title="bbox 96 290 1123 711">
    <p class='ocr_par' dir='ltr' id='par_1_4' title="bbox 96 290 1123 711">
     <span class='ocr_line' id='line_1_4' title="bbox 100 290 1123 344; baseline 0.002 -17"><span class='ocrx_word' id='word_1_23' title='bbox 100 291 294 343; x_wconf 66' lang='grc' dir='ltr'>ἀφθαρσίας</span> <span class='ocrx_word' id='word_1_24' title='bbox 313 298 415 329; x_wconf 87' lang='grc' dir='ltr'>πιεῖν.</span> <span class='ocrx_word' id='word_1_25' title='bbox 437 290 533 340; x_wconf 77' lang='grc' dir='ltr'>Ἐγὼ</span> <span class='ocrx_word' id='word_1_26' title='bbox 549 290 616 342; x_wconf 77' lang='grc' dir='ltr'>γὰρ</span> <span class='ocrx_word' id='word_1_27' title='bbox 632 291 694 337; x_wconf 81' lang='grc' dir='ltr'>τὴν</span> <span class='ocrx_word' id='word_1_28' title='bbox 711 293 886 344; x_wconf 73' lang='grc' dir='ltr'>σωτηρίαν</span> <span class='ocrx_word' id='word_1_29' title='bbox 902 295 970 329; x_wconf 87' lang='grc' dir='ltr'>τῶν</span> <span class='ocrx_word' id='word_1_30' title='bbox 989 291 1123 344; x_wconf 85' lang='grc' dir='ltr'>ἀνθρώ-</span> 
     </span>
     <span class='ocr_line' id='line_1_5' title="bbox 98 343 1121 405; baseline 0.001 -26"><span class='ocrx_word' id='word_1_31' title='bbox 98 358 173 380; x_wconf 83' lang='grc' dir='ltr'>πων</span> <span class='ocrx_word' id='word_1_32' title='bbox 192 345 281 394; x_wconf 62' lang='grc' dir='ltr'>διψῶ</span> <span class='ocrx_word' id='word_1_33' title='bbox 295 359 302 366; x_wconf 88' lang='grc'><em>·</em></span> <span class='ocrx_word' id='word_1_34' title='bbox 324 346 388 395; x_wconf 81' lang='grc' dir='ltr'>οὐχ</span> <span class='ocrx_word' id='word_1_35' title='bbox 400 343 456 380; x_wconf 82' lang='grc' dir='ltr'>ἵνα</span> <span class='ocrx_word' id='word_1_36' title='bbox 475 343 544 380; x_wconf 87' lang='grc' dir='ltr'>πίω</span> <span class='ocrx_word' id='word_1_37' title='bbox 556 373 565 390; x_wconf 94' lang='grc'>,</span> <span class='ocrx_word' id='word_1_38' title='bbox 584 345 658 381; x_wconf 85' lang='grc' dir='ltr'>ἀλλ’</span> <span class='ocrx_word' id='word_1_39' title='bbox 675 344 730 381; x_wconf 81' lang='grc' dir='ltr'>ἰ’να</span> <span class='ocrx_word' id='word_1_40' title='bbox 752 345 896 383; x_wconf 87' lang='grc' dir='ltr'>ποτίσω.</span> <span class='ocrx_word' id='word_1_41' title='bbox 917 343 1121 405; x_wconf 66' lang='grc' dir='ltr'>Ἰίμιμησά-</span> 
     </span>
     <span class='ocr_line' id='line_1_6' title="bbox 100 395 1123 462; baseline 0.001 -31"><span class='ocrx_word' id='word_1_42' title='bbox 100 411 169 444; x_wconf 89' lang='grc' dir='ltr'>μην</span> <span class='ocrx_word' id='word_1_43' title='bbox 197 397 254 434; x_wconf 78' lang='grc' dir='ltr'>τὸν</span> <span class='ocrx_word' id='word_1_44' title='bbox 286 399 409 434; x_wconf 85' lang='grc' dir='ltr'>οἰκεῖον</span> <span class='ocrx_word' id='word_1_45' title='bbox 452 395 611 448; x_wconf 77' lang='grc' dir='ltr'>Πατέρα·</span> <span class='ocrx_word' id='word_1_46' title='bbox 642 396 734 448; x_wconf 79' lang='grc' dir='ltr'>λέγει</span> <span class='ocrx_word' id='word_1_47' title='bbox 767 397 835 450; x_wconf 76' lang='grc' dir='ltr'>γὰρ</span> <span class='ocrx_word' id='word_1_48' title='bbox 865 400 883 434; x_wconf 80' lang='grc' dir='ltr'><strong>ὁ</strong></span> <span class='ocrx_word' id='word_1_49' title='bbox 912 397 1008 460; x_wconf 51' lang='grc' dir='ltr'>Θεὸς,</span> <span class='ocrx_word' id='word_1_50' title='bbox 1038 411 1123 462; x_wconf 66' lang='grc' dir='ltr'>πρρς</span> 
     </span>
     <span class='ocr_line' id='line_1_7' title="bbox 98 447 1122 511; baseline -0.002 -26"><span class='ocrx_word' id='word_1_51' title='bbox 98 447 259 500; x_wconf 61' lang='grc' dir='ltr'>Ἀῧραάμ</span> <span class='ocrx_word' id='word_1_52' title='bbox 276 464 283 470; x_wconf 94' lang='grc'><em>·</em></span> <span class='ocrx_word' id='word_1_53' title='bbox 303 447 358 491; x_wconf 84' lang='grc' dir='ltr'>δός</span> <span class='ocrx_word' id='word_1_54' title='bbox 387 463 445 499; x_wconf 85' lang='grc' dir='ltr'>μοι</span> <span class='ocrx_word' id='word_1_55' title='bbox 462 448 519 486; x_wconf 76' lang='grc' dir='ltr'>τὸν</span> <span class='ocrx_word' id='word_1_56' title='bbox 544 448 614 486; x_wconf 81' lang='grc' dir='ltr'>υἱόν</span> <span class='ocrx_word' id='word_1_57' title='bbox 635 464 715 487; x_wconf 86' lang='grc' dir='ltr'>σου·</span> <span class='ocrx_word' id='word_1_58' title='bbox 745 449 905 500; x_wconf 82' lang='grc' dir='ltr'>ἀνένεγκέ</span> <span class='ocrx_word' id='word_1_59' title='bbox 924 463 983 498; x_wconf 89' lang='grc' dir='ltr'>μοι</span> <span class='ocrx_word' id='word_1_60' title='bbox 1013 450 1122 511; x_wconf 70' lang='grc' dir='ltr'>Ισαακ</span> 
     </span>
     <span class='ocr_line' id='line_1_8' title="bbox 97 499 1122 563; baseline -0.001 -26"><span class='ocrx_word' id='word_1_61' title='bbox 97 500 155 538; x_wconf 86' lang='grc' dir='ltr'>τὸν</span> <span class='ocrx_word' id='word_1_62' title='bbox 176 499 246 538; x_wconf 87' lang='grc' dir='ltr'>υἱόν</span> <span class='ocrx_word' id='word_1_63' title='bbox 265 515 324 537; x_wconf 85' lang='grc' dir='ltr'>σου</span> <span class='ocrx_word' id='word_1_64' title='bbox 345 500 401 538; x_wconf 76' lang='grc' dir='ltr'>τὸν</span> <span class='ocrx_word' id='word_1_65' title='bbox 420 501 679 550; x_wconf 73' lang='grc' dir='ltr'>ἀγαπητὸν,τὸν</span> <span class='ocrx_word' id='word_1_66' title='bbox 699 505 866 553; x_wconf 72' lang='grc' dir='ltr'>μονογενῆ</span> <span class='ocrx_word' id='word_1_67' title='bbox 880 531 888 547; x_wconf 90' lang='grc'>,</span> <span class='ocrx_word' id='word_1_68' title='bbox 906 503 953 543; x_wconf 84' lang='grc' dir='ltr'>εἷς</span> <span class='ocrx_word' id='word_1_69' title='bbox 972 502 1122 563; x_wconf 56' lang='grc' dir='ltr'>ὁλοκαρζ</span> 
     </span>
     <span class='ocr_line' id='line_1_9' title="bbox 97 549 1120 614; baseline -0.001 -26"><span class='ocrx_word' id='word_1_70' title='bbox 97 567 210 590; x_wconf 88' lang='grc' dir='ltr'>πωσιν</span> <span class='ocrx_word' id='word_1_71' title='bbox 238 553 295 590; x_wconf 78' lang='grc' dir='ltr'>ἐπὶ</span> <span class='ocrx_word' id='word_1_72' title='bbox 322 552 356 590; x_wconf 84' lang='grc' dir='ltr'>ἒν</span> <span class='ocrx_word' id='word_1_73' title='bbox 376 555 444 590; x_wconf 85' lang='grc' dir='ltr'>τῶν</span> <span class='ocrx_word' id='word_1_74' title='bbox 465 553 585 606; x_wconf 75' lang='grc' dir='ltr'>ὀρέων,</span> <span class='ocrx_word' id='word_1_75' title='bbox 617 549 664 591; x_wconf 76' lang='grc' dir='ltr'>ῶν</span> <span class='ocrx_word' id='word_1_76' title='bbox 687 555 726 592; x_wconf 75' lang='grc' dir='ltr'>ἄν</span> <span class='ocrx_word' id='word_1_77' title='bbox 750 569 803 592; x_wconf 87' lang='grc' dir='ltr'>σοι</span> <span class='ocrx_word' id='word_1_78' title='bbox 833 553 943 596; x_wconf 83' lang='grc' dir='ltr'>δείξω.</span> <span class='ocrx_word' id='word_1_79' title='bbox 963 552 1059 614; x_wconf 69' lang='grc' dir='ltr'>ἈλλἸ</span> <span class='ocrx_word' id='word_1_80' title='bbox 1083 565 1120 587; x_wconf 89' lang='grc' dir='ltr'>ου</span> 
     </span>
     <span class='ocr_line' id='line_1_10' title="bbox 96 604 1123 658; baseline -0.001 -17"><span class='ocrx_word' id='word_1_81' title='bbox 96 604 153 641; x_wconf 85' lang='grc' dir='ltr'>τὸν</span> <span class='ocrx_word' id='word_1_82' title='bbox 176 605 248 642; x_wconf 84' lang='grc' dir='ltr'>υἱὸν</span> <span class='ocrx_word' id='word_1_83' title='bbox 269 605 374 643; x_wconf 81' lang='grc' dir='ltr'>θέλων</span> <span class='ocrx_word' id='word_1_84' title='bbox 392 604 524 651; x_wconf 61' lang='grc' dir='ltr'>λαέεῖν,</span> <span class='ocrx_word' id='word_1_85' title='bbox 546 611 646 644; x_wconf 88' lang='grc' dir='ltr'>τοῦτο</span> <span class='ocrx_word' id='word_1_86' title='bbox 670 607 818 658; x_wconf 87' lang='grc' dir='ltr'>εἴρηκεν,</span> <span class='ocrx_word' id='word_1_87' title='bbox 839 604 929 642; x_wconf 84' lang='grc' dir='ltr'>ἀλλὰ</span> <span class='ocrx_word' id='word_1_88' title='bbox 957 605 1123 654; x_wconf 88' lang='grc' dir='ltr'>βουλομε-</span> 
     </span>
     <span class='ocr_line' id='line_1_11' title="bbox 96 657 948 711; baseline 0 -18"><span class='ocrx_word' id='word_1_89' title='bbox 96 671 152 700; x_wconf 94' lang='grc' dir='ltr'>νος</span> <span class='ocrx_word' id='word_1_90' title='bbox 170 657 227 695; x_wconf 84' lang='grc' dir='ltr'>τὸν</span> <span class='ocrx_word' id='word_1_91' title='bbox 248 657 332 696; x_wconf 86' lang='grc' dir='ltr'>ἴδιον</span> <span class='ocrx_word' id='word_1_92' title='bbox 354 659 437 696; x_wconf 81' lang='grc' dir='ltr'>Υἱὸν</span> <span class='ocrx_word' id='word_1_93' title='bbox 456 662 498 711; x_wconf 70' lang='grc' dir='ltr'>τῇ</span> <span class='ocrx_word' id='word_1_94' title='bbox 520 659 702 711; x_wconf 80' lang='grc' dir='ltr'>οἰκουμένῃ</span> <span class='ocrx_word' id='word_1_95' title='bbox 721 658 948 711; x_wconf 81' lang='grc' dir='ltr'>χαρίσασθαι.</span> 
     </span>
    </p>
   </div>
   <div class='ocr_carea' id='block_1_5' title="bbox 91 759 1122 1923">
    <p class='ocr_par' dir='ltr' id='par_1_5' title="bbox 91 759 1122 1923">
     <span class='ocr_line' id='line_1_12' title="bbox 148 759 1121 826; baseline -0.003 -26"><span class='ocrx_word' id='word_1_96' title='bbox 148 762 247 809; x_wconf 85' lang='grc' dir='ltr'>Φησὶ</span> <span class='ocrx_word' id='word_1_97' title='bbox 261 762 326 815; x_wconf 80' lang='grc' dir='ltr'>γὰρ</span> <span class='ocrx_word' id='word_1_98' title='bbox 343 767 360 802; x_wconf 87' lang='grc' dir='ltr'>ὁ</span> <span class='ocrx_word' id='word_1_99' title='bbox 379 766 441 810; x_wconf 71' lang='grc' dir='ltr'>τῆς</span> <span class='ocrx_word' id='word_1_100' title='bbox 458 766 602 815; x_wconf 67' lang='grc' dir='ltr'>βροντῆς</span> <span class='ocrx_word' id='word_1_101' title='bbox 623 763 693 805; x_wconf 83' lang='grc' dir='ltr'>υἱὸς</span> <span class='ocrx_word' id='word_1_102' title='bbox 709 765 726 800; x_wconf 86' lang='grc' dir='ltr'>ὁ</span> <span class='ocrx_word' id='word_1_103' title='bbox 742 760 921 804; x_wconf 78' lang='grc' dir='ltr'>θεσπέσιος</span> <span class='ocrx_word' id='word_1_104' title='bbox 934 759 1102 826; x_wconf 32' lang='grc' dir='ltr'>ἐΙΙωάννηΧς</span> <span class='ocrx_word' id='word_1_105' title='bbox 1113 775 1121 783; x_wconf 92' lang='grc'><em>·</em></span> 
     </span>
     <span class='ocr_line' id='line_1_13' title="bbox 96 813 1120 878; baseline 0 -27"><span class='ocrx_word' id='word_1_106' title='bbox 96 813 202 852; x_wconf 81' lang='grc' dir='ltr'>Οὕτω</span> <span class='ocrx_word' id='word_1_107' title='bbox 231 816 299 868; x_wconf 85' lang='grc' dir='ltr'>γὰρ</span> <span class='ocrx_word' id='word_1_108' title='bbox 325 816 507 868; x_wconf 82' lang='grc' dir='ltr'>ἠγάπησεν</span> <span class='ocrx_word' id='word_1_109' title='bbox 526 819 543 853; x_wconf 85' lang='grc' dir='ltr'>ὁ</span> <span class='ocrx_word' id='word_1_110' title='bbox 562 816 651 857; x_wconf 84' lang='grc' dir='ltr'>Θεὸς</span> <span class='ocrx_word' id='word_1_111' title='bbox 680 815 737 853; x_wconf 83' lang='grc' dir='ltr'>τὸν</span> <span class='ocrx_word' id='word_1_112' title='bbox 769 814 912 864; x_wconf 78' lang='grc' dir='ltr'>κόσμον,</span> <span class='ocrx_word' id='word_1_113' title='bbox 941 829 1031 851; x_wconf 88' lang='grc' dir='ltr'>ωστε</span> <span class='ocrx_word' id='word_1_114' title='bbox 1060 829 1120 878; x_wconf 56' lang='grc' dir='ltr'>τον</span> 
     </span>
     <span class='ocr_line' id='line_1_14' title="bbox 94 866 1118 930; baseline 0 -27"><span class='ocrx_word' id='word_1_115' title='bbox 94 867 179 905; x_wconf 80' lang='grc' dir='ltr'>Υἱὸν</span> <span class='ocrx_word' id='word_1_116' title='bbox 200 869 303 906; x_wconf 81' lang='grc' dir='ltr'>αὐτοῦ</span> <span class='ocrx_word' id='word_1_117' title='bbox 323 869 380 906; x_wconf 85' lang='grc' dir='ltr'>τὸν</span> <span class='ocrx_word' id='word_1_118' title='bbox 397 871 563 918; x_wconf 75' lang='grc' dir='ltr'>μονογενῆ</span> <span class='ocrx_word' id='word_1_119' title='bbox 593 866 731 915; x_wconf 83' lang='grc' dir='ltr'>ἔδωκεν,</span> <span class='ocrx_word' id='word_1_120' title='bbox 758 867 815 904; x_wconf 81' lang='grc' dir='ltr'>ἵνα</span> <span class='ocrx_word' id='word_1_121' title='bbox 831 873 899 910; x_wconf 71' lang='grc' dir='ltr'>πᾶς</span> <span class='ocrx_word' id='word_1_122' title='bbox 914 868 931 903; x_wconf 84' lang='grc' dir='ltr'>ὁ</span> <span class='ocrx_word' id='word_1_123' title='bbox 948 882 1118 930; x_wconf 64' lang='grc' dir='ltr'>πιστευων</span> 
     </span>
     <span class='ocr_line' id='line_1_15' title="bbox 95 917 1119 972; baseline -0.001 -16"><span class='ocrx_word' id='word_1_124' title='bbox 95 921 143 963; x_wconf 88' lang='grc' dir='ltr'>εἷς</span> <span class='ocrx_word' id='word_1_125' title='bbox 163 921 276 968; x_wconf 85' lang='grc' dir='ltr'>αὐτὸν,</span> <span class='ocrx_word' id='word_1_126' title='bbox 296 920 343 970; x_wconf 85' lang='grc' dir='ltr'>μὴ</span> <span class='ocrx_word' id='word_1_127' title='bbox 362 920 555 967; x_wconf 77' lang='grc' dir='ltr'>ἀπόληται,</span> <span class='ocrx_word' id='word_1_128' title='bbox 582 918 660 957; x_wconf 64' lang='grc' dir='ltr'>ἀλλ’</span> <span class='ocrx_word' id='word_1_129' title='bbox 688 920 751 972; x_wconf 84' lang='grc' dir='ltr'>ἔχῃ</span> <span class='ocrx_word' id='word_1_130' title='bbox 769 919 860 966; x_wconf 79' lang='grc' dir='ltr'>ζωὴν</span> <span class='ocrx_word' id='word_1_131' title='bbox 877 917 1030 957; x_wconf 86' lang='grc' dir='ltr'>αἰώνιον.</span> <span class='ocrx_word' id='word_1_132' title='bbox 1053 921 1119 962; x_wconf 76' lang='grc' dir='ltr'>Δος</span> 
     </span>
     <span class='ocr_line' id='line_1_16' title="bbox 96 971 1117 1024; baseline -0.001 -14"><span class='ocrx_word' id='word_1_133' title='bbox 96 987 156 1022; x_wconf 91' lang='grc' dir='ltr'>μοι</span> <span class='ocrx_word' id='word_1_134' title='bbox 182 973 239 1010; x_wconf 83' lang='grc' dir='ltr'>τὸν</span> <span class='ocrx_word' id='word_1_135' title='bbox 272 977 463 1023; x_wconf 71' lang='grc' dir='ltr'>μονογενῆ,</span> <span class='ocrx_word' id='word_1_136' title='bbox 499 972 555 1010; x_wconf 75' lang='grc' dir='ltr'>ἵνα</span> <span class='ocrx_word' id='word_1_137' title='bbox 583 971 790 1023; x_wconf 81' lang='grc' dir='ltr'>χαρίσωμαι</span> <span class='ocrx_word' id='word_1_138' title='bbox 819 975 892 1024; x_wconf 61' lang='grc' dir='ltr'>’Ἰτῷ</span> <span class='ocrx_word' id='word_1_139' title='bbox 912 971 1034 1024; x_wconf 83' lang='grc' dir='ltr'>κόσμῳ</span> <span class='ocrx_word' id='word_1_140' title='bbox 1060 972 1117 1009; x_wconf 86' lang='grc' dir='ltr'>τὸν</span> 
     </span>
     <span class='ocr_line' id='line_1_17' title="bbox 94 1024 1118 1077; baseline 0 -15"><span class='ocrx_word' id='word_1_141' title='bbox 94 1026 274 1076; x_wconf 80' lang='grc' dir='ltr'>Μονογενῆ</span> <span class='ocrx_word' id='word_1_142' title='bbox 290 1040 298 1048; x_wconf 86' lang='grc'><em>·</em></span> <span class='ocrx_word' id='word_1_143' title='bbox 319 1029 418 1063; x_wconf 84' lang='grc' dir='ltr'>θῦσον</span> <span class='ocrx_word' id='word_1_144' title='bbox 437 1025 493 1063; x_wconf 82' lang='grc' dir='ltr'>τὸν</span> <span class='ocrx_word' id='word_1_145' title='bbox 510 1025 579 1063; x_wconf 78' lang='grc' dir='ltr'>υἱόν</span> <span class='ocrx_word' id='word_1_146' title='bbox 609 1040 668 1062; x_wconf 80' lang='grc' dir='ltr'>σου</span> <span class='ocrx_word' id='word_1_147' title='bbox 681 1056 690 1073; x_wconf 91' lang='grc'>,</span> <span class='ocrx_word' id='word_1_148' title='bbox 715 1028 780 1077; x_wconf 82' lang='grc' dir='ltr'>οὐχ</span> <span class='ocrx_word' id='word_1_149' title='bbox 804 1024 860 1062; x_wconf 81' lang='grc' dir='ltr'>ἵνα</span> <span class='ocrx_word' id='word_1_150' title='bbox 883 1025 986 1076; x_wconf 75' lang='grc' dir='ltr'>θύσης</span> <span class='ocrx_word' id='word_1_151' title='bbox 1002 1055 1011 1072; x_wconf 93' lang='grc'>,</span> <span class='ocrx_word' id='word_1_152' title='bbox 1043 1026 1118 1062; x_wconf 81' lang='grc' dir='ltr'>ἀλλ’</span> 
     </span>
     <span class='ocr_line' id='line_1_18' title="bbox 93 1076 1116 1130; baseline 0 -16"><span class='ocrx_word' id='word_1_153' title='bbox 93 1076 149 1114; x_wconf 77' lang='grc' dir='ltr'>ἵνα</span> <span class='ocrx_word' id='word_1_154' title='bbox 177 1078 268 1116; x_wconf 80' lang='grc' dir='ltr'>θύσω</span> <span class='ocrx_word' id='word_1_155' title='bbox 295 1078 352 1115; x_wconf 82' lang='grc' dir='ltr'>τὸν</span> <span class='ocrx_word' id='word_1_156' title='bbox 382 1078 464 1116; x_wconf 85' lang='grc' dir='ltr'>Υἱόν</span> <span class='ocrx_word' id='word_1_157' title='bbox 497 1095 561 1129; x_wconf 85' lang='grc' dir='ltr'>μου</span> <span class='ocrx_word' id='word_1_158' title='bbox 590 1077 647 1115; x_wconf 80' lang='grc' dir='ltr'>τὸν</span> <span class='ocrx_word' id='word_1_159' title='bbox 676 1081 840 1129; x_wconf 73' lang='grc' dir='ltr'>μονογενῆ</span> <span class='ocrx_word' id='word_1_160' title='bbox 861 1077 947 1130; x_wconf 79' lang='grc' dir='ltr'>ὑπὲρ</span> <span class='ocrx_word' id='word_1_161' title='bbox 967 1081 1029 1124; x_wconf 65' lang='grc' dir='ltr'>τῆς</span> <span class='ocrx_word' id='word_1_162' title='bbox 1058 1081 1116 1115; x_wconf 85' lang='grc' dir='ltr'>τοῦ</span> 
     </span>
     <span class='ocr_line' id='line_1_19' title="bbox 93 1130 1114 1183; baseline 0 -16"><span class='ocrx_word' id='word_1_163' title='bbox 93 1131 224 1181; x_wconf 84' lang='grc' dir='ltr'>κόσμου</span> <span class='ocrx_word' id='word_1_164' title='bbox 249 1130 440 1183; x_wconf 83' lang='grc' dir='ltr'>σωτηρίας,</span> <span class='ocrx_word' id='word_1_165' title='bbox 474 1131 592 1169; x_wconf 77' lang='grc' dir='ltr'>Θυσίαν</span> <span class='ocrx_word' id='word_1_166' title='bbox 625 1132 751 1178; x_wconf 81' lang='grc' dir='ltr'>ζῶσαν,</span> <span class='ocrx_word' id='word_1_167' title='bbox 784 1131 978 1182; x_wconf 83' lang='grc' dir='ltr'>εὐάρεστον,</span> <span class='ocrx_word' id='word_1_168' title='bbox 999 1130 1114 1181; x_wconf 86' lang='grc' dir='ltr'>ἁγίαν.</span> 
     </span>
     <span class='ocr_line' id='line_1_20' title="bbox 93 1182 1117 1235; baseline 0 -15"><span class='ocrx_word' id='word_1_169' title='bbox 93 1182 198 1221; x_wconf 74' lang='grc' dir='ltr'>Οὕτω</span> <span class='ocrx_word' id='word_1_170' title='bbox 215 1184 274 1220; x_wconf 81' lang='grc' dir='ltr'>καὶ</span> <span class='ocrx_word' id='word_1_171' title='bbox 294 1186 443 1221; x_wconf 79' lang='grc' dir='ltr'>ἐνταῦθα</span> <span class='ocrx_word' id='word_1_172' title='bbox 458 1200 465 1206; x_wconf 94' lang='grc'><em>·</em></span> <span class='ocrx_word' id='word_1_173' title='bbox 491 1183 556 1227; x_wconf 82' lang='grc' dir='ltr'>Δός</span> <span class='ocrx_word' id='word_1_174' title='bbox 575 1199 634 1234; x_wconf 87' lang='grc' dir='ltr'>μοι</span> <span class='ocrx_word' id='word_1_175' title='bbox 651 1190 753 1232; x_wconf 84' lang='grc' dir='ltr'>πιεῖν,</span> <span class='ocrx_word' id='word_1_176' title='bbox 773 1186 836 1235; x_wconf 81' lang='grc' dir='ltr'>οὐχ</span> <span class='ocrx_word' id='word_1_177' title='bbox 850 1183 907 1220; x_wconf 77' lang='grc' dir='ltr'>ἴνα</span> <span class='ocrx_word' id='word_1_178' title='bbox 928 1183 998 1220; x_wconf 86' lang='grc' dir='ltr'>πίω</span> <span class='ocrx_word' id='word_1_179' title='bbox 1012 1211 1020 1227; x_wconf 90' lang='grc'>,</span> <span class='ocrx_word' id='word_1_180' title='bbox 1042 1183 1117 1220; x_wconf 79' lang='grc' dir='ltr'>ἀλλ’</span> 
     </span>
     <span class='ocr_line' id='line_1_21' title="bbox 92 1234 1120 1289; baseline 0 -17"><span class='ocrx_word' id='word_1_181' title='bbox 92 1234 149 1273; x_wconf 80' lang='grc' dir='ltr'>ἵνα</span> <span class='ocrx_word' id='word_1_182' title='bbox 177 1236 322 1274; x_wconf 88' lang='grc' dir='ltr'>ποτίσω.</span> <span class='ocrx_word' id='word_1_183' title='bbox 355 1236 460 1287; x_wconf 80' lang='grc' dir='ltr'>Λέγει</span> <span class='ocrx_word' id='word_1_184' title='bbox 493 1240 587 1289; x_wconf 81' lang='grc' dir='ltr'>αὐτῷ</span> <span class='ocrx_word' id='word_1_185' title='bbox 606 1240 627 1283; x_wconf 85' lang='grc' dir='ltr'>ἡ</span> <span class='ocrx_word' id='word_1_186' title='bbox 653 1237 756 1288; x_wconf 79' lang='grc' dir='ltr'>γυνή·</span> <span class='ocrx_word' id='word_1_187' title='bbox 791 1239 863 1279; x_wconf 85' lang='grc' dir='ltr'>πῶς</span> <span class='ocrx_word' id='word_1_188' title='bbox 885 1234 938 1283; x_wconf 75' lang='grc' dir='ltr'>σὺ,</span> <span class='ocrx_word' id='word_1_189' title='bbox 956 1236 1120 1279; x_wconf 85' lang='grc' dir='ltr'>Ἰουδαῖος</span> 
     </span>
     <span class='ocr_line' id='line_1_22' title="bbox 93 1287 1118 1354; baseline 0.001 -30"><span class='ocrx_word' id='word_1_190' title='bbox 93 1287 154 1333; x_wconf 81' lang='grc' dir='ltr'>ὣν,</span> <span class='ocrx_word' id='word_1_191' title='bbox 171 1293 255 1340; x_wconf 75' lang='grc' dir='ltr'>παρ’</span> <span class='ocrx_word' id='word_1_192' title='bbox 277 1291 360 1339; x_wconf 82' lang='grc' dir='ltr'>ἐμοῦ</span> <span class='ocrx_word' id='word_1_193' title='bbox 385 1295 477 1327; x_wconf 89' lang='grc' dir='ltr'>πιεῖν</span> <span class='ocrx_word' id='word_1_194' title='bbox 503 1292 631 1336; x_wconf 81' lang='grc' dir='ltr'>αἰτεῖς,</span> <span class='ocrx_word' id='word_1_195' title='bbox 658 1289 819 1340; x_wconf 84' lang='grc' dir='ltr'>γυναικὸς</span> <span class='ocrx_word' id='word_1_196' title='bbox 843 1288 1118 1354; x_wconf 50' lang='grc' dir='ltr'>Σαμαρείτιδος</span> 
     </span>
     <span class='ocr_line' id='line_1_23' title="bbox 93 1341 1118 1404; baseline 0 -26"><span class='ocrx_word' id='word_1_197' title='bbox 93 1341 207 1392; x_wconf 82' lang='grc' dir='ltr'>οὐγὰρ</span> <span class='ocrx_word' id='word_1_198' title='bbox 223 1345 446 1392; x_wconf 75' lang='grc' dir='ltr'>συγχρῶνται</span> <span class='ocrx_word' id='word_1_199' title='bbox 464 1342 627 1380; x_wconf 83' lang='grc' dir='ltr'>Ἰουδαῖοι</span> <span class='ocrx_word' id='word_1_200' title='bbox 646 1341 895 1393; x_wconf 81' lang='grc' dir='ltr'>Σαμαρείταις.</span> <span class='ocrx_word' id='word_1_201' title='bbox 916 1341 1078 1404; x_wconf 34' lang='grc' dir='ltr'>Ἀκριιὲης</span> <span class='ocrx_word' id='word_1_202' title='bbox 1097 1344 1118 1387; x_wconf 75' lang='grc' dir='ltr'>ἡ</span> 
     </span>
     <span class='ocr_line' id='line_1_24' title="bbox 92 1393 1118 1445; baseline 0 -15"><span class='ocrx_word' id='word_1_203' title='bbox 92 1394 196 1444; x_wconf 77' lang='grc' dir='ltr'>γυνή·</span> <span class='ocrx_word' id='word_1_204' title='bbox 223 1395 257 1431; x_wconf 81' lang='grc' dir='ltr'>ἓν</span> <span class='ocrx_word' id='word_1_205' title='bbox 277 1393 408 1437; x_wconf 72' lang='grc' dir='ltr'>τούτοις</span> <span class='ocrx_word' id='word_1_206' title='bbox 432 1398 453 1440; x_wconf 85' lang='grc' dir='ltr'>ἡ</span> <span class='ocrx_word' id='word_1_207' title='bbox 481 1394 591 1445; x_wconf 80' lang='grc' dir='ltr'>πόρνη</span> <span class='ocrx_word' id='word_1_208' title='bbox 613 1396 868 1445; x_wconf 81' lang='grc' dir='ltr'>φιλοτιμεῖται·</span> <span class='ocrx_word' id='word_1_209' title='bbox 889 1395 923 1431; x_wconf 83' lang='grc' dir='ltr'>ἐν</span> <span class='ocrx_word' id='word_1_210' title='bbox 946 1409 1077 1436; x_wconf 86' lang='grc' dir='ltr'>τουτοις</span> <span class='ocrx_word' id='word_1_211' title='bbox 1097 1397 1118 1439; x_wconf 78' lang='grc' dir='ltr'>ἡ</span> 
     </span>
     <span class='ocr_line' id='line_1_25' title="bbox 91 1445 1120 1509; baseline 0 -27"><span class='ocrx_word' id='word_1_212' title='bbox 91 1445 203 1498; x_wconf 81' lang='grc' dir='ltr'>πόρνη</span> <span class='ocrx_word' id='word_1_213' title='bbox 237 1445 299 1493; x_wconf 78' lang='grc' dir='ltr'>τὴν</span> <span class='ocrx_word' id='word_1_214' title='bbox 334 1447 491 1498; x_wconf 80' lang='grc' dir='ltr'>φυλακὴν</span> <span class='ocrx_word' id='word_1_215' title='bbox 523 1451 583 1484; x_wconf 88' lang='grc' dir='ltr'>τοῦ</span> <span class='ocrx_word' id='word_1_216' title='bbox 621 1446 727 1496; x_wconf 87' lang='grc' dir='ltr'>νόμου</span> <span class='ocrx_word' id='word_1_217' title='bbox 758 1446 921 1484; x_wconf 88' lang='grc' dir='ltr'>δείκνυσι.</span> <span class='ocrx_word' id='word_1_218' title='bbox 955 1448 1120 1509; x_wconf 69' lang='grc' dir='ltr'>Τοιοῦτον</span> 
     </span>
     <span class='ocr_line' id='line_1_26' title="bbox 91 1498 1121 1563; baseline 0 -28"><span class='ocrx_word' id='word_1_219' title='bbox 91 1498 257 1549; x_wconf 76' lang='grc' dir='ltr'>τυγχάνει</span> <span class='ocrx_word' id='word_1_220' title='bbox 291 1499 330 1536; x_wconf 86' lang='grc' dir='ltr'>τὸ</span> <span class='ocrx_word' id='word_1_221' title='bbox 360 1502 429 1537; x_wconf 85' lang='grc' dir='ltr'>τῶν</span> <span class='ocrx_word' id='word_1_222' title='bbox 461 1501 692 1550; x_wconf 80' lang='grc' dir='ltr'>Σαμαρειτῶν</span> <span class='ocrx_word' id='word_1_223' title='bbox 725 1498 839 1550; x_wconf 82' lang='grc' dir='ltr'>γένος·</span> <span class='ocrx_word' id='word_1_224' title='bbox 877 1500 912 1534; x_wconf 78' lang='grc' dir='ltr'>ἐν</span> <span class='ocrx_word' id='word_1_225' title='bbox 946 1514 1121 1563; x_wconf 63' lang='grc' dir='ltr'>πορνειαις</span> 
     </span>
     <span class='ocr_line' id='line_1_27' title="bbox 94 1551 1120 1603; baseline 0 -15"><span class='ocrx_word' id='word_1_226' title='bbox 94 1551 288 1600; x_wconf 82' lang='grc' dir='ltr'>μιαίνεται,</span> <span class='ocrx_word' id='word_1_227' title='bbox 308 1551 367 1589; x_wconf 84' lang='grc' dir='ltr'>καὶ</span> <span class='ocrx_word' id='word_1_228' title='bbox 390 1554 423 1589; x_wconf 82' lang='grc' dir='ltr'>ἐν</span> <span class='ocrx_word' id='word_1_229' title='bbox 446 1551 665 1603; x_wconf 87' lang='grc' dir='ltr'>βαπτίσμασι</span> <span class='ocrx_word' id='word_1_230' title='bbox 688 1551 935 1602; x_wconf 83' lang='grc' dir='ltr'>καθαρίζεσθαι</span> <span class='ocrx_word' id='word_1_231' title='bbox 958 1553 1120 1600; x_wconf 83' lang='grc' dir='ltr'>νομιζου-</span> 
     </span>
     <span class='ocr_line' id='line_1_28' title="bbox 93 1603 1120 1655; baseline 0 -15"><span class='ocrx_word' id='word_1_232' title='bbox 93 1618 159 1642; x_wconf 89' lang='grc' dir='ltr'>σιν.</span> <span class='ocrx_word' id='word_1_233' title='bbox 180 1605 264 1647; x_wconf 84' lang='grc' dir='ltr'>Πῶς</span> <span class='ocrx_word' id='word_1_234' title='bbox 292 1603 350 1650; x_wconf 78' lang='grc' dir='ltr'>σὺ,</span> <span class='ocrx_word' id='word_1_235' title='bbox 370 1603 535 1648; x_wconf 79' lang='grc' dir='ltr'>Ἰουδαῖος</span> <span class='ocrx_word' id='word_1_236' title='bbox 554 1604 617 1651; x_wconf 84' lang='grc' dir='ltr'>ὢν,</span> <span class='ocrx_word' id='word_1_237' title='bbox 648 1604 733 1655; x_wconf 79' lang='grc' dir='ltr'>παρ’</span> <span class='ocrx_word' id='word_1_238' title='bbox 761 1605 846 1654; x_wconf 82' lang='grc' dir='ltr'>ἐμοῦ</span> <span class='ocrx_word' id='word_1_239' title='bbox 871 1610 962 1641; x_wconf 84' lang='grc' dir='ltr'>πιεῖν</span> <span class='ocrx_word' id='word_1_240' title='bbox 994 1606 1120 1648; x_wconf 85' lang='grc' dir='ltr'>αἰτεῖς,</span> 
     </span>
     <span class='ocr_line' id='line_1_29' title="bbox 93 1655 1121 1708; baseline 0 -15"><span class='ocrx_word' id='word_1_241' title='bbox 93 1655 196 1703; x_wconf 71' lang='grc' dir='ltr'>οὔσης</span> <span class='ocrx_word' id='word_1_242' title='bbox 227 1657 387 1707; x_wconf 78' lang='grc' dir='ltr'>γυναικὸς</span> <span class='ocrx_word' id='word_1_243' title='bbox 423 1657 697 1708; x_wconf 82' lang='grc' dir='ltr'>Σαμαρείτιδος;</span> <span class='ocrx_word' id='word_1_244' title='bbox 727 1659 764 1695; x_wconf 75' lang='grc' dir='ltr'>οὗ</span> <span class='ocrx_word' id='word_1_245' title='bbox 797 1655 863 1708; x_wconf 82' lang='grc' dir='ltr'>γὰρ</span> <span class='ocrx_word' id='word_1_246' title='bbox 899 1659 1121 1707; x_wconf 70' lang='grc' dir='ltr'>συγχρῶνται</span> 
     </span>
     <span class='ocr_line' id='line_1_30' title="bbox 92 1709 1122 1771; baseline 0 -25"><span class='ocrx_word' id='word_1_247' title='bbox 92 1709 254 1748; x_wconf 82' lang='grc' dir='ltr'>Ἰουδαῖοι</span> <span class='ocrx_word' id='word_1_248' title='bbox 271 1709 522 1761; x_wconf 84' lang='grc' dir='ltr'>Σαμαρείταις.</span> <span class='ocrx_word' id='word_1_249' title='bbox 542 1710 616 1757; x_wconf 75' lang='grc' dir='ltr'>Τὴν</span> <span class='ocrx_word' id='word_1_250' title='bbox 636 1711 752 1763; x_wconf 73' lang='grc' dir='ltr'>ψυχὴν</span> <span class='ocrx_word' id='word_1_251' title='bbox 770 1711 908 1756; x_wconf 75' lang='grc' dir='ltr'>κηλῖδος</span> <span class='ocrx_word' id='word_1_252' title='bbox 926 1711 1098 1771; x_wconf 63' lang='grc' dir='ltr'>π).ἰ]ροῦσι</span> <span class='ocrx_word' id='word_1_253' title='bbox 1112 1739 1122 1756; x_wconf 90' lang='grc'>,</span> 
     </span>
     <span class='ocr_line' id='line_1_31' title="bbox 92 1761 1118 1824; baseline -0.001 -25"><span class='ocrx_word' id='word_1_254' title='bbox 92 1761 153 1800; x_wconf 80' lang='grc' dir='ltr'>καὶ</span> <span class='ocrx_word' id='word_1_255' title='bbox 179 1762 218 1800; x_wconf 79' lang='grc' dir='ltr'>τὸ</span> <span class='ocrx_word' id='word_1_256' title='bbox 237 1765 339 1812; x_wconf 86' lang='grc' dir='ltr'>σῶμα</span> <span class='ocrx_word' id='word_1_257' title='bbox 364 1763 584 1815; x_wconf 70' lang='grc' dir='ltr'>ἀποσμ-ἡχειν</span> <span class='ocrx_word' id='word_1_258' title='bbox 607 1765 776 1802; x_wconf 87' lang='grc' dir='ltr'>δοκοῦσιν.</span> <span class='ocrx_word' id='word_1_259' title='bbox 797 1762 902 1800; x_wconf 76' lang='grc' dir='ltr'>Οὕτω</span> <span class='ocrx_word' id='word_1_260' title='bbox 924 1762 1022 1824; x_wconf 33' lang='grc' dir='ltr'>καὶ-’ἡ</span> <span class='ocrx_word' id='word_1_261' title='bbox 1043 1763 1118 1799; x_wconf 63' lang='grc' dir='ltr'>,Σα-</span> 
     </span>
     <span class='ocr_line' id='line_1_32' title="bbox 94 1815 1120 1875; baseline 0.001 -25"><span class='ocrx_word' id='word_1_262' title='bbox 94 1821 251 1865; x_wconf 86' lang='grc' dir='ltr'>μαρεῖτις</span> <span class='ocrx_word' id='word_1_263' title='bbox 263 1830 270 1837; x_wconf 88' lang='grc'><em>·</em></span> <span class='ocrx_word' id='word_1_264' title='bbox 288 1815 351 1861; x_wconf 76' lang='grc' dir='ltr'>τὴν</span> <span class='ocrx_word' id='word_1_265' title='bbox 365 1817 481 1867; x_wconf 72' lang='grc' dir='ltr'>ψυχὴν</span> <span class='ocrx_word' id='word_1_266' title='bbox 497 1819 530 1854; x_wconf 80' lang='grc' dir='ltr'>ἐν</span> <span class='ocrx_word' id='word_1_267' title='bbox 547 1817 721 1868; x_wconf 81' lang='grc' dir='ltr'>πορνείαις</span> <span class='ocrx_word' id='word_1_268' title='bbox 737 1816 960 1873; x_wconf 52' lang='grc' dir='ltr'>πεὲυρμένην</span> <span class='ocrx_word' id='word_1_269' title='bbox 979 1825 1120 1875; x_wconf 24' lang='grc' dir='ltr'>ε’χουσὴα,</span> 
     </span>
     <span class='ocr_line' id='line_1_33' title="bbox 91 1867 1120 1923; baseline 0.001 -19"><span class='ocrx_word' id='word_1_270' title='bbox 91 1868 172 1919; x_wconf 80' lang='grc' dir='ltr'>περὶ</span> <span class='ocrx_word' id='word_1_271' title='bbox 188 1867 322 1911; x_wconf 87' lang='grc' dir='ltr'>πόσεως</span> <span class='ocrx_word' id='word_1_272' title='bbox 341 1868 475 1905; x_wconf 82' lang='grc' dir='ltr'>ὑδάτων</span> <span class='ocrx_word' id='word_1_273' title='bbox 493 1869 681 1923; x_wconf 59' lang='grc' dir='ltr'>δικάζεται.</span> <span class='ocrx_word' id='word_1_274' title='bbox 702 1869 749 1907; x_wconf 89' lang='grc' dir='ltr'>Τί</span> <span class='ocrx_word' id='word_1_275' title='bbox 766 1876 821 1908; x_wconf 82' lang='grc' dir='ltr'>οὐν</span> <span class='ocrx_word' id='word_1_276' title='bbox 838 1873 856 1907; x_wconf 84' lang='grc' dir='ltr'><strong><em>ὃ</em></strong></span> <span class='ocrx_word' id='word_1_277' title='bbox 871 1868 1023 1915; x_wconf 81' lang='grc' dir='ltr'>Ἰησοῦς;</span> <span class='ocrx_word' id='word_1_278' title='bbox 1043 1869 1120 1905; x_wconf 78' lang='grc' dir='ltr'>Ουκ</span> 
     </span>
    </p>
   </div>
   <div class='ocr_carea' id='block_1_6' title="bbox 91 1920 1169 1975">
    <p class='ocr_par' dir='ltr' id='par_1_6' title="bbox 91 1920 1169 1975">
     <span class='ocr_line' id='line_1_34' title="bbox 91 1920 1169 1975; baseline -0.001 -17"><span class='ocrx_word' id='word_1_279' title='bbox 91 1920 301 1958; x_wconf 81' lang='grc' dir='ltr'>ἀπεσείσατο</span> <span class='ocrx_word' id='word_1_280' title='bbox 321 1921 446 1967; x_wconf 66' lang='grc' dir='ltr'>αὐτην·</span> <span class='ocrx_word' id='word_1_281' title='bbox 464 1923 526 1959; x_wconf 84' lang='grc' dir='ltr'>οὐκ</span> <span class='ocrx_word' id='word_1_282' title='bbox 546 1926 638 1960; x_wconf 70' lang='grc' dir='ltr'>εἷπεν</span> <span class='ocrx_word' id='word_1_283' title='bbox 659 1924 746 1973; x_wconf 75' lang='grc' dir='ltr'>αὐτῇ</span> <span class='ocrx_word' id='word_1_284' title='bbox 759 1938 766 1945; x_wconf 89' lang='grc'><em>·</em></span> <span class='ocrx_word' id='word_1_285' title='bbox 790 1921 858 1975; x_wconf 80' lang='grc' dir='ltr'>ἐγὼ</span> <span class='ocrx_word' id='word_1_286' title='bbox 879 1920 968 1964; x_wconf 85' lang='grc' dir='ltr'>Θεός</span> <span class='ocrx_word' id='word_1_287' title='bbox 984 1923 1058 1969; x_wconf 83' lang='grc' dir='ltr'>εἰμι</span> <span class='ocrx_word' id='word_1_288' title='bbox 1080 1921 1119 1958; x_wconf 81' lang='grc' dir='ltr'>ἐκ</span> <span class='ocrx_word' id='word_1_289' title='bbox 1144 1939 1169 1968; x_wconf 83' lang='lat' dir='ltr'><strong>D</strong></span> 
     </span>
    </p>
   </div>
   <div class='ocr_carea' id='block_1_7' title="bbox 84 1972 1118 3291">
    <p class='ocr_par' dir='ltr' id='par_1_7' title="bbox 84 1972 1118 3291">
     <span class='ocr_line' id='line_1_35' title="bbox 91 1972 1118 2028; baseline 0.001 -18"><span class='ocrx_word' id='word_1_290' title='bbox 91 1975 202 2011; x_wconf 71' lang='grc' dir='ltr'>Θεοῦ·</span> <span class='ocrx_word' id='word_1_291' title='bbox 236 1972 303 2024; x_wconf 77' lang='grc' dir='ltr'>ἐγὼ</span> <span class='ocrx_word' id='word_1_292' title='bbox 328 1972 386 2010; x_wconf 70' lang='grc' dir='ltr'>τὸν</span> <span class='ocrx_word' id='word_1_293' title='bbox 406 1975 546 2025; x_wconf 74' lang='grc' dir='ltr'>οὐρανὸν</span> <span class='ocrx_word' id='word_1_294' title='bbox 567 1975 761 2028; x_wconf 77' lang='grc' dir='ltr'>ἑστερέωσα</span> <span class='ocrx_word' id='word_1_295' title='bbox 774 2007 783 2023; x_wconf 89' lang='grc'>,</span> <span class='ocrx_word' id='word_1_296' title='bbox 798 1975 857 2014; x_wconf 78' lang='grc' dir='ltr'>καὶ</span> <span class='ocrx_word' id='word_1_297' title='bbox 876 1974 938 2020; x_wconf 75' lang='grc' dir='ltr'>τὴν</span> <span class='ocrx_word' id='word_1_298' title='bbox 962 1976 1027 2024; x_wconf 76' lang='grc' dir='ltr'>γῆν</span> <span class='ocrx_word' id='word_1_299' title='bbox 1042 1976 1118 2011; x_wconf 81' lang='grc' dir='ltr'>ἐθε-</span> 
     </span>
     <span class='ocr_line' id='line_1_36' title="bbox 92 2025 1116 2088; baseline 0.001 -26"><span class='ocrx_word' id='word_1_300' title='bbox 92 2025 248 2075; x_wconf 78' lang='grc' dir='ltr'>μελίωσα</span> <span class='ocrx_word' id='word_1_301' title='bbox 264 2041 272 2049; x_wconf 86' lang='grc'><em>·</em></span> <span class='ocrx_word' id='word_1_302' title='bbox 299 2026 358 2063; x_wconf 83' lang='grc' dir='ltr'>καὶ</span> <span class='ocrx_word' id='word_1_303' title='bbox 387 2027 466 2079; x_wconf 77' lang='grc' dir='ltr'>περὶ</span> <span class='ocrx_word' id='word_1_304' title='bbox 490 2028 622 2065; x_wconf 73' lang='grc' dir='ltr'>ὑδάτων</span> <span class='ocrx_word' id='word_1_305' title='bbox 644 2028 702 2065; x_wconf 81' lang='grc' dir='ltr'>καὶ</span> <span class='ocrx_word' id='word_1_306' title='bbox 728 2028 861 2072; x_wconf 81' lang='grc' dir='ltr'>πόσεως</span> <span class='ocrx_word' id='word_1_307' title='bbox 881 2027 1003 2078; x_wconf 77' lang='grc' dir='ltr'>δικάζῃ</span> <span class='ocrx_word' id='word_1_308' title='bbox 1036 2042 1116 2088; x_wconf 82' lang='grc' dir='ltr'>μοι,</span> 
     </span>
     <span class='ocr_line' id='line_1_37' title="bbox 90 2078 1117 2134; baseline 0.003 -19"><span class='ocrx_word' id='word_1_309' title='bbox 90 2078 277 2116; x_wconf 77' lang='grc' dir='ltr'>καὶταῦτα</span> <span class='ocrx_word' id='word_1_310' title='bbox 305 2078 390 2129; x_wconf 85' lang='grc' dir='ltr'>γυνὴ</span> <span class='ocrx_word' id='word_1_311' title='bbox 422 2079 520 2123; x_wconf 63' lang='grc' dir='ltr'>ι’ταῖς</span> <span class='ocrx_word' id='word_1_312' title='bbox 552 2081 741 2134; x_wconf 77' lang='grc' dir='ltr'>ἁμαρτίαις</span> <span class='ocrx_word' id='word_1_313' title='bbox 761 2079 1005 2132; x_wconf 66' lang='grc' dir='ltr'>μεμιασμένη,</span> <span class='ocrx_word' id='word_1_314' title='bbox 1027 2080 1117 2118; x_wconf 81' lang='grc' dir='ltr'>ἀλλὰ</span> 
     </span>
     <span class='ocr_line' id='line_1_38' title="bbox 90 2130 1117 2184; baseline 0.003 -16"><span class='ocrx_word' id='word_1_315' title='bbox 90 2130 148 2177; x_wconf 72' lang='grc' dir='ltr'>τί,</span> <span class='ocrx_word' id='word_1_316' title='bbox 172 2133 213 2169; x_wconf 81' lang='grc' dir='ltr'>1Ξί</span> <span class='ocrx_word' id='word_1_317' title='bbox 235 2131 327 2182; x_wconf 85' lang='grc' dir='ltr'>ᾔδεις</span> <span class='ocrx_word' id='word_1_318' title='bbox 346 2131 409 2178; x_wconf 81' lang='grc' dir='ltr'>τὴν</span> <span class='ocrx_word' id='word_1_319' title='bbox 438 2132 568 2184; x_wconf 75' lang='grc' dir='ltr'>δωρεὰν</span> <span class='ocrx_word' id='word_1_320' title='bbox 588 2138 646 2171; x_wconf 87' lang='grc' dir='ltr'>τοῦ</span> <span class='ocrx_word' id='word_1_321' title='bbox 676 2136 789 2181; x_wconf 85' lang='grc' dir='ltr'>Θεοῦ,</span> <span class='ocrx_word' id='word_1_322' title='bbox 819 2134 879 2172; x_wconf 83' lang='grc' dir='ltr'>καὶ</span> <span class='ocrx_word' id='word_1_323' title='bbox 908 2132 959 2176; x_wconf 87' lang='grc' dir='ltr'>τίς</span> <span class='ocrx_word' id='word_1_324' title='bbox 983 2134 1076 2170; x_wconf 78' lang='grc' dir='ltr'>ἐστιν</span> <span class='ocrx_word' id='word_1_325' title='bbox 1099 2136 1117 2171; x_wconf 78' lang='grc' dir='ltr'><em>ὃ</em></span> 
     </span>
     <span class='ocr_line' id='line_1_39' title="bbox 89 2183 1116 2240; baseline 0.003 -19"><span class='ocrx_word' id='word_1_326' title='bbox 89 2183 199 2234; x_wconf 82' lang='grc' dir='ltr'>λέγων</span> <span class='ocrx_word' id='word_1_327' title='bbox 227 2199 301 2228; x_wconf 85' lang='grc' dir='ltr'>σοι,</span> <span class='ocrx_word' id='word_1_328' title='bbox 327 2184 383 2228; x_wconf 86' lang='grc' dir='ltr'>δός</span> <span class='ocrx_word' id='word_1_329' title='bbox 413 2200 471 2234; x_wconf 88' lang='grc' dir='ltr'>μοι</span> <span class='ocrx_word' id='word_1_330' title='bbox 495 2192 607 2223; x_wconf 87' lang='grc' dir='ltr'>πιεῖν·</span> <span class='ocrx_word' id='word_1_331' title='bbox 629 2186 670 2240; x_wconf 46' lang='grc' dir='ltr'>σὲ)</span> <span class='ocrx_word' id='word_1_332' title='bbox 697 2186 736 2224; x_wconf 84' lang='grc' dir='ltr'>ἂν</span> <span class='ocrx_word' id='word_1_333' title='bbox 757 2187 889 2238; x_wconf 82' lang='grc' dir='ltr'>ᾔτησας</span> <span class='ocrx_word' id='word_1_334' title='bbox 910 2184 1026 2232; x_wconf 78' lang='grc' dir='ltr'>αὐτὸν,</span> <span class='ocrx_word' id='word_1_335' title='bbox 1056 2186 1116 2224; x_wconf 79' lang='grc' dir='ltr'>καὶ</span> 
     </span>
     <span class='ocr_line' id='line_1_40' title="bbox 90 2235 1114 2289; baseline 0.004 -17"><span class='ocrx_word' id='word_1_336' title='bbox 90 2235 215 2273; x_wconf 84' lang='grc' dir='ltr'>ἔδωκεν</span> <span class='ocrx_word' id='word_1_337' title='bbox 247 2236 287 2273; x_wconf 80' lang='grc' dir='ltr'>οἷν</span> <span class='ocrx_word' id='word_1_338' title='bbox 311 2252 364 2274; x_wconf 92' lang='grc' dir='ltr'>σοι</span> <span class='ocrx_word' id='word_1_339' title='bbox 395 2236 487 2289; x_wconf 78' lang='grc' dir='ltr'>ὕδωρ</span> <span class='ocrx_word' id='word_1_340' title='bbox 514 2241 592 2282; x_wconf 84' lang='grc' dir='ltr'>ζῶν.</span> <span class='ocrx_word' id='word_1_341' title='bbox 614 2240 741 2285; x_wconf 81' lang='grc' dir='ltr'>Εἶδες,</span> <span class='ocrx_word' id='word_1_342' title='bbox 774 2242 848 2282; x_wconf 82' lang='grc' dir='ltr'>πῶς</span> <span class='ocrx_word' id='word_1_343' title='bbox 883 2238 961 2276; x_wconf 79' lang='grc' dir='ltr'>κατ’</span> <span class='ocrx_word' id='word_1_344' title='bbox 1000 2238 1114 2289; x_wconf 84' lang='grc' dir='ltr'>ὀλίγον</span> 
     </span>
     <span class='ocr_line' id='line_1_41' title="bbox 90 2289 1115 2343; baseline 0.004 -17"><span class='ocrx_word' id='word_1_345' title='bbox 90 2289 260 2341; x_wconf 71' lang='grc' dir='ltr'>διήγειρεν</span> <span class='ocrx_word' id='word_1_346' title='bbox 287 2291 394 2334; x_wconf 76' lang='grc' dir='ltr'>αὐτῆς</span> <span class='ocrx_word' id='word_1_347' title='bbox 417 2289 474 2327; x_wconf 82' lang='grc' dir='ltr'>τὸν</span> <span class='ocrx_word' id='word_1_348' title='bbox 504 2291 608 2330; x_wconf 88' lang='grc' dir='ltr'>πόθον</span> <span class='ocrx_word' id='word_1_349' title='bbox 638 2294 684 2335; x_wconf 86' lang='grc' dir='ltr'>εἷς</span> <span class='ocrx_word' id='word_1_350' title='bbox 709 2293 908 2343; x_wconf 79' lang='grc' dir='ltr'>ἐπιθυμίαν,</span> <span class='ocrx_word' id='word_1_351' title='bbox 931 2291 1050 2339; x_wconf 83' lang='grc' dir='ltr'>εἰπὼν,</span> <span class='ocrx_word' id='word_1_352' title='bbox 1070 2293 1115 2330; x_wconf 85' lang='grc' dir='ltr'>Εἰ</span> 
     </span>
     <span class='ocr_line' id='line_1_42' title="bbox 89 2340 1113 2395; baseline 0.003 -17"><span class='ocrx_word' id='word_1_353' title='bbox 89 2340 183 2392; x_wconf 83' lang='grc' dir='ltr'>ᾔδεις</span> <span class='ocrx_word' id='word_1_354' title='bbox 211 2342 274 2388; x_wconf 75' lang='grc' dir='ltr'>τὴν</span> <span class='ocrx_word' id='word_1_355' title='bbox 297 2342 428 2395; x_wconf 77' lang='grc' dir='ltr'>δωρεὰν</span> <span class='ocrx_word' id='word_1_356' title='bbox 448 2347 506 2381; x_wconf 82' lang='grc' dir='ltr'>τοῦ</span> <span class='ocrx_word' id='word_1_357' title='bbox 531 2346 622 2383; x_wconf 84' lang='grc' dir='ltr'>Θεοῦ</span> <span class='ocrx_word' id='word_1_358' title='bbox 636 2376 645 2392; x_wconf 85' lang='grc'>,</span> <span class='ocrx_word' id='word_1_359' title='bbox 679 2345 740 2383; x_wconf 80' lang='grc' dir='ltr'>καὶ</span> <span class='ocrx_word' id='word_1_360' title='bbox 769 2345 820 2388; x_wconf 91' lang='grc' dir='ltr'>τίς</span> <span class='ocrx_word' id='word_1_361' title='bbox 853 2347 945 2382; x_wconf 80' lang='grc' dir='ltr'>ἐστιν</span> <span class='ocrx_word' id='word_1_362' title='bbox 966 2348 983 2382; x_wconf 83' lang='grc' dir='ltr'>ὁ</span> <span class='ocrx_word' id='word_1_363' title='bbox 1004 2343 1113 2394; x_wconf 78' lang='grc' dir='ltr'>λέγων</span> 
     </span>
     <span class='ocr_line' id='line_1_43' title="bbox 89 2394 1113 2449; baseline 0.003 -18"><span class='ocrx_word' id='word_1_364' title='bbox 89 2409 166 2442; x_wconf 85' lang='grc' dir='ltr'>σοι,</span> <span class='ocrx_word' id='word_1_365' title='bbox 188 2395 243 2438; x_wconf 85' lang='grc' dir='ltr'>δός</span> <span class='ocrx_word' id='word_1_366' title='bbox 271 2411 329 2444; x_wconf 90' lang='grc' dir='ltr'>μοι</span> <span class='ocrx_word' id='word_1_367' title='bbox 346 2401 451 2443; x_wconf 89' lang='grc' dir='ltr'>πιεῖν,</span> <span class='ocrx_word' id='word_1_368' title='bbox 471 2394 511 2432; x_wconf 75' lang='grc' dir='ltr'>σὺ</span> <span class='ocrx_word' id='word_1_369' title='bbox 530 2398 570 2434; x_wconf 78' lang='grc' dir='ltr'>ἂν</span> <span class='ocrx_word' id='word_1_370' title='bbox 589 2397 722 2449; x_wconf 79' lang='grc' dir='ltr'>ᾔτησας</span> <span class='ocrx_word' id='word_1_371' title='bbox 751 2398 868 2444; x_wconf 79' lang='grc' dir='ltr'>αὐτὸν,</span> <span class='ocrx_word' id='word_1_372' title='bbox 897 2397 957 2435; x_wconf 79' lang='grc' dir='ltr'>καὶ</span> <span class='ocrx_word' id='word_1_373' title='bbox 988 2397 1113 2435; x_wconf 84' lang='grc' dir='ltr'>ἔδωκεν</span> 
     </span>
     <span class='ocr_line' id='line_1_44' title="bbox 89 2444 1112 2503; baseline 0.003 -20"><span class='ocrx_word' id='word_1_374' title='bbox 89 2446 130 2483; x_wconf 82' lang='grc' dir='ltr'>ἄν</span> <span class='ocrx_word' id='word_1_375' title='bbox 146 2462 200 2485; x_wconf 86' lang='grc' dir='ltr'>σοι</span> <span class='ocrx_word' id='word_1_376' title='bbox 219 2447 310 2498; x_wconf 78' lang='grc' dir='ltr'>ὕδωρ</span> <span class='ocrx_word' id='word_1_377' title='bbox 340 2450 418 2491; x_wconf 81' lang='grc' dir='ltr'>ζῶν.</span> <span class='ocrx_word' id='word_1_378' title='bbox 450 2448 496 2485; x_wconf 83' lang='grc' dir='ltr'>Τί</span> <span class='ocrx_word' id='word_1_379' title='bbox 525 2444 581 2486; x_wconf 76' lang='grc' dir='ltr'>οῦν</span> <span class='ocrx_word' id='word_1_380' title='bbox 602 2451 706 2487; x_wconf 72' lang='grc' dir='ltr'>πάλιν</span> <span class='ocrx_word' id='word_1_381' title='bbox 734 2451 819 2503; x_wconf 79' lang='grc' dir='ltr'>πρὸς</span> <span class='ocrx_word' id='word_1_382' title='bbox 848 2450 949 2488; x_wconf 80' lang='grc' dir='ltr'>αὐτὸν</span> <span class='ocrx_word' id='word_1_383' title='bbox 964 2453 986 2495; x_wconf 87' lang='grc' dir='ltr'>ἡ</span> <span class='ocrx_word' id='word_1_384' title='bbox 1005 2450 1112 2500; x_wconf 69' lang='grc' dir='ltr'>γυνή,</span> 
     </span>
     <span class='ocr_line' id='line_1_45' title="bbox 89 2498 1118 2558; baseline 0.004 -22"><span class='ocrx_word' id='word_1_385' title='bbox 89 2498 198 2551; x_wconf 78' lang='grc' dir='ltr'>Κύριε</span> <span class='ocrx_word' id='word_1_386' title='bbox 212 2529 220 2545; x_wconf 91' lang='grc'>,</span> <span class='ocrx_word' id='word_1_387' title='bbox 236 2499 313 2537; x_wconf 81' lang='grc' dir='ltr'>οὔτε</span> <span class='ocrx_word' id='word_1_388' title='bbox 335 2501 498 2550; x_wconf 81' lang='grc' dir='ltr'>ἄντλημα</span> <span class='ocrx_word' id='word_1_389' title='bbox 524 2502 614 2552; x_wconf 90' lang='grc' dir='ltr'>ἔχεις</span> <span class='ocrx_word' id='word_1_390' title='bbox 626 2533 635 2549; x_wconf 89' lang='grc'>,</span> <span class='ocrx_word' id='word_1_391' title='bbox 655 2503 714 2539; x_wconf 83' lang='grc' dir='ltr'>καὶ</span> <span class='ocrx_word' id='word_1_392' title='bbox 727 2503 766 2540; x_wconf 80' lang='grc' dir='ltr'>τὸ</span> <span class='ocrx_word' id='word_1_393' title='bbox 783 2502 892 2554; x_wconf 71' lang='grc' dir='ltr'>φρέαρ</span> <span class='ocrx_word' id='word_1_394' title='bbox 908 2502 981 2539; x_wconf 80' lang='grc' dir='ltr'>ἐστὶ</span> <span class='ocrx_word' id='word_1_395' title='bbox 1004 2503 1118 2558; x_wconf 39' lang='grc' dir='ltr'>βαθύζ</span> 
     </span>
     <span class='ocr_line' id='line_1_46' title="bbox 87 2546 1115 2607; baseline 0.004 -19"><span class='ocrx_word' id='word_1_396' title='bbox 87 2552 190 2589; x_wconf 86' lang='grc' dir='ltr'>πόθεν</span> <span class='ocrx_word' id='word_1_397' title='bbox 210 2546 268 2589; x_wconf 74' lang='grc' dir='ltr'>οῦν</span> <span class='ocrx_word' id='word_1_398' title='bbox 288 2551 379 2604; x_wconf 83' lang='grc' dir='ltr'>ἔχεις</span> <span class='ocrx_word' id='word_1_399' title='bbox 394 2554 454 2590; x_wconf 83' lang='grc' dir='ltr'>καὶ</span> <span class='ocrx_word' id='word_1_400' title='bbox 471 2553 510 2590; x_wconf 80' lang='grc' dir='ltr'>τὸ</span> <span class='ocrx_word' id='word_1_401' title='bbox 533 2554 624 2607; x_wconf 76' lang='grc' dir='ltr'>ὕδωρ</span> <span class='ocrx_word' id='word_1_402' title='bbox 640 2555 678 2592; x_wconf 82' lang='grc' dir='ltr'>τὸ</span> <span class='ocrx_word' id='word_1_403' title='bbox 698 2557 781 2601; x_wconf 74' lang='grc' dir='ltr'>ζῶν,</span> <span class='ocrx_word' id='word_1_404' title='bbox 802 2554 863 2600; x_wconf 84' lang='grc' dir='ltr'>Μὴ</span> <span class='ocrx_word' id='word_1_405' title='bbox 881 2556 918 2592; x_wconf 83' lang='grc' dir='ltr'>οὐ</span> <span class='ocrx_word' id='word_1_406' title='bbox 936 2555 1062 2604; x_wconf 83' lang='grc' dir='ltr'>μείζων</span> <span class='ocrx_word' id='word_1_407' title='bbox 1086 2560 1115 2593; x_wconf 88' lang='grc' dir='ltr'>εἰ</span> 
     </span>
     <span class='ocr_line' id='line_1_47' title="bbox 87 2604 1110 2661; baseline 0.003 -20"><span class='ocrx_word' id='word_1_408' title='bbox 87 2609 146 2642; x_wconf 88' lang='grc' dir='ltr'>τοῦ</span> <span class='ocrx_word' id='word_1_409' title='bbox 167 2604 294 2658; x_wconf 80' lang='grc' dir='ltr'>πατρὸς</span> <span class='ocrx_word' id='word_1_410' title='bbox 310 2608 411 2654; x_wconf 75' lang='grc' dir='ltr'>ἡμῶν</span> <span class='ocrx_word' id='word_1_411' title='bbox 430 2604 563 2643; x_wconf 45' lang='lat' dir='ltr'>&#39;lanae’</span> <span class='ocrx_word' id='word_1_412' title='bbox 576 2636 584 2652; x_wconf 95' lang='lat'>‚</span> <span class='ocrx_word' id='word_1_413' title='bbox 613 2607 647 2650; x_wconf 82' lang='grc' dir='ltr'>ὃς</span> <span class='ocrx_word' id='word_1_414' title='bbox 672 2606 797 2645; x_wconf 83' lang='grc' dir='ltr'>ἔδωκεν</span> <span class='ocrx_word' id='word_1_415' title='bbox 823 2611 907 2657; x_wconf 73' lang='grc' dir='ltr'>ἡμῖν</span> <span class='ocrx_word' id='word_1_416' title='bbox 927 2608 965 2645; x_wconf 83' lang='grc' dir='ltr'>τὸ</span> <span class='ocrx_word' id='word_1_417' title='bbox 985 2607 1110 2661; x_wconf 75' lang='grc' dir='ltr'>φρέαρ,</span> 
     </span>
     <span class='ocr_line' id='line_1_48' title="bbox 88 2656 1113 2714; baseline 0.004 -21"><span class='ocrx_word' id='word_1_418' title='bbox 88 2656 147 2693; x_wconf 78' lang='grc' dir='ltr'>καὶ</span> <span class='ocrx_word' id='word_1_419' title='bbox 162 2656 262 2700; x_wconf 78' lang='grc' dir='ltr'>αὐτὸς</span> <span class='ocrx_word' id='word_1_420' title='bbox 287 2657 320 2702; x_wconf 80' lang='grc' dir='ltr'>ἐξ</span> <span class='ocrx_word' id='word_1_421' title='bbox 343 2660 446 2695; x_wconf 81' lang='grc' dir='ltr'>αὐτοῦ</span> <span class='ocrx_word' id='word_1_422' title='bbox 469 2658 576 2704; x_wconf 83' lang='grc' dir='ltr'>ἔπιεν,</span> <span class='ocrx_word' id='word_1_423' title='bbox 597 2660 655 2696; x_wconf 76' lang='grc' dir='ltr'>καὶ</span> <span class='ocrx_word' id='word_1_424' title='bbox 678 2662 708 2697; x_wconf 85' lang='grc' dir='ltr'>οἱ</span> <span class='ocrx_word' id='word_1_425' title='bbox 737 2660 803 2698; x_wconf 76' lang='grc' dir='ltr'>υἱοὶ</span> <span class='ocrx_word' id='word_1_426' title='bbox 823 2663 948 2706; x_wconf 72' lang='grc' dir='ltr'>αὐτοῦ,</span> <span class='ocrx_word' id='word_1_427' title='bbox 978 2660 1038 2714; x_wconf 52' lang='grc' dir='ltr'>κΝαὶ</span> <span class='ocrx_word' id='word_1_428' title='bbox 1070 2661 1113 2697; x_wconf 83' lang='grc' dir='ltr'>τὰ</span> 
     </span>
     <span class='ocr_line' id='line_1_49' title="bbox 88 2708 1112 2765; baseline 0.004 -19"><span class='ocrx_word' id='word_1_429' title='bbox 88 2708 275 2761; x_wconf 74' lang='grc' dir='ltr'>θρέμματα</span> <span class='ocrx_word' id='word_1_430' title='bbox 303 2712 424 2757; x_wconf 75' lang='grc' dir='ltr'>αὖτοῦ;</span> <span class='ocrx_word' id='word_1_431' title='bbox 457 2712 626 2762; x_wconf 84' lang='grc' dir='ltr'>Μεγάλην</span> <span class='ocrx_word' id='word_1_432' title='bbox 652 2712 730 2750; x_wconf 76' lang='grc' dir='ltr'>τινὰ</span> <span class='ocrx_word' id='word_1_433' title='bbox 759 2712 951 2765; x_wconf 66' lang='grc' dir='ltr'>φαντασίαν</span> <span class='ocrx_word' id='word_1_434' title='bbox 980 2717 1070 2764; x_wconf 85' lang='grc' dir='ltr'>εἶχεν</span> <span class='ocrx_word' id='word_1_435' title='bbox 1090 2716 1112 2759; x_wconf 82' lang='grc' dir='ltr'>ἡ</span> 
     </span>
     <span class='ocr_line' id='line_1_50' title="bbox 87 2761 1112 2819; baseline 0.004 -20"><span class='ocrx_word' id='word_1_436' title='bbox 87 2761 171 2812; x_wconf 83' lang='grc' dir='ltr'>γυνὴ</span> <span class='ocrx_word' id='word_1_437' title='bbox 191 2763 270 2816; x_wconf 81' lang='grc' dir='ltr'>περὶ</span> <span class='ocrx_word' id='word_1_438' title='bbox 290 2767 348 2800; x_wconf 84' lang='grc' dir='ltr'>τοῦ</span> <span class='ocrx_word' id='word_1_439' title='bbox 368 2764 585 2817; x_wconf 85' lang='grc' dir='ltr'>πατριάρχου</span> <span class='ocrx_word' id='word_1_440' title='bbox 606 2765 735 2803; x_wconf 62' lang='lat' dir='ltr'>&#39;Iam-&#39;255</span> <span class='ocrx_word' id='word_1_441' title='bbox 755 2765 972 2819; x_wconf 41' lang='grc' dir='ltr'>χπροσέχετε,</span> <span class='ocrx_word' id='word_1_442' title='bbox 992 2781 1112 2816; x_wconf 87' lang='grc' dir='ltr'>παρα-</span> 
     </span>
     <span class='ocr_line' id='line_1_51' title="bbox 87 2815 1111 2870; baseline 0.005 -19"><span class='ocrx_word' id='word_1_443' title='bbox 87 2817 208 2861; x_wconf 85' lang='grc' dir='ltr'>καλῶ,</span> <span class='ocrx_word' id='word_1_444' title='bbox 242 2815 331 2865; x_wconf 80' lang='grc' dir='ltr'>μετὰ</span> <span class='ocrx_word' id='word_1_445' title='bbox 361 2815 476 2862; x_wconf 88' lang='grc' dir='ltr'>πάσης</span> <span class='ocrx_word' id='word_1_446' title='bbox 507 2817 727 2869; x_wconf 62' lang='grc' dir='ltr'>ἀκριὸείας)·</span> <span class='ocrx_word' id='word_1_447' title='bbox 749 2819 922 2870; x_wconf 63' lang='grc' dir='ltr'>ὑπόληψιν</span> <span class='ocrx_word' id='word_1_448' title='bbox 957 2820 1111 2869; x_wconf 86' lang='grc' dir='ltr'>μεγάλην</span> 
     </span>
     <span class='ocr_line' id='line_1_52' title="bbox 87 2861 1113 2923; baseline 0.006 -19"><span class='ocrx_word' id='word_1_449' title='bbox 87 2861 180 2918; x_wconf 60' lang='grc' dir='ltr'>εἶχεν</span> <span class='ocrx_word' id='word_1_450' title='bbox 200 2868 280 2919; x_wconf 83' lang='grc' dir='ltr'>περὶ</span> <span class='ocrx_word' id='word_1_451' title='bbox 298 2872 356 2906; x_wconf 84' lang='grc' dir='ltr'>τοῦ</span> <span class='ocrx_word' id='word_1_452' title='bbox 373 2868 501 2906; x_wconf 64' lang='grc' dir='ltr'>Ἰακὼὸ</span> <span class='ocrx_word' id='word_1_453' title='bbox 516 2875 536 2916; x_wconf 83' lang='grc' dir='ltr'>ἡ</span> <span class='ocrx_word' id='word_1_454' title='bbox 559 2872 773 2923; x_wconf 84' lang='grc' dir='ltr'>Σαμαρεῖτις</span> <span class='ocrx_word' id='word_1_455' title='bbox 792 2871 878 2922; x_wconf 85' lang='grc' dir='ltr'>γυνὴ</span> <span class='ocrx_word' id='word_1_456' title='bbox 894 2899 904 2918; x_wconf 88' lang='grc'>,</span> <span class='ocrx_word' id='word_1_457' title='bbox 927 2872 986 2909; x_wconf 73' lang='grc' dir='ltr'>καὶ</span> <span class='ocrx_word' id='word_1_458' title='bbox 1007 2872 1113 2922; x_wconf 79' lang='grc' dir='ltr'>μεγά-</span> 
     </span>
     <span class='ocr_line' id='line_1_53' title="bbox 86 2913 1112 2978; baseline 0.006 -22"><span class='ocrx_word' id='word_1_459' title='bbox 86 2920 150 2965; x_wconf 90' lang='grc' dir='ltr'>λην</span> <span class='ocrx_word' id='word_1_460' title='bbox 168 2913 242 2971; x_wconf 66' lang='grc' dir='ltr'>εἶχε</span> <span class='ocrx_word' id='word_1_461' title='bbox 261 2920 324 2967; x_wconf 77' lang='grc' dir='ltr'>τὴν</span> <span class='ocrx_word' id='word_1_462' title='bbox 346 2920 445 2964; x_wconf 81' lang='grc' dir='ltr'>δόξαν</span> <span class='ocrx_word' id='word_1_463' title='bbox 465 2923 545 2973; x_wconf 82' lang='grc' dir='ltr'>περὶ</span> <span class='ocrx_word' id='word_1_464' title='bbox 561 2925 689 2978; x_wconf 54' lang='grc' dir='ltr'>αὐτοῦ,</span> <span class='ocrx_word' id='word_1_465' title='bbox 711 2926 757 2966; x_wconf 81' lang='grc' dir='ltr'>ὡς</span> <span class='ocrx_word' id='word_1_466' title='bbox 775 2924 854 2975; x_wconf 86' lang='grc' dir='ltr'>περὶ</span> <span class='ocrx_word' id='word_1_467' title='bbox 872 2924 1112 2976; x_wconf 81' lang='grc' dir='ltr'>πατριάρχου,</span> 
     </span>
     <span class='ocr_line' id='line_1_54' title="bbox 85 2973 1113 3028; baseline 0.004 -19"><span class='ocrx_word' id='word_1_468' title='bbox 85 2975 132 3015; x_wconf 81' lang='grc' dir='ltr'>ὡς</span> <span class='ocrx_word' id='word_1_469' title='bbox 147 2974 226 3024; x_wconf 85' lang='grc' dir='ltr'>περὶ</span> <span class='ocrx_word' id='word_1_470' title='bbox 247 2973 379 3011; x_wconf 76' lang='grc' dir='ltr'>δικαίου</span> <span class='ocrx_word' id='word_1_471' title='bbox 395 3002 404 3018; x_wconf 77' lang='lat'>,</span> <span class='ocrx_word' id='word_1_472' title='bbox 426 2975 616 3027; x_wconf 75' lang='grc' dir='ltr'>ἐπειδήπερ</span> <span class='ocrx_word' id='word_1_473' title='bbox 636 2980 732 3020; x_wconf 72' lang='grc' dir='ltr'>οὗτος</span> <span class='ocrx_word' id='word_1_474' title='bbox 747 2976 880 3028; x_wconf 77' lang='grc' dir='ltr'>ἐγένετο</span> <span class='ocrx_word' id='word_1_475' title='bbox 895 2980 962 3014; x_wconf 84' lang='grc' dir='ltr'>τῶν</span> <span class='ocrx_word' id='word_1_476' title='bbox 978 2977 1113 3014; x_wconf 85' lang='grc' dir='ltr'>δώδεκα</span> 
     </span>
     <span class='ocr_line' id='line_1_55' title="bbox 85 3026 1114 3082; baseline 0.004 -19"><span class='ocrx_word' id='word_1_477' title='bbox 85 3029 314 3077; x_wconf 82' lang='grc' dir='ltr'>πατριαρχῶν</span> <span class='ocrx_word' id='word_1_478' title='bbox 329 3026 447 3078; x_wconf 74' lang='grc' dir='ltr'>πατήρ</span> <span class='ocrx_word' id='word_1_479' title='bbox 461 3043 468 3050; x_wconf 89' lang='grc'><em>·</em></span> <span class='ocrx_word' id='word_1_480' title='bbox 486 3031 521 3065; x_wconf 84' lang='grc' dir='ltr'>αἱ</span> <span class='ocrx_word' id='word_1_481' title='bbox 534 3028 602 3079; x_wconf 75' lang='grc' dir='ltr'>γὰρ</span> <span class='ocrx_word' id='word_1_482' title='bbox 617 3029 760 3067; x_wconf 77' lang='grc' dir='ltr'>δεκαδύο</span> <span class='ocrx_word' id='word_1_483' title='bbox 776 3030 879 3082; x_wconf 69' lang='grc' dir='ltr'>φυλαὶ</span> <span class='ocrx_word' id='word_1_484' title='bbox 894 3034 951 3067; x_wconf 87' lang='grc' dir='ltr'>τοῦ</span> <span class='ocrx_word' id='word_1_485' title='bbox 968 3029 1114 3081; x_wconf 79' lang='grc' dir='ltr'>Ἰσραὴλ</span> 
     </span>
     <span class='ocr_line' id='line_1_56' title="bbox 85 3078 1112 3131; baseline 0.003 -16"><span class='ocrx_word' id='word_1_486' title='bbox 85 3079 125 3115; x_wconf 79' lang='grc' dir='ltr'>ἐκ</span> <span class='ocrx_word' id='word_1_487' title='bbox 143 3082 202 3115; x_wconf 84' lang='grc' dir='ltr'>τοῦ</span> <span class='ocrx_word' id='word_1_488' title='bbox 222 3078 352 3116; x_wconf 66' lang='grc' dir='ltr'>Ἰακὼὲ</span> <span class='ocrx_word' id='word_1_489' title='bbox 372 3079 538 3130; x_wconf 79' lang='grc' dir='ltr'>ἐγένοντο.</span> <span class='ocrx_word' id='word_1_490' title='bbox 559 3082 611 3118; x_wconf 83' lang='grc' dir='ltr'>Οὐ</span> <span class='ocrx_word' id='word_1_491' title='bbox 632 3081 733 3131; x_wconf 88' lang='grc' dir='ltr'>μόνον</span> <span class='ocrx_word' id='word_1_492' title='bbox 757 3083 791 3119; x_wconf 81' lang='grc' dir='ltr'>δὲ</span> <span class='ocrx_word' id='word_1_493' title='bbox 811 3086 932 3128; x_wconf 86' lang='grc' dir='ltr'>τοῦτο,</span> <span class='ocrx_word' id='word_1_494' title='bbox 954 3084 1030 3120; x_wconf 78' lang='grc' dir='ltr'>ἀλλ’</span> <span class='ocrx_word' id='word_1_495' title='bbox 1060 3081 1112 3119; x_wconf 79' lang='grc' dir='ltr'>ὅτι</span> 
     </span>
     <span class='ocr_line' id='line_1_57' title="bbox 85 3130 1112 3185; baseline 0.004 -18"><span class='ocrx_word' id='word_1_496' title='bbox 85 3130 144 3167; x_wconf 80' lang='grc' dir='ltr'>καὶ</span> <span class='ocrx_word' id='word_1_497' title='bbox 165 3131 334 3169; x_wconf 77' lang='grc' dir='ltr'>ἐπάλαισε</span> <span class='ocrx_word' id='word_1_498' title='bbox 351 3131 439 3181; x_wconf 78' lang='grc' dir='ltr'>μετὰ</span> <span class='ocrx_word' id='word_1_499' title='bbox 458 3134 568 3178; x_wconf 87' lang='grc' dir='ltr'>Θεοῦ,</span> <span class='ocrx_word' id='word_1_500' title='bbox 593 3134 651 3170; x_wconf 82' lang='grc' dir='ltr'>καὶ</span> <span class='ocrx_word' id='word_1_501' title='bbox 668 3134 789 3185; x_wconf 79' lang='grc' dir='ltr'>εὑρέθη</span> <span class='ocrx_word' id='word_1_502' title='bbox 810 3134 950 3177; x_wconf 84' lang='grc' dir='ltr'>δυνατὸς</span> <span class='ocrx_word' id='word_1_503' title='bbox 962 3163 972 3180; x_wconf 85' lang='grc'>,</span> <span class='ocrx_word' id='word_1_504' title='bbox 987 3137 1034 3177; x_wconf 83' lang='grc' dir='ltr'>ὡς</span> <span class='ocrx_word' id='word_1_505' title='bbox 1052 3133 1112 3172; x_wconf 80' lang='grc' dir='ltr'>καὶ</span> 
     </span>
     <span class='ocr_line' id='line_1_58' title="bbox 84 3181 1112 3237; baseline 0.005 -18"><span class='ocrx_word' id='word_1_506' title='bbox 84 3181 142 3219; x_wconf 86' lang='grc' dir='ltr'>τὸν</span> <span class='ocrx_word' id='word_1_507' title='bbox 174 3184 265 3222; x_wconf 79' lang='grc' dir='ltr'>Θεὸν</span> <span class='ocrx_word' id='word_1_508' title='bbox 298 3186 405 3222; x_wconf 82' lang='grc' dir='ltr'>εἰπεῖν</span> <span class='ocrx_word' id='word_1_509' title='bbox 438 3185 524 3236; x_wconf 77' lang='grc' dir='ltr'>πρὸς</span> <span class='ocrx_word' id='word_1_510' title='bbox 554 3186 673 3223; x_wconf 78' lang='grc' dir='ltr'>αὐτόν·</span> <span class='ocrx_word' id='word_1_511' title='bbox 711 3186 899 3226; x_wconf 80' lang='grc' dir='ltr'>Ἀπόλυσόν</span> <span class='ocrx_word' id='word_1_512' title='bbox 933 3203 993 3237; x_wconf 87' lang='grc' dir='ltr'>με,</span> <span class='ocrx_word' id='word_1_513' title='bbox 1024 3186 1112 3225; x_wconf 85' lang='grc' dir='ltr'>διότι</span> 
     </span>
     <span class='ocr_line' id='line_1_59' title="bbox 85 3235 1110 3291; baseline 0.007 -20"><span class='ocrx_word' id='word_1_514' title='bbox 85 3235 192 3282; x_wconf 63' lang='grc' dir='ltr'>ἀνέὅη</span> <span class='ocrx_word' id='word_1_515' title='bbox 213 3239 230 3274; x_wconf 82' lang='grc' dir='ltr'>ὁ</span> <span class='ocrx_word' id='word_1_516' title='bbox 248 3236 378 3288; x_wconf 79' lang='grc' dir='ltr'>ὄρθρος.</span> <span class='ocrx_word' id='word_1_517' title='bbox 407 3237 478 3275; x_wconf 79' lang='grc' dir='ltr'>Καὶ</span> <span class='ocrx_word' id='word_1_518' title='bbox 504 3237 593 3281; x_wconf 81' lang='grc' dir='ltr'>Θεὸς</span> <span class='ocrx_word' id='word_1_519' title='bbox 623 3239 711 3289; x_wconf 80' lang='grc' dir='ltr'>μετὰ</span> <span class='ocrx_word' id='word_1_520' title='bbox 741 3239 922 3291; x_wconf 82' lang='grc' dir='ltr'>ἀνθρώπου</span> <span class='ocrx_word' id='word_1_521' title='bbox 939 3239 1110 3288; x_wconf 86' lang='grc' dir='ltr'>παλαίων,</span> 
     </span>
    </p>
   </div>
   <div class='ocr_carea' id='block_1_8' title="bbox 131 3348 710 3393">
    <p class='ocr_par' dir='ltr' id='par_1_8' title="bbox 131 3348 710 3393">
     <span class='ocr_line' id='line_1_60' title="bbox 131 3348 710 3393; baseline 0.003 -12"><span class='ocrx_word' id='word_1_522' title='bbox 131 3358 145 3371; x_wconf 71' lang='lat'><strong>³</strong></span> <span class='ocrx_word' id='word_1_523' title='bbox 169 3357 210 3391; x_wconf 75' lang='grc' dir='ltr'>τῷ</span> <span class='ocrx_word' id='word_1_524' title='bbox 228 3356 328 3392; x_wconf 68' lang='grc' dir='ltr'>κὸσμῳ</span> <span class='ocrx_word' id='word_1_525' title='bbox 343 3348 434 3383; x_wconf 81' lang='lat' dir='ltr'><strong>deest</strong></span> <span class='ocrx_word' id='word_1_526' title='bbox 448 3351 480 3383; x_wconf 86' lang='lat' dir='ltr'>in</span> <span class='ocrx_word' id='word_1_527' title='bbox 496 3349 710 3393; x_wconf 81' lang='lat' dir='ltr'>quibusdam.</span> 
     </span>
    </p>
   </div>
   <div class='ocr_carea' id='block_1_9' title="bbox 1185 290 2383 3292">
    <p class='ocr_par' dir='ltr' id='par_1_9' title="bbox 1194 290 2382 765">
     <span class='ocr_line' id='line_1_61' title="bbox 1197 290 2186 350; baseline 0.013 -25"><span class='ocrx_word' id='word_1_528' title='bbox 1197 290 1262 327; x_wconf 81' lang='lat' dir='ltr'>Da</span> <span class='ocrx_word' id='word_1_529' title='bbox 1290 292 1385 326; x_wconf 62' lang='lat' dir='ltr'>milii</span> <span class='ocrx_word' id='word_1_530' title='bbox 1417 293 1556 337; x_wconf 81' lang='lat' dir='ltr'>bibere,</span> <span class='ocrx_word' id='word_1_531' title='bbox 1580 302 1619 329; x_wconf 92' lang='lat' dir='ltr'>ut</span> <span class='ocrx_word' id='word_1_532' title='bbox 1643 293 1709 330; x_wconf 83' lang='lat' dir='ltr'>tibi</span> <span class='ocrx_word' id='word_1_533' title='bbox 1736 294 1817 331; x_wconf 90' lang='lat' dir='ltr'>dem</span> <span class='ocrx_word' id='word_1_534' title='bbox 1846 296 2036 335; x_wconf 72' lang='lat' dir='ltr'>bibendam</span> <span class='ocrx_word' id='word_1_535' title='bbox 2058 314 2186 350; x_wconf 81' lang='lat' dir='ltr'>aquam</span> 
     </span>
     <span class='ocr_line' id='line_1_62' title="bbox 1197 341 2186 393; baseline 0.012 -16"><span class='ocrx_word' id='word_1_536' title='bbox 1197 341 1487 380; x_wconf 74' lang='lat' dir='ltr'>immortalitatis.</span> <span class='ocrx_word' id='word_1_537' title='bbox 1511 344 1587 393; x_wconf 81' lang='lat' dir='ltr'>Ego</span> <span class='ocrx_word' id='word_1_538' title='bbox 1616 345 1708 381; x_wconf 87' lang='lat' dir='ltr'>enini</span> <span class='ocrx_word' id='word_1_539' title='bbox 1731 347 1879 384; x_wconf 79' lang='lat' dir='ltr'>salutem</span> <span class='ocrx_word' id='word_1_540' title='bbox 1909 351 2114 388; x_wconf 81' lang='lat' dir='ltr'>moi-talium</span> <span class='ocrx_word' id='word_1_541' title='bbox 2141 353 2186 389; x_wconf 80' lang='lat' dir='ltr'>si-</span> 
     </span>
     <span class='ocr_line' id='line_1_63' title="bbox 1196 393 2185 450; baseline 0.013 -21"><span class='ocrx_word' id='word_1_542' title='bbox 1196 393 1263 440; x_wconf 86' lang='lat' dir='ltr'>tio;</span> <span class='ocrx_word' id='word_1_543' title='bbox 1282 407 1352 430; x_wconf 89' lang='lat' dir='ltr'>non</span> <span class='ocrx_word' id='word_1_544' title='bbox 1379 403 1418 431; x_wconf 88' lang='lat' dir='ltr'>ut</span> <span class='ocrx_word' id='word_1_545' title='bbox 1442 395 1578 444; x_wconf 87' lang='lat' dir='ltr'>bibam,</span> <span class='ocrx_word' id='word_1_546' title='bbox 1601 396 1663 434; x_wconf 85' lang='lat' dir='ltr'>sed</span> <span class='ocrx_word' id='word_1_547' title='bbox 1686 407 1723 434; x_wconf 91' lang='lat' dir='ltr'>ut</span> <span class='ocrx_word' id='word_1_548' title='bbox 1750 407 1873 449; x_wconf 87' lang='lat' dir='ltr'>potum</span> <span class='ocrx_word' id='word_1_549' title='bbox 1902 402 2090 450; x_wconf 72' lang='lat' dir='ltr'>praebeam.</span> <span class='ocrx_word' id='word_1_550' title='bbox 2114 406 2185 441; x_wconf 87' lang='lat' dir='ltr'>Pa-</span> 
     </span>
     <span class='ocr_line' id='line_1_64' title="bbox 1199 445 2186 493; baseline 0.011 -12"><span class='ocrx_word' id='word_1_551' title='bbox 1199 453 1286 481; x_wconf 84' lang='lat' dir='ltr'>trem</span> <span class='ocrx_word' id='word_1_552' title='bbox 1310 445 1430 483; x_wconf 89' lang='lat' dir='ltr'>imitor</span> <span class='ocrx_word' id='word_1_553' title='bbox 1451 461 1570 484; x_wconf 88' lang='lat' dir='ltr'>meum</span> <span class='ocrx_word' id='word_1_554' title='bbox 1598 463 1604 483; x_wconf 93' lang='lat'>:</span> <span class='ocrx_word' id='word_1_555' title='bbox 1631 449 1681 486; x_wconf 87' lang='lat' dir='ltr'>sic</span> <span class='ocrx_word' id='word_1_556' title='bbox 1707 451 1801 487; x_wconf 88' lang='lat' dir='ltr'>enim</span> <span class='ocrx_word' id='word_1_557' title='bbox 1823 452 1872 488; x_wconf 86' lang='lat' dir='ltr'>ait</span> <span class='ocrx_word' id='word_1_558' title='bbox 1890 454 1984 489; x_wconf 85' lang='lat' dir='ltr'>Deus</span> <span class='ocrx_word' id='word_1_559' title='bbox 2010 454 2055 490; x_wconf 77' lang='lat' dir='ltr'>ad</span> <span class='ocrx_word' id='word_1_560' title='bbox 2074 456 2186 493; x_wconf 62' lang='lat' dir='ltr'>¹lbra-</span> 
     </span>
     <span class='ocr_line' id='line_1_65' title="bbox 1194 496 2382 552; baseline 0.013 -19"><span class='ocrx_word' id='word_1_561' title='bbox 1194 496 1304 533; x_wconf 83' lang='lat' dir='ltr'>ham:</span> <span class='ocrx_word' id='word_1_562' title='bbox 1326 498 1381 535; x_wconf 85' lang='lat' dir='ltr'>Da</span> <span class='ocrx_word' id='word_1_563' title='bbox 1411 499 1501 536; x_wconf 85' lang='lat' dir='ltr'>milii</span> <span class='ocrx_word' id='word_1_564' title='bbox 1532 500 1647 538; x_wconf 85' lang='lat' dir='ltr'>lilium</span> <span class='ocrx_word' id='word_1_565' title='bbox 1681 511 1804 552; x_wconf 71' lang='lat' dir='ltr'>tuum,</span> <span class='ocrx_word' id='word_1_566' title='bbox 1833 504 1922 541; x_wconf 81' lang='lat' dir='ltr'>osser</span> <span class='ocrx_word' id='word_1_567' title='bbox 1948 506 2036 542; x_wconf 86' lang='lat' dir='ltr'>milii</span> <span class='ocrx_word' id='word_1_568' title='bbox 2069 507 2186 546; x_wconf 84' lang='lat' dir='ltr'>filium</span> <span class='ocrx_word' id='word_1_569' title='bbox 2203 516 2382 548; x_wconf 82' lang='lat' dir='ltr'>Gen.22.2.</span> 
     </span>
     <span class='ocr_line' id='line_1_66' title="bbox 1196 550 2183 607; baseline 0.011 -22"><span class='ocrx_word' id='word_1_570' title='bbox 1196 558 1299 586; x_wconf 84' lang='lat' dir='ltr'>tuum</span> <span class='ocrx_word' id='word_1_571' title='bbox 1310 550 1409 588; x_wconf 85' lang='lat' dir='ltr'>Isaac</span> <span class='ocrx_word' id='word_1_572' title='bbox 1421 551 1607 603; x_wconf 88' lang='lat' dir='ltr'>dilectum,</span> <span class='ocrx_word' id='word_1_573' title='bbox 1622 554 1860 603; x_wconf 73' lang='lat' dir='ltr'>unigenitum,</span> <span class='ocrx_word' id='word_1_574' title='bbox 1876 556 1910 593; x_wconf 90' lang='lat' dir='ltr'>in</span> <span class='ocrx_word' id='word_1_575' title='bbox 1923 557 2183 607; x_wconf 77' lang='lat' dir='ltr'>holocaustum,</span> 
     </span>
     <span class='ocr_line' id='line_1_67' title="bbox 1196 604 2185 657; baseline 0.013 -20"><span class='ocrx_word' id='word_1_576' title='bbox 1196 616 1303 653; x_wconf 88' lang='lat' dir='ltr'>super</span> <span class='ocrx_word' id='word_1_577' title='bbox 1324 617 1433 641; x_wconf 84' lang='lat' dir='ltr'>unum</span> <span class='ocrx_word' id='word_1_578' title='bbox 1456 606 1644 654; x_wconf 86' lang='lat' dir='ltr'>montium,</span> <span class='ocrx_word' id='word_1_579' title='bbox 1664 604 1769 657; x_wconf 78' lang='lat' dir='ltr'>quem</span> <span class='ocrx_word' id='word_1_580' title='bbox 1791 609 1976 647; x_wconf 81' lang='lat' dir='ltr'>ostendero</span> <span class='ocrx_word' id='word_1_581' title='bbox 1996 611 2075 648; x_wconf 89' lang='lat' dir='ltr'>tibi.</span> <span class='ocrx_word' id='word_1_582' title='bbox 2106 613 2185 650; x_wconf 75' lang='lat' dir='ltr'>Non</span> 
     </span>
     <span class='ocr_line' id='line_1_68' title="bbox 1197 654 2185 715; baseline 0.012 -25"><span class='ocrx_word' id='word_1_583' title='bbox 1197 654 1296 704; x_wconf 89' lang='lat' dir='ltr'>quod</span> <span class='ocrx_word' id='word_1_584' title='bbox 1324 657 1483 708; x_wconf 83' lang='lat' dir='ltr'>accipere</span> <span class='ocrx_word' id='word_1_585' title='bbox 1507 658 1626 695; x_wconf 85' lang='lat' dir='ltr'>filium</span> <span class='ocrx_word' id='word_1_586' title='bbox 1657 660 1775 709; x_wconf 72' lang='lat' dir='ltr'>vellet,</span> <span class='ocrx_word' id='word_1_587' title='bbox 1796 661 1833 699; x_wconf 82' lang='lat' dir='ltr'>id</span> <span class='ocrx_word' id='word_1_588' title='bbox 1861 662 1980 711; x_wconf 71' lang='lat' dir='ltr'>dixit;</span> <span class='ocrx_word' id='word_1_589' title='bbox 2000 663 2061 700; x_wconf 88' lang='lat' dir='ltr'>scd</span> <span class='ocrx_word' id='word_1_590' title='bbox 2088 665 2185 715; x_wconf 88' lang='lat' dir='ltr'>quod</span> 
     </span>
     <span class='ocr_line' id='line_1_69' title="bbox 1196 707 2101 765; baseline 0.012 -22"><span class='ocrx_word' id='word_1_591' title='bbox 1196 707 1384 758; x_wconf 85' lang='lat' dir='ltr'>proprium</span> <span class='ocrx_word' id='word_1_592' title='bbox 1399 709 1533 748; x_wconf 72' lang='lat' dir='ltr'>Filium</span> <span class='ocrx_word' id='word_1_593' title='bbox 1553 711 1632 748; x_wconf 87' lang='lat' dir='ltr'>orbi</span> <span class='ocrx_word' id='word_1_594' title='bbox 1647 720 1819 751; x_wconf 87' lang='lat' dir='ltr'>terrarum</span> <span class='ocrx_word' id='word_1_595' title='bbox 1839 714 1964 765; x_wconf 82' lang='lat' dir='ltr'>largiri</span> <span class='ocrx_word' id='word_1_596' title='bbox 1982 716 2101 754; x_wconf 71' lang='lat' dir='ltr'>vellet.</span> 
     </span>
    </p>

    <p class='ocr_par' dir='ltr' id='par_1_10' title="bbox 1185 762 2383 3292">
     <span class='ocr_line' id='line_1_70' title="bbox 1250 762 2179 808; baseline 0.01 -11"><span class='ocrx_word' id='word_1_597' title='bbox 1250 764 1286 797; x_wconf 62' lang='grc'>9.</span> <span class='ocrx_word' id='word_1_598' title='bbox 1304 762 1442 799; x_wconf 85' lang='lat' dir='ltr'>Namut</span> <span class='ocrx_word' id='word_1_599' title='bbox 1457 763 1506 800; x_wconf 90' lang='lat' dir='ltr'>ait</span> <span class='ocrx_word' id='word_1_600' title='bbox 1526 764 1672 801; x_wconf 85' lang='lat' dir='ltr'>tonitrui</span> <span class='ocrx_word' id='word_1_601' title='bbox 1697 766 1794 804; x_wconf 81' lang='lat' dir='ltr'>filius</span> <span class='ocrx_word' id='word_1_602' title='bbox 1816 766 1961 805; x_wconf 76' lang='lat' dir='ltr'>divinus</span> <span class='ocrx_word' id='word_1_603' title='bbox 1995 771 2147 808; x_wconf 80' lang='lat' dir='ltr'>Joannes</span> <span class='ocrx_word' id='word_1_604' title='bbox 2172 786 2179 806; x_wconf 95' lang='lat'><strong>:</strong></span> 
     </span>
     <span class='ocr_line' id='line_1_71' title="bbox 1195 811 2382 870; baseline 0.011 -20"><span class='ocrx_word' id='word_1_605' title='bbox 1195 811 1256 850; x_wconf 80' lang='lat' dir='ltr'>Sic</span> <span class='ocrx_word' id='word_1_606' title='bbox 1273 813 1380 851; x_wconf 80' lang='lat' dir='ltr'>Deus</span> <span class='ocrx_word' id='word_1_607' title='bbox 1415 815 1551 853; x_wconf 72' lang='lat' dir='ltr'>dilexit</span> <span class='ocrx_word' id='word_1_608' title='bbox 1585 819 1784 865; x_wconf 77' lang='lat' dir='ltr'>mundum,</span> <span class='ocrx_word' id='word_1_609' title='bbox 1815 828 1856 857; x_wconf 81' lang='lat' dir='ltr'>ut</span> <span class='ocrx_word' id='word_1_610' title='bbox 1885 822 2032 859; x_wconf 76' lang='lat' dir='ltr'>Filium</span> <span class='ocrx_word' id='word_1_611' title='bbox 2071 837 2182 860; x_wconf 78' lang='lat' dir='ltr'>suum</span> <span class='ocrx_word' id='word_1_612' title='bbox 2195 839 2317 868; x_wconf 70' lang='lat' dir='ltr'>Jousz.3.</span> <span class='ocrx_word' id='word_1_613' title='bbox 2337 839 2382 870; x_wconf 63' lang='lat'>15,</span> 
     </span>
     <span class='ocr_line' id='line_1_72' title="bbox 1196 867 2184 925; baseline 0.013 -25"><span class='ocrx_word' id='word_1_614' title='bbox 1196 867 1437 917; x_wconf 81' lang='lat' dir='ltr'>unigenitum</span> <span class='ocrx_word' id='word_1_615' title='bbox 1469 869 1579 906; x_wconf 80' lang='lat' dir='ltr'>daret</span> <span class='ocrx_word' id='word_1_616' title='bbox 1620 885 1630 904; x_wconf 88' lang='lat'><em>:</em></span> <span class='ocrx_word' id='word_1_617' title='bbox 1664 879 1706 908; x_wconf 81' lang='lat' dir='ltr'>ut</span> <span class='ocrx_word' id='word_1_618' title='bbox 1735 876 1858 909; x_wconf 81' lang='lat' dir='ltr'>omnis</span> <span class='ocrx_word' id='word_1_619' title='bbox 1895 877 1962 925; x_wconf 81' lang='lat' dir='ltr'>qui</span> <span class='ocrx_word' id='word_1_620' title='bbox 1987 876 2109 912; x_wconf 77' lang='lat' dir='ltr'>credit</span> <span class='ocrx_word' id='word_1_621' title='bbox 2142 879 2184 913; x_wconf 84' lang='lat' dir='ltr'>in</span> 
     </span>
     <span class='ocr_line' id='line_1_73' title="bbox 1195 920 2183 971; baseline 0.013 -18"><span class='ocrx_word' id='word_1_622' title='bbox 1195 920 1319 968; x_wconf 81' lang='lat' dir='ltr'>ipsum</span> <span class='ocrx_word' id='word_1_623' title='bbox 1340 934 1417 957; x_wconf 85' lang='lat' dir='ltr'>non</span> <span class='ocrx_word' id='word_1_624' title='bbox 1430 931 1577 971; x_wconf 79' lang='lat' dir='ltr'>pereat,</span> <span class='ocrx_word' id='word_1_625' title='bbox 1597 924 1665 960; x_wconf 78' lang='lat' dir='ltr'>sed</span> <span class='ocrx_word' id='word_1_626' title='bbox 1678 925 1821 962; x_wconf 81' lang='lat' dir='ltr'>habeat</span> <span class='ocrx_word' id='word_1_627' title='bbox 1840 928 1965 963; x_wconf 77' lang='lat' dir='ltr'>vitam</span> <span class='ocrx_word' id='word_1_628' title='bbox 1985 937 2183 969; x_wconf 67' lang='lat' dir='ltr'>aeternam.</span> 
     </span>
     <span class='ocr_line' id='line_1_74' title="bbox 1194 971 2184 1032; baseline 0.012 -25"><span class='ocrx_word' id='word_1_629' title='bbox 1194 971 1250 1008; x_wconf 86' lang='lat' dir='ltr'>Da</span> <span class='ocrx_word' id='word_1_630' title='bbox 1265 971 1354 1009; x_wconf 89' lang='lat' dir='ltr'>mihi</span> <span class='ocrx_word' id='word_1_631' title='bbox 1376 974 1610 1023; x_wconf 84' lang='lat' dir='ltr'>unigenitum,</span> <span class='ocrx_word' id='word_1_632' title='bbox 1630 985 1669 1012; x_wconf 89' lang='lat' dir='ltr'>ut</span> <span class='ocrx_word' id='word_1_633' title='bbox 1690 977 1822 1014; x_wconf 89' lang='lat' dir='ltr'>mundo</span> <span class='ocrx_word' id='word_1_634' title='bbox 1852 978 1986 1030; x_wconf 86' lang='lat' dir='ltr'>largiar</span> <span class='ocrx_word' id='word_1_635' title='bbox 2011 981 2184 1032; x_wconf 71' lang='lat' dir='ltr'>[nigeni-</span> 
     </span>
     <span class='ocr_line' id='line_1_75' title="bbox 1193 1025 2184 1082; baseline 0.013 -23"><span class='ocrx_word' id='word_1_636' title='bbox 1193 1031 1270 1060; x_wconf 91' lang='lat' dir='ltr'>tum</span> <span class='ocrx_word' id='word_1_637' title='bbox 1286 1039 1293 1059; x_wconf 80' lang='lat' dir='ltr'><strong>z</strong></span> <span class='ocrx_word' id='word_1_638' title='bbox 1312 1025 1458 1063; x_wconf 90' lang='lat' dir='ltr'>immola</span> <span class='ocrx_word' id='word_1_639' title='bbox 1475 1027 1608 1077; x_wconf 86' lang='lat' dir='ltr'>filium,</span> <span class='ocrx_word' id='word_1_640' title='bbox 1631 1042 1698 1065; x_wconf 90' lang='lat' dir='ltr'>non</span> <span class='ocrx_word' id='word_1_641' title='bbox 1717 1039 1758 1067; x_wconf 88' lang='lat' dir='ltr'>ut</span> <span class='ocrx_word' id='word_1_642' title='bbox 1782 1030 1954 1082; x_wconf 77' lang='lat' dir='ltr'>immoles,</span> <span class='ocrx_word' id='word_1_643' title='bbox 1981 1032 2042 1070; x_wconf 88' lang='lat' dir='ltr'>sed</span> <span class='ocrx_word' id='word_1_644' title='bbox 2067 1044 2106 1072; x_wconf 87' lang='lat' dir='ltr'>ut</span> <span class='ocrx_word' id='word_1_645' title='bbox 2124 1034 2184 1071; x_wconf 83' lang='lat' dir='ltr'>Fi-</span> 
     </span>
     <span class='ocr_line' id='line_1_76' title="bbox 1193 1075 2185 1138; baseline 0.013 -26"><span class='ocrx_word' id='word_1_646' title='bbox 1193 1075 1285 1113; x_wconf 87' lang='lat' dir='ltr'>lium</span> <span class='ocrx_word' id='word_1_647' title='bbox 1322 1092 1442 1115; x_wconf 87' lang='lat' dir='ltr'>meum</span> <span class='ocrx_word' id='word_1_648' title='bbox 1475 1080 1699 1131; x_wconf 84' lang='lat' dir='ltr'>unigenitum</span> <span class='ocrx_word' id='word_1_649' title='bbox 1736 1083 1919 1121; x_wconf 80' lang='lat' dir='ltr'>immolem</span> <span class='ocrx_word' id='word_1_650' title='bbox 1966 1100 2030 1138; x_wconf 85' lang='lat' dir='ltr'>pro</span> <span class='ocrx_word' id='word_1_651' title='bbox 2072 1087 2185 1125; x_wconf 89' lang='lat' dir='ltr'>salute</span> 
     </span>
     <span class='ocr_line' id='line_1_77' title="bbox 1194 1128 2383 1194; baseline 0.013 -29"><span class='ocrx_word' id='word_1_652' title='bbox 1194 1128 1333 1179; x_wconf 86' lang='lat' dir='ltr'>mundi,</span> <span class='ocrx_word' id='word_1_653' title='bbox 1372 1131 1527 1169; x_wconf 80' lang='lat' dir='ltr'>hostiam</span> <span class='ocrx_word' id='word_1_654' title='bbox 1556 1134 1749 1183; x_wconf 66' lang='lat' dir='ltr'>viventem,</span> <span class='ocrx_word' id='word_1_655' title='bbox 1776 1136 1984 1188; x_wconf 81' lang='lat' dir='ltr'>placentem,</span> <span class='ocrx_word' id='word_1_656' title='bbox 2007 1149 2177 1179; x_wconf 79' lang='lat' dir='ltr'>sanctam.</span> <span class='ocrx_word' id='word_1_657' title='bbox 2196 1165 2383 1194; x_wconf 75' lang='lat' dir='ltr'>R‹›m.12.1.</span> 
     </span>
     <span class='ocr_line' id='line_1_78' title="bbox 1195 1181 2179 1243; baseline 0.014 -26"><span class='ocrx_word' id='word_1_658' title='bbox 1195 1181 1247 1218; x_wconf 87' lang='lat' dir='ltr'>lta</span> <span class='ocrx_word' id='word_1_659' title='bbox 1264 1182 1321 1220; x_wconf 83' lang='lat' dir='ltr'>hic</span> <span class='ocrx_word' id='word_1_660' title='bbox 1338 1197 1492 1234; x_wconf 86' lang='lat' dir='ltr'>quoque,</span> <span class='ocrx_word' id='word_1_661' title='bbox 1516 1186 1581 1222; x_wconf 78' lang='lat' dir='ltr'>Da</span> <span class='ocrx_word' id='word_1_662' title='bbox 1599 1189 1694 1224; x_wconf 68' lang='lat' dir='ltr'>milti</span> <span class='ocrx_word' id='word_1_663' title='bbox 1711 1190 1849 1235; x_wconf 80' lang='lat' dir='ltr'>bibere,</span> <span class='ocrx_word' id='word_1_664' title='bbox 1884 1205 1951 1228; x_wconf 90' lang='lat' dir='ltr'>non</span> <span class='ocrx_word' id='word_1_665' title='bbox 1982 1201 2020 1229; x_wconf 91' lang='lat' dir='ltr'>ut</span> <span class='ocrx_word' id='word_1_666' title='bbox 2041 1193 2179 1243; x_wconf 80' lang='lat' dir='ltr'>bibam,</span> 
     </span>
     <span class='ocr_line' id='line_1_79' title="bbox 1196 1234 2181 1296; baseline 0.014 -26"><span class='ocrx_word' id='word_1_667' title='bbox 1196 1234 1255 1271; x_wconf 88' lang='lat' dir='ltr'>scd</span> <span class='ocrx_word' id='word_1_668' title='bbox 1272 1245 1311 1272; x_wconf 88' lang='lat' dir='ltr'>ut</span> <span class='ocrx_word' id='word_1_669' title='bbox 1329 1246 1453 1287; x_wconf 84' lang='lat' dir='ltr'>potum</span> <span class='ocrx_word' id='word_1_670' title='bbox 1484 1239 1674 1289; x_wconf 58' lang='lat' dir='ltr'>praelieam.</span> <span class='ocrx_word' id='word_1_671' title='bbox 1697 1242 1805 1279; x_wconf 81' lang='lat' dir='ltr'>Dicit</span> <span class='ocrx_word' id='word_1_672' title='bbox 1840 1246 1874 1279; x_wconf 85' lang='lat' dir='ltr'>ei</span> <span class='ocrx_word' id='word_1_673' title='bbox 1897 1245 2058 1282; x_wconf 76' lang='lat' dir='ltr'>mulier:</span> <span class='ocrx_word' id='word_1_674' title='bbox 2081 1248 2181 1296; x_wconf 77' lang='lat' dir='ltr'>Quo-</span> 
     </span>
     <span class='ocr_line' id='line_1_80' title="bbox 1196 1288 2177 1349; baseline 0.013 -26"><span class='ocrx_word' id='word_1_675' title='bbox 1196 1288 1308 1324; x_wconf 82' lang='lat' dir='ltr'>modo</span> <span class='ocrx_word' id='word_1_676' title='bbox 1326 1297 1365 1326; x_wconf 84' lang='lat' dir='ltr'>tu</span> <span class='ocrx_word' id='word_1_677' title='bbox 1383 1291 1543 1328; x_wconf 76' lang='lat' dir='ltr'>Judoeus</span> <span class='ocrx_word' id='word_1_678' title='bbox 1560 1305 1645 1329; x_wconf 79' lang='lat' dir='ltr'>cum</span> <span class='ocrx_word' id='word_1_679' title='bbox 1673 1296 1739 1339; x_wconf 77' lang='lat' dir='ltr'>Sis,</span> <span class='ocrx_word' id='word_1_680' title='bbox 1765 1297 1889 1332; x_wconf 80' lang='lat' dir='ltr'>bibere</span> <span class='ocrx_word' id='word_1_681' title='bbox 1904 1311 1929 1333; x_wconf 85' lang='lat' dir='ltr'>a</span> <span class='ocrx_word' id='word_1_682' title='bbox 1963 1311 2022 1334; x_wconf 84' lang='lat' dir='ltr'>me</span> <span class='ocrx_word' id='word_1_683' title='bbox 2037 1302 2177 1349; x_wconf 81' lang='lat' dir='ltr'>poscis,</span> 
     </span>
     <span class='ocr_line' id='line_1_81' title="bbox 1196 1344 2181 1390; baseline 0.013 -14"><span class='ocrx_word' id='word_1_684' title='bbox 1196 1353 1281 1390; x_wconf 65' lang='grc' dir='ltr'>(μία)</span> <span class='ocrx_word' id='word_1_685' title='bbox 1301 1355 1385 1378; x_wconf 81' lang='lat' dir='ltr'>sum</span> <span class='ocrx_word' id='word_1_686' title='bbox 1415 1344 1554 1380; x_wconf 79' lang='lat' dir='ltr'>mulier</span> <span class='ocrx_word' id='word_1_687' title='bbox 1578 1345 1858 1384; x_wconf 73' lang='lat' dir='ltr'>Samaritana?</span> <span class='ocrx_word' id='word_1_688' title='bbox 1883 1363 1960 1386; x_wconf 83' lang='lat' dir='ltr'>non</span> <span class='ocrx_word' id='word_1_689' title='bbox 1990 1354 2091 1387; x_wconf 82' lang='lat' dir='ltr'>enim</span> <span class='ocrx_word' id='word_1_690' title='bbox 2119 1365 2181 1389; x_wconf 83' lang='lat' dir='ltr'>co-</span> 
     </span>
     <span class='ocr_line' id='line_1_82' title="bbox 1195 1396 2182 1442; baseline 0.014 -14"><span class='ocrx_word' id='word_1_691' title='bbox 1195 1396 1495 1432; x_wconf 68' lang='lat' dir='ltr'>utuntur-Judaei</span> <span class='ocrx_word' id='word_1_692' title='bbox 1505 1397 1778 1437; x_wconf 80' lang='lat' dir='ltr'>Samaritanis.</span> <span class='ocrx_word' id='word_1_693' title='bbox 1792 1401 1904 1438; x_wconf 80' lang='lat' dir='ltr'><strong>Acuta</strong></span> <span class='ocrx_word' id='word_1_694' title='bbox 1920 1403 2065 1440; x_wconf 86' lang='lat' dir='ltr'>mulier:</span> <span class='ocrx_word' id='word_1_695' title='bbox 2078 1404 2114 1441; x_wconf 86' lang='lat' dir='ltr'>in</span> <span class='ocrx_word' id='word_1_696' title='bbox 2127 1404 2182 1442; x_wconf 88' lang='lat' dir='ltr'>his</span> 
     </span>
     <span class='ocr_line' id='line_1_83' title="bbox 1195 1446 2179 1500; baseline 0.015 -20"><span class='ocrx_word' id='word_1_697' title='bbox 1195 1446 1364 1483; x_wconf 74' lang='lat' dir='ltr'>meretrix</span> <span class='ocrx_word' id='word_1_698' title='bbox 1392 1447 1537 1485; x_wconf 86' lang='lat' dir='ltr'>laudem</span> <span class='ocrx_word' id='word_1_699' title='bbox 1555 1451 1681 1499; x_wconf 84' lang='lat' dir='ltr'>quaerit</span> <span class='ocrx_word' id='word_1_700' title='bbox 1701 1466 1712 1500; x_wconf 77' lang='lat'>3</span> <span class='ocrx_word' id='word_1_701' title='bbox 1735 1452 1769 1488; x_wconf 91' lang='lat' dir='ltr'>in</span> <span class='ocrx_word' id='word_1_702' title='bbox 1789 1452 1846 1489; x_wconf 88' lang='lat' dir='ltr'>his</span> <span class='ocrx_word' id='word_1_703' title='bbox 1874 1456 2044 1493; x_wconf 79' lang='lat' dir='ltr'>meretrix</span> <span class='ocrx_word' id='word_1_704' title='bbox 2059 1457 2179 1494; x_wconf 74' lang='lat' dir='ltr'>obser-</span> 
     </span>
     <span class='ocr_line' id='line_1_84' title="bbox 1195 1497 2182 1553; baseline 0.014 -20"><span class='ocrx_word' id='word_1_705' title='bbox 1195 1497 1374 1535; x_wconf 80' lang='lat' dir='ltr'>vationem</span> <span class='ocrx_word' id='word_1_706' title='bbox 1385 1514 1458 1550; x_wconf 84' lang='lat' dir='ltr'>prae</span> <span class='ocrx_word' id='word_1_707' title='bbox 1474 1514 1510 1537; x_wconf 89' lang='lat' dir='ltr'>se</span> <span class='ocrx_word' id='word_1_708' title='bbox 1523 1501 1589 1538; x_wconf 87' lang='lat' dir='ltr'>fert</span> <span class='ocrx_word' id='word_1_709' title='bbox 1603 1502 1702 1553; x_wconf 85' lang='lat' dir='ltr'>legis.</span> <span class='ocrx_word' id='word_1_710' title='bbox 1717 1504 1806 1541; x_wconf 89' lang='lat' dir='ltr'>Tale</span> <span class='ocrx_word' id='word_1_711' title='bbox 1817 1506 2122 1546; x_wconf 74' lang='lat' dir='ltr'>Samaritanorum</span> <span class='ocrx_word' id='word_1_712' title='bbox 2132 1520 2182 1548; x_wconf 84' lang='lat' dir='ltr'>est</span> 
     </span>
     <span class='ocr_line' id='line_1_85' title="bbox 1196 1551 2182 1611; baseline 0.014 -26"><span class='ocrx_word' id='word_1_713' title='bbox 1196 1562 1307 1599; x_wconf 88' lang='lat' dir='ltr'>genus</span> <span class='ocrx_word' id='word_1_714' title='bbox 1321 1566 1327 1586; x_wconf 94' lang='lat'>:</span> <span class='ocrx_word' id='word_1_715' title='bbox 1341 1551 1376 1587; x_wconf 92' lang='lat' dir='ltr'>in</span> <span class='ocrx_word' id='word_1_716' title='bbox 1386 1553 1659 1591; x_wconf 79' lang='lat' dir='ltr'>scortationibus</span> <span class='ocrx_word' id='word_1_717' title='bbox 1674 1556 1861 1606; x_wconf 74' lang='lat' dir='ltr'>polluitur,</span> <span class='ocrx_word' id='word_1_718' title='bbox 1873 1567 1904 1595; x_wconf 89' lang='lat' dir='ltr'>et</span> <span class='ocrx_word' id='word_1_719' title='bbox 1917 1559 1950 1595; x_wconf 91' lang='lat' dir='ltr'>in</span> <span class='ocrx_word' id='word_1_720' title='bbox 1958 1560 2182 1611; x_wconf 77' lang='lat' dir='ltr'>baptismati-</span> 
     </span>
     <span class='ocr_line' id='line_1_86' title="bbox 1194 1601 2181 1659; baseline 0.014 -21"><span class='ocrx_word' id='word_1_721' title='bbox 1194 1601 1263 1638; x_wconf 84' lang='lat' dir='ltr'>bus</span> <span class='ocrx_word' id='word_1_722' title='bbox 1278 1605 1424 1655; x_wconf 81' lang='lat' dir='ltr'>purgari</span> <span class='ocrx_word' id='word_1_723' title='bbox 1445 1619 1482 1642; x_wconf 89' lang='lat' dir='ltr'>se</span> <span class='ocrx_word' id='word_1_724' title='bbox 1504 1606 1713 1644; x_wconf 81' lang='lat' dir='ltr'>arbitratur.</span> <span class='ocrx_word' id='word_1_725' title='bbox 1739 1610 1937 1659; x_wconf 77' lang='lat' dir='ltr'>Quomodo</span> <span class='ocrx_word' id='word_1_726' title='bbox 1959 1621 1999 1649; x_wconf 80' lang='lat' dir='ltr'>tu</span> <span class='ocrx_word' id='word_1_727' title='bbox 2020 1615 2181 1653; x_wconf 64' lang='lat' dir='ltr'>„Iudaeus</span> 
     </span>
     <span class='ocr_line' id='line_1_87' title="bbox 1197 1659 2184 1715; baseline 0.014 -25"><span class='ocrx_word' id='word_1_728' title='bbox 1197 1667 1284 1691; x_wconf 80' lang='lat' dir='ltr'>eum</span> <span class='ocrx_word' id='word_1_729' title='bbox 1296 1659 1361 1702; x_wconf 80' lang='lat' dir='ltr'>sis,</span> <span class='ocrx_word' id='word_1_730' title='bbox 1383 1659 1509 1695; x_wconf 82' lang='lat' dir='ltr'>bibere</span> <span class='ocrx_word' id='word_1_731' title='bbox 1525 1673 1549 1695; x_wconf 86' lang='lat' dir='ltr'>a</span> <span class='ocrx_word' id='word_1_732' title='bbox 1570 1673 1629 1696; x_wconf 86' lang='lat' dir='ltr'>me</span> <span class='ocrx_word' id='word_1_733' title='bbox 1642 1664 1780 1711; x_wconf 79' lang='lat' dir='ltr'>poscis,</span> <span class='ocrx_word' id='word_1_734' title='bbox 1819 1677 1904 1715; x_wconf 65' lang='lat' dir='ltr'>quse</span> <span class='ocrx_word' id='word_1_735' title='bbox 1931 1678 2015 1701; x_wconf 80' lang='lat' dir='ltr'>sum</span> <span class='ocrx_word' id='word_1_736' title='bbox 2045 1667 2184 1704; x_wconf 80' lang='lat' dir='ltr'>mulier</span> 
     </span>
     <span class='ocr_line' id='line_1_88' title="bbox 1195 1706 2182 1758; baseline 0.015 -15"><span class='ocrx_word' id='word_1_737' title='bbox 1195 1706 1472 1748; x_wconf 74' lang='lat' dir='ltr'>Samaritana?</span> <span class='ocrx_word' id='word_1_738' title='bbox 1496 1725 1574 1748; x_wconf 85' lang='lat' dir='ltr'>non</span> <span class='ocrx_word' id='word_1_739' title='bbox 1601 1715 1703 1749; x_wconf 87' lang='lat' dir='ltr'>enim</span> <span class='ocrx_word' id='word_1_740' title='bbox 1724 1724 1932 1753; x_wconf 77' lang='lat' dir='ltr'>coutuntur</span> <span class='ocrx_word' id='word_1_741' title='bbox 1964 1719 2096 1756; x_wconf 77' lang='lat' dir='ltr'>Judaez·</span> <span class='ocrx_word' id='word_1_742' title='bbox 2113 1720 2182 1758; x_wconf 80' lang='lat' dir='ltr'>Sa-</span> 
     </span>
     <span class='ocr_line' id='line_1_89' title="bbox 1197 1763 2181 1824; baseline 0.014 -28"><span class='ocrx_word' id='word_1_743' title='bbox 1197 1763 1416 1800; x_wconf 78' lang='lat' dir='ltr'>maritanis.</span> <span class='ocrx_word' id='word_1_744' title='bbox 1439 1764 1606 1802; x_wconf 79' lang='lat' dir='ltr'>Animam</span> <span class='ocrx_word' id='word_1_745' title='bbox 1632 1766 1797 1805; x_wconf 88' lang='lat' dir='ltr'>sordibus</span> <span class='ocrx_word' id='word_1_746' title='bbox 1814 1769 1962 1820; x_wconf 76' lang='lat' dir='ltr'>replent,</span> <span class='ocrx_word' id='word_1_747' title='bbox 1986 1780 2020 1808; x_wconf 91' lang='lat' dir='ltr'>et</span> <span class='ocrx_word' id='word_1_748' title='bbox 2053 1785 2181 1824; x_wconf 84' lang='lat' dir='ltr'>corpus</span> 
     </span>
     <span class='ocr_line' id='line_1_90' title="bbox 1195 1812 2182 1868; baseline 0.013 -19"><span class='ocrx_word' id='word_1_749' title='bbox 1195 1812 1365 1851; x_wconf 73' lang='lat' dir='ltr'>videntur</span> <span class='ocrx_word' id='word_1_750' title='bbox 1380 1816 1590 1868; x_wconf 80' lang='lat' dir='ltr'>abstergere.</span> <span class='ocrx_word' id='word_1_751' title='bbox 1613 1818 1672 1855; x_wconf 78' lang='lat' dir='ltr'>Sic</span> <span class='ocrx_word' id='word_1_752' title='bbox 1689 1829 1723 1857; x_wconf 87' lang='lat' dir='ltr'>et</span> <span class='ocrx_word' id='word_1_753' title='bbox 1736 1820 1957 1859; x_wconf 81' lang='lat' dir='ltr'>Samaritana</span> <span class='ocrx_word' id='word_1_754' title='bbox 1992 1838 2073 1861; x_wconf 86' lang='lat' dir='ltr'>cum</span> <span class='ocrx_word' id='word_1_755' title='bbox 2107 1825 2182 1862; x_wconf 86' lang='lat' dir='ltr'>ani-</span> 
     </span>
     <span class='ocr_line' id='line_1_91' title="bbox 1195 1869 2181 1928; baseline 0.013 -26"><span class='ocrx_word' id='word_1_756' title='bbox 1195 1879 1291 1903; x_wconf 85' lang='lat' dir='ltr'>mam</span> <span class='ocrx_word' id='word_1_757' title='bbox 1304 1869 1575 1907; x_wconf 79' lang='lat' dir='ltr'>scortationibus</span> <span class='ocrx_word' id='word_1_758' title='bbox 1604 1870 1826 1921; x_wconf 84' lang='lat' dir='ltr'>inquinatam</span> <span class='ocrx_word' id='word_1_759' title='bbox 1841 1874 1983 1922; x_wconf 84' lang='lat' dir='ltr'>liabeat,</span> <span class='ocrx_word' id='word_1_760' title='bbox 2006 1876 2051 1914; x_wconf 85' lang='lat' dir='ltr'>de</span> <span class='ocrx_word' id='word_1_761' title='bbox 2074 1892 2181 1928; x_wconf 85' lang='lat' dir='ltr'>aqua-</span> 
     </span>
     <span class='ocr_line' id='line_1_92' title="bbox 1195 1921 2181 1977; baseline 0.015 -23"><span class='ocrx_word' id='word_1_762' title='bbox 1195 1932 1275 1955; x_wconf 89' lang='lat' dir='ltr'>rum</span> <span class='ocrx_word' id='word_1_763' title='bbox 1296 1929 1381 1971; x_wconf 84' lang='lat' dir='ltr'>potu</span> <span class='ocrx_word' id='word_1_764' title='bbox 1403 1921 1534 1972; x_wconf 79' lang='lat' dir='ltr'>litigat.</span> <span class='ocrx_word' id='word_1_765' title='bbox 1563 1924 1665 1969; x_wconf 84' lang='lat' dir='ltr'>Quid</span> <span class='ocrx_word' id='word_1_766' title='bbox 1686 1939 1768 1977; x_wconf 83' lang='lat' dir='ltr'>ergo</span> <span class='ocrx_word' id='word_1_767' title='bbox 1799 1928 1927 1966; x_wconf 73' lang='lat' dir='ltr'>Jesus?</span> <span class='ocrx_word' id='word_1_768' title='bbox 1964 1929 2070 1967; x_wconf 86' lang='lat' dir='ltr'>Illam</span> <span class='ocrx_word' id='word_1_769' title='bbox 2093 1946 2112 1968; x_wconf 88' lang='lat' dir='ltr'>a</span> <span class='ocrx_word' id='word_1_770' title='bbox 2144 1945 2181 1969; x_wconf 81' lang='lat' dir='ltr'>se</span> 
     </span>
     <span class='ocr_line' id='line_1_93' title="bbox 1194 1973 2178 2033; baseline 0.015 -26"><span class='ocrx_word' id='word_1_771' title='bbox 1194 1985 1262 2008; x_wconf 89' lang='lat' dir='ltr'>non</span> <span class='ocrx_word' id='word_1_772' title='bbox 1284 1973 1436 2024; x_wconf 72' lang='lat' dir='ltr'>repulit,</span> <span class='ocrx_word' id='word_1_773' title='bbox 1454 1989 1523 2012; x_wconf 92' lang='lat' dir='ltr'>non</span> <span class='ocrx_word' id='word_1_774' title='bbox 1539 1976 1634 2013; x_wconf 83' lang='lat' dir='ltr'>dixit</span> <span class='ocrx_word' id='word_1_775' title='bbox 1657 1993 1663 2012; x_wconf 93' lang='lat'>:</span> <span class='ocrx_word' id='word_1_776' title='bbox 1682 1978 1758 2029; x_wconf 84' lang='lat' dir='ltr'>Ego</span> <span class='ocrx_word' id='word_1_777' title='bbox 1778 1981 1873 2017; x_wconf 87' lang='lat' dir='ltr'>Deus</span> <span class='ocrx_word' id='word_1_778' title='bbox 1894 1994 1938 2019; x_wconf 73' lang='lat' dir='ltr'>ex</span> <span class='ocrx_word' id='word_1_779' title='bbox 1965 1983 2040 2020; x_wconf 88' lang='lat' dir='ltr'>Deo</span> <span class='ocrx_word' id='word_1_780' title='bbox 2075 1998 2178 2033; x_wconf 70' lang='lat' dir='ltr'>sum,</span> 
     </span>
     <span class='ocr_line' id='line_1_94' title="bbox 1192 2026 2176 2083; baseline 0.014 -23"><span class='ocrx_word' id='word_1_781' title='bbox 1192 2037 1257 2074; x_wconf 85' lang='lat' dir='ltr'>ego</span> <span class='ocrx_word' id='word_1_782' title='bbox 1273 2026 1399 2062; x_wconf 75' lang='lat' dir='ltr'>caelum</span> <span class='ocrx_word' id='word_1_783' title='bbox 1418 2027 1573 2076; x_wconf 68' lang='lat' dir='ltr'>firmavi,</span> <span class='ocrx_word' id='word_1_784' title='bbox 1586 2038 1786 2080; x_wconf 88' lang='lat' dir='ltr'>terramque</span> <span class='ocrx_word' id='word_1_785' title='bbox 1798 2032 1972 2083; x_wconf 69' lang='lat' dir='ltr'>fundavi,</span> <span class='ocrx_word' id='word_1_786' title='bbox 1991 2044 2025 2072; x_wconf 89' lang='lat' dir='ltr'>et</span> <span class='ocrx_word' id='word_1_787' title='bbox 2046 2044 2083 2072; x_wconf 87' lang='lat' dir='ltr'>tu</span> <span class='ocrx_word' id='word_1_788' title='bbox 2100 2051 2176 2073; x_wconf 89' lang='lat' dir='ltr'>me-</span> 
     </span>
     <span class='ocr_line' id='line_1_95' title="bbox 1192 2078 2178 2134; baseline 0.013 -21"><span class='ocrx_word' id='word_1_789' title='bbox 1192 2090 1273 2115; x_wconf 88' lang='lat' dir='ltr'>cum</span> <span class='ocrx_word' id='word_1_790' title='bbox 1292 2078 1336 2115; x_wconf 87' lang='lat' dir='ltr'>de</span> <span class='ocrx_word' id='word_1_791' title='bbox 1355 2079 1456 2129; x_wconf 86' lang='lat' dir='ltr'>aquis</span> <span class='ocrx_word' id='word_1_792' title='bbox 1472 2089 1505 2117; x_wconf 89' lang='lat' dir='ltr'>et</span> <span class='ocrx_word' id='word_1_793' title='bbox 1525 2090 1611 2132; x_wconf 89' lang='lat' dir='ltr'>potu</span> <span class='ocrx_word' id='word_1_794' title='bbox 1644 2082 1777 2133; x_wconf 80' lang='lat' dir='ltr'>litigas,</span> <span class='ocrx_word' id='word_1_795' title='bbox 1811 2093 1917 2134; x_wconf 85' lang='lat' dir='ltr'>atque</span> <span class='ocrx_word' id='word_1_796' title='bbox 1936 2086 2023 2124; x_wconf 86' lang='lat' dir='ltr'>adeo</span> <span class='ocrx_word' id='word_1_797' title='bbox 2046 2089 2178 2126; x_wconf 84' lang='lat' dir='ltr'>mulier</span> 
     </span>
     <span class='ocr_line' id='line_1_96' title="bbox 1191 2132 2177 2186; baseline 0.013 -21"><span class='ocrx_word' id='word_1_798' title='bbox 1191 2132 1444 2169; x_wconf 82' lang='lat' dir='ltr'>commaculata</span> <span class='ocrx_word' id='word_1_799' title='bbox 1479 2134 1657 2184; x_wconf 74' lang='lat' dir='ltr'>peccatis?</span> <span class='ocrx_word' id='word_1_800' title='bbox 1673 2135 1735 2173; x_wconf 87' lang='lat' dir='ltr'>sed</span> <span class='ocrx_word' id='word_1_801' title='bbox 1763 2137 1876 2186; x_wconf 69' lang='lat' dir='ltr'>quid?</span> <span class='ocrx_word' id='word_1_802' title='bbox 1898 2138 1938 2176; x_wconf 82' lang='lat' dir='ltr'>Si</span> <span class='ocrx_word' id='word_1_803' title='bbox 1962 2143 2078 2177; x_wconf 81' lang='lat' dir='ltr'>scires</span> <span class='ocrx_word' id='word_1_804' title='bbox 2112 2143 2177 2178; x_wconf 81' lang='lat' dir='ltr'>do-</span> 
     </span>
     <span class='ocr_line' id='line_1_97' title="bbox 1191 2184 2176 2239; baseline 0.012 -21"><span class='ocrx_word' id='word_1_805' title='bbox 1191 2195 1282 2219; x_wconf 82' lang='lat' dir='ltr'>num</span> <span class='ocrx_word' id='word_1_806' title='bbox 1293 2184 1382 2230; x_wconf 76' lang='lat' dir='ltr'>Dei,</span> <span class='ocrx_word' id='word_1_807' title='bbox 1398 2193 1434 2221; x_wconf 83' lang='lat' dir='ltr'>et</span> <span class='ocrx_word' id='word_1_808' title='bbox 1447 2189 1532 2238; x_wconf 80' lang='lat' dir='ltr'>quis</span> <span class='ocrx_word' id='word_1_809' title='bbox 1552 2190 1687 2239; x_wconf 79' lang='lat' dir='ltr'>estqui</span> <span class='ocrx_word' id='word_1_810' title='bbox 1706 2189 1799 2226; x_wconf 84' lang='lat' dir='ltr'>dicit</span> <span class='ocrx_word' id='word_1_811' title='bbox 1821 2192 1890 2227; x_wconf 81' lang='lat' dir='ltr'>tibi</span> <span class='ocrx_word' id='word_1_812' title='bbox 1904 2206 1911 2226; x_wconf 89' lang='lat'><strong>:</strong></span> <span class='ocrx_word' id='word_1_813' title='bbox 1927 2193 1992 2229; x_wconf 83' lang='lat' dir='ltr'>Da</span> <span class='ocrx_word' id='word_1_814' title='bbox 2009 2194 2106 2229; x_wconf 78' lang='lat' dir='ltr'>mihi</span> <span class='ocrx_word' id='word_1_815' title='bbox 2121 2196 2176 2230; x_wconf 78' lang='lat' dir='ltr'>bi-</span> 
     </span>
     <span class='ocr_line' id='line_1_98' title="bbox 1192 2237 2174 2291; baseline 0.013 -20"><span class='ocrx_word' id='word_1_816' title='bbox 1192 2237 1290 2282; x_wconf 82' lang='lat' dir='ltr'>bere,</span> <span class='ocrx_word' id='word_1_817' title='bbox 1328 2245 1369 2273; x_wconf 81' lang='lat' dir='ltr'>tu</span> <span class='ocrx_word' id='word_1_818' title='bbox 1377 2239 1557 2290; x_wconf 79' lang='lat' dir='ltr'>forsitan</span> <span class='ocrx_word' id='word_1_819' title='bbox 1582 2243 1740 2291; x_wconf 77' lang='lat' dir='ltr'>petisses</span> <span class='ocrx_word' id='word_1_820' title='bbox 1776 2244 1824 2279; x_wconf 82' lang='lat' dir='ltr'>ab</span> <span class='ocrx_word' id='word_1_821' title='bbox 1860 2257 1918 2291; x_wconf 87' lang='lat' dir='ltr'>eo,</span> <span class='ocrx_word' id='word_1_822' title='bbox 1950 2252 1985 2280; x_wconf 85' lang='lat' dir='ltr'>et</span> <span class='ocrx_word' id='word_1_823' title='bbox 2011 2246 2174 2285; x_wconf 77' lang='lat' dir='ltr'>dedisset</span> 
     </span>
     <span class='ocr_line' id='line_1_99' title="bbox 1191 2290 2176 2347; baseline 0.012 -23"><span class='ocrx_word' id='word_1_824' title='bbox 1191 2290 1262 2325; x_wconf 80' lang='lat' dir='ltr'>tibi</span> <span class='ocrx_word' id='word_1_825' title='bbox 1277 2303 1420 2340; x_wconf 80' lang='lat' dir='ltr'>aquam</span> <span class='ocrx_word' id='word_1_826' title='bbox 1440 2294 1592 2329; x_wconf 78' lang='lat' dir='ltr'>vivam.</span> <span class='ocrx_word' id='word_1_827' title='bbox 1613 2292 1738 2342; x_wconf 76' lang='lat' dir='ltr'>Vides,</span> <span class='ocrx_word' id='word_1_828' title='bbox 1759 2303 1797 2331; x_wconf 88' lang='lat' dir='ltr'>ut</span> <span class='ocrx_word' id='word_1_829' title='bbox 1820 2295 1992 2347; x_wconf 85' lang='lat' dir='ltr'>paulatim</span> <span class='ocrx_word' id='word_1_830' title='bbox 2019 2312 2176 2336; x_wconf 90' lang='lat' dir='ltr'>amorem</span> 
     </span>
     <span class='ocr_line' id='line_1_100' title="bbox 1189 2341 2175 2395; baseline 0.012 -18"><span class='ocrx_word' id='word_1_831' title='bbox 1189 2341 1265 2392; x_wconf 87' lang='lat' dir='ltr'>ejus</span> <span class='ocrx_word' id='word_1_832' title='bbox 1287 2342 1334 2380; x_wconf 87' lang='lat' dir='ltr'>ad</span> <span class='ocrx_word' id='word_1_833' title='bbox 1357 2343 1588 2395; x_wconf 85' lang='lat' dir='ltr'>cupiditatem</span> <span class='ocrx_word' id='word_1_834' title='bbox 1612 2346 1788 2395; x_wconf 73' lang='lat' dir='ltr'>excitarit,</span> <span class='ocrx_word' id='word_1_835' title='bbox 1824 2348 1968 2386; x_wconf 83' lang='lat' dir='ltr'>dicens:</span> <span class='ocrx_word' id='word_1_836' title='bbox 1989 2350 2029 2387; x_wconf 76' lang='lat' dir='ltr'>Si</span> <span class='ocrx_word' id='word_1_837' title='bbox 2059 2354 2175 2390; x_wconf 79' lang='lat' dir='ltr'>scires</span> 
     </span>
     <span class='ocr_line' id='line_1_101' title="bbox 1190 2395 2177 2450; baseline 0.012 -21"><span class='ocrx_word' id='word_1_838' title='bbox 1190 2395 1335 2431; x_wconf 82' lang='lat' dir='ltr'>donum</span> <span class='ocrx_word' id='word_1_839' title='bbox 1348 2397 1437 2440; x_wconf 84' lang='lat' dir='ltr'>Dei,</span> <span class='ocrx_word' id='word_1_840' title='bbox 1460 2400 1594 2449; x_wconf 80' lang='lat' dir='ltr'>etquis</span> <span class='ocrx_word' id='word_1_841' title='bbox 1611 2407 1666 2435; x_wconf 80' lang='lat' dir='ltr'>est</span> <span class='ocrx_word' id='word_1_842' title='bbox 1683 2402 1749 2450; x_wconf 82' lang='lat' dir='ltr'>qui</span> <span class='ocrx_word' id='word_1_843' title='bbox 1767 2401 1861 2438; x_wconf 81' lang='lat' dir='ltr'>dicit</span> <span class='ocrx_word' id='word_1_844' title='bbox 1881 2404 1951 2438; x_wconf 81' lang='lat' dir='ltr'>tihi</span> <span class='ocrx_word' id='word_1_845' title='bbox 1967 2417 1978 2436; x_wconf 90' lang='grc'>.·</span> <span class='ocrx_word' id='word_1_846' title='bbox 1999 2404 2065 2439; x_wconf 82' lang='lat' dir='ltr'>Da</span> <span class='ocrx_word' id='word_1_847' title='bbox 2080 2405 2177 2441; x_wconf 75' lang='lat' dir='ltr'>mihi</span> 
     </span>
     <span class='ocr_line' id='line_1_102' title="bbox 1191 2447 2176 2501; baseline 0.011 -18"><span class='ocrx_word' id='word_1_848' title='bbox 1191 2447 1331 2493; x_wconf 85' lang='lat' dir='ltr'>bibere,</span> <span class='ocrx_word' id='word_1_849' title='bbox 1349 2457 1389 2485; x_wconf 80' lang='lat' dir='ltr'>tu</span> <span class='ocrx_word' id='word_1_850' title='bbox 1406 2450 1581 2499; x_wconf 79' lang='lat' dir='ltr'>forsitan</span> <span class='ocrx_word' id='word_1_851' title='bbox 1604 2454 1761 2501; x_wconf 81' lang='lat' dir='ltr'>petisses</span> <span class='ocrx_word' id='word_1_852' title='bbox 1780 2454 1828 2489; x_wconf 81' lang='lat' dir='ltr'>ab</span> <span class='ocrx_word' id='word_1_853' title='bbox 1855 2467 1912 2499; x_wconf 86' lang='lat' dir='ltr'>e0,</span> <span class='ocrx_word' id='word_1_854' title='bbox 1946 2463 1982 2491; x_wconf 85' lang='lat' dir='ltr'>et</span> <span class='ocrx_word' id='word_1_855' title='bbox 2010 2456 2176 2494; x_wconf 82' lang='lat' dir='ltr'>dedisset</span> 
     </span>
     <span class='ocr_line' id='line_1_103' title="bbox 1190 2500 2175 2555; baseline 0.011 -20"><span class='ocrx_word' id='word_1_856' title='bbox 1190 2500 1261 2535; x_wconf 81' lang='lat' dir='ltr'>tibi</span> <span class='ocrx_word' id='word_1_857' title='bbox 1278 2514 1422 2551; x_wconf 80' lang='lat' dir='ltr'>aquam</span> <span class='ocrx_word' id='word_1_858' title='bbox 1445 2504 1578 2539; x_wconf 78' lang='lat' dir='ltr'>vivam</span> <span class='ocrx_word' id='word_1_859' title='bbox 1596 2507 1612 2538; x_wconf 70' lang='grc'><em>9</em></span> <span class='ocrx_word' id='word_1_860' title='bbox 1631 2503 1731 2549; x_wconf 88' lang='lat' dir='ltr'>Quid</span> <span class='ocrx_word' id='word_1_861' title='bbox 1749 2518 1831 2555; x_wconf 80' lang='lat' dir='ltr'>ergo</span> <span class='ocrx_word' id='word_1_862' title='bbox 1864 2520 1987 2544; x_wconf 86' lang='lat' dir='ltr'>rursus</span> <span class='ocrx_word' id='word_1_863' title='bbox 2014 2507 2060 2545; x_wconf 89' lang='lat' dir='ltr'>ad</span> <span class='ocrx_word' id='word_1_864' title='bbox 2092 2523 2175 2546; x_wconf 90' lang='lat' dir='ltr'>eum</span> 
     </span>
     <span class='ocr_line' id='line_1_104' title="bbox 1189 2552 2376 2608; baseline 0.013 -21"><span class='ocrx_word' id='word_1_865' title='bbox 1189 2552 1342 2589; x_wconf 75' lang='lat' dir='ltr'>mulier?</span> <span class='ocrx_word' id='word_1_866' title='bbox 1362 2554 1544 2599; x_wconf 82' lang='lat' dir='ltr'>Domine,</span> <span class='ocrx_word' id='word_1_867' title='bbox 1563 2569 1686 2606; x_wconf 80' lang='lat' dir='ltr'>neque</span> <span class='ocrx_word' id='word_1_868' title='bbox 1699 2559 1740 2592; x_wconf 86' lang='lat' dir='ltr'>in</span> <span class='ocrx_word' id='word_1_869' title='bbox 1760 2571 1835 2608; x_wconf 82' lang='lat' dir='ltr'>quo</span> <span class='ocrx_word' id='word_1_870' title='bbox 1856 2559 2016 2597; x_wconf 82' lang='lat' dir='ltr'>haurias</span> <span class='ocrx_word' id='word_1_871' title='bbox 2036 2561 2169 2605; x_wconf 50' lang='lat' dir='ltr'>habe&amp;</span> <span class='ocrx_word' id='word_1_872' title='bbox 2190 2575 2268 2604; x_wconf 74' lang='lat' dir='ltr'>[bid.</span> <span class='ocrx_word' id='word_1_873' title='bbox 2281 2587 2310 2604; x_wconf 81' lang='lat' dir='ltr'>v.</span> <span class='ocrx_word' id='word_1_874' title='bbox 2326 2583 2376 2603; x_wconf 72' lang='grc' dir='ltr'>ιτ,</span> 
     </span>
     <span class='ocr_line' id='line_1_105' title="bbox 1189 2607 2238 2665; baseline 0.011 -25"><span class='ocrx_word' id='word_1_875' title='bbox 1189 2612 1225 2641; x_wconf 89' lang='lat' dir='ltr'>et</span> <span class='ocrx_word' id='word_1_876' title='bbox 1243 2613 1379 2655; x_wconf 77' lang='lat' dir='ltr'>puteus</span> <span class='ocrx_word' id='word_1_877' title='bbox 1402 2607 1505 2644; x_wconf 76' lang='lat' dir='ltr'>altus</span> <span class='ocrx_word' id='word_1_878' title='bbox 1530 2616 1611 2653; x_wconf 58' lang='grc' dir='ltr'>σεε,</span> <span class='ocrx_word' id='word_1_879' title='bbox 1647 2609 1749 2645; x_wconf 80' lang='lat' dir='ltr'>unde</span> <span class='ocrx_word' id='word_1_880' title='bbox 1773 2624 1860 2661; x_wconf 81' lang='lat' dir='ltr'>ergo</span> <span class='ocrx_word' id='word_1_881' title='bbox 1885 2612 2003 2649; x_wconf 80' lang='lat' dir='ltr'>hahes</span> <span class='ocrx_word' id='word_1_882' title='bbox 2029 2627 2174 2665; x_wconf 79' lang='lat' dir='ltr'>aquam</span> <span class='ocrx_word' id='word_1_883' title='bbox 2193 2624 2238 2644; x_wconf 78' lang='lat'>12·</span> 
     </span>
     <span class='ocr_line' id='line_1_106' title="bbox 1188 2659 2173 2715; baseline 0.012 -23"><span class='ocrx_word' id='word_1_884' title='bbox 1188 2659 1354 2693; x_wconf 72' lang='lat' dir='ltr'>vivam?</span> <span class='ocrx_word' id='word_1_885' title='bbox 1376 2659 1578 2710; x_wconf 68' lang='lat' dir='ltr'>,Numquid</span> <span class='ocrx_word' id='word_1_886' title='bbox 1605 2669 1646 2697; x_wconf 79' lang='lat' dir='ltr'>tu</span> <span class='ocrx_word' id='word_1_887' title='bbox 1680 2664 1807 2713; x_wconf 86' lang='lat' dir='ltr'>major</span> <span class='ocrx_word' id='word_1_888' title='bbox 1830 2677 1869 2700; x_wconf 84' lang='lat' dir='ltr'>es</span> <span class='ocrx_word' id='word_1_889' title='bbox 1898 2673 2012 2715; x_wconf 83' lang='lat' dir='ltr'>patre</span> <span class='ocrx_word' id='word_1_890' title='bbox 2043 2675 2173 2704; x_wconf 81' lang='lat' dir='ltr'>nostro</span> 
     </span>
     <span class='ocr_line' id='line_1_107' title="bbox 1187 2710 2173 2768; baseline 0.011 -23"><span class='ocrx_word' id='word_1_891' title='bbox 1187 2710 1328 2756; x_wconf 81' lang='lat' dir='ltr'>Jacob,</span> <span class='ocrx_word' id='word_1_892' title='bbox 1349 2713 1415 2761; x_wconf 82' lang='lat' dir='ltr'>qui</span> <span class='ocrx_word' id='word_1_893' title='bbox 1435 2712 1539 2748; x_wconf 81' lang='lat' dir='ltr'>dedit</span> <span class='ocrx_word' id='word_1_894' title='bbox 1555 2715 1663 2750; x_wconf 76' lang='lat' dir='ltr'>nobis</span> <span class='ocrx_word' id='word_1_895' title='bbox 1681 2723 1851 2765; x_wconf 76' lang='lat' dir='ltr'>puteum,</span> <span class='ocrx_word' id='word_1_896' title='bbox 1879 2725 1916 2753; x_wconf 82' lang='lat' dir='ltr'>et</span> <span class='ocrx_word' id='word_1_897' title='bbox 1941 2719 2021 2768; x_wconf 76' lang='lat' dir='ltr'>ipse</span> <span class='ocrx_word' id='word_1_898' title='bbox 2047 2733 2094 2755; x_wconf 71' lang='lat' dir='ltr'>ex</span> <span class='ocrx_word' id='word_1_899' title='bbox 2130 2734 2173 2756; x_wconf 88' lang='lat' dir='ltr'>eo</span> 
     </span>
     <span class='ocr_line' id='line_1_108' title="bbox 1189 2763 2172 2821; baseline 0.011 -23"><span class='ocrx_word' id='word_1_900' title='bbox 1189 2763 1294 2811; x_wconf 81' lang='lat' dir='ltr'>bibit,</span> <span class='ocrx_word' id='word_1_901' title='bbox 1317 2771 1353 2800; x_wconf 86' lang='lat' dir='ltr'>et</span> <span class='ocrx_word' id='word_1_902' title='bbox 1377 2764 1456 2813; x_wconf 74' lang='lat' dir='ltr'>filii</span> <span class='ocrx_word' id='word_1_903' title='bbox 1479 2767 1574 2815; x_wconf 78' lang='lat' dir='ltr'>ejus,</span> <span class='ocrx_word' id='word_1_904' title='bbox 1609 2774 1645 2802; x_wconf 86' lang='lat' dir='ltr'>et</span> <span class='ocrx_word' id='word_1_905' title='bbox 1679 2780 1821 2817; x_wconf 78' lang='lat' dir='ltr'>pecora</span> <span class='ocrx_word' id='word_1_906' title='bbox 1859 2771 1969 2820; x_wconf 79' lang='lat' dir='ltr'>ejus?</span> <span class='ocrx_word' id='word_1_907' title='bbox 2002 2772 2172 2821; x_wconf 80' lang='lat' dir='ltr'>Magnam</span> 
     </span>
     <span class='ocr_line' id='line_1_109' title="bbox 1187 2817 2175 2870; baseline 0.011 -19"><span class='ocrx_word' id='word_1_908' title='bbox 1187 2825 1392 2866; x_wconf 79' lang='lat' dir='ltr'>conceperat</span> <span class='ocrx_word' id='word_1_909' title='bbox 1410 2817 1610 2868; x_wconf 81' lang='lat' dir='ltr'>opinionem</span> <span class='ocrx_word' id='word_1_910' title='bbox 1634 2817 1678 2855; x_wconf 88' lang='lat' dir='ltr'>de</span> <span class='ocrx_word' id='word_1_911' title='bbox 1698 2821 1902 2870; x_wconf 83' lang='lat' dir='ltr'>patriarcha</span> <span class='ocrx_word' id='word_1_912' title='bbox 1916 2823 2026 2860; x_wconf 76' lang='lat' dir='ltr'>Jacob</span> <span class='ocrx_word' id='word_1_913' title='bbox 2046 2824 2175 2862; x_wconf 83' lang='lat' dir='ltr'>mulier</span> 
     </span>
     <span class='ocr_line' id='line_1_110' title="bbox 1188 2868 2172 2924; baseline 0.01 -20"><span class='ocrx_word' id='word_1_914' title='bbox 1188 2868 1377 2914; x_wconf 82' lang='lat' dir='ltr'>(attendite</span> <span class='ocrx_word' id='word_1_915' title='bbox 1397 2883 1515 2919; x_wconf 83' lang='lat' dir='ltr'>quaeso</span> <span class='ocrx_word' id='word_1_916' title='bbox 1537 2870 1746 2922; x_wconf 81' lang='lat' dir='ltr'>diligenter)</span> <span class='ocrx_word' id='word_1_917' title='bbox 1763 2887 1911 2924; x_wconf 80' lang='lat' dir='ltr'>:magna</span> <span class='ocrx_word' id='word_1_918' title='bbox 1926 2875 1961 2911; x_wconf 89' lang='lat' dir='ltr'>in</span> <span class='ocrx_word' id='word_1_919' title='bbox 1986 2877 2172 2913; x_wconf 70' lang='lat' dir='ltr'>existima-</span> 
     </span>
     <span class='ocr_line' id='line_1_111' title="bbox 1186 2920 2174 2979; baseline 0.01 -23"><span class='ocrx_word' id='word_1_920' title='bbox 1186 2920 1279 2958; x_wconf 86' lang='lat' dir='ltr'>tione</span> <span class='ocrx_word' id='word_1_921' title='bbox 1297 2930 1371 2958; x_wconf 86' lang='lat' dir='ltr'>erat</span> <span class='ocrx_word' id='word_1_922' title='bbox 1384 2922 1480 2973; x_wconf 80' lang='lat' dir='ltr'>apud</span> <span class='ocrx_word' id='word_1_923' title='bbox 1497 2923 1683 2961; x_wconf 83' lang='lat' dir='ltr'>mulierem</span> <span class='ocrx_word' id='word_1_924' title='bbox 1708 2925 1983 2975; x_wconf 86' lang='lat' dir='ltr'>Samaritanam,</span> <span class='ocrx_word' id='word_1_925' title='bbox 2023 2943 2174 2979; x_wconf 79' lang='lat' dir='ltr'>eumque</span> 
     </span>
     <span class='ocr_line' id='line_1_112' title="bbox 1186 2973 2171 3030; baseline 0.009 -21"><span class='ocrx_word' id='word_1_926' title='bbox 1186 2973 1333 3024; x_wconf 85' lang='lat' dir='ltr'>plurimi</span> <span class='ocrx_word' id='word_1_927' title='bbox 1360 2974 1524 3023; x_wconf 86' lang='lat' dir='ltr'>faciebat,</span> <span class='ocrx_word' id='word_1_928' title='bbox 1568 2985 1752 3027; x_wconf 88' lang='lat' dir='ltr'>tamquam</span> <span class='ocrx_word' id='word_1_929' title='bbox 1793 2979 2049 3030; x_wconf 76' lang='lat' dir='ltr'>patriarcham,</span> <span class='ocrx_word' id='word_1_930' title='bbox 2078 2991 2171 3018; x_wconf 89' lang='lat' dir='ltr'>tam-</span> 
     </span>
     <span class='ocr_line' id='line_1_113' title="bbox 1185 3027 2172 3085; baseline 0.01 -24"><span class='ocrx_word' id='word_1_931' title='bbox 1185 3040 1294 3075; x_wconf 86' lang='lat' dir='ltr'>quam</span> <span class='ocrx_word' id='word_1_932' title='bbox 1308 3027 1446 3077; x_wconf 87' lang='lat' dir='ltr'>justum</span> <span class='ocrx_word' id='word_1_933' title='bbox 1467 3043 1475 3064; x_wconf 92' lang='lat'>:</span> <span class='ocrx_word' id='word_1_934' title='bbox 1495 3028 1783 3080; x_wconf 84' lang='lat' dir='ltr'>quandoquidem</span> <span class='ocrx_word' id='word_1_935' title='bbox 1802 3031 1860 3068; x_wconf 90' lang='lat' dir='ltr'>hic</span> <span class='ocrx_word' id='word_1_936' title='bbox 1894 3031 2082 3071; x_wconf 87' lang='lat' dir='ltr'>duodecim</span> <span class='ocrx_word' id='word_1_937' title='bbox 2110 3049 2172 3085; x_wconf 87' lang='lat' dir='ltr'>pa-</span> 
     </span>
     <span class='ocr_line' id='line_1_114' title="bbox 1186 3079 2172 3134; baseline 0.008 -19"><span class='ocrx_word' id='word_1_938' title='bbox 1186 3079 1423 3117; x_wconf 85' lang='lat' dir='ltr'>triarcharum</span> <span class='ocrx_word' id='word_1_939' title='bbox 1445 3081 1559 3118; x_wconf 86' lang='lat' dir='ltr'>fuerat</span> <span class='ocrx_word' id='word_1_940' title='bbox 1573 3092 1693 3134; x_wconf 74' lang='lat' dir='ltr'>pater,</span> <span class='ocrx_word' id='word_1_941' title='bbox 1721 3082 1910 3121; x_wconf 88' lang='lat' dir='ltr'>duodecim</span> <span class='ocrx_word' id='word_1_942' title='bbox 1939 3086 2032 3122; x_wconf 83' lang='lat' dir='ltr'>enim</span> <span class='ocrx_word' id='word_1_943' title='bbox 2057 3087 2172 3123; x_wconf 87' lang='lat' dir='ltr'>tribus</span> 
     </span>
     <span class='ocr_line' id='line_1_115' title="bbox 1186 3132 2173 3187; baseline 0.007 -19"><span class='ocrx_word' id='word_1_944' title='bbox 1186 3132 1296 3169; x_wconf 80' lang='lat' dir='ltr'>Israel</span> <span class='ocrx_word' id='word_1_945' title='bbox 1318 3147 1363 3170; x_wconf 76' lang='lat' dir='ltr'>ex</span> <span class='ocrx_word' id='word_1_946' title='bbox 1396 3134 1505 3172; x_wconf 82' lang='lat' dir='ltr'>Jacob</span> <span class='ocrx_word' id='word_1_947' title='bbox 1526 3135 1772 3186; x_wconf 68' lang='lat' dir='ltr'>proseminatae</span> <span class='ocrx_word' id='word_1_948' title='bbox 1794 3145 1888 3174; x_wconf 88' lang='lat' dir='ltr'>sunt.</span> <span class='ocrx_word' id='word_1_949' title='bbox 1911 3139 2032 3187; x_wconf 61' lang='lat' dir='ltr'>&#39;Neque</span> <span class='ocrx_word' id='word_1_950' title='bbox 2068 3139 2113 3175; x_wconf 88' lang='lat' dir='ltr'>ob</span> <span class='ocrx_word' id='word_1_951' title='bbox 2136 3138 2173 3174; x_wconf 80' lang='lat' dir='ltr'>id</span> 
     </span>
     <span class='ocr_line' id='line_1_116' title="bbox 1186 3184 2174 3239; baseline 0.004 -16"><span class='ocrx_word' id='word_1_952' title='bbox 1186 3184 1318 3236; x_wconf 90' lang='lat' dir='ltr'>solum,</span> <span class='ocrx_word' id='word_1_953' title='bbox 1335 3185 1395 3223; x_wconf 86' lang='lat' dir='ltr'>sed</span> <span class='ocrx_word' id='word_1_954' title='bbox 1414 3187 1584 3236; x_wconf 87' lang='lat' dir='ltr'>quoniam</span> <span class='ocrx_word' id='word_1_955' title='bbox 1607 3197 1640 3225; x_wconf 88' lang='lat' dir='ltr'>et</span> <span class='ocrx_word' id='word_1_956' title='bbox 1660 3202 1741 3225; x_wconf 90' lang='lat' dir='ltr'>eum</span> <span class='ocrx_word' id='word_1_957' title='bbox 1774 3190 2016 3227; x_wconf 80' lang='lat' dir='ltr'>Deoluetatus</span> <span class='ocrx_word' id='word_1_958' title='bbox 2050 3199 2115 3239; x_wconf 82' lang='lat' dir='ltr'>est,</span> <span class='ocrx_word' id='word_1_959' title='bbox 2140 3199 2174 3227; x_wconf 87' lang='lat' dir='ltr'>et</span> 
     </span>
     <span class='ocr_line' id='line_1_117' title="bbox 1186 3239 2342 3292; baseline 0.007 -17"><span class='ocrx_word' id='word_1_960' title='bbox 1186 3247 1309 3290; x_wconf 85' lang='lat' dir='ltr'>potens</span> <span class='ocrx_word' id='word_1_961' title='bbox 1328 3239 1494 3278; x_wconf 85' lang='lat' dir='ltr'>inventus</span> <span class='ocrx_word' id='word_1_962' title='bbox 1507 3249 1559 3278; x_wconf 89' lang='lat' dir='ltr'>est</span> <span class='ocrx_word' id='word_1_963' title='bbox 1584 3240 1658 3278; x_wconf 81' lang='lat' dir='ltr'>:sic</span> <span class='ocrx_word' id='word_1_964' title='bbox 1678 3250 1717 3278; x_wconf 89' lang='lat' dir='ltr'>ut</span> <span class='ocrx_word' id='word_1_965' title='bbox 1735 3241 1766 3278; x_wconf 91' lang='lat' dir='ltr'>ei</span> <span class='ocrx_word' id='word_1_966' title='bbox 1785 3240 1918 3279; x_wconf 74' lang='lat' dir='ltr'>diceret</span> <span class='ocrx_word' id='word_1_967' title='bbox 1946 3243 2041 3280; x_wconf 87' lang='lat' dir='ltr'>Deus</span> <span class='ocrx_word' id='word_1_968' title='bbox 2063 3257 2070 3279; x_wconf 92' lang='lat'><strong>:</strong></span> <span class='ocrx_word' id='word_1_969' title='bbox 2098 3244 2172 3280; x_wconf 83' lang='lat' dir='ltr'>Di·</span> <span class='ocrx_word' id='word_1_970' title='bbox 2193 3256 2268 3285; x_wconf 70' lang='lat' dir='ltr'>Gen.</span> <span class='ocrx_word' id='word_1_971' title='bbox 2290 3262 2342 3292; x_wconf 78' lang='lat'>32,</span> 
     </span>
    </p>
   </div>
   <div class='ocr_carea' id='block_1_10' title="bbox 2190 3297 2240 3324">
    <p class='ocr_par' dir='ltr' id='par_1_11' title="bbox 2190 3297 2240 3324">
     <span class='ocr_line' id='line_1_118' title="bbox 2190 3297 2240 3324; baseline -0.02 0"><span class='ocrx_word' id='word_1_972' title='bbox 2190 3297 2240 3324; x_wconf 77' lang='lat'>26.</span> 
     </span>
    </p>
   </div>
   <div class='ocr_carea' id='block_1_11' title="bbox 2192 2159 2381 2200">
    <p class='ocr_par' dir='ltr' id='par_1_12' title="bbox 2192 2159 2381 2200">
     <span class='ocr_line' id='line_1_119' title="bbox 2192 2159 2381 2200; baseline 0.016 -13"><span class='ocrx_word' id='word_1_973' title='bbox 2192 2159 2381 2200; x_wconf 68' lang='lat' dir='ltr'>Joan.4.1o.</span> 
     </span>
    </p>
   </div>
   <div class='ocr_carea' id='block_1_12' title="bbox 1212 3352 1725 3399">
    <p class='ocr_par' dir='ltr' id='par_1_13' title="bbox 1212 3352 1725 3399">
     <span class='ocr_line' id='line_1_120' title="bbox 1212 3352 1725 3399; baseline 0.004 -14"><span class='ocrx_word' id='word_1_974' title='bbox 1212 3354 1227 3378; x_wconf 74' lang='lat'>1⁵</span> <span class='ocrx_word' id='word_1_975' title='bbox 1251 3352 1352 3387; x_wconf 82' lang='lat' dir='ltr'>Savil.</span> <span class='ocrx_word' id='word_1_976' title='bbox 1369 3361 1401 3386; x_wconf 85' lang='lat' dir='ltr'>et</span> <span class='ocrx_word' id='word_1_977' title='bbox 1417 3353 1472 3386; x_wconf 78' lang='lat' dir='ltr'>alii</span> <span class='ocrx_word' id='word_1_978' title='bbox 1488 3362 1552 3392; x_wconf 78' lang='grc' dir='ltr'>ταῖς</span> <span class='ocrx_word' id='word_1_979' title='bbox 1568 3359 1725 3399; x_wconf 71' lang='grc' dir='ltr'>πορνεὶαις.</span> 
     </span>
    </p>
   </div>
  </div>
 </body>
</html>
