2481 3678
42 1812 180 1842 Isai.53.
197 1821 227 1850 9.

41 1870 131 1898 Psal.
151 1878 178 1896 2.
199 1868 228 1896 5.

180 1929 229 1959 23.
253 1931 259 1937 ⁴

42 1931 156 1958 Matlh.

42 1970 94 1999 38-

45 2011 159 2039 sslntllz.
181 2019 211 2038 21

41 2051 92 2091 40.
107 2054 158 2090 [μ.

41 2240 160 2274 Lucas)
178 2244 228 2272 27.

47 2608 119 2635 Luc.
131 2605 163 2634 13
173 2602 234 2643 34,

199 2816 203 2819 «
253 2784 421 2823 ostendit.

239 234 328 279 558
694 247 731 277 s.
769 244 947 277 JOANMS
982 239 1221 273 cnmsosT.

235 344 382 369 mecum
404 338 484 377 est,
509 338 544 368 et
574 342 653 367 non
681 329 837 380 reliquit
864 340 923 364 me
940 326 1066 364 solum
1087 325 1218 362 Pater.

236 391 403 431 Ostendit
427 405 463 429 se
488 390 613 428 merito
642 389 798 438 dixisse,
821 390 1062 439 Principium
1091 387 1158 437 qui
1185 390 1222 421 et

236 454 373 505 loquor
388 454 512 490 vobis.

288 518 324 553 2
348 516 471 565 Usque
489 511 576 550 adeo
596 524 666 548 non
695 510 922 549 attendebant
952 510 994 547 iis
1018 523 1096 560 quae
1127 505 1222 543 dicc-

235 578 377 616 bantur.
427 578 505 615 Cur
538 574 804 612 exaltaveritis
850 573 998 610 Filium
1035 569 1217 608 hominis.

235 640 361 677 Nonne
377 648 461 676 tunc
479 651 535 675 me
562 635 701 673 sublato
728 634 877 685 speratis
895 648 915 672 a
931 647 988 671 me
1012 630 1103 670 nihil
1121 628 1222 667 vobis

236 700 328 737 ultra
345 698 511 737 molestiae
525 696 673 735 allatum
692 695 756 732 i1i.
748 695 764 722 ⁰
779 695 856 746 Ego
871 704 989 732 autem
1005 693 1085 731 dieo
1101 689 1221 739 vobiS‚

241 764 273 799 T
273 776 348 799 unc
367 760 522 799 maxime
541 760 797 810 cognoscetis,
818 760 911 809 quia
929 771 996 808 ego
1022 769 1106 793 sum
1119 784 1130 800 ,
1160 766 1222 804 per

236 822 360 873 signa,
396 835 458 873 pel
490 818 803 867 1esunecti0nem,
824 832 888 870 pel
913 816 1107 855 excidium.
1138 814 1222 851 Haec

235 885 367 936 quippe
385 883 501 921 omnia
517 883 592 934 ejus
608 880 803 934 potentiam
832 878 1120 932 comprobabant.
1148 877 1219 914 Ne-

235 960 305 996 que
317 945 435 993 dixit,
458 945 564 982 Tunc
583 941 798 993 cognoscetis
817 941 895 991 quis
914 941 993 978 sim.
1016 939 1107 977 Cum
1123 936 1223 976 vide-

235 1007 334 1056 ritis,
354 1006 468 1057 inquit
480 1035 491 1055 ,
513 1019 568 1042 me
585 1003 675 1041 nihil
694 1017 739 1040 ex
756 1011 867 1040 morte
881 1014 1091 1053 passurum,
1117 1000 1223 1036 Tunc

236 1069 470 1119 cognoscetis
499 1068 591 1117 quia
607 1078 675 1115 ego
692 1077 777 1100 sum
796 1078 806 1098 :
828 1075 953 1112 nempe
981 1059 1145 1097 Christus
1164 1058 1224 1095 Fi-

237 1129 307 1166 lius
327 1128 412 1175 Dei,
432 1127 493 1177 qui
524 1124 642 1162 omnia
664 1124 738 1161 fero
762 1133 795 1160 et
810 1122 926 1169 duco,
943 1135 1007 1158 nec
1028 1119 1226 1158 contrarius

237 1188 345 1226 Patri.
377 1188 461 1225 Ideo
478 1185 626 1238 adjicit,
649 1186 703 1222 Et
735 1198 760 1220 a
787 1185 929 1234 meipso
947 1182 1048 1219 nihil
1073 1181 1223 1232 loquor.

237 1252 438 1299 Utrumque
462 1246 556 1285 enim
574 1244 791 1296 cognoscetis
809 1274 818 1292 ,
841 1253 873 1281 et
889 1242 1084 1295 potentiam
1100 1256 1226 1291 meam,

237 1321 270 1349 et
292 1325 373 1348 eum
398 1311 503 1347 Patre
520 1321 743 1347 consensum.
764 1305 863 1344 Illud
887 1305 981 1342 enim
996 1335 1005 1353 ,
1025 1304 1066 1342 A
1086 1307 1227 1355 meipso
1255 1309 1260 1312 '

239 1374 339 1412 nihil
357 1374 513 1426 loquor,
534 1370 692 1409 eamdem
708 1383 780 1407 esse
807 1367 1042 1406 substantiam
1064 1365 1207 1404 denotat
1219 1396 1229 1415 ,

238 1446 271 1474 et
298 1450 334 1474 se
362 1435 451 1472 nihil
470 1434 563 1471 ultra
581 1442 768 1485 paternum
786 1443 927 1468 sensum
945 1428 1056 1479 loqui.
1077 1427 1229 1474 Quando

238 1513 257 1535 a
289 1497 388 1535 cultu
411 1504 529 1534 vestro
560 1492 733 1531 excidetis
745 1521 757 1541 ,
793 1486 866 1528 nec*
886 1489 1097 1527 concedetur
1128 1487 1230 1527 vobis

238 1559 390 1611 pristino
409 1571 506 1594 more
522 1556 640 1608 ipsum
659 1553 773 1591 colere
780 1567 790 1601 ;
807 1561 890 1588 tunc
907 1550 1023 1588 scietis
1039 1549 1156 1601 ipsum
1176 1562 1232 1586 me

241 1619 386 1667 ulcisci,
404 1617 630 1668 indignatum
651 1614 821 1652 adversus
840 1627 898 1650 eos
917 1611 978 1663 qui
1012 1625 1068 1649 me
1083 1625 1153 1648 non
1169 1625 1233 1648 au-

243 1681 406 1729 dierunt3
429 1694 470 1716 ac
490 1678 516 1716 si
541 1678 674 1716 diceret
691 1692 698 1712 ε
719 1675 757 1713 Si
778 1675 913 1713 alienus
941 1682 974 1711 et
990 1674 1066 1710 Deo
1094 1681 1233 1710 contra-

243 1743 317 1780 rius
339 1756 466 1789 essem,
482 1755 550 1778 non
566 1747 701 1777 tantam
716 1738 775 1775 illc
790 1745 911 1774 eontra
929 1749 991 1774 vos
1004 1734 1095 1771 iram
1113 1748 1233 1771 eonce-

244 1805 366 1857 pisset.
384 1804 461 1840 Hoc
480 1811 513 1840 et
528 1801 641 1839 Isaias
658 1799 764 1847 dicit,
782 1800 906 1836 Dabit
924 1799 1059 1848 impios
1076 1809 1146 1847 pro
1174 1810 1231 1833 se-

242 1867 402 1919 pultura
419 1868 501 1917 ejus
514 1881 527 1909 ,·
561 1873 595 1900 et
613 1861 747 1910 David,
773 1862 878 1898 Tunc
911 1860 1091 1911 loquetur
1105 1858 1159 1895 ad
1173 1871 1235 1895 eos

246 1943 287 1965 ιη
317 1931 376 1965 ira
399 1941 491 1969 suem
521 1934 554 1962 et
577 1924 672 1976 ipse,
699 1923 801 1960 Ecce
830 1920 1074 1972 relinquetur
1099 1919 1236 1955 domus

224 2031 230 2038 ‚
248 1997 378 2026 vestra
409 1989 560 2024 deserta
571 2001 585 2030 ;
618 1983 777 2035 idipsum
794 1991 827 2018 et
847 1980 883 2018 in
905 1978 1106 2032 parabolis,
1136 1979 1238 2029 Quid

245 2052 363 2100 faciet
377 2049 553 2086 (lominus
567 2049 694 2083 ‘vineae
709 2046 823 2096 liujus
837 2042 1018 2094 agricolis
1034 2040 1133 2078 illis?
1147 2042 1236 2077 Ma-

247 2114 302 2149 los
324 2112 426 2148 uirile
443 2110 588 2162 perdet.
610 2106 743 2147 Viden’
777 2119 857 2142 eum
875 2103 1008 2153 ubique
1037 2102 1088 2140 sic
1120 2102 1235 2153 loqui,

245 2173 342 2224 quod
355 2172 408 2210 illi
425 2171 589 2209 nondum
604 2168 798 2206 crederent.
817 2164 927 2211 Quod
943 2165 972 2202 si
990 2163 1084 2216 ipsos
1098 2162 1235 2215 perdat,

245 2243 283 2271 ut
303 2247 424 2271 revera
438 2231 585 2284 perdet,
604 2243 686 2267 nam
699 2229 762 2278 ait,
781 2226 979 2264 Adducite
997 2226 1071 2262 huc
1087 2238 1149 2262 eos
1171 2227 1238 2276 qui

246 2311 304 2334 me
322 2296 457 2333 nolunt
476 2306 656 2345 regnare,
677 2299 711 2328 et
730 2288 959 2341 interficite5
981 2301 1043 2323 cur
1060 2285 1153 2323 illud
1169 2300 1237 2323 non

246 2371 371 2404 suum,
390 2354 452 2393 sed
471 2353 588 2391 Patris
607 2366 695 2404 opus
723 2364 798 2388 esse
823 2348 937 2386 dicit?
956 2348 1007 2386 Ut
1023 2346 1172 2384 illorum
1203 2361 1238 2385 se

246 2415 483 2455 imbecillitati
496 2421 715 2466 attemperet,
727 2410 904 2460 simulque
912 2408 1120 2447 Genitorem
1134 2422 1239 2445 suum

247 2479 408 2516 honoret.
427 2476 511 2514 Ideo
526 2489 594 2513 non
610 2474 719 2521 dixit,
733 2471 910 2521 Relinquo
924 2470 1071 2507 domum
1086 2478 1241 2507 vestram

250 2540 446 2586 desertan13
478 2537 558 2586 sed,
582 2536 852 2587 Relinquetur,
885 2530 1168 2583 impersonaliter
1188 2530 1240 2568 lo-

251 2614 373 2651 quens.
398 2600 488 2635 Cum
509 2612 613 2649 porro
635 2596 746 2644 dicit,
775 2596 933 2645 Quoties
950 2592 1062 2629 volui
1085 2606 1241 2643 congre-

250 2674 342 2712 gare
367 2660 480 2711 filios
511 2666 659 2695 vestros
678 2687 688 2702 ‚
729 2664 763 2693 et
805 2655 1012 2691 noluistis?
1045 2651 1242 2702 deindeque

252 2723 374 2770 addit,
411 2722 685 2773 Relinquetur,
735 2733 769 2756 se
802 2716 1032 2756 desolationis
1064 2725 1242 2754 auctorem

460 2783 552 2829 Quia
566 2813 576 2831 ,
607 2781 745 2832 inquit,
781 2778 964 2818 beneficiis
1000 2778 1162 2815 noluistis
1195 2776 1242 2815 ad

253 2844 466 2884 credendum
491 2842 632 2889 induci,
657 2856 701 2879 cx
723 2840 899 2893 supplicio
919 2838 1136 2891 cognoscetis
1161 2837 1242 2888 quis

253 2922 332 2945 sum
362 2920 438 2957 ego.
472 2907 525 2942 Et
562 2906 677 2940 Pater
699 2917 846 2940 meeum
878 2910 943 2939 est.
976 2902 1030 2939 Ne
1060 2908 1242 2952 putarent,

253 2968 370 3016 illud,
408 2968 483 3017 Qui
516 2967 617 3001 misit
653 2978 734 3009 me,
767 2963 940 3000 minorem
971 2961 1089 3013 ipsum
1123 2960 1243 2998 decla—

256 3044 351 3078 rare,
379 3027 501 3075 addit,
533 3027 687 3063 Mecum
716 3033 782 3061 est.
806 3023 914 3060 Aliud
942 3023 1036 3060 enim
1064 3023 1243 3074 dispensa-

256 3091 385 3140 tionis,
422 3087 521 3126 aliud
557 3084 758 3123 divinitatis
789 3093 850 3121 est.
883 3085 934 3120 Et
967 3098 1044 3120 non
1088 3083 1244 3134 reliquit

257 3168 317 3190 me
343 3151 468 3190 solum
482 3179 493 3196 ,
532 3150 627 3201 quia
641 3176 652 3192 ,
688 3159 773 3197 quoe
791 3145 939 3195 placitu
955 3153 1043 3181 sunt
1064 3145 1244 3196 ei,saei0

255 3229 411 3267 semper.
443 3214 602 3250 Rursum
630 3209 677 3247 ad
706 3207 900 3246 humiliora
927 3205 1127 3255 descendit,
1153 3205 1245 3243 illud

303 3341 319 3362 ³*
345 3344 392 3371 καὶ
411 3342 459 3371 οὐκ
487 3340 548 3370 εἰπε
561 3361 568 3374 ,
595 3342 663 3369 τότε
683 3337 824 3376 γνώσεσθε
840 3336 883 3368 τίς
903 3335 971 3372 εἰμι.
998 3330 1075 3360 llaec
1095 3340 1160 3361 non
1185 3328 1267 3361 lecta

259 3398 334 3423 sunt
349 3388 390 3420 ab
409 3391 607 3429 Interprete.

302 3450 310 3459 ‘¹
340 3440 399 3472 Alii
414 3444 493 3478 Ordo}
510 3444 554 3473 ὅτι
570 3440 665 3471 οὐδέν.
682 3443 713 3466 vt
734 3445 807 3466 mox
830 3438 999 3477 φθέγγεται.

1243 1456 1290 1480 5¹12

1256 1495 1278 1522 Α
1301 1480 1416 1520 εὈταν
1439 1481 1506 1535 γὰρ
1529 1482 1699 1529 ἐκπέσητε
1717 1486 1779 1529 τῆς
1799 1482 1982 1536 λατρείας,
2007 1482 2087 1521 ὅταν
2110 1483 2157 1533 μὴ
2189 1498 2325 1535 συγχω-

1263 239 1464 271 ARCfflEP.
1502 241 1850 272 CONSTANTmOP.

1295 322 1408 373 ἀφῆκέ
1423 339 1466 373 με
1482 323 1584 373 μόνον
1599 327 1617 363 ὁ
1634 324 1771 376 Πατήρ.
1789 323 1968 362 Δείκνυσιν
1984 322 2036 361 ὅτι
2051 322 2192 367 δικαίως
2206 322 2312 374 ἔλεγε,

1295 382 1370 429 Τὴν
1392 383 1505 436 ἀρχὴν
1524 385 1576 423 ὅτι
1593 384 1652 423 καὶ
1668 386 1765 423 λαλῶ
1780 388 1872 436 ὑμῖν.

1348 504 1469 550 Οὕτως
1492 508 1529 544 οὐ
1553 512 1737 559 προσεῖχον
1759 512 1829 550 τοῖς
1852 505 2060 558 λεγομένοις.
2077 505 2191 544 (Ὀταν
2213 504 2314 557 ὑψώ-

1294 581 1377 613 σητε
1393 567 1449 605 τὸν
1466 567 1549 605 Υἱὸν
1565 570 1624 605 τοῦ
1643 566 1835 619 ἀνθρώπου.
1857 569 1936 619 Οὐχ
1951 569 2047 618 ὑμεῖς
2065 566 2143 604 τότε
2163 567 2316 618 μάλιστα

1293 629 1508 680 προσδοκᾶτε
1548 627 1859 678 ἀπαλλαγήσεσθαί
1897 644 1960 679 μου
1996 628 2057 666 καὶ
2097 627 2316 679 ἀναιρήσειν;

1295 687 1389 739 Ἐγὼ
1411 688 1446 728 δὲ
1467 688 1578 741 λέγω,
1613 688 1663 726 ὅτι
1693 688 1770 727 τότε
1792 688 1946 739 μάλιστα
1974 688 2105 726 εἴσεσθε
2132 687 2218 726 ζὈτι
2247 686 2315 739 ἐγώ

1294 750 1385 800 εἷαι,
1417 767 1484 788 των
1515 767 1552 789 τε
1586 751 1738 803 σημείων
1767 750 1892 799 ἕνεκεν,
1921 767 1980 788 και
2005 754 2066 797 τῆς
2096 750 2316 794 ἀναστάσεως

1293 826 1352 848 και
1365 827 1427 858 της
1447 812 1618 857 ἁλώσεως.
1638 813 1762 852 Πάντα
1774 812 1841 867 γὰρ
1856 818 1965 852 ταῦτα
1980 812 2083 852 ἱκανὰ
2102 816 2144 858 ἠν
2165 815 2317 864 ἐμφῆναι

1294 873 1397 910 αὐτοῦ
1419 872 1512 920 τὴν’
1505 874 1614 926 ισᾸύν.
1646 873 1740 913 ι’Καὶ
1763 877 1823 913 οὐκ
1844 879 1939 921 εἰπε,
1962 873 2039 912 τότε
2060 872 2233 925 γνωσεσθε
2263 871 2315 915 τίς

1294 934 1376 983 εἶμι.
1394 932 1506 972 εὈταν
1523 935 1590 987 γὰρ
1620 935 1734 983 ἴδητε,
1757 952 1873 988 φησιν,
1902 951 1955 973 οτι
1982 933 2076 972 οὐδὲν
2093 934 2161 972 ἀπὸ
2179 938 2238 972 τοῦ
2256 937 2319 971 θα-

1293 969 1396 1031 νάτου
1418 994 1605 1045 πείσομαι,
1630 995 1720 1033 Τότε
1745 995 1917 1048 γνώσεσθε
1935 995 1988 1034 ὅτι
2017 994 2084 1047 ἐγώ
2113 997 2203 1045 εἶμι·
2234 1010 2317 1032 του-

1294 1054 1421 1102 τέστιν,
1437 1057 1454 1092 ὁ
1469 1056 1618 1108 Χριστὸς
1632 1059 1649 1094 ὃ
1662 1056 1744 1099 Υἱὸς
1762 1061 1821 1094 τοῦ
1837 1058 1928 1094 Θεοῦ
1939 1087 1947 1103 ,
1965 1056 2025 1094 καὶ
2040 1060 2058 1094 ὃ
2073 1056 2188 1094 πάντα
2208 1055 2320 1108 φέρων

1295 1114 1355 1152 καὶ
1376 1115 1482 1166 ἄγων,
1508 1116 1568 1153 καὶ
1596 1119 1656 1154 οὐκ
1678 1116 1828 1160 ἐναντίος
1858 1117 1989 1170 ἐκείνῳ.
2022 1116 2089 1155 Διὰ
2117 1122 2216 1155 τοῦτο
2240 1121 2320 1169 γοῦν

1297 1175 1470 1227 ἐπήγαγε,
1484 1175 1553 1214 Καὶ
1574 1179 1633 1214 ἀπ’
1656 1178 1806 1227 ἐμαυτοῦ
1831 1179 1868 1215 οὐ
1887 1179 1985 1215 λαλῶ
2002 1177 2109 1216 οὐδέν.
2129 1177 2323 1231 Ἀμφότερα

1298 1235 1366 1289 γὰρ
1381 1236 1510 1274 εἴσεσθε
1522 1267 1531 1284 ,
1549 1237 1608 1274 καὶ
1623 1237 1686 1283 τὴν
1704 1236 1802 1289 ἰσχὺν
1819 1237 1880 1284 τὴν
1896 1237 1996 1288 ἐμὴν,
2014 1238 2073 1276 καὶ
2086 1237 2149 1284 τὴν
2162 1238 2322 1289 ὁμόνοιαν

1298 1295 1360 1343 τὴν
1379 1297 1464 1349 πρὸς
1482 1297 1538 1335 τὸν
1560 1297 1717 1350 Πατέρα.
1737 1301 1769 1336 Τ
1773 1299 1790 1337 ὸ
1805 1298 1892 1351 γὰρ,
1910 1299 1986 1337 Ἀπ’
2004 1302 2153 1350 ἐμαυτοῦ
2168 1301 2205 1336 οὐ
2226 1300 2323 1336 λαλῶ

1301 1358 1409 1405 οὐδὲν,
1442 1359 1481 1397 τὸ
1509 1359 1778 1413 ἀπαράλλακτον
1798 1364 1860 1407 τῆς
1889 1359 2005 1405 οὐσίας
2033 1362 2174 1408 οδηλοῖ,
2200 1359 2259 1398 καὶ
2287 1360 2326 1398 τὸ

1302 1419 1395 1459 οὐδὲν
1434 1421 1530 1465 ἐκτὸς
1567 1424 1634 1459 τῶν
1669 1425 1848 1475 πατρικῶν
1886 1422 2070 1472 νοημάτων
2106 1421 2324 1474 φθέγγεσθαι.

1306 1546 1391 1595 ρηθῇ
1407 1546 1488 1594 ὑμῖν
1507 1543 1593 1594 μηδὲ
1610 1544 1710 1582 αὐτὸν
1724 1543 1937 1597 θεραπεύειν,
1953 1546 1999 1587 ὡς
2013 1543 2081 1596 πρὸ
2093 1543 2212 1581 τούτου
2225 1573 2233 1591 ,
2248 1543 2326 1581 τότε

1305 1605 1435 1644 εἴσεσθε
1453 1604 1506 1643 ὅτι
1526 1604 1664 1656 ἀμύνων
1690 1604 1767 1656 ἐμοὶ
1788 1611 1898 1644 ταῦτα
1921 1611 2034 1653 ποιεῖ,
2058 1604 2117 1643 καὶ
2140 1604 2327 1658 παροξυνό-

1307 1681 1407 1718 μενος
1423 1664 1511 1719 ὑπὲρ
1527 1669 1595 1703 τῶν
1620 1665 1668 1717 μὴ
1690 1666 1910 1705 ἀκουσάντων
1935 1682 1999 1717 μου
2013 1682 2020 1690 ·
2041 1666 2168 1704 ὡσανεὶ
2188 1665 2324 1717 ἔλεγεν·

1306 1729 1367 1765 οὐκ
1389 1726 1428 1764 ἂν
1447 1726 1479 1764 εἴ
1497 1743 1537 1778 γε
1553 1726 1704 1770 ἀντίθεός
1723 1743 1775 1770 τις
1793 1726 1888 1778 ἥμην
1906 1727 1966 1765 καὶ
1985 1726 2184 1779 ἀλλότριος,
2203 1725 2328 1764 τοσαύ-

1306 1806 1367 1835 την
1394 1788 1433 1826 ἂν
1457 1787 1561 1841 ὀργὴν
1580 1790 1656 1826 καθ’
1680 1791 1775 1839 ὑμῶν
1794 1788 1942 1835 ἐκίνησε.
1969 1789 2083 1826 Τοῦτο
2101 1787 2161 1826 καὶ
2180 1786 2328 1831 (Ησαΐας

1307 1849 1408 1902 φησί·
1439 1849 1553 1888 Δώσει
1578 1849 1655 1893 τοὺς
1685 1849 1854 1903 πονηροὺς
1882 1849 1956 1887 ἀντὶ
1976 1853 2038 1896 τῆς
2069 1853 2179 1902 ταφῆς
2206 1850 2327 1887 αὐτοῦ·

1306 1911 1394 1949 καὶὸ
1406 1911 1515 1949 Δαυὶδ
1527 1941 1536 1959 ,
1554 1911 1646 1949 Τότε
1660 1911 1806 1958 λαλήσει
1824 1911 1909 1964 πρὸς
1924 1910 2045 1954 αὐτοὺς
2061 1912 2095 1949 ἐν
2111 1912 2194 1964 ὀργῇ
2212 1913 2327 1949 αὐτοῦ·

1306 1972 1365 2011 καὶ
1386 1973 1486 2016 αὐτὸς
1499 2002 1508 2020 ,
1532 1971 1620 2010 Ἰδοὺ
1641 1971 1779 2023 ἀφίεται
1795 1974 1812 2009 ὃ
1827 1965 1916 2015 οἶκος
1934 1975 2030 2023 ὑμῶν
2051 1971 2189 2025 ἕρημος.
2207 1971 2277 2010 Καὶ
2294 1974 2329 2008 αἱ

1307 2033 1504 2087 παραδολαὶ
1530 2033 1569 2071 τὸ
1595 2032 1677 2070 αὐτὸ
1698 2034 1871 2079 δηλοῦσιν,
1892 2032 1972 2070 ὅταν
2000 2033 2085 2085 λέγῃ
2098 2048 2105 2055 ·
2127 2032 2173 2070 Τί
2192 2032 2330 2078 ποιήσει

1306 2100 1319 2115 ³
1334 2101 1403 2138 τοῖς
1419 2100 1583 2147 γεωργοῖς
1600 2093 1739 2137 ἐκείνοις
1765 2097 1782 2131 ὃ
1804 2093 1918 2146 κύριος
1935 2098 1993 2132 τοῦ
2008 2095 2212 2144 ἀμπελῶνος
2244 2092 2331 2132 ἐκεί-

1262 2166 1285 2195 B
1306 2172 1381 2203 νου,
1398 2155 1534 2199 Κακους
1562 2171 1677 2199 κακως
1698 2154 1861 2194 ἀπολέσει
1889 2154 2019 2198 αὐτούς.
2049 2154 2187 2208 Ὁρᾷς
2175 2154 2226 2192 ότι
2245 2171 2332 2192 παν-

1307 2221 1415 2270 ταχοῦ
1435 2216 1491 2254 οιὰ
1513 2216 1552 2253 τὸ
1583 2215 1730 2266 μηδέπω
1758 2215 1982 2253 πιστεύεσθαι
2014 2214 2102 2253 οὕτω
2132 2216 2332 2268 φθέγγεται;

1307 2278 1410 2316 Ἐπει
1433 2279 1461 2315 εἰ
1478 2293 1597 2320 αυτους
1616 2278 1737 2314 ἀπολε
1710 2291 1736 2312 ει
1749 2275 1893 2328 ,ὥσπερ
1912 2269 1968 2314 οῦν
1986 2293 2044 2314 και
2064 2279 2186 2315 ἀπολεῖ
2199 2275 2332 2328 (Φέρε-

1308 2355 1345 2377 τε
1364 2338 1450 2391 γὰρ,
1470 2338 1586 2390 φησὶν,
1607 2336 1726 2380 αὐτους
1748 2338 1814 2375 ὡδε
1829 2353 1907 2381 τους
1924 2336 1971 2387 μὴ
1995 2337 2153 2381 θέλοντάς
2173 2353 2216 2388 με
2237 2339 2334 2388 βασι-

1309 2403 1450 2448 λεῦσαι,
1486 2398 1545 2436 καὶ
1577 2398 1821 2450 κατασφάξατε
1837 2401 1860 2445 )·
1888 2397 1977 2442 τίνος
1999 2398 2110 2436 ἕνεκεν
2141 2401 2201 2436 οὐκ
2233 2400 2335 2435 αὐτοῦ

1310 2477 1412 2514 φησιν
1447 2460 1558 2514 ἔργον,
1582 2459 1671 2498 ἀλλὰ
1698 2464 1757 2497 τοῦ
1783 2460 1923 2512 Πατρὸς
1950 2460 1989 2498 τὸ
2019 2459 2215 2512 γινόμενον,
2244 2459 2336 2512 Πρὸς

1311 2522 1373 2569 τὴν
1392 2521 1530 2560 ἐκείνων
1555 2520 1732 2559 ἀσθενειαν
1754 2520 2016 2572 διαλεγόμενος·
2045 2524 2130 2571 ὁμοῦ
2152 2519 2187 2559 δὲ
2206 2519 2265 2558 καὶ
2284 2536 2335 2557 τι-

1313 2600 1387 2635 μων
1412 2599 1469 2621 τον
1496 2580 1742 2658 γεγεννηκότα.
1771 2580 1840 2619 Διὰ
1865 2585 1964 2620 τοῦτο
1998 2584 2060 2619 οὐκ
2089 2575 2231 2629 εἷπεν,ι’
2244 2580 2335 2632 ἀφίω

1311 2645 1367 2683 τὸν
1384 2648 1475 2681 οικον
1494 2646 1591 2694 υμιὶν
1608 2642 1749 2696 ἔρημον,
1771 2644 1846 2679 ἀλλ’
1852 2642 2052 2695 ,Ἀφίεται·
2067 2647 2167 2680 τοῦτο
2189 2658 2249 2692 μεν
2266 2640 2333 2693 γὰρ

1314 2704 1532 2759 ἀπροσιᾞηυς
1553 2704 1695 2742 τέθεικε.
1716 2703 1783 2741 Διὰ
1805 2702 1840 2740 δὲ
1862 2707 1921 2742 τοῦ
1939 2706 2058 2751 εἰπεῖν,
2080 2703 2236 2746 Ποσάκις
2255 2702 2334 2748 ἠθέ-

1312 2769 1403 2813 λησα
1425 2769 1687 2817 επισυνα(αγεῖν
1715 2764 1759 2802 τὰ
1778 2764 1882 2802 τέκνα
1905 2767 2014 2814 bum),
2042 2764 2101 2801 καὶ
2126 2767 2186 2802 οὐκ
2211 2763 2335 2809 ἠθελή-

1314 2842 1419 2873 σατε,
1437 2830 1510 2864 εἶτα
1536 2827 1737 2876 ἐπαγαγεῖν,
1757 2824 1810 2861 ὅτι
1827 2824 2000 2876 Ἀφίεται,
2021 2823 2219 2862 δείκνυσιν’
2206 2823 2259 2861 ότι
2275 2826 2333 2861 αὖ·

1313 2904 1368 2931 τος
1397 2886 1459 2933 τὴν
1494 2885 1669 2939 ἐρήμωσιν
1703 2884 1887 2937 εἰργάζετο.
1917 2883 2062 2930 Ἐπειδὴ
2095 2884 2184 2937 γαρ,
2219 2900 2335 2936 φησιν,

1315 2946 1591 3000 εὐεργετούμενοι
1629 2945 1689 2983 καὶ
1724 2944 1991 2998 θεραπευόμενοι
2036 2947 2098 2983 οὐκ
2143 2945 2336 2992 ἠθελήσατε

1316 3012 1464 3061 γνῶναι,
1480 3006 1704 3057 κολαζόμενοι
1719 3005 1849 3044 εἴσεσθε
1873 3006 1964 3049 ὅστις
1980 3005 2058 3058 ἐγώ.
2078 3005 2146 3044 Καὶ
2165 3007 2238 3057 μετ’
2253 3008 2336 3056 ἐμοῦ

1317 3073 1408 3108 ἐστιν
1431 3072 1448 3106 ὁ
1465 3067 1601 3120 Πατήρ.
1616 3065 1694 3104 Ἵνα
1713 3065 1780 3118 γὰρ
1800 3066 1848 3116 μὴ
1871 3066 2040 3117 νομίσωσι
2062 3067 2120 3114 τὸ,
2137 3065 2181 3104 ‘O
2197 3065 2338 3116 πέμψας

1320 3154 1385 3189 με,
1413 3134 1634 3178 ἐλαττώσεως
1661 3128 1771 3181 εἶναι,
1799 3133 1910 3185 λέγει,
1942 3136 2029 3172 Μετ’
2064 3137 2147 3185 ἐμοῦ
2175 3135 2258 3171 ἐστι.
2287 3132 2339 3170 Τὸ

1322 3204 1382 3256 μὲν
1402 3203 1490 3255 γὰρ,
1509 3206 1571 3249 τῆς
1596 3199 1790 3252 οἰκονομίας
1806 3217 1813 3224 ·
1838 3202 1877 3240 τὸ
1906 3201 1961 3249 δὲ,
1990 3205 2052 3248 τῆς
2077 3200 2245 3248 θεότητος.
2270 3200 2339 3238 Καὶ

1379 3339 1390 3352 ³·
1415 3326 1474 3359 Alii
1492 3330 1556 3364 τοὺς
1573 3328 1716 3370 γεωργοὺς
1733 3330 1865 3363 ἐκείνους.

1379 3381 1394 3401 ¹²
1420 3379 1520 3411 Saxil.
1545 3378 1631 3417 conj.
1656 3382 1773 3421 ἀφίημι,
