2522 3683
111 809 189 836 Ihid.
211 807 294 848 '‘⁸¹4-

100 1557 175 1584 Isai.
194 1565 241 1593 27.
260 1565 284 1585 ι,

96 1869 280 1908 Luc.1o.19.

100 2499 207 2527 walth.
228 2499 276 2528 23.

89 2540 138 2567 33.

315 240 405 284 812

312 334 532 387 propositum
568 342 797 374 revertamur.
830 334 1044 386 Perquisitio
1079 336 1238 376 criminis
1273 352 1293 375 a

312 387 459 439 decepto
486 387 531 424 ad
556 386 788 439 decipientem
815 402 996 440 progressa
1027 398 1099 437 est,
1125 390 1295 428 sententia

312 454 397 478 vero
428 440 464 477 in
493 440 668 478 malorum
694 449 873 478 auctorem
902 441 1036 492 prolata
1066 441 1145 479 fuit.
1175 443 1295 481 Primo

313 493 380 530 Dei
412 491 571 531 vindicta
599 502 718 530 contra
747 493 850 530 illum
872 494 938 530 fert
958 493 1154 544 calculum,
1186 509 1296 545 neque

313 545 432 582 statim
466 555 585 583 eontra
611 546 730 584 virum
759 545 814 584 vel
845 555 963 583 contra
996 546 1179 585 mulierem
1223 562 1296 585 ›ro—

312 598 474 647 nuntiat,
502 598 562 636 sed
590 608 709 636 eontra
737 606 943 650 serpentem.
972 598 1018 635 Et
1045 598 1127 637 vide
1157 563 1295 639 Judieis

312 650 569 688 consideratam
590 650 803 688 tarditatem.
829 651 907 687 Non
927 660 1123 702 serpentem
1148 651 1196 689 ad
1213 667 1296 690 exa-

311 717 391 740 men
426 712 526 741 vocat
558 704 653 740 Deus
669 718 680 752 ;
715 716 785 740 non
816 702 910 740 enim
939 702 974 740 in
991 703 1103 741 alium
1130 704 1208 742 vult
1224 705 1292 742 cul.

311 769 393 807 pam
425 756 553 793 referre
573 785 582 802 ,
618 770 726 806 neque
761 754 859 792 aliud
891 756 1095 807 perfugium
1129 757 1292 809 reperire.

310 813 407 859 Quid
427 813 538 864 igitur
554 813 604 851 ait
633 813 715 850 illi?
738 814 970 851 ,Maledictus
984 828 1022 851 es
1038 816 1139 851 inter
1162 818 1293 854 omnia

309 869 530 903 animantia
567 875 689 904 terrae.
733 866 882 917 Serpens
915 865 1190 905 instrumentum
1223 881 1291 919 ap-

308 932 434 969 parens
467 928 544 965 est,
578 918 742 956 diabolus
777 932 858 957 vero
893 927 944 956 est
977 919 1037 969 qui
1065 919 1291 958 invisibiliter

307 985 370 1022 per
402 980 600 1023 serpentem
635 971 778 1023 decipit.
814 971 887 1009 Cur
922 980 1043 1009 contra
1073 972 1289 1010 instrumen-

307 1032 384 1060 tum
419 1038 521 1075 poena
559 1024 762 1076 profertur,
799 1033 832 1061 et
868 1037 937 1060 non
971 1033 1089 1062 contra
1122 1024 1290 1062 facinoris

306 1085 484 1115 auctorem
511 1076 635 1115 divina
666 1076 824 1115 vindicta
855 1077 1069 1113 exercetur?
1094 1076 1142 1113 Et
1168 1085 1289 1114 contra

305 1139 489 1179 peccatum
507 1130 707 1181 profertur,
727 1138 760 1165 et
779 1137 898 1165 contra
914 1128 1187 1165 instrumentum
1205 1143 1289 1180 pec-

305 1181 385 1218 eati.
429 1182 528 1219 Nosti
545 1181 640 1232 quod
658 1191 759 1218 tauro
781 1180 914 1217 ratione
938 1179 1107 1218 destituto
1121 1210 1130 1228 ,
1151 1181 1178 1218 si
1205 1195 1288 1218 cor-

304 1233 409 1271 nibus
437 1233 606 1285 impetat‚
636 1247 775 1285 poenam
804 1233 928 1270 mortis
958 1233 1054 1270 Deus
1077 1241 1232 1281 statuat,
1255 1242 1288 1271 et

1256 257 1427 288 Spuma.

1366 341 1512 394 ἐδέχθη,
1528 341 1650 386 Οὕτως
1665 346 1682 381 ὁ
1703 344 1910 396 δημιουργὸς
1928 345 2080 391 ἀναίτιος
2097 341 2152 394 ἧν,
2173 350 2190 384 ὁ
2211 347 2246 385 δὲ
2271 363 2387 400 παρα-

1367 393 1431 436 ὂὰς
1457 394 1653 439 ὑπεύθυνος.
1676 395 1766 434 Ἀλλ’
1789 398 1846 435 ἐπὶ
1876 397 1915 436 τὸ
1933 399 2159 450 προκείμενον
2189 400 2387 438 ἐπανέλθω-

1370 462 1442 496 μεν.
1465 446 1509 484 ἹΙ
1529 446 1590 497 μὲν
1607 447 1761 492 ἐξέτασις
1775 453 1843 488 τῶν
1865 451 2218 502 πεπλημμελημένων
2239 452 2308 490 ἀπὸ
2326 457 2385 492 τοῦ

1368 499 1603 545 ἁπατηΟέντος
1632 502 1688 539 ἐπὶ
1722 503 1785 549 τὴν
1816 506 2066 552 ἀπατηθεῖσαν,
2095 509 2116 551 ἡ
2148 505 2183 543 δὲ
2214 504 2386 557 ἀπόφασις

1367 552 1423 589 ἐπὶ
1449 551 1506 590 τὸν
1533 552 1640 591 αἴτιον
1657 557 1724 592 τῶν
1751 559 1880 594 κακῶν.
1903 558 2050 608 Πρῶτον
2069 560 2090 603 ἡ
2112 557 2185 596 Οεία
2210 558 2288 603 δίκη
2309 560 2385 596 κατ’

1367 604 1494 642 ἐκείνου
1525 605 1620 658 φέρει
1647 607 1708 655 τὴν
1739 610 1865 661 ψῆφον.
1888 610 1941 647 Οὐ
1964 609 2033 661 γὰρ
2054 610 2262 662 ἀποφέρεται
2295 611 2385 649 κατὰ

1367 662 1425 694 τοῦ
1454 658 1592 709 ἀνδρὸς,
1620 661 1697 699 οὐδὲ
1724 663 1814 700 κατὰ
1843 665 1906 708 τῆς
1930 662 2090 712 γυναικὸς
2119 662 2259 709 εὐθέως,
2295 663 2385 702 ἀλλὰ

1333 715 1343 744 ·“.
1367 709 1457 747 κατὰ
1478 715 1537 748 τοῦ
1561 711 1680 764 ὄφεως.
1701 715 1770 752 Καὶ
1790 714 1853 766 ὅρα
1867 715 1905 752 τὸ
1927 715 2148 767 μακρόθυμον
2182 718 2244 761 τῆς
2269 716 2380 762 δίκης.

1367 763 1419 800 Οὐ
1439 764 1539 801 καλεῖ
1556 765 1613 802 τὸν
1631 765 1705 818 ὅφιν
1721 771 1738 805 ὁ
1750 769 1839 812 Θεὸς
1859 769 1906 810 εἷς
1926 768 2095 811 ἐξέτασιν·
2113 770 2149 806 οὐ
2166 767 2232 820 γὰρ
2250 770 2297 811 εἷς
2315 767 2385 807 ἕτε-

1369 830 1424 867 ρον
1446 817 1629 868 ἀναγαγεῖν
1650 819 1711 866 τὴν
1733 821 1845 859 αἰτίαν
1867 820 2047 872 βούλεται,
2070 819 2147 858 οὐδὲ
2166 822 2274 873 εὑρεῖν
2295 823 2384 859 ἀπο-

1365 868 1475 920 φυγὴν
1493 869 1624 921 ἑτέραν,
1653 872 1701 910 Τί
1719 868 1775 911 οῦν
1803 873 1888 926 πρὸς
1910 873 2029 920 αὐτόν,
2047 872 2327 924 Ἐπικατάρατος
2342 872 2383 912 σὺ

1364 922 1432 959 ἀπὸ
1448 922 1588 960 πάντων
1603 925 1672 963 τῶν
1692 926 1818 978 θηρίων
1837 928 1899 972 τῆς
1913 930 1990 978 γῆς.
2009 926 2052 963 Ὁ
2072 927 2146 977 ὄφις
2175 925 2317 976 ὄργανον
2341 920 2383 972 ἦν

1362 975 1581 1025 φαινόμενον,
1608 980 1625 1014 ὁ
1650 978 1684 1015 δὲ
1709 979 1867 1024 διάδολος
1895 979 2050 1032 ἀοράτως
2068 982 2086 1016 ὁ
2107 977 2161 1016 διὰ
2187 982 2246 1015 τοῦ
2275 979 2384 1030 ὄφεως

1363 1030 1518 1066 ἀπατῶν.
1539 1029 1773 1075 Τινοςὲνεκεν
1799 1032 1890 1070 κατὰ
1912 1036 1971 1070 τοῦ
2000 1032 2144 1084 ὀργάνου
2170 1033 2192 1077 ἡ
2211 1031 2382 1083 τιμωρία,

1362 1080 1422 1117 καὶ
1449 1082 1485 1118 οὐ
1515 1080 1606 1118 κατὰ
1633 1087 1692 1120 τοῦ
1719 1084 1881 1122 αὐΟέντου
1912 1088 1974 1131 τῆς
2002 1084 2168 1137 πονηρίας
2196 1083 2328 1135 γίνεται
2359 1088 2380 1132 ἡ

1362 1132 1436 1169 Οεία
1453 1132 1551 1180 δίκη,
1568 1134 1636 1172 Καὶ
1655 1136 1744 1174 κατὰ
1766 1139 1828 1182 τῆς
1844 1137 2018 1189 ἁμαρτίας
2042 1143 2174 1189 χωρεῖ,
2202 1136 2262 1173 καὶ
2290 1136 2382 1175 κατὰ

1361 1189 1421 1222 τοῦ
1438 1187 1583 1237 ὀργάνου
1612 1191 1675 1234 τῆς
1700 1189 1886 1242 ἁμαρτίας.
1907 1184 2015 1232 Οἶδας
2028 1216 2037 1233 ,
2059 1189 2112 1228 ὅτι
2129 1188 2189 1226 καὶ
2211 1189 2269 1226 τὸν
2289 1191 2383 1240 λογι-

1361 1237 1447 1288 σμὸν
1465 1240 1527 1276 οὐκ
1544 1240 1658 1290 ἔχοντι
1672 1241 1788 1294 ταύρῳ
1805 1272 1814 1289 ,
1836 1241 1895 1279 ἐὰν
1914 1241 2081 1295 κερατίσῃ
2096 1271 2104 1288 ,
2128 1245 2145 1279 ὃ
2165 1241 2255 1284 Θεὸς
2273 1241 2380 1279 Οάνα-

303 1285 407 1323 illum
430 1286 603 1338 impetum
624 1286 759 1337 puniat.
780 1285 840 1323 Sic
859 1284 969 1335 igitur
995 1285 1055 1322 hic
1075 1294 1194 1323 contra
1215 1300 1287 1323 ser-
1302 1306 1348 1330 156
1362 1307 1417 1328 τον
1432 1291 1537 1342 ὁρίζει
1554 1285 1616 1338 τὴν
1636 1293 1747 1341 δίκην,
1762 1294 1876 1333 καίτοι
1892 1294 2059 1345 λογισμὸν
2075 1295 2138 1331 οὐκ
2156 1293 2288 1346 ἔχοντι,
2303 1295 2382 1332 ἀλλ’

302 1347 443 1389 pentem
462 1340 528 1376 fert
547 1339 772 1385 sententiam,
793 1337 999 1387 ostendens,
1023 1337 1052 1375 si
1072 1337 1287 1376 instrumen-
1312 1343 1337 1372 Α
1360 1344 1468 1391 αὐτὴν
1492 1344 1580 1389 ὅλως
1599 1346 1662 1394 τὴν
1682 1347 1793 1398 ὁρμὴν
1812 1347 1962 1392 κολάζει,
1979 1346 2085 1385 Οὕτω
2110 1339 2223 1384 τοίνρν
2247 1345 2307 1384 χαὶ
2330 1348 2381 1384 ἐν,

302 1399 378 1428 tum
402 1391 534 1443 peccati
554 1391 602 1429 ita
617 1391 792 1443 supplicio
807 1390 938 1439 afficit,
961 1390 1074 1427 multo
1088 1390 1201 1441 magis
1226 1406 1287 1429 au-

303 1451 433 1481 ctorem
444 1458 479 1482 se
487 1445 678 1496 plexurum
690 1457 773 1481 esse.
786 1442 871 1480 Ideo
881 1443 1005 1480 beatus
1018 1442 1128 1480 Isaias
1141 1444 1287 1481 commi-

302 1496 478 1534 nationem
493 1497 592 1534 illam
606 1505 725 1534 contra
739 1504 934 1548 serpentem
949 1495 1097 1547 pulchre
1110 1495 1285 1547 accipiens

301 1548 350 1586 ait
367 1564 374 1585 t
397 1549 443 1587 Et
461 1550 526 1587 erit
543 1550 579 1586 in
599 1549 801 1588 novissimis
823 1548 949 1585 diebus
962 1577 970 1593 ‚
992 1549 1155 1585 Indzceet
1178 1550 1285 1587 Deus

298 1602 474 1652 gladium
502 1611 703 1647 sanctum,
734 1602 920 1653 grandem
945 1609 983 1637 et
996 1602 1147 1653 sortem
1173 1615 1285 1652 super

299 1655 528 1701 draconem,
549 1663 761 1706 serpentem
761 1655 984 1706 fugientem
991 1682 1003 1699 ,
1023 1666 1136 1704 saper
1151 1654 1284 1691 draco-

300 1720 407 1753 nem,
430 1716 642 1758 serpentem
663 1715 893 1752 tortuosum,
916 1714 951 1742 et
981 1706 1125 1743 occidet
1146 1706 1284 1743 draco-

299 1773 386 1796 nem
411 1762 452 1796 in
481 1761 542 1797 die
562 1760 645 1797 illa..
673 1761 872 1796 Draconem
899 1766 1003 1796 vocat
1028 1757 1230 1807 diabolum,
1251 1767 1284 1796 et

297 1821 492 1863 serpentem
523 1821 740 1861 tortuosum,
774 1811 892 1863 ipsum
920 1810 1122 1847 daemonum
1149 1811 1283 1862 princi-

297 1878 389 1915 pem.
412 1865 471 1902 Sic
487 1874 520 1902 et
540 1865 703 1903 Salvator
719 1864 768 1901 ait
786 1879 793 1900 ε
811 1865 914 1901 Eece
933 1864 1022 1900 dedi·
1037 1864 1150 1900 vobis
1177 1872 1283 1914 pote-

297 1925 435 1954 statem
455 1918 637 1954 calcandi
655 1930 770 1968 supra
790 1924 980 1967 serpentes
999 1923 1035 1953 et
1048 1918 1278 1966 scorpiones.

296 1968 343 2006 Et
362 1983 405 2006 ne
423 1979 523 2021 putes
544 1969 601 2021 agi
620 1969 664 2007 de
682 1969 786 2007 rebus
805 1970 870 2006 sub
890 1981 1031 2005 sensum
1052 1967 1258 2006 cadentibus
1270 1999 1279 2015 ,

294 2022 417 2070 addit,
438 2024 475 2060 E
479 2031 490 2059 ι
510 2036 626 2073 supra
644 2035 794 2059 omnem
814 2023 997 2058 virtutem
1022 2022 1183 2057 inimici.
1208 2021 1278 2059 Sed

295 2089 374 2112 cum
393 2074 547 2112 audieris
566 2074 753 2112 draconem
775 2082 808 2111 et
827 2082 1044 2125 serpentem,
1063 2086 1106 2110 ne
1126 2073 1280 2112 radicem

294 2127 438 2164 malitiae
464 2126 651 2178 suspiceris
676 2141 748 2165 esse
762 2156 772 2176 ,
794 2135 834 2163 ut
853 2127 952 2163 aiunt
976 2125 1177 2164 Manichaei.
1200 2128 1277 2164 Non

294 2179 387 2216 enim
403 2179 470 2217 fuit
487 2180 592 2217 radix
610 2180 695 2217 mali
711 2210 719 2227 ,
737 2193 850 2229 neque
869 2187 994 2216 natura
1013 2178 1199 2228 nequitiae,
1217 2179 1278 2217 sed

293 2232 480 2283 propensio
495 2232 540 2269 ad
554 2232 788 2282 iniquitatem.
804 2230 931 2280 Vides,
950 2231 1082 2280 inquit,
1099 2232 1277 2280 quomodo

292 2285 475 2336 Scriptura
504 2294 603 2324 vocet
622 2285 725 2322 illum
744 2293 940 2336 serpentem
961 2292 994 2319 et
1014 2283 1223 2332 draconem,
1244 2294 1277 2322 et

291 2337 392 2386 quasi
402 2337 595 2388 quamdam
609 2347 810 2375 extraneam
825 2345 956 2373 naturae
968 2335 1141 2372 malitiam
1153 2335 1277 2374 induc-

292 2390 396 2427 tam?
424 2392 561 2429 Verum
589 2390 663 2427 haec
692 2398 773 2426 sunt
808 2389 1000 2440 impiorum
1027 2387 1136 2426 verba
1166 2402 1275 2438 vana,

292 2441 409 2480 inania
441 2452 473 2480 et
505 2443 639 2480 ratione
661 2442 840 2480 destituta.
871 2442 962 2479 Nam
994 2454 1075 2478 cum
1102 2441 1276 2479 Dominus

292 2493 379 2532 dicit
398 2495 620 2543 hominibus,
648 2496 843 2546 Serpentes
857 2524 869 2541 ,
890 2495 1088 2545 genimina
1115 2495 1274 2544 vipera—

293 2560 400 2593 rum,
424 2562 490 2585 non
514 2557 675 2585 naturam
693 2556 857 2595 accusat,
878 2545 940 2583 sed
959 2544 1195 2597 propositum.
1216 2547 1275 2584 Sic

294 2612 360 2636 non
381 2610 516 2651 oportet
533 2600 748 2638 dict-ionibus
768 2599 900 2637 haerere
916 2628 926 2648 ,
955 2598 1017 2636 sed
1042 2612 1059 2636 a
1094 2598 1274 2637 sententiis

292 2651 441 2690 institui.

344 2776 378 2812 5.
402 2774 471 2811 Sed
488 2788 609 2811 rursus
627 2773 889 2822 digladiantur,
909 2782 942 2810 et
963 2773 1068 2810 aliam
1089 2774 1272 2825 proferunt

289 2827 527 2877 quaestionem.
559 2827 630 2863 Cur
661 2827 800 2877 lignum
829 2826 971 2865 vocavit
1003 2825 1153 2863 scientiae
1187 2827 1271 2865 honi

288 2889 322 2917 et
341 2879 425 2916 mali
442 2909 451 2927 ,
471 2879 537 2915 nisi
558 2879 737 2930 Scriptura
765 2892 861 2915 sacra
880 2878 987 2917 vellet
1006 2878 1094 2929 ligni
1113 2879 1271 2929 aliquam

287 2931 491 2983 hujusmodi
522 2940 681 2967 naturam
715 2930 897 2968 indicare?
925 2932 978 2968 Ne
1000 2930 1183 2969 veritatem
1213 2941 1269 2970 te-

287 2999 380 3022 mere
401 2983 643 3026 calumnieris,
674 2985 719 3019 mi
745 2983 861 3019 bomo.
886 2983 1040 3033 Lignum
1067 2984 1181 3033 enim,
1204 2985 1269 3022 bo-

287 3037 321 3074 ni
352 3046 383 3073 et
406 3036 489 3073 mali
522 3049 590 3072 non
619 3044 781 3071 naturam
803 3035 947 3084 genuit,
969 3035 1030 3072 sed
1050 3036 1267 3075 occasionem

286 3089 367 3126 tulit
387 3105 393 3124 :
414 3098 518 3138 atque
547 3089 593 3124 ita
614 3087 826 3130 vocabatur,
855 3100 922 3123 non
955 3087 1050 3136 quod
1081 3089 1187 3126 talem
1206 3103 1268 3127 na-

286 3151 401 3179 turam
438 3141 606 3185 haberet,
639 3139 698 3175 sed
732 3137 827 3188 quod
868 3139 1060 3175 seeundum
1092 3141 1266 3191 prolatam

285 3193 491 3231 sententiam
530 3192 567 3229 id
606 3192 769 3229 efficeret.
805 3190 905 3236 Quid
938 3190 1111 3229 Adamum
1145 3192 1266 3231 docuit

286 3246 468 3296 gustatio?
501 3246 639 3282 Bonum
670 3257 742 3280 esse
776 3244 849 3279 Deo
879 3242 1041 3287 obedire,
1073 3244 1206 3281 malum
1235 3246 1264 3282 ei

287 3313 353 3336 non
375 3298 540 3348 obsequi:
572 3306 604 3334 et
634 3296 706 3333 liaec
741 3304 792 3332 est
819 3295 960 3331 scientia
983 3295 1118 3332 boniet
1150 3297 1260 3345 mali,

285 3351 446 3401 nihilque
463 3349 564 3387 aliud
583 3349 736 3386 omnino.
757 3349 873 3392 Quam
888 3347 978 3383 enim
995 3348 1115 3384 statim
1132 3347 1263 3385 babue-

286 3405 331 3440 rit
344 3402 524 3441 seientiam
541 3403 727 3447 bonorum,
747 3399 808 3437 ubi
823 3399 935 3449 aperti
955 3408 1035 3437 sunt
1049 3400 1123 3451 ejus
1138 3400 1262 3437 oculi?

284 3455 375 3505 quod
404 3454 502 3492 aliud
522 3455 655 3492 boumn
684 3452 829 3490 vidisset
842 3452 859 3487 'z'
880 3451 1168 3503 eleemosynam?
1190 3452 1260 3492 Sed

1358 1400 1467 1435 ταῦθα
1494 1398 1585 1436 κατὰ
1605 1405 1664 1438 τοῦ
1684 1401 1791 1452 ὄφεως
1822 1401 2068 1452 ἀποφαίνεται,
2100 1398 2249 1447 δεικνὺς,
2278 1398 2330 1437 ὅτι
2351 1402 2380 1438 εἷ

1358 1450 1397 1488 τὸ
1423 1451 1566 1503 ὄργανον
1595 1456 1657 1499 τ’ῆς
1689 1452 1862 1507 ἁμαρτίας
1885 1452 1972 1491 οὕτω
2001 1458 2227 1504 τιμωρεῖται,
2259 1453 2378 1504 πολλῷ

1358 1504 1490 1552 μᾶλλον
1517 1503 1574 1541 τὸν
1598 1506 1830 1558 ἐνεργήσαντα
1856 1505 2006 1550 κολάζει.
2027 1505 2093 1543 Διὰ
2110 1508 2210 1542 τοῦτο
2227 1508 2243 1542 ὁ
2261 1504 2378 1554 μακά-

1358 1569 1428 1607 ριος
1442 1555 1591 1601 Ἡσαΐας
1607 1557 1669 1605 τὴν
1687 1558 1834 1606 ἀπειλὴν
1853 1557 1980 1604 ταύτην
1997 1558 2059 1605 τὴν
2079 1557 2171 1596 κατὰ
2188 1561 2248 1595 τοῦ
2270 1557 2379 1609 ὄφεως

1356 1610 1470 1652 καλῶς
1487 1610 1719 1661 ε’κλαὲόμενός
1737 1627 1823 1664 φησι
1835 1626 1842 1634 ·
1871 1610 1931 1648 καὶ
1948 1612 2045 1649 ἔσται
2062 1612 2097 1648 ἐν
2115 1616 2191 1653 ταῖς
2211 1610 2378 1661 ἐσχάταις

1355 1662 1520 1714 ἡμέραις,
1556 1662 1702 1709 Ἐπάξει
1726 1668 1743 1701 ὁ
1769 1664 1858 1706 Θεὸς
1882 1663 1944 1710 τὴν
1972 1663 2149 1716 μάχαιραν
2181 1661 2243 1709 τὴν
2275 1662 2378 1712 ἁγίαν

1355 1715 1414 1752 καὶ
1438 1715 1594 1766 μεγάλην
1614 1717 1672 1754 καὶ
1694 1716 1839 1768 ἰσχυρὰν
1855 1716 1912 1754 ἐπὶ
1931 1716 1988 1754 τὸν
2012 1715 2182 1768 δράκοντα
2196 1745 2205 1761 ,
2224 1715 2282 1752 τὸν
2302 1715 2378 1767 ὄφιν

1354 1766 1411 1805 τὸν
1431 1767 1622 1820 φεύγοντα,
1659 1769 1716 1807 ἐπὶ
1749 1770 1807 1808 τὸν
1840 1768 2010 1820 δράκοντα
2037 1769 2094 1806 τὸν
2117 1768 2193 1820 ὅφιν
2207 1767 2264 1805 τὸν
2296 1783 2377 1806 σκο-

1354 1819 1447 1867 λιὸν,
1485 1821 1545 1858 καὶ
1579 1824 1691 1859 ἀνελεῖ
1722 1822 1779 1860 τὸν
1815 1821 1984 1874 δράκοντα
2016 1824 2058 1873 τῇ
2100 1819 2217 1873 ἡμέρα
2248 1820 2376 1871 ἐκείνῃ.

1354 1873 1534 1924 Δράκοντα
1557 1876 1656 1912 καλεῖ
1671 1875 1727 1912 τὸν
1752 1874 1925 1918 διάῧολον,
1943 1874 2002 1912 καὶ
2016 1874 2091 1925 ὄφιν
2107 1873 2256 1920 σκολιὸν,
2274 1873 2374 1911 αὐτὸν

1353 1926 1410 1963 τὸν
1433 1929 1502 1964 τῶν
1533 1926 1705 1976 δαιμόνων
1726 1927 1890 1980 ἄρχοντα.
1911 1926 2013 1965 Οὕτω
2033 1930 2113 1977 γοῦν
2131 1925 2189 1963 καὶ
2207 1929 2224 1963 ὁ
2246 1924 2374 1979 Σωτήρ

1354 1993 1456 2030 φησιν
1474 1994 1481 2002 ·
1500 1978 1588 2017 Ἰδοὺ
1607 1980 1741 2018 δέδωκα
1762 1983 1843 2030 ὑμῖν
1863 1980 1926 2026 τὴν
1944 1979 2098 2023 ἐξουσίαν
2115 1985 2237 2016 πατεῖν
2257 1978 2373 2016 ἐπάνω

1352 2031 1463 2083 ὄφεων
1485 2032 1544 2069 καὶ
1567 2032 1754 2085 σκορπίων.
1776 2033 1845 2070 Καὶ
1863 2031 1919 2069 ἵνα
1940 2032 1988 2083 μὴ
2012 2031 2056 2069 τὰ
2077 2031 2268 2084 φαινόμενα
2287 2034 2372 2069 ὓπο-

1351 2084 1479 2135 λάὸῃς,
1511 2085 1665 2136 ἐπήγαγε
1682 2101 1690 2108 ·
1714 2086 1783 2124 Καὶ
1811 2085 1867 2124 ἐπὶ
1899 2092 2015 2123 πᾶσαν
2043 2084 2106 2131 τὴν
2136 2083 2279 2134 δύναμιν
2311 2087 2374 2122 τοῦ

1352 2138 1487 2189 ἐχθροῦ.
1516 2138 1607 2176 Ἀλλ’
1639 2137 1721 2176 ὅταν
1750 2137 1900 2190 ἀκούσῃς
1927 2137 2097 2190 δράκοντα
2125 2136 2184 2175 καὶ
2211 2137 2299 2188 ὄφιν,
2322 2136 2370 2187 μὴ

1352 2190 1587 2245 ῥίζανωκακίας
1606 2190 1783 2243 ὑπολάὸῃς
1797 2222 1806 2238 ,
1829 2190 1875 2234 ὥς
1895 2206 1996 2243 φασιν
2026 2193 2057 2229 οἱ
2086 2191 2290 2241 Μανιχαῖοι.
2319 2192 2372 2228 Οὐ

1349 2241 1415 2294 γὰρ
1436 2247 1476 2290 ἠν
1501 2243 1577 2295 ῥίζα
1601 2248 1709 2282 κακοῦ
1722 2275 1731 2291 ,
1748 2243 1825 2282 οὐδὲ
1845 2243 1944 2296 φύσις
1963 2243 2150 2296 πονηρίας,
2171 2241 2261 2280 ἀλλὰ
2282 2241 2371 2293 ῥοπὴ

1349 2296 1580 2347 παρανομίας.
1603 2295 1731 2349 εΟρᾶις,
1752 2296 1858 2348 φησὶ,
1887 2295 1950 2342 τὴν
1978 2296 2134 2347 Γραφὴν,
2152 2294 2247 2336 ὅπως
2267 2294 2371 2331 αὐτὸν

1349 2348 1423 2400 ὅφιν
1451 2349 1595 2386 ἐκάλεσε
1622 2349 1680 2386 καὶ
1706 2349 1899 2399 δράκοντα,
1929 2347 1988 2386 καὶ
2024 2347 2143 2399 ὥσπερ
2168 2346 2266 2393 ξένην
2291 2347 2369 2384 τινὰ

1349 2400 1450 2452 φύσιν
1482 2401 1649 2452 πονηρίας
1691 2400 1962 2452 εἰσηγουμένην;
1998 2399 2103 2438 ’Λλλὰ
2141 2403 2252 2436 ταῦτα
2299 2402 2368 2436 τῶν

1349 2453 1483 2492 oto-26&
1500 2453 1543 2491 τὰ
1558 2454 1699 2506 ῥήματα
1715 2454 1798 2491 κενὰ
1817 2454 1877 2491 καὶ
1899 2452 2029 2503 μάταια
2048 2452 2107 2490 καὶ
2118 2451 2285 2501 λογισμὸν
2307 2453 2369 2489 οὐκ

1348 2506 1486 2558 ἔχοντα.
1516 2507 1585 2545 Καὶ
1610 2506 1677 2559 γὰρ
1696 2505 1778 2544 ὅταν
1802 2506 1887 2557 πρὸς
1915 2505 1994 2548 τοὺς
2020 2503 2220 2557 ἀνθρώπους
2244 2503 2329 2556 λέγῃ
2350 2507 2367 2541 ὁ

1348 2559 1489 2611 Κύριος·
1511 2559 1656 2610 ”Otto-zie,
1683 2559 1885 2610 γεννήματα
1916 2559 2073 2609 ἐχιδνῶν,
2102 2559 2140 2595 οὗ
2172 2556 2234 2604 τὴν
2265 2555 2366 2608 φύσιν

1348 2612 1546 2658 διαὸάλλει,
1579 2611 1601 2657 ἢ
1638 2610 1700 2657 τὴν
1743 2611 1943 2664 προαίρεσιν
1979 2610 2204 2662 διαμάχεται.
2245 2608 2366 2652 Οὕτως

1346 2666 1383 2703 οὗ
1419 2667 1469 2703 δεῖ
1499 2664 1611 2709 λέξεσι
1643 2663 1839 2710 πείθεσθαι,
1871 2662 1961 2702 ἀλλὰ
1991 2669 2066 2705 ταῖς
2106 2661 2249 2704 ἐννοίαις
2279 2677 2365 2699 παι-

1345 2718 1514 2756 δεύεσθαι.

1398 2770 1488 2809 Ἀλλ’
1501 2769 1726 2809 ἀντιτείνουσι
1737 2770 1855 2816 πάλιν,
1868 2768 1928 2806 καὶ
1938 2767 2051 2820 ἕτερον
2063 2769 2202 2812 ζητοῦσι
2211 2766 2363 2817 ζήτημα.

1344 2823 1412 2861 Διὰ
1428 2823 1481 2870 τί,
1497 2822 1581 2876 φησὶ
1592 2853 1602 2871 ,
1618 2822 1656 2860 τὸ
1675 2821 1809 2875 δένδρον
1834 2820 1976 2859 ἐκάλεσε
1995 2819 2148 2871 γνωστὸν
2170 2821 2276 2856 καλοῦ
2303 2818 2363 2857 καὶ

1342 2880 1494 2928 πονηροῦ
1506 2907 1514 2924 ,
1526 2878 1554 2914 εἷ
1582 2874 1630 2926 μὴ
1649 2874 1786 2918 πάντως
1803 2874 1902 2926 φύσιν
1919 2872 1997 2910 τινὰ
2013 2871 2174 2918 τοιαύτην
2193 2870 2362 2917 ἠὸούλετο

1341 2929 1507 2980 γνωρίσαι
1524 2931 1584 2966 τοῦ
1600 2931 1703 2979 φυτοῦ
1724 2928 1762 2965 τὸ
1782 2931 1868 2965 Οεῖον
1888 2925 2055 2977 γράμμα,
2072 2923 2134 2970 Μὴ
2156 2922 2362 2976 συκοφάντει

1341 2982 1477 3027 ἁπλῶς,
1498 2981 1658 3032 ἄνθρωπε
1673 3009 1682 3025 ,
1700 2979 1763 3027 τὴν
1789 2979 1964 3025 ἀλήθειαν.
1981 2978 2033 3015 Τὸ
2052 2976 2118 3028 γὰρ
2139 2976 2275 3027 δένδρον
2302 2981 2361 3014 τοῦ

1341 3036 1447 3072 καλοῦ
1467 3034 1525 3071 καὶ
1544 3038 1695 3085 πονηροῦ
1711 3034 1749 3070 οὗ
1776 3032 1877 3084 φύσιν
1894 3029 2086 3081 ἐγέννησεν,
2105 3030 2182 3067 ἀλλ’
2198 3027 2360 3067 ὑπόθεσιν

2038 3081 2045 3093 1
2321 3083 2330 3094 ⁷

1305 3091 1312 3100 “
1338 3086 1480 3138 ἤνεγκε·
1503 3085 1562 3124 καὶ
1591 3086 1747 3140 ἐκαλεῖτο
1777 3087 1819 3135 τῇ
1852 3097 2070 3135 προσηγοριᾳ
2102 3080 2265 3133 τοιαύτῃ,
2298 3095 2359 3118 ουκ

1338 3139 1457 3186 ἐπειδὴ
1477 3143 1578 3176 τοῦτο
1597 3142 1669 3189 εἶχε
1687 3136 1776 3174 κατὰ
1793 3135 1905 3187 φύσιν,
1921 3136 1995 3172 ἀλλ’
2014 3133 2131 3181 ἐπειδὴ
2152 3138 2253 3171 τοῦτο
2273 3135 2357 3170 ἐπε-

1336 3192 1426 3230 τέλει
1445 3191 1537 3229 κατὰ
1555 3190 1617 3236 τὴν
1636 3189 1822 3240 ἀπόφασιν.
1838 3187 1884 3225 Τί
1903 3186 1970 3239 γὰρ
1987 3186 2117 3230 ἐδίδαξε
2133 3187 2190 3224 τὸν
2212 3185 2320 3234 Ἀδὰμ
2333 3189 2355 3232 ἡ

1335 3248 1466 3294 γεῦσις,
1483 3243 1566 3281 ‘'Ox-t
1582 3242 1687 3280 καλὸν
1706 3241 1745 3279 τὸ
1760 3243 1954 3279 ὑπακοῦσαι
1975 3241 2066 3277 Θεοῦ
2078 3269 2087 3286 ,
2107 3241 2165 3276 καὶ
2192 3237 2298 3275 κακὸν
2317 3237 2357 3275 τὸ

1334 3299 1554 3347 παρακοῦσαι
1581 3296 1685 3334 Θεοῦ.
1717 3293 1786 3332 Καὶ
1814 3297 1914 3330 τοῦτο
1937 3292 2029 3330 ἔστιν
2049 3294 2070 3336 ἦ
2095 3293 2219 3341 γνῶσις
2247 3291 2353 3326 καλοῦ

1333 3348 1392 3384 καὶ
1423 3352 1595 3396 πονηροῦ,
1622 3346 1681 3383 καὶ
1711 3345 1805 3384 οὐδὲν
1837 3344 1951 3395 ἕτερον
1985 3343 2084 3385 ὅλως.
2114 3341 2218 3380 Ἐπεὶ
2250 3341 2353 3380 ποίαν

1333 3394 1409 3453 εωῧρε
1424 3403 1551 3450 γνῶσιν
1570 3401 1639 3436 τῶν
1659 3399 1775 3435 καλῶν
1795 3396 1993 3447 ἀναὸλέψας
2012 3395 2151 3441 εὐθέως,
2177 3394 2211 3431 τί
2237 3394 2350 3445 ἕτερον

1332 3452 1397 3489 εἶδε
1428 3451 1550 3499 καλόν,
1572 3450 1634 3496 τὴν
1663 3448 1916 3499 ἐλεημοσύνην,
1935 3447 2037 3490 Τίνες
2064 3446 2131 3500 γὰρ
2165 3440 2254 3492 ἦσαν
2282 3448 2350 3483 ἔχει
