2481 3678
307 222 331 268 5

341 222 398 268 36

302 320 396 357 enim
436 317 650 369 longissimae
674 317 756 356 vitae
780 316 945 354 animalia
981 329 1050 352 non
1074 312 1290 352 immortalia

302 379 471 425 dixerim,
499 379 561 417 etsi
577 379 747 416 diuturno
776 387 856 415 ante
878 386 1029 414 mortem
1061 375 1182 414 vivant
1205 383 1290 411 tein-

302 455 387 493 pore
411 441 486 478 :sic
510 455 572 478 nec
600 440 785 477 mortalem
813 438 968 476 dixerim
997 451 1078 474 eum
1093 467 1103 485 ,
1128 435 1189 486 qui
1212 443 1290 486 post

302 511 452 539 mortem
472 510 734 539 resurrectiwus
752 509 814 537 cst.
831 498 911 547 Dic,
934 512 1074 549 quaeso,
1094 497 1122 534 si
1142 496 1221 547 quis
1243 494 1289 532 ad

301 562 409 600 breve
435 572 573 614 tempus
592 562 833 609 erubesceret,
858 559 1006 596 illumne
1034 567 1203 611 perpetuo
1226 572 1289 594 ru—

301 622 406 660 brum
429 623 659 661 diceremus?
681 622 832 660 Minime
855 638 862 657 ;
882 635 951 658 non
977 620 1070 657 enim
1092 619 1127 656 id
1145 619 1290 656 habitus

302 693 363 721 est.
388 685 425 721 Si
441 684 521 735 quis
537 683 694 735 pallidus
714 683 836 729 fieret,
861 695 905 718 an
931 681 1027 718 hunc
1049 680 1145 731 regio
1164 680 1289 717 morbo

302 754 445 796 captum
461 743 687 781 diceremus?
705 743 855 781 Minime
872 758 879 778 :
897 751 1141 793 temporaneus
1156 740 1289 792 quippe

300 806 447 843 morbus
464 815 524 843 est.
542 807 595 843 Ne
613 819 695 855 ergo
709 805 895 842 mortalem
911 803 1009 841 dicas
1025 816 1116 849 eum,
1135 802 1196 851 qui
1213 815 1288 839 mo-

300 867 382 905 dico
403 876 559 919 tempore
579 867 614 904 in
641 876 753 904 morte
772 866 851 903 fuit.
879 866 972 903 Nam
996 864 1046 901 sic
1075 862 1288 900 dormientes

300 943 484 981 possemus
504 938 662 966 mortuos
685 928 864 980 appellare
886 943 893 962 :
913 934 994 963 sunt
1022 924 1136 969 enim⁷
1168 932 1207 961 ut
1240 923 1289 960 ita

298 989 439 1039 dicam,
462 989 593 1027 mortui
608 1020 616 1037 ‚
635 989 792 1039 nihilque
811 995 1004 1039 operantes.
1021 984 1091 1023 Sed
1108 998 1201 1021 mors
1215 998 1289 1021 cor-

298 1065 386 1102 pora
398 1050 612 1101 corrumpit?
630 1050 676 1086 Et
689 1049 779 1099 quid
792 1048 879 1085 hoc?
894 1061 961 1084 non
980 1046 1073 1083 enim
1088 1045 1290 1082 moriuntur

299 1123 339 1151 ut
359 1115 395 1150 in
416 1113 642 1164 corruptione
673 1119 856 1159 maneant,
882 1109 943 1147 sed
968 1117 1006 1145 ut
1030 1107 1173 1145 meliora
1209 1121 1290 1145 eva-

297 1175 394 1212 dant.
424 1175 617 1213 Vincamus
645 1187 727 1225 ergo
758 1171 958 1220 mundum3
979 1169 1024 1207 ad
1043 1168 1291 1206 immortalita-

298 1246 369 1274 tem
397 1250 605 1285 curramus,
639 1249 828 1286 sequamur
857 1247 992 1284 regem,
1023 1231 1091 1283 ipsi
1117 1240 1291 1282 tropaeum

299 1299 496 1349 erigamus7
528 1299 729 1350 voluptates
746 1296 995 1348 despiciamus.
1023 1294 1102 1331 Non
1122 1306 1212 1345 opus
1238 1300 1291 1329 est

298 1360 483 1398 laboribus
493 1376 503 1409 ;
519 1360 676 1397 animam
691 1359 946 1397 transferamus
960 1355 1007 1393 ad
1028 1356 1165 1403 eaelum,
1186 1364 1220 1391 et.
1239 1363 1291 1392 to-

298 1431 356 1459 tus
371 1422 526 1459 mundus
542 1421 658 1459 vietus
677 1430 739 1458 est.
769 1420 807 1458 Si
833 1419 938 1455 illum
959 1431 1026 1455 non
1044 1415 1288 1467 concupiscas,

298 1482 415 1521 victus
434 1492 500 1531 est;
515 1481 544 1519 si
560 1481 722 1519 derideas
737 1481 856 1530 illum,
875 1487 1061 1531 superatus
1081 1486 1143 1514 est.
1161 1476 1290 1528 Hospi-

299 1552 351 1580 tes
373 1558 495 1581 sumus
524 1552 557 1580 et
582 1541 757 1596 peregrini
786 1558 793 1578 :
825 1541 869 1578 de
898 1539 996 1577 nulla
1029 1551 1111 1589 ergo
1134 1552 1171 1575 re
1196 1536 1290 1575 tristi

301 1603 495 1642 doleamus.
524 1606 644 1654 Neque
680 1603 774 1640 enim
809 1602 837 1639 si
869 1615 915 1638 ex
942 1600 1087 1638 florente
1115 1598 1229 1651 patria
1257 1607 1291 1635 et

301 1665 405 1704 claris
436 1665 630 1717 majoribus
651 1673 768 1713 ortus,
794 1664 829 1700 in
855 1661 1086 1712 longinquam
1118 1659 1289 1710 migrares

299 1736 431 1764 terrain
449 1757 459 1777 ,
477 1727 608 1764 nemini
636 1735 760 1773 notus,
779 1725 853 1762 sine
878 1723 1020 1772 liberis7
1043 1722 1117 1760 sine
1139 1721 1286 1773 opibus,
1301 1740 1347 1765 1⁸69

300 1789 430 1827 deinde
446 1804 465 1826 a
485 1789 653 1841 quopiam
669 1785 919 1825 contumeliam
931 1783 1122 1836 acciperes,
1142 1782 1289 1835 perinde
1312 1780 1337 1807 Α

300 1866 392 1903 aegre
414 1852 520 1888 serres
536 1865 577 1888 ac
592 1851 622 1888 si
641 1849 739 1888 domi
759 1849 798 1886 id
818 1861 942 1900 passus
959 1860 1060 1883 esses.
1077 1846 1167 1882 Cum
1183 1845 1289 1882 scires

301 1913 395 1949 enim
412 1922 445 1949 te
462 1913 495 1949 in
517 1911 701 1964 peregrina
715 1919 747 1947 et
765 1909 878 1946 aliena
898 1907 1040 1958 regione
1054 1921 1149 1954 esse,
1171 1905 1207 1943 id
1224 1905 1289 1942 tibi

301 1973 418 2010 onmia
441 1973 543 2010 facile
564 1971 705 2009 serenda
730 1980 761 2008 et
783 1967 1036 2008 contemnenda
1064 1981 1137 2005 esse
1156 1965 1288 2004 suade—

301 2043 375 2081 ret,
398 2043 429 2071 et
450 2034 577 2070 famem
599 2042 632 2070 et
652 2033 773 2082 sitim,
795 2040 828 2069 et
849 2030 877 2068 si
897 2044 967 2080 qua
988 2029 1069 2066 alia.
1092 2029 1168 2065 Hoc
1184 2028 1290 2066 etiam

303 2110 395 2132 nune
417 2096 531 2146 cogita
550 2111 557 2131 :
578 2104 610 2132 te
630 2108 756 2146 nempe
789 2092 963 2131 advenam
997 2100 1030 2128 et
1062 2089 1290 2142 peregrinum

302 2171 376 2194 esse
390 2187 399 2205 ‚
421 2166 454 2194 et
472 2166 594 2209 utpote
608 2156 643 2194 in
664 2156 778 2193 aliena
797 2154 940 2205 regione
956 2167 975 2189 a
995 2152 1094 2189 nulla
1113 2166 1149 2189 re
1170 2151 1290 2188 turbe-

301 2218 361 2256 ris.
380 2218 571 2257 Civitatem
588 2217 681 2255 enim
699 2217 827 2263 habes,
844 2216 946 2266 cujus
968 2214 1088 2266 opifex
1104 2222 1137 2250 et
1155 2222 1291 2250 creator

301 2289 353 2318 est
374 2281 470 2317 Deus
480 2295 491 2329 3
517 2279 592 2316 liaec
609 2293 692 2317 Vero
708 2275 943 2329 peregrinatio
964 2274 1009 2311 ad
1025 2274 1134 2312 breve
1150 2282 1290 2325 tempus

303 2352 366 2380 est.
384 2343 454 2389 Qui
474 2342 552 2381 vult
572 2342 750 2389 verberet,
770 2338 1005 2385 contumeliis,
1023 2336 1194 2374 conviciis
1207 2350 1290 2373 one-

303 2414 365 2442 ret.
387 2406 425 2441 ln
442 2403 624 2456 peregrina
641 2412 739 2440 terra
758 2415 896 2448 sumus,
917 2409 949 2436 et
969 2399 1095 2436 misere
1119 2398 1288 2437 vivimus.

305 2466 426 2504 Grave
445 2466 577 2517 quippe
602 2473 691 2502 esset
708 2463 746 2501 id
762 2463 797 2500 in
818 2461 932 2514 patria
952 2460 1043 2513 pati,
1066 2460 1156 2497 inter
1170 2461 1289 2497 eonci-

302 2540 383 2575 ves3
408 2537 492 2564 tunc
508 2526 665 2563 maxima
684 2533 771 2562 esset
787 2522 932 2560 infamia
954 2530 987 2558 et
998 2521 1149 2573 jactura.
1167 2520 1205 2558 Si
1221 2535 1289 2558 au-

303 2597 374 2624 tom
396 2588 442 2625 ibi
458 2587 538 2638 quis
551 2595 650 2635 esset,
680 2585 743 2622 ubi
757 2583 933 2622 neminem
945 2582 1011 2619 sibi
1030 2590 1153 2618 notum
1168 2581 1288 2628 habet,

305 2648 422 2684 omnia
444 2648 545 2685 facile
565 2648 736 2685 toleraret.
766 2643 988 2683 Contumelia
1019 2642 1114 2680 enim
1135 2656 1179 2679 ex
1206 2642 1291 2679 infe-

304 2709 412 2746 rentis
441 2710 622 2747 voluntate
652 2707 797 2759 gravior
828 2705 1023 2758 judicatur.
1059 2706 1106 2742 Ut
1136 2703 1290 2755 exempli

304 2784 431 2817 causa,
463 2770 490 2807 si
521 2771 599 2821 quis
630 2779 817 2822 praetorem
836 2767 905 2805 sihi
931 2776 1053 2804 notum
1079 2765 1290 2804 contumelia

303 2832 479 2879 afficeret,
500 2841 582 2868 tunc
604 2830 815 2869 contumelia
840 2838 929 2866 esset
957 2828 1106 2876 ace1·l›a;
1128 2826 1155 2864 si
1173 2836 1291 2864 autem

305 2891 485 2943 privatum
506 2907 579 2929 esse
603 2902 699 2929 ratus
728 2891 941 2938 offenderet,
961 2904 1004 2927 ne
1023 2889 1195 2939 attingere
1212 2888 1292 2939 qui-

305 2952 388 2990 dem
411 2952 591 2989 videretur
618 2967 697 2989 eum
725 2953 781 2989 eui
814 2953 977 2989 infertur.
1015 2950 1074 2988 Sic
1105 2950 1291 2987 nobiscum

769 236 788 265 S
799 256 807 264 .
845 235 1029 265 JOANNIS
1065 232 1305 263 CHRYSOST.

306 3023 519 3065 reputemus.
548 3016 668 3063 Neque
687 3014 779 3050 enim
798 3012 1041 3051 contumeliosi
1064 3012 1116 3049 illi
1145 3011 1290 3062 quinam

305 3074 416 3111 simus
433 3073 569 3122 sciunt;
588 3087 710 3124 nempe
730 3074 894 3110 ciclorum
911 3073 1024 3120 cives,
1046 3073 1081 3109 in
1100 3086 1288 3123 supernam

305 3135 476 3187 adscripti
495 3135 663 3187 patriam,
678 3144 711 3172 et
731 3134 818 3171 inter
832 3134 1118 3171 Cherubfflorum
1133 3134 1287 3171 choreas.
1314 3141 1337 3171 C

306 3198 359 3234 Ne
373 3197 492 3247 itaque
513 3197 710 3245 doleamus,
728 3209 839 3245 neque
855 3194 1103 3232 contumeliam
1124 3204 1289 3247 putemus

350 3340 362 3353 ⁰
387 3328 449 3361 Atii
468 3336 543 3371 post
560 3334 682 3374 ἐρυθρόν
699 3327 828 3360 addunt
845 3330 926 3360 εἶναι.

350 3382 365 3397 *
391 3382 459 3423 [καὶ
478 3385 555 3425 αὐτῷ
572 3381 687 3423 53ιί1.,
707 3386 754 3414 καὶ
772 3384 853 3414 αὐτοὶ
868 3378 976 3412 codd,
997 3380 1112 3417 nostri,
1133 3378 1220 3421 quod
1239 3378 1311 3420 pla-

308 3441 356 3465 cet
368 3434 388 3474 s]

1349 230 1550 260 ARCHIEP.
1590 230 1943 262 CONSTANTINOP.

1363 311 1402 348 ἂν
1437 311 1570 361 εἴποιμι
1601 310 1644 349 τὰ
1672 311 1943 364 μακροίῗιώτατα
1975 315 2044 350 τῶν
2076 312 2172 356 ζώων
2204 312 2379 361 ἀθάνατα,

1361 371 1474 410 καίτοι
1493 388 1531 422 γε
1551 371 1657 410 πολὺν
1680 372 1826 422 μένοντα
1843 373 1966 426 χρόνον
1995 372 2058 417 ἔξω
2085 373 2230 412 Θανάτου
2250 389 2258 397 ·
2274 374 2380 419 οὕτως

1362 433 1439 471 οὐδὲ
1461 434 1594 480 θνητὸν,
1628 433 1684 471 διὰ
1714 435 1753 472 τὸ
1778 434 1921 473 λύεσθαι
1943 434 2102 486 θανάτῳ,
2132 435 2190 472 τὸν
2211 434 2381 485 μέλλοντα

1363 495 1450 545 μετὰ
1470 496 1526 534 τὸν
1548 495 1692 533 θάνατον
1716 495 1933 533 ἀνίστασθαι.
1962 495 2050 534 Εἰπὲ
2075 496 2143 548 γάρ
2165 511 2243 546 μοι,
2271 496 2302 534 εἴ
2331 511 2383 538 τις

1361 556 1446 609 πρὸς
1462 556 1575 608 ὀλίγον
1593 557 1823 608 ἐρυθριάσειε,
1843 560 1961 594 τοῦτον
1982 555 2070 594 οὕτω
2085 556 2289 607 καλέσωμεν
2309 558 2382 603 διη-

1425 620 1535 637 ωε,

1362 632 1468 660 νεκως
1521 618 1677 670 ερυθρόν,
1707 618 1901 667 Οὐδαμῶς·
1926 619 1963 655 οὗ
1985 618 2052 668 γάρ
2073 619 2146 655 ἐστι
2171 618 2210 656 τὸ
2234 624 2383 669 πρᾶγμα

1361 677 1438 722 ἕξις.
1464 678 1509 717 El
1537 695 1589 723 τις
1608 679 1720 731 ὠχρὸς
1742 679 1895 730 γένοιτο,
1912 683 2029 717 τοῦτον
2047 680 2252 730 ἷκτεριῶντα
2274 694 2382 731 προσ-

1362 743 1504 790 εροῦμεν
1520 756 1529 787 ;
1548 742 1721 791 Οὐδαμῶς
1739 755 1746 762 ·
1768 739 1978 793 πρόσκαιρον
1998 739 2066 792 γὰρ
2091 739 2130 776 τὸ
2153 739 2273 782 πάθος.
2290 741 2383 777 Οὐκ-

1360 805 1417 838 οῦν
1434 799 1510 838 οὐδὲ
1525 801 1645 847 θνητὸν
1663 801 1819 844 καλέσεις
1829 801 1886 839 τὸν
1904 803 1937 838 ἐν
1952 799 2058 853 ὀλίγῳ
2073 799 2189 852 χρόνῳ
2200 799 2382 852 γενόμενον

1362 863 1395 898 ἓν
1413 861 1550 913 θανάτῳ
1564 877 1571 885 ·
1596 862 1669 900 ἐπεὶ
1688 862 1747 900 καὶ
1763 861 1841 905 τοὺς
1857 861 2083 904 καθεύδοντας
2103 860 2209 904 οὕτως
2225 863 2382 913 ἐροῦμεν·

1361 921 1547 968 τεθνήκασι
1590 922 1677 974 γὰρ,
1707 925 1752 966 ὡς
1786 925 1906 969 εἰπεῖν,
1937 922 1995 960 καὶ
2032 921 2117 960 εἰσὶν
2149 921 2383 972 ἀνενέργητοι.

1361 980 1464 1020 Ἀλλὰ
1480 983 1608 1035 φθείρει
1631 984 1675 1021 τὰ
1695 984 1864 1034 σώματα,
1886 983 1954 1022 Καὶ
1981 983 2014 1020 τί
2030 988 2150 1030 τοῦτο,
2187 981 2304 1033 οὐγὰρ
2327 982 2383 1019 ῗνα

1361 1043 1396 1078 ἓν
1412 1046 1520 1095 φθορᾷ
1538 1043 1655 1095 μείνῃ,
1679 1046 1754 1082 ἀλλ’
1777 1045 1833 1082 ἵνα
1856 1044 1981 1095 βελτίω
1997 1044 2151 1096 γένηται.
2168 1044 2381 1093 Νικήσωμεν

1359 1103 1472 1140 τοίνυν
1497 1104 1555 1141 τὸν
1581 1106 1724 1154 κόσμον,
1743 1105 1829 1156 πρὸς
1851 1104 2041 1144 ἀθανασίαν
2067 1104 2269 1156 δράμωμεν,
2301 1107 2383 1142 ἀκο-

1361 1164 1584 1214 λουθήσωμεν
1610 1168 1659 1217 τῷ
1688 1168 1845 1214 βασιλεῖ,
1867 1166 2050 1216 στήσωμεν
2070 1166 2191 1217 *αὐτῷ
2205 1164 2382 1216 τρόπαιον,

1362 1226 1681 1279 καταφρονήσωμεν
1709 1229 1810 1265 αὐτοῦ
1830 1229 1898 1264 τῶν
1926 1228 2070 1274 ἡδονῶν.
2090 1227 2160 1264 Καὶ
2185 1229 2222 1265 οὗ
2242 1227 2292 1263 δεῖ
2320 1225 2383 1263 πό·

1361 1301 1446 1324 νων·
1471 1290 1676 1338 μεταθῶμεν
1704 1287 1766 1335 τὴν
1786 1288 1902 1341 ψυχὴν
1931 1287 2041 1340 ἀπρὸς
2071 1288 2127 1326 τὸν
2151 1286 2305 1339 οὐρανὸν,
2325 1285 2383 1323 καὶ

1362 1347 1539 1394 νενίκηται
1561 1351 1578 1386 ὁ
1598 1348 1727 1399 κόσμος
1755 1349 1856 1393 ἅπας.
1873 1349 1932 1388 Ἂν
1951 1349 1999 1400 μὴ
2020 1348 2237 1400 ἐπιθυμήσῃς
2258 1350 2383 1393 αὐτοῦ,

1362 1409 1557 1456 νενίκηται·
1589 1410 1628 1447 ἂν
1663 1411 1904 1463 καταγελάσῃς
1936 1411 2051 1459 αὐτὸν,
2083 1409 2245 1457 ἥττηται.
2280 1408 2384 1446 Ξένοι

1362 1469 1468 1520 ἐσμὲν
1490 1470 1549 1508 καὶ
1574 1471 1812 1522 παρεπίδημοι
1826 1487 1833 1494 ·
1858 1472 1978 1522 μηδενὶ
2002 1471 2115 1510 τοίνυν
2131 1473 2199 1509 τῶν
2217 1472 2383 1521 λυπηρῶν

1362 1531 1535 1583 ἀλγῶμεν.
1556 1531 1648 1569 Οὐδὲ
1669 1532 1736 1585 γὰρ
1752 1562 1760 1578 ,
1783 1535 1813 1570 εἷ
1836 1533 2000 1584 πατρίδος
2019 1533 2200 1585 γενόμενος
2219 1533 2383 1582 λαμπρᾶς

1361 1591 1419 1628 καὶ
1428 1592 1605 1644 προγόνων
1618 1596 1829 1646 περιφανῶν,
1843 1596 1889 1636 εἰς
1902 1594 2039 1647 μακράν
2049 1610 2127 1632 τινα
2137 1596 2202 1644 γῆν
2218 1594 2382 1638 ἀπῆλθες,

1361 1653 1482 1714 μυηδενὶ
1493 1653 1665 1706 γνώριμος
1678 1656 1737 1699 ὢν,
1755 1653 1843 1705 μηδὲ
1856 1656 1982 1698 παῖδας
2002 1655 2103 1707 ἔχων,
2122 1653 2208 1705 μηδὲ
2223 1655 2383 1699 πλοῦτον,

1360 1716 1434 1750 εἶτα
1448 1730 1499 1756 τις
1513 1713 1664 1767 &pm-ev,
1682 1715 1839 1767 ἤλγησας
1854 1714 1892 1752 ἂν
1905 1719 1950 1758 ὡς
1967 1715 2174 1754 οἴκοιταῦτα
2184 1713 2315 1752 παθών.
2332 1713 2384 1751 Τὸ

1360 1774 1426 1826 γὰρ
1441 1775 1567 1813 εἰδέναι
1582 1778 1699 1828 σαφῶς
1711 1806 1721 1824 ,
1738 1775 1789 1814 ὅτι
1807 1779 1840 1814 ἐν
1855 1776 1932 1828 ξένῃ
1945 1777 2003 1814 καὶ
2020 1775 2186 1828 ἀλλοτρία
2200 1769 2230 1813 εἶ
2240 1805 2251 1822 ,
2270 1774 2384 1813 πάντα

1361 1839 1474 1892 φέρειν
1496 1840 1643 1883 εὐκόλως
1663 1840 1793 1887 ἔπειθε,
1813 1839 1872 1877 καὶ
1891 1839 1930 1877 τὸ
1951 1841 2243 1891 καταφρονεῖσθαι
2266 1837 2325 1875 καὶ
2345 1836 2384 1874 τὸ

1360 1904 1480 1953 πεινῇν
1495 1901 1554 1939 καὶ
1574 1902 1690 1953 διψῇν,
1712 1901 1772 1939 καὶ
1785 1901 1823 1938 τὸ
1842 1903 1953 1938 ὁτιοῦν
1968 1902 2102 1937 παθεῖν.
2119 1901 2232 1937 Τοῦτο
2246 1897 2384 1949 λόγισαι

1361 1962 1420 2000 καὶ
1436 1967 1508 2010 νῦν,
1523 1961 1576 2000 ὅτι
1592 1962 1682 2007 ξένος
1709 1957 1740 2000 εἶ
1757 1963 1817 2000 καὶ
1845 1961 2109 2014 παρεπίδημος,
2136 1960 2195 1997 καὶ
2216 1958 2324 2011 μηδέν
2347 1975 2385 1997 σε

1520 2023 1590 2036 ων]
1707 2023 1716 2036 Ι

1361 2026 1430 2061 τῶν
1448 2026 1481 2061 ἐν
1499 2040 1540 2076 τῃ
1558 2035 1633 2076 ’ςενῃ
1653 2039 1763 2076 ταυτῃ
1780 2023 1980 2077 θορυὸείτω.
1996 2022 2064 2060 Καὶ
2081 2021 2149 2074 γὰρ
2164 2021 2262 2059 πόλιν
2282 2020 2385 2072 ἔχεις,

1361 2081 1402 2133 ἧς
1423 2085 1583 2138 τεχνίτης
1604 2085 1662 2123 καὶ
1691 2086 1896 2138 δημιουργὸς
1913 2087 1929 2122 ὃ
1946 2083 2047 2127 Θεός·
2082 2088 2095 2104 ³
2108 2087 2129 2129 ἡ
2147 2082 2181 2120 δὲ
2200 2082 2373 2133 παροίκη-

1363 2163 1416 2191 σις
1437 2146 1521 2194 αὕτη
1538 2147 1623 2199 πρὸς
1642 2145 1754 2198 βραχὺ
1768 2146 1899 2199 γίνεται
1914 2145 1972 2184 καὶ
1988 2144 2164 2197 ὀλίγον.“0
2181 2142 2386 2195 βουλόμενος

1361 2209 1542 2254 τυπτέτω,
1567 2208 1753 2260 ὓὸριζέτω,
1779 2206 1990 2258 λοιδορείτω.
2005 2206 2066 2244 Ἔν
2087 2205 2163 2258 ξένῃ
2192 2204 2308 2255 ἐσμὲν,
2326 2203 2384 2241 καὶ

1363 2271 1506 2312 εὐτελῶς
1521 2270 1646 2319 ζῶμεν.
1664 2269 1716 2306 Τὸ
1735 2267 1802 2320 γὰρ
1818 2267 1938 2314 δεινὸν,
1953 2267 2009 2305 ἐπὶ
2025 2270 2086 2313 τῆς
2106 2265 2271 2317 πατρίδος
2285 2267 2385 2301 τοῦτο

1361 2332 1495 2376 παθεῖν,
1511 2329 1567 2366 ἐπὶ
1587 2331 1654 2365 τῶν
1680 2330 1854 2366 πολιτῶν·
1878 2327 1955 2366 τότε
1970 2331 1991 2374 ἡ
2010 2327 2156 2379 μεγίστη
2180 2326 2384 2377 ἀσχημοσύ-

1362 2407 1402 2438 νη
1423 2391 1482 2428 καὶ
1511 2389 1631 2440 ζημία.
1656 2389 1741 2427 Ἐὰν
1767 2389 1802 2427 δὲ
1821 2384 1844 2438 ἦ
1863 2405 1914 2432 τις
1944 2389 2023 2427 ἔνθα
2053 2389 2185 2440 μηδένα
2210 2386 2384 2439 γνώριμον

1363 2451 1449 2504 ἔχῃ,
1471 2451 1586 2489 πάντα
1606 2452 1754 2493 εὐκόλως
1769 2449 1967 2501 ὑφίσταται.
1986 2450 2031 2488 ‘ll
2047 2449 2114 2502 γὰρ
2127 2449 2224 2502 ὕὲρις
2241 2448 2309 2487 ἀπὸ
2323 2450 2385 2494 τῆς

1362 2513 1503 2565 γνώμης
1530 2516 1597 2550 τῶν
1621 2511 1828 2563 ὑδριζόντων
1854 2512 2085 2564 χαλεπωτέρα
2114 2510 2259 2562 γίνεται.
2285 2503 2382 2556 Οἶον,

1361 2575 1419 2613 ἐάν
1436 2592 1487 2618 τις
1505 2574 1600 2616 εἰδὼς
1617 2574 1674 2611 τὸν
1690 2573 1845 2626 ὕπαρχον
1868 2574 1949 2611 ὅντα
1965 2573 2121 2626 ὕπαρχον
2143 2572 2288 2625 ὑδρίσῃ,
2307 2570 2385 2609 τότε

1360 2641 1381 2683 ἡ
1403 2636 1499 2689 ὕὸρις
1518 2634 1647 2687 πικρά·
1666 2633 1722 2672 ἐὰν
1745 2634 1780 2672 δὲ
1811 2634 1950 2681 ἰδιώτην
1972 2634 2116 2685 νομίσας
2139 2633 2264 2687 ὑδρίσῃ
2279 2663 2288 2680 ,
2309 2630 2384 2670 οὐδὲ

1362 2698 1515 2749 ἅψασθαι
1534 2695 1675 2734 δύναται
1694 2699 1753 2732 τοῦ
1770 2699 1882 2733 ταῦτα
1899 2695 2105 2746 πάσχοντος.
2125 2694 2230 2732 Οὕτω
2257 2694 2298 2740 δὴ
2325 2692 2384 2731 καὶ

1360 2761 1462 2808 ἡμεῖς
1488 2756 1719 2806 λο·μσιι’)μ.εθα.
1754 2757 1845 2794 Οὐδὲ
1869 2756 1936 2808 γὰρ
1964 2754 2079 2794 ἴσασιν
2112 2754 2196 2807 ὅπερ
2223 2754 2325 2805 ἐσμὲν
2354 2757 2385 2792 οἱ

1361 2818 1544 2871 ὑδρισταὶ,
1561 2811 1629 2855 οἷον
1649 2816 1701 2854 ὅτι
1717 2819 1857 2855 πολῖται
1883 2820 1950 2854 τῶν
1975 2818 2141 2870 οὐρανῶν,
2171 2816 2230 2854 καὶ
2256 2818 2302 2859 εἷς
2320 2816 2383 2863 τὴν

1460 2878 1793 2930 ὴάπογεγραμμένοι
1821 2877 1994 2930 πατρίδα,
2023 2878 2082 2915 καὶ
2109 2881 2178 2915 τῶν
2208 2876 2385 2931 Χερουὸίμ

1362 2880 1432 2917 ἅνω

1362 2943 1464 2992 ἐσμεν
1486 2939 1724 2992 συγχορευταί.
1747 2939 1807 2985 Μὴ
1831 2939 1941 2977 τοίνυν
1966 2942 2141 2992 ἀλγῶμεν,
2170 2939 2257 2990 μηδὲ
2285 2938 2384 2992 ὕὸριν

1361 3001 1528 3053 ἡγώμεθα
1555 3001 1617 3048 τὴν
1642 3000 1753 3054 ῧὸριν.
1777 3002 1821 3038 Εἰ
1841 3000 2035 3053 ἐγνώριζον,
2063 3004 2124 3039 οὐκ
2156 3000 2194 3038 ἂν
2223 2999 2381 3051 ὕὸρισαν.

1363 3063 1468 3102 Ἀλλὰ
1500 3062 1660 3115 πτωχοὺς
1690 3061 1749 3099 καὶ
1775 3063 1920 3105 εὐτελεῖς
1950 3062 2147 3113 νομίζουσι,
2182 3061 2242 3108 Μὴ
2272 3060 2383 3098 τοίνυν

1363 3124 1450 3177 μηδὲ
1472 3129 1573 3176 ἡμεῖς
1596 3123 1724 3170 ταύτην
1754 3122 1850 3175 ῧῧριν
1872 3123 2077 3174 νομίζωμεν.
2107 3122 2196 3161 Εἰπὲ
2215 3122 2281 3174 γάρ
2303 3137 2383 3172 μοι,

1363 3193 1461 3236 εἴτις
1487 3193 1674 3242 ὁδοιπορῶν
1698 3191 1823 3233 παῖδας
1848 3189 1926 3234 τοὺς
1954 3192 2058 3229 αὐτοῦ
2087 3190 2241 3242 φθάσας,
2269 3189 2382 3240 ὀλίγον

1422 3325 1438 3349 (l
1464 3323 1608 3365 Quidam
1626 3331 1664 3362 εἰς
1681 3330 1729 3358 τὸν
1746 3328 1877 3368 οὐρανόν.

1423 3387 1435 3400 ·=
1463 3375 1577 3408 Morel.
1598 3382 1622 3410 εἰ
1638 3379 1679 3409 δέ.

1423 3430 1439 3453 1)
1464 3428 1522 3460 Alii
1541 3433 1765 3473 ἀπεγράφημεν.
