2481 3678
718 213 759 242 m*
796 213 1006 243 JOANNEM
1044 214 1197 244 lioMlL.
1239 214 1330 243 xvi.

91 294 160 345 ρίου
182 298 238 332 τοῦι
261 297 362 334 αὐτοῦ
376 295 501 337 πάντες
525 294 681 345 πίνομεν.
700 297 753 333 Οὐ
768 298 816 348 τῷ
837 290 899 346 μὲν
914 298 1115 334 πλουτοῦντι

88 356 191 394 πλέον
211 357 270 394 καὶ
283 355 500 408 τιμιώτερον,
529 358 579 407 τῷ
594 356 717 403 πένητι
745 356 781 394 δὲ
806 357 1039 409 εὐτελέστερον
1057 357 1116 394 καὶ

89 416 231 454 ἔλαττον
261 417 450 470 ἐχαρίσατο
462 444 472 462 ‚
495 417 585 455 ἀλλὰ
610 417 744 461 πάντας
761 418 874 465 ἐξίσης
893 418 1054 456 ἐκάλεσε·
1072 417 1116 454 τὰ

89 477 240 528 σαρκικὰ
260 477 455 529 ὁμοτίμως,
477 476 522 515 τὰ
550 478 769 530 πνευματικὰ
797 478 923 530 ὁμοίως
945 477 1114 531 παρέσχε.

89 538 201 576 Πόθεν
221 533 276 577 οἶν
296 543 318 585 ἡ
340 539 525 590 ἀνωμαλία
541 540 652 587 πολλὴ
671 539 762 579 κατὰ
778 540 835 578 τὸν
858 538 953 590 βίον,
969 539 1035 576 Ἐκ
1054 541 1116 585 τῆς

87 602 154 637 τῶν
176 599 414 638 πλουτούντων
435 601 633 645 πλεονεξίας
652 617 688 639 τε
703 599 763 639 καὶ
784 599 994 644 ἀλαζονείας.
1010 599 1116 638 Ἀλλὰ

91 660 161 711 μὴ,
181 661 338 713 ἀδελφοὶ,
362 661 488 712 μηκέτι
509 666 618 700 ταῦτα
632 661 799 713 γενέσθω,
816 658 904 711 μηδὲ
920 661 988 697 τῶν
1007 663 1116 698 καθο-

88 724 195 760 λικῶν
227 722 286 760 καὶ
333 722 611 774 ἀναγκαιοτέρων
649 724 697 765 εἷς
725 721 765 759 τὸ
794 720 876 759 αὐτὸ
898 719 1116 770 συναγόντων

87 786 201 833 ἡμᾶς,
239 784 308 822 ἀπὸ
339 786 406 822 τῶν
427 782 577 834 ι’γηΐνων
602 782 661 820 καὶ
697 782 842 820 εὐτελῶν
877 780 1114 832 διαιρώμεθα,

87 844 236 883 πλούτου
258 845 349 897 λέγω
359 876 368 893 ,
384 844 443 883 καὶ
458 844 596 892 πενίας,
608 843 668 882 καὶ
687 842 884 895 συγγενείας
899 846 1117 894 σωματικῆς,

86 906 145 944 καὶ
171 906 296 958 ἔχθρας
315 906 375 944 καὶ
397 905 525 958 φιλίας.
555 906 680 944 Ταῦτα
708 904 776 957 γὰρ
804 904 920 943 πάντα
943 904 1117 953 σκιὰ,καὶ

86 973 184 1010 σκιᾶς
200 966 422 1020 εὐτελέστερα
433 997 443 1015 ,
457 972 528 1010 τοῖς
541 965 598 1004 τὸν
614 965 804 1016 σύνδεσμον
820 964 1011 1017 ἔχουσιτῆς
1031 965 1117 1017 ἀγά-

85 1044 154 1074 πης
173 1027 314 1066 ἄνωθεν.
352 1029 483 1067 Τοῦτον
519 1021 576 1065 οῧν
609 1026 838 1079 φυλάττωμεν
873 1028 1010 1080 ἀῤῥαγῆ
1026 1055 1035 1075 ,
1058 1026 1118 1064 καὶ

85 1089 179 1128 οὐδὲν
198 1092 407 1128 ἐπεισελθεῖν
428 1088 613 1136 δυνήσεται
625 1091 719 1127 cutm
741 1088 951 1140 πνευμάτων
969 1089 1038 1126 τῶν
1057 1104 1117 1127 πο-

86 1153 199 1202 νηρῶν
222 1151 283 1190 καὶ
303 1150 528 1204 διαιρούντων
549 1150 613 1197 τὴν
634 1166 807 1196 τοσαυτην
830 1150 972 1189 ἕνωσιν·
999 1144 1042 1196 ἧς
1061 1149 1117 1201 γέ-

85 1227 177 1250 νοιτο
192 1228 325 1256 παντας
339 1216 433 1263 ημᾶς
452 1214 642 1264 ἐπιτυχεῖν,
661 1211 783 1264 χάριτι
798 1212 858 1250 καὶ
874 1211 1117 1264 φιλανθρωπίᾳ

86 1277 145 1311 τοῦ
170 1273 334 1327 Κυρίου
317 1277 417 1324 ημῶν
441 1273 558 1319 Ἰησου
578 1274 752 1326 Χριστου,
776 1273 818 1310 δι’
837 1276 875 1311 οὑ
891 1272 951 1311 καὶ
982 1274 1057 1323 μεθ’
1078 1275 1116 1310 οὑ

88 1352 137 1387 τῳ
166 1335 283 1388 Πατρι
305 1339 327 1382 ἡ
357 1334 458 1382 δόξα,
475 1335 550 1386 ἅμα
568 1350 618 1372 τι)
643 1334 732 1387 ἁγίῳ
757 1334 962 1385 Πνεύματι,
984 1351 1041 1372 νυν
1057 1350 1116 1372 και

90 1398 160 1444 ἀεὶ,
182 1397 241 1435 καὶ
270 1399 316 1440 εἷς
341 1396 419 1440 τοὺς
442 1399 569 1440 αἰῶνας
596 1398 664 1435 τῶν
693 1396 839 1436 αἰώνων.
858 1396 981 1447 Ἀμήν.

132 1520 147 1542 b
172 1517 288 1552 Morel.
307 1525 422 1560 γηῑνων,
436 1523 485 1552 καὶ
500 1527 640 1564 μερικῶν.
658 1517 760 1550 Savil.
778 1525 882 1560 γηΐνων
898 1523 947 1551 καὶ
961 1521 1096 1550 εὐτελῶν.

130 1580 143 1593 ⁰
168 1579 225 1604 τῶν
239 1576 415 1612 πνευμάτων
431 1579 489 1604 τῶν
509 1580 655 1616 πονηρῶν,
678 1570 725 1601 sie
741 1569 843 1602 Savil.
857 1577 890 1602 et
903 1567 1019 1601 Morel.
1040 1567 1099 1600 Alii

468 1825 650 1862 OMIAIA
682 1822 738 1866 ις’.

87 1945 182 1993 Αὕτη
200 1946 267 1999 γάρ
293 1948 384 1985 ἐστιν
417 1949 439 1993 ἦ
467 1946 641 2000 μαρτυρία
660 1950 719 1984 τοῦ
743 1947 927 1993 Ἰωάννου,
955 1946 1012 1984 ὅτε
1029 1945 1117 1983 ἀπέ-

139 2009 277 2046 στειλαν
299 2009 385 2060 πρὸς
416 2009 518 2046 αῧτὸν
539 2011 569 2046 οἱ
598 2008 758 2047 Ἰουδαῖοι
796 2008 829 2052 ἐξ
864 2006 1116 2061 Ἱεροσολύμων

137 2071 239 2120 ἱερεῖς
270 2069 329 2107 καὶ
362 2068 530 2117 Λευίτας,
567 2068 623 2107 ἵνα
663 2068 885 2121 ἐρωτήσωσιν
921 2068 1045 2107 αὐτόν·
1075 2068 1116 2106 σὺ

137 2129 189 2172 τίς
213 2124 253 2168 εἷ.

140 2274 142 2277 v
168 2252 256 2291 εινὸν
278 2257 299 2299 ἡ
323 2252 498 2303 βασκανία
513 2283 523 2302 ,
543 2255 724 2305 ἀγαπητὲ,
752 2256 861 2294 δεινὸν
882 2255 941 2294 καὶ
960 2254 1114 2308 ὀλέθριον

81 2319 150 2357 τοῖς
186 2312 448 2364 βασκαίνουσιν,
471 2316 509 2352 οὐ
528 2321 598 2358 τοῖς
622 2316 920 2368 βασκαινομένοις.
948 2315 1116 2368 Πρώτους

81 2375 148 2427 γὰρ
175 2374 299 2419 αὐτοὺς
326 2375 534 2426 λυμαίνεται
559 2377 618 2416 καὶ
639 2377 848 2432 διαφθείρει,
880 2378 1039 2430 καθάπερ
1068 2378 1117 2422 ἰός

81 2453 133 2480 τις
154 2436 389 2489 θανατηφόρος
415 2437 649 2489 ἐγκαθήμενος
669 2441 781 2478 αὐτῶν
798 2445 874 2484 ταῖς
901 2441 1041 2492 ψυχαῖς.
1071 2441 1116 2478 Εἰ

83 2497 119 2535 δέ
138 2513 204 2535 που
235 2497 294 2535 καὶ
327 2497 405 2542 τοὺς
437 2499 684 2550 φθονουμένους
703 2500 968 2552 παραὸλάψειε,
987 2500 1114 2553 μικρὰν

83 2558 143 2597 καὶ
167 2559 300 2602 οὐδενὸς
329 2558 425 2603 ἀξίαν
451 2559 586 2610 βλάὸην
599 2590 608 2608 ,
627 2561 688 2599 καὶ
709 2564 822 2611 μεῖζον
843 2564 905 2608 τ’ἧς
932 2562 1059 2612 ζημίας
1077 2563 1116 2600 τὸ
1133 2588 1165 2612 90

84 2619 203 2670 κέρδος
228 2617 392 2670 ἔχουσαν.
425 2619 496 2657 Καὶ
523 2622 584 2658 οὐκ
620 2621 677 2658 ἐπὶ
703 2625 765 2667 τῆς
786 2621 979 2671 βασκανίας
1000 2622 1115 2672 μόνον,

83 2678 174 2718 ἀλλὰ
194 2679 253 2717 καὶ
283 2678 341 2717 ἐπὶ
360 2682 428 2717 τῶν
455 2680 570 2718 ἄλλων
586 2680 763 2729 ἁπάντων,
779 2682 846 2734 οὐχ
865 2686 882 2720 ὁ
909 2681 1029 2720 παθὼν
1049 2698 1115 2720 κα-

83 2757 173 2790 κως,
196 2742 271 2779 ἀλλ’
302 2744 320 2779 ὃ
350 2740 478 2793 δράσας
506 2757 640 2790 κακως,
659 2736 758 2786 οὗτός
786 2745 877 2782 ἐστιν
899 2746 916 2781 ὃ
937 2743 1000 2790 την
1027 2744 1113 2794 βλοί-

83 2802 149 2849 ὃην
171 2801 366 2853 δεξάμενος.
386 2802 477 2842 Ουδὲ
502 2802 571 2855 γὰρ
591 2802 644 2852 ἂν,
668 2806 697 2841 εἰ
718 2803 766 2855 μὴ
793 2807 894 2843 τούτο
909 2808 964 2853 ἠν,
983 2806 1115 2843 ἀδικεῖ-

80 2866 159 2902 σθαι
189 2864 321 2913 μᾶλλον
355 2861 377 2908 ἢ
413 2864 543 2902 ἀδικεῖν
579 2864 789 2917 προσέταξεν
818 2868 836 2904 ὃ
873 2867 1014 2910 Παυλος
1045 2872 1115 2904 τοῖς

82 2929 272 2975 μαθηταῖς,
290 2925 393 2964 Διατί
421 2926 497 2978 οὐχὶ
521 2928 653 2977 μᾶλλον
679 2929 872 2976 ἀδικεῖσθε,
902 2927 1033 2980 λέγων·
1058 2927 1114 2965 διὰ

79 2986 114 3023 τί
143 2986 221 3037 οὐχὶ
258 2987 390 3037 μᾶλλον
419 2988 684 3040 ἀποστερεῖσθε;
705 2983 790 3027 Οῗδε
812 2989 880 3041 γὰρ
901 2990 1056 3042 ἀκριὸῶς
1075 2991 1113 3027 οὐ

78 3050 128 3100 τῷ
143 3048 316 3099 πάο-Αοντι
343 3050 482 3096 κακῶς,
504 3048 594 3086 ἀλλὰ
623 3053 674 3103 τῷ
709 3056 864 3089 ποιοῦντι
891 3054 1026 3098 κακῶς,
1053 3051 1111 3089 τὸν

78 3107 216 3160 ὄλεθρον
236 3107 406 3159 ἑπόμενον
422 3113 616 3161 πανταχοῦ.
638 3113 762 3150 Ταῦτα
783 3111 824 3158 δή
844 3127 903 3162 μοι
922 3112 1037 3150 πάντα
1055 3112 1111 3150 διὰ

80 3167 143 3213 τὴν
165 3167 354 3218 βασκανίαν
371 3167 506 3221 εἴρηται
520 3169 583 3216 τὴν
596 3170 801 3218 Ἰουδαϊκήν.
818 3174 864 3210 Οἱ
879 3171 946 3224 γὰρ
961 3173 1029 3210 ἀπὸ
1043 3175 1110 3209 τῶν

80 3229 213 3267 πόλεων
236 3229 436 3281 ἐκχυθέντες
452 3230 536 3282 πρὸς
555 3231 612 3269 τὸν
629 3231 808 3280 Ἰωάννην,
828 3233 887 3270 καὶ
904 3235 972 3269 τῶν
991 3233 1108 3285 ἅμαρ-

82 3290 247 3340 τημοὶτων
269 3291 496 3342 καταγνόντες
525 3295 592 3331 τῶν
621 3294 775 3341 οἰκείων,
798 3294 856 3332 καὶ
884 3294 1107 3344 βαπτισοὶμε-

84 3367 156 3398 νοι,
173 3351 270 3389 αὐτοὶ
292 3351 380 3400 μετὰ
410 3353 447 3390 τὸ
466 3353 648 3404 βάπτισμα
680 3355 837 3406 καθάπερ
860 3355 898 3392 ἔκ
930 3370 1020 3398 τινος
1051 3372 1109 3405 με-

2150 206 2171 215 ,-

2090 220 2173 249 los)

1373 200 1430 244 al.

1191 294 1257 333 viti
1277 294 1357 346 plus
1377 303 1437 331 aut
1455 294 1662 345 pretiosius,
1694 294 1783 331 1111111
1809 297 1957 346 pauperi
1986 297 2094 335 vilius
2123 302 2175 337 tvl

1191 354 1308 392 minus
1322 353 1447 392 datur:
1466 354 1527 392 sed
1547 368 1667 391 omnes
1687 368 1730 391 cx
1750 368 1851 404 aequo
1875 356 2035 406 vocavit,
2051 368 2083 395 ct
2103 373 2177 396 car-

1191 414 1284 451 nalia
1304 423 1336 451 et
1354 414 1555 467 spiritualia
1575 415 1761 465 aequaliter
1783 415 1946 453 tradidit.
1969 417 2076 455 Unde
2095 432 2178 469 ergo

1191 484 1286 513 tanta
1304 476 1341 514 in
1360 476 1435 516 vita
1453 476 1700 527 inaequalitas?
1723 475 1780 515 Ex
1806 477 1964 515 divitum
1983 479 2133 516 avaritia
2145 490 2178 517 01

1190 538 1404 589 arrogantia.
1421 538 1492 577 Sed
1510 552 1565 587 110,
1579 552 1710 589 quaeso,
1727 539 1866 589 fratres,
1887 538 1935 576 ita
1950 539 1984 577 in
1999 549 2179 591 posterum

1190 607 1336 649 agatur,
1355 600 1603 638 communibus
1626 609 1660 637 et
1675 600 1789 652 magis
1807 601 2011 639 necessariis
2031 616 2093 639 nos
2111 617 2179 639 una

1191 659 1460 712 copulantibus,
1481 675 1524 699 ne
1545 676 1565 698 a
1584 661 1730 699 terrenis
1759 670 1792 698 et
1820 660 1954 699 vilibus
1981 662 2086 700 rebus
2105 663 2179 701 dis—

1191 722 1395 773 trahamur,
1418 738 1437 760 a
1455 723 1614 773 divitiis,
1646 724 1811 773 inquam,
1839 732 1872 760 et
1899 733 2124 775 paupertate,
2160 740 2179 761 a

1190 783 1397 835 cognatione
1407 798 1585 837 corporea,
1594 785 1638 823 ab
1663 785 1746 823 odio
1758 793 1791 822 et
1801 785 1968 823 amicitia.
1981 785 2066 823 11ωο
2077 785 2136 836 qui
2141 801 2179 837 p-

1191 859 1234 896 pe
1245 845 1363 882 omnia
1381 845 1508 884 umbra
1527 854 1623 896 sunt,
1645 855 1678 883 et
1695 846 1822 883 umbra
1842 846 2100 898 abjectioraiis,
2118 845 2179 896 qui

1191 919 1344 958 superna
1363 906 1510 944 caritate
1525 906 1754 957 colligantur.
1769 906 1846 944 Hoc
1865 906 2052 945 vinculum
2071 907 2179 944 infra-

1191 975 1289 1005 ctum
1316 981 1497 1006 servemus
1523 984 1530 1004 :
1554 967 1716 1018 nihilque
1735 982 1779 1005 ex
1798 967 1965 1019 malignis
1994 967 2180 1020 spiritibus

1191 1042 1375 1081 surrepere
1394 1029 1542 1081 poterit,
1575 1028 1673 1080 quod
1700 1029 1792 1067 hanc
1813 1029 1984 1068 unitatem
2009 1029 2151 1067 dividat
2172 1045 2179 1065 :

1192 1103 1299 1140 quam
1319 1104 1383 1128 1105
1403 1103 1522 1127 01111105
1542 1089 1679 1140 assequi
1698 1089 1899 1140 contingat,
1922 1089 2036 1141 gratia
2063 1099 2096 1127 ct
2117 1090 2179 1127 bc-

1192 1151 1363 1202 nignitate
1382 1150 1527 1188 Domini
1547 1150 1659 1188 nostri
1677 1152 1761 1190 Jesu
1782 1150 1936 1201 Christi,
1958 1165 2135 1203 perquem
2147 1160 2179 1189 et

1191 1226 1273 1250 cum
1298 1227 1367 1262 quo
1387 1211 1485 1250 Patri
1511 1211 1644 1263 gloria,
1672 1226 1741 1249 una
1767 1226 1849 1249 cum
1872 1221 1992 1250 sancto
2017 1212 2175 1264 Spiritu,

1142 1283 1166 1313 D
1192 1288 1285 1312 nunc
1310 1283 1343 1312 et
1362 1287 1519 1326 semper,
1542 1282 1576 1311 et
1594 1273 1631 1311 in
1651 1273 1779 1311 saecula
1798 1273 2021 1311 saeculorum.
2049 1275 2174 1311 Amen.

1475 214 1551 243 XV.

1166 1526 1223 1550 τῶν
1241 1521 1430 1558 παθημάτων
1453 1524 1510 1549 τῶν
1532 1525 1677 1559 πονηρῶν,
1702 1520 1750 1548 καὶ
1765 1517 1952 1559 διαιρούντων
1967 1523 2017 1554 τῖς
2032 1521 2103 1559 πρὸς
2123 1522 2176 1550 αὖ·

1166 1575 1216 1603 τὶν
1238 1572 1374 1607 έυώσῑως.

1510 1817 1723 1855 HOMILIA
1744 1816 1849 1857 XVI.

1188 1943 1250 1981 19.
1272 1943 1358 1980 Hoc
1377 1944 1480 1980 enim
1495 1949 1550 1980 est
1571 1945 1828 1981 testimonium
1848 1943 1877 1980 J
1879 1944 2030 1990 oannis,
2054 1956 2176 1994 quan-

1238 2005 1288 2042 do
1306 2006 1491 2043 miserunt
1506 2005 1561 2041 ad
1583 2017 1669 2042 eum
1694 2004 1825 2042 Judoei
1850 2018 1896 2041 ex
1919 2004 2178 2052 Jerosolymis

1237 2068 1456 2104 sacerdotes
1469 2076 1503 2104 et
1523 2068 1692 2114 Levites,
1710 2075 1748 2103 ut
1770 2067 2051 2118 interrogarent
2067 2079 2152 2103 enm
2166 2083 2176 2102 .-

1244 2130 1276 2166 T
1274 2144 1297 2167 ιι
1321 2132 1406 2180 quis
1429 2133 1496 2166 es?

1242 2254 1275 2287 1.
1296 2252 1417 2289 Grave
1437 2250 1626 2302 quidpiam
1643 2250 1783 2288 invidia
1801 2259 1872 2300 est,
1894 2249 2036 2299 dilecte,
2051 2263 2172 2301 grave,

1187 2312 1355 2363 inquam,
1377 2321 1411 2349 et
1439 2312 1680 2364 perniciosum
1708 2310 1863 2361 invidis,
1887 2325 1956 2348 non
1982 2311 2025 2348 iis
2045 2309 2175 2360 quibus

1185 2372 1380 2411 invidetur.
1402 2372 1493 2425 Ipsis
1513 2373 1609 2411 enim
1622 2372 1802 2424 prioribus
1822 2381 1942 2419 nocet,
1965 2371 2058 2422 ipsos
2078 2371 2174 2422 prio-

1184 2450 1239 2474 res
1259 2436 1476 2488 corrumpit,
1498 2444 1680 2486 tamquam
1692 2434 1792 2471 virus
1811 2432 2034 2470 mortiferum
2052 2446 2174 2470 eorum

1183 2497 1320 2534 animos
1339 2510 1528 2547 occupans.
1553 2496 1592 2533 Si
1610 2503 1728 2532 autem
1747 2493 1783 2530 in
1800 2492 1970 2545 quopiam
1992 2492 2100 2530 laedat
2117 2507 2174 2530 eos

1185 2557 1314 2608 quibus
1333 2556 1529 2604 invidetur,
1541 2555 1619 2593 leve
1630 2563 1665 2592 et
1676 2553 1808 2591 nullius
1825 2553 1993 2591 momenti
2001 2553 2174 2591 damnum

1138 2626 1162 2654 Α
1184 2627 1248 2667 051,
1263 2617 1360 2668 quod
1370 2617 1500 2655 damno
1511 2616 1579 2668 maj
1585 2630 1626 2653 us
1637 2615 1778 2653 lucrum
1787 2615 1927 2653 referat.
1942 2616 2064 2665 Neque
2076 2615 2112 2652 111
2120 2615 2175 2653 111-

1182 2678 1284 2717 vidia
1303 2679 1432 2728 solum,
1454 2677 1518 2715 sed
1538 2677 1644 2715 etiam
1663 2676 1699 2714 in
1719 2675 1853 2714 caeteris
1876 2676 2043 2714 omnibus
2060 2676 2172 2720 viliis,

1184 2754 1252 2777 non
1266 2739 1434 2790 quimalo
1454 2738 1626 2788 afficitur,
1649 2737 1711 2776 sed
1731 2737 1793 2788 qui
1813 2736 1938 2787 afficit,
1959 2737 1988 2775 is
2002 2737 2174 2775 damnum

1181 2801 1322 2854 accipit.
1331 2801 1409 2839 Nisi
1419 2801 1514 2838 enim
1525 2814 1579 2838 res
1591 2814 1627 2838 se
1637 2799 1686 2838 ita
1698 2800 1855 2849 haberet,
1869 2814 1938 2838 non
1949 2800 2173 2853 praecepisset

1181 2861 1368 2914 discipulis
1387 2861 1519 2899 Paulus
1539 2861 1709 2914 injuriam
1726 2860 1901 2913 accipere,
1922 2860 2041 2914 potius
2065 2875 2172 2912 quam

1180 2923 1321 2971 inferre,
1335 2938 1416 2962 cum
1426 2923 1533 2973 dicit,
1557 2924 1585 2962 C
1589 2938 1636 2962 ur·
1653 2938 1731 2961 non
1739 2926 1865 2975 potius
1876 2926 2059 2976 injuriam
2071 2926 2171 2962 acci-

1178 2986 1296 3035 pitis?
1307 2999 1377 3023 cur
1400 2999 1477 3023 non
1499 2985 1818 3037 magisfraudem
1835 2987 2042 3036 patimini?
2059 2987 2171 3022 Accu-

1180 3054 1252 3083 rate
1264 3045 1397 3098 quippe
1417 3054 1578 3095 noverat,
1603 3059 1672 3083 non
1684 3044 1777 3082 mala
1789 3045 1993 3098 accipienti,
2008 3045 2068 3083 sed
2077 3045 2170 3082 mala

1179 3107 1341 3145 inferenti
1375 3107 1569 3160 perniciem
1608 3106 1742 3156 ubique
1771 3115 1931 3158 paratam
1959 3121 2045 3144 0550.
2086 3106 2116 3143 H
2123 3121 2171 3143 aee

1178 3182 1285 3219 porro
1304 3169 1422 3207 omnia
1441 3166 1805 3221 propterJudaeorum
1819 3166 1971 3204 livorem
1989 3167 2084 3204 dicta
2108 3181 2170 3203 no-

1179 3228 1233 3266 his
1247 3239 1338 3267 sunt.
1361 3231 1453 3267 Nam
1472 3229 1533 3280 qui
1556 3242 1600 3266 ex
1614 3228 1763 3265 urbibus
1778 3227 1822 3265 ad
1842 3229 2015 3267 Joannem
2031 3227 2169 3265 conflu-

1179 3301 1321 3338 xerant,
1338 3300 1370 3328 et
1381 3300 1522 3343 peccata
1537 3305 1600 3328 sua
1616 3289 1824 3327 damnantes
1835 3288 2000 3340 baptizati
2015 3288 2166 3337 fuerant,

1178 3352 1286 3390 iidem
1308 3353 1374 3404 ipsi
1398 3353 1496 3403 quasi
1516 3351 1721 3404 poenitentia
1738 3350 1848 3397 ducti,
1870 3350 2015 3387 mittunt
2037 3350 2096 3401 qui
2115 3351 2171 3387 in-

1139 2264 1162 2293 E

84 3412 267 3462 ῗἊμΕλΞῖας
301 3412 496 3463 πέμπωσιν
532 3417 727 3466 ἕρωτῶνῖῑς
760 3416 875 3454 αὐτόν·
906 3415 955 3454 Σὺ
983 3417 1031 3459 τίς
1066 3411 1108 3463 εἶ,
1133 3427 1153 3456 Β
1178 3426 1466 3468 lerrogenteum,
1496 3417 1547 3454 Tu
1566 3418 1649 3466 quis
1671 3418 1738 3452 es?
1762 3415 1852 3451 Vere
1869 3413 2043 3465 genimina
2072 3414 2161 3465 vipe-

2192 2931 2324 2960 1.‹2‘01-.ae;
