2481 3678
759 220 799 249 ΙΝ
837 218 1045 249 JOANNEM
1083 219 1237 248 nomn..

111 316 197 350 μενα
213 305 414 354 καθορᾶται.
431 303 506 339 Οὔκ
525 301 593 352 ἄρα
610 302 659 353 τῷ
674 301 812 352 σώματι
832 301 955 353 λύχνος
969 304 987 339 ὃ
1006 301 1132 352 ὀφθαλ-

110 362 172 411 μὸς
205 362 317 412 μόνον,
356 361 446 400 ἀλλὰ
482 362 541 400 καὶ
570 362 638 410 πρὸ
670 367 730 400 τοῦ
764 361 924 412 σώματος
953 365 996 411 τῇ
1022 362 1130 412 ψυχῇ.

108 422 240 475 Διόπερ
278 423 396 474 ὥσπερ
436 425 469 461 ἐν
508 423 574 460 τινὶ
603 425 775 475 βασιλικῷ
812 423 931 476 χωρίῳ
971 421 1105 475 ἰ’δρυται
1120 451 1129 469 ,

107 484 197 528 “τῆν
216 484 288 521 ἅνω
320 483 414 529 λῆξιν
448 483 580 535 λαχὼν,
613 484 672 522 καὶ
702 487 771 522 τῶν
792 484 906 521 ἄλλων
936 481 1130 528 αἰσθήσεων

106 545 378 596 προκαθήμενος.
398 547 528 583 Τοῦτον
550 539 608 582 οῦν
629 545 846 583 διαπλάττει.
868 537 957 582 Εἶτα
970 573 979 590 ,
999 542 1056 580 ῗνα
1080 542 1128 593 μὴ

105 605 249 656 νομίσῃς
267 605 319 643 ὅτι
335 604 419 652 ὕλης
435 608 544 644 δεῖται
569 606 650 645 ὅταν
674 608 777 656 ποιῇ,
793 605 851 642 καὶ
872 603 929 642 ἵνα
948 604 1060 655 μάθῃς
1076 604 1129 642 ὅτι

104 664 179 702 οὐδὲ
201 665 297 718 παρὰ
312 666 375 712 τὴν
400 666 512 719 ἀρχὴν
531 669 644 714 πηλοῦ
666 665 787 718 χρείαν
807 659 897 716 εἶχεν
916 667 958 711 (ὃ
980 664 1047 717 γὰρ
1067 667 1129 702 οὐκ

103 725 207 769 οὔσας
225 725 342 770 οὐσίας
368 727 430 770 τὰς
452 727 588 777 μείζους
606 725 834 779 παραγαγὼν,
856 727 976 777 πολλῷ
996 727 1127 775 μᾶλλον

102 785 229 832 ταύτην
251 787 359 839 χωρὶς
386 787 470 834 ὕλης
492 787 678 837 ἐποίησεν)
694 801 701 809 ·
722 785 778 823 ἵνα
809 779 866 823 οῦν
886 785 999 837 μάθῃς
1018 786 1070 824 ὅτι
1090 789 1127 824 οὐ

1282 219 1373 248 LVI.
1413 204 1472 249 al.
1515 221 1589 249 ιν.
2095 211 2182 272 377

1201 299 1278 337 1000
1294 314 1443 352 superne
1459 301 1610 349 locatur,
1626 301 1828 350 caeterisque
1846 304 2096 354 superponitur
2115 319 2187 343 sen-

1201 360 1311 398 sibus.
1327 361 1431 399 Hunc
1444 362 1564 412 itaque
1582 362 1721 400 format.
1736 361 1875 400 Deinde
1894 377 1936 400 ne
1950 373 2050 414 putes
2071 365 2186 416 ipsum

1151 423 1176 453 E
1201 421 1347 459 materia
1368 437 1458 475 opus
1474 423 1642 462 habuisse
1660 423 1707 461 ad
1722 425 1913 476 agendum,
1931 434 1964 462 et
1981 424 2098 462 discas
2117 439 2185 463 non

1199 482 1274 520 luto
1302 497 1390 535 opus
1421 483 1589 522 habuisse
1618 484 1719 523 initio
1741 488 1856 534 (nam
1879 485 1939 536 qui
1972 485 2187 522 substantias

1199 544 1349 596 majores
1369 559 1412 582 ex
1429 545 1542 583 nihilo
1558 545 1745 597 produxit,
1767 547 1881 585 multo
1900 546 2012 598 magis
2034 546 2126 584 hanc
2142 546 2187 583 si-

1199 618 1242 642 ne
1261 606 1393 657 praevia
1419 607 1567 644 materia
1586 607 1748 656 fecisset)
1771 624 1778 643 τ
1808 617 1848 645 ut
1872 622 1954 659 crgo
1983 608 2097 645 discas
2125 607 2187 644 illa

1199 680 1269 704 non
1291 667 1501 719 indiguisse,
1524 668 1653 707 docens
1673 683 1709 706 se
1728 670 1930 707 Creatorem
1951 669 1985 706 in
2010 668 2186 721 principio

1198 727 1320 776 fuisse,
1360 730 1520 781 apposito
1559 730 1634 767 luto
1672 730 1793 768 dicit:
1835 732 1954 778 Vade,
1981 731 2128 777 lavare,
2149 739 2187 768 ut
2211 736 2229 754 '-

1198 788 1375 841 intelligas
1394 805 1450 828 mc
1477 790 1524 828 ad
1548 791 1752 829 formandos
1771 792 1890 829 oculos
1912 792 1987 829 luto
2010 806 2099 844 opus
2117 805 2188 829 non

102 846 222 899 χρείας
246 848 358 885 ἕνεκεν
382 853 481 886 ‘roffio
499 854 607 895 ποιεῖ,
631 846 721 885 ἀλλὰ
747 847 921 885 διδάσκων
942 848 1061 885 ἑαυτὸν
1081 842 1126 886 εἷ·
1136 866 1184 892 329
1197 851 1328 890 habere
1345 883 1354 901 ,
1377 853 1439 891 sed
1468 863 1507 891 ut
1525 854 1768 892 manifestetur
1789 855 1826 892 in
1854 855 1931 907 ipso
1963 855 2075 905 gloria
2096 869 2185 892 mea.

101 923 157 944 ναι
175 908 382 961 δημιουργὸν
397 909 453 947 τὸν
475 911 507 946 ἐν
526 911 618 960 ἀρχῇ
630 939 638 955 ,
655 907 781 960 χρίσας
797 908 854 945 τὸν
874 908 985 953 πηλόν
1002 924 1105 961 φησιν
1118 924 1125 932 ·

103 967 266 1014 Ἄπελθε,
286 968 403 1020 νίψαι·
426 972 481 1006 ἰ’να
501 970 592 1020 εἰδῇς
614 968 666 1007 ὅτι
694 970 731 1007 οὖ
758 971 870 1015 πηλοῦ
894 969 1016 1019 δέομαι
1039 970 1126 1021 πρὸς

100 1029 139 1066 τὸ
154 1031 299 1075 ποιῆσαι
321 1029 534 1082 ὀφθαλμοὺς,
566 1032 640 1068 ἀλλ’
661 1028 716 1068 ἵνα
738 1033 919 1083 φανερωθῇ
941 1033 974 1068 ἐν
996 1033 1088 1083 αὐτῷ
1103 1035 1125 1078 ἡ

100 1089 182 1134 δόξα
213 1093 234 1137 ἡ
274 1091 353 1142 ἐμή.
376 1091 462 1129 εὈτι
491 1091 558 1145 γὰρ
591 1091 671 1144 περὶ
706 1094 827 1130 ἑαυτοῦ
860 1107 976 1144 φησιν,
1007 1091 1126 1140 εἰπὼν,

445 1152 496 1165 NJ’V

98 1149 175 1189 Ἵνα
196 1156 376 1204 φανερωθῇ
396 1156 418 1199 ἡ
442 1167 522 1196 οοςα
537 1156 596 1190 τοῦ
616 1154 727 1199 Θεοῦ,
748 1153 921 1204 ἐπήγαγεν
938 1168 946 1175 ·
964 1152 1054 1203 Ἐμὲ
1076 1153 1127 1190 δεῖ

99 1213 302 1265 ἐργάζεσθαι
329 1214 372 1250 τὰ
400 1212 485 1266 ἔργα
510 1218 569 1251 τοῦ
605 1213 807 1265 πέμψαντός
835 1230 897 1264 με·
929 1213 1122 1261 τουτέστιν,

99 1273 160 1323 ἐμὲ
181 1275 232 1311 δεῖ
247 1276 445 1327 φανερῶσαι
465 1274 626 1324 ἐμαυτὸν,
643 1274 702 1312 καὶ
717 1276 864 1320 ποιῆσαι
885 1274 929 1312 τὰ
951 1274 1125 1324 δυνάμενοί

100 1350 143 1384 με
161 1335 266 1379 δεῖξαι
286 1335 331 1373 τὰ
351 1335 438 1373 αὐτὰ
456 1339 506 1388 τῷ
536 1335 652 1388 Πατρὶ
675 1340 839 1373 ποιοῦντα
854 1366 863 1383 ,
895 1337 932 1373 οὗ
951 1340 1095 1373 τοιαῦτα
1111 1364 1121 1382 ,

98 1396 188 1434 ἀλλὰ
214 1395 258 1433 τὰ
285 1395 372 1434 αὐτὰ
388 1424 397 1440 ,
417 1396 434 1434 ὃ
454 1395 606 1446 μείζονάς
628 1398 720 1434 ἐστιν
745 1395 1033 1448 ἀπαραλλαξίας,
1065 1396 1124 1433 καὶ

97 1457 180 1507 ὅπερ
201 1458 257 1495 ἐπὶ
274 1460 342 1494 τῶν
358 1456 435 1495 οὐδὲ
457 1456 549 1494 κατὰ
570 1457 693 1509 μικρὸν
710 1456 943 1503 διεστηκότων
970 1456 1124 1507 λέγεται.

96 1519 129 1555 Τ
134 1517 161 1561 ίς
180 1512 236 1555 οῦν
253 1517 451 1569 ἀντιῧλέψει
469 1518 603 1565 λοιπὸν,
618 1520 706 1570 ὁρῶν
728 1518 828 1555 αὐτὸν
847 1516 892 1554 τὰ
913 1516 1000 1554 αὐτὰ
1022 1517 1125 1555 δυνά-

98 1594 197 1629 μενον
217 1581 266 1630 τῷ
294 1579 431 1632 Πατρὶ,
463 1580 516 1616 Οὐ
539 1578 606 1630 γὰρ
627 1579 758 1616 ἔπλασε
785 1578 886 1629 μόνον
907 1577 1123 1630 ὀφθαλμοὺς,

96 1639 171 1678 οὐδὲ
193 1639 351 1692 ἀνέῳξεν,
369 1640 459 1678 ἀλλὰ
473 1639 532 1678 καὶ
550 1640 590 1678 τὸ
608 1642 690 1693 ὃρᾷν
707 1639 898 1691 ἐχαρίσατο
913 1655 920 1663 ·
952 1639 1037 1691 ὅπερ
1067 1656 1126 1678 τε-
1146 1646 1168 1676 Β

96 1701 245 1753 κμήριόν
266 1703 338 1739 ἐστι
359 1705 419 1740 τοῦ
436 1701 494 1739 καὶ
509 1700 623 1753 ψυχὴν
639 1704 853 1753 ἐμφυσῆσαι.
874 1701 1038 1747 Ἔκείνης
1058 1701 1125 1754 γὰρ

97 1762 145 1814 μὴ
176 1763 397 1816 ἐνεργούσης,
417 1762 593 1815 ὀφθαλμὸς
624 1761 688 1800 κᾶν
711 1762 970 1815 ἀπηρτισμένος
992 1757 1041 1814 ᾗ,
1064 1765 1126 1801 οὐκ

96 1823 136 1861 ἂν
170 1823 236 1862 ἴδοι
268 1823 352 1862 ποτὲ
384 1824 491 1862 οὐδέν.
519 1823 630 1861 εὨστε
652 1822 711 1861 καὶ
731 1823 794 1871 τὴν
825 1824 893 1861 ἀπὸ
927 1825 989 1869 τ’ἦς
1011 1825 1126 1876 ψυχῆς

96 1883 296 1937 ὴὲνέργειαν
329 1885 538 1937 ἐχαρίσατο,
568 1885 627 1923 καὶ
665 1885 705 1923 τὸ
739 1885 841 1936 μέλος
868 1885 976 1923 ἔδωκε
1008 1886 1125 1924 πάντα

96 1945 187 1998 ἔχον,
203 1947 262 1985 καὶ
283 1946 468 2000 ἀρτηρίας,
485 1946 546 1984 καὶ
562 1950 689 1997 νεῦρα,
712 1946 771 1984 καὶ
801 1946 952 1998 φλέὸας,
976 1947 1038 1985 καὶ
1069 1941 1126 1984 αἶ-

97 2024 166 2057 μα,
207 2008 267 2047 καὶ
308 2007 353 2046 τὰ
387 2009 477 2046 ἄλλα
506 2007 644 2056 πάντα,
679 2007 712 2051 ἐξ
747 2002 793 2045 ὧν
830 2007 1012 2060 σύγκειται
1039 2011 1124 2059 ἡμῖν

94 2069 134 2106 τὸ
163 2072 279 2120 σῶμα.
312 2068 401 2119 Ἐμὲ
421 2070 471 2107 δεῖ
489 2068 694 2120 ἐργάζεσθαι
725 2068 790 2112 ἕως
817 2069 934 2122 ἡμέρα
963 2069 1047 2108 ἐστί.
1078 2069 1126 2107 Τί

94 2134 203 2167 ταῦτα
223 2130 382 2180 βούλεται
397 2129 441 2167 τὰ
457 2130 595 2182 ῥήματα
610 2145 619 2176 3
637 2130 740 2168 ποίαν
757 2129 792 2168 δὲ
811 2130 1016 2172 ἀκολουθίαν
1033 2130 1125 2185 ἔχει,

94 2191 248 2237 Πολλήν.
275 2191 324 2229 ⁰0
346 2191 414 2243 γὰρ
448 2191 563 2243 λέγει,
595 2191 746 2230 τοιοῦτόν
785 2194 876 2230 ἐστιν
893 2208 901 2215 ·
922 2191 988 2236 ἕως
1006 2196 1039 2244 ἦι
1062 2194 1124 2245 έρα

93 2251 198 2300 ἐστὶν,
218 2251 282 2296 ἕως
301 2251 412 2296 ἔξεστι
440 2258 510 2295 τοῖς
542 2252 737 2305 ἀνθρώποις
762 2252 938 2292 πιστεύειν
964 2256 1012 2297 εἷς
1041 2253 1124 2304 ἐμὲ,

93 2313 157 2357 ἕως
176 2317 193 2352 ὃ
215 2313 286 2365 βίος
307 2307 405 2357 οὗτος
424 2313 604 2360 ἐνέστηκε,
625 2314 675 2351 δεῖ
697 2330 739 2365 με
761 2314 977 2366 ἐργάζεσθαι.
994 2313 1125 2368 ’Έρχε-

90 2391 148 2413 ται
167 2374 244 2423 νὺξ,
261 2375 449 2422 τουτέστιν,
470 2377 487 2412 ὃ
511 2374 645 2425 μέλλων
661 2374 782 2426 καιρός
801 2391 808 2398 ·
825 2375 882 2414 ὅτε
903 2375 1010 2419 οὐδεὶς
1026 2376 1125 2414 δύνα-

91 2453 149 2474 ται
170 2436 385 2489 ἐργάζεσθαι.
403 2437 480 2473 Οὐκ
494 2429 600 2482 εἶπεν,
620 2434 677 2473 ὅτε
698 2434 765 2486 ἐγὼ
785 2439 822 2473 οὐ
851 2435 1001 2486 δύναμαι
1021 2436 1124 2489 ἐργά-

92 2499 226 2540 ζεσθαι·
249 2498 337 2542 ἀλλ’,
362 2495 452 2534 εὈτε
467 2495 574 2538 οὐδεὶς
595 2495 737 2533 ’δύναται
753 2496 979 2548 ἐργάζεσθαι,
1004 2497 1123 2534 τουτέ-

93 2574 181 2602 στιν,
208 2556 264 2594 ὅτε
294 2559 355 2594 οὐκ
387 2554 438 2593 ἔτι
480 2555 598 2600 πίστις
632 2556 737 2603 ἐστὶν,
772 2557 848 2594 οὔτε
888 2557 1009 2604 πόνοι,
1046 2556 1124 2595 οὔτε

95 2619 276 2670 μετάνοια.
299 2617 386 2655 “O-ct
405 2617 473 2671 γὰρ
497 2616 593 2670 ἔργον
614 2617 677 2664 τὴν
703 2617 820 2655 πίστιν
834 2617 945 2669 λέγει,
966 2618 1122 2668 λέγουσιν

95 2683 207 2732 αὐτῷ·
242 2679 289 2717 Τί
320 2679 523 2729 ποιήσομεν,
546 2677 602 2716 ἵνα
629 2677 860 2731 ε’ργασώμεθα
886 2679 930 2717 τὰ
950 2678 1035 2730 ἔργα
1064 2683 1123 2717 τοῦ

93 2743 204 2789 Θεοῦ,
227 2741 351 2793 Λέγει·
369 2740 482 2779 Τοῦτό
502 2742 575 2778 ε’στι
593 2740 631 2778 τὸ
651 2740 748 2793 ἔργον
771 2745 830 2778 τοῦ
849 2742 960 2787 Θεοῦ,
985 2739 1042 2777 ἵνα
1062 2757 1124 2778 πι-

94 2801 259 2848 στεύσητε
279 2804 326 2845 εἷς
342 2801 377 2839 ὃν
395 2801 596 2839 ἀπέστειλεν
625 2802 764 2844 ἐκεῖνος.
789 2802 873 2844 Πῶς
893 2794 949 2838 οῦν
966 2806 1065 2839 τοῦτο
1084 2800 1123 2839 τὸ

95 2861 191 2913 ἔργον
214 2862 322 2905 οὐδεὶς
345 2861 486 2900 δύναται
507 2862 712 2915 ἐργάζεσθαι
734 2861 832 2908 τότε,
852 2860 938 2900 c‘Ort
966 2862 1044 2900 οὔτε
1065 2862 1120 2900 πί-

95 2938 168 2965 στις
185 2922 288 2970 ἐστὶν,
305 2922 392 2960 ἀλλὰ
412 2922 471 2960 καὶ
493 2923 629 2966 ἑκόντες
657 2922 716 2960 καὶ
737 2922 875 2965 ἄκοντες
905 2923 1122 2962 ὑπακούσον-

93 2998 164 3020 ται.
184 2981 262 3020 Ἵνα
281 2982 349 3036 γὰρ
375 2983 422 3033 μή
444 2999 496 3026 τις
515 2983 615 3034 εἴτι-η,
637 2984 689 3021 ὅτι
716 2983 1002 3036 φιλοτιμούμενος
1022 2989 1122 3023 τοῦτο

94 3049 207 3091 ποιεῖ,
228 3043 394 3081 δείκνυσιν
416 3043 470 3081 ὅτι
495 3045 694 3096 φειδόμενος
714 3047 826 3082 αὐτῶν
847 3044 962 3082 πάντα
983 3046 1121 3099 ἐργάζε-

93 3120 172 3151 ται,
200 3106 346 3142 ἐνταῦθα
376 3103 476 3155 μόνον
501 3104 653 3148 ἐξουσίαν
681 3105 830 3157 ἐχόντων
854 3105 1041 3154 πιστεύειν,
1060 3106 1120 3144 καὶ

95 3169 220 3220 μηκέτι
239 3170 437 3220 δυναμένων
456 3172 527 3208 ἐκεῖ
540 3171 757 3224 καρποῦσθαί
775 3188 821 3209 τι.
843 3171 912 3209 Διὰ
926 3175 1027 3210 τοῦτο
1043 3172 1119 3210 οὐδὲ

94 3237 340 3290 προσελθόντος
354 3241 414 3275 τοῦ
429 3240 556 3289 τυφλοῦ
571 3238 730 3286 ἐποίησεν
747 3237 830 3290 ὅπερ
845 3238 1018 3285 ἐποίησεν.
1034 3238 1119 3278 ςὈτι

139 3363 151 3377 a
178 3352 370 3394 suspicatur
394 3352 534 3386 Savilius
561 3353 734 3396 legendum
760 3360 814 3394 τὴν
837 3361 898 3388 α’νω
922 3360 1015 3394 τάξιν.
1040 3354 1106 3388 Sed

95 3412 180 3445 puto
194 3412 246 3443 τὴν
262 3409 339 3444 λῆξιν
355 3404 408 3437 hic
423 3406 526 3448 probe
543 3406 721 3449 quadrare..

1149 904 1173 932 A
1198 913 1306 959 Quod
1324 914 1418 952 enim
1437 914 1482 952 de
1496 915 1611 967 seipso
1627 915 1795 966 loquatur
1815 930 1896 953 cum
1919 916 2019 965 dicit,
2039 918 2088 954 Ut
2105 930 2187 952 ma-

1198 976 1402 1027 nifestetur
1430 976 1557 1028 gloria
1583 978 1683 1023 Dei,
1717 977 1861 1026 intulit,
1882 979 1921 1015 4.
1950 979 2017 1014 „Me
2041 985 2186 1028 oportet

1193 1037 1327 1086 facere
1343 1050 1459 1088 opera
1477 1039 1559 1090 ejus
1576 1040 1643 1090 qui
1659 1040 1765 1076 misit
1785 1052 1844 1076 me
1856 1055 1871 1083 ;
1893 1038 1933 1075 id
1952 1047 2014 1087 est,
2036 1040 2186 1090 Oportet

1197 1110 1253 1133 me
1271 1097 1494 1135 manifestare
1523 1098 1725 1150 meipsum3
1749 1108 1782 1136 et
1807 1113 1846 1136 ea
1865 1099 1994 1148 facere,
2018 1114 2098 1150 quae
2125 1099 2185 1137 dc-

1196 1167 1395 1195 monstrare
1413 1158 1549 1210 possint
1568 1174 1624 1197 me
1642 1159 1765 1197 eadem
1779 1160 1892 1198 facere
1913 1176 1990 1211 quae
2012 1162 2115 1198 Pater
2134 1162 2182 1198 fa-

1196 1217 1262 1266 cit;
1284 1232 1351 1256 non
1372 1218 1518 1267 similia,
1540 1219 1602 1257 sed
1619 1219 1753 1270 eadem,
1770 1221 1868 1271 quod
1887 1222 2057 1273 majorem
2073 1221 2184 1273 signi—

1195 1279 1279 1317 ficat
1305 1281 1569 1330 aequalitatem,
1589 1281 1792 1333 diciturque
1813 1283 1857 1320 de
1883 1283 1946 1332 iis,
1968 1284 2029 1333 qui
2058 1297 2101 1320 ne
2128 1283 2184 1322 vel

1194 1341 1376 1378 tantillum
1402 1341 1591 1392 inaequales
1613 1352 1707 1380 sunt.
1729 1343 1818 1389 Quis
1837 1358 1919 1395 ergo
1943 1344 2019 1395 jam
2041 1353 2183 1381 contra-

1194 1400 1340 1450 dixerit,
1364 1401 1488 1440 videns
1514 1416 1595 1439 eum
1620 1403 1743 1440 eadem
1774 1418 1875 1455 posse
1894 1418 1972 1453 quae
1993 1406 2099 1442 Pater
2118 1418 2182 1455 po-

1193 1461 1283 1498 test?
1302 1463 1380 1499 Non
1401 1461 1507 1499 modo
1527 1463 1623 1500 enim
1641 1464 1761 1501 oculos
1788 1464 1967 1512 formavit,
1987 1478 2049 1501 nee
2070 1464 2185 1502 solum

1194 1521 1349 1573 aperuit,
1368 1521 1430 1559 sed
1445 1531 1477 1559 et
1494 1522 1609 1560 visum
1630 1523 1782 1574 largitus
1801 1533 1865 1573 est,
1881 1524 1978 1574 quod
1997 1539 2184 1575 argumen-

1194 1591 1272 1620 tum
1290 1583 1396 1621 etiam
1420 1592 1485 1632 est,
1499 1583 1619 1635 ipsum
1638 1585 1794 1622 animam
1814 1599 1954 1636 quoque
1979 1586 2182 1638 inspirasse.

1193 1644 1260 1682 Illa
1279 1644 1373 1682 enim
1394 1659 1463 1682 non
1482 1653 1669 1697 operante,
1685 1646 1810 1683 oculus
1830 1646 1895 1684 etsi
1914 1661 2022 1684 sanus
2044 1656 2077 1684 et
2098 1647 2186 1684 inte-

1194 1719 1256 1757 ger
1282 1706 1409 1755 fuerit,
1429 1706 1522 1743 nihil
1547 1721 1717 1757 umquam
1748 1707 1890 1745 viderit.
1914 1709 2038 1759 Itaque
2059 1709 2186 1746 anima:

1193 1766 1300 1804 etiam
1329 1767 1569 1819 operationem
1598 1767 1762 1818 indidit,
1793 1777 1826 1806 et
1852 1770 2053 1807 membrum
2088 1769 2187 1808 dedit

1193 1828 1360 1866 omnibus
1376 1828 1589 1866 instructum
1604 1829 1741 1867 arteriis
1747 1830 1884 1878 ,nervis
1888 1860 1899 1880 ,
1913 1831 2026 1878 venis,
2043 1831 2186 1882 sangui-

1193 1904 1236 1928 ne
1252 1920 1265 1941 ,
1290 1891 1493 1942 caeterisque
1517 1891 1708 1941 omnibus,
1736 1906 1781 1929 ex
1805 1892 1936 1943 quibus
1962 1908 2092 1946 corpus
2119 1908 2184 1931 no-

1190 1960 1306 1989 strum
1319 1952 1560 1990 constituitur.
1577 1954 1644 1989 Me
1657 1962 1803 2004 oportet
1819 1957 1985 2005 operari,
2002 1956 2094 1992 dum
2105 1955 2186 1993 dies

1193 2022 1262 2052 est.
1281 2012 1379 2060 Quid
1398 2013 1473 2050 haee
1492 2012 1561 2050 sibi
1575 2012 1726 2052 volunt?
1741 2022 1775 2050 et
1795 2028 1903 2064 quam
1922 2014 2053 2052 habent
2067 2029 2186 2053 conse-

1193 2075 1400 2126 quentiam?
1430 2074 1601 2112 Multam.
1632 2074 1707 2111 Hoc
1726 2075 1822 2113 enim
1845 2076 1926 2114 vult
1954 2076 2181 2127 significare:

1193 2138 1315 2175 Donec
1333 2136 1409 2174 dies
1427 2146 1490 2186 est,
1503 2135 1615 2173 donec
1634 2146 1782 2187 possunt
1801 2137 1963 2175 homines
1982 2138 2019 2175 in
2036 2152 2092 2175 me
2111 2153 2185 2176 cre-

1192 2197 1290 2247 dere,
1305 2198 1392 2236 dum
1408 2198 1508 2248 vivo,
1529 2196 1750 2249 operandum
1770 2198 1860 2235 mihi
1875 2208 1940 2236 est.
1959 2201 2071 2236 Venit
2086 2214 2162 2236 nox
2170 2230 2182 2246 ,

1192 2258 1262 2297 hoc
1289 2268 1341 2297 est
1372 2260 1533 2297 futurum
1560 2267 1712 2310 tempus,
1740 2261 1897 2312 quando
1921 2275 2031 2297 nemo
2061 2269 2186 2312 potest

1144 2322 1167 2352 C
1194 2323 1358 2373 operari.
1380 2321 1458 2358 Non
1477 2319 1585 2367 dixit,
1601 2318 1755 2364 Quando
1772 2333 1836 2371 ego
1853 2321 1990 2372 operari
2011 2335 2079 2358 non
2104 2335 2186 2373 pos-

1193 2397 1294 2432 sum,
1317 2382 1392 2429 sed,
1416 2384 1581 2432 Quando
1603 2397 1713 2420 nemo
1730 2391 1854 2433 potest
1869 2385 2020 2433 operari
2029 2398 2044 2426 ;
2068 2381 2106 2418 id
2122 2392 2185 2430 est,

1194 2442 1346 2488 Quando
1373 2456 1442 2479 non
1469 2452 1520 2480 est
1541 2443 1697 2495 amplius
1716 2441 1828 2491 fides,
1850 2456 1920 2479 non
1939 2442 2092 2493 labores,
2115 2457 2186 2481 non

1193 2503 1410 2557 poenitentia.
1431 2503 1539 2549 Quod
1563 2504 1657 2541 enim
1682 2503 1791 2540 fidem
1814 2517 1903 2555 opus
1930 2504 2106 2555 appellat,
2129 2504 2186 2542 di-

1194 2575 1278 2603 cunt
1308 2565 1354 2614 ei,
1392 2566 1495 2615 Quid
1510 2567 1724 2618 faciemus,
1763 2573 1805 2602 ut
1837 2579 2038 2616 operemur
2069 2580 2188 2617 opera

1193 2628 1295 2664 Dei?
1313 2625 1527 2678 Respondet,
1550 2628 1635 2663 Hoc
1650 2634 1707 2663 est
1734 2639 1826 2677 opus
1846 2627 1937 2672 Dei,
1961 2635 2002 2663 ut
2020 2628 2187 2665 credatis

1194 2690 1235 2725 in
1258 2702 1344 2724 eam
1369 2701 1482 2739 quem
1509 2687 1577 2724 ille
1605 2689 1722 2724 misit.
1747 2687 1866 2732 Quare
1893 2701 1976 2738 ergo
2005 2688 2073 2725 1100
2098 2702 2187 2740 opus

1193 2763 1295 2786 nemo
1323 2757 1439 2800 potest
1467 2757 1551 2785 tunc
1580 2748 1746 2800 operari?
1770 2749 1865 2795 Quia
1893 2758 1979 2787 tunc
2000 2750 2088 2788 fides
2117 2765 2187 2788 non

1193 2810 1287 2859 erit,
1308 2809 1368 2847 sed
1397 2809 1521 2857 velint,
1558 2809 1682 2858 nolint,
1703 2825 1822 2848 omnes
1841 2810 2000 2849 audient.
2029 2813 2082 2848 Ne
2108 2811 2186 2862 quis

1193 2871 1288 2909 enim
1308 2871 1454 2919 diceret,
1473 2870 1578 2907 illum
1601 2871 1796 2909 ambitione
1810 2881 1948 2909 motum
1964 2872 2031 2910 hoc
2050 2873 2185 2921 facere,

1194 2932 1348 2970 ostendit
1366 2946 1402 2969 se
1420 2946 1542 2969 eorum
1560 2932 1674 2983 gratia
1696 2933 1813 2970 omnia
1834 2934 1960 2983 facere,
1977 2934 2108 2986 quippe
2125 2934 2186 2985 qui

1192 2993 1252 3031 hic
1266 2994 1382 3031 solum
1400 2994 1553 3031 habeant
1573 2993 1740 3032 credendi
1760 2995 1978 3043 facultatem,
1997 3010 2060 3033 nec
2081 2996 2186 3046 quid-

1192 3054 1291 3107 piam
1309 3054 1359 3091 ibi
1378 3054 1469 3092 lucri
1489 3055 1653 3105 consequi
1667 3055 1817 3107 possint.
1836 3055 1921 3093 Ideo
1943 3070 2005 3093 nec
2019 3056 2186 3093 acceden-

1144 3110 1168 3138 D
1192 3126 1264 3154 tem
1283 3131 1416 3154 caecum
1436 3117 1587 3156 curavit.
1607 3117 1715 3164 Quod
1743 3117 1838 3155 enim
1866 3118 1998 3169 dignus
2017 3127 2103 3156 esset
2125 3118 2186 3168 qui

1194 3187 1376 3216 curaretur
1397 3194 1404 3214 :
1427 3178 1595 3229 quodque
1614 3179 1643 3216 si
1662 3179 1822 3228 vidisset,
1845 3179 2052 3217 credidisset
2074 3192 2186 3216 acces-

1194 3239 1363 3290 sissetque
1377 3255 1389 3291 3
1412 3249 1445 3278 et
1465 3240 1493 3278 si
1508 3240 1553 3277 ab
1569 3240 1687 3291 aliquo
1704 3241 1860 3280 audisset
1881 3250 2102 3292 prcesentem,
2117 3254 2186 3277 non

1218 3357 1234 3379 b
1259 3359 1402 3398 εὐγένειαν
1415 3354 1532 3387 Morel.

2259 736 2273 764 «1
