2481 3678
112 336 180 363 ..lud
183 338 205 362 ti
218 346 284 372 gen-

300 224 361 280 οι

300 329 359 357 est.
378 320 416 357 Si
436 321 529 357 euim
545 320 697 356 aliorum
717 321 811 358 silus
833 321 924 358 boni
945 330 1001 358 tua
1024 321 1190 372 pe55umd
1193 330 1280 369 net

763 238 799 269 S.

100 383 170 403 ¹¹¹¹'¹¹
201 378 376 433 ⁵¹¹¹¹¹¹jurc
405 380 601 430 doluisses,
626 381 763 418 etiamsi
798 381 836 419 id
873 396 939 419 non
971 382 1113 419 accedat
1148 381 1190 419 iis
1221 382 1282 432 qui

101 420 141 443 ιιι
153 419 227 445 ὶιΙρΙ)
230 425 282 446 ιιιῑ.

117 1206 139 1221 ιί
153 1196 171 1221 [ι
209 1204 251 1223 (ι).

90 1195 114 1261 *1‘2

156 1986 263 2021 Super-

78 2026 124 2052 hia
143 2030 264 2052 xix-tutes

78 2077 177 2093 omnes
196 2068 264 2094 ted-

77 2109 120 2135 dii
134 2108 262 2135 inutiles.

79 2150 170 2176 Prov.
183 2150 261 2179 16.6.

84 2550 109 2568 ι.
127 2541 242 2572 Τιήι.3.

298 443 542 495 philosophari
561 411 776 480 didicerunt.
794 443 833 480 Si
851 452 969 480 autem
987 442 1131 480 milteiius
1144 442 1282 494 suppli—

297 504 394 542 cium
414 504 611 542 mercedem
630 514 727 541 tuam
746 518 813 541 non
838 513 955 554 auget,
978 517 1089 553 neque
1117 503 1214 541 illius
1234 503 1282 540 fe-

296 567 410 604 licitas
446 567 559 618 ipsam
592 566 734 613 minuit,
765 579 827 602 cur
861 574 899 602 tu
935 565 1032 602 doles
1066 565 1164 615 quod
1191 566 1282 603 alius
1308 573 1332 602 D

297 629 406 678 gratis
428 629 540 665 salute
564 627 742 664 donetur?
760 627 955 679 Oportebat
980 627 1103 678 igitur,
1127 636 1166 664 ut
1183 627 1278 677 dixi,

295 689 430 726 etiamsi
452 698 483 726 te
500 689 611 740 probe
633 688 809 739 gessisses,
831 703 901 726 non
927 689 1083 726 morderi
1107 689 1152 727 de
1169 690 1281 728 salute

295 750 328 786 iu
355 759 472 800 gentes
506 749 616 786 effusa
640 765 646 784 :
668 763 750 786 cuin
786 759 903 788 autem
939 750 1066 788 iisdem
1104 751 1280 789 obnoxius

295 811 447 861 peccatis
480 809 542 859 sis,
578 810 844 861 Dominumque
878 812 1080 859 offenderis,
1128 812 1279 851 aliorum

294 871 383 907 bona
404 885 495 922 aegre
515 871 597 919 fers,
620 880 652 907 et
674 871 786 908 altum
807 872 914 924 sapis,
930 874 1031 922 quasi
1044 873 1138 910 solus
1152 873 1279 912 debeas

293 934 414 983 gratiae
438 948 579 971 consors
598 947 684 983 esse,
713 948 781 971 nou
812 934 958 972 iuvidiae
983 935 1098 972 solum
1122 945 1154 973 et
1173 950 1276 974 arro—

292 994 433 1045 gantur,
455 995 517 1032 sed
534 994 639 1032 etiam
660 1004 764 1033 tantae
792 996 976 1033 dementire
995 1011 1097 1034 causa
1118 997 1276 1035 omnium

292 1058 510 1107 gravissimis
547 1057 677 1109 dignus
709 1058 817 1096 fueris
847 1059 1033 1111 suppliciis
1073 1076 1080 1096 :
1116 1060 1276 1097 omnium

291 1117 425 1169 quippe
455 1119 631 1155 malorum
661 1120 818 1157 radicem
846 1121 1051 1172 superbiam
1072 1120 1107 1158 in
1127 1130 1160 1158 te
1179 1121 1272 1158 inse-

291 1178 404 1215 ruisti.
437 1179 520 1216 ldeo
549 1179 687 1231 sapiens
721 1181 901 1232 quispiam
929 1181 1069 1218 dicebat
1092 1197 1099 1217 :
1122 1183 1274 1219 Princi-

288 1242 393 1288 pium
419 1244 570 1290 peccati
603 1243 797 1291 superbia;
832 1241 899 1277 hoc
929 1250 993 1289 est,
1032 1241 1153 1289 radix,
1179 1242 1270 1291 fons,

289 1308 408 1336 mater.
424 1300 484 1337 Sic
497 1315 561 1352 per
575 1315 651 1338 eam
671 1300 809 1351 primus
824 1301 929 1338 homo
948 1316 966 1338 a
983 1301 1086 1339 beato
1102 1302 1165 1339 illo
1181 1311 1272 1340 statu

286 1360 442 1411 dejectus
468 1371 533 1410 est,
559 1361 609 1399 sic
639 1361 804 1399 diabolus
828 1362 890 1412 qui
918 1362 1022 1400 illum
1049 1362 1202 1415 decepit,
1227 1365 1272 1402 ab

285 1420 344 1457 illa
379 1422 563 1473 dignitatis
595 1423 813 1461 sublimitate
849 1423 994 1461 excidit.
1031 1424 1150 1469 Quare
1190 1439 1272 1462 cum

285 1491 398 1520 nosset
426 1484 590 1521 scelestus
609 1484 669 1522 ille
688 1484 794 1536 hujus
823 1485 958 1537 peceati
989 1494 1152 1522 naturam
1170 1500 1271 1537 posse

282 1558 326 1580 ex
349 1544 435 1595 ipsis
454 1545 549 1583 czelis
568 1546 733 1598 dejicere,
758 1546 849 1583 hanc
879 1546 1056 1597 ingressus
1088 1547 1183 1584 viam
1201 1556 1264 1597 est,

282 1618 361 1642 cum
379 1606 557 1644 Adamum
575 1621 619 1644 ex
638 1616 735 1644 tanto
759 1607 892 1644 honore
909 1606 1099 1644 deturbare
1116 1607 1265 1647 curavit.

282 1667 372 1704 Cum
390 1667 482 1704 enim
510 1669 613 1705 illum
635 1683 696 1720 spe
720 1668 930 1719 aequalitatis
955 1683 1036 1706 cum
1055 1670 1130 1707 Deo
1149 1669 1265 1722 adipi-

280 1728 416 1766 seendze
434 1729 597 1767 inflatum
622 1729 850 1777 reddidisset,
872 1729 922 1767 sic
938 1729 1041 1767 illum
1071 1730 1213 1783 dejecit,
1234 1742 1267 1769 et

281 1790 315 1826 iu
338 1790 554 1841 profundum
573 1790 699 1828 inferni
720 1790 966 1843 praecipitavit.
982 1791 1083 1828 Nihil
1103 1792 1197 1830 enim
1217 1793 1266 1830 ita

279 1866 297 1887 a
319 1851 385 1888 Dei
407 1852 621 1902 benignitate
650 1852 792 1902 avertit,
814 1861 847 1890 et
866 1852 1032 1903 gehennae
1060 1852 1152 1904 iguis
1179 1869 1265 1906 sup-

279 1912 387 1963 plicio
410 1913 534 1962 tradit,
556 1923 595 1950 ut
623 1913 798 1965 superbire
822 1913 993 1965 tyrannis.
1015 1913 1089 1951 Hac
1118 1928 1179 1952 nos
1208 1930 1265 1953 oc-

280 1983 442 2024 cupante,
461 1983 533 2011 tota
552 1973 626 2013 vita
643 1983 761 2011 nostra
780 1974 921 2026 impura
943 1973 1111 2023 efficitur,
1126 1975 1264 2014 etiamsi

280 2034 486 2084 castitatem,
511 2034 768 2086 virginitatem,
791 2034 982 2087 jejunium,
1010 2035 1261 2088 precationem,

279 2095 550 2149 eleemosynam,
592 2105 804 2147 caeterasque
837 2096 986 2135 virtutes
1026 2112 1261 2137 exerceamus.

278 2158 517 2206 Immundus,
537 2157 666 2208 inquit,
687 2159 792 2210 apud
815 2158 1025 2196 Dominum
1049 2162 1172 2198 omnis
1201 2175 1262 2199 su-

276 2219 428 2267 perbus.
443 2217 546 2255 Hunc
560 2232 642 2269 ergo
654 2218 763 2256 animi
778 2228 953 2257 tumorem
965 2220 1259 2272 comprimamus;

280 2278 374 2316 hunc
400 2279 529 2317 fastum
556 2279 600 2317 dc
630 2280 748 2318 medio
776 2281 956 2330 tollamus,
979 2281 1007 2318 si
1028 2282 1153 2320 mundi
1177 2283 1262 2321 veli-

279 2353 357 2376 mus
382 2354 468 2390 esse,
494 2349 528 2378 et
551 2341 596 2378 ab
625 2355 680 2390 eo,
705 2341 803 2391 quod
830 2341 973 2380 diabolo
1002 2352 1166 2394 paratum
1194 2354 1259 2393 est,

278 2401 454 2452 supplicio
471 2401 628 2439 liberari.
643 2403 734 2440 Nam
751 2402 850 2452 quod
867 2418 1034 2455 arrogans
1052 2405 1175 2442 eodem
1191 2421 1261 2456 quo

279 2461 443 2499 diabolus
473 2462 518 2500 sit
538 2463 715 2515 supplicio
748 2464 964 2515 puniendus,
995 2466 1080 2503 audi
1110 2467 1261 2505 Paulum

280 2522 455 2560 dicentem
478 2539 485 2559 ε
508 2525 598 2561 Non
622 2525 876 2576 neophytum,
907 2539 954 2563 ne
977 2527 1018 2563 in
1044 2530 1260 2577 superbiam

281 2584 420 2629 elatus,
444 2589 484 2620 in
505 2586 695 2635 judicium
718 2587 866 2624 incidat
888 2596 921 2624 et
940 2586 976 2624 in
995 2588 1161 2638 laqueum
1180 2591 1261 2627 dia-

283 2645 372 2681 boli.
390 2644 488 2690 Quid
517 2655 567 2682 est
581 2646 781 2697 judicium?
796 2649 837 2685 In
851 2647 1025 2699 eamdem,
1046 2648 1176 2700 inquit,
1198 2650 1262 2688 da-

282 2708 509 2755 mnationem,
531 2708 566 2745 in
586 2708 681 2745 idem
703 2710 931 2761 supplicium.
949 2711 1138 2757 Quomodo
1152 2712 1261 2764 igitur

281 2768 347 2806 hoc
366 2769 501 2806 malum
527 2769 716 2819 effugeris?
737 2770 776 2807 Si
795 2780 912 2808 tecum
934 2782 1073 2823 reputes
1098 2783 1261 2814 naturam

280 2838 392 2878 tuam,
417 2830 447 2866 si
471 2839 694 2881 peccatorum
719 2830 998 2882 multitudinem,
1026 2834 1054 2871 si
1083 2837 1260 2887 magnitu—

279 2889 400 2927 dinem
430 2891 654 2928 cruciatuum
677 2890 735 2927 :si
771 2892 979 2941 cogitaveris
1014 2909 1120 2943 quam
1161 2898 1259 2937 ssuxa

278 2951 348 2989 sint
379 2966 417 2990 ea
445 2966 522 3002 qua:
553 2952 589 2989 in
618 2952 682 2989 hoc
711 2952 846 2989 mundo
873 2954 1058 3004 splendida
1089 2957 1258 2997 videntur

276 3027 362 3063 esse,
395 3027 543 3064 quceque
575 3013 713 3050 facilius
747 3024 979 3062 marcescunt,
1017 3031 1122 3065 quam
1156 3021 1255 3058 verni
1282 3028 1304 3057 C

277 3075 389 3113 flores.
413 3075 452 3113 Si
472 3075 534 3113 has
566 3076 762 3125 frequenter
787 3074 1013 3126 cogitationes
1035 3078 1153 3115 animo
1179 3095 1258 3119 ver-

1288 2223 1310 2252 B

323 3199 339 3222 ‘¹
357 3197 457 3230 Sav‘d.
477 3203 555 3231 κατὰ
573 3205 618 3231 τόν
632 3223 639 3234 ,
656 3196 769 3228 Morel.
795 3198 842 3238 [et
866 3196 950 3229 Cod.
970 3199 1047 3239 706]
1072 3205 1144 3244 πρὸς
1165 3209 1225 3235 τὸν,
1246 3203 1278 3234 Si

277 3249 452 3280 retinemus
469 3255 552 3294 πρός,
571 3249 677 3290 inquit
695 3247 846 3289 Saxilius,
865 3246 1096 3291 adjungendus
1124 3258 1173 3282 est
1191 3255 1280 3295 geni-

277 3299 373 3336 tivus,
388 3311 452 3331 non
467 3299 686 3332 accusativus.

317 3357 328 3369 ⁰
354 3349 466 3382 Moreh
484 3355 557 3395 ὅπερ
572 3355 640 3393 ἔφην
663 3355 759 3384 εἰπών.
774 3348 887 3381 Melius
905 3354 991 3394 §po-au
1005 3355 1102 3392 εἰπών,
1122 3359 1157 3383 ιιι
1169 3355 1279 3394 saepis-

271 3402 352 3433 sime
377 3400 492 3440 legitur
522 3400 609 3443 apud
641 3400 931 3444 Chrysostomum.
962 3403 1024 3434 Res
1050 3410 1098 3434 est
1124 3402 1278 3436 levissimi

829 240 1008 269 JotNle
1040 239 1279 270 CHRYSOST.
1320 239 1522 268 ARCHOEP.
1561 238 1906 270 CONSTANTINOP.

1357 326 1437 358 νεῖν.
1456 320 1632 374 Πονηρίας
1660 321 1728 374 γὰρ
1758 327 1858 360 τοῦτο
1877 320 2048 373 ἐσχάτης,
2072 322 2127 359 ἐπὶ
2156 327 2225 365 τοῖς
2254 322 2376 375 ἑτέριι)ν

1357 379 1523 426 τήκεσθαι
1543 382 1699 433 ἀγαθοῖς,
1722 382 1781 420 καὶ
1815 383 1967 433 μάλιστα
1995 382 2052 421 ὅτε
2079 381 2166 433 μηδὲ
2197 382 2284 432 μετὰ
2317 386 2378 428 τῆς

1358 444 1421 487 σῆς
1443 446 1542 479 τοῦτο
1563 442 1685 492 ἔμελλε
1707 442 1861 493 γίνεσθαι
1880 442 2018 493 ζημίας.
2040 444 2080 480 Εἰ
2101 442 2161 493 μὲν
2181 443 2248 494 γὰρ
2267 447 2288 489 ἡ
2309 446 2377 480 τῶν

1358 502 1472 540 ἄλλων
1508 505 1663 557 σωτηρία
1691 511 1760 548 τοῖς
1782 511 1852 548 σοῖς
1886 504 2089 555 ἐλυμαίνετο
2123 506 2261 550 καλοῖς,
2277 504 2377 556 λόγον

1358 562 1398 601 ἂν
1413 557 1484 616 εἶχε
1497 564 1537 602 τὸ
1555 567 1670 616 ἀλγεῖν
1687 581 1695 589 ·
1713 565 1826 604 καίτοι
1844 582 1883 616 γε
1898 565 1973 604 οὐδὲ
1989 570 2087 604 τοῦτο
2102 564 2117 585 ‘¹
2132 564 2222 603 κατὰ
2239 564 2296 602 τὸν
2319 581 2377 615 με-

1358 625 1540 675 μαθηκότα
1567 628 1773 679 φιλοσοφεῖν.
1792 629 1835 664 Εἰ
1855 626 1891 664 δὲ
1919 627 2007 677 μήτε
2027 626 2255 677 κολαζομένου
2281 627 2378 665 θατέ-

1360 704 1416 740 ρου
1435 688 1614 732 πλεονάζει
1637 705 1689 727 σοι
1707 688 1751 726 τὰ
1771 691 1838 726 τῶν
1861 692 2005 739 μισθῶν,
2024 689 2111 739 μήτε
2131 682 2167 725 εὖ
2183 688 2377 739 πάσχοντος

1356 750 1573 797 ἐλαττοῦται,
1592 749 1683 793 τίνος
1714 749 1825 787 ἕνεκεν
1853 765 1892 788 συ
1914 748 2053 792 κόπτεις
2083 749 2206 787 σαυτὸν
2227 748 2313 800 υπὲρ
2329 743 2376 785 οἷν

1355 807 1468 885 ἑτερρς
1487 809 1632 854 σώζεται
1655 810 1808 863 δωρεάν,
1823 810 1987 863 Ἐχρην
1981 809 2041 848 μὲν
2065 813 2134 855 οὖν,
2150 808 2255 862 οὕπερ
2279 808 2374 882 ἔφην,

1355 869 1442 918 μηδε
1459 873 1488 908 εἰ
1512 873 1579 908 τιΝι)ν
1611 871 1887 922 εὐδοκιμηκότι»)
1907 875 1972 918 ἧς,
1993 871 2050 909 ἐπὶ
2074 887 2117 921 τη
2148 869 2238 907 κατὰ
2270 869 2373 921 χάριν

1353 931 1400 973 εἰς
1417 930 1461 968 τὰ
1481 931 1560 976 ἔθνη
1580 931 1741 983 γινομένῃ
1764 932 1947 970 δάκνεσθαι
1965 931 2135 984 σωτηρίᾳ·
2153 930 2234 968 ὅταν
2251 930 2285 968 δὲ
2306 947 2373 968 των

1353 992 1464 1028 αὐτῶν
1493 991 1678 1035 ὑπεύθυνος
1710 991 1756 1030 ὣν
1783 995 1833 1045 τῷ
1853 992 2112 1043 Δεσπότη,καὶ
2142 1006 2373 1044 προσκεκρου-

1351 1050 1420 1095 κὼς
1438 1052 1498 1090 καὶ
1518 1054 1617 1097 αὐτὸς
1625 1084 1634 1102 ,
1654 1054 1879 1107 ὃυσχεραίνῃς
1895 1053 1952 1092 ἐπὶ
1971 1060 2040 1096 τοῖς
2064 1051 2256 1104 ἀλλοτρίοις
2281 1054 2372 1103 ἀγα-

1352 1115 1436 1159 Οθῖς,
1456 1112 1516 1150 καὶ
1533 1114 1623 1165 μέγα
1643 1118 1770 1167 φρονῇς
1800 1118 1846 1157 ὡς
1879 1114 1978 1158 αὐτὸς
2011 1113 2155 1165 ὀφείλων
2178 1112 2278 1163 μόνος
2310 1115 2371 1158 τῆς

1350 1172 1492 1224 χάριτος
1508 1181 1708 1225 μετασχεῖν,
1728 1176 1766 1213 οὔ
1789 1174 1980 1226 βασκανίας
1998 1174 2099 1226 μόνον
2116 1174 2176 1211 καὶ
2194 1172 2371 1216 ἀπονοίας,

1350 1232 1439 1270 ἀλλὰ
1456 1234 1516 1270 καὶ
1536 1237 1599 1280 τῆς
1618 1236 1768 1286 ἐσχάτης
1799 1235 1934 1283 ἀνοίας,
1961 1235 2019 1273 καὶ
2048 1236 2188 1273 πάντων
2218 1237 2286 1272 τῶν
2305 1250 2371 1286 χα-

1349 1294 1558 1333 λεπωτάτων
1590 1295 1629 1333 ἂν
1657 1296 1728 1343 εἴης
1761 1295 1944 1339 ὑπεύθυνος
1980 1296 2256 1348 βασανιστηρίων
2272 1311 2280 1318 ·
2308 1295 2369 1342 τὴν

1348 1354 1416 1408 γὰρ
1430 1357 1498 1393 τῶν
1517 1359 1633 1394 κακῶν
1652 1357 1747 1409 ῥίζαν
1771 1358 1933 1396 ἁπάντων
1958 1359 1990 1395 ἓν
2008 1360 2142 1409 σεαυτῷ
2167 1356 2371 1408 κατεφύτευ-

1348 1430 1411 1459 σας
1428 1416 1492 1462 τὴν
1515 1418 1765 1470 ὑπερηφανίαν.
1787 1418 1850 1456 Διὸ
1863 1417 1924 1456 καί
1938 1435 1991 1462 τις
2017 1418 2117 1470 σοφὸς
2139 1417 2253 1470 ἔλεγεν
2271 1434 2278 1441 ·
2296 1418 2371 1471 Ἀρ-

1345 1476 1392 1528 χὴ
1426 1477 1600 1530 ἁμαρτίας
1632 1479 1872 1532 ὑπερηφανία·
1900 1479 2074 1526 τουτέστι,
2097 1478 2172 1532 ῥίζα
2191 1479 2250 1517 καὶ
2271 1478 2367 1530 τιτ’κ]γ·>Ι

1345 1538 1403 1575 καὶ
1425 1538 1554 1591 μήτηρ.
1571 1538 1675 1577 Οὕτω
1706 1540 1766 1577 καὶ
1800 1543 1817 1577 6
1837 1540 2108 1592 πρωτόπλαστος
2142 1539 2277 1583 ἐξέπεσε
2307 1541 2369 1584 τῆς

1345 1599 1521 1651 μακαρίας
1549 1599 1682 1647 ἐκείνης
1709 1601 1901 1652 διαγωγῆς·
1924 1599 2013 1638 οὕτω
2035 1600 2093 1637 καὶ
2111 1604 2127 1638 6
2146 1604 2263 1637 τοῦτον
2283 1600 2368 1637 ἀπα-

1341 1659 1449 1705 τήσας
1472 1660 1664 1704 διοίὸολος’
1646 1663 1706 1699 απ’
1733 1661 1861 1700 ἐκείνου
1882 1661 2079 1713 κατηνεχθη
2099 1664 2158 1697 τοῦ
2181 1663 2243 1705 τῆς
2272 1658 2368 1703 ἀξίας

1341 1718 1457 1771 ὕψους.
1477 1719 1583 1759 Οθεν
1599 1721 1696 1765 εἰδὼς
1711 1726 1728 1760 6
1749 1723 1872 1775 μιαρὸς
1891 1738 1953 1768 της
1973 1720 2147 1772 ἁμαρτίας
2162 1719 2289 1767 ταύτης
2303 1720 2365 1767 τὴν

1341 1780 1440 1832 φύσιν
1461 1781 1582 1829 ἱκανὴν
1615 1785 1719 1821 οὖσαν
1745 1783 1804 1821 καὶ
1841 1783 1874 1827 ἐς
1911 1785 2021 1820 αὐτῶν
2057 1781 2267 1819 καταὸαλεῖν
2297 1783 2365 1818 τιΝ)ν

1341 1843 1505 1893 οὐρανῶν,
1521 1841 1649 1891 ταύτην
1681 1839 1764 1891 ἠλθε
1790 1843 1853 1890 τὴν
1882 1844 2003 1890 ὁδὸν,
1991 1843 2048 1882 ὅτε
2077 1842 2133 1880 τὸν
2164 1841 2273 1892 Ἀδὰμ
2297 1842 2366 1880 ἀπὸ

1340 1905 1402 1949 τῆς
1424 1903 1592 1951 τοσαύτης
1611 1911 1828 1957 κατενεγκεῖν
1859 1904 2048 1943 ἐσπούδασε
2079 1906 2196 1954 τιμῆς.
2216 1904 2248 1940 Τ
2250 1906 2272 1954 ἥ
2297 1902 2364 1954 γὰρ

1341 1964 1531 2017 ἐπαγγελίᾳ
1557 1968 1619 2011 τῆς
1640 1964 1787 2009 ἰσοθείας
1805 1965 1960 2018 φυσήσας
1988 1964 2101 2011 αὐτὸν,
2122 1963 2208 2002 οὕτω
2236 1962 2361 2014 κατέρ-

1341 2024 1419 2077 ῥηξε
1434 2025 1493 2063 καὶ
1520 2026 1710 2064 κατέὸαλεν
1733 2029 1780 2070 εἷς
1799 2026 1886 2065 αὐτὰ
1910 2030 1969 2065 τοῦ
2001 2026 2082 2079 ᾅδου
2111 2024 2155 2063 τὰ
2191 2024 2361 2076 βάραθρα.

1338 2084 1448 2123 Οὐδὲν
1464 2085 1531 2138 γὰρ
1546 2085 1632 2124 οὕτω
1648 2091 1710 2134 τ’ῆς
1724 2093 1783 2126 τοῦ
1794 2090 1884 2127 Θεοῦ
1903 2086 2161 2140 φιλανθρωπίας
2175 2087 2361 2136 ἀλλοτριοῖ,

1337 2145 1397 2183 καὶ
1411 2148 1462 2198 τῷ
1481 2151 1542 2193 τ’ῆς
1558 2147 1697 2199 γεέννης
1712 2148 1931 2202 παραδίδωσι
1949 2148 2051 2201 πυρὶ,
2071 2150 2118 2191 ὡς
2131 2151 2153 2194 ἡ
2175 2149 2237 2193 τῆς
2254 2149 2359 2199 ὓπερ-

1337 2206 1485 2258 ηφανίας
1502 2208 1670 2260 τυραννίς.
1688 2209 1828 2257 Ταύτης
1849 2209 1916 2262 γὰρ
1941 2213 2025 2260 ἡμῖν
2045 2207 2222 2260 παρούσης
2235 2237 2244 2255 ,
2269 2207 2360 2250 ἅπας

1336 2272 1436 2319 ἡμῶν
1469 2273 1487 2307 6
1520 2269 1592 2319 βίος
1620 2271 1814 2323 ἀκάθαρτος
1844 2270 1994 2322 γίνεται,
2031 2269 2094 2308 κᾶν
2124 2267 2358 2320 σωφροσύνην,

1337 2328 1400 2367 κᾶν
1422 2329 1624 2383 παρθενίαν,
1646 2330 1709 2368 κᾶν
1736 2331 1910 2379 νηστείαν,
1927 2331 1989 2369 κᾶν
2018 2329 2139 2382 εὐχὰς,
2159 2328 2223 2367 κᾶν
2258 2330 2358 2375 ἐλεη-

1338 2389 1506 2440 μοσύνην,
1536 2390 1599 2428 κᾶν
1634 2394 1743 2429 ὃτιουν
1778 2394 2002 2442 ἐπι-τελῶμεν.
2029 2390 2238 2442 Ἀκάθαρτος
2268 2389 2355 2441 γὰρ,

1337 2450 1440 2501 φησὶ,
1460 2450 1557 2503 παρὰ
1573 2451 1691 2524 Κυρίι)
1710 2458 1778 2494 πας
1806 2452 2068 2505 ὑψηλοκάρδιος.
2100 2450 2357 2489 Καταστέλλι)-

1338 2526 1400 2560 μεν
1420 2514 1476 2548 οὖν
1495 2515 1594 2549 τουτο
1612 2528 1651 2549 το
1672 2511 1815 2563 φύσημα
1845 2516 1906 2558 της
1929 2515 2063 2564 ψυχῆς,
2084 2527 2143 2550 και
2171 2512 2228 2550 τὸν
2254 2511 2355 2562 ὄγκον

1334 2586 1451 2609 τουτον
1468 2572 1758 2622 δάνακόπτωμεν,
1784 2572 1895 2623 εἴγεε
1881 2572 2053 2623 ἐθέλοιμεν
2074 2576 2160 2610 εἶναι
2188 2571 2354 2622 καθαροὶ,

1335 2632 1393 2669 καὶ
1418 2635 1479 2678 τῆς
1501 2635 1551 2684 τῷ
1573 2631 1725 2685 διαὸόλῳ
1743 2632 1905 2683 κειμένης
1923 2633 2148 2684 ἀπηλλάχθαι
2166 2632 2353 2676 κολάσεως.

1333 2691 1418 2730 εΌτι
1434 2692 1501 2745 γὰρ
1515 2693 1572 2731 τὸν
1594 2692 1741 2737 ἀλαζόνα
1755 2693 1799 2731 τὰ
1819 2692 1906 2730 αὐτὰ
1927 2694 2046 2745 ἐκείνῳ
2061 2696 2181 2731 παθεῖν
2198 2692 2333 2743 ἀνάγκῃ
2345 2722 2355 2739 ,

1335 2755 1478 2793 ἄκουσον
1501 2759 1560 2793 τοῦ
1586 2754 1727 2792 Παύλου
1750 2754 1923 2805 λέγοντος·
1942 2753 2002 2799 Μὴ
2026 2753 2198 2804 νεόφυτον,
2226 2752 2282 2790 ἵνα
2303 2752 2352 2803 μὴ

1333 2815 1515 2867 τυφωθεὶς,
1540 2817 1586 2857 εἷς
1601 2814 1710 2867 κρίμα
1726 2814 1859 2866 ἐμπέσῃ
1874 2814 1933 2851 καὶ
1948 2814 2080 2865 παγίδα
2099 2818 2158 2851 τοῦ
2177 2812 2352 2851 διαῧόλου.

1333 2880 1380 2919 Τί
1399 2883 1472 2918 ἐστι
1490 2879 1617 2930 κρίμα,
1636 2881 1696 2922 Εἰς
1712 2878 1774 2925 τὴν
1796 2878 1902 2924 αὐτὴν
1921 2907 1929 2926 ,
1950 2878 2052 2929 φησὶ,
2077 2877 2282 2924 καταδίκην,
2305 2880 2352 2920 εἷς

1332 2946 1393 2994 τὴν
1418 2944 1522 2991 αὐτὴν
1539 2944 1692 2982 κόλασιν.
1710 2944 1792 2984 Πῶς
1808 2938 1864 2980 οὖν
1886 2942 1925 2980 ἄν
1949 2958 2000 2984 τις
2028 2940 2169 2993 ἐκφύγοι
2195 2945 2294 2978 τοῦτο
2313 2941 2351 2978 τὸ

1332 3013 1451 3061 δεινὸν,
1478 3011 1602 3063 φησίν,
1632 3010 1678 3048 Εἴ
1697 3025 1737 3061 γε
1755 3009 1771 3029 ¹’
1785 3008 2026 3061 ἀναλογίσαιτο
2048 3007 2110 3054 τὴν
2142 3009 2263 3045 ἑαυτοῦ
2284 3006 2351 3058 φύ-

1329 3095 1396 3126 σιν,
1415 3077 1473 3115 καὶ
1492 3078 1559 3114 τῶν
1587 3076 1850 3127 ἁμαρτημάτων
1867 3075 1906 3112 τὸ
1930 3076 2058 3121 πλῆθος
2072 3104 2082 3122 ,
2108 3073 2167 3111 καὶ
2191 3076 2259 3110 τῶν
2281 3075 2351 3111 ἐκεῖ

1346 3200 1517 3232 momenti.

1390 3263 1403 3277 a
1425 3250 1541 3284 Morel.
1560 3257 1784 3293 ἀνακόπτωμεν.
1812 3248 1913 3284 Sax‘il.
1933 3254 2112 3293 ἐκιόψωμεν.
2133 3246 2255 3291 [Codd.
2273 3247 2347 3287 705,

1345 3305 1408 3336 706
1423 3302 1639 3345 ἐκκόπτωμεν.]

1391 3357 1406 3380 b
1431 3354 1530 3389 Savss.
1552 3359 1710 3397 λογίσαιτο.
