2522 3683
145 1245 173 1264 2.
186 1236 287 1264 Thess.
303 1245 312 1263 1
322 1257 328 1263 .

144 1286 173 1314 9.

146 1383 222 1411 Ilyitl.
239 1392 307 1423 2.7.

141 1963 325 1992 Itmtz,2.12.

351 226 440 269 δυ’),

404 322 438 358 5.
469 324 521 360 Ac
541 322 613 360 scio
631 323 795 374 equidem
822 325 911 363 nihil
940 327 1057 365 verbis
1071 327 1146 366 istis
1166 330 1328 381 injucun-

350 374 432 411 dius
446 374 548 412 vobis
559 389 633 413 esse
647 392 654 412 :
668 377 758 414 mihi
778 391 860 415 vero
880 379 968 416 nihil
982 389 1032 417 est
1050 381 1106 418 his
1120 382 1327 432 jucundius.

354 426 497 464 Utinam
511 428 603 466 enim
617 443 754 482 semper
765 439 798 468 et
811 431 975 469 continuo
990 433 1034 470 de
1050 433 1208 484 gehenna
1222 436 1329 473 verba

348 480 542 518 faceremus
570 495 650 531 nos,
684 482 770 520 dum
800 483 989 535 prandium
1025 487 1213 537 sumimus,
1241 488 1328 525 dum

350 546 542 583 coenamus,
563 534 650 572 dum
677 535 858 582 tammum
878 537 967 574 nihil
995 538 1040 575 ob
1066 553 1106 576 ea
1127 540 1235 588 mala,
1252 555 1330 591 qum

349 585 451 622 nobis
467 586 525 623 hic
538 587 717 637 accidunt,
731 589 1041 639 contristaremur;
1059 591 1149 629 nihil
1162 593 1208 630 ob
1221 593 1327 645 hona,

349 638 478 688 quibus
497 639 664 687 fruimur,
685 640 929 691 gauderemus.
947 643 1052 688 Quod
1070 644 1179 690 enim,
1197 660 1327 696 quaeso,
1339 674 1386 698 MS

350 691 484 727 malum
505 690 621 729 dicere
642 693 765 743 potes?
788 704 1043 746 paupertatem,
1064 698 1244 747 morbum,
1267 714 1329 737 ca·
1356 712 1377 741 Α

349 743 562 794 ptivitatem,
581 745 738 797 corporis
756 747 1041 786 mutilationem?
1061 752 1106 788 At
1121 750 1196 789 haec
1212 753 1330 791 omnia

349 795 440 833 risus
462 805 556 845 sunt,
575 796 603 833 si
625 812 705 835 cum
723 798 868 837 alterius
890 800 970 839 vitae
995 803 1171 854 supplicio
1188 818 1330 857 compa-

349 857 481 885 rentur.
509 849 607 887 Licet
635 864 692 888 eos
719 852 780 902 qui
804 862 975 905 perpetuo
999 855 1091 893 fame
1112 857 1327 905 cruciantur,

347 901 526 951 proferas3
546 902 629 940 licet
642 918 700 941 eos
714 905 775 955 qui
795 919 815 942 a
834 906 950 957 prima
965 908 1040 959 jam
1061 918 1162 947 aetate
1176 911 1331 948 mutilati

348 963 444 1001 sunt,
461 963 494 991 et
507 954 635 1006 stipem
653 966 779 1008 petunt
794 973 802 994 :
817 958 951 996 deliciae
972 969 1053 998 sunt
1072 961 1139 1000 ista
1158 976 1239 1001 cum
1258 963 1330 1001 illis

347 1006 451 1044 malis
479 1008 618 1046 collata.
641 1009 858 1060 Frequenter
887 1013 1011 1063 igitur,
1033 1013 1269 1064 dilectissimi,
1285 1015 1330 1054 de

346 1059 450 1096 rebus
464 1059 541 1097 istis
559 1075 755 1100 sermonem
768 1063 975 1113 habeamus,
994 1079 1119 1116 easque
1135 1077 1250 1105 mente
1261 1068 1331 1106 lin-

346 1124 484 1162 guaque
514 1127 693 1152 versemus
715 1131 723 1151 τ
743 1129 812 1153 non
840 1117 933 1154 enim
963 1117 1119 1156 incidere
1134 1133 1198 1157 nos
1215 1120 1251 1158 in
1272 1134 1331 1172 ge-

346 1164 498 1202 hennam
526 1166 610 1203 sinit
633 1167 799 1218 gehennae
820 1169 1004 1207 memoria.
1022 1171 1100 1208 Non
1117 1171 1220 1210 audis
1238 1174 1331 1211 Pau-

346 1216 420 1254 lum
435 1217 611 1256 dicentem
627 1235 634 1255 ε
657 1221 732 1270 Qui
742 1235 875 1272 poenas
890 1223 1039 1260 dabunt
1055 1233 1220 1263 oeternas
1232 1228 1330 1279 afa-

298 1287 301 1289 ·
346 1273 403 1307 cie
418 1272 605 1308 Domini?
626 1286 694 1310 non
721 1273 823 1311 audis
845 1274 959 1324 qualis
974 1276 1080 1313 fuerit
1098 1278 1206 1326 Nero,
1225 1293 1331 1329 quem

346 1323 451 1360 etiam
491 1324 699 1363 Antichristi
735 1327 946 1379 mysterium
980 1329 1112 1367 Paulus
1145 1332 1330 1383 appellat?

346 1377 450 1413 Nam
470 1380 711 1425 mysterium,
730 1379 861 1429 inquit,
877 1383 965 1433 jam
990 1392 1171 1433 operatur
1188 1386 1331 1437 iniqui-

346 1432 451 1466 tatis.
468 1429 566 1476 Quid
580 1430 714 1481 igitur?
731 1432 867 1470 nihilne
880 1433 1034 1484 patietur
1051 1436 1158 1487 Nero,
1174 1437 1236 1487 qui
1249 1452 1330 1490 sup-

343 1481 452 1533 plicio
464 1483 610 1520 Petrum
623 1493 657 1521 et
672 1485 825 1523 Paulum
835 1487 978 1524 affecit?
993 1487 1084 1525 nihil
1097 1491 1330 1540 patieturAn-

344 1534 553 1573 tichristus?
568 1536 659 1574 nihil
673 1537 860 1576 diabolus?
877 1539 999 1589 Itaque
1014 1554 1076 1578 nec
1092 1542 1332 1581 Antichristus

343 1601 405 1624 nec
422 1587 587 1626 diabolus
616 1604 785 1641 umquam
809 1591 855 1629 ab
877 1591 1103 1644 improbitate
1133 1595 1329 1646 discedent,

344 1654 424 1677 cum
449 1656 516 1678 non
545 1642 750 1693 puniantur.
780 1646 871 1694 Imo,
894 1644 1029 1696 inquit,
1049 1646 1111 1684 sed
1135 1648 1331 1698 geliennam

343 1693 489 1742 quidem
503 1709 575 1731 esse
588 1695 702 1733 cuivis
716 1706 935 1748 compertum
948 1707 1015 1748 θεῖ,
1029 1708 1064 1737 at
1077 1699 1238 1739 infideles
1254 1711 1330 1739 tan-

344 1754 419 1783 tum
432 1746 467 1783 in
480 1760 557 1784 eam
578 1747 746 1786 incident.
766 1751 884 1796 Quam
898 1751 944 1787 ol)
957 1765 1099 1789 eausam
1110 1753 1127 1790 Ξ)
1140 1753 1214 1804 dic,
1236 1769 1330 1804 quae-

344 1813 393 1835 so.
429 1800 587 1837 hionium
604 1800 737 1847 fideles,
753 1801 882 1852 inquit,
901 1804 1096 1842 Dominum
1110 1820 1215 1844 suum
1228 1821 1332 1858 agno-

344 1861 482 1889 verunt.
509 1852 606 1898 Quid
630 1854 732 1891 tum?
755 1855 897 1905 quando
931 1857 1025 1894 enim
1062 1857 1204 1910 impura
1225 1860 1333 1898 fuerit

345 1904 431 1953 vita,
452 1907 601 1957 majores
620 1906 686 1943 hac
706 1906 750 1944 de
769 1922 872 1944 causa
889 1923 996 1959 quam
1025 1910 1185 1949 infideles
1211 1927 1332 1964 poenas

343 1955 481 1995 dubunt
504 1974 511 1994 :
533 1958 709 2008 siquidem
723 1961 1051 2013 Quieumquesine
1062 1964 1143 2015 lege
1154 1979 1333 2016 peccave-

344 2013 536 2059 runt,sine
548 2012 629 2062 lege
639 2016 976 2065 quoqueperibunt
985 2030 996 2050 :
1006 2024 1042 2052 et
1052 2019 1283 2070 quicumque
1293 2022 1334 2056 in

345 2063 425 2113 lege
445 2073 716 2114 peecaverunt,
736 2079 806 2116 per
825 2066 947 2118 legem
968 2069 1266 2119 judicabuntur;
1283 2080 1330 2121 et,

143 2116 325 2153 'mv-1247·
341 2111 480 2153 Servus
495 2119 561 2168 qui
577 2121 755 2169 cognovit
777 2119 1020 2157 voluntatem
1035 2122 1183 2159 domini
1199 2126 1274 2170 sui,
1297 2133 1334 2162 et

142 2333 210 2359 Jac.
231 2341 258 2359 2,
280 2340 323 2370 ¹9·

149 2768 173 2785 ι,
192 2756 328 2788 Cor,G.3.

147 2861 257 2889 Matth.
284 2868 329 2889 12.

144 2906 195 2940 (1¹-

146 2959 224 2987 lln‘d.
248 2967 292 2989 ιΟ.

151 3000 195 3028 15.

344 2170 535 2221 nonseeit,
547 2171 752 2221 vapulabit
764 2172 909 2210 multis.
923 2172 1030 2218 Quod
1040 2173 1068 2211 si
1086 2175 1192 2212 nullae
1220 2185 1333 2215 trans-

343 2231 428 2258 actae
446 2221 527 2259 vitai
546 2221 672 2260 dandae
690 2233 769 2261 sunt·
782 2238 909 2276 poenae,
930 2224 991 2262 sed
1006 2225 1082 2264 haec
1094 2235 1223 2266 temere
1237 2229 1332 2267 dicta

344 2283 437 2323 sunt,
447 2288 558 2324 neque
569 2275 734 2313 diabolus
745 2277 926 2328 punietur.
937 2279 1029 2315 Nam
1041 2288 1074 2317 et
1088 2281 1205 2318 Deum
1219 2283 1331 2329 novit,
1351 2292 1375 2323 C

343 2336 448 2377 atque
472 2327 558 2365 adeo
583 2329 694 2366 multo
724 2329 852 2367 melius
872 2344 979 2380 quam
998 2331 1178 2382 homines;
1197 2343 1229 2371 et
1248 2349 1331 2372 vero

343 2379 520 2417 daemones
540 2394 660 2419 omnes
681 2390 714 2419 et
733 2382 848 2419 sciunt
867 2397 962 2433 eum,
987 2393 1021 2421 et
1041 2386 1328 2437 contremiscunt,

343 2447 494 2483 cumque
515 2433 676 2485 judicem
710 2435 934 2473 confitentur.
958 2436 995 2474 Si
1016 2451 1099 2489 ergo
1129 2439 1211 2477 vitae
1240 2441 1329 2480 ratio

344 2485 522 2523 reddenda
540 2500 608 2523 non
625 2495 690 2533 est,
711 2501 826 2537 neque
843 2503 1035 2540 pravarum
1056 2491 1253 2542 actionum,
1272 2493 1330 2531 isti

343 2539 448 2575 etiam
472 2538 635 2577 evadent.
659 2540 734 2577 Hoc
753 2555 820 2578 non
842 2542 889 2578 ita
909 2542 1081 2591 sehabet,
1104 2558 1172 2582 non
1190 2545 1253 2595 ita,
1272 2546 1329 2583 in-

345 2604 466 2639 quam,
502 2606 537 2629 se
561 2592 667 2630 habet
687 2593 819 2632 :nolite
840 2608 901 2632 vos
929 2595 1063 2643 fallere,
1095 2596 1327 2636 dilectissimi.

344 2644 436 2679 Nam
458 2643 486 2680 si
504 2658 570 2681 non
585 2654 635 2682 est
652 2646 826 2696 gehenna,
855 2648 1032 2696 quomodo
1054 2648 1242 2688 duodecim
1269 2652 1329 2689 tri-

344 2694 412 2731 lius
427 2696 706 2747 Israeljudicunt
720 2699 895 2750 apostoli?
914 2701 1093 2750 quomodo
1109 2702 1220 2753 inquit
1238 2706 1329 2743 Pau-

346 2747 401 2784 lus
423 2762 430 2782 :
455 2750 633 2797 Nescitis,
660 2754 844 2803 quoniam
867 2754 1024 2804 angelos
1049 2757 1297 2795 'udin-abimus
1314 2762 1330 2794 P

346 2809 494 2851 quanto
511 2805 632 2852 magis
643 2805 846 2842 soecularia
858 2809 873 2842 Ρ
886 2770 1065 2856 quomodlo
1076 2817 1194 2846 autem
1207 2824 1329 2847 rursus

347 2852 488 2890 dicebat
503 2854 664 2892 Christus
685 2871 692 2892 :
715 2859 796 2894 I'iri
809 2859 996 2896 Ninivitoe
1009 2870 1163 2912 surgent
1177 2864 1329 2914 injudi-

347 2908 419 2952 cio,
435 2914 469 2942 et
487 2908 797 2946 condemnabunt
822 2914 1111 2962 generationem
1131 2916 1261 2961 istam,
1279 2925 1327 2965 et,

352 2959 610 2996 Tolerabilius
625 2963 695 2997 eric
716 2970 826 2999 terrie
844 2964 1095 3002 Sodomorum
1111 2975 1145 3004 et
1163 2968 1328 3006 Gomor-

346 3012 426 3047 rliae
439 3014 480 3047 in
496 3011 732 3062 diejutlicii?
751 3015 822 3050 Cur
842 3014 951 3065 igitur
969 3017 1064 3055 ludis
1086 3018 1121 3055 in
1142 3020 1247 3058 rebus
1263 3020 1330 3057 mi-
1351 3025 1374 3054 D

347 3063 626 3100 nimeludicris?
646 3078 709 3101 cur
734 3066 881 3117 teipsum
904 3068 1012 3117 fallis,
1032 3084 1073 3107 ae
1091 3071 1224 3123 decipis
1245 3073 1327 3111 ani-

347 3130 442 3154 mam
470 3125 582 3165 tuam,
614 3116 661 3152 nii
694 3116 827 3155 homo?
853 3133 916 3155 cur
940 3131 1057 3158 autem
1091 3124 1154 3161 Dei
1187 3139 1328 3175 quoque

346 3168 557 3219 benignitati
584 3171 787 3220 repugnas?
805 3171 991 3223 Propterea
1019 3189 1168 3225 namque
1195 3178 1326 3225 gehen-

349 3235 428 3258 nam
449 3222 601 3273 paravit,
623 3231 654 3258 et
675 3222 828 3259 iiiinatus
853 3233 924 3272 est,
946 3239 988 3262 nc
1019 3227 1053 3263 in
1083 3241 1159 3264 cani
1185 3229 1325 3267 incida—

350 3288 446 3321 mus,
477 3274 601 3311 timore
626 3275 737 3312 effecti
766 3275 936 3313 meliores.
966 3278 1087 3328 Itaque
1116 3280 1158 3324 is,
1190 3282 1249 3329 qui
1284 3282 1327 3319 dc

351 3425 353 3427 .
393 3395 403 3410 ³
429 3386 520 3417 Unus
537 3390 647 3423 πολλά,-
671 3386 767 3427 {Mox
785 3388 842 3419 Sui
855 3387 885 3420 il.
906 3393 1002 3426 ἁπλῶς
1019 3396 1065 3423 καὶ
1085 3392 1172 3433 sia-jd

1298 249 1468 279 senum,

1453 331 1522 369 Καὶ
1546 324 1620 368 οἶδα
1645 329 1720 380 μὲν,
1753 330 1806 368 ὅτι
1836 331 1931 368 οὐδὲν
1958 331 2163 383 ἀηδέστερον
2190 332 2317 371 τούτων
2339 335 2419 383 ὑμῖν

1400 387 1467 422 τῶν
1499 384 1610 435 λόγων
1628 398 1635 405 ·
1660 383 1736 420 ἀλλ’
1758 383 1834 433 ἐμοὶ
1853 383 1981 421 τούτων
2010 384 2104 422 οὐδέν
2133 387 2224 423 ἐστιν
2245 385 2420 436 ἡδύτερον.

1402 437 1481 475 Εἴθε
1500 436 1567 488 γὰρ
1581 431 1623 484 ἦν
1645 435 1698 474 ἀεὶ
1718 435 1777 473 καὶ
1797 435 1854 473 διὰ
1870 436 1998 480 παντὸς
2018 437 2097 489 περὶ
2111 437 2249 489 γεέννης
2265 438 2421 488 διαλέγε-

1400 493 1478 527 σθαι
1499 492 1609 539 ἡμᾶς,
1631 488 1690 526 καὶ
1710 489 2078 540 ἀριστοποιουμένους,
2102 490 2160 528 καὶ
2181 491 2422 535 δειπνοῦντας,

1398 543 1458 581 καὶ
1473 542 1693 592 λουομένους·
1721 540 1797 579 οὐδὲ
1817 541 1884 592 γὰρ
1902 541 1940 579 ἂν
1961 542 2165 594 ἠλγήσαμεν
2184 549 2254 586 τοῖς
2275 545 2422 580 ἐνταῦθα

1399 596 1538 641 δεινοῖς,
1556 597 1618 633 οὐκ
1632 594 1671 632 ἂν
1687 595 1843 644 ἥσθημεν
1863 599 1933 637 τοῖς
1949 595 2180 646 χρηστοῖς.Τί
2201 595 2267 648 γάρ
2289 611 2347 646 μοι
2362 596 2421 633 καὶ

1399 650 1507 686 εἰπεῖν
1532 647 1622 698 ἔγεις
1641 647 1771 694 δεινόν,
1793 646 1927 691 πενίαν,
1946 649 2055 694 νόσον,
2073 648 2331 700 αἰχμαλωσίαν,
2346 648 2421 694 πή-

1402 717 1504 753 ρωσιν
1525 694 1705 751 σώματος,
1725 699 1828 738 Ἀλλὰ
1847 699 1961 737 πάντα
1985 704 2096 737 ταῦτα
2114 700 2222 752 γέλως
2253 701 2319 739 εἶσὶ
2337 700 2423 751 πρὸς

1399 753 1461 801 τὴν
1482 757 1553 792 ἐκεῖ
1579 753 1733 792 κόλασιν.
1763 753 1835 791 Κᾶν
1865 752 1942 796 τοὺς
1962 753 2004 790 δι’
2030 752 2108 791 ὅλου
2136 753 2424 804 βασανιζομένους

1399 809 1492 858 λιμῷ
1511 805 1616 858 λέγῃς
1629 822 1636 829 ·
1657 807 1726 844 κᾶν·
1741 806 1819 846 τοὺς
1835 808 1873 844 ἐκ
1893 805 2035 857 πρώτης
2056 806 2194 851 ἡλικίας
2209 806 2422 858 πεπηρωμέ-

1399 874 1475 903 νους
1489 860 1547 897 καὶ
1557 862 1830 911 προσαιτοῦντας
1842 890 1850 906 ,
1867 858 1977 911 τρυφὴ
1989 859 2099 897 ταῦτά
2113 861 2178 896 εἶσι
2190 888 2199 905 ,
2215 859 2299 911 πρὸς
2311 862 2424 897 ἐκεῖνα

1399 911 1442 949 τὰ
1462 911 1566 950 κακά.
1584 914 1746 964 Συνεχῶς
1765 912 1890 959 τοίνυν,
1912 911 2084 963 ἀγαπητοῖ
2098 943 2107 959 ,
2125 912 2325 964 στρέφωμεν
2346 911 2424 954 τοὺς

1399 964 1479 1017 περὶ
1495 965 1626 1002 τούτων
1645 965 1766 1016 λόγους
1777 994 1787 1011 ,
1804 965 1863 1003 καὶ
1877 968 1910 1003 ἐν
1928 964 2060 1016 διανοίᾳ
2074 995 2082 1009 ,
2102 964 2161 1002 καὶ
2177 964 2234 1003 ἐπὶ
2248 964 2423 1015 γλώττης·

1399 1019 1436 1054 οὐ
1453 1016 1520 1070 γὰρ
1541 1017 1680 1070 ἀφίησιν
1701 1020 1862 1067 ἐμπεσεῖν
1883 1020 1929 1060 εἷς
1946 1016 2085 1068 γέενναν
2104 1017 2142 1055 τὸ
2160 1020 2357 1068 μεμνῆσθαι
2371 1034 2425 1069 γε-

1399 1069 1508 1115 έννης.
1537 1072 1614 1108 Οὐκ
1636 1070 1771 1113 ἀκούεις
1799 1069 1941 1108 Παύλου
1966 1069 2144 1121 λέγοντος,
2169 1070 2305 1113 Οἵτινες
2325 1070 2424 1117 δίκην

1398 1121 1549 1160 τίσουσιν
1570 1121 1706 1160 αἰώνιον
1728 1123 1797 1161 ἀπὸ
1819 1121 2005 1174 προσώπου
2026 1123 2175 1174 Κυρίου,
2195 1125 2272 1161 Οὐκ
2290 1122 2425 1167 ἀκούεις

1399 1168 1466 1218 οἶος
1483 1177 1500 1212 ὃ
1516 1175 1637 1225 Νέρων
1658 1175 1803 1225 ἐγένετο,
1835 1175 1870 1213 ὃν
1899 1175 1958 1212 καὶ
1978 1176 2166 1227 μυστήριον
2184 1179 2242 1212 τοῦ
2264 1175 2420 1227 ἀντιχρί-

1400 1243 1480 1265 στου
1501 1229 1601 1265 καλεῖ
1620 1230 1636 1264 ὁ
1654 1228 1813 1274 Παῦλος,
1835 1227 1887 1265 Τὸ
1906 1226 1972 1281 γᾲρ
1999 1228 2204 1279 μυστήριον,
2221 1228 2337 1279 φησὶν,
2357 1229 2423 1275 ἤδη

1400 1282 1589 1333 ἐνεργεῖται
1604 1283 1665 1327 τῆς
1683 1280 1894 1330 ἀνομίας-Τί
1912 1283 1988 1327 οὖν,
2013 1280 2109 1318 οὐδὲν
2145 1280 2304 1319 πείσεται
2323 1283 2340 1317 ὁ
2360 1280 2425 1319 Νέ-

1403 1348 1469 1383 ρων
1485 1336 1502 1371 ὁ
1518 1333 1651 1386 Πέτρον
1672 1333 1731 1371 καὶ
1750 1335 1891 1371 Παῦλον
1907 1333 2110 1384 τιμωρήσας
2124 1350 2133 1380 ,
2155 1332 2250 1371 οὐδὲν
2266 1333 2425 1372 πείσεται

1400 1388 1417 1423 ὃ
1434 1385 1651 1438 ἀντίχριστος
1662 1417 1671 1434 ,
1691 1385 1785 1425 οὐδὲν
1802 1389 1819 1424 ὃ
1836 1385 2009 1433 διάέολος,
2027 1387 2160 1424 Οὐκοῦν
2173 1389 2190 1424 ὃ
2207 1387 2425 1439 ἀντίχριστος

1400 1439 1460 1476 καὶ
1476 1442 1493 1477 ὁ
1508 1432 1666 1482 δῖάὸολος
1684 1442 1744 1477 οὐκ
1763 1438 2020 1485 ἀποστήσονταί
2031 1454 2115 1477 ποτε
2133 1443 2195 1486 τῆς
2207 1440 2333 1483 κακίας
2344 1468 2353 1485 ,
2374 1439 2423 1490 μὴ

1401 1491 1639 1543 κολαζόμενοι.
1662 1491 1757 1540 Ναὶ,
1773 1492 1876 1545 φησίν
1894 1508 1899 1513 ·
1923 1493 2000 1530 ἀλλ’
2028 1491 2081 1530 ὅτι
2102 1491 2164 1542 μέν
2191 1494 2264 1530 ἐστι
2284 1493 2426 1536 κόλασις

1400 1545 1460 1583 καὶ
1478 1545 1618 1594 γέεννα,
1639 1545 1742 1583 παντί
1759 1561 1824 1583 που
1843 1545 1962 1591 δῆλον·
1982 1547 2012 1583 οἱ
2030 1544 2064 1584 δὲ
2081 1545 2221 1583 ἄπιστοι
2238 1547 2426 1594 ἐμπεσοῦν-

1400 1613 1457 1635 ται
1478 1597 1587 1648 μόνοι.
1604 1597 1706 1642 Τίνος
1725 1598 1852 1645 ἕνεκεν,
1873 1597 1949 1636 εἰπέ
1968 1613 2046 1649 μοι,
2063 1597 2167 1644 εΌτι,
2186 1598 2304 1649 φησὶν,
2322 1601 2353 1636 οἱ
2367 1615 2425 1636 πι-

1401 1650 1474 1689 στοὶ
1505 1650 1562 1689 τὸν
1594 1650 1775 1696 Δεσπότην
1805 1651 2004 1702 ἐπέγνωσαν
2037 1650 2104 1704 τὸνν
2126 1653 2268 1690 ἑαυτῶν.
2296 1650 2366 1689 Καὶ
2390 1651 2425 1688 τί

1399 1707 1520 1751 τοῦτο,
1556 1703 1638 1742 ὅταν
1667 1703 1734 1756 γὰρ
1749 1707 1766 1742 ὁ
1784 1703 1855 1755 βίος
1872 1703 2065 1755 ἀκάθαρτος
2082 1706 2126 1753 ᾐ,
2143 1702 2282 1754 μείζονα
2297 1704 2356 1742 καὶ
2371 1704 2427 1742 διὰ

1399 1761 1499 1795 τοῦτο
1515 1756 1664 1794 δώσουσι
1680 1757 1777 1803 δίκην
1794 1760 1862 1794 τῶν
1884 1756 2040 1794 ἀπίστων
2054 1771 2061 1778 ·
2076 1754 2183 1794 ςὈσοι
2201 1756 2287 1808 γὰρ,
2307 1756 2424 1808 φησὶν,

1401 1809 1538 1859 ἀνόμως
1555 1808 1725 1862 ἥμαρτον,
1743 1809 1879 1860 ἀνόμως
1894 1809 1953 1846 καὶ
1973 1810 2181 1847 ἀπολοῦνται
2196 1825 2203 1832 ·
2226 1809 2285 1847 καὶ
2301 1809 2374 1848 ὅσοι
2389 1811 2424 1873 εἶν

1400 1862 1495 1915 νόμῳ
1510 1862 1680 1914 ἥμαρτον,
1697 1861 1754 1900 διὰ
1769 1862 1875 1913 νόμου
1898 1861 2142 1913 κριθήσονται·
2165 1861 2244 1908 καὶ,
2266 1861 2310 1901 ‘O
2330 1865 2423 1927 οἶκε-

1400 1931 1462 1961 της
1477 1918 1494 1952 ὃ
1509 1914 1607 1957 εἰδὼς
1618 1915 1657 1954 τὸ
1671 1915 1807 1966 θέλημα
1821 1919 1880 1952 τοῦ
1896 1914 2025 1966 Κυρίου
2044 1915 2147 1952 αὐτοῦ
2157 1945 2167 1962 ,
2183 1915 2241 1953 καὶ
2260 1914 2307 1965 μὴ
2324 1931 2426 1961 ποιη-

1402 1983 1464 2010 σας
1479 1997 1488 2015 ,
1510 1971 1523 1987 ³
1539 1967 1728 2018 δαρήσεται
1755 1968 1882 2006 πολλά.
1907 1969 1952 2006 Εἰ
1979 1966 2014 2005 δὲ
2037 1969 2098 2005 οὐκ
2122 1967 2194 2005 ἔστι
2215 1968 2288 2019 βίου
2310 1970 2424 2006 δοῦναι

1402 2019 1513 2067 δίκην,
1533 2022 1609 2058 ἀλλ’
1629 2021 1748 2063 ἁπλῶς
1770 2025 1880 2059 ταῦτα
1896 2020 2050 2073 εἴρηται,
2063 2019 2142 2076 ,οὐδὲ
2161 2023 2179 2057 ὃ
2199 2020 2357 2064 διάὸολος
2374 2037 2425 2059 τι-

1403 2072 1662 2127 μωρηθήσεται.
1689 2075 1758 2112 Καὶ
1775 2073 1842 2125 γὰρ
1863 2073 1920 2111 τὸν
1940 2073 2030 2112 Θεὸν
2049 2074 2139 2121 οἶδε,
2154 2073 2214 2112 καὶ
2233 2073 2424 2126 ἀνθρώπων

1403 2128 1535 2175 μᾶλλον
1551 2127 1690 2178 πολλῷ·
1711 2125 1770 2165 καὶ
1790 2130 1822 2166 οἱ
1851 2126 2009 2177 δαίμονες
2028 2126 2064 2164 δὲ
2087 2125 2213 2170 πάντες
2231 2127 2289 2164 καὶ
2310 2126 2423 2165 ἴσασιν

1402 2179 1516 2224 αὐτὸν,
1537 2179 1595 2217 καὶ
1617 2179 1817 2232 φρίττουσι,
1845 2180 1905 2217 καὶ
1923 2178 2044 2233 κριτὴν
2066 2179 2166 2217 αὐτὸν
2187 2180 2423 2231 ὁμολογοῦσιν.

1402 2233 1446 2269 Εἰ
1471 2231 1584 2271 τοίνυν
1619 2232 1692 2283 βίου
1723 2234 1784 2270 οὐκ
1803 2232 1876 2270 ἔστι
1895 2234 2009 2286 δοῦνωαι
2028 2232 2141 2283 λόγον,
2164 2232 2240 2271 οὐδὲ
2264 2233 2422 2283 πονηρῶν

1400 2284 1574 2336 πράξεων,
1601 2284 1836 2336 διαφεύξονται
1859 2285 1917 2323 καὶ
1946 2288 2050 2322 οὗτοι.
2085 2286 2162 2322 Οὐκ
2193 2285 2267 2322 ἔστι
2292 2289 2421 2346 ταῦτα,

1401 2339 1463 2374 οὐκ
1500 2337 1575 2375 ἔστι
1599 2352 1607 2360 ·
1656 2337 1704 2387 μὴ
1744 2337 1883 2380 ἑαυτοὺς
1929 2339 2086 2374 ἀπατᾶτε
2100 2367 2109 2384 ,
2147 2336 2331 2388 ἀγαπητοί.
2380 2338 2422 2374 1Σῖ

1399 2388 1466 2442 γὰρ
1494 2389 1543 2440 μή
1570 2391 1645 2428 ἐστι
1668 2389 1806 2440 γέεννα,
1826 2392 1900 2433 πῶς
1931 2389 2084 2442 κρίνουσι
2117 2389 2177 2433 τὰς
2208 2389 2341 2427 δώδεκα
2360 2405 2422 2441 φυ-

1398 2441 1462 2484 λὰς
1490 2446 1549 2479 τοῦ
1566 2443 1710 2495 Ἰσραὴλ
1724 2445 1754 2480 οἱ
1779 2442 1984 2489 ἀπόστολοι,
2013 2445 2086 2486 πῶς
2111 2458 2214 2494 φησιν
2232 2446 2249 2480 ὁ
2264 2444 2420 2485 Παῦλος·

1399 2497 1475 2533 Οὐκ
1502 2495 1638 2543 οἴδατε,
1660 2495 1712 2534 ὅτι
1741 2495 1904 2547 ἀγγέλους
1937 2500 2137 2546 κρινοῦμεν,
2170 2495 2313 2547 μήτοιγε
2335 2498 2420 2545 βιω-

1398 2547 1499 2596 τικά,
1531 2551 1605 2593 πῶς
1626 2548 1660 2586 δὲ
1687 2548 1791 2586 πάλιν
1820 2551 1837 2586 ὃ
1865 2548 2015 2602 Χριστος
2033 2547 2167 2599 ἔλεγεν·
2195 2548 2331 2600 Ἄνδρες
2352 2549 2420 2586 ’Νι-

1398 2607 1528 2638 νευῖται
1548 2601 1801 2648 ἀναστήσονται
1821 2603 1854 2638 ἐν
1874 2606 1916 2653 τῇ
1938 2600 2069 2652 κρίσει,
2099 2601 2158 2639 καὶ
2177 2603 2422 2653 κατακρινοῦσι

1398 2652 1461 2699 τὴν
1481 2654 1600 2704 γενεὰν
1625 2654 1769 2701 ταύτην,
1801 2654 1880 2700 καὶ,
1912 2653 2146 2704 Ἀνεκτότερον
2169 2653 2266 2691 ἔσται
2304 2657 2346 2704 τῇ
2376 2656 2419 2705 γῇ

1400 2705 1566 2757 Σοδόμων
1586 2708 1644 2745 καὶ
1668 2707 1847 2759 Γομόρρας
1869 2709 1903 2745 ἐν
1923 2706 2038 2758 ἡμέρᾳ
2057 2706 2222 2757 κρίσεως,
2243 2707 2290 2744 Τί
2309 2705 2420 2770 τοίνυν

1399 2758 1531 2802 παίζεις
1551 2763 1584 2798 ἐν
1600 2762 1637 2798 οὐ
1660 2766 1819 2803 παικτοῖς
1839 2760 2040 2812 πράγμασι,
2058 2760 2091 2797 τί
2110 2761 2246 2811 ἀπατᾷς
2265 2774 2421 2803 σεαυτον,

1399 2812 1457 2849 καὶ
1472 2812 1685 2864 παραλογίζῃ
1705 2812 1767 2859 τὴν
1782 2813 1897 2865 ψυχήν
1911 2829 1984 2857 σου,
2000 2812 2181 2863 ἄνθρωπε,
2197 2813 2231 2849 τί
2249 2813 2284 2850 δὲ
2304 2811 2363 2849 καὶ
2379 2815 2420 2862 τῇ

1399 2869 1458 2902 τοῦ
1485 2867 1576 2903 Θεοῦ
1606 2865 1848 2918 φιλανθρωπία
1881 2864 2105 2916 ι’ἀντιμάχῃ,
2138 2864 2205 2902 Διὰ
2232 2865 2298 2916 γὰρ
2323 2869 2423 2902 τοῦτο

1400 2917 1459 2955 καὶ
1477 2916 1648 2967 ἡτοίμασε
1666 2917 1728 2964 τὴν
1745 2918 1896 2968 γέενναν,
1917 2917 1977 2955 καὶ
1995 2917 2197 2964 ἠπείλησεν,
2214 2917 2271 2955 ἵνα
2291 2917 2338 2968 μὴ
2361 2920 2421 2967 ε’μ-

1400 2969 1561 3019 πέσωμεν
1577 2972 1610 3007 ἐν
1632 2971 1716 3021 αὐτῇ
1730 3000 1739 3017 ,
1758 2973 1806 3022 τῷ
1823 2970 1917 3021 ,adop
1935 2969 2088 3020 βελτίους
2103 2969 2292 3020 γενόμενοι.
2311 2970 2421 3007 ‘'stc-ts

1403 3022 1489 3060 ὃτὸν
1506 3022 1586 3073 περὶ
1606 3022 1734 3060 τούτων
1759 3025 1907 3073 ἀναιρῶν
1926 3021 2026 3074 λόγον
2044 3023 2139 3060 οὐδὲν
2163 3022 2276 3074 ἕτερον
2291 3022 2421 3060 λανθά-

1403 3090 1453 3112 νει
1479 3077 1587 3112 ποιῶν
1606 3074 1628 3120 ἢ
1648 3077 1695 3118 εἷς
1713 3074 1819 3121 αὐτὴν
1838 3074 1900 3121 τὴν
1921 3074 2058 3125 γέενναν
2090 3074 2209 3112 ἑαυτὸν
2234 3075 2339 3122 ὠθεῖ,
2364 3074 2421 3111 καὶ

1404 3126 1572 3177 ἕμῧάλλει
1594 3127 1649 3165 διὰ
1668 3130 1730 3172 τῆς
1753 3127 1888 3173 ἀπάτης
1907 3128 2045 3173 ταύτης.
2066 3127 2124 3174 Μὴ
2146 3127 2258 3164 τοίνυν
2277 3126 2422 3191 ἐκλύσης

1402 3179 1463 3222 τὰς
1476 3185 1597 3230 ’χεῖρας
1612 3182 1679 3217 τῶν
1701 3179 1785 3230 ὑπὲρ
1805 3181 1929 3232 ἀρετῆς
1950 3179 2160 3223 πονούντων,
2184 3178 2272 3229 μηδὲ
2295 3182 2421 3217 ἐπιτει-

1402 3247 1462 3277 νης
1479 3224 1541 3278 τὴν
1559 3231 1728 3284 ῥᾳθυμίαν
1745 3233 1812 3268 τῶν
1833 3232 2078 3270 καθευδόντων.
2104 3234 2146 3269 Ei
2164 3231 2230 3282 γὰρ
2251 3235 2420 3269 πεισθεῖεν

1402 3274 1432 3321 οἷ
1445 3285 1566 3321 πολλοὶ
1581 3315 1590 3331 ,
1605 3283 1657 3322 ὅτι
1674 3284 1793 3335 γέεννα
1809 3285 1870 3321 οὐκ
1886 3284 1976 3331 ἔστι,
1993 3284 2076 3322 πότε
2092 3283 2345 3329 ἀποστήσονται
2359 3287 2420 3330 τῆς

1461 3395 1476 3418 ¹³
1502 3396 1607 3439 [μάχῃ
1628 3407 1655 3426 v.
1677 3393 1696 3425 1.
1718 3406 1769 3436 ap.
1789 3392 1946 3426 Savitium
1963 3401 1993 3425 et
2012 3392 2129 3438 Chrys
2150 3392 2170 3424 1.
2190 3394 2236 3434 ‹·.]
