2481 3678
786 215 823 245 S.
861 215 1048 247 JOANNIS
1083 215 1326 248 CHRYSOST.

596 486 803 525 HOMILIA
833 485 993 524 XXXV.

306 610 369 647 40.
395 611 493 648 Cum
513 613 709 647 venissent
730 621 817 659 ergo
839 609 892 645 ad
909 607 1021 645 illum
1032 607 1287 655 Samaritani,
1317 613 1339 644 Β

359 678 590 721 rogaverunt
615 682 701 706 enm
727 676 768 705 ut
789 669 843 704 ihi
864 677 1049 705 maneret.
1074 670 1128 705 Et
1147 671 1292 706 mansit

359 732 412 767 ibi
432 731 526 767 dicos
549 730 642 767 dies.
664 730 729 766 41.
754 730 806 766 Et
826 729 947 766 multo
970 729 1099 780 plures
1122 729 1292 767 credide-

359 799 449 828 runt
467 793 509 827 in
529 803 616 828 eum
631 797 786 841 propter
812 802 1024 827 sermonem
1052 791 1150 841 ejzcs;
1168 789 1233 826 42
1257 798 1294 827 et

360 852 512 889 mulieri
542 852 753 888 dicebant:
781 851 880 900 Quia
907 852 995 902 jam
1032 864 1110 887 non
1141 858 1295 902 propter

360 921 466 949 tuam
487 911 682 963 loquelam
708 912 897 949 credimus
921 926 932 946 .-
958 914 1031 962 ipsi
1054 914 1158 949 enim
1182 912 1293 948 audi-

361 975 481 1010 vimus
497 980 533 1010 et
551 974 704 1017 scimus,
728 973 820 1022 quia
841 973 903 1010 hic
930 980 985 1009 est
1003 984 1096 1009 vere
1112 972 1294 1010 Salvator

359 1033 494 1070 mundi
516 1033 703 1070 Christus.
727 1032 792 1069 45.
817 1033 871 1069 Et
889 1040 974 1082 post
1001 1033 1080 1069 dies
1106 1032 1201 1070 duos
1227 1046 1291 1069 ecc-

358 1097 469 1131 cessit
484 1094 587 1138 inde,
608 1101 643 1130 et
663 1094 760 1130 abiit
774 1094 816 1129 ιή
834 1092 1057 1130 Galiloeam.

360 1222 395 1256 1.
425 1220 524 1258 Nihil
537 1218 672 1259 invidia
691 1228 724 1257 et
737 1219 850 1259 livore
864 1219 980 1271 pejus,
997 1219 1087 1257 nihil
1101 1219 1198 1257 inani
1213 1219 1287 1272 glo·
1313 1230 1337 1261 C

305 1281 356 1317 ria
372 1280 526 1318 deterius
542 1280 637 1317 :liaec
652 1280 834 1317 innumera
850 1294 1074 1332 corrumpere
1089 1280 1175 1318 solet
1186 1280 1289 1319 bona.

305 1340 420 1379 Judaei
442 1354 525 1391 ergo
556 1355 639 1378 cum
668 1341 836 1392 majorem
864 1355 973 1392 quam
1000 1341 1213 1379 Samaritani
1234 1355 1292 1379 co-

306 1401 500 1452 gnitionem
520 1402 702 1450 haberent,
724 1411 757 1440 et
776 1416 856 1440 cum
870 1401 1052 1455 prophetis
1073 1402 1211 1440 educati
1233 1417 1291 1442 es-

305 1470 392 1511 sent,
412 1462 485 1500 illis
509 1471 626 1500 tamen
650 1462 734 1500 hinc
756 1462 937 1501 inferiores
960 1463 1115 1501 fuerunt.
1138 1463 1293 1501 Samari-

305 1524 378 1562 tani
397 1524 597 1563 testimonio
618 1524 781 1562 mulieris
801 1524 911 1562 fidem
937 1524 1105 1574 habuere,
1124 1525 1294 1575 nulloque

305 1584 382 1622 viso
409 1585 511 1635 signo
544 1593 673 1622 exeunt
702 1584 860 1635 rogaturi
891 1584 1075 1622 Christum
1111 1594 1149 1622 ut
1175 1599 1294 1623 secum

307 1653 478 1694 maneret3
500 1643 617 1682 Judaei
648 1657 746 1691 vero,
761 1644 868 1681 etiam
888 1644 976 1683 visis
1005 1644 1200 1695 miraculis,
1224 1659 1294 1683 non

306 1704 413 1743 modo
435 1717 506 1741 non
533 1703 637 1741 illum
663 1703 759 1756 apud
787 1718 824 1742 se
847 1703 1080 1753 retinuerunt,
1099 1705 1160 1742 sed
1188 1705 1293 1744 etiam

307 1766 424 1817 ipsum
443 1763 669 1816 expulerunt,
689 1764 852 1815 nihilque
871 1778 941 1802 non
960 1774 1105 1816 egerunt
1119 1775 1158 1803 ut
1176 1766 1294 1818 ipsum

307 1840 325 1863 e
342 1826 483 1877 regione
502 1838 565 1862 sua
591 1825 826 1862 eliminarent.
849 1825 999 1864 Etiamsi
1019 1825 1163 1864 illorum
1181 1828 1295 1879 gratia

306 1887 470 1935 venisset,
488 1886 591 1924 illum
605 1885 837 1925 nihilominus
852 1886 1046 1937 ejecerunt3
1062 1886 1101 1923 hi
1121 1897 1240 1925 contra
1256 1897 1297 1926 ut

307 1947 403 1999 apud
423 1962 458 1985 se
479 1957 636 1986 maneret
658 1956 838 1998 rogarunt.
859 1948 956 1984 Num
980 1961 1063 1999 ergo
1089 1948 1135 1985 ad
1156 1948 1221 1987 hos
1241 1964 1297 1987 ro-

309 2018 429 2064 g'antes
449 2023 517 2047 non
533 2008 771 2047 accedendum
786 2008 866 2057 fuit,
886 2007 947 2045 sed
958 2008 1042 2058 illis,
1053 2009 1115 2060 qui
1129 2010 1197 2047 sibi
1208 2010 1297 2048 bene

307 2069 424 2106 affecti
446 2079 561 2119 erant,
577 2069 722 2119 relictis,
746 2068 842 2121 apud
874 2068 1093 2107 insidiatores
1117 2079 1150 2107 et
1171 2071 1298 2110 adver-

309 2129 418 2168 sarios
443 2145 583 2168 manere
607 2130 789 2182 oportuit?
812 2131 854 2166 At
875 2143 944 2167 non
965 2129 1088 2167 fuisset
1113 2130 1203 2168 illud
1222 2132 1298 2183 ejus

309 2190 534 2241 providentia
553 2190 715 2241 dignum.
736 2188 820 2227 Ideo
839 2203 973 2227 morem
992 2190 1098 2240 gessit
1118 2199 1151 2228 et
1169 2192 1300 2229 mansit

311 2249 408 2302 apud.
429 2265 486 2288 eos
514 2250 656 2288 duobus
674 2249 811 2287 diebus.
830 2249 902 2300 Ipsi
930 2249 1075 2300 quidem
1102 2250 1300 2290 voluissent

310 2312 413 2349 illum
435 2321 604 2364 perpetuo
629 2311 798 2359 retinere3
814 2309 909 2347 illud
924 2310 1019 2348 enim
1037 2310 1170 2349 indicat
1187 2326 1296 2351 evan-

311 2373 435 2424 gelista
459 2373 516 2410 his
539 2372 681 2411 verbis:
700 2373 945 2423 Rogaverunt
964 2385 1051 2409 eum
1083 2382 1123 2411 ut
1143 2375 1197 2410 ibi
1215 2387 1298 2412 ma-

313 2443 440 2479 nerem
468 2435 542 2487 ipse
578 2447 662 2473 vero
686 2433 812 2481 noluit,
833 2431 894 2470 sed
926 2431 1016 2470 duos
1051 2442 1190 2471 tantum
1222 2434 1298 2473 dies

312 2508 394 2532 cnm
422 2495 493 2533 illis
519 2495 661 2542 mansit,
687 2503 721 2531 et
752 2493 816 2531 illo
851 2494 1021 2545 temporis
1048 2495 1162 2546 spatio
1194 2496 1298 2547 longe

311 2556 430 2608 plnres
455 2554 680 2592 crediderunt
699 2554 735 2591 in
760 2567 853 2591 eum.
875 2553 982 2604 Atqui
1009 2568 1077 2592 non
1103 2555 1299 2594 verisimile

311 2625 398 2665 crat,
427 2616 507 2653 illos
534 2629 606 2654 esse
626 2615 831 2663 credituros,
856 2624 932 2652 tum
961 2615 1056 2665 quod
1086 2616 1229 2653 nullum
1252 2617 1297 2654 si-

311 2691 421 2727 gnum
435 2676 618 2724 vidissent,
638 2686 715 2713 tum
732 2675 828 2726 quod
847 2675 989 2715 Judaeos
1010 2675 1092 2713 odio
1110 2676 1291 2716 baberent.
1322 2687 1345 2716 E

312 2741 472 2775 Attamen
492 2737 575 2787 quia
593 2736 771 2774 dictorum
785 2736 884 2774 illius
897 2737 1081 2775 veritatem
1097 2738 1191 2789 juste
1204 2739 1295 2776 aesti-

311 2807 467 2846 inurunt,
483 2797 539 2833 his
555 2796 646 2833 nihil
660 2797 911 2845 officientibus,
932 2797 1139 2836 sublimiora
1165 2798 1208 2836 de
1232 2798 1294 2836 illo

311 2858 521 2910 cogitarunt,
535 2870 640 2907 quam
656 2871 733 2907 quae
754 2866 894 2908 possent
910 2857 1117 2910 hujusmodi
1132 2859 1294 2897 obicibus

1366 216 1569 247 ARCHIEP.
1609 218 1971 249 CONSTANTINOP-

2092 369 2361 385 ,ἡὴ-μᾶ-

1740 490 1920 527 ΟΜΙΛΙΑ
1946 488 2007 527 λε’.

1362 608 1424 652 Ὡς
1442 601 1498 647 οὖν
1532 602 1634 655 ἦλθον
1662 610 1747 662 πρὸς
1779 611 1878 649 αὐτὸν
1900 614 1930 649 οἱ
1964 613 2204 666 Σαμαρεῖται,
2232 612 2377 664 ἠρώτων

1417 671 1515 709 αὐτὸν
1541 677 1655 722 μεῖναι
1687 675 1770 724 παρ’
1804 674 1928 716 αὐτοῖς.
1962 673 2033 711 Καὶ
2067 673 2197 724 ἔμεινεν
2226 676 2296 712 ἐκεῖ
2324 674 2381 713 δύο

1415 731 1559 785 ἡμέρας.
1583 733 1653 771 Καὶ
1680 735 1798 785 πολλῷ
1815 733 1951 777 πλείους
1976 734 2180 773 ἐπίστευσαν
2211 737 2256 778 εἷς
2280 735 2380 774 αὐτὸν

1416 792 1473 830 διὰ
1491 793 1547 831 τὸν
1566 793 1666 844 λόγον
1684 796 1786 831 αὐτοῦ
1803 809 1810 817 ·
1827 797 1869 846 τῇ
1889 811 1927 832 τε
1940 794 2076 845 γυναικὶ
2103 794 2231 846 ἔλεγον,
2247 794 2300 832 ὅτι
2322 797 2382 833 οὖκ

1417 852 1468 890 ἔτι
1485 853 1541 891 διὰ
1555 853 1617 901 τὴν
1638 854 1701 901 σὴν
1715 854 1839 892 λαλιὰν
1856 854 2061 905 πιστεύομεν
2075 871 2082 879 ·
2100 855 2195 893 αὐτοὶ
2210 855 2278 908 γὰρ
2294 858 2383 903 ἀκη-

1416 913 1558 965 κόαμεν,
1578 914 1637 952 καὶ
1652 915 1806 966 οἴδαμεν,
1826 916 1878 953 ὅτι
1893 909 1990 959 οὗτός
2007 918 2098 954 ἐστιν
2116 917 2252 963 ἀληθῶς
2266 919 2284 954 ὃ
2302 917 2383 954 Σω-

1415 974 1480 1027 τὴρ
1495 980 1555 1014 τοῦ
1573 975 1703 1027 κόσμου
1726 979 1743 1014 ὁ
1764 977 1924 1028 Χριστός·
1948 976 1966 995 *
1978 977 2049 1015 Καὶ
2071 976 2159 1028 μετὰ
2174 976 2232 1016 δύο
2249 977 2384 1029 ἡμέρας

1416 1035 1552 1082 ἐξῆλθεν
1572 1038 1710 1085 ἐκεῖθεν,
1730 1037 1790 1074 καὶ
1806 1039 1957 1084 ἀπῆλθεν
1974 1040 2021 1080 εἷς
2041 1037 2102 1084 τὴν
2123 1037 2330 1076 Γαλιλαίαν.

1413 1217 1523 1256 Οὐδὲν
1544 1217 1666 1270 φθόνου
1694 1218 1754 1257 καὶ
1771 1218 1962 1270 βασκανίας
1986 1225 2115 1272 χεῖρον,
2132 1219 2228 1258 οὐδὲν
2244 1221 2383 1259 κενοδο-

1362 1279 1434 1324 ξίας
1452 1280 1714 1333 χαλεπώτερον·
1737 1280 1823 1327 αὕτη
1844 1280 1911 1318 ξιτὰ
1932 1280 2040 1331 μυρία
2057 1280 2156 1318 εἴωθε
2177 1280 2385 1334 διαφθείρειν

1364 1340 1487 1392 ἀγαθοί.
1532 1343 1579 1379 Οἱ
1609 1335 1665 1379 οὖν
1698 1341 1860 1380 Ἰουδαῖοι
1908 1341 2051 1379 πλείονα
2089 1344 2157 1379 τῶν
2203 1342 2386 1395 Σαμαρει-

1362 1404 1430 1440 τῶν
1452 1404 1578 1454 γνῶσιν
1595 1402 1750 1453 ἔχοντες,
1767 1401 1827 1440 καὶ
1866 1407 1937 1445 τοῖς
1961 1401 2156 1455 προφήταις
2181 1403 2388 1454 συντραφέν-

1362 1478 1436 1511 τες,
1464 1461 1601 1514 ὕστεροι
1634 1461 1763 1500 τούτων
1796 1462 1976 1515 ἐφάνησαν
2010 1464 2174 1501 ἐντεῦθεν.
2197 1456 2305 1501 Οῧτοι
2326 1463 2386 1514 μὲν

1363 1523 1429 1576 γὰρ
1450 1522 1509 1560 καὶ
1531 1522 1600 1561 ἀπὸ
1617 1526 1679 1569 τ’ῆς
1696 1523 1887 1576 μαρτυρίας
1908 1522 2112 1561 ἐπίστευσαν
2130 1527 2191 1570 τῆς
2205 1525 2388 1574 γυναικὸς,

1363 1583 1423 1621 καὶ
1452 1589 1597 1633 σημεῖον
1626 1583 1754 1626 ἰδόντες
1788 1582 1906 1629 οὐδὲν,
1939 1582 2076 1629 ἐξῆλθον
2108 1586 2390 1635 παρακαλοῦντες

1364 1642 1448 1681 ι’τὸν
1464 1644 1616 1695 Χριστὸν
1647 1650 1762 1694 μεῖναι
1781 1647 1864 1697 παρ’
1885 1646 2015 1688 αὐτοῖς·
2033 1647 2064 1682 οἳ
2084 1644 2119 1682 δὲ
2139 1644 2300 1683 Ἰουδαῖοι
2327 1646 2388 1683 καὶ

1364 1703 1527 1754 θαύματα
1543 1704 1767 1755 θεασάμενοι,
1785 1706 1823 1742 οὐ
1838 1704 1940 1754 μόνον
1957 1706 1994 1742 οὐ
2009 1710 2170 1756 κατεῖχον
2188 1704 2289 1742 αὐτὸν
2305 1705 2389 1757 παρ’

1364 1767 1516 1812 ἑαυτοῖς,
1536 1765 1626 1803 ἀλλὰ
1658 1765 1718 1803 καὶ
1740 1765 1955 1814 ἀπήλαυνον,
1976 1765 2036 1803 καὶ
2064 1766 2181 1804 πάντα
2206 1765 2389 1820 ἔπραττον,

1365 1824 1455 1863 ὥστε
1471 1825 1530 1863 καὶ
1551 1828 1613 1872 τῆς
1628 1824 1746 1878 χώρας
1764 1826 1865 1864 αὐτὸν
1894 1825 2066 1874 ἐκὸαλεῖν,
2083 1825 2198 1865 καίτοι
2227 1842 2266 1877 γε
2300 1826 2388 1874 αὕτη

1321 1898 1347 1927 D
1365 1890 1386 1933 ἡ
1419 1886 1593 1940 παρουσία
1612 1887 1654 1923 δι’
1685 1885 1831 1930 ἐκείνους
1854 1887 2016 1939 ἐγεγόνει.
2047 1887 2138 1926 Ἀλλ’
2171 1890 2295 1926 ἐκεῖνοι
2324 1887 2388 1938 μὲν

1368 1948 1577 1994 ἀπήλαυνον,
1594 1941 1687 1985 οὗτοι
1713 1946 1748 1985 δὲ
1781 1946 1837 1985 καὶ
1857 1953 1971 1998 μεῖναι
1999 1946 2115 1994 ἠξίουν
2141 1951 2224 2001 παρ’
2247 1951 2389 1993 ἑαυτοῖς.

1367 2008 1520 2051 Τούτους
1540 2001 1597 2046 οὖν
1628 2009 1689 2045 οὐκ
1712 2010 1816 2060 ἐχρῆν
1844 2007 2049 2061 προσίεσθαι
2079 2011 2389 2061 παρακαλοῦντας,

1368 2069 1443 2107 εἶπέ
1459 2085 1538 2119 μοι,
1555 2068 1614 2106 καὶ
1637 2067 1834 2118 δεομένους,
1850 2068 1940 2107 ἀλλὰ
1955 2074 2025 2112 τοῖς
2048 2068 2109 2119 μὲν
2136 2069 2392 2109 ἐπιὸουλεύουσι

1369 2130 1429 2168 καὶ
1449 2129 1726 2181 διακρουομένοις
1742 2129 1995 2183 προσεδρεύειν,
2011 2136 2082 2174 τοῖς
2106 2129 2142 2169 δὲ
2157 2132 2320 2182 ἀγαπῶσι
2333 2132 2392 2169 καὶ

1372 2189 1591 2241 βουλομένοις
1614 2190 1713 2227 αὐτὸν
1729 2189 1903 2242 κατέχειν,
1925 2189 1973 2241 μὴ
1992 2190 2122 2229 διδόναι
2139 2190 2282 2239 ἑαυτόν,
2299 2191 2389 2230 Ἀλλ’

1370 2252 1433 2288 οὐκ
1449 2245 1492 2297 ἦν
1511 2255 1610 2288 τοῦτο
1639 2249 1729 2293 ἄξιον
1751 2253 1812 2296 τῆς
1832 2254 1935 2288 αὐτοῦ
1964 2251 2182 2302 κηδεμονίας.
2201 2251 2270 2290 Διὰ
2291 2255 2392 2290 τοῦτο

1370 2310 1429 2349 καὶ
1444 2316 1458 2332 ⁰
1470 2309 1627 2357 ἐδέξατο,
1642 2310 1700 2347 καὶ
1721 2309 1835 2360 ἔμεινε
1850 2311 1933 2362 παρ’
1952 2312 2065 2354 αὐτοῖς
2083 2311 2218 2362 ἡμέρας
2238 2311 2306 2350 δύο.
2323 2313 2392 2351 Αὖ-

1369 2371 1422 2410 τοὶ
1438 2371 1500 2422 μὲν
1516 2371 1583 2424 γὰρ
1601 2370 1779 2409 ἐὸούλοντο
1794 2372 1958 2417 διηνεκῶς
1976 2372 2076 2410 αὐτὸν
2093 2371 2253 2424 κατέχειν
2270 2375 2393 2419 (τοῦτο

1369 2432 1435 2484 γὰρ
1450 2431 1622 2478 ἐδήλωσεν
1641 2435 1658 2470 ὃ
1675 2431 1918 2483 εὖαγγελιστὴς
1937 2430 2056 2479 εἰπὼν,
2073 2431 2125 2470 ὅτι
2139 2432 2307 2485 Ἤρώτων
2326 2436 2391 2472 αὐ-

1368 2493 1425 2531 τὸν
1449 2499 1564 2544 μεῖναι
1583 2494 1667 2546 παρ’
1693 2494 1826 2540 αὐτοῖς)
1840 2507 1847 2514 ·
1867 2492 1966 2535 αὐτὸς
1988 2491 2022 2530 δὲ
2039 2495 2098 2530 οὐκ
2114 2492 2291 2545 ἠνείχετο,
2312 2496 2388 2532 ἀλλ’

1368 2553 1501 2605 ἡμέρας
1536 2554 1596 2592 δύο
1630 2553 1731 2604 μόνον
1766 2552 1911 2603 ἔμεινεν,
1943 2552 2002 2590 καὶ
2034 2556 2067 2592 ἐν
2098 2553 2239 2598 ταύταις
2273 2557 2392 2608 πολλῷ

1367 2615 1504 2658 πλείους
1527 2615 1730 2654 ἐπίστευσαν
1758 2616 1804 2658 εἷς
1833 2614 1946 2652 αὐτόν.
1968 2614 2092 2653 Καίτοι
2119 2633 2158 2667 γε
2181 2616 2316 2660 τούτους
2333 2619 2393 2656 οὐκ

1368 2678 1457 2721 εἰκὸς
1476 2672 1518 2724 ἦν
1538 2680 1747 2723 πιστεῦσαι,
1766 2678 1816 2727 τῷ
1836 2691 1871 2713 τε
1893 2683 2035 2726 σημεῖον
2052 2677 2159 2727 μηδὲν
2180 2678 2391 2730 ἑωρακέναι,

1370 2739 1429 2776 καὶ
1451 2741 1501 2790 τῷ
1531 2740 1692 2790 ἀπεχθῶς
1712 2737 1796 2789 πρὸς
1826 2736 2011 2780 Ἰουδαίους
2045 2737 2156 2788 ἔχειν·
2186 2740 2263 2776 ἀλλ’
2298 2739 2392 2790 ὅμως

1370 2799 1488 2845 ἐπειδὴ
1514 2803 1584 2841 τοῖς
1612 2796 1810 2849 λεγομένοις
1843 2796 1933 2847 μετὰ
1964 2797 2127 2843 ἀληθείας
2158 2797 2327 2847 ἐδίκαζον,
2356 2802 2392 2837 οὗ

1368 2858 1541 2912 προσέστη
1566 2862 1667 2895 τοῦτο
1686 2859 1820 2905 αὐτοῖς,
1843 2858 1918 2895 ἀλλ’
1935 2856 2150 2908 ὑψηλοτέραν
2178 2860 2246 2895 τῶν
2277 2861 2391 2897 κωλυ-

310 2918 492 2971 impediri,
513 2932 553 2955 ac
573 2917 733 2954 certatim
752 2917 855 2954 illum
869 2919 982 2969 magis
998 2933 1038 2957 ac
1054 2920 1167 2970 magis
1180 2920 1293 2958 admi·
1306 2936 1353 2961 202
1371 2920 1490 2970 μάτων
1506 2918 1629 2956 ἔλαὸον
1657 2918 1801 2965 ἔννοιαν,
1816 2917 1875 2956 καὶ
1904 2919 2163 2969 ἐφιλοτιμοῦντο
2178 2920 2234 2957 ἐπὶ
2252 2919 2292 2957 τὸ
2311 2937 2391 2971 μει-

310 2979 490 3017 rabantur.
507 2980 601 3016 Nam
620 2977 781 3014 Mulieri
797 2978 998 3015 dicebant:
1011 2980 1102 3017 Non
1106 2983 1193 3032 jam
1208 2995 1296 3033 pro·
1322 2974 1345 3003 Α

307 3049 393 3090 pler
426 3048 531 3076 tuam
563 3037 757 3089 loquelam
786 3039 820 3073 ei
849 3039 1037 3077 credimus
1059 3055 1067 3075 :
1091 3043 1164 3091 ipsi
1192 3045 1294 3079 enim

311 3100 529 3138 audivimus
549 3107 586 3136 et
606 3101 759 3141 scimus,
784 3100 876 3147 qnia
893 3099 954 3135 hic
977 3107 1032 3136 est
1051 3115 1144 3139 vere
1156 3102 1294 3140 Salva—

155 3167 181 3232 Ι·
202 3167 297 3193 Disci-
312 3169 371 3196 [ωι-
386 3160 520 3198 mundi
540 3159 726 3197 Christus.
752 3155 955 3208 *Discipuli
976 3159 1182 3211 magistram
1195 3161 1294 3200 illam

123 3218 149 3233 ιιι
167 3209 184 3233 ἰΔ
201 3210 256 3234 aule
276 3214 285 3234 !

111 3218 297 3276 ;.111]t!1·1131=1511

311 3234 447 3272 superui
459 3228 531 3256 unt.
552 3218 597 3255 Hi
612 3230 761 3267 namque
777 3215 918 3255 Judaeos
936 3218 1015 3269 jure
1033 3232 1194 3258 accusare
1215 3236 1295 3273 pos-

355 3342 373 3360 *
391 3340 490 3379 [μετὰ
506 3341 534 3371 δὲ
554 3345 604 3375 τὰς
619 3340 665 3370 δύο
682 3335 782 3369 Sax'il.
803 3344 836 3367 et.
849 3335 958 3369 Codd.
978 3338 1111 3380 nostri]

359 3401 365 3413 ι
384 3390 497 3423 More).
519 3396 557 3423 τὰ
573 3393 666 3433 μύρια
686 3392 856 3433 διέφθειρεν.

1369 2979 1472 3025 ζόνως
1499 2979 1685 3029 θαυμάζειν
1716 2978 1828 3016 αὐτόν.
1846 2980 1901 3029 Τῇ
1922 2977 1990 3029 γὰρ
2009 2979 2164 3029 γυναικὶ,
2181 2980 2295 3031 φησὶν,
2314 2981 2393 3019 ἔλε-

1369 3056 1447 3092 γον·
1473 3039 1588 3078 οὐκέτι
1607 3038 1664 3076 διὰ
1690 3038 1752 3084 τὴν
1786 3036 1848 3084 σὴν
1880 3037 2003 3076 λαλιὰν
2038 3039 2244 3090 πιστεύομεν
2280 3042 2392 3093 αὐτῷ·

1372 3101 1467 3139 αὐτοὶ
1486 3100 1554 3152 γὰρ
1581 3102 1682 3149 ἡμεῖς
1716 3097 1913 3148 ἠκούσαμεν
1945 3099 2004 3136 καὶ
2036 3099 2192 3150 οἴδαμεν,
2217 3100 2269 3138 ὅτι
2297 3095 2393 3145 οὗτός

1372 3164 1464 3200 ἐστιν
1495 3163 1631 3207 ἀληθῶς
1659 3163 1677 3197 ὃ
1709 3158 1836 3210 Σωτὴρ
1864 3162 1923 3196 τοῦ
1952 3158 2082 3209 κόσμου
2114 3163 2132 3198 ὃ
2159 3160 2323 3211 Χριστός.
2345 3164 2392 3200 Οἱ

1374 3222 1527 3273 μαθηταὶ
1558 3221 1615 3259 τὸν
1644 3219 1850 3258 διδάσκαλον
1883 3220 2168 3272 ὑπερηκόντισαν.
2189 3214 2297 3259 Οῧτοι
2326 3222 2392 3273 γὰρ

1431 3341 1445 3364 ¹¹
1467 3338 1580 3371 Morel.
1598 3345 1648 3372 τὸν
1665 3344 1790 3381 Χριστὸν
1806 3341 1873 3372 sim
1892 3341 1939 3371 σὺν
1953 3341 2058 3375 αὐτοῖς.

1428 3401 1440 3415 0
1458 3390 1571 3425 Morcl.
1593 3395 1756 3430 ἐξελέξατο·
