2481 3678
742 207 782 235 ιΝ
819 205 1025 236 Jomxen
1066 204 1222 233 nonin.
1263 205 1367 233 Lxu.
1408 190 1467 234 al.
1510 206 1598 234 cxi.
2095 199 2182 251 [ιν

107 290 321 343 τοντάρχης,
347 290 431 328 Εἰπὲ
460 290 572 341 λόγῳ,
604 289 661 326 καὶ
697 288 874 334 ἰαθήσεται
894 291 911 326 ὃ
940 292 1021 329 παῖς
1041 301 1128 336 μου,

107 356 207 391 τοῦτο
225 353 264 389 ἂν
293 350 473 396 ἐποίησεν·
503 349 623 395 ἐπειδὴ
655 348 690 387 δὲ
723 349 893 387 ἐκάλεσαν
914 347 1015 384 αὐτὸν
1043 345 1127 396 πρὸς

108 413 258 462 ἑαυτὰς,
293 412 351 450 καὶ
377 410 633 463 παραγενέσθαι
665 409 832 456 ἠξίωσαν,
862 407 983 447 τούτου
1014 406 1126 444 ἕνεκεν

107 476 340 526 συγκάτεισιν,
360 473 449 511 ὥστε
475 471 579 515 αὐτὰς
597 473 793 517 ἀναστῆσαι
807 469 876 507 ἀπὸ
895 471 957 514 τῆς
981 467 1128 504 1’ταπει·-

107 535 248 583 νότητος
275 538 336 581 τῆς
367 534 447 586 περὶ
474 534 588 580 αὐτὸν,
617 531 676 570 καὶ
701 529 930 582 παραγίνεται
949 527 1040 565 κατὰ
1069 526 1125 564 τὸν

107 598 223 637 τόπον.
249 597 377 647 “Op-<oc
406 595 466 634 καὶ
486 593 682 646 συγκατιὼν
716 591 867 630 δείκνυσι
901 589 960 627 καὶ
994 587 1123 634 οὕτως,

104 659 159 697 ὅτι
183 659 242 697 καὶ
262 658 360 696 ἀπὼν
383 657 522 696 δύναται
548 652 767 707 θεραπεύειν·
796 650 853 688 ’διὰ
879 654 981 688 τοῦτο
1010 649 1045 687 δὲ
1068 649 1126 687 καὶ

107 719 280 771 βραδύνει.
301 721 353 758 Οὐ
372 720 439 771 γὰρ
461 718 501 755 ἂν
521 716 629 769 ἐφάνη
648 718 670 761 ἡ
702 713 803 766 χάρις
825 711 946 755 εὐθέως
967 712 1124 758 δοθεῖσα,

105 783 134 817 εἰ
154 780 202 830 μὴ
229 781 287 818 καὶ
306 783 327 826 ἡ
353 778 504 817 δυσωδία
528 775 772 828 προεχώρησε.
793 772 863 811 Καὶ
885 772 988 810 πόθεν
1008 772 1085 823 ᾔδει
1104 776 1125 819 ἡ

103 842 188 892 γυνὴ
210 842 272 889 τὴν
308 840 500 891 μέλλουσαν
519 838 726 884 ἀνάστασιν;
745 835 900 874 ’Ἤκουσε
923 834 1038 873 πολλὰ
1065 838 1125 872 τοῦ

104 904 256 955 Χριστοῦ
273 901 352 953 περὶ
367 898 588 941 ἀναστάσεως
606 897 763 949 λέγοντος
778 927 786 944 ,
807 898 883 935 ἀλλ’
902 895 994 947 ὅμως
1010 895 1123 943 ἐκείνη

102 963 181 1014 ἄρτι
207 962 372 1012 ἐπεθύμει
393 962 494 998 ἰδεῖν·
518 959 578 998 καὶ
599 959 688 1011 οὸρα
712 960 786 1002 πῶς
814 957 910 996 κάτω
938 957 1125 1009 στρέφεται

101 1024 164 1061 ἔτι.
181 1023 376 1062 Ἀκούσασα
397 1021 484 1073 γὰρ,
512 1020 564 1058 ὅτι
584 1019 679 1072 Ἐγώ
701 1022 773 1070 εἶμι
799 1023 819 1066 ἦ
855 1019 1044 1062 ἀνάστασις
1065 1019 1124 1056 καὶ

101 1088 121 1131 ἡ
149 1084 240 1131 ζωὴ,
261 1083 336 1122 οὐδὲ
350 1083 456 1126 οὕτως
472 1075 580 1130 εἶπεν,
602 1081 798 1127 ἀνάστησον
822 1079 943 1118 αὐτόν·
962 1079 1053 1119 ἀλλὰ
1072 1080 1122 1143 τωί,

100 1145 264 1185 Πιστεύω
279 1145 333 1184 ὅτι
353 1143 394 1182 σὺ
418 1137 449 1182 εἷ
466 1146 484 1181 5
500 1143 649 1195 Χριστὸς
666 1145 683 1180 5
701 1142 783 1185 Υἱὸς
798 1147 857 1181 τοῦ
877 1144 981 1180 Θεοῦ.
1003 1141 1049 1179 Τί
1065 1145 1122 1180 οὖν

99 1210 117 1244 5
142 1207 291 1258 Χριστὸς
312 1207 396 1258 πρὸς
415 1204 543 1252 αὐτήν,
559 1205 636 1247 Πᾶς
655 1207 672 1241 5
690 1202 861 1241 πιστεύων
882 1205 929 1246 εἰς
956 1203 1038 1254 ἐμὲ,
1059 1202 1122 1240 κᾶν

99 1269 278 1321 ἀποθάνῃ,
301 1268 461 1315 ζήσεται·
491 1270 610 1304 τοῦτον
639 1265 696 1303 τὸν
727 1264 872 1302 θάνατον
900 1264 1033 1316 λέγων·
1064 1264 1122 1302 καὶ

99 1338 167 1374 πᾶς
185 1333 202 1368 5
231 1332 296 1374 ζῶν
320 1329 379 1367 καὶ
399 1327 571 1366 πιστεύων
601 1329 647 1370 εἷς
667 1324 752 1376 ἐμὲ,
789 1327 825 1363 οὐ
859 1325 906 1375 μὴ
942 1326 1120 1378 ἀποθάνῃ·

97 1392 154 1430 τὸν
176 1392 319 1430 θάνατον
341 1392 468 1427 ἐκεῖνον
488 1390 613 1435 δηλῶν.
630 1387 732 1426 Ἐπεὶ
747 1381 804 1424 οἶν
819 1386 888 1438 ἐγώ
907 1389 980 1436 εἰμι
997 1390 1017 1433 ἡ
1039 1387 1123 1425 ἀνοί-

98 1468 239 1500 στασις,
263 1451 311 1502 μὴ
349 1449 542 1502 θορυὸηθῇς
575 1451 605 1486 εἰ
640 1447 698 1486 καὶ
725 1447 888 1494 τέθνηκεν
918 1448 1009 1494 ἤδη,
1031 1448 1121 1486 ἀλλὰ

96 1514 249 1551 πίστευε.
268 1513 321 1550 Οὐ
335 1511 402 1563 γάρ
423 1513 495 1549 ἐστι
519 1514 621 1548 τοῦτο
641 1509 796 1552 θάνατος.
816 1507 915 1551 Τέως
933 1508 1040 1555 αὐτὴν
1063 1510 1120 1548 ἐπὶ

94 1577 144 1626 τῷ
173 1572 413 1625 συμὸεὸηκότι
440 1570 735 1623 παρεμυθήσατο,
762 1569 823 1608 καὶ
857 1569 1000 1613 ἐλπίδας
1033 1570 1119 1609 ὑπέ-

95 1652 180 1688 φηνε
193 1666 202 1683 ,
221 1635 280 1673 καὶ
298 1637 348 1687 τῷ
371 1636 478 1672 εἰπεῖν
499 1633 552 1671 ὅτι
568 1631 840 1679 Ἀναστήσεται,
856 1632 914 1669 καὶ
929 1634 979 1683 τῷ
995 1634 1117 1681 εἰπεῖν,

94 1696 190 1748 Ἐγώ
211 1699 283 1748 εἶμι
303 1700 323 1743 ἡ
342 1695 530 1737 ἀνάστασις
543 1710 550 1717 ·
571 1694 630 1732 καὶ
649 1693 703 1733 ὅτι
724 1693 875 1736 ἀναστὰς
889 1723 898 1739 ,
925 1693 988 1730 κᾶν
1010 1694 1117 1733 πάλιν

93 1758 251 1808 ἀποθάνῃ
264 1789 273 1806 ,
291 1757 384 1796 οὐδὲν
405 1756 578 1794 πείσεται.
595 1755 707 1793 ‘'sse-te
726 1756 763 1792 οὐ
786 1754 855 1807 χρὴ
872 1754 1023 1807 φρίττειν
1043 1760 1118 1793 τοῦ-

93 1836 149 1858 τον
183 1820 238 1857 τὸν
274 1818 432 1856 θάνατον.
461 1817 511 1856 “O
535 1816 571 1855 δὲ
601 1817 716 1867 λέγει,
737 1817 891 1854 τοιοῦτόν
922 1817 1028 1863 ἐστιν,
1066 1816 1118 1854 ὅτι

93 1881 172 1920 οὔτε
191 1875 288 1923 οὗτος
303 1881 481 1927 τέθνηκεν,
499 1878 578 1916 οὔτε
593 1881 691 1928 ὑμεῖς
707 1877 918 1925 τεθνήξεσθε.
934 1877 1119 1922 Πιστεύεις

92 1947 213 1989 τοῦτο,
236 1941 340 1992 Λέγει
370 1939 484 1987 ἐκείνη
501 1956 508 1963 ·
537 1939 692 1977 πιστεύω
721 1938 774 1976 ὅτι
797 1939 838 1977 σὺ
871 1933 903 1976 εἶ
929 1941 946 1976 5
966 1939 1117 1990 Χριστος

91 2008 108 2042 5
130 2003 211 2047 Υἱὸς
230 2007 289 2041 τοῦ
310 2004 402 2041 Θεοῦ
416 2032 425 2049 ,
448 2004 466 2039 5
485 2003 532 2044 εἷς
548 2000 604 2038 τὸν
639 1999 769 2050 κόσμον
789 1999 988 2052 ἐρχόμενος.
1012 2002 1117 2038 Δοκεῖ

92 2082 149 2116 μοι
172 2065 219 2116 μὴ
238 2063 389 2102 συνιέναι
404 2063 444 2101 τὸ
461 2062 599 2114 γύναιον
620 2062 658 2100 τὸ
676 2061 811 2114 λεχθέν.
828 2062 844 2083 ‘¹
856 2061 944 2100 Ἀλλ’
978 2061 1029 2099 ὅτι
1052 2061 1114 2113 μὲν

92 2126 181 2177 μέγα
208 2142 241 2163 τι
260 2121 315 2173 ἦν,
336 2126 486 2163 συνεῖδεν
499 2141 507 2148 ·
532 2127 569 2163 οὐ
598 2123 666 2175 μὴν
685 2123 875 2169 κατενόησε
891 2123 929 2161 τὸ
948 2129 1029 2162 πᾶν.
1047 2123 1115 2162 Διὰ

90 2192 191 2225 τοῦτο
215 2186 330 2240 ἕτερον
351 2188 564 2237 ἐρωτηθεῖσα
578 2216 588 2233 ,
621 2184 736 2236 ἕτερον
758 2183 994 2236 ἀποκρίνεται.
1016 2184 1114 2228 Τέως

91 2248 208 2297 μέντοι
245 2249 355 2285 ἐκεῖνο
387 2246 570 2299 ἐκέρδανε,
606 2246 646 2284 τὸ
675 2247 871 2283 καταλῦσαι
907 2245 947 2283 τὸ
978 2245 1112 2289 πένθος.

89 2309 246 2355 Τοιαύτη
267 2308 334 2361 γὰρ
358 2311 425 2346 τῶν
443 2313 502 2348 τοῦ
522 2310 676 2360 Χριστοῦ
695 2307 807 2359 λόγων
824 2312 845 2355 ἡ
868 2307 1022 2359 δύναμις.
1044 2307 1112 2346 Διὰ

87 2374 188 2408 τοῦτο
209 2371 268 2408 καὶ
300 2369 413 2416 ἐκείνη
434 2368 653 2421 προέφθασε,
672 2369 733 2407 καὶ
755 2368 842 2415 αὕτη
860 2369 1109 2415 ἠκολούθησεν.

88 2431 133 2469 ‘H
152 2431 218 2482 γὰρ
250 2433 297 2475 εἷς
320 2432 377 2469 τὸν
411 2431 618 2468 διδάσκαλον
649 2430 761 2468 εὔνοια
791 2436 851 2469 τοῦ
880 2430 1048 2482 παρόντος
1074 2434 1111 2470 οὐ

88 2493 220 2544 σφόδρα
240 2493 461 2531 αἰσθάνεσθαι
499 2491 701 2543 συνεχώρει.
722 2492 830 2529 ΕΏστε
852 2492 940 2542 μετὰ
968 2495 1030 2538 τῆς
1045 2493 1111 2544 χοί-

91 2570 199 2605 ριτος,
220 2554 278 2592 καὶ
296 2557 316 2600 ἡ
336 2553 460 2604 γνώμη
479 2556 547 2591 τῶν
563 2556 736 2602 γυναικῶν
753 2553 936 2604 φιλόσοφος
954 2547 1013 2599 ἦν.

140 2736 244 2775 Ἀλλὰ
270 2739 328 2774 νῦν
356 2734 444 2786 μετὰ
462 2737 530 2773 τῶν
553 2736 667 2773 ἄλλων
695 2738 812 2773 κακῶν
843 2735 901 2773 καὶ
920 2738 1021 2773 τοῦτο
1042 2738 1109 2773 τῶν

86 2801 258 2849 γυναικῶν
283 2798 323 2836 τὸ
347 2797 485 2847 νόσημα
512 2802 643 2849 κρατεῖ.
674 2795 863 2839 Ἐπίδειξιν
890 2795 957 2848 γὰρ
986 2799 1019 2835 ἐν
1041 2804 1111 2841 τοῖς

87 2859 222 2910 θρήνοις
237 2863 414 2896 ποιοῦνται
429 2858 573 2901 καὶτοῖς
592 2862 760 2901 κωκυτοῖς
772 2888 781 2904 ,
795 2863 1006 2909 ἶ“γυμνοῦσοιι
1027 2861 1110 2911 βρα-

86 2919 228 2970 χίονας,
267 2919 526 2972 σπαράττουσαι
559 2919 700 2972 τρίχας,
734 2919 914 2972 χαράδρας
950 2926 1110 2959 ποιοῦσαι

87 2980 178 3018 κατὰ
201 2983 268 3018 τῶν
294 2984 459 3033 παρειῶν.
488 2981 558 3018 Καὶ
588 2986 687 3019 τοῦτο
707 2985 875 3028 ποιοῦσιν,
897 2984 932 3019 αἱ
960 2981 1020 3032 μὲν
1045 2984 1111 3021 ὑπὸ

86 3040 229 3083 πένθους
243 3070 252 3087 ,
276 3043 310 3078 αἱ
337 3039 372 3078 δὲ
393 3041 460 3078 ὑπὸ
483 3041 677 3085 ἐπιδείξεως
693 3041 752 3079 καὶ
774 3041 990 3093 φιλοτιμίας,
1019 3046 1054 3080 αἱ
1076 3043 1111 3082 δὲ

131 3177 147 3200 h
172 3176 318 3217 Quidam
344 3184 554 3218 ταπεινότητος
579 3183 697 3222 ἐκείνης,
723 3187 959 3226 παραγινόμενος
984 3186 1022 3218 εἰς
1049 3188 1100 3215 τὸν

89 3234 192 3266 τόπον,
210 3233 259 3262 καὶ
276 3237 450 3271 caynam-310.

131 3289 145 3303 ⁰
168 3278 229 3311 Alii
253 3285 310 3325 ὅρα
328 3286 371 3315 ἔτι
396 3287 477 3315 κάτω
504 3288 717 3327 στρεφομένην,
744 3283 864 3325 [Supra
888 3289 1013 3321 ἤκουσαν
1039 3296 1100 3326 pro

90 3336 192 3367 ἤκουσε
210 3330 308 3363 Saxil.
329 3339 361 3363 et
378 3331 461 3364 Cod.
480 3334 570 3375 705].

136 3382 151 3405 ‘¹
166 3381 244 3425 [ὅθεν
261 3389 303 3418 ἔτι
320 3384 437 3417 Montf.
456 3390 522 3419 ἀλλ’
541 3392 585 3420 ὅτι
606 3386 771 3419 edidimus
789 3398 805 3420 e
823 3387 924 3421 Savil.
943 3396 971 3420 et
988 3387 1097 3421 Codd.

2168 238 2177 255 l

1204 285 1476 334 eumseribitur,
1502 286 1564 324 sed
1588 287 1720 337 ubique
1749 301 1870 325 sanare
1891 298 2014 340 potest.
2047 291 2085 327 Si
2109 305 2189 329 vero

1203 344 1377 384 dixissent
1397 354 1435 382 ut
1452 345 1611 384 centurio
1626 376 1636 395 ‚
1671 348 1748 385 Dic
1775 349 1910 394 verbo,
1932 356 1967 386 et
1988 353 2190 388 sanabitur
2202 370 2312 397 Mam„
2326 371 2343 397 ὃ
2362 371 2389 398 8.

1199 419 1295 456 puer
1314 420 1418 443 meus
1430 435 1441 452 ,
1463 405 1500 443 id
1519 407 1674 458 profecto
1694 407 1830 445 fecisset
1849 424 1856 444 :
1881 408 1965 458 quia
1985 423 2068 447 vero
2086 410 2189 449 illum

1202 465 1247 502 ad
1278 481 1314 504 se
1347 468 1520 505 vocabant
1531 482 1543 518 3
1581 477 1614 505 et
1646 478 1684 506 ut
1716 468 1853 507 veniret
1887 469 2082 521 rogabant,
2114 471 2192 509 ideo

1152 532 1176 562 C
1201 526 1480 579 obtemperavit,
1501 537 1540 566 ut
1566 528 1645 567 illas
1665 544 1684 567 a
1701 539 1775 567 tam
1792 529 1921 567 humili
1937 561 1948 579 ,
1969 545 2077 581 quam
2095 531 2140 569 de
2159 547 2194 570 se

1201 586 1392 637 habebant,
1411 589 1578 640 opinione
1600 589 1792 627 retraheret
1803 606 1814 640 5
1831 599 1863 628 et
1878 590 1923 628 ad
1937 591 2054 630 locum
2071 592 2163 630 venit
2184 609 2191 629 :

1201 656 1234 684 et
1253 657 1368 687 tamen
1389 649 1478 687 dum
1498 665 1572 688 sese
1599 660 1826 703 attemperat,
1846 652 2000 690 ostendit
2019 668 2121 705 posse
2139 668 2190 703 se,

1202 708 1307 746 etiam
1327 709 1415 747 dum
1435 711 1561 749 absens
1589 721 1818 763 est,sanare;
1850 713 1929 751 ideo
1956 714 2082 752 tardat.
2113 717 2190 753 Non
2220 727 2392 756 eurr-mn-

1200 769 1294 807 enim
1324 771 1469 823 vulgata
1491 773 1612 811 fuisset
1632 774 1745 825 gratia
1767 783 1907 826 repente
1941 775 2091 825 collata,
2122 776 2189 814 nisi
2203 774 2262 838 gfff}
2302 770 2392 838 ‘5:1-

1199 830 1359 869 foetorem
1380 832 1562 871 emisisset.
1587 834 1633 871 Et
1660 834 1755 872 unde
1781 835 1913 873 sciebat
1941 836 2070 874 mulier
2088 838 2187 875 futu-
2207 858 2256 880 ιρι,

1198 904 1275 928 ram
1304 893 1614 931 resurrectionem?
1631 894 1806 932 Audierat
1821 896 2004 934 Christum
2017 898 2130 936 multa
2148 897 2192 935 de

1198 953 1452 992 resurrectione
1473 954 1693 1006 loquentem,
1715 957 1775 995 sed
1791 971 1886 995 nunc
1915 957 2036 996 videre
2068 960 2190 1011 cupie-

1198 1012 1279 1062 hat5
1301 1024 1333 1052 et
1355 1014 1438 1054 vide
1458 1016 1637 1066 quomodo
1658 1017 1775 1056 adhue
1788 1018 1891 1056 humi
1911 1029 2079 1058 versetur.
2102 1021 2193 1059 Cum

1198 1075 1353 1113 audisset
1383 1076 1478 1114 enim
1486 1107 1498 1127 ,
1531 1080 1615 1130 Ego
1644 1092 1728 1117 sum
1759 1083 1986 1118 resurrectio
2016 1090 2053 1119 et
2083 1085 2188 1128 νᾶα,

1197 1152 1266 1175 non
1288 1139 1486 1191 respondit,
1503 1142 1688 1179 Resuscita
1716 1156 1819 1193 eum3
1842 1143 1904 1181 sed
1931 1144 2045 1195 qnid?
2069 1146 2192 1183 Credo

1198 1202 1290 1250 quia
1327 1209 1367 1238 tu
1402 1215 1441 1239 es
1481 1203 1658 1241 Christus
1691 1205 1820 1242 Filius
1856 1206 1940 1243 Dei.
1975 1206 2072 1252 Quid
2109 1221 2191 1259 ergo

1146 1281 1170 1310 D
1198 1260 1361 1298 Christus
1394 1261 1481 1299 illi?
1509 1264 1574 1301 25.
1613 1266 1748 1303 Omnis
1778 1268 1849 1316 qui
1880 1268 2001 1304 credit
2033 1270 2074 1304 in
2106 1282 2187 1315 me,

1196 1324 1349 1360 etiamsi
1380 1326 1695 1378 mortuusficerit
1708 1355 1721 1372 ,
1755 1329 1882 1373 vivet,
1917 1327 1946 1364 si
1975 1328 2041 1366 hae
2067 1343 2192 1381 nempe

1195 1392 1307 1420 morte
1332 1393 1494 1422 mortuus
1519 1385 1647 1435 fuerit;
1677 1388 1739 1424 96.
1778 1396 1813 1424 ez
1844 1391 1967 1426 omnis
1996 1392 2062 1440 qui
2092 1393 2194 1428 vivit

1196 1452 1231 1479 et
1262 1445 1384 1482 credit
1414 1448 1455 1481 in
1490 1460 1572 1493 me,
1599 1460 1678 1483 non
1704 1451 1912 1495 morietur,
1938 1449 2000 1487 illa
2027 1450 2193 1489 videlicet

1193 1514 1317 1543 morte.
1339 1507 1431 1544 Cum
1448 1507 1561 1558 igitur
1579 1522 1643 1559 ego
1663 1508 1730 1546 sim
1758 1511 1968 1549 resurreetio
1980 1541 1992 1561 ‚
2015 1526 2057 1550 ne
2072 1514 2188 1551 tmbc-

1193 1566 1242 1604 ris
1268 1567 1297 1605 si
1320 1567 1397 1619 jam
1418 1577 1580 1606 mortuus
1606 1570 1730 1619 fuerit,
1764 1570 1825 1608 sed
1844 1572 1958 1610 erede.
1993 1573 2077 1611 Haec
2097 1576 2191 1613 enim

1192 1642 1263 1666 non
1282 1643 1378 1666 mors
1399 1638 1460 1667 est.
1482 1630 1630 1668 Interim
1650 1631 1750 1669 illam
1771 1632 1815 1670 de
1840 1643 1967 1672 eventu
1988 1636 2188 1673 consolatus

1192 1697 1259 1737 est,
1281 1704 1448 1741 spemque
1468 1690 1616 1743 adjecit,
1636 1701 1713 1730 tum
1733 1692 1852 1731 dicens
1873 1708 1954 1732 eum
1980 1710 2052 1734 esse
2072 1711 2188 1735 resur-

1200 1760 1401 1802 recturum,
1426 1761 1504 1790 tum
1534 1753 1610 1791 haec
1635 1755 1834 1805 proferens,
1852 1757 1937 1808 Ego
1963 1771 2047 1795 sum
2065 1773 2190 1796 resur—

1192 1817 1309 1851 rectio
1321 1829 1339 1862 ;
1368 1823 1446 1852 tum
1475 1815 1581 1853 etiam
1606 1817 1710 1867 quia,
1744 1817 1774 1855 si
1808 1829 1969 1870 resurgat
2003 1829 2036 1858 et
2060 1821 2191 1860 iterum

1192 1875 1381 1923 moriatur⁷
1410 1876 1502 1914 nihil
1524 1877 1610 1914 mali
1629 1892 1799 1929 passurus
1819 1880 1875 1917 sit.
1899 1881 2023 1932 Itaque
2051 1897 2120 1921 non
2140 1894 2190 1922 est

1142 1953 1167 1982 Ε
1191 1935 1268 1973 haec
1286 1950 1380 1974 mors
1403 1937 1648 1988 formidanda3
1668 1939 1736 1977 hoc
1759 1949 1829 1990 est,
1853 1942 1978 1992 Neque
1996 1943 2071 1995 ipse
2094 1959 2190 1983 mor-

1192 2007 1274 2036 tuus
1295 2008 1345 2036 est
1359 2029 1369 2048 ,
1392 2013 1504 2050 neque
1523 2014 1586 2039 vos
1605 2001 1817 2039 moriemini.
1842 2004 1977 2042 Credis
1999 2006 2096 2043 hoc?
2115 2007 2189 2044 Ait

1190 2061 1265 2097 illa
1288 2076 1301 2097 .·
1325 2062 1448 2098 Credo
1470 2064 1563 2113 quia
1596 2070 1636 2099 tu
1668 2076 1708 2100 es
1737 2064 1912 2102 Christus
1939 2067 2066 2105 Filius
2085 2070 2184 2112 Dei,

1191 2124 1257 2173 qui
1280 2125 1321 2158 in
1345 2123 1532 2160 mundum
1551 2126 1707 2161 venisti.
1730 2124 1887 2163 Videtur
1906 2127 2034 2164 mulier
2055 2124 2188 2167 Christi

1188 2185 1326 2223 dietum
1346 2200 1415 2224 non
1438 2186 1665 2225 intellexisse.
1687 2188 1796 2227 Novit
1813 2198 1906 2227 certe
1931 2204 2101 2242 magnum
2115 2207 2188 2231 esse

1188 2249 1393 2302 quidpiam,
1416 2249 1479 2287 sed
1506 2258 1622 2287 totum
1649 2264 1718 2287 non
1739 2250 1926 2290 intellexit.
1949 2252 2031 2291 Ideo
2048 2253 2092 2291 de
2117 2255 2187 2293 alia

1127 2349 1174 2373 373
1187 2325 1224 2348 re
1245 2311 1459 2361 interrogata
1476 2340 1485 2359 ,
1507 2311 1551 2348 de
1574 2311 1643 2348 alia
1660 2313 1859 2363 respondet.
1883 2313 1926 2351 Id
1942 2328 2025 2353 vero
2045 2315 2186 2354 interim

1138 2387 1164 2415 Α
1187 2371 1323 2409 lucrata
1352 2380 1424 2420 est,
1454 2371 1550 2422 quod
1581 2372 1718 2409 luctum
1751 2383 1907 2424 poneret.
1936 2374 2021 2413 Haec
2053 2376 2185 2429 quippe

1187 2432 1304 2470 virtus
1323 2440 1375 2469 est
1396 2433 1590 2469 verborum
1621 2433 1770 2470 Christi.
1802 2434 1886 2472 Ideo
1912 2434 1973 2472 illa
1996 2438 2183 2493 praevenit⁷

1189 2493 1266 2530 haee
1301 2502 1451 2543 sequuta
1478 2502 1540 2530 est.
1570 2494 1663 2531 Nam
1693 2494 1938 2534 benevolentia
1962 2511 2044 2549 erga
2073 2500 2185 2551 magi-

1191 2563 1308 2592 strum
1329 2569 1367 2591 re
1385 2554 1548 2606 praesenti
1568 2569 1637 2592 non
1651 2556 1807 2593 multum
1832 2557 1926 2596 affici
1946 2559 2184 2611 permittebat·

1185 2618 1307 2666 Itaque
1324 2630 1405 2653 eum
1431 2616 1545 2667 gratia
1564 2631 1662 2655 mens
1691 2631 1834 2669 quoque
1850 2619 2042 2659 mulierum
2066 2622 2183 2673 philo-

1183 2675 1412 2728 sophahatur.

1236 2738 1273 2774 4.
1302 2738 1440 2777 Verum
1460 2751 1569 2787 nunc,
1593 2748 1721 2786 praeter
1742 2739 1812 2777 alia
1834 2740 1942 2790 mala,
1962 2742 2022 2780 hic
2040 2757 2182 2796 quoque
2225 2756 2381 2784 Mulssvmm

1184 2799 1379 2839 mulierum
1394 2799 1540 2837 morbus
1554 2800 1704 2839 obtinet.
1718 2803 1810 2840 Nam
1822 2802 1858 2840 in
1870 2803 1968 2841 luctu
1987 2814 2020 2843 et
2036 2806 2178 2858 planctu
2192 2799 2387 2868 Εἰῖζιωῖῃῖξ

1184 2860 1453 2898 ostentationem
1485 2861 1672 2911 affectant,
1702 2863 1848 2902 brachia
1886 2865 2035 2913 nudant,
2068 2869 2179 2907 crines
2195 2882 2352 2910 modestus.

1183 2921 1404 2974 discerpunt,
1429 2936 1536 2973 genas
1557 2923 1714 2973 laniant3
1740 2925 1818 2963 aliae
1839 2927 1885 2963 ob
1904 2925 2081 2979 dolorem;
2102 2931 2180 2969 aliae

1185 2983 1229 3020 ad
1258 2984 1545 3034 ostentationem3
1568 2985 1647 3023 aliae
1675 2986 1860 3039 impudico
1888 2989 2007 3027 animo
2031 2991 2178 3031 brachia

1184 3043 1336 3093 nudant,
1363 3044 1451 3082 viris
1473 3045 1707 3084 intuentibus.
1729 3048 1827 3094 Quid
1852 3050 1955 3099 facis,
1979 3064 1999 3088 ο
2020 3052 2179 3091 mulier?

1165 3182 1300 3223 nostris,
1315 3183 1370 3224 qui
1388 3190 1523 3225 uterque
1541 3195 1619 3216 mox
1634 3189 1667 3223 ἦν
1684 3184 1876 3233 omittunt,]

1216 3244 1229 3259 -Ί
1253 3233 1355 3267 Savll.
1388 3242 1421 3266 et
1444 3235 1561 3268 ΝῙΟΓΕῙ.
1585 3243 1755 3280 γυμνοῦται.
1776 3237 1837 3269 Alii
1854 3244 2059 3282 αἱμάσσουσαι.
2087 3241 2178 3272 More

1166 3297 1284 3329 nempe
1311 3286 1495 3330 gentilium,
1517 3290 1573 3331 qui
1600 3289 1745 3331 praeficas
1763 3291 1795 3322 in
1819 3289 1934 3323 funera
1961 3291 2176 3331 inducebant,

1167 3350 1306 3381 quarum
1326 3339 1434 3371 officia
1452 3338 1685 3382 descripsimus
1699 3343 1807 3375 Tomo
1826 3344 1941 3385 quinto
1962 3345 2178 3388 Antiquitatis

1168 3390 1352 3434 explanatae
1372 3391 1432 3424 suh
1450 3393 1592 3424 initium.
