2481 3678
69 1061 193 1096 fitam-3·
207 1072 255 1093 20.

279 224 367 271 552
696 241 734 271 s.
773 241 958 271 somnis
998 240 1241 270 cnmsos‘r.

275 335 337 359 nec
354 336 390 359 se
408 322 542 360 Filium
555 324 631 375 ejus
645 337 718 361 csse
735 323 792 362 vel
811 324 941 373 Deum,
963 322 1025 360 sed
1044 322 1159 359 lucem
1180 330 1253 359 tan-

275 391 364 420 tum.
380 383 476 422 Illud
493 399 632 435 quoque
648 394 763 422 tamen
783 393 937 423 evertere
956 383 1124 422 volebant
1145 398 1152 419 :
1175 397 1256 420 nam

275 444 388 495 majus
407 444 497 482 illud
516 454 603 495 erat,
618 459 727 496 quam
742 444 870 494 dicere,
900 446 976 494 Qui
990 446 1162 495 sequitur
1181 458 1253 487 1110,

276 520 352 543 non
371 507 586 544 ambulabit
614 510 655 544 in
687 509 864 544 tenebris.
886 506 1019 542 Lucem
1038 515 1070 542 et
1097 505 1255 543 tenebras

273 567 474 618 spirituales
492 567 595 616 dieit5
608 568 675 606 hoc
693 577 756 612 est,
771 568 850 604 Non
864 576 980 604 manet
999 566 1035 604 in
1051 566 1256 605 errorellic

273 628 509 667 Nicodemum
527 628 638 667 allicit
667 639 700 667 et
722 628 839 679 erigit,
859 637 978 680 utpote
995 627 1055 678 qui
1077 628 1186 666 libere
1205 628 1256 665 lo-
1275 677 1287 682 ,

272 699 405 739 quutns
425 700 524 739 esset,
552 701 655 741 atque
674 690 853 727 ministros
876 689 998 727 laudat
1026 689 1122 739 quod
1154 689 1201 726 ita
1220 703 1255 726 se

271 751 453 801 gesserint.
482 752 642 789 Clamare
666 751 761 789 enim
779 751 846 788 hoc
868 750 1056 801 significat,
1077 749 1174 800 quod
1195 764 1255 787 vo-
1277 755 1301 785 C

269 812 376 850 luerit
390 813 468 850 illos
487 813 532 850 ad
547 813 765 851 audiendum
780 812 963 850 inducere:
979 812 1157 862 simulque
1168 813 1255 849 sub—

270 872 404 911 indicat
427 903 435 921 ,
468 874 547 911 illos
582 874 674 911 clam
707 873 808 911 dolos
844 882 997 919 struere,
1033 872 1069 910 in
1103 872 1255 909 tenebris

270 947 395 986 nempe
422 944 454 972 et
491 935 526 972 in
546 949 674 982 errore,
701 934 764 972 sed
782 934 899 971 lucem
927 947 996 970 non
1027 942 1254 984 superaturos

269 1008 354 1032 esse.
380 996 492 1045 Atque
510 994 703 1032 Nicodemo
725 994 759 1031 in
792 1003 944 1031 mentem
971 1002 1114 1031 revocat
1146 993 1253 1031 verba

270 1055 332 1094 illa
351 1071 429 1107 quae
451 1071 563 1108 nuper
576 1056 714 1093 dixerat
730 1070 738 1091 t
767 1058 902 1092 Omnis
919 1058 987 1107 qui
1002 1055 1105 1091 male
1122 1068 1253 1105 opera-

269 1126 343 1164 tur,
368 1120 446 1155 odic
479 1119 617 1163 lucem,
652 1126 687 1153 et
721 1130 797 1153 non
828 1118 938 1152 venit
962 1116 1016 1152 ad
1045 1116 1182 1160 lucem,
1207 1130 1253 1153 ne

267 1193 381 1229 opera
403 1181 484 1230 ejus
519 1186 743 1229 appareant.
768 1176 862 1221 Quia
876 1175 1053 1223 dicebant,
1075 1175 1251 1213 neminem

264 1239 468 1290 principum
503 1239 539 1276 in
569 1253 651 1275 eum
686 1236 904 1286 credidisse,
946 1236 1026 1273 ideo
1054 1236 1130 1285 ait,
1176 1238 1251 1287 Qui

263 1300 366 1337 male
391 1302 485 1351 agit,
509 1313 586 1336 11011
613 1300 722 1336 venit
742 1299 796 1335 ad
811 1298 947 1343 lucem,
972 1296 1157 1335 ostendens
1180 1311 1248 1335 non

262 1376 306 1399 ex
343 1362 435 1399 lucis
462 1361 706 1399 imbecillitate
737 1359 827 1398 illud
865 1374 959 1409 esse,
994 1359 1057 1398 sed
1094 1374 1140 1397 ex
1168 1360 1249 1398 illo-

260 1438 340 1461 rum
359 1438 523 1476 perversa
551 1423 744 1462 voluntate.
764 1422 1055 1474 Responderunt
1075 1430 1110 1459 et
1142 1422 1246 1459 dixe-

258 1495 350 1523 runt
366 1489 401 1523 ei
421 1501 429 1522 .-
465 1488 497 1523 T
496 1499 520 1523 ιι
537 1487 583 1523 de
616 1487 734 1537 teipso
767 1486 1025 1521 testimoninm
1052 1484 1241 1535 perhibes.
1267 1485 1291 1514 D

259 1548 359 1594 Quid
374 1549 485 1599 igitur
501 1548 561 1586 ille
578 1549 594 1585 P
616 1549 676 1585 14.
696 1549 784 1585 Etsi
804 1561 872 1598 ego
890 1549 1148 1584 testimonium
1161 1562 1246 1598 per-

258 1612 368 1648 hibeo
386 1612 433 1648 (Ζο
465 1611 620 1661 meipso,
661 1610 919 1646 testimonium
951 1622 1076 1645 meum
1108 1623 1244 1646 verum

257 1680 310 1709 est
331 1687 340 1706 :
363 1674 456 1722 quia
486 1673 564 1708 scio
582 1671 684 1707 unde
704 1672 810 1715 veni,
845 1678 879 1706 et
911 1682 986 1720 qm)
1017 1670 1123 1706 vado
1139 1685 1153 1713 ,·
1172 1684 1243 1707 vos

257 1741 386 1769 autem
403 1734 556 1770 nescitis
575 1732 677 1769 unde
693 1733 824 1768 venio.
845 1729 951 1775 Quod
966 1729 1066 1781 prins
1085 1729 1240 1780 dixerat,

256 1793 324 1831 1100
341 1802 523 1845 opponunt
535 1794 556 1831 J
561 1791 664 1838 udaei,
689 1801 872 1841 tamquam
891 1790 1070 1842 praeeipue
1088 1790 1238 1829 dictum.

258 1853 356 1901 Quid
373 1868 409 1891 01
412 1868 455 1905 go
476 1853 665 1891 Christus?
681 1851 779 1889 Illud
800 1866 842 1890 ev
845 1866 882 1889 01
886 1851 927 1888 tit
943 1860 1047 1902 atque
1071 1851 1240 1901 ostendit,

257 1930 292 1953 se
320 1916 380 1953 illa
400 1915 595 1954 secundum
628 1915 787 1967 ipsorum
808 1913 1009 1966 opinionem
1026 1913 1160 1951 dixisse
1176 1915 1238 1964 eis,

255 1978 352 2028 quod
371 1992 452 2015 eum
471 1977 671 2029 simplicem
688 1976 869 2013 hominem
888 1975 1238 2025 essearbitr·=‚aientm
1262 1983 1285 2012 E

257 2040 401 2090 aitque:
419 2041 506 2078 Etsi
525 2054 592 2091 ego
616 2041 876 2077 testimoniam
902 2040 1083 2090 perhibeo
1103 2039 1151 2076 de
1167 2053 1240 2076 me-

257 2104 350 2153 ipso,
373 2116 508 2139 verum
538 2110 595 2139 est
613 2102 872 2138 testimonium
891 2113 1029 2146 meum,
1050 2102 1143 2152 quia
1160 2114 1297 2150 sc10307

258 2177 280 2197 1
286 2163 358 2199 1(ἶο
376 2165 502 2200 venio.
523 2161 623 2209 Quid
641 2161 710 2199 sibi
739 2161 816 2200 vult
837 2160 932 2197 110οἶ)
955 2159 1012 2198 Ex
1035 2162 1110 2198 Deo
1140 2175 1234 2211 sum,
1260 2163 1286 2194 Α

257 2234 289 2261 et
310 2226 419 2273 Deus,
443 2234 476 2262 et
497 2224 610 2262 Filius
630 2223 708 2261 Dei.
736 2224 830 2260 Deus
850 2222 919 2259 sibi
943 2221 1014 2259 fide
1043 2222 1175 2273 dignus
1191 2232 1239 2260 te-

254 2286 316 2323 stis
338 2302 345 2321 :
371 2299 434 2324 vos
452 2300 537 2323 vero
557 2299 625 2322 non
644 2283 778 2333 nostis;
801 2292 924 2335 sponte
948 2292 1064 2321 vestra
1085 2283 1240 2335 maligne

253 2346 372 2397 agitis,
391 2355 424 2383 et
440 2360 521 2383 cum
535 2344 667 2395 sciatis,
682 2344 814 2381 nescire
829 2343 1023 2381 simulatis:
1039 2343 1103 2381 sed
1117 2358 1240 2382 seeun-

254 2407 341 2444 dum
370 2408 563 2445 humanam
593 2405 802 2443 sententiam
840 2404 1044 2454 loquimini,
1080 2404 1242 2456 nihilque

255 2468 408 2520 amplius
442 2468 638 2518 intelligere
656 2466 782 2515 vultis,
805 2480 912 2516 quam
934 2462 982 2503 id‘
1004 2465 1102 2516 quod
1132 2481 1243 2518 appa-

256 2531 342 2566 ret]
355 2529 389 2566 5.
409 2530 447 2566 V
442 2543 482 2566 05
505 2528 714 2566 secundum
731 2540 887 2565 carnem
896 2527 1100 2578 judicatis.
1121 2527 1171 2564 Ut
1189 2541 1241 2564 se-

256 2590 413 2627 cundum
432 2604 571 2627 caruem
594 2590 729 2638 vivere,
760 2588 851 2625 male
871 2587 993 2626 vivere
1014 2596 1064 2625 est
1082 2602 1089 2624 :
1110 2587 1161 2625 sie
1188 2602 1240 2625 se-

257 2650 413 2687 cundum
436 2665 575 2688 carnem
603 2650 780 2702 judicare,
815 2657 866 2686 est
902 2648 1031 2699 injuste
1060 2647 1236 2700 judicare.

258 2713 341 2762 Ego
359 2713 579 2763 nonjudieo
591 2724 825 2763 quemquam
839 2726 847 2746 :
862 2710 965 2747 16.οι
983 2710 1240 2762 sijzcdi60,ju-

256 2773 399 2809 divium
416 2787 539 2809 meum
556 2786 692 2810 verum
708 2780 773 2809 est.
788 2770 864 2808 Hoc
882 2769 1239 2822 est,11‘1justejudiea-

256 2834 312 2871 tis.
333 2833 379 2871 Et
393 2834 421 2870 51
438 2834 565 2885 injuste
583 2833 801 2885 judicamus,
821 2832 1002 2882 inquiunt,
1020 2845 1083 2869 eur
1102 2845 1169 2869 non
1187 2846 1238 2869 rc-

252 2894 504 2945 darguiSI‘enr
528 2909 594 2932 uon
615 2894 786 2944 castigas?
807 2908 870 2930 0111·
895 2907 963 2930 11011
999 2892 1239 2931 condemnas?
1261 2893 1282 2923 Β

254 2956 347 3001 Quia
364 2970 431 2993 non
446 2955 492 2992 ad
512 2956 578 2992 hoe
596 2955 692 3001 veni,
716 2954 845 3004 inquit.
864 2954 908 2991 ld
936 2953 1032 2990 enim
1060 2953 1238 3004 signifieat

252 3015 345 3053 illud
364 3031 370 3050 :
387 3017 471 3067 Ego
493 3015 706 3066 nonjudico
724 3028 954 3065 quemquam
974 3030 982 3050 :
1003 3016 1234 3066 etsijmlim,

245 3080 439 3130 judicium
461 3089 585 3114 meum
610 3087 747 3112 verum
764 3082 831 3110 est.
851 3075 940 3110 Nam
951 3073 978 3110 si
987 3073 1151 3125 judicare
1165 3075 1238 3113 vel-

247 3139 387 3186 10111,οΧ
401 3137 651 3175 damnatorum
673 3147 817 3170 numero
836 3133 954 3169 essetis
971 3133 1157 3173 :liaecvero
1168 3149 1237 3172 non

243 3200 410 3252 judicans
428 3199 523 3247 dico,
547 3196 673 3246 inquit.
691 3196 812 3243 Neque
830 3193 908 3230 ideo
927 3192 1020 3241 dixi,
1046 3195 1237 3247 Nonjudi-

246 3276 327 3299 cans
346 3261 441 3311 dico,
473 3258 570 3310 quod
592 3271 661 3295 non
693 3255 821 3303 fidam,
847 3268 902 3291 me
930 3253 959 3291 si
975 3254 1148 3306 judicem,
1173 3270 1250 3307 vos⁸

284 3406 295 3419 v
323 3394 409 3426 Editi
427 3397 516 3434 εἶπον,
536 3391 631 3433 malo,
652 3398 687 3422 ut
703 3389 736 3423 in
754 3389 841 3422 uotis
859 3387 991 3420 monuit
1007 3388 1159 3424 Suvilius.

1279 239 1484 270 ARCHIEP.
1520 238 1604 269 CON
1613 239 1862 270 STANTINOP
1871 260 1880 271 .

1325 319 1386 370 μὲν
1407 314 1464 366 οἶν
1488 319 1680 372 ἀνατρέψαι
1695 319 1755 358 καὶ
1771 325 1870 359 τοῦτο
1885 337 1892 344 ·
1916 320 2030 358 καίτοι
2051 319 2138 358 πολὺ
2157 325 2256 358 τοῦτο
2273 326 2347 371 μεῖ-

1325 384 1378 425 ζον
1394 384 1453 418 τοῦ
1475 383 1596 425 εἰπεῖν,
1616 379 1660 417 ‘O
1678 381 1873 418 ἀκολουθῶν
1896 381 1973 431 ἐμοὶ
1987 410 1996 427 ,
2018 383 2055 418 οὐ
2082 379 2129 431 μὴ
2149 381 2348 433 περιπατή-

1325 459 1377 481 σει
1406 444 1438 480 ἐν
1461 444 1504 493 τῇ
1537 440 1680 494 σκοτίᾳ,
1702 444 1773 493 φῶς
1800 441 1860 480 καὶ
1891 441 2030 481 σκοτίαν
2059 445 2190 488 νοητῶς
2214 441 2323 493 λέγων
2339 458 2346 465 ·

1323 503 1510 551 τουτέστιν,
1530 505 1566 541 οὐ
1599 502 1694 553 μένει
1716 504 1749 540 ἐν
1782 504 1826 553 τῇ
1857 503 1987 554 πλάνῃ.
2005 503 2180 541 Ἐνταῦθα
2212 502 2271 540 καὶ
2290 503 2347 541 τὸν

1325 565 1524 616 Νικόδημον
1554 563 1735 615 ἐφέλκεται
1755 562 1814 601 καὶ
1845 564 1959 615 ἐνάγει
1988 566 2034 608 ὡς
2062 563 2193 616 σφόδρα
2212 566 2349 616 παῤῥη-

1323 626 1545 676 σιασάμενον,
1569 625 1628 663 καὶ
1646 623 1724 667 τοὺς
1746 623 1920 677 ὑπηρέτας
1941 628 2074 663 ἐπαινεῖ
2088 629 2189 663 τοῦτο
2203 641 2348 670 πεποιη-

1322 685 1436 730 κότας.
1461 686 1513 724 Τὸ
1532 686 1598 738 γὰρ
1618 685 1743 739 κράξαι
1757 715 1766 732 ,
1790 685 1890 723 τοῦτο’
1906 688 1979 723 ἐστι
2003 684 2211 736 βουλομένου
2240 701 2348 723 κατα-

1323 746 1505 796 σκευάσαι,
1521 746 1611 785 ὥστε
1629 746 1806 790 κάκείνους
1824 749 1969 784 ἀκοῦσαι
1984 762 1991 768 ·
2010 746 2084 796 ἅμα
2102 745 2137 783 δὲ
2152 745 2212 784 καὶ
2228 745 2348 789 αὐτοὺς

1322 807 1509 846 αἰνίττεται
1529 811 1640 861 κρυερῇ
1661 806 1738 851 τοὺς
1768 806 1885 850 δόλους
1910 806 2118 854 πλέκοντας,
2146 806 2205 844 καὶ
2237 809 2271 845 ἐν
2297 810 2347 861 τῷ

1325 868 1437 921 σκότῳ
1457 869 1516 907 καὶ
1534 873 1576 920 τῇ
1597 868 1711 921 πλάνῃ
1729 885 1736 892 ·
1755 868 1843 907 ἀλλὰ
1862 873 1920 907 τοῦ
1938 869 2049 921 φωτὸς
2062 871 2099 906 οὐ
2115 867 2346 921 περιέσονται.

1324 930 1393 967 Καὶ
1407 929 1463 967 τὸν
1485 929 1685 981 Νικόδημον
1705 930 1963 981 ὑπομιμνήσκει
1984 932 2052 968 τῶν
2073 929 2238 981 ῥημάτων
2259 930 2348 968 ἐκεί-

1322 1005 1402 1037 νων,
1418 990 1506 1042 ἅπερ
1522 990 1618 1042 ἔλεγε
1633 990 1754 1042 πρῴην
1768 1006 1775 1013 ·
1793 992 1870 1034 Πᾶς
1885 994 1902 1029 ὁ
1922 993 2037 1043 φαῦλα
2055 989 2235 1043 πράσσων,
2254 997 2348 1041 μισεῖ

1322 1050 1361 1087 τὸ
1376 1053 1446 1101 φῶς
1461 1079 1468 1096 ,
1488 1050 1548 1087 καὶ
1565 1053 1625 1088 οὐκ
1641 1052 1781 1103 ἔρχεται
1803 1052 1888 1105 πρὸς
1906 1052 1946 1090 τὸ
1977 1054 2048 1104 φῶς
2062 1081 2072 1100 ,
2090 1051 2147 1089 ἵνα
2168 1050 2215 1101 μὴ
2241 1067 2348 1103 φανε-

1325 1112 1415 1160 ρωοᾒ
1438 1111 1540 1148 αὐτοῦ
1557 1109 1601 1147 τὰ
1626 1110 1721 1161 ἔργα.
1741 1110 1886 1158 Ἐπειδὴ
1915 1112 1981 1165 γὰρ
2002 1111 2131 1163 ἔλεγον,
2157 1111 2209 1148 ὅτι
2241 1112 2349 1155 οὐδεὶς

1320 1172 1388 1206 τῶν
1409 1169 1585 1222 ἀρχόντων
1607 1169 1806 1209 ἐπίστευσεν
1826 1174 1872 1214 εἰς
1899 1173 2014 1220 αὐτὸν,
2029 1172 2086 1209 διὰ
2106 1172 2205 1210 τοῦτό
2230 1188 2347 1224 φησιν,

1320 1228 1364 1267 Ὁ
1386 1229 1429 1268 τὰ
1452 1232 1565 1281 φαῦλα
1594 1230 1775 1283 πράσσων,
1810 1234 1871 1269 οὐκ
1900 1231 2041 1284 ἔρχεται
2073 1233 2157 1283 πρὸς
2188 1233 2227 1270 τὸ
2257 1237 2347 1285 φῶς,

1320 1290 1451 1335 δεικνὺς
1471 1291 1525 1330 ὅτι
1547 1294 1583 1330 οὐ
1606 1296 1667 1339 τῆς
1686 1297 1745 1331 τοῦ
1765 1293 1876 1345 φωτὸς
1897 1293 2077 1345 ἀσθενείας
2094 1293 2133 1331 τὸ
2157 1293 2205 1344 μὴ
2226 1295 2347 1340 ἐλθεῖν,

1320 1352 1409 1391 ἀλλὰ
1425 1357 1487 1400 της
1508 1353 1646 1391 ἐκείνων
1666 1353 1946 1408 διεστραμμένης
1966 1370 2120 1406 γνιι1μη.ς
2137 1354 2345 1407 Ἀπεκρίθη-

1318 1429 1379 1451 σαν
1396 1413 1454 1452 καὶ
1476 1418 1570 1452 εἷπον
1592 1416 1702 1452 αὐτῶ·
1726 1414 1776 1453 Συ
1799 1431 1879 1467 περι
1902 1431 2047 1453 σεαυτου
2079 1422 2282 1470 μαρτυρεῖς,
2299 1415 2346 1454 'li

1316 1477 1373 1512 οὖν
1396 1475 1514 1522 αὐτός,
1540 1476 1612 1514 Καν
1640 1475 1708 1527 ἐμ)
1730 1479 1895 1529 μαρτυρῶ
1915 1492 1995 1527 περι
2017 1477 2188 1527 ἐμαυτου,
2206 1481 2227 1524 ἡ
2256 1493 2345 1529 μαρ-

1314 1536 1440 1588 τυρία
1435 1552 1499 1574 υ.ου
1524 1537 1686 1584 ἀληθής’
1672 1552 1782 1575 εστιν·
1802 1536 1855 1575 ὅτι
1879 1538 1954 1574 οἰδα
1976 1536 2112 1575 πόΟενε
2100 1536 2266 1590 ἔρχομαι,
2283 1538 2342 1576 καὶ

1314 1601 1379 1635 που
1392 1597 1533 1650 ὑπάγω·
1553 1600 1650 1648 ὑμεῖς
1665 1597 1700 1635 δε
1715 1599 1776 1635 οὐκ
1793 1598 1906 1636 οἴδατε
1924 1597 2054 1636 πόθεν
2044 1596 2204 1649 ἔρχομαι.
2223 1596 2342 1652 Ὀπερ

1313 1656 1474 1709 φθάσαςε
1490 1662 1581 1706 εἶπε,
1602 1674 1701 1697 τουτο
1716 1661 1809 1697 οὗτοι
1827 1657 2084 1711 προὸάλλονται
2104 1661 2150 1701 ὡς
2170 1674 2259 1710 προη
2263 1675 2343 1710 (ου-

1314 1718 1424 1767 μένως
1442 1718 1579 1770 λεχθέν.
1598 1718 1645 1757 Τί
1678 1722 1735 1758 οὖν
1769 1721 1786 1756 ὃ
1820 1719 1990 1771 Χριστός;
2013 1719 2230 1771 Ἀνατρεπων
2260 1720 2343 1758 αὐτὸ

1312 1778 1371 1816 καὶ
1393 1779 1547 1828 δεικνὺς,
1567 1780 1620 1818 ὅτι
1640 1781 1754 1818 ἐκεῖνα
1770 1782 1816 1823 ὡς
1833 1780 1918 1831 πρὸς
1941 1779 2063 1822 αὐτοὺς
2085 1781 2144 1818 καὶ
2172 1780 2233 1828 τὴν
2255 1782 2342 1821 ὑπό-

1311 1856 1407 1878 νοιαν
1429 1843 1542 1879 αὐτῶν
1576 1840 1769 1893 διελέγετο,
1789 1840 1969 1894 ἄνθρωπον
2005 1841 2105 1879 αὐτὸν
2129 1842 2342 1880 ὑποπτευόν-

1312 1918 1379 1941 των
1400 1903 1513 1955 ψιλὸν,
1534 1903 1640 1955 φησί·
1663 1903 1765 1941 Και
1751 1902 1809 1941 εὰν
1835 1902 1902 1955 ἐγὼ
1927 1906 2093 1956 μαρτυρῶ
2122 1920 2202 1956 περι
2232 1906 2342 1954 ἐμαυ-

1311 1980 1388 2010 του,
1401 1964 1666 2012 ἀληθήςέστιν(
1650 1981 1671 2011 η
1689 1980 1864 2018 μαρτυρια
1876 1981 1952 2015 μου,
1964 1964 2017 2003 οτι
2032 1958 2107 2002 οἰδα
2124 1964 2261 2003 πόΟεν”
2242 1981 2340 2018 ερχο-

1314 2041 1390 2076 μαι.
1403 2025 1479 2064 Ἰί
1465 2042 1538 2064 εστι
1557 2031 1673 2073 τουτο,
1690 2026 1756 2063 Ἐκ
1775 2031 1835 2064 τού
1851 2028 1974 2065 Θεουε
1961 2027 2053 2076 εἰμι,
2077 2041 2137 2063 και
2157 2025 2263 2074 Θεος,
2280 2042 2339 2065 και

1314 2085 1367 2122 Y‘
1347 2099 1393 2129 ιος
1411 2088 1514 2124 Θεου.
1535 2086 1620 2124 O
1602 2085 1636 2124 οὲ
1656 2086 1745 2129 Θεος
1768 2086 1866 2129 αὐτος
1887 2088 1999 2124 {cao-to
2028 2086 2224 2130 ἀξιόπιστος
2244 2087 2339 2140 μάρ-

1310 2161 1387 2190 τυς·
1407 2145 1530 2197 Ὑμεῖς
1557 2146 1592 2185 δὲ
1622 2149 1683 2185 οὐκ
1704 2146 1829 2184 οἴδατε.
1846 2146 2131 2194 ΕΟελοκακεῖτε,
2153 2146 2258 2199 φησὶ,
2278 2147 2338 2185 καὶ

1311 2206 1435 2249 εἰδότες
1454 2210 1699 2282 προσποκῖσΟε
1720 2206 1768 2257 μὴ
1800 2207 1925 2245 εἰδέναι
1940 2221 1947 2230 ·
1967 2209 2042 2245 ἀλλ’
2073 2207 2142 2245 ἀπὸ
2165 2208 2338 2260 ἀνθρωπί-

1308 2283 1367 2314 νης
1386 2267 1537 2311 διανοίας
1557 2267 1696 2305 ἅπαντα
1716 2267 1922 2319 φθέγγεσθε,
1948 2267 2043 2306 οὐδὲν
2071 2268 2175 2306 πλέον
2210 2269 2335 2319 βουλό-

1310 2344 1405 2379 μενοι
1421 2333 1480 2366 τοῦ
1499 2328 1705 2379 φαινομένου
1729 2333 1828 2365 νοεῖν.
1853 2327 1974 2378 Ὑμεῖς
2006 2327 2098 2366 κατὰ
2130 2327 2193 2375 τὴν
2224 2328 2337 2381 σάρκα

1309 2389 1455 2441 κρίνετε.
1476 2387 1616 2440 (Ὠσπερ
1641 2389 1681 2426 τὸ
1710 2387 1802 2426 κατὰ
1839 2387 1953 2440 σάρκα
1986 2390 2070 2438 ζῇν,
2097 2388 2275 2437 τουτέστι,
2298 2390 2337 2428 τὸ

1310 2450 1445 2502 φαύλως
1467 2452 1528 2500 ζῇν
1547 2465 1554 2473 ·
1576 2449 1665 2487 οὕτω
1696 2449 1736 2488 τὸ
1768 2448 1859 2487 κατὰ
1896 2449 2009 2501 σάρκα
2037 2449 2177 2502 κρίνειν,
2208 2450 2335 2494 ἀδίκως

1309 2510 1435 2563 κρίνειν
1457 2510 1560 2549 ἐστίν.
1584 2509 1679 2562 Ἐγὼ
1696 2512 1733 2548 οὐ
1754 2509 1861 2563 κρίνω
1881 2510 2017 2548 οὐδένα·
2039 2509 2098 2547 καὶ
2127 2510 2185 2548 ἐὰν
2207 2509 2336 2564 κρίνω,

1311 2576 1328 2619 ἡ
1351 2572 1417 2623 ἐμὴ
1437 2571 1548 2626 κρίσις
1569 2572 1686 2610 δικαία
1700 2571 1803 2610 ἐστίν.
1820 2570 1869 2610 ⁰0
1887 2570 1921 2609 δὲ
1940 2570 2045 2623 λέγει,
2062 2571 2212 2610 τοιοῦτόν
2233 2574 2336 2610 ἔστιν·

1309 2633 1435 2676 ἀδίκως
1447 2632 1591 2686 κρίνετε.
1609 2632 1679 2671 Καὶ
1693 2635 1721 2670 εἰ
1739 2632 1865 2676 ἀδίκως
1880 2631 2162 2685 κρίνομεν,φησὶ,
2177 2632 2269 2670 διατί
2286 2633 2334 2684 μὴ

1308 2695 1482 2746 ἐγκαλεῖς,
1514 2694 1604 2731 διατί
1635 2693 1683 2745 μὴ
1711 2693 1882 2740 κολάζεις,
1905 2693 1997 2731 διατί
2026 2693 2074 2742 μὴ
2095 2693 2332 2745 κατακρίνεις,

1307 2754 1393 2793 (Ότι
1414 2757 1475 2793 οὐκ
1492 2755 1665 2793 ἐπὶτοῦτο
1683 2749 1805 2801 ἦλθον,
1827 2753 1922 2805 φησί.
1945 2755 2058 2792 Τοῦτο
2084 2754 2151 2806 γάρ
2171 2755 2245 2791 ἐστι
2272 2755 2329 2800 τὸ,

1308 2815 1402 2867 Ἐγὼ
1424 2818 1461 2855 οὐ
1481 2815 1588 2866 κρίνω
1607 2815 1744 2853 οὐδένα·
1766 2814 1827 2852 καὶ
1850 2813 1909 2851 ἐὰν
1925 2813 2032 2865 κρίνω
2050 2813 2085 2852 δὲ
2102 2813 2169 2865 ἐγὼ
2185 2844 2194 2861 ,
2217 2817 2238 2860 ἡ
2255 2815 2335 2866 κρί-

1308 2894 1359 2920 σις
1380 2893 1444 2927 μου
1461 2875 1592 2921 ἀληθής
1609 2878 1693 2913 ἐστι.
1715 2874 1817 2912 Ἐπεὶ
1837 2877 1866 2912 εἰ
1885 2873 2071 2921 {goul-&Off
2089 2880 2223 2927 κρῖναι,
2237 2878 2335 2926 ὑμεῖς

1309 2938 1348 2975 ἂν
1368 2941 1437 2975 τῶν
1467 2934 1815 2985 καταδεδικασμένων
1836 2929 1910 2981 ἦτε.
1931 2934 2000 2972 Καὶ
2021 2939 2130 2973 ταῦτα
2157 2935 2234 2987 οὐχὶ
2261 2937 2334 2989 κρί-

1307 3015 1374 3037 νων
1394 2998 1484 3049 λέγω
1498 3025 1506 3040 ,
1529 2995 1644 3048 φησίν.
1660 2997 1712 3033 Οὐ
1737 2995 1793 3033 διὰ
1811 3000 1910 3033 τοῦτο
1928 2995 1963 3033 δὲ
1981 2989 2087 3042 εἶπον,
2106 2996 2183 3047 οὐχὶ
2207 2996 2331 3048 κρίνων

1307 3060 1415 3109 λέγω,
1437 3061 1483 3100 ὡς
1499 3059 1536 3095 οὐ
1556 3059 1711 3108 Οαῤῥῶν,
1733 3055 1786 3093 ὅτι
1814 3057 1843 3093 εἰ
1871 3055 2021 3107 ἔκρινον,
2052 3049 2139 3093 εἶλον
2173 3055 2211 3094 ἂν
2242 3059 2332 3107 ὑμᾶς

1307 3118 1471 3172 (καὶγὰρ
1498 3121 1526 3156 εἷ
1552 3117 1696 3170 ἔκρινον,
1718 3115 1859 3159 δικαίως
1887 3115 1925 3153 ἂν
1958 3119 2048 3167 ὑμᾶς
2079 3116 2329 3165 κατεδίκασα)·

1309 3187 1397 3226 ἀλλὰ
1417 3192 1474 3225 νῦν
1491 3185 1609 3238 καιρὸς
1631 3183 1777 3236 κρίσεως
1798 3186 1859 3220 οὐκ
1879 3181 1964 3221 ἔστι.
1982 3182 2053 3221 Καὶ
2072 3181 2228 3233 περὶτῆς
2249 3185 2331 3232 μελ-

1305 3255 1429 3301 λούσης
1450 3252 1511 3304 μὲν
1546 3251 1691 3304 κρίσεως
1719 3248 1862 3301 ’ᾐνίξατο
1894 3248 2012 3298 εἰπὼν,
2031 3247 2116 3288 εὈτι
2138 3248 2238 3299 μόνος
2269 3252 2329 3289 οὐκ
