2481 3678
55 860 144 888 [λιιι.
166 858 211 889 18.

66 2390 233 2418 Μ;ιιιί(“11.ἰ·ο-

48 2442 111 2458 runi
140 2442 231 2459 error.

261 211 349 254 510
697 222 735 252 S.
774 221 952 253 JOANMS
989 222 1228 253 CHRYSOST.

257 305 302 343 ab
337 305 380 343 iis
404 318 482 356 quae
518 304 703 343 Christum
739 303 908 342 adeuntes
943 303 1122 342 dicebant.
1161 304 1253 342 Nam

256 380 338 403 cum
351 380 478 418 panem
491 365 578 418 ipsis
591 365 710 415 dedit,
729 365 958 417 ipsorumque
970 375 1110 405 ventres
1123 365 1251 417 imple-

255 426 323 476 vit,
334 426 545 479 prophetam
561 425 750 474 vocabant,
771 434 804 463 et
816 439 934 477 regem
952 427 1165 464 constituere
1182 439 1246 464 vo-

254 487 395 535 lebant;
425 502 507 526 cum
533 497 652 525 autem
678 486 899 538 spiritualem
924 487 1045 524 cibum
1074 496 1107 525 et
1130 487 1242 526 vitam

256 558 423 587 aeternam
451 548 597 599 docuit,
629 561 711 586 cum
746 548 827 586 illos
855 562 874 586 a
907 549 1096 587 sensilibus
1126 549 1240 587 abdu-

254 611 335 660 xit,
369 625 451 648 cum
480 611 525 648 de
557 610 812 649 resurrectione
843 610 1011 661 loquutus
1040 619 1110 660 est,
1144 611 1237 663 ipso-

253 686 405 723 rumque
425 680 579 710 mentem
601 671 714 710 erexit
721 687 733 722 3
761 686 844 710 cum
872 672 1109 725 opportuisset
1132 672 1237 711 illum

252 733 409 772 maxime
437 733 585 785 mirari,
618 743 704 772 tunc
739 743 964 773 murmurant
997 743 1030 773 et
1061 735 1236 773 resiliunt.

253 795 361 845 Atqui
387 795 417 833 si
448 795 508 834 hic
533 805 607 834 erat
628 796 801 848 propheta
817 826 826 844 ‚
849 805 889 833 ut
913 796 1012 848 prius
1038 795 1203 834 dixerant
1226 812 1233 833 :

254 857 332 893 Hie
359 864 415 894 est
445 859 548 895 enim
576 858 624 894 de
652 870 728 908 quo
746 857 844 895 dixit
866 858 1045 906 Moyses,
1067 858 1237 908 Prophe-

254 925 334 954 tam
364 919 476 955 vobis
496 919 698 955 suscitabit
722 918 914 955 Dominus
944 918 1052 955 Deus
1080 918 1127 954 de
1143 918 1237 970 sra-

252 976 372 1015 tribus
400 980 563 1024 vestris,
593 986 794 1029 tamquam
822 991 906 1014 me:
928 980 1053 1028 ipsum
1079 978 1235 1022 audite,-

250 1039 408 1090 oportuit
435 1038 551 1090 ipsum
585 1037 709 1075 audire
736 1037 934 1085 dicentem,
962 1039 1024 1075 De
1052 1038 1147 1074 caelo
1169 1039 1235 1075 de-

250 1100 392 1137 scendi.
407 1100 543 1138 Verum
562 1111 630 1135 non
644 1097 853 1145 audiebant,
875 1095 937 1134 sed
950 1096 1234 1135 murmurabant.

250 1158 377 1196 Adhuc
391 1158 484 1196 enim
502 1158 622 1209 ipsum
633 1157 886 1196 reverebantur
899 1155 946 1195 ob
964 1171 1083 1194 recens
1101 1171 1236 1209 panum

250 1219 477 1257 miraculum.
498 1217 583 1256 Ideo
610 1231 680 1255 non
714 1217 899 1255 manifeste
926 1217 1212 1256 contradicebant
1220 1234 1232 1269 5

248 1280 504 1319 murmurando
536 1289 651 1319 tamen
681 1280 962 1332 indignationem
990 1294 1062 1333 prae
1085 1295 1121 1319 se
1139 1281 1234 1320 fere-

247 1343 352 1391 bant,
386 1342 471 1393 quia
501 1356 570 1380 non
591 1341 731 1393 qualem
765 1341 932 1381 volebant
960 1341 1047 1394 ipsis
1077 1355 1236 1380 mensam

248 1404 410 1456 parabat.
437 1403 485 1441 Et
510 1411 772 1442 murmurantes
787 1402 971 1453 dicebant,
1003 1404 1143 1441 Nonne
1172 1405 1236 1442 hic

248 1476 304 1506 est
316 1468 432 1521 filius
453 1468 483 1506 J
483 1468 596 1519 oseph
609 1471 625 1503 ?
645 1465 749 1505 Unde
766 1466 888 1518 palam
908 1475 959 1504 est
977 1466 1071 1518 ipsos
1087 1466 1235 1504 mirabi-

248 1528 319 1566 lem
337 1529 412 1580 ejus
442 1527 703 1579 generationem
731 1526 892 1564 nondum
920 1527 1070 1566 novisse.
1097 1527 1235 1567 Idcirco

248 1589 367 1628 adhuc
391 1604 473 1628 eum
497 1589 643 1642 Joscphi
664 1589 783 1626 filium
811 1588 949 1627 dicunt.
973 1590 1095 1640 Neque
1119 1598 1235 1628 tamen

249 1650 396 1703 corripit
419 1664 501 1701 eos,
531 1664 644 1702 neque
661 1649 769 1700 dicit,
801 1651 882 1688 Non
909 1663 989 1687 sum
1014 1650 1110 1689 filius
1136 1652 1236 1690 Jose-

249 1712 343 1765 phi:
367 1726 436 1750 non
468 1712 565 1763 quod
594 1712 740 1764 Josephi
776 1711 874 1749 filius
904 1720 1012 1761 esset,
1045 1711 1109 1750 sed.
1140 1712 1237 1763 quod

250 1773 408 1811 nondum
438 1782 579 1825 possent
602 1772 852 1811 admirabilem
881 1772 985 1810 illum
1009 1781 1152 1824 partum
1170 1787 1235 1811 au-

249 1834 339 1872 dire.
374 1835 482 1882 Quod
501 1835 531 1873 si
558 1844 701 1887 partum
731 1834 834 1872 illum
868 1834 1063 1872 secundum
1096 1849 1236 1874 carnem

250 1895 408 1933 nondum
434 1904 595 1947 poterant
628 1894 775 1945 audire,
804 1895 917 1932 multo
951 1895 1068 1933 minus
1106 1895 1235 1933 ineffa—

248 1957 358 1994 bilem
377 1957 482 1994 illum
501 1965 534 1995 et
553 1970 760 2009 supernum.
787 1956 826 1994 Si
849 1950 945 2007 quod
967 1957 1140 1995 humilius
1163 1968 1236 1997 erat

249 2031 319 2055 non
345 2017 541 2067 revelavit,
570 2018 684 2056 multo
714 2017 832 2055 minus
862 2018 924 2055 illa
952 2017 1099 2056 dixerit.
1123 2020 1234 2070 Atqui

249 2078 317 2116 hoc
335 2078 429 2131 ipsos
456 2078 656 2117 offendebat
673 2078 769 2129 quod
792 2087 880 2116 esset
903 2093 948 2117 ex
973 2079 1035 2118 vili
1058 2089 1156 2133 patre
1174 2096 1236 2118 na-

249 2147 307 2176 tus
328 2155 335 2175 :
356 2148 510 2177 attamen
536 2153 604 2177 non
633 2139 826 2190 revelavit,
850 2153 892 2177 ne
910 2139 1010 2178 aliud
1028 2142 1153 2180 tollens
1184 2144 1236 2181 of-

248 2201 493 2252 fendiculum,
517 2201 618 2240 aliud
646 2201 799 2239 inferret.
820 2201 890 2240 Sed
911 2202 998 2254 quid
1025 2203 1097 2242 illis
1129 2219 1234 2241 mur-

248 2262 474 2300 murantibus
493 2263 707 2315 respondet?
727 2263 792 2301 44.
825 2265 947 2301 Nemo
962 2273 1085 2316 potest
1102 2268 1236 2303 venire

249 2325 303 2361 ad
332 2338 416 2369 me,
445 2326 520 2361 nisi
551 2327 674 2362 Pater
687 2355 701 2375 2
728 2327 795 2376 qui
824 2327 927 2362 misit
954 2339 1034 2372 me,
1073 2329 1236 2364 traxerit

248 2402 345 2425 eum.
383 2386 451 2425 Hic
487 2387 675 2439 insurgunt
704 2387 896 2426 Manichaei
931 2387 1112 2439 dicentes,
1143 2389 1236 2427 nihil

248 2462 311 2486 nos
359 2461 404 2485 ex
450 2448 551 2486 nobis
588 2448 675 2500 ipsis
708 2462 845 2500 posse:
879 2462 962 2485 cum
1003 2448 1041 2486 id
1077 2449 1234 2488 maxime

246 2510 393 2561 probet,
420 2510 637 2548 voluntatem
661 2519 818 2547 nostram
841 2509 877 2547 in
900 2518 1016 2547 nostra
1042 2524 1115 2548 esse
1135 2520 1232 2563 pote-

246 2579 347 2608 state.
378 2572 447 2609 Sed
467 2572 495 2609 si
526 2572 604 2623 quis
637 2571 734 2609 venit
758 2570 804 2607 ad
833 2570 955 2621 illum,
982 2570 1122 2622 inquit,
1145 2572 1230 2622 quid

247 2643 336 2681 opus
366 2631 471 2669 habet
508 2641 549 2669 ut
585 2631 771 2670 trahatur?
802 2632 939 2671 Verum
969 2631 1037 2669 hoc
1069 2641 1230 2670 nostrum

246 2704 315 2728 non
338 2691 432 2729 tollit
456 2692 643 2730 arbitrium
661 2722 670 2740 ,
693 2691 753 2729 sed
775 2691 893 2743 potius
911 2691 1067 2730 declarat
1082 2707 1144 2731 nos
1168 2708 1229 2731 au-
1243 2679 1290 2745 2Ᾰο
1303 2710 1518 2764 συμμαχίας.
1552 2704 1642 2749 Εἶτα
1672 2709 1823 2748 δείκνυσι
1856 2710 1915 2748 καὶ
1947 2710 2004 2748 τὸν

246 2751 336 2788 xilio
365 2766 454 2803 opus
494 2752 635 2790 habere.
673 2751 741 2789 Hic
775 2762 892 2790 autem
926 2767 995 2790 non
1030 2753 1150 2805 agitur
1187 2753 1232 2792 de

247 2811 373 2861 quovis
404 2812 546 2850 homine
566 2812 749 2850 accedente
766 2843 776 2862 ,
798 2813 859 2851 sed
877 2813 922 2851 (le
946 2813 1009 2852 illo
1036 2814 1097 2864 qui
1118 2814 1230 2853 multo

247 2872 376 2910 fruitur
397 2873 543 2910 auxilio.
572 2872 708 2909 Deinde
728 2873 874 2911 modum
894 2875 1046 2913 ostendit
1067 2890 1137 2926 quo
1155 2885 1230 2914 tra-

247 2935 311 2972 hit.
331 2938 383 2973 Ne
401 2936 495 2973 enim
517 2935 681 2973 sensibile
701 2935 885 2988 quidpiam
903 2937 947 2976 de
968 2940 1042 2976 Deo
1073 2940 1230 2992 suspica-

245 3005 382 3045 rentur,
412 2995 709 3048 5ι11ῄιιηκίῑε46.
737 2998 826 3033 Non
856 3001 949 3048 quia
973 3000 1099 3037 Deum
1128 3001 1231 3037 vidit

246 3060 470 3110 quisquam,
507 3059 585 3095 nisi
602 3060 670 3109 qui
687 3065 741 3094 est
758 3071 782 3094 (ι
800 3059 897 3105 Deo,
936 3061 999 3096 liic
1031 3061 1133 3098 vidit
1151 3063 1230 3099 Pa-

237 3127 354 3155 trem.
373 3117 560 3164 Quomodo
580 3117 713 3155 trahit?
733 3117 850 3168 inquit
868 3119 940 3156 ille.
965 3120 1040 3158 Hoc
1061 3122 1230 3173 propheta

241 3177 316 3225 jain
335 3176 422 3214 olim
439 3176 633 3215 declaravit
647 3176 703 3214 his
716 3176 851 3226 verbis,
872 3177 935 3215 45,
956 3178 1083 3216 Erunt
1101 3193 1230 3218 omnes

291 3316 305 3337 ¹¹
331 3314 389 3345 Alii
414 3320 532 3358 ἔφθητε.
550 3313 637 3346 Ibid.
653 3313 769 3347 Morel.
787 3314 868 3351 οὗτος
885 3320 941 3358 γάρ
962 3319 1004 3352 ην.

289 3378 300 3389 ¹*
328 3366 428 3399 S-uvil.
449 3371 569 3405 τούτοις.
587 3369 706 3410 [Atque
734 3367 776 3398 ita
798 3365 906 3399 Codd.
925 3367 1040 3399 nostri.
1061 3368 1137 3398 Mox
1156 3367 1253 3399 iidem

1269 222 1472 252 ARCHIEP.
1511 221 1862 252 CONSTANTINOP-

1326 303 1572 356 προσελθόντες
1589 303 1794 355 διελέγοντο.
1815 304 1904 343 “Ore
1923 304 1984 357 μὲν
2005 305 2073 359 γὰρ
2091 305 2194 358 ἄρτον
2213 307 2342 348 ἔδωκεν·

1325 367 1449 411 αὐτοῖς,
1467 365 1526 403 καὶ
1542 363 1605 410 τὴν
1620 365 1772 418 γαστέρα
1791 366 1971 416 ἐνέπλησε,
1991 367 2050 405 καὶ
2064 368 2245 420 προφήτην
2261 370 2340 409 ἔλε-

1321 442 1380 477 γον
1409 420 1495 465 εἶναι
1509 457 1518 474 ,
1547 426 1605 465 καὶ
1638 426 1784 478 βασιλέα
1802 431 1947 475 ποιῆσαι
1968 429 2121 476 ἐζήτουν*
2146 429 2203 469 ὅτε
2224 431 2260 470 δὲ
2279 435 2339 471 αὖ·

1317 488 1396 532 τοὺς
1424 488 1583 526 ἐδίδασκε
1611 487 1691 539 περὶ
1719 490 1782 535 τῆς
1811 492 2051 540 πνευματικῆς
2082 494 2229 544 τροφῆς,
2257 494 2338 545 περὶ

1315 551 1404 597 ζωῆς
1436 548 1599 597 αἰωνίου,
1627 548 1684 588 ὅτε
1715 549 1895 601 ἀπήγαγεν
1924 550 2048 595 ἀυτοὺς
2063 554 2131 590 τῶν
2151 554 2339 600 αἰσθητῶν,

1313 610 1369 649 ὅτε
1412 611 1493 665 περὶ
1541 610 1763 654 ἀναστάσεως
1799 610 1991 663 διελέγετο,
2028 612 2088 650 καὶ
2120 613 2337 666 ὑψηλοτέραν

1311 672 1420 711 ἐποίει
1451 672 1514 720 τὴν
1550 671 1693 724 γνώμην
1711 688 1718 696 ·
1755 671 1813 711 ὅτε
1841 672 1996 722 μάλιστα
2023 673 2211 724 θαυμάζειν
2234 675 2338 714 αὐτὸν

1311 736 1437 787 ἐχρῆν,
1469 733 1547 771 τότε
1577 733 1785 785 γογγύζουσι
1807 733 1866 772 καὶ
1895 734 2118 780 ἀποπηδῶσι.
2158 734 2228 773 Καὶ
2249 735 2332 786 μὴν,

1311 797 1340 833 εἰ
1360 790 1457 838 οῧτός
1481 795 1574 833 ἐστιν
1592 798 1609 833 6
1625 794 1820 847 προφήτης,
1839 794 1953 838 καθὼς
1971 793 2151 847 ι’ἔφθησαν
2168 795 2334 839 εἰπόντες·

1310 850 1422 899 Οῦτός
1451 856 1524 894 ἐστι
1542 856 1623 909 περὶ
1645 849 1683 893 οὗ
1704 871 1807 907 φησιν
1828 859 1846 895 6
1875 857 2030 902 Μωῦσῆς
2045 885 2054 903 ,
2079 856 2132 893 ὅτι
2154 856 2337 908 προφήτην

1311 920 1392 966 ὑμῖν
1416 917 1605 963 ἀναστήσει
1621 917 1748 969 Κύριος
1766 919 1784 954 6
1801 916 1891 960 Θεὸς
1915 918 1955 954 ἐκ
1976 920 2049 955 τῶν
2066 918 2224 969 ἀδελφῶν
2239 919 2337 968 ὑμῶν

1311 979 1358 1020 ὡς
1374 977 1447 1021 ἐμέ·
1463 979 1565 1015 αὐτοῦ
1582 977 1780 1017 ἀκούσεσθε·
1800 979 1905 1030 ἐχρῆν
1924 977 2044 1021 αὐτοὺς
2054 977 2176 1016 τούτου
2197 978 2335 1016 ἀκούειν

1311 1037 1485 1087 λέγοντος,
1501 1037 1555 1075 ὅτι
1572 1037 1638 1076 Ἐκ
1655 1043 1715 1076 τοῦ
1738 1042 1883 1091 οὐρανοῦ
1903 1039 2143 1087 >euvarege-qm.
2158 1039 2262 1078 Ἀλλὰ
2277 1042 2338 1078 οὐκ

1311 1097 1437 1144 ἤκουον
1451 1129 1461 1146 ,
1483 1100 1559 1136 ἀλλ’
1580 1099 1773 1150 ἐγόγγυζον.
1810 1099 1891 1139 ’Έτι
1908 1099 1976 1152 γὰρ
1996 1100 2098 1138 αὐτὸν
2115 1101 2260 1151 ᾐδοῦντο
2280 1100 2339 1139 διὰ

1309 1158 1349 1196 τὸ
1383 1158 1502 1210 νεαρὸν
1531 1153 1618 1196 εἶναι
1643 1159 1683 1197 τὸ
1709 1161 1779 1197 τῶν
1804 1160 1918 1211 ἄρτων
1944 1166 2104 1211 σημεῖον.
2142 1162 2211 1200 Διὰ
2236 1166 2338 1201 τοῦτο

1312 1223 1469 1273 φανερῶς
1495 1219 1557 1271 μὲν
1580 1222 1641 1258 οὐκ
1657 1220 1851 1273 ἀντέλεγον,
1872 1222 1922 1272 τῷ
1947 1220 1983 1260 δὲ
2013 1221 2192 1274 γογγύζειν
2207 1223 2339 1276 ἐνέφαι-

1310 1296 1365 1320 νον
1389 1283 1435 1324 ὡς
1448 1281 1681 1332 ἠγανάκτουν,
1695 1281 1749 1321 ὅτι
1764 1282 1812 1332 μὴ
1828 1281 1953 1320 ἔδωκεν
1970 1284 2083 1326 αὐτοῖς
2096 1282 2271 1335 τράπεζαν
2281 1283 2339 1330 ἥν-

1309 1357 1375 1396 περ
1391 1341 1582 1380 ἐδούλοντο.
1598 1342 1668 1381 Καὶ
1684 1341 1906 1395 γογγύζοντες
1921 1342 2037 1395 ἔλεγον
2055 1358 2062 1367 ·
2077 1345 2154 1382 Οὐκ
2172 1343 2265 1382 ἔστιν
2279 1339 2337 1384 οῦ-

1309 1419 1366 1446 τος
1379 1405 1397 1441 6
1412 1402 1635 1455 υἱὸςἸωσήφ;
1650 1401 1757 1441 ΕὈθεν
1775 1404 1891 1451 δῆλον,
1904 1403 1957 1441 ὅτι
1966 1402 2043 1442 οὐδὲ
2056 1402 2120 1451 τὴν
2132 1404 2337 1455 θαυμαστὴν

1312 1465 1414 1502 αὐτοῦ
1440 1463 1499 1502 καὶ
1520 1463 1714 1516 παράδοξον
1743 1463 1878 1503 οὐδέπω
1901 1464 2043 1516 ᾔδεισαν
2072 1463 2245 1515 γέννησιν.
2268 1465 2338 1504 Διὰ

1309 1529 1409 1564 τοῦτο
1430 1528 1509 1577 γοῦν
1531 1526 1602 1564 υἱὸν
1630 1524 1760 1578 Ἰωσὴφ
1789 1524 1840 1564 ἔτι
1864 1525 2020 1577 λέγουσιν
2038 1525 2152 1565 αὐτόν.
2186 1527 2257 1564 Καὶ
2277 1529 2337 1566 οὐκ

1311 1587 1480 1637 ἐπιτιμᾷ,
1496 1585 1571 1625 οὐδὲ
1590 1585 1683 1638 λέγει
1706 1588 1832 1629 αὐτοῖς·
1850 1587 1911 1625 οὒκ
1930 1585 2002 1636 εἷμὶ
2017 1586 2089 1630 υἱὸς
2108 1586 2253 1639 Ἰωσήφ·
2271 1591 2336 1640 οὐχ

1311 1645 1362 1685 ὅτι
1381 1647 1450 1690 υἱὸς
1472 1646 1601 1699 Ἰωσὴφ
1617 1641 1673 1695 ῆν,
1688 1647 1767 1685 ἀλλ’
1788 1645 1908 1693 ἐπειδὴ
1931 1645 2067 1684 οὐδέπω
2088 1646 2257 1692 ’ἠδύναντο
2275 1648 2334 1687 τὸν

1311 1708 1508 1758 θαυμαστὸν
1539 1711 1667 1747 ἐκεῖνον
1698 1710 1844 1747 ἀκοῦσαι
1867 1707 1984 1746 τόκον.
2029 1709 2075 1746 Εἰ
2102 1707 2138 1745 δὲ
2167 1709 2224 1747 τὸν
2245 1709 2337 1748 κατὰ

1311 1769 1425 1821 σάρκα
1451 1771 1511 1808 οὐκ
1536 1769 1704 1817 ἠδύναντο
1731 1772 1849 1822 σαφῶς
1872 1771 2041 1818 ἀκοῦσαι,
2065 1769 2185 1821 πολλῷ
2203 1771 2335 1821 μᾶλλον

1309 1829 1366 1868 τὸν
1387 1830 1537 1882 ἄῤῥητον
1553 1829 1610 1868 τὸν
1631 1830 1715 1868 ἄνω.
1742 1831 1786 1868 Εἰ
1806 1830 1845 1868 τὸ
1864 1829 2025 1868 ταπεινὸν
2042 1831 2102 1867 οὐκ
2119 1831 2336 1883 ἀπεκάλυψε,

1308 1892 1427 1943 πολλῷ
1442 1893 1572 1941 μᾶλλον
1589 1893 1703 1929 ἐκεῖνα
1719 1892 1780 1929 οὐκ
1797 1890 1837 1927 ἂν
1858 1890 2067 1943 ἐνεχείρησε.
2088 1890 2214 1930 Καίτοι
2233 1895 2337 1930 τοῦτο

1310 1951 1432 1997 αὐτοὺς
1451 1952 1584 2005 σφόδρα
1606 1952 1830 1997 ἐσκανδάλιζε
1842 1983 1852 2000 ,
1875 1951 1915 1990 τὸ
1933 1952 1967 1996 ἐξ
1986 1953 2142 1996 εὐτελοῦς
2162 1947 2248 1991 εἶναι
2266 1968 2334 1991 πα-

1308 2011 1388 2065 τρὸς
1401 2043 1410 2060 ,
1440 2012 1500 2050 καὶ
1525 2016 1584 2050 τοῦ
1604 2011 1779 2063 τυχόντος·
1812 2013 1888 2050 ἀλλ’
1910 2010 2004 2062 ὅμως
2020 2012 2082 2049 οὐκ
2100 2012 2334 2064 ἀπεκάλυψεν,

1309 2071 1365 2109 ἵνα
1389 2071 1454 2123 μὴ,
1483 2072 1598 2124 ἕτερον
1625 2071 1816 2111 σκάνδαλον
1848 2074 2024 2124 ἀναιρῶν,
2052 2070 2167 2125 ἕτερον
2188 2073 2334 2124 ποιήσῃ.

1309 2132 1355 2171 Τί
1375 2128 1431 2172 οῦν
1452 2132 1563 2181 αὐτὸς,
1584 2132 1819 2185 γογγυζόντων
1838 2135 1948 2170 αὐτῶν
1962 2163 1971 2180 ,
1991 2133 2237 2184 ἀποκρίνεται,
2256 2136 2333 2172 Οὖ-

1309 2192 1376 2237 δεὶς
1403 2193 1544 2231 δύναται
1565 2195 1672 2230 ἐλθεῖν
1693 2193 1778 2245 πρός
1799 2209 1861 2243 με,
1884 2193 1941 2231 ἐὰν
1961 2193 2008 2244 μὴ
2024 2196 2041 2231 6
2060 2194 2190 2247 Πατὴρ
2209 2198 2227 2233 6
2241 2194 2332 2245 πέμ-

1308 2256 1375 2306 ψας
1393 2271 1435 2305 με
1457 2253 1583 2304 ἑλκύσῃ
1608 2253 1722 2293 αὐτόν.
1755 2253 1900 2305 ςΤούτῳ
1921 2255 2117 2301 ἐπιπηδῶσι
2137 2257 2332 2306 Μανιχαῖοι

1307 2315 1481 2365 λέγοντες,
1512 2314 1564 2352 ὅτι
1598 2314 1692 2353 οὐδὲν
1718 2316 1771 2365 ἐφ’
1794 2317 1878 2364 ἡμῖν
1896 2318 2033 2351 κεῖται·
2068 2314 2153 2368 ὅπερ
2172 2315 2327 2366 μάλιστα

1309 2375 1443 2426 βεὸαιοῖ
1463 2374 1599 2429 κυρίους
1616 2374 1716 2418 ὄντας
1730 2376 1792 2420 τῆς
1809 2373 1963 2425 γνώμης.
2003 2376 2048 2413 Εἰ
2069 2375 2136 2428 γάρ
2155 2391 2206 2418 τις
2228 2375 2330 2428 ἔρχε-

1305 2458 1363 2480 ται
1392 2442 1477 2494 πρὸς
1508 2442 1629 2489 αὐτὸν,
1659 2440 1761 2493 φησὶ,
1795 2440 1829 2477 τί
1854 2442 1903 2479 δεῖ
1929 2445 1991 2488 τῆς
2015 2440 2162 2489 ἕλξεως,
2187 2441 2236 2480 QO
2269 2443 2330 2480 καὶ

1307 2510 1391 2549 αὐτὸ
1418 2510 1455 2548 οὗ
1486 2509 1524 2547 τὸ
1546 2508 1598 2561 ἐφ’
1625 2511 1709 2559 ἡμῖν
1732 2510 1886 2560 ἀναιρεῖ,
1906 2508 1996 2546 ἀλλὰ
2017 2509 2147 2560 μᾶλλον
2168 2508 2329 2561 ἐμφαίνει

1306 2579 1399 2627 ἡμᾶς
1428 2574 1586 2628 βοηθείας
1605 2574 1803 2626 δεομένους,
1830 2574 1882 2611 ὅτι
1907 2574 2074 2614 δείκνυσιν
2102 2578 2270 2624 ἐνταῦθα,
2291 2578 2329 2614 οὐ

1303 2644 1360 2682 τὸν
1381 2644 1530 2696 τυχόντα
1546 2643 1745 2696 ἐρχόμενον,
1771 2642 1860 2680 ἀλλὰ
1882 2642 1939 2680 τὸν
1956 2645 2088 2690 πολλῆς
2108 2643 2328 2682 ἀπολαύοντα

2031 2710 2157 2762 τρόπον
2184 2711 2263 2749 καθ’
2291 2712 2327 2749 ὃν

1303 2778 1410 2817 ἕλκει.
1444 2778 1518 2816 Ἵνα
1537 2777 1604 2830 γὰρ
1627 2776 1674 2827 μὴ
1693 2776 1797 2815 πάλιν
1821 2776 1982 2822 αἰσθητόν
2000 2793 2033 2815 τι
2060 2777 2139 2830 περὶ
2158 2777 2214 2815 τὸν
2238 2777 2327 2817 Θεὸν

1303 2845 1577 2892 ὑποπτεύσωσιν,
1601 2843 1786 2896 ἐπήγαγεν·
1812 2845 1892 2896 Οὐχ
1906 2844 1958 2881 ὅτι
1973 2845 2029 2883 τὸν
2045 2844 2134 2882 Θεόν
2151 2861 2202 2888 τις
2218 2843 2328 2897 ἑώρα-

1303 2928 1373 2960 κεν,
1403 2914 1431 2950 εἰ
1452 2911 1499 2963 μὴ
1523 2914 1540 2949 ὁ
1565 2910 1611 2948 ὢν
1635 2909 1733 2962 παρὰ
1757 2913 1815 2948 τοῦ
1840 2912 1957 2956 Θεοῦ,
1989 2904 2085 2954 οὗτος
2113 2910 2246 2963 ἑώρακε
2269 2911 2326 2949 τὸν

1304 2979 1459 3031 Πατέρα.
1496 2980 1579 3021 Πῶς
1611 2970 1668 3015 οῦν
1696 2976 1802 3023 ἕλκει,
1830 2975 1935 3028 φησί,
1962 2977 2074 3014 Τοῦτο
2103 2980 2121 3016 6
2148 2977 2327 3030 προφήτης

1304 3046 1431 3085 ἄνωθεν
1469 3044 1592 3091 ἔδειξε,
1635 3046 1894 3096 προαναφωνῶν
1924 3043 1983 3081 καὶ
2010 3043 2132 3095 λέγων·
2158 3043 2326 3082 Ἔσονται

1304 3113 1429 3155 πάντες
1448 3110 1602 3149 διδακτοὶ
1622 3111 1726 3148 Θεοῦ.
1754 3103 1853 3152 Εἶδες
1870 3112 1931 3155 τῆς
1947 3109 2097 3152 πίστεως
2111 3109 2151 3147 τὸ
2166 3108 2325 3159 ἀξίωμα,

1305 3179 1375 3218 Καὶ
1390 3181 1463 3222 πῶς
1486 3179 1523 3216 οὗ
1543 3176 1639 3229 παρὰ
1660 3174 1850 3228 ἀνθρώπων
1868 3175 1943 3214 οὐδὲ
1960 3176 2005 3214 δι’
2025 3174 2220 3227 ἀνθρώπου,
2237 3174 2327 3214 ἀλλὰ

1320 3328 1395 3350 cum
1409 3315 1509 3350 Savil.
1529 3324 1632 3352 κεῖται.
1654 3320 1707 3351 Καὶ
1723 3320 1782 3359 μὴν
1798 3320 1885 3351 τοῦτο
1903 3317 2022 3350 δείκνυσι
2036 3329 2063 3348 κ.
2080 3318 2105 3349 ὅ.
2123 3330 2151 3350 τ.
2168 3315 2214 3357 γ’]
