2507 3673
737 205 793 234 DE
829 206 867 235 S.

101 283 190 321 ὥστε
220 283 312 335 ἔχειν
339 284 396 321 τὸν
424 283 576 335 γεωργὸν
596 287 657 330 τῆς
687 285 924 336 δικαιοσύνης,
957 288 1014 326 τὸν
1045 289 1125 340 [ote

101 336 352 388 ἀπολειφθέντα
385 336 427 373 δι’
460 335 580 387 ἑτέραν
612 337 823 388 οἰκονομίαν,
849 343 923 390 μεθ’
957 343 1058 390 ἡμῶν
1087 341 1123 379 δὲ

99 389 181 427 ὄντα
201 389 256 427 διὰ
284 388 346 435 τὴν
378 387 616 438 πνευματικὴν
639 391 857 431 ἐπιστασίαν.
889 396 941 431 Οὐ
960 393 1026 444 γὰρ
1049 388 1090 440 ἦν
1106 397 1124 431 ὃ

99 442 180 485 λαὸς
199 441 380 488 Ἰουδαῖος,
402 439 458 478 ἵνα
482 440 590 487 εἴπω,
612 441 664 481 ὅτι
684 438 724 490 ἦν
745 447 762 482 ὁ
781 446 863 489 λαὸς
891 449 937 490 ὡς
961 446 1122 498 πρόῧατα

100 496 147 543 μὴ
166 494 288 545 ἔχοντα
307 493 458 543 ποιμένα
474 510 480 516 ·
503 496 578 532 ἀλλ’
598 497 826 540 ἀποστολικὸς
844 493 898 544 ἦν,
914 498 1003 550 ἔχων
1023 501 1123 550 εὐαγ-

97 547 232 597 γελικὸν
251 546 400 596 ποιμένα
418 546 565 597 λέγοντα
578 578 586 593 ,
609 550 651 586 Εἰ
671 550 729 586 καὶ
748 552 797 601 τῷ
817 550 956 601 σώματι
977 550 1120 601 ἄπειμι,

96 598 187 636 ἀλλὰ
204 601 253 651 τῷ
270 599 441 649 πνεύματι
458 599 517 637 σὺν
539 603 620 650 ὑμῖν
640 603 712 652 εἶμι
724 631 732 646 ,
754 602 961 657 χαίρωνωκαὶ
982 603 1120 652 βλέπων

95 649 134 688 τὸ
154 651 336 704 στερέωμα
354 654 417 697 τῆς
441 655 486 695 εἷς
512 654 663 704 Χριστὸν
685 654 854 699 πίστεως·
874 659 902 707 ᾡ
920 659 940 701 ἡ
963 654 1044 698 δόξα
1062 656 1121 693 καὶ

96 703 135 741 τὸ
151 704 294 755 κράτος,
314 708 371 741 νῦν
389 705 448 742 καὶ
471 705 543 754 ἀεὶ,
567 707 624 744 καὶ
643 709 690 750 εἰς
704 706 782 749 τοὺς
802 710 927 752 αἰῶνας
943 711 1012 746 τῶν
1038 708 1121 746 αἰώ-

98 772 176 794 νων.
196 756 315 807 Ἀμην.

907 207 1082 237 JOANNE
1119 208 1353 239 APOSTOIO

1389 209 1553 239 SERMO.

2090 218 2179 263 779

1198 298 1314 326 mente
1330 298 1495 340 paratum
1515 289 1564 327 ad
1582 289 1744 341 praelium
1758 290 1930 343 disponet.
1947 295 2053 332 Recte
2070 295 2179 347 igitur

1197 340 1337 378 dicebat
1348 340 1468 379 David
1483 343 1674 379 :Paratus
1688 355 1786 387 sum,
1805 352 1842 381 et
1855 358 1931 382 non
1939 360 2023 384 sum
2041 351 2176 386 turba-
2192 356 2279 383 Psal,
2313 368 2318 385 ι
2333 359 2363 385 19

1198 401 1267 430 tus.
1279 393 1472 443 Fugiamus
1498 393 1616 443 itaque
1634 395 1871 444 arrogantiam
1887 427 1895 443 ,
1912 398 2089 449 fugiamus
2103 401 2178 438 ina·
2192 398 2242 427 ⁶0·

1197 458 1277 482 nem
1313 445 1463 496 gloriam
1481 460 1488 481 ι
1510 445 1704 495 diligamus
1722 448 1920 494 Clu-istum,
1943 460 1975 487 et
2005 465 2178 503 pauperes

1196 506 1340 549 propter
1353 497 1550 545 Christum,
1562 508 1602 535 ut
1615 513 1735 537 omnes
1750 502 1810 550 qui
1824 500 1925 548 ditat,
1938 502 1998 552 qui
2019 505 2177 543 omnium

1197 549 1410 598 miseretur,
1433 551 1698 589 multitudinem
1730 552 1895 590 Ecclesiae
1922 555 2117 606 largiatur,
2141 568 2179 595 ut

1196 602 1352 640 abundet
1383 603 1536 655 pictate,
1557 613 1595 641 ut
1626 605 1774 655 justitiae
1798 606 1967 645 cultorem
1996 608 2174 655 obtineat,

1197 655 1259 705 qui
1271 656 1430 693 hesterno
1441 656 1500 693 die
1508 656 1781 708 dispensationis
1794 659 1939 697 alterius
1951 674 2054 698 causa
2065 662 2179 700 abfuit

1196 721 1216 745 a
1228 707 1342 756 nobis,
1356 709 1541 747 nobiscum
1553 719 1672 747 autem
1686 719 1737 748 est
1749 721 1894 763 propter
1904 713 2178 752 sollicitudinem

1197 760 1432 812 spiritualem.
1454 763 1533 799 Non
1548 764 1642 800 enim
1655 763 1830 802 Juda'icus
1845 765 1905 802 ille
1919 775 1992 802 erat
2005 768 2175 818 populus,
2193 790 2210 809 2
2245 782 2358 809 Pana.

1197 822 1236 850 ut
1253 812 1373 851 dicam
1392 814 1501 852 fuisse
1523 815 1694 866 populum
1714 825 1896 867 tamquam
1915 831 1998 855 oves
2025 833 2095 856 non
2114 820 2178 857 ha-
2200 821 2243 850 ¹8*
2270 825 2312 852 1‘5-

1197 865 1318 904 bentes
1332 876 1517 918 pastorem,
1533 867 1592 905 sed
1605 869 1820 920 apostolicus
1832 879 1918 919 crat,
1933 872 2177 922 evangelicum

1197 918 1329 957 habens
1340 928 1516 971 pastorem
1525 921 1586 970 qui
1598 920 1757 959 dicebat:
1775 923 1865 961 Etsi
1875 937 2030 975 corpore
2041 927 2178 963 absens
2197 933 2262 961 Col.
2284 944 2310 962 2.
2334 936 2360 962 z.

1196 985 1301 1021 sum,
1331 973 1400 1010 sed
1415 975 1551 1024 spiritu
1573 976 1766 1012 vobiscum
1795 989 1899 1025 sum,
1930 978 2123 1027 gaudens,
2142 987 2179 1015 et

1198 1025 1331 1062 videns
1333 1025 1632 1077 firmamentum
1642 1029 1737 1079 ejus,
1763 1041 1848 1080 quoe
1869 1031 1910 1065 in
1928 1030 2081 1068 Christo
2100 1039 2174 1076 est,

1186 1077 1288 1128 fidei
1322 1086 1455 1115 vestra?
1468 1094 1483 1123 ;
1513 1078 1570 1115 cui
1599 1080 1712 1131 gloria
1740 1089 1774 1118 et
1804 1090 1957 1133 potestas
1972 1112 1983 1131 ,
2014 1096 2108 1120 nunc
2145 1092 2177 1120 et

1194 1143 1355 1181 semper,
1375 1139 1408 1168 et
1424 1130 1459 1167 in
1481 1132 1609 1170 saecula
1630 1132 1851 1171 saeculorum·
1872 1136 1996 1173 Amen.

800 1402 1464 1488 ADMONITIO

630 1586 702 1634 IN
736 1585 1134 1635 SERMONEM
1169 1588 1627 1650 SEQUENTEM.

146 1740 263 1793 Hujus
292 1739 433 1778 nullum
451 1738 619 1778 Codieem
638 1739 923 1791 manuscriptum
942 1739 1032 1779 vidi.
1059 1739 1187 1778 Edidit
1212 1741 1342 1779 Fronto
1361 1743 1528 1791 Ducaeus,
1551 1743 1632 1794 sed,
1660 1745 1696 1783 ni
1716 1746 1845 1798 fallor,
1868 1748 1970 1787 initio
1991 1751 2172 1790 mutilum.

91 1804 249 1842 Savilius
269 1813 388 1841 autem
402 1817 483 1840 cum
503 1803 596 1840 hanc
615 1802 812 1840 orationem
831 1816 876 1840 ex
893 1804 984 1841 Mss.
1009 1803 1254 1842 Orientalibus
1278 1804 1497 1857 descriptam
1524 1806 1685 1857 haberet,
1710 1809 1896 1862 indignam
1913 1812 1992 1851 luce
2010 1815 2150 1866 putavit
2168 1847 2176 1861 ‚

90 1867 237 1918 ejusque
262 1865 378 1903 solum
402 1864 549 1902 titulum
564 1873 596 1902 et
612 1864 730 1916 prima
753 1863 924 1902 sermonis
947 1864 1054 1902 verba
1076 1866 1226 1917 protulit
1244 1866 1313 1904 hoc
1325 1876 1429 1919 pacto
1451 1870 1495 1906 T.
1513 1869 1558 1916 8,
1576 1883 1610 1921 p.
1633 1869 1711 1907 857
1728 1886 1736 1906 :
1755 1872 1802 1915 εἰς
1817 1872 1873 1910 τὸν
1895 1874 1991 1926 ἅγιον
2008 1875 2174 1924 Ἰωάννην

90 1930 148 1968 τὸν
169 1929 337 1981 Θεολόγον.
354 1928 436 1967 Init.
459 1928 624 1974 Ἰωάννης
647 1928 799 1981 σήμερον
817 1931 834 1966 ὁ
851 1928 1110 1978 εὐαγγελιστής.
1132 1929 1209 1968 Hoc
1237 1939 1351 1967 autem
1373 1944 1454 1968 vere
1485 1931 1629 1969 initium
1651 1947 1725 1971 esse
1742 1934 1910 1985 arbitror,
1929 1937 2024 1988 quod
2055 1938 2091 1976 in
2110 1940 2176 1978 hae

89 2007 196 2042 quam
209 1992 348 2030 edimus
362 1991 586 2030 desideratur
601 2007 608 2027 :
627 1991 695 2029 hoc
709 1990 842 2043 quippe
853 1990 1037 2043 praemisso
1051 1992 1250 2042 ,sequentia
1265 1992 1590 2043 quadrabunt3110c
1603 1994 1722 2033 demto
1734 2026 1747 2043 ,
1767 2011 1934 2036 mancum
1947 2009 1998 2038 est
2014 2000 2171 2040 initium.

90 2055 163 2093 Sed
181 2056 256 2093 sine
277 2055 485 2093 auctoritate
502 2055 563 2092 illa
585 2054 716 2092 addere
737 2068 805 2092 non
825 2053 902 2091 ausi
923 2068 1057 2092 sumus.
1073 2056 1094 2094 J
1099 2069 1159 2092 ure
1177 2052 1285 2107 porro
1300 2055 1393 2093 hanc
1411 2056 1606 2095 orationem
1622 2059 1849 2110 praetermisit
1864 2061 2035 2112 Saviliu5‚
2053 2073 2176 2116 utpote

91 2118 276 2170 indignam
292 2133 371 2170 quae
391 2119 529 2181 legatur
549 2133 556 2154 :
574 2131 656 2155 nam
668 2126 718 2155 est
738 2117 841 2155 otiosi
860 2116 1046 2169 cujusdam
1066 2118 1247 2169 Graeculi,
1269 2128 1309 2157 ut
1327 2133 1430 2157 nemo
1451 2133 1521 2158 non
1540 2120 1650 2159 videt.

142 2182 390 2234 Interpretatio
411 2181 536 2220 Latina
551 2190 602 2219 est
618 2180 806 2219 Frontonis
823 2180 962 2219 Ducaei.

90 2433 163 2470 Τοῦ
192 2434 295 2470 αὐτοῦ
327 2433 426 2484 λόγος
454 2436 503 2476 εἷς
531 2434 589 2471 τὸν
622 2434 717 2485 ἅγιον
752 2433 917 2481 Ἰωάννην
950 2435 1007 2473 τὸν
1040 2437 1116 2472 θεο-
1140 2437 1163 2467 C
1188 2435 1375 2487 Ejusdem
1396 2435 1528 2474 Sermo
1552 2438 1599 2475 de
1627 2445 1763 2475 sancto
1779 2438 1936 2477 Joanne
1966 2441 2169 2495 Theologo.

541 2494 641 2546 λόγον
649 2524 656 2531 .

144 2615 307 2662 Ἰωάννης
338 2617 372 2653 ἐν
406 2616 546 2669 Ἐφέσῳ
583 2619 644 2662 τῆς
679 2617 812 2664 Ἀσίας,
852 2618 1017 2666 Ἰωάννης
1051 2623 1113 2667 τῆς

92 2667 204 2711 Ἀσίας
222 2669 261 2706 τὸ
278 2668 448 2720 καύχημα
463 2700 471 2717 ,
494 2671 624 2719 μᾶλλον
643 2670 677 2708 δὲ
694 2674 756 2716 τ’ἦς
776 2671 978 2721 οἰκουμένης
994 2675 1011 2710 ὁ
1033 2677 1112 2711 στῦ-

90 2723 147 2763 λος
161 2751 169 2767 ,
182 2720 344 2767 Ἰωάννης
365 2726 382 2759 ὃ
399 2723 576 2774 ἀγαπητὸς
597 2727 656 2761 τοῦ
674 2724 826 2775 Χριστοῦ
853 2724 1032 2774 μαθητὴς,
1053 2727 1111 2763 καί

92 2778 151 2812 τοῦ
167 2776 258 2812 Θεοῦ
275 2774 376 2823 λόγου
393 2776 541 2827 σάλπιγξ
552 2804 560 2820 ,
579 2779 647 2813 τῶν
669 2775 840 2827 Ἐφεσίων
861 2778 900 2814 τὸ
916 2777 1014 2820 κλέος
1027 2809 1036 2826 ,
1052 2779 1110 2816 καὶ

90 2829 158 2863 τῶν
178 2826 338 2878 περάτων
358 2831 375 2865 ὁ
394 2828 521 2880 κήρυξ,
544 2832 566 2874 ἦ
586 2828 712 2880 κιθάρα
735 2832 797 2874 τῆς
821 2829 1013 2882 Οεολογίας,
1033 2835 1110 2868 Θεο-

90 2878 189 2930 λόγος
212 2878 314 2923 ἀξίως
340 2881 552 2932 καλούμενος
569 2897 576 2904 ·
604 2882 643 2919 τὸ
665 2882 875 2934 Χερουέικὸν
898 2883 1030 2934 στόμα,
1052 2884 1111 2921 καὶ

88 2932 128 2969 τὸ
142 2932 335 2983 Σεραφικὸν
351 2933 617 2986 μυσταγώγημα
630 2965 639 2981 ,
658 2934 680 2980 ἢ
696 2934 755 2972 καὶ
771 2934 858 2987 ὑπὲρ
874 2939 984 2973 ταῦτα
1004 2938 1111 2974 εἰπεῖν

89 2986 126 3022 οὐ
138 2985 414 3035 παραιτήσομαι.
436 2987 503 3024 οΟν
531 2987 597 3039 γὰρ
622 2989 657 3026 αἱ
677 2988 748 3026 ἅνω
775 2988 935 3038 δυνάμεις
957 2988 1111 3039 ἀγγέλων

87 3038 207 3088 τρόμῳ
232 3037 439 3086 δοξάζουσιν,
459 3039 622 3085 Ἰωάννης
641 3042 775 3092 μεγάλη
795 3043 838 3091 τῇ
859 3044 954 3092 φωνῇ
972 3043 1112 3095 παρρη-

88 3088 147 3141 σία
175 3089 357 3140 ἐκήρυξεν·
379 3092 441 3129 Ἔν
466 3094 557 3145 ἀρχῇ
588 3088 630 3139 ἦν
653 3098 670 3131 ὃ
698 3093 819 3143 Λόγος.
856 3093 1027 3144 Μακαρία
1056 3097 1084 3130 εἰ
1101 3122 1110 3138 ,

87 3142 187 3184 πόλις
209 3142 393 3194 Ἐφεσίων,
414 3144 466 3183 ὅτι
490 3149 522 3183 ἐν
545 3147 598 3183 σοὶ
616 3149 753 3200 πρῷτον
774 3144 906 3196 ἤχησεν
927 3148 948 3190 ἡ
970 3145 1111 3192 τοιαύτη

88 3193 263 3237 Οεόλεκτος
293 3197 440 3247 βροντή·
464 3198 620 3250 μακαρία
650 3202 697 3246 εἰ,
729 3196 829 3239 πόλις
857 3196 1040 3249 Ἐρεσίων,
1061 3197 1114 3235 ὅτι

88 3249 123 3301 ἐν
149 3248 202 3285 σοὶ
231 3248 401 3301 συνετάγη
428 3250 467 3287 τὸ
492 3256 643 3289 τοιοῦτον
671 3256 932 3303 γραμματεῖον·
955 3250 1114 3301 μακαρία

88 3302 118 3336 εἰ
133 3329 144 3344 ,
164 3299 216 3337 ὅτι
238 3303 271 3338 ἐν
287 3301 339 3339 σοὶ
357 3306 374 3340 ὃ
388 3306 540 3346 τοιοῦτος
556 3303 732 3350 Ἰωάννης.
751 3301 821 3341 Καὶ
844 3303 943 3340 ἄλλοι
964 3301 1027 3352 μὲν
1045 3302 1114 3355 γὰρ

89 3351 247 3390 Ἰωάνναι
265 3355 298 3390 ἐν
324 3354 387 3405 ὅλη
409 3359 450 3406 τῇ
472 3356 656 3407 οἰκουμένῃ
675 3356 734 3394 καὶ
754 3358 788 3394 ἐν
809 3355 883 3403 σοὶ,
904 3357 980 3392 ἀλλ’
1005 3355 1112 3398 οὐδεὶς

1239 2619 1276 2654 1.
1293 2619 1465 2656 JOANNES
1480 2618 1516 2656 in
1531 2619 1622 2657 Asiae
1637 2621 1725 2658 urbe
1737 2621 1895 2674 EpheSO,
1910 2625 2061 2664 Joannes
2076 2628 2169 2665 Asize

1183 2669 1311 2719 decus,
1334 2670 1390 2708 vel
1410 2671 1529 2722 potius
1548 2672 1645 2711 orbis
1663 2683 1839 2712 terrarum
1864 2676 2043 2728 columna,
2061 2680 2169 2718 Joan-

1184 2736 1243 2760 nes
1257 2722 1407 2761 dilectus
1424 2723 1554 2761 Christi
1570 2724 1784 2778 discipulus,
1805 2737 1839 2765 et
1852 2729 1919 2767 Dei
1930 2732 2041 2770 Verbi
2060 2734 2165 2784 tuba,

1184 2775 1421 2828 Ephesiorum
1453 2776 1588 2827 gloria,
1607 2787 1641 2815 et
1661 2788 1903 2818 extremorum
1922 2783 2018 2821 orbis
2038 2785 2165 2824 finium

1182 2842 1298 2880 praeco
1311 2858 1320 2876 ,
1342 2828 1526 2880 theologiae
1549 2830 1683 2869 cithara
1700 2863 1709 2880 ,
1727 2833 1931 2885 Theologus
1958 2838 2082 2875 merito
2101 2854 2165 2891 ap-

1182 2881 1357 2932 pellatus:
1383 2881 1624 2921 Cherubicum
1656 2899 1711 2933 os,
1731 2895 1764 2923 et
1783 2887 2017 2939 Seraphicum
2033 2901 2165 2943 myste-

1182 2933 1317 2970 riorum
1335 2934 1519 2971 oraculum
1536 2965 1545 2984 ,
1566 2936 1623 2974 vel
1639 2937 1745 2975 etiam
1762 2938 1817 2976 his
1834 2941 1949 2991 majus
1967 2941 2084 2981 dicere
2096 2958 2164 2982 non

1182 2984 1367 3023 dubitabo.
1382 2987 1498 3033 Quem
1510 2989 1604 3026 enim
1616 3003 1776 3042 supernae
1795 2993 2003 3043 angelorum
2017 2996 2166 3035 virtutes

1183 3046 1335 3076 tremore
1362 3038 1581 3092 glorificant,
1621 3043 1775 3081 Joannes
1807 3058 1935 3096 magna
1966 3061 2052 3086 voce
2084 3063 2166 3087 cum

1186 3089 1317 3128 fiducia
1336 3091 1546 3143 praedicavit
1569 3110 1576 3130 :
1599 3097 1648 3131 In
1664 3098 1853 3148 principio
1878 3107 1961 3136 erat
1984 3101 2162 3139 Verbum.
2181 3118 2268 3145 πω,
2292 3124 2316 3142 ι.
2339 3125 2365 3144 1.

1186 3143 1291 3180 Beata
1307 3157 1355 3191 eS,
1379 3145 1504 3183 civitas
1524 3146 1782 3198 Ephesiorum,
1805 3150 1899 3199 quod
1914 3151 1949 3187 in
1970 3160 2002 3188 te
2012 3152 2168 3203 primum

1184 3209 1205 3232 a
1218 3197 1294 3233 Deo
1307 3197 1486 3248 prolatum
1499 3199 1675 3250 ejusmodi
1689 3201 1821 3239 tonitru
1835 3202 2029 3240 insonuerit
2046 3220 2053 3239 :
2067 3206 2169 3243 beata

1185 3262 1220 3285 es
1252 3248 1380 3287 civitas
1396 3250 1637 3302 Ephesiorum
1652 3283 1664 3302 ,
1681 3253 1776 3303 quod
1806 3254 1841 3290 in
1862 3264 1895 3291 te
1914 3256 1983 3292 tale
2003 3257 2170 3296 volumen

1185 3300 1231 3338 sit
1250 3303 1487 3354 compositum
1504 3319 1511 3340 ε
1526 3305 1629 3343 beata
1645 3320 1692 3355 es,
1713 3305 1807 3356 quod
1823 3307 1903 3344 talis
1922 3307 1958 3344 in
1974 3317 2008 3345 te
2020 3310 2172 3348 Joannes

1185 3353 1230 3392 sit
1246 3353 1420 3395 inventus.
1450 3359 1568 3407 Atque
1593 3358 1655 3396 alii
1686 3357 1830 3408 quidem
1854 3360 2006 3398 Joannes
2042 3362 2078 3400 iu
2101 3372 2173 3401 toto

1898 3421 1956 3458 51.
