2507 3673
648 201 692 230 ΙΝ
729 200 948 230 MULOERES
984 199 1079 240 QUAE
1118 198 1374 238 UNGUENTA,
1420 197 1520 227 ETC.

42 282 171 330 Γύναι,
192 282 226 321 τί
255 282 409 330 κλαίεις;
431 282 508 320 τίνα
543 283 677 329 ζητεῖς,
702 281 873 334 ἀπεκρίθη
905 284 926 328 ἡ
948 281 1059 333 γυνὴ,

38 344 124 383 “Ort
144 338 231 397 ἦραν
247 345 303 383 τὸν
319 343 445 396 Κύριόν
472 359 559 395 μου,
574 342 634 381 καὶ
665 347 725 383 οὐκ
752 338 827 382 οῖδα
852 346 917 382 ποῦ
935 346 1061 392 ἔθηκαν

40 405 152 444 αὐτόν.
175 399 263 444 Εἶτα
283 411 495 458 στραφεῖσα,
510 408 542 443 ἐν
562 407 611 456 τῷ
632 404 709 450 τοὺς
728 406 894 458 ἀγγέλους
911 409 1061 452 ἀναστῆ-

39 482 95 504 ναι
117 467 273 510 ἐλθόντος
296 470 406 505 ἐκεῖσε
440 470 499 504 τοῦ
530 466 680 519 Κυρίου,
713 468 772 506 καὶ
801 470 919 507 ἰδοῦσα
946 468 1061 514 αὐτὸν,

39 530 100 566 οὐκ
145 528 322 580 ἐγνώρισε.
363 528 431 567 Διὰ
463 528 514 575 τί;
556 529 733 582 Ἀφθάρτῳ
769 530 836 582 γὰρ
871 525 914 577 ἦν
942 528 1061 568 λοιπὸν

37 592 87 642 τῷ
124 589 262 641 σώματι
289 590 525 643 ’ἠμφιεσμένος
546 595 563 629 ὁ
588 590 713 644 Κύριος
752 592 841 643 μετὰ
873 591 937 639 τὴν
973 591 1062 629 ἀνοί-

39 667 173 698 στασιν,
192 652 250 690 καὶ
277 655 337 690 οὐκ
356 652 583 705 ἐγνωρίζετο,
618 656 646 691 εἷ
678 652 725 704 μὴ
747 652 831 705 παρ’
863 647 911 695 οἷς
943 652 1063 698 ἤθελε,

38 712 97 750 καὶ
116 712 171 750 ὅτε
202 713 373 752 ἐὸούλετο.
392 708 481 751 Εἶτα
511 713 569 751 καὶ
589 716 672 766 παρ’
691 716 803 762 γ,αὐτοῦ
828 715 1041 765 ἐρωτηθεῖσα
1054 742 1063 760 ,

38 773 166 822 Γύναι,
183 774 216 812 τί
243 774 391 822 κλαίεις,
412 774 490 813 τίνα
518 778 650 822 ζητεῖς,
672 775 842 826 ἀπεκρίθη
864 774 967 824 ὅμοια
992 779 1063 817 τοῖς

37 835 123 887 πρὸς
132 833 211 879 τοὺς
226 835 401 887 ἀγγέλους.
415 835 604 886 Νομίσασα
623 835 689 887 γὰρ
706 836 806 873 αὐτὸν
822 834 992 887 ὑπάρχειν
1007 835 1062 873 τὸν

36 896 278 948 προεστηκότα
299 899 358 934 τοῦ
375 896 488 942 κήπου
501 926 510 943 ,
526 899 559 934 ἐν
587 890 615 948 ᾧ
643 891 684 943 ἦν
707 895 745 933 τὸ
770 902 951 947 μνημεῖον,
969 895 1063 947 λέγει

36 957 148 1009 αὐτῷ,
168 957 294 1010 Κύριε,
318 959 346 994 εἷ
377 956 417 994 σὺ
449 957 644 1001 ἓὸάστασας
664 958 777 1004 αὐτὸν,
798 957 874 996 εἰπέ
898 974 976 1008 μοι,
998 962 1064 996 ποῦ

2028 183 2110 227 821

1130 279 1277 317 inclinat
1299 277 1345 315 ad
1372 285 1644 314 monumentum
1662 291 1669 312 ε
1689 277 1742 314 Et
1764 278 1865 314 vidit
1879 278 1974 316 duos
2001 292 2119 329 ange-

1132 333 1189 370 los
1209 334 1250 368 in
1264 331 1364 367 albis
1380 330 1570 374 sedentes,·
1587 337 1621 365 et
1643 328 1771 366 abillis
1786 329 2015 379 interrogata,
2029 333 2119 368 Mu-
2136 340 2214 370 [bid.
2230 349 2257 368 v.
2276 337 2320 367 15.

1133 385 1217 430 Zier,
1237 382 1627 434 quidploras?q1cem
1647 384 1786 433 quoeris
1800 386 1815 417 Ρ
1831 383 2011 433 respondit
2034 398 2119 420 11111-

1131 437 1196 473 1101
1218 451 1225 471 :
1252 437 1353 485 Quia
1382 435 1551 471 tulerunt
1577 435 1791 470 Dominum
1823 448 1961 480 meum,
1990 444 2024 472 et
2049 451 2118 473 ne—

1131 490 1210 526 scio
1231 489 1297 524 ubi
1321 495 1531 538 posuerunt
1552 500 1650 523 enm.
1675 485 1810 523 Deinde
1832 500 2014 536 conversa,
2034 488 2118 537 quia

1132 539 1247 591 angeli
1271 547 1513 587 surrexerunt,
1538 538 1747 576 adveniente
1769 539 1854 575 illuc
1875 539 2043 587 Domino,
2064 540 2122 577 vi-

1131 592 1218 630 dens
1246 591 1367 640 illum,
1401 605 1470 628 non
1497 591 1676 641 cognovit.
1702 591 1961 638 Qua1·e?Quia
1994 592 2119 629 incor—

1132 645 1297 697 ruptibili
1329 658 1475 695 corpore
1503 644 1650 681 indutus
1681 643 1856 681 Dominus
1888 653 1966 695 post
2006 658 2124 682 resur-

1132 698 1340 746 rectionem,
1363 711 1433 734 non
1453 697 1663 734 noscebatur
1683 696 1750 733 nisi
1773 711 1791 733 a
1811 696 1942 747 quibus
1964 697 2121 746 volebat,

1132 759 1165 788 et
1185 765 1266 788 cum
1287 750 1441 787 volebat.
1463 750 1520 787 Ab
1543 749 1619 801 ipso
1646 758 1766 801 postea
1786 749 2015 800 interrogata,
2035 752 2125 787 Mu-

1133 803 1216 850 lier,
1235 804 1330 856 quid
1341 803 1499 854 ploras?
1515 816 1626 855 quem
1644 805 1809 854 φαεν-159
1828 802 1958 839 similia
1979 816 2124 854 respon-

1133 855 1186 893 dit
1212 856 1270 906 iis,
1291 870 1369 907 quae
1390 855 1523 906 angelis
1544 854 1698 892 dixerat.
1727 854 1946 892 Existimans
1968 855 2062 892 6111111
2080 855 2125 892 11-

1132 908 1209 946 111111
1227 923 1298 947 6556
1321 908 1527 961 praefectum
1544 908 1652 955 horti,
1673 908 1709 945 in
1729 921 1798 958 quo
1819 916 1892 944 erat
1912 921 2124 945 monumen-

1132 970 1224 1012 tum,
1247 962 1334 1000 dicit
1349 962 1379 999 ei
1398 977 1405 997 :
1422 962 1603 1007 Domine,
1627 963 1660 998 si
1680 969 1721 998 tic
1736 961 1928 998 sustulisti
1949 974 2048 1006 eum,
2067 962 2126 997 di-

1085 414 1107 443 Ε

35 1016 161 1064 ἔθηκας
180 1018 295 1066 αὐτὸν,
307 1017 404 1070 κάγὼ
419 1019 520 1057 αὐτὸν
537 1020 622 1070 ἀρῶ.
637 1018 779 1065 Ταύτην
795 1018 857 1066 τὴν
878 1019 1062 1072 ἀπόκρισιν
1073 1035 1119 1059 163
1133 1017 1209 1052 cito
1230 1016 1325 1053 mihi
1349 1016 1415 1052 ulai
1433 1016 1596 1065 posuisti
1613 1027 1715 1058 eum;
1735 1022 1771 1050 et
1786 1027 1854 1065 ego
1875 1027 1960 1050 eum
1974 1014 2124 1050 tollam.

35 1078 95 1116 καὶ
109 1078 172 1126 τὴν
189 1079 273 1131 πρὸς
292 1078 370 1123 τοὺς
385 1079 548 1131 ἀγγέλους
566 1083 626 1118 οὐκ
641 1080 691 1118 ἔτι
704 1080 794 1130 μετὰ
814 1080 959 1131 μελέτης
974 1082 1064 1125 τινὸς

35 1141 94 1179 καὶ
119 1141 334 1195 ὑποκρίσεως
357 1145 379 1188 ἡ
413 1141 633 1194 Μαγδαληνὴ
666 1142 876 1190 ἐποιήσατο,
905 1141 1063 1194 καθάπερ

35 1203 94 1241 καὶ
109 1204 195 1255 πρὸς
210 1203 287 1247 τοὺς
311 1203 484 1255 μαθητάς·
506 1203 647 1247 ἐκείνοις
669 1203 730 1254 μὲν
750 1203 817 1256 γὰρ
834 1203 1063 1256 ἀπεκρίνατο,

35 1263 96 1302 ἅτε
116 1267 310 1315 ἀγνοοῦσιν,
333 1267 382 1308 εἷς
413 1265 452 1302 τὸ
474 1266 640 1316 διεγεῖραι
670 1264 792 1308 αὐτοὺς
816 1265 980 1309 *πάντας
1000 1267 1062 1303 ε’λ-

35 1329 104 1364 θεῖν
121 1328 169 1370 εἷς
183 1327 222 1365 τὸ
242 1332 409 1378 μνημεῖον
421 1342 429 1350 ·
450 1326 569 1374 ἐπειδὴ
595 1326 630 1364 δὲ
646 1321 763 1375 ἦλθον,
782 1327 840 1364 καὶ
857 1320 944 1365 εἶδον
962 1326 1009 1378 μὴ
1026 1327 1062 1366 ὂν

34 1389 106 1426 ἐκεῖ
124 1388 163 1426 τὸ
184 1391 288 1438 σῶμα
300 1418 309 1435 ,
332 1387 390 1426 καὶ
407 1387 484 1426 οὐδὲ
501 1387 609 1431 οὕτως
625 1387 831 1426 ἐπίστευσαν
850 1391 892 1439 τῇ
911 1389 1062 1427 ἀναστά-

35 1465 106 1496 σει,
120 1449 240 1487 λοιπὸν
259 1448 319 1486 καὶ
339 1447 427 1495 αὐτὴ
449 1448 584 1501 ἐτράπη
604 1451 647 1500 τῇ
663 1448 785 1499 γνώμῃ
798 1479 807 1495 ,
820 1448 879 1486 καὶ
899 1452 1001 1488 τοῦτο
1016 1452 1062 1492 ὡς

34 1509 110 1548 λίαν
132 1509 281 1557 εὖλαὸὴς
299 1513 458 1548 παθοῦσα
471 1539 480 1557 ,
498 1509 558 1547 καὶ
574 1508 638 1555 τὴν
662 1509 790 1562 ἀκριὸἧ
806 1509 948 1561 γνώμην
965 1510 1062 1548 δοκι-

35 1570 179 1620 μάσασα
200 1572 331 1620 μᾶλλον
352 1571 442 1623 ἔχειν
459 1569 537 1615 τοὺς
565 1569 778 1614 ἀποστόλους
807 1570 893 1624 ὑπὲρ
922 1572 1060 1619 ἑαυτήν.

35 1633 118 1675 Τοῖς
134 1631 169 1670 δὲ
185 1632 342 1683 ἀγγέλοις
357 1633 415 1670 καὶ
436 1635 487 1684 τῷ
506 1631 668 1684 Δεσπότῃ
690 1638 954 1686 μετατραπεῖσα
982 1635 1060 1672 λοι-

33 1693 110 1740 πὸν,
128 1692 187 1730 καὶ
215 1695 350 1740 ἀληθῶς
371 1693 587 1744 πεπεισμένη
608 1697 655 1737 ὡς
684 1694 844 1746 ἀρθέντος
870 1694 937 1733 ὑπὸ
957 1697 1059 1732 τινῶν

33 1759 93 1793 τοῦ
130 1754 292 1806 σώματος
330 1758 369 1794 ἐκ
401 1759 460 1793 τοῦ
498 1754 668 1807 μνημείου
681 1786 690 1804 ,
725 1755 834 1800 οὕτως
874 1756 1058 1808 ἀπεκρίθη.

33 1817 202 1867 Ἀμέλειὸ
223 1817 358 1864 Ἰησοῦς
379 1817 556 1869 θεωρήσας
588 1816 652 1863 τὴν
679 1816 825 1869 καρδίαν
856 1818 984 1862 αὐτῆς,
1013 1820 1059 1861 ὡς

33 1879 143 1926 Θεὸς,
164 1880 426 1925 ἐπιπληκτικῶς
442 1877 626 1929 ἀνέκραξεν
647 1879 734 1926 αὐτῆ
748 1908 756 1924 ,
776 1877 912 1930 Μαρία.
929 1880 1004 1925 Τῆς
1023 1878 1058 1916 δὲ

31 1939 152 1978 λοιπὸν
179 1939 384 1991 ἐπιγνούσης
409 1938 472 1985 τὴν
505 1937 620 1991 φωνὴν
658 1940 762 1977 αὐτοῦ
783 1938 961 1991 (δεύτερον
989 1938 1058 1993 γὰρ

33 2000 121 2051 αὐτῇ
139 1999 236 2052 ὤφθη
253 2000 378 2050 τοῦτο)
391 2031 400 2048 ,
415 2000 474 2038 καὶ
493 1999 666 2047 πεσούσης
680 2000 799 2048 πάλιν,
813 2003 860 2043 ὡς
875 2003 917 2052 τῇ
933 1999 1056 2052 πρώτῃ

31 2061 188 2115 καθόδῳ,
216 2062 301 2113 πρὸς
335 2061 413 2105 τοὺς
444 2061 552 2104 πόδας
585 2063 709 2108 αὐτοῦ,
737 2063 799 2100 οὐκ
826 2061 876 2099 ἔτι
906 2063 1058 2112 εὐμενῶς

33 2125 120 2172 αὐτῇ
141 2121 381 2175 προσηνέχθη,
402 2124 448 2165 ὡς
475 2122 571 2170 τότε,
591 2122 682 2160 ἀλλὰ
713 2123 771 2160 καὶ
804 2121 990 2167 ἀπώσατο,
1009 2124 1058 2160 εἷ-

31 2183 106 2222 πών
118 2200 125 2207 ·
144 2184 207 2231 Μή
229 2199 294 2234 μου
313 2185 434 2222 ἅπτου.
452 2184 521 2222 Καὶ
549 2184 617 2236 μὴν
634 2185 673 2223 τὸ
692 2184 859 2237 πρότερον
884 2183 1057 2231 ἠτόνησαν

32 2248 283 2298 καταφιλοῦσαι
313 2245 391 2289 τοὺς
410 2245 544 2296 τιμίους
564 2246 623 2284 καὶ
652 2246 846 2299 ἀχράντους
869 2248 973 2284 αὐτοῦ
992 2246 1055 2284 πό-

32 2307 92 2350 δας
109 2309 143 2344 αἱ
164 2307 223 2345 δύο
238 2313 398 2359 γυναῖκες
412 2337 421 2354 ,
441 2307 499 2345 καὶ
516 2307 612 2345 οὐδὲν
628 2311 783 2346 τοιοῦτον
803 2307 956 2354 ἥκουσαν
973 2309 1057 2359 παρ’

31 2371 147 2407 αὐτοῦ.
177 2369 304 2422 Ὁρᾷς,
328 2369 382 2408 ὅτι
417 2372 464 2414 ὡς
495 2371 632 2416 ἀληθῶς
663 2369 909 2417 ἀπιστήσασαν
948 2369 1056 2416 αὐτὴν

29 2432 221 2469 ἀπωθεῖται
241 2434 258 2468 ὃ
278 2431 405 2482 Σωτὴρ
419 2430 530 2482 λέγων
544 2447 551 2454 ·
568 2431 630 2477 Μή
648 2446 711 2482 μου
734 2431 863 2478 ἅπτου,
884 2430 976 2469 Τότε
992 2431 1058 2483 γὰρ

30 2491 153 2543 πρώτη
188 2490 331 2534 κάθοδος
359 2487 400 2538 ἦν
424 2494 486 2537 τῆς
514 2492 713 2543 ἐπιφανείας
750 2495 809 2529 τοῦ
833 2492 982 2543 Κυρίου,
999 2492 1058 2530 καὶ

31 2552 271 2605 συνεχώρησεν
285 2554 405 2596 αὐταῖς
422 2552 591 2590 ἅπτεσθαι
611 2553 669 2590 καὶ
687 2555 887 2604 καταφιλεῖν
910 2555 1058 2605 ἀφειδῶς

32 2612 110 2657 τοὺς
124 2613 231 2657 πόδας
248 2616 371 2662 αὐτοῦ,
391 2613 446 2652 ἵνα
463 2613 550 2666 ὑπὲρ
566 2613 628 2661 τὴν
648 2612 765 2665 ὅρασιν
791 2613 850 2651 καὶ
870 2613 934 2660 τὴν
950 2614 1058 2661 ἀκοὴν

32 2678 75 2727 τῇ
98 2676 166 2728 ἁφῇ
183 2677 315 2726 μᾶλλον
329 2679 563 2723 πιστωθῶσιν,
578 2675 629 2713 ὅτι
645 2678 662 2713 ὃ
682 2675 892 2727 σταυρωθεὶς
910 2675 969 2713 καὶ
998 2691 1058 2713 τα-

33 2736 106 2789 φεὶς
132 2737 296 2784 ῧάνέστη.
317 2737 385 2776 Διὰ
418 2737 486 2789 γὰρ
510 2741 610 2774 τοῦτο
639 2736 698 2773 καὶ
723 2739 914 2774 ἀπωθεῖται
947 2739 1005 2773 νῦν
1034 2741 1055 2783 ἡ

32 2798 251 2850 Μαγδαληνὴ
272 2800 353 2850 παρ’
374 2800 494 2837 αὐτοῦ·
515 2801 561 2841 ὡς
593 2798 682 2848 μετὰ
699 2798 869 2844 τοσαύτην
885 2798 1056 2836 πίστωσιν

33 2864 294 2910 μετατραπεῖσα
316 2860 447 2908 ἀκούει,
463 2860 524 2907 Mt]
550 2877 614 2911 μου
638 2859 760 2897 ἅπτου·
777 2858 873 2897 οὔπω
890 2859 957 2912 γὰρ
975 2861 1057 2897 ἀνα-

33 2919 167 2967 ἕέὸηκα
187 2921 272 2973 πρὸς
287 2920 343 2959 τὸν
359 2921 505 2974 Πατέρα
527 2937 604 2972 μου.
621 2920 689 2959 Διὰ
703 2919 832 2959 τούτων
853 2923 921 2959 τῶν
940 2920 1056 2974 ῥημά-

30 2998 99 3019 των
130 2981 190 3019 καὶ
218 2983 364 3035 ἐπιτιμᾷ
392 2985 438 3026 ὡς
467 2983 785 3035 ἀπιστησάσῃ,καὶ
815 2982 976 3034 διεγείρει
997 2982 1055 3020 τὸν

31 3045 108 3080 νοῦν
145 3043 273 3092 αὐτῆς,
306 3043 582 3094 ὑπομιμνήσκων
608 3048 667 3082 τοῦ
700 3043 858 3096 οὐρανίου
890 3043 1053 3094 Πατρὸς,

31 3105 90 3142 καὶ
109 3103 237 3142 πείθων
256 3104 304 3155 μὴ
331 3104 481 3155 νομίζειν
499 3105 601 3144 αὐτὸν
634 3099 720 3143 εῖναι
749 3110 849 3144 τοῦτο
883 3104 984 3155 μόνον
1015 3105 1054 3142 τὸ

30 3170 217 3222 ὁρώμενον,
234 3170 411 3220 ἄνθρωπον
429 3171 467 3207 ἐκ
486 3172 616 3221 νεκρῶν
636 3168 835 3221 ἐγερθέντα,
858 3167 947 3206 ἀλλὰ
963 3167 1053 3205 Θεὸν

31 3236 152 3281 ὄντως,
177 3237 222 3279 ὡς
251 3234 334 3272 Υἱὸν
361 3235 452 3272 Θεοῦ
474 3234 646 3282 ἀληθινὸν,
679 3235 722 3271 δι’
759 3237 852 3280 ἡμᾶς
885 3234 1054 3283 ἐνανθρω-

77 3361 91 3377 ²⁴
117 3362 256 3402 [πάντως
269 3374 300 3393 v.
320 3360 341 3394 l.
361 3372 414 3402 ap,
432 3359 550 3401 Savil.]

1085 1075 1110 1102 A
1134 1068 1235 1105 Hanc
1250 1067 1527 1120 responsionem,
1544 1076 1630 1104 11161
1654 1066 1871 1118 superiorem
1892 1079 2002 1115 quam
2021 1079 2126 1116 ange-

1132 1120 1177 1158 lis
1195 1121 1339 1167 sacerat,
1355 1134 1423 1158 non
1449 1118 1629 1167 meditate,
1650 1133 1719 1156 non
1747 1118 1912 1156 simulate
1939 1118 2021 1155 feeit
2046 1121 2124 1156 Ma-

1132 1173 1185 1210 ria
1209 1173 1435 1224 Magdalena,
1453 1186 1552 1210 secus
1575 1186 1682 1222 quam
1710 1171 1822 1221 illam,
1839 1185 1907 1222 qua
1937 1170 2126 1223 discipulis

1132 1227 1317 1278 respondit
1335 1242 1342 1262 :
1360 1226 1417 1264 his
1443 1225 1537 1262 enim
1560 1223 1790 1276 responderat
1809 1233 1847 1261 ut
1864 1224 2124 1275 ignorantibus,

1133 1293 1203 1329 quo
1222 1279 1302 1316 illos
1321 1279 1491 1316 excitaret
1503 1277 1550 1315 ad
1562 1277 1778 1316 veniendum
1794 1276 1830 1313 in
1841 1286 2123 1314 monumentum.

1132 1332 1205 1369 Ubi
1231 1341 1350 1369 autem
1380 1339 1554 1370 venerunt
1580 1330 1819 1379 videruntque
1854 1343 1924 1366 non
1958 1329 2033 1366 illic
2053 1343 2127 1367 esse

1132 1398 1282 1436 corpus,
1311 1398 1423 1435 neque
1448 1393 1564 1421 tamen
1592 1381 1840 1420 resurrectioni
1875 1381 2122 1430 crediderunt3

1132 1436 1277 1474 demum
1310 1437 1372 1474 illa
1404 1450 1544 1487 quoque
1576 1435 1785 1473 sententiam
1822 1435 1995 1483 mutavit,
2027 1435 2125 1485 quod

1131 1489 1227 1541 ipsos
1246 1489 1443 1527 admodum
1459 1498 1693 1538 revereretur,
1710 1497 1743 1525 et
1758 1488 1904 1525 illorum
1921 1487 2125 1539 opinionem

1132 1556 1194 1579 sua
1215 1543 1396 1580 certiorem
1417 1556 1489 1579 esse
1511 1542 1742 1579 existimaret.
1768 1539 1824 1577 Ad
1857 1541 1999 1591 angelos
2023 1540 2125 1578 deni-

1132 1609 1202 1646 que
1226 1604 1259 1633 et
1290 1595 1336 1633 ad
1365 1594 1561 1633 Dominum
1589 1608 1769 1640 conversa,
1797 1602 1962 1643 certoque
1996 1603 2125 1645 putans

1132 1662 1261 1700 eorpus
1279 1663 1299 1686 a
1318 1648 1536 1699 quibusdam
1562 1647 1743 1684 sublatum
1765 1645 1888 1692 fuisse,
1910 1646 1959 1682 ita
1981 1660 2125 1697 respon-

1132 1701 1199 1740 dit.
1227 1702 1356 1752 Utique
1375 1703 1489 1749 Jesus,
1508 1714 1591 1738 cum
1613 1714 1672 1737 eor
1691 1699 1779 1750 ejus,
1796 1707 1918 1750 utpote
1935 1699 2044 1747 Deus,
2063 1698 2122 1736 vi-

1130 1754 1243 1804 deret,
1265 1754 1481 1806 increpantis
1499 1767 1596 1791 more
1612 1751 1794 1801 clamavit,
1814 1753 1958 1788 Maria.
1974 1751 2040 1789 Illa
2060 1765 2122 1789 au-
2138 1762 2217 1791 [hid.
2234 1774 2262 1791 v.
2275 1763 2322 1794 16.

1130 1816 1214 1857 tem,
1228 1808 1304 1859 ejus
1331 1808 1470 1859 cognita
1493 1820 1579 1845 voce
1601 1808 1709 1853 (nam
1735 1804 1790 1841 bis
1816 1804 1921 1841 illum
1936 1803 2075 1843 viderat
2091 1810 2117 1855 ),
2142 1812 2190 1842 17·

1130 1861 1298 1912 procidit,
1315 1869 1355 1897 111
1378 1860 1495 1912 prima
1522 1860 1611 1906 vice,
1635 1857 1679 1895 ad
1708 1857 1816 1910 pedes
1843 1858 1932 1909 ejus.
1954 1857 2020 1894 Ille
2035 1872 2121 1897 vero

1131 1928 1199 1951 uon
1222 1913 1362 1966 placide
1380 1914 1495 1965 ipsam
1517 1911 1675 1959 admisit,
1696 1920 1735 1948 ut
1762 1919 1885 1959 antea5
1909 1909 1969 1947 sed
1989 1911 2122 1962 repulit

1130 1967 1245 2016 illam,
1264 1966 1399 2011 dicens,
1420 1967 1514 2003 Noli
1534 1980 1593 2002 me
1615 1973 1784 2015 tangere.
1804 1963 1912 2013 Atqui
1934 1963 2123 2001 anteaduae

1130 2021 1201 2058 illae
1221 2020 1387 2057 mulieres
1400 2033 1464 2071 pro
1481 2019 1595 2056 lubito
1612 2017 1688 2069 ejus
1705 2015 1924 2053 venerandos
1941 2025 1973 2053 et
1989 2015 2122 2053 imma-

1131 2074 1267 2111 culatos
1288 2072 1395 2125 pedes
1420 2072 1584 2109 osculatae
1607 2078 1700 2117 sunt,
1717 2083 1780 2106 nec
1802 2068 1989 2120 quidpiam
2007 2069 2125 2106 simile

1131 2126 1306 2164 dicentem
1336 2124 1536 2162 audierunt.
1556 2122 1684 2163 Viden'
1707 2123 1934 2160 servatorem
1961 2121 2062 2158 illam
2081 2131 2124 2160 ut

1132 2179 1352 2217 incredulam
1379 2177 1550 2230 repulisse
1580 2175 1796 2225 dixisseque,
1823 2174 1917 2212 lvoli
1943 2188 2002 2211 me
2032 2183 2121 2211 tan-

1130 2237 1242 2284 gere?
1258 2233 1298 2269 In
1319 2231 1430 2284 priori
1464 2244 1616 2280 namque
1650 2241 1799 2265 occursu
1820 2236 1854 2264 et
1882 2226 2018 2264 visione
2043 2241 2123 2278 per-

1131 2286 1229 2323 misit
1248 2285 1320 2322 illis
1340 2283 1530 2331 Dominus,
1545 2291 1584 2319 ut
1603 2280 1709 2334 pedes
1727 2294 1809 2317 suos
1828 2294 1892 2332 pro
1912 2279 2027 2316 11111110
2044 2289 2124 2316 1311-

1132 2347 1252 2390 gerent
1271 2347 1304 2375 et
1321 2337 1576 2383 oscularentur,
1596 2348 1666 2385 quo
1684 2347 1752 2370 non
1772 2347 1817 2370 ex
1843 2332 1920 2370 visu
1942 2341 1974 2369 61
1997 2332 2123 2370 auditu

1133 2400 1282 2439 tantum,
1303 2390 1363 2428 sed
1395 2390 1501 2427 etiam
1525 2403 1570 2426 ex
1589 2397 1684 2424 tactu
1706 2385 1958 2423 inducerentur
1976 2384 2023 2422 ad
2045 2398 2121 2422 cre-

1132 2444 1293 2482 dendum
1311 2458 1408 2490 eum,
1425 2442 1485 2493 qui
1506 2440 1700 2478 crucifixus
1717 2447 1750 2476 61
1766 2438 1926 2489 sepultus
1943 2438 2056 2474 fuerat
2068 2452 2122 2474 re-

1133 2497 1338 2535 surrexisse.
1367 2495 1450 2532 11160
1481 2494 1574 2531 6111111
1596 2493 1672 2543 jam
1700 2490 1912 2540 Magdalena
1934 2490 1978 2526 ab
2009 2504 2047 2526 eo
2068 2504 2122 2527 re-

1132 2550 1279 2602 pellitur
1300 2564 1306 2584 :
1329 2556 1449 2599 utpote
1467 2560 1543 2597 quae
1563 2554 1640 2597 post
1662 2552 1713 2580 tot
1733 2541 1898 2580 credendi
1914 2552 2123 2592 argumenta

1132 2611 1267 2639 mutata
1278 2601 1415 2644 fuisset,
1430 2599 1530 2636 audit
1546 2598 1609 2634 illa
1627 2612 1634 2632 ε
1653 2596 1746 2633 Noli
1760 2610 1820 2632 me
1837 2604 2010 2646 tangere5
2026 2609 2121 2631 non-

1132 2657 1225 2692 dum
1248 2657 1350 2691 enim
1370 2652 1528 2690 ascendi
1550 2651 1603 2687 ad
1615 2651 1776 2687 Patrem
1805 2662 1944 2684 meum.
1961 2647 2025 2685 His
2042 2662 2121 2686 ver—

1131 2708 1187 2745 bis
1215 2707 1373 2758 increpat
1399 2705 1499 2742 illam
1518 2703 1614 2754 quod
1634 2715 1703 2739 non
1725 2700 1930 2750 crediderit,
1951 2700 2122 2750 illiusque

1131 2769 1283 2798 mentem
1303 2758 1444 2803 excitat,
1462 2756 1635 2795 caelestem
1662 2756 1803 2792 Patrem
1827 2768 2120 2800 commenmrans,

1131 2822 1164 2851 et
1183 2812 1334 2850 suadens
1367 2810 1434 2857 illi,
1453 2824 1495 2847 ne
1522 2817 1662 2860 putaret
1692 2821 1728 2844 56
1756 2805 1848 2844 1111111
1875 2815 2016 2843 tantum
2047 2820 2121 2843 esse

1129 2865 1225 2917 quod
1254 2864 1365 2902 oculis
1388 2862 1673 2915 percipiebatur,
1706 2874 1831 2911 nempe
1860 2859 2042 2896 hominem
2074 2873 2119 2897 cx

1130 2918 1279 2956 mortuis
1303 2917 1531 2964 suscitatum,
1565 2913 1625 2952 sed
1658 2927 1741 2951 vere
1768 2914 1898 2959 Deum,
1922 2921 1953 2949 et
1985 2911 2119 2949 Filium

1129 2971 1195 3009 Dei
1224 2984 1366 3018 verum,
1394 2969 1454 3020 qui
1482 2976 1627 3020 propter
1658 2980 1721 3003 nos
1753 2965 1859 3002 homo
1888 2964 2002 3001 factus
2033 2974 2117 3000 erat.

1129 3025 1232 3071 Nam,
1257 3025 1346 3069 Dic,
1370 3021 1705 3073 inquit7sratribus
1729 3021 1836 3062 meis,
1861 3016 2046 3054 Ascendo
2067 3018 2121 3053 ad

1128 3079 1289 3114 Patrem
1328 3088 1453 3112 meum
1487 3083 1521 3111 et
1562 3075 1724 3111 Patrem
1762 3079 1955 3116 vestrum,
1992 3071 2117 3106 Deum

1128 3143 1255 3167 meum
1281 3137 1318 3166 et
1348 3129 1476 3166 Deum
1503 3135 1691 3164 vestrum.
1718 3124 1781 3161 His
1811 3123 1944 3160 auditis
1974 3131 2007 3159 61
2032 3121 2118 3159 visis

1128 3182 1340 3234 Magdalena
1357 3179 1554 3232 discipulos
1570 3178 1646 3216 adit
1661 3190 1780 3215 omnes
1799 3191 1807 3212 z
1829 3189 1941 3225 neque
1957 3175 2049 3210 ultra
2065 3173 2119 3210 diu

1129 3236 1190 3286 cit,
1214 3235 1400 3273 Titlerunt
1417 3235 1630 3271 Dominum
1646 3243 1771 3268 meum
1792 3229 1838 3266 de
1854 3235 2115 3270 monumento,-

1140 3366 1153 3381 ἃ
1178 3356 1289 3398 [αὐτὸς
1304 3359 1364 3389 ἐστι
1387 3365 1417 3387 v.
1433 3352 1454 3385 1.
1473 3363 1527 3394 ap.
1539 3349 1639 3384 Savil.
1653 3350 1696 3381 Et
1711 3359 1788 3380 mox
1807 3349 1897 3388 ἀκούῃ
1912 3355 1974 3387 pro
1991 3344 2117 3385 dmum]
