2507 3673
847 290 885 319 ΙΝ
927 290 1074 318 RAMOS
1111 287 1376 318 PSALMARUM
1388 306 1397 315 .

94 373 219 424 χαρὰν,
233 372 285 411 ὅτι
301 372 464 410 τοιούτων
481 372 644 423 γεγόνατε
663 371 810 422 πατέρες
824 401 832 417 ,
853 370 973 414 οἵτινες
994 370 1052 408 καὶ
1073 369 1117 406 τὰ

94 431 164 468 τοῖς
185 424 429 477 πρεσὲυτέροις
445 425 656 475 ἀγνοηθέντα
672 424 898 466 θεοδιδάκτως
911 422 1117 474 ἀνευφήμη-

95 493 171 516 σαν.
185 477 444 529 Ἔπιστρέψατε
458 475 514 518 οὖν
529 476 590 519 τὰς
609 476 753 530 καρδίας
772 479 868 527 ὑμῶν
883 475 942 514 ἐπὶ
957 476 1000 513 τὰ
1015 474 1119 512 τέκνα

95 533 205 580 ὑμῶν,
226 531 285 567 καὶ
305 529 353 576 μὴ
376 530 508 579 μύσητε
531 529 607 573 τοὺς
626 529 822 581 ὀφθαλμοὺς
839 531 935 578 ὑμῶν
954 528 1038 579 πρὸς
1054 526 1119 572 τὴν

96 583 272 629 ἀλήθειαν.
294 584 339 620 Εἰ
359 582 394 621 δὲ
415 585 512 624 αὐτοί
528 585 626 630 ἐστε,
647 582 705 620 καὶ
729 582 908 624 ἀκούοντες
928 583 989 618 οὐκ
1011 578 1119 616 ἀκού-

96 651 151 673 ετε
165 664 175 681 ,
192 635 251 673 καὶ
269 634 454 686 βλέποντες
468 641 505 676 οὐ
523 635 669 687 βλέπετε
683 664 692 682 ,
714 634 773 672 καὶ
788 634 901 684 μάτην
918 633 1119 683 διαφέρεσθε

95 689 180 740 πρὸς
198 688 242 726 τὰ
271 688 401 735 νήπια,
422 690 517 729 αὐτοὶ
539 691 635 738 ὑμῶν
655 687 770 739 κριταὶ
798 685 934 724 ἔσονται
953 684 1044 721 κατὰ
1062 684 1119 721 τὸν

97 745 157 779 τοῦ
179 742 343 791 Σωτῆρος
368 742 481 794 λόγον,
503 743 628 784 Καλῶς
647 744 727 790 γοῦν
748 739 806 777 καὶ
825 741 926 776 τοῦτο
945 736 1033 787 μετὰ
1052 739 1120 774 τῶν

100 794 215 832 ἄλλων
235 794 503 846 προανεφώνησε
524 795 603 845 περὶ
622 795 719 843 ὑμῶν
736 795 753 830 ὃ
781 790 960 842 προφήτης
975 786 1124 832 Ἡσαΐας

100 847 211 896 λέγων
227 862 235 869 ·
267 847 320 883 Οὐ
351 850 408 885 νῦν
440 846 711 900 αἰσχυνθήσεται
735 843 884 890 'Iamba
913 842 989 881 οὐδὲ
1011 847 1067 881 νῦν
1085 840 1124 879 τὸ

101 899 287 951 πρόσωπον
309 900 516 949 μεταὸαλεῖ·
537 900 613 938 ἀλλ’
638 898 720 937 ὅταν
748 896 848 934 ἴδωσι
876 895 919 933 τὰ
937 896 1041 934 τέκνα
1062 897 1126 932 αὖ-

100 955 167 989 τῶν
187 951 231 989 τὰ
245 951 329 1002 ἔργα
349 967 414 1002 μου
427 984 436 1000 ,
457 954 499 991 δι’
516 951 577 1002 ἐμὲ
594 951 774 1001 ἁγιάσουσι
794 949 852 986 τὸν
873 948 967 999 ἅγιον
982 953 1042 986 τοῦ
1058 947 1127 986 Ἰα-

99 1004 196 1051 mbo,
224 1004 283 1041 καὶ
314 1005 372 1043 τὸν
400 1006 491 1044 Θεὸν
510 1010 568 1043 τοῦ
597 1002 740 1055 Ἰσραὴλ
767 1001 1046 1054 φοὸηθήσονται·
1068 1001 1128 1038 καὶ

99 1056 290 1105 γνώσονται
310 1058 341 1095 οἱ
368 1060 417 1110 τῷ
436 1057 608 1109 πνεύματι
628 1055 850 1105 πλανώμενοι
872 1054 1020 1102 σύνεσιν,
1040 1055 1071 1091 οἱ
1092 1053 1127 1092 δὲ

98 1109 319 1161 γογγύζοντες
340 1111 556 1160 μαθήσονται
588 1108 788 1153 ὑπακούειν,
817 1107 877 1145 καὶ
906 1109 941 1144 αἱ
972 1109 1127 1160 γλῶσσαι

101 1165 136 1200 αἱ
162 1163 384 1214 ψελλίζουσαι
415 1163 632 1214 μαθήσονται
650 1163 766 1200 λαλεῖν
786 1160 938 1214 εἰρήνην.
955 1159 1082 1212 <Ορδγίς,
1099 1162 1127 1196 ὠ

103 1214 227 1262 ἀνόητε
248 1215 413 1261 Ἰουδαῖε,
433 1220 507 1260 πῶς
529 1220 567 1255 ἐκ
590 1214 782 1267 προοιμίων
802 1217 861 1252 τοῦ
879 1213 981 1264 λόγου
1002 1212 1126 1264 αἰσχύ-

101 1283 165 1313 νην
186 1270 267 1319 ὓμῖν
288 1269 588 1321 προκαταγγέλλει
604 1272 621 1306 ὃ
640 1267 822 1320 προφήτης
853 1265 909 1304 διὰ
936 1265 999 1312 τὴν
1020 1264 1126 1303 ἀπεί-

104 1324 197 1358 Οειαν
229 1323 345 1371 ὑμῶν;
379 1322 519 1360 Μάθετε
555 1322 618 1359 κᾶν
658 1323 741 1371 παρ’
786 1322 889 1357 αὐτοῦ
904 1349 913 1366 ,
946 1322 1019 1361 πῶς
1055 1321 1128 1356 θεο-

104 1373 264 1411 δίδακτον
298 1374 465 1426 κηρύσσει
500 1374 562 1420 τὴν
605 1376 673 1411 τῶν
705 1373 834 1411 τέκνων
873 1374 969 1422 ὑμῶν
1006 1373 1127 1423 ὕμνῳ-

104 1425 195 1472 δίαν,
216 1428 263 1469 ὡς
279 1427 338 1464 καὶ
355 1430 372 1465 ὁ
393 1427 563 1480 μακάριος
582 1427 690 1464 Δαυὶδ
709 1425 979 1479 προανεφώνησε
998 1424 1127 1475 λέγων·

103 1480 171 1517 Ἐκ
189 1478 361 1529 στόματος
382 1480 514 1525 νηπίων
534 1479 593 1517 καὶ
613 1480 828 1524 θηλαζόντων
855 1476 1056 1528 κατηρτίσω
1077 1469 1130 1513 αἷ-

103 1546 170 1569 νον.
187 1530 237 1568 Ἢ
257 1530 370 1569 τοίνυν
387 1532 449 1579 τὴν
467 1532 630 1578 ὁσιότητα
649 1534 717 1569 τῶν
738 1530 870 1569 παίδων
891 1529 1130 1575 οἷκειώσασθε,

103 1586 151 1627 ὡς
170 1583 297 1635 χρέων,
317 1583 338 1630 ἢ
359 1584 448 1635 μετὰ
463 1587 525 1630 τῆς
546 1584 720 1627 εὔσεὲείας
737 1583 796 1621 καὶ
813 1582 890 1626 τοὺς
905 1583 1031 1625 παῖδας
1048 1584 1132 1632 ἡμῖν

102 1636 306 1688 χαρίσασθε.
325 1636 449 1688 Ἡμεῖς
469 1638 597 1681 τούτοις
615 1635 903 1688 συγχορεύσωμεν
919 1636 978 1673 καὶ
993 1650 1130 1689 συνεορ-

105 1689 280 1739 τάσωμεν,
300 1690 358 1727 καὶ
375 1694 418 1741 τῇ
447 1694 549 1742 καινῇ
570 1689 713 1742 γλώσσῃ
737 1689 776 1726 τὸ
799 1688 1014 1726 θεοδίδακτον
1035 1691 1131 1739 ᾀσμα

105 1742 380 1793 συμψάλλωμεν.
414 1742 507 1780 Ποτὲ
539 1744 600 1794 μὲν
634 1742 701 1795 γὰρ
729 1741 874 1792 Συμεὼν
897 1744 914 1778 ὃ
936 1740 1132 1792 πρεσὸύτης

105 1794 283 1840 ὑπήντησε
303 1798 352 1847 τῷ
380 1797 542 1848 Σωτῆρι,
564 1795 624 1833 καὶ
649 1801 725 1838 ταῖς
758 1794 926 1845 ἀγκάλαις
945 1792 1132 1836 ὑπεδέξατο

104 1847 162 1885 τὸν
195 1851 263 1885 τῶν
297 1849 430 1886 αἰώνων
462 1849 644 1894 Δεσπότην
664 1850 710 1891 ὡς
743 1846 885 1899 βρέφος,
918 1846 976 1884 καὶ
1005 1846 1131 1897 Κύριον

105 1900 165 1938 καὶ
185 1901 274 1938 Θεὸν
296 1901 459 1954 ἐκήρυξε·
477 1906 534 1939 νῦν
559 1901 593 1939 ’δὲ
614 1900 688 1938 ἀντὶ
708 1900 952 1951 πρεσὸυτέρων
973 1898 1133 1949 ἀγνωμό-

105 1968 171 1990 νων
191 1957 222 1991 oi
239 1955 360 1997 παῖδες
381 1957 431 2006 τῷ
451 1955 594 2006 Σωτῆρι
611 1953 812 2000 ὑπήντησαν
833 1955 878 1995 ὡς
898 1950 1058 2002 Συμεὼν,
1075 1950 1134 1988 καὶ

111 2005 154 2042 τὰ
175 2006 285 2052 κλάδη
308 2007 383 2045 ἀντὶ
407 2009 569 2058 ἀγκαλῶν
589 2007 828 2059 ὑπέστρωσαν,
849 2005 908 2043 καὶ
928 2004 1054 2056 Κύριον
1075 2004 1134 2042 καὶ

104 2059 195 2097 Θεὸν
211 2059 411 2111 ηὖλόγησαν
430 2060 487 2097 τὸν
505 2060 561 2097 ἐπὶ
586 2059 703 2097 πώλου
719 2062 765 2102 ὡς
785 2059 841 2096 ἐπὶ
863 2057 1044 2109 Χερουὸὶμ
1064 2073 1132 2094 κα-

105 2111 298 2161 θεζόμενον,
330 2111 483 2150 Ὡσάννα
512 2115 562 2164 τῷ
588 2115 651 2164 υἱῷ
684 2112 814 2157 Δαυὶό,
859 2110 1085 2161 εὐλογημένος
1117 2111 1134 2146 ὃ

106 2165 292 2216 ἐρχόμενος
313 2167 346 2203 ἐν
367 2165 512 2215 ὀνόματι
532 2165 673 2215 Κυρίου.
696 2167 783 2203 Μεθ’
803 2160 849 2203 ὧν
872 2164 1055 2215 βοήσωμεν
1075 2162 1134 2200 καὶ

106 2220 206 2266 ἡμεῖς
220 2248 228 2264 ,
261 2218 492 2269 εὐλογημένος
511 2220 528 2255 ὃ
550 2220 590 2256 ἐκ
614 2220 705 2257 Θεοῦ
726 2218 834 2264 Θεὸς,
855 2221 872 2255 ὁ
893 2215 1055 2268 βασιλεὺς
1072 2219 1134 2262 τῆς

107 2269 206 2316 δόξης
219 2301 228 2317 ,
245 2273 262 2307 ὁ
281 2270 489 2322 πτωχεύσας
506 2273 540 2309 ἐν
562 2277 634 2319 τοῖς
654 2271 751 2313 ἰδίοις
768 2273 873 2309 αὐτοῦ
898 2268 1135 2320 ἀπτωχεύτως

107 2322 149 2359 δι’
171 2325 286 2373 ἡμᾶς,
318 2322 374 2360 ἵνα
395 2327 498 2373 ,ἡμᾶς
528 2324 697 2376 πλουτίσῃ
726 2326 769 2374 τῇ
791 2325 894 2362 αὐτοῦ
921 2321 1132 2372 ἀγαθότητι“

105 2376 364 2426 εὐλογημένοςὸ
383 2375 490 2414 ἐλθὼν
519 2378 552 2414 ἐν
572 2376 804 2422 ταπεινώσει,
826 2376 885 2414 καὶ
904 2376 1010 2413 πάλιν
1027 2374 1134 2426 ἐρχό-

1034 2427 1041 2439 ι

107 2443 206 2477 μενος
221 2432 254 2467 ἐν
276 2428 366 2479 δόξῃ·
390 2432 539 2480 πρῶτον,
564 2430 620 2466 ἐπὶ
640 2429 757 2468 πώλου
776 2429 886 2482 πραῢς
904 2428 964 2466 καὶ
984 2431 1049 2465 ὑπο
1068 2443 1133 2473 νη-
1149 2454 1195 2479 234

106 2479 195 2518 πίων
216 2482 540 2533 ἀνευφημούμενος,
560 2482 654 2524 ὅπως
679 2484 849 2534 πληρωθῇ
870 2483 909 2520 τὸ
927 2480 1131 2531 γεγραμμέ-
1160 2490 1184 2518 Λ

107 2547 175 2577 νον,
195 2533 464 2585 Ἔθεωρήθησαν
486 2537 520 2571 αἱ
534 2540 674 2585 πορεῖαι
694 2550 765 2582 σου,
783 2539 800 2573 ὃ
813 2535 902 2577 Θεὸς
914 2564 923 2581 ,
942 2537 977 2571 αἱ
995 2539 1133 2584 πορεῖαι

107 2590 166 2622 τοῦ
182 2588 273 2624 Θεοῦ
289 2602 353 2636 μου
373 2590 431 2624 τοῦ
451 2587 621 2638 βασιλέως
638 2591 696 2624 τοῦ
715 2588 749 2624 ἐν
764 2590 813 2639 τῷ
834 2587 921 2639 ἁγίῳ
935 2603 942 2610 ·
962 2585 1132 2636 δεύτερον,

107 2638 250 2690 φοὸερὸς
271 2639 328 2676 ἐπὶ
348 2642 416 2676 τῶν
431 2641 594 2692 νεφελῶν,
615 2640 674 2677 καὶ
693 2638 759 2677 ὑπὸ
778 2639 934 2690 ἀγγέλων
954 2638 1012 2676 καὶ
1032 2637 1133 2675 δυνά-

109 2705 202 2740 μεων
223 2690 587 2743 δορυφορούμενοςΪΩ
603 2694 663 2737 τῆς
685 2692 888 2745 μελιῤῥύτου
909 2694 977 2729 τῶν
997 2691 1132 2728 παίδων

108 2742 286 2793 γλώττης·
307 2744 336 2781 ὣ
361 2748 424 2790 τῆς
444 2744 686 2790 ἀκαπηλεύτου
707 2744 932 2788 διδασκαλίας
959 2745 1028 2781 τῶν
1049 2747 1132 2781 θεα-

110 2795 254 2846 ρέστων.
282 2796 392 2834 Amat&
415 2798 658 2849 προφητεύσας
676 2797 744 2835 ὑπὸ
761 2797 800 2835 τὸ
815 2796 964 2848 γράμμα
982 2796 1132 2846 ἐκάλυψε

108 2847 148 2885 τὸ
166 2847 301 2899 νόημα·
334 2852 364 2887 οἳ
387 2852 507 2894 παῖδες
539 2850 597 2888 τὸν
626 2849 798 2901 θησαυρὸν
831 2849 1047 2896 ἀνοίξαντες,
1076 2848 1132 2887 ἐπὶ

109 2899 267 2950 γλώττης
299 2902 356 2939 τὸν
378 2904 526 2941 πλοῦτον
547 2903 710 2952 ἤνεγκαν,
731 2902 790 2940 καὶ
822 2902 914 2954 λόγῳ
935 2917 1130 2953 κεχαριτω-

111 2953 203 3004 μένῳ
227 2953 360 2997 πάντας
377 2955 589 3007 διαπρυσίως
612 2954 669 2993 ἐπὶ
690 2954 753 3001 τὴν
776 2955 969 2993 ἀπόλαυσιν
986 2954 1134 2992 συνεκά-

109 3005 470 3058 λεσαν.Ἀντλήσωμεν
483 3012 663 3059 τοιγαροῦν
678 3008 737 3045 καὶ
747 3011 848 3057 ἡμεῖς
866 3006 926 3045 σὺν
942 3009 1056 3050 αὐτοῖς
1075 3007 1132 3044 τὸν

112 3057 340 3110 ἀναφαίρετον
359 3060 520 3105 πλοῦτον,
538 3060 726 3107 ἀπλήστοις
742 3060 884 3102 κόλποις
901 3059 960 3097 καὶ
980 3058 1134 3108 ταμείοις

112 3111 358 3162 ἐναποθέμενοι
378 3112 423 3150 τὰ
452 3112 682 3166 χαρίσματα’
715 3112 900 3164 βοήσωμεν
935 3111 1136 3164 ἀπέραντα,

114 3163 388 3214 Εὐλογημένοςὸ
408 3165 595 3217 ἐρχόμενος
623 3168 657 3203 ἐν
688 3165 833 3215 ὀνόματι
865 3163 1012 3216 Κυρίου,
1046 3163 1135 3208 Θεὸς

116 3216 294 3263 ἀληθινὸς,
314 3218 566 3270 παντοκράτωρ
599 3219 639 3256 ἐκ
667 3217 964 3269 παντοκράτορος,
990 3217 1073 3260 Υἱὸς
1102 3219 1141 3254 ἐν

115 3270 259 3318 ὀνόματι
279 3270 429 3321 Πατρὸς,
455 3270 616 3320 βασιλεὺς
637 3270 796 3316 ἀληθινὸς
810 3299 819 3316 ,
838 3270 870 3314 ἐξ
891 3271 1052 3316 ἀληθινοῦ
1073 3272 1134 3320 βα-

117 3320 239 3364 σιλέως
250 3351 259 3367 ,
274 3323 446 3360 συναΐόιον
462 3323 521 3360 καὶ
536 3322 688 3374 προαιών
696 3338 743 3361 ιον
759 3322 821 3369 τὴν
841 3321 1017 3373 ΙΒασιλείαν
1036 3322 1138 3374 ἔχων,

119 3376 164 3416 ὡς
183 3377 201 3411 ὁ
222 3374 389 3425 γεννήσας
409 3374 522 3414 αὐτόν.
544 3375 651 3421 Κοινὴ
674 3375 741 3428 γὰρ
760 3378 781 3421 ἠ
801 3375 980 3425 βασιλεία,
1003 3368 1140 3413 καὶούκ

120 3426 239 3468 ἔξωθεν
257 3426 318 3473 τὴν
340 3429 445 3472 αὗτῆς
462 3429 567 3477 τιμὴν
585 3430 634 3479 τῷ
658 3429 732 3479 HG)
751 3431 768 3465 ὃ
792 3427 895 3479 ῚῚλόγος
914 3428 1070 3478 προσκλη
1078 3433 1140 3479 poi,

119 3478 194 3515 οὔτε
216 3479 411 3529 ἀρξαμένην
430 3480 450 3525 ἢ
473 3481 744 3530 προσγινομένην
762 3481 782 3525 ἢ
801 3481 1021 3530 μειουμείκην,
1045 3481 1140 3518 ἄπα-

2078 285 2163 328 9¹¹

1192 368 1389 426 perfecisti
1405 366 1571 403 laudem.
1588 364 1775 415 Duplicate
1793 377 1875 415 ergo
1890 363 2074 415 gaudium,
2092 364 2174 415 quia

1193 420 1322 458 talium
1345 418 1428 456 estis
1456 426 1573 469 patres
1602 417 1782 465 filiorum,
1807 417 1867 467 qui
1885 427 1905 453 a
1922 418 1997 454 Deo
2021 417 2116 454 docti
2136 430 2175 454 ea

1195 471 1433 519 celebrarunt,
1451 484 1529 519 qua„¹
1549 484 1567 506 a
1587 469 1785 507 senioribus
1804 467 2068 518 ignorabantur.
2084 469 2175 506 Con-

1196 523 1324 561 vertite
1345 536 1429 573 ergo
1455 521 1560 559 corda
1583 531 1700 560 vestra
1721 520 1766 558 ad
1785 520 1878 557 filios
1905 529 2041 558 vestros
2054 551 2063 569 ‚
2084 530 2117 558 ct
2135 535 2177 558 ne

1196 574 1370 614 claudatis
1385 574 1505 612 oculos
1519 584 1654 612 vestros
1669 573 1714 611 ad
1734 573 1928 612 veritatem.
1946 572 2053 618 Quod
2072 573 2100 610 si
2115 587 2177 610 vos

1196 629 1301 677 estis,
1318 627 1378 679 qui
1400 627 1583 665 audientes
1606 641 1674 664 non
1702 626 1857 674 auditis,
1878 634 1911 663 et
1929 625 2090 663 videntes
2111 639 2178 662 non
2195 633 2310 662 Αιῐιιιιι».
2332 633 2377 661 13.

1196 681 1340 729 videtis,
1366 689 1398 717 et
1416 681 1545 718 frustra
1570 679 1760 731 disputatis
1783 693 1865 716 cum
1884 678 2091 725 infantibus,
2112 677 2179 729 ipsi
2200 677 2245 705 ¹3-

1194 734 1334 787 judices
1349 733 1458 771 vestri
1475 742 1590 781 erunt,
1603 732 1797 774 secundum
1812 731 2012 769 Servatoris
2026 730 2176 768 dictum.
2197 744 2274 770 lata.
2299 749 2343 769 12.

1200 787 1231 825 E
1254 802 1291 825 re
1309 785 1421 838 igitur
1447 794 1481 823 et
1508 785 1575 823 hoc
1608 799 1688 822 cum
1717 785 1796 823 aliis
1822 783 1867 822 de
1894 783 1998 821 vobis
2014 782 2182 835 praedixit
2199 792 2247 820 27-

1202 840 1310 878 Isaias
1328 840 1515 891 propheta,
1538 837 1659 876 dicens
1678 853 1685 874 z
1704 839 1793 876 Non
1808 850 1908 875 nunc
1921 837 2067 888 pudore
2086 835 2180 888 assi—
2198 842 2382 879 ls1et.29.22.

1201 893 1471 938 cieturJacob,
1492 905 1615 943 neque
1626 905 1728 929 nunc
1738 891 1894 928 vultum
1908 890 2073 927 mutabit
2092 904 2101 924 .·
2117 889 2184 926 secl
2199 881 2289 920 “24-

1202 960 1289 984 cum
1312 945 1484 984 viderint
1496 945 1583 997 filii
1606 947 1772 996 ipsorum
1790 957 1906 995 opera
1926 955 2025 987 mea,
2042 955 2110 992 per
2126 955 2185 978 me

1202 999 1504 1051 sanctificabunt
1520 1005 1697 1035 sanctum
1713 998 1852 1043 Jacob,
1870 1004 1905 1034 et
1923 996 2049 1033 Deum
2061 994 2186 1032 Israel

1204 1054 1390 1089 timebunt
1412 1067 1422 1087 .-
1444 1060 1480 1089 et
1497 1058 1726 1102 cognoscent
1742 1052 1782 1095 ii,
1801 1051 1869 1101 qui
1882 1050 2016 1100 spiritu
2037 1055 2182 1092 errant,

1203 1105 1516 1156 intelligentiam,
1534 1112 1569 1140 et
1586 1105 1652 1155 qui
1666 1110 1922 1148 murmurant,
1939 1101 2087 1137 discent
2103 1101 2188 1136 obe-

1203 1158 1297 1204 dire,
1320 1167 1355 1194 et
1381 1158 1524 1209 lingua?
1549 1157 1804 1193 balbutientes
1826 1155 1973 1192 discent
1996 1154 2103 1204 loqui
2119 1165 2188 1203 pa-

1202 1224 1294 1247 cem.
1321 1209 1449 1255 Vides,
1472 1209 1593 1246 insane
1616 1208 1754 1254 Judaee,
1784 1206 1962 1257 quomodo
1982 1220 2001 1243 a
2018 1204 2189 1243 sermonis

1201 1262 1350 1300 exordio
1385 1261 1557 1315 pudorem
1587 1261 1689 1299 vobis
1718 1260 1902 1298 annuntiet
1933 1258 2119 1310 propheta,
2143 1257 2189 1294 ob

1203 1315 1487 1353 incredulitatem
1510 1313 1692 1353 vestram?
1713 1313 1847 1352 Saltem
1876 1312 1922 1349 ab
1945 1312 2022 1363 ipso
2046 1310 2186 1359 discite,

1203 1367 1382 1419 quomodo
1401 1368 1560 1405 filiorum
1580 1376 1782 1406 vestrorum
1804 1365 1980 1403 canticum
1996 1379 2015 1401 a
2031 1366 2106 1401 Deo
2120 1373 2190 1400 tra-

1205 1421 1322 1458 ditum
1338 1420 1521 1473 praedicet3
1544 1419 1637 1457 sicut
1656 1420 1779 1457 beatus
1790 1418 1911 1456 David
1925 1416 2190 1469 praenuntiavit,

1205 1474 1350 1512 dicens:
1374 1476 1439 1512 Ex
1460 1487 1523 1511 ore
1537 1474 1751 1525 infantium
1773 1480 1807 1509 et
1829 1472 2053 1509 lactentium
2066 1470 2190 1521 perfe-

1205 1529 1292 1564 cisti
1309 1527 1476 1564 laudem.
1497 1527 1568 1563 Aut
1586 1524 1697 1576 igitur
1714 1524 1874 1562 filiorum
1891 1531 2091 1563 vestrorum
2109 1535 2190 1559 san-

1207 1579 1379 1629 ctitatem,
1398 1588 1436 1616 ut
1454 1593 1520 1630 par
1536 1587 1587 1616 est
1600 1607 1610 1627 ‚
1630 1577 1811 1627 assumite,
1829 1585 1890 1614 aut
1905 1576 1963 1628 pie
1981 1575 2083 1612 nobis
2100 1574 2193 1612 filios

1208 1640 1343 1671 vestros
1362 1631 1554 1669 concedite.
1574 1632 1647 1669 Nos
1662 1644 1743 1668 cum
1756 1630 1842 1682 ipsis
1864 1629 2007 1666 choreas
2026 1641 2192 1679 agamus,

1171 1703 1181 1731 3
1209 1693 1243 1722 et
1269 1685 1398 1722 festum
1428 1684 1660 1733 celebremus,
1680 1692 1788 1733 atque
1812 1696 1903 1721 nova
1930 1681 2053 1732 lingua
2076 1695 2095 1717 a
2119 1681 2194 1717 Deo

1209 1737 1382 1775 traditum
1410 1736 1587 1774 canticum
1616 1749 1687 1773 una
1713 1735 1918 1788 psallamus.
1953 1733 2097 1771 Etenim
2125 1732 2192 1770 ali-

1209 1790 1351 1841 quando
1371 1790 1527 1841 Symeon
1554 1803 1662 1827 senex
1680 1787 1861 1827 Servatori
1884 1786 2061 1835 occurrit,
2082 1794 2115 1823 et
2133 1799 2195 1828 sae,-

1209 1843 1372 1881 culorum
1387 1843 1585 1880 Dominum
1599 1842 1699 1893 quasi
1718 1841 1889 1879 infantem
1908 1839 1944 1876 in
1965 1838 2066 1876 ulnas
2080 1852 2195 1875 susce-

1209 1896 1284 1947 pit,
1317 1911 1358 1934 ac
1389 1896 1586 1933 Dominum
1615 1903 1649 1931 et
1683 1896 1800 1932 Deum
1837 1891 2070 1944 praedicarim
2102 1905 2197 1928 nune

1209 1957 1328 1986 autem
1359 1949 1580 1999 ingratorum
1610 1961 1735 1984 senum
1771 1947 1849 1984 loco
1880 1945 1981 1997 pueri
2018 1944 2197 1983 Servatori

1209 2009 1438 2039 occurrerunt
1463 2009 1502 2038 ut
1526 2001 1680 2051 Symeon
1693 2029 1703 2048 ,
1723 2007 1756 2036 et
1782 2012 1899 2035 ramos
1917 2012 1982 2049 pro
2002 1996 2095 2034 ulnis
2114 1996 2197 2034 sub-

1209 2062 1425 2103 strewerunt7
1449 2067 1489 2090 ac
1511 2052 1707 2090 Dominum
1727 2060 1760 2088 et
1775 2052 1893 2088 Deum
1914 2049 2196 2097 benedixerunt,

1210 2107 1272 2156 qui
1287 2120 1394 2158 super
1404 2106 1546 2158 pullum
1560 2104 1660 2155 quasi
1675 2118 1779 2156 super
1795 2102 1991 2141 Cherubim
2003 2101 2194 2139 insidebat:

1210 2161 1405 2197 Hosanna
1432 2159 1517 2213 filio
1561 2158 1707 2202 David,
1738 2157 1959 2194 benedictus
1989 2157 2055 2207 qui
2084 2157 2195 2192 venit
2210 2165 2323 2194 Manlz.
2346 2174 2396 2193 ει.

1209 2215 1250 2248 in
1265 2215 1420 2249 nomine
1436 2213 1606 2249 Domini.
1623 2210 1848 2255 Quibuscum
1862 2217 1895 2246 et
1910 2222 1972 2245 nos
1988 2208 2194 2253 clamemus,
2209 2215 2239 2244 9-

1210 2264 1424 2302 Benedictus
1445 2265 1542 2302 Deus
1567 2263 1611 2301 de
1637 2264 1734 2310 Deo,
1757 2264 1835 2300 Rex
1864 2260 1999 2313 gloriae,
2028 2260 2090 2311 qui
2113 2274 2193 2312 pro-

1211 2326 1287 2369 pter
1306 2332 1369 2355 nos
1386 2316 1483 2369 apud
1502 2330 1583 2354 suos
1601 2315 1787 2353 mendicus
1805 2314 1875 2351 suit
1893 2313 1967 2351 sine
1985 2312 2195 2350 mendicita-

1211 2379 1257 2420 te,
1281 2380 1319 2408 ut
1339 2384 1401 2408 nos
1421 2384 1483 2407 sua
1502 2369 1661 2407 bonitate
1680 2367 1812 2406 divites
1841 2366 2004 2404 redderet
2022 2381 2030 2401 ε
2051 2364 2196 2403 benedi-

1211 2433 1287 2461 ctus
1308 2423 1367 2474 qui
1391 2422 1490 2461 veuit
1514 2422 1550 2459 in
1581 2421 1798 2468 humilitate,
1819 2428 1852 2457 et
1871 2432 1994 2457 rursus
2019 2418 2137 2457 veniet
2160 2418 2196 2455 in

1210 2475 1321 2526 gloria
1341 2492 1347 2512 ι
1366 2475 1495 2527 primo,
1512 2479 1617 2526 super
1634 2473 1775 2525 pullum
1795 2480 2012 2519 mansuetus,
2032 2479 2064 2508 et
2078 2471 2123 2508 ab
2142 2470 2196 2508 in-

1208 2529 1366 2565 fantibus
1381 2527 1608 2575 benedictus,
1624 2535 1662 2563 ιιῑ
1682 2526 1890 2577 impleretur
1909 2523 2005 2575 quod
2021 2524 2194 2576 scriptum

1208 2589 1260 2618 est
1283 2597 1290 2617 z
1316 2583 1397 2618 Visi
1418 2589 1506 2618 sunt
1533 2593 1686 2631 gressus
1703 2581 1773 2626 tui,
1794 2579 1916 2623 Deus,
1942 2589 2092 2629 gressus
2118 2577 2195 2614 Dei
2210 2583 2296 2612 Psal.
2323 2584 2374 2621 67.

1208 2636 1282 2671 mei
1302 2635 1428 2686 Regis,
1450 2636 1516 2684 qui
1533 2641 1589 2670 est
1608 2635 1649 2669 in
1667 2639 1820 2676 sanct0;
1842 2629 2007 2678 secundo,
2024 2628 2195 2667 terribilis
2210 2624 2258 2653 ²5·

1208 2700 1314 2738 supra
1327 2686 1452 2735 nubes,
1469 2694 1502 2723 et
1518 2685 1564 2723 ab
1578 2683 1710 2736 angelis
1726 2693 1760 2721 et
1774 2683 2009 2736 potestatibus
2026 2681 2190 2734 stipatus.

1209 2740 1240 2776 O
1260 2738 1434 2776 mellitam
1454 2752 1646 2791 puerorum
1669 2734 1847 2787 linguam!
1867 2750 1887 2773 o
1903 2735 2076 2773 sinceram
2088 2734 2194 2771 disci-

1208 2792 1345 2843 plinam
1364 2791 1446 2828 Deo
1474 2790 1692 2843 placentium
1709 2788 1717 2828 l
1745 2788 1866 2828 David
1890 2787 2108 2841 prophetans
2127 2787 2194 2824 sub

1207 2844 1308 2882 litera
1325 2857 1465 2881 sensum
1477 2842 1706 2881 adumbravit
1713 2857 1723 2890 3
1742 2842 1858 2894 pueri,
1880 2850 2000 2893 aperto
2014 2840 2193 2888 thesauro,

1208 2897 1332 2948 lingua
1368 2910 1432 2934 sua
1465 2896 1610 2934 divitias
1640 2895 1856 2943 attulerunt,
1885 2902 1918 2931 et
1947 2893 2060 2945 gratia
2089 2892 2194 2944 pleno

1209 2962 1368 2987 sermone
1392 2962 1512 2986 omnes
1539 2949 1632 2986 clare
1658 2947 1703 2985 ad
1721 2947 1914 2985 fruendum
1932 2947 1995 2984 illo
2016 2958 2193 2984 convoca-

1210 3011 1306 3040 runt.
1335 3001 1551 3040 Hauriamus
1578 3001 1695 3052 itaque
1713 3009 1746 3038 et
1765 3014 1828 3038 nos
1846 3014 1928 3038 cum
1943 2998 2029 3050 ipsis
2048 2997 2194 3036 divitias

1210 3069 1288 3105 quae
1310 3054 1426 3107 abripi
1447 3062 1638 3105 nequeunt,
1661 3053 1766 3106 pleno
1800 3052 1894 3103 sinu,
1929 3050 2042 3104 plenis
2063 3063 2193 3102 penua-

1209 3107 1273 3145 riis
1310 3121 1454 3145 munera
1489 3106 1707 3159 deponamus
1741 3121 1749 3142 t
1786 3105 1978 3143 clamemus
2007 3111 2191 3154 perpetuo,

1211 3161 1444 3198 Benedictus
1460 3162 1527 3212 qui
1540 3162 1650 3197 venit
1664 3162 1705 3197 in
1721 3161 1874 3196 nomine
1885 3157 2047 3194 Domini
2068 3170 2078 3189 :
2097 3155 2194 3190 Deus

1211 3227 1317 3250 verus
1329 3242 1339 3259 ,
1356 3213 1575 3265 omnipotens
1595 3226 1640 3249 ex
1655 3211 1913 3263 omnipotente,
1945 3207 2058 3245 Filius
2077 3206 2114 3243 in
2133 3218 2194 3242 no—

1211 3265 1305 3303 mine
1325 3266 1461 3314 Patris,
1482 3267 1558 3303 Rex
1581 3278 1687 3303 verus
1712 3278 1757 3301 ex
1783 3275 1867 3300 vero
1895 3263 2007 3310 Rege,
2027 3258 2088 3309 qui
2114 3271 2194 3295 cum

1211 3318 1274 3356 illo
1293 3327 1465 3356 aeternum
1485 3327 1518 3355 et
1537 3326 1617 3355 ante
1644 3315 1771 3354 saecula
1790 3327 1939 3364 regnum
1963 3311 2088 3359 habet,
2111 3318 2197 3348 utet

1167 3392 1188 3421 ῃ
1215 3371 1274 3410 illc
1289 3372 1350 3422 qui
1374 3371 1495 3423 genuit
1511 3384 1604 3407 eum.
1620 3370 1714 3407 Nam
1744 3379 1930 3404 commune
1959 3377 2108 3415 regnum
2130 3363 2198 3400 ha-

1217 3426 1296 3473 bet3
1320 3438 1430 3475 neque
1455 3422 1672 3460 extrinsecus
1699 3427 1880 3470 acceptum
1916 3417 2085 3455 honorem
2107 3417 2198 3454 Ver-

1218 3480 1304 3516 bum
1333 3476 1426 3514 Filio
1461 3474 1591 3520 tradit;
1626 3487 1693 3510 non
1722 3471 1868 3522 incepit,
1905 3484 2016 3520 neque
2039 3467 2198 3517 accessit,
