2481 3678
638 204 680 234 lN
718 205 925 236 JoANNEm
964 205 1121 234 uomit„

97 307 156 339 νης
184 293 275 330 ἐστὶν
300 292 399 338 Υἱὸς,
429 292 485 330 διὰ
503 293 604 331 τοῦτό
621 295 694 331 ἐστι
719 294 853 346 κριτής.
881 294 986 333 Οὕτω
1002 293 1116 332 τοίνυν

1160 205 1316 234 xxxix.
1356 190 1417 234 al.
1458 205 1645 234 xxxviii.
2090 195 2177 241 265

1188 292 1511 344 iginii-legendum,
1532 295 1632 343 Quia
1648 293 1776 330 Filius
1789 294 1956 332 hominis
1967 304 2036 341 est,
2061 299 2181 336 nolite

104 353 446 405 ἀναγνιι)στεόν,”οτι
460 353 544 397 Υἱὸς
559 355 739 406 ἀνθρώπου
757 356 843 402 ἐστὶ,
860 355 908 406 μὴ
924 355 1116 405 θαυμάζετε
1138 357 1162 386 Β
1187 353 1261 390 hoc
1270 354 1470 390 admirari.
1484 353 1576 390 Cum
1587 352 1770 391 videretur
1781 353 2005 391 auditoribus
2018 369 2179 406 pugnan-

96 419 208 452 τοῦτο.
228 414 374 460 Ἐπειδὴ
396 414 508 452 ἐδόκει
533 421 603 457 τοῖς
622 415 784 454 ἀκούουσι
799 415 1053 467 προσίστασθαι
1077 413 1117 451 τὸ

95 475 292 526 λεγόμενον,
309 475 365 512 καὶ
380 475 483 513 πλέον
502 476 597 514 οὐδὲν
617 476 770 526 ἐνόμιζον
788 470 875 514 εἶναι
894 475 915 521 ἢ
933 475 1032 527 ψιλὸν
1055 474 1118 512 ἅν-

97 539 244 588 θρωπον,
261 535 304 572 τὰ
320 535 354 574 δὲ
369 535 540 586 λεγόμενα
558 537 697 587 μείζονα
714 536 735 582 ἢ
757 535 847 573 κατὰ
863 534 1041 586 ἄνθρωπον
1062 527 1117 580 ῆν,

96 597 227 646 μᾶλλον
244 595 279 634 δὲ
303 596 442 646 μείζονα
462 597 483 642 ἢ
505 597 594 635 κατὰ
619 597 777 648 ἄγγελον,
795 595 856 634 καὶ
874 597 967 633 Θεοῦ
986 595 1091 644 μόνου
1108 609 1115 617 ·

94 655 223 702 ταύτην
240 655 331 694 λύων
351 656 414 703 τὴν
429 658 613 704 ἀντίθεσιν,
633 657 807 707 ε’πηγαγε·
828 655 889 703 Μὴ
909 655 1117 706 θαυμάζετε,

94 716 148 754 ὅτι
173 717 256 760 Υἱὸς
284 716 465 768 ἀνθρώπου
491 718 583 757 ἐστίν
600 732 607 740 ·
636 717 688 755 ὅτι
707 715 848 768 ἔρχεται
875 715 970 768 ὥρα,
991 718 1026 754 ἐν
1044 710 1069 767 ᾗ
1087 718 1118 753 οἱ

94 779 129 814 ἐν
150 782 221 820 τοῖς
247 777 430 828 μνημείοις
449 778 653 816 ἀκούσονται
675 779 737 822 τῆς
766 778 883 829 φωνῆς
912 779 1014 814 αὐτοῦ
1028 806 1037 823 ,
1058 776 1117 814 καὶ

92 838 363 891 ἐκπορεύσονται
381 842 413 878 οἱ
438 839 482 877 τὰ
502 839 614 891 ἀγαθὰ
638 838 848 885 ποιήσαντες
862 868 872 884 ,
896 841 942 882 εἷς
962 838 1115 877 ἀνάστα-

91 914 144 936 σιν
163 900 252 945 ζωῆς
266 916 273 923 ·
303 902 333 937 οἱ
350 899 384 939 δὲ
409 900 453 938 τὰ
473 901 587 952 φαῦλα
603 899 818 951 πράξαντες,
840 901 893 943 εἷς
923 898 1115 937 ἀνάστασιν

90 959 247 1011 κρίσεως.
268 960 337 998 Καὶ
359 961 450 1004 τίνος
468 960 582 999 ἕνεκεν
609 962 672 998 οὐκ
698 953 793 998 εἶπεν
806 976 813 984 ·
832 960 879 1011 μὴ
899 961 1092 1011 θαυμάζετε
1105 990 1115 1007 ,

90 1021 143 1059 ὅτι
160 1022 241 1066 Υἱὸς
262 1022 444 1074 ἀνθρώπου
460 1022 553 1071 ἐστί,
572 1022 631 1061 καὶ
651 1022 718 1075 γὰρ
734 1022 792 1060 καὶ
808 1023 889 1066 Υἱὸς
903 1024 996 1061 Θεοῦ
1012 1025 1117 1060 ἐστιν·

90 1083 180 1121 ἀλλὰ
192 1085 253 1129 τῆς
274 1084 495 1127 ἀναστάσεως
513 1083 787 1135 ἐμνημόνευσεν,
802 1083 935 1129 Ἔθηκε
954 1082 1016 1133 μὲν
1035 1084 1119 1122 αὐτὸ

90 1143 267 1195 ἀνωτέρω,
280 1144 405 1195 λέγων,
416 1145 617 1184 Ἀκούσουσι
630 1148 692 1191 τῆς
705 1147 820 1196 φωνῆς
835 1147 894 1182 τοῦ
912 1145 999 1181 Υἱοῦ
1015 1145 1119 1183 Θεοῦ.

90 1206 136 1243 Εἰ
156 1204 191 1243 δὲ
218 1208 366 1244 ἐνταῦθα
394 1205 647 1252 ἀπεσιώπησε,
676 1208 724 1256 μη
749 1204 943 1256 θαυμάσῃς.
971 1205 1024 1243 Τὸ
1052 1204 1119 1256 γὰρ

91 1266 190 1317 ἔργον
204 1266 322 1313 εἰπὼν,
344 1267 361 1306 ὃ
377 1269 468 1306 Θεοῦ
483 1267 567 1305 ἴδιον
582 1262 640 1313 ῆν,
657 1267 776 1305 δίδωσι
791 1272 863 1309 τοῖς
885 1266 1120 1318 ἀκροωμένοις

91 1326 126 1370 ἐξ
147 1329 248 1366 αὐτοῦ
268 1327 539 1379 συλλογίσασθαι
558 1327 692 1372 λοιπὸν,
709 1327 762 1365 ὅτι
781 1326 839 1364 καὶ
863 1326 953 1370 Θεὸς
976 1321 1032 1373 ῆν,
1060 1327 1118 1365 καὶ

92 1389 185 1424 Θεοῦ
200 1389 301 1431 Παῖς.
328 1390 418 1440 Παρ’
448 1391 551 1426 αὐτοῦ
575 1388 636 1439 μὲν
662 1388 731 1440 γὰρ
759 1387 946 1438 λεγόμενον
967 1390 1119 1438 συνεχῶς

90 1449 266 1501 προσέστη
289 1449 328 1486 ἂν
355 1449 433 1487 τότε
454 1449 612 1492 ἐκείνοις·
635 1449 705 1487 ἀπὸ
736 1448 771 1486 δὲ
794 1452 853 1486 τοῦ
883 1449 1117 1499 συλλογισμοῦ

89 1510 158 1544 τῶν
175 1508 359 1559 θαυμάτων
381 1508 599 1559 δεικνύμενον
615 1507 919 1560 ἀνεπαχθεστέραν
934 1507 997 1554 τὴν
1020 1509 1119 1545 διδα-

90 1568 238 1605 σκαλίαν
261 1568 382 1606 ἐποίει.
406 1569 474 1606 Καὶ
501 1569 569 1621 γὰρ
589 1572 620 1607 οἳ
642 1568 721 1611 τοὺς
747 1567 1002 1618 συλλογισμοὺς
1030 1568 1117 1606 πλέ-

90 1644 225 1674 κοντες,
242 1629 324 1667 ὅταν
345 1630 388 1667 τὰ
408 1630 497 1682 μέρη
520 1629 649 1675 θέντες,
670 1628 835 1680 γενναίως
851 1628 1060 1687 ἀποδείξωὲςι
1078 1629 1117 1668 τὸ

89 1689 308 1741 ζητούμενον,
335 1694 422 1729 θούκ
450 1691 637 1743 ἐπάγουσιν
670 1690 767 1729 αὐτοὶ
802 1690 842 1728 τὸ
877 1689 1117 1742 συμπέρασμα

87 1751 255 1794 πολλάκις
267 1782 277 1799 ,
292 1752 369 1789 ἀλλ’
390 1751 709 1804 εὐγνωμονέστερον
725 1751 1041 1795 κατασκευάζοντες
1055 1752 1114 1791 τὸν

88 1812 277 1864 ἀκροατὴν,
294 1812 352 1851 καὶ
367 1813 431 1860 τὴν
449 1813 547 1858 νίκην
562 1813 810 1866 λαμπροτέραν
830 1817 1024 1859 ποιοῦντες,
1049 1815 1115 1851 αὐ-

86 1874 144 1911 τὸν
162 1875 289 1911 ἐκεῖνον
311 1875 615 1926 παρασκευάζουσι
630 1874 687 1912 τὸν
703 1873 928 1924 ἀντιλέγοντα
943 1872 1007 1920 τὴν
1030 1873 1114 1912 ἀπό-

87 1950 188 1986 φασιν
219 1935 419 1986 ἐξενεγκεῖν,
454 1935 544 1973 ὥστε
574 1936 705 1985 μᾶλλον
742 1935 856 1978 αὐτοῖς
893 1934 1114 1987 ψηφίσασθαι

85 1996 164 2039 τοὺς
188 1997 362 2049 παρόντας
390 1999 457 2034 τῶν
486 1996 668 2034 ἀντιδίκων
703 1995 766 2043 τὴν
800 1995 886 2047 ὑπὲρ
908 1998 1022 2034 αὐτῶν
1051 2013 1112 2049 φε-

88 2056 214 2108 ρόντων
233 2059 359 2110 ψῆφον.
379 2060 454 2104 Τῆς
469 2057 530 2108 μὲν
546 2052 603 2094 οῦν
620 2057 709 2095 κατὰ
725 2057 781 2095 τὸν
799 2056 959 2108 Λάζαρον
977 2073 1113 2107 μνημο-

85 2118 207 2161 νεύσας
222 2119 463 2166 ἀναστάσεως,
483 2118 547 2165 τὴν
573 2117 685 2169 κρίσιν
715 2117 893 2167 ἐσίγησεν·
907 2118 945 2155 οὗ
965 2117 1033 2169 γὰρ
1056 2118 1113 2156 διὰ

84 2183 184 2217 τοῦτο
203 2179 330 2226 ἀνέστη
354 2181 530 2231 Λάζαρος·
562 2178 625 2225 τὴν
657 2177 692 2216 δὲ
720 2178 868 2216 καθόλου
902 2177 1022 2227 εἰπὼν,
1052 2179 1112 2217 καὶ

81 2244 182 2278 τοῦτο
202 2240 428 2293 προσέθηκεν,
445 2240 496 2278 ὅτι
518 2242 565 2278 Οἱ
583 2239 626 2277 τὰ
646 2238 758 2290 ἀγαθὰ
777 2238 984 2285 ποιήσαντες
1003 2242 1110 2279 ἐκπο-

84 2301 262 2355 ρεύσονται
279 2303 326 2345 εἷς
353 2301 540 2339 ἀνάστασιν
563 2303 670 2347 ζωῆς·
691 2301 737 2337 Οἱ
758 2299 853 2339 δὲτὰ
874 2302 990 2352 φαῦλα
1016 2302 1110 2353 πρά-

82 2363 215 2411 ξαντες,
243 2365 290 2406 εἷς
315 2362 506 2401 ἀνάστασιν
532 2361 691 2413 κρίσεως.
722 2360 826 2399 Οὕτω
856 2361 915 2399 καὶ
944 2362 1110 2408 Ἰωάννης

81 2424 230 2473 ἐπήγετο
248 2422 305 2461 τὸν
324 2422 510 2475 ἀκροατὴν,
525 2422 671 2473 κρίσεως
692 2422 878 2472 μνησθεὶς,
905 2422 964 2460 καὶ
987 2423 1040 2460 ὅτι
1065 2422 1109 2460 ‘O

82 2484 130 2533 μὴ
150 2484 323 2521 πιστεύων
344 2487 389 2525 εἰς
409 2484 465 2521 τὸν
482 2483 577 2529 Υἱὸν,
597 2484 659 2519 οὐκ
680 2482 803 2531 ὄψεται
821 2482 884 2529 τὴν
903 2482 1008 2529 ζωὴν,
1027 2484 1105 2521 ἀλλ’

80 2548 101 2591 ἦ
118 2544 203 2597 ὀργὴ
220 2548 280 2582 τοῦ
302 2546 394 2582 Θεοῦ
412 2543 507 2593 μένει
527 2543 583 2580 ἐπ’
605 2542 719 2580 αὐτόν.
739 2542 842 2580 Οὕτω
857 2544 916 2580 καὶ
930 2543 1031 2587 αὐτὸς
1048 2544 1108 2582 τὸν

81 2606 300 2656 Νικόδημον·
316 2605 360 2642 ‘O
374 2605 442 2656 γὰρ
457 2604 629 2642 πιστεύων
647 2606 694 2646 εἷς
712 2604 769 2641 τὸν
788 2604 884 2650 Υἱὸν,
904 2604 1003 2655 ἔλεγε
1022 2605 1109 2656 πρὸς

81 2667 196 2712 αὐτὸν,
225 2668 262 2704 οὐ
288 2665 463 2718 κρίνεται·
482 2668 499 2703 ὅ
522 2665 557 2704 δὲ
578 2664 626 2715 μὴ
644 2664 830 2710 πιστεύων,
847 2664 914 2711 ἤδη
934 2665 1105 2717 κέκριται.

80 2728 183 2766 Οὕτω
202 2728 260 2766 καὶ
278 2731 424 2766 ἐνταῦθα
449 2727 508 2765 καὶ
524 2726 748 2778 δικαστηρίου
766 2726 825 2764 καὶ
844 2725 1019 2770 κολάσεως
1039 2727 1106 2777 μέ-

80 2806 207 2841 μνηται
222 2793 284 2836 τῆς
304 2789 361 2827 ἐπὶ
379 2794 455 2832 ταῖς
479 2794 646 2840 πονηραῖς
672 2787 850 2841 πράξεσιν.
868 2786 1015 2835 Ἐπειδὴ
1035 2788 1103 2840 γὰρ

77 2845 173 2889 εἶπεν
193 2851 376 2904 ἀνωτέρω,
409 2849 462 2887 ὅτι
488 2849 533 2887 ‘O
561 2848 696 2888 ἀκούων
728 2865 793 2899 μου
821 2848 878 2886 τὸν
898 2846 1012 2900 λόγον,
1043 2849 1103 2886 καὶ

75 2912 247 2951 πιστεύων
268 2915 318 2963 τῷ
333 2911 512 2964 πέμψαντί
537 2927 603 2962 με,
632 2912 670 2949 οὗ
699 2910 880 2963 κρίνεται·
899 2909 955 2948 ἵνα
979 2909 1030 2960 μὴ
1053 2925 1106 2948 νο-

76 2973 161 3025 μίσῃ
178 2989 230 3016 τις
244 2973 295 3010 ὅτι
314 2977 415 3010 τοῦτο
435 2976 533 3026 ἀρκεῖ
546 2972 632 3025 πρὸς
645 2971 821 3024 σωτηρίαν
845 2971 960 3021 μόνον,
978 2970 1036 3009 καὶ
1054 2970 1099 3008 τὰ

1187 414 1236 451 tia
1248 413 1363 464 loqui,
1378 423 1412 451 et
1427 413 1518 450 nihil
1529 412 1629 450 aliud
1640 420 1747 463 quam
1759 429 1892 466 purum
1910 414 2091 452 hominem
2105 431 2179 455 esse

1187 474 1295 512 illum
1310 483 1491 526 putarent,
1512 475 1622 513 verba
1643 484 1761 512 autem
1771 490 1879 528 supra
1899 475 2092 525 hominem,
2108 477 2181 516 imo

1189 549 1298 587 supra
1317 536 1460 586 angelos
1480 544 1607 584 essent,
1636 544 1669 573 ct
1686 536 1795 573 solius
1812 536 1879 574 Dei
1891 552 1902 585 ;
1927 537 2019 574 hane
2041 538 2182 577 solvens

1188 596 1423 648 objectionem
1442 596 1656 648 subjunxit:
1672 598 1804 635 Nolite
1826 601 1962 636 mirari
1979 600 2063 646 hoc,
2088 603 2182 652 quia

1191 659 1318 696 Filius
1346 660 1512 696 hominis
1532 667 1589 696 est
1607 674 1618 694 .·
1640 661 1732 710 quia
1755 661 1866 696 venit
1891 661 2002 705 hora,
2037 663 2078 697 in
2104 675 2183 713 qua

1188 734 1332 767 omnes,
1346 722 1412 772 qui
1432 722 1474 756 in
1487 723 1743 758 monumentis
1756 729 1859 767 sunt,
1871 722 2031 759 audient
2044 728 2181 760 vocem

1185 782 1267 832 ejus
1275 797 1290 826 ;
1311 782 1375 818 29.
1413 789 1450 818 et
1474 782 1683 833 procedent
1710 784 1777 833 qui
1804 784 1906 819 bona
1915 783 2116 834 fecerunt,
2138 786 2181 820 in

1186 842 1505 878 resurrectionem
1524 842 1618 877 vitoe
1641 856 1652 876 .-
1671 843 1738 892 qui
1754 854 1848 878 vero
1874 841 1982 878 mala
2008 849 2179 893 egerunt,

1186 905 1228 939 in
1242 905 1562 940 resurrectionem
1575 903 1731 955 judicii.
1756 902 1804 940 Et
1826 917 1889 939 cur
1900 917 1969 940 non
1985 903 2095 953 dixit,
2109 905 2181 942 No-

1186 964 1248 1002 lite
1267 964 1407 1015 mirari,
1422 964 1507 1015 quia
1523 964 1638 1002 Filius
1669 964 1826 1002 hominis
1859 965 1934 1002 est?
1962 979 2044 1002 nam
2074 966 2182 1004 etiam

1138 1023 1162 1053 C
1186 1025 1302 1064 Filius
1322 1025 1389 1063 Dei
1415 1035 1488 1075 est3
1519 1025 1580 1064 sed
1613 1026 1905 1063 resurrectionem
1944 1027 2180 1067 memoravit?

1187 1088 1268 1126 Jam
1288 1086 1384 1124 illud
1402 1101 1511 1139 supra
1531 1096 1711 1142 posuerat,
1742 1087 1864 1125 dicens
1885 1103 1892 1123 :
1916 1087 2094 1126 Audient
2111 1102 2182 1126 vo-

1187 1161 1269 1185 cem
1308 1149 1406 1185 Filii
1431 1149 1520 1186 Dei.
1561 1147 1670 1196 Quod
1708 1148 1737 1186 si
1769 1148 1828 1186 hic
1858 1148 1953 1187 illud
1981 1150 2102 1199 tacuit,
2137 1164 2181 1187 ne

1188 1208 1341 1246 mireris.
1380 1209 1474 1247 Nam
1500 1224 1583 1247 cum
1606 1223 1696 1261 opus
1717 1209 1851 1247 dixerit
1876 1210 1975 1260 quod
2003 1212 2077 1248 Deo
2090 1224 2180 1262 pro-

1188 1270 1311 1321 prium
1338 1279 1424 1319 erat,
1456 1270 1542 1308 hinc
1564 1270 1792 1309 inferendum
1817 1272 2045 1310 auditoribus
2071 1273 2181 1310 relin-

1186 1331 1277 1381 quit,
1298 1331 1418 1384 ipsum
1446 1346 1518 1370 esse
1551 1341 1585 1370 et
1612 1334 1730 1370 Deum
1753 1342 1786 1370 et
1809 1333 1875 1370 Dei
1900 1333 2048 1371 Filium.
2086 1335 2181 1372 Nam

1186 1391 1216 1428 si
1240 1393 1279 1430 id
1299 1393 1500 1443 frequenter
1529 1393 1695 1441 dixisset,
1731 1394 1811 1431 illos
1834 1393 1879 1431 ad
1905 1394 2181 1446 repugnandum

1186 1453 1416 1502 concitasset3
1436 1467 1480 1491 ex
1499 1453 1682 1491 miraculis
1706 1468 1790 1491 vero
1809 1455 2082 1506 comprobatum
2112 1457 2180 1494 mi—

1185 1527 1252 1550 nus
1272 1513 1433 1551 odiosam
1452 1513 1653 1551 doctrinam
1673 1513 1856 1551 reddebat.
1874 1516 1967 1552 Nam
1981 1516 2045 1566 qui
2064 1517 2179 1568 syllo-

1186 1573 1318 1625 gismos
1335 1583 1495 1625 nectunt7
1525 1574 1649 1626 positis
1674 1575 1979 1627 propositionibus
2005 1591 2083 1626 quae
2106 1592 2180 1615 rein

1188 1635 1355 1687 probent,
1378 1650 1471 1688 saepe
1487 1635 1750 1673 conclusionem
1765 1650 1834 1674 non
1850 1637 2004 1675 afferunt
2014 1653 2024 1685 ;
2044 1638 2105 1676 sed
2120 1639 2181 1677 be-

1187 1696 1467 1734 nevolentiorem
1496 1697 1581 1734 hinc
1610 1697 1679 1734 sibi
1705 1696 1906 1735 auditorem
1941 1698 2110 1748 reddunt,
2147 1710 2181 1738 et

1139 1760 1164 1789 D
1186 1757 1468 1809 splendidiorem
1487 1759 1645 1796 referunt
1669 1757 1870 1807 victoriam,
1900 1758 1989 1797 dum
2011 1761 2180 1799 adversa-

1186 1820 1281 1857 rium
1306 1820 1426 1872 ipsum
1456 1829 1589 1871 cogunt
1630 1820 1837 1858 sententiam
1858 1821 1948 1859 ferre
1979 1837 2087 1873 quam
2115 1838 2179 1861 vo-

1184 1880 1264 1918 lunt
1285 1897 1292 1917 :
1310 1881 1359 1918 ita
1373 1890 1412 1918 ut
1428 1881 1491 1932 qui
1507 1890 1697 1933 praesentes
1715 1891 1798 1919 sunt
1820 1882 1934 1934 ipsam
1955 1883 2035 1921 ideo
2058 1885 2177 1922 statim

1184 1942 1456 1993 amplectantur.
1482 1943 1574 1980 Cum
1602 1956 1708 1994 porro
1736 1943 1863 1980 Lazari
1885 1946 2177 1984 resurrectionem

1182 2003 1408 2051 memoravit,
1428 2002 1608 2054 judicium
1640 2003 1771 2053 tacuit3
1804 2018 1874 2041 non
1916 2006 2010 2043 enim
2036 2007 2103 2045 hac
2132 2007 2177 2046 de

1183 2078 1291 2101 causa
1310 2064 1502 2102 suscitatus
1522 2074 1572 2102 est
1585 2065 1763 2103 Lazarus:
1784 2080 1867 2103 cum
1888 2076 2007 2104 autem
2031 2068 2076 2105 dc
2096 2069 2176 2106 uni-

1182 2126 1312 2163 versali
1345 2126 1614 2176 resurrectione,
1653 2125 1691 2163 id
1718 2126 1860 2178 adjecit,
1902 2142 1959 2166 eos
1991 2129 2054 2179 qui
2083 2130 2175 2168 bona

1184 2196 1333 2238 egerunt
1350 2187 1461 2224 ituros
1478 2187 1513 2225 in
1538 2188 1834 2226 resurrectionem
1864 2188 1948 2227 vitae
1966 2204 1975 2236 ;
1997 2190 2058 2240 qui
2090 2205 2174 2229 vero

1182 2249 1290 2298 mala,
1311 2250 1346 2286 in
1365 2249 1660 2287 resurrectionem
1671 2250 1814 2302 judicii.
1829 2250 1889 2288 Sic
1897 2260 1930 2288 et
1946 2253 2098 2290 Joannes
2112 2268 2173 2290 au-
2188 2267 2372 2299 Joan.3.36.

1181 2309 1336 2348 ditorem
1356 2310 1539 2357 excitavit,
1565 2311 1746 2363 judicium
1766 2325 1978 2360 memorans,
1998 2322 2030 2350 et
2053 2313 2173 2351 dicens

1181 2386 1264 2409 eum
1282 2371 1347 2422 qui
1366 2386 1436 2409 non
1457 2372 1568 2409 credit
1587 2372 1622 2409 in
1643 2372 1791 2421 Filium,
1808 2386 1877 2410 non
1902 2373 2066 2411 visurum
2099 2389 2172 2413 esse

1182 2433 1307 2481 vitam,
1328 2432 1391 2469 sed
1410 2432 1501 2469 iram
1521 2433 1586 2469 Dei
1619 2447 1824 2470 mansuram
1853 2447 1926 2470 esse
1948 2448 2057 2486 super
2075 2450 2170 2474 eum.

1132 2490 1155 2519 Ε
1180 2495 1241 2532 Sic
1267 2503 1301 2531 et
1331 2494 1529 2532 Nicodemo
1561 2494 1684 2532 dixit:
1709 2496 1783 2545 Qui
1802 2497 1923 2533 credit
1941 2499 1983 2533 in
2005 2499 2166 2547 Filium,
2186 2516 2371 2547 malj-18.

1180 2569 1258 2592 non
1264 2555 1469 2606 judicatur
1483 2571 1493 2590 .-
1511 2557 1576 2606 qui
1591 2563 1718 2592 autem
1733 2570 1810 2592 non
1823 2558 1956 2603 credit,
1966 2560 2054 2609 jam
2063 2562 2171 2611 judi-

1178 2624 1289 2652 catus
1304 2623 1369 2652 est.
1381 2615 1440 2652 Sic
1450 2624 1482 2651 et
1498 2615 1564 2652 hoc
1579 2615 1657 2652 loco
1672 2624 1705 2653 ct
1720 2616 1850 2668 judicii
1866 2626 1898 2654 et
1908 2619 2077 2671 supplicii
2097 2635 2170 2658 me-

1177 2675 1295 2723 minit,
1313 2675 1417 2712 malis
1443 2675 1582 2713 actibus
1616 2675 1790 2729 deputati.
1821 2679 1918 2726 Quia
1949 2681 2043 2718 enim
2063 2697 2171 2735 supra

1176 2736 1331 2784 dixerat,
1355 2738 1429 2787 Qui
1448 2737 1559 2774 audit
1578 2740 1699 2776 verba
1718 2753 1817 2786 mea,
1842 2749 1878 2778 et
1904 2744 2027 2780 credit
2043 2746 2078 2780 ei
2105 2749 2172 2796 qui

1177 2813 1237 2835 me
1257 2800 1374 2843 misit,
1397 2811 1474 2834 non
1485 2799 1691 2850 judicatur
1708 2816 1719 2836 :
1740 2815 1783 2838 ne
1804 2802 1887 2852 quis
1913 2813 2013 2855 putet
2032 2804 2099 2843 hoc
2125 2807 2171 2844 ad

1177 2859 1328 2896 salutem
1343 2858 1427 2895 satis
1447 2873 1532 2908 esse,
1554 2860 1639 2898 vitae
1662 2861 1834 2899 rationem
1848 2863 1963 2911 addit,
1981 2867 2058 2916 Qui
2068 2869 2171 2905 hona

1179 2928 1350 2972 egerunt,
1373 2922 1415 2956 in
1434 2924 1751 2960 resurrectionem
1770 2926 1879 2970 vitoe;
1901 2929 1967 2977 qui
1986 2928 2106 2975 mula,
2129 2932 2171 2966 in

1174 2983 1498 3019 resurrectionem
1511 2983 1665 3034 judicii.
1688 2985 1870 3031 Quoniam
1898 2986 2009 3037 igitur
2027 2988 2168 3028 dixerat

74 3036 113 3072 ἐκ
141 3038 200 3072 τοῦ
235 3032 309 3084 βίου
339 3033 564 3085 προσέθηκεν,
595 3033 715 3081 Εἰπὼν,
752 3033 805 3071 ὅτι
832 3034 880 3071 Οἳ
912 3032 956 3070 τὰ
983 3031 1098 3081 ἀΥαθὰ
1113 3075 1158 3098 231
1174 3051 1289 3080 totum
1314 3042 1438 3080 orbem
1472 3043 1541 3095 ipsi
1563 3045 1739 3083 rationem
1767 3047 1996 3086 redditurum
2020 3064 2106 3099 esse,
2134 3061 2167 3089 ct

1071 3093 1079 3106 1

74 3095 301 3141 ποιήσαντες,
320 3097 366 3138 εἷς
385 3094 576 3133 ἀνάστασιν
596 3097 684 3141 ζωῆς
696 3110 703 3118 ·
718 3096 749 3132 οἱ
769 3093 804 3132 δὲ
820 3093 864 3132 τὰ
880 3095 993 3145 φαῦλα
1009 3109 1101 3144 ⁷59&-
1123 3111 1149 3140 A
1171 3119 1291 3142 omnes
1310 3119 1329 3141 a
1348 3117 1435 3143 voce
1455 3105 1529 3156 ejus
1554 3119 1626 3143 esse
1662 3118 1934 3160 resurrecturos,
1968 3126 2043 3149 rem
2074 3122 2168 3151 certe

76 3162 211 3208 Ξαντες,
227 3164 273 3205 εἷς
290 3161 478 3201 ἀνάστασιν
496 3162 653 3214 κρίσεως.
672 3161 775 3199 Ἐπεὶ
789 3164 845 3198 οὐν
863 3160 987 3211 ἔφησεν
1007 3161 1100 3212 αὐτῷ

75 3229 136 3274 τὴν
157 3229 360 3279 οἰκουμένην
382 3229 521 3267 ἅπασαν
541 3229 661 3267 δώσειν
682 3228 781 3278 λόγον
802 3226 861 3265 καὶ
880 3227 1012 3271 πάντας
1030 3228 1100 3266 ἀπὸ

125 3377 137 3390 ³
163 3364 306 3406 Quidam
327 3366 385 3399 οὐδ’
404 3372 569 3409 ἐπάγουσιν,

1170 3181 1317 3216 novam,
1340 3165 1633 3218 inexspectatam‚
1657 3178 1689 3206 et
1709 3183 1729 3206 a
1753 3170 1876 3209 multis
1904 3173 2064 3210 nondum
2091 3188 2166 3211 cre-

1169 3227 1298 3277 ditam,
1318 3227 1363 3264 ab
1382 3227 1425 3265 iis
1445 3227 1550 3266 etiam
1580 3228 1643 3279 qui
1668 3229 1863 3270 credidisse
1893 3233 2075 3281 videntur,
2106 3248 2165 3272 ne-
