2470 3761
52 2235 140 2261 Jmm.
152 2233 180 2262 8.
191 2241 239 2270 19.

55 2277 142 2303 Jmm.
155 2276 238 2311 7-28.

269 263 293 290 tt
1197 263 1248 291 PR
1255 263 1419 291 AEFATtO
1427 281 1436 290 .

265 351 363 395 ptem
378 351 514 382 tantum
524 375 534 395 ,
546 344 840 396 quandoquidem
854 345 1028 384 Morellus
1040 344 1195 396 primam
1206 342 1371 396 prooemii
1383 351 1520 381 tantum
1533 343 1610 381 1000
1622 343 1732 395 ponit,
1749 357 1858 395 neque
1870 344 1968 382 illam
1982 342 2177 382 Homiliam
2192 343 2344 395 primani

265 404 439 456 inscribit,
455 406 538 458 quia
557 406 723 447 videlicet
743 408 833 446 nihil
847 407 892 445 de
909 406 1105 458 Evangelio
1118 405 1264 445 Joannis
1284 405 1319 443 in
1337 405 1405 443 hac
1423 405 1590 443 concione
1603 406 1816 459 explicatur,
1837 416 1957 458 estque
1981 415 2119 444 tantum
2133 406 2233 457 quasi
2249 420 2345 458 prae-

265 469 407 507 ludium
427 469 473 507 ad
487 471 759 523 explicationem
778 471 937 524 ejusdem
957 470 1157 521 Evangelii.
1180 471 1318 509 Verum
1335 478 1374 507 ut
1393 478 1432 508 ut
1460 484 1514 508 res
1534 479 1606 520 est,
1625 470 1694 509 1100
1711 471 1922 523 prooemium
1947 485 2016 509 non
2038 472 2155 509 minus
2175 470 2296 508 concio
2312 479 2347 508 ct

264 531 413 570 homilia
441 542 504 583 est,
525 548 632 585 quam
658 544 789 572 caeterae
818 543 999 586 sequentes
1019 533 1213 571 conciones.
1237 533 1329 570 Nam
1356 532 1415 570 hic
1436 533 1612 586 populum
1636 533 1842 585 alloquitur,
1862 534 1907 572 ad
1935 535 2103 572 virtutem
2131 534 2308 583 hortatur,
2326 549 2346 571 a

264 595 362 633 vitiis
380 605 488 645 arcet,
511 597 699 648 omniaque
718 597 963 636 concionantis
988 597 1113 649 implet
1139 596 1269 634 officia.
1291 597 1533 643 Quamobrem
1543 598 1625 649 jure
1648 597 1748 635 illam
1770 598 1927 637 Savilius
1951 597 2130 649 inscripsit
2150 597 2346 635 Homiliam

264 657 417 709 primam
435 675 442 695 :
460 673 564 710 quem
585 660 683 710 sequi
700 661 818 698 visum
839 670 901 698 est.
926 662 1064 699 Verum
1082 660 1165 711 quia
1187 660 1329 698 Morclli
1349 659 1484 710 Editio,
1500 675 1578 711 quac
1594 675 1615 698 a
1633 661 1755 699 multis
1773 661 1874 699 annis
1892 661 2053 700 omnium
2078 661 2242 698 manibus
2267 660 2344 697 teri-

263 728 335 770 tur,
360 730 399 758 ut
423 721 619 773 plurimum
638 736 658 760 a
676 723 910 775 scriptoribus
926 723 1074 760 affertur
1103 722 1138 761 in
1156 722 1329 773 medium,
1348 723 1443 775 iique
1466 723 1660 761 secundum
1675 724 1925 762 Morellianam
1945 723 2150 761 Editionem
2176 721 2346 760 homilias

262 793 447 821 numerant
455 799 466 833 ;
482 798 638 836 eamque,
658 787 811 839 exempli
833 801 949 835 causa,
969 786 1180 838 vigesimam
1201 800 1327 824 nonam
1342 786 1550 836 inscribunt,
1570 801 1647 838 quae
1664 787 1859 824 secundum
1881 787 2058 825 Savilium
2078 794 2112 822 et
2139 785 2339 823 secundum

262 856 382 881 veram
398 845 605 882 numerandi
623 847 794 885 rationem
816 848 996 899 trigesima
1016 857 1080 895 est,
1104 847 1140 884 in
1157 862 1295 885 summa
1310 847 1439 900 pagina
1454 856 1645 900 utrumque
1663 862 1852 886 numerum
1873 848 1923 886 sic
1940 847 2124 886 attulimus
2142 863 2149 883 :
2166 847 2343 885 Homilia

263 908 457 957 trigesima
477 907 530 944 al.
550 911 739 960 vigesima
762 924 884 960 nona,
904 920 937 949 et
952 911 1000 949 ita
1021 924 1162 961 quoque
1182 910 1219 948 in
1238 909 1328 948 aliis.

313 967 414 1004 Hanc
427 981 532 1019 porro
547 970 756 1007 numerandi
778 970 985 1009 varietatem
998 986 1067 1009 non
1083 986 1157 1010 esse
1170 980 1344 1009 recentem
1359 971 1483 1010 suadet
1502 971 1692 1010 Facundus
1710 971 1986 1021 Hermianensis,
2006 971 2069 1021 qui
2089 970 2181 1008 libro
2197 971 2234 1019 5,
2254 983 2283 1007 0.
2303 971 2340 1017 5,

261 1044 294 1080 p.
317 1030 407 1078 114,
425 1031 680 1081 sexagesimam
700 1041 835 1071 sextam
853 1032 940 1071 dicit
955 1047 1032 1070 eam
1045 1048 1122 1084 quae
1142 1047 1223 1071 vere
1235 1033 1453 1085 sexagesima
1472 1033 1624 1085 septima
1642 1042 1702 1071 est.
1718 1034 1856 1073 Verum
1881 1032 1993 1070 altera
2012 1032 2116 1070 etiam
2130 1030 2340 1069 numerandi

260 1092 361 1140 ratio,
377 1107 455 1143 quae
469 1107 552 1132 vera
572 1094 692 1145 utique
711 1105 778 1145 est,
794 1096 890 1148 apud
913 1096 1000 1134 alios
1020 1096 1056 1133 in
1077 1110 1144 1133 usu
1163 1096 1272 1133 fuisse
1291 1096 1554 1149 comprobatur.
1572 1096 1801 1148 Ephraemius
1824 1095 1919 1133 enim
1940 1095 2180 1133 Antiochenus
2196 1094 2338 1132 ἑνδεκά-

259 1171 343 1202 την,
372 1157 630 1206 undecimam,
653 1168 815 1196 numerat
839 1173 916 1197 cam
940 1173 1018 1210 quae
1046 1160 1122 1211 jam
1147 1158 1334 1197 undecima
1355 1167 1417 1197 est.
1448 1159 1618 1209 Hancque
1639 1158 1846 1196 numerandi
1865 1158 2036 1196 rationem
2056 1167 2251 1208 sequuntur
2273 1158 2340 1195 Co-

258 1217 354 1256 dices
374 1219 492 1257 Graeci
512 1221 764 1273 manuscripti,
781 1236 870 1273 quos
888 1222 1058 1259 hactenus
1075 1221 1194 1260 videre
1212 1222 1325 1259 licuit.

310 1284 346 1318 32.
368 1282 487 1320 Altera
506 1283 665 1334 exsurgit
691 1285 854 1335 quaestio,
873 1299 916 1321 an
933 1283 1099 1323 videlicet
1114 1284 1328 1334 Antiochiae,
1351 1298 1394 1321 an
1413 1284 1717 1335 Constantinopoli
1742 1284 1847 1320 hasce
1872 1283 2038 1321 homilias
2065 1283 2341 1335 Chrysostomus

256 1343 433 1382 habuerit.
456 1347 544 1384 Utra
566 1347 602 1384 in
620 1348 707 1384 urbe
726 1355 776 1384 tot
796 1346 988 1384 conciones
1010 1345 1141 1384 habitae
1159 1345 1241 1396 sint,
1262 1345 1298 1384 in
1318 1347 1405 1399 ipsis
1429 1347 1659 1385 concionibus
1674 1359 1850 1397 nusquam
1866 1345 2125 1398 deprehendere
2146 1346 2339 1397 potuimus.

254 1407 347 1444 Nam
365 1407 393 1444 si
410 1422 479 1458 qua
500 1418 612 1446 essent
631 1407 724 1446 unde
743 1409 981 1461 conjecturam
1006 1408 1136 1446 ducere
1157 1423 1354 1461 possemus,
1374 1423 1419 1448 ex
1438 1409 1619 1462 perpetuis
1646 1422 1772 1461 nempe
1798 1408 2066 1447 velitationibus
2083 1407 2253 1446 adversus
2280 1423 2339 1446 eos

251 1470 313 1520 qui
327 1484 448 1522 parem
468 1480 621 1523 paterna}
641 1480 845 1524 potestatem
862 1472 897 1509 in
915 1472 1008 1510 Filio
1025 1486 1098 1509 0550
1122 1472 1311 1523 negabant,
1335 1472 1397 1522 qui
1414 1473 1452 1511 τὸ
1470 1472 1650 1523 ὁμοούσιον
1671 1471 1945 1523 oppugnabant,
1964 1469 2134 1508 adversus
2150 1472 2338 1509 Anomoeos

251 1545 392 1583 nempe,
413 1546 502 1582 quos
515 1532 650 1583 ubique
664 1533 868 1583 insectatur,
885 1532 924 1570 id
937 1532 1082 1586 perinde
1102 1533 1405 1585 Constantinopoli
1419 1564 1429 1583 ,
1451 1542 1557 1584 atque
1573 1532 1770 1571 Antiochiae
1784 1532 2004 1570 observatur.
2021 1532 2063 1568 In
2077 1540 2227 1582 utraque
2242 1531 2335 1569 enim

251 1592 394 1632 civitate
417 1602 537 1631 eontra
558 1595 745 1633 Anomoeos
761 1595 970 1633 nominatim
992 1595 1217 1633 concionatus
1238 1605 1289 1633 est
1313 1596 1590 1648 Chrysostomus
1601 1625 1611 1644 ,
1628 1595 1663 1632 in
1681 1603 1832 1644 utraque
1848 1607 1976 1644 magno
1995 1607 2143 1631 numero
2172 1594 2336 1631 Anomoei

252 1667 364 1707 erant,
386 1657 446 1708 qui
462 1671 543 1695 cum
559 1658 793 1710 popularibus
810 1658 1003 1696 Catholicis
1017 1672 1107 1711 saepe
1117 1657 1162 1696 de
1176 1658 1346 1709 religione
1365 1658 1624 1697 concertabant.
1648 1657 1750 1695 Nihil
1777 1656 1888 1707 igitur
1907 1655 1989 1693 inde
2006 1656 2097 1694 circa
2118 1656 2245 1694 urbem
2271 1657 2336 1694 ubi

250 1720 382 1759 habitae
401 1728 483 1757 sunt
493 1719 548 1756 hae
563 1718 745 1757 conciones
766 1719 941 1772 expiscari
956 1733 1145 1772 possumus
1161 1735 1169 1756 ε
1192 1720 1403 1771 nullumque
1423 1719 1522 1758 aliud
1537 1734 1575 1757 ea
1594 1719 1639 1757 de
1658 1733 1695 1757 re
1710 1732 1755 1756 ex
1779 1718 1868 1769 ipsis
1888 1717 2045 1755 homiliis
2063 1717 2238 1755 indicium
2256 1733 2334 1770 pos-

252 1796 376 1822 sumus
396 1780 564 1819 mutuari.
584 1782 722 1820 Verum
743 1795 789 1820 ex
811 1782 968 1820 Homilia
994 1783 1143 1835 septima
1165 1782 1201 1820 in
1224 1782 1424 1835 Epistolam
1450 1781 1604 1834 primam
1623 1780 1668 1818 ad
1689 1779 1893 1818 Corinthios
1911 1788 1935 1816 t.
1961 1780 2024 1828 10,
2050 1794 2084 1830 p.
2113 1779 2177 1829 55,
2207 1781 2248 1828 A,
2269 1793 2337 1817 no-

256 1855 336 1885 strae
351 1844 541 1894 Editionis,
558 1844 730 1883 discimus
749 1845 925 1883 Homilias
943 1845 1047 1883 hasce
1060 1846 1095 1883 in
1115 1848 1287 1886 Joannem
1306 1855 1385 1883 ante
1409 1845 1487 1883 illas
1502 1845 1537 1882 in
1557 1844 1755 1897 Epistolam
1781 1842 1825 1880 ad
1840 1842 2042 1880 Corinthios
2058 1842 2196 1880 habitas
2214 1842 2334 1880 fuisse.

252 1911 344 1948 Cum
359 1917 477 1946 autem
491 1908 546 1946 11ae
558 1907 604 1945 ad
623 1908 826 1946 Corinthios
839 1908 1003 1946 Homiliae
1018 1909 1213 1947 Antiochiae
1232 1909 1365 1947 habitae
1384 1909 1531 1958 fuerint,
1554 1918 1593 1946 ut
1610 1907 1765 1946 5001000
1791 1905 2015 1959 probabitur,
2034 1905 2118 1942 hinc
2143 1919 2227 1942 sane
2251 1919 2336 1943 con-

252 1973 412 2025 sequitur
428 1972 492 2010 has
506 1971 611 2009 etiam
634 1971 670 2008 in
685 1973 857 2010 Joannem
875 1972 1057 2010 conciones
1074 1972 1269 2010 Antiochiae
1289 1972 1401 2010 dictas
1425 1972 1543 2010 fuisse.
1567 1973 1682 2009 Locus
1698 1984 1804 2023 porro
1831 1968 1891 2006 ille
1911 1967 2078 2005 Homiliae
2106 1967 2267 2020 septimae
2290 1968 2336 2006 ad

253 2033 458 2073 Corinthios
471 2033 521 2071 sic
535 2032 642 2071 habet
659 2049 666 2070 z
684 2034 752 2071 Καὶ
764 2033 830 2086 γὰρ
845 2034 987 2078 ἐκείνοις
1005 2034 1126 2087 φησὶν,
1140 2033 1233 2073 Οὔτε
1247 2034 1307 2086 ἐμὲ
1326 2036 1441 2073 οἴδατε
1454 2063 1462 2079 ,
1478 2034 1556 2072 οὔτε
1572 2034 1630 2072 τὸν
1644 2033 1788 2085 Πατέρα
1803 2047 1881 2083 μου.
1894 2032 1974 2073 Πῶς
1987 2023 2043 2068 οῧν
2061 2029 2223 2081 ἀνωτέρω
2234 2031 2336 2081 φησὶ,

253 2099 324 2137 Καὶ
341 2097 402 2149 ἐμὲ
422 2097 548 2146 οἴδατε,
568 2096 627 2135 καὶ
647 2096 760 2136 οἴδατε
777 2097 880 2136 πόΟεν
904 2098 993 2149 εἶμί,
1015 2098 1120 2136 Ἀλλὰ
1139 2098 1190 2142 τίς
1209 2101 1226 2135 ὁ
1243 2097 1369 2150 τρόπος
1397 2102 1458 2145 τῆς
1479 2097 1705 2149 ἀναγνώσεως
1728 2095 1871 2142 ταύτης,
1889 2093 1948 2132 καὶ
1965 2092 2017 2136 τίς
2038 2091 2190 2140 ἐκείνης,
2209 2094 2244 2130 ἐν
2264 2098 2337 2137 τοῖς

255 2162 466 2213 εὐαγγελίοις
481 2161 547 2209 ἤδη
565 2162 704 2214 εἴρηται
717 2178 724 2185 ·
740 2163 799 2201 καὶ
818 2161 908 2200 ὥστε
931 2162 978 2213 μὴ
996 2165 1151 2214 συνεχῶς
1169 2163 1208 2201 τὸ
1227 2162 1311 2200 αὐτὸ
1326 2161 1498 2214 στρέφειν,
1515 2164 1585 2200 ἐκεῖ
1605 2159 1887 2212 παραπέμπομεν
1899 2156 1976 2199 τοὺς
1992 2155 2277 2207 ἐντυγχάνοντας.
2290 2155 2334 2194 Id

255 2234 305 2263 est
325 2241 333 2261 z
349 2226 450 2263 Nam
471 2227 549 2265 illis
561 2228 629 2273 ait,
646 2226 769 2276 Neque
787 2240 843 2263 me
861 2226 1022 2275 novistis,
1042 2239 1153 2276 neque
1170 2226 1311 2263 Patrem
1327 2239 1457 2263 meum.
1483 2225 1682 2275 Quomodo
1699 2236 1786 2274 ergo
1802 2234 1918 2273 Supra
1938 2221 2053 2266 dixit,
2072 2218 2118 2255 Et
2138 2232 2193 2255 me
2208 2219 2333 2264 nostis,

253 2297 286 2327 et
302 2289 411 2327 nostis
430 2288 523 2325 unde
536 2288 629 2326 sim?
642 2289 717 2326 Sed
731 2291 815 2342 quis
828 2292 876 2328 sit
895 2290 1028 2327 modus
1045 2291 1158 2340 hujus
1176 2290 1365 2337 lectionis,
1388 2297 1423 2326 et
1444 2291 1530 2341 quis
1550 2289 1671 2335 illius,
1690 2289 1774 2338 jam
1793 2285 1937 2321 dictum
1951 2291 2007 2320 est
2026 2284 2068 2318 in
2088 2282 2334 2333 Evangeliis,

254 2360 289 2389 el
310 2365 358 2389 ne
377 2351 730 2402 idemfrequentius
744 2365 952 2400 versemus,
975 2365 1018 2388 eo
1040 2351 1202 2389 lectores
1224 2353 1425 2389 mittimus.
1450 2350 1564 2389 Mittit
1585 2348 1718 2387 scilicet
1737 2346 1781 2384 ad
1807 2345 1981 2383 Homilias
2000 2358 2080 2382 suas
2105 2343 2141 2380 10
2169 2343 2336 2396 Evange-

253 2414 342 2451 lium
357 2413 516 2461 Joannis,
535 2414 581 2451 ad
600 2414 797 2453 Homiliam
818 2414 989 2452 nimirum
1007 2413 1349 2465 quinquagesimam,
1369 2414 1430 2451 ubi
1449 2414 1524 2451 haec
1537 2412 1645 2451 verba
1662 2426 1690 2448 c.
1713 2413 1749 2459 7,
1764 2424 1798 2448 v.
1815 2409 1879 2458 QS,
1899 2424 1933 2460 p.
1957 2409 2050 2457 aim,
2068 2406 2262 2459 explicans,
2281 2410 2317 2446 E
2322 2417 2336 2446 c

256 2492 314 2516 me
333 2479 448 2526 scitis,
468 2485 504 2514 et
519 2477 623 2515 uncle
638 2478 708 2515 sim
728 2479 845 2525 scitis,
858 2475 1010 2514 ostendit
1029 2476 1089 2513 illa
1107 2476 1243 2528 optime
1259 2476 1440 2514 conciliari
1458 2490 1539 2513 cum
1558 2474 1638 2512 aliis
1658 2472 1816 2525 ejusdem
1835 2470 2023 2522 Evangelii
2043 2485 2073 2508 0.
2099 2471 2124 2510 8
2136 2501 2147 2520 ,
2176 2470 2248 2518 19,
2273 2469 2335 2509 ubi

255 2541 303 2580 ait
322 2539 464 2579 Judaeos
478 2553 540 2577 000
557 2553 592 2577 50
612 2553 724 2588 nosse,
740 2553 803 2577 nec
820 2540 963 2577 Patrem
990 2553 1094 2577 suum
1117 2552 1230 2576 nosse.
1253 2539 1398 2576 Certum
1416 2539 1534 2589 itaque
1560 2535 1873 2585 indubitatumque
1894 2542 1945 2571 est
1960 2533 2257 2585 Chrysostomum
2272 2532 2337 2571 has

254 2603 420 2641 homilias
437 2602 631 2639 Antiochia}
644 2602 811 2640 habuisse
832 2611 1021 2653 antequam
1036 2602 1212 2639 Homilias
1227 2601 1261 2638 in
1278 2601 1429 2653 primam
1442 2610 1474 2639 et
1499 2599 1689 2639 secundam
1704 2598 1749 2635 ad
1762 2596 1964 2635 Corinthios
1979 2595 2137 2644 haberet,
2155 2609 2232 2646 quae
2250 2594 2333 2632 item

261 2666 452 2704 Antiochiae
474 2664 602 2701 hahitm
619 2664 730 2709 fuere,
752 2673 789 2701 ut
806 2679 869 2702 suo
885 2665 962 2702 loco
984 2664 1224 2716 probabimus.

1259 2824 1281 2873 g
1314 2823 1359 2859 11.

261 2960 294 2994 1.
328 2958 412 3007 Quo
431 2963 595 3006 tempore
615 2954 683 2990 lias
704 2954 879 2990 habuerit
900 2952 1089 2989 homilias.
1111 2956 1147 2989 9.
1173 2953 1251 2990 Cur
1268 2954 1514 2991 illucescente
1534 2962 1689 2996 aurora,
1725 2946 1791 2985 ὑπὸ
1822 2948 1883 2993 τὴν
1914 2947 1959 2984 ἔω
1981 2948 2061 2984 lisr'c
2083 2949 2334 2983 concionatus

728 3017 791 3053 sit.
811 3016 845 3051 5.
875 3016 989 3065 Quod
1007 3028 1123 3065 genus
1143 3016 1362 3053 auditorum
1383 3015 1629 3053 concionibus
1647 3011 1876 3062 interfuerit.

308 3142 343 3176 1.
373 3141 452 3177 Jam
472 3137 631 3175 diximus
644 3136 678 3173 in
698 3135 906 3173 Pmcfzuione
925 3134 970 3172 ad
1000 3134 1175 3172 Homilias
1198 3134 1234 3171 in
1253 3135 1480 3182 Mauhaeum,
1503 3147 1572 3172 non
1597 3131 1752 3185 potuisse
1774 3131 2072 3183 Chrysostomum
2092 3130 2193 3167 annis
2217 3129 2332 3167 tribus

255 3202 430 3255 prioribus
445 3200 545 3252 queis
562 3200 749 3252 presbyter
769 3198 994 3236 concionatus
1013 3206 1082 3245 cst,
1095 3198 1269 3234 Ilomilias
1289 3199 1321 3234 iu
1338 3199 1547 3235 Matthaeum
1559 3195 1603 3234 ad
1620 3195 1793 3247 populum
1809 3194 1951 3243 babere,
1979 3194 2061 3244 quia
2084 3193 2252 3232 videlicet
2274 3193 2331 3229 his

255 3263 367 3301 tribus
383 3262 483 3299 annis
499 3260 588 3306 586,
601 3260 690 3307 587,
709 3258 802 3309 588,
820 3268 870 3296 tot
892 3258 1056 3296 homilias
1073 3267 1143 3295 tam
1167 3258 1288 3307 longas
1306 3258 1411 3305 dixit,
1429 3267 1467 3295 ut
1486 3258 1573 3295 alias
1593 3255 1723 3293 addere
1745 3255 1807 3294 vix
1827 3255 1986 3307 potuisse
2008 3254 2188 3292 videatur.
2208 3254 2326 3301 Certe,

255 3335 292 3363 ut
312 3326 345 3363 in
367 3325 447 3362 Vita
463 3322 705 3375 Chrysostomi
724 3321 887 3374 pluribus
907 3321 1065 3371 dicetur,
1081 3321 1146 3360 vix
1162 3321 1324 3359 credatur
1345 3330 1431 3371 quot
1450 3330 1667 3372 quantasque
1691 3318 1787 3355 hisce
1803 3317 1916 3355 tribus
1936 3316 2114 3368 prioribus
2144 3315 2329 3353 sacerdotii

254 3387 305 3426 sui
327 3385 427 3423 annis
449 3385 630 3422 conciones
660 3383 811 3427 dixerit;
842 3383 1078 3434 Pancgyricas
1110 3383 1275 3420 festorum
1300 3392 1331 3419 ct
1351 3383 1562 3420 Sanctorum
1580 3394 1640 3433 pcr
1656 3393 1802 3426 anuum,
1819 3378 1906 3415 alias
1928 3377 1962 3413 in
1986 3377 2180 3428 Scriptura}
2203 3376 2329 3423 libros,

255 3457 463 3494 exterasque
486 3444 592 3482 variis
607 3444 650 3483 de
670 3444 783 3482 rebus.
804 3445 923 3494 ltaque
937 3453 973 3481 ut
997 3444 1168 3481 Homilias
1189 3444 1222 3481 in
1242 3443 1451 3481 Malthaeum
1474 3452 1551 3495 post
1568 3456 1700 3480 annum
1718 3440 1794 3479 588
1814 3439 1967 3489 habitas,
1989 3439 2054 3476 hac
2070 3438 2114 3476 dc
2130 3451 2232 3476 causa
2258 3447 2327 3475 sta-
