2507 3673
686 231 727 259 IN
761 230 994 260 SECUNDUM
1035 230 1195 259 nomm
1235 232 1495 262 ADVENTUM.

53 309 195 357 κακίας,
229 313 294 347 ποῦ
322 309 357 346 δὲ
389 309 576 348 τὸδίκαιον
606 317 783 362 φανεῖται;
811 313 864 350 Οὐ
890 310 980 363 λέγω
1015 312 1070 349 ἐπὶ

52 362 272 413 ἁμαρτωλῶν
304 362 363 400 καὶ
388 362 544 410 δικαίων,
568 365 642 402 ἀλλ’
667 364 724 402 ἐπὶ
756 365 974 417 ἁμαρτωλῶν
1014 363 1071 401 καὶ

51 415 281 468 ἁμαρτωλῶν.
297 413 385 452 εΔιόι
400 419 500 453 τοῦτο
513 418 530 453 ὁ
544 415 605 466 μὲν
625 417 797 463 ἐκολάσθη
815 418 961 455 ἐνταῦθα
972 447 982 464 ,
1001 419 1018 454 ὃ
1036 415 1071 453 δὲ

49 469 110 505 οὐκ
122 468 293 515 ἐκολάσθη
310 466 354 505 τὰ
374 467 461 506 αὐτὰ
478 469 700 521 ἁμαρτάνων,
720 469 742 515 ἢ
763 470 822 507 καὶ
841 469 1070 522 χαλεπώτερα

48 521 180 572 πολλῷ.
211 522 253 558 Εἰ
281 519 348 572 γὰρ
377 523 437 559 οὒκ
463 521 536 559 ἔστι
555 522 696 573 γέεννα,
717 522 813 561 οὐθὲν
832 522 918 574 ὑπὲρ
939 521 1069 559 τούτων

48 572 332 624 ἀπολογήσασθαι
352 573 534 620 δυνήσεται
561 580 632 618 τοῖς
652 577 847 626 ἐγκαλοῦσι.
871 575 934 612 Διὸ
953 588 1067 626 παρα-

48 626 145 662 καλῶ
168 625 302 669 πάντας
332 630 422 678 ὑμᾶς
446 628 689 677 παυσαμένους
707 631 767 666 τοῦ
783 627 932 679 γέλωτος
948 626 1069 663 τούτου

47 680 106 714 τοῦ
124 683 310 717 σατανικοῦ
330 680 562 730 ἐπιστομίζειν
577 681 656 724 τοὺς
673 679 759 733 ὑπὲρ
774 679 903 717 τούτων
916 682 995 728 ὑμῖν
1013 680 1071 715 ἀν-

45 729 254 781 τιλέγοντας.
292 733 362 770 Καὶ
393 733 460 786 γὰρ
490 733 549 772 καὶ
581 737 650 772 τῶν
672 733 913 784 σμικροτάτων
940 733 973 768 ἐν
1000 737 1071 775 τοῖς

47 783 298 834 ἁμαρτήμασι,
317 785 376 823 καὶ
394 789 427 824 ἐν
442 792 513 830 τοῖς
526 785 792 838 κατορθώμασιν
810 783 957 837 ἀκριῧὴς
973 782 1070 822 ἔσται

45 839 66 882 ἡ
87 835 251 881 ἐξέτασις.
272 839 342 876 Καὶ
361 838 429 891 γὰρ
452 839 511 877 καὶ
532 841 718 890 ὀφθαλμῶν
737 837 940 875 ἀκολάστων
960 835 1068 875 δώσο-

47 904 109 937 μεν
138 889 251 937 δίκην,
270 891 329 928 καὶ
346 891 500 943 ῥήματος
524 893 649 943 ἀργοῦ,
666 890 724 928 καὶ
741 889 891 942 γέλωτος
906 889 1069 937 ἀτάκτου,

45 940 104 978 καὶ
119 942 293 994 λοιδορίας
309 945 445 989 ἁπλῶς,
461 944 520 982 καὶ
540 943 760 994 ἐνθυμήσεως
775 947 885 990 κακῆς
901 973 910 991 ,
930 942 989 981 καὶ
1005 943 1070 993 μέ-

44 996 104 1040 θης
125 995 267 1038 εὐθύνας
291 996 456 1048 ὑφέξομεν
474 1014 480 1020 ·
502 999 548 1041 ὡς
566 997 671 1035 πάλιν
695 999 728 1035 ἐν
755 1002 826 1039 τοῖς
843 998 983 1047 ἀγαθοῖς
1009 996 1069 1034 καὶ

43 1047 211 1100 ποτηρίου
226 1050 361 1101 ψυχροῦ
376 1049 561 1101 ληψόμεθα
582 1049 716 1100 μισθὸν,
736 1049 795 1088 καὶ
809 1049 911 1101 λόγου
927 1051 1068 1101 ἀγαθοῦ,

43 1099 102 1137 καὶ
125 1107 318 1153 στεναγμοῦ
337 1102 453 1153 μόνου.
473 1102 540 1146 Δὸς
560 1102 640 1154 γὰρ,
655 1102 760 1154 φησι,
787 1103 827 1141 τὸ
851 1108 992 1152 σημεῖον
1012 1103 1069 1141 ἐπὶ

42 1154 228 1201 πρόσωπον
246 1158 314 1193 τῶν
330 1155 560 1199 στεναζόντων
575 1156 634 1193 καὶ
650 1155 966 1207 κατωδυνισψένων.
989 1157 1069 1200 Πῶς

42 1203 97 1246 οῦν
121 1209 252 1259 τολμᾷς
275 1211 394 1254 εἰπεῖν,
417 1208 469 1246 ὅτι
490 1209 577 1259 μετὰ
596 1208 768 1254 τοσαύτης
794 1208 974 1275 ἀκριὸείαΙς
1001 1208 1069 1253 ἐξε-

76 1261 106 1283 ‘r

42 1314 236 1361 ἠπείλησε,
257 1314 333 1363 Μὴ,
350 1316 561 1366 παρακαλῶ,
579 1314 641 1365 μὴ,
663 1315 785 1365 δέομαι
801 1317 912 1366 ὑμῶν,
930 1331 978 1365 μη
991 1321 1069 1359 ταῖς

42 1371 157 1408 κεναῖς
178 1366 320 1412 ταύταις
351 1366 486 1406 ἐλπίσιν
516 1367 658 1410 ἑαυτοὺς
687 1367 883 1414 ἀπολέσητε
910 1368 970 1405 καὶ
990 1367 1069 1412 τοὺς

41 1418 262 1469 πειθομένους
281 1422 374 1470 ὑμῖν.
395 1421 441 1458 Ei.
467 1420 534 1472 γὰρ
553 1426 624 1464 τοῖς
642 1421 826 1473 ἡμετέροις
847 1419 960 1472 λόγοις
982 1422 1065 1458 ἀπι-

41 1477 176 1518 στεῖτε,
199 1472 383 1516 ἐξετάσατε
410 1471 614 1521 Ἰουδαίους,
641 1473 843 1521 (Έλληνας,
873 1472 1067 1526 αἱρετικοὺς

41 1525 218 1572 ἅπαντας,
245 1525 305 1563 καὶ
324 1526 450 1570 πάντες
468 1529 515 1570 ὡς
530 1525 565 1570 ἐξ
587 1525 659 1570 ἑνὸς
678 1525 851 1577 στόματος
876 1526 1067 1578 ἀποκριθή-

42 1592 179 1624 σονται,
199 1577 252 1616 ὅτι
281 1579 394 1632 κρίσις
427 1578 525 1618 ἔσται
543 1579 602 1617 καὶ
623 1580 863 1622 ἀνταπόδοσις.
893 1579 985 1618 Ἀλλ’
1006 1580 1066 1617 οὐκ

42 1632 204 1681 ἀρκοῦσιν
225 1634 255 1669 οἱ
284 1632 477 1684 ἄνθρωποι,
495 1632 697 1684 Ἐρώτα-,σον
717 1632 777 1671 καὶ
798 1631 1066 1688 τοὺςωδαίμονας

43 1683 162 1727 αὐτοὺς
179 1713 189 1731 ,
215 1685 275 1722 καὶ
295 1685 424 1737 ἀκούσῃ
454 1685 624 1736 λεγόντων
642 1688 757 1724 αὐτῶν
773 1702 780 1709 ·
803 1685 851 1724 Τί
877 1688 979 1732 ἦλθες
998 1687 1066 1723 ὧδε

41 1736 109 1788 πρὸ
128 1741 249 1789 καιροῦ
268 1738 455 1789 βασανίσαι
471 1742 584 1789 ἡμᾶς
602 1739 672 1777 Καὶ
689 1740 827 1777 ἅπαντα
846 1743 956 1776 ταῦτα
985 1754 1065 1777 συν-

42 1790 247 1841 αγαγόντες,
263 1791 407 1829 πείσατε
425 1791 565 1835 ἑαυτοὺς
586 1792 634 1842 μὴ
654 1792 768 1842 μάτην
783 1793 901 1830 λαλεῖν
917 1808 925 1815 ·
942 1791 997 1830 ἵνα
1015 1792 1064 1843 μὴ

40 1842 99 1880 διὰ
111 1846 173 1889 τῆς
192 1843 314 1897 πείρας
335 1844 467 1894 μάθητε
487 1844 550 1892 τὴν
568 1844 720 1897 γέενναν,
735 1847 810 1884 ἀλλ’
829 1847 982 1883 ἐντεῦθεν
998 1861 1066 1883 σω-

41 1896 276 1947 φρονισθέντες
304 1897 366 1941 τὰς
390 1897 559 1948 βασάνους
594 1897 725 1942 ἐκείνας
753 1899 945 1946 δυνήσησθε
965 1900 1066 1950 ἐκφυ-

40 1955 127 2000 γεῖν,
157 1950 216 1988 καὶ
241 1953 310 1988 τῶν
342 1950 538 2000 μελλόντων
559 1953 697 2003 ἀγαθῶν
725 1954 914 2004 ἐπιτυχεῖν,
944 1951 1066 2003 χάριτι
1090 1958 1112 1988 Β

41 2002 100 2055 καὶ
130 2003 372 2057 φιλανθρωπίᾳ
391 2009 450 2042 τοῦ
476 2004 605 2057 Κυρίου
624 2008 726 2055 ἡμῶν
744 2005 862 2052 Ἰησοῦ
891 2006 1043 2057 Χριστου
1055 2035 1064 2052 ,

40 2056 68 2106 ᾧ
85 2057 105 2100 ἦ
125 2055 205 2100 δόξα
222 2056 282 2095 καὶ
309 2056 348 2094 τὸ
364 2057 501 2109 κράτος,
524 2057 584 2096 σὺν
611 2061 662 2110 τῷ
687 2058 805 2111 Πατρὶ
823 2058 882 2095 καὶ
901 2061 951 2110 τῷ
975 2057 1063 2110 ἁγίῳ

40 2107 221 2159 Πνεύματι
233 2140 242 2157 ‚
265 2111 311 2153 εἰς
327 2109 404 2153 τοὺς
423 2112 549 2155 αἰῶνας
563 2114 631 2149 τῶν
652 2111 801 2150 αἰώνων.
819 2112 940 2161 Ἀμήν.

85 2677 97 2692 c
124 2665 195 2706 [διὰ
211 2671 239 2699 τί
261 2665 362 2699 Savil.
382 2674 414 2698 et
430 2666 551 2711 Chrys.
572 2666 610 2709 l.]

42 1276 153 1304 ταςων
173 1260 218 1298 τὰ
233 1261 388 1312 ἡμέτερα
406 1265 423 1299 ὁ
438 1263 527 1304 Θεὸς
546 1263 664 1304 ἅπλῶς
679 1261 738 1300 καὶ
758 1264 834 1313 εἰκῇ
850 1261 912 1309 τὴν
928 1277 1067 1314 γεενναν
1078 1242 1126 1309 Ἰ)

964 1314 972 1329 Χ

2038 221 2127 265 303

1146 311 1251 348 rebus
1276 311 1352 348 istis
1372 325 1570 349 sermonem
1593 328 1609 349 c
1636 313 1753 350 medio
1780 314 1890 361 toltit,
1912 316 2003 353 nibil
2029 316 2129 354 aliud

1144 362 1349 414 imprudens
1364 364 1456 414 agit,
1478 364 1544 401 nisi
1560 365 1715 416 seipsum
1727 364 1794 402 liae
1810 365 1933 403 fraude
1947 368 1982 404 in
1999 369 2129 419 gehen-

1144 429 1225 452 nam
1254 416 1406 467 impellit
1425 430 1465 453 ac
1482 417 1633 467 projicit.
1651 416 1732 455 Noli
1752 431 1835 468 ergo
1857 432 1982 456 manus
2008 435 2128 459 eorum

1143 467 1351 518 dissolvere,
1373 468 1432 518 qui
1455 468 1500 506 ol)
1527 468 1695 507 virtutem
1722 469 1900 518 laborant,
1928 485 2040 521 neque
2070 488 2127 511 so-

1142 518 1301 557 cordiam
1314 534 1442 571 augeas
1457 535 1578 559 eorum
1598 522 1660 573 qui
1679 521 1872 560 dormiunt.
1888 523 1926 561 Si
1944 524 2037 561 enim
2055 526 2129 577 ple-

1141 571 1261 621 risque
1269 587 1477 625 persuasum
1490 574 1507 611 f
1507 575 1597 613 uerit
1607 575 1802 625 gehennam
1813 589 1881 612 non
1893 578 2129 627 esse,quando

1142 624 1283 662 tandem
1297 626 1342 663 ab
1358 626 1584 678 improbitate
1597 626 1804 665 discedent?
1820 628 1883 665 ubi
1894 643 1979 667 vero
1989 630 2130 681 justitia

1142 678 1354 729 apparebit?
1372 681 1450 717 Non
1469 679 1549 718 dieo
1567 681 1611 719 de
1625 681 1872 733 peccatoribus
1887 690 1923 719 et
1931 682 2052 733 justis,
2067 683 2128 722 sed

1143 728 1188 767 dc
1209 732 1452 782 peecatoribus
1472 742 1505 770 et
1524 734 1784 786 peccatoribus.
1803 734 1878 771 Hac
1889 733 1933 772 de
1946 749 2050 773 causa
2069 737 2129 775 illc

1142 782 1286 832 quidem
1297 785 1444 836 punitus
1459 785 1518 823 hic
1537 797 1589 825 est
1602 817 1611 835 ,
1633 787 1693 824 ille
1712 801 1797 824 vero
1811 801 1879 825 non
1895 797 1946 825 est
1962 789 2125 840 punitus,

1142 834 1223 874 licet
1253 838 1377 876 eadem
1416 848 1559 890 peecata
1589 839 1647 878 vel
1680 840 1787 876 etiam
1818 840 1931 878 multo
1962 842 2127 891 graviora

1142 890 1384 929 commisisset.
1399 892 1490 929 Nam
1508 892 1538 930 si
1557 906 1626 930 non
1645 901 1696 930 est
1713 892 1884 944 gebenna,
1901 893 1992 931 nihil
2008 894 2127 933 defen—

1142 941 1248 981 sionis
1276 944 1404 982 afferre
1434 945 1565 997 poterit
1593 945 1689 998 apud
1721 959 1780 983 eos
1807 946 1869 996 qui
1897 948 2125 986 accusabunt.

1142 994 1383 1041 Quamobrem
1396 1012 1516 1036 omnes
1532 1012 1596 1037 vos
1611 999 1749 1046 hortor,
1768 1007 1807 1036 ut
1823 999 1868 1036 ab
1886 999 1954 1037 hoc
1970 1001 2126 1039 satanico

1142 1048 1216 1086 risu
1245 1050 1474 1101 abstinentes,
1495 1065 1618 1089 eorum
1648 1051 1820 1089 obturetis
1848 1065 1930 1101 ora,
1949 1053 2011 1103 qui
2033 1054 2126 1092 eirca

1141 1100 1217 1139 haee
1239 1103 1344 1141 vobis
1369 1104 1626 1142 contradicunt.
1648 1105 1742 1143 Nam
1763 1114 1797 1142 et
1815 1118 1937 1143 eorum
1959 1120 2037 1156 quae
2058 1107 2125 1145 mi-

1140 1154 1236 1192 nima
1261 1165 1363 1205 sunt,
1384 1171 1465 1195 cum
1491 1157 1526 1195 in
1552 1157 1723 1209 peccatis,
1740 1166 1818 1195 tum
1846 1157 1883 1196 in
1909 1168 2002 1197 reete
2023 1159 2126 1199 factis

1139 1216 1262 1246 exacta
1293 1209 1360 1247 erit
1389 1209 1591 1261 disquisitio
1612 1226 1619 1246 :
1640 1209 1819 1261 siquidem
1849 1219 1882 1248 et
1908 1211 2126 1251 lascivorum

1141 1260 1324 1300 oculorum
1350 1263 1523 1301 rationem
1550 1262 1755 1310 reddemus,
1779 1272 1813 1301 et
1833 1263 1935 1302 verbi
1956 1265 2074 1316 otiosi,
2091 1275 2126 1304 et

1139 1313 1233 1351 risus
1258 1314 1496 1365 immoderati,
1528 1326 1562 1354 et
1593 1316 1786 1354 temerariae
1822 1318 2059 1367 contumeliae,
2091 1328 2124 1357 et

1138 1380 1258 1418 pravae
1287 1369 1525 1420 cogitationis,
1545 1378 1578 1407 et
1604 1369 1783 1407 ebrietatis
1801 1383 1822 1406 a
1840 1369 1943 1408 nobis
1972 1371 2124 1409 rationes

1139 1430 1366 1471 reposcentur
1376 1437 1388 1472 3
1409 1431 1449 1459 ut
1467 1436 1591 1460 rursus
1616 1422 1654 1459 in
1679 1422 1782 1460 bonis
1803 1431 1836 1459 et
1854 1423 1974 1461 calicis
2000 1424 2124 1475 frigidi

1138 1472 1334 1511 mercedem
1354 1474 1580 1526 recipiemus,
1603 1483 1636 1512 ct
1655 1475 1740 1512 boni
1755 1476 1942 1525 sermonis,
1962 1486 1995 1514 et
2013 1478 2123 1516 solius

1138 1525 1303 1575 gemitus.
1319 1528 1385 1564 Da
1401 1527 1511 1575 enim,
1528 1526 1643 1578 inquit
1654 1557 1665 1577 ,
1684 1531 1837 1580 signum
1850 1531 2049 1581 infaciem
2059 1545 2122 1583 ge-
2139 1540 2245 1570 Ezed1.
2256 1552 2286 1582 9.
2297 1542 2320 1583 j,

1137 1581 1326 1616 mentium
1359 1589 1395 1617 et
1421 1581 1648 1617 dolentium.
1683 1580 1871 1626 Quomodo
1895 1596 1978 1633 ergo
2006 1583 2124 1622 dicere

1136 1630 1263 1678 audes,
1288 1634 1405 1671 Deum
1433 1642 1529 1670 tanta
1550 1647 1633 1670 eum
1654 1633 1840 1684 diligentia
1858 1635 1894 1671 in
1915 1649 1969 1672 res
1986 1645 2123 1675 nostras

1136 1683 1386 1734 inquirentem,
1407 1695 1538 1724 temere
1555 1695 1588 1724 et
1607 1686 1806 1725 inconsulto
1831 1687 2027 1738 gehennam
2055 1689 2122 1726 mi-

1137 1746 1261 1775 natum
1287 1740 1387 1777 esse?
1414 1740 1487 1788 Ne,
1513 1753 1574 1777 oro
1597 1739 1823 1791 obtestorque
1849 1754 1932 1790 vos,
1961 1755 2005 1778 ne
2032 1755 2122 1780 vana

1136 1790 1311 1842 ejusmodi
1331 1806 1392 1844 spe
1410 1792 1577 1845 deceptos
1595 1807 1659 1830 vos
1682 1807 1829 1844 eosque,
1846 1793 1908 1844 qui
1924 1794 2029 1832 vobis
2045 1809 2122 1833 cre—

1135 1843 1227 1882 dunt
1239 1875 1248 1889 ‚
1264 1845 1446 1896 perditum
1458 1846 1557 1883 catis.
1572 1845 1610 1883 Si
1627 1845 1722 1883 enim
1737 1845 1854 1884 verbis
1868 1847 1997 1885 nostris
2012 1847 2123 1886 fidem

1137 1910 1207 1934 non
1228 1897 1388 1948 habetis,
1409 1898 1622 1950 interrogate
1645 1898 1804 1949 Judaeos,
1829 1899 1991 1951 gentiles,
2010 1901 2123 1939 haere-

1138 1949 1224 1988 ticos
1243 1965 1381 1999 omnes,
1401 1960 1435 1989 et
1453 1966 1574 1990 omnes
1599 1960 1781 2002 tamquam
1802 1966 1873 1990 uno
1892 1967 1952 1990 ore
1971 1968 2122 2007 respon-

1137 2003 1284 2052 debunt,
1306 2004 1484 2056 judicium
1502 2018 1575 2042 esse
1595 2005 1757 2042 futurum
1777 2019 1819 2043 ac
1836 2006 2119 2045 retributionem.

1137 2058 1183 2093 At
1201 2070 1270 2094 non
1295 2057 1479 2094 sufficiunt
1506 2057 1698 2095 homines?
1712 2057 1771 2094 Ex
1794 2057 2018 2097 daemonibus
2037 2060 2123 2112 ipsis

1138 2123 1276 2159 quaere,
1305 2124 1345 2148 ac
1364 2110 1521 2148 dicentes
1539 2124 1597 2148 cos
1616 2109 1758 2158 audies,
1781 2112 1860 2148 Cur
1884 2114 2029 2150 venisti
2047 2114 2122 2150 huc
2140 2130 2250 2158 Mans„
2272 2130 2302 2160 3,

1137 2171 1229 2200 ante
1253 2172 1400 2215 tempus
1429 2171 1604 2214 torquere
1630 2168 1728 2202 nos?
1754 2163 1802 2201 Et
1832 2164 1998 2202 omnibus
2027 2165 2124 2203 bisce
2140 2179 2189 2209 29-

1137 2215 1311 2264 collectis,
1329 2215 1538 2268 persuadete
1557 2216 1764 2269 vobisipsis,
1783 2225 1821 2253 ut
1839 2231 1909 2255 non
1927 2226 2057 2255 temere
2071 2218 2124 2255 lo-

1137 2269 1296 2319 quamini
1308 2299 1318 2317 ,
1338 2283 1382 2307 ne
1400 2269 1597 2320 gehennam
1615 2269 1857 2322 experimento
1876 2271 2044 2319 noscatis,
2060 2271 2124 2309 sed

1135 2321 1220 2360 hinc
1240 2322 1471 2374 sapientiores
1499 2322 1613 2360 effecti
1640 2331 1812 2361 tormenta
1832 2323 1892 2360 illa
1911 2323 2054 2375 possitis
2071 2325 2122 2361 cf-

1135 2375 1278 2425 fugere,
1308 2375 1481 2426 bonisque
1505 2375 1636 2413 futuris
1666 2376 1796 2428 potiri,
1822 2377 1934 2426 gratia
1963 2386 1998 2413 et
2022 2377 2122 2414 beni-

1135 2428 1269 2479 gnitate
1295 2428 1439 2466 Domini
1463 2428 1573 2466 nostri
1599 2430 1682 2467 Jesu
1709 2429 1862 2477 Christi,
1879 2428 1937 2466 cui
1956 2430 2069 2480 gloria
2088 2439 2122 2468 et

1134 2481 1326 2533 imperium
1338 2509 1347 2527 ,
1367 2495 1448 2519 cum
1462 2482 1566 2519 Patre
1581 2490 1613 2519 et
1632 2481 1770 2533 Spiritu
1788 2491 1920 2531 sancto,
1935 2481 1971 2519 in
1992 2483 2121 2521 saecula

1135 2534 1359 2572 saeculorum.
1387 2536 1509 2571 Amen.

841 2935 1391 3018 MONITUM

652 3128 718 3174 IN
753 3127 1143 3188 SEQUENTEM
1180 3127 1548 3175 SERMONEM.

90 3277 255 3328 Ineptum
270 3277 483 3328 opusculum
503 3286 582 3329 post
601 3278 778 3316 Savilium
803 3277 948 3326 damus,
969 3277 1029 3328 qui
1051 3277 1142 3315 illud
1162 3291 1206 3315 ex
1230 3280 1294 3315 ΜΞ.
1318 3278 1472 3329 quodam
1497 3280 1656 3318 Caesareo
1678 3279 1873 3329 desumsss,
1896 3292 1934 3316 ac
1956 3279 2113 3315 consul«,

39 3338 190 3388 fecisset,
213 3338 241 3377 si
260 3338 348 3377 illud
369 3353 449 3378 cum
472 3339 551 3378 aliis
571 3339 695 3378 multis
717 3339 874 3392 ejusdcm
894 3340 1014 3378 farinae
1035 3340 1070 3378 in
1091 3340 1243 3378 tenebris
1262 3340 1370 3379 latere
1388 3341 1539 3379 sivisset.
