2522 3683
85 1694 267 1723 lsm.53.12.

286 248 377 306 574
758 265 794 293 S.

285 345 344 382 ille
376 338 593 393 admitteret,
627 344 790 384 Christus
813 346 889 398 jam
916 354 1097 384 monuerat
1117 344 1236 384 dicens
1259 360 1266 380 :

285 409 458 458 Regnum
472 420 597 444 meum
612 420 690 444 non
706 415 759 445 est
772 408 900 446 dehoc
917 408 1073 445 mundo.
1093 406 1163 445 Sed
1179 420 1268 458 prze-

286 467 443 505 sentibus
454 481 489 505 se
503 475 618 505 totum
632 467 781 517 dedens,
798 467 889 505 nihil
901 468 1020 519 magni
1035 467 1269 520 philosopha-

286 529 315 566 ri
331 528 459 568 voluit.
476 528 587 579 Atqui
601 528 721 566 uxoris
735 529 911 567 somnium
929 529 1047 581 ipsum
1061 528 1267 581 perterrefa-

833 266 966 294 Joim'n
976 265 1010 294 15
1046 263 1291 294 cllnYSOST.

1281 563 1328 588 504

1330 264 1514 293 aucum?
1524 284 1533 292 .
1571 264 1652 292 CON
1660 263 1919 293 STAN'HNOP.

1337 344 1514 382 ἐπιθέσθαι
1535 344 1737 396 τυραννίδα,
1759 345 1900 383 ἀπὸτοῦ
1925 344 2030 397 φόὸου
2054 344 2156 395 μόνου
2178 343 2240 390 τὴν
2269 342 2355 381 ἀπό-

1337 421 1440 458 φασιν
1462 405 1603 457 ἤνεγκε·
1633 404 1747 443 καίτοι
1766 421 1806 456 γε
1823 404 1880 442 ἵνα
1909 405 1956 456 μὴ
1976 410 2075 444 τοῦτο
2095 404 2189 455 πάθῃ
2202 435 2211 451 ,
2231 406 2361 457 προλα-

1339 466 1409 505 ὅὼν
1424 471 1441 506 ὁ
1459 467 1605 520 Χριστός
1627 482 1731 518 φησιν
1747 482 1754 489 ·
1774 466 1817 504 Ἡ
1837 466 1904 518 ἐμὴ
1924 466 2084 518 βασιλεία
2110 469 2171 504 οὐκ
2199 467 2292 504 ἔστιν
2321 468 2360 504 ἐκ

1339 532 1397 567 τοῦ
1413 528 1544 580 κόσμου
1568 527 1700 567 τούτου.
1720 527 1824 566 Ἀλλὰ
1842 534 1912 571 τοῖς
1938 532 2107 579 παροῦσιν
2133 526 2253 565 ἑαυτὸν
2281 525 2359 564 ὅλον

286 604 361 628 rere
378 590 571 628 debuisset.
596 590 667 629 Sed
687 591 786 627 nullo
808 590 937 628 horum
966 590 1092 628 melior
1111 599 1161 628 cst
1183 590 1268 627 esse·
1293 600 1316 627 Α
1340 591 1415 633 δοὺς
1430 621 1439 637 ,
1456 590 1550 629 οὐδὲν
1569 590 1658 640 μέγα
1675 591 1907 641 φιλοσοφῆσαι
1922 589 2089 635 ἠθέλησε·
2109 587 2224 626 καίτοι
2243 587 2281 626 τὸ
2298 590 2361 634 τῆς

286 661 361 689 ctus
387 667 394 687 ε
422 665 491 689 non
506 651 660 703 respexit
676 651 723 689 ad
739 651 881 700 caelum,
898 650 961 688 sed
973 651 1091 703 ipsum
1105 650 1266 688 tradidit.

285 712 343 749 llli
364 721 399 748 ut
415 712 491 764 jam
505 711 672 750 damnato
686 726 825 750 crucem
840 712 1096 765 imposuerunt.
1113 712 1269 763 Lignum

285 773 416 825 quippe
434 773 528 810 illud
541 773 837 811 abominabantur
849 804 861 821 ,
883 788 946 812 nec
965 773 1166 825 contingere
1188 773 1268 823 qui-

286 835 368 872 dem
390 835 567 874 volebant.
589 835 649 873 Sic
671 845 704 873 et
731 835 766 873 in
794 835 908 887 figura
932 836 1066 873 factum
1095 843 1170 872 est:
1188 848 1270 872 nam

285 899 382 935 isaac
414 898 511 949 ligna
540 898 709 950 portavit.
730 897 800 936 Sed
818 907 902 936 tunc
930 897 965 935 in
996 897 1108 950 patris
1132 906 1269 935 tantum

286 960 468 998 voluntate
487 975 541 998 res
555 961 710 998 constitit
730 961 868 1011 (figura
884 960 1016 1012 quippe
1034 962 1134 1008 erat)
1152 975 1159 995 :
1177 973 1271 997 nunc

288 1036 368 1059 vcro
396 1036 451 1059 res
485 1031 697 1072 consequuta
731 1030 805 1071 est,
833 1021 917 1071 quia
948 1020 1079 1059 veritas
1105 1028 1194 1057 erat.
1218 1021 1272 1057 Et

286 1087 395 1121 venit
411 1087 452 1121 in
477 1085 671 1121 Calvarioe
689 1084 827 1120 locum.
854 1081 1012 1128 Quidam
1033 1081 1158 1118 dieunt
1175 1082 1271 1119 Ada-

285 1161 384 1184 mum
402 1146 453 1183 ibi
479 1154 660 1183 mortuum
689 1158 762 1182 esse
792 1153 825 1182 et
850 1144 967 1195 jacere
987 1158 995 1179 :
1013 1152 1046 1180 et
1065 1144 1188 1181 Jesum
1209 1143 1271 1181 ubi

286 1223 378 1246 mors
397 1216 621 1259 regnaverat,
642 1206 693 1244 ibi
716 1215 889 1259 tropaeum
908 1204 1074 1243 erexisse.
1091 1205 1183 1242 Nam
1198 1214 1271 1243 tro-

284 1285 401 1322 paeum
415 1270 573 1321 gestabat
588 1283 727 1307 crucem
743 1278 863 1307 contra
876 1268 1000 1306 mortis
1013 1267 1242 1319 tyrannidem
1261 1284 1268 1304 ε

285 1342 316 1370 ct
329 1332 420 1369 sicut
435 1332 598 1379 victores,
613 1331 664 1369 sie
676 1339 709 1368 et
722 1331 796 1383 ipse
810 1329 968 1369 victoriae
985 1329 1192 1382 symbolum
1204 1329 1272 1367 hu—

285 1394 388 1431 meris
403 1393 573 1445 gestabat.
594 1392 693 1439 Quid
705 1392 798 1430 enim
808 1422 819 1442 ,
838 1391 867 1429 si
879 1391 955 1428 haec
969 1389 1038 1428 alio
1049 1390 1168 1428 animo
1181 1405 1272 1442 prae-

284 1464 449 1507 ceperunt
462 1456 481 1493 J
487 1454 602 1492 udaei?
619 1453 843 1504 Crucifigunt
858 1466 939 1490 eum
955 1466 1036 1489 cum
1051 1451 1248 1491 latronibus
1259 1483 1269 1501 ,

284 1515 388 1554 inviti
417 1515 644 1568 prophetiam
670 1514 868 1566 implentes.
900 1512 989 1559 Quae
1016 1512 1112 1550 enim
1142 1512 1196 1550 illi
1226 1513 1271 1549 ad

285 1578 534 1615 contumeliam
551 1576 726 1614 faciebant
740 1606 749 1624 ,
762 1575 838 1612 haec
852 1573 994 1613 veritati
1007 1573 1246 1612 inserviebant
1264 1590 1270 1609 :

285 1648 324 1676 ut
343 1639 457 1677 discas
477 1648 609 1689 quanta
628 1639 673 1676 sit
685 1638 761 1689 ejus
780 1637 909 1676 virtus.
930 1637 1023 1674 Nam
1043 1645 1076 1673 et
1091 1636 1184 1674 illud
1196 1637 1271 1689 jam

286 1700 373 1738 olim
390 1701 562 1753 propheta
581 1699 751 1752 praedixit
768 1715 775 1735 :
799 1699 896 1736 Cum
912 1701 1055 1750 iniquis
1075 1707 1272 1750 reputatus

287 1771 354 1800 est.
380 1761 507 1801 Voluit
526 1775 608 1812 ergo
632 1760 773 1798 daemon
808 1774 883 1797 rem
905 1768 1039 1811 gestam
1063 1759 1272 1809 obscurare-3

286 1823 348 1861 sed
375 1838 443 1861 non
471 1823 598 1875 potuit.
627 1824 717 1860 Tres
735 1822 830 1860 enim
854 1831 936 1859 sunt
966 1820 1151 1872 crucifixi,
1177 1822 1272 1859 solus

288 1884 507 1936 resplenduit
525 1886 625 1924 Jesus
644 1900 651 1920 ε
673 1892 712 1921 ut
732 1883 847 1921 discas
868 1883 943 1934 ejus
966 1882 1136 1922 virtutem
1154 1883 1272 1920 omnia

289 1960 361 1984 esse
380 1955 573 1997 operatam.
609 1944 716 1995 Atqui
736 1944 850 1982 tribus
867 1943 1051 1981 crucifixis
1066 1973 1077 1994 ,
1100 1943 1273 1982 miracula

287 2008 379 2044 sacta
394 2015 498 2055 sunt3
515 2020 616 2043 nemo
636 2015 752 2043 tamen
772 2004 919 2055 aliquod
934 2019 979 2041 ex
996 2004 1069 2042 illis
1088 2003 1150 2042 alii
1166 2019 1273 2056 quam

289 2071 371 2107 jesu
396 2067 541 2116 tribuit3
568 2067 617 2104 ita
647 2067 797 2104 infirmae
822 2075 921 2104 erant
946 2065 1081 2104 diaboli
1106 2066 1270 2115 insidiae,

291 2144 367 2179 quac
387 2129 422 2166 in
441 2128 553 2181 ipsius
574 2136 679 2180 caput
698 2137 778 2165 totae
803 2136 884 2165 sunt
901 2141 1090 2166 conversae.
1119 2128 1211 2165 Nam
1228 2142 1274 2166 ex

288 2192 344 2228 his
369 2189 507 2227 duobus
535 2204 627 2227 unus
654 2189 804 2227 salutem
831 2197 883 2226 est
911 2197 1162 2238 consequutus.
1194 2189 1274 2226 Non

290 2252 395 2290 modo
418 2252 528 2304 igitur
546 2251 712 2290 crucifixi
732 2250 852 2302 gloriae
869 2264 937 2287 non
959 2249 1103 2300 nocuit,
1125 2250 1185 2288 sed
1206 2265 1275 2289 non

290 2330 416 2368 parum
439 2314 507 2366 ipsi
531 2313 681 2351 contulit
697 2329 703 2349 :
721 2326 790 2350 non
818 2311 938 2349 minus
955 2310 1051 2349 enim
1075 2320 1148 2350 erat
1163 2311 1274 2349 latro-

291 2378 419 2415 nemin
440 2390 543 2414 eruce
563 2384 783 2424 convertere,
803 2373 886 2411 etin
903 2373 1112 2425 paradisum
1130 2373 1276 2411 induce-

291 2455 347 2489 re,
368 2453 475 2490 quam
491 2447 608 2491 petras
632 2450 866 2475 commovere.
891 2437 954 2473 49.
977 2436 1133 2488 Scripsit
1149 2443 1278 2472 autem

295 2502 449 2539 tilulum
478 2501 633 2538 Pilatus
641 2515 655 2544 ,·
682 2508 761 2536 tum
794 2506 833 2534 ut
861 2497 1003 2537 Judaeos
1030 2497 1277 2541 ulcisceretur,

296 2572 369 2600 tum
394 2571 432 2599 ut
451 2561 632 2599 Christum
653 2568 834 2612 purgaret.
868 2558 963 2605 Quia
989 2558 1084 2596 enim
1115 2567 1154 2595 ut
1173 2558 1280 2595 seele-

297 2633 391 2660 stum
421 2622 661 2671 tradiderant,
692 2629 726 2659 et
755 2621 795 2658 id
822 2635 867 2658 ex
896 2620 1076 2658 latronum
1105 2619 1280 2657 consortio

297 2684 505 2721 confirmare
521 2683 725 2732 studebant,
750 2696 792 2719 ne
809 2681 890 2732 quis
909 2680 1038 2719 deinde
1054 2679 1160 2717 illum
1180 2680 1280 2717 incu-

298 2761 373 2785 sare
401 2755 530 2797 posset,
550 2755 582 2782 et
599 2755 636 2782 ut
656 2745 840 2782 scelestum
867 2743 1141 2795 improbumque
1159 2742 1280 2779 tradu-

298 2822 392 2855 cere,
408 2807 551 2844 illorum
569 2820 630 2843 ora
648 2806 822 2856 obstruit,
840 2805 1072 2855 omniumque
1086 2803 1147 2854 qui
1163 2801 1281 2855 ipsum

300 2870 430 2907 vellent
448 2882 611 2905 accusare
631 2883 638 2903 :
659 2866 912 2916 ostendensque
931 2866 1010 2903 illos
1034 2865 1071 2903 in
1096 2863 1282 2917 proprium

302 2933 431 2981 Regem
452 2927 705 2976 insurrexisse,
738 2927 789 2965 sic
810 2927 988 2979 descripta
1017 2927 1125 2966 verba
1146 2926 1282 2978 posuit,

302 3003 338 3030 ut
352 2993 386 3029 in
402 3001 533 3042 tropico
550 3003 644 3038 :quae
661 2989 768 3026 verba
785 2989 916 3026 claram
928 3002 1053 3027 vocem
1068 2988 1280 3034 emitterent,

301 3072 340 3094 ac
356 3054 541 3094 victoriam
553 3065 771 3102 regnumque
787 3051 861 3102 ejus
876 3050 1108 3102 praedicarent
1121 3080 1129 3098 ,
1144 3050 1281 3087 etiamsi

303 3131 368 3155 non
384 3128 532 3166 regumn
547 3121 675 3150 totum.
692 3111 768 3147 lloc
784 3119 900 3147 autem
917 3124 984 3147 non
1001 3125 1069 3147 una
1084 3110 1207 3161 lingua
1221 3108 1282 3147 sed

301 3177 432 3230 triplici
449 3173 656 3213 declaravit.
680 3172 774 3219 Quia
794 3170 887 3208 euim
907 3170 1077 3207 credibile
1096 3180 1168 3208 erat
1188 3171 1280 3207 mul-

342 3331 354 3343 ··=
381 3325 407 3351 ἐν
425 3326 464 3360 τῷ
479 3324 559 3358 τόπῳ
575 3315 668 3346 deest
688 3312 718 3344 in
736 3310 818 3344 aliis.

343 3374 355 3394 '¹
382 3369 469 3403 Saxil
501 3374 660 3412 ἔπραττον.
679 3364 792 3397 Morel.
813 3367 984 3396 ἐπεταττον.

343 3424 356 3439 *
385 3421 508 3453 Boisius
535 3420 717 3460 suspicatur
745 3413 915 3457 legendum
940 3417 1086 3447 οἶν-έθηκεν,
1108 3409 1206 3442 Suvil.
1234 3416 1298 3442 έπε-

1296 2081 1318 2110 C

1307 2743 1328 2771 1)

1338 652 1496 702 γυναικὸς
1510 651 1593 704 ὄναρ
1612 650 1730 689 ἱκανὸν
1750 655 1791 697 ἠν
1810 650 1912 688 αὐτὸν
1936 649 2172 696 καταπλῆξαι.
2189 649 2281 687 Ἀλλ’
2306 651 2361 686 οὐ·

1339 713 1407 750 δενὶ
1431 712 1559 751 τούτων
1587 712 1721 764 ἐγένετο
1739 710 1897 763 βελτίων,
1925 711 2002 749 οὐδὲ
2025 710 2112 762 πρὸς
2135 711 2192 748 τὸν
2218 710 2360 762 οὐρανὸν

1339 767 1436 822 εἶδεν,
1455 774 1544 812 ἀλλὰ
1564 773 1765 827 παρέδωκεν
1795 772 1909 811 αὐτόν.
1931 774 1977 811 Οἱ
1998 770 2034 809 δὲ
2064 771 2236 818 ἐπέθηκαν
2266 773 2360 823 αὐτῷ

1338 835 1395 873 τὸν
1412 835 1558 886 σταυρὸν
1587 838 1632 878 ὡς
1658 834 1836 887 καταδίκῳ
1859 833 1996 872 λοιπόν.
2019 833 2090 872 Καὶ
2109 833 2177 884 γὰρ
2198 831 2238 870 τὸ
2264 832 2359 876 ξύλον

1338 895 1530 938 οἰωνίζοντο
1541 926 1550 942 ,
1565 896 1623 934 καὶ
1637 897 1712 934 οὐδὲ
1727 900 1831 947 θιγεῖν
1847 895 2037 947 ἠνείχοντο.
2058 893 2163 932 Οὕτω
2180 895 2239 932 καὶ
2257 896 2290 931 ἐν
2311 897 2358 945 τῷ

1337 956 1435 1009 τύπῳ
1456 956 1594 1008 γέγονε·
1616 957 1674 995 καὶ
1702 957 1769 1009 γὰρ
1792 960 1809 995 ὁ
1831 955 1954 995 Ἰσαὰκ
1976 956 2020 994 τὰ
2041 956 2124 1000 ξύλα
2154 955 2359 994 ἐὸάστασεν.

1338 1018 1443 1056 Ἀλλὰ
1455 1018 1533 1056 τότε
1552 1018 1613 1068 μὲν
1632 1018 1737 1071 μέχρι
1751 1021 1812 1064 τῆς
1826 1016 1967 1068 γνώμης
1983 1022 2041 1055 τοῦ
2059 1016 2196 1069 Πατρὸς
2215 1016 2296 1062 ἔστη
2322 1015 2361 1053 τὸ

1339 1085 1485 1129 πρᾶγμα
1514 1079 1637 1126 (τόπος
1656 1080 1723 1131 γὰρ
1741 1073 1824 1127 {vy
1851 1083 1908 1117 νῦν
1930 1078 1965 1116 δὲ
1989 1078 2046 1116 καὶ
2067 1078 2123 1116 ἐπὶ
2151 1080 2220 1115 τῶν
2251 1078 2359 1131 ἔργων

1339 1138 1498 1184 ἐξῆλθεν·
1518 1139 1663 1186 ἀλήθεια
1682 1140 1749 1192 γὰρ
1765 1135 1820 1186 ἦν.
1853 1139 1923 1177 Καὶ
1942 1133 2044 1185 ἦλθεν
2071 1141 2118 1182 εἷς
2141 1139 2197 1176 τὸν
2218 1139 2360 1190 κρανίου

1339 1199 1458 1238 τόπον.
1480 1202 1512 1238 Τ
1517 1199 1582 1244 ινές
1600 1216 1704 1253 φασιν
1721 1204 1789 1239 ἐκεῖ
1805 1201 1862 1239 τὸν
1879 1199 1989 1250 Ἀδὰμ
2004 1199 2284 1246 τετελευτηκέναι
2302 1200 2361 1238 καὶ

1340 1266 1493 1301 κεῖσθαι·
1513 1262 1571 1300 καὶ
1585 1263 1641 1301 τὸν
1658 1263 1793 1309 Ἰησοῦν
1810 1265 1864 1300 “iv
1885 1264 1934 1314 τῷ
1950 1261 2046 1313 τόπῳ
2060 1291 2069 1309 ,
2089 1260 2169 1299 ἔνθα
2185 1264 2202 1299 ὁ
2217 1261 2363 1305 Θάνατος

1341 1323 1572 1370 ἕδασίλευσεν,
1602 1326 1673 1362 ἐκεῖ
1693 1324 1752 1362 καὶ
1774 1324 1813 1362 τὸ
1832 1323 1998 1378 τρόπαιον
2028 1325 2167 1369 στῆσαι.
2185 1322 2268 1361 ,Καὶ
2295 1322 2363 1375 γὰρ

1339 1385 1504 1438 τρόπαιον
1523 1386 1612 1438 ἐξῄει
1642 1387 1822 1438 βαστάζων
1842 1385 1899 1423 τὸν
1920 1385 2066 1439 σταυρὸν
2095 1383 2185 1422 κατὰ
2212 1387 2273 1430 τῆς
2305 1390 2364 1423 τοῦ

1341 1447 1489 1485 θανάτου
1517 1447 1733 1500 τυραννίδος·
1761 1447 1820 1486 καὶ
1853 1446 2009 1496 καθάπερ
2029 1446 2059 1483 οἵ
2079 1445 2243 1493 νικηταὶ,
2273 1444 2361 1483 οὕτω

1341 1508 1399 1546 καὶ
1418 1508 1519 1552 αὐτὸς
1535 1509 1591 1546 ἐπὶ
1607 1511 1676 1546 τῶν
1691 1507 1795 1559 ὤμων
1811 1508 1909 1560 ἔφερε
1925 1506 1964 1545 τὸ
1980 1510 2042 1553 τῆς
2056 1506 2153 1553 νίκης
2174 1506 2362 1557 σύμὸολον.

1949 1567 2163 1606 ι’ἐπέταττον
2194 1574 2303 1607 ταῦτα
2331 1571 2362 1605 οἱ

1342 1570 1388 1608 Τί
1413 1569 1498 1622 γὰρ,
1535 1572 1562 1607 εἰ
1592 1570 1651 1607 καὶ
1672 1569 1774 1623 ἑτέρα
1794 1569 1917 1621 γνώμῃ

1341 1632 1518 1679 Ἰουδαῖοι,
1557 1632 1754 1684 Σταυροῧσι
1788 1630 1822 1668 δὲ
1858 1630 1958 1668 αὐτὸν
1995 1629 2054 1667 καὶ
2094 1629 2181 1679 μετὰ
2211 1631 2363 1681 λῃστῶν,

1341 1693 1482 1735 ἄκοντες
1501 1691 1560 1730 καὶ
1581 1694 1614 1729 ἐν
1628 1691 1739 1744 τούτῳ
1758 1691 1820 1738 τὴν
1851 1690 2064 1743 προφητείαν
2083 1691 2306 1742 πληροῦντες.
2322 1689 2364 1728 Ἃ

1341 1753 1409 1805 γὰρ
1424 1753 1618 1806 ὑδρίζοντες
1637 1753 1771 1791 ἐποίουν
1787 1746 1896 1800 οὗτοι,
1928 1757 2037 1790 ταῦτα
2053 1754 2096 1802 τῇ
2117 1751 2262 1802 ἀληθείᾳ
2282 1767 2366 1789 συν-

1342 1815 1470 1853 ετέλει’
1496 1813 1552 1852 ἵνα
1575 1814 1687 1865 μάθῃς
1703 1813 1766 1860 ὅση
1790 1815 1894 1859 αὐτῆς
1908 1817 1929 1860 ἡ
1949 1812 2101 1862 δύναμις.
2132 1811 2202 1850 Καὶ
2220 1811 2288 1864 γὰρ
2307 1813 2366 1850 καὶ

1341 1881 1440 1914 τοῦτο
1455 1875 1584 1913 ἄνωθεν
1604 1882 1767 1928 προεῖπεν
1782 1878 1799 1913 ὅ
1814 1873 2014 1926 προφήτης,
2033 1873 2086 1912 ὅτι
2106 1873 2207 1912 Μετὰ
2227 1874 2366 1924 ἀνόμων

1342 1937 1515 1988 ἐλογίσθη.
1532 1936 1719 1975 Ἐὅοόλετο
1734 1941 1914 1988 τοιγαροῦν
1933 1935 2120 1973 συσκιάσαι
2134 1935 2173 1973 τὸ
2188 1934 2364 1986 γινόμενον

1341 2002 1358 2037 ὁ
1376 1998 1527 2048 δαίμων·
1552 1997 1628 2036 ἀλλ’
1652 2000 1712 2035 οὐκ
1731 1996 1884 2049 ἴσχυσεν.
1905 1995 2202 2049 Ἐσταυρώθησαν
2223 1997 2284 2048 μὲν
2299 1997 2367 2050 γὰρ

1342 2064 1372 2099 οἱ
1390 2066 1499 2112 τρεῖς,
1523 2059 1660 2110 ἔλαμψε
1681 2058 1714 2097 δὲ
1746 2057 1846 2109 μόνος
1864 2060 1880 2095 ὃ
1898 2057 2032 2105 Ἰησοῦς
2047 2073 2054 2080 ·
2090 2057 2145 2096 ἵνα
2164 2058 2288 2111 μάθῃς,
2314 2058 2366 2097 ὅτι

1341 2128 1362 2170 ἡ
1381 2122 1523 2171 δύναμις
1544 2123 1645 2159 αὐτοῦ
1660 2121 1698 2158 τὸ
1713 2127 1782 2158 πᾶν
1809 2119 2005 2172 εἰργάσατο.
2023 2119 2145 2158 Καίτοι
2174 2123 2241 2158 τῶν
2261 2122 2366 2172 τριῶν

1343 2183 1399 2222 ἐπὶ
1417 2187 1476 2220 τοῦ
1503 2187 1652 2233 σταυροῦ
1680 2181 1975 2233 προσηλωμένων,
2003 2181 2047 2219 τὰ
2076 2181 2238 2232 Οαόματα
2258 2181 2366 2225 οὕτως

2260 2242 2278 2261 *
2291 2242 2368 2281 ἐπέ-

1345 2244 1496 2295 ἐγένετο·
1518 2244 1595 2280 οἰλλ7
1614 2242 1707 2292 ὅμως
1722 2242 1829 2286 οὐδεὶς
1849 2241 1944 2280 οὐδὲν
1961 2244 2028 2278 τῶν
2049 2242 2238 2293 γινομένων

1344 2307 1467 2359 τρεψεν
1484 2304 1595 2343 οὐδενὶ
1614 2304 1767 2351 ἐκείνων,
1784 2304 1859 2340 ἀλλ’
1880 2301 1901 2348 ἢ
1924 2302 2017 2353 μόνῳ
2037 2305 2087 2354 τῷ
2105 2303 2240 2350 Ἰησοῦ·
2259 2303 2367 2348 οὕτως

1345 2365 1449 2409 ἕωλος
1462 2370 1483 2412 ἡ
1505 2369 1563 2403 τοῦ
1586 2364 1746 2402 &agmon
1777 2362 1944 2409 ἐπιὸουλὴ
1968 2362 2106 2414 γέγονε,
2138 2364 2198 2401 καὶ
2231 2367 2277 2407 εἷς
2304 2364 2369 2411 τὴν

1347 2429 1450 2465 αὐτοῦ
1476 2425 1515 2464 τὸ
1541 2432 1608 2464 πᾶν
1629 2424 1844 2478 περιετράπη
1865 2424 2030 2476 κεφαλήν.
2058 2424 2128 2464 Καὶ
2147 2425 2213 2477 γὰρ
2243 2428 2281 2464 ἐκ
2300 2430 2368 2464 τῶν

1348 2487 1407 2526 δύο
1425 2486 1553 2525 τούτων
1575 2485 1720 2532 διεσώΟη
1743 2480 1799 2529 εἷς.
1818 2487 1870 2523 Οὐ
1887 2484 1987 2536 μόνον
2007 2485 2118 2524 τοίνυν
2139 2488 2200 2524 οὐκ
2219 2487 2370 2540 ἐπηρέα-

1430 2547 1524 2561 mrsl'f

1349 2565 1386 2587 σε
1408 2565 1450 2600 τῃ
1470 2563 1548 2599 οοςῃ
1581 2552 1594 2567 ⁰

1604 2551 1663 2585 τοῦ
1693 2551 1863 2598 σταυροῦ,
1891 2546 1982 2584 ἀλλὰ
2010 2546 2069 2584 καὶ
2094 2548 2309 2586 συνετέλεσεν
2329 2551 2367 2587 οὐ

1351 2610 1484 2663 μικρόν·
1519 2615 1578 2648 τοῦ
1607 2608 1673 2661 γὰρ
1700 2610 1868 2654 κλονῆσαι
1898 2607 1960 2650 τὰς
1987 2607 2116 2658 πέτρας
2146 2611 2206 2646 οὐκ
2228 2609 2369 2649 ἔλαττον

1349 2667 1390 2719 ἦν
1412 2672 1451 2710 τὸ
1470 2670 1602 2722 λῃστὴν
1623 2673 1657 2708 ἐν
1681 2671 1819 2721 σταυρῷ
1846 2669 2067 2719 μεταὸαλεῖν,
2096 2669 2154 2706 καὶ
2185 2671 2231 2714 εἷς
2257 2671 2370 2724 παρά-

1351 2736 1460 2772 δεισον
1478 2734 1686 2783 εἰσαγαγεῖν.
1701 2728 1822 2782 ’Έγραι
1846 2745 1861 2766 ε
1887 2728 1922 2767 δὲ
1942 2728 2001 2766 καὶ
2027 2728 2141 2767 τίτλον
2158 2732 2176 2767 ὃ
2196 2732 2370 2780 Πιλᾶτος,

1351 2799 1436 2846 ὁμοῦ
1468 2792 1530 2844 μὲν
1555 2791 1632 2836 τοὺς
1650 2790 1836 2833 Ἰουδαίους
1865 2788 2100 2840 ἀμυνόμενος,
2122 2793 2208 2841 ὁμοῦ
2229 2791 2263 2829 δὲ
2288 2794 2372 2831 ἀπο·

1350 2854 1555 2907 λογούμενος
1568 2851 1656 2906 ὑπὲρ
1671 2856 1729 2890 τοῦ
1746 2852 1908 2904 Χριστοῦ.
1931 2849 2076 2896 Ἐπειδὴ
2091 2850 2157 2903 γὰρ
2177 2853 2223 2894 ὡς
2244 2853 2370 2904 φαῦλον

1350 2916 1530 2961 ἐξέδωκαν,
1551 2914 1610 2952 καὶ
1638 2912 1700 2960 τὴν
1730 2914 1843 2963 ψῆφον
1876 2910 2005 2957 ταύτην
2036 2914 2079 2961 τῇ
2108 2911 2270 2965 κοινωνίᾳ
2303 2914 2371 2950 τῶν

1350 2980 1486 3030 λῃστῶν
1509 2974 1701 3026 βεὸαιῶσαι
1723 2971 1934 3024 ἐπεχείρουν,
1954 2969 2009 3008 ἵνα
2039 2971 2160 3022 μηδενὶ
2178 2974 2297 3011 λοιπὸν
2314 2972 2372 3022 ἐξῆ

1352 3038 1504 3091 πονηρὰς
1522 3036 1694 3089 ἐπιφέρειν
1715 3033 1827 3076 αἰτίας
1852 3033 1911 3070 καὶ
1936 3039 2140 3087 κατηγορεῖν
2172 3036 2217 3077 ὡς
2244 3033 2373 3085 φαύλου

1352 3102 1442 3145 τινὸς
1461 3099 1521 3137 καὶ
1547 3100 1720 3149 πονηροῦ,
1750 3094 1955 3146 ἐμφράττων
1989 3097 2101 3132 αὐτῶν
2122 3093 2165 3132 τὰ
2192 3094 2371 3145 στόματα,

1354 3168 1413 3207 καὶ
1433 3166 1572 3204 πάντων
1596 3166 1663 3200 τῶν
1681 3167 1883 3212 κατηγορεῖν
1912 3160 2141 3210 βουλομένων,
2166 3161 2224 3198 καὶ
2243 3161 2375 3198 δεικνὺς

1371 3310 1490 3350 τριψεν;
1508 3302 1564 3334 sed
1580 3306 1748 3346 ἐπέτρεψεν,
1772 3306 1806 3330 ut
1825 3301 1856 3330 in
1871 3297 2026 3330 omnibus
2039 3297 2280 3340 exemplaribus
2297 3297 2374 3341 legi-

1370 3364 1434 3395 tur,
1453 3354 1505 3385 hic
1523 3353 1685 3396 quadrare
1701 3359 1792 3392 puto.

1412 3418 1424 3429 ‘'-
1451 3405 1510 3438 Ali't
1529 3413 1578 3438 τοῦ
1596 3406 1813 3446 erumpunt-5700.
