2481 3678
785 186 826 215 IN
863 185 1074 215 JOANNEM
1110 186 1264 216 tloMlL.
1304 187 1367 217 111.
1407 172 1468 218 al.
1498 190 1542 219 11.

126 268 227 316 ἡμῶν
244 265 358 317 φωνὴ,
379 266 439 305 καὶ
456 266 496 304 τὸ
511 265 731 316 πιεζομένους
747 265 795 316 μὴ
817 266 925 304 θέλειν
943 269 1150 320 ἀναχωρεῖν,

125 326 190 370 ἕως
213 327 252 364 ἂν
278 326 317 364 τὸ
331 326 562 376 πνευματικὸν
576 329 678 364 τοῦτο
694 328 835 378 διαλυθῇ
857 327 1012 381 θέατρον,
1040 328 1100 366 καὶ
1119 323 1150 366 οῗ

124 388 257 441 κρότοι,
283 388 342 425 καὶ
363 391 394 425 οἱ
414 386 568 440 θόρυὲοι,
591 387 650 424 καὶ
664 387 778 425 πάντα
796 389 914 432 ἁπλῶς
926 389 970 427 τὰ
984 393 1146 436 τοιαῦτα,

125 447 338 502 ι’τεκμήριον
357 452 419 495 τῆς
439 451 472 486 ἐν
494 451 537 500 τῇ
570 450 665 500 ψυχῇ
695 448 903 501 θερμότητος
936 450 975 487 ἂν
1007 450 1058 497 εἴη
1087 450 1146 488 καὶ

122 512 185 555 τῆς
212 507 392 562 φιληκοΐας
422 512 531 560 ὑμῶν.
559 510 622 548 Διὸ
641 510 701 548 καὶ
732 511 892 563 περιττὸν
915 511 995 564 περὶ
1027 511 1144 550 τούτου

66 615 71 619 ,
123 588 173 610 πα
179 578 334 624 ρεγγυᾷν·
349 573 457 610 ἐκεῖνο
468 570 585 623 μέντοι
600 574 706 609 εἰπεῖν
718 571 777 609 καὶ
789 571 1033 624 παρακαλέσαι
1044 575 1148 624 ἀναγ-

122 639 219 671 καῖον
235 636 319 684 ἡμῖν
330 664 338 680 ,
354 632 443 671 ὥστε
466 639 581 684 μεῖναι
594 631 723 678 ταύτην
742 632 884 684 ἔχοντας
900 632 962 679 τὴν
979 634 1129 680 σπουδήν
1140 648 1148 657 ·

122 695 183 733 καὶ
200 697 248 745 μὴ
264 694 365 745 μόνον
390 697 535 733 ἐνταῦθα
552 693 658 740 αὐτὴν
676 693 954 742 ἐπιδείκνυσθαι,
984 695 1074 733 ἀλλὰ
1089 695 1150 733 καὶ

121 755 208 794 οἴκοι
227 754 426 806 γενομένους
442 785 451 802 ,
473 755 530 792 τὸν
555 755 663 808 ἄνδρα
696 755 781 807 πρὸς
811 754 874 802 τὴν
903 762 1071 807 γυναῖκα,
1091 757 1149 795 τὸν

119 815 256 868 πατέρα
274 816 359 868 πρὸς
380 816 436 853 τὸν
452 817 561 853 παῖδα
582 816 663 868 περὶ
687 816 816 854 τούτων
835 816 1053 866 διαλέγεσθαι
1065 833 1073 840 ·
1088 818 1148 856 καὶ

119 877 230 929 λέγειν
250 875 311 927 μὲν
331 876 375 915 τὰ
397 878 480 930 παρ’
496 879 637 926 ἑαυτοῦ,
654 880 815 916 ἀπαιτεῖν
840 877 876 916 δὲ
894 877 939 916 τὰ
952 881 1036 931 παρ’
1056 879 1147 918 ἐκεί-

118 953 198 986 νων,
214 938 275 975 καὶ
294 937 352 975 τὸν
380 938 485 976 καλὸν
502 943 620 976 τοῦτον
639 939 805 992 εἰσφέρειν
828 939 985 983 ἅπαντας
1012 939 1145 993 ἔρανον.

118 998 179 1045 Μὴ
199 999 267 1052 γάρ
290 1015 348 1049 μοι
387 998 515 1050 λεγέτω
547 1015 618 1046 τις,
638 998 691 1037 ὅτι
719 999 764 1037 τὰ
796 999 920 1038 παιδία
939 1000 1025 1052 πρὸς
1038 1006 1147 1040 ταῦτα

117 1066 202 1112 ἡμῖν
219 1062 489 1113 ἀπησχολῆσθαι
505 1062 542 1098 οὗ
564 1060 655 1112 χρή·
678 1063 783 1114 ἐχρῆν
806 1060 867 1112 μὲν
895 1060 963 1114 γὰρ
982 1064 1019 1100 οὐ
1042 1062 1145 1114 μόνον

118 1124 405 1174 ἀπησχολῆσθαι,
429 1121 519 1160 ἀλλὰ
541 1122 601 1160 καὶ
623 1123 657 1159 ἐν
677 1122 808 1167 τούτοις
829 1122 944 1174 μόνοις
964 1123 1056 1175 ἔχειν
1082 1125 1144 1173 τὴν

116 1182 280 1228 σπουδήν.
300 1181 401 1226 Πλὴν
421 1181 510 1218 ἀλλὰ
526 1180 583 1218 διὰ
602 1181 664 1227 τὴν
683 1181 860 1219 ἀσθένειαν
883 1184 979 1232 ὑμῶν
1001 1185 1038 1220 οὗ
1055 1183 1146 1236 λέγω

114 1248 234 1290 τοῦτο,
251 1241 326 1280 οὐδὲ
346 1241 432 1279 αὐτὰ
446 1245 508 1287 τῆς
527 1241 647 1284 ἔξωθεν
670 1246 684 1262 ⁰
697 1242 823 1293 ἀπάγω
849 1244 995 1293 σχολῆς,
1027 1242 1146 1297 ὥσπερ

115 1303 193 1342 οὐδὲ
213 1307 302 1354 ὑμᾶς
328 1306 397 1340 τῶν
421 1305 608 1340 πολιτικῶν
636 1302 776 1354 ἀφέλκω
802 1303 1032 1355 πραγμάτων.
1050 1305 1143 1343 Ἀλλ’

116 1365 185 1403 ἀπὸ
204 1367 272 1401 τῶν
301 1363 390 1401 ἑπτὰ
411 1363 541 1401 τούτων
569 1366 708 1416 ἡμερῶν
740 1363 822 1413 μίαν
846 1362 931 1406 ἀξιῶ
960 1366 1010 1415 τῷ
1038 1368 1143 1418 κοινῷ

113 1425 253 1463 πάντων
268 1427 369 1474 ἡμῶν
383 1425 560 1461 ἀναθεῖναι
580 1422 754 1474 Δεσπότῃ.
779 1424 864 1466 Πῶς
885 1423 952 1476 γὰρ
977 1427 1037 1463 οὐκ
1057 1426 1143 1464 ἄτο-

111 1502 176 1524 πον
189 1516 199 1533 ,
213 1484 291 1528 τοὺς
310 1484 371 1535 μὲν
395 1484 529 1527 οἰκέτας
551 1488 634 1534 ἡμῖν
655 1483 805 1521 κελεύειν
822 1483 959 1521 ἅπαντα
972 1485 1141 1525 δουλεύειν

111 1549 169 1586 τὸν
187 1547 330 1600 χρόνον·
355 1549 449 1597 ἡμᾶς
469 1546 504 1583 δὲ
529 1544 617 1595 μηδὲ
651 1545 714 1591 τὴν
737 1545 871 1583 ἐλάττω
898 1545 1029 1597 σχολὴν
1049 1549 1142 1586 ἀπο-

111 1594 226 1660 νέμειν
242 1610 292 1660 τῷ
305 1610 386 1659 Θεῷ
400 1637 408 1654 ,
423 1606 483 1644 καὶ
496 1610 608 1644 ταῦτα
620 1608 683 1651 τ’ἧς
700 1606 854 1650 δουλείας
870 1605 1008 1654 ἁπάσης
1023 1607 1142 1661 ἐκείνῳ

112 1669 173 1722 μὲν
194 1669 286 1708 οὐδὲν
303 1667 544 1721 προστιθείσης
559 1666 736 1715 (ἀνενδεὲς
751 1668 818 1719 γὰρ
832 1667 872 1705 τὸ
885 1668 1021 1715 Θεῖον),
1041 1669 1088 1711 εἰς
1102 1669 1142 1708 τὸ

111 1731 284 1784 συμφέρον
305 1729 340 1768 δὲ
365 1728 634 1782 περιισταμένης
663 1732 768 1779 ἡμῖν,
787 1727 902 1766 MAN?
930 1730 977 1772 εἷς
1012 1728 1140 1783 θέατρα

112 1793 179 1845 μὲν
191 1791 311 1836 αὐτοὺς
328 1793 467 1844 ἄγοντες
477 1822 486 1839 ,
500 1790 578 1829 οὔτε
598 1790 810 1841 μαθήματα,
828 1790 907 1828 οὔτε
921 1790 1006 1828 ἄλλο
1021 1807 1054 1828 τι
1069 1794 1137 1829 τῶν

109 1853 270 1893 τοιούτων
288 1852 543 1908 προὸάλλεσθε·
566 1851 606 1890 ἂν
620 1852 656 1890 δέ
673 1868 706 1889 τι
717 1854 784 1889 τῶν
806 1855 1049 1902 πνευματικῶν
1061 1868 1138 1906 κερ-

110 1916 210 1953 δᾶναι
230 1914 299 1953 δέοι
314 1915 374 1952 καὶ
394 1919 615 1965 συναγαγεῖν,
635 1911 803 1964 ἀσχολίαν
818 1913 857 1950 τὸ
879 1918 1027 1965 πρᾶγμα
1055 1914 1134 1952 ὀνο-

55 1969 57 1972 ¹
108 1977 246 2029 μάζετε.
266 1977 336 2014 Καὶ
356 1979 430 2019 πῶς
448 1978 484 2014 οὗ
509 1974 732 2028 παροξυνεῖτε
750 1975 807 2013 τὸν
828 1975 930 2022 Θεὸν,
955 1981 1041 2013 πᾶσι
1071 1974 1134 2026 μὲν

104 2044 175 2082 τοῖς
195 2038 311 2081 ἄλλοις
338 2036 564 2089 σχολάζοντες
590 2035 650 2073 καὶ
678 2036 797 2087 καιρὸν
817 2035 1067 2086 ἀπονέμοντες,
1094 2038 1134 2075 τὸ

105 2099 141 2138 δὲ
158 2098 202 2137 τὰ
218 2101 320 2137 αὐτοῦ
344 2097 594 2150 μεταχειρίζειν
607 2127 617 2144 ,
645 2096 795 2149 ὀχληρὸν
815 2096 875 2135 καὶ
892 2099 952 2135 οὐκ
971 2097 1130 2152 εὔκαιρον

103 2155 191 2199 εἶναι
206 2159 400 2212 νομίζοντες
414 2165 485 2202 τοῖς
499 2157 641 2206 παισίν,
658 2157 719 2205 Μὴ
738 2163 869 2205 ταῦτα,
890 2159 939 2208 μὴ
951 2189 960 2206 ,
977 2159 1129 2212 ἀδελφοί.

101 2222 173 2260 Καὶ
193 2221 260 2275 γὰρ
283 2220 370 2267 αὕτη
395 2220 548 2270 μάλιστα
566 2223 588 2265 ἡ
615 2218 737 2266 ἡλικία
775 2218 905 2257 τούτων
926 2221 1035 2258 δεῖται
1059 2223 1128 2258 τῶν

101 2283 345 2334 ἀκουσμάτων.
365 2279 500 2327 Ἁπαλὴ
517 2279 585 2333 γὰρ
604 2273 690 2318 οῧσα
703 2310 712 2328 ,
733 2279 868 2332 ταχέως
889 2280 1131 2328 ἐναποτίθεται

98 2344 143 2383 τὰ
168 2342 555 2397 λεγόμενα,“καθοίπερ
583 2342 674 2384 τινὸς
693 2343 879 2394 σφραγῖδος
907 2343 970 2387 τῆς
1000 2342 1128 2395 ἀκροά-

99 2423 185 2450 σεως
210 2409 243 2445 ἐν
276 2408 374 2458 κηρῷ
403 2407 446 2456 τῇ
477 2402 612 2457 διανοίᾳ
637 2406 680 2454 τῇ
715 2402 843 2441 τούτων
860 2403 1126 2454 ἐντυπουμένης.

98 2466 230 2510 Ἄλλως
248 2483 285 2504 τε
302 2466 361 2504 καὶ
382 2469 400 2504 ὃ
421 2465 492 2516 βίος
507 2467 621 2507 αὐτοῖς
645 2463 724 2502 τότε
739 2464 852 2515 ἀρχὴν
873 2464 946 2515 ἔχει
961 2464 1047 2517 πρὸς
1062 2481 1127 2502 κα-

99 2528 177 2566 κίαν
207 2530 394 2566 ἀποκλῖναι
406 2526 429 2572 ἢ
444 2526 581 2579 ἀρετήν.
597 2523 658 2563 Ἂν
682 2521 738 2563 οὖν
766 2542 818 2569 τις
847 2525 969 2568 αὐτοὺς
985 2527 1045 2563 ἀπ’
1063 2528 1126 2563 αὖ-

98 2591 166 2626 τῶν
181 2592 248 2626 τῶν
276 2590 394 2640 ἀρχῶν
416 2587 476 2625 καὶ
497 2590 566 2624 τῶν
593 2585 772 2638 προθύρων
797 2585 964 2637 ἀπαγάγῃ
986 2585 1047 2636 μὲν
1064 2589 1126 2632 τῆς

97 2648 286 2701 πονηρίας,
315 2647 562 2700 χειραγωγῆσῃ
596 2646 631 2685 δὲ
656 2646 742 2699 πρὸς
769 2645 832 2692 τὴν
866 2646 1010 2699 ἀρίστην
1036 2647 1126 2694 ὁδὸν,

96 2709 215 2764 ὥσπερ
247 2712 294 2754 εἷς
321 2709 390 2754 ἕξιν
423 2709 500 2747 τινὰ
535 2709 594 2747 καὶ
621 2708 719 2760 φύσιν
759 2705 880 2750 αὐτοὺς
914 2708 1127 2754 καταστήσει

95 2772 231 2809 λοιπόν·
263 2771 323 2809 καὶ
342 2770 417 2809 οὒῗὲ
434 2769 569 2812 ἑκόντες
597 2769 874 2821 μεταῧαλοῧνται
898 2767 1023 2820 ῥᾳδίως
1041 2767 1127 2821 πρὸς

94 2834 134 2872 τὸ
150 2839 279 2887 χεῖρον,
292 2836 354 2879 τῆς
370 2832 548 2879 συνηθείας
566 2831 694 2878 ταύτης
717 2830 882 2878 ἑλκούσης
904 2830 1026 2874 αὐτοὺς
1040 2830 1126 2881 πρὸς

93 2895 156 2942 τὴν
173 2898 240 2933 τῶν
269 2897 409 2946 ἀγαθῶν
431 2893 608 2947 ἐργασίαν.
639 2892 763 2936 Οὕτως
781 2897 865 2943 ἡμῖν
886 2895 953 2930 τῶν
973 2908 1124 2943 γεγηρα-

93 2955 202 2994 κότων
224 2955 489 3007 αἷδεσιμώτεροι
515 2955 739 3007 γενήσονται,
763 2954 824 2992 καὶ
846 2959 917 2996 τοῖς
934 2955 1124 2995 πολιτικοῖς

91 3016 352 3070 χρησιμιῖπεροι
378 3016 594 3068 πράγμασιν,
613 3018 647 3054 ἐν
663 3015 798 3061 νεότητι
821 3014 864 3052 τὰ
885 3017 952 3052 τῶν
968 3012 1122 3064 πρεσὲυ-

91 3077 199 3131 τέρων
216 3077 499 3128 ἐπιδεικνύμενοι.
520 3079 573 3116 Οὐ
591 3076 658 3128 γὰρ
677 3077 783 3123 ἔστιν,
802 3075 921 3128 ὥσπερ
946 3075 1049 3126 ἔφθην
1076 3075 1122 3112 εἷ-

138 3191 155 3215 b
180 3189 294 3222 Morel.
321 3198 354 3222 et
377 3189 513 3233 quidam
545 3191 622 3223 Mss.
655 3199 825 3238 τεκμήριον.
857 3188 960 3223 Savil.
991 3196 1024 3221 et
1050 3187 1105 3220 alii

95 3250 255 3286 τεκμήρια.

136 3305 149 3317 c
175 3293 237 3325 Alii
256 3298 362 3335 ἀπάγοι
381 3296 514 3331 σπουῦῆς.

140 3346 154 3369 ‘l
183 3344 244 3376 Alli
261 3351 307 3378 νῦν
324 3349 353 3378 δὲ
370 3351 407 3382 εἰς
426 3351 551 3390 θέατρα.

139 3408 151 3421 ³·
178 3395 361 3430 Verborum
379 3395 530 3429 ordinem
548 3398 593 3430 sic
624 3394 863 3429 resumendum
889 3403 985 3437 putat
1011 3395 1102 3428 Saxi-

2143 204 2196 248 ¹2)

1216 267 1317 317 sitis;
1347 272 1631 324 perseverantia,
1660 286 1731 324 qua
1756 274 1813 313 vel
1839 275 1876 313 in
1901 278 2062 327 angustia
2094 282 2200 331 positi

1214 329 1376 368 recedere
1406 345 1474 370 non
1505 334 1637 384 vultis,
1668 334 1780 373 donee
1811 337 1995 388 spirituale
2022 339 2199 380 theatrum

1220 390 1377 429 solutum
1408 393 1533 442 fuerit3
1555 395 1702 446 plausus
1733 397 1918 449 strepitus,
1947 408 2137 450 caeteraque
2155 403 2200 439 si-

1220 450 1320 489 milia
1337 482 1346 500 ,
1372 462 1406 491 et
1435 454 1610 492 fervorem
1645 456 1755 494 animi
1783 466 1816 495 et
1842 457 2016 496 intentam
2042 461 2200 499 concioni

1218 521 1371 550 mentem
1399 513 1570 553 indicant.
1603 516 1828 570 Quapropter
1862 520 2081 571 superfluum
2116 532 2203 559 esset

1217 571 1282 610 hac
1316 572 1361 611 de
1390 588 1428 612 re
1455 589 1620 625 monere3
1647 577 1707 615 sed
1736 578 1828 615 illud
1856 578 1974 617 dicere
2003 589 2036 618 et
2061 595 2202 620 monere

1218 648 1332 685 operae
1349 636 1504 687 pretium
1520 638 1639 685 fuerit,
1660 649 1699 676 ut
1716 639 1784 677 hoc
1802 640 1921 678 animo
1944 655 2017 679 esse
2035 656 2202 694 perseve—

1218 696 1302 734 retis
1317 712 1325 733 :
1343 711 1405 735 nec
1424 699 1530 737 modo
1549 700 1609 738 hic
1627 700 1722 739 idem
1739 701 1899 740 studium
1914 703 2127 753 exhibeatis,
2142 707 2203 744 sed

1217 759 1324 797 etiam
1342 758 1439 798 domi
1460 760 1518 800 vir
1536 775 1699 812 uxorem,
1720 773 1820 815 pater
1838 763 1952 801 filium
1976 764 2020 803 de
2039 765 2095 804 his
2115 767 2202 806 allo-

1218 830 1389 870 quantur3
1412 836 1473 859 sua
1494 822 1530 859 hi
1553 822 1686 873 dicant,
1705 833 1738 861 et
1766 825 1865 876 paria
1887 825 1933 862 ab
1952 826 2026 864 illis
2043 827 2202 879 exigant,

1216 895 1407 934 omnesque
1434 884 1503 922 hoc
1529 894 1696 923 mutuum
1716 886 1847 938 pignus
1875 886 1911 924 in
1935 887 2094 926 medium
2116 891 2201 929 affe-

1217 953 1306 981 rant.
1327 945 1381 982 Ne
1407 945 1487 996 quis
1516 946 1606 984 mihi
1633 946 1781 997 dixerit,
1806 963 1932 1000 pueros
1954 949 1991 987 in
2011 950 2078 988 hoc
2099 966 2203 990 occu-

1216 1005 1293 1057 pari
1313 1020 1382 1044 non
1403 1016 1563 1059 oportere
1579 1023 1691 1061 :opus
1709 1018 1797 1047 esset
1822 1011 1917 1048 enim
1935 1025 2004 1049 non
2024 1012 2129 1051 modo
2145 1014 2202 1052 his

1216 1066 1434 1116 incumbere,
1452 1069 1517 1118 'sed
1537 1069 1627 1107 hanc
1658 1070 1769 1109 solam
1789 1071 1918 1110 habere
1939 1086 2072 1110 curam.
2103 1076 2202 1113 Atta-

1216 1142 1296 1166 men
1316 1129 1536 1169 infirmitatis
1554 1141 1678 1170 vestrae
1699 1146 1803 1170 causa
1821 1133 1859 1171 id
1886 1147 1955 1172 non
1974 1134 2075 1183 dico,
2092 1150 2203 1187 neque

1215 1204 1342 1241 pueros
1359 1192 1405 1229 ab
1423 1201 1568 1231 externo
1589 1193 1651 1231 illo
1673 1193 1792 1232 studio
1811 1208 1940 1242 avoco;
1957 1205 1996 1233 ut
2015 1210 2126 1247 neque
2141 1212 2202 1235 vos

1215 1265 1234 1288 a
1254 1251 1422 1290 civilibus
1440 1254 1602 1305 negotiis.
1620 1257 1758 1294 Verum
1781 1270 1826 1293 ex
1842 1265 1975 1308 septem
2001 1258 2057 1295 his
2075 1258 2202 1297 diebus

1214 1326 1325 1351 unum
1346 1327 1432 1365 rogo
1454 1315 1633 1353 communi
1656 1316 1810 1355 Domino
1831 1327 1950 1356 nostro
1980 1321 2198 1360 consecretis.

1213 1376 1339 1413 Annon
1370 1376 1566 1414 absurdum
1594 1378 1714 1426 fuerit,
1744 1378 1774 1416 si
1801 1393 1882 1416 cum
1910 1394 2028 1419 servos
2062 1392 2199 1421 nostros

1212 1436 1381 1487 obsequia
1401 1452 1464 1476 sua
1490 1439 1592 1476 nohis
1621 1453 1759 1491 semper
1791 1450 1959 1492 praestare
1986 1443 2197 1493 jubeamus,

1212 1511 1275 1535 nos
1295 1512 1338 1535 ne
1359 1498 1549 1536 minimum
1568 1499 1714 1550 quidem
1741 1500 1803 1538 otii
1824 1502 1934 1538 nostri
1956 1504 2031 1540 Deo
2050 1503 2198 1543 addica-

1211 1573 1314 1610 mus3
1333 1561 1529 1612 praesertim
1554 1575 1635 1599 cum
1649 1562 1726 1599 haec
1744 1562 1895 1601 servitus
1917 1565 1993 1601 Deo
2010 1565 2100 1602 nihil
2119 1580 2198 1604 con-

1210 1621 1298 1660 ferat
1314 1623 1436 1670 (Deus
1464 1623 1557 1661 enim
1588 1623 1686 1661 nulla
1706 1638 1742 1661 re
1757 1628 1870 1675 eget),
1892 1624 1954 1663 sed
1975 1626 2021 1663 ad
2042 1637 2196 1666 nostram

1209 1683 1383 1723 redundet
1413 1685 1632 1723 utilitatem?
1650 1687 1789 1724 Verum
1809 1700 1890 1724 cum
1915 1687 1961 1724 ad
1982 1688 2118 1727 theatra
2146 1691 2194 1727 fi-

1210 1744 1276 1783 lios
1293 1745 1484 1794 adducitis,
1500 1760 1612 1797 neque
1624 1745 1845 1799 disciplinas,
1862 1761 1973 1798 neque
1987 1749 2085 1787 aliud
2096 1752 2195 1801 quid-

1208 1806 1305 1858 piam
1325 1807 1536 1856 obtenditi53
1554 1808 1583 1846 si
1611 1823 1694 1847 vero
1718 1808 1905 1860 quidpiam
1924 1810 2120 1862 spiritualis
2135 1813 2194 1850 lu—

1207 1868 1258 1906 cri
1274 1868 1319 1906 sit
1338 1869 1593 1921 colligendum,
1619 1870 1840 1908 vacationem
1863 1871 1953 1909 illud
1972 1887 2045 1911 esse
2059 1873 2190 1913 djcitis.

1206 1930 1253 1968 Et
1280 1931 1458 1982 quomodo
1492 1931 1583 1969 iram
1615 1931 1680 1968 Dei
1709 1945 1778 1969 non
1812 1933 2049 1984 provocabitis
2062 1964 2072 1983 ,
2103 1935 2191 1974 dum

1204 1992 1337 2030 caeteris
1367 1992 1532 2030 omnibus
1552 2007 1616 2030 suo
1637 2002 1794 2045 tempore
1812 2007 1956 2046 operam
1973 1995 2112 2043 dantes,
2129 1996 2187 2034 di-

1203 2053 1297 2091 vinis
1324 2068 1467 2106 operam
1486 2053 1582 2101 dare,
1603 2054 1791 2092 molestum
1810 2064 1844 2092 et
1861 2064 2077 2107 oportunum
2100 2058 2186 2096 filiis

1201 2114 1440 2152 existimatis?
1459 2116 1510 2152 Ne
1529 2114 1595 2163 ita,
1626 2129 1670 2152 ne
1698 2114 1762 2164 ita,
1792 2116 1916 2153 fratres
1947 2117 2030 2163 mei,
2059 2119 2184 2169 agatis.

1200 2175 1342 2214 Etenim
1372 2176 1447 2213 haec
1473 2175 1631 2213 maxime
1660 2185 1744 2213 aetas
1772 2176 1839 2213 ista
1865 2186 1942 2228 eget
1967 2177 2183 2230 disciplina:

1149 2253 1181 2277 17
1198 2247 1317 2276 tenera
1335 2237 1430 2276 enim
1457 2251 1539 2274 cum
1558 2237 1617 2283 sit,
1640 2237 1708 2274 cito
1728 2237 1788 2274 illa
1817 2252 1894 2288 quae
1913 2239 2099 2288 dicuntur,
2117 2241 2183 2279 im-

1151 2292 1177 2320 Λ
1197 2298 1304 2346 bibit,
1326 2297 1557 2349 doctrinaque
1572 2297 1621 2335 ihi
1641 2311 1703 2335 ceu
1721 2297 1882 2348 sigillum
1901 2299 1937 2335 in
1958 2313 2037 2336 cera
2058 2301 2184 2352 impri—

1196 2361 1319 2399 mitur.
1342 2360 1510 2411 Alioquin
1537 2368 1656 2397 autem
1677 2359 1744 2396 hac
1764 2359 1935 2410 primaeva
1952 2369 2052 2398 aetate
2065 2362 2122 2399 vel
2137 2362 2184 2401 ad

1195 2423 1327 2462 vitium
1346 2422 1402 2462 vel
1421 2421 1467 2459 ad
1490 2422 1656 2460 virtutem
1674 2420 1884 2458 declinatur.
1904 2421 1942 2458 Si
1972 2422 2052 2471 quis
2072 2423 2184 2474 igitur

1195 2499 1216 2522 a
1229 2483 1408 2536 principio
1427 2491 1461 2520 et
1479 2481 1578 2533 quasi
1595 2496 1612 2518 a
1630 2480 1808 2518 vestibulo
1827 2480 1907 2517 illos
1922 2495 1943 2518 a
1955 2481 2054 2520 vitiis
2068 2483 2182 2521 abdu-

1196 2543 1306 2592 xerit,
1341 2552 1374 2580 et
1404 2542 1450 2580 ad
1483 2542 1656 2594 optimam
1692 2540 1789 2580 viam
1825 2541 1995 2579 direxerit
2008 2573 2019 2592 ,
2051 2558 2113 2581 ceu
2143 2545 2180 2583 in

1195 2605 1387 2656 quemdam
1408 2603 1574 2640 habitum
1598 2611 1631 2640 et
1656 2613 1788 2640 rectam
1812 2602 1896 2641 vitae
1924 2604 2096 2643 rationem
2122 2621 2180 2645 cos

1196 2667 1412 2705 constituet:
1438 2678 1549 2715 neque
1580 2673 1703 2716 sponte
1735 2678 1799 2702 sua
1830 2665 1935 2703 facile
1964 2666 2009 2703 ad
2043 2669 2178 2706 malum

1194 2730 1449 2778 declinabunt,
1479 2728 1733 2766 consuetudine
1761 2728 1844 2767 illos
1871 2730 1917 2768 ad
1950 2730 2041 2769 bona
2068 2725 2179 2785 'opera

1170 579 1193 610 C

1171 1191 1194 1220 D

1161 1860 1185 1889 E

1195 2798 1365 2837 trahente.
1386 2797 1440 2835 Ita
1467 2796 1571 2834 nobis
1596 2796 1652 2834 vel
1678 2796 1764 2848 ipsis
1788 2797 1932 2836 senibus
1948 2801 2179 2838 venerabilio-

1194 2881 1249 2905 res
1269 2875 1390 2915 erunt,
1412 2873 1445 2903 et
1466 2864 1612 2902 urbanis
1638 2864 1787 2915 negotiis
1817 2866 1981 2916 gerendis
2008 2868 2174 2920 aptiores,

1193 2935 1282 2973 dum
1309 2933 1347 2972 in
1378 2933 1564 2986 juventute
1600 2931 1746 2969 senilem
1782 2942 1921 2971 aetatem
1964 2935 2175 2988 expriment.

1192 3004 1313 3053 Neque
1343 3001 1438 3039 enim
1473 2999 1552 3038 fieri
1577 3008 1714 3051 potest,
1743 3008 1782 3036 ut
1813 3000 1889 3052 jam
1921 3001 2018 3051 dixi,
2049 3011 2088 3040 ut
2116 3003 2177 3053 qui

1145 3081 1169 3112 Β
1191 3067 1400 3123 hujusmodi
1428 3065 1595 3104 concione
1613 3065 1801 3115 fruuntur,
1821 3075 1854 3104 et
1881 3075 2017 3105 tantum
2037 3077 2178 3119 aposto—

1171 3187 1254 3220 lius:
1275 3190 1411 3229 καθάπερ
1428 3187 1503 3219 τινὸς
1527 3185 1688 3228 σφραγῖδος
1712 3187 1742 3215 ἐν
1758 3192 1851 3228 κηρῷ,
1872 3192 1923 3221 τῆς
1949 3190 2117 3228 ἀκροάσεως
2142 3195 2179 3231 τῇ

1171 3244 1297 3274 διανοία.
1316 3235 1381 3270 Sed
1398 3242 1481 3278 puto
1498 3233 1567 3266 haec
1592 3242 1628 3266 ut
1645 3234 1677 3267 in
1695 3234 1849 3266 omnibus
1866 3234 2107 3277 exemplaribus
2129 3238 2180 3279 ja-

1170 3299 1248 3323 cent
1270 3276 1354 3321 bene
1381 3287 1514 3319 habere.
1541 3286 1643 3318 Paulo
1671 3294 1749 3328 post
1774 3285 1876 3320 sax-il.
1895 3295 1928 3318 et
1945 3288 2022 3322 Mss.
2046 3289 2178 3331 plurimi

1169 3347 1221 3377 ἀπ’
1241 3346 1336 3375 αὐτῶν
1361 3350 1418 3374 τῶν
1439 3344 1544 3385 θυρῶν.
1569 3337 1684 3369 ΜΟΙὌῙ.
1713 3341 1765 3371 ἀπ’
1796 3341 1891 3371 mrim
1916 3349 1975 3372 τῶν
1991 3346 2092 3385 ἀρχῶν
2114 3352 2173 3376 τῶν

1169 3397 1338 3440 προθὺρων.
1352 3393 1446 3425 Unus
1463 3395 1516 3426 ἀπ’
1535 3394 1629 3424 αὐτῶν
1648 3400 1704 3424 τῶν
1721 3393 1876 3436 προθύμων
1894 3398 2045 3437 ἀπαγάγῃ.

2257 2262 2386 2291 Juvcnes

2237 2305 2383 2339 quomodo

2197 2345 2381 2374 instituendi.
