2450 3683
1062 199 1113 227 PR
1124 198 1158 226 ΗΞ
1168 198 1300 227 ΡΛΤΙΟ
1311 218 1319 227 .
2165 213 2206 242 ‚xl

126 283 458 322 nuilicrisadulteroe
471 279 747 333 praetermiserit,
758 293 834 330 quae
848 279 995 317 historia
1012 280 1154 317 initium
1169 280 1294 332 capitis
1311 280 1426 319 octavi
1440 282 1586 320 Joannis
1603 282 1649 319 ad
1666 297 1777 334 usqne
1796 299 1939 324 versum
1954 289 2206 331 duodecimum

123 346 377 399 complectitur.
400 345 675 394 Chrysostomus
696 356 779 382 vero
798 343 951 380 Homilia
973 342 1034 393 52,
1056 358 1092 395 p.
1113 344 1204 392 506,
1221 343 1283 380 ubi
1305 353 1411 396 caput
1437 344 1462 382 8
1507 345 1697 397 explanare
1724 347 1873 400 incipit,
1894 351 2025 389 omissa
2043 353 2109 391 hae
2129 370 2206 393 mu-

123 409 218 447 lieris
236 408 401 446 adulter-ze
415 407 575 455 historia,
590 407 636 444 ab
655 406 710 444 his
730 405 890 458 ejusdem
906 406 1033 458 capitis
1056 406 1172 445 verbis
1192 406 1347 457 orditur,
1366 409 1451 459 Ego
1468 421 1552 446 sum
1573 410 1643 447 lux
1663 412 1813 461 numdi,
1849 427 1926 463 quae
1946 414 1981 452 in
1996 415 2206 457 duodecimo

119 471 275 524 ejusdem
294 470 420 524 capitis
440 485 542 510 versu
562 470 736 508 feruntur.
756 470 830 506 Cur
848 469 958 520 igitur
975 470 1042 507 hae
1060 470 1190 508 omissa
1209 469 1357 508 historia
1377 470 1424 508 ad
1442 471 1611 510 ulteriora
1632 473 1774 525 pergit?
1797 475 1941 514 Certum
1958 487 2009 516 est
2038 479 2129 517 hanc
2150 481 2206 519 hi—

119 533 262 570 storiam
286 533 322 570 in
349 531 529 570 nonnullis
559 531 823 584 exemplaribus
850 530 1087 569 desideratam
1123 531 1244 581 fuisse,
1266 546 1338 583 qua
1363 531 1408 570 de
1431 547 1467 571 re
1493 532 1639 572 videndi
1667 544 1748 572 sunt
1768 534 1881 573 critici
1904 537 1966 587 qui
1998 538 2043 577 (16
2061 541 2207 579 ,Ioannis

120 592 315 644 Evangelio
335 601 606 645 pertractarunt,
623 601 656 630 et
677 591 889 629 nominatim
904 591 1028 630 Sixtus
1045 591 1211 630 Senensis
1230 591 1265 629 in
1287 591 1509 631 Bibliotheca
1527 593 1572 631 ad
1592 595 1764 633 Joannem
1781 595 2064 650 Evangelistam7
2084 601 2147 639 lib.
2167 604 2204 652 6,

119 658 341 695 annotatione
358 657 557 697 CXCVIII.
578 654 683 694 Unde
702 654 850 706 quidam
865 654 957 693 hanc
976 654 1131 707 primam
1151 655 1268 694 octavi
1289 655 1416 708 capitis
1438 665 1575 708 partem
1599 657 1860 697 excludendam
1877 674 1950 698 esse
1969 670 2098 702 temere
2120 679 2204 703 cen—

118 730 278 766 suerant,
303 720 382 758 aliis
409 719 575 758 omnibus
606 733 683 757 eam
701 718 923 757 retinendam
943 733 1016 757 6556
1032 720 1114 771 jure
1133 719 1458 772 pronuntiantibus.
1481 722 1618 761 Verum
1653 722 1843 773 quaerstur,
1866 733 1904 761 ut
1925 725 2001 776 jam
2020 726 2122 777 dixi,
2145 743 2206 767 cur

117 783 393 835 Chrysostomus
408 783 444 821 in
467 783 643 821 Concione
660 784 709 821 52
730 783 830 820 illam
847 782 1238 835 praetermiserit..Illud
1251 792 1343 821 certe
1358 783 1437 822 ideo
1454 784 1573 823 fecerit
1585 815 1595 834 ,
1612 785 1667 824 vel
1686 786 1784 836 quod
1808 787 1884 825 haec
1901 788 2049 827 historia
2070 790 2106 828 in
2131 793 2205 844 ejus

114 844 304 896 exemplari
323 858 390 883 non
410 845 571 893 ferretur,
591 845 648 882 vel
669 844 765 895 quod
780 858 798 882 e
812 857 849 882 re
868 857 938 882 non
964 845 1038 882 fore
1053 844 1244 896 putaverit,
1260 845 1356 896 genti
1379 845 1565 884 adulteriis
1579 846 1732 885 nimium
1746 847 1890 899 deditae,
1912 859 1952 887 ut
1971 852 2104 904 exejus
2124 868 2203 892 con-

115 906 274 944 cionibus
295 906 480 957 arguitur,
503 905 595 944 hanc
621 906 809 944 historiam
837 919 1028 957 exponere3
1052 904 1110 944 vel
1142 905 1212 942 alia
1241 905 1344 944 nobis
1380 906 1502 958 ignota
1526 906 1572 945 de
1597 921 1714 945 causa.
1740 909 1794 946 An
1817 923 1924 961 porro
1951 910 1987 948 in
2009 915 2203 966 exemplari

113 969 357 1021 Chrysostomi
378 969 454 1006 haee
467 968 614 1006 historia
630 968 736 1006 fuerit
755 982 874 1016 necne,
897 982 965 1008 non
986 982 1174 1020 possumus
1194 982 1240 1006 ex
1259 969 1335 1021 ejus
1353 969 1494 1021 scriptis
1516 970 1706 1022 expiscari.
1729 970 1871 1009 Etenim
1889 986 1959 1010 non
1977 975 2124 1013 memini
2147 991 2204 1014 me

113 1032 250 1083 uspiam
270 1031 306 1069 in
328 1031 574 1084 Chrysostomi
595 1031 736 1084 scriptis
754 1031 846 1069 hane
860 1031 1046 1069 historiam
1073 1031 1129 1070 vel
1150 1031 1266 1083 legere
1290 1032 1347 1071 vel
1363 1042 1597 1071 memoratam
1620 1033 1750 1072 videre.
1773 1036 1868 1073 Nam
1885 1036 1981 1087 quod
2004 1038 2040 1075 in
2059 1040 2199 1077 Mol-elli

116 1094 279 1133 Editione
291 1095 446 1133 Homilia
461 1096 524 1144 60,
541 1110 619 1146 quae
637 1109 730 1133 nunc
744 1104 795 1133 cst
810 1097 874 1144 61,
891 1110 925 1147 p.
942 1095 1032 1145 589,
1048 1095 1092 1145 Β,
1110 1095 1146 1132 111
1164 1095 1291 1133 Latina
1321 1095 1610 1148 interpretatione
1630 1097 1741 1135 fertur
1758 1114 1766 1134 z
1791 1100 1905 1149 Quod
1920 1110 2046 1138 autem
2069 1103 2143 1140 hac
2164 1113 2200 1140 et

114 1171 189 1194 non
203 1158 378 1196 discendi
394 1161 521 1210 gratia
540 1161 788 1210 interrogent,
810 1171 887 1195 non
907 1159 969 1196 hic
985 1166 1149 1204 tantum,
1170 1159 1239 1196 sed
1259 1158 1392 1196 multis
1412 1161 1453 1196 in
1473 1159 1572 1198 locis
1591 1161 1834 1211 perspicuum
1858 1171 1930 1209 est,
1955 1172 1996 1200 ut
2020 1176 2105 1202 cum
2136 1178 2199 1202 ro-

110 1229 250 1269 garunt
270 1234 323 1257 an
337 1220 467 1258 liceret
487 1221 750 1271 censumjdari
769 1220 924 1267 Caesari,
945 1227 982 1256 et
1002 1233 1054 1256 an
1069 1220 1285 1269 lapidanda
1308 1227 1406 1257 esset
1422 1221 1602 1258 adultera
1615 1237 1631 1266 ;
1651 1230 1688 1258 et
1709 1236 1795 1259 cum
1816 1224 1862 1260 de
1883 1238 1929 1261 ea
1947 1239 2033 1275 (μαῖ’
2058 1235 2199 1278 septem

113 1287 218 1322 viros
234 1285 414 1322 habuisse
428 1284 664 1335 deprehensa
679 1292 776 1331 erat,
795 1285 1010 1334 percontati
1023 1293 1123 1332 sunt,
1139 1281 1231 1319 illud
1250 1291 1341 1320 certe
1356 1282 1444 1321 vitio
1459 1283 1587 1321 veteris
1602 1283 1803 1336 interpretis
1817 1286 1971 1338 irrepsit.
1985 1288 2050 1325 Illa
2067 1290 2199 1342 quippe

115 1345 216 1383 verba
228 1376 238 1394 ‚
258 1355 294 1383 et
312 1360 365 1383 an
377 1348 618 1398 repudianda
632 1347 943 1396 εςςειζαιίιιῖῐενα,
963 1345 1040 1382 haec
1054 1346 1180 1383 Graeca
1202 1345 1353 1397 pessime
1372 1345 1597 1397 exprimunt,
1609 1347 1667 1384 καὶ
1686 1347 1743 1385 ὅτε
1758 1349 1839 1400 περὶ
1864 1348 2018 1400 ἀφέσεως
2033 1354 2197 1402 γυναικὸς

113 1409 315 1459 διελέγοντο,
336 1423 414 1459 quae
435 1409 486 1447 sic
505 1409 680 1447 habentur
705 1408 741 1446 in
757 1408 924 1446 Editione
945 1408 1177 1457 Morellkma,
1203 1417 1306 1458 atque
1325 1407 1361 1444 in
1380 1408 1461 1445 aliis
1499 1409 1666 1447 omnibus
1687 1409 1966 1464 Exemplaribus
1984 1421 2061 1450 tum
2081 1415 2196 1459 editis,

110 1481 185 1509 tum
204 1472 467 1524 manuscriptis,
484 1481 517 1510 et
535 1472 585 1509 sic
600 1470 698 1509 haud
712 1471 825 1509 dubie
835 1471 1018 1514 reddenda
1035 1480 1128 1519 sunt,
1155 1479 1191 1507 el
1211 1484 1298 1509 cum
1318 1472 1366 1508 de
1392 1472 1639 1521 repudianda
1659 1486 1780 1510 uxore
1802 1475 2056 1514 disserebant.
2072 1478 2197 1529 Itaque

109 1533 243 1572 nullam
257 1534 424 1572 hactenus
436 1534 545 1586 hujus
556 1534 713 1572 historiae
726 1543 847 1572 notam
864 1533 961 1586 apud
968 1533 1266 1586 Chrysostomum
1284 1532 1599 1585 deprehendimus.
1618 1533 1723 1572 Unde
1736 1535 1884 1574 fortasse
1905 1537 2060 1590 suspicio
2073 1553 2193 1579 nasea-

106 1606 164 1634 tur
178 1597 270 1635 hanc
282 1596 468 1635 historiam
487 1596 522 1634 in
542 1595 822 1648 Exemplaribus
846 1595 1075 1634 Antiochenis
1093 1610 1163 1634 non
1175 1595 1284 1633 fuisse
1300 1611 1307 1632 z
1323 1595 1419 1647 quod
1434 1595 1527 1634 nihil
1540 1596 1587 1634 ad
1608 1597 1683 1649 ejus
1698 1597 1930 1636 minuendam
1948 1601 2193 1642 auctoritatem

103 1661 285 1698 conferret.
308 1661 400 1698 Nam
415 1675 454 1698 ea
474 1660 510 1698 in
524 1669 597 1698 toto
616 1659 821 1707 Occidente,
843 1660 879 1697 in
902 1659 1031 1709 Africa,
1052 1659 1088 1696 in
1109 1659 1268 1697 Ecclesia
1287 1659 1546 1710 Alexandrina,
1563 1675 1642 1711 quae
1658 1660 1813 1699 secunda
1834 1662 1870 1700 in
1883 1663 1967 1701 orbe
1984 1664 2192 1704 Christiano

105 1733 193 1773 erat,
220 1733 324 1775 atque
342 1725 449 1762 etiam
467 1724 502 1762 in
523 1733 594 1762 tota
624 1724 776 1773 Graecia,
796 1724 919 1776 paucis
939 1723 1096 1775 exceptis
1120 1723 1219 1772 locis,
1245 1723 1442 1774 legebatur.
1471 1723 1575 1761 Unde
1599 1734 1724 1762 auctor
1754 1725 1970 1778 Synopseos⁷
1996 1741 2073 1778 quae
2103 1728 2193 1767 inter

111 1788 408 1841 athanasiizopcra
424 1788 683 1837 circumfertur,
699 1789 799 1826 illam
817 1787 1004 1826 historiam
1026 1788 1062 1825 in
1082 1787 1280 1839 Evangelio
1299 1787 1447 1827 Joannis
1468 1787 1592 1825 haberi
1613 1789 1800 1827 confirmat
1818 1789 1875 1827 his
1891 1790 2025 1840 verbis,
2051 1790 2095 1829 de
2122 1791 2191 1830 hoc

104 1851 282 1904 ipsissimo
295 1866 401 1904 agens
417 1852 513 1890 loco:
530 1854 702 1891 Ἐνταῦθα
723 1851 767 1890 τὰ
785 1852 865 1905 περὶ
882 1855 944 1899 τῆς
964 1852 1261 1904 κατηγορηθείσης
1287 1852 1344 1890 ἐπὶ
1366 1852 1505 1904 μοιχείᾳ
1526 1867 1533 1888 z
1555 1855 1629 1891 Hic
1645 1855 1775 1905 agitur
1798 1855 1846 1892 de
1864 1855 2022 1893 muliere
2038 1869 2124 1906 quse
2144 1857 2192 1893 de

101 1916 293 1954 adulterio
309 1918 576 1955 accusabatur.
599 1916 737 1969 Opinoi·
758 1916 877 1968 itaque
891 1916 982 1954 hanc
997 1916 1183 1954 historiam
1203 1916 1248 1954 ab
1266 1916 1543 1968 Exemplaribus
1560 1917 1788 1955 Antiochenis
1804 1918 1961 1956 abfuisse
1978 1933 1985 1954 τ
2006 1931 2076 1956 11011
2093 1918 2186 1956 6111111

102 1978 216 2027 video,
237 1994 297 2017 cur
314 1979 342 2018 si
360 1980 449 2018 lecta
465 1980 598 2030 fuisset,
620 1980 894 2032 Chrysostomus
915 1981 1014 2019 illam
1033 1981 1115 2018 data
1134 1994 1239 2032 opera
1260 1980 1554 2033 praetermitteret.
1580 1980 1666 2019 Haec
1687 1981 1772 2020 satis
1791 1990 1907 2020 sunto.
