2481 3678
732 214 776 244 ux*
812 213 1022 244 sommum
1057 212 1216 243 noun„
1256 212 1368 242 xvu.
1409 196 1471 241 al.
1510 211 1602 242 xvr.

135 310 271 346 πτισμα
292 301 502 348 παρασχεῖν·
526 299 547 342 ἡ
565 295 600 334 δὲ
620 294 757 343 τούτου,
785 297 824 334 τὸ
852 299 1002 349 καθᾶραι
1023 294 1155 336 πάντας

135 354 335 409 ἀνθρώπους
350 355 409 393 καὶ
423 355 637 408 χαρίσασθαι
660 360 719 394 τοῦ
733 357 965 409 Παρακλήτου
983 355 1044 402 τὴν
1063 354 1155 406 ἐνέρ-

135 432 243 465 γειαν.
263 410 376 459 Οὗτος
396 415 619 469 Ἴίμπροσθέν
638 433 702 467 μου
717 416 1048 469 γέγονε·τουτε’στιν,
1068 413 1154 453 ἐδεί-

137 480 206 528 χθη
230 493 294 527 μου
315 476 573 529 λαμπρότερος,
598 476 684 515 “On
704 477 840 530 πρῶτός
863 493 927 527 μου
946 471 1001 523 ἧν.
1023 477 1155 526 Αἰσχυ-

135 537 309 576 νέσθωσαν
343 539 374 575 οἱ
408 537 551 576 Παύλου
585 541 644 577 τοῦ
665 539 899 590 Σαμοσατέως
932 537 994 583 τὴν
1029 535 1154 586 μανίαν

134 597 393 649 ἃδιαδεξάμενοι
407 629 416 646 ,
436 599 523 651 πρὸς
544 599 631 638 οὕτω
647 599 797 652 φανερὰν
815 598 978 645 ἀλήθειαν
996 597 1157 634 ἀνθιστά-

138 674 246 709 μενοι.
263 658 373 710 Κάγὼ
394 661 456 698 οὐκ
476 661 570 712 ᾔδειν
604 659 716 699 αὐτόν.
737 658 834 712 υΟρα
858 662 932 702 πῶς
961 656 1157 696 ἀνύποπτον

137 722 282 758 ἐνταῦθα
298 720 359 767 τὴν
385 721 577 774 μαρτυρίαν
599 722 801 775 ἐργάζεται,
822 719 953 763 δεικνὺς
972 718 1076 765 αὐτὴν
1097 721 1159 757 οὐκ

137 781 355 834 ἀνθρωπίνης
390 776 494 820 οὖσαν
537 782 653 834 φιλίας
667 812 677 830 ,
714 783 790 820 ἀλλ’
828 781 862 825 ἐξ
906 778 1158 831 ἀποκαλύψεως

138 842 231 885 θείας
255 844 500 894 γεγενημένην.
522 845 598 881 Οὐκ
616 842 710 893 ᾔδειν
734 841 802 895 γὰρ
820 842 919 880 αὐτὸν
954 839 1042 893 ἐγὼ,
1063 839 1158 891 φησί.

138 905 222 947 Πῶς
241 897 298 942 οὖν
326 904 365 941 ἂν
393 905 464 950 εἴης
484 903 678 948 ἀξιόπιστος
709 903 858 955 μάρτυς,
877 905 952 946 πῶς
973 901 1007 940 δὲ
1031 901 1069 940 ἂν
1102 902 1161 939 καὶ

305 965 396 979 (5va
494 967 503 979 ³

126 965 274 1016 γἑτέρους
302 980 447 1010 οιοαςεις
467 965 566 1009 αυτὸς
594 967 748 1016 ἀγνοῶν;
768 967 846 1003 Οὐκ
878 958 983 1011 εἶπεν,
1006 965 1068 1001 οὐκ
1087 956 1163 1001 οἶδα

140 1026 254 1072 αὐτὸν,
278 1028 366 1074 ἀλλ’,
388 1028 464 1064 Οὐκ
492 1025 586 1078 ᾔδειν
615 1025 737 1064 αὐτόν·
763 1025 855 1064 ὥστε
881 1024 990 1077 ταύτῃ
1010 1024 1163 1075 μάλιστα

143 1087 340 1132 ἀξιόπιστος
373 1087 412 1124 ἂν
433 1087 576 1138 γένοιτο.
611 1087 695 1131 Πῶς
728 1086 797 1140 γὰρ
831 1086 870 1125 ἂν
899 1086 1088 1138 ἐχαρίσατο
1114 1087 1163 1137 τῷ

141 1148 378 1200 ἃγνοουμένῳς
409 1148 500 1186 Ἀλλ’
531 1147 587 1185 ἵνα
618 1151 799 1201 φανερωθῗΙ
832 1150 882 1199 τῷ
914 1146 1078 1199 Ἰσραὴλ,
1107 1145 1164 1183 διὰ

141 1214 241 1248 τοῦτο
259 1204 363 1256 ἦλθον
388 1209 563 1261 βαπτίζων
581 1212 614 1247 ἐν
641 1209 752 1247 ὕδατι.
772 1211 824 1247 Οὐ
847 1208 956 1247 τοίνυν
978 1207 1078 1250 αὐτὸς
1100 1211 1163 1258 βα-

145 1270 341 1322 πτίσματος
360 1272 487 1318 ἐδεῖτο,
504 1270 579 1308 οὐδὲ
595 1271 702 1317 ἄλλην
718 1269 799 1307 τινὰ
818 1270 929 1308 αἰτίαν
948 1263 1039 1321 εἶχεν
1057 1272 1165 1306 ἐκεῖνο

141 1331 180 1369 τὸ
197 1332 351 1384 λουτρὸν,
368 1330 390 1376 ἢ
409 1332 449 1370 τὸ
467 1332 740 1384 προοδοποιῆσαι
754 1334 797 1381 τῇ
822 1333 868 1373 εἷς
885 1330 1033 1383 Χριστὸν
1049 1329 1165 1367 πίστει

141 1399 211 1434 τοῖς
240 1394 373 1435 λοιποῖς
405 1393 546 1431 ἅπασιν.
567 1394 620 1430 Οὐ
639 1392 706 1444 γὰρ
722 1385 829 1438 εἶπεν,
850 1391 906 1429 ἵνα
925 1391 1068 1443 καθάρω
1088 1390 1166 1434 τοὺς

144 1452 430 1504 βαπτιζομένους,
461 1453 544 1499 οὐδ’,
578 1451 635 1489 ἵνα
671 1453 861 1497 ἀπαλλάξω
899 1451 1164 1504 ἁμαρτημάτων

140 1509 242 1560 ιἦλθον
259 1513 448 1565 βαπτίζων,
474 1514 563 1560 ἀλλ’,
582 1512 660 1551 Ἵνα
680 1516 860 1566 φανερωθῇ
879 1514 928 1564 τῷ
945 1512 1102 1562 Ἰσραήλ.
1119 1510 1166 1548 Τί

140 1576 228 1628 γὰρ,
253 1575 329 1614 εἶπέ
360 1591 435 1626 μοι,
450 1579 510 1613 τοῦ
536 1575 776 1627 βαπτίσματος
793 1575 902 1628 χωρὶς
922 1577 983 1613 οὐκ
1003 1577 1081 1621 ε’νῆν
1103 1590 1166 1620 κη-

142 1637 254 1689 ρῦξαι,
279 1636 338 1676 καὶ
359 1637 596 1689 ἐπαγαγέσθαι
619 1636 696 1681 τοὺς
723 1636 890 1689 ι’ὄχλους
907 1635 1013 1675 Ἀλλὰ
1042 1636 1167 1690 ῥαδίως

141 1698 250 1742 οὕτως
270 1699 444 1749 οὐδαμῶς.
465 1697 556 1736 Οὐδὲ
571 1697 639 1751 γὰρ
654 1697 694 1736 ἂν
713 1698 803 1736 οὕτω
824 1697 1036 1751 συνέδραμον
1058 1698 1167 1735 ἅπαν·

141 1777 215 1808 τες,
238 1762 267 1799 εἰ
289 1760 532 1812 βαπτίσματος
555 1759 665 1813 χωρὶς
685 1760 724 1798 τὸ
746 1760 909 1813 κηρυγμα
929 1759 1079 1812 ἐγένετο·
1107 1762 1169 1798 οὐκ
1192 1761 1216 1791 D

142 1822 182 1861 ἂν
215 1822 341 1873 ἔμαθον
369 1821 431 1869 τὴν
468 1821 537 1860 ἀπὸ
570 1825 632 1868 τῆς
665 1821 878 1875 συγκρίσεως
906 1822 1092 1874 ὑπεροχήν.
1116 1822 1168 1860 Τὸ

142 1890 221 1938 γοῦν
243 1887 372 1931 πλῆθος
403 1883 587 1937 ἐξήρχετο,
611 1885 672 1922 οὐκ
708 1883 938 1933 ἀκουσόμενον
962 1877 1008 1921 ῶν
1032 1883 1166 1936 ἔλεγεν·

143 1945 234 1984 ἀλλὰ
252 1945 286 1983 τί
293 1962 303 1993 3
325 1944 568 1983 Βαπτίσασθαι
597 1944 900 1997 ἐξομολογούμενοι
914 1944 975 1988 τὰς
994 1944 1169 1997 ἁμαρτίας

143 2008 270 2045 αὐτῶν.
293 2005 578 2058 Παραγενόμενοι
610 2005 665 2053 δὲ,
687 2005 908 2044 ἐδιδάσκοντο
927 2005 972 2044 τὰ
998 2006 1078 2059 περὶ
1110 2012 1170 2046 τοῦ

143 2069 296 2119 Χριστοῦ
317 2068 376 2105 καὶ
395 2072 478 2106 στοῧ
505 2067 746 2119 βαπτίσματος
774 2067 812 2106 τὸ
841 2068 1014 2121 διάφορον.
1044 2068 1169 2108 Καίτοι

142 2135 202 2168 τοῦ
225 2130 417 2169 Ἰουδαϊκοῦ
444 2134 545 2169 τοῦτο
576 2129 779 2183 σεμνότερον
803 2124 858 2178 ἦν,
890 2131 949 2169 καὶ
986 2130 1043 2168 διὰ
1068 2135 1169 2170 τοῦτο

142 2191 270 2234 πάντες
298 2191 481 2244 ἐπέτρεχον
499 2208 506 2214 ·
531 2193 605 2230 ἀλλ’
623 2191 719 2242 ὅμως
745 2192 806 2229 καὶ
839 2191 947 2235 οὕτως
977 2191 1095 2236 ἀτελὲς
1112 2186 1166 2238 ἦν.

142 2254 226 2297 Πῶς
253 2246 310 2291 οὖν
347 2252 386 2292 σὺ
419 2254 524 2306 ἔγνως
550 2253 668 2300 αὐτόν,
685 2253 754 2292 Διὰ
782 2256 844 2300 τῆς
871 2257 931 2292 τοῦ
963 2253 1170 2304 Πνεύματος

142 2314 309 2362 καθόδου,
325 2314 421 2367 φησί.
441 2313 519 2353 Ἵνα
541 2314 576 2353 δὲ
602 2315 650 2365 μή
673 2331 724 2359 τις
752 2315 877 2367 νομίσγΙ
899 2315 1017 2362 πάλιν,
1049 2315 1103 2354 ὅτι
1135 2319 1167 2354 ἐν

141 2374 244 2429 χρείᾳ
269 2375 492 2422 καθειστήκει
522 2380 581 2414 τοῦ
608 2375 830 2427 Πνεύματος,
854 2376 1013 2429 καθάπερ
1045 2381 1165 2427 ἡμεῖς,

142 2437 286 2475 ἄκουσον
307 2440 381 2480 πῶς
400 2437 460 2475 καὶ
474 2436 602 2484 ταύτην
624 2439 758 2489 ἀναιρεῖ
772 2436 834 2483 τὴν
854 2437 1020 2489 ὑποψίαν,
1036 2437 1168 2482 δεικνὺς

142 2497 195 2536 ὅτι
215 2503 236 2545 ἡ
257 2504 316 2537 τοῦ
339 2498 543 2549 Πνεύματος
563 2498 705 2542 κάθοδος
731 2498 818 2551 ὑπὲρ
847 2504 906 2537 τοῦ
935 2498 1082 2551 κηρῦξαι
1109 2499 1168 2537 τὸν

142 2559 293 2612 Χριστὸν
318 2559 418 2610 μόνον
447 2558 590 2610 ἐγένετο.
614 2558 735 2597 Εἰπὼν
757 2559 845 2611 γὰρ,
867 2558 975 2610 Κάγὼ
995 2562 1055 2597 οὐκ
1073 2560 1167 2610 ᾔδειν

144 2620 257 2668 αὐτὸν,
287 2620 477 2671 ἐπήγαγεν·
507 2619 597 2657 Ἀλλ’
631 2623 649 2657 ὃ
676 2619 817 2671 πέμψας
849 2636 892 2669 με
924 2619 1100 2670 βαπτίζειν
1134 2623 1168 2658 ἐν

144 2681 263 2728 ὕδατι,
284 2680 410 2724 ἐκεῖνός
443 2696 501 2731 μοι
527 2673 638 2718 εἶπεν·
662 2682 713 2732 ἐφ’
737 2680 772 2718 ὃν
807 2679 845 2716 ἂν
868 2680 942 2731 ἴδῃς
963 2680 1002 2718 τὸ
1020 2682 1168 2731 Πνεῦμα

144 2742 368 2789 καταὸαῖνον,
384 2741 444 2780 καὶ
471 2741 570 2793 μένον
591 2742 643 2779 ἐπ’
660 2741 774 2788 αὐτὸν,
795 2740 920 2784 ἐκεῖνός
950 2743 1040 2779 ἐστιν
1061 2744 1079 2779 ὃ
1101 2744 1167 2792 βα-

144 2804 272 2848 πτίζων
292 2805 326 2841 ἐν
348 2802 529 2853 Πνεύματι
551 2801 650 2855 ἁγίῳ.
672 2801 780 2854 εΟρᾷς
799 2800 852 2840 ὅτι
876 2806 976 2840 τοῦτο
991 2801 1088 2854 ἔργον
1108 2807 1167 2841 τοῦ

143 2864 347 2915 Πνεύματος
369 2859 409 2911 ἦν
429 2865 468 2903 τὸ
492 2862 599 2907 δεῖξαι
618 2863 675 2901 τὸν
696 2862 867 2916 Χριστόν;
882 2856 952 2900 ὟΗν
974 2862 1035 2913 μὲν
1064 2863 1123 2900 καὶ
1144 2868 1165 2910 ἦ

181 2930 202 2938 ω

143 2942 202 2964 του
239 2926 402 2964 Ἰωάννου
437 2925 612 2979 μαρτυρία
645 2924 851 2968 ἀνύποπτος.
880 2924 1093 2976 Βουλόμενος
1133 2925 1168 2964 δὲ

145 2985 250 3032 αὐτὴν
283 2984 565 3038 ἀξιοπιστοτέραν
594 2987 761 3032 ποι-ἧσαι,
779 2984 951 3035 ἀνήγαγεν
983 2984 1089 3032 αὐτὴν
1110 2984 1168 3023 ἐπὶ

143 3047 200 3085 τὸν
222 3047 310 3085 Θεὸν
326 3046 386 3084 καὶ
404 3047 442 3085 τὸ
461 3048 609 3097 Πνεῦμα
627 3046 667 3084 τὸ
680 3045 789 3097 ἅγιον.
805 3044 951 3092 Ἐπειδὴ
974 3044 1040 3097 γὰρ
1057 3048 1165 3098 ἐμαρ-

146 3113 289 3166 τύρησεν
307 3116 324 3151 ὃ
340 3113 505 3160 Ἰωάννης
521 3111 611 3151 οὕτω
633 3112 723 3163 μέγα
743 3128 776 3149 τι
801 3111 861 3149 καὶ
877 3112 1089 3162 θαυμαστὸν,
1106 3111 1165 3150 καὶ

145 3181 262 3219 ἱκανὸν
277 3180 355 3224 τοὺς
372 3180 559 3223 ἀκούοντας
573 3179 744 3227 ἐκπλῆξαι
759 3180 910 3226 πάντας,
925 3185 938 3200 ³
950 3183 1018 3217 οἷον
1036 3178 1090 3217 ὅτι
1105 3182 1167 3227 τῆς

189 3304 202 3318 a
218 3293 320 3326 Savil.
339 3296 501 3336 δεξάμενοι.
522 3292 639 3325 Morel.
659 3301 691 3325 et
719 3292 854 3336 quidam
877 3293 953 3326 Mss.
975 3296 1148 3337 ἱιαδεξάμε-

146 3362 198 3380 ναι.
222 3345 362 3378 Dicebat
377 3345 496 3378 Paulus
512 3346 747 3379 samosatenus
762 3344 880 3378 Filium
899 3344 1022 3378 nullam
1041 3346 1146 3390 hypo-

146 3399 247 3430 stasin
265 3397 415 3430 habuisse
432 3405 609 3442 autequam
628 3409 665 3430 cx
682 3398 784 3430 Maria
803 3405 1002 3430 nasceretur.

1178 478 1202 507 B

2118 198 2201 242 113

1224 292 1480 329 benefactorem
1499 290 1765 342 przedicaverim
1777 321 1788 340 ,
1817 300 1850 328 et
1877 290 1971 341 quod
1988 291 2205 342 baptismum

1225 366 1326 401 aquae
1346 352 1644 401 ministraverim3
1672 352 1782 404 hujus
1794 361 1909 389 autem
1931 352 2104 389 adventus
2119 367 2206 403 opus

1226 411 1321 450 illud
1335 422 1386 450 est
1400 443 1411 463 ,
1431 426 1585 464 purgare
1594 413 1755 451 homines
1769 427 1889 451 omncs
1901 442 1913 463 ,
1932 413 2103 450 Paracleti
2127 427 2209 464 ope-

1227 473 1400 511 rationem
1429 474 1565 525 largiri.
1601 474 1670 511 Hic
1698 475 1808 512 Ante
1834 488 1894 512 me
1908 475 2048 527 sactus
2074 482 2151 522 est;
2171 474 2211 511 id

1227 543 1299 584 est,
1326 549 1383 573 me
1408 535 1538 573 clarior
1562 535 1750 588 apparuit,
1776 536 1878 586 Quia
1903 538 2007 587 prior
2033 549 2093 573 me
2111 545 2207 574 erat.

1229 595 1450 634 Erubescant
1468 596 1493 634 ii
1506 596 1568 648 qui
1587 596 1689 634 Pauli
1703 597 1921 635 Samosateni
1933 597 2097 635 insanum
2116 612 2230 641 erro-‚

1230 672 1304 695 rem
1324 672 1526 710 suscepere,
1548 658 1611 708 qui
1628 668 1698 696 tam
1719 668 2103 711 apertamoppugnant
2120 673 2212 698 veri-

1229 728 1351 757 tatem.
1376 721 1439 757 51.
1463 721 1517 758 Et
1546 734 1614 772 ego
1643 722 1858 758 nesciebam
1887 734 1987 758 eum.
2023 720 2119 758 Vide
2144 735 2214 771 quo

1231 789 1334 832 pacto
1354 794 1496 818 omnem
1514 780 1582 818 hoc
1593 781 1794 819 testimonio
1807 782 1942 818 auferat
1959 781 2214 833 suspicionem,

1233 841 1418 880 ostendens
1451 842 1541 879 illud
1570 856 1640 880 non
1666 857 1710 880 ex
1735 842 1890 880 humana
1926 843 2038 893 gratia
2067 852 2100 881 ct
2128 845 2216 881 ami-

1234 902 1339 953 citia,
1369 902 1431 941 scd
1449 917 1493 941 ex
1522 903 1644 943 divina
1671 904 1886 942 revelatione
1911 904 2101 956 proficisci.
2132 907 2217 956 Ego

1236 966 1451 1002 nesciebam
1486 979 1571 1002 eum
1584 995 1595 1015 ,
1636 965 1764 1016 inquit.
1810 965 1998 1011 Quomodo
2031 979 2114 1016 ergo
2148 966 2218 1004 fide

1234 1024 1366 1076 dignus
1393 1026 1491 1064 testis
1521 1026 1660 1064 fueris?
1686 1026 1863 1077 quomodo
1887 1026 1974 1064 alios
1999 1025 2160 1075 docebis,
2189 1027 2217 1064 si

1235 1086 1310 1139 ipse
1332 1087 1499 1138 ignores?
1525 1088 1603 1125 Non
1629 1087 1742 1136 dixit,
1771 1088 1849 1125 Non
1877 1087 1961 1125 novi
1987 1088 2111 1137 illum,
2131 1088 2189 1126 sed
2206 1119 2215 1136 ,

1235 1153 1465 1189 Nesciebam
1494 1165 1604 1201 eum,
1642 1151 1691 1188 ita
1719 1160 1758 1188 ut
1781 1150 1866 1189 hinc
1884 1151 2040 1189 maxime
2066 1152 2136 1189 fide
2164 1151 2219 1189 di-

1235 1225 1326 1262 gnus
1345 1220 1527 1263 appareat.
1547 1211 1627 1258 Quo
1653 1221 1757 1263 pacto
1781 1212 1875 1250 enim
1893 1212 1929 1250 in
1953 1214 2028 1264 ejus
2045 1213 2216 1264 gratiam,

1235 1287 1340 1323 quem
1369 1272 1576 1323 ignorabat,
1604 1273 1774 1322 loquutus
1800 1274 1930 1311 suerit?
1955 1275 2030 1312 Sed
2064 1284 2105 1313 ut
2139 1289 2220 1312 ma-

1239 1334 1442 1387 nifestetur
1474 1335 1516 1370 in
1550 1334 1702 1380 Israel,
1726 1335 1810 1372 ideo
1845 1337 1929 1372 veni
1958 1337 2160 1386 baptizans
2179 1339 2219 1373 in

1238 1409 1353 1447 aqua.
1374 1396 1453 1432 Non
1475 1409 1559 1446 ergo
1587 1395 1648 1432 ille
1667 1395 1880 1448 baptismate
1908 1411 1998 1449 opus
2025 1397 2180 1435 habebat
2208 1415 2218 1447 ;

1238 1470 1351 1506 neque
1368 1455 1437 1493 alia
1452 1456 1497 1493 de
1515 1470 1619 1493 causa
1635 1457 1818 1494 lavacrum
1839 1457 1932 1495 illud
1952 1468 2118 1509 paratum
2145 1461 2220 1498 fue-

1239 1525 1307 1566 rat,
1349 1531 1458 1567 quam
1478 1525 1517 1553 ut
1545 1516 1710 1554 omnibus
1747 1516 1794 1554 ad
1827 1518 1962 1556 Christi
1991 1519 2101 1558 fidem
2124 1521 2221 1559 viam

1239 1586 1416 1615 sterneret.
1444 1578 1525 1614 Non
1554 1577 1647 1614 enim
1676 1577 1789 1627 dixit,
1824 1580 1874 1616 Ut
1894 1579 2089 1631 baptizatos
2115 1595 2222 1633 puros

1241 1637 1405 1687 reddam,
1426 1652 1561 1688 neque,
1594 1638 1819 1691 Baptizatum
1844 1640 1939 1689 veni,
1971 1650 2010 1678 ut
2029 1656 2049 1679 a
2071 1643 2223 1693 peccatis

1239 1700 1413 1748 liberem,
1436 1698 1518 1747 sed,
1547 1700 1596 1738 Ut
1619 1699 1889 1752 manifestetur
1913 1703 1953 1737 in
1971 1703 2107 1740 Israel.
2126 1703 2225 1750 Quid

1239 1761 1334 1799 enim
1345 1791 1356 1811 ,
1373 1760 1516 1813 quaeso?
1529 1774 1574 1798 an
1587 1760 1661 1798 sine
1686 1760 1900 1812 baptismate
1912 1776 1982 1800 non
1996 1763 2125 1802 licebat
2138 1779 2226 1817 prat·-

1239 1823 1359 1861 dicare
1379 1832 1413 1862 et
1440 1822 1616 1875 populum
1634 1822 1838 1860 attrahere?
1866 1825 2002 1862 Verum
2022 1839 2090 1864 non
2111 1827 2150 1864 id
2178 1828 2227 1865 ita

1240 1886 1344 1923 facile
1364 1884 1444 1924 fieri
1460 1893 1608 1936 poterat.
1634 1884 1758 1935 Neque
1782 1884 1877 1923 enim
1893 1885 1943 1924 ita
1970 1887 2227 1926 concurrissent

1240 1961 1382 1997 omnes,
1400 1945 1429 1984 si
1447 1944 1655 1999 praedicatio
1674 1945 1750 1984 sine
1766 1945 1979 1999 baptismate
1996 1948 2120 1987 fuisset
2130 1965 2142 2000 3
2165 1964 2227 1988 nec

1242 2009 1504 2063 comparatione
1524 2009 1613 2046 sacta
1636 2009 1711 2061 ejus
1730 2009 2033 2061 praeeminentiam
2052 2011 2227 2049 edidicis—

1241 2082 1330 2111 sent.
1352 2072 1540 2124 Siquidem
1553 2071 1750 2109 multitudo
1770 2071 1910 2123 exibat,
1935 2086 2003 2110 non
2019 2082 2057 2110 ut
2072 2088 2151 2124 quae
2170 2074 2227 2112 di-

1241 2135 1340 2173 cebat
1370 2134 1536 2172 audiret:
1580 2133 1640 2171 scd
1671 2133 1762 2171 cur?
1783 2135 1833 2172 Ut
1863 2135 2068 2174 confitentes
2086 2145 2229 2188 peccata

1240 2196 1514 2249 baptizarentur.
1552 2193 1790 2233 Advenientes
1817 2204 1936 2234 autem
1957 2210 2035 2246 quae
2054 2196 2102 2234 ad
2124 2198 2228 2236 Chri-

1241 2266 1336 2295 stum
1349 2257 1551 2309 spectabant
1569 2255 1803 2305 docebantur,
1823 2269 1956 2294 necnon
1969 2257 2139 2309 baptismi
2159 2259 2230 2296 dif-

1239 2320 1434 2357 ferentiam.
1473 2318 1540 2356 Hic
1571 2317 1665 2356 enim
1697 2326 1771 2354 erat
1803 2317 1955 2357 Juda'i'co
1982 2320 2223 2370 praestanti0r3

1239 2382 1393 2434 ideoque
1411 2395 1531 2420 omnes
1556 2380 1787 2418 accurrebant
1813 2395 1820 2415 ε
1861 2389 2014 2417 attamen
2033 2381 2092 2418 hic
2111 2381 2228 2434 bapti-

1238 2459 1335 2483 smus
1349 2443 1576 2496 impersectus
1591 2451 1678 2479 crat.
1699 2440 1887 2486 Quomodo
1904 2440 2016 2491 igitur
2028 2443 2227 2493 cognovisti

1240 2506 1348 2543 eum?
1370 2505 1436 2541 Per
1467 2503 1675 2540 descensum
1707 2499 1887 2552 Spiritus,
1910 2501 2038 2552 inquit.
2066 2504 2118 2540 Ne
2147 2504 2226 2554 quis

1240 2575 1359 2604 autem
1376 2564 1461 2602 hinc
1489 2562 1685 2609 existimet,
1714 2561 1820 2598 illum
1840 2561 1976 2613 Spiritu
2001 2564 2161 2615 eguisse,
2188 2575 2227 2604 ut

1240 2641 1304 2664 nos
1316 2639 1459 2677 egemus
1473 2655 1483 2674 ,
1502 2622 1586 2660 audi
1599 2622 1779 2673 quomodo
1795 2623 1887 2661 hanc
1900 2638 2040 2675 quoque
2055 2628 2226 2679 suspicio-

1239 2702 1319 2725 nem
1340 2695 1523 2735 amoveat,
1554 2683 1740 2722 ostendens
1768 2683 1924 2736 Spiritus
1952 2685 2159 2726 descensum
2181 2689 2229 2731 ad

1239 2746 1510 2800 praedicandum
1541 2744 1725 2783 Christum
1742 2745 1968 2784 solummodo
1987 2747 2104 2786 fuisse.
2136 2750 2226 2789 Cum

1240 2809 1391 2847 dixisset
1406 2808 1524 2858 enim,
1549 2808 1602 2844 Ec
1628 2820 1695 2859 ego
1719 2821 1798 2845 non
1823 2812 2098 2860 cognoscebam
2117 2827 2223 2861 eum,

1241 2869 1428 2922 subjunxit
1447 2887 1454 2907 z
1469 2869 1544 2907 Sed
1556 2871 1623 2921 qui
1637 2870 1739 2906 misit
1752 2882 1812 2906 me
1829 2871 2026 2921 baptizare
2042 2873 2082 2909 in
2100 2889 2223 2926 aqua,

1239 2933 1308 2970 ille
1326 2933 1422 2969 mihi
1444 2933 1544 2969 dixit
1566 2947 1574 2966 z
1593 2930 1716 2982 Super
1733 2945 1845 2982 quem
1877 2933 2015 2971 videris
2040 2934 2225 2986 Spiritum

1239 2996 1550 3044 descendentem,
1573 3002 1609 3031 et
1640 3002 1859 3031 manentem
1890 3008 2003 3046 super
2020 3012 2105 3035 eum
2120 3028 2129 3046 ,
2156 3000 2224 3037 ille

1239 3067 1293 3095 esc
1324 3059 1390 3109 qui
1417 3058 1593 3108 baptizat
1628 3058 1670 3093 in
1690 3055 1833 3107 Spiritu
1852 3066 1999 3096 sancto.
2023 3060 2154 3098 Viden'
2176 3062 2223 3100 ad

1239 3117 1307 3157 hoc
1318 3117 1455 3157 venisse
1469 3117 1645 3169 Spiritum
1661 3125 1839 3165 sanctum,
1856 3126 1895 3155 ut
1912 3119 2093 3158 Christum
2109 3131 2223 3160 osten-

1240 3178 1461 3219 deretPErat
1480 3178 1613 3231 quippe
1632 3177 1737 3216 etiam
1752 3179 1900 3217 Joannis
1911 3181 2149 3222 testimonium
2164 3198 2223 3222 su-

1260 3295 1274 3319 b
1293 3293 1438 3334 Quid-'tm
1456 3297 1559 3336 ὄχλους
1573 3296 1680 3338 ῥαδίως
1696 3295 1802 3335 οὕτως,
1817 3297 1961 3337 οὐδαμῶς.

1261 3358 1274 3373 C
1291 3345 1392 3379 Savil.
1413 3351 1463 3380 τοῦ
1478 3351 1688 3389 βαπτίσματος
1705 3351 1738 3378 τὸ
1752 3351 1853 3387 μέσον.

1263 3410 1275 3423 ³
1293 3401 1352 3433 oto-J
1368 3399 1400 3430 in
1417 3396 1614 3441 quibusdam
1637 3395 1738 3429 deest.

2265 550 2347 578 Pauli
2361 550 2411 577 Sa-

2271 592 2409 618 muzateni

2187 659 2193 666 ,
2224 634 2345 662 insania.
