2481 3678
275 240 335 296 42
733 250 770 280 S.

276 335 360 372 tiam
379 333 568 372 discamus.
593 332 651 371 Sic
668 331 759 370 nihil
778 345 927 382 usquam
945 331 999 368 illi
1017 329 1142 368 dicunt
1158 329 1255 380 quod.

274 395 427 447 Spiritui
450 403 646 447 competere
682 393 802 445 possit.
831 394 1023 442 Postquam
1052 391 1147 430 enim
1177 390 1261 428 inde

273 457 507 505 exciderunt,
537 455 743 493 hominibus
773 454 835 491 illa
865 453 1086 501 adscribunt,
1112 466 1190 503 quae
1216 451 1261 490 de

275 517 413 570 Spiritu
427 517 534 568 digne
552 516 648 554 dicta
668 515 774 553 fuisse
791 515 974 566 putabant.
996 514 1171 551 Caeterum
1185 514 1261 565 jam

274 578 459 617 lectionem
471 579 724 615 examinemus.
735 577 903 614 Creatura
918 589 1011 612 nunc
1024 575 1099 614 vita
1111 574 1258 625 dieitur;

275 654 358 691 ergo
374 640 439 677 lux
455 639 561 676 etiam
579 647 629 675 est
649 654 655 673 ε
677 637 791 687 deque
810 636 872 674 illa
894 636 1147 674 testificaturus
1164 635 1262 674 venit

275 702 437 739 Joannes.
458 700 530 737 Cur
549 713 631 750 ergo
651 712 720 735 non
744 707 777 735 et
794 697 868 749 ipsc
885 698 951 735 lux
973 697 1048 735 est?
1061 698 1153 735 Nam
1170 699 1262 736 Non

275 770 355 798 erat
379 762 446 798 ille
475 762 555 809 lux,
574 760 700 810 inquit.
722 759 833 810 Atqui
856 775 901 798 ex
931 769 1175 797 creaturarum
1193 773 1259 796 nu-

278 836 372 858 mero
392 831 476 859 erat.
505 820 695 867 Quomodo
718 834 801 872 ergo
818 835 886 858 non
904 829 955 858 est
973 820 1064 858 lux?
1083 819 1262 870 quomodo

275 884 487 920 lamando
509 891 606 932 erat,
634 892 670 921 et
695 884 862 921 mzmdus
888 896 958 934 per
980 885 1105 934 ipsum
1121 882 1262 934 sactus

275 948 358 980 est?
377 953 580 981 creaturane
603 953 677 981 erat
695 943 730 981 in
759 953 940 992 creatura,
957 953 991 981 et
1012 952 1174 980 creatura
1200 957 1264 995 per

275 1014 473 1042 ereaturam
489 1006 580 1043 faeta
598 1005 672 1043 est?
691 1004 869 1056 quomodo
890 1005 1062 1043 Mundus
1084 1018 1169 1042 eum
1186 1018 1264 1041 non
1284 1004 1308 1033 D

276 1070 453 1119 cognovit
476 1072 492 1105 P
527 1082 570 1105 an
606 1077 767 1105 ereatura
799 1076 997 1105 ereaturam
1032 1080 1101 1104 non
1141 1065 1265 1104 novit?

283 1129 480 1181 Quotquot
497 1138 623 1168 autem
645 1139 865 1180 receperunt
883 1144 981 1174 eum,
1005 1129 1111 1166 dedit
1126 1130 1180 1165 eis
1195 1142 1264 1178 po-

277 1198 452 1229 testatem
464 1192 570 1244 filios
591 1192 662 1228 Dei
672 1193 774 1243 fieri.
794 1190 865 1229 Sed
882 1199 935 1227 sat
953 1189 1041 1227 risui
1060 1189 1186 1226 datum
1203 1197 1265 1240 est.

276 1252 360 1289 llaec
374 1262 529 1291 monstra
545 1254 738 1291 verborum
751 1252 854 1290 vobis
869 1251 1034 1302 deinceps
1050 1249 1267 1287 confutanda

276 1313 438 1363 relinquo
453 1344 461 1360 ,
481 1328 524 1351 ne
546 1328 608 1351 nos
626 1313 702 1350 haec
719 1313 831 1350 risum
853 1311 1022 1350 movendi
1045 1325 1149 1348 causa
1175 1325 1267 1363 prae-

276 1373 412 1411 misisse
424 1374 842 1426 videamur,tempusque
856 1374 986 1411 frustra
1001 1381 1166 1410 teramus.
1178 1373 1268 1409 Nam

275 1434 305 1471 si
324 1434 400 1471 haec
419 1434 463 1471 de
486 1434 625 1487 Spiritu
641 1450 710 1472 non
734 1434 830 1472 dicta
847 1443 943 1482 sunt,
972 1443 1011 1471 ut
1025 1434 1102 1485 jam
1120 1433 1267 1470 demon-

275 1504 424 1532 stratum
442 1505 506 1539 est,
524 1510 635 1545 neque.
653 1495 697 1533 de
710 1504 872 1533 creatura
882 1510 894 1545 3
920 1503 953 1532 et
971 1493 1133 1532 eamdem
1150 1503 1267 1531 tamen

274 1556 328 1593 illi
344 1557 529 1594 lectionem
547 1566 712 1594 tueantur
729 1572 736 1592 :
754 1555 847 1593 illud
868 1555 1029 1593 omnium
1051 1554 1267 1592 absurdissi-

809 249 996 279 JOANNIS
1030 247 1273 279 CHRYSOST.
1316 246 1521 277 AlzcmEP.
1559 247 1920 279 CONSTANTINOP.

1333 332 1453 380 μαθεῖν
1499 329 1561 375 τὴν
1613 330 1729 369 ἄνοιαν
1771 332 1882 368 αὐτῶν
1915 331 2105 369 κάντεῦθεν.
2144 329 2249 370 Οὕτω
2284 329 2350 383 γὰρ

1332 392 1491 441 οὐδαμῶς
1534 390 1628 430 οὐδὲν
1672 392 1888 444 ἁρμόττοντα
1916 391 2053 443 λέγουσι
2078 394 2128 443 τῷ
2158 391 2349 442 Πνεόματι.

1330 449 1443 489 (Ὀταν
1464 450 1531 504 γὰρ
1550 451 1740 490 ἐκπέσωσιν
1774 455 1919 499 ἐκεῖθεν,
1958 452 2151 504 ἀνθρώποις
2173 452 2261 490 αὐτὰ
2292 469 2353 491 πε-

1334 511 1546 565 ριάπτουσιν,
1581 512 1603 551 ἃ
1629 517 1687 551 τοῦ
1715 512 1916 564 Πνεύματος
1949 513 2110 564 ἐνόμισαν
2135 513 2238 558 ἀξίως
2259 516 2352 565 εἰρῆ-

1329 577 1420 612 σθαι.
1452 574 1551 622 Πλὴν
1581 574 1671 613 ἀλλὰ
1696 575 1755 613 καὶ
1779 575 1884 619 οὕτως
1912 574 2017 621 αὐτὴν
2049 574 2263 626 ἐξετάσωμεν
2290 575 2351 622 τὴν

1331 635 1536 688 ἀνάγνωσιν.
1563 635 1646 683 Ζωὴ
1675 640 1697 683 ἡ
1730 637 1841 679 κτίσις
1871 636 2010 688 λέγεται
2036 640 2112 673 νῦν·
2145 638 2263 674 οὐκοῦν
2293 636 2352 674 καὶ

1329 700 1400 749 φῶς
1427 702 1448 746 ἡ
1479 697 1586 745 αὐτή·
1616 697 1676 735 καὶ
1708 697 1788 751 περὶ
1821 700 1926 744 αὐτῆς
1953 692 2036 744 ἦλθε
2073 698 2302 751 μαρτυρήσων
2336 701 2354 736 ὁ

1328 758 1504 807 Ἰωάννης.
1526 758 1595 797 Διὰ
1608 758 1640 796 τί
1661 753 1717 797 οῧν
1743 758 1791 810 μὴ
1813 759 1873 797 καὶ
1896 758 1997 802 αὐτός
2025 760 2202 810 ἐστιφῶς;
2218 760 2296 797 Οὐκ
2308 754 2350 806 ἦν

1326 819 1393 873 γὰρ
1405 822 1530 864 ἐκεῖνος
1544 821 1583 858 τὸ
1597 823 1680 872 φῶς,
1695 820 1792 872 φησί.
1811 819 1935 859 Καίτοι
1947 820 2006 858 καὶ
2022 820 2123 864 αὐτὸς
2137 823 2198 866 τῆς
2208 819 2352 863 κτίσεως

1327 875 1381 927 ἦν.
1394 879 1410 900 ‘¹
1422 882 1505 925 Πῶς
1516 874 1573 919 οὖν
1599 883 1659 919 οὐκ
1673 881 1763 920 ἔστιν
1783 875 1878 925 οὗτος
1894 883 1986 933 φῶς;
2002 884 2076 924 πῶς
2096 880 2130 919 δὲ
2147 881 2206 919 Ἐν
2224 884 2273 933 τῷ
2293 882 2350 920 κό-

1329 958 1407 995 σμῳ
1424 937 1479 990 ἦν,
1494 941 1553 980 καὶ
1568 946 1585 980 ὁ
1604 941 1732 993 κόσμος
1746 943 1789 980 δι’
1808 944 1909 980 αὐτοῦ
1922 941 2072 994 ἐγένετο;
2098 945 2119 988 ἡ
2139 941 2250 986 κτίσις
2266 945 2300 981 ἐν
2309 945 2350 993 τῇ

1329 1002 1440 1041 κτίσει
1465 998 1519 1051 ἦν,
1541 1004 1601 1041 καὶ
1627 1008 1649 1051 ἡ
1675 1003 1786 1047 κτίσις
1804 1003 1860 1042 διὰ
1879 1007 1941 1051 τῆς
1965 1003 2109 1047 κτίσεως
2127 1003 2263 1056 γέγονε,
2279 1007 2353 1046 πῶς

1331 1062 1366 1101 δὲ
1383 1063 1453 1101 Καὶ
1476 1067 1493 1101 ὁ
1519 1064 1647 1115 κόσμος
1664 1065 1763 1103 αὐτὸν
1788 1067 1848 1103 οὐκ
1862 1065 1971 1117 ἔγνω,
1996 1064 2058 1111 τὴν
2078 1064 2190 1103 κτίσιν
2205 1069 2226 1112 ἡ
2245 1065 2355 1108 κτίσις

1331 1126 1393 1160 οὐκ
1423 1123 1529 1175 ἔγνω;
1557 1123 1664 1163 εὈσοι
1692 1124 1727 1163 δὲ
1769 1125 1892 1163 ἔλαὸον
1929 1127 2043 1174 αὐτὸν,
2081 1126 2206 1164 ἔδωκεν
2243 1129 2355 1170 αὐτοῖς

1330 1183 1483 1227 ἐξουσίαν
1509 1184 1614 1223 τέκνα
1630 1187 1720 1224 Θεοῦ
1735 1185 1904 1237 γενέσθαι.
1922 1186 2012 1225 Ἀλλ’
2032 1188 2107 1232 ἅλις
2125 1192 2183 1226 τοῦ
2196 1187 2355 1240 γέλωτος.

1332 1243 1437 1294 εΥμῖν
1462 1244 1530 1298 γὰρ
1561 1245 1689 1297 ἀφίημι
1708 1246 1826 1283 λοιπὸν
1857 1245 2044 1290 ἐπεξελθεῖν
2077 1252 2119 1299 τῇ
2149 1251 2218 1287 τῶν
2246 1248 2357 1301 λόγων

1331 1307 1459 1346 τούτων
1486 1307 1646 1361 τερατείᾳ
1659 1338 1668 1355 ,
1689 1307 1745 1345 ἵνα
1769 1307 1816 1359 μὴ
1841 1308 1938 1346 αὐτοὶ
1957 1314 2056 1347 τοῦτο
2074 1309 2223 1360 δόξωμεν
2243 1325 2359 1362 προει-

1336 1373 1460 1423 ρῆσθαι
1481 1369 1520 1407 τὸ
1545 1371 1788 1421 γελωτοποιεῖν
1814 1369 1952 1418 ἁπλῶς,
1978 1370 2037 1408 καὶ
2055 1370 2113 1408 τὸν
2137 1370 2259 1423 χρόνον
2282 1372 2357 1419 εἰκῇ

1332 1429 1656 1484 παραναλώσωμεν.
1681 1432 1724 1469 Εἰ
1748 1430 1815 1483 γὰρ
1838 1431 1926 1482 μήτε
1958 1431 2039 1484 περὶ
2069 1436 2128 1470 τοῦ
2155 1431 2361 1483 Πνεύματος

1333 1496 1444 1530 ταῦτα
1460 1492 1619 1545 εἴρηται(
1634 1491 1752 1545 ὥσπερ
1771 1486 1827 1530 οἶν
1850 1492 1928 1531 οὐδὲ
1954 1493 2111 1545 εἴρηται,
2131 1492 2246 1536 καθὼς
2267 1496 2359 1531 ἀπο-

1336 1554 1541 1603 δέδεικται),
1559 1554 1646 1604 μήτε
1661 1553 1742 1607 περὶ
1768 1557 1830 1600 τῆς
1845 1553 2009 1601 κτίσεως,
2027 1554 2160 1606 ἔχοιντο
2181 1553 2215 1592 δὲ
2232 1554 2283 1592 ἔτι
2298 1557 2360 1601 τῆς

275 1632 375 1654 mum
394 1627 571 1668 sequetur,
594 1627 633 1655 ut
655 1617 830 1665 diximus,
859 1616 957 1667 quod
981 1616 1095 1654 Filius
1119 1630 1183 1668 per
1213 1630 1266 1654 se-
1287 1614 1312 1644 Ε
1336 1618 1442 1662 αὐτῆς
1470 1614 1695 1667 ἀναγνώσεως
1711 1630 1718 1638 ·
1740 1615 1805 1653 θτὸ
1834 1614 1973 1653 πάντων
2004 1614 2222 1668 ἀτοπώτερον
2252 1618 2361 1654 ἐκεῖνο

276 1679 395 1732 ipsum
411 1680 524 1717 faetus
540 1679 597 1717 sit.
616 1679 655 1717 Si
673 1679 767 1717 enim
791 1679 858 1716 lux
875 1693 959 1717 vera
974 1678 1087 1716 Filius
1107 1687 1179 1727 est3
1200 1678 1267 1716 lux

276 1750 394 1778 autem
416 1741 490 1779 haee
522 1741 597 1779 vita
620 1750 707 1787 erat,
731 1740 877 1790 vitaque
907 1739 943 1777 in
967 1739 1044 1791 ipso
1068 1740 1159 1776 facta
1180 1748 1232 1777 est
1254 1755 1263 1775 ε

278 1802 471 1840 necessario
494 1802 587 1840 illud
611 1802 839 1852 consequitur
861 1800 1056 1839 seeundum
1082 1815 1204 1838 eorum
1217 1801 1267 1838 le-

276 1863 439 1901 ctionem.
459 1863 544 1901 11100
560 1864 627 1901 hac
645 1863 786 1911 omissa,
802 1862 849 1900 ad
861 1862 1061 1913 legitimam
1082 1860 1267 1900 Veniamus

274 1925 461 1963 lectionem
478 1935 511 1963 et
530 1925 867 1977 interpretationem.
902 1924 1076 1970 Quaenam
1103 1922 1167 1960 illa
1192 1923 1267 1961 est?

276 1988 326 2024 [t
344 1986 378 2024 in
396 1987 471 2024 haec
487 1987 610 2035 verba,
637 1987 749 2037 Quod
762 1987 923 2040 sactum
949 1993 1020 2033 est,
1038 1983 1267 2021 terminemus

275 2049 484 2087 sententiam
506 2064 513 2086 :
536 2048 663 2087 deinde
679 2049 723 2086 ab
740 2048 807 2086 1100
828 2048 924 2086 dicto
953 2046 1191 2099 incipiamus,
1218 2049 1268 2084 In

277 2113 358 2162 ipso
374 2115 460 2149 vita
476 2120 572 2149 erat.
595 2111 670 2149 Hoc
702 2119 821 2148 autem
847 2111 908 2148 ille
932 2109 1012 2149 vult
1035 2108 1237 2160 significare
1257 2124 1264 2144 :

278 2171 368 2209 Sine
381 2174 462 2222 ipso
480 2172 630 2222 factum
651 2181 706 2210 est
725 2172 825 2210 nihil
854 2172 959 2223 quod
974 2171 1125 2222 factum
1141 2179 1209 2208 est.
1229 2168 1269 2207 Si

279 2232 381 2283 quid,
400 2233 529 2284 inquit,
545 2234 679 2271 factum
696 2242 760 2279 est,
781 2233 856 2270 sine
876 2232 952 2284 ipso
968 2232 1102 2268 factum
1118 2245 1186 2267 non
1204 2240 1267 2268 est.

280 2293 410 2333 Viden'
443 2294 620 2345 quomodo
652 2309 716 2347 per
746 2295 854 2333 breve
886 2294 954 2331 1100
986 2292 1269 2330 additamentum

278 2356 433 2395 absurda
452 2357 570 2395 omnia
589 2371 667 2408 quae
684 2356 839 2394 suboriri
862 2364 1025 2408 poterant
1043 2353 1270 2392 eliminavit?

278 2421 346 2458 Per
362 2420 400 2458 id
417 2421 512 2459 enim
539 2420 634 2471 quod
663 2420 798 2468 intulit,
817 2420 906 2458 Sine
935 2422 1015 2470 ipso
1031 2419 1190 2472 factum
1214 2425 1270 2455 est

281 2485 395 2531 nihil,
422 2494 455 2522 et
474 2499 538 2536 per
565 2483 657 2522 illud
684 2483 861 2531 additum,
888 2484 1003 2535 Quod
1017 2483 1178 2536 sactum
1203 2490 1270 2530 est,

280 2545 530 2583 intellectualia
559 2545 666 2583 simul
703 2544 991 2597 comprehendit,
1024 2543 1272 2595 Spiritumque

279 2606 470 2644 subtraxit.
495 2607 585 2644 Cum
601 2606 695 2644 enim
713 2606 876 2644 dixisset.
902 2607 1045 2644 Omnia
1062 2619 1130 2656 per
1148 2606 1272 2656 ipsum.

268 2669 390 2721 sacta
405 2676 506 2715 sunt,
522 2676 558 2705 et
572 2670 650 2705 sine
666 2670 747 2718 ipso
760 2669 910 2718 saccum
924 2667 1092 2706 estnihil
1108 2681 1121 2703 .-
1137 2680 1180 2703 ne
1193 2664 1273 2716 quis

280 2728 426 2776 diceret,
450 2728 487 2765 Si
503 2727 635 2773 omnia,
662 2742 745 2778 ergo
761 2727 918 2779 Spiritus
936 2743 1000 2780 per
1017 2727 1136 2780 ipsum
1159 2726 1272 2764 factus

280 2799 345 2834 est,
373 2789 439 2827 1100
467 2789 707 2826 additamento
738 2803 825 2840 opus
855 2789 932 2827 suit.
955 2789 1045 2840 Ego,
1074 2787 1214 2839 inquit,
1243 2786 1273 2825 si

281 2851 369 2900 quid
381 2852 513 2888 sactum
541 2859 606 2899 est,
624 2850 691 2887 1100
706 2864 766 2900 per
785 2849 903 2900 ipsum
923 2850 1056 2887 sactum
1073 2864 1146 2887 esse
1161 2849 1240 2888 dixi
1256 2863 1268 2898 3

279 2913 357 2950 sive
374 2912 570 2958 invisibile,
588 2911 663 2949 sive
683 2910 943 2962 incorporeum,
962 2910 1037 2947 sive
1056 2910 1091 2947 in
1109 2911 1194 2948 caelo
1218 2909 1269 2947 sa-

280 2983 377 3011 ctum
400 2973 456 3011 sit.
472 2973 555 3011 Ideo
574 2986 641 3010 non
671 2970 880 3023 simpliciter
906 2970 1023 3007 omnia
1041 2970 1139 3019 dixi5
1159 2970 1220 3008 sed
1239 2969 1268 3007 si

281 3035 369 3085 quid
387 3036 520 3072 factum
537 3043 587 3071 est
609 3049 616 3069 z
636 3033 703 3070 hoc
716 3041 780 3079 est,
795 3046 872 3082 quae
892 3032 982 3068 facta
1001 3040 1092 3068 sunt.
1113 3030 1268 3081 Spiritus

283 3111 367 3135 vero
383 3097 494 3134 sactus
513 3109 582 3133 non
597 3103 659 3143 est,
678 3092 810 3133 Viden'
828 3101 1029 3130 accuratam
1043 3091 1267 3129 doctrinam?

329 3245 345 3268 ‘¹
362 3244 462 3276 Smil-
482 3254 542 3281 πῶς
558 3245 606 3277 οὖν
623 3247 671 3277 οὐκ
691 3247 768 3276 ἔστιν
794 3242 877 3279 οὗτος
902 3249 978 3286 φῶς,
1006 3239 1098 3277 Οὗτος
1123 3237 1155 3270 1η
1182 3236 1298 3269 More}-

285 3294 503 3329 desideratur.

328 3349 341 3364 e
361 3339 462 3371 Suvit.
503 3345 537 3373 τὸ
562 3345 680 3373 πάντων
711 3345 913 3383 ἀτοπώτερον.
939 3335 993 3368 Sic
1018 3335 1094 3367 Mss.
1124 3333 1237 3367 Movet.
1266 3339 1299 3367 τὸ

289 3397 407 3426 πάντων
424 3398 629 3425 ἀτοπώτατον.

1333 1676 1475 1729 ἕψεται,
1499 1676 1584 1730 ὅπερ
1614 1676 1805 1729 ἔμπροσθεν
1837 1675 2037 1729 εἰρήκαμεν,
2067 1678 2105 1716 τὸ
2131 1676 2188 1714 τὸν
2211 1678 2293 1716 Υἱὸν
2316 1679 2358 1716 δι’

1334 1741 1456 1777 ἑαυτοῦ
1487 1741 1703 1790 γεγενῆσθαι.
1737 1739 1783 1775 Εἰ
1813 1736 1881 1789 γὰρ
1909 1738 1948 1775 τὸ
1985 1740 2055 1790 φῶς
2090 1738 2129 1776 τὸ
2161 1738 2320 1785 ἀληθινὸν
2344 1742 2361 1776 ὁ

1332 1799 1415 1843 Υἱός
1429 1802 1519 1847 ἐστι,
1535 1799 1574 1838 τὸ
1589 1798 1623 1838 δὲ
1635 1802 1706 1851 φῶς
1721 1802 1821 1837 τοῦτο
1835 1798 1905 1845 ζωὴ
1922 1793 1977 1846 ἦν,
1994 1803 2015 1846 ἡ
2031 1798 2065 1837 δὲ
2083 1799 2153 1847 ζωὴ
2169 1799 2306 1852 γέγονεν
2327 1802 2360 1838 ἐν

1335 1862 1447 1914 αὐτῷ·
1473 1861 1607 1913 ἀνάγκη
1637 1866 1734 1898 πᾶσα
1764 1863 1865 1897 τοῦτο
1889 1864 2133 1912 συνενεχθῆναι
2175 1860 2266 1899 κατὰ
2297 1860 2360 1907 τὴν

1335 1921 1472 1960 ἐκείνων
1489 1921 1694 1973 ἀνάγνωσιν.
1712 1921 1775 1959 Διὸ
1791 1919 1919 1967 ταύτην
1940 1920 2100 1973 ἀφέντες,
2117 1922 2174 1960 ἐπὶ
2192 1922 2254 1969 τὴν
2268 1938 2363 1961 νενο-

1286 1997 1317 2062 {Z
1337 1983 1506 2035 μισμένην
1524 1982 1677 2033 ἔλθωμεν
1696 1981 1889 2034 ἀνάγνωσίν
1911 1998 1947 2019 τε
1972 1981 2032 2019 καὶ
2048 1982 2221 2034 ἐξήγησιν.
2242 1982 2308 2027 Τίς
2327 1983 2363 2020 δέ

1337 2047 1427 2083 ἐστιν
1449 2043 1535 2091 αὕτη
1549 2060 1558 2091 ;
1577 2044 1629 2082 Τὸ
1649 2043 1753 2096 μέχρι
1766 2048 1825 2081 τοῦ
1836 2073 1846 2091 ,
1862 2042 1910 2081 dO
1922 2043 2072 2095 γέγονεν,
2090 2046 2290 2083 ἀναπαῦσαι
2305 2045 2362 2083 τὸν

1334 2106 1434 2158 λόγον
1449 2121 1456 2129 ·
1492 2101 1566 2144 εἶτα
1587 2105 1655 2143 ἀπὸ
1687 2108 1750 2151 τῆς
1776 2104 1852 2150 ἑξῆς
1887 2104 2010 2149 λέξεως
2035 2104 2205 2156 ἄρξασθαι
2221 2109 2283 2152 τῆς
2300 2108 2362 2144 λε-

1335 2167 1475 2220 γούσης,
1496 2166 1558 2205 Ἐν
1579 2168 1672 2219 αὐτῷ
1701 2165 1772 2213 ζωὴ
1809 2160 1863 2212 ἦν.
1890 2164 1939 2205 uO
1963 2165 2031 2219 γὰρ
2062 2166 2363 2218 λέγειῇτοιοῦτόν

1336 2233 1426 2269 ἐστι·
1455 2229 1572 2282 Χωρὶς
1603 2230 1705 2266 αὐτοῦ
1735 2227 1872 2280 γέγονεν
1893 2227 1967 2265 οὐδὲ
1990 2227 2024 2265 ἓν
2047 2227 2064 2266 ὃ
2084 2227 2234 2280 γέγονεν.
2266 2228 2313 2267 Εἴ
2330 2245 2364 2266 τι

1335 2291 1453 2343 γέγονε
1484 2292 1552 2328 τῶν
1580 2291 1745 2342 γενητῶν,
1760 2288 1876 2341 φησὶν,
1891 2290 1953 2326 οὐκ
1970 2288 2103 2340 ἐγένετο
2124 2289 2232 2342 χωρὶς
2249 2291 2364 2329 αὐτοῦ.

1336 2351 1444 2404 εΟρὶξις
1464 2354 1538 2394 πῶς
1553 2354 1596 2402 τῇ
1619 2349 1766 2403 βραχείᾳ
1782 2349 1888 2402 ταύτῃ
1918 2350 2100 2401 προσθήκῃ
2123 2350 2238 2389 πάντα
2260 2352 2366 2404 διωρ-

1338 2413 1473 2451 θώσατο
1490 2412 1534 2450 τὰ
1561 2415 1780 2465 ὑφορμοῦντα
1810 2411 1939 2458 ἄτοπα,
1973 2409 2062 2462 ”Τᾦ
2082 2410 2149 2463 γὰρ
2175 2413 2363 2464 ἐπαγαγεῖν

1337 2474 1390 2513 ὅτι
1418 2473 1535 2526 Χωρὶς
1556 2474 1659 2511 αὐτοῦ
1681 2471 1814 2522 ἐγένετο
1837 2473 1911 2509 οὐδὲ
1931 2470 1980 2519 ἓν,
2001 2470 2061 2509 καὶ
2081 2474 2301 2524 προσθεῖναι,
2316 2471 2365 2510 <xo

1338 2535 1472 2588 γέγονε,
1491 2534 1536 2572 τά
1561 2550 1599 2572 τε
1622 2532 1728 2580 νοητὰ
1741 2532 1926 2585 περιέλαὸε
1938 2562 1948 2580 ,
1967 2532 2027 2570 καὶ
2048 2530 2086 2569 τὸ
2103 2533 2250 2582 Πνεῦμα
2266 2532 2366 2576 ὑπεξ-

1338 2601 1438 2636 εῖλεν.
1469 2594 1615 2641 Ἐπειδὴ
1640 2594 1707 2648 γὰρ
1733 2588 1839 2642 εἶπεν,
1869 2594 1922 2633 ὅτι
1942 2594 2068 2633 Πάντα
2096 2594 2137 2631 δι’
2165 2597 2267 2632 αὐτοῦ
2294 2593 2366 2646 ἐγέ-

1337 2675 1435 2707 νετο,
1469 2657 1528 2696 καὶ
1563 2655 1671 2709 χωρὶς
1695 2658 1797 2694 αὐτοῦ
1828 2655 1960 2707 ἐγένετο
1979 2654 2055 2693 οὐδὲ
2083 2654 2139 2692 ἕν·
2158 2654 2215 2692 ἵνα
2237 2654 2286 2705 μή
2316 2671 2367 2698 τις

1339 2719 1418 2771 εἴπῃ
1432 2734 1439 2741 ·
1462 2720 1579 2757 οὐκοῦν
1598 2719 1627 2754 εἰ
1652 2715 1766 2755 πάντα
1787 2717 1829 2753 δι’
1850 2717 1954 2753 αὐτοῦ
1968 2746 1978 2764 ,
2011 2716 2123 2753 καὶτὸ
2145 2717 2291 2765 Πνεῦμα
2309 2715 2366 2766 γέ-

1338 2796 1433 2833 γονε,
1453 2782 1515 2826 τῆς
1536 2777 1736 2832 προσθήκης
1765 2777 1886 2823 ἐδεήθη
1916 2775 2055 2822 ταύτης.
2077 2774 2172 2827 Ἐγὼ
2192 2775 2282 2827 γὰρ,
2302 2791 2367 2828 φη-

1339 2843 1406 2892 σὶν,
1426 2842 1458 2881 εἴ
1481 2858 1515 2879 τι
1536 2839 1678 2892 γενητόν
1701 2842 1792 2885 ἐστι,
1819 2843 1918 2875 τοῦτο
1941 2831 2033 2875 εἷπον
2055 2837 2097 2874 δι’
2129 2839 2232 2875 αὐτοῦ
2263 2853 2366 2888 γεγε-

1338 2907 1480 2951 νῆσθαι,
1498 2902 1560 2941 κᾶν
1585 2901 1730 2951 ἀόρατον
1758 2894 1780 2951 ᾖ
1797 2928 1805 2946 ,
1830 2898 1892 2935 κᾶν
1914 2897 2113 2948 ἀσώματον,
2126 2897 2190 2935 κᾶν
2209 2902 2224 2918 ⁶
2238 2900 2271 2936 ἐν
2297 2904 2368 2942 τοῖς

1339 2968 1505 3018 οὐρανοῖς.
1522 2961 1590 3000 Διὰ
1608 2965 1707 2999 τοῦτο
1728 2961 1793 3011 οὐχ
1812 2960 1930 3002 ἁπλῶς
1960 2952 2054 2996 εἷπον
2075 2958 2209 2996 πάντα·
2231 2959 2307 2996 ἀλλ’
2339 2958 2371 2996 εἴ

1344 3044 1378 3066 τι
1392 3026 1529 3078 γέγονε,
1543 3021 1700 3061 τουτέστι
1715 3050 1725 3068 ,
1743 3021 1787 3059 τὰ
1806 3019 1945 3071 γενητά.
1970 3020 2022 3057 Τὸ
2045 3018 2080 3057 δὲ
2095 3021 2240 3069 Πνεῦμα
2256 3021 2292 3057 οὔ
2313 3035 2370 3070 γε-

1345 3086 1458 3135 νητόν,
1496 3077 1596 3127 Εἶδες
1631 3079 1856 3120 διδασκαλίαν
1886 3079 2150 3132 ἠκριὸωμένην,
2182 3078 2369 3130 Ἀνέμνησε

1408 3243 1421 3257 ss
1440 3229 1542 3264 Savll·
1563 3234 1650 3263 τοῦτο’
1667 3233 1739 3261 ἐστι.

1409 3285 1425 3309 b
1442 3294 1483 3328 τῷ
1500 3288 1569 3328 γάρ,
1587 3282 1633 3313 sic
1646 3282 1724 3312 Mss.
1743 3278 1887 3321 plurimi,
1907 3287 1939 3311 et
1964 3280 2009 3312 ita
2033 3277 2208 3323 legendnm
2226 3277 2370 3321 suspica-

1365 3335 1463 3367 batur
1479 3333 1579 3368 Savil.
1598 3331 1691 3365 Editi
1703 3337 1737 3365 τὸ
1754 3338 1822 3376 γάρ,

1408 3397 1420 3410 ⁰
1439 3386 1499 3417 Atii
1515 3391 1543 3419 ἐν
1560 3392 1618 3423 τοῖς
1632 3389 1806 3429 ἀνθρώποις.
