2481 3678
309 199 329 213 μ

273 216 361 246 230
714 216 752 245 S.
790 215 975 246 JOANMS
1012 215 1255 245 CHRYSOS'r.

273 310 352 333 rum
371 296 507 334 actione
520 297 686 334 feramus
711 297 859 349 Propter
879 306 1019 349 peecata
1038 296 1144 334 etiam
1166 296 1251 333 infe-

272 366 399 394 runtur
433 358 548 395 morbi
567 374 574 394 :
592 373 673 396 nam
695 358 731 396 in
762 359 865 397 libris
896 360 1033 410 Regum
1061 358 1253 409 quemdam
1281 369 1302 398 B

73 425 110 495 «ἒ
119 424 192 461 Reg.
211 424 257 454 ι5.
274 418 436 457 videmus
456 419 536 457 idco
550 419 708 472 podagra
728 421 959 459 laborantem.
977 421 1136 460 Veniunt
1148 420 1255 457 etiam

74 473 91 492 2
120 486 125 494 ι

274 489 312 517 ut
331 480 550 531 probatiores
560 481 772 531 reddamur3
792 481 878 519 hinc
910 482 1002 521 Jobo
1020 482 1107 520 dicit
1128 483 1224 519 Deus
1245 496 1251 517 :

72 542 139 570 1ῡῦ-
160 540 212 582 40·
228 542 334 578 &Ne
361 555 421 579 me
445 551 556 592 putes
586 543 702 580 aliter
719 545 774 580 sic
804 551 928 580 tecum
957 546 1088 595 egisse,
1113 546 1187 581 nisi
1216 552 1256 580 ut

266 604 394 653 justus
415 607 630 654 appareas?
649 603 721 641 Sed
734 618 799 641 cur
816 618 898 642 cum
916 603 960 642 de
972 605 1029 642 his
1048 604 1257 656 paralyticis

272 663 402 713 agitur,
441 674 582 715 peccata
618 665 653 702 in
691 665 850 703 medium
888 666 1051 704 Christus
1083 665 1256 704 adducit?

74 732 256 768 Jlauh.9.2.
272 726 363 762 Nam
377 734 409 762 et
426 725 481 763 illi
501 727 600 778 cujus
617 727 806 765 Matthaeus
825 728 986 766 meminit
1001 728 1062 777 ait,
1079 729 1253 781 Cortfide,

260 787 344 839 fili,
382 791 631 827 remittuntur
660 792 730 827 tibi
748 800 930 842 peccata;
951 800 984 828 et
1017 791 1115 841 huie,
1146 792 1253 837 Vide,

272 851 545 902 sanusfactus
582 864 634 896 es,
665 852 744 889 noli
774 853 940 904 amplius
965 867 1138 904 peccare.
1176 852 1258 890 Scio

271 912 444 962 quosdam
465 913 561 951 hunc
576 913 816 966 paralyticum
830 914 1025 961 criminari,
1041 914 1137 965 quod
1155 915 1259 952 Chri-

273 982 367 1011 stum
397 974 627 1023 accusaverit,
666 985 701 1013 et
735 976 815 1014 ideo
849 976 912 1013 illa
944 976 1089 1014 audisse
1121 976 1257 1014 dicunt.

274 1034 372 1081 Quid
405 1049 487 1086 crgo
522 1035 566 1073 (le
594 1037 790 1089 paralytico
822 1037 885 1075 illo
921 1037 1093 1085 dicemus,
1112 1037 1157 1074 de
1191 1051 1259 1087 quo

274 1096 479 1145 Matthaeus,
516 1097 578 1147 qui
612 1097 733 1134 eadem
763 1112 850 1149 pene
879 1097 1047 1135 audivit?
1083 1099 1176 1135 Nam
1207 1097 1261 1134 illi

275 1172 413 1208 quoque
435 1158 545 1204 dixit,
573 1161 836 1197 Remittuntur
854 1161 924 1197 tibi
951 1169 1126 1211 peccata.
1150 1159 1257 1197 Unde

273 1218 392 1269 palam
411 1227 462 1255 est
481 1233 561 1255 eum
582 1233 650 1256 non
676 1219 739 1256 illa
758 1219 803 1256 de
829 1233 931 1257 causa
950 1221 1025 1257 haec
1054 1219 1235 1259 audivisse
1252 1236 1259 1256 :

273 1279 371 1329 quod
390 1294 435 1317 ex
456 1280 683 1330 sequentibus
704 1281 833 1319 clarius
862 1281 1015 1320 ediscere
1030 1282 1125 1320 licet.
1148 1285 1261 1321 Post-

274 1356 321 1379 ea
341 1342 449 1389 enim,
472 1342 602 1392 inquit,
637 1346 783 1381 invenit
799 1347 939 1381 eumin
956 1345 1097 1396 templo
1113 1345 1226 1382 ‚Iesus
1247 1360 1258 1380 :

275 1402 371 1453 quod
393 1417 474 1441 sane
492 1403 634 1455 pietatis
656 1404 798 1456 signum
824 1414 907 1443 erat.
930 1407 1009 1443 Non
1032 1405 1125 1443 enim
1144 1406 1261 1443 forum
1291 1424 1295 1426 >

275 1473 308 1501 et
331 1465 533 1502 ambulacra
556 1465 709 1517 petebat,
743 1480 856 1517 neque
890 1466 969 1504 cibo
1001 1475 1033 1504 et
1059 1466 1206 1504 desidiae
1227 1480 1263 1503 se

277 1525 444 1573 dedebat,
468 1525 529 1563 sed
558 1526 593 1563 in
615 1527 746 1578 templo
779 1527 931 1578 degebat
954 1543 962 1563 :
990 1527 1127 1565 etiamsi
1162 1527 1263 1565 illinc

280 1601 315 1624 se
336 1587 381 1624 ab
400 1587 566 1624 omnibus
584 1587 792 1639 pellendum
817 1597 1047 1640 exspectaret,
1078 1588 1170 1626 nihil
1194 1588 1263 1640 ipsi

281 1648 410 1695 suasit,
430 1656 468 1684 ut
496 1661 515 1684 a
541 1648 673 1699 templo
692 1647 898 1686 discederet.
923 1649 1014 1686 Cum
1046 1663 1130 1700 ergo
1160 1649 1263 1686 Chri-

281 1718 355 1747 stus
392 1709 494 1746 illum
540 1708 731 1747 invenisset
775 1718 960 1761 postquam
998 1724 1080 1747 cum
1127 1710 1262 1750 Judaeis

281 1771 450 1821 loquutus
479 1770 604 1818 fuerat,
640 1770 732 1807 nihil
768 1770 977 1823 hujusmodi
1010 1771 1262 1810 subindicavit.

282 1831 390 1877 Quod
410 1831 439 1868 si
455 1831 522 1868 hac
544 1831 589 1868 de
604 1845 640 1868 re
654 1831 757 1868 illum
771 1846 935 1869 accusare
955 1832 1134 1881 voluisset,
1149 1831 1263 1869 dixis-

280 1903 331 1931 set
350 1893 402 1929 illi
428 1908 435 1928 τ
462 1893 598 1930 Rursus
623 1892 659 1930 in
681 1892 806 1931 iisdem
822 1893 994 1945 persistis,
1009 1908 1071 1931 nee
1097 1907 1142 1932 ex
1165 1908 1264 1931 recu-

281 1963 401 2007 perata
417 1954 620 1993 valetudine
654 1955 766 1992 faetus
786 1969 822 1992 cs
842 1954 995 1992 melior?
1017 1956 1155 1994 Verum
1174 1955 1265 1992 nihil

282 2015 369 2053 dicit
403 2016 639 2068 hujusmodi,
680 2016 742 2054 sed
778 2016 814 2053 in
851 2025 1031 2068 posterum
1075 2016 1266 2054 cautiorem

283 2077 412 2115 reddit.

337 2310 373 2345 2.
404 2308 477 2345 Cur
496 2316 613 2345 autem
637 2321 719 2344 eum
745 2307 891 2345 claudos
920 2316 953 2344 et
982 2307 1127 2344 mutilos
1155 2317 1267 2352 curat,

286 2368 375 2405 nihil
396 2367 604 2420 hujusmodi
623 2367 809 2418 loquitur?
832 2368 925 2405 Mihi
965 2367 1109 2418 quidem
1126 2367 1269 2405 videtur

284 2429 340 2466 his
364 2428 509 2480 quidem
539 2427 703 2466 morbum
733 2428 768 2465 in
798 2437 1023 2480 peecatorum
1044 2442 1184 2479 poenam
1206 2442 1266 2466 ve·

285 2490 390 2539 nisse,
411 2490 491 2527 aliis
512 2503 595 2528 vero
615 2504 659 2527 ex
682 2503 848 2541 corporea
866 2489 1084 2527 infirmitate.
1106 2488 1184 2526 Nisi
1204 2489 1270 2526 hoc

286 2560 386 2598 esset,
406 2551 494 2588 alios
526 2565 665 2601 quoque
691 2551 813 2589 eadem
848 2550 892 2588 de
925 2564 1031 2588 causa
1066 2550 1272 2601 alloquutus
1298 2563 1318 2592 Ε

286 2612 419 2650 suisset.
441 2613 532 2649 Cum
546 2613 641 2650 enim
654 2613 715 2650 hie
726 2613 872 2651 morbus
888 2622 1097 2650 caeterorum
1109 2612 1270 2649 omnium

288 2674 332 2711 sit
354 2673 595 2724 gravissimus,
616 2690 677 2726 per
699 2689 781 2712 eum
803 2675 911 2712 etiam
939 2673 1139 2712 minoribus
1156 2687 1270 2711 reme-

286 2735 389 2772 dium
419 2735 563 2785 praebet.
593 2736 693 2773 Sicut
719 2736 813 2773 enim
833 2750 914 2774 cum
943 2736 1056 2773 alium
1084 2735 1272 2786 quemdam

288 2795 497 2843 curavisset,
517 2797 682 2848 praecepit
695 2797 726 2833 ei
743 2806 782 2834 ut
797 2796 896 2835 daret
910 2797 1060 2848 gloriam
1081 2799 1155 2835 Deo
1166 2812 1177 2847 3
1203 2811 1272 2834 non

290 2858 344 2895 illi
360 2857 424 2895 soli
445 2857 513 2895 boc
534 2858 708 2895 monitum
730 2859 832 2907 dans,
853 2860 914 2898 sed
943 2874 1006 2912 per
1037 2860 1142 2897 illum
1159 2859 1273 2897 omni-

290 2920 377 2957 bus:
403 2919 453 2957 sic
477 2934 540 2971 per
561 2919 624 2956 lios
649 2920 755 2957 ctiam
777 2930 918 2959 caeteros
947 2936 1067 2959 omnes
1092 2922 1273 2972 hortatur,

1296 215 1482 244 Atzcnmt’
1492 234 1500 243 .

1541 215 1900 244 CONSTANTINOP-

1325 296 1448 347 θυμίας
1493 296 1658 347 γίγνεται.
1695 295 1763 333 Καὶ
1795 297 1863 349 γὰρ
1891 296 1949 333 καὶ
1979 295 2240 347 γαστριμαργία
2288 296 2347 333 καὶ

1328 358 1414 408 μέθη
1430 357 1489 395 καὶ
1505 357 1610 410 ἀργία
1623 357 1667 394 τὰ
1686 361 1830 395 τοιαῦτα
1843 358 1999 396 τίκτουσι
2011 357 2117 405 πάθη.
2133 360 2195 395 Δεῖ
2207 357 2243 396 δὲ
2258 373 2348 396 παν-

1327 422 1436 471 ταχοῦ
1463 420 1637 471 διατηρεῖν
1667 418 1701 456 ἓν
1732 419 1845 469 μόνον,
1876 418 1965 457 ὥστε
1993 418 2206 471 εὐχαρίστως
2234 419 2348 470 φέρειν

1327 486 1442 518 πᾶσαν
1453 479 1606 531 πληγήν(
1621 479 1779 531 Γίγνεται
1790 479 1825 517 δὲ
1839 480 1898 517 καὶ
1911 482 1954 518 δι’
1966 480 2217 532 ἁμαρτήματα,
2230 479 2349 533 ὥσπερ

1329 542 1386 579 καὶ
1402 543 1436 579 ἐν
1456 547 1530 584 ταῖς
1549 541 1747 584 Βασιλείαις
1767 540 1902 593 ὁρῶμέν
1919 557 1996 579 τινα
2015 541 2188 593 ποδαλγίᾳ
2208 546 2347 578 ἱ’κοιτα-

1329 603 1495 655 σχεθέντα
1510 602 1566 640 διὰ
1585 607 1698 641 τοῦτο,
1720 602 1883 654 Γίγνεται
1910 602 1946 640 δὲ
1970 603 2028 640 καὶ
2046 604 2088 641 δι’
2112 602 2348 652 εὐδοκίμησιν,

1328 663 1446 716 ὥσπερ
1459 667 1509 716 τῷ
1529 662 1611 702 ’Ic-35
1628 678 1731 715 φησιν
1746 668 1763 702 ὁ
1780 663 1870 706 Θεός
1883 679 1890 686 ·
1918 663 1979 710 Μὴ
2000 663 2112 707 ἄλλως
2140 679 2195 702 σοι
2222 663 2285 702 οἴει
2307 678 2349 714 με

1329 724 1647 777 κεχρηματικέναι,
1672 725 1694 771 ἢ
1719 724 1775 762 ἵνα
1800 728 1978 777 ἀναφανῇς
2007 724 2154 771 δίκαιος;
2184 723 2287 762 Ἀλλὰ
2317 723 2350 761 τί

1330 786 1460 832 δήποτε
1486 786 1543 824 ἐπὶ
1567 790 1635 824 τῶν
1658 788 1906 838 παραλυτικῶν
1932 785 2060 824 τούτων
2090 785 2150 828 τὰς
2179 785 2352 837 ἁμαρτίας

1330 850 1378 892 εἷς
1398 848 1503 898 μέσον
1523 849 1618 900 φέρει
1641 852 1658 886 ὁ
1677 847 1845 900 Χριστός,
1875 848 1945 886 Καὶ
1972 847 2039 900 γὰρ
2066 847 2124 885 καὶ
2158 847 2278 899 ἐκείνῳ
2303 849 2352 898 τῷ

1330 909 1425 961 παρὰ
1452 912 1502 962 τῷ
1530 909 1702 961 Ματθαίῳ
1729 909 1878 961 κειμένῳ
1903 909 2018 961 λέγει·
2041 909 2199 961 Θάρσει,
2219 907 2352 955 τέκνον,

1331 970 1504 1022 ἀφέωνταί
1535 987 1594 1009 σου
1622 974 1656 1009 αἱ
1687 971 1879 1022 ἁμαρτίαι·
1900 971 1959 1008 καὶ
1989 970 2123 1022 τούτῳ,
2156 969 2227 1008 Ἴδε
2255 969 2352 1021 ὑγιὴς

1329 1030 1492 1082 γέγονας,
1521 1031 1648 1081 μηκέτι
1677 1032 1867 1084 ἁμάρτανε.
1898 1033 1968 1071 Καὶ
1995 1026 2072 1070 οἶδα
2101 1031 2162 1082 μὲν
2191 1032 2243 1070 ὅτι
2263 1031 2352 1074 τινὲς

1330 1091 1388 1130 τὸν
1407 1093 1605 1144 παράλυτον
1631 1097 1752 1131 τοῦτον
1776 1094 2021 1136 διαὸάλλοντές
2050 1109 2152 1146 φασιν
2172 1094 2273 1131 αὐτὸν
2293 1096 2352 1131 τοῦ

1330 1153 1483 1204 Χριστοῦ
1509 1152 1668 1203 γενέσθαι
1698 1154 1903 1206 κατήγορον,
1938 1155 1996 1192 καὶ
2031 1155 2086 1192 διὰ
2117 1158 2218 1192 τοῦτο
2243 1159 2354 1192 ταῦτα

1332 1213 1535 1259 ἀκηκοέναι.
1552 1213 1599 1250 Τί
1612 1208 1668 1251 οῦν
1686 1214 1766 1265 περὶ
1783 1215 1913 1252 ἐκείνου
1930 1220 1989 1252 τοῦ
2006 1214 2102 1266 παρὰ
2117 1218 2166 1266 τῷ
2180 1215 2352 1266 Ματθαίῳ

1331 1272 1376 1309 τὰ
1406 1272 1493 1310 αὐτὰ
1522 1274 1646 1325 σχεδὸν
1672 1273 1883 1318 ἀκούσαντος
1914 1276 2076 1326 ἐροῦμεν,
2098 1275 2167 1313 Καὶ
2198 1274 2265 1328 γὰρ
2296 1275 2354 1313 καὶ

1333 1333 1452 1386 ἐκείνῳ
1468 1328 1561 1372 εἶπεν
1573 1350 1580 1357 ·
1598 1335 1785 1388 Ἀφέωνταί
1802 1352 1861 1375 σου
1879 1338 1914 1374 αἱ
1928 1336 2110 1388 ἁμαρτίαι.
2123 1335 2230 1375 εὈθεν
2252 1337 2354 1383 δῆλον

1331 1394 1384 1432 ὅτι
1412 1395 1489 1434 οὐδὲ
1519 1390 1616 1440 οὗτος
1640 1396 1771 1444 ταύτης
1791 1396 1906 1435 ἕνεκεν
1932 1400 1994 1443 τῆς
2026 1397 2220 1441 ὑποθέσεως
2245 1401 2355 1435 ταῦτα

1331 1455 1449 1502 ἤκουε.
1473 1456 1569 1495 ι’Καὶ
1590 1462 1689 1496 τοῦτο
1709 1459 1768 1497 καὶ
1787 1461 1827 1496 ἐκ
1845 1462 1914 1497 τῶν
1934 1459 2159 1510 ἐπαγομένων
2181 1459 2352 1512 σαφέστε-

1336 1517 1391 1569 ρόν
1410 1519 1484 1555 ἐστι
1504 1523 1636 1569 μαθεῖν.
1664 1519 1766 1557 Μετὰ
1793 1523 1903 1558 ταῦτα
1931 1520 2025 1572 γὰρ,
2052 1521 2174 1573 φησὶν,
2205 1520 2356 1572 εὑρίσκει

1334 1576 1433 1615 αὐτὸν
1456 1579 1490 1615 ἐν
1504 1581 1554 1631 τῷ
1567 1581 1649 1631 ἱερῷ
1669 1582 1686 1616 ὃ
1708 1578 1843 1625 Ἰησοῦς
1856 1595 1863 1602 ·
1883 1579 1967 1631 ὅπερ
1991 1578 2156 1630 μεγίστης
2175 1579 2356 1622 εὐλαὸείας

1335 1639 1478 1689 σημεῖόν
1500 1642 1605 1677 ἐστιν.
1629 1641 1681 1678 Οὐ
1704 1640 1772 1692 γὰρ
1793 1640 1969 1693 ἐχώρησεν
1990 1643 2037 1684 εἷς
2055 1640 2182 1692 ἀγορὰς
2206 1641 2266 1678 καὶ
2292 1655 2354 1678 πε·

1337 1700 1520 1751 ριποίτους,
1541 1700 1618 1739 οὐδὲ
1636 1705 1748 1753 τρυφῇ
1769 1702 1828 1739 καὶ
1844 1701 1959 1739 ἀνέσει
1974 1702 2099 1739 ἔδωκεν
2119 1701 2253 1739 ἑαυτὸν·
2274 1703 2352 1739 ἀλλ’

1335 1762 1370 1797 ἐν
1385 1763 1435 1813 τῷ
1458 1764 1540 1814 ἱερῷ
1558 1762 1672 1813 διῆγε·
1688 1761 1802 1800 καίτοι
1816 1778 1854 1813 γε
1874 1761 2045 1808 τοσαύτην
2069 1761 2206 1812 μέλλων
2223 1762 2356 1813 ὑπομέ-

1335 1837 1402 1859 νειν
1431 1821 1562 1874 ἔφοδον,
1592 1822 1650 1860 καὶ
1674 1821 1770 1874 παρὰ
1793 1822 1934 1861 πάντων
1960 1822 2162 1861 ἐλαύνεσθαι
2191 1825 2356 1861 ςέκεῖθεν.

1337 1882 1412 1919 ἀλλ’
1429 1881 1524 1920 οὐδὲν
1538 1881 1668 1920 τούτων
1688 1883 1823 1921 ἔπεισεν
1845 1882 1947 1920 αὐτὸν
1965 1886 2158 1929 ἀποστῆναι
2173 1888 2233 1922 τοῦ
2251 1887 2354 1935 ἱεροῦ.

1336 1941 1460 1995 Εὓρὼν
1475 1943 1588 1980 τοίνυν
1601 1943 1702 1981 αὐτὸν
1719 1946 1736 1981 ὁ
1755 1943 1906 1995 Χριστὸς
1925 1943 1984 1982 καὶ
2002 1944 2091 1994 μετὰ
2106 1944 2145 1982 τὸ
2166 1945 2355 1996 διαλεχθῆ-

1338 2021 1393 2042 ναι
1420 2010 1490 2048 τοῖς
1520 2005 1720 2053 Ἰουδαίοις,
1750 2006 1846 2044 οὐδὲν
1875 2009 2029 2044 τοιοῦτον
2062 2005 2214 2057 ᾐνίξατο.
2244 2008 2288 2044 Εἰ
2319 2006 2353 2044 δὲ

1338 2070 1438 2104 τοῦτο
1468 2067 1625 2117 ἐγκαλεῖν
1654 2067 1787 2114 ἤθελεν,
1820 2061 1913 2105 εἶπεν
1940 2067 1980 2105 ἂν
2000 2068 2086 2120 πρὸς
2105 2068 2208 2106 αὐτόν
2224 2084 2232 2092 ·
2252 2069 2357 2106 πάλιν

1338 2133 1408 2170 τοῖς
1422 2128 1535 2170 αὐτοῖς
1557 2129 1760 2179 ἐπιχειρεῖς,
1784 2129 1843 2166 καὶ
1871 2128 1948 2166 οὔτε
1975 2132 2017 2181 τῇ
2036 2130 2201 2182 θεραπείᾳ
2217 2130 2359 2182 γέγονας

1339 2188 1506 2239 βελτίων,
1528 2187 1617 2225 Ἀλλ’
1652 2189 1749 2227 οὐδὲν
1777 2189 1907 2227 τούτων
1938 2183 2046 2238 εἶπεν,
2081 2191 2171 2228 ἀλλὰ
2204 2190 2290 2243 πρὸς
2321 2192 2360 2229 τὸ

1339 2249 1464 2300 μέλλον
1486 2248 1588 2286 αὐτὸν
1611 2250 1839 2301 ἀσφαλίζεται
1856 2250 1969 2301 μόνον.

1392 2309 1439 2348 Τί
1456 2310 1586 2356 δήποτε
1614 2305 1670 2348 οῦν
1690 2311 1747 2348 καὶ
1767 2310 1901 2363 χωλοὺς
1930 2312 1988 2349 καὶ
2015 2311 2159 2355 κυλλοὺς
2189 2314 2361 2362 θεραπεύ-

1340 2387 1401 2415 σας
1414 2402 1423 2420 ,
1444 2372 1594 2422 οὐδαμοῦ
1610 2371 1737 2410 τούτων
1753 2371 2030 2422 ἐμνημόνευσεν,
2047 2372 2151 2423 Ἰίμοὶ
2170 2374 2263 2412 δοκεῖ
2282 2375 2359 2413 τού-

1340 2449 1410 2476 τοις
1439 2432 1500 2484 μὲν
1531 2432 1564 2477 ἐξ
1596 2433 1860 2484 ἁμαρτημάτων
1895 2433 1939 2471 τὰ
1976 2433 2157 2484 νοσήματα
2185 2436 2362 2486 γενέσθαι,

1340 2500 1410 2537 τοῖς
1430 2493 1464 2531 δὲ
1484 2493 1601 2536 ἄλλοις
1624 2492 1658 2530 ἐξ
1681 2493 1858 2536 ἀσθενείας
1876 2496 2034 2546 φυσικῆς.
2061 2496 2100 2532 Εἰ
2118 2494 2153 2532 δὲ
2176 2495 2223 2546 μὴ
2239 2500 2339 2534 τοῦτο
2353 2525 2362 2541 ,

1342 2555 1400 2594 καὶ
1416 2561 1485 2598 τοῖς
1504 2554 1620 2598 ἄλλοις
1645 2554 1702 2593 διὰ
1717 2555 1847 2593 τούτων
1879 2555 1938 2593 καὶ
1958 2558 2025 2593 τῶν
2046 2556 2131 2608 πρὸς
2159 2557 2291 2600 τούτοις
2311 2559 2360 2595 εἰ-

1344 2617 1500 2669 ρημένων
1519 2614 1691 2667 διελέχθη.
1708 2615 1854 2662 Ἐπειδὴ
1875 2614 1941 2667 γὰρ
1956 2619 2024 2653 τῶν
2038 2616 2152 2654 ἄλλων
2172 2617 2310 2654 πάντων
2324 2617 2363 2655 τὸ

1343 2677 1481 2728 νόσημα
1497 2680 1598 2714 τοῦτο
1617 2676 1875 2729 χαλεπώτερον,
1893 2676 1948 2714 διὰ
1980 2680 2039 2714 τοῦ
2072 2677 2225 2727 μείζονος
2242 2678 2300 2715 καὶ
2318 2678 2362 2716 τὰ

1344 2739 1511 2777 ἐλάττονα
1540 2740 1746 2790 διορθοῦται.
1773 2737 1912 2789 Ἵὶσπερ
1942 2738 2008 2789 γὰρ
2039 2738 2253 2790 θεραπεύσας
2285 2739 2362 2777 τινὰ

1345 2801 1473 2853 ἕτερον,
1494 2799 1706 2852 παρήγγειλε
1728 2800 1842 2837 δοῦναι
1863 2798 1961 2843 δόξαν
1982 2802 2031 2851 τῷ
2051 2801 2153 2851 Θεῷ,
2168 2802 2230 2838 οὐκ
2243 2800 2363 2853 ἐκείνῳ

1348 2862 1440 2913 μόνῳ
1456 2865 1566 2898 ταῦτα
1597 2862 1786 2912 παραινῶν,
1813 2860 1904 2898 ἀλλὰ
1933 2860 1991 2898 καὶ
2027 2862 2069 2898 δι’
2092 2861 2222 2899 ἐκείνου
2238 2868 2361 2899 πᾶσιν·

1347 2923 1436 2961 οὕτω
1450 2922 1508 2960 καὶ
1521 2921 1653 2964 τούτοις
1670 2920 1726 2958 διὰ
1739 2920 1868 2959 τούτων
1880 2928 1966 2959 πᾶσι
1995 2922 2136 2965 καὶτοῖς
2153 2923 2288 2966 λοιποῖς
2299 2939 2365 2961 πα-

290 2990 325 3018 et
352 2981 429 3018 haec
458 2980 591 3018 monita
609 2980 670 3018 (lat
699 2981 861 3031 singulis.
904 2982 959 3019 Ad
982 2983 1058 3021 haec
1080 2984 1146 3022 hoc
1168 2984 1274 3022 etiam
1288 3017 1334 3042 218
1351 2984 1528 3038 ραίνεικαὶ
1546 2982 1773 3033 συμὸουλεύει
1791 2987 1918 3028 ταῦτα,
1940 2982 1961 3020 ἃ
1982 2983 2039 3020 καὶ
2059 2983 2144 3035 πρὸς
2159 2983 2299 3027 τούτους
2319 2984 2366 3022 εἴ-

290 3042 505 3091 addendum,
525 3043 643 3095 ipsum
664 3056 787 3094 nempe
806 3057 970 3093 magnam
1004 3045 1080 3096 ejus
1108 3060 1273 3097 perseve-
1301 3054 1324 3083 A
1350 3061 1446 3098 ρηκε.
1459 3044 1554 3096 Πρὸς
1566 3043 1600 3082 δὲ
1616 3043 1915 3091 τούτοις,κάκεῖνό
1927 3045 2019 3081 ἐστιν
2033 3044 2219 3093 εἷπεῖν,ὁ’ἐι
2232 3045 2366 3091 πολλὴν

295 3104 444 3141 rantiam
463 3103 596 3142 vidisse
615 3119 621 3139 :
645 3103 794 3154 ideoque
810 3103 913 3141 illum
935 3114 1052 3142 monet
1067 3115 1105 3143 ut
1120 3107 1179 3157 qui
1195 3122 1275 3158 pos-

293 3167 338 3203 sit
359 3166 567 3204 mandatum
595 3180 749 3216 servare,
781 3175 883 3216 atque
910 3166 1013 3203 illum
1040 3167 1211 3207 beneficio
1242 3178 1276 3207 et

295 3228 494 3266 futurorum
511 3228 636 3265 timore
658 3227 834 3265 malorum
855 3227 889 3265 in
920 3242 1003 3265 sana
1026 3238 1140 3267 mente
1159 3230 1275 3268 conti-

338 3358 350 3370 ⁸
377 3347 477 3380 Savil.
499 3355 730 3382 zuwsere'um..
752 3355 861 3390 γίνεται
878 3352 918 3382 δέ.

341 3402 356 3422 ¹*
374 3399 433 3431 Alii
453 3406 499 3434 καὶ
523 3409 608 3434 τοῦτο
623 3406 669 3434 καὶ
686 3404 826 3445 ἑτέρωθεν
845 3405 911 3443 ἡμῖν
930 3405 958 3433 ἐκ
977 3411 1042 3434 τῶν.

1348 3108 1473 3146 ἐνεῖδεν
1495 3108 1598 3145 αὐτοῦ
1616 3108 1659 3157 τῇ
1683 3108 1777 3157 ψυχῇ
1796 3105 1859 3151 τὴν
1879 3105 2080 3158 καρτερίαν,
2102 3106 2160 3143 καὶ
2189 3109 2234 3150 ὡς
2265 3107 2367 3144 δυνα-

1350 3169 1441 3222 μένῳ
1459 3169 1498 3206 τὸ
1514 3167 1747 3221 παράγγελμα
1772 3166 1932 3211 δέξασθαι
1949 3174 2130 3218 παραινεῖ,
2149 3171 2190 3219 τῇ
2211 3183 2248 3205 τε
2268 3169 2366 3219 εὐερ-

1348 3230 1447 3281 γεσίᾳ
1468 3229 1527 3267 καὶ
1545 3231 1594 3281 τῷ
1615 3228 1710 3280 φόὸῳ
1740 3229 1808 3266 τῶν
1844 3228 2039 3278 μελλόντων
2061 3231 2178 3267 κακῶν
2208 3229 2367 3281 κατέχων

1414 3361 1427 3374 ¹2
1443 3350 1540 3382 Savil.
1564 3355 1629 3383 ἐκεῖ.
