2481 3678
2134 189 2154 199 v

708 206 751 235 iu
789 206 996 236 somnum
1033 206 1192 236 HOMIL.
1231 206 1357 235 xxm,
1395 190 1455 234 al.
1494 204 1604 234 xxu.
2104 198 2184 250 157

113 291 194 327 σΟαι
216 291 370 340 ἀνιστᾷν,
401 287 460 326 καὶ
487 289 627 339 ἀνιστᾷν
650 286 768 331 οὕτως.
788 287 855 326 Διὰ
870 292 970 326 τοῦτο
991 288 1050 326 καὶ
1066 287 1136 325 Πέ-
1209 284 1454 336 intelligebant
1472 301 1478 321 :
1496 285 1556 322 sed
1576 285 1778 334 cogitabant
1793 286 1883 322 intra
1898 286 2035 334 sequid
2054 286 2118 323 hoc
2140 301 2189 324 es-

112 366 190 402 τρος
207 349 397 400 ἐπετιμήθη
412 379 421 396 ,
442 347 559 394 ἐπειδὴ
575 347 670 386 οὐδὲν
694 347 790 393 εἰδὼς
805 349 884 401 περὶ
903 348 1135 395 ἀναστάσεως,
1207 355 1270 384 set.
1287 346 1379 383 Nam
1397 345 1611 397 stupendum
1633 355 1665 383 et
1685 346 1963 397 inexspectatum
1988 355 2071 393 erat,
2097 348 2191 396 quod

113 411 226 463 ἔλεγεν
239 427 246 435 ·
265 409 388 453 Ἵλεώς
413 426 478 448 σοι.
500 410 570 448 Καὶ
591 409 666 448 οὐδὲ
682 414 698 448 ὁ
716 410 867 462 Χριστὸς
881 410 950 462 πρὸ
968 415 1026 448 τοῦ
1041 410 1135 461 πρά-
1208 405 1408 455 dicebatur,
1439 406 1536 456 quod
1564 420 1688 459 nempe
1706 407 1884 458 quispiam
1904 420 1976 444 sese
2002 416 2113 458 posset
2139 422 2191 444 rc-

110 488 242 523 γματος
258 472 372 515 αὐτοῖς
386 471 587 522 ἀπεκάλυψε
601 476 699 510 τοῦτο
721 474 855 522 σαφῶς,
878 469 934 507 ἵνα
956 469 1004 520 μὴ
1027 486 1134 508 σκαν-
1208 467 1391 517 suscitare,
1412 476 1518 517 atque
1536 467 1597 505 1110
1614 468 1720 506 modo
1731 468 1950 506 resuscitare.
1967 467 2050 505 Ideo
2070 468 2192 505 Petrus

113 533 321 571 δαλισΟῶσιν
346 534 379 570 ἐν
403 534 496 583 ἀρχῇ
526 533 783 574 διαπιστοῦντες
800 533 850 582 τῷ
871 528 1046 582 λεγομένῳ
1077 529 1133 568 διὰ
1207 527 1409 581 increpatus
1423 528 1504 579 fuit,
1526 529 1716 579 quodcum
1735 529 1826 566 nibil
1838 537 1954 566 nosset
1976 527 2021 566 de
2040 542 2193 565 resurre-

109 592 150 630 τὸ
175 591 263 630 πολὺ
282 592 488 645 παράδοξον,
504 592 564 630 καὶ
583 591 728 642 μηδέπω
749 592 866 642 σαφῶς
889 589 989 628 αὐτὸν
1007 589 1133 628 εἰδέναι
1208 588 1339 640 ctione,
1360 588 1494 626 diecret
1514 603 1522 626 :
1540 592 1736 641 Propitius
1752 599 1831 627 esto
1852 591 1934 627 tibi.
1951 589 2073 639 Neque
2087 588 2193 626 Chri-
2212 595 2320 622 alaim.
2344 595 2389 624 16.

93 651 204 699 ,ὅστις
222 652 326 691 ἐστίν.
350 654 434 697 Τοῖς
457 652 518 704 μὲν
546 653 614 705 γὰρ
634 652 691 690 διὰ
709 654 777 688 τῶν
796 650 1014 702 πραγμάτων
1043 653 1134 701 βοω-
1206 659 1282 688 stus
1293 659 1374 688 ante
1390 665 1462 689 rem
1473 651 1588 702 ipsam
1600 651 1668 689 lioc
1684 651 1771 689 illlis
1791 651 1976 699 revelavit,
1996 664 2038 688 ne
2057 650 2128 688 illis
2142 650 2193 688 of·
2207 644 2256 665 ²²*

113 711 227 762 μένοις
242 713 348 757 οὐδεὶς
371 714 410 751 ἂν
426 712 682 758 διαπιστήσειε·
702 717 772 754 τοῖς
794 710 829 748 δὲ
851 710 908 749 διὰ
928 713 996 748 τῶν
1023 711 1134 763 λόγων
1206 711 1388 750 sendiculo
1407 721 1510 761 esset,
1531 713 1592 764 qui
1616 712 1718 750 initio
1737 712 1803 750 vix
1824 712 1934 750 fidem
1953 712 2130 749 habebant
2153 712 2195 749 iis

111 774 308 825 λεγομένοις
339 776 427 819 εἰκὸς
455 769 496 822 ἦν
524 790 619 816 τινας
645 773 849 810 διαπιστεῖν.
881 771 950 810 Διὰ
975 777 1075 811 τοῦτο
1097 776 1135 811 ἐκ
1176 797 1179 800 -
1209 785 1289 822 quae
1317 772 1542 822 dicebantur,
1573 773 1670 824 quod
1683 787 1722 811 ea
1742 773 1937 810 admodum
1958 773 2197 824 inexspectata

112 832 253 886 πρώτης
276 834 368 873 εἴασε
386 833 710 887 συγκεκαλυμμένον
729 826 816 871 εἶναι
840 833 896 871 τὸν
913 832 1026 884 λόγον.
1046 832 1136 872 εΌτε
1161 843 1184 873 Β
1210 841 1336 883 essent,
1369 847 1482 883 neque
1510 833 1604 871 clare
1631 834 1759 871 scirent
1784 833 1863 884 quis
1896 843 1984 871 esset
2004 835 2117 873 Jesus.
2149 834 2197 870 lis

113 893 148 932 δὲ
177 893 233 932 διὰ
253 898 315 941 τῆς
330 894 452 946 πείρας
477 894 562 947 πρὸς
576 892 637 940 τὴν
666 892 828 939 ἀλήθειαν
845 893 955 945 ἤγαγε
976 893 1020 931 τὰ
1037 895 1134 946 εἷρη-
1209 893 1304 932 enim
1322 908 1399 945 quae
1421 893 1588 946 operibus
1607 893 1695 946 ipsis
1714 893 1806 931 clare
1826 894 2115 946 comprobantur,
2137 907 2198 931 ne-

115 956 220 1007 μένα,
240 956 318 995 τότε
337 957 456 995 λοιπὸν
474 956 582 995 ἔδωκε
602 955 662 994 καὶ
685 958 753 993 τῶν
787 955 953 1008 ῥημάτων
969 955 1030 1003 τὴν
1052 955 1135 994 σύν-
1209 969 1269 993 1110
1290 954 1397 995 fidem
1416 954 1620 1005 negaverit,
1646 954 1719 991 illis
1743 968 1827 993 vero
1849 969 1925 1005 quae
1942 954 2060 992 verbis
2080 954 2197 991 50111111

111 1033 195 1065 εσιν,
215 1017 273 1055 καὶ
300 1016 469 1064 τοσαύτην
498 1021 557 1055 τοῦ
585 1016 790 1068 Πνεύματος
811 1015 873 1063 τὴν
903 1016 1020 1070 χάριν,
1047 1016 1137 1055 ὥστε
1210 1015 1491 1068 proferebantur,
1508 1014 1704 1053 verisimile
1722 1024 1794 1053 erat
1812 1014 1984 1065 quosdam
2002 1014 2111 1052 fidem
2126 1028 2199 1052 csse

112 1077 235 1131 ἀθρόον
266 1078 381 1116 πάντα
411 1077 613 1116 ἀπολαὸεῖν.
635 1077 789 1120 Ἐκεῖνος
807 1077 895 1131 γὰρ,
916 1078 1031 1129 φησὶν,
1053 1081 1136 1116 ἀνα·
1211 1086 1412 1128 negaturos.
1445 1077 1584 1114 Idcirco
1617 1076 1753 1115 sinebat
1790 1076 1892 1114 initio
1916 1090 1991 1114 rem
2024 1076 2199 1113 occultam

112 1138 236 1189 μνήσει
252 1142 342 1189 ὑμᾶς
362 1139 488 1177 πάντα.
515 1140 562 1177 Οἱ
578 1137 646 1191 γὰρ
666 1138 725 1176 καὶ
745 1137 806 1185 τὴν
827 1138 912 1191 πρὸς
930 1138 1030 1176 αὐτὸν
1051 1139 1137 1176 αἰδῶ
1212 1151 1365 1174 manere.
1392 1137 1483 1175 Cum
1515 1146 1632 1175 autem
1659 1137 1901 1189 experimento
1917 1136 2011 1174 dicta
2037 1152 2098 1174 sua
2117 1150 2199 1175 vcra

111 1202 145 1238 ἐν
176 1206 239 1252 μιᾶΙ
273 1200 374 1250 μόνον
399 1197 605 1243 ἐκὲαλόντες
628 1199 778 1251 ἑσπέρα,
798 1198 857 1236 καὶ
885 1198 1063 1250 φυγόντες,
1080 1199 1140 1237 καὶ
1213 1197 1490 1249 comprobabat,
1521 1207 1605 1235 tunc
1636 1198 1826 1236 verborum
1853 1196 1961 1234 dabat
1998 1196 2198 1246 intelligen-

112 1260 192 1299 οὐδὲ
209 1261 290 1298 ἰδεῖν
307 1260 409 1298 αὐτὸν
430 1260 635 1313 φάσκοντες,
656 1261 764 1311 σχολῇ
780 1261 810 1310 γ’
831 1259 870 1296 ἂν
890 1261 958 1297 τῶν
979 1262 1012 1297 ἓν
1034 1260 1139 1297 παντὶ
1213 1257 1316 1307 tiam,
1338 1266 1542 1308 tantamque
1567 1257 1723 1309 Spiritus
1757 1257 1922 1308 gratiam,
1945 1266 1985 1295 ut
2015 1257 2200 1294 confestim

112 1323 162 1372 τῷ
175 1320 290 1374 χρόνῳ
311 1320 502 1373 γενομένων
525 1337 563 1358 τε
579 1321 639 1358 καὶ
655 1319 844 1372 λεχθέντων
863 1319 1138 1370 ἐμνημόνευσαν,
1214 1320 1333 1356 omnia
1352 1318 1561 1370 acciperent.
1586 1319 1663 1356 Ille
1677 1322 1792 1365 enim,
1812 1318 1944 1369 inquit,
1965 1320 2077 1356 vohis
2097 1332 2199 1356 com-

113 1383 144 1420 εἷ
164 1381 212 1432 μὴ
229 1384 361 1428 πολλῆς
381 1380 588 1427 ἀπήλαυσαν
604 1384 666 1427 τῆς
689 1385 748 1418 τοῦ
771 1379 974 1430 Πνεύματος
986 1381 1138 1432 χάριτος.
1216 1381 1442 1416 memorabit
1459 1382 1603 1416 omnia.
1626 1381 1718 1417 Nam
1743 1379 1805 1429 qui
1836 1387 2041 1431 conceptam
2069 1379 2113 1417 de
2137 1379 2201 1416 illo

116 1443 186 1481 Καὶ
201 1444 230 1480 εἰ
244 1441 341 1493 παρὰ
356 1446 416 1479 τοῦ
435 1441 657 1491 Πνεύματος,
678 1440 793 1491 φησὶν,
815 1440 1022 1478 ἀκούσεσθαι
1040 1440 1140 1491 έμελ-
1215 1438 1464 1489 reverentiam,
1492 1453 1563 1476 una
1588 1453 1736 1492 vespera
1747 1439 2005 1491 deposuerunt,
2036 1454 2076 1477 ac
2100 1440 2199 1491 fuge-

113 1507 185 1551 λον,
217 1503 269 1547 τίς
294 1503 397 1556 χρεία
425 1497 467 1549 ἦν
497 1501 716 1554 συγγίνεσθαι
746 1501 866 1544 αὐτοὺς
897 1504 947 1553 τῷ
974 1502 1140 1554 Χριστῷ,
1216 1508 1313 1550 runt,
1332 1499 1450 1550 quise
1466 1500 1630 1538 dicebant
1649 1514 1832 1537 nonnosse
1854 1500 1974 1550 illum,
1991 1500 2057 1538 vix
2081 1502 2201 1539 emni—

117 1565 306 1616 μέλλοντας
329 1563 377 1615 μὴ
393 1563 555 1615 κατέχειν
575 1563 619 1602 τὰ
634 1562 824 1614 λεγόμενα,
843 1561 930 1600 ‘'O-ct
945 1564 1005 1601 οὐκ
1022 1562 1141 1601 ἐδίδα-
1167 1568 1191 1598 C
1216 1573 1278 1596 um
1311 1574 1389 1610 quae
1414 1560 1527 1598 multo
1559 1569 1716 1613 tempore
1743 1560 1834 1598 facta
1853 1561 2020 1611 dictaque
2047 1561 2200 1611 fuerant,

116 1641 178 1664 σκε
207 1625 246 1663 τὸ
272 1626 440 1675 Πνεῦμα,
477 1625 554 1663 ἀλλ’
581 1623 840 1675 ἀνεμίμνησκεν
870 1623 890 1661 ἃ
917 1622 1104 1677 προλαὲὼν
1125 1627 1143 1662 ὃ
1217 1621 1393 1659 recordati
1413 1622 1576 1671 fuissent,
1608 1622 1677 1660 nisi
1698 1635 1866 1673 magnam
1890 1622 2099 1672 consequuti
2116 1623 2204 1660 fuis-

113 1685 263 1738 Χριστὸς
290 1679 394 1724 εἶπεν.
416 1688 469 1723 Οὐ
493 1685 615 1738 μικρὸν
646 1685 680 1724 δὲ
710 1687 757 1729 εἷς
776 1684 838 1733 τὴν
867 1684 965 1730 δόξαν
992 1687 1144 1724 συντελεῖ
1217 1695 1293 1723 sent
1312 1684 1468 1737 Spiritus
1488 1683 1650 1734 gratiam.
1673 1683 1712 1721 Si
1731 1696 1831 1733 vero,
1847 1683 1999 1735 inquies,
2029 1699 2048 1722 a
2067 1684 2205 1737 Spiritu

112 1751 174 1785 τοῦ
194 1748 346 1799 Χριστοῦ
363 1746 402 1785 τὸ
419 1750 742 1798 *Ἷπαραπεμφθῆναι
766 1748 812 1790 εἷς
829 1745 892 1794 τὴν
916 1746 1057 1798 μνήμην
1073 1749 1141 1784 τῶν
1216 1746 1377 1786 audituri
1392 1754 1505 1795 erant,
1524 1743 1613 1795 quid
1644 1758 1734 1796 opus
1752 1754 1826 1782 erat
1852 1745 1932 1783 illos
1961 1759 2043 1783 cum
2062 1746 2205 1784 Christo

114 1808 307 1861 λεχθέντων
335 1811 459 1852 αὐτοῖς.
480 1808 588 1861 Παρὰ
613 1807 675 1859 μὲν
696 1801 753 1847 οῧν
779 1807 841 1856 τὴν
870 1800 982 1860 ἀρχὴν
1005 1811 1068 1855 τῆς
1085 1813 1144 1846 τοῦ
1216 1808 1366 1855 versari,
1385 1821 1454 1845 non
1466 1806 1705 1844 intellecturos
1719 1820 1758 1843 ea
1770 1820 1847 1858 quae
1861 1806 2097 1845 dicebantur?
2107 1808 2205 1853 Quo-

114 1871 207 1908 Θεοῦ
222 1869 365 1922 χάριτος
384 1869 517 1922 ἐγένετο
531 1869 570 1907 τὸ
586 1872 775 1916 ἐπιπτῆναι
790 1869 852 1917 τὴν
867 1875 926 1908 τοῦ
940 1869 1144 1920 Πνεύματος
1216 1869 1313 1908 niam
1333 1869 1492 1922 Spiritus
1512 1881 1581 1905 non
1600 1867 1742 1916 docuit,
1765 1867 1828 1906 sed
1858 1868 1895 1905 in
1921 1868 2129 1906 memoriam
2147 1883 2207 1906 re-

112 1930 216 1984 χοίριν
246 1929 336 1968 οὕτω
373 1931 502 1982 δαψιλῆ
539 1930 598 1968 καὶ
633 1931 784 1977 πολλήν·
824 1930 964 1982 ὕστερον
1003 1930 1038 1969 δὲ
1080 1935 1142 1978 τῆς
1216 1931 1361 1971 vocavit
1375 1945 1414 1968 ea
1432 1943 1509 1981 quae
1528 1929 1694 1967 Christus
1711 1928 1866 1967 dixerat.
1888 1930 1967 1967 Non
1991 1944 2117 1982 parum
2144 1943 2207 1967 au-

115 1993 246 2029 ἑαυτῶν
270 1994 415 2045 ἀρετ-ῆς,
441 1992 480 2029 τὸ
502 1997 692 2043 κατασχεῖν
715 1991 778 2038 τὴν
800 1991 943 2045 δωρεάν.
961 1991 1043 2030 Βίον
1074 1993 1142 2046 γὰρ
1215 1999 1287 2029 tem
1305 1990 1351 2028 ad
1377 1990 1527 2042 gloriam
1553 1989 1686 2028 Christi
1702 1990 1916 2040 conferebat,
1934 1990 2030 2041 quod
2050 1990 2206 2042 Spiritus

114 2051 331 2096 ἐπεδείξαντο
361 2052 538 2106 λαμπρὸν,
572 2052 632 2090 καὶ
660 2052 791 2100 πολλὴν
818 2052 881 2100 τὴν
911 2053 1046 2104 σοφίαν,
1082 2055 1142 2092 καὶ
1215 2053 1413 2091 mitteretur
1437 2051 1483 2090 ad
1501 2051 1742 2091 renovandam
1763 2051 1942 2089 dictorum
1964 2066 2109 2089 suorum
2126 2066 2203 2089 mc—

116 2114 286 2165 μεγάλους
304 2111 382 2157 τοὺς
398 2113 522 2157 πόνους
535 2144 545 2161 ,
573 2114 634 2152 καὶ
659 2113 895 2166 κατεγέλασαν
914 2114 975 2166 μὲν
990 2118 1053 2162 τῆς
1068 2132 1141 2154 πα-
1215 2113 1380 2151 moriam.
1400 2113 1508 2151 Initio
1522 2111 1667 2164 quidem
1679 2126 1725 2151 cx
1744 2111 1810 2149 Dei
1823 2111 1996 2149 beneficio
2008 2111 2089 2162 fuit,
2109 2110 2205 2163 quod
2252 2123 2407 2162 Apostolo-

116 2173 238 2226 ρούσης
254 2176 344 2221 ζωῆς
358 2205 368 2222 ,
388 2174 482 2213 οὐδὲν
500 2175 534 2214 δὲ
550 2175 726 2227 ἡγήσαντο
748 2174 792 2214 τὰ
812 2175 1029 2229 ἀνθρώπινα,
1053 2177 1142 2216 ἀλλὰ
1215 2174 1371 2227 Spiritus
1392 2174 1506 2226 gratia
1524 2173 1712 2219 involaret,
1749 2172 1798 2210 ita
1830 2173 1970 2225 copiosa
2002 2181 2037 2210 et
2055 2174 2174 2226 ampla
2192 2189 2202 2223 ;
2220 2169 2405 2235 ¹5:212*stss

113 2233 280 2289 ἀνώτεροι
307 2235 445 2274 πάντων
477 2236 648 2288 ἐγένοντο,
670 2236 730 2274 καὶ
751 2236 909 2289 καθάπερ
938 2235 1027 2281 τινὲς
1049 2238 1142 2276 ἀετοὶ
1166 2252 1190 2280 1]
1215 2235 1346 2273 deinde
1373 2249 1497 2273 eorum
1514 2234 1658 2273 virtutis
1678 2233 1769 2283 fuit,
1793 2233 1888 2284 quod
1912 2232 2048 2270 donum
2064 2219 2233 2271 tantumq
2328 2230 2334 2237 ⁸

114 2299 233 2347 κοῦφοι
251 2295 368 2347 ὑψηλὰ
389 2295 602 2348 πετώμενοι,
627 2297 683 2335 διὰ
705 2300 773 2335 τῶν
799 2297 907 2350 ἔργων
933 2298 1019 2350 πρὸς
1039 2299 1140 2336 αὐτὸν
1214 2296 1417 2334 retinerent.
1449 2296 1574 2334 Vitam
1602 2295 1734 2346 quippe
1764 2295 1948 2332 sanctitate
1973 2295 2203 2346 conspicuam

111 2355 343 2408 *ἀφείλκοντο
368 2357 425 2395 τὸν
455 2359 608 2411 οὐρανὸν,
636 2359 696 2397 καὶ
723 2358 779 2397 διὰ
800 2358 928 2396 τούτων
951 2359 1052 2411 ἔσχον
1082 2364 1141 2398 τοῦ
1215 2356 1408 2408 ducebant,
1427 2356 1647 2406 multamque
1666 2354 1877 2406 sapientiam
1890 2353 2122 2401 exhibebant,
2150 2355 2201 2391 la-

110 2417 314 2467 Πνεύματος
327 2417 389 2465 τὴν
403 2419 507 2472 χάριν
522 2419 664 2471 ἄφατον.
676 2419 827 2463 Τούτους
839 2418 951 2458 τοίνυν
965 2420 1024 2458 καὶ
1039 2424 1140 2470 ἡμεῖς
1214 2418 1385 2467 boresque
1394 2430 1540 2467 magnos
1557 2416 1687 2455 :vitam
1698 2424 1905 2466 praesentem
1915 2415 2198 2460 contemnebant,

113 2477 371 2529 μιμησώμεΟα,
394 2478 452 2517 καὶ
471 2478 519 2530 μὴ
537 2479 717 2530 σὸέσωμεν
736 2480 798 2524 τὰς
819 2481 1026 2531 λαμπάδας,
1050 2481 1140 2520 ἀλλὰ
1215 2479 1369 2515 humana
1392 2477 1496 2515 nihili
1510 2476 1725 2529 pendebant,
1746 2474 1809 2512 sed
1819 2475 2016 2527 superiores
2032 2476 2199 2514 omnibus

113 2538 377 2590 διατηρήσωμεν
411 2539 585 2592 ι’φαιδρᾶς
606 2542 648 2578 δι’
665 2540 908 2591 ἐλεημοσύνης.
927 2541 1059 2580 Τούτου
1080 2547 1139 2580 τοῦ
1213 2539 1329 2587 fuci-03
1361 2552 1401 2575 ac
1431 2537 1521 2575 sieut
1544 2537 1671 2587 aquilae
1702 2536 1797 2574 leves
1828 2536 1865 2573 111
1885 2536 1998 2575 altum
2023 2537 2196 2580 volantes,

113 2598 219 2651 πυρὸς
239 2599 278 2636 τὸ
296 2599 419 2650 φέγγος
435 2598 525 2637 οὕτω
537 2601 786 2652 διακρατεῖται.
803 2600 1011 2652 Συνάξωμεν
1028 2602 1137 2640 τοίνυν
1213 2599 1380 2651 operibus
1401 2597 1449 2635 ad
1478 2597 1596 2649 ipsum
1623 2595 1750 2633 caelum
1768 2596 2030 2648 pertingebant,
2068 2613 2199 2650 perque

119 2661 168 2701 εἰς
192 2661 314 2711 ἀγγεῖα
338 2659 377 2697 τὸ
398 2660 525 2708 ἔλαιον,
552 2660 617 2705 ἕως
637 2661 783 2699 ἐνταῦθά
810 2664 925 2712 ἐσμεν.
954 2663 1046 2700 Οὐδὲ
1068 2663 1136 2716 γὰρ
1212 2673 1317 2712 opera
1332 2659 1510 2710 ingentem
1530 2657 1688 2710 Spiritus
1707 2657 1859 2708 gratiam
1877 2658 2095 2696 obtinebant.
2124 2659 2196 2697 Hos

112 2718 186 2757 ἔστι
203 2724 303 2758 τοῦτο
327 2720 494 2773 πρίασθαι
518 2722 756 2765 υάπελῡόντας
772 2725 860 2768 ἐκεῖ,
886 2721 962 2760 οὐδὲ
983 2722 1134 2774 ἀλλαχό-
1210 2721 1328 2770 itaque
1356 2732 1419 2756 nos
1451 2731 1593 2769 quoque
1625 2717 1831 2756 imitemur:
1851 2732 1895 2756 ne
1926 2719 2196 2770 exstinguamus

114 2783 170 2817 Οεν
199 2780 281 2818 αὐτὸ
307 2780 439 2828 λαὸεῖν,
461 2782 537 2819 ἀλλ’
554 2781 576 2828 ἢ
592 2782 649 2820 διὰ
668 2786 729 2829 τῆς
747 2786 813 2821 τῶν
833 2783 990 2829 πενήτων
1006 2783 1132 2836 χειρός.
1208 2779 1392 2832 lampades
1409 2788 1559 2829 nostras,
1586 2777 1647 2816 sed
1671 2777 1811 2816 lucidas
1841 2793 1905 2831 per
1935 2779 2192 2833 eleemosynam
2229 2788 2397 2826 Eleemosy-

112 2839 340 2891 Συλλέξωμεν
363 2841 475 2880 τοίνυν
508 2844 659 2881 ἐντεῦθεν
693 2843 760 2890 ήδη
794 2842 883 2894 μετὰ
909 2845 1040 2890 πολλ’ῆς
1072 2846 1135 2889 τῆς
1160 2853 1183 2882 Ε
1209 2840 1414 2879 reddamus.
1438 2838 1595 2891 Hujusce
1611 2837 1704 2889 ignis
1722 2838 1843 2876 lumen
1862 2839 1911 2877 ita
1928 2850 2100 2879 servatur.
2110 2842 2192 2879 Col-
2206 2840 2397 2900 gggfflmmn'

111 2900 309 2951 δαψιλείας,
329 2902 362 2939 εἴ
384 2918 424 2954 γε
454 2903 650 2954 βουλόμεθα
667 2904 757 2955 μετὰ
777 2909 836 2943 τοῦ
855 2904 1001 2956 νυμφίου
1024 2905 1135 2942 εἷσελ-
1209 2901 1363 2953 ligamus
1382 2900 1494 2951 igitur
1511 2899 1629 2938 oleum
1648 2899 1684 2936 in
1703 2899 1813 2950 vasis,
1831 2899 1920 2938 dum
1937 2900 2105 2940 vivimus.
2124 2903 2192 2939 Ne-

112 2964 200 2998 Οεῖν·
233 2963 262 2999 εἰ
289 2961 325 2999 δὲ
355 2962 421 3013 μὴ,
455 2963 519 3007 ἔξω
550 2964 663 3014 μένειν
693 2969 753 3004 τοῦ
782 2969 961 3018 νυμφῶνος
988 2965 1133 3016 ἀνάγκη.
1210 2976 1278 3014 que
1296 2960 1390 2999 enim
1410 2969 1489 3013 post
1504 2959 1700 2999 discessum
1722 2960 1806 2998 hinc
1827 2970 1987 2998 nostrum
2008 2976 2195 3014 possumus

110 3020 306 3073 Ἀμήχανον
327 3022 395 3074 γὰρ
407 3053 417 3072 ,
438 3024 632 3076 ἀμήχανον,
651 3025 714 3064 κᾶν
736 3025 842 3078 μυρία
859 3025 1135 3079 κατορθώσωμεν
1210 3021 1303 3061 illud
1321 3036 1449 3073 emere,
1464 3035 1526 3060 nec
1547 3021 1691 3060 aliunde
1710 3021 1883 3074 accipere,
1906 3022 1974 3061 nisi
1988 3037 2051 3074 per
2069 3037 2193 3062 manus

155 3160 168 3175 ³
193 3150 255 3182 Alli
270 3158 526 3198 παραπεμφθῆναι
552 3162 588 3199 τῇ
610 3163 715 3201 μνήμῃ
733 3164 801 3190 τῶν.
820 3155 949 3198 [Supra
965 3155 1065 3187 Savil,
1088 3162 1120 3186 et
1186 3154 1288 3196 fusio.

111 3201 196 3235 Cod.
215 3203 279 3235 706
303 3205 474 3247 σφωε-τέλεα]
487 3205 588 3239 Paulo
603 3215 679 3250 post
691 3207 805 3240 Morel.
820 3213 934 3251 ἐγένετο
951 3213 1118 3246 ἐπιπτῆνκι.
1231 3215 1241 3226 “
1265 3207 1276 3249 [
1290 3212 1428 3252 ἀφίκοντο
1444 3203 1543 3239 Savil.
1562 3212 1594 3236 et
1610 3211 1746 3247 uterque
1762 3204 1846 3237 Cod.
1865 3206 2002 3246 noster}

112 3254 213 3287 Savil.
226 3262 259 3287 et
272 3256 351 3289 Mss.
370 3256 466 3289 multi
483 3263 596 3300 ἐγένετο
613 3266 647 3295 τὸ
665 3265 833 3299 gnam-zum.
848 3261 941 3294 Unus
958 3265 1071 3302 ἐγένετο
1088 3267 1121 3295 τὸ
1233 3263 1249 3286 b
1274 3260 1328 3294 Sic
1345 3258 1446 3292 Savil.
1467 3265 1500 3291 et
1515 3258 1590 3289 Mss.
1609 3256 1724 3288 Morel.
1748 3260 1884 3303 ριεεῖρῶς.

115 3312 276 3345 ἐπιστῆναι.
304 3308 429 3340 Boisius
448 3308 622 3353 legendum
648 3321 744 3355 putat
762 3317 948 3356 ἐπιχυθῆναι,
967 3311 1044 3354 quia
1066 3314 1122 3344 In*
1233 3320 1244 3332 ⁰
1266 3313 1344 3344 Mss.
1364 3308 1499 3354 quidam
1517 3313 1696 3344 ἀπελθόντα.

115 3366 238 3401 terpres
266 3360 404 3393 Latinus
426 3370 569 3395 verterat
592 3377 595 3394 :
627 3362 767 3407 Spiritus
795 3367 902 3407 itaque
933 3366 1048 3407 gratice
1075 3367 1121 3395 ἱη-
1941 3404 1955 3438 1

328 3419 420 3443 11131.
453 3420 545 3444 νιιι.
1967 3406 1988 3440 ἰ),
