2481 3678
72 399 160 428 Psal.
179 400 229 432 68.

73 449 125 470 22,

71 1068 183 1096 Mutlle.

77 1110 121 1137 16.

124 1198 199 1225 Vim?
216 1200 258 1225 1η-

70 1242 259 1276 stilutoopti-

184 1281 259 1307 1111111

68 1322 201 1358 splendi-

72 1360 162 1389 dius.‘

70 1400 199 1441 Proust.
210 1403 255 1433 18.

71 1292 119 1307 1110

74 1818 149 1844 Osee
166 1813 195 1843 6.
207 1815 236 1845 G.

72 1873 184 1901 Matth.
200 1881 230 1911 9.

76 1914 127 1942 13.

74 2366 104 2385 2.
127 2355 198 2384 Cor.
228 2363 258 2393 9,

80 2407 125 2425 12.

76 2542 155 2569 Ihnl.
170 2552 197 2569 v.
216 2542 262 2570 13.

77 2589 106 2610 cl
126 2582 171 2620 ¹·ll·

206 1067 235 1096 5.
273 1061 429 1106 Lucem,
454 1059 596 1109 inquit,

276 231 335 276 88

274 329 640 379 supplantationem.
663 328 835 367 Similiter
853 337 886 366 et
904 328 948 367 de
969 328 1012 366 iis
1030 342 1106 379 qua:
1126 329 1162 366 in
1181 342 1257 366 cru-

272 403 311 426 ce
323 388 544 440 contigerunt
558 389 702 440 loquens
717 389 804 428 dicit
821 406 829 426 :
854 391 1053 428 Dederunt
1069 392 1109 427 in
1131 403 1256 428 escam

273 451 484 503 meanzfel,
504 460 540 489 et
562 455 601 489 in
627 453 692 489 siti
711 464 794 488 mea
806 459 1037 502 potaverunt
1054 465 1112 488 nze
1131 459 1254 488 aceto.

325 511 362 548 4.
388 511 556 550 Vultisne
576 512 645 549 alia
666 511 887 559 inducamus,
902 525 945 548 an
964 510 1041 549 haec
1061 511 1160 550 vobis
1176 519 1256 549 sunt
1278 521 1301 552 C

272 572 387 609 satis?
415 571 493 621 Ego
512 586 592 610 sane
610 571 778 609 arbitror.
809 572 900 608 Nam
932 572 959 608 si
988 585 1056 609 non
1079 571 1185 609 latius
1206 572 1257 609 lo-

272 647 353 670 cum
372 633 637 684 exploravimus
651 662 662 681 ,
686 646 767 670 sane
786 631 998 684 profundius
1020 625 1165 670 scrutati
1193 647 1257 670 su-

271 709 374 732 mus:
396 709 462 733 nec
489 694 604 731 minor
630 694 697 731 hac
720 694 753 731 in
774 708 834 743 re,
854 709 961 745 quam
993 694 1028 732 in
1048 695 1130 743 illa,
1158 695 1259 732 labor

271 765 322 794 est
338 771 347 804 3
371 770 603 806 veremurque
621 770 663 793 ne
683 755 712 793 si
733 770 795 794 vos
815 756 850 793 in
868 755 926 793 his
953 755 1027 793 sine
1046 755 1152 794 modo
1171 756 1259 793 deti-

271 830 428 864 neamus,
450 815 635 853 fastidium
653 816 910 867 ingeneremus.
928 816 1182 867 Quamobrem,
1207 818 1258 855 uti

270 891 334 928 par
362 885 426 923 est,
450 876 557 914 finem
577 876 719 914 dicendi
739 877 923 915 faciamus.
947 877 1037 923 Quis
1057 892 1161 929 porro
1177 878 1260 916 finis

271 947 321 975 est
342 938 622 988 congruentior?
643 938 680 976 Si
700 938 818 976 debita
841 940 914 977 Deo
934 939 1046 990 gloria
1065 940 1259 990 reseratur3

272 1013 340 1036 non
363 999 479 1037 verbis
510 1008 670 1048 tantum,
693 999 754 1038 sed
783 1000 896 1038 multo
927 1000 1039 1051 magis
1076 1001 1256 1052 operibus.

631 1061 700 1098 lux
718 1070 849 1099 vestra
869 1075 996 1099 coram
1019 1064 1259 1111 hominibus,

274 1130 314 1158 ιιι
339 1121 501 1158 videant
525 1134 639 1172 opera
668 1130 800 1159 vestra
831 1124 959 1169 bona,
981 1132 1019 1161 et
1047 1123 1261 1174 glorificent

273 1183 432 1220 Patrem
452 1194 624 1222 vestram
652 1185 718 1235 qui
740 1185 780 1219 in
811 1182 915 1220 coelis
935 1192 1000 1220 est.
1040 1182 1139 1219 Nihil
1167 1183 1261 1220 enim

273 1243 507 1294 splendidius,
531 1245 658 1282 dilecte
673 1274 683 1293 ,
706 1243 840 1294 optimo
880 1243 960 1281 vitae
991 1242 1164 1279 instituto.
1187 1243 1262 1280 Hoc

272 1304 409 1354 sapiens
423 1305 483 1342 ille
494 1305 668 1343 declarat:
687 1305 726 1342 V
723 1305 766 1341 z'oe
783 1313 909 1342 autem
924 1307 1115 1354 justorum
1133 1312 1174 1341 ut
1192 1305 1261 1341 lux

271 1365 487 1414 splendent.
515 1366 708 1418 Splendeut
727 1375 820 1403 certe
840 1379 908 1402 non
933 1366 974 1403 iis
994 1364 1101 1402 modo
1120 1364 1182 1415 qui
1202 1380 1262 1418 per

271 1441 376 1479 opera
393 1427 511 1464 lumen
529 1426 738 1475 accendunt,
753 1436 785 1464 et
799 1427 843 1464 ad
859 1436 991 1464 rectam
1007 1426 1142 1464 ducunt
1152 1426 1260 1474 viam,

270 1487 329 1526 sed
350 1497 382 1525 et
404 1488 532 1526 vicinis
550 1502 683 1526 eorum.
701 1487 936 1525 Infundamus
955 1500 1039 1538 ergo
1058 1488 1175 1525 oleum
1190 1487 1262 1524 his-

271 1564 308 1587 ce
340 1549 593 1601 lampadibus,
627 1559 665 1587 ut
700 1549 890 1587 sublimior
919 1549 963 1586 sit
988 1549 1095 1601 iguis,
1137 1559 1169 1587 et
1197 1549 1264 1587 lux

707 246 726 275 S
736 267 745 276 .
782 247 961 278 JOANMS
997 247 1224 277 CHRYSOST
1233 267 1241 276 .

270 1610 674 1663 appareatlocupletior.
701 1610 780 1647 Hoc
798 1609 893 1646 euim
912 1610 1030 1647 oleum
1060 1624 1129 1648 non
1169 1624 1264 1647 nuuc

271 1681 409 1709 tantum
441 1684 606 1722 magnam
632 1670 707 1709 vim
728 1669 857 1718 babet,
878 1669 937 1708 sed
970 1684 1049 1708 cum
1069 1671 1174 1708 etiam
1202 1685 1263 1709 sa-

273 1734 405 1771 crificia
428 1734 615 1782 florerent,
640 1731 772 1769 mirum
794 1731 830 1769 111
861 1731 1009 1769 modum
1029 1732 1198 1770 virtutem
1224 1732 1265 1769 il-

273 1795 390 1832 lorum
409 1794 574 1847 probavit
592 1810 598 1830 :
620 1808 702 1831 nam
731 1793 781 1830 ait
799 1809 806 1829 :
831 1793 967 1831 Oleum
997 1796 1096 1831 enim
1116 1795 1209 1831 volo
1229 1801 1266 1832 et

275 1870 354 1893 non
375 1857 620 1908 sacrificium.
647 1855 692 1892 Et
719 1854 844 1892 merito
867 1854 1024 1905 quidem.
1044 1855 1142 1892 Illud
1170 1854 1264 1892 enim

273 1917 383 1954 altare
406 1916 639 1953 inanimatum
656 1924 730 1952 erat
743 1945 752 1962 ,
775 1914 842 1952 hoc
860 1928 945 1954 vero
971 1914 1170 1953 animatum
1186 1924 1236 1953 est
1253 1930 1262 1951 t

272 1986 306 2015 et
324 1977 397 2014 illie
412 1976 555 2028 quidem
574 1975 751 2027 quidquid
771 1976 977 2027 impositum
995 1985 1061 2024 est,
1082 1976 1163 2027 igne
1182 1990 1264 2013 con-

273 2038 437 2084 sumitur,
459 2037 493 2074 in
514 2037 665 2074 cinerem
686 2036 774 2087 abit,
797 2046 903 2087 atque
922 2036 1130 2085 effunditur,
1151 2037 1265 2074 disso-

273 2099 437 2149 lutusque
452 2099 571 2136 fumus
592 2098 627 2135 in
648 2099 737 2135 aeris
759 2107 921 2135 naturam
940 2098 1065 2136 transit
1082 2114 1088 2135 :
1103 2098 1162 2136 hic
1181 2113 1265 2138 vero

274 2159 364 2195 nihil
391 2159 533 2209 simile,
557 2159 616 2196 sed
646 2158 734 2195 alios
762 2159 828 2195 sert
850 2160 999 2197 fructus.
1026 2160 1107 2197 Haee
1131 2160 1265 2197 Paulus

272 2219 466 2258 declaravit
485 2235 495 2269 3
528 2234 609 2256 eum
627 2219 723 2256 enim
742 2218 1030 2270 Corinthiorum,
1051 2220 1112 2270 qui
1132 2234 1266 2272 paupe-

275 2295 355 2318 rum
375 2280 523 2318 studiosi
544 2289 652 2330 erant,
674 2280 856 2317 thesauros
875 2290 1067 2331 enarraret,
1089 2281 1164 2318 hacc
1180 2281 1265 2318 scri-

275 2341 369 2394 psit:
405 2343 597 2392 Quoniam
623 2343 874 2379 ministerium
905 2342 1018 2393 hujus
1039 2341 1157 2395 officii
1189 2355 1265 2378 non

277 2404 398 2441 solum
415 2404 565 2454 supplet
584 2417 630 2440 ea
645 2417 730 2454 quoe
749 2404 887 2441 desunt
902 2406 1061 2451 sanctis,
1072 2405 1138 2441 sed
1150 2405 1266 2440 eliam

279 2466 453 2502 abundat
473 2478 541 2515 per
560 2464 700 2502 multas
721 2467 937 2515 gratiarum
957 2466 1127 2502 actiones
1150 2465 1230 2500 Deo
1247 2477 1265 2511 ;

279 2540 318 2563 ac
345 2540 507 2568 rursum,
525 2525 800 2576 Glortsscantes
827 2525 952 2562 Deum
978 2527 1019 2561 in
1046 2526 1266 2563 ohedientia

279 2587 528 2638 consessionis
560 2594 698 2622 vestrm
719 2586 757 2622 ιἰι
784 2585 997 2637 evangelio,
1018 2595 1054 2623 et
1082 2585 1268 2636 simplici-

281 2654 357 2683 tate
380 2647 739 2683 communicationis
773 2655 913 2683 vestra,³
945 2648 986 2682 in
1015 2646 1127 2694 illos,
1157 2655 1191 2683 et
1225 2647 1267 2682 in

280 2722 424 2755 omnes,
454 2714 488 2744 et
511 2712 550 2744 ιή
571 2710 738 2757 ipsorum
766 2710 1028 2746 obsecratione
1045 2723 1115 2760 pro
1136 2710 1264 2756 vobis,

281 2770 584 2806 desiderantium
605 2781 687 2804 vos.
709 2767 839 2806 Viden⁷
868 2768 969 2806 illum
999 2769 1033 2807 in
1072 2770 1266 2821 gratiarum

281 2829 453 2866 actionem
473 2827 643 2875 desinere,
660 2837 692 2865 et
721 2827 755 2864 in
778 2828 843 2865 Dei
864 2829 1028 2878 laudem,
1050 2833 1084 2867 in
1107 2832 1268 2881 frequen-
1294 2848 1316 2877 Β

282 2902 332 2929 tes
360 2906 481 2929 eorum
508 2891 740 2943 precationes,
774 2891 834 2940 qui
860 2891 1027 2930 beneficia
1046 2903 1267 2946 acceperunt,

284 2954 317 2991 in
347 2953 594 2993 ferventiorem
633 2951 846 2989 caritatem?
878 2953 1125 2992 sacrificemus
1155 2969 1238 3007 ergo
1253 2985 1265 3006 ,

329 3060 344 3082 ¹³
362 3058 461 3091 Saxil.
482 3065 516 3092 τὸ
532 3064 639 3104 χωρίον
655 3067 660 3072 ”
682 3062 760 3091 ἀλλὰ
777 3064 866 3091 κατὰ.

327 3122 338 3135 ⁰
358 3109 416 3142 Alii
442 3117 601 3154 ἑγχέωμεν.
628 3109 728 3141 Paulo
746 3118 820 3151 post
838 3109 951 3141 Morel.
975 3119 1212 3157 μετεωρότερον.
1231 3112 1291 3144 Su-

285 3174 295 3193 x
308 3161 340 3192 il.
360 3166 553 3208 ὑψηλότερον.

327 3214 340 3232 ⁴¹
357 3219 477 3248 ἔλεον...
505 3218 590 3255 θέλω,
610 3218 658 3247 καὶ
684 3217 747 3256 οὖχὶ
774 3218 884 3247 θυσίαν.
911 3212 1033 3247 Oleum
1060 3214 1147 3253 volo,
1167 3223 1197 3246 et
1224 3228 1290 3246 non

530 3266 579 3297 Ex
608 3263 824 3297 similitudine
855 3276 971 3296 vocem
1003 3269 1084 3299 ε”λεου
1109 3268 1292 3298 misericor-

283 3318 389 3355 diam,
408 3324 440 3348 et
457 3322 554 3351 ἕλκω-1
569 3317 695 3356 oleum,
715 3327 786 3358 quae
802 3314 1035 3359 Chrysostomi
1063 3325 1211 3359 tempore
1236 3329 1290 3350 eo-

283 3366 359 3398 ‹lem
391 3367 491 3400 11111111)
529 3366 851 3410 pronuntiabantur,
883 3366 1009 3399 factum
1023 3394 1031 3408 ,
1067 3376 1103 3400 ιιι
1139 3368 1290 3411 quiedam

282 3420 479 3462 exempl-‘tria
503 3421 616 3453 Graeca
640 3418 693 3453 hic
712 3425 810 3454 ἔλαιον
829 3417 1007 3462 haberent,
1027 3428 1059 3454 ct
1081 3420 1231 3456 fortassis
1259 3424 1292 3459 in

284 3267 371 3296 sacri
388 3266 498 3297 icium.

1281 248 1486 277 AnctllEt’.

1525 247 1856 278 CONSTANTlNOl'
1866 269 1874 277 .

1325 328 1550 381 πτερνισμόν.
1565 327 1719 380 Ὁμοίως
1746 329 1804 368 καὶ
1819 329 1898 382 περὶ
1920 331 1989 367 τῶν
2012 330 2046 366 ἐν
2062 329 2112 379 τῷ
2133 329 2271 380 σταυρῷ
2286 342 2348 379 γε·

1325 389 1477 440 νομένων
1491 389 1602 442 λέγει·
1622 389 1783 428 ’Έδωκαν
1803 392 1849 434 εἷς
1866 390 1905 427 τὸ
1923 388 2049 441 βρῶμά
2068 404 2132 439 μου
2147 387 2272 440 χολὴν,
2290 387 2350 426 καὶ

1326 453 1372 494 εἰς
1399 450 1462 497 τὴν
1492 450 1592 503 δίψαν
1614 467 1678 501 μου
1699 451 1862 489 ἐπότισάν
1887 467 1930 502 με
1945 450 2029 494 ὅξος.

1379 511 1551 550 Βούλεσθε
1580 512 1639 550 καὶ
1658 513 1697 550 τὸ
1720 512 1796 558 ἑξῆς
1816 512 2060 564 ἐπαγάγωμεν,
2094 510 2116 557 ἢ
2150 510 2209 548 καὶ
2242 513 2352 548 ταῦτα

1327 573 1486 626 ἀπόχρη;
1511 573 1557 612 Γ
1547 591 1651 626 γ11γε
1666 568 1774 626 οἶμαι.
1806 576 1850 612 Fi
1872 573 1938 626 γὰρ
1963 574 2022 612 καὶ
2045 572 2092 625 μὴ
2116 571 2206 611 κατὰ
2221 571 2353 615 πλάτος

1327 636 1541 688 διωρύξοιμεν
1568 636 1584 656 ¹'

1596 636 1634 674 τὸ
1661 636 1802 688 χωρίον,
1822 636 1917 686 ο’11.ως
1936 636 1967 709 γ’
1980 639 2038 673 οὖν
2056 635 2145 673 κατὰ
2165 635 2268 686 βάθος
2288 634 2351 671 διε-

1327 697 1511 749 σκοίψαμεν
1524 713 1532 720 ·
1553 700 1616 736 οὐκ
1637 697 1804 736 ἐλάττονα
1829 697 1864 734 δὲ
1897 713 1954 734 και
1981 711 2082 734 τουτο
2101 695 2231 734 ἐκείνου
2250 695 2353 733 πόνον

1327 758 1418 811 ἔχει·
1441 758 1500 796 καὶ
1517 759 1718 809 δεδοίκαμεν
1731 758 1778 809 μὴ
1796 756 2057 801 κατατείναντες
2074 759 2162 807 ὑμᾶς
2175 755 2353 808 ἀμέτρως,

1327 819 1530 870 ποιήσωμεν
1560 822 1758 858 ἀναπεσεῖν.
1788 820 1851 858 Διὸ
1872 818 1967 862 τέλος
1989 820 2163 869 ἐπιθῶμεν
2184 819 2233 870 τῷ
2261 816 2354 869 λόγῳ

1329 880 1367 918 τὸ
1387 883 1575 933 προσῆκον.
1607 882 1712 919 Ποῖον
1734 881 1771 919 δέ
1791 884 1864 919 ἐστι
1884 880 1923 917 τὸ
1942 882 2134 931 προσῆκον;
2166 877 2355 930 Δοξολογία

1328 946 1349 989 ἡ
1371 941 1553 996 πρέπουσα
1572 945 1621 994 τῷ
1641 944 1723 995 Θεῷ
1736 957 1743 965 ·
1763 942 1890 994 πρέπει
1907 941 1941 979 δὲ
1960 943 2025 992 οὐχ
2038 943 2060 986 ἡ
2079 938 2134 978 διὰ
2157 942 2226 977 τῶν
2244 938 2356 992 ῥημά·

1329 1019 1397 1040 των
1416 1002 1517 1053 μόνον
1532 1033 1541 1050 ,
1569 1002 1659 1040 ἀλλὰ
1687 1004 1806 1055 πολλῷ
1830 1004 1959 1054 μᾶλλον
1982 1005 2003 1048 ἡ
2026 1001 2081 1039 διὰ
2100 1003 2168 1038 τῶν
2190 1000 2357 1052 πραγμά-

1329 1079 1410 1100 των.
1428 1064 1614 1115 Λαμψάτω
1635 1063 1701 1115 γὰρ
1723 1066 1820 1114 ὑμῶν
1843 1063 1883 1101 τὸ
1905 1065 1994 1115 φῶς,
2017 1061 2138 1114 φησὶν,
2162 1061 2356 1112 ἔμπροσθεν

1331 1126 1399 1160 τῶν
1429 1124 1633 1175 ἀνθρώπων,
1652 1123 1709 1160 ἵνα
1735 1123 1850 1161 ἴδωσιν
1876 1125 1973 1174 ὑμῶν
1993 1123 2036 1160 τὰ
2059 1121 2149 1161 καλὰ
2171 1122 2274 1174 ἔργα,
2298 1120 2358 1160 καὶ

1332 1184 1502 1228 δοξάσωσι
1528 1183 1585 1221 τὸν
1600 1183 1745 1236 Πατέρα
1761 1186 1857 1233 ὑμῶν
1877 1183 1935 1221 τὸν
1958 1186 1992 1221 ἓν
2012 1190 2082 1226 τοῖς
2105 1186 2271 1234 οὐρανοῖς.
2288 1182 2358 1221 Καὶ

1332 1244 1398 1296 γὰρ
1410 1243 1504 1282 οὐδὲν
1515 1244 1759 1296 φωτεινότερον
1771 1247 1831 1290 τῆς
1842 1244 1986 1296 ἀρίστης
1995 1244 2358 1297 πολιτείας,ἀγαπητε’.

1331 1307 1444 1343 Τοῦτο
1460 1306 1573 1352 δηλῶν
1596 1305 1655 1343 καὶ
1669 1305 1720 1348 τίς
1738 1321 1822 1356 φησι
1836 1307 1905 1343 τῶν
1928 1309 2059 1357 σοφῶν·
2083 1307 2127 1343 Λὶ
2147 1306 2181 1342 δὲ
2202 1305 2272 1344 ὁδοὶ
2291 1308 2359 1343 τῶν

1334 1364 1475 1404 δικαίων
1491 1365 1618 1416 ὁμοίως
1638 1366 1727 1417 φωτὶ
1744 1366 1936 1416 λοίμπουσι.
1953 1366 2143 1417 Λάμπουσι
2164 1365 2199 1403 δὲ
2214 1366 2277 1403 οὐκ
2296 1367 2359 1403 αὖ·

1334 1432 1405 1470 τοῖς
1424 1426 1526 1478 μόνον
1547 1433 1619 1470 τοῖς
1634 1426 1673 1465 τὸ
1700 1443 1770 1479 φως
1794 1427 1986 1466 ἀνάπτουσι
2003 1426 2058 1464 δια
2079 1430 2146 1465 τῶν
2163 1426 2284 1478 ἔργων,
2301 1426 2360 1464 καὶ

1335 1489 1497 1538 ὃδηγουσι
1513 1487 1598 1539 πρὸς
1616 1487 1679 1534 τὴν
1697 1486 1832 1539 ὂρθὴν“
1820 1488 1908 1535 οδὸν,
1930 1487 2020 1526 ἀλλὰ
2041 1504 2101 1526 και
2121 1493 2192 1531 τοῖς
2211 1487 2360 1534 πλησίον

1335 1551 1429 1587 οὖσιν
1445 1547 1629 1586 εκείν111ν.““’
1641 1547 1844 1600 Εκγεωμεν
1860 1548 1970 1587 τοίνυν
1989 1548 2028 1586 τὸ
2047 1548 2161 1587 ἔλαιον
2172 1554 2246 1591 ταῖς
2265 1548 2360 1599 λαμ-

1335 1610 1421 1649 πάσι
1441 1608 1603 1657 ταύταις,
1624 1609 1715 1648 ὣστε
1748 1609 2000 1662 μετεωρότερον
2022 1609 2181 1662 γενέσθαι
2205 1626 2244 1647 το
2271 1625 2363 1661 πυρ,

1335 1671 1425 1709 ὥστε
1447 1670 1609 1710 πλούσιον
1637 1674 1786 1723 φανῆναι
1803 1670 1842 1708 τὸ
1864 1674 1946 1723 φῶς.
1972 1671 2024 1709 Τὸ
2043 1672 2110 1725 γὰρ
2129 1671 2244 1709 ἔλαιον
2261 1674 2362 1709 τοῦτο

1335 1733 1372 1771 οὐ
1402 1736 1461 1770 νῦν
1480 1732 1581 1784 μόνον
1599 1731 1732 1778 πολλὴν
1754 1732 1829 1784 ἔχει
1856 1731 1919 1779 τὴν
1949 1733 2058 1784 ἰσχύν·
2080 1733 2158 1770 ἀλλ’
2172 1731 2229 1771 ὅτε
2249 1731 2308 1770 καὶ
2326 1732 2361 1769 αἱ

1336 1793 1450 1832 θυσίαι
1469 1793 1606 1840 ἤνθουν,
1628 1787 1911 1845 παρευδοκίμησε
1938 1795 2057 1845 πολλῷ
2087 1796 2137 1845 τῷ
2159 1792 2279 1846 τρόπῳ
2297 1792 2360 1840 τὴν

1334 1852 1472 1890 ἐκείνων
1493 1852 1657 1904 δύναμιν·
1678 1851 1826 1891 (Ῐ”1ἰλεον
1846 1851 1912 1904 γὰρ
1925 1883 1934 1900 ,
1954 1852 2057 1904 φησὶ,
2074 1852 2162 1891 θέλω
2180 1852 2238 1890 καὶ
2252 1854 2289 1890 οὗ
2307 1855 2363 1890 θυ-

1334 1913 1411 1952 σίαν
1427 1928 1434 1937 ·
1457 1914 1515 1952 καὶ
1546 1914 1641 1965 μάλα
1663 1913 1816 1958 εἰκότως.
1839 1913 1976 1952 Ἐκεῖνο
1997 1913 2058 1965 μὲν
2081 1912 2148 1967 γὰρ
2177 1914 2308 1966 ἄψυχον
2325 1915 2364 1953 τὸ

1334 1974 1598 2028 θυσιαστήριον,
1617 1978 1718 2013 τοῦτο
1736 1974 1771 2012 δὲ
1792 1975 1947 2027 ἔμψυχον
1960 1991 1968 1998 ·
1989 1977 2090 2013 κάκεῖ
2123 1974 2183 2026 μὲν
2216 1975 2255 2012 τὸ
2284 1976 2363 2012 ἐπι-

1334 2036 1490 2087 κείμενον
1508 2037 1598 2074 ἅπαν
1614 2041 1672 2074 τοῦ
1689 2036 1794 2090 πυρὸς
1810 2036 1942 2088 γίνεται
1963 2036 2100 2083 δαπάνη
2112 2067 2122 2084 ,
2144 2035 2203 2074 καὶ
2221 2039 2364 2089 τελευτᾷ

1335 2100 1381 2142 εἰς
1411 2097 1518 2145 κόνιν,
1540 2097 1598 2135 καὶ
1625 2099 1798 2149 διαχεῖται
1828 2100 1875 2141 εἰς
1896 2098 2037 2150 τέφραν,
2060 2097 2120 2135 καὶ
2146 2100 2193 2141 εἷς
2219 2097 2283 2144 τὴν
2303 2101 2364 2135 τοῦ

1336 2158 1435 2211 ἀέρος
1454 2162 1471 2197 ὃ
1496 2159 1626 2202 καπνὸς
1663 2158 1848 2197 ἀναλύεται
1878 2158 1995 2211 φύσιν·
2024 2160 2172 2197 ἐνταῦθα
2208 2157 2243 2197 δὲ
2268 2157 2365 2197 οὐδὲν

1336 2224 1503 2258 τοιοῦτον·
1528 2220 1603 2257 ἀλλ’
1624 2219 1760 2272 ἑτέρους
1778 2219 1872 2271 φέρει
1889 2219 1966 2264 τοὺς
1979 2219 2142 2272 καρπούς.
2167 2220 2236 2259 Καὶ
2256 2224 2366 2258 ταῦτα

1336 2285 1354 2320 ὁ
1370 2283 1509 2324 Παῦλος
1531 2281 1685 2327 ἐδήλωσε
1701 2280 1812 2331 λέγων
1828 2297 1835 2304 ·
1857 2285 1919 2328 τῆς
1941 2281 2008 2334 γὰρ
2029 2281 2268 2334 φιλοπτωχίας
2296 2284 2366 2319 τῶν

1338 2342 1527 2395 Κορινθίων
1550 2342 1629 2386 τοὺς
1645 2341 1837 2394 θησαυροὺς
1864 2342 2107 2394 διηγούμενος,
2138 2343 2243 2386 οὕτως
2263 2342 2366 2396 ἔγρα-

1336 2419 1396 2456 φεν
1408 2420 1415 2427 ·

1337 2481 1392 2503 νον
1410 2464 1484 2502 ἐστὶ
1495 2466 1836 2516 προσαναπληροῦσα
1855 2463 1898 2501 τὰ
1915 2464 2142 2516 ὑστερήματα
2160 2468 2228 2503 τῶν
2247 2465 2366 2517 ἁγίων,

1439 2403 1525 2441 “Ort
1545 2406 1566 2449 ἡ
1589 2402 1745 2441 διακονία
1762 2406 1824 2449 τῆς
1841 2403 2056 2455 λειτουργίας
2073 2403 2202 2450 ταύτης
2223 2407 2260 2442 οὐ
2299 2405 2367 2456 μό-

1339 2526 1428 2565 ἇλλὰ
1451 2526 1510 2564 καὶ
1530 2525 1783 2577 περισσεύουσα
1816 2524 1873 2562 διὰ
1898 2528 2035 2563 πολλῶν
2067 2529 2295 2578 εὐχαριστιῶν
2317 2531 2367 2580 τῷ

1339 2590 1438 2640 Θεῷ·
1470 2587 1529 2625 καὶ
1552 2587 1671 2634 πάλιν,
1700 2586 1906 2630 Δοξοίζοντες
1933 2586 1989 2624 τὸν
2018 2586 2106 2625 Θεὸν
2129 2588 2186 2624 ἐπὶ
2209 2591 2251 2639 τῇ
2284 2591 2367 2626 ὑπο-

1338 2651 1427 2701 ταγῇ
1443 2651 1504 2695 τ’ῆς
1521 2647 1704 2698 ὁμολογίας
1720 2649 1816 2696 ὑμῶν
1832 2649 1877 2690 εἷς
1893 2647 1932 2685 τὸ
1952 2648 2162 2699 εὐαγγέλιον,
2186 2648 2246 2686 καὶ
2261 2648 2368 2687 ἁπλό-

1339 2727 1418 2758 *eq-tt
1440 2713 1501 2756 τῆς
1531 2708 1710 2751 κοινωνίας
1742 2710 1803 2753 τῆς
1828 2710 1874 2751 εἷς
1907 2707 2030 2752 αὐτους
2065 2725 2124 2746 και
2147 2711 2193 2752 εἷς
2212 2710 2368 2757 πάντας,

1342 2788 1401 2810 και
1432 2787 1475 2822 τῃ
1498 2771 1611 2808 αὐτῶν
1631 2768 1744 2814 δεήσει
1765 2767 1851 2820 ὑπὲρ
1873 2769 2277 2819 υμι1νσέπιποθουντων(
2265 2778 2366 2821 υμᾶς.

1343 2832 1452 2904 ὈΝρας
1471 2833 1518 2874 εἷς
1547 2828 1769 2882 εὐχαριστίαν
1791 2829 2028 2880 ἀναλυομένην
2050 2829 2170 2876 αυτὴν,
2196 2847 2255 2868 και
2276 2836 2369 2870 αἶνον

1343 2897 1401 2932 τοῦ
1425 2894 1541 2939 Θεού,
1564 2891 1622 2928 καὶ
1645 2895 1797 2941 συνεχεῖς
1830 2889 1932 2941 ευγὰς
1948 2892 2015 2928 των
2042 2894 2077 2928 ευ
2097 2891 2288 2940 παθοντων,
2311 2909 2369 2931 και

1344 2952 1551 3007 θερμοτέραν
1572 2950 1732 3002 ἀγάπην;
1756 2949 1906 3000 (“)ύιι.111εν
1928 2950 2052 2996 τοίνυν,
2070 2952 2265 3002 ἀγαπητοι,
2280 2951 2370 2990 θύω-

1358 3056 1473 3100 priscis
1489 3055 1721 3098 Cbrysostomi
1735 3053 1977 3095 exemplaribus
1995 3059 2091 3088 ἔλαιον
2109 3054 2161 3085 liic
2185 3055 2367 3098 legebatur,

1357 3112 1454 3141 Certe
1473 3107 1576 3150 liquet
1604 3106 1666 3137 boc
1685 3105 1759 3137 loro
1778 3105 1884 3137 oleum
1904 3105 2039 3147 inu-{ligi
2053 3132 2060 3145 ,
2089 3115 2121 3138 et
2146 3106 2230 3139 lianc
2254 3107 2371 3139 lectio-

1361 3173 1435 3192 nem
1454 3159 1506 3191 hic
1524 3159 1782 3201 Cbrysostomus
1799 3154 1965 3196 adhibuit,
1984 3159 2040 3200 qui
2054 3157 2157 3190 altera
2171 3157 2248 3190 alibi
2266 3161 2370 3191 utitur

1359 3212 1411 3244 ubi
1427 3211 1467 3243 de
1480 3208 1703 3242 mrericordia
1721 3210 1839 3252 agitur,
1857 3216 1891 3240 111,
1904 3208 2138 3252 adStagirium
2156 3209 2177 3243 l.
2194 3212 2368 3253 l,Tom.l‚

1357 3276 1389 3306 p.
1411 3266 1484 3302 4138,
1514 3270 1546 3294 et
1571 3261 1669 3304 alibi,
1687 3260 1742 3292 sed
1769 3262 1844 3303 quia
1871 3259 1924 3293 hic
1942 3267 2039 3295 ἔλαιον
2064 3263 2171 3293 Oleum
2188 3261 2231 3294 ad
2254 3264 2369 3294 seriem

1357 3327 1448 3346 suam
1468 3312 1669 3357 aptabatur,
1689 3312 1774 3344 hanc
1791 3321 1948 3355 sequutus
1964 3321 2012 3345 est
2033 3312 2221 3345 lectionem.
2248 3316 2286 3346 In
2303 3316 2369 3346 lle-

1354 3366 1441 3399 brmo
1466 3374 1576 3397 autem
1601 3364 1717 3407 legitur
1743 3368 1872 3405 ΤΙΚΕΠ
1898 3366 2156 3407 70n’2,()1tia
2179 3367 2365 3398 ''lsffssfflffi

1353 3424 1442 3456 dium
1464 3423 1565 3458 volus,
