2481 3678
734 217 777 249 ux*
815 216 1025 248 somnum
1061 214 1217 245 nonu„
1259 214 1331 242 liv.
1371 198 1432 242 al.
1472 212 1559 241 mv.
2088 206 2178 256 σοι)

102 302 198 354 φησί.
215 301 338 340 Καίτοι
355 301 405 344 τίς
422 304 439 338 ὁ
457 299 633 350 δαιμόνιον
652 300 764 351 ἔχων;
785 303 803 337 ὁ
817 301 927 349 τιμῶν
944 298 1001 335 τὸν
1020 296 1123 342 Θεὸν,

103 364 124 409 ἢ
141 368 158 402 ὁ
175 364 231 401 τὸν
253 365 411 414 τιμῶντα
432 361 598 413 ὑὸρίζων;
614 360 661 398 Τί
683 354 739 399 οὖν
759 361 777 398 ὁ
795 359 942 411 Χριστὸς
954 389 964 407 ,
981 361 1002 404 ἡ
1018 355 1124 409 πραό-

103 441 182 471 της,
203 428 224 471 ἡ
244 423 426 470 ἐπιείκεια,
441 420 536 473 Ἐγὼ
551 421 726 471 δαιμόνιον
743 421 805 459 οὒκ
819 420 908 472 ἔχω,
929 417 1018 456 ἀλλὰ
1034 418 1126 466 τιμῶ

1196 303 1313 331 catum
1339 293 1460 330 fuisse.
1485 293 1729 329 Doemonium
1759 292 1890 331 habes,
1915 290 2044 338 inquis.
2073 294 2181 338 Atque

1198 362 1275 390 uter
1291 352 1506 390 daemonium
1526 351 1661 388 habet?
1679 365 1723 387 an
1739 349 1801 400 qui
1818 351 1932 386 Deum
1954 350 2114 392 honorat,
2138 364 2180 385 an

1198 412 1259 463 qui
1273 412 1391 464 ipsum
1403 413 1635 450 honorantem
1647 409 1860 449 contumelia
1875 409 2004 446 afficit?
2015 409 2113 454 Quid
2131 424 2182 446 er-

103 488 160 524 τὸν
184 485 326 537 Πατέρα
343 483 400 521 τὸν
416 482 605 534 πέμψαντά
626 498 681 532 με.
702 480 814 519 Ἔνθα
832 480 894 531 μὲν
910 478 1044 521 διδάξαι
1070 478 1128 514 αὖ·
1149 485 1173 515 Ε
1198 486 1242 524 go
1267 473 1430 511 Christus
1450 504 1458 518 ‚
1480 473 1557 525 ipsa
1589 470 1848 520 mansuetudo,
1880 470 1955 521 ipsa
1982 469 2153 507 modestia
2169 470 2184 505 '.¹

103 543 182 587 τοὺς
210 545 316 596 ἐχρῆν
345 541 405 580 καὶ
443 541 500 579 τὸν
534 540 639 579 πολὺν
660 543 770 578 αὐτῶν
809 538 1035 578 κατασπάσαι
1070 540 1130 574 τῦ-

104 621 179 657 (ρον,
195 603 254 641 καὶ
274 603 461 641 παιδεῦσαι
478 601 526 652 μὴ
544 601 634 653 με’γα
654 607 787 653 φρονεῖν
808 600 865 638 ἐπὶ
882 601 932 650 τῷ
951 597 1128 651 Ἀδραὰμ,

105 665 249 718 σφοδρὸς
268 658 309 710 ἦν
323 679 330 686 ·
349 663 428 701 ἔνθα
452 663 486 701 δὲ
504 662 726 715 ὓὸριζόμενον
744 660 844 699 αὐτὸν
872 659 940 697 ἔδει
969 661 1130 710 ἐνεγκεῖν,

106 727 217 776 πολλῇ
238 724 411 776 πραότητι
431 723 614 775 κέχρηται.
632 721 721 760 εὈτε
743 722 805 772 μὲν
831 720 898 773 γὰρ
927 719 1056 771 ἔλεγον,
1079 719 1132 758 ὅτι

109 786 254 838 Πατέρα
272 785 329 823 τὸν
350 785 439 823 Θεὸν
468 785 592 836 ἔχομεν
621 783 680 821 καὶ
710 783 767 820 τὸν
787 780 967 834 Ἀδραὰμ,
1000 780 1133 833 σφόδρα

110 849 220 884 αὐτῶν
237 845 438 898 καθήψατο·
459 844 515 883 ὅτε
544 843 579 880 δὲ
610 843 710 881 αὐτὸν
730 844 949 892 δαιμονῶντα
977 841 1134 887 ἐκάλουν,

111 969 157 1009 εἰς
172 968 227 1005 τὸν
249 967 338 1004 Θεὸν
355 967 515 1012 ἐκδικεῖν,
535 964 579 1002 τὰ
599 965 634 1002 δὲ
658 967 704 1008 εἷς
734 969 828 1015 ἡμᾶς
850 971 1018 1017 παρορᾷν.
1039 962 1136 1014 Ἐγὼ
1158 970 1183 998 Α

114 1031 151 1067 οὗ
182 1031 274 1075 ζητῶ
307 1027 369 1075 τὴν
408 1026 506 1071 δόξαν
537 1026 599 1074 τὴν
628 1027 726 1077 ἐμήν.
748 1028 870 1064 Ταῦτα
899 1020 1007 1073 εἷπον,
1035 1024 1136 1077 φησὶ,

114 1088 245 1132 δεικνὺς
258 1088 311 1127 ὅτι
327 1090 364 1126 οὐ
383 1091 556 1140 προσῆκεν
573 1092 652 1139 ὑμῖν
669 1087 726 1125 τὸν
743 1088 832 1125 Θεὸν
852 1089 970 1124 καλεῖν
985 1086 1136 1140 πατέρα,

117 1149 333 1203 ἀνδροφόνοις
358 1143 464 1187 οἶσιν.
486 1149 595 1187 ςὨστε
627 1151 670 1200 τῇ
704 1151 790 1199 τιμῇ
822 1151 864 1199 τῇ
901 1148 986 1200 πρὸς
1012 1150 1138 1185 ἐκεῖνον

116 1216 224 1249 ταῦτα
239 1210 469 1262 ἐφθεγξάμην,
481 1210 540 1247 καὶ
558 1212 600 1247 δι’
615 1212 743 1248 ἐκεῖνον
755 1214 866 1247 ταῦτα
880 1209 995 1248 ἀκούω
1007 1208 1084 1256 ,καὶ
1095 1208 1137 1245 δι’

117 1273 217 1310 αὐτὸν
242 1271 429 1320 ἀτιμάζετέ
440 1288 494 1322 με.
507 1271 598 1309 Ἀλλ’
615 1271 711 1309 οὐδέν
727 1288 785 1322 μοι
802 1270 992 1321 μέλειῦτῆς
1011 1269 1142 1322 ῧὸρεως

116 1333 264 1379 ταύτης·
281 1332 400 1384 ἐκείνῳ
421 1331 487 1383 γὰρ
508 1333 647 1376 εὐθύνας
667 1332 820 1383 ὀφείλετε
844 1335 912 1369 τῶν
935 1330 1140 1382 λεχθέντων,

117 1395 160 1431 δι’
177 1394 212 1432 ὃν
231 1397 342 1431 ταῦτα
364 1393 479 1431 ἀκούω
497 1397 571 1430 νῦν.
597 1393 693 1445 Ἐγὼ
716 1395 753 1431 οὐ
771 1395 863 1439 ζητῶ
883 1391 946 1438 τὴν
964 1391 1062 1434 δόξαν
1078 1390 1140 1438 τὴν

117 1454 217 1504 ἐμήν.
235 1454 302 1491 Διὰ
320 1458 423 1491 τοῦτο
451 1454 548 1505 ἀφεὶς
566 1453 604 1491 τὸ
625 1453 782 1497 κολάζειν
801 1456 911 1503 ὑμᾶς,
937 1452 994 1490 ἐπὶ
1015 1451 1142 1503 παραί-

116 1531 207 1553 νεσιν
224 1514 419 1567 τρέπομαι,
438 1514 498 1551 καὶ
522 1513 746 1564 συμέουλεύω
762 1517 873 1552 ταῦτα
891 1518 1015 1560 ποιεῖν,
1043 1511 1076 1556 ἐξ
1094 1506 1141 1549 ὧν

115 1578 153 1614 οὐ
173 1575 274 1626 μόνον
293 1574 356 1621 τὴν
371 1574 512 1612 κόλασιν
535 1574 772 1626 διαφεύξεσθε,
786 1573 876 1612 ἀλλὰ
895 1574 955 1612 καὶ
980 1577 1043 1620 τῆς
1059 1575 1143 1611 αἰω-

116 1636 188 1674 νίου
209 1639 298 1682 ζωῆς
331 1634 558 1679 ἐπιτεύξεσθε.
577 1635 701 1686 Ἀμὴν,
728 1635 821 1687 ἀμὴν
849 1634 940 1685 λέγω
970 1637 1064 1685 ὑμῖν,
1084 1634 1141 1672 ἐάν

117 1698 168 1741 τίς
190 1713 254 1748 μου
281 1695 338 1734 τὸν
360 1696 460 1747 λόγον
479 1696 637 1749 τηρήσῃ,
654 1699 692 1735 οὗ
724 1696 772 1748 μὴ
802 1696 970 1749 θεωρήσει
997 1695 1142 1733 θάνατον

119 1761 165 1802 εἷς
184 1759 241 1797 τὸν
261 1760 382 1796 αἰῶνα.
404 1758 578 1796 Ἐνταῦθα
597 1760 634 1796 οὐ
662 1757 724 1805 τὴν
744 1757 862 1796 πίστιν
894 1757 995 1809 μόνον
1025 1756 1141 1809 φησὶν,
1165 1768 1187 1797 13

118 1820 209 1859 ἀλλὰ
232 1821 290 1858 καὶ
318 1821 375 1858 τὸν
400 1820 473 1871 βίον
493 1821 549 1859 τὸν
568 1821 731 1873 καθαρόν.
752 1820 824 1858 Καὶ
846 1819 917 1857 ἄνω
948 1818 1009 1870 μὲν
1028 1818 1141 1870 ἔλεγε,

118 1881 221 1927 Ζωῆν
242 1880 378 1919 αἰώνιον
395 1881 461 1926 ἕξει
474 1897 482 1903 ·
501 1884 647 1919 ἐνταῦθα
666 1880 701 1919 δὲ
713 1912 722 1928 ,
738 1881 822 1933 φησὶ
833 1911 842 1928 ,
858 1880 1020 1919 Θάνατον
1035 1882 1074 1918 οὗ
1093 1879 1141 1930 μὴ

119 1942 286 1995 Οειορήσει
303 1958 310 1965 ·
326 1942 400 1993 ἅμα
425 1942 459 1981 δὲ
476 1943 534 1980 καὶ
565 1942 772 1990 αἰνίττεται,
790 1942 843 1981 ὅτι
863 1941 957 1980 οὐδὲν
980 1940 1142 1980 δύνανται

119 2005 214 2055 αὐτῷ
230 2006 388 2049 ποιῆσαι.
412 2005 455 2041 Εἰ
470 2003 537 2056 γὰρ
567 2006 584 2041 ὃ
610 2004 667 2041 τὸν
687 2003 788 2054 λόγον
818 2005 921 2041 αὐτοῦ
948 2004 1061 2054 τηρῶν
1081 2004 1143 2040 οὐκ

120 2066 364 2112 ἀποθανεῖται,
386 2066 504 2116 πολλῷ
523 2066 653 2114 μᾶλλον
686 2064 798 2108 αὐτός.
816 2066 928 2102 Τοῦτο
959 2069 1037 2116 γοῦν
1063 2080 1142 2103 συν-

119 2125 244 2167 ειδότες
258 2124 317 2162 καὶ
336 2125 454 2173 αὐτοὶ,
469 2125 623 2176 λέγουσι·
641 2126 712 2163 Νῦν
733 2124 933 2176 ἐγνώκαμεν
950 2126 1002 2162 ὅτι
1023 2124 1143 2175 δαιμό-

118 2201 188 2223 νιον
210 2184 310 2237 ἔχεις.
331 2184 491 2239 Ἀδραὰμ
506 2185 656 2223 ἀπέθανε
675 2185 734 2223 καὶ
756 2189 787 2223 οἱ
810 2189 987 2238 προφῆται
1012 2185 1142 2224 ἀπέθα-

118 2261 195 2283 νον·
217 2244 406 2293 τουτέστιν,
435 2246 466 2283 οἱ
497 2245 555 2283 τὸν
586 2245 686 2297 λόγον
722 2245 930 2290 ἀκούσαντες
959 2251 1018 2284 τοῦ
1049 2248 1141 2284 Θεοῦ

119 2305 306 2344 ἀπέθανον·
327 2305 386 2343 καὶ
414 2308 444 2343 οἱ
464 2306 522 2344 τὸν
543 2306 600 2344 σὸν
619 2306 826 2350 ἀκούσαντες
845 2308 907 2345 οὔκ
927 2309 1141 2345 ἀποθανοῦν-

118 2383 193 2413 ται,
216 2367 277 2413 Μὴ
299 2366 339 2406 σὺ
359 2366 483 2418 μείζων
501 2361 534 2404 εἷ
549 2372 608 2405 τοῦ
626 2368 757 2420 πατρὸς
775 2371 876 2418 ἡμῶν
895 2367 1054 2419 Ἀδραάμ
1070 2385 1079 2414 ,
1094 2366 1143 2406 Ὦ
1165 2375 1188 2405 C

118 2430 180 2473 τῆς
201 2426 414 2471 κενοδοξίας·
434 2428 539 2465 πάλιν
558 2428 615 2466 ἐπὶ
641 2427 703 2474 τὴν
726 2428 924 2479 συγγένειαν
950 2430 1052 2466 αὐτοῦ
1078 2444 1142 2466 κα-

120 2487 338 2538 ταφεύγουσι.
360 2486 484 2525 Καίτοι
507 2487 690 2525 ἀκόλουθον
711 2482 752 2534 ἦν
776 2490 882 2525 εἰπεῖν
896 2504 903 2511 ·
928 2487 976 2538 μὴ
992 2487 1032 2526 σὺ
1060 2488 1141 2538 μεί-

120 2550 185 2591 ζων
208 2541 238 2585 si
251 2552 309 2585 τοῦ
322 2549 435 2594 Θεοῦ,
463 2547 485 2593 ἢ
501 2550 532 2585 οἱ
557 2547 766 2591 ἀκούσαντές
785 2564 858 2596 σου,
870 2554 931 2587 τοῦ
959 2548 1141 2600 Ἀδραάμ,

120 2608 212 2645 Ἀλλ’
232 2610 268 2645 οὐ
288 2608 427 2658 λέγουσι
445 2612 544 2646 τοῦτο
557 2638 567 2655 ,
583 2607 701 2655 ἐπειδὴ
719 2609 778 2646 καὶ
800 2614 858 2647 τοῦ
876 2609 1037 2663 Ἀὸραὰμ
1048 2608 1144 2646 ἐλάτ-

120 2685 203 2706 τονα
224 2670 326 2707 αὐτὸν
349 2662 437 2707 εἶναι
455 2668 621 2719 ἐνόμιζον.
639 2670 692 2707 Τὸ
715 2669 776 2720 μὲν
792 2664 849 2708 οὖν
865 2672 1001 2722 πρῶτον
1022 2668 1143 2714 ἔδειξεν

122 2728 363 2781 ἀνδροφόνους,
384 2730 442 2767 καὶ
469 2728 579 2781 ταύτῃ
601 2730 722 2774 αὐτοὺς
752 2731 913 2781 ἀπήγαγε
939 2733 1001 2776 τ’ῆς
1025 2744 1145 2781 συγγε-

121 2789 212 2833 νείας
230 2805 237 2812 ·
257 2793 303 2833 ὡς
331 2790 366 2828 δὲ
387 2790 583 2842 ἐνέμειναν,
606 2791 731 2843 ἑτέρως
761 2792 844 2829 αὐτὸ
865 2790 1041 2842 μεθοδεύει
1070 2790 1143 2828 πά·-

119 2851 186 2898 λιν,
210 2851 340 2895 δεικνὺς
365 2851 418 2889 ὅτι
449 2851 599 2898 ἀνόνητα
615 2858 778 2900 πονοῦσι,
798 2853 857 2891 καὶ
892 2852 972 2905 περὶ
1002 2851 1063 2902 μὲν
1085 2855 1144 2890 τοῦ

121 2910 267 2971 θκανάτου
287 2910 380 2950 οὐδὲν
397 2914 510 2956 αὐτοῖς
525 2912 683 2964 διελέχθη
694 2944 703 2961 ,
723 2912 798 2952 οὐδὲ
816 2913 1049 2964 ἀπεκάλυψεν,
1066 2912 1143 2951 οὐδὲ

122 2973 218 3018 εἰπε,
237 2977 334 3009 ποῖον
352 2971 446 3023 λέγει
478 2972 622 3011 θάνατον
637 2989 645 2997 ·
667 2973 753 3017 τέως
783 2973 819 3012 δὲ
850 2973 982 3022 πείθει,
1000 2972 1052 3011 ὅτι
1084 2977 1142 3012 τοῦ

123 3029 282 3082 Ἀδραὰμ
310 3032 475 3083 κρείττων
494 3034 597 3082 ἐστὶν,
617 3034 674 3072 ἵνα
702 3035 762 3073 καὶ
794 3034 905 3088 τούτῳ
935 3034 1139 3085 δυσωπήσῃ.
1167 3039 1192 3070 D

120 3092 286 3129 Μάλιστα
309 3091 370 3142 μὲν
392 3092 459 3146 γὰρ
479 3095 509 3131 εἷ
534 3094 593 3132 καὶ
619 3098 637 3133 ὃ
654 3095 783 3148 τυχὼν,
814 3095 930 3147 φησὶν,
959 3094 1067 3145 ἤμην,
1084 3096 1145 3132 οὐκ

121 3151 191 3190 ἔδει
219 3155 405 3191 ἀποθανεῖν
427 3153 521 3193 οὐδὲν
552 3156 791 3203 ἀδικήσαντα·
814 3156 895 3194 ὅταν
925 3154 959 3193 δὲ
991 3155 1051 3193 καὶ
1082 3154 1144 3202 τὴν

123 3217 287 3263 ἀλήθειαν
324 3220 434 3271 λέγω,
459 3222 519 3260 καὶ
553 3222 728 3274 μηδεμίαν
761 3221 935 3275 ἁμαρτίαν
965 3221 1053 3274 ἔχω,
1088 3221 1146 3259 καὶ

122 3282 217 3335 παρὰ
248 3287 306 3323 τοῦ
335 3286 428 3325 Θεοῦ
460 3289 720 3339 ἀπεσταλμένος
750 3281 798 3334 ὦ,
834 3288 893 3327 καὶ
927 3286 1085 3339 Ἀδραὰμ
1118 3279 1146 3324 ὦ

169 3407 181 3421 ³·
206 3397 352 3438 Quidam
370 3408 420 3440 τῆς
437 3405 573 3448 ὺέρίσεως
587 3407 707 3442 ταύτης·

1199 535 1283 585 Ego
1301 534 1536 572 doemonizcm
1554 548 1629 571 non
1644 535 1781 579 habeo,
1798 532 1866 570 sed
1881 531 2094 583 honorifico
2109 532 2186 567 Pa-

1201 605 1296 634 trem
1319 599 1387 648 qui
1408 599 1511 634 misit
1534 600 1619 633 me?
1640 595 1714 633 Ubi
1738 594 1922 646 oportebat
1940 593 2065 631 docere
2093 592 2187 635 illos,

1199 658 1330 695 fastum
1360 657 1507 695 illorum
1535 656 1758 709 deprimere,
1786 664 1820 693 et
1851 655 2035 692 instituere
2073 668 2115 691 nc
2146 653 2191 691 de

1202 718 1405 757 Abrahamo
1436 719 1550 755 altum
1584 726 1746 770 saperent
1761 747 1772 765 ,
1803 716 1854 754 ibi
1877 715 2066 754 vehemens
2087 724 2188 763 erat,

1204 779 1267 816 ubi
1287 779 1520 816 contumelias
1543 779 1646 828 serre,
1669 777 1780 815 multa
1802 777 1967 814 utebatur
1991 785 2192 813 mansuetu—

1206 841 1303 880 dine.
1329 843 1420 879 Cum
1451 842 1641 889 dicebant,
1666 841 1811 878 Patrem
1834 840 2008 877 habemus
2027 841 2142 876 Deum
2162 847 2196 876 et

109 907 299 958 ὑφειμένως
313 909 362 957 τῷ
374 906 466 957 λόγῳ
480 904 650 956 κέχρηται
663 934 672 951 ‚
688 902 861 941 παιδεύων
881 905 975 953 ἡμᾶς
988 934 998 949 ,
1013 902 1057 940 τὰ
1073 902 1134 953 μὲν
1146 932 1193 956 322
1209 905 1403 955 Abraham,
1424 906 1459 942 in
1490 905 1569 942 illos
1593 904 1827 944 invehebatur
1837 918 1847 952 3
1876 916 1955 940 cum
1984 911 2101 939 autem
2123 900 2194 938 dae-
2210 907 2280 975 lQuae
2299 912 2395 973 tonsis-³

2225 951 2304 975 jeum
2372 957 2396 972 ι-

1208 966 1411 1004 moniacum
1436 966 1678 1018 appellabant,
1702 964 1857 1002 modeste
1884 963 2052 1013 loquutus
2073 971 2140 1010 est,
2158 970 2196 998 ut

1209 1092 1379 1130 rebantur
1399 1091 1664 1140 ulciscere-mm,
1689 1105 1767 1141 quae
1783 1090 1818 1126 in
1836 1103 1898 1126 nos
1910 1097 2042 1137 autem,
2062 1088 2195 1139 patien-

1211 1162 1263 1190 ter
1280 1153 1461 1191 ferremus.
1473 1153 1533 1190 50.
1543 1153 1627 1204 Ego
1646 1166 1723 1189 non
1739 1165 1869 1202 quoero
1878 1151 2043 1202 gloriam
2060 1162 2196 1185 meam.
2213 1155 2289 1182 serre

2213 1202 2266 1225 est.

1213 1215 1296 1252 Haec
1313 1214 1406 1263 dixi,
1426 1214 1554 1264 inquit,
1578 1222 1617 1250 ut
1641 1213 1861 1250 ostenderem
1885 1212 1988 1250 vobis
2014 1225 2084 1249 non
2103 1224 2198 1248 com-

1212 1285 1330 1327 petere
1351 1277 1468 1313 Deum
1482 1288 1607 1314 vocare
1625 1283 1774 1327 patrem,
1800 1273 1863 1324 qui
1884 1272 2074 1310 homicida}
2100 1272 2195 1310 estis.

1214 1337 1338 1386 Itaque
1358 1335 1507 1373 honoris
1528 1335 1640 1387 ipsius
1659 1348 1762 1372 causa
1777 1334 1854 1371 haec
1881 1333 1975 1382 dixi,
1999 1342 2033 1371 et
2056 1342 2201 1385 propter

1214 1396 1318 1434 illum
1345 1396 1412 1433 hoc
1443 1395 1564 1445 audio,
1586 1405 1691 1445 atque
1720 1404 1866 1448 propter
1889 1394 2007 1446 ipsum
2027 1408 2083 1431 me
2101 1393 2203 1431 inho-

1214 1457 1361 1494 noratis.
1387 1458 1526 1496 Verum
1544 1456 1636 1493 hanc
1655 1455 1905 1493 contumeliam
1924 1468 1993 1492 non
2017 1468 2113 1491 curo.
2145 1454 2203 1490 Illi

1214 1518 1310 1555 enim
1332 1516 1410 1554 ideo
1428 1530 1551 1569 poenas
1575 1515 1712 1553 debetis
1730 1515 1923 1559 dictorum,
1938 1524 2083 1566 propter
2097 1529 2204 1564 quem

1215 1579 1289 1616 haec
1309 1592 1403 1615 nunc
1416 1576 1535 1614 audio.
1546 1577 1631 1629 Ego
1649 1591 1726 1613 non
1743 1590 1872 1629 (μαργο
1885 1576 2050 1627 gloriam
2066 1589 2201 1612 meam.

1214 1639 1298 1678 Ideo
1317 1639 1445 1678 omissa
1466 1638 1625 1678 vindicta
1643 1637 1690 1676 ad.
1713 1637 1992 1675 cohortationem
2024 1646 2151 1686 vertor,
2172 1648 2205 1675 et

1213 1711 1338 1740 auctor
1357 1700 1460 1740 vobis
1483 1714 1574 1749 sum,
1598 1709 1636 1737 ut
1661 1700 1721 1738 illa
1740 1699 1891 1749 faciatis,
1913 1713 2065 1749 quorum
2092 1699 2204 1750 gratia

1215 1777 1284 1802 non
1313 1763 1420 1801 modo
1440 1762 1658 1815 supplicium
1678 1760 1872 1812 effugietis,
1890 1759 1952 1798 sed
1970 1760 2078 1797 etiam
2092 1760 2205 1798 vitam

1215 1834 1382 1863 aeternam
1418 1823 1697 1875 consequemini.
1718 1824 1779 1861 51,
1810 1822 1955 1870 Amen,
1976 1837 2091 1859 amen
2119 1824 2204 1860 dico

1214 1889 1339 1934 vobis,
1370 1889 1403 1924 si
1437 1889 1522 1939 quis
1555 1899 1770 1923 sermonem
1807 1897 1935 1921 meum
1964 1886 2173 1921 servaverit
2190 1914 2200 1927 ,

1215 1960 1294 1984 non
1320 1947 1468 1984 videbit
1489 1954 1648 1984 mortem
1674 1947 1716 1982 in
1742 1953 1941 1982 oeternum.
1962 1943 2030 1980 Hic
2044 1957 2113 1981 non
2133 1957 2205 1980 mo-

1214 2008 1261 2045 do
1282 2008 1327 2045 de
1346 2007 1418 2045 fide
1437 2007 1525 2058 agit,
1549 2006 1612 2044 sed
1632 2006 1737 2044 etiam
1755 2005 1800 2043 de
1814 2005 1888 2045 vita
1908 2019 2011 2056 pura.
2036 2006 2084 2042 Ac
2104 2018 2204 2055 supe-

1215 2070 1290 2108 rius
1314 2070 1388 2119 ait,
1423 2071 1552 2108 Vitam
1582 2077 1766 2106 aeternam
1796 2068 1977 2111 habebit;
2008 2066 2067 2103 hic
2097 2080 2199 2114 vero,

1215 2133 1381 2170 Mortem
1398 2145 1475 2168 non
1489 2131 1663 2168 videbit:
1683 2138 1716 2167 et
1738 2143 1808 2166 una
1827 2127 2030 2165 subindicat
2045 2127 2126 2164 illos
2149 2126 2201 2164 ni-

1212 2193 1266 2231 hil
1281 2192 1471 2232 adversum
1489 2206 1525 2230 se
1542 2205 1654 2244 posse.
1669 2191 1763 2228 Nam
1783 2190 1813 2227 si
1829 2189 1891 2240 qui
1911 2203 2107 2227 sermonem
2125 2189 2200 2240 ejus

1211 2253 1430 2300 servaverit,
1451 2267 1521 2291 non
1540 2252 1722 2300 morietur,
1747 2259 1878 2303 quanto
1900 2250 2017 2287 minus
2038 2250 2112 2301 ipse
2128 2250 2144 2286 Ξ·ἲ
2158 2250 2198 2286 Id

1213 2329 1296 2353 eum
1320 2315 1374 2352 illi
1399 2314 1647 2364 intelligerent,
1678 2313 1799 2351 aiunt:
1821 2313 1887 2351 532.
1918 2313 2034 2350 ,Nunc
2058 2325 2197 2362 cogno-

1212 2378 1353 2414 scimus
1388 2377 1482 2428 qm'a
1521 2376 1754 2411 dcemonium
1791 2374 1909 2411 habes
1940 2388 1950 2408 :
1988 2372 2030 2409 A
2034 2373 2198 2410 braham

1214 2444 1385 2475 mortuus
1416 2443 1486 2482 est,
1516 2434 1713 2486 propheta>
1742 2435 1881 2470 mortui
1908 2441 2024 2478 sunt,-
2049 2432 2088 2469 id
2121 2443 2195 2479 est,

1212 2496 1287 2542 Qui
1306 2495 1373 2533 Dei
1392 2508 1589 2533 sermonem
1611 2492 1812 2540 audierunt,
1830 2492 1962 2528 mortui
1979 2500 2071 2540 sunt,
2087 2501 2120 2529 et
2138 2493 2200 2543 qui

1212 2567 1315 2595 tuum
1336 2555 1541 2603 audierunt,
1567 2566 1637 2591 non
1663 2552 1887 2590 morientur?
1907 2553 1971 2592 55.
1997 2554 2202 2604 Z'Vumquid

1214 2624 1254 2654 ἰῑι
1271 2618 1396 2669 major
1412 2629 1452 2654 es
1470 2624 1581 2667 patre
1603 2623 1732 2652 nostro
1752 2612 1961 2652 Abraham
1973 2617 1989 2650 Ρ
2008 2615 2040 2652 Ο
2057 2614 2197 2665 jaetan-

1214 2676 1323 2716 tiam!
1347 2677 1483 2713 Rursus
1501 2675 1548 2712 ad
1568 2675 1644 2726 ejus
1661 2674 1906 2725 cognationem
1925 2674 2117 2726 refugiunt.
2138 2676 2200 2711 At-

1213 2738 1275 2788 qui
1292 2751 1358 2789 par
1371 2736 1496 2774 fuisset
1510 2735 1642 2785 dicere,
1659 2734 1843 2786 Numquid
1860 2744 1900 2772 tu
1919 2736 2032 2786 major
2047 2749 2081 2773 es
2096 2736 2199 2773 Deo?

1214 2808 1273 2836 aut
1291 2798 1352 2849 qui
1371 2807 1405 2835 te
1423 2797 1587 2846 audiunt,
1609 2796 1759 2849 majores
1778 2805 1860 2834 sunt
1881 2795 2110 2834 Abrahamo?
2132 2797 2200 2834 Sed

1213 2872 1282 2898 non
1314 2858 1381 2896 hoc
1407 2858 1548 2907 dieunt,
1566 2857 1650 2908 quia
1674 2857 1780 2894 illum
1800 2857 2004 2895 Abrahamo
2029 2858 2200 2895 minorem

1214 2920 1396 2973 putabant.
1416 2920 1578 2959 Primum
1593 2919 1712 2970 itaque
1726 2919 1806 2956 illos
1821 2919 2017 2957 homicidas
2033 2919 2199 2967 ostendit,

1215 2991 1318 3033 atque
1348 2983 1415 3019 hae
1447 2979 1583 3018 ratione
1615 2979 1711 3032 ipsos
1739 2994 1759 3017 a
1787 2979 1994 3030 cognatione
2026 2979 2171 3017 abducit
2196 2996 2202 3015 ε

1216 3052 1248 3080 et
1277 3056 1359 3080 cum
1385 3039 1607 3094 persisterent
1624 3069 1636 3090 ,
1659 3039 1728 3077 alia
1752 3039 1790 3077 id
1810 3039 2017 3090 aggreditur
2034 3039 2108 3088 via,
2137 3040 2200 3076 de-

1217 3112 1415 3141 monstrans
1434 3103 1529 3155 ipsos
1556 3100 1688 3138 frustra
1711 3100 1884 3139 laborare.
1908 3101 1962 3137 De
1981 3109 2093 3137 morte
2120 3114 2203 3139 vero

1217 3163 1308 3201 nihil
1331 3163 1444 3214 dicit,
1472 3171 1532 3199 aut
1552 3161 1684 3200 revelat
1708 3190 1719 3210 ,
1739 3174 1853 3211 neque
1879 3159 2033 3211 explieat.
2059 3159 2103 3196 de
2136 3174 2204 3209 qua

1217 3225 1420 3275 loqueretur
1448 3232 1573 3261 morte.
1596 3220 1744 3260 Interim
1777 3229 1895 3258 autem
1917 3219 2039 3256 suadet
2074 3219 2145 3256 illis
2171 3233 2206 3256 se

1219 3286 1388 3338 majorem
1410 3283 1615 3322 Abrahamo
1631 3296 1714 3331 esse,
1738 3290 1777 3318 ut
1796 3283 1845 3319 sic
1866 3279 1938 3317 illis
1960 3279 2133 3331 pudorem
2152 3279 2210 3318 in-

2211 997 2317 1017 euntur
2356 988 2402 1014 ul-

1208 1044 1271 1067 nos
1291 1029 1503 1078 institueret,
1524 1037 1696 1079 quatenus
1723 1042 1762 1065 ca
1782 1041 1859 1077 quae
1887 1026 1923 1063 in
1949 1027 2065 1063 Deum
2084 1024 2197 1076 profe·
2212 1033 2280 1058 cist-'1
2297 1053 2303 1064 ,

2212 1079 2310 1100 contra
2335 1080 2396 1100 ¹108«

2258 1116 2400 1151 patienter

2350 1162 2401 1190 Pdl'
