2481 3678
741 181 783 211 ΙΝ
820 179 1030 210 JOANNEM
1067 180 1223 211 HOMlL.

107 264 113 277 Ι

82 281 169 318 ριαν.
190 264 335 311 Ἐπειδὴ
350 265 417 318 γὰρ
432 263 525 303 οὐδὲν
543 262 623 315 περὶ
641 265 703 308 τ’ἧς
720 261 878 308 θεότητος
893 262 999 300 αὐτοῦ
1020 261 1104 305 τέως

81 326 186 378 σαφὲς
206 331 325 377 μαθεῖν
346 325 476 376 ἴσχυον,
497 324 553 362 διὰ
584 327 683 361 τοῦτο
708 329 777 365 τοῖς
796 322 876 375 περὶ
895 325 958 368 τῆς
977 324 1106 360 οἰκονο-

81 386 162 437 μίας
191 387 397 438 ἐνδιατρίὸει
425 385 558 435 λόγοις,
584 384 640 422 ἰ’να
664 383 794 426 τούτοις
813 387 835 430 ἡ
858 382 944 428 ἀκοὴ
973 398 1106 434 γυμνα-

79 451 218 496 σθεῖσα,
247 452 289 499 τῇ
317 450 422 498 λοιπῇ
449 445 707 499 προοδοποιήσῃ
732 444 953 496 διδασκαλίᾳ.
983 444 1055 482 Καὶ
1077 446 1106 482 εἷ

81 508 238 559 βούλοιτό
265 524 317 550 τις
337 508 399 554 τὴν
431 508 646 560 δημηγορίαν
667 512 782 544 πᾶσαν
802 506 931 543 ἄνωθεν
950 506 1106 553 διελθεῖν,

78 569 214 622 εὑρήσει
233 572 331 606 τοῦτο
353 568 370 606 ὃ
388 568 479 619 λέγω
499 568 630 621 σφόδρα
649 566 858 618 διαλάμπον.
876 567 946 606 Καὶ
966 567 1033 620 γὰρ
1050 568 1107 605 ἅν-

80 632 144 683 δρα
165 631 264 668 αὐτὸν
286 632 386 668 καλεῖ
407 630 466 668 καὶ
487 630 603 677 αὐτὸς,
628 628 687 666 καὶ
705 636 774 673 τοῖς
793 634 852 667 τοῦ
873 629 1003 671 πάθους
1018 659 1027 676 ,
1048 628 1107 666 καὶ

78 695 139 739 τῆς
160 691 381 734 ἀναστάσεως
395 722 404 738 ,
422 691 481 729 καὶ
497 694 558 737 τῆς
578 689 670 728 κατὰ
697 690 812 744 σάρκα
840 690 1031 741 γεννήσεως
1051 692 1107 728 ε’ν-

79 753 249 806 διατρίὸει
268 753 392 805 λόγοις.
412 751 481 791 Καὶ
501 753 642 794 Παῦλος
664 751 717 797 δὲ,
735 751 815 790 ὅταν
834 752 940 804 λέγῃ,
961 753 1033 790 Τοῦ
1051 767 1108 803 γε·

78 813 221 864 νομένου
234 815 272 851 ἐκ
288 813 487 865 σπέρματος
502 813 611 851 Δαυὶδ
625 812 716 851 κατὰ
731 813 864 866 σάρκα,
878 812 974 851 οὐδὲν
992 811 1107 864 ἕτερον

78 879 172 926 ἡμᾶς
190 873 366 921 παιδεύει,
389 875 466 912 ἀλλ’
490 873 543 911 ὅτι
563 873 623 921 τὸ,
640 873 841 922 Ἐποίησεν,
861 874 920 912 ἐπὶ
939 877 1002 920 τῆς
1018 875 1109 911 οἷκο-

77 935 199 987 νομίας
212 934 468 988 παρείληπται,
484 934 502 972 ὃ
517 934 577 972 καὶ
598 938 700 985 ἡμεῖς
719 937 965 987 ὁμολογοῦμεν.
983 934 1075 972 Ἀλλ’
1092 937 1109 972 6

77 1001 140 1044 τ’ἤς
173 1000 317 1051 βροντῆς
344 997 414 1040 υἱὸς
433 996 514 1048 περὶ
538 999 600 1042 τῆς
629 995 778 1048 ἀῤῥήτου
810 996 870 1034 καὶ
897 994 1107 1049 προαιωνιόυ

78 1063 163 1111 ἡμῖν
180 1057 359 1110 ὑπάρξεως
374 1056 571 1108 διαλέγεται
589 1061 659 1094 νῦν.
681 1056 750 1095 Διὰ
764 1062 863 1096 τοῦτο
882 1057 945 1104 τὸ,
964 1055 1109 1102 Ἐποίη-

79 1135 148 1167 σεν,
173 1119 289 1171 ἀφεὶς,
309 1118 368 1165 τὸ,
389 1111 473 1164 τἨν,
492 1117 624 1164 ἔθηκεν.
642 1117 774 1170 Ἐχρῆν
797 1117 831 1156 δὲ
852 1120 881 1156 εἷ
895 1117 1036 1161 κτιστὸς
1053 1111 1107 1163 ἦν,

78 1185 178 1218 τοῦτο
206 1180 358 1230 μάλιστα
387 1178 615 1231 διορίσασθαι.
642 1180 687 1216 Εἰ
708 1179 776 1232 γὰρ
794 1183 811 1217 6
839 1181 977 1222 Παῦλος
1000 1178 1108 1215 ἔδεισε

82 1241 130 1292 μή
150 1257 202 1284 τις
218 1240 416 1291 ὑποπτεύσῃ
437 1241 506 1277 τῶν
525 1239 691 1287 ἀνοήτων,
705 1239 759 1278 ὅτι
774 1245 833 1279 τοῦ
852 1241 992 1292 Πατρὸς
1011 1240 1108 1278 ἔσται

88 1301 228 1350 μείζων,
248 1300 307 1338 καὶ
324 1299 600 1350 ὑποτεταγμένον
628 1300 696 1344 ἔξει
717 1301 773 1338 τὸν
795 1300 1030 1351 γεννήσαντα·
1052 1300 1109 1338 διὰ

80 1362 149 1415 γὰρ
167 1367 266 1400 τοῦτο
294 1361 353 1399 καὶ
384 1360 578 1412 Κορινθίοις
598 1361 808 1400 ἐπιστέλλων
830 1361 945 1413 ἔλεγεν
963 1377 970 1385 ·
991 1360 1106 1400 “Oi-av

81 1422 118 1459 δὲ
142 1422 245 1473 εἴπῃ,
266 1420 318 1458 ὅτι
340 1421 591 1468 ὑποτέτακται,
613 1423 715 1467 δῆλον
745 1420 796 1459 ὅτι
816 1421 911 1464 ἐκτὸς
938 1427 997 1460 τοῦ
1022 1426 1108 1460 ὑπο-

80 1483 244 1526 τάξαντος
266 1483 358 1533 αὖτῷ
385 1481 429 1519 τὰ
445 1481 583 1519 πάντα·
614 1481 726 1520 καίτοι
748 1481 800 1525 τίς
816 1481 855 1519 ἂν
876 1482 1108 1530 ὑπονοήσειεν,

78 1543 132 1581 ὅτι
147 1546 164 1580 6
185 1542 312 1594 Πατὴρ
330 1541 588 1594 ὑποταγήσεταί
605 1559 689 1581 ποτε
703 1545 752 1594 τῷ
768 1544 844 1594 Υἱῷ
860 1542 919 1580 καὶ
937 1542 1027 1596 μετὰΙ
1039 1546 1107 1581 τῶν

79 1604 238 1649 πάντων,
259 1604 335 1641 ἀλλ’
361 1601 455 1653 ὅμως
475 1604 503 1639 εἷ
523 1602 583 1640 καὶ
612 1602 674 1646 τὰς
693 1603 834 1655 ἀλόγους
862 1602 989 1647 ταύτας
1019 1607 1108 1642 ὑπο-

79 1665 172 1708 νοίας
194 1664 324 1702 δέδοικε
337 1695 346 1712 ,
362 1663 422 1702 καί
438 1679 540 1716 φησιν
553 1695 562 1711 ,
585 1664 708 1708 Ἕκτος
722 1670 781 1703 τοῦ
797 1664 1029 1709 ὑποτάξαντος
1050 1667 1110 1703 αὐ-

79 1729 130 1778 τῷ
150 1725 196 1764 τὰ
214 1726 329 1764 πάντα
344 1741 351 1748 ·
367 1726 488 1777 πολλῷ
505 1727 635 1776 μᾶλλον
652 1726 709 1764 τὸν
724 1725 904 1773 Ἰωάννην,
921 1727 950 1763 εἷ
972 1726 1111 1770 κτιστὸς

80 1781 122 1834 ἦν
151 1790 168 1824 6
196 1787 279 1830 Υἱὸς
305 1791 364 1825 τοῦ
395 1788 504 1833 Θεοῦ,
528 1786 722 1838 φοέηθῆναι
751 1786 838 1832 ἔδει,
862 1787 911 1837 μή
933 1803 985 1830 τις
1010 1787 1109 1825 αὐτὸν

871 1847 964 1861 *xxv

82 1849 243 1887 ἅκτιστον
259 1847 384 1899 νομίσῃ
396 1878 405 1895 ,
426 1847 486 1885 καὶ
504 1853 603 1886 τοῦτο
623 1849 691 1900 πρὸ
704 1848 845 1886 πάντων
868 1848 1014 1892 οιοάςαι.
1037 1849 1109 1886 Νῦν

81 1909 117 1947 δὲ
128 1940 138 1957 ,
154 1908 272 1956 ἐπειδὴ
296 1909 457 1961 γεννητὸς
482 1903 537 1956 ἦν,
553 1908 694 1952 εἰκότως
711 1908 789 1947 οὔτε
810 1909 929 1956 αὐτὸς,
947 1908 1023 1947 οὔτε
1042 1910 1109 1948 ἄλ-

80 1973 139 2016 λος
155 1972 264 2015 οὐδεὶς
277 2002 286 2019 ,
302 1973 363 2009 οὐκ
385 1970 594 2018 ἀπόστολος,
615 1972 652 2008 οὖ
673 1970 872 2023 προφήτης,
895 1970 1034 2010 κτιστὸν
1050 1974 1111 2010 αὐ-

80 2033 137 2071 τὸν
151 2033 280 2085 ἔφησαν
291 2025 390 2070 εἶναι.
407 2031 477 2070 Καὶ
490 2031 589 2075 αὐτὸς
605 2032 639 2070 δὲ
651 2035 668 2070 6
681 2033 880 2084 Μονογενὴς
890 2034 953 2071 οὐκ
965 2033 1004 2070 ἂν
1028 2034 1111 2073 αὐτὸ

79 2099 93 2114 ²¹
105 2098 274 2147 παρῆκεν,
291 2096 320 2131 εἷ
335 2096 436 2132 τοῦτο
454 2087 508 2139 ἦν.
529 2092 574 2131 εΟ
592 2093 659 2146 γὰρ
678 2093 722 2132 τὰ
739 2093 829 2132 οὕτω
848 2093 996 2132 ταπεινὰ
1009 2098 1111 2146 φθεγ-

78 2155 221 2206 γόμενος
241 2154 298 2193 διὰ
307 2170 392 2206 συγκ
399 2153 581 2200 ατάὸασιν,
596 2156 715 2206 πολλῷ
732 2157 862 2206 μᾶλλον
875 2159 977 2193 τοῦτο
990 2156 1052 2193 οὐκ
1070 2154 1109 2192 ἂν

79 2215 310 2263 1ἐ’σιώπησεν.
323 2209 437 2265 Οἶμαι
452 2214 519 2267 γὰρ
532 2216 594 2253 οὐκ
608 2215 764 2261 ἀπεικὸς,
781 2217 911 2267 μᾶλλον
927 2216 1053 2268 ἔχοντα
1071 2215 1111 2254 τὸ

79 2278 209 2329 ὑψηλὸν
225 2280 384 2328 σιγῆσαι,
401 2276 423 2322 ἢ
441 2276 489 2326 μὴ
503 2275 628 2329 ἔχοντα
646 2278 858 2329 παραλιπεῖν
873 2281 975 2315 τοῦτο
993 2277 1108 2325 αὐτὸν,

242 2338 334 2352 ΝκΙΡ

77 2338 138 2376 καὶ
167 2338 216 2389 μὴ
238 2352 374 2382 οιοαςαι
397 2337 451 2376 ὅτι
475 2340 538 2376 οὐκ
563 2337 648 2389 ἔχει.
670 2337 768 2376 Ἐκεῖ
798 2337 861 2388 μὲν
881 2337 948 2390 γὰρ
970 2336 1110 2389 εὔλογος

78 2399 250 2452 πρόφασις
266 2403 327 2446 τῆς
344 2402 442 2451 σιγῆς
455 2393 510 2446 ἦν,
522 2399 560 2437 τὸ
576 2398 759 2450 βούλεσθαι
770 2399 944 2437 διδάσκειν
960 2399 1040 2443 τοὺς
1053 2402 1111 2437 ἀν-

80 2459 236 2512 θρώπους
255 2466 546 2512 ταπεινοφρονεῖν,
571 2460 630 2497 καὶ
658 2459 714 2497 διὰ
733 2464 834 2498 τοῦτο
854 2466 954 2512 σιγᾷν
981 2460 1026 2498 τὰ
1048 2476 1109 2511 με·

79 2519 171 2570 γάλα
203 2523 271 2557 τῶν
303 2520 502 2571 προσόντων
540 2521 634 2571 αὐτῷ
650 2536 656 2543 ·
692 2523 841 2558 ἐνταῦθα
874 2520 910 2558 δὲ
945 2520 1108 2571 οὐδεμίαν

80 2579 172 2631 ἔχοις
193 2582 299 2618 εἰπεῖν
320 2579 458 2617 δικαίαν
477 2580 648 2632 πρόφασιν
668 2584 730 2626 τῆς
751 2584 897 2627 σιωπῆς.
918 2581 1022 2624 Τίνος
1040 2580 1108 2633 γὰρ

80 2639 194 2679 ἕνεκεν
211 2641 329 2692 ἐσίγα,
350 2643 379 2678 εἷ
398 2640 534 2683 κτιστὸς
549 2635 603 2687 ἧν,
623 2641 662 2678 τὸ
676 2644 882 2693 γεγενῆσθαι
892 2670 901 2687 ,
925 2644 943 2679 6
965 2641 1024 2678 καὶ
1039 2644 1107 2678 τῶν

80 2702 277 2756 προσόντων
310 2703 423 2741 πολλὰ
452 2702 744 2756 παραιτούμενος,
767 2702 876 2741 υΩστε
906 2706 924 2740 6
953 2702 1011 2740 διὰ
1040 2701 1104 2748 τὴν

79 2767 141 2811 τῆς
157 2764 473 2817 ταπεινοφροσύνης
487 2762 712 2801 διδασκαλίαν
728 2763 787 2801 καὶ
803 2763 847 2801 τὰ
864 2762 912 2814 μὴ
932 2762 1106 2816 προσόντα

80 2827 174 2878 αὐτῷ
204 2825 371 2869 πολλάκις
400 2824 505 2863 εἰπὼν
540 2824 710 2871 ταπεινὰ,
738 2825 858 2876 πολλῷ
898 2826 1042 2875 μᾶλλον,
1077 2826 1106 2862 εἰ

78 2887 215 2930 κτιστὸς
232 2880 286 2933 ἦν,
304 2890 404 2924 τοῦτο
420 2887 483 2923 οὐκ
499 2885 538 2922 ἂν
559 2885 761 2937 παρέλιπεν.
778 2883 829 2923 Ἢ
845 2887 911 2937 οὐχ
930 2889 1010 2938 ὃρᾷς
1021 2914 1030 2931 ,
1050 2887 1107 2923 αὖ·

77 2947 147 2993 τὸν,
162 2946 218 2985 <ι’νοι
235 2946 355 2998 μηδεὶς
375 2946 475 2985 αὐτὸν
493 2946 677 2998 ἀγέννητον
694 2946 867 2998 &wolff-5,
883 2946 998 2984 πάντα
1018 2946 1102 2997 ὑπὲρ

77 3009 197 3047 τούτου
224 3009 284 3046 καὶ
308 3011 473 3046 ποιοῦντα
493 3008 552 3046 καὶ
576 3007 742 3059 λέγοντα,
773 3008 832 3046 καὶ
856 3007 978 3051 ἀνάξια
999 3009 1102 3045 αὐτοῦ

78 3069 307 3122 φθεγγόμενον
326 3073 339 3089 ⁶
354 3071 416 3114 τῆς
436 3068 532 3112 ἀξίας
557 3069 617 3106 καὶ
633 3071 694 3114 τῆς
713 3068 851 3116 οὐσίας,
868 3069 927 3106 καὶ
955 3071 1003 3110 εἷς
1018 3083 1103 3119 προ-

79 3137 186 3189 φήτου
216 3136 448 3183 ταπεινότητα
470 3135 750 3185 καταὸαίνοντας
782 3135 834 3173 Τὸ
863 3134 955 3187 γὰρ,
978 3134 1103 3179 Καθὼς

79 3203 192 3241 ἀκούω
212 3203 318 3255 κρίνω
334 3218 341 3225 ·
362 3202 422 3240 καὶ
445 3201 503 3249 τὸ,
524 3202 677 3246 Ἐκεῖνός
704 3218 762 3253 μοι
782 3196 857 3240 εἷπε
873 3202 906 3239 τί
926 3202 1014 3240 εἴπω
1042 3203 1101 3241 καὶ

121 3331 134 3345 ³
160 3330 302 3367 παρῆκε-ι.
330 3321 490 3354 Nonnulli
516 3320 639 3354 liabent
664 3325 841 3365 παρέθηκεν.
868 3320 984 3365 [Paulo
1012 3330 1089 3356 ante

81 3373 180 3407 Savil.
202 3373 338 3417 {pm-zm]

1269 180 1333 210 ιιι.
1373 166 1433 211 al.
1475 181 1522 211 ιι.
2101 168 2157 213 25

1127 272 1153 301 D
1174 261 1265 299 nihil
1282 261 1453 299 hactenus
1472 261 1627 299 ediscere
1645 269 1853 313 potuerant,
1872 262 1951 300 ideo
1969 263 2013 301 dc
2030 264 2162 301 Christi

1173 324 1329 361 humana
1348 331 1473 361 natura
1494 323 1600 362 verba
1615 323 1720 372 facit,
1738 333 1776 360 ut
1792 324 1848 361 his
1867 325 2080 361 exercitatus
2100 339 2162 361 au-

1173 384 1290 434 ditus,
1307 383 1353 422 ad
1369 385 1542 435 reliquam
1562 384 1826 436 percipiendam
1847 384 2045 423 doctrinam
2065 393 2164 436 apta-

1174 458 1282 487 retur.
1298 448 1404 495 Quod
1423 449 1452 486 si
1473 448 1556 499 quis
1581 449 1733 487 voluerit
1751 458 1861 486 totam
1887 449 2090 486 concionem
2108 448 2166 484 al-

1175 509 1246 547 tius
1269 518 1446 561 repetere,
1467 510 1503 547 id
1524 509 1620 560 quod
1647 509 1728 548 dico
1757 510 1989 562 conspicuum
2013 524 2086 547 esse
2106 509 2167 546 in-

1174 570 1301 609 veniet.
1320 571 1413 608 Nam
1428 579 1461 608 et
1475 571 1597 609 virum
1611 570 1715 608 illum
1731 580 1846 619 vocat,
1863 571 1976 622 deque
1989 571 2165 623 passione,

1175 632 1441 681 resurrectione,
1477 640 1510 669 et
1547 632 1770 682 generatione
1802 632 1997 670 secundum
2029 647 2168 670 carnem

1176 693 1341 745 pluribus
1357 693 1446 744 agit.
1466 693 1601 730 Paulus
1618 707 1702 731 vero
1725 707 1806 731 cum
1826 692 1927 740 dicit,
1949 694 2168 746 Quisactus

1176 763 1232 792 est
1255 768 1303 792 ex
1328 756 1472 792 semine
1497 755 1627 792 David
1654 755 1864 792 secundum
1893 768 2061 804 carnem,
2077 755 2168 793 nihil

1174 813 1275 852 aliud
1288 828 1351 852 nos
1365 813 1486 863 docet,
1507 828 1614 864 quam
1631 814 1726 865 quod
1743 814 1852 864 illud,
1873 817 1998 863 Fecit,
2013 815 2058 853 de
2074 830 2169 854 oeco-

1175 875 1295 913 nomia
1319 874 1458 912 dictum
1474 875 1539 924 sit3
1560 875 1598 912 id
1617 875 1713 926 quod
1734 876 1840 914 etiam
1859 890 1922 914 nos
1941 877 2167 914 confitemur.

1130 944 1155 975 E
1177 937 1314 975 Verum
1348 936 1446 974 filius
1481 935 1627 974 tonitrui
1668 936 1712 974 de
1742 937 1912 980 ineffabili
1940 946 1973 974 et
1999 947 2078 975 ante
2109 952 2171 975 sae-

1175 996 1255 1034 cula
1271 997 1475 1035 exsistentia
1498 1012 1594 1035 nunc
1612 1013 1675 1036 nos
1693 998 1897 1049 alloquitur.
1914 997 1997 1035 Ideo
2010 999 2085 1048 illo,
2098 1001 2135 1036 F
2134 1013 2169 1036 e-

1176 1061 1240 1107 cit,
1255 1057 1393 1107 relicto,
1416 1060 1532 1105 Erat,
1554 1059 1663 1097 dixit.
1677 1059 1874 1111 Oportebat
1887 1060 1996 1107 enim,
2019 1060 2048 1097 si
2069 1075 2167 1098 crea-

1176 1127 1252 1156 tum
1270 1119 1414 1165 fuisset,
1435 1118 1472 1156 id
1491 1121 1648 1158 maxime
1671 1120 1833 1158 definire.
1850 1120 1888 1159 Si
1914 1121 2009 1158 enim
2033 1121 2168 1158 Paulus

1173 1180 1293 1218 timuit
1306 1195 1349 1219 ne
1363 1182 1442 1233 quis
1456 1196 1501 1220 ex
1515 1183 1766 1234 insipientibus
1780 1183 2020 1235 suspicaretur
2032 1184 2167 1220 Filium

1176 1241 1281 1279 Patre
1316 1243 1487 1294 majorem
1526 1243 1620 1293 fore,
1647 1253 1680 1281 et
1708 1244 1913 1282 Genitorem
1943 1245 2011 1282 sibi
2049 1245 2171 1296 subje—

1125 1332 1156 1356 2,
1176 1311 1272 1339 ctum
1293 1302 1503 1340 habiturum
1521 1318 1594 1342 esse
1615 1320 1622 1340 :
1643 1318 1726 1342 nam
1754 1304 1833 1342 ideo
1858 1305 2052 1343 Corinthiis
2085 1305 2170 1343 scri-

1131 1371 1155 1398 A
1175 1365 1260 1402 bens
1279 1365 1418 1402 dicebat
1438 1381 1445 1402 :
1470 1367 1565 1404 Cum
1585 1376 1715 1404 autem
1735 1369 1842 1412 dicit,
1863 1368 2043 1419 Subjecta
2065 1378 2167 1418 sunt,

1174 1429 1258 1463 sine
1281 1427 1398 1463 dubio
1416 1436 1555 1478 proeter
1576 1442 1661 1465 eum
1689 1431 1756 1480 qui
1779 1431 1939 1479 subjecit
1966 1432 2001 1466 ei
2020 1434 2168 1475 omnia,-

1175 1487 1272 1537 atqui
1291 1486 1370 1537 quis
1384 1488 1626 1539 suspicaretur
1648 1490 1791 1526 Patrem
1805 1504 1887 1527 cum
1902 1491 2067 1528 omnibus
2087 1493 2171 1530 sub-

1170 1547 1306 1599 jectum
1322 1548 1395 1585 fore
1412 1548 1532 1586 Filio?
1553 1558 1586 1587 et
1602 1559 1720 1587 tamen
1741 1550 1770 1587 si
1789 1550 1855 1588 has
1868 1551 2040 1589 absurdas
2055 1553 2171 1605 suspi-

1176 1608 1292 1646 ciones
1306 1609 1428 1647 timuit
1443 1619 1476 1647 et
1489 1610 1589 1660 dicit,
1608 1613 1756 1650 Praeter·
1771 1626 1855 1650 eum
1874 1615 1941 1664 qui
1959 1616 2119 1665 subjecit
2135 1618 2171 1652 ei

1177 1674 1327 1715 omnia;
1343 1672 1455 1709 multo
1471 1673 1585 1724 magis
1601 1674 1792 1723 Joannem,
1813 1674 1842 1712 si
1860 1674 1975 1712 Filius
1992 1676 2059 1713 Dei
2077 1690 2172 1714 crea-

1176 1741 1233 1770 tus
1250 1733 1391 1782 fuisset,
1412 1733 1536 1772 timere
1563 1734 1770 1786 oportebat,
1789 1750 1832 1773 ne
1860 1736 1940 1787 quis
1969 1736 2087 1788 ipsum
2112 1737 2172 1775 in-

1176 1802 1332 1831 creatum
1357 1804 1513 1847 putaret,
1545 1796 1710 1847 illudque
1740 1812 1812 1849 prae
1842 1798 2006 1835 omnibus
2035 1799 2172 1837 docere.

1178 1856 1269 1894 Cum
1300 1865 1418 1894 autem
1446 1856 1585 1908 genitus
1613 1858 1677 1907 sit,
1702 1859 1785 1910 jure
1810 1872 1921 1910 neque
1944 1859 2040 1912 ipse,
2063 1875 2175 1912 neque

1176 1916 1268 1954 alius
1295 1917 1496 1969 quispiam,
1519 1919 1576 1956 vel
1594 1919 1776 1971 apostolus
1794 1919 1852 1958 vel
1870 1920 2043 1972 propheta
2070 1936 2172 1959 crea—

1177 1986 1254 2015 tum
1269 1977 1388 2030 ipsum
1406 1978 1516 2016 fuisse
1530 1978 1629 2017 dicit.
1646 1980 1722 2017 Imo
1740 1994 1852 2031 neque
1866 1980 1942 2032 ipse
1958 1982 2172 2034 Unigenitus

1177 2038 1215 2076 id
1234 2039 1530 2090 praetermisisset,
1548 2040 1575 2077 si
1593 2049 1729 2078 creatus
1746 2055 1826 2079 vere
1840 2042 1974 2079 fuisset.
1993 2043 2064 2089 Qui
2079 2043 2173 2081 enim

1176 2109 1250 2138 tam
1271 2100 1423 2137 humilia
1443 2115 1516 2138 sese
1542 2100 1760 2139 demittendo
1779 2102 1956 2153 loquitur,
1976 2104 2090 2142 multo
2105 2105 2173 2141 mi-

1177 2176 1245 2199 nus
1274 2161 1312 2199 id
1342 2163 1520 2200 tacuisset.
1552 2164 1643 2200 Nam
1679 2163 1909 2202 verisimilius
1937 2174 2024 2216 puto
2054 2165 2173 2218 ipsum

1177 2237 1284 2274 quam
1299 2223 1446 2261 haberet
1466 2223 1709 2275 praestantiam
1728 2224 1846 2276 potius
1866 2226 2017 2263 tacuisse
2030 2256 2041 2275 ,
2061 2241 2172 2277 quam

1177 2286 1207 2323 si
1230 2299 1298 2323 non
1329 2285 1476 2323 haberet
1495 2285 1533 2323 id
1552 2287 1835 2338 praetermisisse,
1863 2290 1937 2325 nee
1954 2289 2172 2340 significasse

1176 2345 1214 2384 id
1234 2360 1270 2384 se
1290 2360 1360 2384 non
1381 2347 1520 2384 habere.
1540 2346 1620 2384 Illic
1647 2356 1878 2385 consentanea
1902 2348 2039 2385 tacendi
2067 2363 2171 2386 causa

1176 2417 1269 2456 erat,
1296 2407 1393 2458 quod
1419 2407 1526 2446 vellet
1553 2407 1679 2445 docere
1709 2408 1869 2444 homines
1901 2407 2169 2459 humilitatem,

1178 2468 1325 2519 ideoque
1346 2469 1586 2520 praestantiam
1617 2482 1718 2505 suam
1746 2468 1942 2519 obtegeret,
1962 2468 2020 2506 hic
2053 2479 2171 2508 autem

1177 2543 1220 2566 ne
1237 2529 1423 2566 minimam
1451 2529 1596 2579 quidem
1620 2529 1845 2580 probabilem
1866 2530 2003 2567 tacendi
2027 2545 2170 2570 causam

1175 2591 1293 2627 dicere
1312 2590 1435 2641 possis.
1454 2591 1526 2627 Cur
1549 2590 1643 2627 enim
1663 2591 1693 2627 si
1711 2600 1847 2628 creatus
1868 2600 1955 2640 erat,
1978 2606 2014 2629 se
2033 2592 2168 2630 factum

1177 2665 1250 2689 esse
1268 2651 1448 2698 tacuisset,
1465 2651 1525 2702 qui
1554 2651 1667 2689 multa
1689 2652 1758 2689 sihi
1779 2652 2005 2703 congruentia
2024 2662 2171 2705 praeter-

1176 2712 1364 2750 mittebat?
1383 2713 1507 2762 Itaque
1525 2713 1554 2750 is
1569 2713 1631 2763 qui
1646 2712 1692 2750 ad
1708 2712 1911 2751 docendum
1930 2713 2170 2752 humilitatem

1175 2774 1333 2825 abjecta,
1352 2773 1420 2810 sibi
1438 2787 1506 2811 non
1536 2774 1770 2826 competentia
1783 2804 1792 2822 ‚
1813 2789 1904 2827 saepe
1923 2774 2017 2812 dixit
2029 2805 2040 2825 ,
2057 2776 2170 2813 multo

1129 2837 1152 2868 C
1176 2835 1310 2886 magis,
1337 2835 1366 2873 si
1393 2845 1530 2874 creatus
1548 2837 1672 2874 fuisset
1686 2867 1695 2885 ,
1716 2836 1754 2874 id
1773 2850 1842 2874 non
1864 2836 2169 2889 praetermissurus

1175 2906 1259 2935 erat.
1282 2897 1407 2935 Nonne
1433 2897 1534 2936 vides
1562 2898 1703 2950 ipsum,
1723 2912 1766 2936 ne
1787 2898 1866 2949 quis
1886 2898 2083 2949 ingenitum
2103 2914 2167 2937 su—

1175 2958 1370 3011 spicaretur
1384 2959 1475 2996 nihil
1491 2973 1561 2996 non
1577 2969 1740 3010 agentem
1760 2969 1793 2997 et
1810 2959 1986 2997 dicentem
1998 2989 2008 3008 ,
2026 2960 2098 2997 imo
2113 2960 2168 2998 in-

1173 3020 1282 3071 digna
1300 3020 1502 3071 loquentem
1519 3035 1582 3058 sua
1595 3021 1768 3072 dignitate
1782 3031 1815 3059 et
1832 3022 2042 3069 substantia,
2061 3032 2166 3073 atque

1174 3081 1211 3119 in
1230 3081 1412 3134 prophetae
1428 3082 1666 3120 humilitatem
1686 3097 1760 3120 sese
1776 3082 2019 3121 demittentem
2033 3084 2050 3121 Ξ)
2070 3084 2165 3121 Illud

1173 3142 1285 3191 enim,
1310 3143 1414 3181 Sicut
1442 3145 1558 3181 audio
1579 3145 1713 3195 judico
1732 3159 1742 3179 .·
1766 3153 1799 3181 et
1829 3143 1939 3192 illud,
1970 3145 2046 3182 Ille
2070 3147 2165 3182 mihi

1132 2046 1154 2075 B

2182 710 2269 738 Rom.
2293 719 2318 739 ῐ.
2336 709 2366 739 3.

2188 1395 2211 1414 ι.
2235 1386 2304 1416 Cor.
2319 1386 2368 1417 15.

2184 1427 2233 1456 26.
2249 1438 2298 1467 27.

2235 2974 2369 3001 Chrizius

2181 3025 2232 3042 eur
2246 3016 2368 3042 humilia

2212 3057 2369 3093 ahquando

2181 3098 2266 3124 rerba
2299 3107 2369 3134 pro-

2182 3138 2264 3166 serat.

2178 3179 2362 3210 Joan.5.3o.

1173 3205 1274 3242 dixit
1302 3206 1398 3257 quid
1424 3206 1551 3244 dicam
1581 3213 1618 3243 et
1648 3207 1743 3257 quid
1772 3206 1924 3257 loquar,
1954 3215 1986 3243 et
2016 3205 2162 3257 similia,
2179 3225 2206 3247 et
2238 3228 2284 3249 12.
2310 3223 2361 3259 49.

1201 3326 1218 3349 h
1243 3323 1303 3355 Alii
1321 3329 1498 3362 ἐσιώπησεν·
1520 3331 1592 3363 εἰκὸς
1606 3331 1663 3372 γὰρ
1682 3330 1716 3364 ἦν
1733 3330 1866 3368 μᾶλλον,
1887 3326 1934 3357 sic
1952 3325 2033 3360 bene
2052 3326 2159 3363 multi.

1203 3387 1215 3401 c
1243 3377 1332 3415 Ham,
1353 3385 1403 3414 τῆς
1417 3381 1498 3417 ἀξίας
1516 3383 1574 3418 καί,
1593 3376 1711 3410 desunt
1727 3378 1760 3410 in
1777 3376 1982 3420 quibusdam.
