2481 3678
71 398 179 426 Matth.
198 397 228 427 6.

64 437 115 465 33.

66 1014 88 1032 t.
106 1008 179 1035 'l'lwc

186 1017 243 1036 ⁸12.

271 231 327 273 ΞΟ
685 242 722 271 S.
762 239 948 270 JoANNts
983 237 1228 269 cnanosT.
1269 234 1474 266 ARCHIEP.
1516 234 1878 264 CONSTANTINOP.

265 326 479 378 spernimus,
502 333 535 362 et
561 338 579 361 a
607 325 682 361 Deo
707 332 845 360 tantum
876 321 1022 359 divitias
1050 319 1244 371 quaerimus

264 393 275 436 (
295 402 377 425 nam
398 388 459 436 ait,
485 387 649 438 Quaerile
674 398 831 436 regnum
854 385 926 421 Dei
948 392 984 420 et
1009 383 1091 420 haec
1115 381 1245 419 omnia

264 450 501 501 adjicientur·
523 449 675 497 vobis),
698 446 746 483 sic
773 454 805 482 et
829 444 872 481 de
899 443 1009 495 gloria
1039 441 1241 480 dicendum.

265 511 354 548 Cum
379 510 521 561 largitio
545 509 619 547 sive
638 506 879 559 pecuniarum,
899 504 972 542 sive
1000 503 1119 554 gloriae
1151 500 1243 554 peri-

263 572 342 609 culo
361 580 472 619 vacat,
492 580 576 607 tunc
598 568 695 605 illam
717 568 812 603 Deus
830 564 1051 602 abundanter
1069 563 1240 615 impertit.

263 633 366 669 Tunc
380 641 495 669 autem
511 630 584 667 haee
597 628 670 666 sine
683 626 840 680 periculo
854 635 948 673 sunt,
963 639 1044 663 cum
1060 624 1161 663 nohis
1175 638 1243 662 non

262 694 454 745 imperant,
483 705 545 729 nec
569 690 812 737 dominantum
843 701 906 727 nec
938 687 1038 725 nobis
1067 697 1246 738 tamquam
1270 693 1293 723 B

262 755 372 793 servis
389 762 547 797 utuntur,
568 751 629 789 secl
647 760 683 788 ut
704 750 800 789 heris
814 758 847 787 et
862 749 983 786 liberis
1002 748 1141 786 adsunt.
1160 748 1244 786 Ideo

262 830 329 853 non
347 815 424 853 vult
445 829 506 852 nos
521 814 600 852 illas
614 826 744 860 amare,
760 811 859 849 neiis
878 810 1121 863 subjiciamur.
1138 809 1245 857 Quod

261 877 288 913 si
306 891 546 927 assequamur,
568 876 648 913 illas
669 873 770 912 nobis
791 887 873 910 eum
892 871 1107 910 abundantia
1127 871 1242 910 multa

261 939 420 990 largitur.
435 937 532 985 Quid
547 937 639 975 enim
654 936 764 974 Paulo
784 934 926 983 elarius,
940 948 1072 985 quaeso,
1089 933 1149 985 qui
1168 933 1218 971 ait
1235 949 1242 969 z

261 1001 355 1039 Non
384 1002 590 1051 qam-imus
622 1001 669 1036 ab
688 998 906 1035 hominibus
924 996 1099 1047 gloriam,
1122 1009 1244 1047 neque

260 1075 284 1098 a
308 1063 434 1106 vohis,
458 1074 581 1112 neque
606 1062 653 1097 ab
684 1059 802 1096 aliis?
833 1055 919 1107 quid
950 1055 1161 1108 locupletius
1181 1056 1243 1094 illo

258 1122 319 1172 qui
339 1122 427 1159 nihil
447 1122 566 1169 habet,
582 1130 615 1158 et
634 1121 751 1158 omnia
772 1117 951 1171 possidet?
972 1119 1062 1155 Cum
1081 1118 1188 1167 enim,
1204 1128 1242 1156 ut

256 1182 345 1229 dixi,
357 1196 423 1219 non
438 1182 668 1233 subjiciemur
682 1181 742 1228 eis,
752 1190 835 1218 tune
847 1182 926 1218 illas
939 1179 1147 1227 tenebimus,
1158 1189 1242 1216 tunc

255 1244 477 1295 accipieums.
501 1243 539 1281 Si
565 1244 683 1292 itaque
699 1242 849 1292 gloriam
872 1241 1010 1291 assequi
1033 1240 1238 1291 cupiamus,

255 1304 401 1353 gloriam
430 1305 624 1354 fugiam115;
645 1303 694 1340 sie
729 1302 823 1339 enim
855 1301 1066 1353 poterimus,
1095 1300 1241 1338 servatis

256 1365 317 1401 Dei
334 1365 530 1417 praeceptis,
543 1373 576 1401 et
590 1363 774 1416 praesentia
788 1372 821 1400 et
834 1363 951 1399 futura
969 1362 1133 1412 consequi
1147 1362 1238 1399 bona

253 1426 480 1477 pergratiam
505 1425 651 1475 Christi,
667 1426 727 1476 qui
749 1440 831 1463 eum
847 1424 940 1462 Patri
959 1424 1084 1475 gloria,
1100 1438 1240 1476 unaque
1265 1422 1287 1452 C

252 1487 399 1538 Spiritui
419 1496 549 1536 sancto,
566 1486 601 1524 in
620 1486 746 1524 saecula
767 1486 986 1525 saeculorum.
1010 1487 1131 1524 Amen.

299 1842 313 1864 l·
342 1857 356 1877 q
373 1838 464 1871 deest
481 1840 512 1871 in
530 1837 730 1881 quibusdam
748 1839 826 1869 Mss.

299 1903 310 1915 v
336 1890 438 1922 Mon-el
476 1896 605 1933 ἀγαθῶν,
625 1892 663 1922 ὧν
679 1896 789 1932 γένοιτο
807 1894 918 1926 πάντας
935 1894 1012 1931 ἡμᾶς
1039 1894 1194 1931 ἐπιτυχεῖν,
1213 1895 1269 1932 χά-

598 2139 806 2177 HOMILIA
824 2138 894 2176 IV.

253 2267 301 2301 In
314 2266 501 2316 principio
518 2271 598 2302 erae
616 2264 794 2308 Verbum,
806 2269 841 2298 et
859 2261 1022 2298 Verbum
1037 2267 1119 2296 erat
1136 2258 1242 2308 apud

680 2324 815 2361 Deum.

309 2453 343 2487 1.
375 2448 535 2487 Traditis
559 2447 607 2485 ad
632 2444 842 2497 disciplinas
865 2443 998 2496 pueris,
1018 2456 1087 2480 non
1117 2442 1241 2494 gravia
1263 2450 1288 2480 D

257 2511 415 2561 magistri
437 2511 558 2548 statim
580 2509 767 2560 imponunt
784 2520 903 2550 onera,
923 2519 1036 2555 neque
1056 2504 1242 2543 confertim

257 2575 324 2611 hoc
340 2572 486 2619 faciunt,
500 2570 561 2607 sed
578 2568 764 2621 paulatim,
788 2577 821 2605 et
836 2566 959 2604 eadem
981 2566 1068 2618 ipsis
1082 2580 1173 2618 saepe
1187 2580 1242 2603 re-

260 2639 395 2683 petunt,
413 2638 452 2666 ut
480 2642 519 2666 ea
540 2627 679 2664 facilius
707 2626 741 2663 in
771 2634 886 2663 mente
913 2624 1133 2677 imprimant,
1157 2638 1199 2661 ne
1222 2638 1242 2661 a

260 2691 436 2745 principio
462 2688 620 2728 deterriti
654 2687 882 2725 multitudine
913 2701 1035 2724 eorum
1068 2700 1145 2736 quae
1178 2685 1243 2724 vix

260 2753 427 2792 memoria
451 2751 599 2789 retinere
623 2749 748 2795 valeat,
766 2747 941 2798 segniores
964 2747 1115 2785 evadant
1133 2747 1180 2785 ad
1203 2762 1241 2785 ea

261 2831 338 2867 quae
361 2814 427 2853 sibi
447 2812 578 2851 tradita
601 2819 682 2848 sunt
704 2809 916 2859 colligenda,
940 2809 1076 2847 desidia
1099 2809 1242 2847 tandem

260 2895 305 2919 ex
317 2876 591 2917 difficultatibus
609 2882 720 2926 parta.
740 2872 843 2909 Hune
859 2884 922 2921 ego
949 2885 1080 2909 morem
1103 2887 1241 2923 sequar,

260 2942 444 2989 levemque
464 2935 567 2975 vobis
588 2934 746 2972 laborem
767 2930 916 2969 reddam
938 2946 944 2966 :
965 2945 1005 2967 ac
1020 2932 1193 2981 paulatim
1210 2941 1244 2970 et

260 3016 323 3054 per
349 3008 465 3052 partes
490 2994 642 3047 acceptis
667 2993 726 3041 iis,
744 3006 823 3043 quae
851 2990 887 3028 in
910 2990 977 3027 hac
1001 3005 1097 3027 saera
1123 3005 1242 3030 mensa

260 3067 520 3114 proponuntur,
535 3056 585 3094 sic
612 3069 651 3092 ea
677 3054 711 3091 in
730 3052 866 3090 animos
882 3059 1015 3088 vestros
1040 3050 1240 3089 immittam.

257 3122 413 3172 Ideoque
430 3119 505 3171 ipsa
519 3117 647 3154 iterum
669 3114 778 3153 verba
795 3125 1003 3164 proponam,
1014 3124 1082 3148 non
1096 3120 1134 3148 ut
1147 3111 1241 3148 idem
1268 3122 1290 3150 E

259 3192 436 3235 repetam,
461 3179 524 3217 setl
551 3186 591 3215 ut
613 3175 745 3214 addam
768 3173 909 3211 omissa.
933 3173 1005 3223 Age
1028 3185 1111 3221 ergo
1135 3173 1242 3210 verba

259 3257 380 3281 rursus
406 3241 450 3278 ab
468 3238 571 3278 initio
593 3236 814 3275 adducamus
841 3249 848 3269 :
874 3235 923 3270 In
948 3233 1138 3283 principio
1159 3241 1243 3269 erac

260 3306 440 3348 Verbum,
456 3310 492 3338 et
509 3301 673 3338 Verbum
691 3304 772 3334 erat
788 3294 891 3346 apud
910 3294 1046 3331 Deum.
1063 3292 1137 3330 Cur
1159 3307 1241 3331 cum

303 3417 318 3440 d
346 3419 443 3459 {pff-5,-
460 3412 550 3445 deest
566 3411 596 3444 in
611 3407 807 3453 quibusdam
821 3408 895 3440 Mss.

1318 317 1416 369 φησί.
1439 316 1509 354 Καὶ
1528 315 1645 368 ὥσπερ
1669 317 1862 369 χρημάτων
1893 314 1971 354 τότε
2001 313 2154 365 μάλιστα
2181 315 2339 365 εὐποροῦ-

1322 394 1396 428 μεν,
1417 376 1499 415 ὅταν
1527 380 1797 429 καταφρονῶμεν
1829 379 1955 423 αὐτῶν,
1978 375 2036 413 καὶ
2065 374 2121 412 τὸν
2153 374 2250 427 παρὰ
2281 378 2340 412 τοῦ

1320 439 1411 476 Θεοῦ
1439 439 1595 488 ζητῶμεν
1617 439 1761 476 πλοῦτον
1795 437 1895 488 μόνον
1923 438 2092 484 (Ζητεῖτε
2118 433 2203 488 γὰρ,
2233 434 2339 486 φησὶ,

1318 500 1382 547 τὴν
1410 499 1587 552 βασιλείαν
1608 505 1667 538 τοῦ
1681 502 1794 548 Θεοῦ,
1813 499 1872 537 καὶ
1892 503 2002 537 ταῦτα
2017 498 2131 536 πάντα
2150 495 2340 550 προστεθή-

1320 577 1416 599 σεται
1430 561 1534 612 ὑμῖν)
1551 576 1558 584 ·
1577 560 1664 599 οὕτω
1677 560 1737 598 καὶ
1750 559 1806 598 ἐπὶ
1820 562 1882 605 τῆς
1897 558 2008 606 δόξης,
2022 558 2103 597 ὅταν
2120 562 2204 608 ἡμῖν
2221 557 2339 595 λοιπὸν

1318 622 1495 666 ἀκίνδυνος
1515 626 1537 669 ἡ
1552 621 1644 665 δόσις
1658 616 1709 673 ὴῆ
1730 621 1789 659 καὶ
1810 625 1830 667 ἡ
1848 623 1917 658 τῶν
1946 619 2139 671 χρημάτων
2156 619 2216 656 καὶ
2232 622 2253 664 ἡ
2279 619 2342 663 τῆς

1320 682 1416 730 δόξης
1428 714 1438 730 ,
1455 682 1534 722 τότε
1549 682 1654 729 αὐτὴν
1673 680 1976 733 ἐπιδαψιλεύσεται
1996 683 2013 718 ὃ
2034 679 2134 723 Θεός.
2150 679 2341 721 ’Λκίνδυνος

1321 742 1355 781 δὲ
1364 742 1442 781 τότε
1458 742 1562 790 ἐστὶν,
1577 742 1658 781 ὅταν
1669 745 1769 793 ἡμῶν
1788 741 1835 792 μὴ
1853 744 1986 794 κρατῇ,
2004 739 2092 790 μηδὲ
2102 738 2321 791 περιγίνηται
2332 769 2341 786 ,

1320 803 1407 854 μηδὲ
1427 807 1472 848 ὡς
1487 803 1616 847 δούλοις
1632 802 1717 849 αὐτὴ
1730 803 1897 854 ἐπιτάττῃ
1911 832 1919 849 ,
1941 803 2016 840 ἀλλ’
2031 803 2076 843 ὡς
2087 800 2269 843 δεσπόταις
2282 799 2342 837 καὶ

1318 868 1363 908 ὡς
1379 863 1564 917 ἐλευθέροις
1580 864 1829 917 παραγίνηται.
1850 863 1919 901 Διὰ
1932 862 1999 915 γὰρ
2014 867 2113 900 τοῦτο
2132 860 2207 899 οὐδὲ
2225 859 2342 911 βούλε-

1315 942 1374 964 ται
1391 927 1501 964 αὐτῶν
1515 929 1608 975 ἡμᾶς
1625 928 1718 978 ἐρᾷν,
1738 924 1794 962 ἵνα
1811 923 1859 975 μὴ
1876 922 2087 976 κρατώμεθα
2106 924 2189 974 παρ’
2217 923 2342 959 αὐτῶν.

1319 986 1393 1026 Κᾶν
1417 990 1516 1025 τοῦτο
1538 985 1826 1038 κατορθώσωμεν,
1847 985 1985 1023 δίδωσιν
2019 988 2104 1035 ἡμῖν
2131 982 2218 1021 αὐτὰ
2254 981 2342 1033 μετὰ

1319 1050 1449 1094 πολλῆς
1476 1050 1539 1093 τῆς
1562 1045 1754 1098 δαψιλείας.
1769 1049 1802 1084 Τ
1806 1045 1817 1083 ί
1830 1045 1897 1098 γὰρ
1921 1045 2061 1083 Παύλου
2088 1042 2343 1096 λαμπρότερον,

1319 1109 1394 1146 εἰπέ
1414 1124 1494 1159 μοι,
1516 1113 1574 1146 τοῦ
1601 1107 1777 1159 λέγοντος·
1801 1108 1855 1145 Οὐ
1882 1109 2050 1157 ζητοῦμεν
2082 1104 2180 1157 παρὰ
2203 1102 2340 1157 ἀνθρώ-

2268 1164 2275 1177 Ι
2310 1165 2325 1177 N

1317 1185 1391 1207 πων
1423 1168 1534 1215 δόξαν,
1554 1167 1632 1205 οὔτε
1652 1168 1707 1218 ἀφ’
1743 1170 1851 1218 ὑμῶν,
1872 1166 1948 1205 οὔτε
1983 1168 2042 1204 ἀπ’
2080 1166 2215 1212 ἄλλων,
2242 1181 2275 1202 τι
2307 1163 2342 1202 οὲ

1318 1227 1552 1280 εὐπορώτερον
1571 1232 1630 1264 τοῦ
1654 1226 1760 1277 μηδὲν
1782 1227 1919 1278 ἔχοντος
1932 1257 1941 1274 ,
1960 1227 2020 1264 καὶ
2036 1226 2152 1264 πάντα
2174 1226 2342 1278 κατέχον-

1314 1303 1387 1334 τος;
1404 1286 1518 1326 ζὈταν
1539 1287 1625 1341 γὰρ,
1644 1286 1731 1340 ὅπερ
1753 1286 1851 1339 ἔφην,
1876 1286 1924 1338 μὴ
1949 1285 2160 1340 κρατῶμεθα
2190 1288 2246 1324 ὑπ’
2278 1288 2341 1324 αὖ-

1315 1350 1396 1396 τῶν,
1423 1348 1501 1387 τότε
1532 1350 1644 1386 αὐτῶν
1668 1348 1900 1401 κρατήσομεν,
1929 1347 2007 1386 τότε
2035 1347 2123 1385 αὐτὰ
2147 1348 2342 1399 ληψόμεθα.

1314 1412 1360 1448 Εἰ
1387 1409 1497 1448 τοίνυν
1535 1412 1769 1460 ἐπιθυμοῦμεν
1802 1411 1976 1461 ἐπιτυχεῖν
2016 1408 2131 1456 δόξης,
2163 1408 2341 1460 φεύγωμεν

1314 1470 1412 1515 δόξαν
1429 1485 1436 1493 ·
1455 1469 1548 1508 οὕτω
1576 1470 1643 1524 γὰρ
1668 1469 1886 1521 δυνησόμεθα
1913 1475 1972 1509 τοῦ
1993 1472 2084 1508 Θεοῦ
2115 1468 2192 1512 τοὺς
2216 1469 2342 1520 νόμους

1314 1531 1518 1578 ἀνύσαντες,
1539 1537 1654 1583 τυχεῖν
1670 1530 1729 1569 καὶ
1746 1534 1814 1569 τῶν
1838 1532 1984 1569 ἐνταῦθα
2004 1529 2063 1568 καὶ
2082 1532 2150 1567 τῶν
2171 1531 2342 1581 ἐπηγγελ-

1314 1592 1424 1644 μένων
1445 1594 1608 1643 οᾶγαθῶν
1637 1592 1757 1644 χάριτι
1771 1597 1830 1630 τοῦ
1846 1593 2016 1646 Χριστοῦ,
2038 1593 2112 1642 μεθ’
2134 1584 2172 1629 οῦ
2197 1593 2246 1642 τῷ
2264 1591 2341 1627 Πα-

1311 1654 1366 1707 τρὶ
1384 1657 1405 1700 ἡ
1433 1652 1512 1697 δόξα
1525 1683 1534 1701 ,
1556 1652 1631 1704 ἅμα
1654 1656 1704 1705 τῷ
1719 1652 1808 1705 ἁγίῳ
1824 1652 2025 1704 Πνεύματι,
2043 1654 2090 1696 εἰς
2114 1651 2191 1695 τοὺς
2211 1653 2339 1694 αἰῶνας

1311 1718 1378 1753 τῶν
1402 1714 1549 1753 αἰώνων.
1567 1714 1688 1766 Ἀμήν.

1335 1852 1411 1880 ptri,
1428 1844 1491 1868 etc.

1699 2136 1880 2173 ΟΜΙΑΙΑ
1908 2133 1948 2172 δ’.

1363 2255 1424 2294 Ἔν
1446 2258 1538 2309 ἀρχῇ
1558 2249 1600 2302 ἦν
1624 2257 1641 2293 ὁ
1663 2255 1791 2307 Λόγος,
1811 2255 1870 2293 καὶ
1892 2257 1910 2293 ὃ
1929 2254 2037 2306 Λόγος
2057 2249 2098 2301 ἦν
2119 2254 2204 2307 πρὸς
2227 2255 2284 2293 τὸν

1773 2316 1876 2355 Θεόν.

1362 2441 1445 2482 Τοῖς
1467 2439 1545 2492 ἄρτι
1571 2441 1640 2476 τῶν
1665 2437 1800 2477 παίδων
1829 2439 2064 2491 εἰσαγομένοις
2083 2438 2169 2490 πρὸς
2196 2437 2241 2475 τὰ
2268 2455 2338 2489 μα-

1311 2500 1454 2552 θήματα
1486 2498 1563 2538 οὔτε
1598 2499 1712 2537 πολλὰ
1737 2498 1884 2551 ᾱὲφεξῆς
1919 2499 2129 2538 ἐπιτιθέασιν
2170 2500 2201 2537 οἱ
2235 2500 2336 2538 διδά-

1312 2564 1434 2600 σκαλοι
1465 2560 1509 2599 τὰ
1551 2560 1692 2613 φορτία,
1732 2560 1809 2599 οὔτε
1847 2561 1994 2605 εἰσάπαξ
2023 2566 2124 2599 τοῦτο
2159 2566 2338 2609 ποιοῦσιν,

1312 2624 1402 2663 ἀλλὰ
1429 2624 1488 2662 καὶ
1516 2624 1668 2678 βραχέα,
1696 2624 1757 2662 καὶ
1781 2624 1826 2662 τὰ
1854 2626 1941 2661 αὐτὰ
1968 2622 2138 2667 πολλάκις
2158 2625 2336 2676 ἐνηχοῦσιν

1313 2689 1444 2734 αὐτοῖς,
1469 2684 1559 2724 ὥστε
1582 2687 1693 2723 αὐτῶν
1718 2684 1844 2738 ῥᾳδίως
1872 2686 2050 2730 ἐντεθῆναι
2068 2687 2110 2732 τῇ
2142 2684 2275 2736 διανοίᾳ
2293 2683 2338 2722 τὰ

1311 2746 1481 2799 λεγόμενα
1490 2777 1499 2795 ,
1541 2745 1631 2784 ἀλλὰ
1666 2745 1714 2796 μὴ
1755 2748 1793 2783 ἐκ
1827 2744 2020 2797 προοιμίων
2061 2743 2338 2796 δυσχεράναντας

1314 2808 1436 2852 αὐτοὺς
1464 2807 1551 2860 πρὸς
1574 2807 1614 2844 τὸ
1640 2808 1771 2852 πλῆθος
1804 2805 1864 2844 καὶ
1892 2806 1931 2844 τὸ
1958 2808 2020 2851 τῆς
2045 2803 2184 2855 μνήμης
2215 2804 2338 2842 δυσκά-

1314 2874 1444 2916 θεκτον,
1477 2866 1720 2919 ὂκνηροτέρους
1751 2865 1909 2917 γενέσθαι
1948 2865 2028 2918 περὶ
2068 2864 2131 2911 τὴν
2166 2865 2336 2912 συλλογὴν

1312 2934 1379 2969 τῶν
1402 2928 1579 2973 δοθέντων,
1600 2927 1729 2980 νάρκης
1744 2927 1834 2970 τινὸς
1856 2929 1969 2970 αὐτοῖς
1992 2926 2060 2964 ἀπὸ
2078 2929 2140 2972 τῆς
2157 2926 2338 2970 δυσκολίας

1313 2990 1545 3045 ἐγγινομένης.
1562 2990 1676 3027 Τοῦτο
1698 2988 1738 3035 δὴ
1762 2988 1821 3026 καὶ
1847 2988 1948 3031 αὐτὸς
1969 2987 2229 3025 κατασκευάσαι
2250 2990 2336 3038 βου-

1311 3054 1474 3104 λόμενος,
1505 3051 1564 3089 καὶ
1588 3050 1646 3088 τὸν
1682 3049 1784 3088 πόνον
1816 3052 1895 3100 ὑμῖν
1919 3052 2063 3095 ποιῆσαι
2092 3053 2228 3100 κοῦφον,
2245 3047 2336 3086 κατὰ

1315 3114 1436 3165 μικρὸν
1458 3111 1719 3163 ἀπολαμὸάνων
1739 3109 1783 3148 τὰ
1807 3112 1840 3147 ἐν
1860 3113 1902 3161 τῇ
1932 3108 2007 3162 θείᾳ
2033 3108 2141 3160 ταύτῃ
2159 3108 2312 3160 τραπέζῃ
2325 3139 2336 3157 ,

1314 3177 1359 3217 εἷς
1383 3173 1445 3217 τὰς
1473 3172 1640 3226 ὑμετέρας
1672 3169 1779 3214 οὕτως
1800 3169 1917 3220 ἐνίημι
1936 3169 2061 3222 ψυχάς.
2083 3170 2146 3207 Διὸ
2175 3168 2234 3206 καὶ
2262 3172 2333 3206 τῶν

1313 3236 1423 3270 αὐτῶν
1459 3233 1593 3284 ἅψομαι
1620 3231 1725 3270 πάλιν
1761 3231 1940 3283 ῥημάτιον,
1968 3232 2032 3282 οὐχ
2063 3229 2153 3268 ὥστε
2181 3228 2225 3266 τὰ
2246 3229 2335 3267 αὐτὰ

1311 3294 1415 3332 πάλιν
1438 3295 1557 3340 εἰπεῖν,
1575 3294 1650 3331 ἀλλ’
1679 3290 1769 3329 ὥστε
1788 3290 1832 3328 τὰ
1859 3290 2021 3329 λείποντα
2045 3294 2245 3343 προσθεῖναι
2267 3289 2332 3339 μό-
