2507 3673
576 210 615 239 ix
655 211 937 240 cumani-:An
976 210 1031 238 12¹1*
1068 209 1107 238 ιΝ
1148 208 1449 248 emmenum,
1488 207 1587 236 n‘rc.
2028 189 2112 236 851

42 297 119 332 Οὐκ
139 288 215 332 οἶδα
236 294 293 331 τὸν
318 292 456 344 Κύριον.
491 292 705 343 Βλασφημία
729 286 770 338 ἦν
792 292 884 345 ἀρχὴ
912 294 980 329 τῶν
1000 307 1065 329 κα-

42 350 125 385 κῶν.
137 347 303 398 Δευτέρα,
322 349 344 392 ἢ
361 344 587 395 ἀγνωμοσύνη
608 345 693 396 πρὸς
711 345 768 383 τὸν
784 346 880 391 λαὸν,
900 344 955 382 ὅτι
969 345 1068 381 ἐλεύ-

43 403 138 450 Οερον
157 399 254 452 γένος
272 398 476 441 κατεδίκαζε
493 397 631 449 δουλείᾳ
651 398 709 435 καὶ
728 397 961 448 πλινῡοποιίᾳ.
981 395 1068 447 Τρί-

40 467 112 499 τον,
141 452 194 490 ὅτι
229 450 368 490 ἀναίτια
397 449 506 502 βρέφη
533 450 668 502 ἔπνιγεν
688 453 722 488 ἐν
743 453 792 501 τῷ
813 452 972 501 ποταμῷ.
992 448 1066 487 Τέ-

40 519 180 570 ταρτον,
225 504 278 542 ὅτι
316 502 373 540 τὸν
409 501 534 554 Κύριον
569 503 822 555 κηρυττόμενον
850 504 912 541 οὐκ
942 502 1067 553 ᾐδεῖτο.

41 558 226 607 Πεμπτον,
246 556 299 594 ὅτι
335 555 498 606 θαύματα
533 555 669 606 βλέπων
706 554 966 607 ἀπηνῃσχύντει
985 552 1070 606 πρὸς

39 609 102 656 τὴν
118 610 307 648 εὖσέὸειαν.
328 610 477 652 Πολλοῖς
495 609 719 659 ὑποκείμενον
741 609 842 645 αὐτὸν
867 612 986 649 κακοῖς
1009 607 1071 642 λα-

41 661 112 700 ὅὼν
131 665 148 699 ὁ
168 662 274 710 Θεὸς,
301 663 348 704 ὡς
366 662 482 712 ἰατρὸς
501 662 663 712 ἄριστος,
688 666 758 703 τοῖς
784 659 954 710 Οαύμασιν
987 656 1070 695 ἀνέ-

41 729 179 765 τεμνεν,
201 717 266 767 οὐχ
283 714 376 758 ἅπαξ
396 714 567 761 κολάζων,
584 713 640 752 ἵνα
659 711 860 764 ἀποκτείνῃ.
883 712 936 749 Οὐ
953 709 1020 761 γὰρ
1039 711 1071 748 οἱ

43 767 292 817 ἀνατέμνοντες
310 771 395 818 ὁμοῦ
414 767 631 814 κολάζουσιν,
656 765 745 804 ἀλλὰ
765 767 983 816 συγχωροῦσι
1005 779 1072 800 κα-

41 819 268 870 τατέμνοντες
300 819 345 857 τὰ
375 819 485 869 μέλη,
520 818 577 856 ἵνα
613 817 829 869 πανταχόθεν
860 816 984 869 εὕρωσι
1009 819 1072 862 τῆς

42 872 242 924 ἐπιστήμης
273 871 336 919 τὴν
360 872 545 924 ἐνέργειαν.
565 869 780 908 Ἱ“πο6άλλει
806 869 907 907 αὐτὸν
934 869 1070 921 βατρά-

41 941 136 976 χοις,
169 925 302 969 ὁπλίζει
323 923 401 961 κατ’
423 925 527 961 αὐτοῦ
556 924 727 974 λεγεῶνας
755 921 870 969 ξένας,
900 924 1072 973 λεγεῶνας

45 978 246 1031 βατράχων,
265 976 436 1029 ἀκρίδων,
453 975 511 1014 ἵνα
539 975 629 1027 δείξῃ
649 974 688 1012 τὸ
703 975 920 1026 ὑπερὸάλλον
936 977 999 1020 τῆς
1017 976 1072 1013 ’δυ-

42 1030 178 1080 νάμεως
199 1034 312 1069 αὐτοῦ.
349 1031 427 1067 Οὐκ
459 1027 662 1066 ἀπέστειλεν
684 1028 830 1078 ἄγγελον
857 1028 890 1072 ἐξ
909 1029 1072 1080 οὐρανοῦ,

43 1085 81 1121 οὐ
121 1084 166 1122 τὰ
199 1084 365 1135 τάγματα
392 1085 460 1119 τῶν
478 1081 677 1132 Χερουὸὶμ,
704 1082 767 1118 οὐκ
803 1080 1011 1129 ἀποστέλλει
1030 1081 1074 1120 τὰ

44 1137 208 1189 Σεραφὶμ
239 1134 331 1174 κατὰ
362 1138 431 1173 τῶν
468 1133 738 1183 ἀντιλεγόντων,
767 1134 857 1171 ἀλλὰ
880 1133 1012 1176 δεικνὺς
1030 1135 1075 1172 τὰ

43 1193 105 1235 τῆς
135 1189 317 1244 ,δυνάμεως
331 1219 340 1235 ,
374 1187 634 1239 παρασκευάζει
667 1188 838 1238 λεγεῶνας
874 1186 1074 1238 βατράχων.

45 1242 114 1280 Καὶ
133 1246 222 1288 ἦσαν
241 1241 391 1293 ἀκρίδων
418 1240 462 1278 τὰ
494 1239 759 1292 στρατεύματα,
778 1240 912 1282 οὐδενὸς
930 1238 1076 1294 ταξιαρ-

44 1299 184 1346 χοῦντος
213 1293 440 1346 φαινομένου,
471 1296 531 1329 τοῦ
561 1292 596 1331 δὲ
629 1294 720 1331 Θεοῦ
758 1292 955 1335 κελεύοντος
985 1293 1076 1340 ὡδη-

44 1353 177 1398 γοῦντο.
195 1347 361 1392 ἘξῆλΟον
394 1346 566 1399 βάτραχοι
585 1347 623 1383 ἐκ
639 1349 698 1382 τοῦ
721 1350 880 1396 ποταμοῦ
901 1345 991 1382 κατὰ
1017 1349 1075 1383 τοῦ

46 1399 220 1451 Οεομάχου
240 1398 528 1450 στρατευόμενοι,
544 1399 646 1443 ἦλθον
664 1398 800 1449 ἀκρίδες
828 1400 995 1449 λογισμοῦ
1014 1398 1076 1448 μὲν

47 1453 218 1503 διάκρισιν
255 1452 498 1503 οὐκέχουσαι,
524 1451 563 1487 τὸ
585 1449 622 1487 δὲ
643 1450 845 1489 δεσποτικὸν
879 1451 1077 1501 πληροῦσαι

46 1505 270 1557 πρόσταγμα.
284 1504 460 1550 Ἐπῆλῡον
479 1503 538 1540 καὶ
555 1508 696 1546 σκνῖπες
714 1503 772 1540 καὶ
789 1502 971 1553 κυνόμυιαι
987 1531 996 1549 ,
1017 1502 1078 1540 καὶ

46 1558 159 1596 πολλὰ
178 1557 237 1595 καὶ
267 1555 415 1609 διάφορα
449 1555 612 1606 Θαύματα
633 1559 710 1594 κατ’
744 1557 846 1594 αὐτοῦ
880 1562 1078 1608 καινουργεῐ

48 1609 218 1663 διαφόρως
244 1613 261 1648 ὃ
281 1611 391 1657 Θεὸς,
413 1608 476 1656 τὴν
493 1608 608 1660 ψυχὴν
625 1608 827 1659 ἀνατέμνων
849 1609 909 1646 καὶ
930 1609 1078 1659 βασανί-

49 1665 114 1706 ζων
133 1666 254 1710 αἰτοῦ,
273 1662 336 1709 τὴν
359 1662 488 1701 ἔννοιαν
519 1660 690 1714 διαφόρως
708 1662 933 1708 ἀσεὸήσασαν
956 1661 1078 1712 διαφό-

52 1731 116 1769 ρως
135 1715 302 1760 κολάζων.
332 1715 402 1754 Καὶ
432 1714 488 1752 ἵνα
519 1714 653 1766 μάθῃς,
674 1714 726 1752 ὅτι
759 1714 815 1752 διὰ
844 1718 946 1752 τοῦτο
973 1714 1075 1752 αὐτὸν

48 1769 139 1806 κατὰ
160 1768 263 1820 μέρος
282 1767 512 1818 κατατέμνει,
529 1767 588 1805 καὶ
606 1769 666 1805 οὐκ
689 1767 808 1819 ἀθρόον
826 1766 1004 1814 ἐκόλασεν,
1021 1766 1096 1805 ἵνα

51 1823 93 1859 δι’
116 1823 222 1860 αὐτοῦ
237 1821 300 1867 τὴν
325 1821 468 1871 δύναμιν
492 1820 701 1867 ἐνδείξηται,
720 1820 814 1871 λέγει
836 1823 858 1866 ἦ
887 1819 1078 1873 πανάρετος

50 1874 181 1926 Σοφία·
202 1876 254 1913 Οὐ
273 1874 341 1927 γὰρ
360 1874 486 1926 ἠπόρει
502 1876 523 1919 ἡ
537 1873 806 1924 παντοδύναμός
823 1887 882 1910 σου
901 1873 980 1925 χεὶρ
996 1903 1005 1920 ,
1018 1873 1078 1910 καὶ

50 1926 200 1965 κτίσασα
219 1928 277 1965 τὸν
299 1927 442 1977 κόσμον,
471 1926 531 1963 καὶ
560 1925 817 1977 ἀνεξιχνίαστος
848 1925 951 1977 σοφία
973 1927 1077 1978 ἐπιῤ-

51 1981 148 2031 ῥῖψαι
168 1984 281 2023 αὐτοῖς
308 1979 331 2025 ἢ
360 1984 497 2032 Ορασεῖς
520 1978 677 2024 λέοντας,
698 1979 719 2024 ἢ
739 1978 954 2021 νεοκτίστους
972 1981 1078 2028 θυμοῦ

49 2033 193 2086 πλήρεις
213 2035 319 2085 θῆρας
344 2032 549 2084 ἀγνώστους.
568 2031 673 2070 Ἀλλὰ
690 2031 804 2069 πάντα
833 2031 995 2077 ἐποίησεν
1018 2034 1076 2069 ἐν-

50 2085 268 2136 δεικνύμενος
288 2088 408 2123 ἑαυτοῦ
426 2084 488 2131 τὴν
511 2085 762 2135 μακροθυμίαν.
780 2084 849 2122 Διὰ
867 2088 967 2123 τοῦτο
982 2085 1078 2134 λέγει

49 2141 66 2176 ὁ
85 2137 174 2182 Θεὸς
185 2169 194 2185 ,
205 2137 284 2176 Ἵνα
294 2138 507 2190 διηγήσησθε
519 2143 590 2180 τοῖς
602 2137 733 2180 τέκνοις
743 2140 811 2175 τῶν
828 2137 955 2175 τέκνων
967 2140 1078 2188 ὑμῶν,

49 2190 114 2228 ὅσα
136 2191 343 2243 ε’μπέπαιχα
361 2197 431 2233 τοῖς
457 2190 670 2241 Αἰγυπτίοις.
692 2190 763 2228 Τὸν
783 2184 839 2228 οῦν
855 2189 992 2243 Φαραὼ
1013 2206 1078 2240 μυ-

52 2244 132 2295 ρίων
152 2247 328 2296 τιμωριῶν
356 2244 435 2287 ἄξια
464 2243 640 2296 δράσαντα
669 2243 808 2286 κολάζει
835 2246 852 2281 ὁ
885 2243 995 2290 Θεὸς,
1019 2243 1078 2281 καὶ

49 2296 144 2346 λέγει
157 2296 242 2349 πρὸς
260 2296 360 2334 αὐτόν
375 2313 382 2320 ·
397 2298 460 2339 Εἷς
478 2296 561 2334 αὐτὸ
571 2299 672 2334 τοῦτο
687 2295 848 2348 ἐξήγειρά
862 2311 899 2334 σε
910 2327 920 2343 ,
941 2295 995 2333 ἵνα
1027 2297 1078 2333 ἔν-

51 2349 217 2399 δείξωμαι
243 2352 276 2388 ἐν
304 2349 357 2387 σοὶ
391 2349 451 2397 τὴν
479 2348 621 2399 δύναμίν
644 2364 728 2397 μου,
749 2349 808 2386 καὶ
837 2350 1011 2400 ἀναγγελῇ
1040 2349 1080 2387 τὸ

49 2402 159 2452 ὄνομά
178 2418 243 2451 μου
259 2402 354 2454 πάσῃ
373 2406 415 2452 τῇ
436 2405 480 2453 γῇ
492 2417 500 2425 ·
524 2401 580 2439 ἵνα
598 2401 655 2439 διὰ
674 2407 734 2439 σοῦ
761 2401 885 2445 ἀλλους
904 2417 941 2439 κε
949 2401 1078 2455 ρδάνω,

48 2454 104 2491 ἵνα
126 2455 181 2492 διὰ
201 2459 260 2492 σοῦ
288 2455 412 2497 ἄλλους
440 2452 664 2506 σωφρονίσω,
693 2453 748 2492 ἵνα
774 2454 830 2491 διὰ
858 2458 918 2492 σοῦ
956 2455 1080 2498 ἄλλους

49 2506 239 2545 παιδεύσω.
261 2507 330 2545 Καὶ
353 2506 410 2544 ἵνα
437 2506 572 2558 μάθῃς,
605 2509 679 2549 πῶς
709 2506 887 2558 ὠφέλησεν
914 2511 936 2554 ἡ
956 2506 1077 2545 τούτου

50 2560 206 2610 ἀνατομὴ
237 2559 314 2602 τοὺς
349 2560 494 2604 ἄλλους,
521 2559 608 2596 λάὲε
629 2561 691 2604 τῆς
724 2561 865 2611 Γραφῆς
898 2559 962 2605 τὴν
981 2559 1080 2613 ἐνέρ-

0 2654 3 2655 ⁷
47 2628 158 2663 γειαν.
178 2612 346 2664 εΗρποίγη
371 2613 462 2666 gret}
484 2616 543 2650 τοῦ
572 2610 664 2650 Θεοῦ
685 2615 706 2658 ἡ
727 2611 874 2655 κιδωτὸς
893 2612 991 2666 παρὰ
1011 2617 1080 2651 τῶν

49 2664 266 2717 ἀλλοφύλιι)ν,
287 2665 347 2702 καὶ
369 2667 473 2711 ἠλΟον
495 2667 526 2702 οἱ
559 2664 699 2715 μάντεις
718 2664 778 2702 καὶ
796 2665 1080 2717 ψευδοπροφῆται

49 2717 194 2762 πάντες,
221 2717 280 2755 καὶ
307 2717 424 2770 ἔλεγον
450 2722 521 2760 τοῖς
556 2719 739 2768 βασιλεῦσι
766 2720 834 2754 τῶν
856 2718 1057 2769 ἀλλοφύλων
1073 2735 1080 2741 ·

51 2769 352 2820 ἐξαποστείλωμεν
374 2770 437 2817 τὴν
466 2770 615 2821 κιβωτὸν
642 2775 702 2808 τοῦ
726 2771 818 2808 Θεοῦ
842 2770 988 2821 Ἰσραὴλ
1020 2770 1080 2822 ἀφ’

50 2825 166 2873 ἡμῶν,
188 2822 250 2870 τὴν
269 2828 373 2876 χεῖρα
402 2825 504 2861 αὐτοῦ
533 2822 596 2869 τὴν
631 2823 812 2874 κραταιάν.
834 2825 911 2861 Οὐκ
944 2823 1079 2870 οἴδατε,

49 2875 142 2914 πόσα
173 2875 332 2921 ἐποίησεν
365 2879 382 2914 ὃ
413 2875 541 2927 Κύριος
577 2881 648 2918 τοῖς
680 2875 903 2926 Αἷγυπτίοις;
937 2875 1016 2914 Ἵνα
1045 2876 1081 2914 τί

50 2927 299 2980 σκληρύνωμεν
315 2928 377 2971 τὰς
402 2928 549 2980 καρδίας
565 2931 680 2978 ἡμῶν,
697 2931 744 2972 ὡς
763 2929 973 2980 ἐσκλήρυνεν
991 2930 1078 2966 Φα-

51 2980 143 3031 ραώ;
164 2980 216 3018 ἈΩ.
236 2983 298 3026 τῆς
325 2981 586 3032 εὐγνωμοσύνης
612 2983 680 3018 τῶν
701 2982 820 3019 εὈνῶν.
843 2980 1034 3027 Αἷδέσθητι
1061 2984 1080 3019 ὃ

50 3033 238 3084 ἀντιλέγων
255 3036 324 3070 τῶν
353 3033 557 3084 ἀλλοφύλων
575 3033 636 3076 τὰς
662 3033 788 3084 φωνάς.
818 3033 902 3081 Μὴ,
922 3028 1018 3070 εἶπον
1049 3036 1080 3072 οἱ

49 3085 249 3137 ἀλλόφυλοι,
267 3085 514 3136 σκληρύνωμεν
523 3085 583 3128 τὰς
597 3087 741 3139 καρδίας
760 3088 874 3136 ἡμῶν,
891 3089 937 3129 ὡς
953 3086 1078 3131 ἐσκλή-

51 3154 145 3189 ρυνεν
171 3142 189 3176 ὁ
219 3138 308 3181 Θεὸς
329 3137 392 3183 τὴν
412 3137 557 3189 καρδίαν
577 3138 727 3190 Φαραώ.
750 3140 853 3191 Αὐτῷ
872 3141 922 3190 τῷ
941 3137 1080 3188 Φαραὼ

48 3190 248 3243 ἐπέγραψαν
264 3190 326 3236 τὴν
346 3190 584 3236 ἀναισθησίαν.
609 3191 678 3228 Διὰ
692 3191 726 3228 τί
746 3190 998 3242 σκληρύνωμεν
1017 3189 1080 3233 τὰς

47 3243 191 3294 καρδίας
210 3246 324 3292 ἡμῶν,
341 3244 388 3286 ὡς
404 3243 592 3293 ἐσκληρυνε
604 3243 762 3294 Φαραώ,
781 3246 846 3295 οὐχ
865 3242 921 3280 ὅτε
938 3243 1077 3280 ἐνέπαι-

48 3296 108 3338 ξαν
130 3296 265 3341 αὐτοῖς,
285 3295 363 3333 τότε
384 3294 629 3339 ἐξαπέστειλαν
650 3297 708 3333 τὸν
730 3296 832 3342 λαόν,
853 3295 924 3333 Καὶ
939 3300 997 3333 νῦν
1013 3294 1078 3338 ἐξι-

1139 289 1185 326 ob
1203 287 1334 325 scelera
1357 300 1419 324 sua
1436 302 1444 322 ε
1465 285 1588 324 multis
1608 285 1701 323 enim
1725 285 1900 322 obnoxius
1924 295 1997 324 erat
2017 287 2121 338 flagi-

1138 341 1210 378 tiis.
1236 339 1396 377 Primum
1413 338 1527 376 scelus
1554 346 1629 375 erat
1645 337 1881 388 blasphemia,
1895 338 1990 387 quod
2007 339 2121 376 dixis-

1139 401 1205 441 set,
1221 393 1312 429 Non
1329 394 1418 428 novi
1432 392 1655 428 Dominum.
1674 389 1900 441 Blasphemia
1927 400 2000 427 erat
2019 392 2119 442 prin·
2139 402 2322 432 Ex001.5.2.

1140 445 1275 496 cipium
1320 444 1508 481 malorum.
1541 442 1746 481 Secundum
1759 471 1770 491 ,
1800 441 2002 479 immanitas
2039 456 2122 493 erga

1140 497 1329 548 populum,
1353 496 1449 546 quod
1464 496 1618 533 liberum
1638 508 1749 545 genus
1768 493 1929 532 servituti
1957 503 1990 531 et
2009 494 2126 532 lateri-

1140 549 1190 586 tio
1222 549 1322 602 operi
1340 548 1554 586 tradidisset.
1586 548 1763 595 Tertium,
1796 545 1893 598 quod
1925 546 2127 585 innocentes

1141 616 1268 654 pueros
1287 602 1323 639 in
1343 601 1490 639 flumine
1503 601 1701 639 suffocaret.
1714 601 1906 646 Quartum,
1925 600 2023 649 qnod
2033 613 2129 651 prae-

1140 654 1299 693 dicatum
1329 655 1526 692 Dominum
1556 667 1625 691 non
1663 661 1892 691 revereretur.
1922 652 2127 702 Quintum,

1141 708 1235 758 quod
1250 708 1422 745 miracula
1443 706 1582 754 videns,
1602 706 1722 744 contra
1744 706 1911 758 pietatem
1931 704 2125 756 impuden-

1142 769 1195 798 ter
1225 770 1355 812 ageret.
1387 760 1514 798 Multis
1544 759 1742 797 obnoxium
1767 757 1913 808 flagitiis
1946 771 2129 795 assumens

1142 815 1253 864 Deus,
1270 823 1309 851 ut
1329 812 1484 866 optimus
1514 813 1686 861 medicus,
1720 810 1902 849 miraculis
1928 809 2126 861 dissecuit,

1097 874 1120 903 Β
1142 881 1212 904 11011
1237 866 1344 904 semel
1373 865 1542 918 plectens,
1556 874 1595 903 ut
1625 864 1821 912 occideret3
1849 876 1919 900 non
1954 862 2046 900 enim
2067 863 2130 913 qui

1141 919 1317 957 dissecant
1348 918 1535 957 confestim
1561 917 1749 967 occidunt,
1772 915 1835 954 sed
1856 915 1946 953 dum
1971 916 2130 954 membra

1144 982 1273 1022 secant,
1284 972 1376 1010 lente
1389 981 1511 1023 agunt,
1533 980 1572 1008 ut
1591 970 1750 1020 undique
1768 970 1843 1009 vim
1860 977 1993 1006 naturae
2008 969 2130 1020 explo-

1143 1034 1254 1062 ratam
1274 1025 1439 1063 habeant.
1460 1023 1615 1076 Subjicit
1637 1023 1741 1060 illum
1762 1022 1878 1070 ranis,
1900 1030 2014 1058 armat
2044 1035 2129 1059 eon-

1144 1087 1197 1115 tra
1216 1078 1321 1116 illum
1353 1087 1537 1115 extraneas
1566 1076 1743 1128 legiones,
1764 1074 1921 1125 legiones
1945 1088 2128 1125 ranarum,

1143 1130 1378 1180 locustarum,
1410 1139 1450 1168 ut
1472 1130 1650 1181 ingentem
1678 1127 1874 1180 potentiam
1894 1141 1996 1164 suam
2017 1136 2131 1165 osten-

1145 1183 1218 1221 dat.
1242 1185 1320 1221 Non
1353 1183 1451 1221 misit
1485 1182 1653 1233 angelum
1675 1181 1719 1219 de
1755 1180 1854 1226 caelo,
1883 1193 1953 1217 non
1990 1179 2133 1218 ordines

1146 1236 1448 1283 Cherubinorum,
1475 1250 1546 1273 non
1566 1234 1677 1272 mittit
1696 1233 1912 1285 Seraphinos
1940 1241 2061 1270 contra
2077 1247 2134 1270 re-

1145 1289 1275 1338 belles3
1301 1288 1363 1327 sed
1394 1288 1580 1326 ostendens
1606 1287 1802 1340 potentiam
1831 1299 1932 1323 suam
1948 1315 1958 1334 ,
1985 1295 2133 1337 apparat

1145 1342 1300 1393 legiones
1328 1356 1515 1379 ranarum:
1535 1341 1681 1378 aderant
1700 1338 1877 1377 exercitus
1895 1338 2130 1389 locustarum,

1147 1395 1246 1432 nullo
1266 1394 1379 1443 duce;
1410 1394 1473 1432 sed
1494 1393 1561 1431 Dei
1586 1394 1691 1445 jussu
1718 1391 1952 1430 ducebantur.
1972 1390 2135 1429 Exibant

1146 1461 1192 1484 ex
1212 1447 1359 1484 flumine
1378 1461 1472 1484 ranae
1504 1455 1625 1484 contra
1646 1445 1714 1482 Dei
1733 1443 1977 1482 adversarium
1995 1457 2134 1495 pugna-

1148 1509 1235 1537 turae
1255 1516 1262 1536 :
1286 1499 1476 1538 veniebant
1504 1499 1661 1548 locustae,
1689 1496 1868 1535 ratiocinii
1894 1496 2033 1548 judicio
2062 1510 2134 1534 non

1146 1552 1341 1600 instructae,
1359 1551 1421 1590 sed
1451 1551 1678 1589 Dominicum
1695 1550 1882 1601 implentes
1902 1558 2132 1600 praeceptum.

1147 1605 1382 1657 Insurgebant
1411 1604 1589 1656 sciniphes
1622 1612 1655 1640 et
1684 1601 1886 1654 cynomyiae
1912 1617 1919 1637 :
1956 1615 1997 1638 ae
2021 1602 2135 1639 multa

1149 1672 1239 1697 nova
1256 1667 1377 1696 contra
1394 1658 1513 1710 ipsum
1531 1656 1604 1694 edit
1630 1655 1805 1693 miracula
1825 1655 1934 1701 Deus,
1962 1654 2037 1705 ejus
2055 1654 2136 1692 ani-

1103 1724 1126 1756 e
1149 1725 1247 1749 mam
1274 1710 1454 1749 dissecans
1474 1719 1508 1747 et
1526 1709 1703 1762 probans;
1719 1708 1802 1759 ,ejus
1838 1715 1993 1744 mentem
2025 1707 2136 1745 variis

1148 1764 1264 1802 modis
1286 1764 1397 1816 impie
1418 1772 1580 1814 agentem
1597 1791 1608 1812 ,
1634 1761 1745 1800 variis
1764 1760 1916 1812 puniens
1935 1758 2064 1797 modis.
2088 1760 2136 1798 Et

1148 1826 1188 1854 ut
1198 1817 1314 1855 discas
1330 1816 1425 1867 quod
1447 1818 1543 1854 Deus
1562 1814 1641 1852 ideo
1666 1813 1772 1851 illum
1795 1827 1858 1864 per
1876 1821 1993 1864 partes
2025 1811 2136 1850 disse-

1149 1879 1214 1919 cet,
1228 1879 1261 1908 et
1277 1884 1347 1908 non
1375 1869 1556 1907 confestim
1577 1867 1718 1920 puniat,
1740 1875 1780 1903 ut
1798 1880 1861 1917 per
1876 1866 1995 1917 ipsum
2020 1865 2136 1903 virtu-

1149 1932 1220 1961 tem
1230 1937 1331 1960 suam
1347 1922 1527 1970 ostendat3
1544 1920 1635 1958 dicit
1652 1919 1750 1957 omni
1766 1920 1900 1957 virtute
1916 1918 2043 1970 plenus
2070 1919 2136 1956 Sa-

1149 1976 1289 2028 pientiae
1308 1975 1420 2012 liber:
1439 1976 1530 2012 Non
1539 1976 1641 2010 enim
1653 1973 1810 2010 carebat
1820 1974 1995 2022 potentia
2010 1974 2132 2008 omni·
2149 1987 2225 2024 Sap.
2245 1995 2289 2014 rr.

1146 2038 1283 2081 potens
1294 2041 1433 2065 manus
1449 2036 1532 2074 tua,
1552 2035 1588 2063 et
1611 2039 1696 2078 quae
1712 2025 1896 2062 mundum
1918 2033 2131 2071 creaverat,
2155 2026 2201 2056 ¹8-
2224 2037 2270 2066 19·

1149 2091 1254 2132 atque
1275 2080 1537 2132 investigabilis
1556 2077 1739 2130 sapientia,
1760 2085 1801 2114 ut
1821 2078 1993 2128 injiceret
2012 2079 2053 2112 in
2072 2090 2135 2115 eos

1139 2136 1295 2188 feroces
1307 2135 1448 2179 leones,
1466 2141 1534 2170 aut
1548 2144 1680 2169 recens
1694 2138 1845 2168 creatas
1845 2131 1990 2181 furore
1998 2129 2136 2180 plenas

1149 2188 1436 2239 igrzotasseras.
1461 2185 1531 2223 Sed
1552 2183 1669 2221 omnia
1690 2182 1772 2220 feeit
1797 2181 1982 2219 ostendens
2001 2181 2136 2233 patien-

1149 2242 1237 2278 tiam
1258 2253 1370 2277 suam.
1391 2238 1477 2276 Ideo
1496 2237 1586 2275 dicit
1606 2237 1702 2274 Deus
1721 2251 1728 2271 :
1760 2237 1811 2272 Ut
1835 2237 2022 2272 enarretis
2036 2235 2136 2285 filiis
2150 2239 2252 2267 liin-od.
2278 2248 2322 2267 ιο.

1148 2294 1323 2345 filiorum
1346 2300 1578 2336 vestrorum,
1607 2302 1854 2342 quoecumque
1873 2288 1982 2324 illusi
2006 2289 2135 2339 AEgy-
2151 2289 2180 2308 ²·

1147 2348 1251 2398 ptiis.
1282 2345 1503 2383 Pharaonem
1534 2356 1617 2393 ergo
1652 2341 1752 2379 mille
1775 2339 1963 2392 suppliciis
1983 2339 2134 2390 dignum

1150 2399 1255 2451 punit
1276 2400 1385 2446 Deus,
1403 2407 1436 2435 et
1448 2395 1537 2434 dicit
1552 2396 1605 2432 illi
1622 2410 1629 2430 τ
1647 2397 1697 2450 Ιῃ
1715 2395 1788 2431 hoc
1806 2396 1929 2444 ipsum
1950 2395 2136 2430 suscitavi
2149 2393 2237 2421 Rom.
2253 2395 2337 2429 ⁰·17·

1154 2461 1203 2497 te,
1222 2460 1261 2489 1ιί
1280 2451 1518 2488 ostenderem
1531 2451 1573 2485 ίη
1585 2462 1626 2485 re
1634 2449 1848 2498 potentiam
1866 2459 2005 2491 meam,
2019 2453 2056 2481 et
2068 2459 2135 2482 an-

1105 2525 1130 2555 D
1154 2507 1401 2541 nuntiaretur
1421 2515 1559 2539 nomen
1581 2513 1707 2536 meum
1731 2502 1773 2535 in
1802 2500 1982 2535 universa
2002 2506 2105 2535 terra
2125 2513 2135 2532 .·

1154 2566 1193 2594 ut
1214 2571 1276 2609 per
1298 2565 1330 2592 te
1345 2555 1433 2592 alios
1449 2552 1687 2601 lucrifaciam,
1712 2560 1749 2588 ut
1775 2565 1839 2602 per
1863 2559 1897 2587 te
1912 2550 2001 2588 alios
2016 2550 2062 2587 ad
2084 2564 2139 2587 sa-

1153 2623 1236 2646 nam
1255 2616 1408 2646 mentem
1426 2619 1602 2653 revocem,
1633 2613 1671 2641 ut
1689 2618 1752 2656 per
1777 2612 1810 2640 te
1834 2603 1922 2640 alios
1952 2602 2135 2654 castigem.

1154 2662 1201 2699 Et
1221 2671 1260 2698 ut
1287 2661 1414 2708 discas,
1438 2667 1612 2709 quantum
1637 2657 1717 2694 aliis
1738 2655 1913 2709 profuerit
1929 2656 2005 2707 ejus
2028 2655 2140 2693 disse-

1154 2715 1234 2763 ctio,
1255 2713 1329 2752 vim
1354 2712 1546 2763 Scriptura}
1562 2710 1694 2762 accipe.
1720 2710 1836 2761 Rapta
1853 2708 2048 2758 aliquando
2071 2708 2141 2745 fuit

1152 2767 1219 2805 Dei
1236 2780 1317 2804 arca
1335 2765 1381 2802 ab
1399 2763 1620 2815 alienigenis,
1645 2771 1679 2800 et
1697 2771 1868 2800 venerunt
1892 2770 1990 2799 vates
2019 2775 2139 2799 omnes

1151 2834 1193 2858 ac
1222 2819 1301 2856 falsi
1320 2817 1514 2869 prophetae,
1537 2815 1771 2865 dicebantque
1804 2814 1952 2865 regibus
1972 2813 2140 2864 alienige-

1152 2886 1279 2909 narum
1298 2887 1305 2907 :
1331 2872 1570 2907 Emittamus
1586 2882 1720 2906 arcam
1738 2869 1814 2905 Dei
1832 2867 1959 2905 Israel
1972 2881 1997 2904 (ι
2012 2869 2135 2913 nobis,
2159 2884 2182 2901 1.
2209 2873 2286 2909 Ing.
2307 2872 2338 2901 5.

1153 2939 1237 2976 quoe
1251 2932 1305 2961 est
1323 2936 1463 2960 mames
1475 2925 1556 2973 ejus
1569 2920 1856 2971 fortis.Nescitis
1871 2928 2001 2970 quanta
2020 2919 2138 2957 fecerit
2155 2926 2183 2961 7,·
2213 2921 2240 2943 ⁸¹
2265 2917 2294 2944 8.
2312 2921 2342 2943 ⁰2

1153 2977 1329 3014 Dominus
1343 2968 1862 3027 AEgyptiis'2³'Curinduramus
1883 2971 1988 3010 corda
2007 2981 2138 3019 nostra,
2153 2958 2182 2985 ‘³'
2200 2956 2229 2984 6,

1152 3038 1192 3066 ut
1211 3028 1397 3066 induravit
1416 3027 1586 3065 Pharao?
1608 3029 1639 3065 O
1667 3026 1817 3078 probam
1836 3023 2023 3077 gentilium
2042 3039 2141 3063 men-

1151 3081 1243 3121 tem!
1268 3083 1442 3119 Reverere
1453 3089 1507 3129 tu,
1527 3080 1588 3131 qui
1606 3079 1833 3123 contradicis,
1857 3077 2138 3128 alienigenarum

1152 3149 1270 3173 voces.
1295 3136 1347 3172 Ne
1362 3133 1584 3180 induremus,
1601 3132 1767 3170 dicebant
1791 3131 2010 3181 alienigenae,
2031 3129 2139 3167 corda

1151 3197 1283 3236 nostra,
1312 3195 1351 3224 ut
1382 3186 1568 3224 induravit
1602 3187 1699 3223 Deus
1733 3199 1793 3222 cor
1821 3182 2028 3221 Pharaonis.
2065 3181 2139 3232 Ipsi

1152 3240 1330 3279 Pharaoni
1360 3239 1606 3291 stupiditatem
1638 3251 1739 3275 suam
1769 3235 2029 3274 adscribebant.
2067 3234 2140 3270 Cur

1151 3293 1360 3331 induremus
1383 3291 1489 3330 corda
1510 3300 1639 3338 nostra,
1657 3290 1749 3327 sicut
1768 3287 1950 3325 induravit
1967 3286 2104 3324 Pharao
2121 3286 2138 3322 ἶ)

47 3348 260 3397 'terum-'nieme
277 3349 334 3386 τὸν
357 3348 459 3386 Θεόν.
483 3347 553 3386 Καὶ
569 3350 603 3385 ἐν
622 3348 723 3400 ἑτέρα
743 3348 848 3386 πάλιν
867 3347 1077 3400 παρεμὸολῇ
1102 3362 1124 3390 Γ,
1151 3360 1265 3384 annon
1280 3360 1362 3383 cum
1381 3344 1581 3382 illudebant
1600 3343 1662 3390 eis,
1693 3351 1777 3378 tunc
1796 3339 1969 3391 populum
1991 3338 2138 3375 dimise-

122 3400 131 3412 1
250 3403 259 3411 ,-
321 3394 358 3413 ·’κ
439 3400 446 3415 x
605 3400 612 3412 x
713 3389 717 3400 ¹
731 3404 739 3415 9
798 3401 806 3413 Ι
854 3403 866 3414 -μ
983 3401 991 3413 l

46 3402 218 3450 πολεμου,
243 3417 286 3443 ως
309 3404 395 3438 sirm
411 3417 473 3447 την
491 3400 638 3439 κιὲωτον
664 3403 693 3438 οἱ
722 3402 926 3453 αλλοφυλοι,
952 3402 1077 3451 λεγου-

1151 3399 1263 3437 runt?
1284 3399 1329 3436 Et
1351 3411 1444 3437 nunc
1460 3398 1576 3435 Deum
1593 3395 1694 3434 nobis
1713 3401 1909 3445 propitium
1930 3390 2133 3430 reddamus.
