2481 3678
85 1031 173 1059 Psal.
201 1039 267 1060 101.

97 2724 202 2751 Amos.
217 2731 247 2761 9.

102 2773 149 2792 11.

278 221 299 234 ν,
321 205 332 223 Ι

283 233 296 262 l
308 226 336 260 *sl

277 307 346 335 tam
362 309 486 349 nempe
509 296 601 348 sapit
617 294 710 332 illud
729 308 811 332 cum
833 293 1011 346 impietate
1033 294 1257 345 conjunctam

274 356 487 406 stultitiam)
502 371 511 393 ε
528 369 596 393 11011
624 354 733 407 igitur
757 354 825 392 hoc
849 353 960 403 dicit,
979 353 1042 391 sed
1061 352 1180 405 ipsum
1202 363 1259 390 ae-

275 426 376 469 cepto
402 416 479 461 illo,
501 416 597 468 quod
620 424 740 454 contra
774 429 837 453 nos
863 423 949 462 erat,
966 413 1168 462 maledicto,
1192 427 1262 451 non

277 478 391 517 sinere
420 492 482 516 nos
511 477 667 530 amplius
695 475 902 514 maledictos
928 488 1025 512 esse:
1061 473 1111 512 sic
1138 483 1172 512 et
1196 473 1264 512 hoc

278 538 356 577 loco
370 537 460 576 dicit
485 538 604 590 ipsum
620 550 762 575 carnem
777 536 911 574 factum
932 548 1019 583 esse,
1044 548 1113 572 non
1130 542 1265 571 mutata

279 599 316 637 in
343 613 484 636 carnem
511 598 720 645 substantia,
737 597 801 635 sed
821 605 901 648 post
924 605 1104 648 acceptam
1127 608 1264 632 carnem

278 659 342 696 illa
370 660 500 697 intacta
525 668 698 696 manente.
719 658 827 704 Quod
845 657 875 695 si
898 656 1071 705 dixerint,
1088 658 1204 694 Deum
1228 663 1267 692 ut

281 719 342 769 qui
370 719 488 757 omnia
522 719 646 771 possit,
665 719 701 756 in
728 732 870 755 carnem
894 716 1058 755 decidere
1080 715 1263 768 potuisse:

281 779 572 831 respondebimus
596 779 680 827 illis,
695 792 777 816 eum
795 778 913 816 omnia
935 791 1037 829 posse
1064 776 1175 814 donec
1194 789 1267 812 ma-

281 849 339 877 net
363 841 478 889 Deus,
496 839 558 877 sed
576 840 607 877 si
625 839 856 877 mutationem
877 837 1081 884 admiserit,
1100 837 1170 874 imo
1190 850 1269 873 mu—

282 899 451 937 tationem
472 900 509 937 in
540 901 660 952 pejus,
687 899 866 950 quomodo
895 900 990 936 Deus
1018 897 1149 935 fuerit?
1178 897 1270 934 Nam

283 960 427 1009 mutari,
446 960 550 1012 longe
578 970 629 998 est
646 961 691 998 ab
716 958 909 997 immortali
936 958 998 996 illa
1017 967 1154 996 natura.
1175 958 1271 1003 Qua-

283 1029 429 1073 propter
458 1022 631 1074 propheta
657 1021 798 1059 dicebat
820 1036 828 1056 :
855 1022 995 1058 Omnes
1032 1021 1129 1056 sicut
1156 1021 1272 1056 vesti«

286 1091 455 1120 mentum
465 1091 717 1131 veterascent,
729 1091 765 1119 et
783 1084 880 1120 sicut
897 1083 1128 1131 opertorium
1148 1087 1273 1117 muta·

285 1145 344 1181 bis
363 1157 436 1191 eos,
455 1153 491 1181 et
514 1145 778 1181 mutabuntur.
803 1143 858 1180 Tzc
874 1150 1000 1178 autem
1010 1140 1113 1176 idem
1124 1142 1202 1190 ipse
1217 1152 1269 1185 es,

285 1212 322 1240 et
341 1206 436 1241 anni
451 1205 509 1240 tui
518 1218 596 1241 non
609 1203 800 1254 deficient.
824 1203 908 1239 Haec
926 1200 1060 1251 quippe
1078 1198 1275 1236 substantia

285 1263 381 1300 omni
407 1263 602 1300 mutatione
630 1263 792 1313 superior
817 1269 878 1297 est.
899 1261 1022 1309 Neque
1046 1257 1149 1295 aliud
1167 1257 1276 1307 quid-

285 1323 384 1374 piam
402 1323 465 1360 illo
484 1322 610 1360 melius
630 1330 695 1371 est,
718 1330 756 1358 ut
775 1318 998 1372 proficiendo
1017 1317 1129 1370 possit
1147 1317 1195 1355 ad
1230 1317 1274 1354 11-

285 1383 352 1421 lud
380 1384 578 1436 pervenire.
599 1382 700 1429 Quid
729 1382 810 1420 dico
840 1380 992 1418 melius?
1019 1378 1121 1417 Nihil
1151 1378 1183 1416 ei
1211 1393 1276 1430 par

287 1453 353 1495 est,
368 1445 428 1483 vel
446 1445 628 1483 tantillum
646 1444 694 1482 ad
712 1443 817 1481 illum
835 1441 982 1480 accedit.
1003 1440 1172 1491 Sequitur
1191 1453 1275 1491 ergo

286 1504 407 1557 ipsum
426 1506 461 1543 in
481 1506 582 1557 pejus
611 1513 788 1542 mutatum
806 1517 878 1541 esse
897 1502 926 1540 si
946 1510 1102 1539 mutatus
1121 1500 1178 1538 sit.
1200 1501 1278 1537 Hoc

288 1575 407 1603 autem
434 1580 503 1603 non
532 1574 646 1617 potest
665 1566 761 1602 Deus
790 1577 874 1601 esse.
909 1561 982 1600 Sed
1000 1560 1221 1613 blasphemia
1240 1560 1276 1598 in

289 1635 397 1678 caput
415 1640 552 1676 eorum,
573 1625 636 1676 qui
657 1625 733 1662 haec
756 1624 955 1676 proferunt,
978 1630 1149 1660 vertatur.
1170 1620 1279 1667 Quod

290 1687 386 1724 enim
405 1686 514 1736 illud,
536 1688 702 1724 Factum
731 1694 796 1735 est,
819 1683 899 1722 ideo
925 1682 1063 1720 dictum
1088 1682 1147 1733 sit,
1171 1691 1210 1720 ut
1235 1696 1278 1720 ne

289 1747 515 1799 phantasiam
543 1761 615 1784 esse
650 1745 860 1798 suspiceris,
892 1743 1136 1782 animadverte
1163 1757 1207 1780 ex
1235 1743 1278 1780 iis

290 1822 371 1859 quae
383 1818 595 1859 sequuntur,
617 1806 796 1858 quomodo
815 1815 848 1843 et
867 1805 1005 1843 dictum
1025 1804 1119 1842 illud
1138 1813 1171 1841 et
1190 1819 1275 1856 pra-

291 1883 376 1907 vam
393 1869 484 1906 hanc
503 1868 741 1921 suspicionem
758 1875 942 1919 expurget.
957 1865 1089 1904 Subdit
1107 1865 1215 1915 enim,
1227 1867 1278 1903 Et

292 1933 483 1970 habitavit
504 1935 544 1969 in
574 1934 697 1981 nobis,
718 1944 758 1968 ac
788 1930 817 1968 si
838 1929 971 1967 diceret
994 1944 1001 1964 :
1025 1927 1126 1966 Nihil
1154 1928 1278 1966 3115111·-

292 1993 382 2030 (111111
408 1992 598 2044 suspiceris
626 2005 671 2029 ex
694 1991 761 2028 hoc
785 1990 895 2040 dicto,
918 1991 957 2026 F
956 1996 1084 2026 actum«
1111 1996 1179 2026 est.
1201 1989 1280 2027 Non

292 2054 387 2092 enim
406 2052 640 2091 immutabilis
665 2061 800 2090 naturae
826 2050 1071 2100 mutationem,
1093 2049 1156 2087 sed
1178 2049 1280 2087 habi—

294 2115 463 2152 tationem
488 2113 776 2152 dixi.Hahitati0
808 2120 927 2149 autem
950 2125 1020 2148 non
1041 2110 1202 2162 idipsum
1230 2120 1280 2148 est

293 2176 391 2226 quod
408 2175 654 2213 habitaculum
665 2204 674 2222 ,
696 2173 760 2211 sed
777 2172 889 2209 aliud.
911 2171 1023 2209 Aliud
1041 2171 1136 2209 enim
1155 2171 1192 2208 in
1211 2171 1281 2210 alio

292 2237 451 2285 habitat3
466 2236 553 2273 alias
565 2235 660 2273 enim
679 2248 748 2271 non
768 2242 856 2271 esset
867 2232 1040 2270 habitatio
1055 2247 1062 2267 :
1078 2231 1171 2269 nihil
1189 2231 1284 2270 enim

292 2297 329 2335 in
341 2297 455 2349 seipso
464 2296 609 2334 habitat.
617 2293 726 2333 Aliud
732 2308 815 2332 vcro
827 2293 905 2330 dixi
919 2292 1114 2330 secundum
1123 2292 1285 2330 substan-

293 2359 390 2398 tiam.
405 2360 496 2397 Nam
515 2358 648 2395 unitate
666 2366 700 2394 et
713 2354 958 2407 conjunctione
969 2355 1064 2391 Deus
1075 2353 1236 2392 Verbum
1251 2362 1284 2391 et

294 2433 374 2457 caro
395 2432 506 2455 unum
523 2426 605 2456 sunt
617 2433 624 2453 τ
636 2416 709 2454 sine
729 2416 801 2453 ulla
812 2414 1028 2462 confusione,
1048 2414 1105 2452 vel
1123 2413 1285 2452 substan-

294 2494 376 2516 rum
394 2478 584 2528 ablatione,
599 2477 661 2515 sed
679 2491 742 2529 per
761 2476 932 2513 unionem
950 2474 1167 2513 ineffabilem
1185 2474 1285 2513 inex-

296 2539 584 2591 plicabilemque.
611 2536 800 2583 Quomodo
825 2544 944 2573 autem
968 2534 1007 2572 id
1033 2535 1097 2572 fiat
1120 2548 1163 2572 ne
1182 2550 1283 2586 quae—

297 2614 372 2649 ras,
388 2600 521 2636 factum
538 2608 589 2636 est
608 2598 704 2636 enim
715 2606 754 2635 ut
774 2598 849 2650 ipse
868 2596 1184 2643 novit.Quodnam
1202 2610 1284 2649 ergo

297 2659 365 2696 suit
383 2659 642 2708 habitaculum,
664 2658 700 2695 in
719 2672 790 2708 quo
809 2656 1010 2695 habitavit?
1024 2656 1120 2694 Audj
1132 2657 1286 2709 prophe-

298 2729 371 2757 tam
388 2718 566 2756 dicentem
590 2734 597 2753 :
619 2718 816 2756 suscitabo
833 2718 1124 2756 tabernaculum
1138 2719 1283 2766 David,

300 2781 404 2831 quod
414 2780 563 2817 cecidit.
583 2779 678 2817 Vere
697 2791 848 2828 namque
863 2778 1005 2825 cecidit,
1018 2778 1147 2816 cecidit
1161 2787 1288 2816 natura

298 2849 417 2878 nostra
445 2854 526 2877 casu
552 2838 756 2887 incurabili,
778 2847 811 2875 ct
834 2839 969 2890 potenti
993 2839 1054 2876 illa
1080 2853 1187 2877 manu
1214 2840 1287 2878 sola

738 214 775 243 S.
815 212 999 242 JOANNIS
1037 212 1280 242 CHRYSOST.

298 2907 433 2958 egebat.
454 2907 576 2956 Neque
597 2904 691 2942 enim
710 2912 847 2956 poterat
866 2904 936 2941 alio
963 2904 1068 2942 modo
1088 2919 1286 2958 resurgere,
1314 2870 1336 2899 Β

300 2973 369 3011 11151
398 2972 428 3010 15
451 2971 513 3022 qni
538 2971 573 3009 in
598 2970 775 3023 principio
800 2970 901 3007 illam
925 2970 1189 3022 efformaverat,
1216 2972 1285 3024 ipsi

345 3104 358 3117 ⁰
375 3098 513 3139 ἀνωτέρω
526 3089 675 3134 quidam.

345 3147 357 3165 ‘¹
375 3145 476 3179 Savit.
495 3144 543 3189 [et
557 3143 666 3176 Codd.
686 3144 760 3185 cit.]
776 3150 932 3186 κρεῖττον,
956 3145 1024 3176 ἀλλ’
1053 3145 1116 3176 οὐδὲ
1142 3148 1212 3185 ἴσον,
1247 3147 1312 3178 οὐδὲ

302 3204 407 3244 μικρὸν
425 3201 519 3241 ἐγγὺς.
538 3201 649 3231 οὐκοῦν.
668 3195 782 3228 Morel.
802 3202 957 3240 κρεῖττον;
977 3197 1057 3228 οὐδὲν
1084 3199 1141 3228 ἴσον
1157 3219 1164 3234 ,
1180 3198 1244 3228 οὐδὲ
1261 3211 1312 3238 μι-

303 3258 372 3296 κρὸν
389 3256 455 3293 γοῦν
475 3254 555 3293 αὐτῷ
571 3258 578 3265 ”
602 3253 714 3283 οὐκοῦν.

348 3312 360 3327 c
378 3303 428 3333 Ita
452 3300 565 3333 Morel.
593 3299 694 3333 Savil.
720 3299 767 3341 [et
783 3297 892 3331 Codd.
917 3297 992 3339 cit.]
1009 3303 1037 3332 τί
1051 3303 1108 3342 γὰρ
1126 3303 1246 3340 ἐπάγει;
1269 3303 1316 3332 καὶ

306 3359 473 3391 ἐσκήνωσεν.
498 3352 615 3395 [Paulo
640 3360 715 3384 ante
744 3350 844 3384 Savil.
863 3359 893 3383 et
911 3349 1021 3383 Codd.
1041 3348 1099 3382 cit.
1118 3356 1238 3384 ἄκουσον
1256 3361 1316 3392 pro

309 3407 435 3445 werria]

1321 211 1524 242 ARCfflEP.
1569 212 1929 242 CONSTANTINOP.

1339 293 1498 336 ἀσεὲείας
1515 293 1573 331 καὶ
1593 293 1655 339 τὴν
1673 293 1865 345 παράνοιαν
1880 295 1909 343 )·
1928 294 1966 330 οὗ
1987 291 2028 338 δὴ
2044 295 2145 330 τοῦτο
2165 285 2222 329 οἶν
2242 292 2357 342 λέγει,

1334 355 1410 393 ἀλλ’
1427 353 1480 391 ὅτι
1495 354 1559 400 τὴν
1575 357 1651 392 καθ’
1668 358 1769 406 ἡμῶν
1784 355 1938 407 κατάραν
1958 353 2139 404 δεξάμενος
2154 382 2163 400 ,
2179 355 2242 390 οὐκ
2256 352 2358 404 ἀφίη-

1337 430 1390 453 σιν
1404 418 1497 465 ἦμᾶς
1511 415 1703 467 ἐπαράτους
1719 409 1806 454 εἶναι
1820 416 1939 455 λοιπόν
1956 431 1963 439 ·
1981 415 2071 453 οὕτω
2086 414 2126 460 δὴ
2141 413 2199 451 καὶ
2213 416 2360 450 ἐνταῦθα

1339 477 1470 528 σάρκα,
1497 477 1614 529 φησὶν,
1645 476 1747 515 αὐτὸν
1776 477 1953 528 γενέσθαι,
1979 478 2017 514 οὐ
2039 473 2282 526 μεταὸαλόντα
2312 474 2360 515 εἷς

1339 538 1453 590 σάρκα
1474 538 1537 586 τὴν
1553 538 1684 585 οὐσίαν,
1702 539 1778 576 ἀλλ’
1797 538 2017 575 ἀναλαὸόντα
2037 535 2158 582 αὐτὴν,
2183 533 2360 586 ἀνεπάφου

1341 599 1511 650 μενούσης
1529 600 1673 647 ἐκείνης.
1692 601 1735 637 Εἰ
1753 598 1787 636 δὲ
1812 597 1960 649 λέγοιεν,
1982 598 2036 636 ὅτι
2051 598 2140 641 Θεὸς
2156 596 2204 635 ὢν
2221 596 2362 634 ἅπαντα

1341 660 1504 708 δύναται,
1523 660 1614 699 ὥστε
1646 661 1705 699 καὶ
1739 662 1786 703 εἷς
1814 660 1927 712 σάρκα
1956 664 2164 709 μεταπεσεῖν
2198 657 2341 696 ἐδύνατο
2353 669 2360 677 ·

1341 723 1452 759 ἐκεῖνο
1470 721 1555 773 πρὸς
1575 721 1698 764 αὐτοὺς
1725 723 1882 773 ἐροῦμεν,
1902 719 1956 758 ὅτι
1974 720 2089 758 πάντα
2107 719 2274 763 δύναται,
2300 716 2364 758 ἕως

1343 783 1383 820 ἂν
1401 783 1487 833 μένῃ
1503 782 1593 826 Θεὸς
1611 781 1677 820 ὤν·
1698 785 1728 821 εἰ
1747 782 1781 820 δὲ
1798 781 1994 834 μεταὸολὴν
2013 780 2168 826 ἐδέξατο,
2185 780 2244 818 καὶ
2259 793 2365 829 μετα-

1343 843 1448 891 δολὴν
1468 844 1525 882 ἐπὶ
1542 845 1582 882 τὸ
1599 850 1728 896 χεῖρον,
1747 846 1820 886 πῶς
1837 843 1878 881 ἂν
1896 843 1949 889 εἴη
1967 841 2077 888 Θεός;
2097 842 2150 880 Τὸ
2167 840 2236 892 γὰρ
2255 855 2365 890 μετα-

1344 905 1533 943 6άλλεσοαι
1547 935 1556 953 ,
1577 905 1696 957 πόῤῥω
1715 907 1778 950 τῆς
1791 903 1968 956 ἀκηράτου
1988 903 2122 955 φύσεως
2137 901 2281 948 ἐκείνης.
2301 899 2365 937 Διὸ

1343 966 1403 1005 καὶ
1421 969 1439 1004 ὁ
1456 966 1637 1019 προφήτης
1654 965 1768 1017 ἔλεγε·
1794 965 1930 1008 Πάντες
1947 968 1992 1007 ὡς
2005 964 2144 1014 ἱμάτιον
2163 961 2367 1008 παλαιωθή-

1344 1043 1483 1074 σονται,
1500 1027 1558 1065 καὶ
1577 1028 1660 1065 ὡσεὶ
1679 1026 1902 1079 περιὸόλαιον
1925 1025 2045 1069 ἑλίξεις
2067 1023 2189 1067 αὐτοὺς
2204 1052 2213 1070 ,
2233 1023 2290 1061 καὶ
2309 1023 2368 1060 ἀλ-

1343 1088 1568 1140 λαγήσονται.
1586 1089 1636 1127 Σὺ
1653 1089 1688 1127 ’δὲ
1703 1092 1720 1127 ὁ
1736 1088 1836 1132 αὐτὸς
1852 1082 1902 1136 εἷ,
1924 1087 1982 1125 καὶ
2000 1086 2043 1125 τὰ
2065 1087 2125 1132 ἔτη
2146 1101 2206 1124 σου
2223 1087 2285 1123 οὐκ
2308 1086 2367 1122 ἐκ·

1344 1150 1514 1201 λείψουσι.
1547 1150 1672 1196 Πάσης
1698 1149 1764 1202 γὰρ
1783 1150 1967 1201 Εάνωτέρα
1997 1148 2193 1200 μεταὸολῆς
2219 1151 2240 1193 ἠ
2270 1145 2371 1184 οὐσία

1347 1210 1448 1255 αὕτη.
1469 1209 1563 1248 Οὔτε
1581 1209 1647 1261 γὰρ
1675 1210 1830 1262 κρεῖττόν
1850 1210 1884 1247 τί
1906 1213 1997 1248 ἐστιν
2019 1212 2142 1257 αὐτοῦ,
2161 1208 2251 1247 ὥστε
2279 1223 2370 1260 προ-

1346 1270 1503 1322 κόψαντα
1524 1271 1625 1308 αὐτὸν
1645 1271 1701 1308 ἐπὶ
1726 1275 1828 1308 τοῦτο
1847 1273 1968 1309 ἐλθεῖν.
1986 1271 2032 1309 Τί
2050 1269 2143 1321 λέγω
2161 1269 2344 1321 ἀκρεῖττον
2361 1282 2370 1314 ;

1348 1331 1459 1369 Οὐδὲν
1480 1330 1566 1378 ἴσον,
1597 1330 1674 1370 οὐδὲ
1696 1332 1819 1383 μικρὸν
1844 1331 1954 1383 ἐγγύς.
1975 1333 2112 1369 Οὐκοῦν
2130 1329 2289 1367 λείπεται
2306 1326 2370 1374 τὴν

1348 1392 1405 1430 ἐπὶ
1423 1392 1462 1430 τὸ
1480 1399 1596 1444 χεῖρον
1619 1393 1720 1431 αὐτὸν
1740 1392 1902 1437 δέξασθαι
1921 1391 2133 1444 μεταὸολὴν,
2152 1390 2184 1429 εἴ
2201 1407 2240 1443 γε
2261 1406 2370 1441 μετα-

1348 1453 1523 1492 ὅάλλοιτο.
1545 1455 1660 1492 Τοῦτο
1675 1453 1709 1491 δὲ
1729 1456 1790 1492 οὐκ
1809 1454 1850 1492 ἂν
1867 1455 1919 1502 εἴη
1940 1454 2041 1497 Θεός.
2061 1454 2152 1492 Ἀλλ’
2170 1456 2191 1499 ἡ
2215 1454 2373 1505 βλασφη·

1351 1514 1413 1565 μία
1431 1515 1580 1567 τραπείη
1609 1518 1656 1559 εἰς
1684 1515 1747 1563 τὴν
1779 1518 1848 1553 τῶν
1876 1520 1987 1554 ταῦτα
2016 1515 2186 1566 λεγόντων
2206 1513 2372 1566 κεφαλήν.

1350 1575 1434 1614 εὈτι
1452 1577 1519 1629 γὰρ
1539 1577 1596 1615 διὰ
1624 1580 1726 1615 τοῦτο
1746 1577 1848 1627 μόνον
1866 1576 2002 1629 εἴρηται
2017 1576 2079 1624 τὸ,
2100 1576 2284 1628 Ἐγένετο,
2317 1574 2373 1613 ἵνα

1352 1637 1399 1688 μὴ
1421 1638 1612 1690 φαντασίαν
1632 1638 1832 1690 ὑπολάὸῃς,
1855 1639 1977 1676 σκόπει
2007 1638 2062 1675 διὰ
2082 1642 2150 1677 τῶν
2176 1637 2254 1683 ἑξῆς
2268 1668 2278 1687 ,
2299 1640 2374 1680 πῶς

1348 1699 1547 1751 ἐκκαθαίρει
1565 1699 1622 1737 τὸν
1639 1699 1740 1751 λόγον
1757 1700 1815 1738 καὶ
1837 1698 1899 1746 τὴν
1919 1700 2081 1737 ὑπόνοιαν
2105 1700 2292 1752 ἀνατρέπει
2310 1699 2375 1746 τὴν

1352 1761 1542 1813 πονηράν.θ
1563 1761 1747 1813 Ἐπήγαγε
1775 1761 1862 1813 γάρ·
1895 1761 1963 1799 Καὶ
1989 1760 2185 1807 ἐσκήνωσεν
2210 1763 2245 1799 ἐν
2263 1764 2347 1812 ἡμῖν
2366 1776 2374 1783 ·

1354 1822 1538 1874 μονονουχὶ
1554 1821 1676 1874 λέγων,
1696 1821 1802 1872 μηδὲν
1815 1822 1944 1859 ἄτοπον
1964 1821 2184 1873 ὑποπτεύσῃς
2203 1822 2272 1860 ἀπὸ
2301 1825 2376 1867 τοῦ,

1353 1882 1526 1934 Ἐγένετο.
1544 1886 1596 1922 Οὐ
1616 1883 1682 1936 γὰρ
1702 1882 1833 1935 τροπὴν
1855 1876 1950 1921 εἷπον
1966 1886 2028 1930 τ’ῆς
2056 1882 2226 1935 ἀτρέπτου
2243 1883 2376 1935 φύσεως

1353 1945 1486 1992 ἐκείνης
1495 1975 1505 1993 ,
1520 1945 1609 1984 ἀλλὰ
1620 1945 1793 1992 σκήνωσιν
1810 1944 1869 1983 καὶ
1881 1944 2131 1991 κατοίκησιν.Τ
2134 1944 2151 1982 ὸ
2163 1945 2198 1982 δὲ
2215 1949 2376 1992 σκηνοῦν,

1354 2008 1392 2044 οὐ
1412 2007 1534 2045 ταύτὸν
1550 2007 1590 2044 ἂν
1610 2007 1662 2053 εἴη
1683 2009 1726 2058 τῇ
1752 2009 1885 2058 σκηνῇ,
1904 2007 1980 2044 ἀλλ’
2001 2005 2128 2058 ἕτερον.
2142 2004 2289 2058 ἽΞτερον
2307 2005 2375 2058 γὰρ

1355 2069 1389 2105 ἐν
1403 2068 1509 2120 ἑτέρῳ
1524 2074 1644 2114 σκηνοῖ
1659 2083 1667 2091 ·
1685 2068 1761 2106 ἐπεὶ
1777 2069 1846 2105 οὐδ’
1864 2067 1902 2105 ἂν
1920 2067 1973 2113 εἴη
1990 2067 2162 2114 σκήνωσις
2177 2082 2185 2090 ·
2202 2064 2376 2118 οὐδὲνγὰρ

1356 2129 1390 2165 ἐν
1409 2130 1521 2180 ἑαυτῷ
1537 2134 1703 2166 κατοικεῖ.
1719 2127 1869 2179 ἽΞτερον
1885 2127 1921 2165 δὲ
1940 2121 2036 2165 εἷπον
2055 2126 2146 2166 κατὰ
2161 2126 2225 2173 τὴν
2245 2125 2376 2164 οὐσίαν.

1357 2190 1413 2240 Τῇ
1433 2188 1500 2240 γὰρ
1521 2188 1639 2226 ἑνώσει
1660 2188 1719 2226 καὶ
1734 2191 1777 2239 τῇ
1806 2188 1973 2241 συναφείᾳ
1998 2188 2033 2227 ἓν
2053 2190 2145 2227 ἐστιν
2162 2191 2179 2227 ὁ
2198 2188 2288 2231 Θεὸς
2312 2188 2380 2226 Λό-

1356 2264 1414 2300 γος
1430 2249 1488 2286 καὶ
1504 2252 1525 2295 ἡ
1544 2248 1647 2300 σὰρξ,
1667 2251 1704 2287 οὐ
1721 2248 1920 2301 συγχύσεως
1938 2250 2125 2300 γενομένης
2137 2280 2147 2296 ,
2159 2249 2236 2288 οὐδὲ
2252 2252 2379 2302 ἀφανι-

1359 2314 1448 2360 σμοῦ
1461 2312 1527 2348 τῶν
1540 2312 1678 2356 οὐσιῶν,
1687 2311 1763 2348 ἀλλ’
1777 2309 1929 2353 ἑνώσεως
1940 2310 2091 2363 ἀῤῥήτου
2103 2313 2194 2355 τινὸς
2205 2312 2263 2349 καὶ
2276 2311 2381 2364 ἀφρά-

1358 2387 1451 2410 στου.
1482 2373 1535 2410 Τὸ
1556 2371 1591 2409 δὲ
1610 2377 1623 2392 ²¹
1640 2372 1751 2419 ὅπως,
1771 2371 1818 2421 μὴ
1843 2371 1958 2418 ζήτει·
1976 2371 2112 2422 ἐγένετο
2130 2373 2197 2424 γὰρ
2223 2376 2270 2416 ὡς
2291 2367 2380 2411 οἶδεν

1357 2431 1541 2475 αὐτός.Τίς
1556 2426 1613 2470 οὖν
1627 2433 1720 2469 ἐστιν
1737 2435 1758 2477 ἡ
1777 2431 1886 2478 σκηνὴ
1903 2432 1946 2478 ἣν
1963 2432 2246 2479 κατεσκήνωσεν;
2261 2432 2381 2471 Ἄκου-

1358 2508 1415 2531 σον
1427 2496 1485 2530 τοῧ
1496 2492 1674 2545 προφήτου
1686 2492 1845 2543 λέγοντος
1858 2507 1865 2515 ·
1877 2492 2079 2539 Ἀναστήσω
2092 2493 2154 2540 τὴν
2169 2493 2299 2540 σκηνὴν
2312 2496 2382 2532 Δα-

1357 2554 1411 2591 υὶδ
1431 2553 1494 2601 τὴν
1510 2559 1748 2592 πεπτωκυῖαν.
1767 2552 1956 2591 Πεπτώκει
1976 2553 2042 2605 γὰρ
2058 2554 2184 2600 ὅντως,
2204 2553 2382 2593 πεπτώκει

1357 2617 1489 2667 πτῶμα
1508 2615 1645 2654 ἀνίατον
1666 2618 1686 2661 ἡ
1709 2614 1807 2666 φύσις
1822 2617 1843 2660 ἡ
1863 2614 2039 2667 ἡμετέρα,
2057 2615 2116 2653 καὶ
2134 2619 2196 2662 τῆς
2215 2622 2382 2667 κραταιᾶς

1359 2676 1492 2723 ἐκείνης
1508 2677 1618 2714 ἐδεῖτο
1636 2675 1742 2727 μόνης
1759 2675 1887 2728 χειρός.
1905 2676 1996 2714 Οὐδὲ
2016 2676 2083 2727 γὰρ
2102 2671 2144 2723 ἦν
2158 2676 2282 2728 ἑτέρως
2299 2679 2381 2714 ἀνα-

1360 2741 1482 2784 στῆναι
1504 2736 1626 2785 αὐτὴν,
1648 2738 1696 2787 μὴ
1717 2739 1776 2773 τοῦ
1795 2736 1858 2782 τὴν
1882 2736 1995 2788 ἀρχὴν
2016 2737 2271 2780 διαπλάσαντος
2294 2738 2381 2787 αὐτῇ

1359 2803 1462 2851 χεῖρα
1480 2797 1675 2850 ὀρέξαντος,
1710 2797 1768 2835 καὶ
1798 2797 2078 2841 διατυπώσαντος
2107 2797 2235 2835 ἄνωθεν
2264 2799 2306 2848 τῇ
2340 2799 2382 2835 δι’

1362 2859 1484 2902 ὕδατος
1511 2858 1735 2909 ἀναγεννήσει
1763 2857 1821 2894 καὶ
1845 2857 2062 2908 Πνεύματος.
2091 2858 2161 2896 Καὶ
2189 2857 2249 2896 Οέα
2271 2873 2329 2908 μοι
2345 2858 2384 2896 τὸ

1363 2919 1504 2973 φρικτὸν
1532 2919 1590 2957 καὶ
1614 2919 1810 2972 ἀπόῤῥητον
1832 2918 1918 2956 ι’τοῦ
1951 2919 2157 2971 μυστηρίου.
2183 2919 2381 2963 Διαπαντὸς

1367 2986 1522 3020 κατοικεῖ
1556 2979 1619 3027 τὴν
1639 2980 1786 3026 σκηνήν·
1815 2979 1878 3026 τὴν
1897 2979 1965 3031 γὰρ
1990 2979 2102 3032 σάρκα
2127 2980 2191 3028 τὴν
2211 2981 2384 3032 ἡμετέραν

1422 3100 1434 3116 ³
1452 3090 1515 3122 Alii
1529 3095 1606 3128 ὅπως
1621 3095 1734 3134 ἐγένετο
1748 3093 1941 3136 &pacensi-13.

1422 3143 1439 3168 b
1455 3141 1603 3183 Quidam
1635 3150 1798 3187 μυστήριον
1813 3166 1820 3180 ,
1849 3144 2005 3179 διαπαντὸς
2035 3149 2164 3176 κατοικεῖ
2179 3147 2233 3180 τὴν
2261 3149 2377 3179 σκηνήν.

1378 3193 1493 3236 [Savil.
1503 3199 1677 3239 μυστηρίου.
1690 3197 1848 3231 διαπαντὸς
1857 3198 1914 3239 γὰρ
1927 3196 2038 3231 ταύτην
2051 3209 2079 3227 κ.
2095 3209 2124 3228 τ.
2136 3209 2180 3227 σκ.
2193 3190 2302 3225 Codd.
2321 3193 2384 3224 705

1382 3253 1416 3277 et
1431 3246 1495 3279 706
1511 3253 1685 3291 μυστήριον.
1702 3244 1818 3278 Cetera
1836 3251 1872 3275 ut
1885 3243 1986 3277 Savil.
2001 3269 2011 3286 ,
2026 3243 2087 3277 nisi
2101 3243 2191 3288 quod
2207 3244 2272 3277 706
2285 3244 2385 3276 omit—

1382 3297 1425 3329 tit
1441 3298 1528 3343 γάρ]
