2481 3678
713 186 753 214 ΙΝ
793 186 1002 215 Joxxxtzn
1041 186 1193 215 1103111„
1236 186 1329 214 xvi.
1369 170 1429 213 [ll.
1470 186 1546 214 XV.
2081 190 2159 236 107

1179 280 1236 313 eo,
1259 265 1337 314 quis
1369 273 1403 301 et
1431 264 1525 301 unde
1549 273 1637 301 esset
1663 265 1756 315 ipse-5
1778 267 1952 314 numquid
1981 268 2074 317 leges
2098 270 2164 320 ipsi

1179 323 1437 375 praescribetis?
1452 324 1528 361 Hoc
1543 324 1637 361 enim
1652 324 1850 375 cogentium
1863 334 1952 375 erat,
1964 336 2000 363 ut
2016 341 2051 365 se
2063 328 2166 366 Chri-

1179 394 1274 422 stum
1293 398 1365 422 esse
1382 384 1622 422 confiteretur.
1645 386 1808 423 Attamen
1829 398 1941 436 neque
1962 400 2053 424 nunc
2073 388 2167 427 indi—

1180 456 1322 497 gnatur,
1340 461 1454 497 neque
1473 457 1512 485 ut
1525 462 1591 500 par
1616 462 1689 486 esse
1709 447 1902 486 videbatur
1920 448 2059 500 aliquid
2085 466 2167 502 pro-

1177 509 1244 547 fert
1278 508 1424 547 simile:
1445 510 1499 547 An
1531 524 1596 548 vos
1622 510 1713 548 mihi
1741 510 1954 563 praecipitis,
1983 511 2169 563 legemque

1176 569 1354 607 statuitis?
1366 583 1491 607 verum
1517 571 1667 609 multam
1682 585 1824 609 rursum
1838 570 2048 609 modestiam
2066 573 2168 611 exhi-

1175 632 1348 670 bet.Nam
1365 632 1432 670 ait:
1447 634 1510 671 026.
1525 634 1611 685 Ego
1632 635 1785 684 quidem
1803 636 1957 684 baptizo
1978 638 2019 672 in
2033 649 2138 687 aqua
2153 653 2165 673 :

1177 694 1322 731 medius
1350 703 1479 732 autem
1505 704 1681 732 vestrum
1699 703 1790 743 slat,
1811 709 1921 746 quem
1950 709 2022 733 vos
2045 701 2167 734 nesci-

1177 757 1234 792 tis.
1252 756 1317 793 27.
1340 756 1418 793 Hie
1437 764 1494 793 est
1528 758 1594 808 qui
1614 765 1701 807 post
1717 770 1776 794 me
1796 765 1985 794 venturus
2007 766 2078 805 est,
2103 762 2169 809 qui

1176 825 1268 854 ante
1290 818 1500 871 mefactzcs
1529 826 1600 865 est,
1622 819 1731 867 cujus
1761 831 1839 855 non
1867 831 1950 855 sum
1976 817 2115 868 dignus
2128 830 2168 857 ut

1174 878 1322 915 solvam
1337 881 1543 930 corrigiam
1562 879 1832 916 calceamenti.

1227 939 1262 975 5.
1293 938 1392 985 Quid
1413 939 1470 976 his
1492 953 1670 991 opponere
1699 949 1845 991 possunt
1874 939 2021 979 Judaei?
2037 940 2167 978 Contra

1172 999 1264 1037 hanc
1297 1000 1556 1038 accusationem
1590 1014 1633 1037 ne
1662 1000 1792 1038 mutire
1823 1001 1968 1051 quidem
2008 1012 2167 1053 possunt,

1172 1059 1353 1098 damnatio
1374 1061 1473 1098 nulla
1489 1061 1590 1099 venia
1605 1061 1717 1099 averti
1739 1070 1866 1113 potest,
1889 1062 1956 1114 ipsi
1978 1072 2098 1100 contra
2116 1077 2166 1100 sc-

1173 1121 1267 1173 ipsos
1298 1122 1507 1160 sententiam
1540 1122 1711 1161 tulerunt.
1738 1123 1928 1169 Quomodo
1950 1132 1984 1161 ct
2014 1138 2083 1173 qua
2110 1139 2166 1161 ra-

1170 1182 1290 1220 tione?
1311 1183 1399 1221 Fide
1414 1182 1566 1234 dignum
1580 1184 1754 1235 putabant
1774 1198 1847 1222 esse
1861 1186 2049 1234 JOannem,
2068 1193 2101 1222 et
2118 1185 2164 1222 ita
2202 1194 2302 1231 Magna
2314 1195 2369 1223 Ju-

1171 1256 1345 1293 xeracem,
1360 1253 1399 1281 ut
1433 1257 1503 1282 non
1533 1244 1640 1282 modo
1669 1259 1752 1283 cum
1782 1245 1826 1282 de
1853 1246 1946 1295 aliis,
1967 1245 2028 1283 sed
2058 1236 2304 1284 etiaiii‘³'“¹'¹¹¹¹¹¹
2332 1238 2367 1263 ‘¹⁰

2179 1277 2291 1304 Joanne
2364 1301 2367 1304 ,

1172 1318 1254 1342 cum
1273 1304 1318 1342 de
1342 1305 1456 1373 seipso
1475 1306 1738 1356 testificarJetul
1760 1307 1956 1345 medendus
1975 1317 2075 1346 esset.
2097 1310 2166 1347 Ne-
2179 1320 2292 1356 opinio.
2332 1278 2353 1305 Β

84 268 161 318 οὐχὶ
197 268 254 305 καὶ
280 269 401 318 νόμους
432 268 526 318 αὐτῷ
559 266 722 312 “Mearm
762 267 876 305 Τοῦτο
903 267 968 318 γὰρ
1000 267 1104 304 πάλιν

83 327 345 379 ἀναγκαζόντων
374 322 414 373 ἦν
443 327 656 378 ὁμολογῆσαι
682 327 800 365 ἑαυτὸν
828 328 990 380 Χριστόν.
1014 326 1104 364 Ἀλλ’

82 389 176 438 ὅμως
190 388 266 427 οὐὲὲ
282 392 340 425 νῧν
361 391 566 439 ἀγανακτεῖ,
584 387 661 425 οὐδὲ
680 388 772 439 λέγει
797 405 830 426 τι
852 393 1000 426 τοιοῦτον
1021 386 1107 438 πρὸς

83 448 203 492 αὐτοὺς
219 443 286 487 οἷον
308 448 415 492 εἰκός·
431 451 530 499 ὑμεῖς
547 449 623 499 ἐμοὶ
644 450 866 487 δια-τάττεσθε
882 449 941 487 καὶ
962 450 1105 498 νομοΟε-
1127 475 1158 500 93

82 515 191 556 τεῖτε;
209 509 298 548 ἀλλὰ
313 509 444 556 πολλὴν
462 509 566 548 πάλιν
579 509 640 557 τὴν
657 510 843 549 ἐπιείκειαν
859 509 1104 548 ἐπιδείκνυται.
1130 511 1155 541 Λ

81 569 177 620 Ἐγὼ
207 569 267 620 μὲν
296 570 363 622 γὰρ
379 601 388 618 ,
414 571 497 623 φησὶ
513 601 522 619 ,
553 571 711 622 βαπτίζω
731 573 764 609 ἐν
793 570 908 608 ὕδατι·
943 569 1046 618 μέσος
1068 567 1103 606 δὲ

81 633 177 681 ὑμῶν
207 631 364 678 ἕστηκεν,
392 632 427 670 ὃν
458 635 557 683 ὑμεῖς
585 633 647 670 οὐκ
682 632 807 670 οἴδατε.
835 629 947 673 Οὗτός
969 632 1060 667 ἐστιν
1086 631 1104 666 ὃ

81 691 192 730 ὀπίσω
222 707 287 743 μου
307 692 510 744 ἐρχόμενος,
530 694 564 737 ὃς
591 692 782 745 ἔμπροσθέν
805 707 869 742 μου
891 691 1041 742 γέγονεν,
1064 692 1102 727 οὗ

79 753 140 790 οὐκ
161 753 232 803 εἰμὶ
252 753 367 797 ἱὶὀίξιος
386 754 441 792 ἵνα
457 755 550 793 λύσω
569 755 626 792 τὸν
646 754 774 804 ἱμάντα
788 757 848 791 τοῦ
867 752 1100 802 ὑποδήματος.

130 937 177 975 Τι’
195 938 279 989 πρὸς
301 944 411 978 ταῧτα
423 937 542 976 λοιπὸν
564 936 604 975 ἂν
623 936 734 990 ἔχοιεν
751 939 856 974 εἰπεῖν
875 938 905 974 οἱ
922 935 1100 982 Ἰουδαῖοι,

78 997 331 1072 νζῖπαραίτητος
345 1000 413 1052 γὰρ
428 1003 610 1038 κάντεῦθεν
626 1003 647 1045 ἡ
666 1000 743 1036 κατ’
762 1000 875 1036 αὐτῶν
894 996 1101 1049 κατηγορία,

77 1058 316 1111 ἀσυ(γνωστος
348 1064 368 1107 ἡ
397 1061 620 1114 κατάκρισις,
650 1060 747 1098 αὐτοι
769 1061 846 1097 καθ’
878 1060 1008 1096 ἑαυτι)ν
1037 1058 1099 1104 τὴν

76 1121 187 1172 ψῆφον
217 1121 415 1173 ἐξήνεμαν.
436 1124 519 1165 Πως
545 1138 605 1160 και
632 1121 699 1159 τίνι
724 1121 861 1193 τρόπω,
887 1119 1060 1164 Αξιόπιστ
1064 1135 1099 1156 ον

75 1179 251 1229 ἡγησαντο
271 1184 358 1219 εἰναι
376 1181 433 1219 τὸν
450 1181 630 1228 Ιωάννην,
645 1196 705 1218 και
719 1179 825 1222 οὕτως
840 1181 951 1226 ἀληθῆ·
964 1208 973 1225 ,
987 1180 1032 1220 ὡς
1050 1176 1098 1227 μὴ

77 1240 178 1289 υόνον
209 1241 336 1295 ἕτεροις
365 1241 652 1294 ”vs-otpwpouvroe,
684 1240 775 1279 ἀλλα
807 1240 866 1278 καὶ
898 1241 992 1276 αὐτι)
1019 1254 1100 1289 περι

76 1303 196 1341 ἑαυτοῦ
221 1303 355 1355 λε’γοντι
384 1308 580 1342 πιστεῦσαι.
607 1301 698 1357 Οὐξὲ
717 1301 786 1353 γὰρ
808 1301 861 1348 ἂν,
885 1302 914 1338 εἷ
942 1299 990 1350 μὴ
1011 1298 1100 1337 οὕτω

77 1362 258 1410 διέκειντο,
279 1365 438 1416 ἔπεμψαν
464 1364 503 1403 ἂν
529 1364 701 1415 εἰσόμενοι
719 1366 802 1415 παρ’
830 1364 934 1401 αὐτοῦ
959 1361 1003 1399 τὰ
1020 1360 1099 1412 περὶ

77 1425 209 1463 ἑαυτου
233 1425 325 1463 Ἴστε
352 1425 419 1478 γὰρ
443 1442 495 1464 οτι
516 1424 631 1475 μόνοις
663 1424 803 1467 ἐκείνοις
835 1423 990 1474 μάλιστα
1020 1421 1100 1474 περὶ

75 1486 204 1522 εαυτῶν
224 1485 361 1534 λέγουσι
392 1501 613 1536 πιστευομεν,
639 1501 696 1528 ους
725 1484 764 1522 ἂν
785 1485 948 1522 ἁπάντων
977 1485 1101 1528 ἄληθε-

74 1544 213 1596 στέρους
233 1550 327 1584 εἶναι
354 1546 562 1598 νομίζωμεν.
584 1546 654 1584 Καὶ
678 1547 715 1584 οὖ
733 1560 832 1583 τουτο
850 1544 952 1596 μόνον
972 1543 1044 1582 ἐστι
1061 1543 1100 1580 τὸ

75 1607 294 1659 ἀποφραττον
322 1611 433 1646 αὐτων
461 1608 506 1646 τὰ
535 1607 714 1658 στόματα,
738 1605 828 1645 ἀλλὰ
855 1606 915 1644 καὶ
935 1610 956 1653 ἡ
974 1620 1097 1657 γνι)μη

73 1669 206 1716 metr-512
222 1667 307 1720 πρὸς
323 1669 424 1707 αὐτὸν
445 1668 656 1722 παρέὸαλον.
682 1667 753 1706 Και
772 1668 840 1721 γὰρ
861 1667 950 1718 μετὰ
967 1668 1098 1714 πολλῆς

71 1727 211 1774 ἐξῆλθον
225 1746 288 1776 της
306 1730 500 1783 προθυμίας
516 1747 600 1783 προς
617 1730 732 1778 αὐτὸν,
751 1732 782 1768 εἰ
801 1729 860 1767 καὶ
879 1728 1018 1780 ὕστερον
1036 1745 1096 1779 με·

71 1789 269 1829 τεὸοίλοντο.
288 1790 395 1845 Ἅπερ
411 1791 592 1844 ἀμφότερα
609 1793 722 1838 δηλῶν
750 1793 768 1829 ὁ
793 1789 943 1842 Χριστὸς
961 1789 1095 1840 ἔλεγεν·

70 1849 224 1895 Ἐκεῖνος
243 1847 284 1900 ἦν
299 1856 316 1891 ὁ
330 1853 453 1906 λύχνος
472 1857 489 1891 ὃ
507 1853 708 1904 καιόμενος·
727 1853 786 1891 καὶ
807 1855 904 1904 ὑμεῖς
923 1852 1097 1899 ἠθελήσα-

70 1927 107 1949 τε
125 1913 210 1966 πρὸς
227 1914 320 1966 ὥραν
337 1916 616 1967 ἀγαλλιασθῆναι
633 1917 666 1953 ἐν
679 1917 729 1966 τῷ
745 1914 835 1966 φωτὶ
851 1915 966 1952 αὐτοῦ.
986 1912 1055 1951 Καὶ
1072 1916 1093 1959 ἡ

71 1974 253 2027 ἀπόκρισις
263 1975 298 2014 δὲ
313 1978 418 2014 αὐτοῦ
433 1976 538 2014 πάλιν
556 1975 835 2027 ἀξιοπιστότερον
855 1974 956 2013 αὐτὸν
973 1973 1093 2012 ἐποίει.

72 2035 117 2074 ‘O
131 2036 198 2089 γὰρ
216 2037 264 2087 μὴ
283 2039 394 2085 ζητῶν
415 2037 478 2085 τὴν
501 2037 600 2081 δόξαν
618 2037 681 2084 τὴν
698 2040 839 2084 ἑαυτοῦ,
857 2036 976 2090 φησὶν,
1002 2038 1094 2082 ἀλη-

71 2097 164 2144 οης’
149 2114 289 2183 εστιν,
273 2115 332 2137 και
350 2098 467 2138 ἀδικία
486 2102 519 2137 ἐν
541 2100 636 2137 αὐτι)
653 2100 714 2137 οὐκ
730 2098 835 2137 ἔστιν.
838 2092 1003 2184 :wit-0<
984 2097 1018 2137 οε
1035 2100 1095 2136 οὐκ

340 2162 347 2174 ‚
372 2163 381 2175 ,
409 2163 417 2175 ‚
442 2160 459 2175 e

71 2221 358 2266 ἀποσταλέντες
339 2221 374 2260 οὲ
383 2253 392 2270 ,
414 2226 482 2260 τῶν
499 2210 707 2266 ἀξιοπίστων
730 2225 814 2274 παρ’
838 2225 953 2267 αὐτοῖς
972 2222 1030 2261 καὶ
1050 2223 1095 2261 τὰ

69 2288 224 2333 πρωτεῖα
243 2283 405 2335 ἐχόντων,
425 2282 515 2322 ὥστε
537 2283 737 2334 μηδαμόθεν
759 2286 872 2327 αὐτοῖς
886 2278 973 2322 εἶναι
986 2300 1095 2332 καταή

70 2343 194 2394 φυγὴν,
216 2344 304 2395 μηδὲ
320 2345 533 2397 παραίτησιν
548 2347 595 2388 εἷς
609 2344 672 2392 τὴν
688 2345 867 2393 ἀπιστίαν,
881 2346 923 2392 ἢν
939 2345 1095 2393 ἠπίστη-

71 2419 134 2441 σαν
148 2408 198 2457 τῷ
226 2407 380 2459 Χριστῷ.
402 2406 506 2450 Τίνος
521 2405 589 2459 γὰρ
605 2406 718 2444 ἕνεκεν
735 2408 796 2444 οὐκ
809 2406 966 2451 ἐδέξασθε
980 2406 1025 2445 τὰ
1045 2409 1094 2445 εἷ-

72 2467 205 2517 ρημένα
223 2468 304 2520 περὶ
320 2470 424 2507 αὐτοῦ
444 2468 542 2521 παρὰ
562 2468 742 2517 Ιωαννου,
766 2467 810 2506 Υ
813 2474 888 2518 μεῖς
915 2469 1094 2508 ἀπεστάλ-

70 2544 154 2566 κατε
178 2545 256 2573 τους
284 2530 328 2568 τὰ
353 2537 508 2582 πρωτεῖα
533 2530 692 2582 ἔχοντας,
711 2533 809 2603 ὑμεῖς
823 2529 1030 2583 ἠρωτήσατε
1047 2531 1090 2568 οι’

71 2592 195 2637 αὐτων,
215 2592 311 2640 υμεῖς
327 2590 498 2636 ἠκουσατε
511 2590 600 2639 ἅπερ
615 2589 826 2640 ἀπεκρίνατο
841 2593 859 2627 ὃ
880 2591 1089 2640 βαπτιστής.

70 2651 195 2688 Πᾶσαν
220 2653 343 2689 ἐκεῖνοι
367 2650 566 2702 περιεργίαν
587 2650 823 2697 ἐπεδείξαντο,
849 2650 965 2688 πάντα
991 2651 1093 2702 ἠρεύ-

69 2727 190 2760 νησαν,
209 2711 268 2750 καὶ
291 2711 346 2755 οὒς
365 2711 585 2749 ὑπωπτεύετε
612 2711 745 2755 πάντας
773 2704 868 2749 εἷπον
884 2727 891 2734 ·
909 2711 968 2748 καὶ
995 2710 1091 2762 ὅμως

68 2773 157 2823 μετὰ
176 2773 375 2827 παρρησίας
392 2774 524 2819 πολλῆς
549 2773 754 2824 ὡμολόγησε
785 2772 833 2824 μὴ
860 2766 947 2811 εἶναι
968 2773 1056 2824 μήτε
1072 2777 1089 2811 ὅ

66 2835 236 2889 Χριστος,
265 2834 354 2886 μήτε
380 2834 523 2882 Ἠλίας,
555 2834 643 2885 μήτε
663 2837 681 2872 ὁ
699 2835 890 2886 προφήτης.
922 2835 992 2873 Και
1012 2834 1086 2873 οὐδε

64 2896 244 2935 ἐνταῦθα”
225 2913 326 2944 εστη,
344 2895 433 2935 α)λα
453 2896 513 2934 καὶ
532 2895 663 2940 ἐδίδαξε
679 2895 730 2940 τίς
749 2896 802 2943 εἴΓ,
817 2927 826 2944 ,
846 2896 906 2934 καὶ
926 2896 1085 2949 οιελέχΟη

63 2974 121 2996 και
150 2959 230 3011 περὶ
258 2961 321 3004 τ’ῆς
348 2974 407 2996 του
429 2957 553 2997 οἰκείου
587 2958 830 3009 βαπτίσματος
857 2958 1010 3010 φύσεως,
1033 2959 1084 2998 ότι

63 3020 185 3072 μικρὸν
207 3019 267 3057 καὶ
293 3019 444 3066 εὐτελὲς,
466 3019 526 3057 καὶ
549 3019 669 3063 ὕδατος
699 3020 801 3058 πλέον
834 3020 914 3072 ἕχον
951 3019 1083 3067 comete,

63 3083 193 3128 δεικνὺς
221 3085 284 3132 τὴν
315 3084 487 3137 ὑπεροχὴν
519 3089 578 3124 τοῦ
601 3085 864 3137 βαπτίσματος,
896 3090 955 3124 τοῦ
987 3085 1083 3138 παρὰ

107 3217 119 3230 ⁶
142 3210 267 3251 [Savil.
288 3218 319 3242 et
335 3209 442 3243 Codd.
462 3212 520 3243 cit.
542 3217 687 3250 θήσοντες.
705 3212 716 3255 ]

105 3272 119 3286 ³
145 3261 260 3294 Morel.
280 3268 387 3301 ἱκανὸς.

108 3314 124 3338 ¹>
148 3321 381 3359 μαρτυροῦντα,
404 3322 492 3347 recte
520 3314 704 3357 suspicatur
732 3313 872 3348 savinus
897 3313 1071 3357 legendum

65 3370 279 3408 μαρτυροῦντι.

1171 1380 1239 1416 que
1256 1366 1362 1416 enim,
1378 1367 1446 1404 nisi
1472 1381 1511 1404 ea
1539 1367 1686 1405 fuissent
1708 1368 1886 1420 opinione,
1905 1368 2084 1407 misissent
2103 1370 2165 1421 qui

1124 1426 1146 1455 B
1170 1425 1424 1478 interrogarent
1445 1427 1551 1464 illum
1570 1427 1615 1465 de
1633 1427 1760 1480 seipso.
1778 1429 1885 1467 Scitis
1905 1429 2000 1466 enim
2015 1444 2079 1467 nos
2093 1430 2165 1468 illis

1169 1494 1308 1524 tantum
1319 1487 1363 1525 de
1373 1487 1496 1539 seipsis
1504 1488 1732 1539 loquentibus
1742 1489 1896 1538 credere,
1904 1504 1993 1540 quos
2004 1491 2166 1529 omnium

1170 1547 1416 1586 veracissimos
1443 1562 1516 1586 esse
1546 1558 1729 1601 putamus.
1750 1552 1872 1601 Neque
1900 1551 1993 1588 illud
2024 1561 2167 1590 tantum

1169 1609 1331 1660 ipsorum
1356 1610 1511 1648 obstruit
1530 1624 1604 1659 ora,
1621 1610 1683 1648 sed
1709 1611 1850 1649 animus
1870 1626 2010 1663 quoque
2031 1627 2101 1663 quo
2116 1614 2165 1650 il-

1168 1670 1245 1708 lum
1268 1670 1384 1709 adorti
1412 1681 1507 1710 sunt.
1529 1672 1621 1711 Cum
1639 1673 1840 1712 vehementi
1866 1688 2018 1726 namque
2047 1675 2166 1713 studio

1168 1734 1288 1786 ipsum
1324 1734 1512 1785 adierunt,
1537 1736 1620 1774 licet
1651 1746 1770 1789 postea
1805 1738 1935 1776 mutati
1969 1738 2050 1776 sint.
2077 1739 2166 1786 Quae

1166 1796 1272 1833 ambo
1291 1796 1498 1848 significans
1527 1797 1692 1836 Christus
1717 1797 1858 1836 dicebat
1878 1814 1885 1834 :
1903 1799 1981 1836 Ille
2006 1809 2087 1837 erat
2107 1801 2164 1838 Ζιι-
2181 1813 2363 1841 Ιοιιιι.5.3ῖ.

1165 1869 1282 1894 cerna
1298 1858 1450 1907 ardens,
1464 1867 1502 1896 et
1520 1872 1595 1897 vos
1613 1859 1794 1897 voluistis
1811 1861 1865 1896 ad
1877 1861 2013 1898 horam
2034 1862 2164 1899 exsul-

1167 1926 1249 1956 tare
1280 1921 1323 1956 in
1350 1921 1434 1972 ejus
1462 1920 1558 1958 luce.
1577 1920 1625 1958 Et
1650 1921 1831 1972 responsio
1853 1922 1929 1973 ejus
1954 1922 2063 1960 fidem
2094 1923 2162 1975 ipsi

1166 1979 1377 2018 conciliabat
1390 1981 1575 2033 maj0rem.
1607 1982 1683 2032 Qui
1702 1984 1804 2020 enim
1828 1996 1906 2020 non
1925 1986 2062 2035 quaerit
2076 1985 2163 2036 glo-
2179 2001 2257 2029 [laid.
2272 2010 2299 2039 7,
2317 2000 2362 2028 13,

1165 2044 1266 2078 riam
1293 2055 1418 2089 suam,
1440 2041 1572 2092 inquit,
1592 2056 1716 2080 verax
1747 2052 1816 2092 est,
1832 2053 1869 2081 et
1895 2046 2091 2095 injustitia
2122 2049 2163 2083 in

1167 2102 1241 2141 illo
1259 2116 1338 2140 non
1355 2112 1426 2141 est.
1447 2103 1515 2154 Hic
1527 2118 1610 2143 vero
1632 2118 1702 2141 non
1717 2105 1896 2156 quaesivit,
1907 2105 1967 2143 sed
1989 2105 2034 2143 ad
2049 2107 2164 2144 alium

1166 2164 1261 2215 ipsos
1281 2164 1392 2202 misit.
1413 2165 1461 2202 Et
1489 2165 1551 2216 qui
1574 2165 1673 2204 missi
1697 2166 1836 2204 fuerant
1855 2181 1900 2204 ex
1919 2166 1990 2204 fide
2022 2167 2163 2220 dignio-

1164 2224 1265 2262 ribus
1278 2225 1374 2277 apud
1390 2225 1486 2278 ipsos
1497 2236 1530 2264 et
1545 2240 1590 2264 ex
1603 2226 1785 2278 primariis
1803 2227 1890 2266 viris
1904 2238 2015 2277 erant,
2027 2238 2067 2266 ut
2083 2229 2160 2266 nul-

1164 2286 1198 2323 la
1217 2285 1305 2338 ipsis
1326 2297 1523 2338 superesset
1547 2288 1729 2326 excusatio
1748 2297 1810 2326 aut
1829 2289 1934 2327 venia
1950 2290 2046 2339 quod
2058 2290 2160 2327 Chri-

1165 2356 1219 2385 sto
1246 2362 1316 2386 non
1336 2347 1566 2387 crediderint.
1587 2350 1660 2387 Cur
1682 2350 1776 2387 enim
1798 2364 1867 2387 non
1889 2350 2160 2402 obtemperastis

1165 2407 1209 2445 iis
1223 2422 1303 2459 quae
1325 2410 1478 2448 Joannes
1493 2409 1538 2447 de
1556 2410 1619 2447 illo
1638 2410 1780 2448 dicebat
1795 2410 1812 2447 ἱ)
1830 2411 1904 2448 Vos
1926 2410 2073 2448 misistis
2085 2412 2158 2463 pri-

1166 2483 1278 2507 mores
1289 2479 1438 2517 vestros,
1448 2484 1511 2509 vos
1524 2471 1684 2522 ipsorum
1700 2485 1805 2522 opera
1817 2470 2062 2522 interrogastis
2074 2472 2082 2512 l
2096 2487 2159 2512 vos

1164 2530 1315 2568 audistis
1344 2530 1432 2580 quid
1471 2530 1631 2581 Baptista
1671 2529 1904 2582 responderit.
1943 2532 2058 2570 Omne
2085 2542 2158 2571 stu-

1162 2591 1280 2639 dium,
1294 2604 1435 2628 omnem
1450 2590 1675 2642 diligentiam
1693 2591 1747 2628 illi
1767 2591 2025 2644 adhibuerunt,
2040 2595 2157 2633 omnia

1164 2653 1310 2691 scrutati
1338 2661 1431 2701 sunt,
1451 2666 1642 2703 omnesque
1668 2654 1896 2705 protulerunt
1921 2670 2009 2706 quos
2039 2658 2158 2709 suspi—

1163 2714 1341 2752 eabamini
1360 2730 1367 2750 ε
1387 2723 1548 2751 ettamen
1567 2713 1628 2751 ille
1643 2728 1724 2752 cum
1744 2715 1906 2753 libertate
1927 2731 2055 2769 magna
2076 2732 2157 2756 con-

1162 2776 1272 2812 fessus
1299 2784 1363 2824 est,
1380 2789 1416 2812 se
1439 2788 1501 2812 nec
1523 2774 1721 2826 Christum,
1743 2790 1806 2814 nee
1834 2776 1968 2828 Etiam,
1989 2793 2052 2817 nee
2072 2794 2156 2831 pro-

1161 2837 1303 2889 phetam
1317 2837 1421 2874 illum
1440 2851 1526 2875 esse.
1547 2837 1669 2888 Neque
1684 2838 1752 2877 hoc
1771 2848 1966 2889 contentus,
1987 2841 2067 2891 quis
2082 2842 2157 2893 ipse

1161 2909 1249 2938 esset
1270 2899 1403 2948 docuit,
1424 2908 1457 2936 et
1487 2899 1531 2937 de
1551 2899 1778 2952 baptismatis
1811 2901 1866 2939 sui
1896 2912 2022 2940 natura
2043 2903 2154 2941 disse-

1160 2961 1247 3011 ruit,
1262 2960 1358 3012 quod
1378 2975 1503 3013 nempe
1520 2961 1693 3013 exiguum
1713 2971 1747 3000 et
1768 2962 1839 3001 vile
1858 2973 1957 3012 esset,
1977 2974 2010 3002 et
2029 2974 2155 3016 praeter

1160 3037 1290 3073 aquam
1319 3021 1410 3060 nihil
1435 3022 1593 3075 amplius
1614 3023 1771 3073 haberet,
1789 3024 1975 3062 ostendens
2002 3026 2152 3077 praecel—

1159 3084 1304 3123 lentiam
1328 3084 1555 3137 baptismatis
1584 3100 1604 3123 a
1618 3085 1759 3124 Christo
1773 3085 1862 3124 dati.
1887 3087 2040 3125 Protulit
2058 3101 2153 3137 quo-

1115 2776 1139 2806 D

1183 3222 1196 3236 c
1219 3210 1319 3244 Savil.
1333 3212 1380 3253 [et
1395 3211 1504 3245 Codd.
1524 3212 1598 3254 cit.]
1615 3216 1706 3246 οὐδέν’
1728 3215 1790 3247 εἶπε
1815 3219 1868 3251 τὴν
1885 3216 1978 3247 {nt-m
1996 3222 2152 3259 παρήγαγε

1140 3269 1198 3297 καί.
1215 3263 1321 3305 [Infra
1339 3262 1438 3295 iidem
1452 3262 1560 3295 Codd.
1584 3269 1630 3298 καὶ
1649 3268 1745 3310 κύριον
1761 3269 1849 3300 αὑτὸν
1867 3269 2023 3299 καλοῦντα.
2041 3266 2097 3298 Sat
2109 3266 2128 3297 il

1140 3322 1189 3350 τὸν
1206 3322 1261 3359 μέν
1278 3331 1305 3349 7.
1323 3331 1350 3349 κ.
1369 3316 1436 3348 sine
1454 3316 1533 3356 mi]
