2481 3678
48 3081 137 3106 srvilll.
162 3089 205 3106 Iti,

57 3120 61 3128 ι

268 222 355 250 212
724 219 761 250 S.
790 220 969 251 JOANMS
1001 219 1240 250 CHRYSOST.

264 300 438 353 Spiritum
465 309 566 339 vocat
594 313 746 351 aquam:
781 302 856 351 Qui
884 302 1019 338 biberit
1046 314 1093 337 ex
1122 314 1241 353 aqua,

1282 221 1303 249 Α
1312 220 1465 250 RClllEP
1474 240 1482 250 .
1522 221 1867 253 CONSTANTINOP-

1317 300 1385 344 ιῸς
1403 301 1469 352 γὰρ
1490 301 1528 339 ἃν
1546 302 1607 354 πίῃ
1626 303 1695 341 ἀπὸ
1714 306 1773 342 τοῦ
1790 303 1913 347 ὕδατος
1942 298 1979 341 οῗ
2011 304 2080 355 ἐγὼ
2096 304 2197 344 δώσω
2217 307 2309 358 αὐτῷ
2323 335 2336 353 ,

265 376 381 413 (suam
402 376 469 414 ego
491 364 592 400 dabo
611 364 659 409 ei,
685 376 761 399 non
785 364 885 400 sitiet
906 364 946 398 ιή
966 369 1149 398 aeternum
1159 377 1176 407 ;
1196 361 1246 400 sic
1258 391 1306 416 18³
1318 361 1355 398 οὖ
1375 361 1423 411 μὴ
1442 361 1582 413 διψήσει
1598 364 1646 405 εἰς
1663 362 1722 400 τὸν
1740 366 1859 403 αἰῶνα.
1877 363 1982 402 Οὕτω
1993 365 2028 402 δὲ
2042 364 2081 401 τὸ
2101 367 2246 408 Πνεῦμα
2265 382 2329 403 κα-

264 423 439 474 Spiritum
456 432 560 461 vocat
591 422 722 473 iguem,
744 431 783 459 ut
802 421 878 460 vim
906 421 1149 472 fervoremque
1167 435 1246 473 gra·
1272 428 1294 457 Α
1317 423 1389 469 λεῖ,
1411 421 1466 459 διὰ
1489 422 1550 473 μὲν
1577 425 1638 468 τ’ῆς
1667 426 1727 461 τοῦ
1748 424 1856 476 πυρὸς
1877 424 2130 477 προσηγορίας,
2156 426 2195 463 τὸ
2214 427 2331 475 διεγη-

265 493 345 532 tiae,
370 494 403 522 et
421 493 643 535 peecatorum
662 483 854 535 perniciem
874 482 1070 533 significet3
1091 497 1220 534 aquam
1235 513 1246 533 ,

264 554 303 582 ut
331 544 613 596 purificationem
634 543 926 594 refrigeriumque
948 557 1011 594 per
1037 543 1136 582 illam
1150 544 1247 582 exci-

263 605 442 656 pientibus
466 603 593 641 animis
608 613 751 655 partum
775 603 916 641 indicet.
934 604 980 641 Et
993 605 1074 656 jure
1087 604 1243 654 quidem.

263 667 353 703 Nam
371 675 551 716 tamquam
569 665 712 702 hortum
725 695 735 713 ,
752 665 943 703 fructiferis
960 680 1165 718 semperque
1191 666 1245 705 vi-

263 727 420 765 rentibus
438 727 625 765 arboribus
644 735 839 765 comantem
851 757 862 776 ,
883 726 932 764 sic
950 727 1145 765 studiosam
1163 727 1244 765 ani-

264 804 357 827 mam
378 799 537 838 exornat,
557 803 668 840 neque
687 789 858 839 moeroris,
880 803 993 840 neque
1011 789 1245 827 satanicarum

262 850 473 888 insidiarum
490 864 631 888 sensum
650 863 773 903 capere
791 850 889 900 sinit,
910 850 1042 902 quippe
1058 865 1134 901 quae
1154 850 1246 901 igni-

263 921 296 948 ta
323 911 471 962 maligni
496 912 565 948 tela
587 911 690 949 facile
720 911 933 962 exstinguat.
955 912 1014 948 Tu
1043 925 1126 950 vero
1156 911 1245 948 mihi

264 972 396 1010 (Ilii-isti
413 972 620 1024 sapientiam
640 971 836 1010 consideres
855 972 975 1021 velim,
995 986 1103 1022 quam
1122 972 1247 1009 leniter

264 1033 509 1071 mulierculam
527 1034 648 1084 erigat.
669 1034 790 1083 Neque
807 1033 901 1071 enim
921 1048 940 1070 a
959 1033 1135 1085 principio
1151 1033 1246 1071 dixit

264 1095 329 1142 illi,
349 1096 388 1133 Si
415 1098 530 1133 scires
550 1098 635 1146 quis
652 1103 707 1132 est
733 1097 799 1146 qui
827 1096 920 1132 dicit
949 1097 1031 1139 tihi,
1056 1096 1120 1131 Da
1149 1096 1242 1131 mihi

263 1159 388 1194 bibere
404 1172 414 1191 :
436 1157 497 1194 sed
511 1165 697 1208 postquam
725 1155 942 1192 occasionem
962 1154 1015 1191 illi
1032 1154 1243 1205 praebuerat,

261 1226 300 1254 ut
315 1231 351 1254 se
363 1216 528 1255 Judaeum
547 1225 688 1255 vocaret
706 1224 739 1253 et
756 1222 945 1262 accusaret,
963 1213 1244 1250 criminationem

259 1277 436 1329 depellens
453 1277 521 1315 hoc
541 1276 641 1314 dicit.
667 1277 758 1313 Cum
785 1288 868 1313 vero
888 1274 1051 1323 dixisset,
1072 1274 1112 1312 Si
1127 1277 1242 1312 scires

259 1341 343 1390 quis
368 1347 422 1376 est
443 1340 509 1390 qui
534 1339 627 1375 dicit
656 1339 738 1383 tibi,
761 1337 827 1373 Da
853 1336 948 1372 mihi
971 1336 1242 1387 biberehforsi-

259 1410 328 1438 tan
354 1403 525 1451 petiisses
557 1401 605 1436 ab
634 1412 690 1444 eo,
719 1406 752 1435 et
780 1396 919 1447 magnis
947 1395 1242 1448 promissionibus

258 1476 297 1499 eo
318 1460 516 1499 induxisset
542 1459 640 1496 illam
660 1467 698 1496 ut
724 1457 934 1510 patriarchae
954 1455 1165 1494 mentionem
1192 1457 1242 1494 fa-

257 1532 360 1568 ceret,
391 1522 442 1559 sie
462 1520 603 1559 mulieri
630 1519 750 1558 oculos
778 1518 906 1556 mentis
926 1516 1077 1569 aperuit.
1105 1516 1242 1554 Deinde

256 1583 317 1620 illa
334 1591 532 1634 reponente,
550 1580 750 1632 Numquid
777 1587 817 1616 tu
840 1580 965 1631 major
983 1591 1021 1615 es
1043 1586 1154 1628 patre
1174 1591 1240 1614 no-

257 1653 335 1681 stro
353 1644 502 1680 Jacob?
522 1656 590 1679 non
616 1640 724 1690 dixit,
747 1639 881 1689 Etiam,
904 1638 1016 1689 major
1035 1652 1113 1676 sum
1131 1653 1138 1674 :
1159 1652 1240 1675 nam

256 1704 354 1741 visus
385 1703 505 1739 fuisset
542 1701 579 1739 id
605 1715 640 1739 se
675 1699 839 1752 jactando
869 1698 996 1748 dicere,
1026 1712 1108 1735 cum
1142 1697 1240 1736 nulla

255 1765 374 1802 adhuc
390 1772 477 1801 esset
502 1762 550 1800 rei
570 1760 821 1800 demonstratio
843 1775 850 1795 :
872 1773 934 1811 per
962 1772 1000 1796 ea
1024 1767 1142 1796 autem
1161 1773 1239 1809 quae

255 1825 354 1873 dicit,
382 1824 428 1862 ad
460 1823 553 1860 illud
583 1830 769 1874 praeparat.
801 1821 880 1857 Non
910 1819 1002 1857 enim
1032 1818 1240 1870 simpliciter

256 1887 356 1935 dicit,
379 1887 480 1924 Dabo
509 1884 574 1922 tibi
595 1897 721 1934 aquam
738 1898 749 1931 3
769 1881 831 1919 sed
856 1889 1044 1932 postquam
1066 1880 1110 1917 de
1128 1880 1240 1919 Jacob

256 1947 381 1997 tacuit,
413 1946 508 1997 quod
533 1958 637 1983 suum
671 1951 743 1980 erat
777 1941 919 1990 extulit,
950 1954 970 1977 a
1000 1949 1126 1978 natura
1154 1939 1239 1978 doni

256 2022 486 2060 personarum
504 2004 741 2044 differentiam
759 2017 821 2054 per
842 2015 1031 2039 muncrum
1049 2000 1240 2039 discrimen

255 2069 448 2117 declarans,
465 2080 596 2105 necnon
613 2079 713 2104 suam
732 2077 838 2115 supra
862 2061 1101 2114 patriarcham
1126 2062 1241 2099 excel-

254 2130 410 2167 lentiam.
432 2128 470 2167 Si
491 2126 644 2174 miraris,
665 2124 790 2175 inquit,
811 2121 907 2173 quod
928 2121 987 2158 illc
1007 2122 1097 2158 hane
1112 2136 1239 2172 aquam

255 2189 404 2238 dederit,
431 2189 459 2225 si
484 2189 588 2238 longe
616 2185 798 2223 meliorem
816 2182 882 2220 tibi
910 2181 1052 2231 dedero,
1074 2181 1161 2232 quid
1184 2182 1240 2220 di-

257 2264 311 2289 ees
325 2252 342 2287 ἶ)
367 2253 447 2289 Jam
462 2248 560 2300 prius
589 2260 676 2298 pene
694 2244 849 2282 confessa
876 2256 911 2280 es
929 2256 985 2280 me
1003 2242 1136 2280 Jacobo
1163 2257 1238 2282 ma-

251 2313 365 2362 jotem
381 2323 466 2359 esse,
489 2322 572 2346 cum
595 2303 806 2345 sciscitando
828 2302 954 2340 dixisti
957 2304 1181 2353 ,Numquid
1196 2312 1237 2341 tu

255 2375 380 2425 majot
393 2385 430 2408 es
443 2378 554 2421 patre
576 2375 704 2405 nostro
723 2366 861 2410 Jacob,
881 2362 942 2414 qui
956 2332 1139 2401 ineliOicm
1155 2378 1236 2415 pio-

255 2435 372 2471 mittas
388 2430 542 2483 aquam?
556 2429 586 2468 si
612 2428 712 2466 illam
730 2424 905 2476 acceperis
920 2437 1060 2474 aquam,
1076 2432 1160 2461 tunc
1179 2439 1236 2464 me

256 2496 301 2546 pl
304 2509 357 2532 ine
387 2494 556 2545 majo1em
585 2486 819 2528 confitebeiis.
845 2484 1153 2524 Viden’mulie1is
1176 2487 1235 2538 ju-

1238 1097 1244 1103 ”
1269 1099 1291 1128 B

1316 482 1481 533 γερμένον
1510 483 1568 520 καὶ
1588 483 1712 534 θερμὸν
1732 487 1794 530 τῆς
1822 485 1984 536 χάριτος,
2016 485 2075 523 καὶ
2102 485 2337 533 δαπανητικὸν

1316 543 1580 595 ἁμαρτημάτων
1602 544 1855 595 αἰνιττόμενος·
1876 547 1932 583 διὰ
1958 545 1994 583 δὲ
2024 549 2083 592 τῆς
2101 551 2161 584 τοῦ
2192 546 2335 593 ὕδατος,

1316 605 1372 641 τόν
1393 620 1430 641 τε
1448 604 1626 656 καθαρμὸν
1642 605 1699 642 τὸν
1720 605 1754 649 ἐξ
1775 607 1896 652 αὐτοῦ,
1915 606 1974 644 καὶ
1989 607 2053 653 τὴν
2069 608 2203 653 πολλὴν
2222 622 2336 658 παρα-

1316 664 1431 716 ψυχὴν
1462 671 1535 708 ταῖς
1558 666 1830 718 ὑποδεχομέναις
1849 667 1933 705 αὐτὸ
1957 667 2154 711 διανοίαις*
2168 670 2333 720 ἐμφῆναι

1316 726 1484 769 Εἰκότως.
1503 726 1642 779 Ὠσπερ
1661 728 1728 779 γάρ
1744 743 1820 765 τινα
1839 728 2049 780 παράδεισον
2067 728 2243 771 παντοίοις
2259 728 2334 766 δέν-

1317 787 1408 837 δροις
1430 803 1594 838 κομωντα
1625 788 1856 841 καρποφόροις
1874 805 1909 826 τε
1930 805 1989 826 και
2009 789 2218 835 ἀειθαλέσιν,
2245 788 2339 827 οὕτω

1316 847 1379 894 τὴν
1407 850 1582 900 πρόθυμον
1612 850 1863 893 κατασκευάζει
1900 849 2028 902 ψυχὴν,
2060 849 2138 888 οὔτε
2168 850 2337 900 ἀθυμίας,

1316 910 1392 948 οὔτε
1407 913 1593 956 σατανικῆς
1611 915 1841 962 συγχωροῦσα
1860 910 2046 956 &affimat-712
2064 910 2254 957 αἰσθέσθαι,
2268 911 2329 949 ἅτε

1318 971 1465 1058 ῥαδίωςῩ
1461 971 1631 1009 σὸεννυσα
1659 975 1718 1008 τοῦ
1734 986 1885 1023 πονηρου
1905 971 2019 1009 πάντα
2038 970 2082 1008 τὰ
2101 972 2335 1023 πεπυρωμένα

1317 1034 1355 1081 βε
1343 1032 1415 1077 έλη.
1436 1032 1486 1070 Σὺ
1501 1032 1536 1069 δέ
1552 1047 1610 1081 μοι
1630 1032 1753 1070 σκόπει
1771 1036 1830 1069 του
1854 1033 2007 1082 Χριστου
2027 1031 2090 1078 τὴν
2109 1032 2244 1084 σοφίαν,
2262 1049 2338 1077 πως

1315 1093 1456 1142 ἠρέμα·
1450 1093 1595 1143 Ίοίνάγει
1614 1093 1653 1131 τὸ
1670 1092 1895 1142 γύναιον.οὖ
1918 1093 1984 1165 γὰρ
2003 1094 2041 1131 ἐκ
2065 1092 2207 1144 πρώτης
2228 1098 2337 1139 εἶπεν,

1316 1153 1359 1189 li’
1351 1170 1360 1188 ι
1379 1152 1472 1202 ᾔδεις
1500 1152 1552 1195 τίς
1579 1157 1620 1199 ἠν
1637 1156 1654 1190 ὁ
1669 1153 1779 1203 λέγων
1799 1167 1872 1199 σοι,
1893 1153 1948 1196 δός
1971 1169 2030 1203 μοι
2049 1159 2161 1191 πιεῖν·
2181 1155 2257 1191 ἀλλ’
2279 1154 2336 1193 ὅτε

1316 1213 1402 1262 αὐτῇ
1423 1212 1583 1264 ἀφορμὴν
1600 1213 1774 1264 παρέσχεν
1788 1213 1954 1251 Ἰουδαῖον
1971 1213 2072 1251 αὐτὸν
2088 1214 2254 1263 καλέσαι,
2278 1215 2336 1253 καὶ

1316 1274 1382 1311 ὑπὸ
1396 1273 1556 1324 ἔγκλημα
1575 1273 1717 1324 ἤγαγεν,
1734 1273 2011 1325 ἀποκρουόμενος
2028 1273 2093 1321 τὴν
2110 1276 2336 1327 κατηγορίαν,

1314 1333 1392 1371 τότε
1413 1338 1514 1372 τοῦτο
1536 1334 1642 1385 λέγει.
1673 1334 1795 1372 Εἰπὼν
1812 1333 1847 1372 δὲ
1859 1365 1868 1382 ,
1889 1336 1932 1372 Εἰ
1950 1335 2044 1387 ᾔδεις
2061 1335 2112 1378 τίς
2130 1330 2172 1382 ἦν
2189 1339 2206 1374 ὁ
2225 1335 2336 1387 λέγων

1316 1411 1389 1441 σοι,
1420 1395 1474 1438 δός
1502 1411 1559 1445 μοι
1587 1401 1693 1440 πιεῖν,
1721 1394 1762 1434 σὺ
1791 1395 1831 1433 ἂν
1855 1395 1988 1447 ᾔτησας
2006 1396 2106 1434 αὐτόν
2123 1412 2130 1420 ·
2152 1396 2210 1435 καὶ
2230 1398 2335 1448 οἰναγ-

1313 1455 1422 1499 κοίσας
1448 1459 1497 1508 τῷ
1524 1456 1659 1507 μεγάλα
1676 1456 1949 1507 ἐπαγγείλασθαι
1970 1460 2165 1508 μνησθῆναι
2183 1461 2244 1496 τοῦ
2260 1474 2331 1495 πα-

1311 1517 1499 1569 τριάρχου,
1530 1517 1620 1555 οὕτω
1644 1516 1764 1554 δίδωσι
1795 1517 1981 1570 διαὸλέψαι
2011 1521 2054 1569 τῇ
2074 1518 2222 1568 γυναικί.
2244 1513 2333 1556 Εἶτα

1312 1577 1621 1629 ἀντεπαγαγούσης
1635 1577 1785 1624 ἐκείνης,
1803 1578 1864 1625 Μὴ
1881 1578 1922 1616 σὺ
1940 1579 2065 1629 μείζων
2080 1573 2112 1616 εἶ
2124 1583 2184 1616 τοῦ
2202 1581 2333 1632 πατρὸς

1310 1640 1410 1688 ἡμῶν
1427 1638 1575 1686 Ἰακώὸς
1599 1641 1660 1677 οὐκ
1678 1632 1783 1685 εἶπεν,
1803 1638 1878 1686 ναὶ,
1899 1639 2023 1689 μείζων
2045 1639 2118 1690 εἶμί
2132 1656 2139 1663 ·
2157 1640 2249 1684 ἔδοξε
2266 1641 2333 1692 γὰρ

1311 1699 1350 1736 ἂν
1378 1699 1570 1750 κομπάζειν
1598 1699 1713 1749 μόνον,
1738 1703 1799 1746 ’.ἧς
1820 1699 2025 1743 ἀποδείξεως
2045 1700 2190 1750 μηδέπω
2210 1716 2331 1752 φαινο-

1310 1759 1416 1810 μένης
1433 1776 1440 1783 ·
1461 1761 1505 1797 δι’
1522 1754 1569 1797 ὧν
1590 1759 1625 1798 δὲ
1643 1759 1757 1810 λέγει,
1775 1763 1876 1798 τοῦτο
1896 1760 2158 1804 κατασκευάζει.
2180 1761 2248 1798 Καὶ
2264 1761 2332 1814 γὰρ

1309 1822 1374 1872 οὐχ
1402 1821 1522 1863 ἁπλῶς
1549 1814 1658 1868 εἶπεν,
1688 1820 1788 1859 δώσω
1817 1836 1871 1859 σοι
1901 1820 1992 1872 ὕδωρ
2007 1836 2015 1844 ·
2047 1821 2137 1859 ἀλλὰ
2163 1821 2330 1874 πρότερον

1308 1881 1437 1919 ἀνελὼν
1463 1882 1501 1919 τὸ
1525 1886 1585 1919 τοῦ
1604 1882 1756 1930 Ἰακὼὸ,
1776 1883 1853 1919 τότε
1879 1881 2015 1934 ἐπαίρει
2034 1882 2073 1920 τὸ
2093 1885 2214 1920 ἑαυτοῦ
2230 1912 2239 1930 ,
2261 1883 2331 1921 ἀπὸ

1308 1944 1370 1988 τῆς
1387 1944 1455 1979 τῶν
1477 1941 1665 1993 διδομένων
1680 1942 1831 1994 φύσεως,
1851 1943 1891 1981 τὸ
1911 1942 2015 1992 μέσον
2031 1945 2099 1980 τῶν
2118 1943 2330 1995 προσώπων,

1308 2004 1386 2042 ὅσον
1407 2003 1465 2041 καὶ
1482 2003 1520 2041 τὸ
1539 2003 1700 2055 διάφορον
1717 2003 1811 2041 13τῶν
1829 2003 1989 2041 διδόντων
2008 2008 2233 2055 παραστῆσαι
2251 2008 2330 2056 βου-

1306 2065 1450 2115 λόμενος
1461 2095 1470 2111 ,
1493 2064 1551 2102 καὶ
1572 2063 1635 2111 τὴν
1652 2063 1828 2116 ὑπεροχὴν
1843 2063 1905 2110 τὴν
1922 2064 2006 2116 πρὸς
2022 2064 2079 2102 τὸν
2093 2065 2330 2118 πατριάρχην.

1308 2127 1353 2164 Εἰ
1371 2126 1437 2177 γὰρ
1457 2124 1659 2174 Οαυμοίζεις,
1680 2124 1787 2175 φησὶ,
1800 2125 1858 2162 τὸν
1876 2124 2027 2171 Ἰακὼὸ,
2043 2124 2207 2163 ὅτιτοῦτο
2221 2126 2328 2165 ἔδωκε

1307 2186 1347 2224 τὸ
1367 2186 1456 2237 ὕδωρ
1470 2214 1479 2230 ,
1500 2186 1538 2222 ἂν
1563 2184 1651 2223 πολὺ
1682 2185 1803 2224 τούτου
1835 2185 1969 2236 βέλτιον
1998 2187 2045 2223 δῶ
2068 2202 2144 2232 σοι,
2165 2186 2198 2224 τί
2219 2189 2329 2239 ε’ρεῖς;

1306 2247 1540 2298 Προλαὸοῦσα
1554 2246 1692 2296 μείζονα
1706 2245 1934 2296 ὡμολόγησας
1951 2240 2037 2284 εἶναί
2057 2262 2098 2296 με
2114 2250 2173 2284 τοῦ
2187 2247 2328 2294 ’Iamba

1305 2310 1355 2358 τῷ
1375 2309 1637 2357 ἀνθυπενεγκεῖν
1669 2306 1728 2344 καὶ
1748 2308 1869 2352 εἰπεῖν,
1895 2305 1955 2352 Μὴ
1978 2306 2101 2356 μείζων
2132 2301 2164 2345 εἰ
2195 2306 2235 2345 σὺ
2267 2312 2327 2346 τοῦ

1305 2367 1435 2407 ’lambe'
1446 2396 1455 2413 ,
1477 2368 1529 2405 ὅτι
1548 2366 1747 2418 ἐπαγγέλλῃ
1775 2366 1908 2417 βέλτιον
1937 2367 2028 2418 ὕδωρ
2046 2367 2197 2414 διδόναι;
2215 2367 2253 2404 ἂν
2267 2369 2326 2406 λοί-

1305 2428 1368 2480 6ης
1391 2430 1500 2466 ἐκεῖνο
1518 2427 1557 2465 τὸ
1576 2426 1666 2479 ὕδωρ
1680 2457 1689 2475 ,
1708 2426 1848 2469 πάντως
1865 2426 2093 2477 ὁμολογήσεις
2113 2427 2251 2477 μείζονα
2272 2423 2324 2466 εἶ-

1304 2488 1360 2526 ναί
1383 2504 1438 2539 με.
1457 2488 1565 2540 Ὁρᾷς
1584 2487 1696 2539 κρίσιν
1723 2485 1913 2525 ἀδέκαστον
1939 2489 2002 2531 τῆς
2027 2488 2209 2538 γυναικὸς,
2230 2490 2325 2527 (ἀπὸ

254 2554 388 2591 dicium
418 2553 491 2591 sine
520 2551 593 2588 ulla
620 2548 832 2600 acceptione,
853 2559 930 2596 quae
951 2559 995 2582 cx
1026 2545 1160 2583 rebus
1151 2546 1236 2597 ipsis
1259 2559 1284 2588 D
1306 2565 1374 2587 των
1394 2549 1610 2601 πραγμάτων
1631 2546 1868 2600 ψηφιζομένης
1886 2562 1944 2584 κοιι
1970 2550 2019 2584 τῦ
2046 2549 2246 2601 πατριάρχῃ
2267 2550 2325 2587 καὶ

255 2625 287 2653 et
306 2615 350 2651 de
377 2629 409 2665 p
404 2612 577 2651 itiunehi
610 2620 643 2649 et
666 2610 711 2647 de
740 2608 881 2646 Christo
905 2607 972 2644 seit
997 2606 1235 2645 sententiam?

255 2678 390 2714 Verum
411 2689 478 2712 non
500 2673 547 2710 ita
566 2671 683 2711 ¹lud-„ui
701 2687 708 2706 ε
729 2684 810 2708 cuni
832 2668 993 2707 viderent
1018 2667 1112 2706 enim
1132 2668 1240 2707 illum.

253 2736 427 2774 ‹hmnonia
455 2734 672 2785 ejicientem,
702 2730 961 2768 daemoniacum
986 2729 1104 2780 ipsum
1130 2743 1235 2768 voea-

255 2801 351 2839 baut,
370 2795 500 2833 nedum
520 2792 719 2845 patriarcha
738 2792 904 2842 majorem
919 2789 1085 2826 dicerent.
1103 2789 1236 2829 Mulier

255 2876 267 2895 x
281 2875 338 2897 ero
355 2871 422 2895 non
444 2856 505 2903 sie,
521 2854 579 2891 sed
602 2853 681 2889 inde
702 2853 767 2889 sert
783 2850 1002 2899 sententiam,
1019 2849 1112 2887 unde
1128 2850 1233 2888 Chri-

252 2929 326 2958 stus
345 2917 484 2957 volebat
500 2931 511 2965 3
540 2928 583 2951 ex
613 2914 689 2964 ipsa
712 2926 833 2962 nempe
852 2925 998 2962 operum
1015 2910 1233 2948 demonstra-

254 2981 458 3018 tionrnb'am
473 2986 506 3015 ct
532 2976 606 3027 ipse
624 2988 762 3024 quoque
784 2971 940 3009 indescrt
962 2972 1154 3023 judicium,
1176 2971 1232 3010 di-

252 3055 331 3079 ceus
363 3039 430 3077 :Si
460 3050 536 3075 non
552 3036 667 3087 facio
697 3046 810 3083 opera
839 3033 970 3068 Patris
1004 3034 1090 3078 mei,
1115 3032 1233 3069 nolite

254 3110 348 3145 mihi
377 3105 552 3144 credere:
573 3104 605 3139 si
632 3099 899 3150 autemsacio,
932 3100 1001 3134 etsi
1035 3099 1130 3135 mihi
1157 3112 1233 3135 non

291 3276 359 3315 ’‘[2
350 3267 607 3317 ἔργαὶψηὸἰιίἰ.
627 3263 779 3298 ctCodd.
800 3263 932 3303 nostii.]

288 3324 419 3357 ίι5ηἰΙ.
441 3328 544 3363 {mist-,z
564 3320 683 3362 [Supra
712 3315 799 3349 idem
828 3321 859 3345 et
882 3311 990 3345 codd.
1007 3312 1064 3344 cit.
1087 3317 1247 3349 ᾍὶσθέσθχ

246 3382 352 3409 ’.ἡλιὰς
378 3390 452 3408 :mm
456 3391 462 3408 ι
487 3375 491 3414 Ι

1305 2613 1354 2648 τῶ
1375 2612 1536 2662 Χριστός)
1555 2609 1644 2649 Ἀλλ’
1661 2611 1723 2646 οὐκ
1740 2607 1902 2646 Ιουδαῖοι
1919 2606 2048 2651 οὕτως·
2068 2609 2158 2646 ἀλλὰ
2172 2610 2323 2648 καὶδαί-

1307 2687 1412 2722 μονας
1439 2673 1584 2722 ὁρῶντες
1604 2669 1818 2710 ἐκὸοίλλοντα
1839 2668 1955 2713 αὐτὸν,
1977 2671 2014 2706 οὐ
2037 2669 2139 2711 μόνον
2164 2673 2224 2707 τοῦ
2253 2687 2324 2708 πα-

1305 2731 1472 2783 τριάρχου
1491 2732 1553 2768 οὐκ
1583 2729 1700 2780 ἔλεγον
1725 2729 1882 2779 μείζονα,
1907 2728 1995 2766 ἀλλὰ
2016 2729 2074 2767 καὶ
2106 2731 2324 2780 δαιμονῶντα

1307 2793 1463 2831 ἐκάλουν.
1483 2791 1527 2829 ‘ll
1550 2790 1584 2829 δὲ
1610 2790 1695 2841 γυνὴ
1716 2791 1782 2840 οὐχ
1810 2789 1934 2834 οὕτως,
1956 2791 2032 2827 ἀλλ’
2055 2792 2206 2828 ἐντεῦθεν
2227 2791 2324 2842 φέρει

1304 2853 1367 2900 τὴν
1387 2855 1512 2904 ψῆφον,
1534 2854 1608 2890 ὅθεν
1632 2854 1649 2888 ὁ
1677 2850 1826 2901 Χριστὸς
1858 2849 2041 2900 βούλεται,
2072 2851 2140 2889 ἀπὸ
2164 2853 2226 2894 τῆς
2254 2855 2322 2890 τῶν

1305 2915 1414 2966 ἔργων
1433 2912 1650 2956 ἀποδείξεως.
1680 2910 1747 2949 Καὶ
1763 2910 1830 2961 γὰρ
1850 2911 1908 2948 καὶ
1925 2910 2026 2953 αὐτὸς
2052 2914 2203 2949 ἐντεῦθεν
2225 2913 2322 2953 &xoi-

1305 2978 1414 3022 ζεται,
1429 2973 1518 3010 οὕτω
1536 2971 1645 3023 λέγων
1662 2987 1669 2994 ·
1704 2972 1744 3008 Εἰ
1764 2970 1812 3020 μὴ
1832 2972 1921 3008 ποιῶ
1940 2970 1983 3008 τὰ
1999 2971 2082 3022 ἔργα
2104 2976 2163 3009 τοῦ
2184 2973 2326 3024 Πατρός

1307 3051 1393 3086 μου,
1427 3032 1474 3084 μὴ
1500 3030 1711 3071 πιστεύσατέ
1731 3046 1812 3081 μοι·
1835 3033 1864 3068 εἰ
1884 3031 1919 3068 δὲ
1947 3034 2057 3078 ποιῶ,
2089 3032 2150 3069 κᾶν
2178 3033 2254 3083 ἐμοὶ
2271 3033 2322 3083 μὴ

1303 3095 1489 3140 πιστεύητε
1502 3123 1514 3139 ,
1534 3099 1604 3136 τοῖς
1623 3091 1732 3143 ἔργοις
1756 3091 1976 3130 πιστεύσατε.
1997 3091 2102 3129 Οὕτω
2120 3093 2214 3139 καὶὴ
2235 3093 2323 3143 γυνὴ

1362 3263 1375 3284 ¹¹
1393 3259 1538 3300 Quidum
1556 3267 1613 3291 τῶν
1627 3260 1791 3299 ῧιῧομένων.

1361 3320 1370 3331 ‘
1388 3310 1486 3345 Savil.
1508 3316 1565 3345 ἀπὸ
1584 3319 1639 3344 τῶν
1656 3313 1827 3350 γενομένων.
