2507 3673
672 161 718 190 ιΝ
754 161 964 191 JOANNEM
1002 161 1160 191 nonu„
1203 161 1390 190 Lxxxvn
1429 147 1490 190 aL

142 225 363 269 ἀναστάσεως
395 225 572 277 λέγουσιν·
602 227 678 263 ἀλλ’
711 226 828 278 ἠρέμα
845 226 1095 277 προὸιέάζεται
1114 228 1162 276 τῷ

1531 162 1698 192 Lxxxv.
2127 151 2215 195 ῧὺῧ

1231 225 1426 275 conspexit.
1458 225 1564 263 Vidit
1596 226 1760 263 habitum
1795 228 2046 279 splendidum,
2078 231 2217 269 audivit

141 286 290 337 δόγματι
316 285 441 338 τούτῳ.
471 280 571 324 Εἶδεν
592 285 686 337 ὄψεις
704 285 870 337 φαιδρὰς,
902 285 958 322 καὶ
983 286 1114 336 μᾶλλον
1139 284 1161 329 ἢ
1185 293 1209 321 D
1231 286 1469 323 consolantem
1484 301 1619 324 vocem.
1638 288 1737 333 Quid
1753 289 1847 326 enim
1865 290 1944 327 ait?
1963 293 2022 329 15.
2045 294 2212 340 ΜιιΖίσΓ,

140 345 232 383 κατὰ
258 344 320 391 τὴν
351 344 548 391 συνήθειαν·
584 345 651 382 εἶδε
690 347 815 395 σχῆμα
838 345 1016 397 λαμπρόν·
1036 343 1162 389 ἤκουσε

139 408 340 455 συμπαθοῦς
357 407 484 456 φωνῆς.
520 404 567 442 Τί
587 404 654 457 γάρ
674 420 759 456 φησι
776 421 786 451 5
814 403 935 452 Γύναι,
955 403 988 441 τί
1008 401 1160 449 κλαίεις,

139 465 207 503 Διὰ
233 466 269 503 δὲ
291 465 418 503 τούτων
443 465 604 503 ἁπάντων
622 495 631 512 ,
653 464 772 518 ὥσπερ
799 464 902 518 θύρας
924 463 1162 515 ἀνοιγομένης,

139 526 231 564 κατὰ
257 525 379 577 μικρὸν
406 528 453 570 εἷς
477 527 534 565 τὸν
561 526 642 580 περὶ
667 525 888 569 ἀναστάσεως
916 525 1021 576 ἤγετο
1047 523 1161 575 λόγον.

139 585 209 622 Καὶ
243 588 260 622 ὁ
284 583 410 637 τρόπος
439 585 474 622 δὲ
500 589 562 632 τῆς
588 584 756 636 καθέδρας
786 586 896 622 αὐτῶν
921 585 967 625 εἰς
993 581 1163 635 ἐρώτησιν

140 644 249 692 αὐτὴν
286 639 372 697 ἦγε·
411 646 470 684 καὶ
508 646 577 700 γὰρ
611 645 811 698 ἐνέφαινον,
855 643 908 681 ὅτι
953 642 1082 694 ᾔδεσαν
1125 643 1166 681 τὸ

138 704 287 755 γεγονός.
341 703 410 742 Διὰ
452 709 554 743 τοῦτο
592 705 668 742 οὐδὲ
710 705 797 753 ὁμοῦ
845 701 1036 748 κάθηνται,
1076 700 1165 739 ἀλλὰ

140 764 357 812 διεστηκότες
387 766 560 811 ἀλλήλων.
604 763 750 810 Ἐπειδὴ
779 762 845 815 γὰρ
877 765 940 800 οὐκ
975 762 1064 805 εἰκὸς
1099 764 1164 800 αὖ-

139 824 203 871 τὴν
243 827 417 876 τολμῆσαι
454 826 574 868 ἁπλῶς
609 823 791 868 πυθέσθαι,
829 824 888 861 καὶ
922 826 965 874 τῇ
999 823 1167 876 ἐρωτήσει

141 885 200 922 καὶ
220 888 270 938 τῷ
289 885 408 937 τρόπῳ
425 889 488 931 τῆς
504 884 674 937 καθέδρας
690 884 830 935 ἄγουσιν
849 882 955 931 αὐτὴν
976 884 1033 922 ἐπὶ
1053 883 1167 921 διάλε-

139 945 202 989 ξιν.
241 946 288 983 Τί
310 941 366 983 οἷν
397 945 507 991 αὕτη,
539 948 691 996 Θερμῶς
716 944 790 995 ἅμα
818 944 877 982 καὶ
908 944 1165 997 φιλοστόργως·

140 999 257 1058 ῗΗραν
280 1006 338 1044 τὸν
361 1005 486 1058 Κύριόν
517 1021 604 1056 μου,
626 1006 685 1044 καὶ
712 1008 773 1043 οὐκ
798 999 873 1043 οἶδα
891 1010 957 1043 ποῦ
971 1005 1165 1043 τεθείκασιν

141 1066 258 1105 αὐτόν.
277 1066 325 1105 Τί
342 1066 429 1119 φῄς,
448 1067 582 1105 οὐδέπω
605 1068 700 1105 οὐδὲν
722 1067 802 1118 περὶ
823 1067 1045 1109 ἀναστάσεως
1061 1067 1167 1114 οἶδας,
1192 1085 1212 1114 E

141 1129 216 1166 ἀλλ’
243 1127 293 1166 ἔτι
320 1128 411 1166 θέσιν
441 1129 619 1179 φαντάζη,
651 1128 760 1180 εΟρξίς
784 1131 857 1171 πῶς
882 1127 1017 1165 οὐδέπω
1037 1128 1167 1177 ὑψηλὸν

142 1188 351 1233 κατεδέξατο
377 1189 490 1241 δόγμα
507 1207 517 1237 ;
546 1190 617 1227 Καὶ
636 1194 746 1228 ταῦτα
768 1192 933 1238 εἰποῦσα,
953 1190 1108 1242 ἐστράφη
1124 1192 1170 1233 εἷς

140 1251 184 1288 τὰ
209 1251 333 1290 ὀπίσω.
372 1251 440 1289 Καὶ
469 1251 551 1289 ποία
582 1251 669 1298 αὕτη
691 1250 898 1297 ἀκολουθία,
920 1252 1006 1305 πρὸς
1024 1250 1170 1293 ἐκείνους

141 1309 416 1361 διαλεγομένην,
450 1310 509 1348 καὶ
542 1310 688 1360 μηδέπω
717 1311 827 1360 μηδὲν
851 1310 1054 1347 ἀκούσασαν
1084 1308 1169 1360 παρ’

141 1369 268 1416 αὐτῶν,
289 1370 485 1420 στραφῆναι
500 1371 547 1411 εἰς
569 1368 614 1406 τὰ
632 1368 768 1415 ὀπίσω,
790 1367 894 1418 Ἐμοὶ
919 1368 1035 1412 δοκεῖ,
1059 1371 1168 1404 ταῦτα
1180 1393 1227 1418 514

137 1424 306 1476 λεγούσης
322 1428 440 1472 αὐτῆς,
460 1426 557 1477 ἄφνω
574 1426 692 1478 φανεὶς
707 1429 724 1464 ὁ
740 1426 892 1478 Χριστὸς
908 1425 1046 1463 ὄπισθεν
1064 1427 1170 1471 αὐτῆς
1193 1430 1218 1459 Α

139 1483 399 1529 ἐκπλῆξαιτοὺς
420 1484 585 1536 ἀγγέλους
599 1515 608 1532 ,
624 1484 804 1528 κάκείνους
826 1486 844 1503 *
858 1484 1090 1535 θεασαμένους
1113 1484 1170 1522 τὸν

140 1542 407 1591 Δεσπότην,καὶ
429 1547 479 1596 τῷ
501 1543 672 1596 σχήματι,
694 1544 817 1596 καὶτῷ
835 1543 1027 1595 βλέμματι,
1048 1543 1172 1596 καὶτῷ

139 1602 308 1653 κινήματι
327 1602 451 1647 εὐθέως
473 1605 639 1655 ἐμφῆναι,
662 1603 715 1641 ὅτι
735 1604 792 1641 τὸν
818 1603 946 1656 Κύριον
968 1597 1056 1641 εἶδον
1072 1619 1080 1627 ·
1113 1604 1172 1641 καὶ

138 1667 239 1702 τοῦτο
256 1663 318 1710 τὴν
339 1670 485 1715 γυναῖκα
505 1663 708 1716 ἐπέστρεψε,
732 1663 791 1702 καὶ
811 1665 857 1708 εἷς
875 1663 918 1702 τὰ
933 1663 1048 1702 ὀπίσω
1065 1679 1172 1716 στρα-

140 1728 245 1778 ερῆναι
260 1724 436 1771 ἐποίησεν.
454 1724 622 1769 Ἐκείνοις
639 1726 700 1776 μὲν
717 1719 774 1763 οὖν
789 1725 896 1769 οὕτως
911 1726 1019 1778 ἐφάνη
1033 1742 1040 1749 ·
1057 1727 1100 1776 σῇ
1113 1742 1172 1777 γυ-

140 1786 232 1824 ναικὶ
242 1786 277 1824 δὲ
292 1788 357 1838 οὐχ
368 1785 487 1835 οὕτως,
501 1785 591 1825 ὥστε
610 1787 717 1834 αὐτὴν
728 1786 777 1837 μὴ
795 1789 834 1825 ἐκ
846 1786 1170 1839 πρώτηςέκπλῆξαι

139 1850 201 1894 τῆς
215 1847 418 1899 ὄψεως,ἀλλ’
434 1849 467 1885 ἐν
482 1847 683 1885 ιΊεὐτελεστέ
689 1863 735 1901 ρῳ
749 1848 928 1901 καὶ”κοινῷ
938 1852 988 1901 τῷ
998 1849 1170 1901 σχήματι.

139 1909 210 1948 Καὶ
221 1911 322 1956 δῆλον
339 1908 374 1953 ἐξ
386 1903 434 1946 ὧν
446 1909 506 1947 καὶ
521 1911 696 1962 κηπουρὸν
710 1911 811 1949 αὐτὸν
827 1904 915 1948 εἶναι
930 1910 1076 1961 ἐνόμιζε.
1093 1913 1125 1949 T
1128 1910 1170 1958 ὴν

141 1970 176 2008 δὲ
199 1970 289 2008 οὕτω
308 1970 473 2018 ταπεινὴν
496 1973 558 2009 οὐκ
576 1970 644 2009 ἔδει
666 1971 787 2024 ἀθρόον
805 1972 860 2010 ἐπὶ
881 1971 924 2008 τὰ
941 1972 1059 2024 ὑψηλὰ
1079 1975 1170 2023 ἀγα-

139 2037 211 2082 γεῖν
227 2061 235 2077 ,
258 2029 335 2067 ἀλλ’
361 2029 490 2081 ἠρέμα.
527 2029 641 2068 Πάλιν
672 2024 730 2067 οὖν
758 2029 865 2077 αὐτὴν
893 2032 1027 2083 ἐρωτᾷ·
1049 2031 1170 2078 Γύναι,

140 2092 174 2130 τί
213 2091 364 2138 κλαίεις,
402 2091 478 2129 τίνα
506 2094 642 2139 ζητεῖς,
673 2093 789 2130 Τοῦτο
823 2092 984 2144 ἐνέφηνεν
1017 2091 1172 2131 ῧεῖδέναι

143 2153 288 2198 whom&
308 2152 468 2204 βούλεται
489 2155 678 2206 ἐρωτῆσαι,
692 2156 751 2193 καὶ
773 2157 819 2199 εἰς
840 2156 1025 2210 ἀπόκρισιν
1047 2157 1170 2208 ἤγαγε.

140 2217 255 2254 Τοῦτο
275 2209 332 2254 οῧν
353 2215 412 2253 καὶ
429 2218 450 2261 ἡ
471 2215 554 2267 γυνὴ
576 2222 743 2265 συνιεῖσα,
762 2221 824 2256 οὐκ
843 2218 895 2256 ἔτι
916 2220 956 2258 τὸ
977 2219 1088 2270 ὄνομα
1113 2222 1172 2257 τοῦ

141 2278 257 2324 Ἰησοῦ
275 2276 393 2329 λέγει,
417 2276 495 2314 ἀλλ’
521 2278 568 2320 ὡς
588 2276 716 2322 εἰδότος
735 2283 796 2317 τοῦ
817 2281 1015 2332 ἐρωτῶντος
1035 2281 1115 2334 περὶ
1136 2276 1173 2318 οἷ

141 2338 366 2386 πυνθάνεται,
392 2337 495 2389 φησίν
509 2354 516 2361 ·
541 2340 586 2376 Εἰ
603 2338 644 2377 σὺ
665 2339 863 2386 ἐῧάστασας
884 2342 998 2389 αὐτὸν,
1022 2343 1100 2380 εἶπέ
1115 2359 1174 2393 μοι

141 2404 208 2438 ποῦ
241 2399 379 2447 ἔθηκας,
399 2398 497 2451 κάγὼ
513 2400 612 2438 αὐτὸν
631 2404 705 2452 ἀρῶ
744 2403 858 2441 Πάλιν
878 2403 970 2441 θέσιν
986 2403 1045 2441 καὶ
1062 2404 1174 2455 ἄρσιν,

142 2458 202 2495 καὶ
224 2458 262 2496 τὸ
282 2458 474 2509 βαστάσαι,
495 2461 541 2502 ὡς
556 2460 636 2510 περὶ
656 2466 777 2512 νεκροῦ
797 2462 1041 2514 διαλεγομένη,
1059 2462 1174 2515 φησίν.

143 2518 193 2557 ⁰0
226 2518 262 2556 δὲ
299 2518 464 2571 ἐμφαίνει
479 2549 489 2567 ,
521 2519 621 2558 τοῦτό
648 2523 740 2559 ἐστιν
758 2538 765 2545 ·
789 2525 818 2560 εἷ
839 2522 896 2560 διὰ
913 2524 971 2562 τὸν
988 2524 1092 2576 φόὸον
1108 2525 1177 2561 τῶν

144 2578 321 2618 Ἰουδαίων
348 2579 457 2632 ἤρατε
477 2581 577 2618 αὐτὸν
597 2582 764 2627 ἐντεῦθεν,
792 2583 917 2622 εἴπατέ
935 2600 1006 2635 μοι,
1026 2585 1086 2622 καὶ
1109 2583 1177 2635 ἐγὼ

144 2641 305 2693 λήψομαι
325 2640 442 2679 αὐτόν.
478 2641 600 2689 Πολλὴ
620 2646 641 2689 ἡ
663 2642 777 2682 εὔνοια
792 2645 851 2682 καὶ
873 2645 1097 2697 φιλοστοργία
1116 2649 1178 2692 τῆς

145 2701 320 2754 γυναικός·
351 2703 507 2754 οὑψηλὸν
529 2703 564 2741 δὲ
585 2704 682 2741 οὐδὲν
711 2705 847 2743 οὐδέπω
872 2705 958 2757 παρ’
976 2708 1076 2758 αὐτῇ.
1108 2707 1176 2744 Δια
1199 2721 1223 2752 C

727 2775 748 2783 ιν

145 2772 247 2807 τοῦτο
277 2769 396 2807 λοιπὸν
430 2769 635 2821 προτίθησιν
663 2773 749 2818 αὐτη
774 2778 895 2819 τοῦτο,
919 2776 956 2811 οὗ
979 2775 1023 2811 δι’
1048 2773 1172 2825 ὄψεως,

146 2834 237 2873 ἀλλὰ
255 2834 312 2873 διὰ
328 2838 454 2887 φωνῆς.
485 2835 623 2889 εὨσπερ
638 2837 705 2891 γὰρ
722 2846 792 2883 τοῖς
812 2839 994 2884 Ἰουδαίοις
1008 2841 1091 2879 ποτὲ
1110 2840 1172 2891 μὲν

146 2901 348 2954 ἐγνωρίζετο
360 2929 370 2946 ,
397 2901 482 2939 ποτὲ
503 2901 538 2940 δὲ
555 2902 682 2951 ἄδηλος
700 2899 741 2951 ἦν
764 2906 824 2943 καὶ
842 2906 964 2960 παρών
976 2923 983 2930 ·
1001 2907 1091 2946 οὕτω
1110 2908 1171 2946 καὶ

147 2969 396 3021 φθεγγόμενος,
416 2969 520 3016 ἡνίκα
546 2971 724 3021 ε’ὅούλετο,
755 2973 833 3012 τότε
856 2975 1028 3029 γνώριμον
1049 2977 1170 3015 ἑαυτὸν

148 3035 270 3075 ἐποίει.
298 3035 370 3074 Καὶ
388 3035 456 3088 γὰρ
480 3036 537 3076 ὅτε
563 3044 634 3083 τοῖς
663 3041 843 3085 Ἰουδαίοις
862 3041 982 3094 ἔλεγε,
1004 3044 1095 3083 Τίνα
1116 3048 1175 3094 1⁷]-

194 3163 204 3173 ·
229 3159 241 3200 [
258 3159 310 3190 Ita
327 3158 427 3191 Savil.
443 3169 475 3191 et
492 3161 602 3196 Codd.
621 3166 739 3197 nostri.
762 3166 948 3209 Legebatur
967 3173 1162 3212 θεασαμένους

150 3213 291 3247 δεσπότην
309 3216 358 3244 καὶ
374 3221 414 3254 τῷ
430 3216 483 3254 βλ.
503 3219 552 3248 καὶ
568 3223 610 3258 τῷ
627 3217 697 3258 mm]

196 3272 209 3285 a
233 3262 349 3294 Morel.
367 3268 566 3309 ἀτελεστέρῳ.
586 3267 707 3308 [Paulo
724 3277 800 3302 ante
817 3282 877 3312 pro
895 3276 1052 3313 ἐπιπλῆξχι
1069 3273 1164 3307 dedi.

154 3324 226 3345 mus
251 3318 392 3354 ἐκπλῆξαι
410 3327 426 3347 e
445 3316 546 3350 Saxil.
566 3326 599 3350 et
618 3319 727 3354 Codd,
755 3323 905 3364 nostris]

372 3384 467 3407 TUM.
488 3386 498 3406 x
516 3387 578 3409 111.

1231 347 1329 396 quid
1338 347 1471 397 ploras
1483 351 1500 383 ‚³
1516 349 1583 384 Per
1595 347 1690 396 hauc,
1708 349 1809 398 quasi
1825 359 1944 400 aperta
1957 352 2077 401 janua,
2091 354 2216 404 paula-

1230 407 1295 444 tim
1316 405 1363 443 ad
1381 421 1579 445 sermonem
1598 406 1643 445 de
1657 409 1910 447 resurrectione
1927 410 2135 450 ducebatur.
2160 414 2219 452 Ex

1230 466 1337 505 modo
1355 482 1496 519 quoque
1515 468 1664 507 sedendi
1693 469 1739 507 ad
1762 470 2029 522 interrogandos
2058 474 2138 511 illos
2166 476 2218 514 in-

1230 526 1448 565 ducebatur:
1465 528 1681 567 videbantur
1700 531 1834 583 quippe
1863 532 1953 569 scire
1973 532 2068 582 quod
2088 534 2220 573 factum

1230 589 1355 627 fuerat.
1382 589 1466 627 Ideo
1483 604 1552 628 non
1576 605 1645 629 una
1668 591 1814 642 sedent,
1837 593 1897 631 sed
1923 594 2149 645 aliquantum
2165 597 2221 635 di-

1232 659 1375 688 stantes.
1393 651 1486 698 Quia
1501 652 1595 689 enim
1607 653 1781 691 credibile
1798 668 1866 692 non
1883 664 1968 703 erat,
1986 656 2100 707 ipsam
2115 657 2221 695 inter-

1232 726 1355 764 rogare
1368 727 1535 751 ausuram
1556 728 1653 764 esse,
1673 723 1707 752 et
1724 715 2000 767 interrogatione
2017 732 2081 755 sua
2103 728 2137 756 et
2166 733 2222 757 se-

1232 773 1338 812 dendi
1371 774 1476 813 modo
1498 775 1653 814 invitant
1676 777 1777 814 illam
1795 777 1841 815 ad
1866 779 2096 830 colloquium.
2122 780 2222 826 Quid

1233 849 1317 887 ergo
1333 835 1419 874 illa?
1437 837 1464 874 F
1467 846 1628 875 erventer
1647 837 1755 876 simul
1769 848 1802 877 et
1823 849 1983 877 amanter
2003 857 2009 877 :
2038 843 2070 878 T
2070 842 2224 879 ulerunt

1234 896 1449 934 Dominum
1466 911 1591 935 meum
1599 928 1611 945 ,
1629 907 1665 935 et
1682 901 1808 936 nescio
1823 901 1889 936 ubi
1901 910 2109 951 posuerunt
2124 915 2222 939 eum.

1234 957 1333 1004 Quid
1353 958 1472 996 dicis?
1501 958 1661 997 nondum
1680 960 1976 999 resurrectionem
2003 962 2164 1013 cogitas,
2194 973 2227 1000 et

1234 1018 1391 1071 positum
1401 1033 1475 1056 esse
1486 1018 1715 1071 imaginaris?
1726 1020 1855 1060 Viden'
1874 1022 2052 1072 quomodo
2066 1022 2227 1061 nondum

1235 1081 1424 1119 sublimem
1438 1081 1637 1121 doctrinam
1651 1084 1853 1136 acceperit?
1875 1086 1935 1122 ¹14.
1954 1088 2050 1125 Hoee
2060 1101 2147 1124 cum
2168 1089 2225 1124 di-

1236 1147 1374 1191 xisset,
1398 1158 1583 1182 conversa
1597 1155 1653 1183 est
1669 1155 1891 1184 retrorsum.
1912 1147 1960 1185 Et
1978 1162 2142 1199 quaenam
2153 1149 2228 1186 haee

1237 1206 1510 1256 consequentia?
1533 1206 1612 1245 illos
1631 1207 1836 1258 alloquens,
1858 1223 1938 1247 cum
1958 1209 2139 1248 nihildum
2163 1226 2228 1249 au-

1236 1267 1366 1317 disset,
1389 1267 1435 1305 ab
1456 1267 1527 1306 illis
1552 1276 1748 1306 retrorsum
1768 1270 2015 1308 convertitur?
2034 1272 2127 1309 Mihi
2147 1272 2224 1323 qui<

1237 1328 1320 1366 dem
1341 1328 1505 1376 videtur,
1521 1328 1597 1367 haec
1619 1329 1681 1367 illa
1702 1330 1841 1368 dicente
1854 1361 1863 1378 ,
1884 1341 2027 1383 repente
2046 1332 2230 1370 Christum

1239 1398 1333 1427 retro
1352 1389 1577 1441 apparuisse,
1601 1399 1635 1427 et
1657 1391 1799 1442 angelos
1813 1391 2086 1443 obstupefeeisse
2097 1422 2109 1439 ,
2132 1393 2230 1431 illos-

1240 1464 1323 1501 que,
1338 1450 1415 1489 viso
1429 1449 1598 1498 Domino,
1615 1451 1734 1488 statim
1748 1461 1782 1489 et
1800 1452 1946 1501 habitu,
1967 1462 2000 1490 et
2014 1463 2175 1505 aspectu,
2198 1464 2232 1492 et

1240 1522 1329 1550 nutu
1345 1512 1576 1562 indicavisse,
1590 1527 1625 1550 se
1639 1514 1836 1552 Dominum
1848 1515 1989 1564 videre,
2006 1516 2102 1566 quod
2117 1518 2232 1555 effecit

1240 1583 1278 1611 ut
1294 1588 1329 1612 se
1340 1573 1470 1611 mulier
1491 1583 1584 1611 retro
1598 1583 1832 1613 converteret.
1856 1576 1933 1613 Illis
1948 1590 2031 1627 ergo
2050 1578 2101 1615 sic
2121 1592 2230 1630 appa-

1238 1634 1312 1672 ruit
1326 1651 1337 1684 3
1356 1634 1498 1672 mulieri
1512 1649 1596 1672 vero
1613 1649 1682 1673 non
1695 1635 1763 1683 sie,
1784 1650 1826 1673 ne
1843 1636 1943 1674 illam
1958 1652 2003 1674 ex
2018 1638 2135 1689 primo
2152 1653 2232 1677 con-

1238 1706 1360 1750 spectu
1378 1697 1664 1750 perterrefaceret
1675 1728 1687 1748 ,
1709 1697 1771 1735 sed
1788 1698 1822 1735 in
1843 1698 1972 1737 viliore
1987 1708 2018 1737 et
2034 1700 2233 1751 vulgatiore

1239 1759 1384 1798 vestitu.
1416 1759 1512 1797 Hinc
1542 1773 1627 1797 vero
1653 1760 1773 1811 palam
1802 1760 1894 1798 illud
1923 1770 1974 1799 est
1987 1791 1998 1811 ,
2031 1762 2128 1812 quod
2153 1777 2233 1801 eum

1238 1835 1312 1859 esse
1330 1821 1562 1859 hortulanum
1581 1821 1775 1873 putaverit.
1801 1822 1893 1859 Tam
1914 1822 2091 1860 humilem
2117 1834 2235 1862 autem

1239 1897 1308 1921 non
1332 1898 1397 1935 par
1415 1892 1489 1920 erat
1508 1882 1630 1920 statim
1648 1882 1697 1921 ad
1720 1883 1888 1921 sublimia
1908 1883 2056 1933 ducere,
2077 1884 2138 1923 sed
2157 1900 2235 1923 sen-

1241 1945 1318 1982 sim.
1341 1945 1448 1982 Illam
1467 1958 1549 1995 ergo
1580 1959 1704 1982 rursus
1737 1944 1932 1997 interrogat
1951 1961 1958 1981 :
1981 1946 2041 1983 15.
2067 1947 2234 1996 Mulier,

1241 2007 1337 2058 quid
1349 2006 1481 2057 ploras
1497 2010 1513 2042 Ρ
1530 2019 1643 2057 quem
1658 2009 1824 2058 cluseris?
1841 2007 1917 2044 Hoc
1933 2006 2090 2044 declarat
2118 2007 2237 2059 ipsum

1235 2067 1471 2115 intellexisse,
1488 2066 1587 2117 quod
1606 2067 1712 2104 vellet
1732 2066 1965 2118 interrogare,
1985 2077 2019 2105 et
2034 2068 2079 2105 ad
2093 2083 2236 2120 respon-

1196 2123 1218 2152 Π
1241 2128 1402 2167 dendum
1422 2127 1580 2166 induxit.
1606 2127 1682 2165 Hoc
1701 2141 1783 2165 cum
1810 2127 1887 2180 ipsa
1910 2129 2040 2166 mulier
2059 2129 2237 2181 intellige—

1242 2200 1310 2240 ret,
1340 2205 1409 2228 non
1435 2192 1517 2229 Jesu
1538 2203 1667 2227 nomen
1685 2188 1799 2237 dixit,
1822 2189 1923 2240 quasi
1952 2190 2026 2242 ipse
2061 2200 2177 2228 nosset
2193 2191 2239 2228 de

1241 2269 1312 2306 quo
1349 2254 1414 2291 illa
1443 2253 1704 2301 sciscitaretur,
1734 2252 1795 2290 sed
1819 2253 1869 2290 ait
1889 2269 1896 2289 ε
1914 2254 1953 2292 Si
1980 2263 2019 2291 tu
2045 2255 2238 2293 sustulisti

1244 2329 1351 2361 enm,
1372 2316 1490 2352 dicito
1508 2315 1604 2351 mila·
1623 2315 1687 2350 ubi
1700 2315 1887 2364 posuisti,
1911 2322 1946 2351 et
1972 2328 2040 2365 ego
2061 2329 2146 2352 eum
2165 2316 2237 2352 tol-

1245 2377 1339 2414 lam.
1380 2376 1540 2413 Rursum
1568 2374 1658 2411 dicit
1690 2375 1845 2426 positum
1858 2404 1867 2421 ,
1898 2374 2102 2425 sublatum,
2135 2390 2176 2413 ac
2209 2377 2237 2414 si

1246 2447 1408 2475 mortuus
1434 2445 1534 2474 esset.
1564 2435 1641 2472 Hoc
1664 2448 1770 2486 porro
1793 2434 1972 2485 significat
1994 2451 2002 2471 :
2024 2436 2062 2473 Si
2094 2446 2238 2489 propter

1245 2500 1454 2540 Judaeorum
1484 2498 1648 2535 timorem
1670 2496 1755 2534 hinc
1774 2496 1971 2534 sustulistis
1998 2511 2104 2547 eum,
2127 2498 2238 2536 dicite

1246 2561 1358 2609 mihi,
1380 2569 1414 2597 et
1443 2572 1508 2610 ego
1536 2572 1618 2595 eum
1651 2557 1788 2594 tollam.
1812 2558 1946 2608 Magna
1977 2557 2239 2605 benevolentia,

1245 2635 1394 2673 magnus
1416 2633 1516 2657 amor
1535 2617 1715 2666 mulieris;
1747 2617 1810 2655 sed
1838 2617 1932 2655 nihil
1952 2618 2105 2656 sublime
2131 2621 2236 2672 sapit.

1245 2682 1328 2720 Ideo
1340 2682 1416 2734 jam
1434 2694 1505 2718 non
1520 2679 1599 2718 visu
1612 2709 1621 2725 ‚
1645 2679 1709 2717 sed.
1727 2693 1815 2717 voce
1833 2693 1870 2716 se
1898 2688 2023 2717 notum
2047 2680 2117 2732 ipsi
2138 2682 2236 2719 facit.

1247 2742 1563 2793 Quemadmodum
1580 2741 1675 2779 enim
1693 2740 1829 2780 ,Iudaeis
1854 2741 1961 2779 modo
1983 2751 2087 2779 notus
2101 2773 2110 2790 ,
2136 2743 2241 2781 modo

1246 2806 1388 2858 ignotus
1411 2804 1518 2842 etiam
1537 2817 1690 2854 praesens
1711 2812 1786 2840 erat
1804 2818 1811 2839 τ
1833 2802 1884 2840 sic
1911 2817 1993 2840 cum
2012 2804 2238 2854 loqueretur,

1247 2876 1351 2905 notus
1365 2875 1440 2904 erat
1453 2864 1505 2914 ,si
1523 2863 1665 2915 quando
1687 2863 1726 2901 id
1746 2864 1862 2902 vellet.
1885 2865 1977 2902 Nam
2005 2879 2086 2902 cum
2106 2866 2243 2905 ‚Iudaeis

1247 2929 1404 2977 dicebat,
1425 2928 1544 2977 Quem
1556 2928 1727 2977 quaeritis
1737 2929 1753 2962 P
1770 2939 1882 2976 neque
1896 2926 2014 2974 vultu,
2031 2940 2143 2977 neque
2156 2941 2242 2965 voce

1247 3000 1351 3028 notus
1365 2988 1454 3037 fuit,
1471 2987 1584 3025 donec
1601 2986 1718 3025 voluit
1735 3002 1742 3022 :
1759 2986 1795 3024 id
1813 2986 1910 3036 quod
1927 2986 2034 3024 etiam
2054 2987 2112 3025 hic
2132 2989 2243 3025 conti-

1248 3051 1299 3104 git
1310 3080 1320 3100 ,
1346 3050 1532 3102 ipsamque
1546 3056 1686 3086 tantum
1699 3046 1841 3085 nomine
1856 3061 1919 3084 suo
1936 3047 2099 3095 vocavit,
2116 3061 2243 3100 expre-

1272 3175 1288 3198 b
1313 3173 1375 3206 Alii
1396 3176 1500 3208 εἰδέναι
1522 3177 1621 3214 αὐτὸν,
1653 3171 1708 3204 alii
1725 3170 1838 3213 [Savil.
1861 3178 1894 3204 et.
1916 3169 2025 3203 Codd.
2045 3171 2165 3212 nostri]
2191 3175 2225 3203 ν.)
2242 3189 2248 3194 ·

1232 3242 1294 3264 την.

1278 3285 1289 3298 ⁰
1314 3277 1428 3310 Morel-
1449 3281 1557 3321 ὑψηλὸν
1575 3280 1605 3311 δὲ
1623 3279 1735 3311 οὐδέπω
1754 3279 1827 3320 παρ’
1845 3278 1946 3313 αὐτῆς·
