2481 3678
140 1426 248 1453 Malum

63 1479 119 1495 nun
161 1468 247 1499 malo,

63 1511 111 1536 sed
174 1510 250 1536 bono

64 1557 192 1579 sanatur.

70 2360 179 2391 matth.
203 2358 232 2388 5.

69 2413 119 2432 20.

76 2781 260 2821 Γ)ιι“Ιι’]ι.3.ῐ.

271 216 359 274 aq&

265 312 418 364 teipsum
432 312 526 350 ultus
552 326 600 360 es,
622 327 663 351 ne
680 314 876 352 molestiam
896 315 987 352 ultra
1007 329 1122 364 erees;
1138 315 1248 352 multo

265 373 380 424 magis
394 375 502 421 Deus,
524 374 584 425 qui
605 375 783 428 pracepit,
805 385 842 413 ut
862 376 929 413 sibi
950 376 1066 413 omnia
1082 376 1246 413 commit-

265 443 428 484 teremus,
445 435 481 472 id
501 435 662 473 dicturus
685 446 745 474 est.
763 437 952 485 Quomodo
965 437 1161 474 absurdum
1180 451 1248 474 non

264 497 385 543 fuerit,
403 512 485 535 eum
505 513 524 535 a
544 499 654 535 servis
678 499 805 535 nostris
824 499 915 536 hane
934 499 1199 552 philosophiam
1218 507 1251 536 et

697 231 734 261 S.
774 233 954 263 JOANNJS
990 232 1232 264 CHRYSOST.

265 558 475 609 obsequium
500 559 698 610 exigamus,
713 560 866 597 Domino
892 575 960 598 non
988 575 1027 598 ea
1048 561 1249 609 concedere,
1276 561 1298 589 Ε

267 634 344 669 quae
366 620 532 657 volumus
549 636 567 657 a
586 621 696 658 serx‘is
714 621 841 658 nostris
859 622 1002 659 concedi
1020 623 1150 660 nohis?
1169 622 1252 659 Haec

265 694 371 732 porro
390 681 483 729 dieo,
502 682 595 732 quod
614 682 660 719 ita
680 683 811 734 promti
832 683 910 720 sitis
926 683 974 720 ud
998 684 1168 721 ultionem
1186 698 1249 720 ex-

266 742 563 793 petendain.Nam
575 758 654 780 euni
671 743 730 794 qui
748 758 829 781 vere
850 744 1123 797 philosophatur
1143 744 1181 782 id
1197 746 1250 781 fa-

265 815 343 840 eere
359 817 424 840 non
444 803 555 850 decet,
572 804 633 841 sed
652 803 755 841 debet
775 804 835 841 ille
865 814 1005 856 peeeata
1023 805 1201 843 dimittere
1219 813 1253 843 et

266 863 476 912 condonare,
492 865 629 902 etiamsi
650 879 717 902 non
734 879 860 915 magna
881 875 1144 917 exspectaretur
1161 880 1253 903 mer-

266 938 336 973 ces,
352 934 577 976 peccatorum
600 939 725 977 nempe
740 925 913 963 remissio.
935 928 1026 963 Nam
1048 926 1077 963 si
1104 925 1252 963 damnas

265 995 496 1036 peccatorem,
514 1001 586 1034 eur,
605 1000 735 1037 quaeso,
757 985 832 1037 ipse
858 1000 995 1037 peccas,
1014 995 1047 1023 et
1070 986 1105 1023 in
1129 985 1250 1023 eadem
1264 1023 1312 1046 303

1275 234 1478 263 Ancitttzt‘.

1522 234 1602 263 CON
1611 233 1859 264 STANTINOP
1869 254 1876 262 .

1322 315 1439 362 ἐπειδὴ
1475 315 1510 353 δὲ
1527 316 1643 367 σαυτῷ
1674 315 1861 367 προλαὸὼν
1892 315 2036 366 ἦμυνες,
2067 315 2174 366 μηδὲν
2208 316 2339 369 ἐνόχλει

1319 376 1458 414 λοιπόν·
1480 378 1599 428 πολλῷ
1623 378 1751 426 μᾶλλον
1770 379 1786 414 ὁ
1804 376 1911 424 Θεὸς,
1945 380 1962 414 ὁ
1987 377 2226 429 παραγγείλας
2250 381 2343 432 αὐτῷ

1319 443 1543 490 παραχωρεῖν
1559 437 1735 484 ἁπάντων,
1751 441 1850 475 τοῦτο
1872 440 1952 489 ἐρεῖ.
1974 439 2058 481 Πῶς
2079 438 2147 491 γὰρ
2173 441 2233 477 οὐκ
2265 440 2343 479 ἄτο-

1319 514 1395 546 πον,
1411 498 1491 537 ὅταν
1521 498 1619 551 παρὰ
1644 497 1704 549 μὲν
1724 497 1858 536 παίδων
1877 502 1946 536 τῶν
1965 499 2144 552 ἡμετέρων
2170 500 2343 548 τοσαύτην

1321 561 1523 611 ἀπαιτῶμεν
1543 556 1743 611 φιλόσοψίαν
1764 559 1823 596 καὶ
1848 560 2004 606 ὑπακοήν
2017 575 2024 583 ·
2045 563 2094 612 τῷ
2121 559 2157 598 δὲ
2179 560 2340 614 Δεσπότῃ

1322 619 1369 670 μὴ
1398 623 1665 674 παραχωρῶμεν
1691 614 1737 657 ὧν
1769 619 1961 671 βουλόμεθα
1988 619 2065 664 τοὺς
2097 621 2231 664 οἰκέτας
2257 625 2342 672 ἡμῖν

1320 689 1565 735 παραχωρεῖν,
1587 684 1709 720 'fath-oz
1729 680 1764 719 δὲ
1787 680 1897 733 λέγω,
1918 680 1974 719 διὰ
1992 682 2031 719 τὸ
2050 681 2224 735 πρόθυμον
2244 685 2342 734 ὑμῶν

1319 744 1400 796 περὶ
1413 743 1476 789 τὴν
1498 744 1656 790 ἀλλήλων
1676 742 1835 781 κόλασιν·
1860 743 1934 781 ἐπεὶ
1950 742 2007 781 τόν
2032 759 2071 794 γε
2093 745 2228 790 ἀληθῶς
2247 746 2342 796 φιλο-

1320 808 1490 855 σοφοῦντα
1513 803 1588 842 οὐδὲ
1621 809 1719 842 τοῦτο
1743 803 1812 856 χρὴ
1834 810 1957 851 ποιεῖν,
1979 803 2068 842 ἀλλὰ
2096 803 2341 855 συγγινώσκειν

1320 864 1380 902 καὶ
1400 865 1536 917 ἀφιέναι
1554 865 1598 903 τὰ
1615 865 1878 918 ἁμαρτήματα,
1899 867 1926 902 εἰ
1949 864 2008 902 καὶ
2030 863 2078 915 μὴ
2096 867 2205 902 ἐκεῖνο
2233 859 2275 912 ἦν
2304 866 2344 903 τὸ

1323 925 1413 977 μέγα
1431 925 1578 964 ἔπαθλον
1592 957 1601 973 ,
1616 927 1655 964 τὸ
1677 926 1796 978 ἄφεσιν
1820 927 1895 964 ἀντὶ
1922 926 2052 965 τούτων
2067 926 2272 977 λαμὸάνειν.
2299 929 2344 966 Εἰ

1321 986 1406 1039 γὰρ,
1427 987 1503 1025 εἰπέ
1517 1003 1587 1037 μοι,
1604 987 1875 1039 καταγινώσκεις
1893 993 1952 1026 τοῦ
1971 987 2234 1040 ἡμαρτηκότος,
2255 988 2345 1032 τίνος

265 1045 419 1084 laberis?
439 1048 489 1084 Te
511 1047 590 1097 quis
613 1047 824 1083 contumelia
845 1046 986 1083 affecit?
1000 1048 1052 1083 Ne
1068 1056 1249 1083 contume—
1277 1060 1303 1087 Λ
1322 1048 1434 1085 ἕνεκεν
1459 1048 1518 1085 καὶ
1544 1049 1643 1092 αὐτὸς
1658 1048 1885 1101 ἁμαρτάνεις,
1908 1048 2052 1093 καὶτοῖς
2075 1051 2189 1092 αὐτοῖς
2203 1049 2344 1102 περιπί-

266 1107 349 1144 liam
371 1108 554 1159 rependas,
578 1117 616 1145 ut
643 1122 685 1144 ne
709 1107 808 1144 illam
836 1106 899 1143 tibi
923 1106 992 1158 ipsi
1013 1106 1153 1143 inferas.
1170 1109 1253 1144 Per-

267 1168 398 1205 cussit?
421 1170 473 1206 Ne
504 1167 731 1219 repercutias,
748 1167 830 1217 quia
862 1167 955 1204 nihil
982 1166 1064 1203 inde
1089 1167 1253 1204 utilitatis

262 1229 449 1281 percipies.
469 1230 620 1266 Moerore
646 1228 793 1265 affecit?
815 1230 867 1266 Ne
879 1228 995 1266 vicem
1012 1228 1152 1277 referas,
1170 1227 1252 1278 quia

261 1291 352 1327 nihil
368 1290 450 1328 inde
475 1291 582 1339 lueri,
600 1290 658 1327 sed
684 1290 738 1327 illi
755 1289 882 1327 similis
910 1289 1047 1328 evadis.
1068 1289 1128 1327 Sic
1149 1289 1253 1327 illum

260 1352 405 1390 sortasse
430 1353 465 1390 in
488 1351 661 1404 pudorem
690 1350 867 1403 conjicies,
889 1349 917 1387 si
937 1350 1055 1388 omnia
1071 1359 1253 1387 mansuete

261 1414 366 1463 seras,
389 1414 439 1451 sie
470 1414 506 1451 in
532 1413 712 1461 ruborem,
733 1412 782 1449 ita
808 1421 847 1449 ut
879 1411 970 1448 iram
1007 1410 1114 1449 sedet.
1139 1412 1253 1451 Nemo

262 1475 396 1514 malum
421 1476 515 1513 malo
543 1484 656 1522 sanat,
678 1474 739 1512 sed
764 1474 858 1512 bono
881 1474 1028 1511 malum.
1047 1473 1132 1511 Haec
1155 1472 1250 1525 apud

262 1537 408 1589 gentiles
430 1536 591 1574 nonnulli
606 1535 996 1588 philosophantur.Nos
1008 1548 1092 1585 ergo
1106 1533 1251 1586 pudeat,

261 1601 361 1651 quod
385 1600 502 1637 stultis
523 1599 716 1650 gentilibus
736 1606 910 1649 quantum
925 1597 968 1634 ad
989 1597 1252 1649 philosophiam

261 1666 372 1702 simus
394 1663 585 1700 inferiores.
600 1662 709 1700 Multi
725 1675 847 1698 eorum
863 1660 992 1712 injuria
1013 1660 1252 1711 affecti7aequo

261 1726 379 1763 aninlo
411 1725 585 1772 tulerunt;
606 1723 709 1762 multi
743 1722 940 1759 calumnias
973 1736 1041 1759 non
1068 1721 1253 1774 propulsa-

262 1797 363 1837 runt3
383 1786 590 1824 insidiantes
604 1784 775 1822 beneficio
795 1783 997 1821 affecerunt.
1017 1783 1252 1821 Timendum-

263 1863 330 1900 que
349 1858 399 1886 est
416 1862 458 1885 ne
471 1847 617 1899 quidam
631 1861 673 1884 ex
694 1845 858 1884 iltisvitae
873 1845 1033 1882 instituto
1047 1845 1149 1883 nohis
1165 1860 1254 1897 prae-

263 1910 447 1948 stantiores
466 1908 698 1961 reperiantur,
724 1917 756 1945 ct
771 1907 853 1945 hinc
870 1921 932 1944 nos
952 1906 1095 1957 gravius
1112 1907 1253 1959 suppli-

264 1974 359 2012 cium
373 1982 523 2011 maneat.
537 1973 627 2010 Nam
645 1972 674 2009 si
694 1986 756 2009 nos
773 1971 834 2022 qui
849 1971 1024 2023 Spiritum
1040 1971 1251 2023 accepimus,

264 2036 324 2086 qui
351 2049 501 2086 regnum
522 2042 778 2086 exspectamus,
796 2032 857 2083 qui
882 2046 946 2084 pro
973 2032 1139 2069 caelorum
1160 2046 1250 2084 prce-

265 2097 663 2150 miophilosophamur,
683 2096 744 2147 qui
763 2096 957 2147 gehennam
981 2109 1048 2132 non
1071 2095 1251 2145 timemus,

265 2160 325 2210 qui
345 2159 459 2211 angeli
481 2173 554 2196 esse
570 2159 754 2211 jubemur,
778 2157 841 2208 qui
864 2156 1115 2209 mysteriorum
1144 2156 1254 2208 parti-

266 2221 361 2272 cipes
386 2234 519 2269 sumus,
541 2234 610 2256 non
637 2219 719 2256 illos
741 2218 874 2256 virtute
897 2217 1127 2268 attingamus,
1149 2231 1257 2267 quam

267 2295 522 2331 consequemur
543 2280 708 2319 veniam?
724 2278 866 2316 Etenim
881 2278 909 2316 si
929 2277 1072 2317 Judaeos
1092 2291 1257 2329 superare

266 2350 427 2378 tenemur
452 2341 568 2387 (Nisi,
590 2338 717 2389 inquit,
734 2338 991 2375 abundaverit
1011 2339 1167 2388 justitia
1190 2350 1257 2373 ve-

266 2411 348 2439 stra
361 2402 449 2453 plus
459 2415 578 2454 quam
594 2402 807 2438 scribarum
817 2407 853 2435 et
865 2400 1168 2444 Pharisaeorum,
1181 2411 1258 2434 non

267 2465 462 2500 intrabitis
487 2465 528 2499 in
555 2475 715 2513 regnum
744 2460 946 2507 caelorum)
962 2475 976 2504 ,-
1002 2459 1114 2496 multo
1145 2458 1258 2509 magis

269 2523 434 2573 gentiles;
453 2522 482 2559 si
498 2522 709 2571 Pharisaeos,
727 2521 841 2558 multo
858 2519 970 2572 magis
982 2519 1152 2557 infideles.
1169 2519 1259 2557 Cum

270 2583 377 2632 enim,
396 2584 461 2620 nisi
483 2584 560 2621 illos
581 2595 965 2635 superemus,regnum
984 2582 1085 2620 nobis
1101 2582 1258 2621 clausum

272 2644 316 2681 sit
327 2660 336 2694 3
351 2644 378 2681 si
393 2645 584 2695 gentilibus
595 2645 729 2696 pejores
745 2643 868 2692 simus,
877 2642 1052 2694 quomodo
1062 2643 1130 2680 hoc
1142 2643 1260 2695 ipsum

272 2719 421 2756 regnum
449 2705 728 2754 consequemur?
762 2706 915 2742 Omnem
947 2705 1065 2754 itaque
1088 2704 1260 2742 acerbita-

274 2776 362 2811 tem,
399 2767 508 2815 iram,
540 2767 696 2804 furorem
724 2766 920 2818 ejiciamus.
952 2767 1103 2805 Eadem
1123 2768 1260 2816 dicere,

274 2830 370 2866 milti
398 2829 552 2880 quidem
576 2842 653 2864 non
679 2829 896 2874 molestum,
917 2830 1028 2866 vobis
1051 2837 1181 2866 autem
1202 2837 1262 2866 tu-

274 2898 368 2927 tum.
389 2890 480 2926 Nam
494 2887 618 2924 medici
639 2888 762 2925 eodem
778 2890 854 2940 ipso
872 2903 962 2940 saepe
982 2898 1131 2927 utuntur
1150 2903 1261 2926 reme-

275 2949 346 2987 dio.
369 2949 415 2986 Et
435 2963 496 2987 nos
518 2962 586 2986 non
606 2949 711 2985 [inem
731 2949 901 2986 faciemus
923 2949 1046 2987 eadem
1065 2950 1258 3000 clamandi,

276 3009 514 3059 memorandi,
541 3009 689 3046 docendi
705 3039 715 3058 ,
743 3010 920 3047 hortandi.
947 3012 1039 3048 Nam
1069 3012 1181 3049 multa
1210 3020 1261 3049 est

275 3072 500 3110 saecularium
522 3085 641 3108 rerum
660 3070 780 3120 turha,
799 3086 875 3121 quae
903 3071 937 3109 in
960 3071 1090 3111 horum
1108 3073 1260 3113 oblivio-

276 3149 357 3172 nem
377 3134 552 3186 conjiciat,
572 3146 612 3170 ae
632 3132 791 3170 doctrina
815 3133 987 3183 frequenti
1011 3143 1060 3171 est
1085 3150 1186 3186 opus.
1210 3137 1261 3173 Ne

323 3271 336 3284 ἢ
361 3265 485 3299 §aei-mu,
501 3260 547 3290 sic
562 3256 672 3290 omnia
685 3256 895 3299 exemplaria,
911 3256 966 3289 sed
980 3256 1152 3299 legendum
1165 3265 1283 3293 ἐκείνου.

280 3314 372 3354 [Mox
393 3317 441 3346 msa
464 3317 594 3349 ἐπιεικῶς
618 3309 719 3343 Savil.
745 3318 777 3341 et
803 3309 888 3342 Cod.
915 3312 980 3342 706
1005 3321 1043 3341 ex
1075 3322 1161 3343 corr.
1194 3311 1287 3343 Infra

281 3363 365 3396 Cod.
388 3364 451 3396 705
470 3369 588 3406 ἐκκόψαι
605 3373 666 3404 pio
683 3362 831 3405 ἐγκόψαι.]

327 3417 341 3440 ¹¹
368 3414 510 3456 Quidam
531 3421 554 3449 οἱ
573 3419 740 3452 asevian-5.
759 3413 895 3448 Utrovis
917 3412 1018 3446 modo
1036 3412 1138 3457 legas7
1158 3422 1286 3446 senten-

1321 1123 1437 1153 πτεις;
1451 1106 1619 1160 ἽἙρισε,
1631 1108 1692 1154 Μὴ
1713 1108 1922 1161 ἀνθυὸρίσῃς
1936 1125 1943 1132 ·
1958 1110 2032 1148 ἐπεὶ
2047 1110 2171 1148 σαυτὸν
2187 1109 2342 1164 ὕὸρισας.

1321 1166 1499 1214 ”Επληξε;
1521 1168 1582 1215 Μὴ
1601 1169 1826 1220 ἀντιπλήξῃς·
1849 1170 1923 1207 ἐπεὶ
1937 1170 1977 1207 τὸ
1996 1170 2156 1222 διάφορον
2180 1172 2343 1221 οὐδαμοῦ.

1321 1228 1520 1277 Ἐλύπησε,
1541 1229 1604 1275 Μὴ
1636 1229 1889 1281 ἀντιλυπήσης’
1921 1231 1996 1268 ἐπεὶ
2024 1231 2063 1268 τὸ
2097 1231 2216 1283 κέρδος
2237 1232 2344 1280 οὐδὲν,

1321 1288 1411 1327 ἀλλὰ
1431 1290 1572 1342 γέγονας
1594 1295 1607 1311 ³
1622 1290 1761 1328 ἐκείνων
1790 1290 1895 1328 πάλιν
1916 1290 1999 1334 ἴσος.
2020 1290 2144 1334 Οὕτως
2168 1291 2271 1330 αὐτὸν
2292 1295 2344 1330 ἐν-

1319 1351 1444 1404 τρέψαι
1465 1351 1612 1403 δυνήσῃ,
1637 1351 1675 1389 ἂν
1691 1351 1779 1402 μετὰ
1795 1351 1988 1404 πραότητος
2006 1351 2147 1404 ἐνέγκῃς
2163 1355 2324 1398 ἐπιεικῶς
2337 1369 2344 1377 ·

1320 1412 1425 1456 οὕτως
1453 1413 1554 1451 αὐτὸν
1588 1412 1811 1460 καταιδέσαι,
1834 1412 1942 1456 οὕτως
1973 1412 2074 1451 αὐτὸν
2105 1413 2251 1466 ἐγκόψαι
2282 1417 2346 1461 τῆς

1319 1477 1433 1526 ὀργῆς.
1451 1474 1575 1517 Οὐδεὶς
1594 1477 1693 1526 κακῷ
1712 1474 1818 1512 κακὸν
1837 1476 1931 1511 ἰᾶται
1944 1504 1954 1521 ,
1970 1474 2045 1512 ἀλλ’
2069 1477 2187 1526 ἀγαθῷ
2217 1475 2256 1513 τὸ
2284 1491 2345 1513 κα-

1319 1533 1391 1572 κόν.
1407 1536 1530 1572 Ταῦτα
1541 1536 1624 1587 παρ’
1645 1532 1799 1586 υΕλλησί
1813 1549 1902 1577 τινες
1914 1535 2163 1585 φιλοσοφοῦσιν.
2186 1535 2344 1585 Αἰσχυν-

1321 1594 1433 1642 θῶμεν
1450 1591 1574 1639 τοίνυν,
1596 1594 1625 1629 εἰ
1637 1594 1720 1644 παρ’
1745 1590 1898 1638 ἽΞλλησι
1917 1598 1987 1634 τοῖς
2008 1590 2164 1637 ἀνοήτοις
2175 1590 2345 1637 τοσαύτης

1318 1652 1423 1700 οὔσης
1458 1656 1518 1699 τῆς
1552 1652 1774 1704 φιλοσοφίας,
1803 1657 1905 1704 ἡμεῖς
1934 1653 2095 1696 ἐλάττους
2127 1652 2343 1704 φαινοίμεθα.

1321 1714 1453 1752 Πολλοὶ
1480 1715 1710 1762 ἠδικήθησαν,
1728 1714 1787 1752 καὶ
1811 1713 1979 1766 ἤνεγκαν·
2006 1714 2128 1752 πολλοὶ
2152 1715 2345 1765 ἐσυκοφαν-

1322 1775 1489 1823 τηθησαν,
1528 1775 1586 1813 καὶ
1615 1776 1676 1813 οὐκ
1707 1774 1884 1825 ἠμύναντο
1897 1791 1904 1798 ·
1943 1774 2254 1822 ἐπεὸουλεύθησαν,
2287 1774 2348 1812 καὶ

1322 1836 1567 1888 εὐηργέτησαν.
1587 1836 1670 1879 Δέος
1705 1836 1739 1873 δὲ
1764 1838 1801 1874 οὐ
1830 1836 1965 1888 μικρὸν,
2006 1834 2053 1886 μὴ
2086 1834 2220 1885 μείζους
2245 1838 2346 1886 ἡμῶν

1322 1914 1410 1941 τινες
1429 1899 1511 1950 παρ’
1534 1900 1647 1941 αὐτοῖς
1668 1897 1759 1936 κατὰ
1787 1897 1844 1936 τὸν
1869 1897 1941 1948 βίον
1975 1900 2157 1949 εὑρεθῶσι,
2184 1897 2244 1935 καὶ
2263 1913 2347 1950 σφο-

1324 1958 1485 2011 δροτέραν
1505 1962 1589 2009 ἡμῖν
1605 1957 1667 2005 τὴν
1685 1958 1826 1997 κόλασιν
1846 1957 2074 2011 ἐργάσωνται.
2095 1957 2209 1996 ‘'O-ccxv
2231 1958 2298 2012 γὰρ
2316 1962 2347 1997 οἱ

1324 2018 1528 2070 Πνεύματος
1549 2019 1823 2071 μετεσχηκότες,
1858 2022 1889 2057 οἱ
1920 2018 2099 2071 βασιλείαν
2128 2021 2347 2072 προσδοκῶν-

1324 2097 1398 2128 τες,
1417 2084 1447 2119 οἱ
1470 2080 1557 2134 ὑπὲρ
1571 2083 1638 2118 τῶν
1668 2083 1821 2132 οὐρανῶν
1843 2082 2127 2133 φιλοσοφοῦντες,
2149 2079 2207 2118 boi
2232 2079 2279 2132 μὴ
2297 2082 2350 2118 δε-

1325 2141 1474 2185 δοικότες
1512 2142 1671 2193 γέενναν,
1697 2146 1728 2180 οἱ
1759 2141 1978 2192 κελευόμενοι
2010 2141 2150 2193 ἄγγελοι
2175 2141 2350 2192 γίνεσθαι,

1325 2207 1356 2241 οἱ
1374 2203 1572 2256 μυστηρίων
1594 2203 1839 2248 ἀπολαύοντες,
1859 2202 1946 2253 μηδὲ
1969 2205 2015 2246 εἷς
2034 2202 2098 2248 τὴν
2127 2202 2234 2250 αὐτὴν
2255 2203 2349 2241 ἐκεί-

1325 2280 1395 2307 νοις
1412 2264 1597 2314 φθάσωμεν
1619 2262 1757 2314 ἀρετὴν,
1776 2263 1901 2301 (ποίαν
1923 2263 2040 2314 ἕξομεν
2059 2263 2286 2315 συγγνώμην,
2308 2265 2351 2300 Εἰ

1327 2325 1394 2378 γὰρ
1411 2324 1598 2368 Ἰουδαίους
1614 2323 1831 2376 ὓπερὸαίνειν
1854 2325 1922 2376 χρή
1952 2324 2058 2370 (Ἐὰν
2077 2324 2143 2376 γὰρ
2160 2323 2208 2374 μὴ
2224 2339 2350 2376 περισ-

1328 2387 1434 2438 σεύσῃ
1455 2389 1549 2437 ὑμῶν
1565 2390 1586 2433 ἡ
1609 2385 1807 2431 δικαιοσύνη
1822 2416 1831 2433 ,
1856 2386 1939 2437 φησὶ
1951 2416 1960 2433 ,
1979 2384 2083 2424 πλέον
2101 2389 2168 2423 τῶν
2184 2402 2350 2438 γραμμα-

1329 2448 1414 2486 τέων
1432 2447 1491 2485 ml
1510 2447 1717 2500 Φαρισαίων
1732 2477 1741 2494 ,
1761 2448 1798 2485 οὐ
1823 2446 1870 2497 μὴ
1888 2446 2065 2493 εἰσέλθητε
2094 2449 2141 2490 εἷς
2166 2446 2229 2494 τὴν
2251 2450 2351 2498 βασι-

1285 2516 1308 2546 C
1330 2509 1426 2547 λείαν
1446 2511 1514 2546 τῶν
1530 2511 1709 2561 οὐρανῶν),
1729 2508 1847 2559 πολλῷ
1865 2508 1995 2558 μᾶλλον
2016 2507 2205 2554 εΈλληνας·
2228 2509 2256 2545 εἰ
2273 2509 2350 2546 Φα-

1333 2569 1506 2622 ρισαίους,
1528 2571 1647 2621 πολλῷ
1675 2570 1805 2619 μᾶλλον
1831 2567 1908 2611 τοὺς
1933 2568 2106 2612 ἀπίστους.
2139 2570 2183 2607 Εἴ
2211 2568 2278 2622 γὰρ
2301 2569 2349 2619 μὴ

1331 2631 1553 2683 ὑπερὸάντων
1573 2633 1674 2681 ἡμῶν
1699 2630 1760 2677 τὴν
1775 2629 1913 2668 ἐκείνων
1941 2630 2131 2677 πολιτείαν,
2147 2631 2350 2669 ἀποκέκλει·

1332 2709 1411 2731 σται
1438 2692 1482 2730 τὰ
1514 2695 1576 2738 τῆς
1607 2691 1805 2743 βασιλείας·
1826 2690 1906 2729 ὅταν
1928 2691 1986 2728 καὶ
2015 2690 2195 2737 Ἑλλήνων
2221 2691 2351 2744 φαινώ-

1333 2758 1421 2805 μεθα
1444 2754 1596 2807 χείρους,
1615 2755 1688 2796 πῶς
1717 2751 1835 2802 ἕξομεν
1855 2751 1985 2797 ταύτης
2013 2754 2206 2804 ἐπιτυχεῖν;
2226 2755 2350 2791 Πᾶσαν

1329 2816 1440 2855 τοίνυν
1469 2814 1623 2868 πικρίαν,
1639 2813 1699 2851 καὶ
1714 2812 1831 2865 ὀργὴν,
1848 2813 1908 2850 καὶ
1929 2812 2034 2862 θυμὸν
2058 2813 2273 2863 ἐκὸάλωμεν.
2294 2813 2352 2851 Τὰ

1332 2875 1419 2915 αὐτὰ
1447 2875 1571 2927 λέγειν,
1598 2874 1674 2925 ἐμοὶ
1697 2873 1758 2924 μὲν
1792 2875 1853 2911 οὐκ
1885 2873 2042 2926 ὀκνηρὸν,
2075 2875 2154 2924 ὑμῖν
2177 2873 2212 2912 δὲ
2244 2877 2352 2926 ἀσφα-

1330 2938 1398 2981 λές.
1419 2936 1489 2975 Καὶ
1507 2936 1572 2988 γὰρ
1592 2935 1652 2973 καὶ
1673 2934 1783 2987 ἰατροὶ
1813 2937 1862 2986 τῷ
1890 2935 1983 2985 αὐτῷ
2004 2934 2173 2978 πολλάκις
2198 2938 2353 2987 χρῶνται

1332 2999 1520 3053 φαρμάκῳ.
1539 2997 1609 3035 Καὶ
1628 3000 1729 3046 ἡμεῖς
1744 2998 1780 3033 οὐ
1797 2994 2002 3045 παυσόμεθα
2018 2996 2062 3032 τὰ
2088 2995 2175 3033 αὐτὰ
2195 2999 2354 3048 ἐνηχοῧν-

1335 3083 1410 3114 τες,
1433 3063 1773 3116 ἀναμιμνήσκοντες,
1802 3062 2038 3111 διδάσκοντες,
2061 3064 2354 3115 παρακαλοῦντες.

1336 3133 1406 3174 Καὶ
1426 3132 1492 3185 γὰρ
1513 3130 1620 3175 πολὺς
1653 3133 1719 3168 τῶν
1753 3132 1922 3180 βιωτικῶν
1949 3130 2165 3182 πραγμάτιον
2187 3132 2205 3167 ὁ
2232 3129 2354 3181 ὄχλος,

1354 3260 1399 3291 t'1a
1415 3265 1558 3291 constat.
1569 3255 1683 3300 [Paulo
1697 3263 1773 3287 ante
1787 3263 1842 3290 τῶν
1856 3259 1996 3299 οὐρανίων
2012 3252 2114 3287 savit.
2128 3260 2160 3285 et
2174 3251 2282 3287 Codd.
2294 3264 2354 3286 no-

1353 3313 1426 3344 stri.
1439 3313 1450 3354 ]

1397 3374 1409 3388 c
1436 3363 1495 3395 Alii
1514 3364 1658 3396 inserunt
1677 3364 1762 3395 ποίαν
1778 3363 1812 3393 ἂν
1829 3360 1932 3393 ἐλπίδα
1949 3361 2058 3400 ἕξωμ-ςν
2072 3357 2156 3398 [sic]
