2522 3683
147 974 258 1002 Matth.

144 1013 195 1042 26.

141 1465 325 1498 ᾹῘιιὶίΙι,8.8.

146 2818 220 2846 lsai.

149 3055 219 3081 Gal.

236 2824 309 2846 1.2.

235 3063 311 3091 ,1.7.

280 972 330 1002 26.

348 196 439 253 854

345 305 406 328 1105
433 295 571 339 transit,
591 291 653 342 qui
679 304 748 329 non
766 291 924 329 vidimus
942 305 1036 343 eum,
1053 298 1087 329 et
1107 290 1323 329 credidimus

343 354 380 390 in
396 354 524 404 ipsum.
544 353 644 390 Beati
667 367 818 403 namque
843 362 936 402 sunt,
954 354 1014 403 qui
1035 353 1106 391 fide
1128 353 1252 392 vident
1269 352 1324 389 in-

342 413 521 452 visibilem
542 429 549 450 :
568 414 663 453 beati
682 428 757 463 vos,
778 415 836 464 qui
857 414 893 451 in
913 414 1177 452 celebritatibus
1197 414 1324 465 singu—

342 475 386 512 lis
400 474 528 513 videtis
545 489 640 524 eum,
661 475 722 526 qui
740 475 851 512 oeulis
866 475 1013 519 offertis,
1034 489 1092 513 ore
1117 475 1325 527 complecti-

344 536 443 581 mini,
459 536 625 574 dentibus
646 535 764 584 editis,
782 550 844 573 nec
866 536 1084 574 consumitis.
1101 538 1132 575 O
1156 535 1327 589 stupenda

344 596 532 649 mysterial
550 611 570 634 0
586 596 767 634 tremenda
781 594 967 648 mysteria!
983 597 1054 642 Qui
1068 596 1163 634 sedet
1178 597 1225 634 ad
1237 597 1329 634 dex-

344 667 456 695 teram
482 657 612 705 Patris,
632 657 668 694 in
700 666 925 708 peccatorum
948 656 1095 695 dextera
1122 657 1325 707 invenitur,

345 727 379 755 et
398 718 458 768 qui
484 717 529 755 ab
555 718 688 768 angelis
712 718 921 765 celebratur,
944 732 964 755 a
985 718 1138 756 sordidis
1164 719 1328 756 manibus

344 789 496 829 tenetur,
514 788 547 816 et
570 779 607 816 id
634 779 777 826 ‘tolera13
797 779 931 830 patitur
954 788 993 816 ut
1014 779 1153 831 indigni
1180 781 1272 819 servi
1293 794 1329 818 se

342 843 469 880 ferant.
485 843 563 880 Non
577 841 668 893 fugit
684 840 843 879 nostrum
861 850 1085 893 peecatorum
1102 856 1241 891 manus,
1261 856 1329 880 non

344 904 438 955 fugit
454 903 637 941 damnatos
658 903 802 954 digitos,
823 902 964 954 figlinos
984 917 1052 941 non
1070 903 1219 940 conterit
1235 903 1330 954 Opi-

345 965 421 1013 fex,
439 964 499 1003 sed
524 965 598 1017 ipse
624 964 787 1001 hortatur
805 972 838 1001 et
855 963 942 1001 dicit
962 980 970 1000 z
992 963 1186 1015 Accipite,
1201 977 1330 1001 come-

346 1028 449 1064 dite.-
465 1030 639 1078 aecipice‚
671 1029 797 1063 bibite.
824 1026 954 1063 Inferte
982 1039 1108 1063 manus
1133 1034 1278 1075 vestras,
1299 1034 1332 1062 et

344 1088 475 1126 mittite
501 1088 538 1125 in
570 1089 662 1124 latus
688 1100 819 1135 meum,
840 1095 874 1123 et
903 1086 1072 1124 membris
1101 1099 1221 1123 omnes
1242 1085 1330 1124 meis

341 1148 516 1187 fruimini.
537 1147 793 1197 Quodcumque
821 1146 1023 1184 membrum
1051 1145 1272 1198 acceperitis,
1294 1146 1330 1184 in

342 1223 381 1247 eo
409 1224 489 1247 sum
513 1218 620 1257 totus,
638 1207 701 1258 qui
726 1221 747 1244 a
772 1207 914 1245 Thema
944 1215 1057 1244 tactus
1078 1207 1142 1244 suit
1173 1206 1331 1244 Acceda-

340 1284 420 1307 mus
438 1270 549 1321 igitur
567 1283 686 1306 omnes
705 1282 794 1320 pure
809 1267 856 1305 ad
872 1281 1003 1319 purum
1023 1283 1030 1303 :
1052 1275 1180 1305 etcum
1195 1267 1328 1305 Domi-

340 1346 426 1369 num
455 1339 614 1368 nostrum
640 1329 890 1381 acceperimus,
910 1343 953 1366 ne
981 1328 1099 1365 subito
1123 1328 1329 1366 contemtim

339 1393 443 1430 illum
469 1392 649 1439 adeamus,
667 1390 728 1429 sed
762 1390 908 1427 seorsim
936 1389 1150 1439 recedentes,
1172 1390 1237 1427 soli
1264 1404 1328 1428 50-

339 1455 414 1492 111111
444 1454 691 1492 Redemtorem
718 1452 767 1489 sic
794 1451 1019 1501 alloquamur
1046 1466 1053 1487 :
1076 1451 1240 1500 Domine,
1258 1465 1328 1489 non

340 1532 461 1555 sumus
479 1516 592 1567 digni,
610 1525 650 1552 ut
671 1515 778 1552 intres
802 1513 868 1551 sub
888 1522 1019 1550 tectum
1047 1513 1247 1551 animarum
1263 1527 1329 1551 no-

339 1588 503 1617 strarum.
524 1576 595 1616 Sed
614 1576 698 1627 quia
718 1585 757 1613 tu
775 1575 831 1613 vis
852 1589 872 1612 a
889 1574 991 1611 nobis
1009 1573 1138 1622 teneri,
1155 1583 1189 1611 et
1208 1583 1330 1626 utpote

338 1639 513 1690 benignus
543 1638 579 1675 in
598 1637 700 1675 nobis
717 1636 894 1685 babitare,
918 1649 1000 1673 cum
1023 1634 1155 1672 fiducia
1185 1635 1328 1673 accedi—

339 1715 420 1738 mus
435 1699 589 1737 dicentes
612 1714 619 1733 :
639 1698 677 1735 Si
700 1697 790 1747 quid
806 1696 966 1748 jusseris,
987 1696 1150 1744 Domine,
1170 1695 1241 1734 oris
1263 1710 1327 1734 no-

340 1760 403 1799 stri
432 1761 559 1812 januas
592 1758 809 1810 aperiemus,
837 1771 924 1808 quas
961 1766 1000 1801 tn
1038 1757 1174 1794 creasti.
1211 1758 1329 1795 Intras

340 1822 435 1859 enim
461 1836 542 1859 eum
569 1819 800 1871 benignitate,
820 1818 872 1856 uti
899 1819 988 1856 soles
997 1833 1008 1868 5
1031 1818 1141 1856 intras
1160 1827 1193 1856 et
1221 1818 1330 1860 solvis

341 1884 568 1935 iniquitatum
590 1882 753 1931 vincula,
780 1881 888 1918 intras
918 1889 950 1917 et
968 1879 1150 1917 illuminas
1170 1880 1329 1918 tenebro-

341 1961 397 1984 sas
415 1945 644 1996 cogitationes
663 1952 814 1980 nostras.
838 1941 1038 1991 Credimus,
1057 1942 1225 1993 Domine,
1245 1952 1277 1981 te
1292 1943 1331 1982 id

341 2008 517 2045 facturum
546 2020 629 2043 esse.
651 2006 772 2055 Neque
800 2003 894 2040 enim
920 2002 1140 2040 meretricem
1167 2018 1247 2041 eum
1278 2005 1331 2042 la-

341 2069 473 2121 crymis
494 2067 716 2106 accedentem
742 2074 923 2104 aversatus
942 2078 988 2113 es,
1009 2078 1072 2102 nec
1098 2064 1331 2117 publicanum

341 2131 568 2182 poenitentem
594 2126 765 2179 repulisti,
782 2140 846 2163 nee
865 2125 1037 2163 latronem
1059 2139 1208 2177 regnum
1227 2136 1331 2165 tuum

340 2199 586 2242 agnoscentem
615 2187 790 2239 abjecisti,
811 2200 871 2224 nec
897 2196 1187 2238 persequutorem
1213 2189 1329 2240 poeni-

339 2262 472 2291 tentem
494 2252 527 2289 in
551 2250 700 2304 pristino
725 2258 817 2287 statu
840 2247 1013 2298 reliquisti
1025 2263 1034 2297 3
1052 2247 1115 2285 sed
1129 2248 1195 2287 1105
1210 2264 1332 2288 omnes

340 2330 403 2367 per
430 2312 673 2366 poenitentiam
703 2320 735 2348 te
765 2308 1033 2357 convenientes,
1068 2309 1102 2346 in
1135 2309 1331 2348 amicorum

340 2385 484 2413 tuorum
509 2374 615 2411 choro
642 2371 866 2410 eonstituisti.
890 2370 982 2407 Cum
1003 2370 1060 2407 tali
1086 2371 1282 2423 precatione
1299 2381 1331 2410 et

340 2451 431 2488 puro
457 2435 573 2472 animo
593 2433 743 2471 caelestia
767 2445 950 2469 sumamus
976 2431 1172 2483 mysteria,
1203 2441 1237 2469 et
1269 2447 1332 2471 nos

341 2507 534 2550 temperata
559 2496 633 2535 vita
663 2494 880 2541 muniamus,
903 2507 1014 2544 neque
1041 2493 1188 2545 prodeat
1217 2509 1331 2533 sermo

342 2560 457 2611 turpis
486 2557 661 2610 perviam
680 2570 749 2606 qua
770 2556 877 2592 intrat
905 2554 1070 2592 Christus
1094 2555 1270 2593 Dominus
1298 2566 1331 2594 et

342 2622 440 2657 Deus
459 2629 586 2657 noster.
607 2619 684 2655 Hoc
709 2617 792 2656 vitae
820 2616 1022 2654 institutum
1049 2625 1082 2654 et
1105 2631 1167 2656 vos
1189 2616 1328 2669 ineatis,

343 2682 403 2732 qui
428 2695 544 2719 recens
557 2677 747 2718 illuminati
764 2677 847 2715 estis
863 2692 870 2713 :
888 2677 1096 2716 reveremini
1114 2677 1248 2716 doloris
1263 2693 1330 2718 ex—

346 2751 459 2793 pertes
478 2741 622 2793 piscinae
650 2748 785 2792 partus,
805 2751 916 2789 neque
935 2738 1074 2777 violetis
1089 2737 1234 2778 divinos
1256 2741 1331 2792 ejus

345 2803 451 2847 setus,
472 2816 514 2839 ne
542 2810 663 2838 contla
687 2814 751 2839 vos
774 2799 851 2837 haec
869 2800 1054 2851 profelat.
1076 2800 1202 2838 Filios
1216 2804 1332 2853 genui

1298 208 1469 238 spumA.

1393 290 1508 339 ἥλων,
1531 292 1568 328 06
1589 289 1637 340 μὴ
1657 289 1845 329 πιστεύσω.
1863 289 2004 334 Ἅπαξ’
1986 289 2203 339 ηπίστησας,
2220 289 2312 336 ἅπαξ
2336 293 2421 343 ἐψη-

1395 343 1574 394 λᾶφησας,
1614 341 1705 386 ἅπαξ
1744 341 1965 385 ἐπίστευσας·
2001 342 2152 407 κήρυττε
2178 343 2298 381 λοιπὸν
2333 344 2423 410 ἅπερ

1349 399 1373 430 C
1395 395 1625 448 παρείληφας.
1651 394 1830 461 Μακάριοι
1853 394 1938 463 γΗὰρ
1937 396 1967 432 οἱ
1983 394 2108 439 ἰδόντες
2124 411 2184 445 με,
2200 396 2260 433 καὶ
2280 395 2423 433 πιστεύ-

1398 463 1535 491 σαντες·
1572 447 1821 512 τρισμακάριοι
1850 447 1885 485 δὲ
1908 450 1940 512 οἱ
1961 446 2011 502 μὴ
2034 447 2160 490 ἰδόντες
2188 463 2253 498 με,
2281 464 2341 485 και
2360 464 2424 485 πι-

1397 499 1614 544 στεύσαντες.
1640 499 1685 538 O
1720 499 1941 568 μακαρισμὸς
1974 504 2029 538 οὖν
2051 503 2168 546 οὗτος,
2191 500 2349 567 ἀδελφοι,
2377 503 2426 544 εἰς

1397 556 1491 603 ἡμᾶς
1516 552 1685 591 διαὸαίνει
1704 552 1783 594 τοὺς
1803 551 1851 602 μὴ
1885 552 2117 603 θεασαμένους
2143 552 2261 598 αὐτὸν,
2289 552 2348 589 καὶ
2368 569 2424 591 πι-

1398 605 1605 649 στεύσαντας
1625 607 1672 648 εἰς
1692 604 1806 643 αὐτόν.
1825 604 2003 670 Μακάριοι
2022 604 2089 658 γὰρ
2102 608 2133 643 οἱ
2146 621 2189 655 τῃ
2209 605 2326 642 πίστει
2348 604 2425 656 βλε-

1398 674 1519 701 ποντες
1540 674 1596 696 τον
1615 657 1783 710 ἀόρατον·
1804 657 1970 723 μακάριοι
1988 660 2106 708 ὑμεῖς,
2122 660 2153 695 οἱ
2170 660 2246 695 καθ’
2272 657 2423 704 ἑκάστην

1396 727 1588 763 πανηγυριν
1600 713 1751 778 ὁρῶντες
1773 710 1888 754 αὐτὸν,
1909 709 1968 746 καὶ
1990 716 2059 753 τοῖς
2072 711 2260 773 ὀφθαλμοῖς
2274 709 2423 761 προσφέ-

1400 779 1531 816 ροντες,
1554 779 1612 801 και
1624 769 1694 807 τοῖς
1711 763 1879 813 στόμασιν
1895 761 2146 813 ἀσπαζόμενοι,
2168 761 2227 799 καὶ
2241 767 2312 805 τοῖς
2328 763 2424 799 ὁδου·

1400 832 1453 855 σιν
1470 816 1666 884 &cOiovrsiy
1675 832 1735 853 και
1758 815 1805 866 μὴ
1826 793 2171 857 καταναλίσκοντες,Α
2155 828 2190 852 ον
2209 814 2352 852 ἐσθίετε.
2373 812 2421 851 Ὢ

1400 868 1627 936 μυστηρίων
1632 867 1746 916 ξένων,
1775 885 1803 905 (1
1834 867 2033 933 μυστηρίων
2052 869 2218 935 φρικτῶν.
2248 866 2422 912 Ὁκαθή-

1402 938 1501 972 μενος
1518 924 1551 959 ἐν
1574 920 1667 972 δεξιοί
1691 925 1750 958 τοῦ1
1768 920 1958 972 Πατρὸς,
1944 935 1978 956 εν
1997 926 2072 962 ταῖς
2089 919 2212 963 δεξιαῖς
2232 919 2428 984 εὑρίσκεται

1400 977 1468 1011 τΓ1ν
1492 975 1730 1041 ἁμαρτωλῶν·
1747 973 1807 1011 καὶ
1829 977 1846 1011 ὃ
1868 972 1965 1023 παρὰ
1983 974 2051 1010 τῶν
2074 972 2263 1023 ἀγγέλων
2251 971 2428 1022 υμνούμε-

1400 1040 1475 1073 νος,
1502 1024 1600 1076 παρὰ
1613 1029 1782 1091 ρυπαρῶν
1798 1031 1978 1076 κρατεῖται
1997 1026 2137 1089 χειρῶν,
2158 1040 2217 1062 και
2232 1039 2273 1076 φε
2278 1040 2348 1090 ρει,
2367 1039 2427 1075 φε-

1402 1077 1542 1142 ρόμενος
1564 1077 1630 1115 ὑπὸ
1654 1080 1722 1115 τῶν
1741 1077 1887 1121 ἀναξίων
1906 1079 2007 1115 αὐτου
2031 1076 2160 1114 δούλων
2178 1077 2292 1129 φέρειν
2311 1076 2426 1115 αὐτόν.

1400 1132 1452 1168 06
1473 1129 1591 1182 φεύγει
1607 1129 1668 1173 τὰς
1687 1128 1913 1195 ἁμαρτωλους
1931 1129 2132 1179 παλά(1.ας“
2116 1132 2235 1177 ημῶν,
2254 1131 2290 1167 06
2312 1129 2396 1181 φεύγ
2375 1145 2429 1180 γει

1398 1181 1477 1226 τους
1496 1181 1725 1234 κατακρίτους
1741 1181 1947 1227 δακτύλους,
1970 1183 2007 1219 06
2033 1180 2207 1246 συντρίὸει
2222 1180 2301 1224 τους
2321 1180 2429 1227 πηλί-

1399 1251 1476 1278 νους
1509 1238 1527 1273 ὁ
1555 1222 1724 1282 ποιητὴς,
1748 1237 1823 1272 ἀλλ’
1846 1233 1948 1278 αὐτος
1967 1232 2200 1300 προτρέπεται
2225 1233 2283 1271 καὶ
2316 1233 2427 1284 λέγει·

1399 1287 1556 1336 Λάὸετε,
1578 1286 1723 1353 φάγετε·
1751 1287 1897 1334 λάὸετε,
1921 1286 2037 1324 πίετε·
2068 1286 2190 1339 φέρετε
2221 1286 2283 1330 τὰς
2309 1291 2430 1338 χεῖρας

1398 1342 1508 1391 ὑμῶν,
1535 1340 1593 1379 καὶ
1613 1339 1737 1391 βάλετε
1751 1342 1798 1382 εἰς
1818 1338 1881 1386 τὴν
1900 1338 2050 1391 πλευράν
2065 1354 2147 1386 μου,
2168 1354 2228 1377 και
2246 1341 2315 1376 τῶν
2336 1340 2429 1389 ἐμῶν

1398 1409 1689 1460 κατατρυφησατε
1707 1392 1834 1436 πάντες
1852 1394 1978 1443 μελῶν.
1998 1390 2117 1459 Όπερ
2135 1390 2203 1443 γαρ
2219 1391 2277 1429 εὰν
2295 1391 2428 1437 λάὸητε

1399 1445 1557 1496 μέλος,
1542 1462 1576 1483 εν
1597 1445 1717 1497 ἐκείνῳ
1736 1444 1813 1488 όλος
1842 1444 1933 1494 εἰμι,
1950 1448 1967 1482 ὁ
1989 1443 2085 1496 παρὰ
2102 1459 2160 1481 του
2177 1446 2294 1494 Θωμα
2313 1445 2430 1495 ψηλα-

1399 1498 1528 1550 φηθείς.
1559 1496 1845 1562 Προσερχ()μεθα
1873 1497 1984 1534 τοίνυν
2005 1497 2154 1539 ἅπαντες
2182 1499 2342 1565 καθαρῶς
2374 1499 2427 1549 τῷ

1399 1553 1562 1619 καθαρῷ,
1580 1566 1640 1589 και
1662 1550 1842 1602 δεχόμενοι
1860 1550 1917 1588 τὸν
1937 1549 2106 1601 ἡμέτερον
2126 1548 2274 1600 Κύριον,
2297 1547 2345 1600 μὴ
2369 1535 2428 1586 εὐ-

1400 1603 1518 1647 θέως“
1497 1620 1571 1654 αμα
1588 1606 1638 1641 τΓ)
1658 1603 1820 1647 δέξασθαι
1842 1605 2150 1668 καταφρονητικῶς
2165 1603 2262 1666 αὐτῷ
2277 1616 2425 1666 προσερ-

1399 1656 1567 1707 χώμεθα,
1597 1642 1687 1694 ἀλλὰ
1716 1657 1974 1706 ἀναχωρουντες
1990 1671 2056 1692 κατ
2089 1654 2195 1701 ἰδίαν,
2217 1653 2318 1704 μόνος
2334 1653 2429 1706 μόνω

1400 1709 1640 1777 διαλεγόμενοι
1659 1710 1709 1746 τΓ)
1725 1710 1884 1758 λυτρωτῃ
1904 1707 2079 1774 λέγωμεν·
2101 1706 2228 1772 Κύριε,
2250 1707 2310 1744 οὐκ
2325 1706 2428 1756 ἐσμὲν

1400 1761 1489 1805 ἄξιοι
1513 1761 1627 1800 ἱκανοὶ
1654 1760 1710 1799 ι’να
1731 1760 1920 1811 εἰσέλθῃς
1909 1759 1976 1798 υπὸ
1995 1758 2057 1805 τὴν
2075 1758 2200 1811 στέγην
2216 1761 2284 1797 τῶν
2304 1759 2430 1810 ἢμετέ-

1402 1830 1469 1866 ρων
1486 1816 1627 1867 ψυχῶν·
1645 1812 1723 1851 ἀλλ
1740 1802 1860 1860 ἐπειδὴ
1890 1828 1930 1850 συ
1962 1811 2075 1879 βούλει
2109 1815 2311 1863 κρατεῖσθαι
2333 1813 2429 1878 παρ’

1399 1868 1515 1916 ἡμῶν,
1540 1865 1659 1913 ἐπειδὴ
1697 1881 1737 1904 συ
1775 1864 1884 1908 θέλεις
1911 1866 1958 1908 ὡς
1989 1864 2230 1930 φιλάνθρωπος
2260 1866 2364 1902 οἰκεῖν
2395 1867 2429 1901 ἐν

1405 1934 1455 1969 qv
1461 1936 1503 1964 ιν
1525 1918 1578 1957 σοὶ
1600 1920 1802 1970 θαρρουντες
1819 1917 2103 1983 προσερχόμεθα,
2125 1915 2178 1954 σοὶ
2192 1917 2369 1967 λέγοντες·
2401 1933 2431 1954 ει

1402 1987 1437 2009 τι
1462 1971 1632 2017 κελεύεις,
1662 1971 1843 2018 Δέσποτα,
1869 1970 2143 2020 ἀναπετάσωυιεν
2163 1972 2231 2007 τῶν
2248 1969 2430 2020 στομάτων

1401 2026 1502 2090 ῃμῶν
1530 2024 1591 2068 τὰς
1623 2023 1758 2071 πύλας,
1784 2023 1823 2067 ἃς
1843 2038 1884 2060 συ
1911 2022 2012 2073 μόνος
2032 2007 2320 2073 ἐδημιούργησας.
2346 2023 2431 2059 Εἰσ-

1402 2076 1488 2144 ε’ρχῃ
1520 2076 1587 2129 γὰρ
1622 2076 1711 2127 μετὰ
1730 2075 1989 2142 φιλανθρωπίας
2013 2077 2058 2118 ὡς
2087 2075 2260 2126 πέφυκας·
2278 2073 2428 2138 εἶσέρχῃ

1401 2145 1460 2167 και
1481 2130 1572 2173 λύεις
1590 2129 1668 2173 τους
1684 2132 1752 2167 τῶν
1774 2127 2008 2179 ἀνομημάτων
2032 2127 2199 2178 δεσμούς·
2215 2126 2356 2178 εισέρχῃ
2371 2127 2430 2164 καὶ

1402 2183 1558 2234 φωτίζεις
1590 2198 1668 2225 τους
1697 2180 1960 2231 εσκοτισμένους
1991 2182 2091 2230 ἡμῶν
2120 2179 2319 2229 λογισμούς.
2356 2180 2430 2217 Πι-

1403 2235 1590 2285 στεύουεν,
1616 2234 1741 2300 Κύριε,
1763 2237 1808 2277 ὡς
1828 2237 1928 2271 τοῦτο
1946 2233 2116 2280 ποιήσεις.
2139 2232 2230 2269 Οὔτε
2249 2231 2317 2284 γὰρ
2338 2231 2430 2313 πόρ-

1401 2303 1462 2334 νην
1491 2288 1580 2338 μετὰ
1606 2287 1763 2353 δακρύων
1782 2284 2040 2352 προσελθουσάν
2070 2300 2124 2323 σοι
2143 2283 2332 2351 ἀπέφυγες,
2352 2283 2430 2322 οὐδὲ

1402 2339 1553 2386 τελώνην
1584 2354 1849 2389 μετανοησαντα
1868 2337 2065 2384 ἀπεὸάλου,
2092 2336 2168 2374 οὐδὲ
2195 2335 2362 2387 λῃστὴν’
2348 2352 2428 2374 επι-

1401 2391 1528 2441 γνόντα
1552 2391 1615 2438 τὴν
1632 2408 1694 2438 σην
1718 2390 1897 2445 βασιλείαν
1919 2389 2081 2443 ἐοίωζας,
2101 2388 2178 2427 οὐδὲ
2195 2388 2344 2434 διώκτην
2362 2404 2429 2438 με-

1401 2460 1621 2491 τανοησαντα
1644 2443 1828 2485 κατέλιπες
1856 2447 1943 2480 εἰναι
1961 2442 1978 2480 ο
1996 2446 2056 2490 ἠν,
2078 2440 2168 2479 ἀλλὰ
2184 2440 2323 2484 τούτους
2343 2440 2429 2479 πάν-

1402 2513 1464 2539 τας
1481 2498 1547 2535 ὑπὸ
1566 2513 1629 2543 της
1643 2496 1826 2548 μετανοίας
1845 2509 1898 2534 σοι
1913 2494 2190 2563 προσαχθέντας,
2212 2509 2245 2531 εν
2265 2496 2315 2545 τΓ)
2334 2496 2430 2560 χορῷ

1402 2552 1470 2588 τῶν
1489 2552 1557 2588 σῶν
1575 2549 1682 2602 φίλων
1707 2547 1908 2592 κατέταξας.
1931 2546 2034 2585 Μετὰ
2059 2545 2222 2593 τοιαύτης
2247 2547 2352 2598 εὖχης
2371 2545 2429 2583 καὶ

1402 2604 1517 2654 ψυχης
1538 2606 1707 2670 καθαρᾶς
1720 2605 1788 2640 τῶν
1811 2599 1976 2654 οὐρανίων
2001 2597 2199 2651 μυστηρίων
2222 2598 2430 2649 μεταλάὸω-

1403 2670 1480 2704 μεν,
1500 2655 1558 2693 καὶ
1577 2655 1641 2707 βίῳ
1664 2654 1815 2707 σώφρονι
1836 2668 1917 2719 περι
1948 2651 2138 2718 ράξωμεν(
2125 2651 2284 2699 εαυτους,
2307 2666 2365 2688 και
2381 2650 2429 2701 μὴ

1402 2707 1595 2773 ἐξερχέσθιι)
1613 2706 1713 2758 λόγος
1733 2709 1817 2758 αἰσγ
1820 2705 1875 2757 ρὸς
1887 2735 1896 2752 ,
1915 2708 1991 2744 ὅθεν
2005 2704 2201 2770 εἰσέρχεται
2216 2706 2233 2741 ὁ
2248 2703 2399 2755 Χριστος
2413 2706 2432 2742 6

1403 2758 1531 2826 Κύριος
1547 2760 1606 2798 καὶ
1626 2759 1714 2802 Θεος
1733 2762 1846 2809 ἡμῶν.
1866 2759 1899 2795 Γ
1902 2772 2041 2804 οιαυτην
2060 2756 2237 2794 πολιτείαν
2259 2755 2346 2794 καὶζ
2333 2760 2432 2806 υμεῖς

1404 2812 1615 2864 μετέρχεσθε
1628 2814 1659 2850 οἱ
1676 2810 1922 2863 νεοφώτιστοι·
1942 2808 2122 2855 αἰδέσθητε
2146 2807 2209 2851 τὰς
2238 2807 2430 2851 ἀνωδύνους

345 2872 381 2901 et
395 2864 583 2906 maltam)-
605 2863 677 2912 ipsi
697 2869 825 2898 autem
848 2869 1071 2911 spreverunt
1093 2875 1162 2898 me.
1178 2861 1329 2899 Nomina
1343 2882 1389 2907 213
1403 2866 1527 2908 ὠδῖνας
1545 2868 1607 2911 τῆς
1623 2864 1913 2928 κολυμὸήθρας,
1903 2877 1962 2900 και
1983 2860 2031 2912 μὴ
2050 2860 2258 2928 ἀθετήσῃτε
2257 2860 2320 2907 τὴν
2336 2860 2430 2898 θείαν

343 2934 458 2964 vestii
476 2923 605 2973 scripta
632 2930 712 2957 sunt
738 2921 772 2957 in
792 2920 904 2968 cmlis·
921 2934 964 2957 ne
980 2920 1107 2958 1ῖο111111
1125 2936 1189 2960 vos
1209 2922 1244 2959 in
1263 2936 1329 2961 VO-
1353 2919 1379 2948 Λ
1404 2918 1510 2963 αὐτης
1533 2916 1693 2983 λοχείαν,
1724 2916 1781 2954 ἵνα
1809 2914 1857 2965 μὴ
1881 2914 1974 2981 εἴπῃ
1994 2913 2052 2951 καὶ
2086 2912 2165 2950 καθ
2185 2915 2299 2964 ὑμῶν·
2328 2911 2432 2956 Υἱους

344 2986 524 3037 luptitum
558 2995 655 3018 ceeno
685 2980 874 3029 voluntis,
903 2994 946 3018 ne
973 2981 1154 3032 apostolus
1182 2982 1330 3020 Domini

346 3046 479 3084 Paulus
516 3043 618 3080 vobis
648 3041 837 3090 exprobret
875 3041 1030 3079 clamans
1065 3057 1072 3078 :
1107 3043 1330 3081 Currebatis

347 3111 455 3151 110110,-
472 3107 556 3158 quis
576 3117 647 3140 vos
665 3102 859 3152 impedivit
877 3116 954 3138 non
969 3104 1122 3141 obedire
1142 3107 1330 3142 veritati?

343 3168 507 3208 Exuistis
519 3163 686 3204 candidas
705 3162 823 3209 stolas,
835 3162 894 3199 sed
910 3176 951 3199 ne
969 3163 1076 3200 simul
1091 3165 1229 3202 exuatis
1243 3180 1330 3203 can-

343 3233 465 3270 dorem
488 3229 689 3267 animarum
711 3232 921 3263 vestrarum.
945 3223 1045 3261 Hane
1066 3225 1193 3262 stolam
1212 3226 1242 3263 si
1261 3240 1331 3264 non

344 3293 524 3341 exueritis,
540 3304 642 3329 nemo
654 3289 728 3341 jam
743 3300 806 3326 vos
817 3300 944 3324 exuere
954 3286 1092 3338 poterit.
1109 3289 1250 3325 Manete
1267 3288 1332 3339 igi-

346 3366 403 3392 tur
419 3367 555 3404 semper
577 3363 694 3388 recens
712 3346 920 3394 illuminati,
934 3355 971 3383 ut
985 3346 1125 3383 beatam
1145 3347 1244 3384 illam
1265 3362 1327 3386 vo-

148 3429 258 3457 mam„
281 3428 423 3458 23.c(·1n
450 3413 572 3452 audire
598 3407 800 3449 mercamini
823 3423 827 3443 :
852 3408 996 3454 Venite,
1033 3408 1221 3445 benedicti
1247 3410 1329 3446 Pa-

148 3471 201 3506 5³¹4.

1402 2968 1569 3020 ἐγέννησα
1584 2970 1643 3007 καὶ
1663 2969 1805 3035 ὕψωσα,
1820 2966 1917 3005 αὐτοι
1938 2965 1974 3003 δέ
1991 2981 2034 3016 με
2046 2964 2230 3011 ἠθέτησαν.
2251 2967 2313 3003 ’Fv
2332 2966 2434 3018 οὖρα-

1402 3028 1470 3064 νοῖς
1490 3024 1585 3072 ὑμῶν
1609 3021 1872 3072 ἀναγέγραπται
1894 3018 1937 3056 τὰ
1967 3017 2141 3068 ὀνόματα·
2174 3017 2222 3067 μὴ
2255 3017 2359 3055 πάλιν
2382 3019 2432 3068 τΓ)

1404 3074 1561 3139 βορὸόρω
1593 3077 1661 3112 τῶν
1684 3075 1813 3120 ἡδονῶν
1843 3070 1983 3113 ἑαυτους
2006 3069 2232 3121 ἐγκυλίσητε,
2259 3068 2314 3106 ι’να
2338 3069 2386 3120 μὴ
2414 3055 2432 3107 Ιὁ

1403 3126 1594 3170 ἀπόστολος
1624 3143 1682 3164 του
1711 3123 1839 3189 Κυρίου
1868 3125 2005 3166 Παῦλος
2036 3126 2117 3172 ὑμῖν
2136 3121 2284 3172 ὀνειδίσῃ
2320 3124 2429 3172 βοῶν·

1402 3178 1590 3231 Ἐτρέχετε
1616 3179 1750 3220 καλῶς·
1772 3176 1823 3220 τίς
1848 3177 1938 3226 ὑμᾶς
1975 3175 2115 3226 ἐνέκοψε
2147 3191 2189 3225 τῃ
2217 3173 2362 3226 ἀληθεία
2382 3173 2430 3223 μὴ

1403 3237 1603 3284 πείθεσθαι,
1618 3235 1848 3275 Ἀπεδύσασθε
1877 3233 1938 3278 τὰς
1956 3232 2082 3276 λευκὰς
2101 3232 2242 3277 στολὰς,
2271 3230 2361 3269 ἀλλὰ
2383 3231 2430 3282 μὴ

1404 3295 1688 3341 συναποδύσησθε
1703 3293 1764 3341 τὴν
1781 3292 1975 3368 λευκότῃτα
1991 3294 2058 3329 τῶν
2075 3291 2224 3343 ψυχῶν
2212 3291 2322 3339 υμῶν.
2339 3289 2431 3327 Ἰαύ-

1404 3369 1467 3400 την
1482 3354 1550 3405 γὰρ
1569 3353 1630 3400 τὴν
1653 3352 1814 3398 στολὴν
1800 3351 1858 3390 εὰν
1877 3352 1924 3401 μή
1946 3354 2042 3401 ὑμεῖς
2065 3348 2302 3394 ἀποδύσησθε,
2323 3347 2431 3389 οὐδεὶς

1405 3414 1492 3459 υυοίς
1514 3411 1647 3453 ἄλλος
1630 3426 1799 3449 αποουσαι
1821 3409 2017 3455 ουνήσεται.
2043 3406 2192 3446 Μείνατε
2213 3401 2268 3444 οὖν
2283 3407 2431 3444 διαπαν-
