2481 3678
700 196 740 224 lx
778 195 986 225 JOANNEM
1024 195 1179 226 HOMIL.

89 279 190 329 θῆρα,
221 277 351 329 ἀθρόως
383 280 405 323 ἡ
439 276 532 329 πυρὰ
551 276 636 327 πρὸς
665 277 704 314 το
730 276 813 328 ὕψος
842 277 957 330 ᾔρετο.
979 278 1026 315 Οἱ
1045 277 1113 329 γὰρ

86 338 154 388 πρὸ
172 337 292 376 τούτου
321 337 407 388 μηδὲ
432 336 660 389 προσέχοντες
679 344 748 382 τοῖς
776 338 992 389 λεγομένοις,
1013 337 1114 376 ὕστε-

88 413 142 450 ρον
175 398 334 450 λέγουσι·
374 398 499 436 Πάντα
527 397 592 436 ὅσα
630 392 724 437 εἶπεν
775 398 960 445 Ἰωάννης,
998 399 1111 443 ἀληθῆ

88 460 194 496 ἐστιν.

137 518 293 562 ““”Αλλως
312 518 347 558 δὲ
366 519 426 558 καὶ
447 522 476 557 εἷ
494 524 705 574 περινοστῶν
727 525 837 559 ταῦτα
855 519 984 570 ἔλεγεν,
1001 515 1111 561 ἔδοξεν

86 580 125 618 ἂν
151 582 189 618 ἐκ
216 582 368 627 σπουδῆς
397 597 487 625 τινος
518 581 736 635 ἀνθρωπίνης
763 580 919 632 γίνεσθαι
950 578 995 616 τὰ
1013 577 1112 628 γινό-

86 657 190 692 μενα,
209 642 267 679 καὶ
281 640 321 661 ‘¹‘
309 642 458 694 υποψίας
475 647 517 689 ἦν
539 644 662 694 μεστὸν
678 643 717 680 τὸ
733 657 908 695 κηρυγμα.
926 638 996 678 Καὶ
1009 639 1113 685 ἥκου-

84 718 147 741 σαν
167 705 198 740 οἱ
219 703 373 753 μαθτταὶ
395 705 499 743 αὐτου
517 707 548 742 οἱ
566 704 642 751 δύο,
662 718 722 741 και
745 701 987 748 ἠκολούθησαν
1006 701 1110 738 αὒτι).

82 762 208 802 Καίτοι
227 780 266 815 γε
285 764 345 802 καὶ
364 763 474 818 ἕτεροι
496 768 542 811 ἠσ
524 781 584 803 αν
612 766 705 802 αὖτιι)
726 761 901 814 μαθηταὶ,
925 762 1000 799 ἀλλ’
1024 762 1111 798 ἐκεῖ·

1219 194 1345 224 xvm.
1385 179 1446 223 al.
1488 194 1599 223 xvu.
2086 183 2169 226 123

1185 287 1254 312 non
1285 274 1530 322 attenderant,
1551 273 1696 311 demum
1720 272 1844 311 dieunt
1870 289 1877 309 :

1184 336 1360 374 Joannes
1376 335 1489 381 dixit,
1513 347 1610 372 vera
1630 342 1729 372 sunt.

1137 523 1161 552 E
1237 518 1273 554 5.
1290 517 1456 569 Alioquin
1476 526 1594 556 autem
1611 517 1640 571 si
1657 517 1908 556 circumeundo
1925 519 1990 557 ista
2008 519 2172 571 dixisset,

1184 579 1260 617 baec
1279 579 1436 617 humano
1456 580 1574 618 studio
1590 589 1729 632 peracta
1749 581 1825 619 visa
1844 580 2003 630 fuissent,
2023 595 2064 619 ae
2085 597 2174 634 prze-

1184 641 1316 680 dicatio
1334 641 1500 695 deinceps
1526 642 1561 680 in
1589 643 1827 695 suspicionem
1850 643 2014 681 venisset.
2035 646 2090 682 Et
2105 658 2173 682 au-

1185 703 1339 740 dierunt
1355 716 1441 740 eum
1461 703 1536 741 duo
1554 704 1733 756 discipuli
1752 706 1848 757 ejus,
1865 712 1901 742 et
1916 707 2067 757 sequuti
2085 714 2174 743 sunt

1185 777 1284 801 eum.
1305 763 1414 815 Atqui
1435 763 1496 802 alii
1523 778 1663 816 quoque
1690 773 1788 803 erant
1807 764 1953 804 Joannis
1980 764 2147 817 discipuli
2163 795 2173 813 ‚

82 839 134 862 νοι
165 826 202 862 οὖ
231 823 332 875 μόνον
353 827 414 863 οὐκ
440 825 690 872 ἠκολούθησαν,
711 823 801 863 ἀλλὰ
820 822 880 861 καὶ
911 820 1112 869 ζηλοτύπως
1124 848 1172 873 107
1183 839 1309 862 verum
1328 825 1383 862 illi
1403 839 1472 863 non
1491 825 1598 863 modo
1614 839 1682 864 non
1699 825 1837 877 sequuti
1860 835 1966 874 sunt,
1987 825 2047 863 sed
2068 827 2173 864 etiam

81 885 166 937 πρὸς
200 885 299 924 αὐτὸν
337 886 548 933 διετέθησαν·

83 945 172 995 μετὰ
193 963 253 984 σου
274 964 317 985 πε
304 947 383 1000 ’ραν
401 952 460 986 τοῦ
487 946 682 1023 Ἰρροοίνου,
702 950 730 1000 ᾧ
753 963 794 985 συ
813 944 1107 999 μεμαρτύρηκας,

81 1005 131 1043 ἴδε
157 1009 254 1051 οὗτος
275 1008 454 1059 βαπτίζει,
474 1008 534 1046 καὶ
552 1024 680 1052 παντες
707 1009 869 1061 ἔρχονται
889 1006 974 1059 πρὸς
996 1005 1109 1043 αὐτον.

80 1067 152 1105 Καὶ
172 1072 186 1088 ³

81 1129 289 1181 νηστεύομεν
302 1161 312 1179 ,
329 1131 390 1169 καὶ
409 1134 439 1170 οἱ
455 1131 610 1182 μαθηταί
627 1148 686 1170 σου
703 1134 740 1169 οὖ
756 1129 995 1178 νηστεύουσιν;
1010 1128 1110 1165 Ἀλλ’

82 1193 112 1228 οἱ
141 1194 208 1229 τῶν
241 1192 355 1231 ἄλλων
383 1193 535 1245 βελτίους
554 1193 649 1232 οὖνὲν
681 1197 831 1231 τοιοῦτον
861 1191 1001 1237 ἔπαθον,
1031 1190 1108 1226 ἀλλ’

81 1253 168 1301 ὁμοῦ
181 1269 219 1290 τε
239 1253 391 1300 ἤκουσαν
406 1255 465 1292 καὶ
496 1253 749 1300 ἠκολούθησαν.
772 1251 1034 1296 ’Πκολούθησαν
1055 1248 1108 1297 δὲ,

196 1069 310 1107 πάλιν
322 1064 415 1108 οὗτοι
432 1069 611 1122 φαίνονται
627 1071 851 1122 ἐγκαλοῦντες
867 1085 874 1092 ·
892 1067 996 1106 Διατί
1009 1070 1111 1117 ἡμεῖς

82 1312 148 1364 Οὖχ
165 1315 212 1357 ὣς
221 1319 280 1353 τοῦ
295 1315 464 1353 οιοασκοίλ
466 1331 503 1353 ου
519 1329 860 1367 καταφρονησαντες,
873 1314 975 1351 ἀλλ’(
958 1328 1004 1354 ως
1017 1312 1109 1362 αὐτῳ

84 1373 237 1422 μαλιστα
259 1376 453 1419 πεισθέντες
466 1406 475 1423 ,
494 1376 557 1414 καὶ
590 1377 714 1428 δεῖγμα
737 1374 899 1426 μεγιστον
917 1378 977 1411 τοῦ
996 1370 1108 1423 κρίσει

81 1434 258 1485 λογισμῶν
279 1437 362 1488 ὀρθη
387 1441 487 1474 τοῦτο
515 1442 624 1475 ποιεῖν
654 1436 687 1480 ἐξ
691 1434 897 1487 ενεγκόντες.
922 1432 1014 1471 Οὖοὲ
1037 1431 1108 1483 γὰρ

81 1495 362 1545 παρακληθέντες
378 1497 460 1534 αὐτο
478 1496 658 1544 ἐποίησαν,
680 1496 765 1549 ὅπερ
784 1495 939 1533 ὕποπτον
955 1509 1010 1541 ην,
1027 1494 1105 1530 αλλ’

80 1554 199 1602 ἐπειδὴ
214 1562 358 1609 προεῖπε
377 1556 478 1608 μόνον
494 1557 533 1595 τὸ
548 1557 686 1608 μέλλον,
701 1556 753 1595 ὅτι
769 1555 932 1607 βαπτίσει
948 1557 981 1593 ἐν
992 1552 1107 1591 Πνεύ-

81 1632 166 1665 ματι
188 1617 294 1670 ἁγίῳ,
313 1618 550 1665 ἠκολούθησαν
572 1620 677 1670 αὐτῷ.
694 1620 748 1656 Οὐ
763 1617 874 1656 τοίνυν
907 1615 1107 1661 ἀπέστησαν

79 1681 139 1715 τοῦ
160 1678 387 1727 διδασκάλου,
413 1681 488 1718 ἀλλ’
522 1680 760 1727 ἐδουλήθησαν
791 1682 925 1730 μαθεῖν,
942 1676 976 1715 τί
1005 1676 1108 1715 πλέον

80 1737 174 1790 φέρει
189 1743 249 1777 τοῦ
267 1739 442 1778 Ἰωάννου.
468 1740 538 1779 Καὶ
554 1740 618 1793 ὅρα
633 1740 696 1787 τὴν
713 1739 864 1787 σπουδὴν
886 1738 974 1790 μετὰ
999 1739 1112 1781 αἰδοῦς

80 1800 275 1851 γινομένην.
291 1801 382 1841 Οὐδὲ
397 1802 464 1855 γὰρ
478 1802 599 1847 εὐθέως
614 1801 860 1856 προσελθόντες
880 1800 1110 1853 ἐπηρώτησαν

80 1862 137 1900 τὸν
157 1862 290 1910 Ἰησοῦν
322 1863 409 1917 ὑπὲρ
439 1865 637 1917 ἀναγκαίων
658 1865 717 1903 καὶ
746 1865 917 1917 μεγίστων
938 1863 1110 1917 πραγμά-

80 1940 162 1971 των,
182 1923 257 1962 οὐδὲ
277 1925 426 1978 δημοσία
447 1927 631 1979 παρόντων
654 1927 817 1966 ἁπάντων
838 1927 957 1970 ἅπλῶς
978 1925 1038 1964 καὶ
1065 1927 1110 1968 ὡς

81 1985 214 2037 ἔτυχεν,
226 1988 302 2024 ἀλλ’
325 1986 394 2039 ἰδία
409 1989 632 2040 διαλεχθῆναι
648 1991 740 2042 αὐτῷ
757 1988 977 2032 ἐσπούδαζον.
995 1986 1112 2042 ’ᾙδει-

81 2062 143 2083 σαν
164 2045 232 2099 γὰρ
247 2049 284 2084 οὐ
299 2049 633 2101 ταπεινοφροσύνης,
653 2051 729 2088 ἀλλ’
751 2049 913 2097 ἀληθείας
938 2048 1020 2086 ὄντα
1047 2052 1107 2086 τοῦ

82 2107 290 2146 διδασκάλου
307 2107 351 2146 τὰ
370 2109 523 2163 ῥήματα.
543 2103 612 2148 ἿΙν
636 2111 793 2164 Ἀνδρέας
806 2142 815 2158 ,
833 2110 949 2163 φησὶν,
972 2113 990 2147 ὃ
1011 2110 1110 2147 ἀδελ-

81 2168 141 2219 φὸς
159 2168 318 2219 Σίμωνος
339 2170 489 2225 Πέτρου,
511 2167 558 2215 εἷς
574 2174 613 2210 ἐκ
629 2175 696 2210 τῶν
722 2172 779 2212 δύο
798 2176 865 2210 τῶν
888 2171 1108 2210 ἀκουσάντων

81 2229 255 2278 Ιωοὶννου,
283 2231 342 2269 καὶ
371 2233 678 2280 ἀκολουθησαντων
700 2235 803 2272 αὐτω.
823 2233 928 2277 Τίνος
951 2226 1044 2271 οὖν’
1025 2244 1107 2270 ενε-

81 2307 138 2329 κεν
168 2307 229 2329 και
257 2293 296 2330 τὸ
326 2298 384 2332 τοῦ
411 2308 426 2331 ε
428 2293 527 2347 τέρου
557 2310 618 2333 ουκ
644 2294 827 2348 εγνώρισεν
857 2295 991 2346 ὄνομα,
1007 2293 1109 2336 Γινες

81 2368 165 2404 φασι
185 2353 242 2392 διὰ
258 2370 297 2392 το
319 2357 382 2393 αὐτ
384 2355 419 2393 ὸν
444 2360 531 2394 εἰναι
549 2373 606 2395 τον
627 2373 804 2410 γραροντα
829 2373 886 2395 τον
910 2358 1106 2403 ηκολουθη-

82 2414 186 2452 κότα·
204 2431 273 2454 τινε
278 2432 292 2459 ς
313 2415 347 2454 οὲ
367 2419 430 2469 οὐχ
453 2417 512 2455 ούτ
514 2434 582 2466 ως,
607 2421 683 2457 ἀλλ’
705 2435 757 2456 οτι
789 2421 917 2462 ἐκεῖνος
942 2419 1020 2470 οὐχι
1039 2433 1108 2456 των

81 2475 262 2526 ἐπισήμων
281 2471 336 2523 ἦν.
369 2478 477 2517 Οὐδὲν
495 2472 551 2516 οὖν
573 2479 675 2518 πλέον
692 2483 759 2518 τῶν
782 2479 980 2532 ἀναγκαίων
996 2480 1107 2532 λέγειν

82 2536 200 2586 ἐχρῆν.
217 2536 264 2574 Τί
279 2536 346 2590 γὰρ
367 2538 485 2590 ὄφελος
501 2541 540 2577 ἐκ
555 2545 614 2578 τοῦ
635 2544 755 2590 μαθεῖν
770 2540 898 2579 ἐκείνου
921 2540 983 2586 τὴν
999 2556 1107 2593 προσ-

80 2595 236 2647 ηγορίαν,
257 2598 331 2635 ἐπεὶ
347 2599 422 2637 οὐδὲ
437 2602 504 2637 τῶν
526 2601 766 2651 {orlon-&mvn
788 2601 847 2640 δύο
865 2602 1014 2653 λε’γειτὰ
1030 2601 1107 2640 ὀνό-

83 2672 196 2694 υ.·ατα
188 2686 198 2704 ,
212 2656 228 2677 ¹³
240 2659 351 2697 Τοῦτο
366 2674 425 2697 και
443 2660 539 2737 παρα
553 2660 655 2699 Παύλ
657 2678 684 2699 ω
697 2661 788 2700 ἔστιν
808 2663 911 2700 ἰδεῖν·
928 2661 1106 2710 Συνεπέμ-

79 2719 194 2770 ψαμεν
215 2736 282 2772 γαρ
299 2722 391 2774 αὖτῳ
401 2737 592 2774 ‚amois-’ov
606 2701 783 2776 αοελφον
769 2741 802 2762 εν
816 2726 956 2768 πολλοῖς
975 2723 1105 2762 πολλα-

81 2797 134 2824 κις
147 2783 330 2820 σπουοαῖον
350 2782 450 2831 ὄντα,
461 2786 498 2821 οὓ
515 2786 532 2821 ὃ
546 2801 683 2828 ε’ταινος
698 2801 732 2823 εν
748 2801 798 2823 τω
817 2788 878 2823 εὐα
880 2784 1019 2837 γγελίῳ.
1033 2785 1105 2821 Τοῦ

81 2841 115 2879 ὃὲ
102 2841 290 2895 Ἀνδρέου
307 2843 483 2917 μέμνηται
505 2860 564 2883 και
580 2847 612 2883 δι
615 2848 677 2883 ’τὲ
665 2845 760 2900 ε’ραν
782 2846 909 2885 αἰτίαν.
932 2845 1080 2884 Ποίαν
1062 2845 1102 2892 σὴ

80 2899 229 2948 ταύτην;
247 2899 361 2940 ε’(Ινα
348 2901 429 2940 όταν
460 2902 622 2955 ἀκούσης,
641 2903 680 2942 ὅτ
685 2921 694 2942 ι
716 2905 838 2956 Σίμων
860 2904 1008 2949 ἀκούσας
1030 2920 1093 2956 υετ

82 2963 202 3009 αὐτοῦ,
229 2963 336 3000 Δευτε
366 2962 477 3001 ὀπίσω
510 2981 595 3015 μου,
628 2982 687 3003 και
708 2983 844 3014 ποιησει)
874 2970 962 3017 ὑμας
999 2968 1105 3009 ἁλιεῖς

852 3034 919 3048 lx?

83 3027 284 3080 ἀνθρώπιον,
305 3031 342 3068 οὐ
360 3030 551 3084 διηπόρησε
579 3034 664 3086 πρὸς
681 3051 743 3081 την
765 3050 956 3087 παραοοςον
974 3034 1103 3081 ταύτην

1184 955 1309 985 tecum
1342 957 1452 987 trans
1482 949 1514 987 J
1513 950 1712 996 ordanem,
1743 952 1805 987 eui
1838 958 1878 987 tu
1916 952 2175 987 testimonium

1181 1010 1442 1061 perhibuisti,
1466 1023 1552 1048 ecce
1580 1012 1642 1049 hic
1674 1013 1860 1063 baptizat,
1891 1020 1927 1048 et
1955 1006 2172 1048 omnesve-

1186 1074 1298 1109 munt
1317 1072 1371 1109 ad
1385 1085 1484 1109 eum.
1505 1074 1554 1109 Ac
1583 1087 1727 1110 lulsum
1748 1071 1857 1110 iidem
1886 1072 1955 1124 ipsi
1974 1071 2173 1109 incusantes

1183 1131 1335 1170 dicunt:
1357 1134 1486 1184 Quare
1508 1147 1576 1172 nos
1597 1137 1837 1187 jejunamus,
1863 1143 1899 1172 et
1918 1133 2097 1185 discipuli
2117 1142 2170 1170 tm

1186 1206 1263 1229 non
1275 1195 1480 1245 jejunant.
1472 1194 1489 1220 ⁰
1509 1196 1647 1234 Verum
1673 1195 1734 1246 qui
1760 1195 1840 1232 aliis
1862 1204 1960 1232 erant
1980 1194 2142 1231 meliotes
2158 1224 2170 1243 ‚

1183 1267 1253 1292 non
1273 1254 1322 1291 ita
1342 1255 1457 1292 affecti
1479 1264 1601 1306 erant,
1622 1255 1683 1293 sed
1701 1256 1820 1294 statim
1841 1265 1946 1307 atque
1968 1255 2092 1293 audiet
2095 1265 2172 1295 unt

1183 1316 1321 1366 sequuti
1341 1326 1433 1354 sunt.
1454 1285 1603 1368 Sequuti
1628 1326 1708 1355 sunt
1731 1327 1859 1366 autem,
1885 1331 1954 1354 non
1973 1316 2069 1368 quod
2096 1317 2172 1368 pri-

1183 1377 1314 1414 stinum
1332 1377 1513 1416 doctorem
1533 1388 1749 1430 spernerent,
1784 1379 1846 1417 sed
1861 1378 1957 1430 quod
1971 1379 2038 1430 ipsi
2060 1378 2174 1415 maxi-

1182 1451 1238 1475 me
1253 1437 1534 1491 obtemperarent
1547 1455 1558 1488 3
1573 1449 1606 1477 et
1621 1449 1870 1491 argumentum
1888 1449 1962 1477 erat
1976 1439 2177 1477 maximum

1181 1496 1263 1536 illos
1293 1513 1339 1537 ex
1368 1509 1471 1537 rectae
1502 1500 1630 1538 mentis
1661 1501 1847 1538 ratiocinio
1875 1500 1912 1537 id
1941 1500 2065 1551 egisse.
2097 1502 2176 1538 Non

1182 1561 1277 1600 enim
1298 1561 1442 1600 hortatu
1465 1562 1511 1600 ad
1537 1563 1575 1600 id
1596 1562 1742 1601 adducti
1769 1572 1868 1613 sunt,
1889 1563 1987 1614 quod
2006 1563 2176 1614 suspicio-

1185 1622 1269 1662 sum‘
1293 1624 1442 1675 fuisset3
1465 1624 1527 1662 sed
1544 1625 1628 1676 quia
1650 1634 1788 1663 tantum
1816 1624 2030 1677 praedixerat
2059 1625 2177 1677 ipsum

1185 1700 1258 1724 esse
1274 1687 1539 1739 baptizaturum
1556 1686 1592 1724 in
1610 1687 1745 1740 Spiritu
1769 1696 1903 1737 sancto,
1927 1686 2067 1738 sequuti
2096 1695 2178 1724 sunt

1185 1761 1277 1785 eum.
1294 1749 1375 1786 Non
1393 1762 1477 1800 ergo
1496 1748 1709 1800 magistrum
1722 1748 1954 1799 reliquerunt,
1971 1747 2031 1785 sed
2045 1746 2178 1785 edisce-

1186 1824 1223 1848 re
1243 1810 1433 1850 voluerunt
1448 1810 1536 1861 quid
1558 1809 1712 1862 amplius
1734 1809 1795 1847 ille
1814 1809 1931 1859 ferret,
1948 1823 2056 1860 quam
2070 1810 2177 1848 Joan-

1185 1885 1257 1909 nes.
1271 1871 1320 1909 Et
1333 1871 1575 1910 animadverte
1591 1869 1828 1910 verecundam
1841 1869 2077 1922 diligentiam.
2096 1871 2175 1908 Non

1185 1932 1279 1970 enim
1309 1933 1429 1971 statim
1457 1932 1661 1971 accedentes
1692 1934 1816 1972 ,Iesum
1843 1933 2105 1983 interrogarunt
2131 1931 2176 1970 de

1184 1995 1386 2034 necessariis
1406 1995 1615 2047 magnisque
1634 1995 1739 2033 rebus
1760 2011 1768 2032 ε
1791 2008 1905 2046 neque
1924 1994 2040 2046 palam
2061 1994 2176 2032 omni-

1182 2056 1250 2094 bus
1282 2057 1542 2109 praesentibus,
1575 2066 1609 2094 et
1634 2056 1870 2109 perfunctorie
1899 2071 1906 2092 :
1937 2055 1998 2093 sed
2030 2055 2175 2093 seorsim

1183 2117 1301 2170 ipsum
1320 2118 1453 2170 alloqui
1475 2117 1700 2156 studuerunt.
1721 2117 1889 2156 Sciebant
1908 2117 2002 2154 enim
2020 2116 2175 2154 doctoris

1184 2180 1238 2217 sui
1257 2179 1367 2220 verba
1396 2194 1466 2218 non
1485 2194 1530 2218 ex
1547 2179 1731 2227 modestia,
1748 2179 1807 2217 sed
1832 2193 1877 2217 ex
1897 2179 2047 2217 veritate
2065 2180 2174 2231 profi-

1184 2241 1278 2280 cisci.
1293 2243 1356 2281 40.
1372 2244 1474 2280 Erat
1497 2250 1627 2280 autem
1646 2241 1833 2280 Andreas
1840 2243 1980 2295 frater
2008 2242 2173 2280 Simonis

1183 2305 1306 2352 Petri,
1329 2317 1427 2343 unus
1447 2318 1494 2342 ex
1519 2304 1666 2341 duobus
1686 2306 1752 2357 qui
1772 2304 1976 2341 audierant
1997 2317 2022 2340 α
2049 2303 2171 2339 Joan-

1184 2380 1244 2412 ne,
1267 2375 1304 2404 et
1331 2368 1482 2419 sequuti
1501 2373 1589 2404 sunt
1620 2378 1718 2402 eum.
1744 2365 1816 2402 Cur
1838 2378 1920 2414 ergo
1939 2362 2083 2400 alterius
2102 2376 2168 2399 no-

1182 2441 1263 2466 men
1284 2443 1353 2466 non
1386 2428 1551 2481 profert?
1575 2427 1733 2473 Quidam
1751 2426 1874 2463 dicunt
1903 2438 1983 2462 eum
2014 2423 2078 2474 qui
2101 2423 2169 2461 hoc

1181 2491 1334 2543 scripsit,
1350 2491 1470 2542 ipsum
1485 2503 1558 2527 esse
1579 2488 1642 2539 qui
1656 2496 1825 2538 sequutus
1845 2494 1894 2524 est
1910 2501 1921 2535 3
1951 2485 2014 2523 alii
2034 2494 2167 2531 eontra,

1180 2553 1264 2602 quia
1280 2552 1340 2589 ille
1368 2565 1437 2589 non
1459 2566 1504 2588 ex
1519 2550 1719 2602 conspicuis
1738 2557 1824 2597 erat,
1852 2547 1943 2585 nihil
1958 2557 2089 2600 praeter
2107 2561 2167 2584 ne-

1179 2612 1327 2650 cessaria
1346 2611 1414 2650 sibi
1443 2610 1635 2649 dicendum
1665 2623 1738 2648 esse
1762 2618 1914 2662 putasse.
1945 2608 2044 2655 Quid
2073 2609 2167 2646 enin]

1178 2672 1344 2711 utilitatis
1373 2687 1418 2710 ex
1441 2671 1596 2710 indicato
1615 2671 1758 2709 nomine
1773 2700 1783 2719 ,
1805 2669 1946 2721 quando
1967 2684 2079 2722 neque
2109 2684 2164 2707 se-

1178 2734 1361 2787 ptuaginta
1380 2733 1452 2772 duo
1469 2733 1730 2786 discipulorum
1747 2732 1891 2770 nomina
1905 2732 2160 2785 proferuntur?

1178 2797 1220 2834 Id
1238 2795 1334 2847 quod
1352 2795 1458 2833 etiam
1476 2794 1574 2848 apud
1594 2795 1746 2833 Paulum
1766 2795 1929 2833 obserxes
1958 2795 2161 2832 dicentem:

1914 275 2056 313 Omnia
2088 290 2171 327 quse
2185 289 2274 316 Joan.
2306 297 2350 316 ω.

2187 327 2237 367 42.

579 885 708 924 Pae&
734 885 821 938 γαρ,
854 899 971 957 φησιν,
1004 882 1039 925 ὃς
1067 885 1108 928 ἠν
1136 885 1193 916 Α
1183 885 1252 938 lpsi
1271 885 1500 925 invidebant:
1522 886 1687 925 dicebant
1704 888 1812 937 enim,
1853 889 1992 934 Ram,
2009 890 2075 940 qui
2091 896 2303 926 eratJoanP
2288 912 2315 927 ..ι
2322 898 2371 928 26.

2190 1140 2302 1170 Unde
2319 1148 2349 1178 9.

2191 1192 2214 1210 ¹
2208 1181 2238 1222 Ι

1179 2860 1358 2896 fnlzsimuc
1384 2870 1470 2895 cum
1486 2857 1556 2894 zllo
1563 2857 1773 2910 fratrem
1759 2871 1801 2893 ιη
1821 2856 1952 2894 multis
1971 2870 2068 2908 soepe
2085 2864 2163 2894 stu-
2178 2874 2207 2893 2.
2229 2863 2326 2893 cons

1179 2920 1341 2966 diosum,
1364 2920 1473 2972 eujus
1505 2919 1591 2957 laus
1620 2927 1676 2956 est
1700 2920 1742 2955 in
1773 2918 1988 2970 evangelio.
2016 2917 2164 2954 Andreae

1176 2989 1294 3018 autem
1320 2979 1481 3018 meminit
1499 2979 1545 3017 ob
1571 2979 1679 3017 aliam
1705 2993 1858 3017 causam.
1880 2979 2053 3026 Quaenam
2073 2979 2162 3016 illa:

1178 3043 1228 3079 Ut
1256 3055 1337 3079 cum
1357 3041 1526 3091 audieris,
1547 3041 1730 3079 Simonem
1758 3040 1819 3078 ubi
1853 3054 1934 3077 cum
1954 3040 2016 3078 illo
2044 3039 2162 3077 audis-

2182 2907 2227 2937 18

81 3094 280 3147 ὓπόσχὶσῑν,
299 3097 411 3147 μάθῃ-ς
423 3097 477 3136 ὅτι
495 3099 557 3143 τὰς
584 3100 737 3153 ἀρχὰς
720 3104 783 3149 τῆς
798 3102 947 3147 πίστεως
966 3107 983 3142 ὃ
1002 3104 1104 3141 ἀοελ-
1130 3113 1154 3142 D
1177 3114 1241 3157 set,
1260 3106 1300 3143 V
1294 3107 1394 3143 enite
1417 3112 1502 3156 post
1525 3118 1598 3150 me,
1619 3112 1654 3141 et
1671 3104 1830 3155 faciam
1854 3115 1925 3140 vos
1950 3105 2161 3154 piscatores
2175 3109 2289 3140 Jlanh.
2308 3123 2337 3148 ›1-

127 3243 138 3258 c
156 3234 219 3276 [καὶ
234 3239 307 3280 πρὸς
323 3239 435 3274 τούτοις
452 3242 476 3271 εἰ
488 3252 583 3284 nepe».
602 3239 710 3271 Codd.
730 3242 808 3284 705,
820 3243 912 3284 706]

126 3285 140 3309 ‘1
156 3285 257 3318 Savll.
286 3290 408 3331 ὑποψίας
429 3291 500 3324 εἶναι
521 3296 630 3332 μεστὸν
652 3297 686 3326 τὸ
711 3301 862 3338 κήρυγμα.
883 3298 941 3327 καί.
974 3294 1087 3328 Morel.

84 3342 130 3370 καὶ
147 3339 270 3381 ὑποψίας
287 3343 320 3377 ἦν
335 3346 416 3382 μετὰ
432 3346 467 3375 τὸ
485 3350 624 3387 κήρυγμα
643 3347 757 3378 λοιπόν-

125 3399 136 3413 ³
155 3388 253 3423 Savil.
270 3391 316 3431 [et
332 3392 415 3425 Cod,
435 3394 513 3435 705]
530 3399 617 3429 πάλιν
633 3401 781 3439 saiw-atax
799 3402 1000 3440 ἐγκαλοῦντες.
1018 3400 1086 3431 Μυ-

1158 3242 1216 3275 l’el·
1235 3247 1324 3278 πάλιν
1337 3243 1416 3278 οὗτοι
1430 3244 1513 3276 αὐτοὶ
1531 3246 1661 3285 λέγουσιν
1676 3245 1875 3284 ἐγκαλοῦντες.

1204 3297 1220 3322 b
1237 3295 1338 3331 Savil.
1358 3297 1406 3339 [et
1421 3294 1530 3330 Codd.
1549 3296 1625 3334 705,
1643 3295 1721 3336 706]
1735 3300 1822 3328 τοῦτο
1839 3298 1887 3326 καὶ
1901 3295 2015 3330 Παῦλος
2032 3296 2160 3328 ἐποίησε.

1157 3350 1271 3385 Morel.
1291 3356 1379 3384 τοῦτο
1396 3353 1443 3382 καὶ
1457 3353 1543 3393 παρὰ
1559 3349 1668 3389 Παύλῳ
1686 3350 1761 3379 ἐστὶν
1779 3348 1856 3378 ἰδεῖν.

2181 3163 2226 3190 ις).
