2481 3678
306 204 362 247 28
734 218 771 247 S.

301 298 393 335 enim
409 297 445 335 id
460 296 556 348 quod
566 298 721 336 maxime
734 308 853 336 amant
869 308 1123 350 assequuntur,
1140 298 1290 349 gloriam

302 372 427 411 nempe
445 368 477 396 et
496 373 619 396 auram
636 360 864 411 popularem,
881 359 940 396 sed
962 359 1129 398 videntur
1144 357 1289 407 quidem

301 420 363 457 illa
394 421 478 468 frui,
499 435 609 471 neque
641 430 756 458 tamen
782 421 960 468 fruuntur,
982 419 1078 470 quod
1106 417 1197 455 illud
1222 418 1289 455 mi-

301 481 396 519 nime
425 482 468 519 sit
499 482 610 532 gloria
633 498 640 518 :
663 482 811 533 ideoque
838 481 969 520 vitium
996 480 1098 530 illud,
1121 493 1189 517 non
1213 479 1289 530 glo-

809 217 995 247 JOANNIS
1031 216 1273 247 CHRYSOST.

123 553 222 582 Gloria
238 565 288 592 po-
303 542 365 589 ria,
388 543 447 580 sed
475 558 529 581 res
550 544 661 593 gloria
688 557 797 582 vacua
825 542 975 591 dicitur,
993 555 1192 592 vanamque
1215 541 1288 592 glo-

98 597 219 632 pularis,
232 607 287 624 11011

100 643 143 664 est
153 648 219 664 vere
231 638 289 674 glo-

101 679 154 706 ria.

303 603 391 640 riam
408 614 542 642 veteres
561 618 680 642 omnes
696 603 734 640 id
745 604 826 655 jure
842 613 1025 641 vocarunt.
1041 605 1165 642 Vacua
1182 616 1287 640 nam-

302 680 369 716 que
387 675 450 711 est,
469 665 558 702 nihil
578 665 673 703 intus
691 665 825 703 habens
843 664 1070 717 splendidum
1088 664 1145 704 vel
1158 665 1288 716 glorio-

300 740 390 763 sum.
414 726 483 764 Sed
513 725 814 777 quemadmodum
833 725 940 765 larvae
962 725 1128 765 videntur
1143 725 1288 777 quidem

299 787 432 825 dccorae
465 797 497 825 et
528 788 710 837 amabiles,
730 787 791 825 sed
811 801 931 827 Vacuae
952 788 1047 825 intus
1073 796 1155 825 sunt
1177 803 1184 824 ε
1208 787 1287 824 ideo

298 848 379 886 licet
397 849 620 887 formosiores
635 849 705 887 sint
719 849 852 886 caeteris
868 848 1091 901 corporibus,
1109 848 1287 886 neminem

299 924 470 962 umquam
489 910 535 948 ad
556 911 611 948 sui
631 925 787 949 amorem
810 911 1026 950 allexerunt:
1044 910 1094 949 sic
1112 910 1173 948 illa
1191 909 1288 963 apud

298 971 430 1022 vulgus
445 971 575 1022 gloria;
594 973 666 1009 imo
682 971 786 1023 longe
805 971 1056 1021 miserabilius,
1072 971 1168 1009 hunc
1186 986 1284 1009 mor-

297 1033 385 1070 bum
403 1043 527 1071 curatu
543 1033 726 1072 difficilem
749 1043 781 1071 et
800 1033 1027 1086 tyrannicum
1057 1033 1158 1071 nobis
1182 1034 1287 1072 effor-

298 1103 381 1131 mat.
400 1094 636 1146 Conspectum
651 1094 783 1146 quippe
793 1094 907 1131 solum
919 1094 1146 1146 splendidum
1161 1094 1284 1144 habet,

298 1155 464 1193 interiora
486 1170 582 1203 vcro,
603 1170 672 1193 11011
699 1169 811 1194 vacua
834 1155 1035 1205 modo,vsed
1056 1155 1162 1192 etiam
1175 1154 1286 1192 dede-

299 1229 378 1253 core
401 1225 434 1252 61
463 1215 596 1253 crudeli
621 1215 810 1267 tyrannide
830 1215 936 1266 plena
963 1224 1055 1252 sunt.
1075 1214 1179 1252 Unde
1204 1228 1286 1265 ergo

297 1277 466 1325 nascitur,
486 1276 633 1326 inquies,
653 1277 798 1313 morbus
819 1285 891 1313 tam
914 1275 1102 1323 absurdus,
1118 1276 1287 1326 nullaque

297 1338 454 1376 afficiens
476 1338 684 1390 voluptate?
703 1338 837 1376 Unde?
856 1339 935 1376 Non
960 1337 1102 1375 aliunde
1128 1353 1236 1389 quam
1266 1353 1286 1376 a

298 1400 361 1438 vili
377 1409 409 1437 et
429 1400 565 1452 abjecto
589 1400 718 1437 animo.
732 1400 813 1437 Non
830 1408 941 1451 potest
960 1399 1055 1437 enim
1075 1399 1104 1436 is
1123 1399 1184 1450 qui
1203 1399 1285 1451 glo-

298 1462 358 1499 riae
372 1476 490 1500 amore
506 1471 629 1514 captus
641 1472 875 1512 est,1nagnun1
885 1471 945 1498 aut
960 1475 1168 1513 generosum
1183 1461 1287 1511 quid-

297 1523 395 1574 piam
416 1523 519 1560 facile
539 1523 707 1574 cogitare,
726 1522 787 1560 sed
808 1537 947 1560 necesse
963 1531 1013 1560 est
1030 1531 1069 1559 ut
1087 1521 1215 1573 turpis,
1233 1522 1287 1561 vi-

299 1584 357 1632 lis,
375 1584 547 1635 inglorius
571 1593 604 1621 et
624 1585 776 1636 exiguus
798 1584 853 1621 sit.
871 1583 944 1629 Qui
958 1583 1052 1621 enim
1072 1597 1136 1634 pro
1155 1583 1287 1620 virtute

299 1642 404 1689 nihil,
428 1642 488 1680 sed
516 1652 554 1680 ut
582 1643 788 1681 hominibus
823 1643 956 1680 nullius
991 1641 1094 1694 pretii
1134 1641 1285 1693 placeat,

300 1704 418 1741 omnia
442 1703 536 1753 facit,
552 1704 684 1755 quique
705 1704 850 1741 illorum
874 1703 1082 1741 sententiam
1105 1716 1288 1740 erroneam

300 1773 332 1802 et
356 1764 517 1802 fallacem
541 1765 659 1803 ubivis
683 1765 854 1815 sequitur,
876 1763 1055 1815 quomodo
1087 1763 1198 1814 gloria
1229 1763 1288 1801 di—

300 1840 390 1877 gnus
409 1840 481 1863 6556
509 1826 643 1877 possit?
663 1825 914 1863 Animadverte
939 1834 1068 1862 autem.
1088 1824 1125 1862 Si
1149 1825 1228 1875 quis
1244 1824 1287 1861 il-

300 1887 375 1924 lum
400 1887 587 1938 interroget
607 1902 614 1923 :
637 1887 733 1933 Quid
759 1896 797 1924 tu
821 1886 950 1937 vulgus
979 1900 1053 1924 esse
1079 1885 1288 1923 arbitraris?

301 1948 466 1999 ignavam
479 1948 577 1985 haud
591 1948 700 1985 dubie
714 1957 746 1985 et
759 1947 915 1985 desidem
932 1945 1198 1984 multitudinem
1215 1959 1290 1983 esse

299 2010 404 2047 dicet.
420 2010 518 2056 Quid
533 2009 735 2049 vero?num
758 2009 828 2047 illis
845 2009 972 2046 similis
993 2021 1066 2046 esse
1085 2006 1289 2060 optaveris?

302 2072 338 2109 Si
364 2072 445 2122 quis
472 2081 590 2109 autem
614 2071 718 2108 illum
742 2071 859 2108 denuo
885 2070 935 2108 sic
961 2079 1197 2122 percontetur,
1218 2083 1289 2107 non

302 2141 388 2184 puto
412 2133 530 2184 ipsum
559 2147 594 2170 56
621 2132 727 2170 talem
751 2146 824 2169 6556
854 2140 1069 2183 optaturum.
1100 2130 1288 2176 Quomodo

302 2193 413 2244 igitur
446 2207 514 2231 non
539 2193 733 2230 admodum
764 2192 957 2229 ridiculum
983 2191 1111 2239 fuerit,
1144 2191 1288 2229 illorum

303 2269 427 2293 auram
456 2255 647 2307 aucupari,
668 2254 801 2305 quibus
826 2267 1020 2305 numquam
1055 2245 1182 2291 similis
1216 2267 1289 2291 esse

303 2317 416 2357 Velis?

358 2380 394 2417 6.
424 2379 487 2416 Sin
507 2379 641 2417 dixeris
661 2379 793 2417 multos
811 2392 884 2417 esse
902 2378 985 2417 etin
1005 2392 1116 2416 unum
1136 2387 1287 2428 coactos,

304 2439 382 2478 ideo
407 2440 563 2479 maxime
591 2441 845 2479 contemnendi.
874 2441 967 2478 Nam
986 2440 1015 2478 si
1040 2440 1173 2491 singuli
1208 2454 1289 2478 con-

305 2511 414 2539 temtu
437 2501 551 2551 digni,
576 2502 723 2554 plurimi
759 2502 869 2540 coacti
900 2502 1004 2553 longe
1032 2501 1145 2552 magis
1170 2500 1289 2552 despi-

305 2562 418 2600 ciendi
448 2572 560 2599 erunt.
578 2563 775 2600 Multorum
800 2563 895 2600 enim
915 2562 1128 2614 insipientia,
1146 2561 1290 2599 collecta

306 2622 548 2670 multitudine,
566 2624 679 2673 magis
710 2633 869 2674 augetur.
887 2625 1096 2676 Quaproper
1119 2623 1148 2660 si
1168 2622 1289 2673 singu-

305 2683 357 2722 los
381 2684 526 2721 seorsim
540 2684 618 2734 quis
644 2685 798 2734 (luxerit,
813 2686 997 2724 emendare
1015 2686 1163 2738 poterit,
1181 2685 1288 2723 simul

306 2755 442 2783 coactos
459 2758 526 2782 non
544 2745 657 2793 facile,
678 2760 716 2782 60
733 2746 827 2795 quod
844 2747 1044 2799 insipientia
1061 2748 1104 2785 sit
1120 2747 1243 2799 major,
1255 2756 1288 2784 et

305 2807 358 2844 illi
381 2807 490 2843 instar
510 2820 676 2858 pecorum
707 2816 871 2856 agantur,
892 2817 1120 2859 mutuamque
1141 2822 1287 2860 sequan-

307 2878 364 2906 tur
385 2868 803 2916 sentcntiam.Tale1nnc,
826 2883 955 2918 quaeso,
970 2870 1207 2908 multitudinis
1227 2885 1288 2907 au-

307 2944 383 2967 ram
401 2930 645 2967 sectabimini?
662 2930 727 2976 Ne,
749 2943 867 2980 quaeso
897 2938 930 2966 et
953 2930 1107 2968 obsecro.
1127 2931 1169 2968 Id
1195 2932 1289 2969 enim

306 2992 421 3028 omnic·
440 3005 498 3029 sus
520 2990 634 3041 deque
663 2990 766 3028 vertit
783 3006 790 3026 :
807 2990 844 3027 id
859 2990 1046 3029 avaritiam
1064 2993 1214 3042 peperit,
1236 2993 1289 3030 in-

306 3052 453 3100 vidiam,
469 3052 746 3098 criminationes,
763 3050 907 3088 insidias
923 3050 1032 3087 :illud
1051 3065 1107 3088 eos
1129 3052 1188 3101 qui
1212 3054 1290 3090 11111·

308 3114 377 3150 lam
391 3112 484 3164 passi
499 3121 579 3149 sunt
594 3111 773 3163 injuriam,
789 3119 906 3149 contra
929 3124 985 3148 eos
1003 3111 1064 3160 qui
1082 3112 1217 3149 nullam
1239 3113 1287 3149 in-

308 3174 482 3222 tulerunt,
502 3182 614 3210 armat
631 3181 664 3210 et
677 3172 808 3209 efferat.
826 3171 897 3219 Qui
919 3171 986 3209 hoc
1006 3171 1142 3209 laborat
1165 3172 1288 3210 morbo

355 3287 370 3309 h
395 3284 495 3319 Sav'll.
513 3289 675 3326 κενοδοξίαν
689 3291 746 3331 γὰρ
763 3289 847 3320 αὐτὸ.

353 3352 365 3364 0-
390 3338 504 3370 Morcl.
521 3344 756 3384 ἐκπρεπέστερα.

357 3393 372 3416 d
399 3391 456 3423 Alii
476 3400 561 3430 τινὸς.
584 3396 643 3426 εἰπὲ
660 3397 719 3434 γάρ
732 3405 783 3433 μοι
797 3402 803 3408 ”
824 3395 914 3427 εἴτις.

1315 214 1518 245 ARCHIEP.
1557 215 1729 245 CONSTA
1737 216 1916 247 NTINOI'.

1359 298 1484 343 ἡδονῆς
1512 298 1800 351 ἀπεστερημένον.
1830 302 1883 338 Οὐ
1918 298 1985 352 γὰρ
2015 298 2299 351 ἐπιτυγχάνουσιν
2339 291 2376 338 οἶ

1362 357 1492 410 σφόδρα
1515 360 1638 411 ἐρῶσι,
1661 358 1759 406 δόξης
1778 360 1869 410 λέγω
1901 364 1962 407 τῆς
1993 358 2089 413 παρὰ
2122 363 2189 397 τῶν
2219 361 2376 397 πολλῶν·

1362 417 1452 456 ἀλλὰ
1472 419 1606 458 δοκοῦσι
1633 419 1693 470 μὲν
1728 420 1911 459 ἀπολαύειν
1934 423 2055 468 αὐτῆς,
2077 423 2137 458 οὐκ
2168 419 2378 458 ἀπολαύουσι

1361 478 1415 526 δὲ,
1436 478 1493 517 διὰ
1511 479 1551 518 τὸ
1573 479 1660 532 μηδὲ
1683 475 1768 518 εἶναι
1800 481 1898 525 δόξαν
1926 482 1964 519 τὸ
1991 488 2150 533 πρᾶγμα.
2183 479 2250 518 Διὰ
2279 483 2380 517 τοῦτο

1359 539 1435 578 οὐδὲ
1453 539 1550 589 δόξα,
1571 541 1660 580 ἀλλὰ
1679 542 1774 580 κενὸν
1795 541 1892 588 δόξης
1916 548 2064 594 πρᾶγμα
2089 542 2224 594 εἴρηται
2243 541 2282 578 τὸ
2309 539 2381 577 πά-

1360 604 1432 645 θος·
1455 600 1672 646 ι’κενοδοξίαν
1698 602 1734 641 δὲ
1756 603 1838 640 αὐτὸ
1865 602 1923 639 καὶ
1944 605 1974 640 οἱ
2006 602 2150 640 παλαιοὶ
2179 602 2306 646 πάντες
2334 603 2380 639 εἰ-

1358 662 1467 706 κότως
1499 664 1679 703 ἐκάλεσαν.
1714 664 1877 707 Διάκενος
1916 663 1984 716 γάρ
2024 665 2128 710 ἐστιν,
2157 662 2249 702 ἔνδον
2282 661 2378 700 οὐδὲν

1357 724 1484 776 ἔχουσα
1501 725 1662 778 λαμπρὸν
1678 725 1737 763 καὶ
1751 723 1916 768 ἐπίδοξον.
1930 724 2021 761 Ἀλλ’
2043 722 2161 776 ὥσπερ
2181 722 2227 760 τὰ
2244 739 2380 775 προσω-

1358 792 1440 824 πεῖα
1465 787 1557 824 δοκεῖ
1577 786 1638 837 μὲν
1655 779 1742 824 εἶναι
1760 784 1909 838 λαμπρὰ
1936 784 1996 823 καὶ
2024 785 2216 838 ἐπέραστα,
2232 783 2316 822 κενὰ
2344 783 2379 822 δὲ

1358 846 1450 885 ἔνδον
1470 845 1544 885 ἐστί
1561 863 1568 870 ·
1592 847 1644 884 διὸ
1668 846 1727 884 καὶ
1746 849 1814 884 τῶν
1836 849 2045 897 σωματικῶν
2062 845 2172 897 ὅψειιΝ
2189 849 2203 865 ⁰
2216 844 2381 897 εὐπρεπέ-

1359 923 1463 961 στερα
1482 907 1581 955 ὄντα,
1599 907 1720 945 οὐδένα
1740 906 1902 945 οὐδέποτε
1922 907 2007 958 πρὸς
2030 905 2087 944 τὸν
2106 905 2218 958 ἔρωτα
2238 899 2307 943 εἷλε
2321 905 2379 942 τὸν

1359 971 1470 1007 αὐτῶν
1483 984 1490 992 ·
1507 968 1596 1007 οὕτω
1608 999 1617 1016 ,
1642 970 1771 1019 μᾶλλον
1792 967 1827 1005 δὲ
1842 966 2063 1021 ἀθλιώτερον,
2081 967 2139 1004 καὶ
2155 970 2176 1013 ἡ
2193 965 2290 1019 παρὰ
2310 966 2379 1002 τῶν

1357 1031 1494 1067 πολλῶν
1525 1028 1623 1076 δόξα,
1645 1029 1684 1067 τὸ
1705 1027 2026 1080 δυσκαταγώνιστον
2049 1032 2148 1065 τοῦτο
2167 1026 2227 1064 καὶ
2254 1041 2381 1078 τυραν-

1358 1089 1451 1127 νικὸν
1470 1089 1578 1133 πάθος
1596 1094 1680 1140 ἡμῖν
1698 1089 1944 1140 ἐσχημάτισεν.
1960 1087 2068 1140 ’Όψιν
2090 1087 2158 1141 γὰρ
2181 1086 2254 1138 ἔχει
2273 1085 2380 1137 μόνην

1358 1149 1547 1202 λαμπρὰν,
1574 1149 1619 1187 τὰ
1648 1149 1683 1188 δὲ
1719 1150 1812 1187 ἔνδον
1842 1150 1948 1195 αὐτῆς
1980 1151 2041 1187 οὐκ
2070 1148 2120 1186 ἔτι
2154 1147 2237 1186 κενὰ
2264 1146 2380 1198 μόνον,

1360 1209 1449 1247 ἀλλὰ
1465 1209 1525 1246 καὶ
1546 1209 1687 1260 ἀτιμίας
1706 1209 1885 1259 ἀνάμεστα
1898 1239 1907 1256 ,
1926 1209 1985 1246 καὶ
2003 1210 2102 1260 ὠμῆς
2120 1208 2220 1261 γέμει
2239 1211 2301 1254 τῆς
2317 1224 2381 1245 τυ-

1360 1268 1524 1321 ραννίδος.
1545 1269 1657 1307 Πόθεν
1684 1264 1739 1307 οῧν
1766 1268 1921 1306 τίκτεται
1943 1274 2042 1307 τοῦτο
2067 1269 2107 1306 τὸ
2128 1269 2255 1315 πάθος,
2275 1267 2382 1310 οὕτως

1358 1329 1481 1381 ἄλογον
1510 1328 1559 1377 ὂν,
1576 1329 1636 1367 καὶ
1663 1329 1788 1377 ἡδονὴν
1808 1331 1871 1368 οὐκ
1902 1329 1993 1382 ἔχον,
2026 1328 2126 1382 φησί;
2153 1329 2285 1375 Πόθεν,
2301 1330 2383 1380 Οὐχ

1359 1388 1536 1442 ἑτέρωθεν,
1553 1391 1627 1428 ἀλλ’
1651 1389 1673 1436 ἢ
1694 1390 1763 1428 ἀπὸ
1790 1392 1903 1442 ψυχῆς
1934 1394 2099 1437 ταπεινῆς
2128 1389 2186 1428 καὶ
2215 1391 2381 1432 εὐτελοῦς.

1359 1452 1411 1489 Οὐ
1424 1452 1490 1504 γὰρ
1510 1450 1583 1489 ἔστι
1609 1451 1666 1489 τὸν
1685 1451 1753 1489 ὑπὸ
1770 1450 1868 1498 δόξης
1883 1451 2010 1490 ἁλόντα
2023 1482 2032 1499 ,
2057 1451 2148 1503 μέγα
2167 1467 2201 1488 τι
2226 1449 2285 1488 καὶ
2304 1465 2383 1487 νεα*

1358 1511 1451 1549 νικὸν
1469 1513 1627 1556 ἐννοῆσαι
1642 1511 1778 1563 ταχέως
1791 1527 1798 1535 ·
1814 1513 1890 1549 ἀλλ’
1916 1512 2059 1565 αἰσχρὸν
2080 1511 2180 1550 αὐτὸν
2202 1504 2289 1548 εἶναι
2309 1511 2382 1556 δεῖ,

1359 1572 1418 1610 καὶ
1438 1574 1556 1619 εὐτελῆ
1569 1572 1648 1620 ,καὶ
1662 1572 1799 1624 ἄτιμον,
1813 1572 1872 1611 καὶ
1892 1574 2026 1626 μικρόν.
2044 1573 2089 1612 ‘O
2108 1572 2175 1625 γὰρ
2192 1573 2233 1609 δι’
2255 1570 2381 1624 ἀρετὴν

1361 1631 1421 1683 μὲν
1434 1632 1539 1684 μηδὲν
1552 1632 1737 1681 ποιῶν,ἳ’να
1753 1633 1788 1672 δὲ
1803 1634 1966 1687 ἀνδράσιν
1979 1633 2109 1687 ἀρέσκῃ
2123 1632 2266 1684 μηδενὸς
2278 1629 2384 1674 ἀξίοις

1358 1693 1478 1745 λόγου,
1498 1694 1558 1732 καὶ
1576 1699 1756 1746 πανταχοῦ
1770 1695 1832 1742 τὴν
1850 1694 1988 1733 ἐκείνων
2003 1696 2115 1746 ψῆφον
2132 1692 2307 1743 τιθέμενος
2319 1690 2382 1737 τὴν

1359 1753 1578 1806 ἐσφαλμένην
1608 1755 1668 1793 καὶ
1692 1756 1937 1806 πλανωμένην,
1957 1758 2032 1798 πῶς
2054 1755 2094 1792 ἂν
2116 1753 2208 1798 ἄξιος
2237 1753 2289 1799 εἴη
2306 1751 2384 1789 ἀτι-

1358 1814 1432 1863 νός,
1455 1815 1587 1854 Σκόπει
1609 1816 1655 1854 δέ.
1676 1815 1725 1854 Εἴ
1741 1833 1791 1860 τις
1809 1816 1908 1854 αὐτὸν
1925 1816 2052 1869 ἔροιτο·
2068 1815 2108 1853 σὺ
2125 1814 2160 1853 δὲ
2175 1814 2209 1852 τί
2234 1812 2384 1864 νομίζεις

1359 1870 1446 1914 εἶναι
1461 1876 1539 1921 τοὺς
1554 1876 1725 1924 πολλούς;
1746 1876 1886 1924 εὔδηλον
1903 1877 1955 1915 ὅτι
1981 1877 2150 1931 ῥᾳθύμους
2169 1875 2229 1914 καὶ
2250 1875 2384 1925 ἠμελη-

1362 1937 1482 1988 μένους
1497 1940 1577 1991 ἐρεῖ.
1596 1936 1644 1975 Τί
1675 1937 1728 1985 δέ;
1748 1937 1840 1976 ἕλοιο
1859 1938 1897 1976 ἂν
1920 1937 2080 1990 γενέσθαι
2105 1939 2182 1975 κατ’
2218 1935 2383 1982 ἐκείνους;

1360 1997 1408 2035 Εἴ
1429 2015 1480 2042 τις
1500 1999 1601 2037 αὐτὸν
1618 1998 1728 2051 ἔροιτο
1749 1998 1867 2046 πάλιν,
1884 2001 1944 2037 οὒκ
1964 1999 2003 2037 ἅν
2033 2015 2091 2050 μοι
2122 2000 2214 2036 δοκεῖ
2240 1998 2382 2043 θελῆσαι

1327 2076 1331 2086 ¹
1360 2059 1528 2110 γενέσθαι.
1545 2061 1628 2102 Πῶς
1644 2062 1700 2097 οὖν
1718 2061 1777 2097 οὐκ
1797 2058 1942 2111 ἔσχατος
1960 2059 2083 2112 γέλως,
2100 2059 2161 2106 τὴν
2184 2058 2311 2097 τούτων
2329 2056 2383 2095 δό-

1362 2118 1420 2163 ξαν
1446 2120 1614 2174 θηρεύειν,
1628 2113 1674 2157 ὧν
1694 2120 1756 2158 οὐκ
1776 2119 1815 2157 ἂν
1845 2119 1936 2158 ἕλοιο
1958 2120 2116 2172 γενέσθαι
2137 2117 2382 2173 παραπλήσιός

1360 2196 1442 2219 ποτε
1451 2197 1461 2229 3

1413 2383 1458 2420 Εἰ
1478 2381 1512 2420 δὲ
1539 2381 1668 2434 λέγοις,
1693 2382 1747 2421 ὅτι
1770 2382 1892 2421 πολλοὶ
1925 2382 1984 2421 καὶ
2014 2381 2258 2428 συνεστηκότες
2294 2379 2381 2422 τινές

1361 2442 1446 2489 εἰσι,
1466 2441 1522 2479 διὰ
1538 2447 1637 2481 τοῦτο
1653 2443 1805 2494 μάλιστα
1823 2445 1934 2481 αὐτῶν
1950 2449 2175 2495 καταφρονεῖν
2198 2443 2316 2495 ἐχρῆν.
2337 2442 2382 2478 Εἰ

1361 2500 1428 2555 γὰρ
1451 2505 1528 2540 καθ’
1560 2502 1699 2547 ἑαυτοὺς
1725 2503 1818 2547 ὄντες
1851 2504 1934 2542 εἰσὶν
1965 2502 2279 2556 εὐκαταφρόνητοι,
2299 2501 2380 2539 ὅταν

1361 2564 1482 2602 πολλοὶ
1500 2564 1680 2616 γένωνται,
1693 2565 1857 2616 μειζόνως
1880 2571 1980 2604 τοῦτο
1999 2565 2229 2616 συμὸήσεται.
2252 2563 2297 2601 Ἡ
2314 2562 2381 2615 γὰρ

1360 2627 1426 2662 τῶν
1442 2627 1518 2662 καθ’
1534 2624 1678 2663 ἕκαστον
1694 2626 1805 2673 ἄνοια,
1818 2626 2049 2679 συλλεγέντων
2065 2629 2164 2677 ὁμοῦ,
2176 2625 2300 2676 μείζων
2315 2624 2383 2662 ὑπὸ

1358 2688 1417 2723 τοῦ
1440 2686 1589 2732 πλήθους
1609 2685 1791 2733 αὐξηθεῖσα
1806 2686 1948 2739 γίνεται.
1964 2688 2051 2726 ίιΔιὸ
2067 2687 2126 2725 καὶ
2145 2690 2221 2724 καθ’
2242 2686 2303 2724 ἕνα
2320 2685 2380 2736 μὲν

1361 2748 1470 2784 αὐτῶν
1490 2748 1519 2784 εἷ
1535 2746 1657 2795 λάὸοι,
1674 2747 1756 2785 ποτὲ
1774 2747 1813 2785 ἅν
1835 2763 1887 2790 τις
1907 2748 1966 2785 καὶ
1989 2746 2201 2799 διορθώσειεν
2217 2762 2223 2770 ·
2244 2750 2329 2797 ὁμοῦ
2346 2745 2381 2784 δὲ

1359 2806 1476 2854 ὄντας,
1503 2809 1564 2845 οὐκ
1595 2807 1634 2844 ἂν
1668 2807 1826 2853 δυνηθείη
1849 2806 1990 2859 ῥᾳδίως,
2012 2806 2068 2844 διὰ
2100 2806 2139 2844 τὸ
2167 2807 2228 2854 τὴν
2262 2807 2379 2845 ἄνοιαν

1361 2867 1609 2915 ἐπιτείνεσθαι,
1624 2867 1683 2904 καὶ
1702 2867 1799 2913 δίκην
1815 2867 2024 2920 θρεμμάτων
2041 2867 2203 2918 ἄγεσθαι,
2221 2867 2280 2905 καὶ
2301 2884 2383 2905 παν-

1360 2933 1469 2980 ταχοῦ
1482 2934 1557 2971 ταῖς
1572 2930 1654 2979 παρ’
1676 2928 1835 2974 ἀλλήλων
1852 2927 1995 2966 ἕπεσθαι
2013 2927 2136 2972 δόξαις.
2156 2928 2296 2975 Ταύτης
2310 2923 2380 2976 οῧν,

1363 2991 1438 3029 εἰπέ
1457 3006 1537 3041 μοι,
1551 2993 1613 3036 τῆς
1631 2988 1728 3041 παρὰ
1747 2992 1814 3026 τῶν
1831 2991 1968 3027 πολλῶν
1988 2989 2250 3036 ἀντιποιήσεσθε
2265 2989 2383 3036 δόξης;

1363 3051 1448 3099 Μὴ,
1469 3051 1590 3102 δέομαι
1611 3050 1670 3088 καὶ
1688 3050 1870 3088 ἀντιὸολῶ.
1891 3052 2004 3088 Τοῦτο
2023 3050 2090 3103 γὰρ
2106 3051 2221 3089 πάντα
2239 3051 2309 3088 ἅνω
2324 3050 2384 3088 καὶ
2414 3057 2419 3063 “

1364 3113 1460 3151 κάτω
1479 3110 1648 3158 πεποίηκε
1661 3126 1668 3134 ·
1688 3115 1788 3148 τοῦτο
1812 3110 2010 3155 πλεονεξίαν
2039 3111 2133 3149 ἔτεκε
2145 3142 2154 3158 ,
2178 3111 2382 3162 βασκανίαν,

1364 3171 1590 3225 κατηγορίαν,
1608 3171 1791 3215 ἐπιδουλάς
1807 3187 1814 3194 ·
1832 3176 1930 3210 τοῦτο
1948 3172 2024 3217 τοὺς
2039 3171 2133 3211 οὐδὲν
2155 3172 2384 3223 ἠδικημένους

1421 3296 1433 3310 ³
1459 3284 1560 3318 Savil.
1580 3288 1621 3320 διὸ
1637 3290 1685 3320 >cut
1702 3289 1762 3319 ἕνα.
1779 3284 1844 3318 Sed
1861 3285 1975 3318 melius
1992 3285 2105 3320 Morel.
2129 3292 2162 3318 et
2180 3285 2256 3318 Mss.
2270 3296 2383 3318 omnes

1378 3342 1427 3370 καὶ
1445 3341 1510 3370 καθ’
1529 3341 1590 3370 ἕνα.
