<?xml version="1.0" encoding="UTF-8"?>
<!DOCTYPE html PUBLIC "-//W3C//DTD XHTML 1.0 Transitional//EN"
    "http://www.w3.org/TR/xhtml1/DTD/xhtml1-transitional.dtd">
<html xmlns="http://www.w3.org/1999/xhtml" xml:lang="en" lang="en">
 <head>
  <title>
</title>
<meta http-equiv="Content-Type" content="text/html;charset=utf-8" />
  <meta name='ocr-system' content='tesseract 3.04.00' />
  <meta name='ocr-capabilities' content='ocr_page ocr_carea ocr_par ocr_line ocrx_word'/>
</head>
<body>
  <div class='ocr_page' id='page_1' title='image "./operaomniaquaeex08johnuoft/operaomniaquaeex08johnuoft_0754.png"; bbox 0 0 2522 3683; ppageno 0'>
   <div class='ocr_carea' id='block_1_1' title="bbox 196 625 382 663">
    <p class='ocr_par' dir='ltr' id='par_1_1' title="bbox 196 625 382 663">
     <span class='ocr_line' id='line_1_1' title="bbox 196 625 382 663; baseline -0.005 -8"><span class='ocrx_word' id='word_1_1' title='bbox 196 628 271 655; x_wconf 70' lang='lat' dir='ltr'>lsai.</span> <span class='ocrx_word' id='word_1_2' title='bbox 289 625 382 663; x_wconf 58' lang='grc'><strong>146.1.</strong></span> 
     </span>
    </p>
   </div>
   <div class='ocr_carea' id='block_1_2' title="bbox 206 677 380 706">
    <p class='ocr_par' dir='ltr' id='par_1_2' title="bbox 206 677 380 706">
     <span class='ocr_line' id='line_1_2' title="bbox 206 677 380 706; baseline 0.006 -1"><span class='ocrx_word' id='word_1_3' title='bbox 206 689 229 705; x_wconf 88' lang='grc'>1.</span> <span class='ocrx_word' id='word_1_4' title='bbox 250 682 316 706; x_wconf 74' lang='lat' dir='ltr'>Cur.</span> <span class='ocrx_word' id='word_1_5' title='bbox 335 677 380 706; x_wconf 83' lang='grc'>15.</span> 
     </span>
    </p>
   </div>
   <div class='ocr_carea' id='block_1_3' title="bbox 199 941 383 969">
    <p class='ocr_par' dir='ltr' id='par_1_3' title="bbox 199 941 383 969">
     <span class='ocr_line' id='line_1_3' title="bbox 199 941 383 969; baseline -0.005 0"><span class='ocrx_word' id='word_1_6' title='bbox 199 941 383 969; x_wconf 67' lang='lat' dir='ltr'>Psal.22.z.</span> 
     </span>
    </p>
   </div>
   <div class='ocr_carea' id='block_1_4' title="bbox 199 1045 383 1124">
    <p class='ocr_par' dir='ltr' id='par_1_4' title="bbox 199 1045 383 1124">
     <span class='ocr_line' id='line_1_4' title="bbox 199 1045 383 1085; baseline -0.005 -11"><span class='ocrx_word' id='word_1_7' title='bbox 199 1056 226 1074; x_wconf 80' lang='lat'>2.</span> <span class='ocrx_word' id='word_1_8' title='bbox 250 1047 326 1075; x_wconf 80' lang='lat' dir='ltr'>Tim.</span> <span class='ocrx_word' id='word_1_9' title='bbox 354 1045 383 1085; x_wconf 91' lang='lat'>4.</span> 
     </span>
     <span class='ocr_line' id='line_1_5' title="bbox 214 1086 278 1124; baseline 0.016 -10"><span class='ocrx_word' id='word_1_10' title='bbox 214 1097 227 1124; x_wconf 80' lang='lat'><strong><em>7</em></strong></span> <span class='ocrx_word' id='word_1_11' title='bbox 237 1086 278 1115; x_wconf 66' lang='grc' dir='ltr'>Δ8.</span> 
     </span>
    </p>
   </div>
   <div class='ocr_carea' id='block_1_5' title="bbox 208 2384 390 2414">
    <p class='ocr_par' dir='ltr' id='par_1_5' title="bbox 208 2384 390 2414">
     <span class='ocr_line' id='line_1_6' title="bbox 208 2384 390 2414; baseline 0 -1"><span class='ocrx_word' id='word_1_12' title='bbox 208 2386 307 2414; x_wconf 66' lang='lat' dir='ltr'>Manli</span> <span class='ocrx_word' id='word_1_13' title='bbox 325 2384 390 2414; x_wconf 78' lang='lat' dir='ltr'>G.1.</span> 
     </span>
    </p>
   </div>
   <div class='ocr_carea' id='block_1_6' title="bbox 213 2996 399 3116">
    <p class='ocr_par' dir='ltr' id='par_1_6' title="bbox 213 2996 399 3116">
     <span class='ocr_line' id='line_1_7' title="bbox 215 2996 399 3025; baseline 0.005 -1"><span class='ocrx_word' id='word_1_14' title='bbox 215 2996 399 3025; x_wconf 47' lang='lat' dir='ltr'>Domitii&amp;</span> 
     </span>
     <span class='ocr_line' id='line_1_8' title="bbox 213 3045 399 3066; baseline 0.011 -2"><span class='ocrx_word' id='word_1_15' title='bbox 213 3045 240 3064; x_wconf 63' lang='grc' dir='ltr'>ΡΙ</span> <span class='ocrx_word' id='word_1_16' title='bbox 274 3047 319 3065; x_wconf 65' lang='lat'>¹¹).</span> <span class='ocrx_word' id='word_1_17' title='bbox 350 3045 399 3066; x_wconf 83' lang='lat'>20.</span> 
     </span>
     <span class='ocr_line' id='line_1_9' title="bbox 214 3077 332 3116; baseline 0 -10"><span class='ocrx_word' id='word_1_18' title='bbox 214 3086 238 3106; x_wconf 71' lang='lat' dir='ltr'>cl</span> <span class='ocrx_word' id='word_1_19' title='bbox 256 3079 284 3106; x_wconf 79' lang='grc'>().</span> <span class='ocrx_word' id='word_1_20' title='bbox 303 3077 332 3116; x_wconf 56' lang='grc'><strong>111.</strong></span> 
     </span>
    </p>
   </div>
   <div class='ocr_carea' id='block_1_7' title="bbox 216 3255 385 3291">
    <p class='ocr_par' dir='ltr' id='par_1_7' title="bbox 216 3255 385 3291">
     <span class='ocr_line' id='line_1_10' title="bbox 216 3255 385 3291; baseline -0.012 -8"><span class='ocrx_word' id='word_1_21' title='bbox 216 3257 319 3283; x_wconf 71' lang='grc' dir='ltr'><strong>Ε.1·υ([.</strong></span> <span class='ocrx_word' id='word_1_22' title='bbox 335 3255 385 3291; x_wconf 76' lang='grc'>34.</span> 
     </span>
    </p>
   </div>
   <div class='ocr_carea' id='block_1_8' title="bbox 218 3305 377 3373">
    <p class='ocr_par' dir='ltr' id='par_1_8' title="bbox 218 3305 377 3373">
     <span class='ocr_line' id='line_1_11' title="bbox 220 3305 267 3331; baseline 0.021 -9"><span class='ocrx_word' id='word_1_23' title='bbox 220 3305 267 3331; x_wconf 79' lang='lat'>¹7-</span> 
     </span>
     <span class='ocr_line' id='line_1_12' title="bbox 218 3339 377 3373; baseline 0 -10"><span class='ocrx_word' id='word_1_24' title='bbox 218 3339 309 3364; x_wconf 48' lang='grc' dir='ltr'><strong>Ι11ϊιΙ.</strong></span> <span class='ocrx_word' id='word_1_25' title='bbox 332 3345 377 3373; x_wconf 57' lang='lat'>¹5)-</span> 
     </span>
    </p>
   </div>
   <div class='ocr_carea' id='block_1_9' title="bbox 403 209 495 267">
    <p class='ocr_par' dir='ltr' id='par_1_9' title="bbox 403 209 495 267">
     <span class='ocr_line' id='line_1_13' title="bbox 403 209 495 267; baseline 0.011 -19"><span class='ocrx_word' id='word_1_26' title='bbox 403 209 495 267; x_wconf 55' lang='lat'>724</span> 
     </span>
    </p>
   </div>
   <div class='ocr_carea' id='block_1_10' title="bbox 398 297 1372 352">
    <p class='ocr_par' dir='ltr' id='par_1_10' title="bbox 398 297 1372 352">
     <span class='ocr_line' id='line_1_14' title="bbox 398 297 1372 352; baseline -0.008 -11"><span class='ocrx_word' id='word_1_27' title='bbox 398 305 550 348; x_wconf 70' lang='lat' dir='ltr'>foveam,</span> <span class='ocrx_word' id='word_1_28' title='bbox 574 315 680 352; x_wconf 79' lang='lat' dir='ltr'>quani</span> <span class='ocrx_word' id='word_1_29' title='bbox 698 300 793 344; x_wconf 82' lang='lat' dir='ltr'>fecit,</span> <span class='ocrx_word' id='word_1_30' title='bbox 815 299 946 351; x_wconf 81' lang='lat' dir='ltr'><strong>conjice</strong></span> <span class='ocrx_word' id='word_1_31' title='bbox 964 299 1068 336; x_wconf 87' lang='grc'><strong>11111111</strong></span> <span class='ocrx_word' id='word_1_32' title='bbox 1088 298 1123 335; x_wconf 88' lang='grc'>111</span> <span class='ocrx_word' id='word_1_33' title='bbox 1144 297 1372 350; x_wconf 78' lang='lat' dir='ltr'>profundum.</span> 
     </span>
    </p>
   </div>
   <div class='ocr_carea' id='block_1_11' title="bbox 202 351 1375 431">
    <p class='ocr_par' dir='ltr' id='par_1_11' title="bbox 202 351 1375 431">
     <span class='ocr_line' id='line_1_15' title="bbox 202 351 1375 404; baseline -0.004 -14"><span class='ocrx_word' id='word_1_34' title='bbox 202 364 286 390; x_wconf 65' lang='lat' dir='ltr'><em>&#39;&#39;vnl-</em></span> <span class='ocrx_word' id='word_1_35' title='bbox 318 370 384 400; x_wconf 85' lang='lat'>¹²9·</span> <span class='ocrx_word' id='word_1_36' title='bbox 402 356 458 393; x_wconf 78' lang='lat' dir='ltr'>Ex</span> <span class='ocrx_word' id='word_1_37' title='bbox 472 356 612 393; x_wconf 81' lang='lat' dir='ltr'>Psalmo</span> <span class='ocrx_word' id='word_1_38' title='bbox 628 354 755 392; x_wconf 80' lang='lat' dir='ltr'>clama:</span> <span class='ocrx_word' id='word_1_39' title='bbox 769 354 829 390; x_wconf 86' lang='lat' dir='ltr'>De</span> <span class='ocrx_word' id='word_1_40' title='bbox 842 353 1047 404; x_wconf 74' lang='lat' dir='ltr'>profundis</span> <span class='ocrx_word' id='word_1_41' title='bbox 1066 352 1238 389; x_wconf 69' lang='lat' dir='ltr'>clamavi</span> <span class='ocrx_word' id='word_1_42' title='bbox 1256 351 1310 387; x_wconf 84' lang='lat' dir='ltr'>ad</span> <span class='ocrx_word' id='word_1_43' title='bbox 1326 358 1375 386; x_wconf 84' lang='lat' dir='ltr'>te:</span> 
     </span>
     <span class='ocr_line' id='line_1_16' title="bbox 203 413 282 431; baseline 0.013 -1"><span class='ocrx_word' id='word_1_44' title='bbox 203 413 226 430; x_wconf 69' lang='grc'>1,</span> <span class='ocrx_word' id='word_1_45' title='bbox 255 413 282 431; x_wconf 82' lang='grc'>2.</span> 
     </span>
    </p>
   </div>
   <div class='ocr_carea' id='block_1_12' title="bbox 396 402 1384 1287">
    <p class='ocr_par' dir='ltr' id='par_1_12' title="bbox 396 402 1384 1287">
     <span class='ocr_line' id='line_1_17' title="bbox 400 402 1379 455; baseline -0.008 -9"><span class='ocrx_word' id='word_1_46' title='bbox 400 410 580 455; x_wconf 81' lang='lat' dir='ltr'><em>Domine,</em></span> <span class='ocrx_word' id='word_1_47' title='bbox 597 408 763 444; x_wconf 85' lang='lat' dir='ltr'><em>Domine</em></span> <span class='ocrx_word' id='word_1_48' title='bbox 788 407 931 443; x_wconf 63' lang='lat' dir='ltr'>exaudi</span> <span class='ocrx_word' id='word_1_49' title='bbox 950 418 1085 442; x_wconf 83' lang='lat' dir='ltr'>vocem</span> <span class='ocrx_word' id='word_1_50' title='bbox 1106 418 1240 441; x_wconf 82' lang='lat' dir='ltr'>meam.</span> <span class='ocrx_word' id='word_1_51' title='bbox 1257 402 1379 453; x_wconf 84' lang='lat' dir='ltr'>Dejice</span> 
     </span>
     <span class='ocr_line' id='line_1_18' title="bbox 398 455 1373 513; baseline -0.008 -14"><span class='ocrx_word' id='word_1_52' title='bbox 398 476 479 499; x_wconf 86' lang='lat' dir='ltr'>eum</span> <span class='ocrx_word' id='word_1_53' title='bbox 495 461 530 498; x_wconf 90' lang='lat' dir='ltr'>in</span> <span class='ocrx_word' id='word_1_54' title='bbox 547 459 776 513; x_wconf 69' lang='lat' dir='ltr'>profundum,</span> <span class='ocrx_word' id='word_1_55' title='bbox 792 458 975 498; x_wconf 78' lang='lat' dir='ltr'>deflectens</span> <span class='ocrx_word' id='word_1_56' title='bbox 994 457 1089 495; x_wconf 88' lang='lat' dir='ltr'>solus</span> <span class='ocrx_word' id='word_1_57' title='bbox 1105 471 1149 494; x_wconf 74' lang='lat' dir='ltr'>ex</span> <span class='ocrx_word' id='word_1_58' title='bbox 1162 457 1237 508; x_wconf 81' lang='lat' dir='ltr'>ejus</span> <span class='ocrx_word' id='word_1_59' title='bbox 1251 455 1373 493; x_wconf 77' lang='lat' dir='ltr'>exitio.</span> 
     </span>
     <span class='ocr_line' id='line_1_19' title="bbox 397 507 1373 560; baseline -0.007 -8"><span class='ocrx_word' id='word_1_60' title='bbox 397 515 539 552; x_wconf 81' lang='lat' dir='ltr'>Extolle</span> <span class='ocrx_word' id='word_1_61' title='bbox 560 514 593 550; x_wconf 93' lang='lat' dir='ltr'>in</span> <span class='ocrx_word' id='word_1_62' title='bbox 614 513 726 550; x_wconf 80' lang='lat' dir='ltr'>altum</span> <span class='ocrx_word' id='word_1_63' title='bbox 751 520 886 550; x_wconf 83' lang='lat' dir='ltr'>sanctas</span> <span class='ocrx_word' id='word_1_64' title='bbox 908 525 1032 548; x_wconf 83' lang='lat' dir='ltr'>manus</span> <span class='ocrx_word' id='word_1_65' title='bbox 1055 510 1100 547; x_wconf 83' lang='lat' dir='ltr'>ad</span> <span class='ocrx_word' id='word_1_66' title='bbox 1117 511 1259 560; x_wconf 77' lang='lat' dir='ltr'>Regem,</span> <span class='ocrx_word' id='word_1_67' title='bbox 1278 507 1373 546; x_wconf 80' lang='lat' dir='ltr'>aeci-</span> 
     </span>
     <span class='ocr_line' id='line_1_20' title="bbox 397 563 1377 620; baseline -0.008 -15"><span class='ocrx_word' id='word_1_68' title='bbox 397 568 496 620; x_wconf 87' lang='lat' dir='ltr'>piens</span> <span class='ocrx_word' id='word_1_69' title='bbox 511 567 676 604; x_wconf 76' lang='lat' dir='ltr'>bravium</span> <span class='ocrx_word' id='word_1_70' title='bbox 700 565 910 616; x_wconf 85' lang='lat' dir='ltr'>palmarum,</span> <span class='ocrx_word' id='word_1_71' title='bbox 928 573 967 600; x_wconf 89' lang='lat' dir='ltr'>ut</span> <span class='ocrx_word' id='word_1_72' title='bbox 986 563 1071 600; x_wconf 88' lang='lat' dir='ltr'>olim</span> <span class='ocrx_word' id='word_1_73' title='bbox 1096 563 1194 614; x_wconf 87' lang='lat' dir='ltr'>pueri</span> <span class='ocrx_word' id='word_1_74' title='bbox 1212 577 1219 597; x_wconf 92' lang='lat'><strong>:</strong></span> <span class='ocrx_word' id='word_1_75' title='bbox 1238 570 1271 598; x_wconf 87' lang='lat' dir='ltr'>et</span> <span class='ocrx_word' id='word_1_76' title='bbox 1292 574 1377 612; x_wconf 87' lang='lat' dir='ltr'>qua-</span> 
     </span>
     <span class='ocr_line' id='line_1_21' title="bbox 396 614 1378 667; baseline -0.007 -10"><span class='ocrx_word' id='word_1_77' title='bbox 396 621 485 657; x_wconf 88' lang='lat' dir='ltr'>tiens</span> <span class='ocrx_word' id='word_1_78' title='bbox 507 619 652 656; x_wconf 83' lang='lat' dir='ltr'>adorato</span> <span class='ocrx_word' id='word_1_79' title='bbox 677 631 769 665; x_wconf 82' lang='lat' dir='ltr'>euin,</span> <span class='ocrx_word' id='word_1_80' title='bbox 789 617 871 667; x_wconf 89' lang='lat' dir='ltr'>quia</span> <span class='ocrx_word' id='word_1_81' title='bbox 896 616 1020 654; x_wconf 88' lang='lat' dir='ltr'>cecidit</span> <span class='ocrx_word' id='word_1_82' title='bbox 1047 616 1124 659; x_wconf 76' lang='lat' dir='ltr'>Bel,</span> <span class='ocrx_word' id='word_1_83' title='bbox 1141 614 1310 653; x_wconf 88' lang='lat' dir='ltr'>contritus</span> <span class='ocrx_word' id='word_1_84' title='bbox 1328 622 1378 650; x_wconf 80' lang='lat' dir='ltr'>est</span> 
     </span>
     <span class='ocr_line' id='line_1_22' title="bbox 398 669 1379 723; baseline -0.006 -14"><span class='ocrx_word' id='word_1_85' title='bbox 398 674 534 723; x_wconf 79' lang='lat' dir='ltr'>Dagon.</span> <span class='ocrx_word' id='word_1_86' title='bbox 563 672 704 709; x_wconf 84' lang='lat' dir='ltr'>Gratia</span> <span class='ocrx_word' id='word_1_87' title='bbox 726 678 855 708; x_wconf 78' lang='lat' dir='ltr'>autem</span> <span class='ocrx_word' id='word_1_88' title='bbox 871 670 969 711; x_wconf 82' lang='lat' dir='ltr'>Deo,</span> <span class='ocrx_word' id='word_1_89' title='bbox 991 671 1055 721; x_wconf 74' lang='lat' dir='ltr'>qui</span> <span class='ocrx_word' id='word_1_90' title='bbox 1071 669 1173 705; x_wconf 73' lang='lat' dir='ltr'>dedit</span> <span class='ocrx_word' id='word_1_91' title='bbox 1191 669 1299 705; x_wconf 79' lang='lat' dir='ltr'>nobis</span> <span class='ocrx_word' id='word_1_92' title='bbox 1312 669 1379 704; x_wconf 77' lang='lat' dir='ltr'>vi-</span> 
     </span>
     <span class='ocr_line' id='line_1_23' title="bbox 397 722 1378 775; baseline -0.007 -12"><span class='ocrx_word' id='word_1_93' title='bbox 397 727 558 763; x_wconf 80' lang='lat' dir='ltr'>ctoriam</span> <span class='ocrx_word' id='word_1_94' title='bbox 567 724 851 775; x_wconf 80' lang='lat' dir='ltr'>perDominzcm</span> <span class='ocrx_word' id='word_1_95' title='bbox 861 722 1063 759; x_wconf 78' lang='lat' dir='ltr'>nostrumJ</span> <span class='ocrx_word' id='word_1_96' title='bbox 1063 722 1201 759; x_wconf 80' lang='lat' dir='ltr'>esumC</span> <span class='ocrx_word' id='word_1_97' title='bbox 1204 722 1378 757; x_wconf 79' lang='lat' dir='ltr'>hristum.</span> 
     </span>
     <span class='ocr_line' id='line_1_24' title="bbox 398 773 1381 827; baseline -0.004 -13"><span class='ocrx_word' id='word_1_98' title='bbox 398 778 473 815; x_wconf 89' lang='lat' dir='ltr'>Hac</span> <span class='ocrx_word' id='word_1_99' title='bbox 493 777 641 815; x_wconf 79' lang='lat' dir='ltr'>victoria</span> <span class='ocrx_word' id='word_1_100' title='bbox 661 775 866 827; x_wconf 78' lang='lat' dir='ltr'>paradisum</span> <span class='ocrx_word' id='word_1_101' title='bbox 879 775 980 825; x_wconf 84' lang='lat' dir='ltr'>quasi</span> <span class='ocrx_word' id='word_1_102' title='bbox 996 775 1178 812; x_wconf 78' lang='lat' dir='ltr'>lavacrum</span> <span class='ocrx_word' id='word_1_103' title='bbox 1194 773 1381 824; x_wconf 87' lang='lat' dir='ltr'>publicum</span> 
     </span>
     <span class='ocr_line' id='line_1_25' title="bbox 398 825 1377 882; baseline -0.006 -15"><span class='ocrx_word' id='word_1_104' title='bbox 398 830 534 882; x_wconf 84' lang='lat' dir='ltr'>aperire</span> <span class='ocrx_word' id='word_1_105' title='bbox 549 828 690 881; x_wconf 87' lang='lat' dir='ltr'>poteris,</span> <span class='ocrx_word' id='word_1_106' title='bbox 708 828 769 865; x_wconf 87' lang='lat' dir='ltr'>ubi</span> <span class='ocrx_word' id='word_1_107' title='bbox 795 837 947 879; x_wconf 83' lang='lat' dir='ltr'>quatuor</span> <span class='ocrx_word' id='word_1_108' title='bbox 971 826 1131 873; x_wconf 84' lang='lat' dir='ltr'>flumina,</span> <span class='ocrx_word' id='word_1_109' title='bbox 1146 839 1237 876; x_wconf 85' lang='lat' dir='ltr'>aqua</span> <span class='ocrx_word' id='word_1_110' title='bbox 1252 825 1377 870; x_wconf 84' lang='lat' dir='ltr'>multa,</span> 
     </span>
     <span class='ocr_line' id='line_1_26' title="bbox 399 881 1382 932; baseline -0.006 -13"><span class='ocrx_word' id='word_1_111' title='bbox 399 892 437 920; x_wconf 89' lang='lat' dir='ltr'>ut</span> <span class='ocrx_word' id='word_1_112' title='bbox 455 883 490 920; x_wconf 90' lang='lat' dir='ltr'>in</span> <span class='ocrx_word' id='word_1_113' title='bbox 511 883 665 927; x_wconf 83' lang='lat' dir='ltr'>lavaero,</span> <span class='ocrx_word' id='word_1_114' title='bbox 684 881 719 918; x_wconf 89' lang='lat' dir='ltr'>in</span> <span class='ocrx_word' id='word_1_115' title='bbox 747 881 824 920; x_wconf 89' lang='grc'><strong>1000</strong></span> <span class='ocrx_word' id='word_1_116' title='bbox 847 895 998 932; x_wconf 73' lang='lat' dir='ltr'>pascum,</span> <span class='ocrx_word' id='word_1_117' title='bbox 1017 887 1055 916; x_wconf 88' lang='lat' dir='ltr'>ut</span> <span class='ocrx_word' id='word_1_118' title='bbox 1073 887 1107 915; x_wconf 90' lang='lat' dir='ltr'>et</span> <span class='ocrx_word' id='word_1_119' title='bbox 1127 887 1165 915; x_wconf 89' lang='lat' dir='ltr'>tu</span> <span class='ocrx_word' id='word_1_120' title='bbox 1185 886 1382 929; x_wconf 84' lang='lat' dir='ltr'>opportune</span> 
     </span>
     <span class='ocr_line' id='line_1_27' title="bbox 400 932 1382 986; baseline -0.007 -13"><span class='ocrx_word' id='word_1_121' title='bbox 400 935 498 974; x_wconf 87' lang='lat' dir='ltr'>dicas</span> <span class='ocrx_word' id='word_1_122' title='bbox 516 951 523 971; x_wconf 91' lang='lat'>:</span> <span class='ocrx_word' id='word_1_123' title='bbox 541 938 590 972; x_wconf 86' lang='lat' dir='ltr'>In</span> <span class='ocrx_word' id='word_1_124' title='bbox 612 936 694 972; x_wconf 82' lang='lat' dir='ltr'>loco</span> <span class='ocrx_word' id='word_1_125' title='bbox 713 947 866 986; x_wconf 67' lang='lat' dir='ltr'>pascuae</span> <span class='ocrx_word' id='word_1_126' title='bbox 882 935 936 969; x_wconf 79' lang='lat' dir='ltr'>ibi</span> <span class='ocrx_word' id='word_1_127' title='bbox 951 946 1010 970; x_wconf 83' lang='lat' dir='ltr'>me</span> <span class='ocrx_word' id='word_1_128' title='bbox 1025 932 1244 975; x_wconf 73' lang='lat' dir='ltr'>collocavit,</span> <span class='ocrx_word' id='word_1_129' title='bbox 1269 943 1382 980; x_wconf 81' lang='lat' dir='ltr'>super</span> 
     </span>
     <span class='ocr_line' id='line_1_28' title="bbox 401 982 1383 1040; baseline -0.006 -14"><span class='ocrx_word' id='word_1_130' title='bbox 401 1003 544 1040; x_wconf 82' lang='lat' dir='ltr'>aquam</span> <span class='ocrx_word' id='word_1_131' title='bbox 564 988 787 1039; x_wconf 78' lang='lat' dir='ltr'>resectionis</span> <span class='ocrx_word' id='word_1_132' title='bbox 819 986 995 1023; x_wconf 72' lang='lat' dir='ltr'>educavit</span> <span class='ocrx_word' id='word_1_133' title='bbox 1023 997 1082 1020; x_wconf 83' lang='lat' dir='ltr'>me</span> <span class='ocrx_word' id='word_1_134' title='bbox 1099 998 1109 1018; x_wconf 91' lang='grc'>.·</span> <span class='ocrx_word' id='word_1_135' title='bbox 1129 991 1161 1019; x_wconf 91' lang='lat' dir='ltr'>et</span> <span class='ocrx_word' id='word_1_136' title='bbox 1181 996 1286 1034; x_wconf 88' lang='lat' dir='ltr'>super</span> <span class='ocrx_word' id='word_1_137' title='bbox 1308 982 1383 1020; x_wconf 77' lang='lat' dir='ltr'>liaec</span> 
     </span>
     <span class='ocr_line' id='line_1_29' title="bbox 401 1038 1381 1077; baseline -0.007 0"><span class='ocrx_word' id='word_1_138' title='bbox 401 1041 517 1077; x_wconf 84' lang='lat' dir='ltr'>onmia</span> <span class='ocrx_word' id='word_1_139' title='bbox 547 1039 728 1076; x_wconf 73' lang='lat' dir='ltr'>exsultans</span> <span class='ocrx_word' id='word_1_140' title='bbox 746 1038 844 1075; x_wconf 88' lang='lat' dir='ltr'>dieas</span> <span class='ocrx_word' id='word_1_141' title='bbox 866 1053 873 1072; x_wconf 95' lang='lat'>:</span> <span class='ocrx_word' id='word_1_142' title='bbox 898 1039 1051 1073; x_wconf 77' lang='lat' dir='ltr'>Bonum</span> <span class='ocrx_word' id='word_1_143' title='bbox 1077 1043 1274 1072; x_wconf 80' lang='lat' dir='ltr'>certamen</span> <span class='ocrx_word' id='word_1_144' title='bbox 1302 1047 1381 1071; x_wconf 83' lang='lat' dir='ltr'>cer-</span> 
     </span>
     <span class='ocr_line' id='line_1_30' title="bbox 402 1088 1383 1140; baseline -0.009 -10"><span class='ocrx_word' id='word_1_145' title='bbox 402 1096 494 1137; x_wconf 75' lang='lat' dir='ltr'>tavi,</span> <span class='ocrx_word' id='word_1_146' title='bbox 514 1105 666 1129; x_wconf 75' lang='lat' dir='ltr'>cursum</span> <span class='ocrx_word' id='word_1_147' title='bbox 695 1091 972 1134; x_wconf 69' lang='lat' dir='ltr'>consummavi,</span> <span class='ocrx_word' id='word_1_148' title='bbox 985 1088 1112 1140; x_wconf 79' lang='lat' dir='ltr'>fidem</span> <span class='ocrx_word' id='word_1_149' title='bbox 1142 1088 1294 1124; x_wconf 73' lang='lat' dir='ltr'>servavi</span> <span class='ocrx_word' id='word_1_150' title='bbox 1312 1101 1322 1121; x_wconf 88' lang='lat'><em>:</em></span> <span class='ocrx_word' id='word_1_151' title='bbox 1341 1088 1383 1122; x_wconf 85' lang='lat' dir='ltr'>in</span> 
     </span>
     <span class='ocr_line' id='line_1_31' title="bbox 398 1137 1382 1196; baseline -0.006 -15"><span class='ocrx_word' id='word_1_152' title='bbox 398 1145 547 1196; x_wconf 80' lang='lat' dir='ltr'>reliquo</span> <span class='ocrx_word' id='word_1_153' title='bbox 576 1146 744 1195; x_wconf 78' lang='lat' dir='ltr'>reposita</span> <span class='ocrx_word' id='word_1_154' title='bbox 773 1151 828 1179; x_wconf 81' lang='lat' dir='ltr'>est</span> <span class='ocrx_word' id='word_1_155' title='bbox 854 1143 949 1178; x_wconf 77' lang='lat' dir='ltr'>mihi</span> <span class='ocrx_word' id='word_1_156' title='bbox 981 1153 1124 1177; x_wconf 80' lang='lat' dir='ltr'>corona</span> <span class='ocrx_word' id='word_1_157' title='bbox 1147 1141 1323 1190; x_wconf 80' lang='lat' dir='ltr'>jzcstitioe,</span> <span class='ocrx_word' id='word_1_158' title='bbox 1347 1137 1382 1175; x_wconf 90' lang='lat' dir='ltr'>in</span> 
     </span>
     <span class='ocr_line' id='line_1_32' title="bbox 399 1190 1384 1243; baseline -0.007 -9"><span class='ocrx_word' id='word_1_159' title='bbox 399 1197 540 1234; x_wconf 85' lang='lat' dir='ltr'>Christo</span> <span class='ocrx_word' id='word_1_160' title='bbox 559 1198 642 1235; x_wconf 86' lang='lat' dir='ltr'>Jesu</span> <span class='ocrx_word' id='word_1_161' title='bbox 668 1195 823 1233; x_wconf 90' lang='lat' dir='ltr'>Domino</span> <span class='ocrx_word' id='word_1_162' title='bbox 842 1203 973 1242; x_wconf 79' lang='lat' dir='ltr'>nostro,</span> <span class='ocrx_word' id='word_1_163' title='bbox 991 1191 1046 1231; x_wconf 91' lang='lat' dir='ltr'>eui</span> <span class='ocrx_word' id='word_1_164' title='bbox 1066 1191 1177 1243; x_wconf 82' lang='lat' dir='ltr'>gloria</span> <span class='ocrx_word' id='word_1_165' title='bbox 1200 1191 1237 1229; x_wconf 90' lang='lat' dir='ltr'>in</span> <span class='ocrx_word' id='word_1_166' title='bbox 1256 1190 1384 1242; x_wconf 82' lang='lat' dir='ltr'>saeeula</span> 
     </span>
     <span class='ocr_line' id='line_1_33' title="bbox 400 1249 766 1287; baseline -0.005 0"><span class='ocrx_word' id='word_1_167' title='bbox 400 1249 622 1287; x_wconf 60' lang='lat' dir='ltr'>sacculorum.</span> <span class='ocrx_word' id='word_1_168' title='bbox 642 1251 766 1286; x_wconf 88' lang='lat' dir='ltr'>Amen.</span> 
     </span>
    </p>
   </div>
   <div class='ocr_carea' id='block_1_13' title="bbox 1357 214 1530 245">
    <p class='ocr_par' dir='ltr' id='par_1_13' title="bbox 1357 214 1530 245">
     <span class='ocr_line' id='line_1_34' title="bbox 1357 214 1530 245; baseline -0.012 0"><span class='ocrx_word' id='word_1_169' title='bbox 1357 214 1530 245; x_wconf 53' lang='lat' dir='ltr'>Sputum.</span> 
     </span>
    </p>
   </div>
   <div class='ocr_carea' id='block_1_14' title="bbox 1448 293 2482 1239">
    <p class='ocr_par' dir='ltr' id='par_1_14' title="bbox 1448 293 2482 1239">
     <span class='ocr_line' id='line_1_35' title="bbox 1449 293 2470 347; baseline 0 -14"><span class='ocrx_word' id='word_1_170' title='bbox 1449 294 1581 347; x_wconf 79' lang='grc' dir='ltr'>βαθέων</span> <span class='ocrx_word' id='word_1_171' title='bbox 1607 293 1775 344; x_wconf 72' lang='grc' dir='ltr'>ἐκέκραξα</span> <span class='ocrx_word' id='word_1_172' title='bbox 1795 310 1865 332; x_wconf 76' lang='grc' dir='ltr'>σοι’</span> <span class='ocrx_word' id='word_1_173' title='bbox 1899 294 2022 346; x_wconf 85' lang='grc' dir='ltr'>Κύριε,</span> <span class='ocrx_word' id='word_1_174' title='bbox 2053 294 2175 346; x_wconf 85' lang='grc' dir='ltr'>Κύριε,</span> <span class='ocrx_word' id='word_1_175' title='bbox 2196 294 2392 333; x_wconf 81' lang='grc' dir='ltr'>εἰσάκουσον</span> <span class='ocrx_word' id='word_1_176' title='bbox 2409 298 2470 341; x_wconf 67' lang='grc' dir='ltr'>τῆς</span> 
     </span>
     <span class='ocr_line' id='line_1_36' title="bbox 1448 346 2471 400; baseline -0.002 -14"><span class='ocrx_word' id='word_1_177' title='bbox 1448 352 1563 400; x_wconf 75' lang='grc' dir='ltr'>φωνῆς</span> <span class='ocrx_word' id='word_1_178' title='bbox 1584 363 1660 398; x_wconf 90' lang='grc' dir='ltr'>μου.</span> <span class='ocrx_word' id='word_1_179' title='bbox 1683 346 1774 384; x_wconf 83' lang='grc' dir='ltr'>Βάλε</span> <span class='ocrx_word' id='word_1_180' title='bbox 1793 346 1894 385; x_wconf 73' lang='grc' dir='ltr'>αὐτὸν</span> <span class='ocrx_word' id='word_1_181' title='bbox 1913 350 1959 391; x_wconf 85' lang='grc' dir='ltr'>εἷς</span> <span class='ocrx_word' id='word_1_182' title='bbox 1979 347 2042 394; x_wconf 78' lang='grc' dir='ltr'>τὴν</span> <span class='ocrx_word' id='word_1_183' title='bbox 2062 349 2217 398; x_wconf 78' lang='grc' dir='ltr'>βαθεῖαν,</span> <span class='ocrx_word' id='word_1_184' title='bbox 2238 347 2471 399; x_wconf 75' lang='grc' dir='ltr'>κατακάμψας</span> 
     </span>
     <span class='ocr_line' id='line_1_37' title="bbox 1450 394 2474 453; baseline -0.002 -15"><span class='ocrx_word' id='word_1_185' title='bbox 1450 400 1647 453; x_wconf 85' lang='grc' dir='ltr'>μονώτατος</span> <span class='ocrx_word' id='word_1_186' title='bbox 1680 402 1718 438; x_wconf 80' lang='grc' dir='ltr'>ἐκ</span> <span class='ocrx_word' id='word_1_187' title='bbox 1748 403 1810 445; x_wconf 67' lang='grc' dir='ltr'>τῆς</span> <span class='ocrx_word' id='word_1_188' title='bbox 1839 400 2014 443; x_wconf 84' lang='grc' dir='ltr'>ἀπωλείας</span> <span class='ocrx_word' id='word_1_189' title='bbox 2048 402 2162 438; x_wconf 75' lang='grc' dir='ltr'>αὐτοῦ.</span> <span class='ocrx_word' id='word_1_190' title='bbox 2187 394 2288 452; x_wconf 46' lang='grc' dir='ltr'>’Ἆρον</span> <span class='ocrx_word' id='word_1_191' title='bbox 2322 401 2369 442; x_wconf 90' lang='grc' dir='ltr'>εἷς</span> <span class='ocrx_word' id='word_1_192' title='bbox 2390 399 2474 451; x_wconf 73' lang='grc' dir='ltr'>ὕψος</span> 
     </span>
     <span class='ocr_line' id='line_1_38' title="bbox 1450 451 2472 505; baseline -0.003 -13"><span class='ocrx_word' id='word_1_193' title='bbox 1450 454 1562 498; x_wconf 79' lang='grc' dir='ltr'>ὁσίους</span> <span class='ocrx_word' id='word_1_194' title='bbox 1582 459 1700 505; x_wconf 86' lang='grc' dir='ltr'>χεῖρας</span> <span class='ocrx_word' id='word_1_195' title='bbox 1726 452 1811 503; x_wconf 78' lang='grc' dir='ltr'>πρὸς</span> <span class='ocrx_word' id='word_1_196' title='bbox 1833 452 1889 490; x_wconf 82' lang='grc' dir='ltr'>τὸν</span> <span class='ocrx_word' id='word_1_197' title='bbox 1915 453 2077 503; x_wconf 81' lang='grc' dir='ltr'>βασιλέα,</span> <span class='ocrx_word' id='word_1_198' title='bbox 2094 451 2212 490; x_wconf 64' lang='grc' dir='ltr'>λαῧὼν</span> <span class='ocrx_word' id='word_1_199' title='bbox 2230 452 2388 503; x_wconf 63' lang='grc' dir='ltr'>βραδεῖον</span> <span class='ocrx_word' id='word_1_200' title='bbox 2404 455 2472 489; x_wconf 84' lang='grc' dir='ltr'>τῶν</span> 
     </span>
     <span class='ocr_line' id='line_1_39' title="bbox 1450 504 2474 560; baseline -0.004 -15"><span class='ocrx_word' id='word_1_201' title='bbox 1450 506 1611 560; x_wconf 75' lang='grc' dir='ltr'>φοινίκων</span> <span class='ocrx_word' id='word_1_202' title='bbox 1626 504 1717 544; x_wconf 85' lang='grc' dir='ltr'>κατὰ</span> <span class='ocrx_word' id='word_1_203' title='bbox 1741 504 1818 548; x_wconf 73' lang='grc' dir='ltr'>τοὺς</span> <span class='ocrx_word' id='word_1_204' title='bbox 1847 507 1991 554; x_wconf 86' lang='grc' dir='ltr'>παῖδας,</span> <span class='ocrx_word' id='word_1_205' title='bbox 2017 506 2075 543; x_wconf 86' lang='grc' dir='ltr'>καὶ</span> <span class='ocrx_word' id='word_1_206' title='bbox 2103 505 2218 548; x_wconf 85' lang='grc' dir='ltr'>σείσας</span> <span class='ocrx_word' id='word_1_207' title='bbox 2237 504 2474 558; x_wconf 79' lang='grc' dir='ltr'>προσκύνησον</span> 
     </span>
     <span class='ocr_line' id='line_1_40' title="bbox 1452 556 2475 610; baseline -0.004 -12"><span class='ocrx_word' id='word_1_208' title='bbox 1452 562 1562 610; x_wconf 79' lang='grc' dir='ltr'>αὐτῷ,</span> <span class='ocrx_word' id='word_1_209' title='bbox 1588 558 1641 598; x_wconf 78' lang='grc' dir='ltr'>ὅτι</span> <span class='ocrx_word' id='word_1_210' title='bbox 1661 557 1794 595; x_wconf 66' lang='grc' dir='ltr'>Ἷίπεσε</span> <span class='ocrx_word' id='word_1_211' title='bbox 1817 556 1909 605; x_wconf 80' lang='grc' dir='ltr'>Βὴλ,</span> <span class='ocrx_word' id='word_1_212' title='bbox 1928 557 2110 610; x_wconf 67' lang='grc' dir='ltr'>συνετρίὸη</span> <span class='ocrx_word' id='word_1_213' title='bbox 2135 557 2273 609; x_wconf 81' lang='grc' dir='ltr'>Δαγών.</span> <span class='ocrx_word' id='word_1_214' title='bbox 2302 556 2412 608; x_wconf 77' lang='grc' dir='ltr'>Χάρις</span> <span class='ocrx_word' id='word_1_215' title='bbox 2440 557 2475 594; x_wconf 83' lang='grc' dir='ltr'>δὲ</span> 
     </span>
     <span class='ocr_line' id='line_1_41' title="bbox 1450 609 2475 664; baseline -0.002 -15"><span class='ocrx_word' id='word_1_216' title='bbox 1450 616 1500 664; x_wconf 83' lang='grc' dir='ltr'>τῷ</span> <span class='ocrx_word' id='word_1_217' title='bbox 1520 614 1600 664; x_wconf 61' lang='grc' dir='ltr'>(θεῷ</span> <span class='ocrx_word' id='word_1_218' title='bbox 1615 614 1665 663; x_wconf 80' lang='grc' dir='ltr'>τῷ</span> <span class='ocrx_word' id='word_1_219' title='bbox 1685 610 1811 648; x_wconf 84' lang='grc' dir='ltr'>διδόντι</span> <span class='ocrx_word' id='word_1_220' title='bbox 1833 614 1917 660; x_wconf 77' lang='grc' dir='ltr'>ἡμῖν</span> <span class='ocrx_word' id='word_1_221' title='bbox 1934 611 1972 648; x_wconf 84' lang='grc' dir='ltr'>τὸ</span> <span class='ocrx_word' id='word_1_222' title='bbox 1984 617 2075 653; x_wconf 85' lang='grc' dir='ltr'>νῖκος</span> <span class='ocrx_word' id='word_1_223' title='bbox 2090 610 2147 648; x_wconf 84' lang='grc' dir='ltr'>διὰ</span> <span class='ocrx_word' id='word_1_224' title='bbox 2165 615 2223 648; x_wconf 78' lang='grc' dir='ltr'>τοῦ</span> <span class='ocrx_word' id='word_1_225' title='bbox 2234 609 2362 662; x_wconf 86' lang='grc' dir='ltr'>Κυρίου</span> <span class='ocrx_word' id='word_1_226' title='bbox 2375 611 2475 659; x_wconf 79' lang='grc' dir='ltr'>ἡμῶν</span> 
     </span>
     <span class='ocr_line' id='line_1_42' title="bbox 1450 662 2477 719; baseline -0.005 -15"><span class='ocrx_word' id='word_1_227' title='bbox 1450 671 1510 704; x_wconf 73' lang='grc' dir='ltr'>τοῦ</span> <span class='ocrx_word' id='word_1_228' title='bbox 1536 666 1653 719; x_wconf 51' lang='lat' dir='ltr'>’lje-OT)</span> <span class='ocrx_word' id='word_1_229' title='bbox 1672 665 1836 716; x_wconf 77' lang='grc' dir='ltr'>Χριστοῦ.</span> <span class='ocrx_word' id='word_1_230' title='bbox 1852 662 1975 713; x_wconf 80' lang='grc' dir='ltr'>Ταύτῃ</span> <span class='ocrx_word' id='word_1_231' title='bbox 1995 667 2038 714; x_wconf 81' lang='grc' dir='ltr'>τῇ</span> <span class='ocrx_word' id='word_1_232' title='bbox 2061 662 2139 714; x_wconf 85' lang='grc' dir='ltr'>νίκῃ</span> <span class='ocrx_word' id='word_1_233' title='bbox 2155 663 2214 700; x_wconf 82' lang='grc' dir='ltr'>καὶ</span> <span class='ocrx_word' id='word_1_234' title='bbox 2235 662 2291 700; x_wconf 76' lang='grc' dir='ltr'>τὸν</span> <span class='ocrx_word' id='word_1_235' title='bbox 2310 663 2477 713; x_wconf 83' lang='grc' dir='ltr'>παράδει-</span> 
     </span>
     <span class='ocr_line' id='line_1_43' title="bbox 1453 714 2477 768; baseline -0.006 -11"><span class='ocrx_word' id='word_1_236' title='bbox 1453 735 1509 757; x_wconf 90' lang='grc' dir='ltr'>σον</span> <span class='ocrx_word' id='word_1_237' title='bbox 1543 721 1597 755; x_wconf 82' lang='grc' dir='ltr'>οἷα</span> <span class='ocrx_word' id='word_1_238' title='bbox 1629 719 1771 768; x_wconf 79' lang='grc' dir='ltr'>λοῦτρον</span> <span class='ocrx_word' id='word_1_239' title='bbox 1804 715 1984 766; x_wconf 81' lang='grc' dir='ltr'>πάνδημον</span> <span class='ocrx_word' id='word_1_240' title='bbox 2019 715 2149 759; x_wconf 84' lang='grc' dir='ltr'>ἀνοῖξαι</span> <span class='ocrx_word' id='word_1_241' title='bbox 2176 715 2368 765; x_wconf 85' lang='grc' dir='ltr'>δυνηθήσῃ,</span> <span class='ocrx_word' id='word_1_242' title='bbox 2398 714 2477 751; x_wconf 85' lang='grc' dir='ltr'>ἔνθα</span> 
     </span>
     <span class='ocr_line' id='line_1_44' title="bbox 1451 766 2477 821; baseline -0.006 -12"><span class='ocrx_word' id='word_1_243' title='bbox 1451 770 1601 821; x_wconf 81' lang='grc' dir='ltr'>ποταμοὶ</span> <span class='ocrx_word' id='word_1_244' title='bbox 1633 769 1816 820; x_wconf 80' lang='grc' dir='ltr'>τέσσαρες,</span> <span class='ocrx_word' id='word_1_245' title='bbox 1853 769 1945 821; x_wconf 75' lang='grc' dir='ltr'>ὕδωρ</span> <span class='ocrx_word' id='word_1_246' title='bbox 1975 767 2082 815; x_wconf 78' lang='grc' dir='ltr'>πολὺ,</span> <span class='ocrx_word' id='word_1_247' title='bbox 2112 770 2158 810; x_wconf 84' lang='grc' dir='ltr'>ὡς</span> <span class='ocrx_word' id='word_1_248' title='bbox 2189 769 2222 805; x_wconf 82' lang='grc' dir='ltr'>ἐν</span> <span class='ocrx_word' id='word_1_249' title='bbox 2253 766 2406 818; x_wconf 81' lang='grc' dir='ltr'>λούτρῳ,</span> <span class='ocrx_word' id='word_1_250' title='bbox 2443 769 2477 804; x_wconf 83' lang='grc' dir='ltr'>ἐν</span> 
     </span>
     <span class='ocr_line' id='line_1_45' title="bbox 1452 819 2478 874; baseline -0.005 -13"><span class='ocrx_word' id='word_1_251' title='bbox 1452 823 1548 874; x_wconf 81' lang='grc' dir='ltr'>τόπῳ</span> <span class='ocrx_word' id='word_1_252' title='bbox 1568 822 1695 874; x_wconf 86' lang='grc' dir='ltr'>χλόης,</span> <span class='ocrx_word' id='word_1_253' title='bbox 1722 821 1814 865; x_wconf 83' lang='grc' dir='ltr'>ὅπως</span> <span class='ocrx_word' id='word_1_254' title='bbox 1841 821 1899 859; x_wconf 79' lang='grc' dir='ltr'>καὶ</span> <span class='ocrx_word' id='word_1_255' title='bbox 1929 820 1969 859; x_wconf 77' lang='grc' dir='ltr'>σὺ</span> <span class='ocrx_word' id='word_1_256' title='bbox 1999 820 2165 871; x_wconf 76' lang='grc' dir='ltr'>εὐκαίρως</span> <span class='ocrx_word' id='word_1_257' title='bbox 2197 819 2321 871; x_wconf 79' lang='grc' dir='ltr'>λέγῃς·</span> <span class='ocrx_word' id='word_1_258' title='bbox 2346 821 2406 862; x_wconf 84' lang='grc' dir='ltr'>Εἰς</span> <span class='ocrx_word' id='word_1_259' title='bbox 2421 819 2478 857; x_wconf 88' lang='grc' dir='ltr'>τό-</span> 
     </span>
     <span class='ocr_line' id='line_1_46' title="bbox 1453 871 2479 927; baseline -0.005 -13"><span class='ocrx_word' id='word_1_260' title='bbox 1453 891 1517 914; x_wconf 88' lang='grc' dir='ltr'>πον</span> <span class='ocrx_word' id='word_1_261' title='bbox 1533 876 1640 927; x_wconf 89' lang='grc' dir='ltr'>χλόης</span> <span class='ocrx_word' id='word_1_262' title='bbox 1661 878 1731 913; x_wconf 81' lang='grc' dir='ltr'>ἐκεῖ</span> <span class='ocrx_word' id='word_1_263' title='bbox 1754 890 1797 925; x_wconf 88' lang='grc' dir='ltr'>με</span> <span class='ocrx_word' id='word_1_264' title='bbox 1817 873 2093 921; x_wconf 81' lang='grc' dir='ltr'>κατεσκήνωσεν,</span> <span class='ocrx_word' id='word_1_265' title='bbox 2112 875 2163 924; x_wconf 79' lang='grc' dir='ltr'>ἐφ’</span> <span class='ocrx_word' id='word_1_266' title='bbox 2183 872 2306 915; x_wconf 77' lang='grc' dir='ltr'>ὕδατος</span> <span class='ocrx_word' id='word_1_267' title='bbox 2326 871 2479 910; x_wconf 82' lang='grc' dir='ltr'>ἀναπαύ-</span> 
     </span>
     <span class='ocr_line' id='line_1_47' title="bbox 1455 924 2480 979; baseline -0.004 -14"><span class='ocrx_word' id='word_1_268' title='bbox 1455 944 1541 972; x_wconf 87' lang='grc' dir='ltr'>σεως</span> <span class='ocrx_word' id='word_1_269' title='bbox 1564 927 1721 979; x_wconf 78' lang='grc' dir='ltr'>ἐξέθρεψέ</span> <span class='ocrx_word' id='word_1_270' title='bbox 1738 943 1802 978; x_wconf 85' lang='grc' dir='ltr'>με·</span> <span class='ocrx_word' id='word_1_271' title='bbox 1826 926 1885 965; x_wconf 78' lang='grc' dir='ltr'>καὶ</span> <span class='ocrx_word' id='word_1_272' title='bbox 1907 926 1965 964; x_wconf 79' lang='grc' dir='ltr'>ἐπὶ</span> <span class='ocrx_word' id='word_1_273' title='bbox 1993 933 2080 965; x_wconf 81' lang='grc' dir='ltr'>πᾶσι</span> <span class='ocrx_word' id='word_1_274' title='bbox 2100 925 2230 969; x_wconf 81' lang='grc' dir='ltr'>τούτοις</span> <span class='ocrx_word' id='word_1_275' title='bbox 2255 924 2480 977; x_wconf 71' lang='grc' dir='ltr'>καυχώμενος</span> 
     </span>
     <span class='ocr_line' id='line_1_48' title="bbox 1454 978 2480 1031; baseline -0.004 -13"><span class='ocrx_word' id='word_1_276' title='bbox 1454 980 1560 1031; x_wconf 77' lang='grc' dir='ltr'>λέγῃς</span> <span class='ocrx_word' id='word_1_277' title='bbox 1575 1011 1584 1028; x_wconf 90' lang='grc'>,</span> <span class='ocrx_word' id='word_1_278' title='bbox 1606 982 1675 1018; x_wconf 83' lang='grc' dir='ltr'>Τὸν</span> <span class='ocrx_word' id='word_1_279' title='bbox 1705 980 1811 1017; x_wconf 85' lang='grc' dir='ltr'>καλὸν</span> <span class='ocrx_word' id='word_1_280' title='bbox 1834 981 1952 1029; x_wconf 78' lang='grc' dir='ltr'>ἀγῶνα</span> <span class='ocrx_word' id='word_1_281' title='bbox 1970 978 2168 1030; x_wconf 78' lang='grc' dir='ltr'>ἠγώνισμαι</span> <span class='ocrx_word' id='word_1_282' title='bbox 2181 1009 2190 1025; x_wconf 96' lang='grc'>,</span> <span class='ocrx_word' id='word_1_283' title='bbox 2209 978 2265 1016; x_wconf 76' lang='grc' dir='ltr'>τὸν</span> <span class='ocrx_word' id='word_1_284' title='bbox 2282 978 2407 1029; x_wconf 78' lang='grc' dir='ltr'>δρόμον</span> <span class='ocrx_word' id='word_1_285' title='bbox 2423 993 2480 1014; x_wconf 87' lang='grc' dir='ltr'>τε-</span> 
     </span>
     <span class='ocr_line' id='line_1_49' title="bbox 1455 1029 2481 1082; baseline -0.003 -12"><span class='ocrx_word' id='word_1_286' title='bbox 1455 1032 1598 1078; x_wconf 84' lang='grc' dir='ltr'>τέλεκα,</span> <span class='ocrx_word' id='word_1_287' title='bbox 1615 1032 1677 1079; x_wconf 85' lang='grc' dir='ltr'>τὴν</span> <span class='ocrx_word' id='word_1_288' title='bbox 1699 1031 1815 1070; x_wconf 90' lang='grc' dir='ltr'>πίστιν</span> <span class='ocrx_word' id='word_1_289' title='bbox 1842 1031 2038 1082; x_wconf 81' lang='grc' dir='ltr'>τετήρηκα·</span> <span class='ocrx_word' id='word_1_290' title='bbox 2057 1031 2176 1070; x_wconf 72' lang='grc' dir='ltr'>λοιπὸν</span> <span class='ocrx_word' id='word_1_291' title='bbox 2211 1029 2393 1068; x_wconf 86' lang='grc' dir='ltr'>ἀπόκειταί</span> <span class='ocrx_word' id='word_1_292' title='bbox 2423 1046 2481 1080; x_wconf 91' lang='grc' dir='ltr'>μοι</span> 
     </span>
     <span class='ocr_line' id='line_1_50' title="bbox 1456 1083 2481 1138; baseline -0.003 -16"><span class='ocrx_word' id='word_1_293' title='bbox 1456 1088 1473 1122; x_wconf 83' lang='grc' dir='ltr'><em>ὃ</em></span> <span class='ocrx_word' id='word_1_294' title='bbox 1495 1087 1558 1129; x_wconf 72' lang='grc' dir='ltr'>τῆς</span> <span class='ocrx_word' id='word_1_295' title='bbox 1585 1083 1801 1138; x_wconf 43' lang='grc' dir='ltr'>δικαιοσύνωης</span> <span class='ocrx_word' id='word_1_296' title='bbox 1830 1083 2006 1135; x_wconf 76' lang='grc' dir='ltr'>στέφανος,</span> <span class='ocrx_word' id='word_1_297' title='bbox 2040 1085 2073 1122; x_wconf 79' lang='grc' dir='ltr'>ἐν</span> <span class='ocrx_word' id='word_1_298' title='bbox 2106 1085 2249 1135; x_wconf 81' lang='grc' dir='ltr'>Χριστῷ</span> <span class='ocrx_word' id='word_1_299' title='bbox 2288 1083 2403 1129; x_wconf 78' lang='grc' dir='ltr'>Ἰησοῦ</span> <span class='ocrx_word' id='word_1_300' title='bbox 2432 1085 2481 1134; x_wconf 77' lang='grc' dir='ltr'>τῷ</span> 
     </span>
     <span class='ocr_line' id='line_1_51' title="bbox 1457 1134 2482 1203; baseline -0.002 -29"><span class='ocrx_word' id='word_1_301' title='bbox 1457 1135 1575 1203; x_wconf 69' lang='grc' dir='ltr'>Κυρίῳ</span> <span class='ocrx_word' id='word_1_302' title='bbox 1605 1140 1717 1187; x_wconf 78' lang='grc' dir='ltr'>ἡμῶν,</span> <span class='ocrx_word' id='word_1_303' title='bbox 1747 1140 1775 1188; x_wconf 61' lang='lat' dir='ltr'>uf&gt;</span> <span class='ocrx_word' id='word_1_304' title='bbox 1810 1135 1892 1180; x_wconf 83' lang='grc' dir='ltr'>δόξα</span> <span class='ocrx_word' id='word_1_305' title='bbox 1919 1137 1967 1180; x_wconf 88' lang='grc' dir='ltr'>εἷς</span> <span class='ocrx_word' id='word_1_306' title='bbox 1991 1135 2067 1179; x_wconf 70' lang='grc' dir='ltr'>τοὺς</span> <span class='ocrx_word' id='word_1_307' title='bbox 2097 1138 2222 1179; x_wconf 80' lang='grc' dir='ltr'>αἰῶνας</span> <span class='ocrx_word' id='word_1_308' title='bbox 2247 1138 2314 1174; x_wconf 82' lang='grc' dir='ltr'>τῶν</span> <span class='ocrx_word' id='word_1_309' title='bbox 2336 1134 2482 1173; x_wconf 68' lang='grc' dir='ltr'>αἰώνων,</span> 
     </span>
     <span class='ocr_line' id='line_1_52' title="bbox 1459 1191 1580 1239; baseline 0 -13"><span class='ocrx_word' id='word_1_310' title='bbox 1459 1191 1580 1239; x_wconf 83' lang='grc' dir='ltr'>Ἀμην.</span> 
     </span>
    </p>
   </div>
   <div class='ocr_carea' id='block_1_15' title="bbox 404 1357 2472 1382">
    <p class='ocr_par' dir='ltr' id='par_1_15' title="bbox 404 1357 2472 1382">
     <span class='ocr_line' id='line_1_53' title="bbox 404 1357 2472 1382; baseline 0 2301"><span class='ocrx_word' id='word_1_311' title='bbox 404 1357 2472 1382; x_wconf 95' lang='lat' dir='ltr'> </span> 
     </span>
    </p>
   </div>
   <div class='ocr_carea' id='block_1_16' title="bbox 399 1369 2455 1385">
    <p class='ocr_par' dir='ltr' id='par_1_16' title="bbox 399 1369 2455 1385">
     <span class='ocr_line' id='line_1_54' title="bbox 399 1369 2455 1385; baseline 0 0"><span class='ocrx_word' id='word_1_312' title='bbox 399 1369 2455 1385; x_wconf 95' lang='lat' dir='ltr'> </span> 
     </span>
    </p>
   </div>
   <div class='ocr_carea' id='block_1_17' title="bbox 1163 1487 1706 1570">
    <p class='ocr_par' dir='ltr' id='par_1_17' title="bbox 1163 1487 1706 1570">
     <span class='ocr_line' id='line_1_55' title="bbox 1163 1487 1706 1570; baseline -0.002 0"><span class='ocrx_word' id='word_1_313' title='bbox 1163 1487 1706 1570; x_wconf 81' lang='lat' dir='ltr'><strong>MONITUM</strong></span> 
     </span>
    </p>
   </div>
   <div class='ocr_carea' id='block_1_18' title="bbox 934 1655 1970 1719">
    <p class='ocr_par' dir='ltr' id='par_1_18' title="bbox 934 1655 1970 1719">
     <span class='ocr_line' id='line_1_56' title="bbox 934 1655 1970 1719; baseline -0.004 -13"><span class='ocrx_word' id='word_1_314' title='bbox 934 1661 1006 1707; x_wconf 93' lang='lat' dir='ltr'>IN</span> <span class='ocrx_word' id='word_1_315' title='bbox 1060 1658 1502 1719; x_wconf 88' lang='lat' dir='ltr'><strong>SEQUENTEM</strong></span> <span class='ocrx_word' id='word_1_316' title='bbox 1555 1655 1970 1704; x_wconf 83' lang='lat' dir='ltr'>SERMONEM.</span> 
     </span>
    </p>
   </div>
   <div class='ocr_carea' id='block_1_19' title="bbox 403 1802 2490 2053">
    <p class='ocr_par' dir='ltr' id='par_1_19' title="bbox 403 1802 2490 2053">
     <span class='ocr_line' id='line_1_57' title="bbox 456 1802 2480 1861; baseline -0.005 -9"><span class='ocrx_word' id='word_1_317' title='bbox 456 1814 559 1852; x_wconf 83' lang='lat' dir='ltr'>Hunc</span> <span class='ocrx_word' id='word_1_318' title='bbox 580 1825 776 1852; x_wconf 87' lang='lat' dir='ltr'>sermonem</span> <span class='ocrx_word' id='word_1_319' title='bbox 793 1824 862 1848; x_wconf 89' lang='lat' dir='ltr'>non</span> <span class='ocrx_word' id='word_1_320' title='bbox 882 1823 955 1848; x_wconf 88' lang='lat' dir='ltr'>esse</span> <span class='ocrx_word' id='word_1_321' title='bbox 975 1807 1218 1861; x_wconf 87' lang='lat' dir='ltr'>Chrysostomi</span> <span class='ocrx_word' id='word_1_322' title='bbox 1234 1821 1353 1845; x_wconf 90' lang='lat' dir='ltr'>omnes</span> <span class='ocrx_word' id='word_1_323' title='bbox 1372 1806 1584 1858; x_wconf 82' lang='lat' dir='ltr'>dijudicant,</span> <span class='ocrx_word' id='word_1_324' title='bbox 1601 1804 1666 1843; x_wconf 85' lang='lat' dir='ltr'>etsi</span> <span class='ocrx_word' id='word_1_325' title='bbox 1683 1804 1800 1856; x_wconf 81' lang='lat' dir='ltr'>sagaci</span> <span class='ocrx_word' id='word_1_326' title='bbox 1818 1804 1898 1843; x_wconf 87' lang='lat' dir='ltr'>viro</span> <span class='ocrx_word' id='word_1_327' title='bbox 1914 1817 1983 1842; x_wconf 91' lang='lat' dir='ltr'>non</span> <span class='ocrx_word' id='word_1_328' title='bbox 2002 1803 2048 1842; x_wconf 85' lang='lat' dir='ltr'>sit</span> <span class='ocrx_word' id='word_1_329' title='bbox 2070 1802 2253 1855; x_wconf 82' lang='lat' dir='ltr'>indignus.</span> <span class='ocrx_word' id='word_1_330' title='bbox 2268 1802 2377 1851; x_wconf 83' lang='lat' dir='ltr'>Quod</span> <span class='ocrx_word' id='word_1_331' title='bbox 2394 1818 2480 1841; x_wconf 88' lang='lat' dir='ltr'>vero</span> 
     </span>
     <span class='ocr_line' id='line_1_58' title="bbox 403 1866 2478 1926; baseline -0.006 -11"><span class='ocrx_word' id='word_1_332' title='bbox 403 1878 499 1916; x_wconf 85' lang='lat' dir='ltr'>dixit</span> <span class='ocrx_word' id='word_1_333' title='bbox 515 1877 630 1917; x_wconf 79' lang='lat' dir='ltr'>neseio</span> <span class='ocrx_word' id='word_1_334' title='bbox 651 1875 742 1926; x_wconf 72' lang='lat' dir='ltr'>qui5‚</span> <span class='ocrx_word' id='word_1_335' title='bbox 763 1873 824 1911; x_wconf 81' lang='lat' dir='ltr'>sed</span> <span class='ocrx_word' id='word_1_336' title='bbox 845 1887 888 1911; x_wconf 84' lang='lat' dir='ltr'>ex</span> <span class='ocrx_word' id='word_1_337' title='bbox 905 1873 1106 1924; x_wconf 83' lang='lat' dir='ltr'>conjectura</span> <span class='ocrx_word' id='word_1_338' title='bbox 1126 1880 1279 1919; x_wconf 80' lang='lat' dir='ltr'>tantum,</span> <span class='ocrx_word' id='word_1_339' title='bbox 1294 1869 1478 1908; x_wconf 83' lang='lat' dir='ltr'>Severiani</span> <span class='ocrx_word' id='word_1_340' title='bbox 1498 1883 1583 1918; x_wconf 68' lang='lat' dir='ltr'>esse,</span> <span class='ocrx_word' id='word_1_341' title='bbox 1607 1868 1646 1905; x_wconf 86' lang='lat' dir='ltr'>id</span> <span class='ocrx_word' id='word_1_342' title='bbox 1669 1877 1761 1905; x_wconf 88' lang='lat' dir='ltr'>certe</span> <span class='ocrx_word' id='word_1_343' title='bbox 1777 1881 1858 1905; x_wconf 88' lang='lat' dir='ltr'>cum</span> <span class='ocrx_word' id='word_1_344' title='bbox 1881 1876 1976 1905; x_wconf 82' lang='lat' dir='ltr'>recta</span> <span class='ocrx_word' id='word_1_345' title='bbox 1995 1867 2130 1905; x_wconf 84' lang='lat' dir='ltr'>ratione</span> <span class='ocrx_word' id='word_1_346' title='bbox 2144 1880 2304 1918; x_wconf 84' lang='lat' dir='ltr'>pugnare</span> <span class='ocrx_word' id='word_1_347' title='bbox 2316 1866 2478 1915; x_wconf 85' lang='lat' dir='ltr'>videtur;</span> 
     </span>
     <span class='ocr_line' id='line_1_59' title="bbox 403 1929 2483 1992; baseline -0.006 -13"><span class='ocrx_word' id='word_1_348' title='bbox 403 1955 515 1992; x_wconf 87' lang='lat' dir='ltr'>neque</span> <span class='ocrx_word' id='word_1_349' title='bbox 534 1940 627 1978; x_wconf 88' lang='lat' dir='ltr'>enim</span> <span class='ocrx_word' id='word_1_350' title='bbox 644 1938 761 1976; x_wconf 84' lang='lat' dir='ltr'>minus</span> <span class='ocrx_word' id='word_1_351' title='bbox 775 1952 795 1974; x_wconf 90' lang='lat' dir='ltr'>a</span> <span class='ocrx_word' id='word_1_352' title='bbox 810 1935 992 1974; x_wconf 80' lang='lat' dir='ltr'>severiani</span> <span class='ocrx_word' id='word_1_353' title='bbox 1008 1935 1103 1987; x_wconf 85' lang='lat' dir='ltr'>stylo</span> <span class='ocrx_word' id='word_1_354' title='bbox 1115 1933 1245 1972; x_wconf 71' lang='lat' dir='ltr'>‘dissert</span> <span class='ocrx_word' id='word_1_355' title='bbox 1261 1933 1387 1982; x_wconf 82' lang='lat' dir='ltr'>oratio,</span> <span class='ocrx_word' id='word_1_356' title='bbox 1407 1946 1516 1982; x_wconf 85' lang='lat' dir='ltr'>quam</span> <span class='ocrx_word' id='word_1_357' title='bbox 1535 1947 1555 1969; x_wconf 83' lang='lat' dir='ltr'>a</span> <span class='ocrx_word' id='word_1_358' title='bbox 1575 1930 1821 1984; x_wconf 80' lang='lat' dir='ltr'>Clirysostomi</span> <span class='ocrx_word' id='word_1_359' title='bbox 1837 1930 1980 1972; x_wconf 78' lang='lat' dir='ltr'>dicendi</span> <span class='ocrx_word' id='word_1_360' title='bbox 1999 1944 2137 1981; x_wconf 83' lang='lat' dir='ltr'><strong>genere.</strong></span> <span class='ocrx_word' id='word_1_361' title='bbox 2157 1929 2369 1968; x_wconf 81' lang='lat' dir='ltr'>Severianus</span> <span class='ocrx_word' id='word_1_362' title='bbox 2387 1929 2483 1967; x_wconf 89' lang='lat' dir='ltr'>enim</span> 
     </span>
     <span class='ocr_line' id='line_1_60' title="bbox 404 1991 2490 2053; baseline -0.006 -13"><span class='ocrx_word' id='word_1_363' title='bbox 404 2012 498 2040; x_wconf 86' lang='lat' dir='ltr'>totus</span> <span class='ocrx_word' id='word_1_364' title='bbox 520 2002 690 2053; x_wconf 80' lang='lat' dir='ltr'>strigosus</span> <span class='ocrx_word' id='word_1_365' title='bbox 711 2008 775 2048; x_wconf 76' lang='lat' dir='ltr'>est,</span> <span class='ocrx_word' id='word_1_366' title='bbox 793 1998 998 2051; x_wconf 80' lang='lat' dir='ltr'>perplexus,</span> <span class='ocrx_word' id='word_1_367' title='bbox 1015 1997 1141 2048; x_wconf 84' lang='lat' dir='ltr'>figuris</span> <span class='ocrx_word' id='word_1_368' title='bbox 1161 1995 1362 2034; x_wconf 87' lang='lat' dir='ltr'>redundans</span> <span class='ocrx_word' id='word_1_369' title='bbox 1378 2011 1385 2032; x_wconf 76' lang='grc' dir='ltr'>ε</span> <span class='ocrx_word' id='word_1_370' title='bbox 1402 2009 1472 2033; x_wconf 89' lang='grc'><strong>11110</strong></span> <span class='ocrx_word' id='word_1_371' title='bbox 1488 1994 1610 2043; x_wconf 85' lang='lat' dir='ltr'>verbo,</span> <span class='ocrx_word' id='word_1_372' title='bbox 1628 1994 1722 2046; x_wconf 84' lang='lat' dir='ltr'>stylo</span> <span class='ocrx_word' id='word_1_373' title='bbox 1740 1994 1852 2031; x_wconf 83' lang='lat' dir='ltr'>ferreo</span> <span class='ocrx_word' id='word_1_374' title='bbox 1872 2002 1984 2043; x_wconf 78' lang='lat' dir='ltr'>utens,</span> <span class='ocrx_word' id='word_1_375' title='bbox 2003 2002 2042 2031; x_wconf 90' lang='lat' dir='ltr'>ut</span> <span class='ocrx_word' id='word_1_376' title='bbox 2058 1993 2108 2030; x_wconf 86' lang='lat' dir='ltr'>ait</span> <span class='ocrx_word' id='word_1_377' title='bbox 2128 1992 2287 2031; x_wconf 81' lang='lat' dir='ltr'>Savilius</span> <span class='ocrx_word' id='word_1_378' title='bbox 2298 2007 2309 2041; x_wconf 77' lang='lat'><em>3</em></span> <span class='ocrx_word' id='word_1_379' title='bbox 2325 1991 2385 2030; x_wconf 88' lang='lat' dir='ltr'>hic</span> <span class='ocrx_word' id='word_1_380' title='bbox 2399 2005 2490 2030; x_wconf 89' lang='lat' dir='ltr'>vcro.</span> 
     </span>
    </p>
   </div>
   <div class='ocr_carea' id='block_1_20' title="bbox 405 2058 1282 2178">
    <p class='ocr_par' dir='ltr' id='par_1_20' title="bbox 405 2058 1282 2178">
     <span class='ocr_line' id='line_1_61' title="bbox 405 2058 1242 2116; baseline -0.008 -14"><span class='ocrx_word' id='word_1_381' title='bbox 405 2065 556 2116; x_wconf 84' lang='lat' dir='ltr'>scriptor</span> <span class='ocrx_word' id='word_1_382' title='bbox 571 2063 725 2115; x_wconf 79' lang='lat' dir='ltr'>simplex</span> <span class='ocrx_word' id='word_1_383' title='bbox 741 2071 803 2110; x_wconf 85' lang='lat' dir='ltr'>est,</span> <span class='ocrx_word' id='word_1_384' title='bbox 826 2075 867 2102; x_wconf 83' lang='lat' dir='ltr'>ae</span> <span class='ocrx_word' id='word_1_385' title='bbox 886 2060 962 2098; x_wconf 92' lang='lat' dir='ltr'>sine</span> <span class='ocrx_word' id='word_1_386' title='bbox 985 2058 1133 2097; x_wconf 81' lang='lat' dir='ltr'>salebris</span> <span class='ocrx_word' id='word_1_387' title='bbox 1151 2058 1242 2096; x_wconf 87' lang='lat' dir='ltr'>fluit.</span> 
     </span>
     <span class='ocr_line' id='line_1_62' title="bbox 457 2120 1282 2178; baseline -0.008 -14"><span class='ocrx_word' id='word_1_388' title='bbox 457 2125 704 2178; x_wconf 88' lang='lat' dir='ltr'>Interpretatio</span> <span class='ocrx_word' id='word_1_389' title='bbox 720 2123 848 2162; x_wconf 83' lang='lat' dir='ltr'>Latina</span> <span class='ocrx_word' id='word_1_390' title='bbox 868 2131 919 2161; x_wconf 89' lang='lat' dir='ltr'>est</span> <span class='ocrx_word' id='word_1_391' title='bbox 940 2121 1128 2160; x_wconf 90' lang='lat' dir='ltr'>Frontonis</span> <span class='ocrx_word' id='word_1_392' title='bbox 1143 2120 1282 2158; x_wconf 79' lang='lat' dir='ltr'>Ducaei.</span> 
     </span>
    </p>
   </div>
   <div class='ocr_carea' id='block_1_21' title="bbox 410 2253 2474 2270">
    <p class='ocr_par' dir='ltr' id='par_1_21' title="bbox 410 2253 2474 2270">
     <span class='ocr_line' id='line_1_63' title="bbox 410 2253 2474 2270; baseline 0 1413"><span class='ocrx_word' id='word_1_393' title='bbox 410 2253 2474 2270; x_wconf 95' lang='lat' dir='ltr'> </span> 
     </span>
    </p>
   </div>
   <div class='ocr_carea' id='block_1_22' title="bbox 461 2272 967 2278">
    <p class='ocr_par' dir='ltr' id='par_1_22' title="bbox 461 2272 967 2278">
     <span class='ocr_line' id='line_1_64' title="bbox 461 2272 967 2278; baseline 0 0"><span class='ocrx_word' id='word_1_394' title='bbox 461 2272 967 2278; x_wconf 95' lang='lat' dir='ltr'> </span> 
     </span>
    </p>
   </div>
   <div class='ocr_carea' id='block_1_23' title="bbox 1785 2264 2465 2270">
    <p class='ocr_par' dir='ltr' id='par_1_23' title="bbox 1785 2264 2465 2270">
     <span class='ocr_line' id='line_1_65' title="bbox 1785 2264 2465 2270; baseline 0 0"><span class='ocrx_word' id='word_1_395' title='bbox 1785 2264 2465 2270; x_wconf 95' lang='lat' dir='ltr'> </span> 
     </span>
    </p>
   </div>
   <div class='ocr_carea' id='block_1_24' title="bbox 406 2361 2495 2421">
    <p class='ocr_par' dir='ltr' id='par_1_24' title="bbox 406 2361 2495 2421">
     <span class='ocr_line' id='line_1_66' title="bbox 406 2361 2495 2421; baseline -0.005 -9"><span class='ocrx_word' id='word_1_396' title='bbox 406 2376 447 2412; x_wconf 92' lang='lat' dir='ltr'>In</span> <span class='ocrx_word' id='word_1_397' title='bbox 470 2374 573 2412; x_wconf 89' lang='lat' dir='ltr'>illum</span> <span class='ocrx_word' id='word_1_398' title='bbox 588 2373 719 2421; x_wconf 80' lang='lat' dir='ltr'>locum,</span> <span class='ocrx_word' id='word_1_399' title='bbox 736 2372 941 2409; x_wconf 77' lang='lat' dir='ltr'>Attendite</span> <span class='ocrx_word' id='word_1_400' title='bbox 961 2384 1008 2407; x_wconf 84' lang='lat' dir='ltr'>ne</span> <span class='ocrx_word' id='word_1_401' title='bbox 1025 2370 1313 2417; x_wconf 75' lang='lat' dir='ltr'>eleemosynam</span> <span class='ocrx_word' id='word_1_402' title='bbox 1331 2381 1398 2406; x_wconf 80' lang='lat' dir='ltr'>ve·</span> <span class='ocrx_word' id='word_1_403' title='bbox 1419 2371 1442 2400; x_wconf 78' lang='lat' dir='ltr'>B</span> <span class='ocrx_word' id='word_1_404' title='bbox 1465 2369 1527 2410; x_wconf 86' lang='grc' dir='ltr'>Εἷς</span> <span class='ocrx_word' id='word_1_405' title='bbox 1546 2367 1604 2415; x_wconf 84' lang='grc' dir='ltr'>τὸ,</span> <span class='ocrx_word' id='word_1_406' title='bbox 1629 2365 1827 2419; x_wconf 82' lang='grc' dir='ltr'>Προσέχετε</span> <span class='ocrx_word' id='word_1_407' title='bbox 1852 2363 1915 2412; x_wconf 79' lang='grc' dir='ltr'>τὴν</span> <span class='ocrx_word' id='word_1_408' title='bbox 1937 2363 2170 2415; x_wconf 79' lang='grc' dir='ltr'>ἐλεημοσύνην</span> <span class='ocrx_word' id='word_1_409' title='bbox 2192 2364 2288 2414; x_wconf 78' lang='grc' dir='ltr'>ὑμῶν</span> <span class='ocrx_word' id='word_1_410' title='bbox 2310 2361 2357 2413; x_wconf 83' lang='grc' dir='ltr'>μὴ</span> <span class='ocrx_word' id='word_1_411' title='bbox 2379 2368 2495 2401; x_wconf 81' lang='grc' dir='ltr'>ποιεῖν</span> 
     </span>
    </p>
   </div>
   <div class='ocr_carea' id='block_1_25' title="bbox 554 2432 1248 2486">
    <p class='ocr_par' dir='ltr' id='par_1_25' title="bbox 554 2432 1248 2486">
     <span class='ocr_line' id='line_1_67' title="bbox 554 2432 1248 2486; baseline -0.007 -14"><span class='ocrx_word' id='word_1_412' title='bbox 554 2444 688 2486; x_wconf 38' lang='lat' dir='ltr'>stram·</span> <span class='ocrx_word' id='word_1_413' title='bbox 691 2435 853 2486; x_wconf 85' lang='lat' dir='ltr'>faciatis</span> <span class='ocrx_word' id='word_1_414' title='bbox 868 2445 999 2470; x_wconf 85' lang='lat' dir='ltr'>coram</span> <span class='ocrx_word' id='word_1_415' title='bbox 1015 2432 1248 2469; x_wconf 78' lang='lat' dir='ltr'>hominibus.</span> 
     </span>
    </p>
   </div>
   <div class='ocr_carea' id='block_1_26' title="bbox 407 2552 1403 3343">
    <p class='ocr_par' dir='ltr' id='par_1_26' title="bbox 407 2552 1403 3343">
     <span class='ocr_line' id='line_1_68' title="bbox 462 2552 1399 2610; baseline -0.007 -13"><span class='ocrx_word' id='word_1_416' title='bbox 462 2561 497 2596; x_wconf 86' lang='grc'>’1.</span> <span class='ocrx_word' id='word_1_417' title='bbox 521 2558 700 2610; x_wconf 82' lang='lat' dir='ltr'>Sapientes</span> <span class='ocrx_word' id='word_1_418' title='bbox 722 2570 762 2595; x_wconf 81' lang='lat' dir='ltr'>ac</span> <span class='ocrx_word' id='word_1_419' title='bbox 788 2555 894 2608; x_wconf 86' lang='lat' dir='ltr'>periti</span> <span class='ocrx_word' id='word_1_420' title='bbox 919 2552 1399 2605; x_wconf 45' lang='grc' dir='ltr'><strong>«πω-10011111101111111005,11111</strong></span> 
     </span>
     <span class='ocr_line' id='line_1_69' title="bbox 407 2606 1399 2659; baseline -0.007 -10"><span class='ocrx_word' id='word_1_421' title='bbox 407 2627 488 2649; x_wconf 86' lang='lat' dir='ltr'>cum</span> <span class='ocrx_word' id='word_1_422' title='bbox 502 2611 597 2649; x_wconf 87' lang='lat' dir='ltr'>omni</span> <span class='ocrx_word' id='word_1_423' title='bbox 609 2625 693 2649; x_wconf 86' lang='lat' dir='ltr'>eura</span> <span class='ocrx_word' id='word_1_424' title='bbox 707 2620 739 2648; x_wconf 88' lang='lat' dir='ltr'>et</span> <span class='ocrx_word' id='word_1_425' title='bbox 751 2609 988 2647; x_wconf 84' lang='lat' dir='ltr'>sollicitudine</span> <span class='ocrx_word' id='word_1_426' title='bbox 1000 2618 1100 2646; x_wconf 82' lang='lat' dir='ltr'>terrae</span> <span class='ocrx_word' id='word_1_427' title='bbox 1114 2607 1240 2659; x_wconf 81' lang='lat' dir='ltr'>stirpes</span> <span class='ocrx_word' id='word_1_428' title='bbox 1256 2606 1399 2658; x_wconf 83' lang='lat' dir='ltr'>planta—-</span> 
     </span>
     <span class='ocr_line' id='line_1_70' title="bbox 408 2659 1399 2715; baseline -0.007 -14"><span class='ocrx_word' id='word_1_429' title='bbox 408 2665 535 2712; x_wconf 78' lang='lat' dir='ltr'>verint,</span> <span class='ocrx_word' id='word_1_430' title='bbox 552 2664 651 2715; x_wconf 85' lang='lat' dir='ltr'>prius</span> <span class='ocrx_word' id='word_1_431' title='bbox 667 2664 760 2714; x_wconf 82' lang='lat' dir='ltr'>ipsas</span> <span class='ocrx_word' id='word_1_432' title='bbox 780 2663 918 2714; x_wconf 75' lang='lat' dir='ltr'>plantas</span> <span class='ocrx_word' id='word_1_433' title='bbox 939 2661 974 2699; x_wconf 91' lang='lat' dir='ltr'>in</span> <span class='ocrx_word' id='word_1_434' title='bbox 994 2660 1217 2698; x_wconf 86' lang='lat' dir='ltr'>altitudinem</span> <span class='ocrx_word' id='word_1_435' title='bbox 1239 2659 1399 2708; x_wconf 70' lang='lat' dir='ltr'>erigunt,</span> 
     </span>
     <span class='ocr_line' id='line_1_71' title="bbox 409 2710 1400 2767; baseline -0.006 -14"><span class='ocrx_word' id='word_1_436' title='bbox 409 2717 534 2754; x_wconf 86' lang='lat' dir='ltr'>deinde</span> <span class='ocrx_word' id='word_1_437' title='bbox 550 2716 747 2767; x_wconf 84' lang='lat' dir='ltr'>superfluos</span> <span class='ocrx_word' id='word_1_438' title='bbox 765 2724 798 2752; x_wconf 91' lang='lat' dir='ltr'>et</span> <span class='ocrx_word' id='word_1_439' title='bbox 812 2715 1032 2765; x_wconf 85' lang='lat' dir='ltr'>importunos</span> <span class='ocrx_word' id='word_1_440' title='bbox 1047 2713 1199 2750; x_wconf 84' lang='lat' dir='ltr'>stolones</span> <span class='ocrx_word' id='word_1_441' title='bbox 1211 2710 1400 2749; x_wconf 78' lang='lat' dir='ltr'>artificiose</span> 
     </span>
     <span class='ocr_line' id='line_1_72' title="bbox 412 2763 1399 2817; baseline -0.007 -11"><span class='ocrx_word' id='word_1_442' title='bbox 412 2778 574 2806; x_wconf 75' lang='lat' dir='ltr'>resecant.</span> <span class='ocrx_word' id='word_1_443' title='bbox 598 2768 699 2805; x_wconf 86' lang='lat' dir='ltr'>Idem</span> <span class='ocrx_word' id='word_1_444' title='bbox 718 2777 751 2805; x_wconf 89' lang='lat' dir='ltr'>et</span> <span class='ocrx_word' id='word_1_445' title='bbox 767 2767 947 2817; x_wconf 79' lang='lat' dir='ltr'>legislator</span> <span class='ocrx_word' id='word_1_446' title='bbox 972 2768 1089 2803; x_wconf 83' lang='lat' dir='ltr'>Moses</span> <span class='ocrx_word' id='word_1_447' title='bbox 1119 2764 1200 2803; x_wconf 84' lang='lat' dir='ltr'>fecit</span> <span class='ocrx_word' id='word_1_448' title='bbox 1219 2780 1226 2800; x_wconf 89' lang='lat'>:</span> <span class='ocrx_word' id='word_1_449' title='bbox 1242 2763 1399 2816; x_wconf 86' lang='lat' dir='ltr'>primum</span> 
     </span>
     <span class='ocr_line' id='line_1_73' title="bbox 411 2816 1400 2872; baseline -0.003 -16"><span class='ocrx_word' id='word_1_450' title='bbox 411 2821 504 2858; x_wconf 86' lang='grc'><strong>0111111</strong></span> <span class='ocrx_word' id='word_1_451' title='bbox 522 2820 627 2857; x_wconf 86' lang='grc'><strong>11111115</strong></span> <span class='ocrx_word' id='word_1_452' title='bbox 649 2820 837 2872; x_wconf 85' lang='lat' dir='ltr'>imperium</span> <span class='ocrx_word' id='word_1_453' title='bbox 859 2819 895 2856; x_wconf 88' lang='lat' dir='ltr'>in</span> <span class='ocrx_word' id='word_1_454' title='bbox 914 2818 1102 2856; x_wconf 85' lang='lat' dir='ltr'>hominum</span> <span class='ocrx_word' id='word_1_455' title='bbox 1122 2826 1237 2855; x_wconf 89' lang='lat' dir='ltr'>mente</span> <span class='ocrx_word' id='word_1_456' title='bbox 1258 2816 1400 2868; x_wconf 82' lang='lat' dir='ltr'>planta-</span> 
     </span>
     <span class='ocr_line' id='line_1_74' title="bbox 412 2868 1401 2922; baseline -0.006 -12"><span class='ocrx_word' id='word_1_457' title='bbox 412 2873 476 2919; x_wconf 68' lang='lat' dir='ltr'>vit,</span> <span class='ocrx_word' id='word_1_458' title='bbox 497 2887 536 2908; x_wconf 80' lang='lat' dir='ltr'>ae</span> <span class='ocrx_word' id='word_1_459' title='bbox 557 2872 683 2909; x_wconf 83' lang='lat' dir='ltr'>deinde</span> <span class='ocrx_word' id='word_1_460' title='bbox 708 2873 902 2910; x_wconf 88' lang='lat' dir='ltr'>multorum</span> <span class='ocrx_word' id='word_1_461' title='bbox 932 2871 1122 2922; x_wconf 87' lang='lat' dir='ltr'>imperium</span> <span class='ocrx_word' id='word_1_462' title='bbox 1149 2884 1194 2907; x_wconf 81' lang='lat' dir='ltr'>ex</span> <span class='ocrx_word' id='word_1_463' title='bbox 1213 2868 1401 2906; x_wconf 82' lang='lat' dir='ltr'>hominum</span> 
     </span>
     <span class='ocr_line' id='line_1_75' title="bbox 414 2921 1401 2975; baseline -0.004 -14"><span class='ocrx_word' id='word_1_464' title='bbox 414 2933 528 2961; x_wconf 86' lang='lat' dir='ltr'>mente</span> <span class='ocrx_word' id='word_1_465' title='bbox 550 2925 761 2975; x_wconf 78' lang='lat' dir='ltr'>amputavit.</span> <span class='ocrx_word' id='word_1_466' title='bbox 784 2926 864 2970; x_wconf 87' lang='lat' dir='ltr'>Quo</span> <span class='ocrx_word' id='word_1_467' title='bbox 884 2923 1026 2962; x_wconf 82' lang='lat' dir='ltr'>tandem</span> <span class='ocrx_word' id='word_1_468' title='bbox 1045 2932 1147 2975; x_wconf 80' lang='lat' dir='ltr'>paeto</span> <span class='ocrx_word' id='word_1_469' title='bbox 1163 2922 1268 2959; x_wconf 86' lang='lat' dir='ltr'>unius</span> <span class='ocrx_word' id='word_1_470' title='bbox 1288 2921 1401 2972; x_wconf 87' lang='lat' dir='ltr'>impc-</span> 
     </span>
     <span class='ocr_line' id='line_1_76' title="bbox 414 2975 1402 3028; baseline -0.003 -15"><span class='ocrx_word' id='word_1_471' title='bbox 414 2976 507 3013; x_wconf 84' lang='lat' dir='ltr'>rium</span> <span class='ocrx_word' id='word_1_472' title='bbox 525 2976 704 3028; x_wconf 83' lang='lat' dir='ltr'>plantarit,</span> <span class='ocrx_word' id='word_1_473' title='bbox 718 2977 803 3014; x_wconf 85' lang='lat' dir='ltr'>audi</span> <span class='ocrx_word' id='word_1_474' title='bbox 823 2977 941 3028; x_wconf 81' lang='lat' dir='ltr'>ipsum</span> <span class='ocrx_word' id='word_1_475' title='bbox 958 2975 1134 3012; x_wconf 74' lang='lat' dir='ltr'>dicentem</span> <span class='ocrx_word' id='word_1_476' title='bbox 1158 2991 1165 3011; x_wconf 72' lang='grc' dir='ltr'>ε</span> <span class='ocrx_word' id='word_1_477' title='bbox 1188 2976 1402 3012; x_wconf 77' lang='lat' dir='ltr'>Dominam</span> 
     </span>
     <span class='ocr_line' id='line_1_77' title="bbox 415 3028 1403 3072; baseline -0.003 -6"><span class='ocrx_word' id='word_1_478' title='bbox 415 3031 541 3066; x_wconf 78' lang='lat' dir='ltr'>Deum</span> <span class='ocrx_word' id='word_1_479' title='bbox 568 3037 674 3065; x_wconf 79' lang='lat' dir='ltr'>tuam</span> <span class='ocrx_word' id='word_1_480' title='bbox 697 3030 891 3072; x_wconf 80' lang='lat' dir='ltr'>adorabis,</span> <span class='ocrx_word' id='word_1_481' title='bbox 923 3037 957 3065; x_wconf 89' lang='lat' dir='ltr'>et</span> <span class='ocrx_word' id='word_1_482' title='bbox 986 3029 1048 3065; x_wconf 85' lang='lat' dir='ltr'>illi</span> <span class='ocrx_word' id='word_1_483' title='bbox 1078 3028 1151 3065; x_wconf 81' lang='lat' dir='ltr'>soli</span> <span class='ocrx_word' id='word_1_484' title='bbox 1179 3029 1319 3065; x_wconf 72' lang='lat' dir='ltr'>servies</span> <span class='ocrx_word' id='word_1_485' title='bbox 1341 3041 1348 3061; x_wconf 76' lang='grc' dir='ltr'><em>τ</em></span> <span class='ocrx_word' id='word_1_486' title='bbox 1369 3034 1403 3063; x_wconf 88' lang='lat' dir='ltr'>et</span> 
     </span>
     <span class='ocr_line' id='line_1_78' title="bbox 416 3080 1403 3127; baseline -0.004 -9"><span class='ocrx_word' id='word_1_487' title='bbox 416 3095 554 3127; x_wconf 80' lang='lat' dir='ltr'>rursus,</span> <span class='ocrx_word' id='word_1_488' title='bbox 574 3080 685 3117; x_wconf 66' lang='lat' dir='ltr'>Audi</span> <span class='ocrx_word' id='word_1_489' title='bbox 702 3082 826 3117; x_wconf 54' lang='lat' dir='ltr'>Israel</span> <span class='ocrx_word' id='word_1_490' title='bbox 840 3097 849 3115; x_wconf 90' lang='lat'><em>:</em></span> <span class='ocrx_word' id='word_1_491' title='bbox 866 3083 1057 3117; x_wconf 77' lang='lat' dir='ltr'>Dominus</span> <span class='ocrx_word' id='word_1_492' title='bbox 1074 3081 1180 3117; x_wconf 83' lang='lat' dir='ltr'>Deus</span> <span class='ocrx_word' id='word_1_493' title='bbox 1201 3088 1301 3123; x_wconf 83' lang='lat' dir='ltr'>tuus,</span> <span class='ocrx_word' id='word_1_494' title='bbox 1321 3080 1403 3115; x_wconf 88' lang='lat' dir='ltr'>Do-</span> 
     </span>
     <span class='ocr_line' id='line_1_79' title="bbox 415 3131 1403 3183; baseline -0.005 -11"><span class='ocrx_word' id='word_1_495' title='bbox 415 3137 542 3171; x_wconf 81' lang='lat' dir='ltr'>minus</span> <span class='ocrx_word' id='word_1_496' title='bbox 553 3147 651 3171; x_wconf 78' lang='lat' dir='ltr'>nnzts</span> <span class='ocrx_word' id='word_1_497' title='bbox 663 3141 730 3169; x_wconf 81' lang='lat' dir='ltr'>est.</span> <span class='ocrx_word' id='word_1_498' title='bbox 750 3132 937 3179; x_wconf 78' lang='lat' dir='ltr'>Quomodo</span> <span class='ocrx_word' id='word_1_499' title='bbox 952 3141 1069 3169; x_wconf 86' lang='lat' dir='ltr'>autem</span> <span class='ocrx_word' id='word_1_500' title='bbox 1083 3132 1279 3183; x_wconf 87' lang='lat' dir='ltr'>superssuos</span> <span class='ocrx_word' id='word_1_501' title='bbox 1293 3140 1325 3168; x_wconf 87' lang='lat' dir='ltr'>et</span> <span class='ocrx_word' id='word_1_502' title='bbox 1338 3131 1403 3167; x_wconf 90' lang='lat' dir='ltr'>im-</span> 
     </span>
     <span class='ocr_line' id='line_1_80' title="bbox 416 3181 1403 3238; baseline -0.003 -15"><span class='ocrx_word' id='word_1_503' title='bbox 416 3196 585 3238; x_wconf 85' lang='lat' dir='ltr'>portunos</span> <span class='ocrx_word' id='word_1_504' title='bbox 617 3185 775 3222; x_wconf 86' lang='lat' dir='ltr'>surculos</span> <span class='ocrx_word' id='word_1_505' title='bbox 803 3184 941 3235; x_wconf 74' lang='lat' dir='ltr'>imperii</span> <span class='ocrx_word' id='word_1_506' title='bbox 974 3181 1162 3221; x_wconf 79' lang='lat' dir='ltr'>multorom</span> <span class='ocrx_word' id='word_1_507' title='bbox 1191 3183 1403 3234; x_wconf 83' lang='lat' dir='ltr'>amputavit,</span> 
     </span>
     <span class='ocr_line' id='line_1_81' title="bbox 415 3235 1403 3287; baseline -0.005 -11"><span class='ocrx_word' id='word_1_508' title='bbox 415 3239 553 3276; x_wconf 83' lang='lat' dir='ltr'>edisce:</span> <span class='ocrx_word' id='word_1_509' title='bbox 575 3240 665 3276; x_wconf 84' lang='lat' dir='ltr'>Non</span> <span class='ocrx_word' id='word_1_510' title='bbox 691 3238 824 3287; x_wconf 78' lang='lat' dir='ltr'>facies,</span> <span class='ocrx_word' id='word_1_511' title='bbox 841 3236 969 3286; x_wconf 87' lang='lat' dir='ltr'>inquit,</span> <span class='ocrx_word' id='word_1_512' title='bbox 984 3237 1072 3273; x_wconf 70' lang='lat' dir='ltr'>deos</span> <span class='ocrx_word' id='word_1_513' title='bbox 1087 3235 1315 3285; x_wconf 75' lang='lat' dir='ltr'>conflatiles,</span> <span class='ocrx_word' id='word_1_514' title='bbox 1338 3249 1403 3272; x_wconf 84' lang='lat' dir='ltr'>ne-</span> 
     </span>
     <span class='ocr_line' id='line_1_82' title="bbox 417 3283 1403 3343; baseline -0.005 -14"><span class='ocrx_word' id='word_1_515' title='bbox 417 3306 489 3343; x_wconf 77' lang='lat' dir='ltr'>que</span> <span class='ocrx_word' id='word_1_516' title='bbox 505 3292 687 3328; x_wconf 77' lang='lat' dir='ltr'>adorabis</span> <span class='ocrx_word' id='word_1_517' title='bbox 708 3291 797 3327; x_wconf 84' lang='lat' dir='ltr'>deos</span> <span class='ocrx_word' id='word_1_518' title='bbox 823 3289 972 3326; x_wconf 84' lang='lat' dir='ltr'>alienos</span> <span class='ocrx_word' id='word_1_519' title='bbox 993 3303 1002 3323; x_wconf 87' lang='lat'>.·</span> <span class='ocrx_word' id='word_1_520' title='bbox 1021 3301 1088 3339; x_wconf 78' lang='lat' dir='ltr'>ego</span> <span class='ocrx_word' id='word_1_521' title='bbox 1112 3283 1229 3334; x_wconf 72' lang='lat' dir='ltr'>caim,</span> <span class='ocrx_word' id='word_1_522' title='bbox 1244 3288 1403 3338; x_wconf 62' lang='grc' dir='ltr'><strong>031οΒ0-</strong></span> 
     </span>
    </p>
   </div>
   <div class='ocr_carea' id='block_1_27' title="bbox 463 3393 877 3439">
    <p class='ocr_par' dir='ltr' id='par_1_27' title="bbox 463 3393 877 3439">
     <span class='ocr_line' id='line_1_83' title="bbox 463 3393 877 3439; baseline -0.014 -9"><span class='ocrx_word' id='word_1_523' title='bbox 463 3399 476 3412; x_wconf 65' lang='lat'>*</span> <span class='ocrx_word' id='word_1_524' title='bbox 504 3399 604 3439; x_wconf 64' lang='grc' dir='ltr'>[κατὰ.</span> <span class='ocrx_word' id='word_1_525' title='bbox 622 3402 672 3434; x_wconf 63' lang='grc' dir='ltr'>τὴν</span> <span class='ocrx_word' id='word_1_526' title='bbox 690 3404 740 3437; x_wconf 72' lang='grc' dir='ltr'>γῆν</span> <span class='ocrx_word' id='word_1_527' title='bbox 758 3393 877 3435; x_wconf 52' lang='grc'><strong>501111]</strong></span> 
     </span>
    </p>
   </div>
   <div class='ocr_carea' id='block_1_28' title="bbox 1719 2423 2238 2479">
    <p class='ocr_par' dir='ltr' id='par_1_28' title="bbox 1719 2423 2238 2479">
     <span class='ocr_line' id='line_1_84' title="bbox 1719 2423 2238 2479; baseline -0.006 -14"><span class='ocrx_word' id='word_1_528' title='bbox 1719 2426 1912 2479; x_wconf 80' lang='grc' dir='ltr'>ἔμπροσθεν</span> <span class='ocrx_word' id='word_1_529' title='bbox 1935 2427 2005 2463; x_wconf 79' lang='grc' dir='ltr'>τῶν</span> <span class='ocrx_word' id='word_1_530' title='bbox 2031 2423 2238 2477; x_wconf 75' lang='grc' dir='ltr'>ἀνθρώπιον.</span> 
     </span>
    </p>
   </div>
   <div class='ocr_carea' id='block_1_29' title="bbox 1466 2546 2507 3337">
    <p class='ocr_par' dir='ltr' id='par_1_29' title="bbox 1466 2546 2507 3337">
     <span class='ocr_line' id='line_1_85' title="bbox 1555 2546 2495 2604; baseline -0.006 -14"><span class='ocrx_word' id='word_1_531' title='bbox 1555 2553 1566 2590; x_wconf 85' lang='grc' dir='ltr'>ἱ</span> <span class='ocrx_word' id='word_1_532' title='bbox 1602 2550 1699 2604; x_wconf 69' lang='grc' dir='ltr'>σοφοὶ</span> <span class='ocrx_word' id='word_1_533' title='bbox 1731 2549 1791 2588; x_wconf 76' lang='grc' dir='ltr'>καὶ</span> <span class='ocrx_word' id='word_1_534' title='bbox 1826 2547 2054 2600; x_wconf 82' lang='grc' dir='ltr'>ἐπιστήμονες</span> <span class='ocrx_word' id='word_1_535' title='bbox 2086 2550 2149 2594; x_wconf 78' lang='grc' dir='ltr'>τ’ἧς</span> <span class='ocrx_word' id='word_1_536' title='bbox 2174 2546 2344 2599; x_wconf 86' lang='grc' dir='ltr'>γεωργίας</span> <span class='ocrx_word' id='word_1_537' title='bbox 2375 2551 2495 2599; x_wconf 84' lang='grc' dir='ltr'>τεχνῖ-</span> 
     </span>
     <span class='ocr_line' id='line_1_86' title="bbox 1466 2599 2496 2654; baseline -0.007 -11"><span class='ocrx_word' id='word_1_538' title='bbox 1466 2621 1546 2651; x_wconf 86' lang='grc' dir='ltr'>ται,</span> <span class='ocrx_word' id='word_1_539' title='bbox 1573 2604 1654 2643; x_wconf 78' lang='grc' dir='ltr'>ὅταν</span> <span class='ocrx_word' id='word_1_540' title='bbox 1695 2602 1783 2654; x_wconf 84' lang='grc' dir='ltr'>μετὰ</span> <span class='ocrx_word' id='word_1_541' title='bbox 1815 2601 1929 2648; x_wconf 82' lang='grc' dir='ltr'>πάσης</span> <span class='ocrx_word' id='word_1_542' title='bbox 1951 2599 2126 2653; x_wconf 81' lang='grc' dir='ltr'>φροντίδος</span> <span class='ocrx_word' id='word_1_543' title='bbox 2154 2599 2213 2637; x_wconf 73' lang='grc' dir='ltr'>καὶ</span> <span class='ocrx_word' id='word_1_544' title='bbox 2238 2599 2437 2648; x_wconf 78' lang='grc' dir='ltr'>ἐπιμελείας</span> <span class='ocrx_word' id='word_1_545' title='bbox 2452 2599 2496 2636; x_wconf 83' lang='grc' dir='ltr'>τὰ</span> 
     </span>
     <span class='ocr_line' id='line_1_87' title="bbox 1469 2651 2496 2707; baseline -0.007 -12"><span class='ocrx_word' id='word_1_546' title='bbox 1469 2657 1591 2695; x_wconf 65' lang='grc' dir='ltr'>*κατὰ</span> <span class='ocrx_word' id='word_1_547' title='bbox 1618 2660 1680 2707; x_wconf 77' lang='grc' dir='ltr'>γῆς</span> <span class='ocrx_word' id='word_1_548' title='bbox 1705 2654 1936 2707; x_wconf 81' lang='grc' dir='ltr'>βλαστήματα</span> <span class='ocrx_word' id='word_1_549' title='bbox 1971 2653 2203 2706; x_wconf 43' lang='grc' dir='ltr'>φυτεύσωσὲν,</span> <span class='ocrx_word' id='word_1_550' title='bbox 2234 2651 2322 2690; x_wconf 79' lang='grc' dir='ltr'>αὐτὰ</span> <span class='ocrx_word' id='word_1_551' title='bbox 2344 2652 2387 2689; x_wconf 80' lang='grc' dir='ltr'>τὰ</span> <span class='ocrx_word' id='word_1_552' title='bbox 2408 2651 2496 2704; x_wconf 74' lang='grc' dir='ltr'>φυτὰ</span> 
     </span>
     <span class='ocr_line' id='line_1_88' title="bbox 1467 2703 2497 2762; baseline -0.009 -13"><span class='ocrx_word' id='word_1_553' title='bbox 1467 2709 1634 2762; x_wconf 88' lang='grc' dir='ltr'>πρότερον</span> <span class='ocrx_word' id='word_1_554' title='bbox 1656 2711 1703 2752; x_wconf 86' lang='grc' dir='ltr'>εἷς</span> <span class='ocrx_word' id='word_1_555' title='bbox 1733 2711 1843 2758; x_wconf 72' lang='grc' dir='ltr'>μῆκος</span> <span class='ocrx_word' id='word_1_556' title='bbox 1877 2705 2113 2758; x_wconf 86' lang='grc' dir='ltr'>διεγείρουσιν,</span> <span class='ocrx_word' id='word_1_557' title='bbox 2135 2705 2196 2742; x_wconf 77' lang='grc' dir='ltr'>εἶθ’</span> <span class='ocrx_word' id='word_1_558' title='bbox 2227 2704 2316 2742; x_wconf 77' lang='grc' dir='ltr'>οὕτω</span> <span class='ocrx_word' id='word_1_559' title='bbox 2342 2703 2404 2748; x_wconf 84' lang='grc' dir='ltr'>τὰς</span> <span class='ocrx_word' id='word_1_560' title='bbox 2432 2720 2497 2741; x_wconf 89' lang='grc' dir='ltr'>πα-</span> 
     </span>
     <span class='ocr_line' id='line_1_89' title="bbox 1472 2756 2507 2815; baseline -0.008 -14"><span class='ocrx_word' id='word_1_561' title='bbox 1472 2762 1700 2815; x_wconf 78' lang='grc' dir='ltr'>ρενοχλούσας</span> <span class='ocrx_word' id='word_1_562' title='bbox 1735 2759 1866 2811; x_wconf 73' lang='grc' dir='ltr'>φυάδας</span> <span class='ocrx_word' id='word_1_563' title='bbox 1901 2760 2070 2809; x_wconf 77' lang='grc' dir='ltr'>τεχνικῶς</span> <span class='ocrx_word' id='word_1_564' title='bbox 2107 2756 2301 2808; x_wconf 80' lang='grc' dir='ltr'>τέμνουσιν.</span> <span class='ocrx_word' id='word_1_565' title='bbox 2332 2756 2385 2794; x_wconf 83' lang='grc' dir='ltr'>Τὸ</span> <span class='ocrx_word' id='word_1_566' title='bbox 2415 2757 2507 2794; x_wconf 56' lang='grc' dir='ltr'>αὐτὸΔ</span> 
     </span>
     <span class='ocr_line' id='line_1_90' title="bbox 1469 2808 2503 2865; baseline -0.009 -12"><span class='ocrx_word' id='word_1_567' title='bbox 1469 2815 1527 2853; x_wconf 77' lang='grc' dir='ltr'>καὶ</span> <span class='ocrx_word' id='word_1_568' title='bbox 1549 2819 1566 2853; x_wconf 86' lang='grc' dir='ltr'>ὃ</span> <span class='ocrx_word' id='word_1_569' title='bbox 1597 2812 1783 2865; x_wconf 76' lang='grc' dir='ltr'>νομοθέτης</span> <span class='ocrx_word' id='word_1_570' title='bbox 1814 2813 1945 2856; x_wconf 71' lang='grc' dir='ltr'>Μωσῆς</span> <span class='ocrx_word' id='word_1_571' title='bbox 1983 2809 2172 2856; x_wconf 81' lang='grc' dir='ltr'>πεποίηκεν</span> <span class='ocrx_word' id='word_1_572' title='bbox 2191 2825 2199 2833; x_wconf 89' lang='grc'><em>·</em></span> <span class='ocrx_word' id='word_1_573' title='bbox 2234 2808 2398 2861; x_wconf 81' lang='grc' dir='ltr'>πρότερον</span> <span class='ocrx_word' id='word_1_574' title='bbox 2429 2808 2503 2861; x_wconf 74' lang='grc' dir='ltr'>γὰρ,</span> 
     </span>
     <span class='ocr_line' id='line_1_91' title="bbox 1469 2860 2498 2921; baseline -0.008 -15"><span class='ocrx_word' id='word_1_575' title='bbox 1469 2867 1702 2921; x_wconf 49' lang='grc' dir='ltr'>κατεφύτευσΝε</span> <span class='ocrx_word' id='word_1_576' title='bbox 1730 2864 1792 2910; x_wconf 83' lang='grc' dir='ltr'>τὴν</span> <span class='ocrx_word' id='word_1_577' title='bbox 1815 2861 2006 2914; x_wconf 75' lang='grc' dir='ltr'>μοναρχίαν</span> <span class='ocrx_word' id='word_1_578' title='bbox 2039 2865 2085 2906; x_wconf 87' lang='grc' dir='ltr'>εἷς</span> <span class='ocrx_word' id='word_1_579' title='bbox 2113 2862 2175 2909; x_wconf 85' lang='grc' dir='ltr'>τὴν</span> <span class='ocrx_word' id='word_1_580' title='bbox 2210 2864 2278 2899; x_wconf 82' lang='grc' dir='ltr'>τῶν</span> <span class='ocrx_word' id='word_1_581' title='bbox 2307 2860 2498 2912; x_wconf 78' lang='grc' dir='ltr'>ἀνθρώπιον</span> 
     </span>
     <span class='ocr_line' id='line_1_92' title="bbox 1470 2913 2498 2966; baseline -0.007 -8"><span class='ocrx_word' id='word_1_582' title='bbox 1470 2920 1640 2966; x_wconf 84' lang='grc' dir='ltr'>διάνοιαν,</span> <span class='ocrx_word' id='word_1_583' title='bbox 1664 2920 1722 2956; x_wconf 78' lang='grc' dir='ltr'>εἷθ’</span> <span class='ocrx_word' id='word_1_584' title='bbox 1739 2916 1844 2958; x_wconf 80' lang='grc' dir='ltr'>οὕτως</span> <span class='ocrx_word' id='word_1_585' title='bbox 1865 2915 2001 2963; x_wconf 84' lang='grc' dir='ltr'>ἐξέτεμε</span> <span class='ocrx_word' id='word_1_586' title='bbox 2016 2914 2079 2961; x_wconf 73' lang='grc' dir='ltr'>τὴν</span> <span class='ocrx_word' id='word_1_587' title='bbox 2098 2914 2312 2966; x_wconf 81' lang='grc' dir='ltr'>πολυαρχίαν</span> <span class='ocrx_word' id='word_1_588' title='bbox 2333 2919 2347 2934; x_wconf 76' lang='lat'>‘¹</span> <span class='ocrx_word' id='word_1_589' title='bbox 2360 2913 2416 2951; x_wconf 86' lang='grc' dir='ltr'>διὰ</span> <span class='ocrx_word' id='word_1_590' title='bbox 2435 2913 2498 2959; x_wconf 77' lang='grc' dir='ltr'>τὴν</span> 
     </span>
     <span class='ocr_line' id='line_1_93' title="bbox 1469 2965 2498 3023; baseline -0.008 -13"><span class='ocrx_word' id='word_1_591' title='bbox 1469 2975 1537 3010; x_wconf 85' lang='grc' dir='ltr'>τῶν</span> <span class='ocrx_word' id='word_1_592' title='bbox 1560 2971 1748 3023; x_wconf 81' lang='grc' dir='ltr'>ἀνθρώπων</span> <span class='ocrx_word' id='word_1_593' title='bbox 1777 2968 1940 3006; x_wconf 81' lang='grc' dir='ltr'>διάνοιαν.</span> <span class='ocrx_word' id='word_1_594' title='bbox 1962 2966 2031 3004; x_wconf 74' lang='grc' dir='ltr'>Καὶ</span> <span class='ocrx_word' id='word_1_595' title='bbox 2057 2970 2131 3010; x_wconf 83' lang='grc' dir='ltr'>πῶς</span> <span class='ocrx_word' id='word_1_596' title='bbox 2158 2965 2407 3019; x_wconf 72' lang='grc' dir='ltr'>κατεφύτευσεν</span> <span class='ocrx_word' id='word_1_597' title='bbox 2435 2965 2498 3011; x_wconf 80' lang='grc' dir='ltr'>τὴν</span> 
     </span>
     <span class='ocr_line' id='line_1_94' title="bbox 1473 3017 2498 3077; baseline -0.007 -15"><span class='ocrx_word' id='word_1_598' title='bbox 1473 3024 1696 3077; x_wconf 83' lang='grc' dir='ltr'>μοναρχίαν;</span> <span class='ocrx_word' id='word_1_599' title='bbox 1744 3020 1908 3059; x_wconf 81' lang='grc' dir='ltr'>Ἄκουσον</span> <span class='ocrx_word' id='word_1_600' title='bbox 1940 3021 2041 3057; x_wconf 75' lang='grc' dir='ltr'>αὐτοῦ</span> <span class='ocrx_word' id='word_1_601' title='bbox 2072 3019 2250 3069; x_wconf 83' lang='grc' dir='ltr'>λέγοντος·</span> <span class='ocrx_word' id='word_1_602' title='bbox 2285 3017 2409 3070; x_wconf 81' lang='grc' dir='ltr'>Κύριον</span> <span class='ocrx_word' id='word_1_603' title='bbox 2441 3018 2498 3055; x_wconf 88' lang='grc' dir='ltr'>τὸν</span> 
     </span>
     <span class='ocr_line' id='line_1_95' title="bbox 1472 3069 2499 3126; baseline -0.008 -10"><span class='ocrx_word' id='word_1_604' title='bbox 1472 3076 1562 3115; x_wconf 86' lang='grc' dir='ltr'>Θεόν</span> <span class='ocrx_word' id='word_1_605' title='bbox 1587 3092 1647 3114; x_wconf 90' lang='grc' dir='ltr'>σου</span> <span class='ocrx_word' id='word_1_606' title='bbox 1672 3073 1943 3126; x_wconf 78' lang='grc' dir='ltr'>προσκυνήσεις,</span> <span class='ocrx_word' id='word_1_607' title='bbox 1964 3072 2023 3109; x_wconf 79' lang='grc' dir='ltr'>καὶ</span> <span class='ocrx_word' id='word_1_608' title='bbox 2053 3073 2146 3123; x_wconf 79' lang='grc' dir='ltr'>αὐτῷ</span> <span class='ocrx_word' id='word_1_609' title='bbox 2168 3071 2260 3122; x_wconf 80' lang='grc' dir='ltr'>μόνῳ</span> <span class='ocrx_word' id='word_1_610' title='bbox 2279 3069 2478 3121; x_wconf 85' lang='grc' dir='ltr'>λατρεύσεις</span> <span class='ocrx_word' id='word_1_611' title='bbox 2492 3086 2499 3093; x_wconf 92' lang='grc'>·</span> 
     </span>
     <span class='ocr_line' id='line_1_96' title="bbox 1472 3121 2501 3175; baseline -0.007 -7"><span class='ocrx_word' id='word_1_612' title='bbox 1472 3130 1531 3167; x_wconf 80' lang='grc' dir='ltr'>καὶ</span> <span class='ocrx_word' id='word_1_613' title='bbox 1554 3129 1672 3171; x_wconf 84' lang='grc' dir='ltr'>πάλιν,</span> <span class='ocrx_word' id='word_1_614' title='bbox 1691 3126 1833 3171; x_wconf 79' lang='grc' dir='ltr'>Ἄκουε,</span> <span class='ocrx_word' id='word_1_615' title='bbox 1860 3124 2020 3175; x_wconf 87' lang='grc' dir='ltr'>Ἰσραήλ·</span> <span class='ocrx_word' id='word_1_616' title='bbox 2047 3123 2172 3175; x_wconf 84' lang='grc' dir='ltr'>Κύριος</span> <span class='ocrx_word' id='word_1_617' title='bbox 2190 3126 2207 3161; x_wconf 84' lang='grc' dir='ltr'>ὅ</span> <span class='ocrx_word' id='word_1_618' title='bbox 2222 3121 2309 3165; x_wconf 87' lang='grc' dir='ltr'>Θεός</span> <span class='ocrx_word' id='word_1_619' title='bbox 2330 3137 2410 3170; x_wconf 90' lang='grc' dir='ltr'>σου,</span> <span class='ocrx_word' id='word_1_620' title='bbox 2432 3122 2501 3161; x_wconf 85' lang='grc' dir='ltr'>Κύ-</span> 
     </span>
     <span class='ocr_line' id='line_1_97' title="bbox 1474 3174 2501 3233; baseline -0.008 -14"><span class='ocrx_word' id='word_1_621' title='bbox 1474 3197 1543 3233; x_wconf 88' lang='grc' dir='ltr'>ριος</span> <span class='ocrx_word' id='word_1_622' title='bbox 1576 3175 1624 3223; x_wconf 65' lang='grc' dir='ltr'>εἷς</span> <span class='ocrx_word' id='word_1_623' title='bbox 1655 3181 1760 3216; x_wconf 81' lang='grc' dir='ltr'>ἐστιν.</span> <span class='ocrx_word' id='word_1_624' title='bbox 1782 3176 1851 3215; x_wconf 78' lang='grc' dir='ltr'>Καὶ</span> <span class='ocrx_word' id='word_1_625' title='bbox 1878 3178 1952 3219; x_wconf 80' lang='grc' dir='ltr'>πῶς</span> <span class='ocrx_word' id='word_1_626' title='bbox 1979 3176 2040 3220; x_wconf 85' lang='grc' dir='ltr'>τὰς</span> <span class='ocrx_word' id='word_1_627' title='bbox 2059 3174 2337 3226; x_wconf 86' lang='grc' dir='ltr'>παρενοχλούσας</span> <span class='ocrx_word' id='word_1_628' title='bbox 2369 3175 2501 3227; x_wconf 83' lang='grc' dir='ltr'>φυοίδας</span> 
     </span>
     <span class='ocr_line' id='line_1_98' title="bbox 1473 3227 2498 3283; baseline -0.009 -11"><span class='ocrx_word' id='word_1_629' title='bbox 1473 3237 1535 3279; x_wconf 67' lang='grc' dir='ltr'>τῆς</span> <span class='ocrx_word' id='word_1_630' title='bbox 1561 3230 1777 3283; x_wconf 85' lang='grc' dir='ltr'>πολυαρχίας</span> <span class='ocrx_word' id='word_1_631' title='bbox 1800 3228 1954 3278; x_wconf 80' lang='grc' dir='ltr'>ἐξέτεμε,</span> <span class='ocrx_word' id='word_1_632' title='bbox 1983 3229 2089 3278; x_wconf 80' lang='grc' dir='ltr'>μάθε·</span> <span class='ocrx_word' id='word_1_633' title='bbox 2110 3230 2162 3266; x_wconf 81' lang='grc' dir='ltr'>Οὐ</span> <span class='ocrx_word' id='word_1_634' title='bbox 2195 3227 2372 3273; x_wconf 87' lang='grc' dir='ltr'>ποιήσεις,</span> <span class='ocrx_word' id='word_1_635' title='bbox 2393 3227 2498 3278; x_wconf 82' lang='grc' dir='ltr'>φησὶ,</span> 
     </span>
     <span class='ocr_line' id='line_1_99' title="bbox 1475 3278 2496 3337; baseline -0.008 -13"><span class='ocrx_word' id='word_1_636' title='bbox 1475 3285 1569 3329; x_wconf 75' lang='grc' dir='ltr'>θεοὺς</span> <span class='ocrx_word' id='word_1_637' title='bbox 1584 3282 1774 3337; x_wconf 72' lang='grc' dir='ltr'>χωνευτοὺς</span> <span class='ocrx_word' id='word_1_638' title='bbox 1787 3312 1795 3329; x_wconf 91' lang='grc'>,</span> <span class='ocrx_word' id='word_1_639' title='bbox 1807 3280 1882 3319; x_wconf 80' lang='grc' dir='ltr'>οὐδὲ</span> <span class='ocrx_word' id='word_1_640' title='bbox 1902 3279 2152 3332; x_wconf 87' lang='grc' dir='ltr'>προσκυνήσεις</span> <span class='ocrx_word' id='word_1_641' title='bbox 2172 3278 2265 3322; x_wconf 73' lang='grc' dir='ltr'>θεοὺς</span> <span class='ocrx_word' id='word_1_642' title='bbox 2280 3279 2496 3332; x_wconf 84' lang='grc' dir='ltr'>ἀλλοτρίους·</span> 
     </span>
    </p>
   </div>
   <div class='ocr_carea' id='block_1_30' title="bbox 1535 3384 2490 3429">
    <p class='ocr_par' dir='ltr' id='par_1_30' title="bbox 1535 3384 2490 3429">
     <span class='ocr_line' id='line_1_100' title="bbox 1535 3384 2490 3429; baseline -0.005 -8"><span class='ocrx_word' id='word_1_643' title='bbox 1535 3401 1547 3415; x_wconf 72' lang='lat'><strong>³</strong></span> <span class='ocrx_word' id='word_1_644' title='bbox 1572 3391 1672 3421; x_wconf 84' lang='lat' dir='ltr'>Forte</span> <span class='ocrx_word' id='word_1_645' title='bbox 1688 3389 1749 3429; x_wconf 71' lang='lat' dir='ltr'>leg.</span> <span class='ocrx_word' id='word_1_646' title='bbox 1769 3397 1843 3418; x_wconf 85' lang='lat' dir='ltr'>cum</span> <span class='ocrx_word' id='word_1_647' title='bbox 1864 3384 1963 3418; x_wconf 81' lang='lat' dir='ltr'>Savil.</span> <span class='ocrx_word' id='word_1_648' title='bbox 1983 3390 2012 3419; x_wconf 74' lang='grc' dir='ltr'>ἐκ</span> <span class='ocrx_word' id='word_1_649' title='bbox 2030 3394 2079 3423; x_wconf 72' lang='grc' dir='ltr'>τῆς</span> <span class='ocrx_word' id='word_1_650' title='bbox 2097 3394 2153 3419; x_wconf 71' lang='grc' dir='ltr'>τῶν</span> <span class='ocrx_word' id='word_1_651' title='bbox 2170 3390 2330 3429; x_wconf 74' lang='grc' dir='ltr'>ἀνθρώπων</span> <span class='ocrx_word' id='word_1_652' title='bbox 2354 3386 2490 3423; x_wconf 73' lang='grc' dir='ltr'>διανοίας.</span> 
     </span>
    </p>
   </div>
  </div>
 </body>
</html>
