2481 3678
730 234 770 265 liN
809 232 1020 265 JOINNEM
1057 230 1206 261 IlOMIL.
1248 227 1344 257 XIII.

105 338 169 372 μου
198 320 336 373 γέγονε,
363 333 443 371 περι
470 333 533 364 της
555 319 600 360 εἷς
619 317 658 356 τὸ
679 310 766 356 εἶναι
787 315 939 368 παρόδου
965 313 1124 366 εἴρηται,

104 382 160 420 διὰ
179 384 241 427 τ’ἧς
263 382 447 452 ἐπαγωγης
467 378 568 424 δτλόν
592 381 695 417 ἐστιν.
711 380 755 416 Εἰ
773 377 950 431 γὰρτοῧτο
970 372 1128 412 ἐὸούλετο

103 445 227 488 εἰπεῖν,
261 441 420 494 περιττὸν
453 440 493 478 τὸ
526 442 592 478 ἐπα
595 439 739 491 γόυ.ενον
771 443 813 485 ἠν
836 437 893 484 τὸ,
916 435 1002 474 εὈτι
1027 448 1128 485 πρω-

101 503 160 546 τός
192 518 256 553 μου
283 505 338 548 ἠν·
370 499 435 544 Τίς
465 500 533 553 γὰρ
560 499 667 543 οὕτως
708 498 839 545 ἠλίθιος
876 495 936 534 καὶ
968 493 1126 540 ἀνόητος,

103 570 150 610 ὡς
170 568 338 617 ἀγνοῆσαι
359 564 412 603 ότι
440 568 457 603 ὁ
486 564 679 619 ἔμπροσθεν
702 565 804 601 αὐτοῦ
828 559 1008 613 γενόμενος
1034 558 1129 609 πρῶ-

103 650 160 678 τος
188 634 291 671 αὐτοῦ
324 627 387 680 ἦν,
418 632 436 651 *
453 634 498 671 Εἰ
525 631 593 684 γὰρ
615 628 696 683 περὶ
727 626 904 680 ὑπάρξεως
926 628 988 671 τῆς
1006 639 1129 677 προαι-

106 700 227 749 ωνίου,
253 699 348 739 οὐδὲν
377 699 491 753 ἕτερόν
529 700 604 736 ἐστι
636 698 676 736 τὸ
704 694 900 747 λεγόμενον,
936 694 1011 730 ἀλλ’
1033 690 1055 737 ἢ
1078 690 1128 729 ὅτι

107 767 151 806 Ὁ
179 767 291 806 ὀπίσω
319 783 382 818 μου
409 766 618 819 ἐρχόμενος,
652 761 844 816 ἔμπροσθέν
881 775 946 811 μου
979 758 1130 810 γέγονεν.

106 834 238 877 Ἄλλως
259 833 294 873 δὲ
317 833 376 871 καὶ
396 832 619 885 ἀπερινόητον
642 831 681 870 τὸ
712 834 883 877 τοιοῦτον,
915 827 975 866 καὶ
993 831 1015 873 ἠ
1037 826 1132 865 αἰτία

108 905 182 954 εἷκῇ
201 902 464 955 προσέρριπται.
482 898 692 939 Τούναντίον
708 899 789 952 γὰρ,
810 901 839 938 εἷ
852 902 951 937 τοῦτο
973 894 1133 936 {Cunero

109 971 288 1018 δηλῶσαι,
313 971 419 1020 ἐχρῆν
449 963 638 1014 εἷπεῖν,’ὃ’τι
660 970 677 1004 ὁ
702 966 814 1005 ὀπίσω
834 980 899 1016 μου
921 965 1107 1017 ἐρχόμενος
1121 994 1130 1011 ,

107 1037 244 1090 πρῶτός
264 1053 329 1087 μου
345 1031 400 1083 ἦν,
417 1035 537 1083 ἐπειδὴ
552 1035 612 1074 καὶ
623 1034 816 1087 ἔμπροσθέν
833 1051 897 1085 μου
911 1033 1045 1086 γέγονε.
1060 1035 1093 1072 Τ
1096 1037 1133 1072 οῦ

109 1104 171 1155 μὲν
187 1104 253 1155 γὰρ
272 1105 409 1156 πρῶτον
430 1097 518 1141 εἶναι
540 1102 681 1145 εἰκότως
696 1101 736 1139 ἀν
752 1117 802 1144 τις
818 1100 948 1147 ταύτην
969 1100 1044 1148 δοίη
1070 1100 1134 1147 τὴν

109 1171 222 1209 αἰτίαν
242 1169 333 1217 ι’τὴν
351 1173 410 1207 τοῦ
439 1169 617 1220 γενέσθαι·
642 1172 701 1206 τοῦ
725 1168 761 1206 δὲ
792 1169 931 1219 πρῶτον
950 1167 1132 1218 γενέσθαι,

109 1243 171 1279 οὐκ
187 1241 237 1279 ἔτι
256 1241 295 1279 τὸ
314 1242 453 1291 πρῶτον
473 1234 561 1277 εἶναι
586 1238 707 1277 αἴτιον.
728 1237 778 1277 ιῸ
804 1237 840 1276 δὲ
858 1241 960 1289 ἡμεῖς
975 1238 1135 1289 λέγομεν,

111 1308 243 1360 σφόδρα
260 1307 299 1345 ἂν
314 1307 387 1359 ἔχοι
411 1306 525 1356 λόγον.
545 1305 640 1344 Ἴστε
658 1305 725 1357 γὰρ
745 1305 856 1351 δήπου
876 1309 978 1343 τοῦτο
992 1305 1137 1354 πάντες,

111 1375 164 1413 ὅτι
181 1376 218 1412 οὖ
244 1374 288 1412 τὰ
309 1375 417 1422 δῆλα,
437 1373 528 1411 ἀλλὰ
551 1371 595 1411 τὰ
618 1372 733 1419 ἄδηλα
759 1371 812 1409 ἀεὶ
833 1371 1044 1423 αἰτιολογίας
1070 1372 1137 1408 δεῖ-

109 1458 180 1480 ται.
202 1443 245 1479 Εἰ
265 1441 300 1478 δὲ
315 1441 396 1492 περὶ
415 1439 610 1482 οὗσιώσεως
623 1442 640 1476 ὃ
655 1438 756 1489 λόγος
775 1433 816 1485 ἦν
829 1468 839 1486 ,
859 1439 922 1476 οὐκ
937 1432 979 1484 ἦν
997 1438 1136 1485 ἀίδηλον,

111 1508 163 1546 ὅτι
183 1510 320 1559 πρῶτον
350 1506 535 1557 γενόμενον
555 1510 693 1558 πρῶτον
724 1505 792 1543 ἔδει
822 1499 928 1542 εἶναι·
950 1504 1070 1550 ἐπειδὴ
1094 1504 1137 1550 ,δὲ

110 1574 192 1627 περὶ
219 1577 324 1625 τιμῆς
357 1574 573 1625 διαλέγεται,
606 1572 746 1616 εἰκότως
764 1572 828 1620 τὴν
855 1574 1023 1611 δοκοῦσαν
1047 1574 1137 1610 ἀπο-

114 1643 188 1695 ρίαν
209 1635 296 1680 εἶναι
309 1640 395 1680 λύει.
407 1640 477 1679 Καὶ
490 1640 556 1693 γὰρ
573 1640 664 1683 εἰκὸς
679 1634 721 1686 ἦν
737 1638 885 1682 πολλοὺς
901 1640 1058 1691 ἀπορεῖν,
1075 1638 1140 1676 πό-

114 1716 168 1750 θεν
185 1710 244 1749 καὶ
264 1712 303 1748 ἐκ
321 1709 422 1753 ποίας
441 1708 648 1761 προφάσεως
663 1711 680 1746 ὁ
704 1707 846 1760 ὕστερον
865 1707 1052 1759 ἐρχόμενος
1075 1707 1137 1757 ἔμ-

113 1782 261 1831 προσθεν
276 1777 410 1830 γέγονε·
422 1777 613 1824 τουτέστιν,
627 1775 846 1828 ἐντιμότερος
856 1775 981 1828 ἐφάνη.
996 1775 1137 1822 Ταύτης

113 1845 226 1884 τοίνυν
249 1847 310 1891 τῆς
331 1844 507 1891 ζητήσεως
528 1843 663 1891 τίθησιν
681 1842 806 1886 εὐθέως
829 1843 892 1890 τὴν
907 1842 1020 1881 αἰτίαν
1035 1856 1041 1865 ·
1059 1846 1081 1889 ἡ
1102 1843 1138 1881 δὲ

115 1913 227 1962 αἰτία,
246 1914 286 1952 τὸ
301 1914 439 1965 πρῶτον
454 1906 542 1950 εἶναι
557 1910 673 1950 αὐτόν.
689 1910 782 1950 Οὐδὲ
802 1910 870 1963 γὰρ
887 1912 927 1948 ἐκ
938 1909 1052 1958 τινὸς,
1073 1926 1138 1963 φη-

114 1981 148 2020 σὶ
160 2012 169 2029 ,
191 1982 370 2032 προκοπῆς
385 1979 523 2031 πρῶτόν
539 1994 582 2030 με
600 1979 682 2017 ὄντα
697 1978 808 2017 ὀπίσω
826 1977 928 2030 ῥίψας
945 1977 1140 2030 ἔμπροσθεν

113 2049 263 2101 γέγονεν,
283 2048 373 2086 ἀλλὰ
392 2046 538 2099 Πρῶτός
557 2062 622 2097 μου
641 2040 697 2093 ἦν,
722 2048 751 2084 εἰ
775 2046 834 2084 καὶ
856 2045 997 2097 ὕστερος
1019 2061 1138 2097 παρα-

113 2116 260 2167 γίνεται.
282 2115 353 2154 Καὶ
381 2119 474 2162 πῶς,
506 2114 624 2167 φησὶν,
641 2116 671 2152 εἰ
689 2113 846 2166 περὶτῆς
862 2112 1058 2165 ἐκφάνσεως
1078 2115 1141 2159 τῆς

115 2187 162 2228 εἷς
184 2183 384 2235 ἀνθρώπους
414 2177 475 2231 ἦν,
497 2182 557 2221 καὶ
586 2185 648 2229 τῆς
677 2180 871 2233 μελλούσης
895 2180 1039 2233 ἕψεσθαι
1058 2182 1141 2232 παρ’

116 2253 229 2290 αὐτῶν
250 2251 348 2298 δόξης
370 2254 387 2289 ὃ
411 2251 532 2302 λόγος,
552 2250 592 2288 τὸ
621 2249 768 2301 μηδέπω
801 2248 899 2292 τέλος
929 2247 1069 2301 εἰληφὸς
1096 2250 1142 2291 ὣς

114 2318 181 2366 ἤδη
214 2318 464 2370 γεγεννημένον
498 2318 610 2369 λέγει,
634 2320 671 2354 οὐ
704 2316 772 2368 γὰρ
804 2308 899 2362 εἷπε,
933 2314 1140 2367 γενήσεται,

115 2383 224 2431 ἀλλὰ,
251 2384 408 2436 Γέγονεν.
423 2384 511 2423 (Ότι
535 2384 608 2427 ἔθος
639 2386 740 2421 τοῦτο
761 2387 833 2425 τοῖς
865 2380 1141 2434 προφητεύουσιν

116 2451 244 2490 ἄνωθέν
265 2453 372 2499 ἐστιν,
391 2454 437 2496 ὡς
470 2451 550 2503 περὶ
576 2451 816 2502 γεγενημένων
851 2450 1030 2502 πολλαχοῦ
1062 2450 1143 2501 περὶ

115 2523 183 2558 τῶν
203 2519 399 2569 μελλόντων
416 2519 645 2570 διαλέγεσθαι.
662 2518 706 2557 ‘O
723 2523 803 2569 γοῦν
822 2516 970 2561 εΗσαΐας
982 2517 1063 2569 περὶ
1082 2521 1144 2564 τῆς

118 2590 251 2639 σφαγῆς
266 2588 370 2624 αὐτοῦ
390 2585 513 2637 λέγων,
527 2588 590 2623 οὐκ
608 2579 715 2631 εἶπεν,
732 2588 778 2627 ὡς
791 2584 967 2636 πρόόατον
982 2584 1039 2622 ἐπὶ
1055 2600 1143 2636 σφα,

118 2653 182 2705 γὴν
213 2652 425 2705 ἀχθήσεται,
450 2654 535 2704 ὅπερ
565 2646 605 2698 ἦν
630 2652 814 2702 μέλλοντος
828 2668 836 2675 ·
857 2653 947 2698 ἀλλ’,
966 2650 1032 2693 ,(Ως
1054 2651 1142 2702 πρό-

118 2721 222 2758 ὅατον
245 2719 302 2757 ἐπὶ
318 2718 453 2771 σφαγὴν
470 2718 580 2770 ἤχθη·
597 2718 711 2756 καίτοι
730 2717 864 2756 οὐδέπω
885 2717 1073 2771 σαρκωθεὶς
1087 2712 1142 2766 ἦν,

117 2789 194 2827 ἀλλ’
215 2787 308 2838 ὅμως
332 2787 372 2825 τὸ
400 2786 561 2837 ἐσόμενον
588 2789 605 2824 ὁ
626 2785 807 2837 προφήτης
836 2787 882 2828 ὡς
915 2783 1143 2836 γεγενημένον

117 2856 225 2908 λέγει.
256 2855 325 2894 Καὶ
348 2859 365 2893 ὃ
384 2854 495 2892 Δαυὶδ
520 2854 578 2892 τὸν
610 2853 756 2906 σταυρὸν
784 2854 911 2900 δηλῶν,
942 2854 1004 2889 οὐκ
1035 2845 1142 2898 εἶπεν,

118 2923 273 2977 ὀρύξουσι
291 2922 412 2974 χεῖράς
428 2936 493 2973 μου
509 2921 568 2959 καὶ
589 2919 714 2963 πόδας·
740 2920 833 2967 ἀλλ’,
851 2917 1005 2970 Ὤρυξαν
1022 2920 1143 2972 χεῖράς

121 3008 184 3044 μου
201 2992 260 3030 καὶ
279 2992 404 3035 πόδας·
420 2991 497 3038 καὶ,
514 2989 766 3041 Διεμερίσαντο
781 2988 823 3027 τὰ
839 2988 963 3039 ἱμάτιά
979 3004 1062 3039 μου,
1083 2989 1142 3026 καὶ

119 3062 178 3100 ἐπὶ
198 3061 255 3099 τὸν
273 3060 462 3112 ἱματισμόν
482 3076 546 3110 μου
570 3060 693 3098 ἔὸαλον
721 3061 863 3111 κλῆρον.
884 3059 953 3098 Καὶ
979 3059 1059 3110 περὶ
1083 3062 1141 3096 τοῦ

119 3129 286 3181 προδότου
312 3127 550 3179 διαλεγόμενος
565 3132 624 3165 τοῦ
642 3126 789 3178 μηδέπω
804 3126 1039 3179 γεννηθέντος,
1054 3126 1143 3164 οὕτω

121 3212 193 3239 πως
207 3195 309 3247 φησίν
320 3210 327 3217 ·
339 3194 384 3232 ‘O
398 3194 519 3232 ἐσθίων
536 3194 659 3246 ἄρτους
671 3210 749 3244 μου,
761 3198 776 3214 ²¹
789 3193 998 3245 ἐμεγάλυνεν
1013 3195 1068 3232 ἐπ’
1083 3193 1145 3245 ἐμὲ

165 3320 177 3329 '‘
203 3318 242 3358 [εἰ
259 3321 287 3349 El:
304 3332 336 3351 π.
354 3320 405 3351 im.
423 3319 458 3354 ἦν
471 3316 572 3348 Savil.
594 3325 626 3349 et
646 3317 730 3350 Cod.
750 3318 843 3359 705]

167 3371 183 3395 b
200 3369 312 3402 Morel.
332 3376 386 3407 τὴν
403 3376 454 3403 τοῦ
471 3375 619 3411 γενέσθαες
636 3369 771 3413 quidum
790 3371 865 3402 Mss-
883 3376 916 3404 τὸ
940 3381 1059 3407 πρῶτον
1082 3386 1129 3413 γε-

124 3427 235 3454 υεςθκιτ
258 3419 290 3453 111
308 3419 408 3453 Savil-
426 3418 495 3452 haec
514 3419 647 3453 desunt.
963 3412 966 3415 ¹

1161 1814 1175 1837 -7

1384 211 1445 256 al.
1485 226 1565 255 λιι.
2128 207 2183 267 &7

1202 311 1339 360 rigiam
1357 307 1610 344 calceamenti
1624 305 1716 355 ejus.
1732 301 1839 348 Quod
1859 316 1942 339 vero
1958 301 2064 351 illud,
2086 305 2190 340 Ante

1204 369 1411 421 mefactus
1428 374 1498 413 est,
1520 379 1588 403 non
1616 363 1835 414 intelligatur
1861 362 1906 400 ‹le
1926 362 2060 399 Christi
2082 371 2159 398 ortu
2176 393 2186 411 ,

1202 444 1248 468 ex
1275 430 1342 468 hoc
1366 428 1608 466 additamento
1627 435 1735 478 patet.
1758 427 1849 464 Nam
1877 424 1905 461 si
1925 423 1963 461 id
1991 423 2109 461 dicere
2127 438 2190 460 vo-

1201 491 1338 542 luisset,
1359 491 1580 543 superssuum
1599 488 1720 527 suisset
1738 487 1776 525 id
1796 486 1893 537 quod
1910 485 2072 534 additur,
2092 486 2192 534 Quia

1200 557 1307 605 prior
1328 567 1387 591 me
1406 561 1500 591 erat.
1516 551 1607 598 Quis
1635 550 1730 588 enim
1749 549 1798 587 ita
1816 548 1945 586 stultus
1964 556 1997 584 et
2024 545 2193 597 insipiens

1205 624 1255 654 est
1283 624 1323 653 ut
1352 615 1504 667 ignoret,
1536 627 1618 651 eum
1646 611 1705 662 qui
1732 620 1811 648 ante
1837 624 1873 647 se
1895 609 2007 646 factus
2033 606 2140 643 fuerit
2158 620 2194 643 se

1205 676 1363 729 priorem
1374 675 1474 714 esse?
1495 673 1604 721 Quod
1622 673 1650 711 si
1671 672 1710 710 id
1729 672 1774 710 de
1790 671 1853 709 illa
1872 684 1950 721 quae
1969 678 2049 706 ante
2066 668 2195 705 saecula

1207 747 1258 776 cst
1286 736 1492 775 exsistentia
1514 734 1749 785 intelligatur,
1768 731 1862 770 nihil
1893 730 1994 769 aliud
2014 729 2196 781 signifieat

1206 798 1345 837 dictum
1362 797 1470 848 illud,
1491 797 1559 835 nisi
1576 797 1658 845 hoe,
1679 797 1754 846 Qui
1772 801 1859 846 post
1888 806 1947 829 me
1965 794 2088 836 venit,
2107 800 2195 828 ante
2236 811 2239 814 -

1209 875 1268 898 me
1280 861 1411 912 factus
1435 868 1503 897 est.
1523 857 1691 908 Alioquin
1714 865 1832 893 autem
1850 855 1921 892 hoe
1940 852 2197 891 inconsiderate

1207 920 1346 959 dictum
1375 929 1486 971 esset,
1518 929 1551 957 et
1580 933 1685 956 eausa
1712 926 1843 955 temere
1870 915 2024 967 projecta
2056 914 2192 950 fuisset.

1207 983 1300 1020 Nam
1321 982 1351 1020 51
1369 983 1438 1020 1106
1463 980 1664 1033 significare
1687 977 1872 1027 voluisset,
1894 975 2070 1014 contrario
2091 974 2196 1011 modo

1207 1059 1261 1083 res
1280 1044 1497 1083 enuntianda
1516 1052 1602 1092 erat,
1629 1041 1701 1088 Qui
1720 1049 1799 1092 post
1818 1054 1874 1077 me
1893 1038 2005 1087 venit,
2029 1037 2125 1090 prior
2144 1051 2199 1073 me

1207 1116 1295 1158 erat,
1319 1107 1403 1157 quia
1421 1115 1502 1144 ante
1521 1119 1578 1143 me
1595 1105 1707 1141 factus
1732 1111 1795 1140 est.
1818 1102 1911 1139 Nam
1931 1100 2028 1151 quod
2049 1098 2198 1150 quidam

1208 1169 1308 1221 prior
1338 1168 1398 1218 sit,
1416 1169 1497 1220 jure
1527 1166 1606 1217 quis
1635 1165 1727 1202 hane
1757 1177 1899 1201 eausam
1924 1161 2077 1211 dederit,
2102 1159 2199 1210 quod

1209 1231 1309 1283 prior
1325 1231 1438 1268 faetus
1468 1229 1513 1266 sit
1534 1244 1541 1264 :
1563 1227 1660 1278 quod
1682 1240 1768 1264 vero
1787 1225 1886 1278 prior
1912 1225 2025 1261 factus
2043 1223 2102 1272 511,
2130 1236 2198 1259 non

1209 1292 1249 1331 id
1267 1293 1304 1330 in
1324 1306 1428 1329 causa
1447 1300 1498 1329 est
1516 1289 1612 1341 quod
1631 1289 1677 1327 sit
1698 1288 1809 1341 prior.
1828 1286 1936 1333 Quod
1954 1300 2039 1323 vero
2057 1300 2120 1322 nos
2139 1284 2196 1322 di-

1209 1355 1337 1404 cimus,
1354 1354 1458 1391 firma
1475 1352 1608 1390 ratione
1626 1351 1766 1389 nititur.
1786 1349 1892 1387 Scitis
1911 1348 2044 1400 quippe
2062 1361 2196 1396 omnes,

1211 1431 1280 1454 non
1300 1416 1567 1454 manifestorum
1586 1443 1595 1462 ,
1618 1413 1681 1451 sed
1710 1413 1945 1450 obscurorum
1962 1424 2104 1448 causam
2128 1423 2201 1446 esse

1211 1491 1348 1529 semper
1366 1474 1597 1513 afferendam.
1612 1473 1721 1519 Quod
1739 1473 1768 1509 si
1788 1472 1832 1509 de
1854 1471 2000 1509 essentia
2019 1484 2132 1508 sermo
2147 1484 2199 1507 es-

1211 1545 1276 1586 set,
1295 1550 1364 1573 non
1388 1544 1477 1573 65561
1495 1534 1698 1581 obscurum,
1718 1546 1798 1569 eum
1812 1531 1875 1582 qui
1892 1531 1992 1582 prior
2009 1531 2120 1567 faetus
2139 1530 2198 1579 sit,

1210 1598 1367 1651 priorem
1384 1610 1457 1634 esse
1476 1604 1657 1648 oportere,
1670 1594 1755 1644 quia
1774 1602 1893 1630 autem
1914 1592 1958 1629 de
1971 1592 2106 1629 honore
2123 1591 2199 1629 dis-

1211 1659 1309 1707 serit,
1317 1659 1398 1711 jure
1415 1671 1494 1695 eam
1510 1669 1587 1707 quae
1606 1653 1799 1694 videbatur
1817 1653 1930 1691 inesse
1951 1652 2201 1690 difficultatem

1212 1719 1333 1758 solvit.
1365 1720 1458 1757 Nam
1484 1715 1680 1756 ¹verisimile
1711 1724 1763 1753 est
1777 1745 1788 1764 ,
1819 1714 1951 1752 multos
1980 1714 2016 1751 in
2047 1713 2202 1754 dubium

1212 1791 1401 1821 vocaturos
1422 1795 1509 1830 esse,
1531 1794 1595 1817 cur
1614 1787 1647 1816 et
1668 1792 1739 1828 qua
1759 1776 1803 1815 de
1825 1790 1930 1814 causa
1949 1776 1978 1813 is
2002 1776 2063 1826 qui
2082 1784 2200 1827 poste-

1164 1852 1189 1880 A
1212 1844 1286 1881 rior
1302 1841 1465 1892 advenit,
1488 1840 1588 1893 prior
1606 1839 1675 1887 sit3
1695 1837 1735 1875 161
1753 1846 1822 1885 est,
1842 1836 2086 1874 honorabilior
2105 1836 2204 1875 visus

1213 1905 1274 1943 sit.
1308 1904 1426 1956 Hujus
1446 1916 1528 1954 ergo
1552 1899 1755 1952 quaestionis
1774 1898 1894 1936 statim
1919 1912 2061 1935 causam
2091 1907 2124 1935 61
2144 1912 2201 1936 50-

1212 1967 1384 2004 lutionem
1396 1966 1512 2013 affert,
1533 1966 1634 2015 Quia
1649 1965 1751 2014 prior
1770 1976 1828 1998 me
1843 1969 1938 1998 erat.
1953 1960 2077 2010 Neque
2091 1960 2201 2009 enim,

1214 2029 1344 2080 inquit,
1365 2027 1520 2078 quodam
1537 2026 1696 2079 profectu
1714 2031 1848 2070 auctus,
1865 2036 1921 2058 me
1938 2020 2057 2073 priore
2075 2030 2205 2058 retror-

1213 2104 1294 2128 sum
1312 2089 1465 2141 abjecto,
1486 2086 1586 2140 prior
1599 2086 1674 2138 ipse
1693 2084 1808 2121 factus
1833 2091 1909 2132 est,
1934 2081 1997 2119 sed
2016 2082 2132 2119 Prior
2145 2095 2205 2118 me

1215 2160 1317 2201 erac,
1343 2150 1407 2188 etsi
1438 2148 1613 2202 posterior
1637 2144 1820 2185 adveniat.
1840 2143 1889 2181 Et
1917 2142 2122 2194 quomodo,
2146 2142 2202 2180 in-

1216 2212 1329 2263 quies,
1352 2211 1381 2249 si
1399 2210 1444 2248 de
1464 2209 1654 2261 conspicuo
1677 2207 1751 2259 ejus
1768 2204 1939 2254 adventii,
1961 2203 2075 2254 deque
2093 2203 2205 2255 gloria

1214 2273 1334 2326 ipsum
1353 2281 1544 2325 exceptura
1562 2284 1676 2309 sermo
1698 2278 1764 2315 est,
1794 2266 1831 2304 id
1857 2266 1952 2317 quod
1973 2264 2131 2304 nondum
2159 2264 2206 2301 fi-

1215 2351 1296 2374 nem
1314 2345 1494 2388 acceperat
1510 2343 1548 2372 ut
1560 2334 1637 2386 jam
1655 2333 1787 2369 sactum
1806 2329 1924 2367 dicit?
1944 2342 2013 2365 non
2035 2327 2129 2364 enim
2144 2326 2202 2364 di-

1216 2397 1277 2447 611,
1295 2398 1394 2447 Fiet,
1417 2395 1490 2445 sed,
1502 2397 1649 2432 Factus
1666 2400 1734 2430 est.
1754 2390 1823 2436 Qui
1828 2404 1848 2427 a
1869 2389 1935 2427 id
1921 2402 1998 2440 jam
2017 2388 2101 2425 olim
2117 2402 2200 2439 pro-

1215 2459 1361 2528 phetis
1351 2473 1386 2496 111
1410 2471 1508 2495 mole
1526 2455 1619 2502 fuit,

1213 2522 1289 2572 jam
1316 2520 1419 2557 factis
1452 2519 1656 2568 loquuntur.
1677 2515 1769 2552 Nam
1790 2512 1899 2550 Isaias
1929 2511 1973 2548 de
1997 2525 2080 2548 nece
2105 2510 2201 2548 illius

2251 2412 2406 2449 Prophetoe

1651 2453 1713 2504 qui
1732 2452 1777 2489 de
1805 2450 1938 2488 sunnis
1968 2449 2073 2487 rebus
2101 2448 2314 2500 quasifutura

2212 2505 2274 2533 Janl

1216 2582 1375 2632 loquens,
1392 2593 1460 2616 non
1479 2577 1573 2614 dixit
1582 2577 1810 2625 ,Tamquam
1830 2573 1907 2612 ovis
1927 2572 1974 2611 ad
1993 2572 2204 2611 occisionem
2218 2579 2301 2604 tiant

1217 2642 1377 2687 ducetur,
1394 2639 1489 2690 quod
1505 2639 1668 2675 futulum
1685 2645 1784 2685 e1¹;at
1806 2634 1878 2684 secl,
1901 2636 2114 2686 Tamquam
2126 2648 2204 2672 0115
2218 2654 2291 2681 [sm
2309 2652 2356 2682 53
2372 2661 2402 2689 7.

1217 2704 1270 2740 ad
1295 2703 1526 2739 occisionem
1551 2699 1689 2735 ductus
1721 2705 1788 2733 est.
1826 2695 1932 2746 Atqui
1964 2694 2125 2732 nondum
2151 2695 2204 2732 in-

1218 2773 1381 2801 carnatus
1394 2770 1468 2799 erat
1481 2776 1492 2811 ,
1511 2759 1572 2798 56(1
1590 2758 1628 2797 id
1642 2758 1738 2809 quod
1753 2759 1915 2795 futurum
1931 2767 2004 2795 erat
2020 2757 2204 2809 propheta,

1217 2824 1319 2875 quasi
1333 2824 1466 2861 factum
1482 2829 1613 2859 narrat.
1630 2820 1678 2857 Et
1697 2818 1814 2857 David
1829 2833 1971 2857 crucem
1988 2819 2205 2871 significans,

1217 2899 1287 2923 non
1306 2884 1401 2922 (lixit
1426 2899 1433 2919 :
1455 2882 1605 2922 Fodient
1629 2895 1756 2919 manus
1777 2894 1872 2918 meas
1902 2889 1934 2918 et
1952 2880 2058 2932 pedes
2080 2894 2176 2917 meos
2192 2895 2202 2929 3

1217 2947 1290 2996 sed,
1313 2947 1509 2983 Foderunt
1536 2957 1673 2982 manus
1693 2956 1794 2980 meas
1817 2952 1850 2979 el
1869 2943 1984 2993 pedes
2003 2956 2132 2990 meos;
2157 2949 2203 2989 et,
2222 2964 2369 2991 pssslAEL

2225 3013 2269 3040 17.
2289 3011 2316 3031 et
2339 3013 2384 3041 19.

1220 3010 1442 3046 Diviserunt
1466 3008 1538 3044 sibi
1564 3007 1798 3042 vestimenta
1826 3017 1922 3051 mea,
1946 3012 1980 3039 et
2009 3015 2117 3054 super
2141 3016 2203 3039 ve-

1218 3079 1313 3108 stem
1343 3082 1464 3106 meam
1492 3069 1679 3104 miserunt
1709 3073 1863 3102 sortem.
1887 3063 1935 3100 Et
1956 3062 2000 3100 (16
2029 3062 2208 3115 proditore

1217 3130 1325 3170 verba
1355 3129 1508 3177 faciens,
1535 3126 1595 3178 qui
1618 3125 1776 3163 nondum
1810 3134 1914 3162 natus
1941 3134 2036 3173 erat,
2059 3126 2109 3162 sie
2134 3125 2205 3162 ait:

1221 3193 1295 3243 Qui
1312 3192 1449 3230 edebat
1466 3201 1585 3241 panes
1604 3200 1716 3234 meos,
1735 3187 1996 3238 magnificavit
2019 3200 2129 3237 super
2151 3200 2209 3223 me
2223 3194 2313 3223 Psal.
2337 3192 2387 3232 40,

1240 3327 1253 3341 «Ἰ
1268 3315 1382 3348 Morel.
1406 3318 1602 3358 ἐμεγάλυνεν,
1626 3311 1729 3345 Savil.
1750 3316 1867 3355 ἐπῇρεν.
1888 3308 1999 3351 [Idem
2013 3308 2114 3352 paulo
2132 3316 2208 3340 unte

1198 3373 1288 3407 οὕτως
1306 3368 1431 3410 ἔλεγε-1.]
1451 3366 1536 3399 thid.
1558 3370 1664 3408 ὁμοίως
1680 3362 1773 3395 deest
1790 3365 1822 3394 in
1840 3360 1954 3394 Saul..

2227 3243 2273 3264 Is).

2332 2494 2406 2522 facta

2216 2546 2288 2573 saepe
2327 2546 2404 2563 nun-
