2481 3678
751 254 791 284 m
831 253 1036 285 soimeri
1073 251 1232 281 nonu„
1271 251 1352 280 xu.
1393 234 1451 280 al.

101 352 163 381 σας
183 339 200 375 ὃ
221 338 390 388 μακάριος
412 330 526 384 οἶτος,
555 337 576 374 ἃ
600 336 675 388 ᾔδει
707 337 768 387 μὲν
794 338 913 384 αὐτὸς,
932 335 1065 387 γράψαι
1086 333 1121 370 δὲ

2119 235 2169 279 81

1194 332 1276 369 bere
1298 331 1433 382 noluit,
1458 331 1557 381 quod
1574 344 1613 369 ea
1630 330 1785 369 muudus
1808 344 1877 368 non
1911 340 2049 382 caperet
2078 335 2179 377 (nam

1490 250 1552 280 Χῖ.

101 400 163 436 οὐκ
181 397 370 449 ἠνέσχετο,
399 396 455 434 διὰ
473 397 512 435 τὸ
533 396 582 448 μὴ
606 403 733 449 χωρεῖν
752 397 809 435 τὸν
833 396 962 447 κόσμον
995 394 1123 442 (πάντα
1147 397 1171 427 C
1194 392 1314 431 omnia
1340 392 1477 443 inquit,
1512 394 1552 431 Si
1585 395 1804 431 scribantur
1829 406 1899 443 per·
1922 392 2089 443 singula,
2114 405 2183 428 nec
2197 407 2289 433 Joan.
2312 412 2360 432 ω.

100 476 111 487 ῃ
128 459 137 475 x
196 457 259 496 1³⁴⁴&
359 458 403 483 κν,
497 474 504 480 ,
545 460 573 490 Γ
595 458 609 471 Λ
688 458 738 480 ,η
782 461 791 471 s
819 459 829 471 x
892 451 908 472 ’ς’
1012 456 1020 468 x
1098 453 1123 482 l-

108 475 168 512 (αρ
228 485 237 496 2
262 475 278 496 ν
301 474 478 510 γραρηται
498 468 562 496 κα)
594 473 642 506 εν,
665 470 740 497 ουοε
756 474 855 496 αυτον
876 473 974 508 οιμαι
990 471 1046 494 τον
1066 470 1106 515 κο

101 535 187 569 σμον
227 521 388 571 χωρῆσαι
422 518 467 557 τὰ
498 519 701 572 γραφόμενα
737 517 883 570 βιὸλία)·
918 521 1028 554 ταῦτα
1066 517 1123 552 οὐν

101 580 240 618 ἅπαντα
254 579 497 631 λογισάμενος,
514 580 712 628 ἀνεὸόησεν,
732 579 785 617 ὅτι
804 577 1046 628 Ἔθεασάμεθα
1061 575 1124 623 τὴν

589 643 800 692 Μονογενοῦς
831 637 929 690 παρὰ
961 637 1124 689 Πατρος,

101 701 218 753 πλήρη
234 702 377 755 χάριτος
395 702 455 740 καὶ
484 702 658 749 ἀληθείας.
675 701 767 744 Τοὺς
787 699 828 747 δὴ
849 694 905 738 οἶν
932 699 1124 738 ρτοσούτων

393 640 445 654 Nl?

102 640 201 685 δόξαν
233 643 358 688 αὐτοῦ,
389 655 488 685 οοςαν
517 644 564 685 ὡς

103 762 164 813 μὲν
191 763 387 813 θεαμάτων,
406 762 567 801 τοιούτων
592 763 627 801 δὲ
652 761 927 806 καταξιωθέντας
948 760 1126 811 ἀκουσμά-

100 840 182 870 των,
212 824 381 871 τοσαύτης
413 823 448 862 δὲ
486 823 751 866 ἀπολαύσαντας
782 824 933 875 δωρεᾶς,
962 822 1022 860 καὶ
1053 822 1125 872 βίον

102 883 193 928 ἄξιον
212 886 280 922 τῶν
301 884 482 936 δογμάτων
500 883 756 922 ἐπιδείκνυσθαι
776 883 866 936 χρὴ,
884 883 973 921 ὥστε
989 883 1125 921 καὶτῶν

102 947 212 983 ἐκεῖσε
228 947 425 983 ἀπολαῦσαι
444 946 572 983 καλῶν.
594 944 661 982 Διὰ
679 948 778 983 τοῦτο
800 944 868 996 γὰρ
898 944 957 982 καὶ
978 944 1126 996 παρεγέ-

101 1021 177 1044 νετο
196 1009 213 1044 ὁ
232 1005 357 1058 Κύριος
371 1008 470 1056 ἡμῶν
491 1005 624 1053 Ἰησοῦς
643 1006 815 1058 Χριστὸς,
850 1005 911 1044 »ἵνα
950 1005 998 1056 μὴ
1024 1005 1126 1057 μόνον

99 1067 161 1115 τὴν
184 1070 329 1106 ἐνταῦθα
353 1066 450 1111 δόξαν
473 1067 599 1119 ἴδωμεν
618 1070 743 1114 αὐτοῦ,
769 1067 859 1106 ἀλλὰ
879 1067 938 1105 καὶ
953 1067 1015 1115 τὴν
1038 1067 1126 1118 μέλ-

101 1131 240 1167 λουσαν.
263 1127 330 1166 Διὰ
348 1134 448 1167 τοῦτο
469 1128 581 1180 ἔλεγε,
600 1128 725 1176 Θέλω,
751 1128 807 1166 ἵνα
833 1127 919 1166 ὅπου
950 1128 1022 1179 εἰμὶ
1041 1127 1127 1180 ἐγὼ,

102 1190 161 1228 καὶ
176 1184 269 1229 οῧτοι
294 1183 391 1238 ὦσιν,
418 1190 476 1228 ἵνα
495 1192 650 1241 Οεωρῶσι
670 1189 732 1237 τὴν
751 1189 851 1234 δόξαν
871 1190 934 1237 τὴν
960 1190 1060 1239 ἐμήν.
1083 1191 1128 1228 Εἰ

104 1251 139 1290 δὲ
155 1253 242 1298 αὕτη
257 1254 278 1297 ἡ
297 1251 377 1295 δόξα
391 1250 479 1289 οὕτω
495 1250 613 1302 γε’γονε
626 1250 775 1302 λαμπρὰ
790 1251 850 1288 καὶ
864 1250 1075 1302 περιφανὴς,
1095 1250 1130 1287 τί

104 1312 144 1350 ἄν
170 1328 222 1354 τις
252 1311 342 1349 εἴποι
369 1313 449 1363 περὶ
484 1310 636 1359 ἐκείνης,
664 1313 717 1349 Οὐ
746 1311 813 1364 γὰρ
841 1313 876 1349 ἐν
898 1315 942 1363 γῇ
972 1317 1129 1364 φανεῖται

105 1375 258 1423 φθαρτῇ,
276 1371 351 1409 οὐδὲ
374 1373 407 1409 ἐν
426 1372 603 1423 ἐπικήροις
623 1371 782 1423 σώμασιν
803 1372 909 1410 ὄντων
923 1375 1037 1422 ἡμῶν,
1055 1373 1130 1410 ἀλλ’

105 1435 138 1470 ἐν
156 1432 323 1484 ἀκηροίτῳ
347 1433 405 1470 καὶ
426 1433 546 1486 ἀγήρῳ
560 1436 603 1484 τῇ
619 1433 750 1479 κτίσει,
771 1433 830 1470 καὶ
849 1432 937 1483 μετὰ
959 1431 1131 1478 τοσαύτης

103 1495 166 1538 τῆς
186 1492 450 1545 λαμπρότητος,
484 1495 558 1543 μεθ’
583 1493 666 1540 ὅσης
685 1493 760 1532 οὐδὲ
784 1493 877 1546 λόγῳ
903 1495 1131 1544 παραστῆσαι

103 1553 258 1592 δυνατόν.
280 1548 350 1591 ‘³⁰³⁹ss
383 1555 551 1606 μακάριοι
582 1555 641 1592 καὶ
662 1554 912 1606 τρισμακάριοι
941 1554 1000 1591 καὶ
1034 1557 1133 1591 τοῦτο

102 1613 289 1661 πολλάκις,
310 1617 341 1652 οἱ
360 1616 422 1660 τῆς
438 1615 537 1662 δόξης
551 1614 812 1666 καταξιούμενοι
829 1615 960 1662 ἐκείνης
974 1614 1133 1666 γενέσθαι

103 1675 234 1712 θεαταί.
250 1675 340 1727 Περὶ
353 1674 480 1722 ταύτης
495 1679 512 1714 ὃ
525 1675 705 1729 προφήτης
720 1676 834 1729 φησίν·
851 1676 1006 1728 Ἀρθήτω
1021 1678 1038 1713 ὃ
1055 1678 1134 1713 ἀσε-
1157 1696 1181 1725 E

105 1735 168 1781 ἕης
180 1767 188 1783 ,
208 1735 263 1775 ἰ’να
285 1736 332 1787 μὴ
349 1737 405 1789 ἴδῃ
420 1737 482 1785 τὴν
502 1737 601 1782 δόξαν
619 1737 760 1790 Κυρίου.
775 1737 866 1776 Ἀλλ’
881 1741 980 1788 ἡμῶν
1002 1737 1133 1788 μηδένα

104 1797 236 1848 γένοιτο
256 1801 423 1849 ἀρθῆναι,
445 1797 532 1849 μηδὲ
561 1798 704 1837 ἀθέατον
722 1801 829 1845 αὐτῆς
848 1798 1008 1850 γενέσθαι
1036 1797 1132 1837 ποτέ.

105 1860 150 1896 Εἰ
171 1857 237 1911 γὰρ
264 1857 312 1909 μὴ
330 1859 514 1910 μέλλοιμεν
532 1859 793 1898 ἀπολαύσεσθαι
813 1859 957 1907 ταύτης,
974 1859 1132 1911 εὔκαιρον

105 1919 164 1957 καὶ
184 1922 267 1971 παρ’
285 1923 384 1969 ἡμῶν
412 1922 519 1958 εἰπεῖν
531 1936 538 1943 ·
567 1921 672 1959 καλὸν
703 1915 744 1967 ἦν
763 1924 861 1971 ἡμῖν,
877 1924 907 1959 εἷ
924 1921 972 1972 μὴ
990 1921 1131 1972 ἐγεννή-

105 1984 225 2031 θημεν.
242 1980 289 2018 Τί
305 1981 371 2033 γὰρ
389 1984 521 2031 ζῶμεν;
537 1981 572 2020 τί
594 1982 828 2032 ἀναπνέομεν,
846 1981 880 2020 τί
901 1982 936 2021 δὲ
958 1983 1074 2033 ἐσμὲν,
1093 1983 1132 2020 ἂν

104 2044 167 2088 ’.ἧς
184 2041 330 2093 θεωρίας
355 2042 587 2095 ἀποτύχωμεν
618 2044 766 2091 ἐκείνης,
794 2043 833 2081 ἂν
865 2044 922 2082 τὸν
951 2043 1132 2091 Δεσπότην
1157 2051 1182 2080 Α

105 2103 353 2156 τὸν-ἡμέτερον
373 2105 493 2155 μηδεὶς
508 2108 592 2155 ἡμῖν
611 2105 822 2158 συγχωρήσῃ
840 2104 1029 2144 θεάσασθαι
1044 2105 1122 2144 τότε
1129 2122 1139 2153 3

106 2167 151 2203 Εἰ
169 2165 237 2218 γὰρ
265 2168 296 2203 οἱ
323 2165 362 2203 τὸ
382 2167 452 2217 φῶς
478 2166 518 2204 τὸ
540 2167 685 2213 ἡλιακὸν
709 2166 757 2217 μὴ
788 2165 974 2217 θεώμενοι,
1005 2167 1134 2211 παντὸς

106 2226 254 2264 θανᾶτου
270 2229 478 2279 πικροτέραν
495 2227 705 2278 ὑπομένουσι
724 2227 814 2273 ζωήν
832 2243 839 2250 ·
856 2227 890 2264 τί
903 2231 1024 2265 παθεῖν
1046 2228 1136 2272 εἰκὸς

104 2286 183 2331 τοὺς
201 2291 260 2326 τοῦ
273 2288 384 2340 φωτὸς
399 2288 696 2342 ἀποστερηθέντας
712 2288 860 2336 ἐκείνου,
881 2289 1055 2327 Ἐνταῦθα
1071 2288 1133 2340 μὲν

105 2348 172 2400 γὰρ
192 2351 225 2387 ἐν
245 2349 355 2402 τούτῳ
371 2349 472 2400 μόνον
490 2353 511 2396 ἡ
533 2349 641 2401 ζημία
653 2380 662 2397 ,
684 2353 754 2388 ἐκεῖ
775 2349 809 2389 δὲ
830 2353 867 2388 οὗ
890 2350 995 2403 μέχρι
1013 2350 1134 2390 τούτου

106 2409 229 2460 μόνον·
255 2409 369 2448 καίτοι
394 2410 454 2448 καὶ
472 2412 501 2448 εἷ
520 2414 620 2449 τοῦτο
638 2411 739 2460 μόνον
760 2405 802 2457 ἦν
835 2411 872 2449 τὸ
905 2412 1024 2459 δεινὸν,
1057 2411 1134 2450 οὐδὲ

106 2471 213 2514 οὕτως
228 2471 300 2509 ἴσον
320 2471 360 2509 τὸ
375 2475 438 2518 τῆς
459 2472 635 2516 κολάσεως
663 2467 719 2519 ἦν,
750 2472 839 2511 ἀλλὰ
855 2473 1005 2526 τοσούτῳ
1024 2475 1133 2525 χαλε-

106 2531 275 2584 πώτερον,
294 2532 372 2570 ὅσον
389 2536 406 2569 ὃ
419 2532 516 2578 ἥλιος
545 2535 671 2575 ἐκεῖνος
696 2532 815 2571 τούτου
845 2533 1010 2585 κρείττων
1031 2537 1135 2585 ἀσυγ-

108 2590 235 2643 κρίτως
251 2591 341 2629 ἐστί·
358 2595 418 2628 ν’ὔν
431 2591 465 2630 δὲ
481 2592 540 2629 καὶ
551 2592 671 2644 ἑτέραν
689 2594 761 2631 ἐστὶ
775 2595 1014 2645 προσδοκῆσαι
1027 2611 1135 2644 τιμω-

112 2651 199 2703 ρίαν.
220 2651 291 2689 Τὸν
307 2650 374 2705 γὰρ
392 2654 501 2690 ἐκεῖνο
527 2652 566 2690 τὸ
595 2656 666 2704 φῶς
686 2655 750 2704 οὐχ
772 2655 923 2705 ὁρῶντα,
943 2656 1003 2692 οὐκ
1031 2657 1078 2698 εἷς
1096 2655 1135 2693 τὸ

110 2712 230 2756 σκότος
250 2714 300 2751 δεῖ
319 2716 553 2765 ἀπενεχθῆναι
570 2713 684 2764 μόνον,
714 2712 803 2752 ἀλλὰ
820 2713 879 2750 καὶ
899 2713 1057 2752 καίεσθαι
1079 2715 1135 2754 διὰ

109 2774 257 2821 παντὸς,
277 2773 336 2812 καὶ
351 2774 538 2822 τήκεσθαι,
558 2774 618 2812 καὶ
644 2774 785 2826 βρύχειν
802 2773 880 2817 τοὺς
900 2774 1060 2823 ὀδόντας,
1077 2775 1136 2814 καὶ

113 2835 219 2888 μυρία
237 2835 338 2890 ἕτερα
354 2837 504 2888 πάσχειν
535 2836 640 2875 δεινοί.
665 2836 726 2882 Μὴ
749 2835 790 2883 δὴ
820 2836 1029 2889 περιίδωμεν
1059 2839 1138 2875 ἑαυ-

111 2896 208 2945 τοὺς,
227 2897 284 2935 διὰ
304 2900 365 2944 τῆς
382 2897 548 2951 βραχείας
569 2897 695 2944 ταύτης
715 2896 899 2950 ὀλιγωρίας
913 2897 973 2936 καὶ
990 2897 1136 2941 ἀνέσεως

112 2961 159 3003 εἷς
175 2958 311 2998 αἰώνιον
323 2960 558 3010 ἐμπίπτοντας
573 2959 730 3008 κόλασιν,
747 2959 836 2998 ἀλλὰ
850 2960 1137 3014 γρηγορήσωμεν,

111 3020 289 3072 νήψωμεν,
322 3021 438 3059 πάντα
462 3020 648 3074 πράξωμεν
678 3021 736 3059 καὶ
767 3020 1137 3074 πραγματευσώμεθα,

112 3083 202 3123 ὥστε
221 3085 352 3133 ἐκείνης
375 3092 490 3138 τυχεῖν
506 3089 568 3133 τῆς
588 3086 831 3134 ἀπολαύσεως,
860 3087 918 3124 καὶ
940 3087 1059 3140 πόρρω
1080 3105 1138 3140 γε·

113 3151 231 3190 νέσθαι
261 3157 321 3190 τοῦ
351 3158 512 3204 ποταμοῦ
536 3157 596 3193 τοῦ
615 3154 720 3206 πυρὸς
746 3158 805 3194 τοῦ
834 3156 1022 3208 συρομένου
1052 3157 1140 3208 μετὰ
1170 3155 1176 3160 ’

114 3223 240 3259 πολλοῦ
260 3221 370 3273 ῥοίζου
389 3221 456 3272 πρὸ
478 3225 538 3259 τοῦ
560 3221 716 3274 βήματος
732 3225 791 3261 τοῦ
813 3228 966 3276 φρικτοῧ.
987 3225 1057 3263 Τὸν
1074 3225 1140 3278 γὰρ

158 3343 173 3365 ¹¹
192 3341 299 3376 Aliiu'su
316 3359 359 3382 τις
376 3349 454 3388 εἴπῃ,
472 3351 568 3391 φησίν.

158 3394 283 3426 ¹:Mor-el
320 3399 469 3434 τοιούτων.
497 3397 600 3431 Savil.
627 3399 659 3431 in
679 3406 768 3430 textu
798 3401 946 3442 20:737qu
966 3401 998 3433 in
1019 3411 1122 3445 marg,

124 3450 274 3481 ,ετσύτω-ι.

1199 457 1318 505 ipsum
1348 456 1515 492 arbitror
1535 455 1719 491 mundum
1740 467 1875 504 capere
1909 466 1972 491 eos
1999 455 2066 504 qui
2093 455 2184 490 scri-
2199 447 2248 475 25.

1199 516 1316 553 bendi
1329 524 1417 553 sunt
1433 516 1566 564 libros)
1583 531 1591 552 z
1608 515 1699 566 haec,
1715 515 1876 567 inquam,
1894 514 2012 552 omnia
2028 513 2186 565 cogitans

1198 576 1415 614 exclamavit
1439 592 1447 612 :
1480 577 1658 614 Vidimus
1689 577 1855 629 gloriam
1887 578 1989 628 ejus,
2022 576 2188 627 gloriam

1198 639 1312 689 quasi
1330 639 1527 689 Unigeniti
1543 639 1710 687 aPatre,
1731 638 1891 688 plenum
1907 639 2041 690 gratioe
2057 645 2094 674 et
2119 651 2188 674 ve-

1199 703 1340 739 ritalis.
1361 699 1433 746 Qui
1453 713 1536 751 ergo
1559 709 1611 737 tot
1632 699 1862 752 spectaculis,
1886 698 2094 751 hujusmodi
2122 698 2190 736 do-

1199 764 1333 816 ctrina,
1357 773 1454 803 tanto
1472 778 1618 801 munere
1630 763 1769 815 dignati
1785 772 1881 814 sunt,
1907 763 2020 801 vitam
2042 761 2189 813 dogma-

1200 826 1296 865 tibus
1311 826 1458 877 dignam
1476 825 1671 863 exhibeant
1693 834 1850 878 oportet,
1876 834 1915 862 ut
1930 825 2002 862 illis
2026 825 2192 861 fruantur

1199 887 1315 924 bonis.
1332 887 1418 925 Ideo
1441 901 1593 937 namque
1615 886 1762 924 advenit
1781 885 1957 924 Dominus
1986 894 2103 923 noster
2132 886 2192 924 Je-

1200 963 1259 987 sus
1277 949 1461 999 Christus,
1482 963 1552 987 non
1566 949 1683 987 solum
1705 958 1745 987 ut
1761 948 1821 986 hie
1843 949 1918 1000 ejus
1938 947 2109 999 gloriam,
2130 947 2193 984 sed

1200 1010 1308 1047 etiam
1346 1019 1385 1048 ut
1416 1010 1575 1048 futuram
1606 1009 1807 1048 videamus.
1844 1010 2036 1062 Propterea
2069 1008 2165 1046 dixit
2184 1024 2191 1043 :

1203 1071 1302 1109 Volo
1324 1080 1365 1110 ut
1397 1073 1560 1109 abisam
1579 1085 1669 1123 ego,
1690 1079 1726 1109 et
1741 1072 1813 1122 ipsi
1839 1074 1937 1119 sint,
1966 1079 2006 1109 ut
2030 1070 2193 1108 videant
2208 1082 2296 1110 Joan.
2329 1092 2373 1120 ¹7·

1201 1133 1366 1185 gloriam
1387 1146 1524 1170 meam.
1547 1132 1657 1178 Quod
1689 1133 1719 1170 si
1740 1132 1818 1170 haee
1844 1131 1959 1184 gloria
1981 1140 2055 1168 tam
2077 1131 2193 1182 splen-
2211 1125 2259 1161 24·

1202 1192 1309 1244 dida,
1330 1202 1404 1233 tam
1420 1193 1609 1246 conspicua
1621 1193 1703 1244 fuit,
1724 1193 1816 1244 quid
1832 1193 1878 1231 de
1890 1193 1953 1230 illa
1969 1191 2195 1230 dixerimus?

1204 1255 1234 1291 N
1239 1268 1283 1291 on
1306 1254 1401 1291 enim
1419 1254 1454 1291 in
1479 1263 1573 1292 terra
1587 1254 1807 1306 corruptioni
1826 1255 1981 1292 obnoxia
1996 1253 2195 1301 videbitur,

1204 1329 1273 1352 non
1296 1315 1398 1353 nobis
1422 1314 1458 1352 in
1478 1315 1577 1353 fluxo
1605 1329 1752 1367 corpore
1782 1315 2027 1365 manentibus,
2061 1314 2124 1352 sed
2160 1314 2197 1351 in

1204 1376 1398 1415 immortali
1412 1386 1445 1414 et
1458 1386 1628 1429 perpetua
1642 1386 1817 1428 creatura,
1832 1386 1865 1415 et
1878 1392 1959 1415 cum
1972 1386 2069 1415 tanto
2082 1377 2198 1428 splen-

1206 1439 1312 1489 dore,
1337 1448 1377 1476 ut
1394 1439 1494 1477 nullo
1516 1439 1628 1491 possit
1646 1440 1820 1492 explicari
1846 1454 2017 1477 sermone.
2035 1440 2067 1477 Ο
2084 1439 2195 1488 beati,

1205 1509 1258 1537 ter
1281 1500 1397 1550 beati,
1414 1499 1616 1551 saepiusque
1629 1500 1744 1550 beati,
1767 1500 1830 1550 qui
1859 1500 1983 1551 gloriae
2000 1500 2098 1537 illius
2120 1514 2199 1551 spe-

1205 1570 1355 1599 ctatores
1377 1575 1450 1599 esse
1461 1560 1726 1611 dignabuntur!
1744 1562 1798 1598 De
1808 1561 1876 1598 hac
1889 1561 2062 1612 propheta
2084 1560 2195 1598 dicit:

1208 1623 1374 1660 Tollatur
1390 1621 1543 1673 impius,
1566 1635 1610 1658 ne
1624 1621 1746 1660 videat
1765 1621 1919 1672 gloriam
1945 1621 2107 1659 Domini.
2128 1621 2199 1659 Sed
2216 1635 2400 1663 lsai.26.1o.

1205 1683 1318 1733 absit,
1340 1692 1380 1720 ut
1396 1681 1525 1733 aliquis
1548 1691 1710 1720 nostrum
1738 1683 1904 1733 tollatur,
1934 1697 1977 1720 ne
2004 1683 2104 1720 illam
2133 1697 2199 1720 un·
2215 1676 2244 1704 ¹7¹
2264 1678 2376 1704 ‘’7⁷⁸0’-

1207 1760 1315 1796 quam
1336 1744 1471 1783 videat.
1497 1744 1575 1783 Nisi
1592 1744 1687 1783 enim
1703 1745 1805 1782 illam
1826 1745 2079 1795 consequuturi
2109 1759 2200 1782 esse-

1205 1821 1305 1855 mus,
1332 1815 1531 1858 opportune
1548 1821 1568 1843 a
1591 1806 1694 1844 nobis
1720 1805 1900 1843 (liceretur
1923 1821 1931 1842 ε
1958 1806 2099 1843 Bonum
2126 1815 2202 1843 erat

1205 1869 1320 1919 nobis,
1350 1870 1380 1907 si
1403 1869 1476 1907 nati
1505 1883 1574 1907 non
1601 1870 1804 1908 fuissemus.
1829 1870 1922 1907 Nam
1935 1883 1999 1907 cur
2016 1869 2195 1917 vivimus,

1205 1945 1269 1968 cur
1292 1931 1534 1983 respiramus?
1568 1930 1658 1981 quid
1689 1945 1832 1981 sumus,
1858 1931 1888 1969 si
1921 1931 1985 1968 illo
2014 1930 2201 1982 privemur

1205 1993 1373 2045 aspectu?
1391 1993 1420 2030 si
1433 1992 1630 2031 Dominum
1652 2002 1813 2031 nostrum
1823 2007 1926 2031 nemo
1941 1992 2111 2031 concedat
2126 2007 2194 2031 un-

1205 2070 1315 2106 quam
1332 2054 1481 2094 videre?
1500 2055 1594 2092 Nam
1610 2054 1640 2092 si
1659 2055 1725 2106 qui
1747 2055 1898 2093 solarem
1921 2056 2039 2092 lucem
2056 2068 2126 2092 non
2142 2054 2198 2092 vi-

1205 2118 1310 2168 dent,
1336 2126 1450 2156 morte
1466 2116 1688 2155 miseriorem
1706 2116 1821 2155 vitam
1846 2117 1999 2168 degunt3
2023 2117 2114 2168 quid
2141 2131 2199 2155 cos

1206 2179 1344 2232 perpeti
1363 2178 1507 2229 credas,
1529 2178 1593 2229 qui
1611 2178 1672 2215 tali
1686 2178 1766 2216 luce
1780 2178 1996 2231 privantur?
2020 2178 2089 2216 Hic
2105 2178 2200 2216 enim

1206 2241 1379 2279 damnum
1401 2241 1438 2278 in
1454 2241 1521 2278 hos
1543 2254 1614 2278 uno
1633 2249 1783 2290 constat,
1800 2240 1875 2277 illic
1890 2255 1976 2279 vero
1998 2254 2067 2278 non
2087 2240 2172 2278 item
2188 2256 2196 2277 :

1205 2301 1371 2353 quamvis
1394 2301 1423 2339 si
1441 2300 1535 2339 illud
1547 2301 1663 2339 solum
1678 2301 1815 2339 adesset
1826 2301 1932 2351 mali,
1951 2314 2020 2338 non
2039 2315 2105 2353 par
2118 2315 2198 2338 cru-

1205 2365 1318 2404 ciatus
1335 2373 1443 2415 esset,
1460 2363 1523 2402 sed
1539 2372 1636 2401 tanto
1652 2364 1815 2414 gravior,
1833 2372 1965 2413 quanto
1980 2363 2033 2399 sol
2051 2362 2113 2400 ille
2129 2363 2197 2401 hoc

1206 2435 1325 2465 nostro
1338 2425 1563 2478 praestantior
1580 2433 1654 2462 est:
1679 2438 1806 2462 verum
1821 2424 1922 2461 aliud
1944 2438 2086 2474 quoque
2110 2438 2196 2476 sup-

1205 2487 1358 2540 plicium
1369 2484 1649 2537 exspectandum
1660 2493 1722 2521 est.
1736 2485 1829 2521 Nam
1843 2483 1872 2521 is
1885 2484 1948 2534 qui
1961 2485 2079 2522 lucem
2094 2484 2197 2524 illam

1206 2562 1276 2586 non
1293 2547 1439 2599 aspicit,
1468 2560 1538 2583 non
1562 2545 1599 2582 in
1622 2545 1782 2583 tenebras
1800 2545 2032 2584 abducendus
2057 2555 2197 2584 tantum

1207 2617 1277 2657 est,
1303 2607 1366 2645 sed
1380 2615 1552 2659 perpetuo
1571 2606 1854 2657 comburendus,
1887 2607 1937 2645 ita
1954 2616 1994 2644 ut
2017 2608 2194 2656 tabescat,

1209 2669 1376 2707 dentibus
1416 2667 1584 2717 strideat,
1621 2667 1887 2719 innumerisque
1914 2669 1995 2706 aliis
2014 2670 2198 2708 tormentis

1209 2730 1446 2769 excrucietur.
1474 2731 1526 2767 Ne
1554 2729 1674 2780 itaque
1696 2730 1847 2768 salutem
1869 2740 2025 2768 nostram
2043 2731 2092 2769 ita
2115 2746 2197 2769 con-

1208 2803 1427 2843 temnamus,
1449 2801 1490 2830 ut
1517 2807 1581 2845 per
1601 2792 1806 2831 brevissimi
1823 2795 1993 2846 temporis
2016 2794 2197 2846 negligen-

1209 2856 1297 2894 tiam
1308 2865 1414 2906 atque
1425 2854 1614 2905 desidiam,
1630 2854 1665 2892 in
1678 2864 1849 2893 aeternum
1865 2856 2097 2908 conjiciamur
2113 2870 2197 2909 sup—

1211 2918 1381 2972 plicium,
1401 2917 1464 2956 sed
1483 2918 1693 2970 vigilemus,
1719 2919 1830 2957 sobrii
1852 2919 1983 2970 simus,
2010 2920 2103 2958 nihil
2127 2934 2197 2958 non

1211 2994 1358 3032 agamus
1377 2988 1411 3018 et
1433 2993 1635 3032 operemur,
1661 2989 1701 3017 ut
1730 2980 1804 3018 illis
1820 2981 1982 3019 fruamur
2008 2982 2131 3031 bonis,
2157 2996 2198 3020 ac

1211 3042 1337 3094 procul
1350 3041 1462 3079 simus
1480 3041 1525 3078 ab
1538 3040 1601 3078 illo
1623 3041 1736 3079 fluvio
1755 3041 1878 3093 igneo,
1902 3042 1963 3093 qui
1989 3057 2071 3080 cum
2085 3044 2198 3081 multo

1212 3104 1350 3154 fragore
1371 3103 1458 3140 fluet
1478 3111 1558 3140 ante
1573 3102 1732 3140 tribunal
1748 3103 1980 3142 horrendum.
2004 3104 2075 3151 Qui
2093 3106 2200 3143 semel

1212 3166 1274 3204 illo
1292 3165 1477 3216 inciderit,
1499 3165 1550 3202 ihi
1572 3174 1744 3218 perpetuo
1767 3176 1906 3205 maneat
1928 3177 2080 3219 oportet,
2098 3182 2201 3207 nemo

1213 3226 1280 3264 erit
1297 3226 1360 3278 qui
1376 3241 1396 3264 a
1408 3225 1586 3279 supplicio
1600 3226 1748 3279 eripiat,
1763 3240 1833 3265 non
1851 3237 1964 3280 pater,
1981 3242 2049 3266 non
2071 3238 2198 3279 mater,

1238 3349 1254 3373 d
1272 3349 1327 3382 Sic
1344 3347 1446 3382 Savil.
1474 3355 1507 3380 et
1531 3347 1597 3379 alii.
1617 3348 1732 3381 Morel.
1757 3352 1792 3387 ὡς
1817 3354 1973 3395 μακάρεοι.
2002 3350 2122 3393 [Supra
2151 3361 2204 3390 τῆς

1192 3408 1269 3433 ante
1283 3405 1495 3445 λαμπρότητος
1507 3399 1538 3432 in
1552 3399 1652 3433 Sar-il.
1672 3408 1705 3432 ct.
1717 3399 1825 3432 codd.
1840 3403 1895 3433 cit.
1913 3403 2204 3445 0111issum.]1nsffl

1192 3452 1306 3485 ΜΟΓΕῘΔ
1329 3459 1396 3499 περὶ
1414 3457 1520 3491 ταῦτ-’,ς
1537 3459 1615 3496 βοῶν
1630 3457 1643 3487 ὁ
1661 3467 1750 3499 πίοορ.
