2481 3678
729 184 768 212 IN
808 181 1015 212 JOANNEM
1052 177 1206 207 HOMH..

108 275 165 312 διὰ
193 273 227 313 δὲ
252 272 313 320 τὴν
331 275 389 311 τοῦ
408 269 547 322 Πατρος
567 267 712 320 δυναμιν
733 269 768 305 ἐν
785 265 956 318 ἀσφαλεία
980 262 1024 300 τὰ
1043 260 1128 313 πρό-

108 335 230 373 Zarot'
215 350 320 382 εστιν,
347 332 541 384 ἐπήγαγεν·
563 329 658 382 Εγι)
672 345 731 367 και
758 332 775 366 ο
800 326 956 378 Πατὴρ(
946 323 980 362 ε’ν
1004 325 1127 373 ἐσμεν·

107 395 233 434 ι’)σανει
252 394 392 469 ἔλεγεν,
419 394 456 431 οὐ
479 391 535 430 διὰ
558 407 659 429 τουτο
681 395 788 437 εἶπον,
817 389 869 428 ὅτι
891 385 947 425 διὰ
974 401 1031 422 τον
1054 384 1130 420 Πα-

106 456 189 509 τέρα
207 455 314 499 οὐδεὶς
331 453 417 493 αὐτὰ
437 453 603 506 ἁρπάζει,
621 455 666 496 ὡς
693 452 792 494 αὐτὸς
814 451 963 488 ἀσθενῶν
978 448 1129 498 τηρῆσαι

107 516 150 555 τὰ
166 516 339 570 πρόὸατα.
357 514 453 566 Ἔγω
474 514 541 567 γὰρ
561 530 620 552 και
642 517 659 552 ὁ
680 512 806 566 Πατὴρ
834 510 868 548 ἕν
886 512 1008 558 ἐσμεν·
1040 501 1130 541 κατὰ

105 577 168 624 τὴν
197 576 341 627 δύναμιν
362 578 508 614 ἐνταῦθα
523 575 649 626 λέγων·
680 575 738 613 καὶ
758 573 825 624 γὰρ
844 585 924 622 περι
942 582 1069 612 ταυτης
1087 582 1129 612 ‘W

105 642 123 677 ὅ
150 637 282 688 λογος’
269 636 360 681 ἄπας
381 639 483 675 αὐτῶ.
517 639 560 675 Εἰ
591 636 626 674 δὲ
641 639 663 682 ἡ
684 634 826 685 δύναμις
843 635 866 678 ἡ
888 628 996 676 αὕτη,
1025 627 1129 673 εὔδη-

107 701 164 737 λον
195 698 248 737 ὅτι
281 699 342 737 καὶ
375 703 397 746 ἡ
427 696 699 742 οὔσία.Ἐπειδὴ
722 695 789 747 γὰρ
810 691 918 746 μυρία
947 689 1082 728 ἐποίουν
1101 691 1132 727 οἱ

108 761 287 808 Ἰουδαῖοι,
302 759 542 798 ἐπιδουλεύοντ
545 753 897 830 ες,ἀποσυναγώγους
932 756 1130 798 ποιοῦντες,

107 821 224 873 λέγει,
245 821 297 859 ὅτι
316 822 430 860 πάντα
459 822 572 862 αὐτοῖς
605 820 679 869 εἷκῃ
700 816 759 854 καὶ
785 815 897 866 μάτην
927 812 1132 888 μεμηχάνη-

106 898 176 920 ται.
195 882 256 920 Εν
277 883 343 935 γὰρ
369 885 410 933 τῇ
439 896 531 933 χειρι
546 896 604 918 του
624 876 763 930 Πατρός
792 892 856 927 μου
884 875 957 913 ἐστὶ
984 873 1028 911 τὰ
1050 872 1133 924 πρό-

108 943 216 991 ὅατα,
245 959 363 995 ωσπερ
392 946 409 980 ὁ
433 940 612 994 προφήτης
641 938 752 989 λέγει·
789 937 850 975 Ἐν
882 939 924 987 τῇ
954 934 1045 988 χειρί
1069 950 1133 985 μου

108 1003 339 1056 ἐζωγράφησά
372 1019 431 1042 σου
452 1001 496 1040 τὰ
520 1001 633 1054 τείγη.
654 994 743 1039 Εἶτα
764 998 895 1042 δεικνυς
925 998 1006 1049 μίαν
1029 1001 1132 1036 οὖσαν

107 1065 168 1112 τὴν
184 1071 307 1118 χεῖρα,
331 1063 415 1103 ποτὲ
445 1063 506 1115 μὲν
534 1080 653 1111 αυτου,
673 1061 755 1101 ποτὲ
786 1061 820 1100 οὲ
846 1077 905 1098 του
925 1059 1064 1112 Πατρος
1081 1062 1133 1095 εἰ-

107 1127 163 1165 ναί
192 1143 294 1179 φησιν
316 1126 434 1174 αὐτήν.
450 1126 598 1179 Χεῖρα
580 1125 615 1163 οὲ
647 1124 726 1162 ὅταν
748 1123 917 1174 ἀκούσῃς,
948 1121 1054 1172 μηοεν
1082 1123 1134 1158 αἰ-

109 1188 232 1235 σθητον
250 1187 414 1240 νομίσῃς,
444 1187 534 1226 ἀλλὰ
563 1203 624 1233 την
647 1185 805 1235 ουναμιν,
821 1184 883 1230 τὴν
905 1182 1072 1227 ἐξουσίαν.
1091 1183 1137 1220 Εἰ

109 1248 179 1280 RQ&

109 1265 144 1287 οε
161 1248 218 1287 οιὰ
247 1266 348 1289 τουτο
377 1248 484 1293 οὖδεις
518 1247 722 1324 ’,ἥρπαζενᾙΙ
701 1263 754 1286 οτι
783 1245 883 1285 αὐτον
905 1245 1112 1296 ἐνεδυνάμου
1127 1272 1136 1289 ,
1150 1272 1197 1298 36⁷

1374 158 1434 203 al.
1476 173 1527 201 li(
2090 155 2179 213 417

1202 259 1286 308 Ego
1308 265 1343 294 et
1364 258 1486 293 Pater
1507 267 1624 292 ιιηιιηι
1647 267 1792 297 ςιιηιιις,ι
1813 266 1853 289 ae
1880 251 1908 289 si
1934 250 2077 300 diceret,
2105 252 2181 288 lN'on

1202 316 1280 353 ideo
1294 315 1396 364 dixi,
1416 316 1461 353 ob
1477 314 1592 352 Patris
1618 313 1810 366 potentiam
1838 312 2015 350 neminem
2035 325 2091 348 eas
2113 325 2184 349 esse

1202 385 1409 428 rapturum,
1439 376 1539 426 quasi
1570 375 1648 413 illas
1674 388 1738 425 ego
1770 386 1907 412 servare
1938 386 2006 409 non
2036 372 2182 410 valeam.

1202 439 1292 476 Nam
1314 439 1398 489 EgO
1415 446 1450 475 et
1467 440 1587 475 Pater
1613 451 1731 474 unum
1756 449 1902 479 smnus,-
1920 432 1958 471 id
1973 442 2042 482 cst,
2063 447 2184 471 secun-

1201 499 1288 536 dum
1315 499 1531 551 potentiam:
1553 513 1636 537 nam
1663 498 1707 536 de
1735 497 1797 536 illa
1820 496 1879 534 hie
1902 509 2017 533 sermo
2041 505 2125 532 erat.
2148 496 2186 533 Si

1202 570 1322 598 autem
1339 560 1461 598 eadem
1481 570 1530 598 est
1550 559 1724 613 potentia,
1741 559 1860 612 palam
1875 567 1925 596 est
1939 556 2098 595 eamdem
2115 572 2187 595 csse

1201 622 1446 661 substantiam.
1480 623 1571 661 Cum
1601 622 1694 660 enim
1729 621 1842 659 multa
1868 621 2021 658 facerent
2047 618 2184 667 Judaei,

1248 175 1335 204 th.

1157 692 1180 721 E
1202 683 1348 721 insidias
1368 693 1548 735 pararent,
1563 692 1663 721 extra
1679 696 1897 735 synagogam
1912 681 2089 733 ejicerent,
2101 679 2188 717 dicit

1202 745 1282 782 illos
1309 745 1427 782 omnia
1458 746 1634 783 incassum
1662 744 1880 782 machinatos
1917 757 2001 780 esse.
2041 743 2132 780 Nam
2153 741 2187 778 in

1203 820 1310 843 manu
1331 806 1446 844 Patris
1466 806 1535 844 mei
1552 816 1634 844 sunt
1649 820 1743 855 oveS,
1760 814 1798 842 ut
1818 805 1989 857 propheta
2011 802 2097 840 dicit
2114 819 2120 839 :
2142 804 2189 839 In
2208 813 2389 853 l.5a1·.49.1c‚·

1204 882 1323 920 marku
1351 884 1436 907 mea
1461 871 1618 921 depinxi
1650 882 1778 906 muros
1802 877 1898 905 tuos.
1928 865 2065 904 Deinde
2085 880 2191 903 uuam

1203 944 1276 968 esse
1299 945 1445 968 manum
1470 930 1673 980 ostendens,
1693 930 1794 967 illam
1815 928 1923 967 modo
1945 942 2063 976 suam,
2086 927 2192 965 modo

1204 991 1320 1029 Patris
1350 1005 1422 1029 esse
1446 991 1547 1029 dicit.
1577 992 1668 1029 Cum
1695 1005 1842 1028 manum
1862 989 1985 1039 audis,
2008 989 2099 1026 nihil
2118 1002 2194 1026 sen-

1205 1052 1269 1090 sile
1299 1053 1450 1104 cogites,
1477 1052 1539 1091 sed
1562 1053 1752 1103 virtutem,
1772 1052 1976 1104 potentiam.
2007 1051 2046 1089 Si
2075 1059 2193 1089 autem

1207 1129 1307 1153 nemo
1327 1115 1459 1167 rapuit,
1474 1115 1558 1166 quia
1572 1117 1676 1153 Pater
1693 1115 1761 1153 sibi
1771 1124 1979 1167 potestatem
1992 1113 2191 1162 indidisset,

1207 1179 1427 1230 superfluum
1449 1179 1571 1217 fuisset
1590 1177 1719 1216 addere
1733 1210 1742 1227 ,
1762 1180 1847 1230 Ego
1872 1187 1909 1215 et
1933 1179 2054 1215 Pater
2074 1191 2195 1214 unum

1207 1253 1349 1278 sumus.
1371 1241 1462 1278 Nam
1492 1240 1520 1277 si
1556 1240 1672 1277 min01
1690 1239 1804 1277 Filius
1835 1248 1948 1288 esset,
1969 1238 2195 1276 temerarium

109 1327 269 1363 περιττθν
289 1315 330 1358 ἣν
352 1328 391 1349 το
411 1310 487 1357 ἓξῆς
501 1311 621 1357 εἰπεῖν,
644 1308 739 1359 Ἐγὼ
769 1307 827 1345 καὶ
849 1310 866 1345 ὃ
887 1305 1049 1360 Πατ>ρ’
1030 1323 1066 1344 εν
1083 1309 1137 1345 5³0--
1162 1308 1187 1337 A
1208 1310 1294 1339 esset
1312 1301 1461 1339 dictum.
1483 1302 1584 1339 Nihil
1604 1315 1661 1339 eei
1665 1310 1696 1339 te
1711 1300 1809 1339 aliud
1824 1301 1992 1351 declalat,
2009 1314 2116 1352 qnam
2133 1314 2195 1352 po-

111 1387 186 1422 μεν.
214 1373 258 1409 Ei
291 1371 358 1426 γὰρ
395 1372 547 1409 ἐλάττων
583 1374 638 1418 ἠν,
661 1371 792 1415 πολλῆς
813 1384 912 1407 τουτο
939 1367 1070 1418 τόλμης
1098 1368 1138 1405 τὸ

111 1435 218 1484 ῥῆμα.
239 1433 348 1470 Οὐδὲν
365 1432 433 1485 γὰρ
449 1432 564 1484 ἕτερον
579 1430 600 1477 ἢ
617 1432 655 1469 τὸ
670 1433 732 1477 τῆς
746 1430 924 1480 δυνάμεως
941 1429 1137 1467 ἰσοστάσιον

110 1492 277 1531 δείκνυσιν
291 1508 298 1516 ·
318 1492 428 1545 ἃὸπερ
449 1486 505 1532 οὖν
528 1492 588 1530 καὶ
607 1491 769 1530 Ἰουδαῖοι
799 1490 988 1532 συνειδότες
1001 1520 1010 1537 ,
1032 1488 1139 1532 λίθοις

110 1553 210 1592 αὐτὸν
230 1554 366 1593 ἔὸαλον.
386 1554 476 1593 Ἀλλ’
499 1553 574 1593 οὐδὲ
596 1552 685 1591 οὕτω
706 1553 844 1591 καθεῖλε
859 1552 921 1599 τὴν
944 1550 1043 1595 δόξαν
1055 1550 1138 1589 ταύ-

109 1631 170 1663 την
191 1615 250 1654 καὶ
270 1615 331 1663 τὴν
351 1615 527 1655 ὑπόνοιαν.
548 1614 619 1654 Καὶ
638 1613 706 1665 μὴν
726 1615 755 1651 εἷ
776 1615 893 1656 κακῶς
909 1610 1139 1651 ὑπώπτευσαν

111 1680 251 1726 ἐκεῖνοι,
271 1676 338 1715 ἔδει
361 1677 545 1731 διορθῶσαι
561 1675 620 1714 καὶ
639 1678 745 1715 εἰπεῖν
760 1690 767 1698 ·
791 1675 881 1718 τίνος
901 1674 1012 1712 ἕνεκεν
1031 1677 1141 1712 ταῦτα

110 1745 259 1787 ποιεῖτε,
286 1740 348 1777 οὐκ
372 1737 448 1785 ἴσην
470 1740 655 1792 μαρτυρῶν
676 1737 753 1788 ἐμοὶ
768 1737 828 1775 καὶ
847 1739 896 1788 τῷ
910 1735 1025 1789 Πατρὶ
1041 1735 1140 1773 δύνα-

113 1817 172 1852 μιν
197 1800 307 1839 ταῦτα
327 1793 421 1839 εἶπον
450 1798 530 1851 ἐγώ.
560 1802 630 1839 Νῦν
655 1797 690 1836 δὲ
712 1804 780 1836 πᾶν
808 1796 1003 1836 τούναντίον
1023 1801 1140 1843 ποιεῖ,

113 1864 172 1901 καὶ
205 1861 324 1909 ἵστησι
350 1861 412 1908 τὴν
445 1860 620 1909 ὑπόνοιαν,
640 1860 699 1899 καὶ
720 1865 920 1912 συγκροτεῖ,
951 1858 1010 1896 καὶ
1032 1863 1141 1897 ταῦτα

113 1923 348 1978 ἀγριουμένων
366 1922 517 1962 ἐκείνων.
539 1925 592 1962 Οὐ
623 1921 690 1976 γὰρ
727 1923 949 1972 ἀπολογεῖται
967 1918 1053 1973 ὑπὲρ
1073 1922 1141 1957 τῶν

113 1984 302 2038 εἰρημένων
341 1988 388 2029 ὡς
419 1987 535 2027 κακῶς
560 1983 766 2036 λεχθέντων,
787 1980 877 2020 ἀλλὰ
913 1980 974 2020 καὶ
1004 1980 1144 2025 ἐκείνοις

112 2049 280 2099 ἐπιτιμᾷ,
296 2050 342 2090 ὡς
365 2046 413 2098 μὴ
435 2045 498 2093 τὴν
518 2044 787 2099 ι’προσήκουσαν
809 2044 907 2089 δόξαν
925 2044 1043 2097 ἔχουσι
1063 2044 1143 2097 περὶ

114 2109 231 2146 αὐτοῦ.
250 2107 398 2155 Ἐπειδὴ
414 2107 481 2160 γὰρ
498 2107 628 2159 ἔλεγον,
648 2106 702 2145 ὅτι
722 2106 811 2159 Περὶ
834 2108 941 2145 καλοῦ
975 2106 1073 2159 ἔργου
1105 2107 1141 2144 οὔ

113 2169 296 2220 λιθάζομέν
309 2186 367 2216 σε,
388 2168 479 2207 ἀλλὰ
496 2168 576 2222 περὶ
591 2167 814 2221 βλασφημίας
828 2198 837 2216 ,
860 2167 918 2206 καὶ
936 2167 987 2206 ὅτι
1008 2167 1140 2220 ἄνθρω-

112 2247 177 2275 πος
209 2231 256 2269 ὢν
281 2236 391 2274 ποιεῖς
420 2230 562 2268 σεαυτὸν
590 2230 696 2277 Θεὸν,
719 2230 865 2269 ἄκουσον
893 2229 928 2267 τί
951 2245 1072 2282 φησιν·
1098 2231 1142 2268 Εἰ

113 2291 261 2335 ἐκείνους
300 2286 394 2330 εἶπεν
430 2295 451 2339 ἡ
486 2289 610 2343 Γραφὴ
645 2290 759 2339 θεοὺς,
792 2291 877 2344 πρὸς
909 2290 964 2335 οὒς
993 2294 1011 2330 ὃ
1042 2291 1142 2342 λόγος

112 2359 172 2392 τοῦ
202 2355 293 2392 Θεοῦ
334 2353 489 2406 ἐγένετο,
512 2355 587 2396 πῶς
614 2355 710 2403 ὑμεῖς
742 2351 862 2404 λέγετε
890 2351 943 2391 ὅτι
981 2353 1142 2404 βλασφη-

114 2419 191 2466 yffi,
206 2415 258 2453 ὅτι
286 2409 393 2463 εἷπον,
410 2415 493 2459 Υἱὸς
521 2416 613 2453 Θεοῦ
635 2416 725 2464 εἰμι,
742 2413 791 2452 “O
814 2413 849 2452 δὲ
868 2413 973 2466 λέγει,
989 2414 1140 2453 τοιοῦτόν

115 2480 227 2515 ἐστιν·
264 2492 293 2514 ει
318 2493 348 2514 οι
367 2476 487 2528 *χάριτι
504 2490 605 2514 τουτο
631 2475 817 2523 λαὸόντες,
835 2491 896 2514 ουκ
916 2477 1142 2526 ἓγκαλοῦνται

115 2537 209 2581 θεους
236 2536 373 2580 ἑαυτους
389 2538 593 2580 καλουντες·
619 2538 635 2574 ὃ
659 2552 701 2587 τῃ
723 2551 823 2587 <pus-v.
835 2552 936 2575 τουτο
951 2535 1053 2589 ἔχων,
1070 2553 1143 2580 πως

117 2616 155 2637 αν
179 2599 231 2646 εἴη
250 2598 409 2642 δίκαιοςΕ
397 2601 644 2648 επιτιμασθαι,
660 2596 750 2635 Ἀλλ’
773 2596 862 2635 ου’τω
880 2596 941 2648 μὲν
957 2613 1017 2636 ουκ
1032 2601 1142 2645 εἶπεν,

116 2660 257 2713 υστερον
275 2659 309 2698 δὲ
335 2659 417 2697 αυτὸ
436 2657 685 2706 κατεσκεύασε,
707 2657 872 2710 πρότερον
899 2657 1058 2709 χαλάσας
1084 2658 1143 2696 καὶ

117 2721 278 2773 καθυφεὶς
296 2723 345 2774 τῷ
362 2720 472 2772 λόγῳ,
502 2719 561 2758 καὶ
582 2717 705 2757 εἰπών·
727 2717 794 2757 ὓΟν
818 2721 835 2756 ὃ
865 2718 994 2772 Πατὴρ
1019 2718 1143 2771 ἡγίασε

117 2783 176 2822 καὶ
199 2783 396 2822 ἀπέστειλε·
421 2781 479 2820 καὶ
507 2779 848 2834 παραμυθησάμενος
870 2783 981 2818 αὐτῶν
1001 2781 1058 2819 τὸν
1087 2784 1143 2818 θυ-

120 2845 196 2894 μὸν,
214 2844 292 2882 τότε
311 2843 434 2895 ἐπάγει
468 2846 560 2894 σαφῆ
582 2841 645 2889 τὴν
669 2841 855 2894 ἀπόφασιν.
876 2842 974 2885 Τέως
999 2842 1059 2893 μὲν
1077 2842 1144 2894 γὰρ

119 2905 209 2943 ὥστε
244 2905 406 2956 δεχθῆναι
450 2904 507 2943 τὸν
541 2903 661 2956 λόγον,
693 2903 934 2955 ταπεινότερον
966 2903 1142 2955 διελέχθη’

120 2965 260 3017 ὕστερον
281 2965 316 3003 δὲ
346 2965 403 3003 ἐπὶ
431 2966 470 3004 τὸ
506 2967 617 3015 μεῖζον
639 2965 738 3003 αὐτὸν
761 2965 946 3017 ἀνήγαγεν,
969 2964 1073 3009 οὕτως
1099 2968 1144 3003 εἷ-

122 3025 195 3065 πών
210 3041 217 3049 ·
238 3028 282 3064 Ei
304 3025 351 3078 μὴ
371 3029 460 3064 ποιῶ
479 3025 524 3064 τὰ
548 3025 633 3078 ἔργα
651 3029 710 3064 τοῦ
740 3025 880 3078 Πατρός
905 3042 991 3076 μου,
1016 3026 1063 3076 μὴ
1088 3042 1145 3063 πι-

123 3087 258 3126 στεύετέ
279 3103 348 3138 μοι·
374 3089 403 3125 εἰ
425 3086 460 3125 δὲ
484 3089 591 3135 ποιῶ,
610 3086 673 3125 κᾶν
694 3086 771 3138 ἐμοὶ
790 3088 826 3125 οὐ
847 3086 1050 3134 πιστεύητε,
1076 3093 1144 3130 τοῖς

123 3149 234 3201 ἔργοις
267 3165 332 3199 μου
357 3147 576 3186 πιστεύσατε.
594 3147 704 3199 εΟρᾷς
725 3150 798 3191 πῶς
819 3151 919 3186 τοῦτο
939 3147 1024 3200 ὅπερ
1050 3142 1144 3186 εἷπον

124 3210 394 3257 κατασκευάζει,
431 3208 483 3247 ὅτι
521 3211 568 3253 εἷς
599 3208 692 3248 οὐδέν
726 3211 817 3248 ἐστιν
849 3208 999 3247 ἐλάττων
1022 3211 1145 3257 αὐτοῦ,

172 3362 185 3376 ²
209 3350 269 3384 Alii
285 3355 357 3397 ὅπερ
379 3350 512 3386 Ϊουῦαῐοε.

1207 1362 1324 1400 tentiae
1351 1363 1611 1413 aequalitatem:
1628 1362 1723 1413 quod
1757 1377 1837 1400 cum
1870 1364 1891 1402 J
1896 1362 1988 1400 udan
2022 1361 2196 1413 intellige-

1208 1433 1285 1461 rent
1292 1424 1500 1475 ,lapidibus
1530 1424 1649 1475 ipsum
1676 1424 1906 1476 impetebant.
1932 1424 2053 1474 Neque
2082 1433 2196 1461 tamen

1210 1484 1271 1522 ille
1286 1484 1378 1522 hanc
1400 1485 1534 1523 amovit
1555 1485 1770 1537 opinionem.
1790 1485 1897 1535 Atqui
1916 1486 1945 1523 si
1962 1485 2001 1522 id
2015 1486 2103 1523 falso
2123 1485 2198 1537 opi-

1212 1546 1284 1583 nati
1306 1547 1477 1597 fuissent,
1495 1547 1575 1585 illos
1601 1546 1787 1585 emendare
1808 1547 1966 1599 oportuit
1995 1562 2036 1585 ac
2061 1548 2198 1585 dicere:

1213 1608 1286 1645 Cur
1301 1608 1369 1646 hoc
1392 1609 1530 1646 facitis?
1549 1623 1617 1647 non
1638 1609 1715 1647 haec
1735 1608 1832 1657 dixi,
1851 1618 1889 1646 ut
1907 1623 2031 1662 parem
2049 1620 2201 1662 paternae

1213 1683 1327 1707 meam
1341 1670 1535 1722 potentian]
1554 1669 1758 1708 indicarem.
1779 1671 1883 1709 Nune
1903 1680 2044 1721 contra,
2066 1670 2138 1709 illis
2154 1673 2203 1710 se-

1212 1731 1443 1782 rocientibus,
1458 1731 1556 1768 illam
1578 1731 1781 1784 opinionem
1800 1732 1987 1770 confirmat
2007 1742 2040 1770 ct
2064 1733 2199 1784 probat.

1212 1793 1289 1830 Non
1311 1807 1384 1831 sese
1402 1803 1545 1845 purgat,
1566 1802 1604 1831 ut
1622 1794 1685 1844 qui
1706 1794 1799 1831 male
1818 1802 1850 1831 et
1865 1793 1952 1831 falso
1966 1793 2116 1844 dixerit,
2131 1795 2203 1832 imo

1211 1854 1291 1892 illos
1324 1854 1503 1907 increpat,
1526 1864 1565 1893 ut
1591 1855 1652 1906 qui
1694 1869 1762 1893 uon
1797 1866 2063 1894 consentaneam
2093 1856 2137 1894 de
2169 1872 2204 1894 se

1213 1916 1366 1955 habeant
1382 1919 1598 1970 opinionem,
1623 1919 1713 1956 Cum
1740 1919 1835 1957 enim
1858 1918 2014 1957 dicerent
2030 1936 2037 1956 :
2053 1920 2119 1958 55.
2143 1921 2203 1957 De

1168 1986 1190 2015 B
1217 1981 1316 2017 bono
1340 1993 1449 2031 opere
1471 1994 1549 2017 non
1570 1981 1790 2032 lapidamus
1808 1980 1943 2031 te,3sed
1957 1982 2004 2018 de
2024 1982 2202 2033 blasphe-

1216 2044 1294 2079 mia
1307 2071 1318 2088 ,
1354 2050 1390 2079 et
1426 2044 1518 2094 quia
1548 2043 1661 2079 homo
1694 2056 1780 2079 cum
1813 2045 1866 2080 sis
1880 2044 2010 2096 ,facis
2043 2046 2203 2095 teipsum

1217 2104 1343 2140 Deum
1349 2119 1364 2148 ,-
1384 2102 1470 2140 audi
1489 2103 1579 2154 quid
1599 2102 1694 2141 dicat
1710 2119 1717 2139 τ
1734 2102 1798 2141 55.
1820 2103 1861 2142 Si
1880 2105 1970 2142 illos
1987 2105 2079 2142 dicit
2103 2105 2203 2142 Scri—

1211 2174 1329 2217 ptura
1362 2166 1465 2212 deos,
1495 2165 1549 2203 ad
1577 2178 1672 2217 quos
1706 2179 1829 2204 sermo
1860 2167 2083 2219 Dei-factus
2118 2175 2198 2211 est,

1214 2229 1276 2266 56.
1294 2228 1485 2280 quomodo
1505 2241 1578 2265 vos
1605 2229 1732 2266 dicitis
1750 2230 1842 2280 quia
1858 2228 2094 2280 blasphemo,
2111 2231 2204 2280 quia.

1215 2290 1298 2327 dixi
1308 2319 1319 2337 ,
1339 2289 1466 2327 Filius
1486 2290 1562 2327 Dei
1582 2293 1691 2328 sum?
1706 2288 1745 2326 Id
1766 2297 1833 2338 est,
1849 2288 1887 2326 Si
1909 2289 1934 2326 ii
1956 2289 2018 2340 qui
2042 2304 2105 2341 per
2124 2302 2203 2340 gra—

1216 2351 1302 2388 tiam
1321 2351 1388 2388 hoe
1403 2361 1630 2403 acceperunt,
1646 2365 1714 2389 non
1739 2360 1948 2389 accusantur
1968 2366 2048 2390 cum
2066 2365 2103 2389 se
2120 2350 2204 2389 deos

1215 2421 1362 2460 vocant,
1375 2411 1438 2461 qui
1454 2426 1498 2450 ex
1517 2421 1642 2450 natura
1660 2427 1723 2450 sua
1742 2413 1810 2450 hoc
1828 2413 1948 2462 habet,
1964 2425 2034 2463 quo
2049 2413 2131 2464 jure
2149 2412 2204 2450 in-

1216 2474 1400 2524 crepetur?
1418 2475 1554 2513 Verum
1583 2488 1652 2512 non
1686 2474 1734 2511 ita
1771 2474 1881 2523 dixit,
1905 2473 1966 2512 sed
1993 2473 2140 2512 demum
2167 2474 2205 2511 id

1216 2534 1402 2586 probavit,
1429 2544 1617 2586 postquam
1649 2535 1838 2574 demissius
1866 2536 2035 2586 loquutus
2066 2545 2116 2574 est
2148 2536 2205 2573 his

1218 2595 1360 2635 verbis:
1383 2598 1504 2647 Quem
1527 2598 1649 2634 Pater
1670 2598 1932 2651 sanctificavit
1959 2606 1996 2637 et
2024 2600 2127 2636 misit
2138 2614 2151 2643 ;
2172 2607 2205 2635 et

1170 2666 1192 2695 C
1217 2665 1405 2707 postquam
1431 2656 1576 2694 illorum
1599 2657 1754 2696 furorem
1776 2658 1934 2709 sedavit,
1954 2668 2038 2697 tune
2071 2659 2203 2697 claram

1216 2716 1319 2753 affert
1336 2716 1683 2757 demonstrationem.
1702 2720 1850 2758 Interim
1867 2735 1963 2772 vero,
1981 2730 2020 2759 ut
2041 2722 2205 2760 admitte—

1215 2786 1312 2815 retur
1333 2777 1371 2816 id
1390 2778 1486 2829 quod
1503 2779 1667 2829 dicebat,
1686 2781 1859 2820 humilius
1883 2783 2052 2834 loquutus
2074 2794 2145 2834 est,
2162 2799 2202 2822 ac

1215 2838 1360 2876 demum
1382 2839 1427 2876 ad
1447 2840 1581 2891 majora
1608 2841 1703 2893 ipsos
1722 2841 1890 2895 adducit,
1906 2843 2050 2882 dicens:
2067 2846 2131 2883 57.
2163 2846 2202 2884 Si

1218 2914 1296 2938 non
1316 2901 1432 2953 facio
1461 2915 1576 2954 opera
1606 2904 1740 2942 Patris
1770 2907 1865 2952 mei,
1899 2906 2018 2945 nolite
2051 2907 2203 2947 credere

1217 2963 1313 3000 mihi
1322 2978 1336 3007 ;
1357 2961 1421 3001 58.
1439 2966 1500 3001 sin
1522 2972 1651 3002 autem
1655 2966 1771 3018 facio
1781 2996 1793 3013 ,
1813 2969 1884 3004 etsi
1904 2969 1999 3005 mihi
2026 2981 2103 3005 non
2123 2982 2202 3007 cre-

1217 3024 1329 3071 dicis,
1353 3027 1527 3076 operibus
1559 3029 1652 3064 meis
1681 3028 1835 3065 credite.
1860 3028 1990 3067 Viden’
2025 3029 2203 3080 quomodo

1219 3086 1355 3138 probet,
1377 3096 1415 3124 ut
1434 3087 1526 3138 dixi,
1541 3101 1577 3126 se
1596 3089 1700 3127 Patre
1721 3089 1757 3126 in
1776 3090 1875 3128 nullo
1894 3090 2095 3129 inferiorem
2117 3106 2201 3140 esse,

1219 3148 1280 3186 sed
1308 3149 1479 3200 aequalem
1512 3150 1680 3188 omnino?
1711 3151 1806 3198 Quia
1838 3152 1933 3190 enim
1965 3167 2034 3191 non
2069 3162 2205 3205 poterat

1220 3209 1415 3248 substantia
1449 3209 1561 3263 ipsius
1592 3211 1725 3262 videri,
1752 3212 1798 3250 ab
1828 3227 1974 3265 operum
2008 3214 2206 3264 aequalitate

1246 3353 1261 3375 ¹³
1286 3360 1488 3397 rima-rimam
1504 3352 1595 3385 deest
1610 3352 1641 3386 in
1657 3350 1854 3396 quibusdam
