2481 3678
77 488 188 515 ΜαιιΙι.
216 495 261 527 ¹7·

84 538 130 557 10.

79 918 167 944 Denl.
196 913 242 943 18.

86 958 134 985 15.

287 199 368 243 106
688 212 725 240 s.
764 208 948 239 smmis
985 207 1226 237 cuni'sos‘r.

1286 287 1315 312 92

279 295 424 333 veniunt
439 293 759 344 interrogationem:
776 293 836 329 211.
857 290 959 340 Quid
973 302 1059 340 ergo
1073 289 1205 326 ?Elias
1225 301 1263 326 es
1288 324 1314 353 Α

278 365 317 393 ιιι
333 360 349 392 P
364 356 417 393 Et
444 355 653 406 respondit,
670 353 763 391 Non
784 365 880 389 sum.
899 351 991 387 Nam
1018 358 1051 386 et
1069 348 1164 386 hunc
1179 361 1264 387 ven-

277 425 396 452 turum
412 429 485 453 esse
504 413 706 467 sperabant,
721 421 759 449 ut
782 421 814 449 et
835 410 999 448 Christus
1014 409 1077 446 ait.
1096 409 1186 446 Nam
1204 408 1263 445 in-

276 475 537 528 terrogantibus
561 473 772 525 discipulis:
795 472 994 523 Quomodo
1015 484 1102 522 ergo
1130 471 1263 507 scribce

277 539 425 584 dicunt,
444 537 550 590 quod
577 543 749 586 oporteat
779 534 909 570 Elium
928 533 1089 583 primum
1105 533 1263 568 venire?

276 599 350 651 ipse
370 597 553 650 respondit
568 612 574 633 :
596 598 626 634 E
631 597 705 632 lius
722 595 874 646 quidem
886 595 1030 641 veniet,
1042 600 1078 629 et
1092 597 1265 628 restituet

275 662 417 697 omnia.
432 658 571 697 Deinde
595 658 833 708 interrogant:
857 655 1052 705 Propheta
1067 666 1106 690 es
1128 656 1195 690 tu?
1210 653 1265 689 Et

275 721 592 772 respondit,Non.
616 718 660 756 Et
679 727 793 755 tamen
809 715 979 769 propheta
999 723 1082 752 erat.
1095 714 1167 751 Cur
1181 726 1264 765 ergo

277 783 311 820 id
328 784 453 834 negat?
472 784 609 820 Rursus
634 779 928 831 interrogantium
943 786 1095 816 mentem
1110 776 1263 828 respicit.

277 844 476 896 Sperabam
505 843 599 881 enim
628 842 838 895 prophetam
867 840 1057 891 quemdam
1090 837 1264 875 eximium

279 914 469 942 venturum
491 919 578 955 esse,
598 903 694 955 quod
720 904 866 955 Moyses
885 901 1036 939 dixisset
1059 915 1066 935 :
1088 899 1264 950 Prophe-

278 977 358 1005 tam
379 969 491 1005 vobis
514 967 715 1004 suscitabit
733 966 924 1002 Dominus
940 963 1048 1001 Deus
1067 961 1264 1014 exfratri-
1288 967 1312 996 B

279 1030 348 1066 bus
363 1030 515 1075 vestris,
531 1030 629 1065 sicut
650 1039 708 1064 me
725 1042 734 1062 :
757 1027 879 1075 ipsum
896 1024 1040 1060 audite.
1059 1021 1128 1059 Hic
1146 1029 1264 1058 autem

278 1098 351 1127 erat
366 1088 543 1126 Christus.
562 1088 649 1126 Ideo
664 1101 733 1124 non
749 1086 884 1134 dicunt,
902 1084 1080 1135 Propheta
1099 1087 1134 1119 es
1145 1082 1210 1119 tu?
1221 1095 1267 1119 ex

278 1163 424 1186 numero
439 1148 714 1201 prophetarum3
730 1145 791 1184 scd
807 1159 890 1182 cum
903 1142 1071 1181 articulo:
1088 1142 1266 1193 Propheta

278 1210 339 1247 ille
353 1219 454 1259 estu,
476 1210 537 1260 qui
551 1223 571 1246 a
603 1210 728 1260 Moyse
756 1204 1012 1258 praenuntiatus
1034 1203 1109 1240 esti)
1128 1202 1266 1240 Idcirco

279 1270 421 1321 negavit
443 1270 514 1319 ille,
529 1283 598 1306 non
614 1283 650 1306 se
660 1268 872 1320 prophetam
887 1278 974 1315 esse,
992 1263 1053 1301 sed
1067 1263 1171 1300 illum
1184 1276 1267 1314 pro-

278 1331 501 1382 phetamQQ.
516 1331 568 1367 Di
571 1337 710 1368 xerunt
720 1342 806 1380 ergo
818 1329 852 1365 ei
862 1341 872 1363 .·
888 1326 981 1377 Quis
992 1328 1049 1363 es?
1061 1332 1103 1362 ut
1114 1337 1268 1374 respon-

279 1406 361 1430 sum
374 1393 506 1431 demus
522 1395 567 1431 iis
591 1394 658 1444 qui
678 1392 863 1429 miserunt
885 1402 963 1427 nos.
986 1387 1090 1439 Quid
1111 1387 1208 1423 dieis
1222 1385 1270 1422 de

279 1456 393 1505 teipso
406 1458 422 1490 P
433 1453 563 1493 Viden'
580 1453 658 1490 illos
671 1452 815 1502 quidem
826 1450 992 1488 instantes
1002 1457 1035 1485 et
1052 1447 1270 1498 interrogan-

278 1523 341 1563 tes,
355 1528 466 1565 neque
493 1514 718 1563 desistentes,
734 1513 838 1551 illum
859 1524 944 1551 vero
963 1507 1144 1546 moderate
1168 1506 1268 1558 prius

279 1575 423 1612 remotis
456 1576 551 1613 falsis
587 1573 848 1626 suspicionibus
861 1602 872 1622 ,
901 1584 1024 1609 veram
1059 1567 1267 1607 sententiam

279 1644 498 1673 statuentem.
516 1636 607 1673 Nam
626 1635 675 1672 ait
691 1650 698 1670 :
715 1635 776 1672 25.
800 1635 835 1671 E
838 1647 884 1685 go
902 1646 983 1668 ναι
1001 1630 1208 1667 clamantis
1226 1633 1267 1665 in

278 1697 443 1741 desert05
449 1705 587 1748 parate
606 1698 714 1733 viam
735 1696 906 1742 Domini,
917 1696 1014 1731 sicut
1026 1692 1124 1728 dixit
1142 1691 1267 1727 Isaias

276 1759 474 1809 propheta.
491 1757 584 1804 Quia
606 1755 700 1794 enim
721 1769 891 1807 magnum
910 1763 944 1791 et
964 1752 1143 1791 excelsum
1161 1750 1265 1802 quid·
1289 1765 1313 1795 C

278 1818 375 1868 piam
390 1818 434 1856 de
454 1818 596 1855 Christo
615 1817 783 1867 loquutus
809 1824 871 1865 est,
886 1814 1031 1852 illorum
1049 1827 1085 1851 se
1103 1811 1266 1864 opinioni

278 1888 528 1931 atteinperans,
550 1878 598 1916 ad
614 1877 827 1929 prophetam
848 1874 967 1912 statim
987 1873 1157 1924 confugit,
1183 1873 1265 1910 hinc

279 1941 398 1978 verbis
410 1940 482 1978 suis
493 1939 602 1977 fidem
618 1938 820 1976 concilians.
836 1936 898 1974 24.
914 1937 949 1974 E
955 1944 966 1973 t
984 1937 1050 1987 qui
1062 1936 1167 1971 missi
1180 1935 1266 1985 fue-

279 2010 379 2051 1·‚ant
392 2001 520 2052 inquit,
535 2008 703 2039 erantex
719 1999 959 2037 Plzarisoeis:
974 1996 1038 2035 (25.
1057 2005 1091 2033 ει
1107 1998 1266 2032 inter-ro

277 2078 366 2115 gavi
364 2072 468 2101 tunt
483 2078 583 2111 eum,
609 2070 645 2100 et
677 2062 857 2100 dicerunt
877 2074 938 2097 οι.
935 2057 1071 2109 ·Quid
1087 2071 1175 2108 ergo
1196 2058 1264 2094 ba-

274 2128 412 2176 ptizas,
432 2127 464 2163 si
489 2134 528 2163 tu
549 2138 626 2161 non
642 2136 680 2161 es
695 2123 882 2170 Christus,
899 2133 1022 2173 neque
1050 2120 1085 2156 F
1090 2119 1180 2163 lias
1199 2133 1261 2155 ne-

278 2201 352 2238 que
357 2187 563 2237 propheta?
578 2183 708 2223 Viden’
721 2196 857 2220 menon
873 2190 1002 2219 temere
1013 2179 1159 2227 dixisse,
1172 2179 1266 2230 ipsos

277 2261 317 2284 eo
343 2246 510 2284 inducere
532 2245 637 2282 illum
663 2242 845 2282 voluisse?
864 2242 911 2280 Et
937 2241 1040 2279 initio
1061 2239 1206 2291 quidem
1229 2239 1266 2277 id

278 2322 347 2345 non
375 2307 553 2356 dicebant,
573 2320 616 2343 ne
644 2306 688 2342 ab
711 2304 876 2343 omnibus
908 2301 1266 2355 deprehenderentur.

278 2368 418 2407 Deinde
433 2368 516 2419 quia
533 2367 640 2414 dixit,
653 2367 745 2405 Non
760 2380 839 2405 sum
856 2366 1045 2409 Christus,
1056 2377 1199 2401 rursum
1213 2362 1268 2400 illi
1291 2373 1316 2401 D

278 2439 317 2468 ut
349 2445 388 2467 ea
418 2444 494 2480 quae
530 2429 625 2467 intus
658 2427 956 2466 machinabantur
984 2425 1198 2476 obtegerent,
1223 2422 1269 2461 ad

278 2491 399 2528 Eliam
427 2490 586 2539 veniunt,
600 2499 633 2527 ct
658 2489 704 2527 ad
735 2488 957 2541 prophetam.
973 2488 1023 2525 Ut
1048 2499 1132 2526 vero
1157 2484 1266 2535 dixit,

279 2567 315 2590 se
332 2562 495 2590 neutrum
525 2567 647 2590 eorum
677 2566 763 2602 esse,
786 2550 890 2588 dubii
918 2550 1064 2588 demum
1093 2557 1126 2586 et
1157 2547 1271 2600 posita

279 2615 391 2663 larva,
406 2623 524 2666 aperte
547 2613 707 2651 dolosam
723 2628 824 2651 suam
848 2621 1002 2651 mentem
1026 2610 1194 2662 detegunt
1213 2608 1269 2648 di—

281 2684 395 2713 centes
413 2690 420 2710 ε
441 2675 545 2725 Quid
564 2689 651 2727 ergo
679 2676 867 2726 baptizas,
882 2676 914 2712 si
938 2683 977 2712 tu
999 2686 1076 2710 non
1097 2685 1135 2710 es
1159 2673 1268 2710 Chri-

281 2746 361 2775 stus
374 2741 390 2774 ?
405 2735 544 2774 Deinde
559 2750 701 2773 rursum
717 2736 863 2774 obscure
881 2736 1078 2786 loquentes,
1100 2733 1188 2772 alios
1204 2732 1269 2771 ad-

280 2799 384 2846 dunt,
408 2797 526 2835 Eliam
557 2810 703 2849 nempe,
732 2806 765 2833 et
795 2797 1019 2848 prophetam.
1047 2796 1141 2843 Quia
1175 2795 1271 2833 enim

282 2861 376 2899 muln]
372 2861 485 2898 atione
502 2859 619 2911 ipsum
639 2859 753 2911 suppl
749 2867 866 2896 ‘wmtuc
885 2873 953 2896 non
974 2867 1173 2910 potuerant,
1189 2871 1271 2909 spe—

282 2930 406 2960 rarunt
423 2936 459 2959 se
479 2920 698 2962 accusatione
716 2932 816 2971 posse
837 2918 940 2956 illum
959 2932 1080 2970 cogere
1099 2919 1146 2957 ad
1167 2918 1206 2956 id
1227 2918 1271 2956 de

283 2999 318 3021 sc
342 2982 596 3031 confitendum,
613 2980 709 3032 quod
739 2994 801 3018 xci
805 2994 864 3017 um
890 2993 958 3017 non
983 2989 1097 3017 esset:
1132 2989 1168 3017 at
1199 2994 1270 3018 non
1295 2980 1318 3009 Ε

285 3053 486 3098 potuerunt.
509 3045 541 3082 O
560 3041 769 3081 amentiam!
792 3056 812 3079 0
831 3041 1070 3093 arrogantiam
1089 3051 1122 3079 et
1142 3043 1269 3080 intem-

285 3106 457 3156 pestivam
473 3102 731 3142 curiositatem!
753 3102 855 3140 Missi
873 3101 955 3140 estis
974 3110 1013 3139 ut
1028 3101 1208 3140 disceretis
1223 3103 1269 3140 ab

329 3250 341 3262 ³
367 3236 737 3283 Qttidtlm3p02roif1.e'v0m.

332 3291 344 3305 *
373 3292 397 3322 εἶ
411 3293 518 3331 σὺ;....
541 3294 644 3327 ἐκεῖνός
667 3305 760 3334 φησιν.
780 3286 981 3320 Intermedia
1000 3287 1112 3320 omnia
1136 3286 1225 3329 lapsu
1245 3294 1297 3330 ty-

288 3341 488 3383 pographico
505 3341 733 3373 desiderantur
750 3342 782 3372 iu
803 3339 916 3372 Morel.

340 3395 354 3417 ἲ)
380 3393 436 3424 Alit
457 3398 503 3426 καὶ
522 3399 738 3434 ἐπεισάγοντας.

1268 208 1471 237 ARCHIEP.
1509 208 1864 238 CONSTxNTmOP.

1338 289 1397 326 καὶ
1428 289 1581 340 λέγουσι·
1599 289 1645 327 Τί
1676 283 1750 337 οῧν5
1770 289 1893 332 Ἠλίας
1921 283 1953 326 εἷ
1982 289 2042 337 σύ5
2065 289 2133 327 Καὶ
2152 289 2267 340 λέγει,
2294 291 2356 327 οὐκ

1338 349 1421 400 etot.
1448 349 1517 387 Καὶ
1547 349 1614 401 γὰρ
1645 349 1704 388 και
1732 354 1850 388 τοῦτον
1871 348 2090 402 προσεδόκων
2110 348 2217 397 ἥξειν,
2244 349 2358 392 καο()ς

1338 410 1397 448 καὶ
1410 414 1428 448 6
1448 410 1597 461 Χριστός
1617 427 1733 463 φησιν.
1755 415 1770 431 ²¹
1777 410 1975 463 Ἐρομένων
1997 410 2064 464 γὰρ
2083 414 2151 449 τῶν
2175 413 2358 461 μαθητῶν·

1338 473 1421 516 Πῶς
1440 475 1495 510 οὐν
1517 475 1547 510 οἱ
1561 471 1995 524 γραμματεῖςλέγουσιν,’
1974 489 2026 510 οτι
2042 471 2165 510 Ἠλίαν
2186 473 2235 510 δεῖ
2251 473 2359 510 ἐλθεῖν

1337 535 1494 586 πρῶτον5
1513 533 1613 577 αὐτὸς
1630 533 1762 584 ἔλεγεν·
1784 532 1908 576 Ἠλίας
1935 532 1996 584 μὲν
2016 534 2174 586 ἔρχεται,
2194 549 2254 571 και
2274 535 2360 570 ἀπο-

1338 595 1551 641 καταστήσει
1576 594 1702 632 πάντα.
1729 587 1856 631 Εἶτα
1841 609 2032 644 ερωτ()σιν
2060 594 2104 632 Ὁ
2129 593 2309 647 προφήτης
2332 595 2360 630 εἰ

1339 654 1398 702 <56;
1425 655 1495 693 Καὶ
1520 654 1710 707 ἀπεκρίθη,
1739 653 1788 692 οὔ.
1809 653 1879 692 Και
1901 653 1969 705 μὴν
1988 655 2167 707 προφήτης
2184 653 2362 701 ἠν.1ίνος

1337 719 1394 753 οὖν
1414 715 1526 754 ἕνεκεν
1549 719 1719 768 ἀρνεῖται5
1737 715 1853 753 Πάλιν
1870 715 1956 767 πρὸς
1974 714 2036 762 τὴν
2052 715 2204 753 διάνοιαν
2223 713 2360 766 βλέπων

1336 779 1404 814 τῶν
1421 777 1640 830 ἐρωτ(’)ντ(ο.)ν
1654 775 1883 829 Προσεδόκων
1896 775 1962 828 γάρ
1981 792 2059 814 τινα
2077 775 2285 828 προφήτηνε
2271 774 2361 819 ἐξαί-

1340 853 1432 890 ρετον
1466 837 1571 885 ἥξειν,
1591 837 1648 876 διὰ
1675 838 1714 876 τὸ
1742 837 1853 889 λέγειν
1874 837 2049 876 Μωϋσέα·
2065 837 2259 889 Προφήτην
2279 840 2360 887 ὑμῖν

1338 899 1525 945 ἀναστήσει
1557 898 1681 953 Κύριος
1700 902 1717 937 6
1736 899 1860 943 (-)εὸς’
1846 915 1884 938 εκ
1910 901 1978 937 τῶν
2008 900 2196 951 ἀδελφῶνε
2185 900 2294 949 υμῶν,
2314 899 2361 940 (ἲς)

1337 959 1414 1010 ἐμέ·
1436 962 1539 999 αὐτοῦ
1561 960 1758 999 ἀκούσεσθε.
1772 963 1882 1003 Οὗτος
1899 960 1934 998 δὲ
1951 964 1993 1007 ἣν
2013 964 2030 998 6
2052 960 2214 1013 Χριστός.
2232 959 2361 998 Διάτοι

1338 1025 1436 1059 τουτο
1455 1023 1492 1060 06
1509 1021 1668 1073 λέγουσι,
1687 1021 1868 1073 προφήτης
1891 1015 1950 1060 *εἰ
1965 1021 2023 1069 σύ5
2049 1021 2109 1059 ε’να
2134 1023 2202 1058 τῶν
2222 1022 2360 1059 πολλῶν

1339 1082 1584 1133 αἰνιττόμενοι·
1607 1082 1698 1121 ἀλλὰ
1719 1082 1807 1133 μετὰ
1825 1098 1884 1121 του
1905 1082 2049 1136 ἄρθρου,
2069 1082 2114 1120 ‘O
2131 1081 2312 1134 προφήτης
2335 1076 2365 1120 εἶ

1339 1142 1395 1190 σύ5
1418 1145 1561 1191 ἐκεῖνος,
1586 1159 1702 1195 φησιν,
1735 1146 1752 1181 6
1779 1143 1876 1195 παρὰ
1907 1144 2087 1187 Μωϋσέως
2116 1159 2363 1195 προανακηρυ-

1338 1202 1443 1253 χθείς.
1460 1202 1529 1240 Διὰ
1544 1203 1585 1250 δὴ
1606 1219 1706 1242 τουτο
1725 1203 1784 1241 καὶ
1806 1207 1902 1246 οὗτος
1922 1203 2116 1256 ἠρνήσατο,
2137 1206 2174 1242 06
2194 1205 2251 1252 τὸ,
2270 1220 2361 1256 προ-

1340 1261 1451 1315 φήτης
1473 1267 1577 1312 εἶναι,
1596 1263 1686 1302 ἀλλὰ
1707 1264 1765 1311 τὸ,
1787 1266 1913 1307 ἐκεῖνος
1930 1268 1947 1301 ὁ
1968 1264 2161 1316 προφήτης
2178 1258 2288 1304 Εἶπον
2307 1269 2363 1303 οὖν

1341 1326 1452 1362 αὐτῶ·
1481 1324 1533 1369 τίς
1562 1328 1609 1373 εἰ,
1637 1324 1694 1363 ἵνα
1728 1324 1911 1378 ἀπόκρισιν
1939 1326 2052 1376 δῶμεν
2084 1331 2155 1369 τοῖς
2183 1325 2364 1378 πέμψασιν

1339 1389 1445 1437 ἡμᾶς.
1473 1386 1520 1424 Τί
1537 1386 1648 1439 λέγεις
1675 1386 1756 1440 περὶ
1776 1390 1939 1433 σεαυτοῦ5
1961 1385 2070 1439 (Ορᾷς
2093 1386 2171 1431 τοὺς
2196 1386 2258 1438 μὲν
2283 1403 2364 1441 σφο-

1340 1446 1497 1500 δρότερον
1516 1447 1753 1498 ἐπικειμένους
1771 1445 1854 1485 ι’καὶ
1870 1447 2070 1499 ἐπείγοντας
2088 1448 2148 1486 καὶ
2164 1450 2364 1500 ἐρωτῶντας

1339 1507 1458 1556 πάλιν,
1485 1508 1544 1546 καὶ
1565 1511 1627 1547 οὐκ
1645 1508 1914 1560 ἀφισταμένους·
1943 1509 2000 1546 τὸν
2024 1509 2059 1547 δὲ
2082 1511 2157 1560 μετ’
2178 1509 2365 1553 ἐπιεικείας

1339 1569 1505 1622 πρότερον
1517 1569 1579 1613 τὰς
1592 1571 1654 1608 οὐκ
1667 1569 1771 1617 οὔσας
1784 1569 1945 1613 ὑπονοίας
1962 1572 2188 1623 ἀναιροῦντα,
2208 1572 2268 1609 καὶ
2287 1572 2365 1609 τότε

1338 1629 1400 1677 τὴν
1421 1625 1525 1669 οὖσαν
1545 1631 1702 1677 τιθέντα,
1728 1629 1935 1683 Ἔγὼ.γὰρ,
1964 1631 2067 1684 φησὶ,
2098 1632 2194 1683 φωνὴ
2216 1634 2364 1684 βοῶντος

1341 1694 1375 1728 ἐν
1392 1695 1435 1744 τῇ
1454 1692 1592 1744 ἐρήμῳ·
1613 1691 1776 1730 εὖθύνατε
1794 1691 1856 1738 τὴν
1874 1691 1950 1729 ὁδὸν
1968 1691 2114 1744 Κυρίου,
2135 1692 2250 1736 καθὼς
2269 1686 2362 1731 εἶπεν

1340 1751 1489 1796 ςΗσαίας
1505 1755 1522 1790 6
1535 1752 1726 1805 προφήτης.
1742 1751 1890 1799 Ἐπειδὴ
1911 1751 1978 1804 γὰρ
1997 1752 2086 1804 μέγα
2101 1768 2135 1790 τι
2154 1752 2213 1790 καὶ
2234 1752 2365 1804 ὑψηλὸν

1340 1813 1524 1866 ἐφθέγξατο
1557 1814 1637 1866 περὶ
1668 1819 1727 1852 τοῦ
1756 1815 1929 1866 Χριστοῦ,
1954 1816 2001 1857 ὡς
2020 1813 2105 1867 πρὸς
2134 1813 2197 1860 τὴν
2226 1813 2364 1852 ἐκείνων

1339 1874 1514 1923 ὑπόνοιαν,
1532 1875 1588 1913 ἐπὶ
1607 1874 1665 1913 τὸν
1687 1874 1868 1928 προφήτην
1897 1873 2020 1917 εὐθέως
2049 1873 2254 1926 κατέφυγεν,
2275 1873 2365 1918 ἀξιό-

1338 1951 1460 1974 πιστον
1475 1952 1534 1974 και
1551 1938 1703 1974 ἐντευθεν
1721 1935 1778 1973 τὸν
1793 1935 1895 1986 λόγον
1914 1938 2034 1973 ποιῶν.
2050 1934 2119 1973 Και
2139 1938 2169 1973 οἱ
2190 1936 2364 1973 ἀπεσταλ-

1340 1997 1437 2048 μένοι
1453 2002 1541 2045 ἦσαν
1559 1999 1598 2036 ἐκ
1611 1998 1678 2035 τῶν
1696 1996 1918 2050 Φαρισαίων,
1934 1995 2040 2049 φησί·
2057 2012 2117 2034 και
2132 1995 2363 2072 ἐπηρώτησαν

1340 2059 1442 2097 αὐτὸν
1475 2075 1533 2097 και
1563 2062 1657 2096 εἷπον
1686 2060 1796 2096 αὖτω·
1825 2058 1860 2096 τί
1879 2061 1935 2096 οὐν
1959 2057 2158 2109 βαπτίζεις,
2185 2059 2214 2095 εἷ
2242 2056 2283 2096 σὺ
2304 2059 2366 2095 οὐκ

1340 2125 1368 2158 εἰ
1391 2123 1409 2159 6
1430 2119 1599 2172 Χριστὸς,
1621 2119 1698 2158 οὔτε
1726 2099 1869 2167 Ἠλίας,
1891 2118 1969 2157 οὔτε
1993 2122 2010 2157 6
2030 2118 2229 2171 προφήτης
2255 2118 2366 2171 (Ορᾷς

1339 2184 1386 2225 ὡς
1404 2183 1441 2220 06
1473 2181 1587 2232 μοίτην
1611 2179 1741 2232 ἔλεγον,
1770 2180 1822 2218 ὅτι
1848 2182 1894 2223 εἷς
1925 2183 2027 2219 τοῦτο
2062 2180 2164 2218 αὐτὸν
2186 2182 2365 2232 ἐναγαγεῖν

1340 2243 1544 2290 ἠὸούλοντο5
1560 2242 1630 2281 Καὶ
1647 2241 1681 2285 ἐξ
1699 2243 1809 2295 ἀρχῆς
1830 2241 1892 2292 μὲν
1908 2241 1992 2279 αὐτὸ
2010 2242 2072 2279 οὐκ
2093 2240 2222 2292 ἔλεγον,
2239 2240 2296 2278 ἵνα
2316 2239 2365 2291 μὴ

1341 2305 1542 2357 κατάφωροι
1560 2303 1728 2356 γένωνται
1750 2302 1892 2340 ἅπασιν.
1907 2295 1998 2340 Εἶτα
2017 2301 2136 2348 ἐπειδὴ
2161 2295 2270 2349 εἶπεν,
2288 2302 2367 2340 Οὔκ

1341 2365 1414 2416 εἰμι
1435 2368 1452 2403 6
1470 2363 1636 2416 Χριστὸς,
1662 2363 1769 2402 πάλιν
1790 2365 1912 2400 ἐκεῖνοι
1932 2362 2119 2400 συσκιάσαι
2145 2361 2366 2413 βουλόμενοι,

1342 2426 1407 2464 ἅπε
1394 2443 1431 2478 ερ
1450 2425 1543 2464 ἔνδον
1566 2425 1734 2477 ἐτύρευον,
1751 2423 1809 2461 ἐπὶ
1827 2421 1884 2460 τὸν
1903 2422 2068 2461 Ηλίαν”
2050 2438 2212 2474 ερχονται
2227 2438 2289 2460 και
2308 2421 2365 2460 τὸν

1341 2487 1534 2541 προφήτην.
1555 2486 1616 2530 Ὡς
1632 2485 1702 2524 δὲ”
1684 2500 1788 2538 εφησε
1809 2483 1926 2535 μηδὲ’
1912 2483 2052 2522 εκείνων
2071 2500 2122 2527 τις
2143 2488 2253 2531 εἰναι,
2279 2486 2366 2522 ἀπο-

1344 2548 1500 2602 ρούμενοι
1521 2546 1654 2595 λοιπὸν,
1677 2561 1736 2584 και
1753 2545 1793 2583 τὸ
1812 2550 2029 2595 προσωπεῖον
2049 2543 2232 2596 ῥίψαντες,
2252 2559 2365 2596 γυμνῃ

1340 2614 1382 2663 τῇ
1410 2611 1543 2662 κεφαλῇ
1567 2607 1631 2655 τὴν
1663 2605 1804 2658 δολερὰν
1838 2607 1949 2643 αὐτων
1979 2604 2184 2657 ἐμφαίνουσι
2211 2621 2367 2657 γνωμην,

1340 2672 1515 2725 λέγοντες·
1542 2669 1589 2708 Τί
1606 2673 1661 2707 οὐν
1680 2665 1873 2719 βαπτίζεις,
1897 2668 1926 2703 εἰ
1943 2682 1983 2704 συ
2003 2668 2064 2704 οὐκ
2084 2670 2112 2704 εἰ
2133 2669 2182 2704 6⁰
2194 2666 2365 2718 Χριστός·
2358 2697 2367 2713 ,

1341 2727 1431 2773 Εἶτα
1447 2732 1552 2771 πάλιν
1577 2729 1764 2769 συσκιάσαι
1796 2726 2017 2778 βουλόμενοι,
2042 2727 2102 2764 καὶ
2135 2742 2212 2770 τους
2244 2727 2368 2769 ἄλλους

1342 2793 1584 2849 προστιθέασι,
1613 2791 1671 2829 τὸν
1699 2787 1825 2827 Ἠλίαν
1862 2787 1913 2826 λε’
1903 2803 1952 2839 γι)
1985 2803 2044 2825 και
2074 2787 2132 2826 τὸν
2171 2787 2366 2840 προφήτην.

1342 2853 1487 2902 Ἐπειδὴ
1505 2853 1572 2906 γὰρ
1586 2849 1752 2902 κολακείᾳ
1771 2849 1832 2887 οὒκ
1855 2847 2002 2900 ἴσχυσαν
2025 2847 2301 2897 ὑποσκελίσαι,’
2310 2851 2368 2900 ἐγ-

1342 2916 1500 2968 κλήματι
1527 2911 1790 2967 προσεδόκησαν
1827 2910 1928 2947 αὐτὸν
1962 2908 2129 2947 δύνασθαι
2159 2909 2368 2960 ἀναγκαζειν

1343 2978 1426 3030 ὅπερ
1445 2980 1507 3016 οὐκ
1526 2979 1568 3022 ἠν
1585 2976 1712 3013 εἰπεῖν·
1733 2972 1808 3010 ἀλλ’
1825 2971 1886 3008 οὒκ
1906 2970 2066 3022 ἴσγυσαν
2083 2968 2132 3007 Ω
2147 2986 2209 3017 της
2230 2970 2368 3014 ἀνοίας,

1343 3056 1371 3078 ω
1396 3054 1458 3086 της
1490 3034 1689 3081 ἀλαζονείας
1716 3032 1775 3071 καὶ
1794 3033 1856 3077 τ’ἧς
1875 3030 2017 3083 ἀκαίρου
2038 3030 2253 3083 περιεργίας·
2282 3034 2368 3068 ἀπε-

1344 3099 1494 3147 στάλητε
1524 3095 1760 3149 μαθησόμενοι
1778 3093 1861 3144 παρ’
1889 3092 1993 3130 αὐτοῦ
2014 3090 2066 3134 τίς
2086 3091 2138 3138 εἴη
2169 3091 2227 3129 καὶ
2249 3090 2367 3137 πόθεν,

1407 3243 1418 3257 ⁰
1442 3232 1497 3264 SIC
1510 3228 1612 3263 Savil.
1628 3235 1661 3260 et
1674 3225 1741 3259 alii.
1752 3224 1866 3257 Morel.
1885 3231 2020 3270 Χριστὸς,
2035 3227 2107 3263 εἶδες
2126 3233 2187 3262 πῶς
2209 3229 2349 3265 συσκιάζο

1363 3300 1411 3324 τες
1430 3288 1506 3330 ἅπερ
1520 3285 1608 3326 εἶχον,
1624 3283 1689 3318 τοὺς
1703 3281 1809 3317 ἄλλους
1825 3282 2025 3324 προστιθέασι.

1406 3337 1420 3357 ‘¹
1438 3334 1551 3368 Morcl.
1571 3337 1735 3377 ἐγκλήματι
1752 3333 1921 3376 περιθκὶεῖν
1938 3333 2079 3363 αὑτὸν.,..
2097 3332 2322 3371 ἀναγκάζοντες.
