2522 3683
108 406 183 441 Sap.
203 413 227 432 ι.
246 403 292 433 13.

109 451 137 471 et
154 454 181 472 2.
202 446 251 481 22.

348 194 372 238 5

312 194 405 239 88

306 291 399 328 Nam
417 289 445 326 si
465 287 580 325 Adam
607 294 822 339 praeceptum
847 285 1014 325 divinum
1029 295 1063 324 et
1080 286 1194 338 legem
1209 300 1285 324 ser-

306 356 391 381 vare
410 347 677 393 perseverasset,
694 353 788 376 mors
808 339 928 377 locum
946 353 1015 377 non
1032 338 1229 376 habuisset.
1245 337 1289 376 Id

308 394 515 432 testificatur
536 392 676 444 sapiens
694 391 787 429 illud
812 392 997 429 oraculum
1020 407 1027 427 :
1051 393 1156 429 Deus
1186 405 1287 428 mor-

310 457 384 485 tem
405 447 602 498 nonfecit,
627 459 694 482 nec
711 445 926 482 delectatur·
941 446 982 481 in
999 445 1213 495 perditione
1228 446 1291 480 vi—

310 502 479 538 ventium
500 498 677 535 :invidia
693 506 822 534 autem
841 496 988 533 diaboli
1009 510 1109 534 mors
1129 498 1291 534 intravit

307 555 349 590 in
380 551 579 589 mundum.
613 549 870 597 Quamobrem,
898 558 937 586 ut
966 561 1048 586 vere
1083 548 1288 598 loquamur,

308 613 434 656 praeter
449 612 613 640 naturam
623 602 725 639 nobis
738 600 867 638 accidit
880 599 975 651 quod
988 601 1154 638 mortales
1168 600 1290 648 simus;

308 655 517 695 resurrectio
541 664 658 692 autem
687 653 783 704 quod
813 667 859 690 ex
882 662 1009 691 natura
1034 652 1157 701 inerat,
1190 653 1292 690 nobis

307 708 471 747 restituit.
492 706 574 744 Ideo
594 705 801 744 resurrectio
819 705 964 753 dicitur,
982 705 1066 756 quia
1084 714 1290 757 corruptum

309 761 494 813 opificium
515 768 547 796 ct
565 772 629 811 per
655 766 838 810 peccatum
860 758 1014 810 lapsum,
1040 771 1102 810 per
1113 758 1290 809 justitiam

309 814 468 863 erigitur.
485 812 523 850 Si
536 820 791 863 perseverasset
808 809 926 848 Adam
941 810 978 848 in
992 809 1170 859 mandato,
1184 810 1291 849 vivus

309 865 504 903 mansisset.
522 865 569 902 Et
590 864 669 914 quis
689 877 836 916 sponsor
854 872 919 909 est,
944 870 983 899 ut
1001 876 1045 900 ne
1068 861 1234 900 videatur
1254 861 1293 898 id

309 933 354 956 ex
377 919 577 969 conjectura
596 916 734 954 dictum
752 915 847 953 esse?
873 916 922 953 Ut
944 928 1040 966 ergo,
1059 915 1199 960 fratres,
1221 927 1291 951 non

308 970 519 1023 conjecturis
526 969 649 1008 divina
659 977 864 1017 tractemus,
875 966 936 1005 sed
947 981 1066 1005 rerum
1079 980 1294 1016 consequen-

306 1024 357 1061 tia
376 1023 431 1061 usi
449 1023 581 1060 claram
603 1035 723 1059 rerum
740 1021 924 1058 veritatem
943 1033 1187 1069 assequamur,
1210 1018 1293 1070 opi-

307 1076 380 1114 ficii
405 1074 705 1113 immortalitatem
723 1072 958 1109 testificantur
974 1085 1013 1108 ca
1039 1085 1117 1121 quae
1137 1084 1295 1120 sequun-

308 1138 378 1167 tur.
409 1129 447 1167 Si
474 1137 599 1164 natura
623 1125 770 1163 mortale
791 1133 865 1161 erat
896 1123 1102 1175 opificium,
1131 1122 1159 1159 si
1186 1122 1293 1160 morti

307 1181 493 1219 addictum
512 1188 562 1216 est
578 1192 648 1215 non
667 1191 729 1228 per
750 1184 945 1228 peccatum,
962 1175 1026 1212 sed
1044 1188 1107 1226 per
1129 1183 1291 1212 naturam

308 1234 433 1285 ipsam,
448 1226 627 1282 quomodo
640 1238 803 1266 naturam
818 1228 976 1266 vicerunt
988 1227 1085 1265 Elias
1099 1235 1133 1264 et
1143 1225 1265 1264 Enoch
1275 1227 1293 1264 Ξ)

308 1285 488 1336 quomodo
502 1284 602 1335 Elias
621 1290 798 1319 assumtus
816 1289 880 1330 est,
900 1294 963 1317 nec
991 1288 1141 1316 mortem
1168 1287 1293 1329 gusta-

309 1338 361 1375 vit
372 1338 388 1375 ἱ)
405 1336 583 1388 quomodo
609 1334 733 1372 Enoch
748 1333 941 1370 translatus
968 1341 1031 1379 est,
1051 1340 1201 1369 mortem
1222 1346 1293 1369 non

308 1389 501 1442 expertus?
522 1388 618 1428 Vide
636 1387 784 1439 pignora
807 1385 931 1438 priscae
952 1383 1148 1421 creationis.
1168 1384 1293 1434 Itaque

309 1452 445 1495 poterat
463 1442 569 1479 homo
588 1448 758 1499 perpetuo
777 1439 912 1486 vivere,
927 1436 955 1475 si
973 1436 1134 1476 divinam
1151 1451 1293 1474 servas—

308 1505 359 1534 set
379 1496 508 1545 legem.
532 1493 668 1531 Idmrco
694 1493 792 1529 Deus
826 1499 1000 1527 assumtas
1022 1489 1133 1526 nostri
1157 1489 1294 1540 generis

309 1548 486 1600 primitias
512 1544 696 1584 transtulit
723 1544 759 1581 in
785 1542 1099 1580 immortalitatem.
1131 1541 1177 1578 Et
1209 1541 1294 1579 vide
1307 1560 1353 1586 192

309 1600 505 1653 sapientem
531 1596 773 1636 oeconomiam.
806 1595 967 1633 Assumit
996 1594 1186 1632 Enochum
1215 1603 1295 1631 ante
1320 1598 1344 1627 Α

310 1654 440 1690 multas
475 1650 735 1703 generationes3
769 1648 865 1700 rapit
900 1647 1019 1684 Eliam
1047 1655 1128 1698 post
1163 1646 1294 1684 multas

310 1705 561 1756 generationes,
584 1702 691 1752 idque
712 1700 858 1738 utiliter.
883 1699 976 1745 Quia
994 1699 1086 1736 enim
1105 1698 1140 1735 in
1154 1697 1294 1736 duabus

310 1758 473 1809 gentibus
499 1756 560 1808 pia
592 1753 718 1805 religio
749 1761 930 1792 versatura
964 1760 1058 1799 erat,
1095 1750 1132 1787 in
1162 1752 1294 1803 populo

309 1809 526 1863 praeputium
545 1807 701 1854 habenti,
723 1814 756 1843 et
779 1806 815 1842 in
840 1805 971 1857 populo
991 1803 1295 1841 circumcisionem

310 1861 512 1914 prolitenti3
534 1874 603 1898 non
622 1859 738 1897 solum
759 1858 878 1895 Eliam
897 1857 1060 1904 assumit,
1088 1869 1129 1892 ne
1149 1856 1295 1894 Judaeus

311 1916 482 1966 glorietur
508 1913 605 1950 hisce
630 1910 798 1964 primitiis
820 1910 1034 1955 honoratus;
1055 1907 1116 1945 sed
1140 1908 1296 1959 priorem

311 1967 460 2005 assumit
480 1965 679 2012 Enoehum,
702 1962 764 2013 qui
791 1976 861 1999 non
892 1959 1087 1998 secundum
1106 1960 1220 2010 legem
1238 1961 1296 1999 vi·-

311 2029 423 2068 xerat,
435 2019 494 2057 secl
507 2016 784 2055 ecclesiasticum
797 2023 960 2051 ornatum
975 2021 1144 2052 servarat.
1165 2013 1296 2051 Omnia

312 2073 418 2121 enim,
434 2086 511 2122 quae
525 2079 604 2107 ante
619 2069 733 2120 legem
748 2068 856 2115 fuere,
869 2066 986 2118 figura
1001 2074 1099 2103 erant
1114 2064 1294 2103 Ecelesiae.

312 2126 493 2175 Interroga
508 2124 623 2175 justos
649 2134 760 2171 usquc
790 2119 838 2157 ad
857 2118 1039 2156 Abraham
1060 2127 1093 2155 et
1123 2131 1234 2168 usque
1252 2117 1295 2155 ad

313 2178 442 2229 legem,
473 2176 619 2226 quinam
642 2174 709 2226 ipsi
734 2181 857 2210 essent.
884 2173 925 2209 In
956 2170 1072 2207 tribus
1094 2171 1299 2208 nominibus

314 2230 431 2267 omnia
450 2236 636 2268 versantur
656 2242 663 2262 :
690 2226 725 2263 in
746 2224 940 2275 gentilitate
962 2222 1163 2271 incredula3
1184 2223 1298 2275 inju-

315 2282 464 2329 da'i'smo,
493 2280 554 2331 qui
585 2277 781 2317 secundum
809 2277 922 2327 legem
950 2274 1176 2323 incedebant5
1203 2284 1236 2312 et
1263 2275 1299 2312 in

317 2333 592 2379 christianismo,
607 2330 669 2381 qui
683 2328 879 2367 secundum
894 2327 1133 2379 evangelicam
1150 2327 1301 2377 gratiam

318 2387 524 2424 ducebatur.
556 2386 819 2433 interrogentur
846 2380 1041 2418 adversarii
1071 2379 1117 2417 de
1145 2379 1301 2424 Adamo⁷

322 2439 440 2487 Abele,
459 2437 617 2484 Enocho,
638 2435 724 2474 Seth
743 2443 776 2471 et
791 2434 878 2480 Noe,
893 2441 926 2470 et
943 2441 1116 2483 quotquot
1133 2446 1244 2482 usque
1258 2432 1304 2469 ad

321 2491 502 2528 Abraham
515 2489 623 2541 probe
643 2488 823 2532 vixerunt,
843 2485 989 2536 quinam
1004 2494 1128 2523 essent.
1147 2486 1201 2522 An
1222 2497 1303 2536 gen-

322 2544 423 2581 tiles?
443 2545 580 2581 Verum
599 2540 637 2577 id
658 2539 745 2577 sides
765 2553 832 2576 non
849 2537 1032 2589 permittit.
1055 2537 1214 2575 Gentiles
1233 2551 1302 2574 non

323 2605 438 2643 erant;
454 2609 522 2632 non
539 2593 633 2631 enim
654 2592 688 2628 iu
706 2590 954 2629 incredulitate
972 2590 1154 2635 vixerunt,
1169 2588 1304 2627 daemo—

324 2648 430 2684 nibus
466 2661 533 2684 non
564 2644 777 2690 servierunt,
800 2642 1025 2694 sculptilibus
1053 2656 1121 2679 non
1155 2642 1302 2693 subjecti

324 2700 479 2745 suerunt,
494 2699 695 2735 daemonum
708 2696 815 2732 errori
827 2695 1049 2732 obstiterunt.
1066 2695 1143 2732 Non
1156 2703 1306 2746 possunt

326 2765 408 2801 ergo
427 2751 571 2801 gentiles
593 2749 724 2787 vocari.
745 2747 813 2785 Sed
840 2746 927 2797 quid
946 2747 1067 2784 erant?
1093 2761 1137 2784 an
1157 2746 1271 2785 Judaei
1286 2747 1304 2784 ἶ)

327 2803 400 2841 Sed
416 2817 483 2840 non
505 2810 711 2853 acceperunt
727 2800 854 2851 legem,
876 2813 945 2836 non
962 2799 1205 2837 custodierunt
1220 2799 1305 2836 sab—

328 2856 430 2899 bata,
451 2855 610 2892 ciborum
629 2853 834 2890 discrimina
860 2865 928 2889 non
953 2851 1206 2892 observarunt.
1231 2851 1305 2888 cir—

330 2907 580 2946 cumcisionem
598 2919 664 2942 non
687 2905 850 2941 habuere.
872 2904 910 2942 Si
931 2917 1014 2954 crgo
1039 2903 1146 2955 prisci
1170 2903 1224 2940 illi
1245 2918 1308 2941 nec

331 2960 489 3012 gentileS,
508 2972 570 2995 nec
589 2958 608 2995 J
614 2956 703 2993 udiei
724 2957 830 3003 fuere,
845 2955 1044 2993 inveniatur
1062 2955 1163 2993 aliud
1182 2969 1306 2993 nomen

330 3012 425 3063 quod
441 3010 548 3063 possit
567 3008 638 3046 illis
651 3018 855 3058 competere.
873 3009 908 3047 Si
925 3022 1037 3058 neque
1051 3007 1181 3056 Judaei,
1196 3021 1308 3057 neque

331 3064 478 3115 gentiles
497 3063 603 3108 fuere,
620 3060 680 3109 qui
699 3068 778 3096 ante
797 3060 907 3110 legem
927 3060 1107 3110 vixerunt,
1130 3060 1223 3110 quod
1244 3060 1309 3097 dc—

332 3126 391 3154 tul·
408 3115 480 3153 illis
499 3113 651 3152 nomen?
671 3110 848 3161 quodnam
867 3112 1088 3161 relinquitur,
1111 3112 1178 3149 nisi
1200 3113 1309 3149 Chri-
1333 3128 1357 3158 ρ

331 3169 455 3217 stiani,
490 3181 558 3204 non
587 3163 731 3215 quiden
767 3163 930 3209 nominc,
956 3163 1018 3200 sed
1046 3164 1188 3201 virtute.
1222 3164 1308 3202 Ideo

330 3235 448 3259 omncs
468 3218 633 3257 Ecclesiae
650 3215 727 3268 typi
756 3215 1014 3266 praefulserunt.
1036 3216 1308 3254 incircumcisus

327 3283 401 3311 crat
420 3271 556 3320 Enoch,
582 3279 621 3307 ut
641 3277 674 3306 et
695 3267 849 3305 Ecclesia
874 3282 880 3301 ε
908 3280 974 3303 nou
997 3267 1145 3304 servivit
1166 3268 1247 3317 legi,
1268 3278 1305 3305 ut

326 3339 388 3363 nec
408 3324 539 3363 Christi
558 3321 709 3374 populus
728 3335 737 3356 τ
758 3334 826 3357 non
847 3319 945 3356 novit
964 3319 1124 3355 ciborum
1137 3319 1303 3357 differen-

325 3377 403 3427 tias,
424 3387 462 3415 ut
476 3376 630 3414 Ecclesia
652 3387 730 3424 quse
750 3373 783 3409 in
803 3371 926 3410 divina
941 3371 1017 3422 lege
1033 3380 1204 3408 versatur.
1227 3374 1302 3409 An-

1269 205 1444 253 SPURtA.

1362 285 1432 325 Καὶ
1453 289 1620 338 μαρτυρεῖ
1637 283 1676 321 τὸ
1698 283 1801 335 σοφὸν
1823 284 1933 322 ἐκεῖνο
1959 283 2087 334 λόγιον,
2103 283 2154 321 &i
2172 286 2189 321 ὁ
2211 283 2300 326 Θεὸς
2324 283 2385 321 θά-

1362 353 1464 376 νατον
1483 340 1545 375 οὐκ
1565 335 1742 382 ἐποίησεν,
1763 335 1839 374 οὐδὲ
1859 335 2025 388 τέρπεται
2042 338 2097 373 ἐπ’
2127 335 2284 386 ἀπωλείᾳ
2303 335 2387 379 ζών-

1363 406 1430 428 των
1446 406 1453 413 ·
1475 389 1587 441 φθόνῳ
1621 388 1656 427 δὲ
1689 388 1851 426 διαὸόλου
1887 388 2030 431 Θάνατος
2061 390 2218 434 εἰσῆλθεν
2253 390 2300 430 εἷς
2329 387 2386 425 τὸν

1364 443 1505 493 κόσμον.
1526 442 1647 488 ςὈθεν,
1672 443 1701 478 εἰ
1727 441 1776 477 δεῖ
1796 441 1887 479 κατὰ
1917 441 2080 486 ἀλήθειαν
2102 443 2227 486 εἰπεῖν,
2257 440 2296 478 τὸ
2327 438 2388 490 μὲν

1365 495 1485 541 θνητὸν
1505 494 1600 547 παρὰ
1618 493 1717 545 φύσιν
1734 497 1820 543 ἡμῖν
1844 495 2047 539 ἐπεισῆλθεν
2064 509 2071 516 ·
2092 496 2114 538 ἡ
2146 492 2181 531 δὲ
2201 492 2388 535 ἀνάστασις

1365 548 1404 585 τὸ
1423 547 1513 585 κατὰ
1533 546 1631 599 φύσιν
1663 549 1746 596 ἡμῖν
1769 545 1971 583 ἀποδίδωσι.
1993 544 2062 582 Διὰ
2092 550 2193 583 τοῦτο
2225 544 2284 582 καὶ
2304 544 2389 582 ἀνά-

1366 616 1503 646 στασις,
1524 598 1644 645 ἐπειδὴ
1664 598 1703 635 τὸ
1723 601 1789 650 φθα
1815 597 1848 636 ὲν
1877 597 2025 647 πλάσμα
2053 597 2111 634 καὶ
2130 598 2235 636 πεσὸν
2256 596 2313 634 διὰ
2327 599 2390 642 τῆς

1366 651 1539 703 ἁμαρτίας
1552 683 1560 699 ,
1580 654 1739 703 ὀρθοῦται
1759 652 1815 688 δια
1835 649 2065 696 δικαιοσύνην.
2089 651 2130 687 Εἰ
2149 649 2343 703 παρέμενεν
2372 651 2390 686 ὃ

1365 704 1476 755 Ἀδὰμ
1494 708 1536 756 τῇ
1558 705 1697 755 ἐντολῇ,
1725 702 1858 753 ἔμεινεν
1878 701 1917 740 ἂν
1945 704 2024 745 ζῶν.
2052 701 2123 740 Καὶ
2148 701 2200 744 τίς
2227 704 2390 752 ἐγγυᾶται

1364 756 1403 794 τὸ
1438 756 1622 821 ρῆμα,ῗνα
1658 757 1706 806 μὴ
1734 758 1879 805 νομισθῇ
1895 754 2094 805 στοχασμὸς
2130 747 2216 791 εἶναι
2240 754 2299 791 καὶ
2329 769 2390 790 πι-

1366 813 1527 856 οανοτης,
1547 809 1625 847 Ἵνα
1657 808 1784 855 τοίνυν,
1818 808 1979 859 ἀδελφοὶ,
2005 806 2052 856 μὴ
2074 812 2285 858 στογεασμοῖς
2315 806 2390 842 ἐπι-

1366 861 1529 912 ὅάλωμεν
1546 862 1632 915 πρὸς
1650 861 1694 899 τὰ
1715 864 1789 898 θεῖα
1801 891 1810 908 ,
1828 860 1918 898 ἀλλὰ
1937 863 1980 911 τῇ
2000 859 2187 912 ἀκολουθίᾳ
2207 857 2389 911 χρησάμε-

1367 928 1419 950 νοι
1439 914 1696 964 καταλάὸωμεν
1726 913 1788 959 τὴν
1810 914 1937 964 ἐναργῆ
1966 914 2035 949 τῶν
2059 911 2278 963 πραγμάτων
2304 909 2391 955 ἀλή-

1367 969 1474 1012 θειαν,
1505 971 1673 1019 μαρτυρεῖ
1701 965 1764 1012 τὴν
1801 964 1990 1002 ἀθανασίαν
2019 969 2079 1002 τοῦ
2109 963 2315 1011 πλάσματος
2345 962 2390 999 τὰ

1368 1017 1460 1072 μετᾲ,
1475 1022 1597 1056 ταῦτα.
1615 1021 1660 1056 Εἰ
1680 1017 1803 1063 θνητὸν
1820 1012 1861 1064 ἦν
1876 1016 1966 1055 κατὰ
1994 1015 2094 1068 φύσιν
2113 1016 2152 1054 τὸ
2173 1015 2340 1065 πλάσμα,
2361 1017 2391 1052 εἰ

1369 1069 1417 1120 μὴ
1438 1074 1478 1116 ἠν
1497 1071 1540 1107 δι’
1561 1069 1734 1121 ἁμαρτίαν
1757 1068 1814 1107 τὸν
1839 1070 1983 1106 θάνατον
2004 1068 2199 1118 δεξάμενον,
2221 1067 2311 1106 ἀλλὰ
2334 1067 2391 1105 διὰ

1367 1121 1430 1166 τὴν
1448 1121 1548 1173 φύσιν
1566 1123 1689 1168 αὐτὴν,
1707 1125 1780 1164 πῶς
1801 1121 1863 1168 τὴν
1883 1120 1983 1172 φύσιν
2009 1121 2171 1167 ἐνίκησαν
2187 1119 2313 1163 Ἠλίας
2332 1120 2391 1157 καὶ

1367 1173 1503 1226 Ἑνώχ,
1532 1177 1606 1217 πῶς
1626 1173 1750 1218 Ἠλίας
1779 1173 1975 1224 ἀνελήφθη,
2007 1173 2152 1210 θανάτου
2187 1170 2235 1222 μὴ
2260 1172 2391 1222 γευσά-

1370 1241 1490 1276 μενος;
1532 1231 1606 1271 πῶς
1627 1225 1747 1277 Ἑνὼχ
1786 1225 1977 1276 μετετέθη,
2010 1225 2158 1263 θανάτου
2189 1229 2312 1277 πεῖραν
2341 1224 2390 1274 μὴ

1366 1278 1505 1326 λαὸών,
1527 1278 1644 1317 Βλέπε
1663 1278 1708 1316 τὰ
1733 1279 1877 1331 ἐνέχυρα
1897 1280 1959 1324 τῆς
1976 1277 2125 1330 ἀρχαίας
2145 1275 2391 1328 δημιουργίας·

1366 1330 1456 1369 ὥστε
1475 1331 1637 1384 ἐνεχώρει
1653 1334 1712 1383 ζῇν
1729 1331 1786 1368 τὸν
1804 1331 1983 1382 ἄνθρωπον
1999 1331 2163 1375 διηνεκῶς
2175 1358 2183 1375 ,
2195 1332 2224 1366 εἷ
2245 1332 2294 1366 τῶ
2312 1328 2392 1381 θείῳ

1368 1384 1650 1422 συνεπολιτεύετο
1671 1383 1778 1436 νόμῳ.
1800 1383 1868 1421 Διὰ
1889 1387 1989 1421 τοῦτο
2011 1387 2028 1421 ὃ
2044 1383 2130 1425 (θεὸς
2147 1385 2310 1434 ἀπαρχάς
2329 1383 2393 1419 λα-

1368 1436 1438 1474 ὅὼν
1458 1441 1517 1474 τοῦ
1539 1436 1709 1490 ἡμετέρου
1727 1436 1843 1487 γένους
1858 1465 1867 1482 ,
1900 1438 1946 1478 εἷς
1972 1435 2162 1474 ἀθανασίαν
2187 1434 2391 1485 μετήνεγκε.

1368 1490 1437 1526 Καὶ
1466 1489 1529 1541 ὅρα
1563 1489 1625 1537 τὴν
1656 1489 1763 1540 σοφὴν
1797 1488 2007 1539 οἰκονομίαν.
2044 1487 2300 1536 Ἀναλαμὸάνει
2333 1487 2391 1524 τὸν

1368 1540 1488 1593 Ἑνὼχ
1506 1542 1574 1593 πρὸ
1600 1544 1737 1580 πολλῶν
1753 1545 1892 1592 γενεῶν,
1914 1541 2060 1592 ἁρπάζει
2086 1539 2144 1578 τὸν
2160 1538 2282 1577 Ἠλίαν
2305 1538 2393 1589 μετὰ

1367 1595 1499 1636 πολλὰς
1519 1595 1657 1645 γενεὰς,
1675 1594 1734 1631 καὶ
1763 1597 1864 1631 τοῦτο
1889 1593 2086 1645 χρησίμως.
2111 1592 2256 1638 Ἐπειδὴ
2271 1592 2340 1643 γὰρ
2356 1593 2392 1629 ἐν

1368 1645 1428 1683 δύο
1453 1645 1584 1684 ἔθνεσιν
1614 1647 1757 1697 ἔμελλεν
1777 1651 1799 1693 ἡ
1826 1646 1983 1684 εὐσέὸεια
2012 1644 2269 1689 πολιτεύεσθαι,
2286 1646 2321 1681 ἐν
2342 1646 2392 1695 τῷ

1367 1699 1441 1750 λαῷ
1463 1702 1513 1750 τῷ
1544 1699 1606 1744 τὴν
1627 1699 1858 1751 ἀκροὸυστίαν
1881 1698 2016 1749 ἔχοντι,
2037 1696 2096 1734 καὶ
2117 1699 2151 1734 ἐν
2179 1699 2229 1748 τῷ
2249 1698 2323 1747 λαῷ
2342 1698 2393 1749 τῷ

1367 1750 1429 1796 τὴν
1447 1751 1639 1802 περιτομὴν
1650 1750 1954 1802 ἐπαγγελλομένῳ,
1969 1752 2006 1787 οὐ
2019 1748 2192 1799 λαμέάνει
2202 1749 2259 1786 τὸν
2269 1747 2392 1786 Ἠλίαν

1368 1803 1484 1853 μόνον,
1501 1803 1558 1841 ἵνα
1579 1804 1626 1854 μὴ
1647 1807 1665 1841 ὁ
1682 1805 1847 1847 Ἰουδαῖος
1869 1803 2093 1854 καυχήσηται
2111 1805 2153 1852 τῇ
2170 1803 2314 1853 ἀπαρχῇ
2331 1816 2393 1838 σε-

1369 1856 1589 1906 μνυνόμενος·
1600 1856 1689 1893 ἀλλὰ
1704 1859 1841 1906 πρῶτον
1853 1855 2026 1905 λαμὸάνει
2043 1855 2101 1892 τὸν
2114 1853 2244 1905 Ἑνὼχ,
2253 1855 2291 1890 οὐ
2303 1852 2394 1891 κατὰ

1368 1908 1424 1946 τὸν
1447 1908 1549 1959 νόμον
1565 1909 1870 1958 πολιτευσάμενον,
1888 1909 1963 1945 ἀλλ’
1983 1905 2274 1953 ἐκκλησιαστικὴν
2290 1907 2393 1944 εὐκο-

1369 1960 1473 2010 σμίαν
1486 1961 1695 2013 φυλάξαντα.
1707 1961 1832 1999 Πάντα
1842 1961 1909 2013 γὰρ
1922 1960 1964 1998 τὰ
1974 1960 2041 2011 πρὸ
2051 1959 2156 2008 νόμου
2167 1952 2320 2005 τύποςῆν
2332 1962 2394 2005 τῆς

1370 2013 1599 2060 Ἐκκλησίας.
1618 2013 1819 2067 Ἐρώτησον
1842 2013 1920 2057 τοὺς
1950 2012 2056 2064 μέχρι
2077 2010 2236 2062 Ἀδραὰμ
2255 2011 2313 2048 καὶ
2333 2014 2393 2048 τοῦ

1369 2065 1476 2115 νόμου
1497 2065 1670 2112 δικαίους,
1690 2066 1780 2108 τίνες
1797 2069 1897 2112 ἦσαν.
1924 2065 1986 2103 Ἐν
1999 2065 2110 2118 τρισὶν
2129 2063 2274 2114 ὀνόμασι
2296 2062 2395 2115 στρέ-

1371 2134 1472 2169 φεται
1500 2118 1544 2157 τὰ
1576 2119 1709 2166 πάντα,
1748 2122 1782 2156 ἑν
1822 2120 2023 2169 ἑλληνισμῷ
2053 2120 2103 2170 τῷ
2139 2119 2200 2162 τ’ῆς
2232 2115 2395 2158 ἀπιστίας

1373 2170 1492 2222 με’ρει,
1513 2173 1547 2208 ἐν
1569 2173 1762 2224 ἷουδαϊσμῷ
1792 2173 1841 2223 τῷ
1865 2171 1955 2208 κατὰ
1975 2171 2078 2220 νόμον
2095 2168 2394 2219 πολιτευσαμένῳ,

1373 2225 1407 2260 ἐν
1427 2227 1685 2275 χριστιανισμῷ
1702 2227 1749 2276 τῷ
1763 2224 1854 2261 κατὰ
1872 2223 1934 2269 τὴν
1952 2221 2181 2272 εὐαγγελικὴν
2199 2220 2301 2272 χάριν
2317 2223 2398 2267 ὁδη-

1373 2276 1545 2327 γουμένῳ.
1583 2276 1861 2327 Ἐρωτάσθωσαν
1896 2279 1926 2314 οἳ
1959 2277 2001 2312 δι’
2036 2274 2191 2316 ἐναντίας
2224 2273 2304 2323 περὶ
2336 2275 2396 2310 τοῦ

1373 2327 1485 2378 Ἀδὰμ
1504 2328 1561 2365 καὶ
1583 2327 1686 2366 Ἄδελ
1717 2329 1776 2365 καὶ
1797 2327 1916 2378 'Em-,4
1936 2327 1993 2365 καὶ
2015 2327 2089 2372 Σὴθ
2119 2326 2179 2363 καὶ
2212 2327 2292 2363 Νῶε
2307 2354 2316 2371 ,
2338 2324 2397 2362 καὶ

1374 2379 1448 2434 (ἶσοι
1482 2380 1514 2424 ἐξ
1552 2380 1682 2418 ἐκείνου
1719 2380 1907 2432 διέπρεψαν
1946 2379 2069 2430 μέχρις
2099 2377 2276 2428 Ἀδραὰμ,
2309 2376 2399 2420 τίνες

1375 2436 1484 2479 ἠσαν;
1503 2431 1694 2479 ἽΞλληνεςς
1711 2433 1802 2470 Ἀλλ’
1824 2434 1861 2470 οὐ
1880 2437 2053 2483 συγχωρεῖ
2073 2434 2095 2476 ἡ
2116 2430 2244 2473 πίστις.
2263 2427 2399 2476 υΕλλη-

1377 2500 1430 2527 νες
1452 2486 1513 2522 οὐκ
1544 2480 1644 2531 ἦσαν.
1665 2487 1718 2523 Οὐ
1735 2485 1802 2536 γὰρ
1832 2484 1979 2534 ἀπιστίᾳ
2012 2483 2216 2529 συνέζησαν,
2240 2481 2399 2531 δαίμοσιν

1377 2539 1438 2574 οὐκ
1457 2537 1672 2582 ἐδούλευσαν,
1692 2537 1822 2581 ξοάνοις
1848 2538 1914 2588 οὐχ
1944 2536 2184 2586 ὑπετάγησαν,
2212 2537 2255 2584 τῇ
2284 2533 2398 2585 πλάνῃ

1376 2591 1444 2627 τῶν
1464 2589 1635 2640 δαιμόνων
1648 2590 1874 2636 ἀντέστησαν.
1893 2591 1945 2627 Οὐ
1965 2588 2127 2626 δύνανται
2141 2586 2252 2625 τοίνυν
2267 2584 2401 2632 ἽΞλλη-

1377 2657 1430 2684 νες
1452 2642 1691 2692 ὀνομάζεσθαι.
1711 2643 1816 2681 Ἀλλὰ
1833 2642 1866 2679 τί
1895 2636 2001 2688 ἦσαν,
2022 2641 2202 2684 Ἰουδαῖοι,
2217 2638 2311 2676 Ἀλλ’
2338 2640 2401 2675 οὐκ

1379 2693 1535 2738 ἐδέξαντο
1550 2695 1608 2732 τὸν
1622 2695 1739 2745 νόμον,
1760 2697 1821 2732 οὐκ
1837 2693 2006 2746 ἐφύλαξαν
2027 2691 2189 2730 σάὸὃατα
2201 2720 2210 2736 ,
2230 2692 2268 2728 οὐ
2285 2705 2398 2741 παρε-

1379 2745 1536 2798 τήρησαν
1569 2747 1762 2798 βρωμάτων
1790 2746 1971 2799 διαφορὰς,
1992 2746 2054 2783 οὐκ
2080 2738 2170 2795 εἶχον
2193 2742 2399 2794 περιτομήν.

1381 2800 1425 2853 Εἰ
1443 2799 1555 2837 τοίνυν
1576 2803 1607 2838 οἱ
1637 2801 1658 2836 ἀ
1681 2806 1779 2851 χαῖοι
1798 2798 1887 2848 μήτε
1902 2798 2094 2842 ἽΞλληνες,
2123 2796 2210 2846 μήτε
2238 2796 2401 2833 Ἰουδαῖοι

1381 2855 1483 2898 ἠσαν,
1503 2851 1626 2903 εὑρέθη
1653 2855 1767 2903 ἕτερον
1789 2852 1898 2902 ὄνομα
1916 2851 1955 2888 τὸ
1980 2849 2166 2898 δυνάμενον
2197 2849 2312 2889 αὐτοῖς
2338 2848 2403 2899 ἁρ-

1383 2904 1501 2953 μόσαι.
1528 2903 1570 2941 Εἴ
1591 2920 1630 2955 γε
1652 2904 1741 2955 μήτε
1760 2903 1941 2948 Ἰουδαῖοι,
1961 2901 2051 2951 μήτε
2072 2900 2246 2947 Ἕλληνες
2272 2902 2303 2937 οἱ
2334 2899 2402 2950 πρὸ

1380 2956 1486 3006 νόμου
1505 2957 1794 3006 πολιτευσάμενοι
1810 2986 1819 3003 ,
1838 2955 1916 2992 τίνα
1947 2953 2098 3007 διωδόασιν
2127 2955 2240 2995 αὐτοῖς
2266 2966 2401 3003 προση-

1381 3008 1522 3061 γορίαν;
1542 3008 1575 3045 τί
1594 3008 1633 3046 τὸ
1659 3007 1950 3058 ὑπολειπόμενον,
1975 3008 2020 3043 Ἤ
2038 3007 2140 3051 δῆλον
2162 3005 2214 3042 ὅτι
2234 3005 2402 3056 Χριστια-

1382 3063 1451 3108 νοὶ,
1473 3062 1510 3099 οὐ
1526 3064 1568 3113 τῇ
1586 3060 1821 3113 προσηγορίᾳ,
1842 3059 1931 3097 ἀλλὰ
1959 3062 2001 3109 τῇ
2033 3058 2189 3107 δυνάμει.
2210 3055 2277 3093 Διὰ
2301 3060 2403 3093 τοῦτο

1381 3113 1509 3157 πάντες
1525 3116 1555 3151 οἱ
1574 3113 1676 3151 τύποι
1702 3116 1763 3158 τῆς
1778 3110 1990 3157 Ἔκκλησίας
2012 3110 2250 3162 προέλαμπον.
2268 3107 2402 3158 Ἀπερί-

1381 3181 1511 3215 τμητος
1530 3168 1547 3202 ὁ
1569 3165 1698 3217 Ἑνὼχ,
1714 3164 1832 3216 ὥσπερ
1848 3164 1907 3201 καὶ
1926 3167 1947 3209 ἡ
1963 3162 2174 3208 Ἐκκλησία·
2193 3162 2230 3198 οὐ
2248 3158 2403 3215 Ιδουλεύει

1380 3217 1496 3269 νόμῳ,
1515 3216 1634 3269 ὥσπερ
1654 3217 1712 3255 καὶ
1730 3220 1747 3254 ὁ
1765 3217 1846 3258 λαὸς
1867 3220 1925 3254 τοῦ
1955 3216 2127 3266 Χριστοῦ·
2146 3216 2206 3252 οὐκ
2234 3214 2303 3250 οἶδε
2321 3213 2401 3248 δια-

1380 3271 1486 3323 φορὰς
1526 3269 1735 3321 βρωμάτων,
1768 3268 1885 3318 ὥσπερ
1915 3272 1936 3314 ἡ
1957 3266 2151 3312 Ἐκκλησία
2183 3269 2204 3311 ἦ
2240 3266 2290 3315 τῷ
2322 3262 2401 3314 θείῳ

1382 3323 1705 3371 συμπολιτευομένη
1730 3321 1838 3372 λόγῳ.
1859 3319 2083 3372 Ἀρχαιοτέρα
2109 3318 2248 3356 πάντων
2267 3319 2288 3361 ἡ
2310 3314 2398 3352 Ἐγ.-

1380 3374 1507 3418 κλησία
1528 3377 1548 3419 ἡ
1569 3376 1619 3425 τῷ
1644 3374 1741 3425 τύπῳ
1760 3377 1822 3419 τῆς
1836 3372 2010 3415 eoo-agaim
2029 3369 2277 3421 στοιχουμένη,
2306 3367 2363 3405 καὶ
2377 3370 2398 3413 ἡ
