2522 3683
291 153 383 216 570
772 168 808 197 S.
849 164 1031 196 JOANNIS
1066 160 1308 194 CHRYSOST.
1348 161 1549 193 ARCHIEP.
1587 162 1942 194 CONSTANTINOP-

290 254 380 290 sari.
402 249 597 302 Oportebat
615 262 697 300 ergo
720 249 788 287 hoc
812 248 1002 299 diligenter
1020 247 1215 299 explorare,
1231 258 1276 281 an
1347 259 1438 296 σαρι.
1459 244 1592 296 Ἐχρῆν
1612 239 1669 282 οῧν
1690 248 1792 283 τοῦτο
1819 244 1978 289 ἐξετάσαι
1998 245 2086 296 μετὰ
2115 245 2312 298 ἀκριὸείας,
2343 246 2375 284 εἴ

289 310 515 364 tyrannidem
541 310 734 353 affectaret.
753 319 786 347 et
803 310 975 347 Caesarem
989 322 1007 345 e
1024 321 1132 358 regno
1155 304 1272 358 depel-
1346 319 1385 355 γε
1400 304 1574 356 τυραννίδι
1594 304 1756 353 ἐπέθετο,
1773 305 1833 344 καὶ
1853 306 1909 343 τὸν
1929 306 2092 357 Καίσαρα
2113 309 2175 352 τῆς
2196 306 2372 357 βασιλείας

288 372 360 409 lere
388 380 546 409 tentaret.
568 371 638 409 Sed
668 370 758 408 illud
790 384 857 407 non
886 368 1082 416 examinat3
1102 367 1181 405 ideo
1202 366 1276 419 ipse
1347 365 1505 403 ἐκὸαλεῖν
1530 365 1755 418 ἐπεχείρισεν.
1785 368 1877 404 Ἀλλ’
1903 369 1941 404 οὐ
1967 372 2117 404 ποιεῖται
2136 365 2200 412 τὴν
2219 366 2372 411 ἐξέτασιν

290 447 357 470 non
386 432 581 485 respondit,
602 447 683 470 eum
708 432 811 469 sciret
834 431 952 482 ipsum
972 429 1103 466 frustra
1125 428 1274 466 interro-
1348 426 1436 476 μετὰ
1461 426 1653 480 ἀκριέείας.
1682 426 1750 465 Διὰ
1769 432 1868 466 τοῦτο
1898 427 1992 466 οὐδὲν
2025 429 2119 480 αὐτῷ
2141 427 2373 479 ἀπεκρίνατο,

289 507 384 544 gare.
406 494 584 545 Alioquin,
605 493 710 530 rebus
730 492 815 544 ipsis
834 489 1116 536 testificantibus,
1134 488 1275 526 nolebat
1296 487 1319 516 C
1345 489 1462 535 ἐπειδὴ
1485 489 1559 541 ᾔδει
1583 491 1658 539 εἰκῇ
1683 488 1799 527 πάντα
1817 491 2037 543 ἔιι-Ξριιπιίἶντα.
2063 490 2133 527 Καὶ
2164 490 2277 532 ἄλλως
2312 488 2346 528 δὲ
2364 520 2373 537 ,

288 556 397 594 verbo
411 556 562 601 vincere,
584 564 617 592 et
635 553 872 591 defensionem
887 565 1023 603 parare,
1037 549 1223 588 ostendens
1239 563 1274 586 se
1343 551 1411 586 τῶν
1433 549 1540 602 ἔργων
1560 548 1824 602 μαρτυρούντων
1845 552 1956 602 αὐτῷ,
1977 552 2040 589 οὐκ
2065 550 2223 589 ἐδούλετο
2243 550 2299 588 διὰ
2314 550 2373 589 λόω

288 629 411 671 sponte
437 618 563 656 adhoc
589 616 734 654 venisse.
757 615 848 652 Cum
875 613 991 651 sileret
1012 625 1108 663 ergo,
1125 613 1185 649 10.
1201 612 1274 650 Ait
1343 625 1403 660 γου
1420 617 1518 663 νικᾷν
1534 611 1593 648 καὶ
1616 610 1804 661 ἀπολογίαν
1823 611 2038 657 συντιθέναι,
2059 611 2190 656 δεικνὺς
2214 611 2267 650 ὅτι
2284 611 2371 650 ἑκὼν

290 682 444 718 Pilatus
467 695 476 715 :
500 681 633 716 veseis
657 680 749 730 quia
767 684 996 728 potestatem
1016 675 1138 712 habeo
1153 675 1274 711 cruci·
1344 671 1400 709 ἐπὶ
1424 675 1524 710 τοῦτο
1542 672 1696 724 ἔρχεται.
1715 672 1818 710 Ἐπεὶ
1848 666 1905 709 οὖν
1935 672 2091 720 ἐσίγησε,
2125 672 2226 725 φησὶν
2258 677 2275 712 ὁ
2307 674 2374 710 Πι-

305 756 404 792 lgere
421 739 621 779 te.³Viden'
638 738 815 790 quomodo
832 736 987 789 seipsum
1001 734 1169 772 damnare
1186 748 1274 786 prae-
1342 734 1465 776 λᾶι-ος·
1487 736 1564 771 Οὐκ
1595 727 1688 777 οἶδας
1716 733 1769 772 ὅτι
1805 733 1959 778 ἐξουσίαν
1989 734 2060 786 ἔχω
2093 734 2291 786 σταυρῶσαί
2317 750 2375 782 σε,

289 802 457 854 occupet?
472 803 564 839 Nam
586 801 615 838 si
634 800 670 837 iu
689 809 723 837 ‘te
747 808 862 837 totum
892 797 1000 835 situm
1019 805 1081 845 est,
1102 809 1165 833 cur
1194 809 1275 833 cum
1344 793 1453 848 Ὁρᾷς
1473 799 1545 838 πῶς
1563 796 1683 834 ἑαυτὸν
1703 795 1972 849 προκατέκρινεν
1989 811 1999 842 ;
2028 797 2073 834 Εἰ
2101 794 2168 847 γὰρ
2204 798 2236 833 ἐν
2264 796 2317 833 σοὶ
2336 795 2375 834 τὸ

288 863 426 900 nullam
450 876 592 899 causam
618 860 790 907 invenias,
819 873 887 896 uon
913 858 1069 895 liberum
1095 855 1273 894 dimittis-P
1344 861 1413 892 πᾶν
1441 861 1574 903 κεῖται,
1597 856 1687 900 τίνος
1716 856 1828 895 ἕνεκεν
1858 856 2021 907 οὐδεμίαν
2049 856 2162 894 αἰτίαν
2182 855 2290 909 εὑρὼν
2313 859 2375 895 οὐκ

289 926 382 962 Cum
411 939 494 976 ergo
527 923 734 962 sententiam
761 921 954 959 adversum
988 933 1024 957 se
1054 917 1273 970 protulisset,
1345 915 1526 962 ἀπολύεις;
1546 916 1648 955 Ἐπεὶ
1680 912 1737 955 οῧν
1766 920 1842 955 καθ’
1870 920 1992 956 ἑαυτοῦ
2023 917 2084 964 τὴν
2116 917 2291 969 ἀπόφασιν
2323 918 2375 962 ἐξ-

289 996 373 1025 tunc
399 987 505 1025 dicit:
525 988 565 1023 11
581 1016 587 1023 .
612 987 686 1035 Qui
702 999 760 1021 me
776 983 939 1020 tradidit
952 983 1035 1027 tibi,
1048 982 1174 1032 majus
1187 992 1276 1031 pec-
1345 975 1480 1027 ἤνεγκε,
1496 977 1574 1015 τότε
1589 978 1695 1029 λέγει·
1716 978 1870 1022 Μείζονα
1898 977 2073 1029 ἁμαρτίαν
2090 978 2164 1030 ἔχει
2182 982 2199 1016 ὃ
2217 980 2372 1032 παραδι-

288 1057 417 1086 eatztm
444 1049 573 1093 habet,
599 1044 784 1083 ostendens
816 1043 932 1094 ipsum
966 1054 1107 1091 quoque
1134 1049 1275 1091 peccato
1346 1036 1421 1080 δούς
1443 1038 1486 1087 με’
1506 1054 1577 1076 σοι
1603 1038 1754 1085 δεικνυς,
1787 1039 1840 1076 ὅτι
1866 1039 1925 1076 και
1942 1039 2040 1083 αυτὸς
2060 1042 2275 1084 ὑπεύθυνος“
2260 1055 2373 1116 αμαρ-

289 1109 486 1147 obnoxium
505 1121 597 1157 esse,
616 1105 744 1143 deinde.
764 1103 860 1141 illius
877 1103 1007 1139 fastum
1019 1099 1277 1151 arrogantiam·
1300 1101 1322 1129 D
1344 1096 1404 1135 τία
1429 1098 1532 1136 εστίν.
1559 1094 1647 1137 Εἶτα
1667 1115 1857 1137 κατασπων
1878 1102 1982 1137 αὐτου
2003 1101 2042 1138 τὸ
2062 1100 2222 1153 φρόνημα
2243 1102 2302 1139 καὶ
2316 1102 2374 1140 τὸν

287 1185 355 1221 que
381 1170 583 1223 dep1imens
612 1168 696 1205 ait:
719 1168 810 1204 Non
842 1166 1002 1202 haberes
1030 1170 1272 1214 potestatem,
1343 1173 1462 1210 τυφον,
1480 1159 1607 1210 φησίν·
1631 1161 1707 1198 Οὐκ
1726 1163 1816 1212 εἶχες
1836 1160 2003 1208 ἐξουσίαν,
2026 1162 2054 1198 εἷ
2038 1161 2120 1240 1,μὴ
2134 1166 2176 1208 ἠν
2195 1179 2248 1201 σοι
2273 1164 2371 1200 δεδο-

289 1236 364 1270 nisi
382 1235 451 1270 tibi
475 1233 611 1269 datum
636 1237 746 1275 esset,
765 1227 948 1265 declarans
967 1239 1037 1263 non
1051 1234 1194 1272 temere,
1216 1238 1276 1261 ne-
1348 1218 1467 1270 μένον
1493 1221 1606 1267 δηλῶν
1628 1235 1666 1258 ου
1669 1236 1694 1272 L
1712 1222 1832 1264 ἁπλως
1850 1220 1910 1259 καὶ
1930 1221 2020 1259 κατὰ
2038 1220 2127 1268 1’τὴν
2149 1238 2217 1259 των
2235 1225 2372 1261 πολλῶν

286 1307 353 1344 que
379 1291 573 1330 seeundum
604 1302 827 1328 communem
848 1301 966 1335 usum,
988 1284 1049 1324 sed
1069 1284 1219 1338 mystice
1238 1283 1276 1321 id
1347 1281 1551 1319 ἀκολουθίαν
1579 1286 1679 1319 τοῦτο
1707 1280 1896 1333 γινόμενον,
1926 1281 2016 1320 ἀλλὰ
2048 1287 2224 1333 μυστικῶς
2254 1287 2372 1323 ἐπιτε-

287 1355 501 1407 completum
513 1353 631 1391 fuisse.
651 1352 704 1389 Ne
718 1365 801 1389 vero
825 1349 986 1397 audiens,
1009 1348 1098 1385 Nisi
1118 1349 1186 1384 tibi
1205 1347 1275 1384 da-
1346 1342 1523 1393 λούμενον.
1543 1341 1623 1381 Ἵνα
1643 1342 1678 1381 δὲ
1701 1342 1748 1394 μὴ
1769 1342 1937 1391 ἀκούσας,
1969 1345 2012 1382 Εἰ
2033 1344 2081 1395 μὴ
2098 1339 2139 1391 ἦν
2161 1361 2214 1383 σοι
2232 1345 2373 1395 δεδομέ-

287 1425 368 1454 tmn
389 1425 498 1462 esset,
519 1429 554 1453 se
576 1413 673 1452 omni
699 1411 846 1450 crimine
866 1411 1023 1448 liberum
1041 1417 1197 1461 putaret,
1217 1407 1274 1445 di-
1345 1420 1414 1452 νον,
1433 1405 1558 1456 νομίσῃ
1580 1410 1639 1443 τοῦ
1666 1404 1794 1449 παντὸς
1809 1405 2037 1457 ἀπηλλάχθαι
2061 1405 2297 1457 ἐγκλήματος,
2319 1406 2374 1445 διὰ

285 1478 334 1515 eit
353 1494 359 1514 ε
383 1479 456 1528 Qui
475 1492 535 1515 me
554 1476 717 1514 tradidit
740 1476 822 1520 tibi,
846 1474 972 1525 majus
989 1479 1190 1523 peccatum
1204 1471 1275 1507 ha·
1344 1469 1443 1503 τοῦτο
1461 1460 1553 1504 εἷπε·
1587 1465 1739 1510 Μείζονα
1767 1465 1940 1518 ἁμαρτίαν
1957 1466 2029 1518 ἔχει
2058 1469 2075 1504 ὃ
2094 1467 2304 1518 παραδιδούς
2328 1467 2373 1517 με’

288 1540 361 1576 bet.
382 1538 488 1589 Atqui
509 1537 538 1575 si
555 1536 679 1574 datum
701 1544 787 1583 erat,
804 1547 917 1584 neque
929 1532 990 1569 hic
1009 1544 1120 1581 neque
1136 1530 1189 1567 illi
1205 1530 1274 1567 ob-
1345 1543 1409 1565 σοι.
1431 1528 1500 1565 Καὶ
1522 1528 1590 1579 μὴν
1608 1530 1637 1565 εἰ
1657 1527 1836 1578 δεδομένον
1854 1522 1907 1574 ἦν,
1926 1526 2001 1566 οὔτε
2018 1522 2133 1575 οἶτος,
2154 1527 2231 1566 οὔτε
2249 1530 2373 1566 ἐκεῖνοι

290 1600 389 1638 noxii
412 1608 520 1638 erant.
544 1600 691 1636 Frustra
717 1597 767 1634 sic
787 1594 944 1646 loqueris
968 1609 975 1630 ε
1000 1592 1061 1630 hic
1079 1592 1174 1630 enim
1190 1593 1273 1629 Da·
1343 1588 1525 1627 ὑπεύθυνοι
1547 1588 1792 1642 ἐγκλημάτων.
1821 1591 1912 1641 Εἷκῇ
1945 1593 2055 1627 ταῦτα
2075 1588 2206 1640 λέγεις·
2234 1590 2274 1628 τὸ
2305 1590 2373 1642 γὰρ

288 1670 367 1699 tum
398 1675 462 1713 pro
494 1674 699 1698 concessum
728 1658 878 1706 dieitur,
897 1669 937 1693 ac
967 1655 997 1693 si
1026 1654 1171 1701 diceret,
1190 1654 1273 1691 Haee
1345 1651 1536 1701 Δεδομένον
1556 1652 1703 1689 ἐνταῦθα
1721 1651 1759 1689 τὸ
1791 1649 2101 1703 συγκεχωρημένον
2120 1649 2229 1688 ἐστίν·
2247 1650 2373 1689 ὡσανεὶ

287 1723 365 1761 fieri
390 1722 549 1775 permisit
573 1738 579 1758 :
606 1735 668 1758 nec
695 1720 776 1758 ideo
802 1729 919 1757 tamen
944 1717 1047 1769 culpa
1079 1716 1182 1753 liberi
1211 1730 1274 1754 vos
1346 1711 1478 1762 ἔλεγεν·
1500 1711 1595 1750 ε’ίασε
1615 1717 1725 1750 ταῦτα
1758 1710 1933 1762 γενέσθαι·
1958 1713 1994 1748 οὐ
2026 1710 2094 1760 μὴν
2115 1710 2171 1748 διὰ
2191 1716 2292 1750 τοῦτο
2310 1715 2373 1758 τῆς

287 1784 383 1822 estis.
408 1784 536 1823 Verbis
553 1783 656 1820 illum
678 1780 879 1834 perterruit,
902 1779 1103 1828 claramque
1122 1777 1274 1829 praebuit
1345 1772 1510 1826 πονηρίας
1528 1773 1625 1816 ἐκτὸς
1640 1775 1749 1824 ὑμεῖς.
1780 1771 2004 1818 Κατέπληξεν
2027 1771 2129 1809 αὐτὸν
2153 1771 2208 1809 διὰ
2224 1775 2292 1809 τῶν
2311 1775 2373 1824 ῥη-

287 1846 340 1884 sui
362 1845 606 1898 purgationem
625 1860 631 1880 :
650 1852 863 1895 quapropter
879 1841 938 1878 ille
956 1841 1075 1893 ipsum
1092 1839 1276 1877 absolvere
1296 1841 1320 1870 E
1348 1834 1479 1885 μάτων,
1498 1834 1558 1872 καὶ
1578 1838 1670 1886 σαφῆ
1691 1833 1889 1885 παρέσχετο
1903 1832 1966 1879 τὴν
1984 1831 2172 1884 ἀπολογίαν
2187 1848 2194 1856 ·
2216 1833 2290 1871 ὅθεν
2312 1832 2371 1872 καὶ

288 1907 479 1957 quaerebat.
503 1906 561 1943 Illi
588 1919 672 1944 vero
710 1917 853 1941 rursum
883 1901 1083 1939 clamabant
1107 1916 1114 1936 :
1140 1902 1204 1938 42
1236 1900 1277 1938 Si
1346 1895 1456 1942 ἐζήτει
1473 1895 1572 1933 αὐτὸν
1590 1897 1764 1933 ἀπολῦσαι
1781 1893 2028 1937 ἐκεῖνος.Ἀλλ’
2039 1894 2133 1932 αὐτοὶ
2146 1894 2251 1933 πάλιν
2270 1894 2372 1948 ἔκρα-

287 1969 389 2005 hunc
423 1968 597 2012 dimittis,
622 1979 699 2003 non
731 1979 770 2002 es
802 1965 949 2001 amicus
981 1962 1155 1999 Coesaris.
1181 1960 1275 2006 Quia
1346 1958 1419 2000 ζον·
1441 1955 1525 1994 Ἐὰν
1547 1960 1666 1994 τοῦτον
1690 1955 1883 2007 ἀπολύσῃς,
1907 1956 1970 1993 οὐκ
1993 1948 2024 1992 εἷ
2042 1954 2136 2006 φίλος
2163 1960 2221 1993 τοῦ
2239 1955 2373 1993 Καίσα-

286 2029 377 2067 enim
407 2043 451 2067 ex
481 2029 557 2079 lege
575 2027 721 2065 erimina
749 2025 977 2078 proferentes,
1001 2022 1093 2060 nihil
1123 2022 1276 2074 perfeee-
1348 2035 1413 2070 ρος.
1428 2018 1573 2065 Ἐπειδὴ
1596 2018 1663 2071 γὰρ
1684 2018 1826 2057 ἀπὸτοῦ
1841 2017 1945 2068 νόμου
1960 2016 2222 2069 παραγαγόντες
2241 2017 2370 2068 ἐγκλή-

286 2100 376 2137 r‚ant
393 2105 415 2127 x
418 2091 490 2127 misle
509 2089 556 2127 id
574 2098 736 2127 exteinas
754 2095 944 2125 vertuntur
960 2085 1068 2136 leges,
1093 2083 1276 2121 dicentes·
1346 2095 1461 2130 ματα,
1485 2079 1579 2118 οὐδὲν
1602 2079 1755 2127 ὤνησαν,
1783 2077 1985 2131 κακούργως
2016 2077 2072 2116 ε’πὶ
2103 2076 2181 2120 τοὺς
2212 2076 2276 2121 ἔξω
2295 2075 2372 2130 τρέ-

289 2155 422 2190 Omnis
442 2155 508 2204 qni
536 2165 575 2189 se
590 2164 715 2202 regem
730 2150 842 2201 facit,
859 2148 1089 2185 contradicit
1114 2146 1271 2183 Caesari.
1343 2157 1467 2180 πονται
1482 2141 1623 2192 νόμους,
1639 2140 1817 2191 λέγοντες·
1831 2142 1936 2183 Πᾶς
1924 2157 1941 2178 ο
1957 2139 2129 2191 βασιλεα<
2116 2138 2235 2177 εαυτὸν
2249 2141 2372 2186 ποιῶν,

286 2213 334 2251 Et
354 2213 499 2250 ubinam
518 2211 578 2249 hic
603 2221 777 2263 tyrannus
796 2223 874 2260 app
868 2207 984 2245 aruit?
1006 2206 1101 2243 unde
1119 2206 1158 2243 id
1177 2220 1271 2244 com·
1282 2231 1328 2255 501
1344 2203 1515 2254 ἀντιλέγει
1536 2218 1585 2254 τῳ
1606 2201 1770 2256 Καίσαρι.
1787 2201 1857 2239 Καὶ
1871 2217 1936 2239 που
1949 2203 2045 2243 οὗτος
2061 2199 2225 2251 τύραννος
2245 2199 2373 2251 ἐφάνη;

286 2275 436 2327 pmharc
455 2283 553 2325 putei
557 2273 642 2309 itis
661 2286 705 2309 ex
721 2269 907 2322 pulpum?
925 2283 969 2305 ex
984 2267 1209 2305 diademate?
1227 2282 1271 2304 ex
1295 2269 1319 2296 Α
1342 2262 1443 2301 πόθεν
1465 2262 1500 2301 δὲ
1522 2263 1619 2315 ἔχετε
1635 2262 1741 2306 δεῖξαι
1757 2277 1878 2308 τουτο;
1893 2261 1961 2299 ἀπὸ
1977 2264 2039 2307 τῆς
2055 2260 2278 2333 ἁλουργίδος,
2303 2260 2372 2298 ἀπὸ

285 2336 434 2374 habitu?
459 2350 503 2373 ex
525 2333 727 2372 militibus?
753 2345 869 2368 annon
897 2330 991 2367 solus
1018 2342 1155 2380 semper
1190 2342 1271 2366 cum
1341 2329 1400 2363 τοῦ
1420 2324 1686 2375 διαδήματος,ὃ
1701 2323 1769 2361 ἀπὸ
1790 2338 1848 2360 του
1864 2322 2068 2374 σχήματος,
2091 2322 2160 2360 ἀπο
2183 2337 2250 2358 των
2266 2337 2371 2373 στρα-

285 2397 473 2435 duodecim
490 2395 677 2447 discipulis
696 2394 780 2442 ibat,
800 2391 966 2430 omnibus
983 2390 1172 2428 vilioribus
1188 2398 1246 2427 ute
1261 2413 1270 2417 -·
1341 2389 1493 2433 τιωτῶν,
1520 2402 1556 2424 ου
1559 2402 1595 2438 A‘
1616 2384 1717 2435 μόνος
1742 2384 1796 2423 ἀεὶ
1822 2384 1911 2435 μετὰ
1942 2399 2010 2422 των
2032 2383 2166 2421 δώδεκα
2202 2385 2369 2433 μαθητων

284 2460 401 2507 batur,
422 2459 512 2507 cibo,
527 2467 637 2506 veste,
652 2454 881 2494 habitaculo?
896 2452 997 2491 Sedo
1010 2450 1269 2504 impudentiam
1341 2447 1499 2492 ἐὸάδισε,
1516 2447 1631 2484 πάντα
1651 2448 1796 2488 εὐτελῶς
1817 2444 1958 2496 μετιὼν,
1975 2444 2034 2482 καὶ
2054 2443 2199 2497 τροφὴν,
2218 2443 2279 2481 καὶ
2293 2459 2371 2481 στο-

286 2529 318 2557 et
342 2519 626 2572 intempestivam
652 2514 896 2555 formidinem!
919 2514 1055 2552 Pilatus
1079 2512 1171 2550 enim
1188 2527 1270 2551 cum
1340 2508 1420 2559 λὴν,
1448 2508 1508 2546 καὶ
1536 2508 1690 2555 οἴκησιν,
1720 2507 1810 2545 Ἀλλ’
1847 2506 1874 2544 ὣ
1903 2509 1965 2551 τῆς
1997 2504 2200 2549 1’ἀναιδείας
2231 2504 2372 2550 καὶτῆς

286 2581 484 2632 perieulum
503 2579 726 2629 formidaret,
742 2578 771 2616 si
789 2578 864 2615 haec
885 2576 1089 2628 negligeret,
1104 2574 1178 2613 exit
1190 2576 1269 2627 qui·
1343 2571 1486 2624 ἀκαίρου
1507 2570 1650 2614 δειλίας·
1670 2572 1688 2607 ὃ
1715 2568 1784 2622 γὰρ
1801 2570 1974 2615 Πιλᾶτος,
1994 2567 2139 2619 νομίσας
2159 2565 2368 2604 κινδυνεύειν

287 2641 366 2679 dem
382 2643 479 2693 quasi
505 2656 577 2679 rem
599 2641 863 2679 examinaturus
883 2637 945 2685 (id
969 2636 1063 2674 enim
1086 2636 1154 2674 sibi
1178 2636 1267 2684 vult,
1340 2633 1473 2680 λοιπὸν,
1490 2633 1519 2670 εἰ
1538 2630 1679 2684 παρίδοι
1697 2635 1826 2675 ταῦτα,
1856 2628 2035 2681 ἐξέρχεται
2057 2627 2119 2679 μὲν
2137 2631 2183 2671 ὡς
2202 2627 2368 2671 ἐξετάζων

289 2717 368 2740 cum
391 2703 521 2740 sedisse
546 2703 633 2740 dicit
650 2706 681 2751 );
705 2700 766 2738 sed
784 2699 883 2737 nullo
899 2700 990 2736 facto
1009 2697 1183 2745 examine,
1198 2706 1269 2735 tra—
1342 2694 1379 2731 τὸ
1396 2700 1542 2745 πρᾶγμα
1562 2692 1703 2744 (τὸγὰρ
1725 2690 1867 2729 καθίσαι
1897 2695 1997 2728 τοῦτο
2019 2689 2184 2738 ἓδήλου)·
2205 2687 2368 2739 οὐδεμίαν

289 2763 382 2801 ‹lidjt
401 2778 494 2808 eum,
512 2773 638 2815 putans
657 2778 692 2800 se
710 2762 790 2799 illos
814 2761 1030 2799 inflexurum
1053 2772 1139 2796 esse.
1163 2757 1272 2805 Quod
1343 2755 1377 2794 δὲ
1395 2761 1408 2775 ““’
1418 2754 1650 2805 ποιησάμενος
1674 2753 1841 2800 ἐξέτασιν,
1860 2751 2098 2805 παραδίδωσιν
2117 2751 2218 2789 αὐτὸν
2232 2782 2241 2798 ,
2267 2750 2370 2801 νομί-

289 2826 382 2863 enim
411 2826 472 2862 illo
501 2833 586 2862 esset
603 2824 734 2871 animo,
754 2838 798 2861 ex
827 2821 931 2859 dietis
951 2820 1063 2858 audi.
1085 2822 1147 2858 14.
1168 2821 1271 2858 Ecce
1343 2818 1408 2860 ζων
1437 2815 1653 2861 δυσωπήσειν
1675 2813 1808 2856 αὐτούς.
1823 2812 1910 2851 (Ότι
1924 2812 1990 2864 γὰρ
2011 2811 2119 2855 οὕτως
2135 2811 2218 2849 αὐτὸ
2237 2810 2369 2858 ἐποίει,

288 2888 371 2924 Rev
398 2894 538 2923 vester.
561 2885 651 2921 Cum
682 2885 856 2922 dixissent
880 2883 947 2932 illi,
969 2882 1134 2934 C'I‘Cifio
1118 2896 1173 2931 cre,
1192 2894 1271 2918 rur-
1343 2877 1489 2915 οίκουσον
1505 2876 1540 2914 τί
1568 2891 1689 2928 φησιν·
1711 2874 1781 2912 Ἴδε
1802 2877 1819 2912 ὃ
1844 2873 2039 2925 βασιλευς
2027 2888 2137 2923 υιιων.
2159 2871 2350 2919 Ἐπειδὴ
2333 2871 2370 2910 οε

288 2962 367 2985 sum
383 2947 556 2985 addidit:
582 2949 625 2983 1
620 2965 643 2983 ›.
666 2948 718 2983 H<
711 2961 802 2997 wcm
820 2955 992 2983 vestrum
1018 2945 1262 2997 crucifigam.
1259 2947 1272 2971 ’ν’
1294 2950 1316 2978 B
1344 2943 1436 2978 εἰπον
1463 2941 1606 2985 ἐκεῖνοι,
1629 2934 1996 2989 Σταύρωσον,πάλιν
1983 2934 2137 2986 επήγαγε
2153 2933 2281 2985 λέγων·
2298 2933 2369 2971 Γὸν

287 3010 357 3047 Illi
375 3024 467 3047 vero
485 3009 723 3052 clamabant,
745 3009 826 3043 oon
846 3008 1030 3044 habemus
1051 3020 1176 3057 regem
1197 3007 1271 3043 nisi
1346 3000 1523 3052 βασιλεα
1511 3015 1608 3050 υμων
1625 2996 1830 3048 σταυρι3σω;
1853 2998 1898 3035 Οἱ
1917 2996 1981 3033 &te
1969 2995 2125 3047 ἔκραζον,
2142 2998 2217 3033 Οὐκ
2244 2994 2370 3047 ἔχομεν

290 3071 494 3108 οα>3αιέιη.
526 3070 658 3120 Sponte
691 3081 725 3104 se
760 3067 883 3104 ultioni
916 3067 1151 3118 subjecerunt.
1183 3066 1268 3104 Ideo
1345 3061 1509 3114 βασιλέα,
1541 3058 1635 3111 eiu->1
1655 3058 1829 3111 Ικαίσαρα.
1853 3056 2176 3100 Ἑκόντεςὲαυτους
2195 3056 2368 3095 υπέᾶαλον

332 3227 343 3239 Ἰ
367 3214 458 3247 Editi
484 3218 611 3258 ἐρωτῶν.
629 3209 728 3242 Savil.
750 3214 824 3255 ἐρῶν
853 3206 1025 3251 legendum
1052 3218 1118 3240 esse
1142 3208 1288 3250 conjicit.
1402 3215 1414 3230 Β·
1440 3202 1500 3235 Alii
1516 3207 1575 3237 ἀπὸ
1592 3206 1643 3235 τοῦ
1659 3205 1823 3244 ὀχήματος.

287 3268 405 3299 Verum
423 3266 500 3297 Mss.
520 3273 599 3306 pene
615 3272 729 3293 omnes
746 3266 902 3305 ἐρωτῶντα
919 3258 1055 3301 optime.
1402 3259 1418 3281 b
1443 3255 1503 3287 Alii
1521 3257 1687 3300 ἀνανδρίας·

330 3325 347 3349 1,
374 3317 432 3350 Alii
452 3324 502 3356 τὴν
520 3327 575 3350 τῶν
591 3319 690 3349 ἀλλων
707 3317 791 3347 dno).
1403 3319 1415 3331 ⁴³
1450 3305 1563 3338 Morel.
1583 3309 1792 3346 τ’(νιν-[Λο-ἀμενος7
