2507 3673
676 222 719 250 ln
752 223 1039 252 MERETMCEM
1074 223 1131 252 ET
1166 222 1450 252 PHARlSAEuM.

123 299 277 352 ἶττωχον
293 302 502 353 περιὸοἱλῃς,
527 301 595 353 ἐγὼ
610 304 671 348 τῆς
692 302 822 353 θέρμης
847 303 1066 352 αἰσθάνομαι.
1087 304 1155 368 91-

137 352 196 395 δας
217 370 260 403 με
280 356 314 391 ἐν
332 356 464 405 οὐρανῷ
478 357 526 405 τῷ
543 354 657 406 Πατρὶ
674 356 949 405 συγκαθήμενον·
969 355 1034 392 κᾶν
1053 370 1157 405 μονον

135 407 293 456 ὃρμησης
315 404 393 448 τοὺς
413 407 447 443 ἐν
473 408 608 458 φυλακῇ
635 407 908 458 ἐπισκέψασθαι,
933 407 1089 458 εὑρήσεις
1114 423 1158 456 με

133 463 203 500 τοῖς
218 459 354 508 δεσμοῖς
373 459 650 509 συγκαθήμενον·
685 460 748 497 κᾶν
766 460 899 512 &polu-(lq
918 460 1003 511 πρὸς
1021 463 1158 497 νοσοῦν-

133 524 216 555 τας,
248 514 308 556 τῆς
334 511 452 557 κλίνης
467 514 533 549 ,οὐκ
553 513 853 564 ἀπολιμπάνομαι.
882 514 1068 563 Πανταχοῦ
1089 511 1156 563 γάρ

132 563 224 611 εἶμι,
238 563 295 600 καὶ
310 569 380 605 τοῖς
398 565 430 600 ἐν
452 564 586 615 ἀνάγκη
604 564 831 617 προΐσταμαι.
847 563 966 614 σΟπερ
984 563 1023 600 ἂν
1044 563 1156 628 διζῧιξῃς

133 616 182 664 τῷ
201 614 346 663 πένητι,
366 617 441 683 ὅγῦει
459 620 559 654 τοῦτο
578 620 660 669 παρ’
677 621 759 668 ἐμοῦ
779 615 1050 665 πληθυνόμενον.
1082 616 1155 654 ham

133 666 274 719 εἰσάγῃς
293 671 340 712 εἷς
366 685 427 714 την
448 669 558 707 οἰκίαν
579 685 638 708 σου
663 671 720 708 τὸν
739 669 895 720 ἄστεγον,
914 667 974 705 καὶ
991 668 1032 704 δι’
1052 670 1156 706 αὐτοῦ

132 718 244 769 ’Λάδης
274 737 317 771 με
341 723 375 759 ἐν
393 722 476 774 οἴκῳ
496 738 572 769 σου,
594 722 674 775 τρία
690 726 802 776 ταῦτα
820 719 959 773 παρέξω
992 735 1064 758 σοι·
1097 722 1156 759 καὶ

132 772 172 809 τὸ
199 772 317 825 κέρδος
351 774 509 822 αυξήσω,
536 774 594 812 καὶ
618 775 675 812 τὸν
706 774 797 811 οἶκόν
823 788 883 827 σου
913 772 1072 825 φυλάξω,
1097 774 1157 812 καὶ

133 825 240 874 μονὴν
263 829 296 864 ἐν
325 829 479 877 οὐρανοῖς
507 826 683 876 ἑτοιμάσω
708 842 779 864 σοι·
807 827 840 863 ἐν
860 829 881 874 ᾗ
904 825 1037 877 ἀπέδρα
1054 826 1154 875 ὀδύνη

131 877 191 914 καὶ
218 878 310 925 λύπη
336 880 395 917 καὶ
415 879 623 933 στεναγμὸς,
651 881 685 917 ἐν
715 881 797 931 Θεῷ
830 878 964 931 Πατρὶ,
1002 879 1077 930 ἅμα
1106 882 1156 932 τῷ

132 929 220 981 ἁγίῳ
241 931 441 981 Πνεύματι,
461 936 489 984 ᾧ
514 936 535 978 ἡ
567 931 649 974 δόξα
679 931 738 968 καὶ
764 932 803 969 τὸ
831 931 969 985 κράτος,
1004 937 1061 971 νῦν
1095 933 1154 971 καὶ

132 982 208 1030 ἀεὶ,
225 983 283 1021 καὶ
303 986 350 1027 εἰς
363 984 440 1028 τοὺς
465 986 590 1028 αἰῶνας
614 988 684 1023 τῶν
708 984 855 1024 αἰώνων.
872 984 993 1036 Ἀμήν.

2127 216 2185 280 67
2202 237 2210 263 1

1232 311 1346 340 torem
1366 301 1561 340 reddamus
1574 303 1775 342 Creatorem
1787 335 1798 355 ,
1813 319 1855 344 ne
1871 308 1933 345 illa
1945 309 2003 347 die
2020 325 2141 362 poenas
2159 313 2219 352 de·

1231 367 1334 390 mus:
1350 367 1510 391 emamus
1531 355 1690 405 pecuniis
1713 357 1814 395 nobis
1833 368 1986 398 oratores
2006 363 2144 402 futuros
2175 366 2219 404 ad

1231 418 1305 442 rem
1316 405 1529 457 ejuscemodi
1540 408 1836 459 consequendam:
1853 411 1961 449 habes
1975 414 2106 466 quippe
2118 432 2217 455 amo-

1231 457 1280 495 ris
1299 471 1382 508 erga
1399 472 1455 496 me
1470 467 1592 496 testem
1610 474 1801 513 pauperem
1816 478 1823 498 :
1840 463 1908 501 scis
1924 478 1980 501 me
1992 479 2030 502 ea
2048 480 2123 516 quae
2137 479 2220 507 sunt

1230 509 1475 548 mendicorum
1504 511 1594 549 mihi
1633 516 1775 565 propria
1804 530 1952 554 censere.
1991 517 2066 568 Ego
2085 520 2220 559 fwnum

1230 562 1417 613 pecoribus
1443 563 1528 600 oriri
1543 565 1653 616 jubeo
1664 596 1674 614 ,
1697 576 1730 603 et
1744 568 1910 606 omnibus
1923 570 2061 621 praebeo
2073 572 2193 610 cibum
2209 591 2217 611 :

1229 623 1262 652 et
1276 624 1390 652 tamen
1406 624 1438 653 te
1449 615 1709 670 eleemosynam
1723 620 1881 669 faciente,
1892 635 1956 672 ego
1972 636 2052 660 culn
2064 638 2219 677 paupere

1230 681 1373 704 manum
1387 669 1554 717 extendo,
1568 680 1601 708 et
1615 671 1761 709 obolum
1774 674 1925 725 excipio.
1942 675 2123 714 Amictus
2137 692 2216 718 sum
2231 689 2317 718 Psal.
2346 691 2398 720 103

1231 720 1376 758 lumine
1390 723 1488 759 sicut
1507 726 1728 762 vestimento
1742 741 1757 769 ;
1775 735 1828 774 et,
1848 727 1878 764 si
1892 727 2007 765 solum
2024 743 2215 781 pauperem
2231 740 2259 759 2·

1230 772 1367 824 operias
1380 803 1390 822 ,
1407 787 1472 824 ego
1496 775 1608 813 sentio
1627 777 1789 815 calorem.
1815 779 1893 816 Scis
1920 779 1955 817 in
1973 781 2058 818 eaelo
2087 796 2144 820 me
2162 798 2214 822 se-

1229 824 1314 863 dere
1335 840 1416 864 cum
1436 827 1540 865 Patre
1561 843 1568 864 :
1586 838 1619 866 et
1633 860 1642 875 ,
1657 829 1686 867 si
1707 831 1824 868 solum
1838 831 1885 869 ad
1907 847 1964 870 eos
1978 863 1990 882 ⁷
2012 834 2074 884 qui
2090 834 2125 872 in
2140 850 2214 874 ear-

1229 892 1307 916 cere
1325 888 1419 928 sunt,
1439 879 1636 919 visitandos
1651 884 1862 934 perrexeris,
1883 885 2042 924 invenies
2055 901 2111 925 me
2126 889 2216 927 inter

1229 931 1372 972 vincula
1397 932 1608 971 residentem
1626 935 1745 985 :quod
1771 936 1799 974 si
1819 937 1867 975 ad
1882 948 2029 990 aegrotos
2048 954 2215 993 propera-

1229 984 1344 1031 veris,
1364 1000 1383 1023 a
1406 985 1496 1023 lecto
1518 1000 1587 1024 non
1613 987 1753 1026 absum.
1777 990 1922 1041 Ubique
1940 1006 2019 1029 sum
2037 993 2152 1043 enim,
2181 1005 2215 1033 et

1226 1035 1286 1087 iis,
1296 1037 1356 1087 qui
1367 1048 1578 1089 premuntur
1586 1041 1800 1091 necessitate,
1814 1057 1992 1083 succurro.
2005 1045 2114 1091 Quod
2125 1061 2214 1098 pau—

1227 1089 1303 1140 peri
1317 1088 1478 1141 dederis,
1503 1091 1540 1130 id
1561 1093 1659 1144 apud
1684 1108 1741 1132 me
1762 1095 2044 1148 multiplicatum
2062 1099 2212 1138 videbis.

1227 1141 1266 1179 Si
1280 1142 1316 1179 in
1333 1142 1425 1181 aedes
1438 1152 1517 1183 tuas
1531 1144 1774 1185 introduxeris
1789 1162 1890 1199 eum,
1908 1150 1970 1200 qui
1989 1159 2079 1189 tecto
2099 1162 2191 1190 caret
2202 1184 2213 1199 ,

1226 1202 1260 1231 et
1291 1208 1348 1232 me
1366 1210 1429 1248 per
1450 1196 1569 1249 ipsum
1596 1198 1693 1237 domi
1727 1209 1798 1238 tuae
1827 1202 2022 1255 suscipias,
2042 1203 2120 1242 haec
2147 1205 2214 1243 tibi

1227 1246 1295 1284 tria
1314 1248 1500 1300 praebebo,
1517 1259 1550 1288 et
1567 1250 1706 1289 lucrum
1724 1253 1880 1304 augebo,
1900 1264 1933 1292 et
1951 1255 2099 1295 domum
2114 1267 2214 1296 tuam

1225 1300 1424 1339 custodiam
1436 1331 1446 1346 ,
1480 1312 1514 1340 et
1544 1303 1796 1343 habitationem
1831 1307 1899 1344 tibi
1930 1310 2138 1361 praeparabo
2176 1311 2213 1348 in

1227 1352 1322 1390 caelis
1340 1369 1348 1389 :
1368 1353 1463 1392 unde
1475 1356 1616 1407 aufugit
1632 1358 1746 1396 omnis
1768 1358 1870 1397 dolor
1888 1369 1922 1398 et
1942 1361 2086 1399 tristitia
2101 1371 2134 1400 et
2150 1376 2211 1414 ge-

1227 1404 1336 1443 mitus
1359 1423 1366 1443 :
1390 1406 1427 1444 in
1446 1409 1520 1446 Deo
1538 1410 1652 1459 Patre,
1675 1410 1784 1449 simul
1805 1426 1886 1450 cum
1911 1414 2050 1466 Spiritu
2069 1425 2210 1465 sancto,

1225 1457 1283 1494 cui
1308 1457 1421 1508 gloria
1449 1469 1482 1497 et
1510 1470 1686 1512 potestas,
1726 1477 1820 1502 nunc
1848 1473 1883 1503 et
1909 1479 2071 1519 semper,
2107 1476 2141 1507 et
2176 1468 2213 1506 in

1224 1510 1354 1548 saecula
1369 1512 1594 1552 saeculorum.
1613 1516 1736 1555 Amen.

236 1741 297 1784 Εἰς
331 1739 394 1787 τὴν
421 1739 572 1791 πόρνην,
598 1739 657 1777 καὶ
681 1741 728 1783 εἷς
751 1740 809 1779 τὸν
834 1741 1045 1792 Φαρισαῖον.

403 1855 459 1903 Τῇ
496 1852 580 1905 ἁγίᾳ
599 1853 658 1891 καὶ
679 1852 814 1906 μεγάλῃ
836 1853 877 1892 δ’.

183 1965 341 2004 Πάντοτε
362 1965 424 2016 μὲν
439 1965 565 2016 ὁῖΘεὸς
582 1996 590 2013 ,
613 1967 658 2009 ὡς
675 1965 936 2018 φιλάνθρωπος,
965 1969 1085 2021 καιρὸν
1105 1972 1152 2013 εἷς

131 2020 315 2069 μετάνοιαν
340 2025 409 2062 τοῖς
439 2020 659 2071 ἁμαρτωλοῖς
688 2019 834 2057 δέδωκε·
866 2023 909 2072 τῇ
935 2019 970 2059 δὲ
1001 2022 1153 2076 ῥᾳθυμία

129 2072 192 2119 τὴν
208 2074 339 2121 Ἴἑαυτοῦ
367 2072 480 2124 ψυχὴν
503 2072 692 2110 ἀπόλλυσιν
723 2075 740 2110 ὃ
764 2072 909 2123 ἀμελής.
941 2074 1063 2112 Φιλῶν
1084 2075 1151 2128 γὰρ

128 2125 172 2163 τὰ
193 2124 342 2175 μάταια,
365 2126 424 2162 καὶ
443 2125 565 2176 γήϊνα,
588 2125 647 2163 καὶ
667 2124 887 2177 πρόσκαιρα,
909 2128 1152 2179 ἀποστερεῖται

127 2181 196 2216 τῶν
224 2177 439 2229 ἐπουρανίων
459 2181 597 2229 ἀγαθῶν
617 2176 678 2224 τὴν
701 2178 910 2216 ἀπόλαυσιν·
928 2179 986 2217 καὶ
1005 2182 1023 2216 ὁ
1040 2196 1152 2218 κατα-

126 2232 261 2274 σταθεὶς
283 2232 444 2283 βασιλεὺς
463 2231 522 2269 καὶ
543 2231 657 2284 κύριος
676 2229 814 2268 πάντων
834 2230 902 2269 ὑπὸ
916 2235 975 2269 τοῦ
995 2232 1152 2272 πλάστου

125 2285 184 2322 καὶ
202 2287 292 2323 Θεοῦ
307 2316 315 2332 ,
333 2285 530 2336 ἄνθρωπος,
550 2286 665 2325 δοῦλος
685 2282 804 2335 γέγονε
820 2287 882 2330 τῆς
903 2284 1075 2336 ἁμαρτίας
1095 2286 1152 2325 διὰ

126 2337 297 2388 κοσμικὰς
317 2337 512 2388 ἐπιθυμίας.
545 2336 652 2375 ςΌθεν
676 2337 734 2374 καὶ
751 2336 863 2374 Δαυίδ
881 2352 968 2403 ιρησι
985 2339 1065 2390 περὶ
1081 2341 1150 2377 τῶν

126 2394 237 2428 ταῦτα
257 2391 499 2442 πραττόντων·
529 2391 607 2428 Οὐκ
628 2389 781 2440 ἔγνωσαν
796 2419 805 2436 ,
827 2390 904 2428 οὐδε
920 2393 1072 2435 συνῆκαν
1086 2407 1093 2414 ·
1115 2393 1149 2429 ἐν

127 2443 243 2481 σκότει
275 2443 551 2494 διαπορεύονται.
585 2442 654 2480 Καὶ
688 2446 705 2480 ὃ
735 2443 884 2495 Χριστὸς
916 2443 1149 2493 αἰνιττόμενος

125 2495 204 2539 τοὺς
224 2495 461 2547 ἁμαρτωλοὺς,
481 2495 583 2548 φησίν
601 2510 609 2517 ·
633 2496 709 2531 Οὐκ
729 2493 889 2546 ἔρχονται
907 2495 992 2546 πρὸς
1008 2495 1046 2533 τὸ
1066 2499 1148 2548 φῶς,

126 2547 183 2585 ἵνα
204 2548 252 2597 μὴ
273 2550 484 2600 ἐλεγχθῶσιν
505 2550 616 2585 αὐτῶν
637 2547 681 2585 τὰ
701 2547 801 2598 ἔργα·
822 2554 890 2590 πᾶς
909 2547 976 2598 γὰρ
997 2550 1014 2584 ὁ
1032 2549 1149 2615 Sum?

127 2601 294 2651 πράσσων
310 2630 318 2645 ‚
348 2606 443 2651 μισεῖ
469 2601 508 2637 τὸ
528 2603 610 2652 φῶς.
649 2599 719 2637 Καὶ
739 2599 844 2636 πάλιν
862 2601 976 2649 λέγει·
994 2599 1092 2644 “hoq
1110 2617 1149 2667 το

128 2655 198 2705 φῶς
223 2653 333 2704 ἔχετε,
352 2659 576 2704 περιπατεῖτε
594 2652 678 2703 πρὸς
696 2652 736 2690 τὸ
753 2654 822 2703 φῶς
834 2682 844 2699 ,
869 2650 926 2713 ἵνα
955 2655 1004 2707 μΝὴ
1028 2668 1149 2690 σκοτια

127 2708 218 2755 ὑμᾶς
242 2706 440 2757 καταλάὲη.
474 2706 544 2744 Καὶ
575 2704 681 2742 πάλιν
708 2704 820 2754 λέγει·
850 2703 947 2754 Ἐγὼ
972 2706 1076 2751 ἦλθον
1102 2707 1149 2749 εἷς

128 2759 184 2796 τον
203 2758 346 2808 κόσμον7
362 2757 417 2796 ἵνα
439 2757 486 2808 μὴ
502 2756 738 2802 Πάπόλωνται,
757 2755 834 2794 ἀλλ’
849 2756 904 2794 ἵνα
921 2757 1010 2803 ζωὴν
1029 2756 1149 2808 ἔχωσι·

128 2811 198 2849 Καὶ
217 2812 321 2849 πάλιν
335 2842 344 2858 ,
371 2813 447 2848 Οὐκ
465 2806 567 2856 ἦλθον
589 2816 703 2863 κρῖναι
720 2809 777 2847 τὸν
800 2809 947 2859 κόσμον,
970 2811 1061 2848 ἀλλα
1080 2813 1151 2848 σῶ-

130 2879 206 2902 σαι·
239 2863 298 2901 καὶ
325 2864 451 2911 πάλιν,
482 2863 558 2910 Τὴν
588 2863 702 2915 ψυχήν
732 2878 796 2912 μου
825 2861 947 2911 τίθημι
973 2862 1148 2927 ὑπὲρΙτῶν

127 2915 327 2968 προὸάτων.
362 2918 486 2953 Ταῦτα
515 2915 560 2954 τὰ
595 2916 736 2968 ῥήματα
763 2914 942 2952 ἀκούσασα
969 2918 991 2961 ἡ
1023 2930 1149 2979 πορνη,

128 2969 248 3020 ὥσπερ
276 2968 448 3020 ἀρώματα
475 2972 655 3019 πανταχοῦ
685 2966 950 3019 κηρυττόμενα,
977 2983 1035 3004 και
1063 2974 1150 3006 πᾶσι

127 3027 198 3065 τοῖς
224 3021 330 3064 ἀξίοις
348 3021 364 3041 ¹³
378 3020 440 3067 τὴν
461 3020 573 3071 ὀσμὴν
593 3023 683 3066 ζωῆς
707 3019 930 3072 παρέχοντα,
952 3022 1019 3057 τῶν
1041 3020 1150 3071 ἔργων

130 3077 235 3120 αὐτῆς
257 3077 324 3111 τῶν
344 3075 460 3111 κακῶν
480 3076 527 3115 εἷς
547 3077 622 3112 νοῧν
643 3075 800 3116 ἐλθοῦσα,
822 3071 942 3114 εὐθέως
961 3072 1151 3110 ε’πελοὶίέτο

128 3126 270 3171 τούτων,
292 3126 460 3164 κλαίουσα
484 3125 546 3172 τὴν
571 3125 738 3177 αἰσχύνην
758 3125 821 3171 τὴν
843 3126 896 3162 ἐπ’
924 3126 1060 3171 αὐτοῖς,
1092 3124 1151 3162 καὶ

129 3182 291 3217 ἐννοοῦσα
310 3179 353 3216 τὰ
371 3179 542 3229 μέλλοντα
555 3180 642 3229 αὐτῗι
653 3177 746 3216 κακὰ
760 3178 915 3228 γίνεσθαι
931 3177 986 3214 διὰ
1001 3176 1132 3216 τούτων
1146 3192 1153 3200 ·

129 3234 242 3279 πολλὴ
278 3232 345 3283 γὰρ
379 3231 492 3282 θλίψις
525 3230 583 3268 καὶ
617 3230 718 3276 ὀδύνη
751 3230 884 3280 γίνεται
917 3235 987 3272 τοῖς
1017 3229 1156 3282 πόρνοις

129 3285 211 3322 ἐκεῖ.
246 3286 368 3322 Ταῦτα
389 3285 591 3336 φονῗηθεῖσα,
614 3283 811 3334 μετεὲλήθη
831 3287 852 3329 ἡ
873 3281 996 3333 πόρνη,
1016 3283 1075 3320 καὶ
1096 3284 1156 3320 οὐκ

175 3404 185 3415 ’ἲ
212 3394 264 3425 sic
283 3393 358 3426 Mss,
378 3392 466 3424 Editi
483 3404 560 3425 vero
578 3395 775 3427 ἂπέῦυιται.

1174 2711 1196 2740 C
1223 2710 1569 2759 comprelzendant;
1585 2719 1618 2748 et
1636 2725 1774 2762 rursus,
1805 2715 1891 2765 Ego
1922 2719 2017 2754 veni
2035 2719 2078 2755 in
2095 2733 2206 2757 mun-

1410 1750 1460 1786 In
1479 1753 1716 1790 meretricem
1732 1761 1770 1791 et
1782 1755 2038 1794 Pharisaeum.

1362 1862 1407 1901 In
1437 1872 1557 1902 sancta
1590 1874 1624 1904 et
1656 1879 1785 1919 magna
1819 1868 1906 1908 feria
1938 1880 2078 1922 quarta.

1281 1974 1318 2009 1.
1349 1971 1498 2025 Semper
1521 1974 1668 2025 quidem
1694 1978 1940 2028 peccatoribus
1960 1981 2072 2028 Deus,
2093 1991 2214 2036 utpote

1225 2022 1412 2075 benignus,
1442 2035 1580 2079 tempus
1609 2027 1654 2065 ad
1678 2030 1922 2080 poenitentiam
1942 2034 2126 2086 concedit;
2150 2038 2212 2076 sed

1225 2077 1381 2115 animam
1400 2092 1501 2116 suam
1519 2080 1575 2118 vir
1590 2081 1770 2132 negligens
1788 2097 1853 2134 per
1866 2085 2063 2124 socordiam
2079 2088 2208 2138 perdit.

1227 2129 1369 2168 Etenim
1395 2131 1502 2168 rebus
1530 2132 1696 2171 inanibus
1715 2143 1749 2171 et
1772 2135 1916 2174 caducis
1938 2136 2026 2175 dum
2046 2139 2212 2180 addictus

1225 2192 1288 2230 est,
1318 2183 1420 2221 bonis
1454 2184 1650 2223 caelestibus
1686 2186 1851 2238 privatur
1884 2204 1893 2226 :
1922 2198 1956 2227 et
1991 2191 2055 2241 qui
2089 2207 2210 2232 rerum

1225 2235 1386 2274 omnium
1398 2236 1565 2275 dominus
1576 2252 1708 2289 rexque
1720 2240 1929 2279 constitutus
1945 2252 1996 2280 est
2011 2244 2056 2281 ab
2070 2246 2211 2297 Opifice

1225 2300 1288 2326 suo
1301 2303 1344 2326 ac
1363 2290 1449 2337 Deo,
1473 2291 1518 2327 ob
1538 2291 1718 2329 saecularia
1738 2293 1914 2332 desideria
1932 2294 2046 2334 factus
2064 2307 2116 2335 est
2134 2313 2206 2337 ser-

1224 2354 1291 2378 vus
1311 2343 1458 2393 peccati.
1487 2343 1731 2389 Quamobrem
1749 2345 1793 2383 de
1809 2346 1865 2394 iis,
1885 2347 1945 2397 qui
1966 2348 2041 2385 haec
2059 2350 2207 2400 faciunt,

1223 2392 1338 2444 inquit
1357 2394 1475 2432 David
1493 2411 1500 2431 :
1520 2398 1762 2445 Nescierunt,
1780 2413 1901 2451 neque
1915 2401 2207 2450 intellexerunt;
2221 2425 2407 2458 Psal.81.5.

1223 2448 1264 2482 in
1281 2450 1443 2484 tenebris
1459 2449 1676 2487 ambulant.
1692 2449 1739 2487 Et
1756 2451 1917 2490 Christus
1929 2463 2129 2504 peccatores
2147 2457 2205 2494 in-

1223 2512 1333 2536 nuens
1352 2499 1400 2537 ait
1418 2515 1425 2536 :
1443 2502 1534 2537 Non
1554 2504 1718 2539 veniunt
1742 2504 1797 2540 ad
1815 2504 1952 2551 lucem,
1975 2515 2019 2544 ut
2045 2521 2123 2545 non
2144 2523 2207 2547 ar-
2219 2530 2307 2558 Joan.
2321 2531 2408 2560 320.

1218 2560 1392 2602 guantur
1411 2565 1526 2603 opera
1552 2567 1682 2591 eorum
1705 2570 1716 2590 :
1739 2559 1863 2594 omnis
1881 2560 1984 2595 enim
2009 2562 2077 2612 qui
2099 2563 2207 2600 mala

1222 2606 1318 2655 agit,
1337 2605 1417 2640 odit
1440 2605 1574 2644 lucem.
1595 2605 1642 2643 Et
1658 2620 1781 2645 rursus
1806 2607 1895 2647 dicit
1920 2625 1928 2646 :
1953 2612 2060 2649 Dum
2083 2613 2205 2652 lucem
2223 2637 2302 2664 mid.
2326 2644 2371 2664 12,

1223 2657 1387 2701 habetis,
1410 2658 1609 2695 ambulate
1628 2660 1670 2695 in
1686 2660 1782 2707 luce,
1802 2669 1844 2698 ut
1856 2676 1934 2700 non
1946 2667 2111 2704 tenebroe
2132 2681 2205 2705 vos
2219 2676 2272 2707 35.

2220 2739 2300 2767 [hid.
2324 2747 2371 2766 10,

1223 2761 1327 2806 dum,
1347 2770 1470 2799 utnon
1499 2772 1656 2815 pereant,
1675 2765 1735 2802 sed
1752 2774 1794 2803 ut
1810 2769 1938 2805 vitam
1963 2770 2150 2817 habeant,·
2173 2781 2206 2810 et
2225 2789 2270 2809 ιο.
2299 2786 2328 2807 et
2362 2788 2409 2808 ιο..

1222 2826 1358 2860 rursus,
1376 2815 1467 2851 Non
1484 2817 1578 2853 veni
1598 2825 1640 2853 ut
1655 2818 1830 2868 judicem
1851 2822 2052 2869 mundum,
2082 2825 2150 2861 sed
2164 2834 2205 2863 ut
2220 2821 2270 2870 42·
2299 2827 2329 2848 2²
2358 2830 2405 2849 ¹0·

1222 2866 1374 2903 salvum
1385 2868 1550 2917 faciam;
1565 2877 1599 2906 et
1613 2883 1751 2920 rursus,
1765 2870 1956 2911 Animam
1966 2888 2092 2913 meam
2105 2891 2206 2928 pono
2222 2871 2292 2931 2?oe
2311 2911 2340 2929 ..-
2355 2902 2405 2931 3„-

1220 2931 1290 2968 pro
1317 2921 1467 2957 ovibus.
1494 2920 1578 2957 Haec
1601 2921 1711 2959 verba
1733 2937 1813 2961 cum
1833 2925 2002 2964 audiisset
2025 2930 2207 2979 meretrix»,
2313 2921 2323 2941 Ι
2378 2929 2386 2942 ’

1223 2978 1403 3020 tamquam
1417 2981 1573 3010 aromata
1587 2973 1822 3026 undequaque
1836 2976 2034 3030 divulgata,
2048 2989 2082 3018 et
2094 2982 2209 3019 omni-

1224 3022 1304 3072 bus,
1323 3024 1383 3074 qui
1400 3023 1502 3074 digni
1523 3036 1630 3075 erant,
1647 3026 1790 3066 odorem
1806 3029 1888 3067 vitae
1906 3031 2108 3083 fundentia3
2128 3047 2210 3071 cum

1224 3075 1277 3112 illi
1307 3076 1400 3114 mala
1426 3091 1532 3129 opera
1557 3092 1621 3116 sua
1640 3079 1676 3117 in
1696 3090 1849 3119 mentem
1876 3083 2066 3134 venissent,
2087 3100 2125 3123 ea
2146 3086 2209 3123 da-

1225 3128 1376 3178 mnavit,
1394 3129 1553 3182 ipsorum
1573 3130 1762 3183 deplorans
1781 3134 1974 3183 infamiam,
1995 3151 2076 3175 cum
2092 3152 2210 3175 secum

1226 3181 1396 3231 cogitaret
1416 3192 1547 3232 quanta
1572 3184 1642 3222 sibi
1663 3185 1709 3222 ob
1734 3186 1810 3224 haec
1838 3188 1967 3225 scelera
1990 3189 2212 3228 imminerent

1227 3233 1319 3271 mala
1351 3249 1359 3270 :
1396 3235 1508 3273 multa
1543 3236 1638 3274 enim
1675 3237 1835 3288 tristitia,
1872 3240 2077 3290 multusque
2111 3241 2214 3280 dolor

1228 3286 1302 3323 illic
1321 3301 1393 3337 eos,
1421 3288 1481 3339 qui
1506 3289 1704 3327 meretricie
1732 3290 1875 3339 vivunt,
1894 3291 2045 3330 invadit.
2077 3292 2214 3332 Horum

1252 3394 1266 3416 b
1291 3394 1353 3424 llic
1371 3392 1522 3436 quaedam
1540 3404 1633 3425 secus
1649 3395 1757 3435 posita
1771 3405 1811 3426 ex
1830 3395 1904 3427 Mss.
1931 3396 2162 3433 emendantur,
