<?xml version="1.0" encoding="UTF-8"?>
<!DOCTYPE html PUBLIC "-//W3C//DTD XHTML 1.0 Transitional//EN"
    "http://www.w3.org/TR/xhtml1/DTD/xhtml1-transitional.dtd">
<html xmlns="http://www.w3.org/1999/xhtml" xml:lang="en" lang="en">
 <head>
  <title>
</title>
<meta http-equiv="Content-Type" content="text/html;charset=utf-8" />
  <meta name='ocr-system' content='tesseract 3.04.00' />
  <meta name='ocr-capabilities' content='ocr_page ocr_carea ocr_par ocr_line ocrx_word'/>
</head>
<body>
  <div class='ocr_page' id='page_1' title='image "./operaomniaquaeex08johnuoft/operaomniaquaeex08johnuoft_0794.png"; bbox 0 0 2522 3683; ppageno 0'>
   <div class='ocr_carea' id='block_1_1' title="bbox 147 308 329 337">
    <p class='ocr_par' dir='ltr' id='par_1_1' title="bbox 147 308 329 337">
     <span class='ocr_line' id='line_1_1' title="bbox 147 308 329 337; baseline 0.011 -2"><span class='ocrx_word' id='word_1_1' title='bbox 147 308 260 336; x_wconf 68' lang='lat' dir='ltr'>Mutila.</span> <span class='ocrx_word' id='word_1_2' title='bbox 283 317 293 337; x_wconf 76' lang='grc' dir='ltr'>Ι</span> <span class='ocrx_word' id='word_1_3' title='bbox 305 318 314 336; x_wconf 81' lang='grc' dir='ltr'>ῐ</span> <span class='ocrx_word' id='word_1_4' title='bbox 324 330 329 337; x_wconf 91' lang='grc'><em>.</em></span> 
     </span>
    </p>
   </div>
   <div class='ocr_carea' id='block_1_2' title="bbox 146 349 193 379">
    <p class='ocr_par' dir='ltr' id='par_1_2' title="bbox 146 349 193 379">
     <span class='ocr_line' id='line_1_2' title="bbox 146 349 193 379; baseline 0.021 -4"><span class='ocrx_word' id='word_1_5' title='bbox 146 349 193 379; x_wconf 87' lang='lat'>28.</span> 
     </span>
    </p>
   </div>
   <div class='ocr_carea' id='block_1_3' title="bbox 109 3258 293 3324">
    <p class='ocr_par' dir='ltr' id='par_1_3' title="bbox 109 3258 293 3324">
     <span class='ocr_line' id='line_1_3' title="bbox 112 3258 293 3288; baseline 0.011 -5"><span class='ocrx_word' id='word_1_6' title='bbox 112 3258 221 3285; x_wconf 61' lang='grc' dir='ltr'>ᾹῘΛΙΙῘΙ,</span> <span class='ocrx_word' id='word_1_7' title='bbox 248 3259 293 3288; x_wconf 74' lang='grc'>[5.</span> 
     </span>
     <span class='ocr_line' id='line_1_4' title="bbox 109 3306 156 3324; baseline 0 0"><span class='ocrx_word' id='word_1_8' title='bbox 109 3306 156 3324; x_wconf 79' lang='grc'>22.</span> 
     </span>
    </p>
   </div>
   <div class='ocr_carea' id='block_1_4' title="bbox 349 200 441 262">
    <p class='ocr_par' dir='ltr' id='par_1_4' title="bbox 349 200 441 262">
     <span class='ocr_line' id='line_1_5' title="bbox 349 200 441 262; baseline 0 0"><span class='ocrx_word' id='word_1_9' title='bbox 349 200 441 262; x_wconf 73' lang='grc'>764</span> 
     </span>
    </p>
   </div>
   <div class='ocr_carea' id='block_1_5' title="bbox 311 298 1328 3306">
    <p class='ocr_par' dir='ltr' id='par_1_5' title="bbox 311 298 1328 3306">
     <span class='ocr_line' id='line_1_6' title="bbox 346 298 1328 352; baseline 0.007 -17"><span class='ocrx_word' id='word_1_10' title='bbox 346 298 409 344; x_wconf 86' lang='lat' dir='ltr'>cis,</span> <span class='ocrx_word' id='word_1_11' title='bbox 428 299 475 335; x_wconf 84' lang='lat' dir='ltr'>ita</span> <span class='ocrx_word' id='word_1_12' title='bbox 491 298 734 350; x_wconf 86' lang='lat' dir='ltr'>peccatoribus</span> <span class='ocrx_word' id='word_1_13' title='bbox 752 301 1003 352; x_wconf 85' lang='lat' dir='ltr'>proclamantis</span> <span class='ocrx_word' id='word_1_14' title='bbox 1019 318 1026 338; x_wconf 76' lang='grc' dir='ltr'><strong><em>ε</em></strong></span> <span class='ocrx_word' id='word_1_15' title='bbox 1048 303 1182 341; x_wconf 79' lang='lat' dir='ltr'>Venite</span> <span class='ocrx_word' id='word_1_16' title='bbox 1200 304 1254 341; x_wconf 84' lang='lat' dir='ltr'>ad</span> <span class='ocrx_word' id='word_1_17' title='bbox 1267 318 1328 342; x_wconf 81' lang='lat' dir='ltr'>me</span> 
     </span>
     <span class='ocr_line' id='line_1_7' title="bbox 346 353 1325 409; baseline 0.007 -21"><span class='ocrx_word' id='word_1_18' title='bbox 346 365 489 398; x_wconf 80' lang='lat' dir='ltr'>omnes,</span> <span class='ocrx_word' id='word_1_19' title='bbox 509 354 577 404; x_wconf 82' lang='lat' dir='ltr'>qui</span> <span class='ocrx_word' id='word_1_20' title='bbox 605 353 792 391; x_wconf 80' lang='lat' dir='ltr'>laboratis</span> <span class='ocrx_word' id='word_1_21' title='bbox 819 363 855 392; x_wconf 77' lang='lat' dir='ltr'>et</span> <span class='ocrx_word' id='word_1_22' title='bbox 890 358 1039 393; x_wconf 81' lang='lat' dir='ltr'>onerati</span> <span class='ocrx_word' id='word_1_23' title='bbox 1067 359 1170 402; x_wconf 82' lang='lat' dir='ltr'>estis,</span> <span class='ocrx_word' id='word_1_24' title='bbox 1195 365 1233 394; x_wconf 83' lang='lat' dir='ltr'>et</span> <span class='ocrx_word' id='word_1_25' title='bbox 1257 371 1325 409; x_wconf 84' lang='lat' dir='ltr'>ego</span> 
     </span>
     <span class='ocr_line' id='line_1_8' title="bbox 343 403 1326 458; baseline 0.006 -17"><span class='ocrx_word' id='word_1_26' title='bbox 343 403 518 456; x_wconf 79' lang='lat' dir='ltr'>reficiam</span> <span class='ocrx_word' id='word_1_27' title='bbox 533 418 615 442; x_wconf 78' lang='lat' dir='ltr'>vos.</span> <span class='ocrx_word' id='word_1_28' title='bbox 638 405 753 458; x_wconf 84' lang='lat' dir='ltr'>Hujus</span> <span class='ocrx_word' id='word_1_29' title='bbox 773 407 870 444; x_wconf 78' lang='lat' dir='ltr'>vocis</span> <span class='ocrx_word' id='word_1_30' title='bbox 886 407 1106 457; x_wconf 86' lang='lat' dir='ltr'>recordatus,</span> <span class='ocrx_word' id='word_1_31' title='bbox 1125 423 1207 446; x_wconf 90' lang='lat' dir='ltr'>cum</span> <span class='ocrx_word' id='word_1_32' title='bbox 1222 423 1326 447; x_wconf 88' lang='lat' dir='ltr'>onere</span> 
     </span>
     <span class='ocr_line' id='line_1_9' title="bbox 342 456 1326 511; baseline 0.006 -18"><span class='ocrx_word' id='word_1_33' title='bbox 342 456 518 494; x_wconf 90' lang='lat' dir='ltr'>malorum</span> <span class='ocrx_word' id='word_1_34' title='bbox 542 456 578 494; x_wconf 94' lang='lat' dir='ltr'>in</span> <span class='ocrx_word' id='word_1_35' title='bbox 605 458 672 496; x_wconf 89' lang='lat' dir='ltr'>Dei</span> <span class='ocrx_word' id='word_1_36' title='bbox 701 459 873 511; x_wconf 86' lang='lat' dir='ltr'>templum</span> <span class='ocrx_word' id='word_1_37' title='bbox 893 475 929 498; x_wconf 90' lang='lat' dir='ltr'>se</span> <span class='ocrx_word' id='word_1_38' title='bbox 949 461 1097 498; x_wconf 84' lang='lat' dir='ltr'>contulit</span> <span class='ocrx_word' id='word_1_39' title='bbox 1114 477 1121 497; x_wconf 78' lang='lat' dir='ltr'><em>z</em></span> <span class='ocrx_word' id='word_1_40' title='bbox 1141 475 1223 499; x_wconf 90' lang='lat' dir='ltr'>cum</span> <span class='ocrx_word' id='word_1_41' title='bbox 1242 475 1326 500; x_wconf 89' lang='lat' dir='ltr'>vero</span> 
     </span>
     <span class='ocr_line' id='line_1_10' title="bbox 343 509 1324 566; baseline 0.006 -20"><span class='ocrx_word' id='word_1_42' title='bbox 343 509 579 562; x_wconf 83' lang='lat' dir='ltr'>obtorpuisset</span> <span class='ocrx_word' id='word_1_43' title='bbox 606 510 796 563; x_wconf 81' lang='lat' dir='ltr'>deinceps,</span> <span class='ocrx_word' id='word_1_44' title='bbox 826 526 940 562; x_wconf 85' lang='lat' dir='ltr'>neque</span> <span class='ocrx_word' id='word_1_45' title='bbox 971 513 1142 551; x_wconf 87' lang='lat' dir='ltr'>sustinere</span> <span class='ocrx_word' id='word_1_46' title='bbox 1170 515 1324 566; x_wconf 87' lang='lat' dir='ltr'>amplius</span> 
     </span>
     <span class='ocr_line' id='line_1_11' title="bbox 342 563 1323 615; baseline 0.005 -16"><span class='ocrx_word' id='word_1_47' title='bbox 342 571 473 613; x_wconf 86' lang='lat' dir='ltr'>posset,</span> <span class='ocrx_word' id='word_1_48' title='bbox 497 563 532 600; x_wconf 92' lang='lat' dir='ltr'>in</span> <span class='ocrx_word' id='word_1_49' title='bbox 564 563 688 600; x_wconf 85' lang='lat' dir='ltr'>faciem</span> <span class='ocrx_word' id='word_1_50' title='bbox 718 564 884 601; x_wconf 91' lang='lat' dir='ltr'>continuo</span> <span class='ocrx_word' id='word_1_51' title='bbox 911 565 1052 615; x_wconf 84' lang='lat' dir='ltr'>cecidit,</span> <span class='ocrx_word' id='word_1_52' title='bbox 1075 576 1106 604; x_wconf 90' lang='lat' dir='ltr'>et</span> <span class='ocrx_word' id='word_1_53' title='bbox 1135 567 1208 604; x_wconf 85' lang='lat' dir='ltr'>illis</span> <span class='ocrx_word' id='word_1_54' title='bbox 1225 568 1323 606; x_wconf 84' lang='lat' dir='ltr'>voci-</span> 
     </span>
     <span class='ocr_line' id='line_1_12' title="bbox 342 614 1325 670; baseline 0.007 -20"><span class='ocrx_word' id='word_1_55' title='bbox 342 614 409 651; x_wconf 90' lang='lat' dir='ltr'>bus</span> <span class='ocrx_word' id='word_1_56' title='bbox 430 615 624 653; x_wconf 89' lang='lat' dir='ltr'>Dominum</span> <span class='ocrx_word' id='word_1_57' title='bbox 644 616 869 667; x_wconf 81' lang='lat' dir='ltr'>compellavit</span> <span class='ocrx_word' id='word_1_58' title='bbox 889 632 896 653; x_wconf 91' lang='lat'>:</span> <span class='ocrx_word' id='word_1_59' title='bbox 919 618 1114 670; x_wconf 76' lang='lat' dir='ltr'>Propitius</span> <span class='ocrx_word' id='word_1_60' title='bbox 1134 628 1214 657; x_wconf 81' lang='lat' dir='ltr'>esto</span> <span class='ocrx_word' id='word_1_61' title='bbox 1229 621 1325 658; x_wconf 70' lang='lat' dir='ltr'>mihi</span> 
     </span>
     <span class='ocr_line' id='line_1_13' title="bbox 338 668 1320 722; baseline 0.008 -19"><span class='ocrx_word' id='word_1_62' title='bbox 338 671 543 717; x_wconf 78' lang='lat' dir='ltr'><em>peccatori.</em></span> <span class='ocrx_word' id='word_1_63' title='bbox 561 668 670 705; x_wconf 85' lang='lat' dir='ltr'>Omni</span> <span class='ocrx_word' id='word_1_64' title='bbox 686 681 791 719; x_wconf 88' lang='lat' dir='ltr'>opere</span> <span class='ocrx_word' id='word_1_65' title='bbox 806 669 898 707; x_wconf 88' lang='lat' dir='ltr'>bono</span> <span class='ocrx_word' id='word_1_66' title='bbox 915 684 992 707; x_wconf 90' lang='lat' dir='ltr'>sum</span> <span class='ocrx_word' id='word_1_67' title='bbox 1009 684 1153 722; x_wconf 90' lang='lat' dir='ltr'>prorsus</span> <span class='ocrx_word' id='word_1_68' title='bbox 1168 672 1320 711; x_wconf 89' lang='lat' dir='ltr'>destitu-</span> 
     </span>
     <span class='ocr_line' id='line_1_14' title="bbox 341 719 1320 774; baseline 0.008 -19"><span class='ocrx_word' id='word_1_69' title='bbox 341 728 409 766; x_wconf 87' lang='lat' dir='ltr'>tus,</span> <span class='ocrx_word' id='word_1_70' title='bbox 425 719 528 756; x_wconf 85' lang='lat' dir='ltr'>malis</span> <span class='ocrx_word' id='word_1_71' title='bbox 544 720 630 757; x_wconf 89' lang='lat' dir='ltr'>meis</span> <span class='ocrx_word' id='word_1_72' title='bbox 647 721 853 771; x_wconf 87' lang='lat' dir='ltr'>conturbor,</span> <span class='ocrx_word' id='word_1_73' title='bbox 874 736 979 774; x_wconf 88' lang='lat' dir='ltr'>super</span> <span class='ocrx_word' id='word_1_74' title='bbox 998 737 1187 762; x_wconf 90' lang='lat' dir='ltr'>numerum</span> <span class='ocrx_word' id='word_1_75' title='bbox 1207 739 1320 763; x_wconf 63' lang='lat' dir='ltr'>arenae</span> 
     </span>
     <span class='ocr_line' id='line_1_15' title="bbox 340 772 1320 830; baseline 0.009 -23"><span class='ocrx_word' id='word_1_76' title='bbox 340 772 447 808; x_wconf 85' lang='lat' dir='ltr'>maris</span> <span class='ocrx_word' id='word_1_77' title='bbox 472 772 572 809; x_wconf 79' lang='lat' dir='ltr'>faetae</span> <span class='ocrx_word' id='word_1_78' title='bbox 603 781 684 810; x_wconf 88' lang='lat' dir='ltr'>sunt</span> <span class='ocrx_word' id='word_1_79' title='bbox 714 773 918 824; x_wconf 84' lang='lat' dir='ltr'>iniquitates</span> <span class='ocrx_word' id='word_1_80' title='bbox 949 789 1049 820; x_wconf 85' lang='lat' dir='ltr'>meae,</span> <span class='ocrx_word' id='word_1_81' title='bbox 1071 777 1320 830; x_wconf 63' lang='lat' dir='ltr'>multiplicatae</span> 
     </span>
     <span class='ocr_line' id='line_1_16' title="bbox 339 825 1319 878; baseline 0.009 -18"><span class='ocrx_word' id='word_1_82' title='bbox 339 832 420 860; x_wconf 88' lang='lat' dir='ltr'>sunt</span> <span class='ocrx_word' id='word_1_83' title='bbox 438 837 545 875; x_wconf 89' lang='lat' dir='ltr'>super</span> <span class='ocrx_word' id='word_1_84' title='bbox 565 825 710 876; x_wconf 81' lang='lat' dir='ltr'>capillos</span> <span class='ocrx_word' id='word_1_85' title='bbox 729 826 853 878; x_wconf 88' lang='lat' dir='ltr'>capitis</span> <span class='ocrx_word' id='word_1_86' title='bbox 875 827 956 865; x_wconf 87' lang='lat' dir='ltr'>mei.</span> <span class='ocrx_word' id='word_1_87' title='bbox 989 830 1069 867; x_wconf 87' lang='lat' dir='ltr'>Jam</span> <span class='ocrx_word' id='word_1_88' title='bbox 1091 838 1193 868; x_wconf 87' lang='lat' dir='ltr'>tuum</span> <span class='ocrx_word' id='word_1_89' title='bbox 1213 830 1319 869; x_wconf 80' lang='lat' dir='ltr'>video</span> 
     </span>
     <span class='ocr_line' id='line_1_17' title="bbox 338 875 1319 933; baseline 0.009 -21"><span class='ocrx_word' id='word_1_90' title='bbox 338 875 508 923; x_wconf 84' lang='lat' dir='ltr'>tribunal,</span> <span class='ocrx_word' id='word_1_91' title='bbox 524 891 647 914; x_wconf 87' lang='lat' dir='ltr'>eorum</span> <span class='ocrx_word' id='word_1_92' title='bbox 662 878 724 928; x_wconf 88' lang='lat' dir='ltr'>qui</span> <span class='ocrx_word' id='word_1_93' title='bbox 739 892 759 916; x_wconf 86' lang='lat' dir='ltr'>a</span> <span class='ocrx_word' id='word_1_94' title='bbox 773 893 829 917; x_wconf 90' lang='lat' dir='ltr'>me</span> <span class='ocrx_word' id='word_1_95' title='bbox 847 888 929 918; x_wconf 87' lang='lat' dir='ltr'>sunt</span> <span class='ocrx_word' id='word_1_96' title='bbox 955 880 1096 933; x_wconf 87' lang='lat' dir='ltr'>injuriis</span> <span class='ocrx_word' id='word_1_97' title='bbox 1111 883 1228 920; x_wconf 88' lang='lat' dir='ltr'>affecti</span> <span class='ocrx_word' id='word_1_98' title='bbox 1247 884 1319 921; x_wconf 88' lang='lat' dir='ltr'>cla-</span> 
     </span>
     <span class='ocr_line' id='line_1_18' title="bbox 338 928 1315 987; baseline 0.009 -22"><span class='ocrx_word' id='word_1_99' title='bbox 338 928 497 967; x_wconf 87' lang='lat' dir='ltr'>moribus</span> <span class='ocrx_word' id='word_1_100' title='bbox 522 944 708 982; x_wconf 88' lang='lat' dir='ltr'>personare</span> <span class='ocrx_word' id='word_1_101' title='bbox 730 948 739 968; x_wconf 90' lang='lat'>:</span> <span class='ocrx_word' id='word_1_102' title='bbox 762 941 842 970; x_wconf 87' lang='lat' dir='ltr'>ante</span> <span class='ocrx_word' id='word_1_103' title='bbox 861 933 1006 972; x_wconf 87' lang='lat' dir='ltr'>thronos</span> <span class='ocrx_word' id='word_1_104' title='bbox 1030 942 1123 985; x_wconf 82' lang='lat' dir='ltr'>tuos,</span> <span class='ocrx_word' id='word_1_105' title='bbox 1149 936 1315 987; x_wconf 78' lang='lat' dir='ltr'>Domine,</span> 
     </span>
     <span class='ocr_line' id='line_1_19' title="bbox 335 980 1318 1039; baseline 0.008 -21"><span class='ocrx_word' id='word_1_106' title='bbox 335 980 410 1019; x_wconf 87' lang='lat' dir='ltr'>fore</span> <span class='ocrx_word' id='word_1_107' title='bbox 438 990 477 1019; x_wconf 88' lang='lat' dir='ltr'>ut</span> <span class='ocrx_word' id='word_1_108' title='bbox 503 983 614 1034; x_wconf 87' lang='lat' dir='ltr'>aperti</span> <span class='ocrx_word' id='word_1_109' title='bbox 633 983 718 1021; x_wconf 83' lang='lat' dir='ltr'>libri</span> <span class='ocrx_word' id='word_1_110' title='bbox 741 994 929 1036; x_wconf 85' lang='lat' dir='ltr'>ponantur,</span> <span class='ocrx_word' id='word_1_111' title='bbox 956 985 1096 1034; x_wconf 88' lang='lat' dir='ltr'>audivi,</span> <span class='ocrx_word' id='word_1_112' title='bbox 1120 987 1158 1025; x_wconf 91' lang='lat' dir='ltr'>in</span> <span class='ocrx_word' id='word_1_113' title='bbox 1187 989 1318 1039; x_wconf 85' lang='lat' dir='ltr'>quibus</span> 
     </span>
     <span class='ocr_line' id='line_1_20' title="bbox 334 1032 1318 1089; baseline 0.009 -19"><span class='ocrx_word' id='word_1_114' title='bbox 334 1032 435 1072; x_wconf 81' lang='lat' dir='ltr'>haud</span> <span class='ocrx_word' id='word_1_115' title='bbox 453 1034 618 1083; x_wconf 84' lang='lat' dir='ltr'>dubium,</span> <span class='ocrx_word' id='word_1_116' title='bbox 639 1037 723 1086; x_wconf 91' lang='lat' dir='ltr'>quin</span> <span class='ocrx_word' id='word_1_117' title='bbox 744 1045 777 1074; x_wconf 90' lang='lat' dir='ltr'>et</span> <span class='ocrx_word' id='word_1_118' title='bbox 794 1037 973 1075; x_wconf 86' lang='lat' dir='ltr'>viatorum</span> <span class='ocrx_word' id='word_1_119' title='bbox 986 1039 1139 1089; x_wconf 84' lang='lat' dir='ltr'>gemitus</span> <span class='ocrx_word' id='word_1_120' title='bbox 1151 1040 1221 1078; x_wconf 91' lang='lat' dir='ltr'>sint</span> <span class='ocrx_word' id='word_1_121' title='bbox 1235 1055 1318 1079; x_wconf 89' lang='lat' dir='ltr'>con—</span> 
     </span>
     <span class='ocr_line' id='line_1_21' title="bbox 337 1086 1317 1142; baseline 0.007 -19"><span class='ocrx_word' id='word_1_122' title='bbox 337 1086 474 1139; x_wconf 80' lang='lat' dir='ltr'>scripti.</span> <span class='ocrx_word' id='word_1_123' title='bbox 500 1088 651 1125; x_wconf 87' lang='lat' dir='ltr'>Nullum</span> <span class='ocrx_word' id='word_1_124' title='bbox 676 1097 726 1126; x_wconf 89' lang='lat' dir='ltr'>est</span> <span class='ocrx_word' id='word_1_125' title='bbox 745 1102 854 1140; x_wconf 84' lang='lat' dir='ltr'>genus</span> <span class='ocrx_word' id='word_1_126' title='bbox 880 1090 1076 1142; x_wconf 82' lang='lat' dir='ltr'>injustitiae,</span> <span class='ocrx_word' id='word_1_127' title='bbox 1097 1092 1192 1141; x_wconf 87' lang='lat' dir='ltr'>quod</span> <span class='ocrx_word' id='word_1_128' title='bbox 1218 1102 1317 1131; x_wconf 88' lang='lat' dir='ltr'>tuam</span> 
     </span>
     <span class='ocr_line' id='line_1_22' title="bbox 334 1140 1314 1196; baseline 0.007 -20"><span class='ocrx_word' id='word_1_129' title='bbox 334 1140 570 1190; x_wconf 82' lang='lat' dir='ltr'>cognitionem</span> <span class='ocrx_word' id='word_1_130' title='bbox 586 1140 682 1178; x_wconf 90' lang='lat' dir='ltr'>nulla</span> <span class='ocrx_word' id='word_1_131' title='bbox 704 1141 891 1192; x_wconf 78' lang='lat' dir='ltr'>largitione</span> <span class='ocrx_word' id='word_1_132' title='bbox 910 1152 1114 1195; x_wconf 77' lang='lat' dir='ltr'>corruptam</span> <span class='ocrx_word' id='word_1_133' title='bbox 1125 1145 1290 1196; x_wconf 80' lang='lat' dir='ltr'>effugerit</span> <span class='ocrx_word' id='word_1_134' title='bbox 1306 1162 1314 1183; x_wconf 77' lang='grc' dir='ltr'><strong>ε</strong></span> 
     </span>
     <span class='ocr_line' id='line_1_23' title="bbox 331 1191 1315 1250; baseline 0.009 -23"><span class='ocrx_word' id='word_1_135' title='bbox 331 1191 407 1242; x_wconf 90' lang='lat' dir='ltr'>jam</span> <span class='ocrx_word' id='word_1_136' title='bbox 425 1192 515 1229; x_wconf 92' lang='lat' dir='ltr'>mihi</span> <span class='ocrx_word' id='word_1_137' title='bbox 534 1201 674 1245; x_wconf 87' lang='lat' dir='ltr'>tempus</span> <span class='ocrx_word' id='word_1_138' title='bbox 692 1193 905 1232; x_wconf 85' lang='lat' dir='ltr'>defensionis</span> <span class='ocrx_word' id='word_1_139' title='bbox 930 1209 1000 1233; x_wconf 91' lang='lat' dir='ltr'>non</span> <span class='ocrx_word' id='word_1_140' title='bbox 1019 1206 1190 1248; x_wconf 82' lang='lat' dir='ltr'>superest,</span> <span class='ocrx_word' id='word_1_141' title='bbox 1221 1198 1315 1250; x_wconf 61' lang='lat' dir='ltr'>fugae</span> 
     </span>
     <span class='ocr_line' id='line_1_24' title="bbox 335 1244 1314 1300; baseline 0.011 -21"><span class='ocrx_word' id='word_1_142' title='bbox 335 1244 455 1282; x_wconf 90' lang='lat' dir='ltr'>nullus</span> <span class='ocrx_word' id='word_1_143' title='bbox 483 1244 627 1284; x_wconf 85' lang='lat' dir='ltr'>relictus</span> <span class='ocrx_word' id='word_1_144' title='bbox 655 1255 706 1283; x_wconf 86' lang='lat' dir='ltr'>est</span> <span class='ocrx_word' id='word_1_145' title='bbox 726 1247 836 1284; x_wconf 90' lang='lat' dir='ltr'>loeus.</span> <span class='ocrx_word' id='word_1_146' title='bbox 874 1248 1061 1300; x_wconf 80' lang='lat' dir='ltr'>Suspiccre</span> <span class='ocrx_word' id='word_1_147' title='bbox 1092 1250 1219 1288; x_wconf 79' lang='lat' dir='ltr'>caelum</span> <span class='ocrx_word' id='word_1_148' title='bbox 1245 1265 1314 1290; x_wconf 90' lang='lat' dir='ltr'>non</span> 
     </span>
     <span class='ocr_line' id='line_1_25' title="bbox 331 1296 1315 1353; baseline 0.009 -20"><span class='ocrx_word' id='word_1_149' title='bbox 331 1296 446 1335; x_wconf 83' lang='lat' dir='ltr'>audeo</span> <span class='ocrx_word' id='word_1_150' title='bbox 455 1313 466 1348; x_wconf 80' lang='lat'>3</span> <span class='ocrx_word' id='word_1_151' title='bbox 508 1297 622 1349; x_wconf 89' lang='lat' dir='ltr'>ipsam</span> <span class='ocrx_word' id='word_1_152' title='bbox 658 1299 764 1337; x_wconf 86' lang='lat' dir='ltr'>etiam</span> <span class='ocrx_word' id='word_1_153' title='bbox 798 1308 929 1338; x_wconf 84' lang='lat' dir='ltr'>terram</span> <span class='ocrx_word' id='word_1_154' title='bbox 959 1301 1185 1353; x_wconf 80' lang='lat' dir='ltr'>pertimesco,</span> <span class='ocrx_word' id='word_1_155' title='bbox 1215 1305 1315 1342; x_wconf 89' lang='lat' dir='ltr'>velut</span> 
     </span>
     <span class='ocr_line' id='line_1_26' title="bbox 330 1351 1314 1409; baseline 0.01 -23"><span class='ocrx_word' id='word_1_156' title='bbox 330 1357 453 1387; x_wconf 85' lang='lat' dir='ltr'>testem</span> <span class='ocrx_word' id='word_1_157' title='bbox 477 1358 509 1387; x_wconf 87' lang='lat' dir='ltr'>et</span> <span class='ocrx_word' id='word_1_158' title='bbox 535 1351 710 1389; x_wconf 87' lang='lat' dir='ltr'>arbitrum</span> <span class='ocrx_word' id='word_1_159' title='bbox 731 1352 911 1390; x_wconf 87' lang='lat' dir='ltr'>actionum</span> <span class='ocrx_word' id='word_1_160' title='bbox 938 1367 1112 1392; x_wconf 83' lang='lat' dir='ltr'>mearum.</span> <span class='ocrx_word' id='word_1_161' title='bbox 1140 1357 1314 1409; x_wconf 83' lang='lat' dir='ltr'>Magnum</span> 
     </span>
     <span class='ocr_line' id='line_1_27' title="bbox 328 1402 1314 1458; baseline 0.01 -19"><span class='ocrx_word' id='word_1_162' title='bbox 328 1402 422 1440; x_wconf 85' lang='lat' dir='ltr'>enim</span> <span class='ocrx_word' id='word_1_163' title='bbox 450 1412 669 1455; x_wconf 89' lang='lat' dir='ltr'>peccatorem</span> <span class='ocrx_word' id='word_1_164' title='bbox 688 1419 742 1443; x_wconf 89' lang='lat' dir='ltr'>res</span> <span class='ocrx_word' id='word_1_165' title='bbox 767 1406 875 1443; x_wconf 89' lang='lat' dir='ltr'>etiam</span> <span class='ocrx_word' id='word_1_166' title='bbox 903 1405 988 1458; x_wconf 81' lang='lat' dir='ltr'>ipsae</span> <span class='ocrx_word' id='word_1_167' title='bbox 1018 1407 1136 1446; x_wconf 82' lang='lat' dir='ltr'>anima</span> <span class='ocrx_word' id='word_1_168' title='bbox 1160 1420 1314 1449; x_wconf 82' lang='lat' dir='ltr'>carentes</span> 
     </span>
     <span class='ocr_line' id='line_1_28' title="bbox 329 1456 1312 1502; baseline 0.011 -11"><span class='ocrx_word' id='word_1_169' title='bbox 329 1465 503 1493; x_wconf 77' lang='lat' dir='ltr'>accusant.</span> <span class='ocrx_word' id='word_1_170' title='bbox 522 1456 764 1501; x_wconf 79' lang='lat' dir='ltr'>Quamobrem</span> <span class='ocrx_word' id='word_1_171' title='bbox 788 1458 834 1496; x_wconf 88' lang='lat' dir='ltr'>ad</span> <span class='ocrx_word' id='word_1_172' title='bbox 863 1467 896 1496; x_wconf 89' lang='lat' dir='ltr'>te</span> <span class='ocrx_word' id='word_1_173' title='bbox 924 1459 1085 1498; x_wconf 89' lang='lat' dir='ltr'>omnium</span> <span class='ocrx_word' id='word_1_174' title='bbox 1114 1462 1312 1502; x_wconf 87' lang='lat' dir='ltr'>Dominum</span> 
     </span>
     <span class='ocr_line' id='line_1_29' title="bbox 327 1509 1310 1569; baseline 0.01 -25"><span class='ocrx_word' id='word_1_175' title='bbox 327 1521 523 1552; x_wconf 78' lang='lat' dir='ltr'>recurrens,</span> <span class='ocrx_word' id='word_1_176' title='bbox 542 1509 631 1547; x_wconf 88' lang='lat' dir='ltr'>hanc</span> <span class='ocrx_word' id='word_1_177' title='bbox 658 1525 765 1548; x_wconf 85' lang='lat' dir='ltr'>unam</span> <span class='ocrx_word' id='word_1_178' title='bbox 797 1511 1061 1550; x_wconf 76' lang='lat' dir='ltr'>auxiliatricem</span> <span class='ocrx_word' id='word_1_179' title='bbox 1093 1515 1207 1566; x_wconf 88' lang='lat' dir='ltr'>reperi</span> <span class='ocrx_word' id='word_1_180' title='bbox 1226 1530 1310 1569; x_wconf 88' lang='lat' dir='ltr'>sup-</span> 
     </span>
     <span class='ocr_line' id='line_1_30' title="bbox 326 1560 1308 1620; baseline 0.01 -23"><span class='ocrx_word' id='word_1_181' title='bbox 326 1560 553 1611; x_wconf 81' lang='lat' dir='ltr'>plicationem</span> <span class='ocrx_word' id='word_1_182' title='bbox 577 1577 584 1598; x_wconf 74' lang='grc' dir='ltr'><em>τ</em></span> <span class='ocrx_word' id='word_1_183' title='bbox 611 1564 731 1610; x_wconf 80' lang='lat' dir='ltr'>Deus,</span> <span class='ocrx_word' id='word_1_184' title='bbox 749 1567 936 1616; x_wconf 71' lang='lat' dir='ltr'>propitius</span> <span class='ocrx_word' id='word_1_185' title='bbox 958 1574 1037 1603; x_wconf 76' lang='lat' dir='ltr'>esto</span> <span class='ocrx_word' id='word_1_186' title='bbox 1059 1569 1155 1604; x_wconf 71' lang='lat' dir='ltr'>milti</span> <span class='ocrx_word' id='word_1_187' title='bbox 1166 1583 1308 1620; x_wconf 83' lang='lat' dir='ltr'>pecca—</span> 
     </span>
     <span class='ocr_line' id='line_1_31' title="bbox 328 1614 1309 1665; baseline 0.011 -16"><span class='ocrx_word' id='word_1_188' title='bbox 328 1616 415 1650; x_wconf 81' lang='lat' dir='ltr'>tori.</span> <span class='ocrx_word' id='word_1_189' title='bbox 441 1614 557 1651; x_wconf 88' lang='lat' dir='ltr'>Multa</span> <span class='ocrx_word' id='word_1_190' title='bbox 579 1615 726 1665; x_wconf 79' lang='lat' dir='ltr'>quidem</span> <span class='ocrx_word' id='word_1_191' title='bbox 756 1626 809 1655; x_wconf 83' lang='lat' dir='ltr'>est</span> <span class='ocrx_word' id='word_1_192' title='bbox 830 1617 1007 1655; x_wconf 86' lang='lat' dir='ltr'>malorum</span> <span class='ocrx_word' id='word_1_193' title='bbox 1025 1632 1184 1657; x_wconf 84' lang='lat' dir='ltr'>meorum</span> <span class='ocrx_word' id='word_1_194' title='bbox 1212 1636 1309 1660; x_wconf 89' lang='lat' dir='ltr'>sum-</span> 
     </span>
     <span class='ocr_line' id='line_1_32' title="bbox 329 1666 1308 1721; baseline 0.011 -19"><span class='ocrx_word' id='word_1_195' title='bbox 329 1679 399 1710; x_wconf 82' lang='lat' dir='ltr'>ma,</span> <span class='ocrx_word' id='word_1_196' title='bbox 414 1666 475 1704; x_wconf 84' lang='lat' dir='ltr'>sed</span> <span class='ocrx_word' id='word_1_197' title='bbox 494 1667 666 1718; x_wconf 86' lang='lat' dir='ltr'>quidhoc</span> <span class='ocrx_word' id='word_1_198' title='bbox 695 1667 740 1706; x_wconf 84' lang='lat' dir='ltr'>ad</span> <span class='ocrx_word' id='word_1_199' title='bbox 768 1669 915 1721; x_wconf 84' lang='lat' dir='ltr'>pelagus</span> <span class='ocrx_word' id='word_1_200' title='bbox 945 1679 1013 1708; x_wconf 85' lang='lat' dir='ltr'>tuae</span> <span class='ocrx_word' id='word_1_201' title='bbox 1045 1671 1243 1712; x_wconf 72' lang='lat' dir='ltr'>bonitatis?</span> <span class='ocrx_word' id='word_1_202' title='bbox 1259 1677 1308 1713; x_wconf 94' lang='lat' dir='ltr'>Ut</span> 
     </span>
     <span class='ocr_line' id='line_1_33' title="bbox 326 1718 1307 1775; baseline 0.012 -21"><span class='ocrx_word' id='word_1_203' title='bbox 326 1718 448 1756; x_wconf 84' lang='lat' dir='ltr'>salvus</span> <span class='ocrx_word' id='word_1_204' title='bbox 465 1720 560 1767; x_wconf 85' lang='lat' dir='ltr'>fiam,</span> <span class='ocrx_word' id='word_1_205' title='bbox 578 1720 673 1772; x_wconf 87' lang='lat' dir='ltr'>apud</span> <span class='ocrx_word' id='word_1_206' title='bbox 684 1721 844 1759; x_wconf 86' lang='lat' dir='ltr'>homines</span> <span class='ocrx_word' id='word_1_207' title='bbox 863 1732 912 1759; x_wconf 92' lang='lat' dir='ltr'>est</span> <span class='ocrx_word' id='word_1_208' title='bbox 928 1722 1165 1775; x_wconf 89' lang='lat' dir='ltr'>impossibile;</span> <span class='ocrx_word' id='word_1_209' title='bbox 1181 1741 1307 1766; x_wconf 85' lang='lat' dir='ltr'>verum</span> 
     </span>
     <span class='ocr_line' id='line_1_34' title="bbox 326 1771 1306 1824; baseline 0.012 -17"><span class='ocrx_word' id='word_1_210' title='bbox 326 1771 423 1822; x_wconf 84' lang='lat' dir='ltr'>apud</span> <span class='ocrx_word' id='word_1_211' title='bbox 442 1781 475 1809; x_wconf 88' lang='lat' dir='ltr'>te</span> <span class='ocrx_word' id='word_1_212' title='bbox 490 1773 606 1810; x_wconf 82' lang='lat' dir='ltr'>onmia</span> <span class='ocrx_word' id='word_1_213' title='bbox 624 1773 804 1824; x_wconf 82' lang='lat' dir='ltr'>possibilia</span> <span class='ocrx_word' id='word_1_214' title='bbox 822 1784 915 1823; x_wconf 82' lang='lat' dir='ltr'>sunt,</span> <span class='ocrx_word' id='word_1_215' title='bbox 930 1776 1092 1814; x_wconf 87' lang='lat' dir='ltr'>Domine.</span> <span class='ocrx_word' id='word_1_216' title='bbox 1112 1778 1306 1819; x_wconf 88' lang='lat' dir='ltr'>Enimvero</span> 
     </span>
     <span class='ocr_line' id='line_1_35' title="bbox 326 1824 1305 1876; baseline 0.012 -17"><span class='ocrx_word' id='word_1_217' title='bbox 326 1824 354 1859; x_wconf 92' lang='lat' dir='ltr'>si</span> <span class='ocrx_word' id='word_1_218' title='bbox 375 1833 520 1876; x_wconf 81' lang='lat' dir='ltr'>propter</span> <span class='ocrx_word' id='word_1_219' title='bbox 535 1825 650 1876; x_wconf 86' lang='lat' dir='ltr'>justos</span> <span class='ocrx_word' id='word_1_220' title='bbox 681 1826 717 1864; x_wconf 92' lang='lat' dir='ltr'>in</span> <span class='ocrx_word' id='word_1_221' title='bbox 744 1835 873 1864; x_wconf 87' lang='lat' dir='ltr'>terram</span> <span class='ocrx_word' id='word_1_222' title='bbox 896 1829 1037 1876; x_wconf 87' lang='lat' dir='ltr'>venisti,</span> <span class='ocrx_word' id='word_1_223' title='bbox 1066 1829 1197 1869; x_wconf 86' lang='lat' dir='ltr'>frustra</span> <span class='ocrx_word' id='word_1_224' title='bbox 1220 1833 1305 1871; x_wconf 88' lang='lat' dir='ltr'>telo-</span> 
     </span>
     <span class='ocr_line' id='line_1_36' title="bbox 327 1875 1304 1933; baseline 0.012 -21"><span class='ocrx_word' id='word_1_225' title='bbox 327 1875 427 1913; x_wconf 84' lang='lat' dir='ltr'>nium</span> <span class='ocrx_word' id='word_1_226' title='bbox 446 1877 647 1923; x_wconf 82' lang='lat' dir='ltr'>detestatus,</span> <span class='ocrx_word' id='word_1_227' title='bbox 666 1878 709 1916; x_wconf 85' lang='lat' dir='ltr'>ad</span> <span class='ocrx_word' id='word_1_228' title='bbox 737 1888 840 1916; x_wconf 87' lang='lat' dir='ltr'>tuum</span> <span class='ocrx_word' id='word_1_229' title='bbox 863 1881 1036 1933; x_wconf 82' lang='lat' dir='ltr'>templum</span> <span class='ocrx_word' id='word_1_230' title='bbox 1061 1884 1199 1921; x_wconf 83' lang='lat' dir='ltr'>accurri</span> <span class='ocrx_word' id='word_1_231' title='bbox 1219 1899 1227 1921; x_wconf 71' lang='grc' dir='ltr'>ε</span> <span class='ocrx_word' id='word_1_232' title='bbox 1251 1886 1304 1924; x_wconf 90' lang='lat' dir='ltr'>sin</span> 
     </span>
     <span class='ocr_line' id='line_1_37' title="bbox 325 1930 1305 1986; baseline 0.01 -21"><span class='ocrx_word' id='word_1_233' title='bbox 325 1938 443 1966; x_wconf 86' lang='lat' dir='ltr'>autem</span> <span class='ocrx_word' id='word_1_234' title='bbox 477 1930 581 1967; x_wconf 85' lang='lat' dir='ltr'>etiam</span> <span class='ocrx_word' id='word_1_235' title='bbox 603 1940 825 1982; x_wconf 86' lang='lat' dir='ltr'>peccatorum</span> <span class='ocrx_word' id='word_1_236' title='bbox 854 1934 1026 1972; x_wconf 86' lang='lat' dir='ltr'>rationem</span> <span class='ocrx_word' id='word_1_237' title='bbox 1055 1935 1212 1986; x_wconf 79' lang='lat' dir='ltr'>aliquam</span> <span class='ocrx_word' id='word_1_238' title='bbox 1235 1938 1305 1976; x_wconf 86' lang='lat' dir='ltr'>ha-</span> 
     </span>
     <span class='ocr_line' id='line_1_38' title="bbox 324 1980 1304 2042; baseline 0.011 -25"><span class='ocrx_word' id='word_1_239' title='bbox 324 1980 424 2031; x_wconf 87' lang='lat' dir='ltr'>bens,</span> <span class='ocrx_word' id='word_1_240' title='bbox 443 1982 529 2032; x_wconf 84' lang='lat' dir='ltr'>quin</span> <span class='ocrx_word' id='word_1_241' title='bbox 548 1997 669 2021; x_wconf 87' lang='lat' dir='ltr'>eorum</span> <span class='ocrx_word' id='word_1_242' title='bbox 683 1984 800 2035; x_wconf 86' lang='lat' dir='ltr'>potius</span> <span class='ocrx_word' id='word_1_243' title='bbox 814 1998 917 2022; x_wconf 84' lang='lat' dir='ltr'>causa</span> <span class='ocrx_word' id='word_1_244' title='bbox 931 1985 1022 2024; x_wconf 87' lang='lat' dir='ltr'>inter</span> <span class='ocrx_word' id='word_1_245' title='bbox 1036 1997 1213 2027; x_wconf 86' lang='lat' dir='ltr'>creaturas</span> <span class='ocrx_word' id='word_1_246' title='bbox 1226 2002 1304 2042; x_wconf 87' lang='lat' dir='ltr'>per-</span> 
     </span>
     <span class='ocr_line' id='line_1_39' title="bbox 324 2034 1305 2092; baseline 0.012 -22"><span class='ocrx_word' id='word_1_247' title='bbox 324 2034 503 2085; x_wconf 85' lang='lat' dir='ltr'>egrinatus</span> <span class='ocrx_word' id='word_1_248' title='bbox 526 2049 579 2083; x_wconf 88' lang='lat' dir='ltr'>es,</span> <span class='ocrx_word' id='word_1_249' title='bbox 608 2050 650 2073; x_wconf 91' lang='lat' dir='ltr'>ne</span> <span class='ocrx_word' id='word_1_250' title='bbox 679 2036 772 2075; x_wconf 86' lang='lat' dir='ltr'>sinas</span> <span class='ocrx_word' id='word_1_251' title='bbox 793 2046 831 2074; x_wconf 91' lang='lat' dir='ltr'>ut</span> <span class='ocrx_word' id='word_1_252' title='bbox 850 2052 889 2075; x_wconf 87' lang='lat' dir='ltr'>ea</span> <span class='ocrx_word' id='word_1_253' title='bbox 911 2053 989 2089; x_wconf 83' lang='lat' dir='ltr'>quae</span> <span class='ocrx_word' id='word_1_254' title='bbox 1010 2040 1046 2078; x_wconf 89' lang='lat' dir='ltr'>in</span> <span class='ocrx_word' id='word_1_255' title='bbox 1065 2049 1099 2078; x_wconf 88' lang='lat' dir='ltr'>te</span> <span class='ocrx_word' id='word_1_256' title='bbox 1117 2042 1231 2092; x_wconf 86' lang='lat' dir='ltr'>posita</span> <span class='ocrx_word' id='word_1_257' title='bbox 1258 2043 1305 2082; x_wconf 89' lang='lat' dir='ltr'>sit</span> 
     </span>
     <span class='ocr_line' id='line_1_40' title="bbox 325 2087 1303 2139; baseline 0.012 -17"><span class='ocrx_word' id='word_1_258' title='bbox 325 2099 418 2138; x_wconf 87' lang='lat' dir='ltr'>spes,</span> <span class='ocrx_word' id='word_1_259' title='bbox 438 2087 653 2139; x_wconf 82' lang='lat' dir='ltr'>infringatur</span> <span class='ocrx_word' id='word_1_260' title='bbox 669 2098 701 2126; x_wconf 92' lang='lat' dir='ltr'>et</span> <span class='ocrx_word' id='word_1_261' title='bbox 715 2100 897 2128; x_wconf 79' lang='lat' dir='ltr'>evanescat</span> <span class='ocrx_word' id='word_1_262' title='bbox 912 2092 996 2139; x_wconf 82' lang='lat' dir='ltr'>3scd</span> <span class='ocrx_word' id='word_1_263' title='bbox 1011 2094 1205 2132; x_wconf 86' lang='lat' dir='ltr'>contritum</span> <span class='ocrx_word' id='word_1_264' title='bbox 1220 2110 1303 2134; x_wconf 85' lang='lat' dir='ltr'>sana</span> 
     </span>
     <span class='ocr_line' id='line_1_41' title="bbox 325 2143 1303 2194; baseline 0.012 -19"><span class='ocrx_word' id='word_1_265' title='bbox 325 2152 386 2176; x_wconf 89' lang='lat' dir='ltr'>eor</span> <span class='ocrx_word' id='word_1_266' title='bbox 404 2154 536 2184; x_wconf 83' lang='lat' dir='ltr'>meum,</span> <span class='ocrx_word' id='word_1_267' title='bbox 559 2151 592 2178; x_wconf 87' lang='lat' dir='ltr'>ct</span> <span class='ocrx_word' id='word_1_268' title='bbox 612 2155 668 2179; x_wconf 87' lang='lat' dir='ltr'>me</span> <span class='ocrx_word' id='word_1_269' title='bbox 686 2143 838 2194; x_wconf 84' lang='lat' dir='ltr'>peccatis</span> <span class='ocrx_word' id='word_1_270' title='bbox 857 2154 1040 2183; x_wconf 87' lang='lat' dir='ltr'>enecatum</span> <span class='ocrx_word' id='word_1_271' title='bbox 1054 2146 1100 2183; x_wconf 84' lang='lat' dir='ltr'>ad</span> <span class='ocrx_word' id='word_1_272' title='bbox 1114 2148 1228 2186; x_wconf 87' lang='lat' dir='ltr'>vitam</span> <span class='ocrx_word' id='word_1_273' title='bbox 1243 2163 1303 2187; x_wconf 86' lang='lat' dir='ltr'>re-</span> 
     </span>
     <span class='ocr_line' id='line_1_42' title="bbox 322 2193 1303 2246; baseline 0.011 -18"><span class='ocrx_word' id='word_1_274' title='bbox 322 2205 422 2229; x_wconf 82' lang='lat' dir='ltr'>voca.</span> <span class='ocrx_word' id='word_1_275' title='bbox 442 2193 599 2245; x_wconf 86' lang='lat' dir='ltr'>Contigit</span> <span class='ocrx_word' id='word_1_276' title='bbox 618 2194 705 2232; x_wconf 84' lang='lat' dir='ltr'>olim</span> <span class='ocrx_word' id='word_1_277' title='bbox 719 2204 752 2233; x_wconf 86' lang='lat' dir='ltr'>tc</span> <span class='ocrx_word' id='word_1_278' title='bbox 774 2196 957 2246; x_wconf 79' lang='lat' dir='ltr'>meretrix,</span> <span class='ocrx_word' id='word_1_279' title='bbox 973 2207 1006 2236; x_wconf 86' lang='lat' dir='ltr'>et</span> <span class='ocrx_word' id='word_1_280' title='bbox 1029 2200 1206 2238; x_wconf 86' lang='lat' dir='ltr'>malorum</span> <span class='ocrx_word' id='word_1_281' title='bbox 1225 2215 1303 2239; x_wconf 91' lang='lat' dir='ltr'>sor-</span> 
     </span>
     <span class='ocr_line' id='line_1_43' title="bbox 321 2243 1304 2292; baseline 0.011 -11"><span class='ocrx_word' id='word_1_282' title='bbox 321 2243 384 2282; x_wconf 88' lang='lat' dir='ltr'>des</span> <span class='ocrx_word' id='word_1_283' title='bbox 409 2245 601 2284; x_wconf 84' lang='lat' dir='ltr'>abstersit:</span> <span class='ocrx_word' id='word_1_284' title='bbox 631 2247 715 2284; x_wconf 81' lang='lat' dir='ltr'>fidei</span> <span class='ocrx_word' id='word_1_285' title='bbox 753 2249 971 2287; x_wconf 61' lang='lat' dir='ltr'>muliercula}</span> <span class='ocrx_word' id='word_1_286' title='bbox 1001 2251 1182 2290; x_wconf 84' lang='lat' dir='ltr'>fimbriam</span> <span class='ocrx_word' id='word_1_287' title='bbox 1210 2268 1304 2292; x_wconf 85' lang='lat' dir='ltr'>eom-</span> 
     </span>
     <span class='ocr_line' id='line_1_44' title="bbox 321 2296 1304 2353; baseline 0.011 -20"><span class='ocrx_word' id='word_1_288' title='bbox 321 2296 488 2347; x_wconf 88' lang='lat' dir='ltr'>modasti,</span> <span class='ocrx_word' id='word_1_289' title='bbox 517 2307 550 2336; x_wconf 90' lang='lat' dir='ltr'>et</span> <span class='ocrx_word' id='word_1_290' title='bbox 582 2300 764 2349; x_wconf 74' lang='lat' dir='ltr'>sanguinis</span> <span class='ocrx_word' id='word_1_291' title='bbox 797 2310 962 2353; x_wconf 82' lang='lat' dir='ltr'>stagnum</span> <span class='ocrx_word' id='word_1_292' title='bbox 994 2304 1179 2342; x_wconf 87' lang='lat' dir='ltr'>exsiccasti</span> <span class='ocrx_word' id='word_1_293' title='bbox 1213 2321 1220 2342; x_wconf 94' lang='lat'><strong>:</strong></span> <span class='ocrx_word' id='word_1_294' title='bbox 1256 2307 1304 2345; x_wconf 85' lang='lat' dir='ltr'>ad</span> 
     </span>
     <span class='ocr_line' id='line_1_45' title="bbox 317 2349 1304 2405; baseline 0.011 -19"><span class='ocrx_word' id='word_1_295' title='bbox 317 2349 490 2401; x_wconf 86' lang='lat' dir='ltr'>jacentem</span> <span class='ocrx_word' id='word_1_296' title='bbox 508 2352 747 2405; x_wconf 81' lang='lat' dir='ltr'>paralyticum</span> <span class='ocrx_word' id='word_1_297' title='bbox 765 2355 956 2401; x_wconf 80' lang='lat' dir='ltr'>accessisti,</span> <span class='ocrx_word' id='word_1_298' title='bbox 974 2365 1007 2394; x_wconf 85' lang='lat' dir='ltr'>et</span> <span class='ocrx_word' id='word_1_299' title='bbox 1026 2357 1105 2396; x_wconf 91' lang='lat' dir='ltr'>lecti</span> <span class='ocrx_word' id='word_1_300' title='bbox 1127 2367 1304 2397; x_wconf 88' lang='lat' dir='ltr'>vectorem</span> 
     </span>
     <span class='ocr_line' id='line_1_46' title="bbox 320 2402 1303 2463; baseline 0.011 -24"><span class='ocrx_word' id='word_1_301' title='bbox 320 2402 511 2441; x_wconf 73' lang='lat' dir='ltr'>reddidisti</span> <span class='ocrx_word' id='word_1_302' title='bbox 535 2420 542 2440; x_wconf 89' lang='lat'>:</span> <span class='ocrx_word' id='word_1_303' title='bbox 565 2419 697 2443; x_wconf 77' lang='lat' dir='ltr'>caecum</span> <span class='ocrx_word' id='word_1_304' title='bbox 724 2407 926 2457; x_wconf 65' lang='lat' dir='ltr'>praeteriens</span> <span class='ocrx_word' id='word_1_305' title='bbox 951 2409 1090 2457; x_wconf 82' lang='lat' dir='ltr'>vidisti,</span> <span class='ocrx_word' id='word_1_306' title='bbox 1117 2420 1151 2448; x_wconf 93' lang='lat' dir='ltr'>et</span> <span class='ocrx_word' id='word_1_307' title='bbox 1177 2411 1303 2463; x_wconf 90' lang='lat' dir='ltr'>pristi-</span> 
     </span>
     <span class='ocr_line' id='line_1_47' title="bbox 321 2456 1303 2516; baseline 0.011 -24"><span class='ocrx_word' id='word_1_308' title='bbox 321 2468 408 2493; x_wconf 89' lang='lat' dir='ltr'>num</span> <span class='ocrx_word' id='word_1_309' title='bbox 426 2456 525 2494; x_wconf 88' lang='lat' dir='ltr'>visus</span> <span class='ocrx_word' id='word_1_310' title='bbox 543 2457 650 2495; x_wconf 88' lang='lat' dir='ltr'>decus</span> <span class='ocrx_word' id='word_1_311' title='bbox 669 2459 855 2497; x_wconf 87' lang='lat' dir='ltr'>restituisti</span> <span class='ocrx_word' id='word_1_312' title='bbox 876 2476 883 2497; x_wconf 95' lang='lat'><strong>:</strong></span> <span class='ocrx_word' id='word_1_313' title='bbox 901 2461 1031 2499; x_wconf 88' lang='lat' dir='ltr'>etenim</span> <span class='ocrx_word' id='word_1_314' title='bbox 1048 2465 1205 2516; x_wconf 90' lang='lat' dir='ltr'>corporis</span> <span class='ocrx_word' id='word_1_315' title='bbox 1224 2465 1303 2515; x_wconf 89' lang='lat' dir='ltr'>qui-</span> 
     </span>
     <span class='ocr_line' id='line_1_48' title="bbox 319 2506 1302 2565; baseline 0.013 -22"><span class='ocrx_word' id='word_1_316' title='bbox 319 2506 401 2545; x_wconf 87' lang='lat' dir='ltr'>dem</span> <span class='ocrx_word' id='word_1_317' title='bbox 416 2508 592 2548; x_wconf 90' lang='lat' dir='ltr'>desectum</span> <span class='ocrx_word' id='word_1_318' title='bbox 608 2510 682 2548; x_wconf 89' lang='lat' dir='ltr'>luto</span> <span class='ocrx_word' id='word_1_319' title='bbox 699 2511 892 2561; x_wconf 80' lang='lat' dir='ltr'>inunxisti,</span> <span class='ocrx_word' id='word_1_320' title='bbox 908 2514 969 2565; x_wconf 86' lang='lat' dir='ltr'>qui</span> <span class='ocrx_word' id='word_1_321' title='bbox 989 2529 1052 2553; x_wconf 85' lang='lat' dir='ltr'>vas</span> <span class='ocrx_word' id='word_1_322' title='bbox 1076 2516 1169 2554; x_wconf 84' lang='lat' dir='ltr'>illud</span> <span class='ocrx_word' id='word_1_323' title='bbox 1193 2531 1211 2554; x_wconf 92' lang='lat' dir='ltr'>e</span> <span class='ocrx_word' id='word_1_324' title='bbox 1226 2517 1302 2557; x_wconf 84' lang='lat' dir='ltr'>luto</span> 
     </span>
     <span class='ocr_line' id='line_1_49' title="bbox 319 2561 1304 2619; baseline 0.012 -22"><span class='ocrx_word' id='word_1_325' title='bbox 319 2561 512 2612; x_wconf 81' lang='lat' dir='ltr'>reparasti3</span> <span class='ocrx_word' id='word_1_326' title='bbox 534 2562 662 2601; x_wconf 87' lang='lat' dir='ltr'>lumini</span> <span class='ocrx_word' id='word_1_327' title='bbox 693 2573 811 2602; x_wconf 89' lang='lat' dir='ltr'>autem</span> <span class='ocrx_word' id='word_1_328' title='bbox 835 2566 973 2605; x_wconf 86' lang='lat' dir='ltr'>aditum</span> <span class='ocrx_word' id='word_1_329' title='bbox 991 2570 1166 2619; x_wconf 85' lang='lat' dir='ltr'>reserasti,</span> <span class='ocrx_word' id='word_1_330' title='bbox 1180 2569 1304 2609; x_wconf 87' lang='lat' dir='ltr'>simul-</span> 
     </span>
     <span class='ocr_line' id='line_1_50' title="bbox 321 2614 1301 2672; baseline 0.013 -24"><span class='ocrx_word' id='word_1_331' title='bbox 321 2626 389 2662; x_wconf 88' lang='lat' dir='ltr'>que</span> <span class='ocrx_word' id='word_1_332' title='bbox 421 2614 554 2652; x_wconf 86' lang='lat' dir='ltr'>homini</span> <span class='ocrx_word' id='word_1_333' title='bbox 594 2631 712 2654; x_wconf 89' lang='lat' dir='ltr'>rerum</span> <span class='ocrx_word' id='word_1_334' title='bbox 753 2628 950 2657; x_wconf 82' lang='lat' dir='ltr'>creatarum</span> <span class='ocrx_word' id='word_1_335' title='bbox 997 2621 1301 2672; x_wconf 86' lang='lat' dir='ltr'>pulchritudinem</span> 
     </span>
     <span class='ocr_line' id='line_1_51' title="bbox 319 2666 1300 2725; baseline 0.013 -24"><span class='ocrx_word' id='word_1_336' title='bbox 319 2666 517 2704; x_wconf 86' lang='lat' dir='ltr'>ostendisti.</span> <span class='ocrx_word' id='word_1_337' title='bbox 541 2669 597 2705; x_wconf 90' lang='lat' dir='ltr'>Tu</span> <span class='ocrx_word' id='word_1_338' title='bbox 621 2669 804 2707; x_wconf 80' lang='lat' dir='ltr'>mulierem</span> <span class='ocrx_word' id='word_1_339' title='bbox 826 2672 1138 2725; x_wconf 83' lang='lat' dir='ltr'>collacrymantem</span> <span class='ocrx_word' id='word_1_340' title='bbox 1163 2675 1300 2722; x_wconf 86' lang='lat' dir='ltr'>vidisti,</span> 
     </span>
     <span class='ocr_line' id='line_1_52' title="bbox 318 2724 1299 2781; baseline 0.014 -28"><span class='ocrx_word' id='word_1_341' title='bbox 318 2726 423 2768; x_wconf 84' lang='lat' dir='ltr'>atque</span> <span class='ocrx_word' id='word_1_342' title='bbox 436 2729 516 2756; x_wconf 87' lang='lat' dir='ltr'>ante</span> <span class='ocrx_word' id='word_1_343' title='bbox 541 2729 678 2773; x_wconf 83' lang='lat' dir='ltr'>tempus</span> <span class='ocrx_word' id='word_1_344' title='bbox 698 2724 963 2763; x_wconf 78' lang='lat' dir='ltr'>resurrectionis</span> <span class='ocrx_word' id='word_1_345' title='bbox 982 2726 1159 2765; x_wconf 88' lang='lat' dir='ltr'>infernum</span> <span class='ocrx_word' id='word_1_346' title='bbox 1179 2729 1299 2781; x_wconf 82' lang='lat' dir='ltr'>flagel-</span> 
     </span>
     <span class='ocr_line' id='line_1_53' title="bbox 318 2769 1298 2832; baseline 0.014 -26"><span class='ocrx_word' id='word_1_347' title='bbox 318 2769 412 2815; x_wconf 83' lang='lat' dir='ltr'>lasti,</span> <span class='ocrx_word' id='word_1_348' title='bbox 433 2771 519 2809; x_wconf 88' lang='lat' dir='ltr'>dum</span> <span class='ocrx_word' id='word_1_349' title='bbox 537 2773 617 2811; x_wconf 85' lang='lat' dir='ltr'>inde</span> <span class='ocrx_word' id='word_1_350' title='bbox 635 2775 806 2813; x_wconf 81' lang='lat' dir='ltr'>Lazarum</span> <span class='ocrx_word' id='word_1_351' title='bbox 821 2777 992 2827; x_wconf 78' lang='lat' dir='ltr'>eduxisti,</span> <span class='ocrx_word' id='word_1_352' title='bbox 1010 2779 1097 2818; x_wconf 86' lang='lat' dir='ltr'>dum</span> <span class='ocrx_word' id='word_1_353' title='bbox 1116 2790 1298 2832; x_wconf 84' lang='lat' dir='ltr'>tamquam</span> 
     </span>
     <span class='ocr_line' id='line_1_54' title="bbox 317 2823 1298 2882; baseline 0.014 -23"><span class='ocrx_word' id='word_1_354' title='bbox 317 2836 361 2860; x_wconf 85' lang='lat' dir='ltr'>ex</span> <span class='ocrx_word' id='word_1_355' title='bbox 388 2823 499 2861; x_wconf 80' lang='lat' dir='ltr'>leonis</span> <span class='ocrx_word' id='word_1_356' title='bbox 519 2826 679 2864; x_wconf 77' lang='lat' dir='ltr'>faucibus</span> <span class='ocrx_word' id='word_1_357' title='bbox 703 2842 721 2865; x_wconf 88' lang='lat' dir='ltr'>a</span> <span class='ocrx_word' id='word_1_358' title='bbox 745 2838 858 2867; x_wconf 88' lang='lat' dir='ltr'>morte</span> <span class='ocrx_word' id='word_1_359' title='bbox 878 2840 1019 2882; x_wconf 87' lang='lat' dir='ltr'>raptum</span> <span class='ocrx_word' id='word_1_360' title='bbox 1044 2832 1224 2872; x_wconf 86' lang='lat' dir='ltr'>hominem</span> <span class='ocrx_word' id='word_1_361' title='bbox 1244 2849 1298 2873; x_wconf 67' lang='lat' dir='ltr'>re—</span> 
     </span>
     <span class='ocr_line' id='line_1_55' title="bbox 316 2875 1297 2936; baseline 0.016 -26"><span class='ocrx_word' id='word_1_362' title='bbox 316 2875 457 2912; x_wconf 72' lang='lat' dir='ltr'>vexisti.</span> <span class='ocrx_word' id='word_1_363' title='bbox 479 2879 534 2914; x_wconf 87' lang='lat' dir='ltr'>Tu</span> <span class='ocrx_word' id='word_1_364' title='bbox 565 2892 645 2916; x_wconf 84' lang='lat' dir='ltr'>cuin</span> <span class='ocrx_word' id='word_1_365' title='bbox 676 2880 857 2919; x_wconf 82' lang='lat' dir='ltr'>hominem</span> <span class='ocrx_word' id='word_1_366' title='bbox 885 2883 949 2920; x_wconf 86' lang='lat' dir='ltr'>tibi</span> <span class='ocrx_word' id='word_1_367' title='bbox 982 2885 1223 2936; x_wconf 84' lang='lat' dir='ltr'>procidentem</span> <span class='ocrx_word' id='word_1_368' title='bbox 1251 2889 1297 2926; x_wconf 80' lang='lat' dir='ltr'>ad</span> 
     </span>
     <span class='ocr_line' id='line_1_56' title="bbox 315 2927 1296 2981; baseline 0.015 -18"><span class='ocrx_word' id='word_1_369' title='bbox 315 2927 421 2978; x_wconf 79' lang='lat' dir='ltr'>pedes</span> <span class='ocrx_word' id='word_1_370' title='bbox 441 2929 661 2981; x_wconf 80' lang='lat' dir='ltr'>conspicatus</span> <span class='ocrx_word' id='word_1_371' title='bbox 684 2947 772 2971; x_wconf 73' lang='lat' dir='ltr'>esses</span> <span class='ocrx_word' id='word_1_372' title='bbox 792 2933 889 2973; x_wconf 80' lang='lat' dir='ltr'>durae</span> <span class='ocrx_word' id='word_1_373' title='bbox 917 2937 1111 2976; x_wconf 88' lang='lat' dir='ltr'>liberorum</span> <span class='ocrx_word' id='word_1_374' title='bbox 1134 2939 1296 2979; x_wconf 85' lang='lat' dir='ltr'>orbitatis</span> 
     </span>
     <span class='ocr_line' id='line_1_57' title="bbox 315 2980 1295 3043; baseline 0.015 -27"><span class='ocrx_word' id='word_1_375' title='bbox 315 2980 499 3031; x_wconf 84' lang='lat' dir='ltr'>naufragio</span> <span class='ocrx_word' id='word_1_376' title='bbox 519 2996 604 3033; x_wconf 89' lang='lat' dir='ltr'>pene</span> <span class='ocrx_word' id='word_1_377' title='bbox 632 2985 852 3037; x_wconf 80' lang='lat' dir='ltr'>absorptum,</span> <span class='ocrx_word' id='word_1_378' title='bbox 876 2990 1041 3028; x_wconf 86' lang='lat' dir='ltr'>continuo</span> <span class='ocrx_word' id='word_1_379' title='bbox 1061 2992 1225 3043; x_wconf 75' lang='lat' dir='ltr'>precibus</span> <span class='ocrx_word' id='word_1_380' title='bbox 1242 2993 1295 3031; x_wconf 89' lang='lat' dir='ltr'>in-</span> 
     </span>
     <span class='ocr_line' id='line_1_58' title="bbox 314 3031 1295 3096; baseline 0.015 -28"><span class='ocrx_word' id='word_1_381' title='bbox 314 3031 426 3070; x_wconf 79' lang='lat' dir='ltr'>flexus</span> <span class='ocrx_word' id='word_1_382' title='bbox 447 3048 494 3081; x_wconf 86' lang='lat' dir='ltr'>es,</span> <span class='ocrx_word' id='word_1_383' title='bbox 506 3048 546 3071; x_wconf 83' lang='lat' dir='ltr'>ac</span> <span class='ocrx_word' id='word_1_384' title='bbox 560 3036 753 3085; x_wconf 81' lang='lat' dir='ltr'>puellulam</span> <span class='ocrx_word' id='word_1_385' title='bbox 771 3041 919 3088; x_wconf 73' lang='lat' dir='ltr'>vocasti3</span> <span class='ocrx_word' id='word_1_386' title='bbox 935 3057 1042 3092; x_wconf 80' lang='lat' dir='ltr'>quam</span> <span class='ocrx_word' id='word_1_387' title='bbox 1059 3044 1119 3081; x_wconf 92' lang='lat' dir='ltr'>uhi</span> <span class='ocrx_word' id='word_1_388' title='bbox 1138 3045 1295 3096; x_wconf 87' lang='lat' dir='ltr'>primum</span> 
     </span>
     <span class='ocr_line' id='line_1_59' title="bbox 312 3084 1294 3144; baseline 0.015 -23"><span class='ocrx_word' id='word_1_389' title='bbox 312 3084 523 3133; x_wconf 80' lang='lat' dir='ltr'>inclamasti,</span> <span class='ocrx_word' id='word_1_390' title='bbox 545 3090 699 3125; x_wconf 74' lang='lat' dir='ltr'>surrexit</span> <span class='ocrx_word' id='word_1_391' title='bbox 725 3090 867 3141; x_wconf 83' lang='lat' dir='ltr'>quidem</span> <span class='ocrx_word' id='word_1_392' title='bbox 897 3095 1029 3144; x_wconf 83' lang='lat' dir='ltr'>puella,</span> <span class='ocrx_word' id='word_1_393' title='bbox 1060 3111 1153 3134; x_wconf 89' lang='lat' dir='ltr'>mors</span> <span class='ocrx_word' id='word_1_394' title='bbox 1175 3107 1294 3136; x_wconf 86' lang='lat' dir='ltr'>autem</span> 
     </span>
     <span class='ocr_line' id='line_1_60' title="bbox 311 3138 1290 3199; baseline 0.015 -26"><span class='ocrx_word' id='word_1_395' title='bbox 311 3138 461 3189; x_wconf 86' lang='lat' dir='ltr'>aufugit.</span> <span class='ocrx_word' id='word_1_396' title='bbox 481 3140 656 3177; x_wconf 75' lang='lat' dir='ltr'>Clamavit</span> <span class='ocrx_word' id='word_1_397' title='bbox 690 3151 722 3179; x_wconf 75' lang='lat' dir='ltr'>et</span> <span class='ocrx_word' id='word_1_398' title='bbox 750 3153 828 3194; x_wconf 82' lang='lat' dir='ltr'>post</span> <span class='ocrx_word' id='word_1_399' title='bbox 856 3154 889 3181; x_wconf 89' lang='lat' dir='ltr'>te</span> <span class='ocrx_word' id='word_1_400' title='bbox 918 3147 1046 3185; x_wconf 86' lang='lat' dir='ltr'>mulier</span> <span class='ocrx_word' id='word_1_401' title='bbox 1076 3149 1290 3199; x_wconf 80' lang='lat' dir='ltr'>Cliananaea,</span> 
     </span>
     <span class='ocr_line' id='line_1_61' title="bbox 311 3191 1292 3253; baseline 0.015 -26"><span class='ocrx_word' id='word_1_402' title='bbox 311 3203 392 3228; x_wconf 86' lang='lat' dir='ltr'>cum</span> <span class='ocrx_word' id='word_1_403' title='bbox 410 3204 428 3228; x_wconf 83' lang='lat' dir='ltr'>a</span> <span class='ocrx_word' id='word_1_404' title='bbox 448 3191 608 3230; x_wconf 67' lang='lat' dir='ltr'>dzemone</span> <span class='ocrx_word' id='word_1_405' title='bbox 634 3208 733 3231; x_wconf 86' lang='lat' dir='ltr'>suam</span> <span class='ocrx_word' id='word_1_406' title='bbox 751 3196 900 3234; x_wconf 82' lang='lat' dir='ltr'>filiolam</span> <span class='ocrx_word' id='word_1_407' title='bbox 915 3197 1069 3251; x_wconf 87' lang='lat' dir='ltr'>discerpi</span> <span class='ocrx_word' id='word_1_408' title='bbox 1085 3201 1236 3253; x_wconf 86' lang='lat' dir='ltr'>videret,</span> <span class='ocrx_word' id='word_1_409' title='bbox 1259 3213 1292 3241; x_wconf 86' lang='lat' dir='ltr'>et</span> 
     </span>
     <span class='ocr_line' id='line_1_62' title="bbox 311 3249 1290 3306; baseline 0.013 -27"><span class='ocrx_word' id='word_1_410' title='bbox 311 3256 388 3280; x_wconf 72' lang='lat' dir='ltr'>cum</span> <span class='ocrx_word' id='word_1_411' title='bbox 422 3259 548 3296; x_wconf 82' lang='lat' dir='ltr'>magna</span> <span class='ocrx_word' id='word_1_412' title='bbox 584 3260 680 3296; x_wconf 63' lang='lat' dir='ltr'>voce,</span> <span class='ocrx_word' id='word_1_413' title='bbox 715 3249 912 3295; x_wconf 55' lang='lat' dir='ltr'>illiserere,</span> <span class='ocrx_word' id='word_1_414' title='bbox 946 3251 1107 3302; x_wconf 80' lang='lat' dir='ltr'>dixisset,</span> <span class='ocrx_word' id='word_1_415' title='bbox 1140 3268 1201 3306; x_wconf 89' lang='lat' dir='ltr'>spe</span> <span class='ocrx_word' id='word_1_416' title='bbox 1228 3269 1290 3293; x_wconf 85' lang='lat' dir='ltr'>sua</span> 
     </span>
    </p>
   </div>
   <div class='ocr_carea' id='block_1_6' title="bbox 387 3346 396 3361">
    <p class='ocr_par' dir='ltr' id='par_1_6' title="bbox 387 3346 396 3361">
     <span class='ocr_line' id='line_1_63' title="bbox 387 3346 396 3361; baseline 0 -11"><span class='ocrx_word' id='word_1_417' title='bbox 387 3346 396 3361; x_wconf 63' lang='grc' dir='ltr'>Γ</span> 
     </span>
    </p>
   </div>
   <div class='ocr_carea' id='block_1_7' title="bbox 351 3349 1318 3396">
    <p class='ocr_par' dir='ltr' id='par_1_7' title="bbox 351 3349 1318 3396">
     <span class='ocr_line' id='line_1_64' title="bbox 351 3349 1318 3396; baseline 0.006 -16"><span class='ocrx_word' id='word_1_418' title='bbox 351 3356 362 3367; x_wconf 86' lang='lat'>‘·</span> <span class='ocrx_word' id='word_1_419' title='bbox 387 3362 391 3386; x_wconf 59' lang='grc' dir='ltr'>ι</span> <span class='ocrx_word' id='word_1_420' title='bbox 414 3350 634 3385; x_wconf 52' lang='lat' dir='ltr'>{maffia-hay..</span> <span class='ocrx_word' id='word_1_421' title='bbox 652 3349 753 3382; x_wconf 61' lang='lat' dir='ltr'>§.ivit</span> <span class='ocrx_word' id='word_1_422' title='bbox 775 3359 806 3382; x_wconf 71' lang='lat' dir='ltr'>ct</span> <span class='ocrx_word' id='word_1_423' title='bbox 824 3362 897 3382; x_wconf 85' lang='lat' dir='ltr'>mox</span> <span class='ocrx_word' id='word_1_424' title='bbox 919 3361 1067 3394; x_wconf 57' lang='grc' dir='ltr'>γεγόνασιν</span> <span class='ocrx_word' id='word_1_425' title='bbox 1093 3366 1153 3396; x_wconf 76' lang='lat' dir='ltr'>pro</span> <span class='ocrx_word' id='word_1_426' title='bbox 1176 3360 1318 3393; x_wconf 60' lang='grc' dir='ltr'>ἐπληθύν-</span> 
     </span>
    </p>
   </div>
   <div class='ocr_carea' id='block_1_8' title="bbox 309 3400 422 3441">
    <p class='ocr_par' dir='ltr' id='par_1_8' title="bbox 309 3400 422 3441">
     <span class='ocr_line' id='line_1_65' title="bbox 309 3400 422 3441; baseline -0.009 -11"><span class='ocrx_word' id='word_1_427' title='bbox 309 3400 422 3441; x_wconf 48' lang='lat' dir='ltr'>fimum]</span> 
     </span>
    </p>
   </div>
   <div class='ocr_carea' id='block_1_9' title="bbox 1308 222 1479 252">
    <p class='ocr_par' dir='ltr' id='par_1_9' title="bbox 1308 222 1479 252">
     <span class='ocr_line' id='line_1_66' title="bbox 1308 222 1479 252; baseline 0 0"><span class='ocrx_word' id='word_1_428' title='bbox 1308 222 1479 252; x_wconf 59' lang='lat' dir='ltr'>Spuma.</span> 
     </span>
    </p>
   </div>
   <div class='ocr_carea' id='block_1_10' title="bbox 1351 304 2425 2740">
    <p class='ocr_par' dir='ltr' id='par_1_10' title="bbox 1351 304 2425 2740">
     <span class='ocr_line' id='line_1_67' title="bbox 1403 304 2421 362; baseline 0.005 -20"><span class='ocrx_word' id='word_1_429' title='bbox 1403 304 1545 352; x_wconf 82' lang='grc' dir='ltr'>Ταύτης</span> <span class='ocrx_word' id='word_1_430' title='bbox 1575 306 1638 350; x_wconf 70' lang='grc' dir='ltr'>τῆς</span> <span class='ocrx_word' id='word_1_431' title='bbox 1662 307 1777 357; x_wconf 76' lang='grc' dir='ltr'>φωνῆς</span> <span class='ocrx_word' id='word_1_432' title='bbox 1814 307 2073 357; x_wconf 75' lang='grc' dir='ltr'>μνημονεύσας,</span> <span class='ocrx_word' id='word_1_433' title='bbox 2103 307 2191 359; x_wconf 67' lang='grc' dir='ltr'>μετὰ</span> <span class='ocrx_word' id='word_1_434' title='bbox 2214 311 2273 347; x_wconf 87' lang='grc' dir='ltr'>τοῦ</span> <span class='ocrx_word' id='word_1_435' title='bbox 2297 309 2421 362; x_wconf 82' lang='grc' dir='ltr'>φόρτου</span> 
     </span>
     <span class='ocr_line' id='line_1_68' title="bbox 1351 365 2423 421; baseline 0.006 -20"><span class='ocrx_word' id='word_1_436' title='bbox 1351 371 1374 399; x_wconf 84' lang='lat' dir='ltr'>C</span> <span class='ocrx_word' id='word_1_437' title='bbox 1401 368 1469 403; x_wconf 86' lang='grc' dir='ltr'>τῶν</span> <span class='ocrx_word' id='word_1_438' title='bbox 1493 367 1609 403; x_wconf 83' lang='grc' dir='ltr'>κακῶν</span> <span class='ocrx_word' id='word_1_439' title='bbox 1631 365 1689 403; x_wconf 80' lang='grc' dir='ltr'>ἐπὶ</span> <span class='ocrx_word' id='word_1_440' title='bbox 1704 366 1743 404; x_wconf 85' lang='grc' dir='ltr'>τὸ</span> <span class='ocrx_word' id='word_1_441' title='bbox 1759 365 1847 418; x_wconf 84' lang='grc' dir='ltr'>ἱερὸν</span> <span class='ocrx_word' id='word_1_442' title='bbox 1864 371 1924 405; x_wconf 87' lang='grc' dir='ltr'>τοῦ</span> <span class='ocrx_word' id='word_1_443' title='bbox 1940 370 2031 407; x_wconf 90' lang='grc' dir='ltr'>Θεοῦ</span> <span class='ocrx_word' id='word_1_444' title='bbox 2052 369 2260 421; x_wconf 83' lang='grc' dir='ltr'>παρεγένετο</span> <span class='ocrx_word' id='word_1_445' title='bbox 2274 384 2281 392; x_wconf 95' lang='grc'><em>·</em></span> <span class='ocrx_word' id='word_1_446' title='bbox 2299 370 2423 417; x_wconf 87' lang='grc' dir='ltr'>ἀτονή-</span> 
     </span>
     <span class='ocr_line' id='line_1_69' title="bbox 1402 426 2425 483; baseline 0.004 -20"><span class='ocrx_word' id='word_1_447' title='bbox 1402 441 1464 468; x_wconf 88' lang='grc' dir='ltr'>σας</span> <span class='ocrx_word' id='word_1_448' title='bbox 1493 426 1527 463; x_wconf 85' lang='grc' dir='ltr'>δὲ</span> <span class='ocrx_word' id='word_1_449' title='bbox 1556 427 1701 474; x_wconf 84' lang='grc' dir='ltr'>λοιπὸν,</span> <span class='ocrx_word' id='word_1_450' title='bbox 1730 427 1789 464; x_wconf 83' lang='grc' dir='ltr'>καὶ</span> <span class='ocrx_word' id='word_1_451' title='bbox 1809 428 1935 478; x_wconf 83' lang='grc' dir='ltr'>μηκέτι</span> <span class='ocrx_word' id='word_1_452' title='bbox 1957 428 2069 483; x_wconf 82' lang='grc' dir='ltr'>φέρειν</span> <span class='ocrx_word' id='word_1_453' title='bbox 2095 430 2297 480; x_wconf 87' lang='grc' dir='ltr'>δυνάμενος,</span> <span class='ocrx_word' id='word_1_454' title='bbox 2329 429 2425 473; x_wconf 74' lang='grc' dir='ltr'>εὐθὺς</span> 
     </span>
     <span class='ocr_line' id='line_1_70' title="bbox 1399 486 2424 543; baseline 0.004 -18"><span class='ocrx_word' id='word_1_455' title='bbox 1399 487 1456 525; x_wconf 89' lang='grc' dir='ltr'>ἐπὶ</span> <span class='ocrx_word' id='word_1_456' title='bbox 1484 487 1670 539; x_wconf 87' lang='grc' dir='ltr'>πρόσωπον</span> <span class='ocrx_word' id='word_1_457' title='bbox 1700 486 1822 536; x_wconf 81' lang='grc' dir='ltr'>ἔπεσε,</span> <span class='ocrx_word' id='word_1_458' title='bbox 1853 489 1914 526; x_wconf 81' lang='grc' dir='ltr'>καὶ</span> <span class='ocrx_word' id='word_1_459' title='bbox 1937 490 2021 543; x_wconf 80' lang='grc' dir='ltr'>πρὸς</span> <span class='ocrx_word' id='word_1_460' title='bbox 2049 491 2106 528; x_wconf 82' lang='grc' dir='ltr'>τὸν</span> <span class='ocrx_word' id='word_1_461' title='bbox 2141 491 2341 538; x_wconf 77' lang='grc' dir='ltr'>Δεσπότην,</span> <span class='ocrx_word' id='word_1_462' title='bbox 2373 492 2424 540; x_wconf 86' lang='grc' dir='ltr'>τὸ,</span> 
     </span>
     <span class='ocr_line' id='line_1_71' title="bbox 1398 547 2422 604; baseline 0.003 -18"><span class='ocrx_word' id='word_1_463' title='bbox 1398 547 1576 596; x_wconf 84' lang='grc' dir='ltr'>Ἱλάσθητί</span> <span class='ocrx_word' id='word_1_464' title='bbox 1598 565 1656 600; x_wconf 89' lang='grc' dir='ltr'>μοι</span> <span class='ocrx_word' id='word_1_465' title='bbox 1673 551 1723 601; x_wconf 83' lang='grc' dir='ltr'>τῷ</span> <span class='ocrx_word' id='word_1_466' title='bbox 1742 550 1962 602; x_wconf 81' lang='grc' dir='ltr'>ἁμαρτωλῷ,</span> <span class='ocrx_word' id='word_1_467' title='bbox 1983 550 2114 601; x_wconf 83' lang='grc' dir='ltr'>ἔλεγεν.</span> <span class='ocrx_word' id='word_1_468' title='bbox 2136 550 2307 603; x_wconf 73' lang='grc' dir='ltr'>’Ἑρ-ημος,</span> <span class='ocrx_word' id='word_1_469' title='bbox 2321 552 2422 604; x_wconf 75' lang='grc' dir='ltr'>φησὶ,</span> 
     </span>
     <span class='ocr_line' id='line_1_72' title="bbox 1397 608 2423 664; baseline 0.005 -18"><span class='ocrx_word' id='word_1_470' title='bbox 1397 609 1513 655; x_wconf 87' lang='grc' dir='ltr'>πάσης</span> <span class='ocrx_word' id='word_1_471' title='bbox 1532 608 1727 661; x_wconf 83' lang='grc' dir='ltr'>εὐεργεσίας</span> <span class='ocrx_word' id='word_1_472' title='bbox 1750 613 1933 662; x_wconf 76' lang='grc' dir='ltr'>τυγχάνω,</span> <span class='ocrx_word' id='word_1_473' title='bbox 1953 617 2023 653; x_wconf 90' lang='grc' dir='ltr'>τοῖς</span> <span class='ocrx_word' id='word_1_474' title='bbox 2042 613 2193 661; x_wconf 78' lang='grc' dir='ltr'>ἐμαυτοῦ</span> <span class='ocrx_word' id='word_1_475' title='bbox 2208 613 2423 664; x_wconf 84' lang='grc' dir='ltr'>κεκλόνημαι</span> 
     </span>
     <span class='ocr_line' id='line_1_73' title="bbox 1399 670 2422 725; baseline 0.004 -18"><span class='ocrx_word' id='word_1_476' title='bbox 1399 670 1518 713; x_wconf 82' lang='grc' dir='ltr'>δεινοῖς</span> <span class='ocrx_word' id='word_1_477' title='bbox 1532 701 1542 719; x_wconf 93' lang='grc'>,</span> <span class='ocrx_word' id='word_1_478' title='bbox 1570 672 1655 723; x_wconf 78' lang='grc' dir='ltr'>ὑπὲρ</span> <span class='ocrx_word' id='word_1_479' title='bbox 1679 671 1825 723; x_wconf 77' lang='grc' dir='ltr'>ἀριθμὸν</span> <span class='ocrx_word' id='word_1_480' title='bbox 1845 671 1992 722; x_wconf 77' lang='grc' dir='ltr'>ψάμμου</span> <span class='ocrx_word' id='word_1_481' title='bbox 2017 671 2197 719; x_wconf 78' lang='grc' dir='ltr'>Θαλάσσης</span> <span class='ocrx_word' id='word_1_482' title='bbox 2217 673 2422 725; x_wconf 66' lang='grc' dir='ltr'>ι’γεγόνασιν</span> 
     </span>
     <span class='ocr_line' id='line_1_74' title="bbox 1398 731 2423 787; baseline 0.004 -19"><span class='ocrx_word' id='word_1_483' title='bbox 1398 734 1433 769; x_wconf 90' lang='grc' dir='ltr'>αἱ</span> <span class='ocrx_word' id='word_1_484' title='bbox 1453 731 1593 782; x_wconf 82' lang='grc' dir='ltr'>ἀνομίαι</span> <span class='ocrx_word' id='word_1_485' title='bbox 1623 747 1688 782; x_wconf 90' lang='grc' dir='ltr'>μου</span> <span class='ocrx_word' id='word_1_486' title='bbox 1704 761 1713 778; x_wconf 89' lang='grc'>,</span> <span class='ocrx_word' id='word_1_487' title='bbox 1743 732 2008 779; x_wconf 81' lang='grc' dir='ltr'>ἐπληθύνθησαν</span> <span class='ocrx_word' id='word_1_488' title='bbox 2039 732 2125 783; x_wconf 80' lang='grc' dir='ltr'>ὑπὲρ</span> <span class='ocrx_word' id='word_1_489' title='bbox 2147 733 2209 776; x_wconf 84' lang='grc' dir='ltr'>τὰς</span> <span class='ocrx_word' id='word_1_490' title='bbox 2224 734 2348 787; x_wconf 74' lang='grc' dir='ltr'>τρίχας</span> <span class='ocrx_word' id='word_1_491' title='bbox 2362 739 2423 781; x_wconf 73' lang='grc' dir='ltr'>τῆς</span> 
     </span>
     <span class='ocr_line' id='line_1_75' title="bbox 1394 792 2422 846; baseline 0.002 -16"><span class='ocrx_word' id='word_1_492' title='bbox 1394 794 1545 844; x_wconf 73' lang='grc' dir='ltr'>κεφαλῆς</span> <span class='ocrx_word' id='word_1_493' title='bbox 1566 807 1643 843; x_wconf 88' lang='grc' dir='ltr'>μου.</span> <span class='ocrx_word' id='word_1_494' title='bbox 1677 792 1772 844; x_wconf 86' lang='grc' dir='ltr'>Ὁρῶ</span> <span class='ocrx_word' id='word_1_495' title='bbox 1792 792 1892 843; x_wconf 77' lang='grc' dir='ltr'>παρὰ</span> <span class='ocrx_word' id='word_1_496' title='bbox 1910 796 1978 830; x_wconf 88' lang='grc' dir='ltr'>τῶν</span> <span class='ocrx_word' id='word_1_497' title='bbox 1998 793 2084 846; x_wconf 69' lang='grc' dir='ltr'>παρ’</span> <span class='ocrx_word' id='word_1_498' title='bbox 2098 796 2181 844; x_wconf 82' lang='grc' dir='ltr'>ἐμοῦ</span> <span class='ocrx_word' id='word_1_499' title='bbox 2202 794 2422 845; x_wconf 80' lang='grc' dir='ltr'>ἠδικημένων</span> 
     </span>
     <span class='ocr_line' id='line_1_76' title="bbox 1393 852 2422 906; baseline 0.004 -16"><span class='ocrx_word' id='word_1_500' title='bbox 1393 852 1459 899; x_wconf 83' lang='grc' dir='ltr'>ἤδη</span> <span class='ocrx_word' id='word_1_501' title='bbox 1475 852 1514 890; x_wconf 82' lang='grc' dir='ltr'>τὸ</span> <span class='ocrx_word' id='word_1_502' title='bbox 1533 852 1590 890; x_wconf 82' lang='grc' dir='ltr'>σὸν</span> <span class='ocrx_word' id='word_1_503' title='bbox 1609 852 1832 906; x_wconf 86' lang='grc' dir='ltr'>δικαστήριον</span> <span class='ocrx_word' id='word_1_504' title='bbox 1849 852 2116 904; x_wconf 65' lang='grc' dir='ltr'>καταέοώμενον</span> <span class='ocrx_word' id='word_1_505' title='bbox 2130 869 2138 877; x_wconf 89' lang='grc'><em>·</em></span> <span class='ocrx_word' id='word_1_506' title='bbox 2158 854 2226 906; x_wconf 77' lang='grc' dir='ltr'>πρὸ</span> <span class='ocrx_word' id='word_1_507' title='bbox 2254 857 2321 892; x_wconf 89' lang='grc' dir='ltr'>τῶν</span> <span class='ocrx_word' id='word_1_508' title='bbox 2345 855 2422 906; x_wconf 84' lang='grc' dir='ltr'>Θρό-</span> 
     </span>
     <span class='ocr_line' id='line_1_77' title="bbox 1391 914 2423 965; baseline 0.003 -15"><span class='ocrx_word' id='word_1_509' title='bbox 1391 929 1458 950; x_wconf 89' lang='grc' dir='ltr'>νων</span> <span class='ocrx_word' id='word_1_510' title='bbox 1478 929 1537 952; x_wconf 89' lang='grc' dir='ltr'>σου</span> <span class='ocrx_word' id='word_1_511' title='bbox 1553 943 1562 961; x_wconf 92' lang='grc'>,</span> <span class='ocrx_word' id='word_1_512' title='bbox 1586 914 1770 962; x_wconf 78' lang='grc' dir='ltr'>Δέσποτα,</span> <span class='ocrx_word' id='word_1_513' title='bbox 1801 914 1946 965; x_wconf 65' lang='grc' dir='ltr'>βίὸλους</span> <span class='ocrx_word' id='word_1_514' title='bbox 1972 915 2192 965; x_wconf 79' lang='grc' dir='ltr'>ἀνεῳγμένας</span> <span class='ocrx_word' id='word_1_515' title='bbox 2217 915 2423 962; x_wconf 82' lang='grc' dir='ltr'>τεθήσεσθαι</span> 
     </span>
     <span class='ocr_line' id='line_1_78' title="bbox 1391 970 2421 1027; baseline 0.002 -15"><span class='ocrx_word' id='word_1_516' title='bbox 1391 974 1547 1022; x_wconf 87' lang='grc' dir='ltr'>ἀκήκοα,</span> <span class='ocrx_word' id='word_1_517' title='bbox 1569 977 1602 1013; x_wconf 81' lang='grc' dir='ltr'>ἐν</span> <span class='ocrx_word' id='word_1_518' title='bbox 1627 970 1679 1018; x_wconf 67' lang='grc' dir='ltr'>αἶς</span> <span class='ocrx_word' id='word_1_519' title='bbox 1703 975 1846 1018; x_wconf 86' lang='grc' dir='ltr'>πάντως</span> <span class='ocrx_word' id='word_1_520' title='bbox 1862 975 1922 1013; x_wconf 84' lang='grc' dir='ltr'>καὶ</span> <span class='ocrx_word' id='word_1_521' title='bbox 1944 978 1974 1013; x_wconf 86' lang='grc' dir='ltr'>οἱ</span> <span class='ocrx_word' id='word_1_522' title='bbox 1991 976 2180 1027; x_wconf 87' lang='grc' dir='ltr'>στεναγμοὶ</span> <span class='ocrx_word' id='word_1_523' title='bbox 2195 978 2263 1015; x_wconf 87' lang='grc' dir='ltr'>τῶν</span> <span class='ocrx_word' id='word_1_524' title='bbox 2279 977 2421 1015; x_wconf 82' lang='grc' dir='ltr'>ὁδοιπό-</span> 
     </span>
     <span class='ocr_line' id='line_1_79' title="bbox 1393 1031 2422 1089; baseline 0.004 -17"><span class='ocrx_word' id='word_1_525' title='bbox 1393 1050 1460 1086; x_wconf 87' lang='grc' dir='ltr'>ρων</span> <span class='ocrx_word' id='word_1_526' title='bbox 1480 1036 1695 1089; x_wconf 83' lang='grc' dir='ltr'>ἐγράφησαν.</span> <span class='ocrx_word' id='word_1_527' title='bbox 1729 1038 1806 1074; x_wconf 83' lang='grc' dir='ltr'>Οὐκ</span> <span class='ocrx_word' id='word_1_528' title='bbox 1836 1036 1929 1075; x_wconf 80' lang='grc' dir='ltr'>ἔστιν</span> <span class='ocrx_word' id='word_1_529' title='bbox 1954 1031 2039 1080; x_wconf 67' lang='grc' dir='ltr'>εἶδος</span> <span class='ocrx_word' id='word_1_530' title='bbox 2060 1036 2217 1084; x_wconf 84' lang='grc' dir='ltr'>ἀδικίας,</span> <span class='ocrx_word' id='word_1_531' title='bbox 2236 1037 2253 1076; x_wconf 77' lang='grc' dir='ltr'>ὃ</span> <span class='ocrx_word' id='word_1_532' title='bbox 2273 1037 2337 1084; x_wconf 82' lang='grc' dir='ltr'>τὴν</span> <span class='ocrx_word' id='word_1_533' title='bbox 2358 1038 2422 1085; x_wconf 76' lang='grc' dir='ltr'>σὴν</span> 
     </span>
     <span class='ocr_line' id='line_1_80' title="bbox 1391 1095 2423 1150; baseline 0.003 -17"><span class='ocrx_word' id='word_1_534' title='bbox 1391 1095 1579 1134; x_wconf 79' lang='grc' dir='ltr'>ἀδέκαστον</span> <span class='ocrx_word' id='word_1_535' title='bbox 1612 1095 1818 1148; x_wconf 86' lang='grc' dir='ltr'>διαπέφευγε</span> <span class='ocrx_word' id='word_1_536' title='bbox 1841 1101 1986 1148; x_wconf 90' lang='grc' dir='ltr'>γνῶσιν·</span> <span class='ocrx_word' id='word_1_537' title='bbox 2009 1097 2201 1149; x_wconf 83' lang='grc' dir='ltr'>ἀπολογίας</span> <span class='ocrx_word' id='word_1_538' title='bbox 2222 1113 2280 1148; x_wconf 90' lang='grc' dir='ltr'>μοι</span> <span class='ocrx_word' id='word_1_539' title='bbox 2303 1098 2423 1150; x_wconf 71' lang='grc' dir='ltr'>καιρὸς</span> 
     </span>
     <span class='ocr_line' id='line_1_81' title="bbox 1388 1155 2423 1212; baseline 0.002 -18"><span class='ocrx_word' id='word_1_540' title='bbox 1388 1158 1425 1194; x_wconf 85' lang='grc' dir='ltr'>οὐ</span> <span class='ocrx_word' id='word_1_541' title='bbox 1444 1155 1622 1210; x_wconf 84' lang='grc' dir='ltr'>πρόσεστι,</span> <span class='ocrx_word' id='word_1_542' title='bbox 1638 1161 1747 1209; x_wconf 74' lang='grc' dir='ltr'>φυγῆς</span> <span class='ocrx_word' id='word_1_543' title='bbox 1761 1172 1820 1208; x_wconf 86' lang='grc' dir='ltr'>μοι</span> <span class='ocrx_word' id='word_1_544' title='bbox 1850 1157 1954 1200; x_wconf 87' lang='grc' dir='ltr'>τόπος</span> <span class='ocrx_word' id='word_1_545' title='bbox 1971 1160 2008 1195; x_wconf 81' lang='grc' dir='ltr'>οὐ</span> <span class='ocrx_word' id='word_1_546' title='bbox 2023 1158 2297 1211; x_wconf 86' lang='grc' dir='ltr'>περιλέλειπται.</span> <span class='ocrx_word' id='word_1_547' title='bbox 2326 1159 2423 1212; x_wconf 82' lang='grc' dir='ltr'>Πρὸς</span> 
     </span>
     <span class='ocr_line' id='line_1_82' title="bbox 1388 1218 2414 1272; baseline 0.003 -17"><span class='ocrx_word' id='word_1_548' title='bbox 1388 1218 1528 1270; x_wconf 74' lang='grc' dir='ltr'>οὐρανὸν</span> <span class='ocrx_word' id='word_1_549' title='bbox 1556 1221 1593 1256; x_wconf 82' lang='grc' dir='ltr'>οὖ</span> <span class='ocrx_word' id='word_1_550' title='bbox 1625 1220 1744 1270; x_wconf 90' lang='grc' dir='ltr'>τολμῶ</span> <span class='ocrx_word' id='word_1_551' title='bbox 1779 1218 1996 1270; x_wconf 68' lang='grc' dir='ltr'>ἀναὸλέψαι,</span> <span class='ocrx_word' id='word_1_552' title='bbox 2025 1218 2162 1257; x_wconf 87' lang='grc' dir='ltr'>δέδοικα</span> <span class='ocrx_word' id='word_1_553' title='bbox 2181 1219 2243 1257; x_wconf 79' lang='grc' dir='ltr'>καὶ</span> <span class='ocrx_word' id='word_1_554' title='bbox 2262 1218 2325 1267; x_wconf 85' lang='grc' dir='ltr'>τὴν</span> <span class='ocrx_word' id='word_1_555' title='bbox 2350 1223 2414 1272; x_wconf 72' lang='grc' dir='ltr'>γῆν</span> 
     </span>
     <span class='ocr_line' id='line_1_83' title="bbox 1387 1279 2419 1334; baseline 0.001 -17"><span class='ocrx_word' id='word_1_556' title='bbox 1387 1282 1433 1324; x_wconf 82' lang='grc' dir='ltr'>ὡς</span> <span class='ocrx_word' id='word_1_557' title='bbox 1452 1280 1590 1319; x_wconf 78' lang='grc' dir='ltr'>ἰδοῦσαν</span> <span class='ocrx_word' id='word_1_558' title='bbox 1609 1280 1671 1324; x_wconf 75' lang='grc' dir='ltr'>τὰς</span> <span class='ocrx_word' id='word_1_559' title='bbox 1695 1279 1838 1332; x_wconf 75' lang='grc' dir='ltr'>πράξεις</span> <span class='ocrx_word' id='word_1_560' title='bbox 1866 1296 1943 1330; x_wconf 90' lang='grc' dir='ltr'>μου.</span> <span class='ocrx_word' id='word_1_561' title='bbox 1977 1281 2049 1318; x_wconf 88' lang='grc' dir='ltr'>Τοῦ</span> <span class='ocrx_word' id='word_1_562' title='bbox 2064 1279 2131 1332; x_wconf 85' lang='grc' dir='ltr'>γὰρ</span> <span class='ocrx_word' id='word_1_563' title='bbox 2151 1280 2283 1334; x_wconf 83' lang='grc' dir='ltr'>σφόδρα</span> <span class='ocrx_word' id='word_1_564' title='bbox 2301 1282 2419 1334; x_wconf 87' lang='grc' dir='ltr'>ἁμαρ-</span> 
     </span>
     <span class='ocr_line' id='line_1_84' title="bbox 1385 1341 2420 1394; baseline 0.002 -16"><span class='ocrx_word' id='word_1_565' title='bbox 1385 1343 1496 1381; x_wconf 86' lang='grc' dir='ltr'>τωλοῦ</span> <span class='ocrx_word' id='word_1_566' title='bbox 1511 1347 1698 1394; x_wconf 84' lang='grc' dir='ltr'>κατηγορεῖ</span> <span class='ocrx_word' id='word_1_567' title='bbox 1716 1341 1776 1380; x_wconf 82' lang='grc' dir='ltr'>καὶ</span> <span class='ocrx_word' id='word_1_568' title='bbox 1791 1341 1835 1380; x_wconf 82' lang='grc' dir='ltr'>τὰ</span> <span class='ocrx_word' id='word_1_569' title='bbox 1850 1341 1981 1394; x_wconf 74' lang='grc' dir='ltr'>ἄψυχα.</span> <span class='ocrx_word' id='word_1_570' title='bbox 2008 1341 2071 1380; x_wconf 81' lang='grc' dir='ltr'>Διὸ</span> <span class='ocrx_word' id='word_1_571' title='bbox 2087 1342 2172 1394; x_wconf 81' lang='grc' dir='ltr'>πρὸς</span> <span class='ocrx_word' id='word_1_572' title='bbox 2191 1341 2229 1380; x_wconf 83' lang='grc' dir='ltr'>σὲ</span> <span class='ocrx_word' id='word_1_573' title='bbox 2252 1342 2309 1380; x_wconf 72' lang='grc' dir='ltr'>τὸν</span> <span class='ocrx_word' id='word_1_574' title='bbox 2329 1343 2420 1381; x_wconf 84' lang='grc' dir='ltr'>πάν-</span> 
     </span>
     <span class='ocr_line' id='line_1_85' title="bbox 1385 1399 2417 1457; baseline 0.002 -16"><span class='ocrx_word' id='word_1_575' title='bbox 1385 1419 1454 1442; x_wconf 83' lang='grc' dir='ltr'>των</span> <span class='ocrx_word' id='word_1_576' title='bbox 1471 1404 1652 1452; x_wconf 85' lang='grc' dir='ltr'>Δεσπότην</span> <span class='ocrx_word' id='word_1_577' title='bbox 1674 1403 1831 1457; x_wconf 88' lang='grc' dir='ltr'>δραμὼν,</span> <span class='ocrx_word' id='word_1_578' title='bbox 1850 1403 1978 1450; x_wconf 82' lang='grc' dir='ltr'>ταύτην</span> <span class='ocrx_word' id='word_1_579' title='bbox 1999 1403 2101 1455; x_wconf 85' lang='grc' dir='ltr'>μόνον</span> <span class='ocrx_word' id='word_1_580' title='bbox 2118 1399 2216 1457; x_wconf 73' lang='grc' dir='ltr'>εῧρον</span> <span class='ocrx_word' id='word_1_581' title='bbox 2232 1404 2316 1456; x_wconf 83' lang='grc' dir='ltr'>πρὸς</span> <span class='ocrx_word' id='word_1_582' title='bbox 2335 1404 2417 1456; x_wconf 81' lang='grc' dir='ltr'>βοή-</span> 
     </span>
     <span class='ocr_line' id='line_1_86' title="bbox 1386 1464 2418 1519; baseline 0.001 -17"><span class='ocrx_word' id='word_1_583' title='bbox 1386 1467 1478 1503; x_wconf 88' lang='grc' dir='ltr'>θειαν</span> <span class='ocrx_word' id='word_1_584' title='bbox 1511 1465 1572 1513; x_wconf 85' lang='grc' dir='ltr'>τὴν</span> <span class='ocrx_word' id='word_1_585' title='bbox 1593 1464 1745 1503; x_wconf 83' lang='grc' dir='ltr'>ἱκεσίαν·</span> <span class='ocrx_word' id='word_1_586' title='bbox 1769 1464 1813 1502; x_wconf 82' lang='grc' dir='ltr'>Ὁ</span> <span class='ocrx_word' id='word_1_587' title='bbox 1834 1465 1945 1512; x_wconf 83' lang='grc' dir='ltr'>Θεὸς,</span> <span class='ocrx_word' id='word_1_588' title='bbox 1967 1464 2129 1512; x_wconf 79' lang='grc' dir='ltr'>ἱλάσθητί</span> <span class='ocrx_word' id='word_1_589' title='bbox 2149 1481 2207 1515; x_wconf 92' lang='grc' dir='ltr'>μοι</span> <span class='ocrx_word' id='word_1_590' title='bbox 2227 1467 2278 1517; x_wconf 76' lang='grc' dir='ltr'>τῷ</span> <span class='ocrx_word' id='word_1_591' title='bbox 2299 1466 2418 1519; x_wconf 82' lang='grc' dir='ltr'>ἁμαρ-</span> 
     </span>
     <span class='ocr_line' id='line_1_87' title="bbox 1380 1524 2417 1578; baseline 0.001 -16"><span class='ocrx_word' id='word_1_592' title='bbox 1380 1527 1502 1578; x_wconf 80' lang='grc' dir='ltr'>τωλῷ.</span> <span class='ocrx_word' id='word_1_593' title='bbox 1535 1526 1650 1569; x_wconf 81' lang='grc' dir='ltr'>Πολὺς</span> <span class='ocrx_word' id='word_1_594' title='bbox 1683 1529 1700 1564; x_wconf 79' lang='grc' dir='ltr'><em>ὃ</em></span> <span class='ocrx_word' id='word_1_595' title='bbox 1730 1524 1886 1578; x_wconf 75' lang='grc' dir='ltr'>κολοφὼν</span> <span class='ocrx_word' id='word_1_596' title='bbox 1915 1527 1983 1563; x_wconf 90' lang='grc' dir='ltr'>τῶν</span> <span class='ocrx_word' id='word_1_597' title='bbox 2012 1527 2129 1563; x_wconf 80' lang='grc' dir='ltr'>κακῶν</span> <span class='ocrx_word' id='word_1_598' title='bbox 2151 1540 2236 1576; x_wconf 87' lang='grc' dir='ltr'>μου·</span> <span class='ocrx_word' id='word_1_599' title='bbox 2270 1525 2360 1564; x_wconf 84' lang='grc' dir='ltr'>ἀλλὰ</span> <span class='ocrx_word' id='word_1_600' title='bbox 2382 1525 2417 1563; x_wconf 86' lang='grc' dir='ltr'>τί</span> 
     </span>
     <span class='ocr_line' id='line_1_88' title="bbox 1380 1585 2416 1640; baseline 0.002 -16"><span class='ocrx_word' id='word_1_601' title='bbox 1380 1586 1465 1640; x_wconf 64' lang='grc' dir='ltr'>πρός</span> <span class='ocrx_word' id='word_1_602' title='bbox 1480 1587 1520 1625; x_wconf 80' lang='grc' dir='ltr'>τὸ</span> <span class='ocrx_word' id='word_1_603' title='bbox 1539 1587 1687 1639; x_wconf 79' lang='grc' dir='ltr'>πέλαγος</span> <span class='ocrx_word' id='word_1_604' title='bbox 1706 1589 1768 1633; x_wconf 76' lang='grc' dir='ltr'>τῆς</span> <span class='ocrx_word' id='word_1_605' title='bbox 1785 1589 1850 1632; x_wconf 76' lang='grc' dir='ltr'>σῆς</span> <span class='ocrx_word' id='word_1_606' title='bbox 1875 1585 2110 1638; x_wconf 65' lang='grc' dir='ltr'>ἀγαθότητος,</span> <span class='ocrx_word' id='word_1_607' title='bbox 2148 1587 2199 1625; x_wconf 81' lang='grc' dir='ltr'>Τὸ</span> <span class='ocrx_word' id='word_1_608' title='bbox 2217 1586 2279 1637; x_wconf 77' lang='grc' dir='ltr'>ἐμὲ</span> <span class='ocrx_word' id='word_1_609' title='bbox 2297 1591 2416 1634; x_wconf 73' lang='grc' dir='ltr'>σωθῆ-</span> 
     </span>
     <span class='ocr_line' id='line_1_89' title="bbox 1380 1647 2412 1700; baseline 0.003 -16"><span class='ocrx_word' id='word_1_610' title='bbox 1380 1663 1436 1684; x_wconf 92' lang='grc' dir='ltr'>ναι</span> <span class='ocrx_word' id='word_1_611' title='bbox 1450 1647 1548 1700; x_wconf 79' lang='grc' dir='ltr'>παρὰ</span> <span class='ocrx_word' id='word_1_612' title='bbox 1565 1647 1757 1699; x_wconf 83' lang='grc' dir='ltr'>ἀνθρώποις</span> <span class='ocrx_word' id='word_1_613' title='bbox 1772 1647 1950 1695; x_wconf 82' lang='grc' dir='ltr'>ἀδύνατον,</span> <span class='ocrx_word' id='word_1_614' title='bbox 1964 1647 2053 1685; x_wconf 76' lang='grc' dir='ltr'>ἀλλὰ</span> <span class='ocrx_word' id='word_1_615' title='bbox 2071 1647 2168 1699; x_wconf 80' lang='grc' dir='ltr'>παρὰ</span> <span class='ocrx_word' id='word_1_616' title='bbox 2186 1648 2253 1696; x_wconf 77' lang='grc' dir='ltr'>σοὶ,</span> <span class='ocrx_word' id='word_1_617' title='bbox 2270 1648 2412 1687; x_wconf 85' lang='grc' dir='ltr'>Δέσπο-</span> 
     </span>
     <span class='ocr_line' id='line_1_90' title="bbox 1379 1707 2416 1760; baseline 0.002 -15"><span class='ocrx_word' id='word_1_618' title='bbox 1379 1724 1444 1756; x_wconf 87' lang='grc' dir='ltr'>τα,</span> <span class='ocrx_word' id='word_1_619' title='bbox 1464 1709 1579 1748; x_wconf 81' lang='grc' dir='ltr'>πάντα</span> <span class='ocrx_word' id='word_1_620' title='bbox 1603 1709 1742 1747; x_wconf 86' lang='grc' dir='ltr'>δυνατά.</span> <span class='ocrx_word' id='word_1_621' title='bbox 1772 1710 1816 1746; x_wconf 82' lang='grc' dir='ltr'>Εἰ</span> <span class='ocrx_word' id='word_1_622' title='bbox 1847 1707 1909 1758; x_wconf 75' lang='grc' dir='ltr'>μὲν</span> <span class='ocrx_word' id='word_1_623' title='bbox 1930 1707 1999 1760; x_wconf 86' lang='grc' dir='ltr'>γὰρ</span> <span class='ocrx_word' id='word_1_624' title='bbox 2017 1708 2073 1745; x_wconf 82' lang='grc' dir='ltr'>διὰ</span> <span class='ocrx_word' id='word_1_625' title='bbox 2101 1708 2254 1752; x_wconf 83' lang='grc' dir='ltr'>δικαίους</span> <span class='ocrx_word' id='word_1_626' title='bbox 2278 1709 2335 1747; x_wconf 84' lang='grc' dir='ltr'>ἐπὶ</span> <span class='ocrx_word' id='word_1_627' title='bbox 2354 1713 2416 1756; x_wconf 74' lang='grc' dir='ltr'>τῆς</span> 
     </span>
     <span class='ocr_line' id='line_1_91' title="bbox 1378 1767 2415 1823; baseline 0.003 -17"><span class='ocrx_word' id='word_1_628' title='bbox 1378 1771 1443 1820; x_wconf 71' lang='grc' dir='ltr'>γῆς</span> <span class='ocrx_word' id='word_1_629' title='bbox 1461 1770 1715 1823; x_wconf 85' lang='grc' dir='ltr'>παραγέγονας,</span> <span class='ocrx_word' id='word_1_630' title='bbox 1733 1770 1904 1821; x_wconf 87' lang='grc' dir='ltr'>περιττῶς</span> <span class='ocrx_word' id='word_1_631' title='bbox 1923 1769 1962 1806; x_wconf 84' lang='grc' dir='ltr'>τὸ</span> <span class='ocrx_word' id='word_1_632' title='bbox 1985 1767 2145 1807; x_wconf 82' lang='grc' dir='ltr'>τελώνιον</span> <span class='ocrx_word' id='word_1_633' title='bbox 2166 1769 2415 1821; x_wconf 80' lang='grc' dir='ltr'>βδελυξάμενος</span> 
     </span>
     <span class='ocr_line' id='line_1_92' title="bbox 1377 1829 2413 1884; baseline 0.003 -17"><span class='ocrx_word' id='word_1_634' title='bbox 1377 1834 1427 1882; x_wconf 84' lang='grc' dir='ltr'>τῷ</span> <span class='ocrx_word' id='word_1_635' title='bbox 1449 1834 1521 1883; x_wconf 79' lang='grc' dir='ltr'>ναῷ</span> <span class='ocrx_word' id='word_1_636' title='bbox 1547 1847 1606 1869; x_wconf 92' lang='grc' dir='ltr'>σου</span> <span class='ocrx_word' id='word_1_637' title='bbox 1627 1829 1870 1883; x_wconf 79' lang='grc' dir='ltr'>προσέδραμον</span> <span class='ocrx_word' id='word_1_638' title='bbox 1883 1844 1890 1852; x_wconf 93' lang='grc'><em>·</em></span> <span class='ocrx_word' id='word_1_639' title='bbox 1915 1831 1943 1867; x_wconf 88' lang='grc' dir='ltr'>εἷ</span> <span class='ocrx_word' id='word_1_640' title='bbox 1975 1829 2010 1867; x_wconf 78' lang='grc' dir='ltr'>δὲ</span> <span class='ocrx_word' id='word_1_641' title='bbox 2027 1829 2086 1867; x_wconf 88' lang='grc' dir='ltr'>καὶ</span> <span class='ocrx_word' id='word_1_642' title='bbox 2105 1833 2173 1868; x_wconf 89' lang='grc' dir='ltr'>τῶν</span> <span class='ocrx_word' id='word_1_643' title='bbox 2193 1831 2413 1884; x_wconf 83' lang='grc' dir='ltr'>ἁμαρτωλῶν</span> 
     </span>
     <span class='ocr_line' id='line_1_93' title="bbox 1377 1889 2412 1942; baseline 0.003 -13"><span class='ocrx_word' id='word_1_644' title='bbox 1377 1890 1583 1941; x_wconf 84' lang='grc' dir='ltr'>ποιούμενος</span> <span class='ocrx_word' id='word_1_645' title='bbox 1597 1890 1697 1942; x_wconf 85' lang='grc' dir='ltr'>λόγον</span> <span class='ocrx_word' id='word_1_646' title='bbox 1710 1921 1719 1938; x_wconf 96' lang='grc'>,</span> <span class='ocrx_word' id='word_1_647' title='bbox 1744 1892 1875 1942; x_wconf 77' lang='grc' dir='ltr'>μᾶλλον</span> <span class='ocrx_word' id='word_1_648' title='bbox 1896 1889 1930 1928; x_wconf 81' lang='grc' dir='ltr'>δὲ</span> <span class='ocrx_word' id='word_1_649' title='bbox 1952 1890 1993 1927; x_wconf 83' lang='grc' dir='ltr'>δι’</span> <span class='ocrx_word' id='word_1_650' title='bbox 2014 1890 2135 1934; x_wconf 74' lang='grc' dir='ltr'>αὐτοὺς</span> <span class='ocrx_word' id='word_1_651' title='bbox 2151 1893 2194 1942; x_wconf 80' lang='grc' dir='ltr'>τῇ</span> <span class='ocrx_word' id='word_1_652' title='bbox 2216 1891 2328 1930; x_wconf 86' lang='grc' dir='ltr'>κτίσει</span> <span class='ocrx_word' id='word_1_653' title='bbox 2345 1895 2412 1932; x_wconf 76' lang='grc' dir='ltr'>ε’νε-</span> 
     </span>
     <span class='ocr_line' id='line_1_94' title="bbox 1378 1950 2411 2004; baseline 0.003 -15"><span class='ocrx_word' id='word_1_654' title='bbox 1378 1951 1542 2002; x_wconf 87' lang='grc' dir='ltr'>δήμησας</span> <span class='ocrx_word' id='word_1_655' title='bbox 1557 1982 1566 1999; x_wconf 94' lang='grc'>,</span> <span class='ocrx_word' id='word_1_656' title='bbox 1586 1951 1634 2003; x_wconf 81' lang='grc' dir='ltr'>μὴ</span> <span class='ocrx_word' id='word_1_657' title='bbox 1661 1951 1771 2004; x_wconf 85' lang='grc' dir='ltr'>δείξῃς</span> <span class='ocrx_word' id='word_1_658' title='bbox 1793 1967 1856 2001; x_wconf 90' lang='grc' dir='ltr'>μου</span> <span class='ocrx_word' id='word_1_659' title='bbox 1877 1950 1939 1993; x_wconf 79' lang='grc' dir='ltr'>τὰς</span> <span class='ocrx_word' id='word_1_660' title='bbox 1960 1950 2017 1988; x_wconf 83' lang='grc' dir='ltr'>ἐπὶ</span> <span class='ocrx_word' id='word_1_661' title='bbox 2037 1951 2090 1989; x_wconf 84' lang='grc' dir='ltr'>σοὶ</span> <span class='ocrx_word' id='word_1_662' title='bbox 2113 1951 2338 1996; x_wconf 82' lang='grc' dir='ltr'>ἀνελπίστους</span> <span class='ocrx_word' id='word_1_663' title='bbox 2356 1955 2411 1992; x_wconf 73' lang='grc' dir='ltr'>ε’λ·</span> 
     </span>
     <span class='ocr_line' id='line_1_95' title="bbox 1377 2011 2409 2067; baseline 0.003 -17"><span class='ocrx_word' id='word_1_664' title='bbox 1377 2012 1480 2056; x_wconf 88' lang='grc' dir='ltr'>πίδας</span> <span class='ocrx_word' id='word_1_665' title='bbox 1494 2042 1503 2060; x_wconf 89' lang='grc'>,</span> <span class='ocrx_word' id='word_1_666' title='bbox 1534 2013 1624 2052; x_wconf 81' lang='grc' dir='ltr'>ἀλλὰ</span> <span class='ocrx_word' id='word_1_667' title='bbox 1642 2013 1705 2059; x_wconf 81' lang='grc' dir='ltr'>τὴν</span> <span class='ocrx_word' id='word_1_668' title='bbox 1728 2011 2025 2064; x_wconf 81' lang='grc' dir='ltr'>συντετριμμένην</span> <span class='ocrx_word' id='word_1_669' title='bbox 2048 2028 2113 2063; x_wconf 90' lang='grc' dir='ltr'>μου</span> <span class='ocrx_word' id='word_1_670' title='bbox 2133 2012 2280 2065; x_wconf 85' lang='grc' dir='ltr'>καρδίαν</span> <span class='ocrx_word' id='word_1_671' title='bbox 2303 2015 2409 2067; x_wconf 85' lang='grc' dir='ltr'>θερά-</span> 
     </span>
     <span class='ocr_line' id='line_1_96' title="bbox 1375 2072 2410 2126; baseline 0.001 -14"><span class='ocrx_word' id='word_1_672' title='bbox 1375 2089 1513 2122; x_wconf 90' lang='grc' dir='ltr'>πευσον,</span> <span class='ocrx_word' id='word_1_673' title='bbox 1533 2073 1786 2125; x_wconf 79' lang='grc' dir='ltr'>νενεκρωμένον</span> <span class='ocrx_word' id='word_1_674' title='bbox 1805 2089 1848 2124; x_wconf 91' lang='grc' dir='ltr'>με</span> <span class='ocrx_word' id='word_1_675' title='bbox 1865 2079 1936 2117; x_wconf 88' lang='grc' dir='ltr'>τοῖς</span> <span class='ocrx_word' id='word_1_676' title='bbox 1951 2072 2223 2126; x_wconf 82' lang='grc' dir='ltr'>παραπτώμασι</span> <span class='ocrx_word' id='word_1_677' title='bbox 2238 2075 2410 2122; x_wconf 85' lang='grc' dir='ltr'>ζωοποίη-</span> 
     </span>
     <span class='ocr_line' id='line_1_97' title="bbox 1376 2134 2406 2187; baseline 0 -13"><span class='ocrx_word' id='word_1_678' title='bbox 1376 2151 1447 2174; x_wconf 90' lang='grc' dir='ltr'>σον.</span> <span class='ocrx_word' id='word_1_679' title='bbox 1475 2134 1619 2186; x_wconf 65' lang='grc' dir='ltr'>ζἨψατό</span> <span class='ocrx_word' id='word_1_680' title='bbox 1641 2151 1700 2178; x_wconf 89' lang='grc' dir='ltr'>σου</span> <span class='ocrx_word' id='word_1_681' title='bbox 1719 2134 1830 2187; x_wconf 83' lang='grc' dir='ltr'>πόρνη</span> <span class='ocrx_word' id='word_1_682' title='bbox 1843 2165 1853 2182; x_wconf 93' lang='grc'>,</span> <span class='ocrx_word' id='word_1_683' title='bbox 1885 2134 1944 2172; x_wconf 85' lang='grc' dir='ltr'>καὶ</span> <span class='ocrx_word' id='word_1_684' title='bbox 1965 2134 2022 2172; x_wconf 82' lang='grc' dir='ltr'>τὸν</span> <span class='ocrx_word' id='word_1_685' title='bbox 2046 2134 2151 2186; x_wconf 82' lang='grc' dir='ltr'>ῥύπον</span> <span class='ocrx_word' id='word_1_686' title='bbox 2167 2137 2236 2172; x_wconf 89' lang='grc' dir='ltr'>τῶν</span> <span class='ocrx_word' id='word_1_687' title='bbox 2256 2134 2272 2155; x_wconf 79' lang='lat'>‘¹</span> <span class='ocrx_word' id='word_1_688' title='bbox 2287 2139 2406 2176; x_wconf 85' lang='grc' dir='ltr'>κακῶν</span> 
     </span>
     <span class='ocr_line' id='line_1_98' title="bbox 1377 2194 2410 2248; baseline 0.001 -15"><span class='ocrx_word' id='word_1_689' title='bbox 1377 2195 1586 2248; x_wconf 78' lang='grc' dir='ltr'>ἀπενίψατο·</span> <span class='ocrx_word' id='word_1_690' title='bbox 1607 2195 1759 2248; x_wconf 80' lang='grc' dir='ltr'>ἔχρησας</span> <span class='ocrx_word' id='word_1_691' title='bbox 1775 2197 1889 2248; x_wconf 82' lang='grc' dir='ltr'>πιστῷ</span> <span class='ocrx_word' id='word_1_692' title='bbox 1906 2195 2037 2248; x_wconf 81' lang='grc' dir='ltr'>γυναίῳ</span> <span class='ocrx_word' id='word_1_693' title='bbox 2057 2195 2097 2233; x_wconf 80' lang='grc' dir='ltr'>τὸ</span> <span class='ocrx_word' id='word_1_694' title='bbox 2119 2194 2328 2248; x_wconf 78' lang='grc' dir='ltr'>κράσπεδον,</span> <span class='ocrx_word' id='word_1_695' title='bbox 2347 2196 2410 2234; x_wconf 83' lang='grc' dir='ltr'>καὶ</span> 
     </span>
     <span class='ocr_line' id='line_1_99' title="bbox 1375 2255 2408 2310; baseline 0 -16"><span class='ocrx_word' id='word_1_696' title='bbox 1375 2257 1500 2308; x_wconf 90' lang='grc' dir='ltr'>λίμνας</span> <span class='ocrx_word' id='word_1_697' title='bbox 1537 2257 1695 2307; x_wconf 81' lang='grc' dir='ltr'>αἱμάτων</span> <span class='ocrx_word' id='word_1_698' title='bbox 1735 2257 1919 2310; x_wconf 84' lang='grc' dir='ltr'>ἐξήρανας·</span> <span class='ocrx_word' id='word_1_699' title='bbox 1956 2255 2174 2303; x_wconf 82' lang='grc' dir='ltr'>ἐπλησίασας</span> <span class='ocrx_word' id='word_1_700' title='bbox 2217 2257 2408 2309; x_wconf 84' lang='grc' dir='ltr'>παραλύτῳ</span> 
     </span>
     <span class='ocr_line' id='line_1_100' title="bbox 1375 2313 2410 2371; baseline 0.002 -15"><span class='ocrx_word' id='word_1_701' title='bbox 1375 2318 1535 2371; x_wconf 86' lang='grc' dir='ltr'>κειμένῳ,</span> <span class='ocrx_word' id='word_1_702' title='bbox 1555 2318 1613 2356; x_wconf 82' lang='grc' dir='ltr'>καὶ</span> <span class='ocrx_word' id='word_1_703' title='bbox 1635 2321 1697 2365; x_wconf 75' lang='grc' dir='ltr'>τῆς</span> <span class='ocrx_word' id='word_1_704' title='bbox 1714 2318 1833 2366; x_wconf 87' lang='grc' dir='ltr'>κλίνης</span> <span class='ocrx_word' id='word_1_705' title='bbox 1851 2318 2000 2370; x_wconf 83' lang='grc' dir='ltr'>ἐργάτην</span> <span class='ocrx_word' id='word_1_706' title='bbox 2018 2317 2193 2362; x_wconf 82' lang='grc' dir='ltr'>ἀνέδειξας</span> <span class='ocrx_word' id='word_1_707' title='bbox 2207 2333 2215 2341; x_wconf 86' lang='grc'><em>·</em></span> <span class='ocrx_word' id='word_1_708' title='bbox 2235 2313 2320 2363; x_wconf 58' lang='grc' dir='ltr'>εἶδες</span> <span class='ocrx_word' id='word_1_709' title='bbox 2338 2336 2410 2358; x_wconf 82' lang='grc' dir='ltr'>πα·</span> 
     </span>
     <span class='ocr_line' id='line_1_101' title="bbox 1378 2379 2406 2433; baseline 0.002 -15"><span class='ocrx_word' id='word_1_710' title='bbox 1378 2380 1491 2432; x_wconf 88' lang='grc' dir='ltr'>ράγων</span> <span class='ocrx_word' id='word_1_711' title='bbox 1510 2381 1646 2433; x_wconf 74' lang='grc' dir='ltr'>τυφλὸν,</span> <span class='ocrx_word' id='word_1_712' title='bbox 1666 2380 1725 2418; x_wconf 75' lang='grc' dir='ltr'>καὶ</span> <span class='ocrx_word' id='word_1_713' title='bbox 1745 2384 1788 2432; x_wconf 79' lang='grc' dir='ltr'>τῇ</span> <span class='ocrx_word' id='word_1_714' title='bbox 1806 2380 1883 2432; x_wconf 66' lang='grc' dir='ltr'>ὄψει</span> <span class='ocrx_word' id='word_1_715' title='bbox 1899 2380 2082 2422; x_wconf 83' lang='grc' dir='ltr'>ἀπέδωκας</span> <span class='ocrx_word' id='word_1_716' title='bbox 2099 2379 2163 2426; x_wconf 84' lang='grc' dir='ltr'>τὴν</span> <span class='ocrx_word' id='word_1_717' title='bbox 2182 2380 2406 2432; x_wconf 83' lang='grc' dir='ltr'>εὐπρέπειαν·</span> 
     </span>
     <span class='ocr_line' id='line_1_102' title="bbox 1376 2440 2407 2496; baseline 0.004 -17"><span class='ocrx_word' id='word_1_718' title='bbox 1376 2442 1505 2494; x_wconf 80' lang='grc' dir='ltr'>ἐχρίσω</span> <span class='ocrx_word' id='word_1_719' title='bbox 1526 2442 1587 2493; x_wconf 69' lang='grc' dir='ltr'>μὲν</span> <span class='ocrx_word' id='word_1_720' title='bbox 1608 2442 1675 2496; x_wconf 77' lang='grc' dir='ltr'>γὰρ</span> <span class='ocrx_word' id='word_1_721' title='bbox 1697 2442 1736 2480; x_wconf 73' lang='grc' dir='ltr'>τὸ</span> <span class='ocrx_word' id='word_1_722' title='bbox 1755 2444 1873 2481; x_wconf 86' lang='grc' dir='ltr'>λεῖπον</span> <span class='ocrx_word' id='word_1_723' title='bbox 1893 2445 1952 2480; x_wconf 75' lang='grc' dir='ltr'>τοῦ</span> <span class='ocrx_word' id='word_1_724' title='bbox 1973 2440 2134 2492; x_wconf 84' lang='grc' dir='ltr'>σώματος</span> <span class='ocrx_word' id='word_1_725' title='bbox 2156 2470 2166 2488; x_wconf 89' lang='grc'>,</span> <span class='ocrx_word' id='word_1_726' title='bbox 2184 2444 2287 2495; x_wconf 74' lang='grc' dir='ltr'>πηλῷ</span> <span class='ocrx_word' id='word_1_727' title='bbox 2307 2443 2346 2482; x_wconf 85' lang='grc' dir='ltr'>τὸ</span> <span class='ocrx_word' id='word_1_728' title='bbox 2367 2446 2407 2482; x_wconf 82' lang='grc' dir='ltr'>ἐκ</span> 
     </span>
     <span class='ocr_line' id='line_1_103' title="bbox 1374 2501 2407 2557; baseline 0.003 -17"><span class='ocrx_word' id='word_1_729' title='bbox 1374 2507 1434 2540; x_wconf 91' lang='grc' dir='ltr'>τοῦ</span> <span class='ocrx_word' id='word_1_730' title='bbox 1454 2505 1566 2549; x_wconf 89' lang='grc' dir='ltr'>πηλοῦ</span> <span class='ocrx_word' id='word_1_731' title='bbox 1584 2503 1864 2557; x_wconf 79' lang='grc' dir='ltr'>διορθωσάμενος</span> <span class='ocrx_word' id='word_1_732' title='bbox 1878 2507 2013 2546; x_wconf 88' lang='grc' dir='ltr'>σκεῦος·</span> <span class='ocrx_word' id='word_1_733' title='bbox 2033 2501 2171 2549; x_wconf 82' lang='grc' dir='ltr'>ἥνοιξας</span> <span class='ocrx_word' id='word_1_734' title='bbox 2194 2502 2228 2540; x_wconf 83' lang='grc' dir='ltr'>δὲ</span> <span class='ocrx_word' id='word_1_735' title='bbox 2245 2507 2294 2557; x_wconf 85' lang='grc' dir='ltr'>τῷ</span> <span class='ocrx_word' id='word_1_736' title='bbox 2316 2506 2407 2557; x_wconf 84' lang='grc' dir='ltr'>φωτὶ</span> 
     </span>
     <span class='ocr_line' id='line_1_104' title="bbox 1373 2563 2402 2617; baseline 0.002 -15"><span class='ocrx_word' id='word_1_737' title='bbox 1373 2564 1437 2612; x_wconf 81' lang='grc' dir='ltr'>τὴν</span> <span class='ocrx_word' id='word_1_738' title='bbox 1454 2565 1598 2612; x_wconf 75' lang='grc' dir='ltr'>εἴσοδον,</span> <span class='ocrx_word' id='word_1_739' title='bbox 1623 2564 1732 2608; x_wconf 81' lang='grc' dir='ltr'>δείξας</span> <span class='ocrx_word' id='word_1_740' title='bbox 1751 2567 1800 2617; x_wconf 77' lang='grc' dir='ltr'>τῷ</span> <span class='ocrx_word' id='word_1_741' title='bbox 1824 2563 1998 2617; x_wconf 82' lang='grc' dir='ltr'>ἀνθρώπῳ</span> <span class='ocrx_word' id='word_1_742' title='bbox 2016 2565 2055 2602; x_wconf 86' lang='grc' dir='ltr'>τὸ</span> <span class='ocrx_word' id='word_1_743' title='bbox 2076 2567 2136 2611; x_wconf 77' lang='grc' dir='ltr'>τῆς</span> <span class='ocrx_word' id='word_1_744' title='bbox 2157 2564 2301 2609; x_wconf 90' lang='grc' dir='ltr'>κτίσεως</span> <span class='ocrx_word' id='word_1_745' title='bbox 2317 2566 2402 2604; x_wconf 87' lang='grc' dir='ltr'>κάλ-</span> 
     </span>
     <span class='ocr_line' id='line_1_105' title="bbox 1373 2621 2405 2678; baseline 0.001 -14"><span class='ocrx_word' id='word_1_746' title='bbox 1373 2627 1450 2669; x_wconf 88' lang='grc' dir='ltr'>λος·</span> <span class='ocrx_word' id='word_1_747' title='bbox 1478 2621 1562 2670; x_wconf 65' lang='grc' dir='ltr'>εἶδες</span> <span class='ocrx_word' id='word_1_748' title='bbox 1589 2626 1804 2678; x_wconf 81' lang='grc' dir='ltr'>δακρύουσαν</span> <span class='ocrx_word' id='word_1_749' title='bbox 1832 2632 2001 2674; x_wconf 87' lang='grc' dir='ltr'>γυναῖκα,</span> <span class='ocrx_word' id='word_1_750' title='bbox 2032 2625 2090 2663; x_wconf 80' lang='grc' dir='ltr'>καὶ</span> <span class='ocrx_word' id='word_1_751' title='bbox 2112 2625 2180 2677; x_wconf 79' lang='grc' dir='ltr'>πρὸ</span> <span class='ocrx_word' id='word_1_752' title='bbox 2202 2632 2323 2678; x_wconf 87' lang='grc' dir='ltr'>καιροῦ</span> <span class='ocrx_word' id='word_1_753' title='bbox 2341 2632 2405 2675; x_wconf 76' lang='grc' dir='ltr'>τῆς</span> 
     </span>
     <span class='ocr_line' id='line_1_106' title="bbox 1374 2685 2399 2740; baseline 0.003 -16"><span class='ocrx_word' id='word_1_754' title='bbox 1374 2688 1595 2731; x_wconf 84' lang='grc' dir='ltr'>ἀναστάσεως</span> <span class='ocrx_word' id='word_1_755' title='bbox 1619 2688 1676 2726; x_wconf 80' lang='grc' dir='ltr'>τὸν</span> <span class='ocrx_word' id='word_1_756' title='bbox 1693 2688 1779 2740; x_wconf 81' lang='grc' dir='ltr'>ᾅδην</span> <span class='ocrx_word' id='word_1_757' title='bbox 1802 2686 1983 2737; x_wconf 81' lang='grc' dir='ltr'>μαστίξας,</span> <span class='ocrx_word' id='word_1_758' title='bbox 2005 2685 2170 2737; x_wconf 76' lang='grc' dir='ltr'>ἐξήγαγες</span> <span class='ocrx_word' id='word_1_759' title='bbox 2191 2688 2319 2725; x_wconf 81' lang='grc' dir='ltr'>ἐκεῖθεν</span> <span class='ocrx_word' id='word_1_760' title='bbox 2342 2689 2399 2728; x_wconf 83' lang='grc' dir='ltr'>τὸν</span> 
     </span>
    </p>
   </div>
   <div class='ocr_carea' id='block_1_11' title="bbox 1313 2748 2400 2862">
    <p class='ocr_par' dir='ltr' id='par_1_11' title="bbox 1313 2748 2400 2862">
     <span class='ocr_line' id='line_1_107' title="bbox 1313 2748 2399 2802; baseline 0.003 -15"><span class='ocrx_word' id='word_1_761' title='bbox 1313 2769 1359 2796; x_wconf 77' lang='lat'>119</span> <span class='ocrx_word' id='word_1_762' title='bbox 1373 2749 1531 2802; x_wconf 80' lang='grc' dir='ltr'>Λάζαρον</span> <span class='ocrx_word' id='word_1_763' title='bbox 1548 2780 1556 2796; x_wconf 91' lang='grc'>,</span> <span class='ocrx_word' id='word_1_764' title='bbox 1583 2748 1702 2801; x_wconf 81' lang='grc' dir='ltr'>ὥσπερ</span> <span class='ocrx_word' id='word_1_765' title='bbox 1733 2751 1771 2786; x_wconf 84' lang='grc' dir='ltr'>ἐκ</span> <span class='ocrx_word' id='word_1_766' title='bbox 1801 2748 1971 2798; x_wconf 89' lang='grc' dir='ltr'>στόματος</span> <span class='ocrx_word' id='word_1_767' title='bbox 1998 2748 2135 2791; x_wconf 84' lang='grc' dir='ltr'>λέοντος</span> <span class='ocrx_word' id='word_1_768' title='bbox 2156 2750 2317 2800; x_wconf 88' lang='grc' dir='ltr'>ἁρπάσας</span> <span class='ocrx_word' id='word_1_769' title='bbox 2339 2755 2399 2790; x_wconf 86' lang='grc' dir='ltr'>τοῦ</span> 
     </span>
     <span class='ocr_line' id='line_1_108' title="bbox 1324 2809 2400 2862; baseline 0.003 -16"><span class='ocrx_word' id='word_1_770' title='bbox 1324 2810 1347 2838; x_wconf 81' lang='grc' dir='ltr'>Α</span> <span class='ocrx_word' id='word_1_771' title='bbox 1373 2809 1519 2848; x_wconf 85' lang='grc' dir='ltr'>θανάτου</span> <span class='ocrx_word' id='word_1_772' title='bbox 1548 2809 1604 2847; x_wconf 86' lang='grc' dir='ltr'>τὸν</span> <span class='ocrx_word' id='word_1_773' title='bbox 1628 2809 1819 2862; x_wconf 85' lang='grc' dir='ltr'>ἄνθρωπον.</span> <span class='ocrx_word' id='word_1_774' title='bbox 1842 2809 2022 2851; x_wconf 81' lang='grc' dir='ltr'>Ἐλεεινῶς</span> <span class='ocrx_word' id='word_1_775' title='bbox 2050 2824 2102 2846; x_wconf 93' lang='grc' dir='ltr'>σοι</span> <span class='ocrx_word' id='word_1_776' title='bbox 2133 2810 2400 2861; x_wconf 88' lang='grc' dir='ltr'>προσπίπτοντα</span> 
     </span>
    </p>
   </div>
   <div class='ocr_carea' id='block_1_12' title="bbox 1367 2869 2402 3240">
    <p class='ocr_par' dir='ltr' id='par_1_12' title="bbox 1367 2869 2402 3240">
     <span class='ocr_line' id='line_1_109' title="bbox 1371 2869 2400 2923; baseline 0.002 -16"><span class='ocrx_word' id='word_1_777' title='bbox 1371 2870 1582 2920; x_wconf 85' lang='grc' dir='ltr'>θεασάμενος</span> <span class='ocrx_word' id='word_1_778' title='bbox 1609 2871 1717 2922; x_wconf 81' lang='grc' dir='ltr'>ἄνδρα</span> <span class='ocrx_word' id='word_1_779' title='bbox 1746 2872 1796 2921; x_wconf 80' lang='grc' dir='ltr'>τῷ</span> <span class='ocrx_word' id='word_1_780' title='bbox 1825 2872 1887 2916; x_wconf 74' lang='grc' dir='ltr'>τῆς</span> <span class='ocrx_word' id='word_1_781' title='bbox 1917 2869 2080 2912; x_wconf 80' lang='grc' dir='ltr'>ἀπαιδίας</span> <span class='ocrx_word' id='word_1_782' title='bbox 2105 2870 2260 2923; x_wconf 86' lang='grc' dir='ltr'>ναυαγίῳ</span> <span class='ocrx_word' id='word_1_783' title='bbox 2281 2872 2400 2914; x_wconf 79' lang='grc' dir='ltr'>δεινῶς</span> 
     </span>
     <span class='ocr_line' id='line_1_110' title="bbox 1373 2929 2402 2982; baseline 0.001 -14"><span class='ocrx_word' id='word_1_784' title='bbox 1373 2931 1607 2982; x_wconf 85' lang='grc' dir='ltr'>βυθιζόμενον,</span> <span class='ocrx_word' id='word_1_785' title='bbox 1633 2931 1861 2982; x_wconf 83' lang='grc' dir='ltr'>ἐπεκάμφθης</span> <span class='ocrx_word' id='word_1_786' title='bbox 1878 2929 1974 2974; x_wconf 77' lang='grc' dir='ltr'>εὐθὺς</span> <span class='ocrx_word' id='word_1_787' title='bbox 1994 2936 2068 2973; x_wconf 84' lang='grc' dir='ltr'>ταῖς</span> <span class='ocrx_word' id='word_1_788' title='bbox 2084 2930 2242 2979; x_wconf 89' lang='grc' dir='ltr'>ἱκεσίαις,</span> <span class='ocrx_word' id='word_1_789' title='bbox 2259 2931 2318 2969; x_wconf 87' lang='grc' dir='ltr'>καὶ</span> <span class='ocrx_word' id='word_1_790' title='bbox 2339 2931 2402 2969; x_wconf 80' lang='grc' dir='ltr'>κε’-</span> 
     </span>
     <span class='ocr_line' id='line_1_111' title="bbox 1371 2991 2400 3044; baseline 0.002 -16"><span class='ocrx_word' id='word_1_791' title='bbox 1371 2993 1504 3038; x_wconf 90' lang='grc' dir='ltr'>κληκας</span> <span class='ocrx_word' id='word_1_792' title='bbox 1537 2993 1576 3031; x_wconf 85' lang='grc' dir='ltr'>τὸ</span> <span class='ocrx_word' id='word_1_793' title='bbox 1599 2993 1763 3044; x_wconf 85' lang='grc' dir='ltr'>κοράσιον</span> <span class='ocrx_word' id='word_1_794' title='bbox 1776 3007 1784 3015; x_wconf 86' lang='grc'><em>·</em></span> <span class='ocrx_word' id='word_1_795' title='bbox 1817 2997 1877 3030; x_wconf 87' lang='grc' dir='ltr'>σοῦ</span> <span class='ocrx_word' id='word_1_796' title='bbox 1895 2992 1931 3029; x_wconf 80' lang='grc' dir='ltr'>δὲ</span> <span class='ocrx_word' id='word_1_797' title='bbox 1951 2991 2173 3043; x_wconf 75' lang='grc' dir='ltr'>φωνήσαντος</span> <span class='ocrx_word' id='word_1_798' title='bbox 2193 2991 2318 3039; x_wconf 84' lang='grc' dir='ltr'>ἀνέστη</span> <span class='ocrx_word' id='word_1_799' title='bbox 2339 2992 2400 3044; x_wconf 79' lang='grc' dir='ltr'>μὲν</span> 
     </span>
     <span class='ocr_line' id='line_1_112' title="bbox 1369 3052 2402 3105; baseline -0.001 -16"><span class='ocrx_word' id='word_1_800' title='bbox 1369 3055 1391 3098; x_wconf 77' lang='grc' dir='ltr'>ἦ</span> <span class='ocrx_word' id='word_1_801' title='bbox 1409 3052 1508 3105; x_wconf 88' lang='grc' dir='ltr'>κόρη,</span> <span class='ocrx_word' id='word_1_802' title='bbox 1528 3057 1545 3091; x_wconf 85' lang='grc' dir='ltr'><strong><em>ὃ</em></strong></span> <span class='ocrx_word' id='word_1_803' title='bbox 1564 3053 1598 3091; x_wconf 78' lang='grc' dir='ltr'>δὲ</span> <span class='ocrx_word' id='word_1_804' title='bbox 1625 3053 1768 3095; x_wconf 88' lang='grc' dir='ltr'>θάνατος</span> <span class='ocrx_word' id='word_1_805' title='bbox 1790 3052 1972 3103; x_wconf 80' lang='grc' dir='ltr'>πέφευγεν.</span> <span class='ocrx_word' id='word_1_806' title='bbox 2009 3052 2161 3100; x_wconf 61' lang='grc' dir='ltr'>Ἐὅόησε</span> <span class='ocrx_word' id='word_1_807' title='bbox 2183 3053 2265 3105; x_wconf 84' lang='grc' dir='ltr'>πρὸς</span> <span class='ocrx_word' id='word_1_808' title='bbox 2283 3057 2320 3092; x_wconf 79' lang='grc' dir='ltr'>σὲ</span> <span class='ocrx_word' id='word_1_809' title='bbox 2341 3052 2402 3091; x_wconf 81' lang='grc' dir='ltr'>καὶ</span> 
     </span>
     <span class='ocr_line' id='line_1_113' title="bbox 1370 3119 2401 3172; baseline 0 -16"><span class='ocrx_word' id='word_1_810' title='bbox 1370 3120 1550 3157; x_wconf 87' lang='grc' dir='ltr'>Χαναναία</span> <span class='ocrx_word' id='word_1_811' title='bbox 1573 3119 1658 3171; x_wconf 83' lang='grc' dir='ltr'>γυνὴ</span> <span class='ocrx_word' id='word_1_812' title='bbox 1691 3120 1730 3158; x_wconf 85' lang='grc' dir='ltr'>τὸ</span> <span class='ocrx_word' id='word_1_813' title='bbox 1758 3121 1883 3157; x_wconf 90' lang='grc' dir='ltr'>οἰκεῖον</span> <span class='ocrx_word' id='word_1_814' title='bbox 1916 3120 2100 3172; x_wconf 86' lang='grc' dir='ltr'>θυγάτριον</span> <span class='ocrx_word' id='word_1_815' title='bbox 2132 3119 2307 3170; x_wconf 83' lang='grc' dir='ltr'>βλέπουσα</span> <span class='ocrx_word' id='word_1_816' title='bbox 2332 3119 2401 3157; x_wconf 85' lang='grc' dir='ltr'>ὑπὸ</span> 
     </span>
     <span class='ocr_line' id='line_1_114' title="bbox 1367 3185 2390 3240; baseline 0.001 -17"><span class='ocrx_word' id='word_1_817' title='bbox 1367 3186 1528 3237; x_wconf 85' lang='grc' dir='ltr'>δαίμονος</span> <span class='ocrx_word' id='word_1_818' title='bbox 1551 3186 1857 3240; x_wconf 82' lang='grc' dir='ltr'>σπαραττόμενον,</span> <span class='ocrx_word' id='word_1_819' title='bbox 1883 3187 1942 3224; x_wconf 81' lang='grc' dir='ltr'>καὶ</span> <span class='ocrx_word' id='word_1_820' title='bbox 1964 3187 2123 3238; x_wconf 84' lang='grc' dir='ltr'>βοήσασα</span> <span class='ocrx_word' id='word_1_821' title='bbox 2141 3187 2193 3233; x_wconf 88' lang='grc' dir='ltr'>τὸ,</span> <span class='ocrx_word' id='word_1_822' title='bbox 2215 3185 2390 3233; x_wconf 79' lang='grc' dir='ltr'>Ἐλέησον</span> 
     </span>
    </p>
   </div>
   <div class='ocr_carea' id='block_1_13' title="bbox 1363 3253 2393 3306">
    <p class='ocr_par' dir='ltr' id='par_1_13' title="bbox 1363 3253 2393 3306">
     <span class='ocr_line' id='line_1_115' title="bbox 1363 3253 2393 3306; baseline -0.002 -12"><span class='ocrx_word' id='word_1_823' title='bbox 1363 3258 1432 3294; x_wconf 87' lang='grc' dir='ltr'>τῶν</span> <span class='ocrx_word' id='word_1_824' title='bbox 1448 3254 1595 3294; x_wconf 81' lang='grc' dir='ltr'>ἐλπίδων</span> <span class='ocrx_word' id='word_1_825' title='bbox 1615 3257 1678 3292; x_wconf 76' lang='grc' dir='ltr'>οὐκ</span> <span class='ocrx_word' id='word_1_826' title='bbox 1693 3253 1845 3306; x_wconf 79' lang='grc' dir='ltr'>ἀπέτυχε</span> <span class='ocrx_word' id='word_1_827' title='bbox 1859 3270 1866 3278; x_wconf 91' lang='grc'>·</span> <span class='ocrx_word' id='word_1_828' title='bbox 1883 3253 1946 3301; x_wconf 72' lang='grc' dir='ltr'>τὴν</span> <span class='ocrx_word' id='word_1_829' title='bbox 1964 3255 2031 3306; x_wconf 86' lang='grc' dir='ltr'>γὰρ</span> <span class='ocrx_word' id='word_1_830' title='bbox 2044 3254 2160 3292; x_wconf 89' lang='grc' dir='ltr'>πίστιν</span> <span class='ocrx_word' id='word_1_831' title='bbox 2180 3255 2288 3299; x_wconf 74' lang='grc' dir='ltr'>αὐτῆς</span> <span class='ocrx_word' id='word_1_832' title='bbox 2305 3256 2393 3292; x_wconf 82' lang='grc' dir='ltr'>ἀπο-</span> 
     </span>
    </p>
   </div>
   <div class='ocr_carea' id='block_1_14' title="bbox 1417 3357 1714 3401">
    <p class='ocr_par' dir='ltr' id='par_1_14' title="bbox 1417 3357 1714 3401">
     <span class='ocr_line' id='line_1_116' title="bbox 1417 3357 1714 3401; baseline -0.007 -10"><span class='ocrx_word' id='word_1_833' title='bbox 1417 3360 1430 3376; x_wconf 85' lang='lat'>‘&#39;</span> <span class='ocrx_word' id='word_1_834' title='bbox 1455 3357 1582 3401; x_wconf 72' lang='grc' dir='ltr'>[παθῶν</span> <span class='ocrx_word' id='word_1_835' title='bbox 1597 3358 1714 3400; x_wconf 76' lang='lat' dir='ltr'>Savil.]</span> 
     </span>
    </p>
   </div>
  </div>
 </body>
</html>
