2522 3683
56 350 145 377 Joun.
176 348 221 377 16.

61 400 109 418 22.

71 2502 149 2528 Dan.
159 2501 187 2531 8.
207 2508 250 2536 [7.

254 181 346 228 588
717 196 754 225 s.

255 289 385 318 aucem
421 279 600 330 discipuli
631 281 718 316 viso
751 278 935 315 Domino.
967 273 1100 314 Viden’
1133 272 1240 310 rebus

258 341 368 379 verba
383 339 610 377 confirmari?
627 340 718 377 Nam
735 337 829 389 quod
850 336 945 374 dixit
964 344 1044 373 ante
1065 348 1210 371 crucem
1231 348 1237 368 :

258 402 405 437 Iterum
422 401 564 437 videbo
580 413 650 437 vos
659 429 670 446 ,
699 408 736 436 et
749 399 932 450 gaudebit
962 410 1028 434 cor
1044 403 1238 439 vestrum,

259 473 296 501 et
309 464 497 515 gaudium
517 472 689 501 vestrum
708 476 818 499 nemo
839 461 948 497 tollet
973 473 997 496 α
1015 461 1127 496 vobis
1138 473 1155 505 ;
1177 458 1243 494 hoc

259 538 353 562 nunc
371 538 474 576 opere
493 524 696 575 complevit.
719 523 803 559 Haec
826 534 930 573 porro
953 519 1071 556 omnia
1088 518 1183 570 ipsos
1199 517 1244 555 ad

260 586 491 624 certissimam
502 586 610 623 fidem
626 584 855 621 induxerunt.
873 581 967 627 Quia
982 580 1076 618 enim
1090 579 1247 631 inexpia-

261 647 332 683 bile
350 647 485 684 bcllum
508 654 627 682 contra
649 644 793 683 Judaeos
810 642 988 679 habebant
1001 670 1012 691 ‚
1036 653 1128 691 saepe
1145 653 1245 691 repe-

262 707 304 744 tit
323 707 414 744 illud
429 737 439 755 ‚
458 708 546 744 Pax
565 707 675 742 vobis
691 734 701 751 ‚
723 717 844 755 parem
863 702 956 740 bello
974 699 1247 738 consolationem

261 768 422 805 assereus.

317 830 354 865 5.
389 829 464 866 lloc
492 828 651 880 primum
684 827 772 880 ipsis
808 826 961 866 verbum
987 833 1067 877 post
1091 836 1246 862 resurre-

262 890 412 928 ctionem
441 890 536 928 dixit
555 890 655 938 (ideo
688 889 819 927 Paulus
857 901 996 939 quoque
1025 885 1159 936 ubique
1180 884 1244 932 ait,

264 951 405 988 Gratia
425 954 536 988 vobis
555 959 592 988 et
620 953 722 1002 pax)
742 966 748 985 :
773 948 984 987 mulieribus
1015 955 1134 984 autem
1160 944 1248 983 laeti-

260 1011 348 1048 tiam
363 1011 465 1061 dicit,
480 1011 565 1062 quia
582 1010 618 1047 in
641 1024 790 1048 moerore
820 1009 879 1045 hic
901 1022 1007 1045 sexus
1028 1005 1192 1057 degebat,
1214 1012 1248 1041 et

259 1072 352 1109 lianc
363 1073 521 1124 primum
533 1080 714 1123 acceperat
729 1069 1024 1107 maledictionem.
1040 1068 1246 1117 Congruen-

261 1143 313 1171 ter
332 1134 451 1183 itaque
469 1133 558 1170 viris
576 1140 722 1184 propter
740 1130 891 1177 bellum,
932 1142 1075 1180 pacem3
1110 1126 1245 1165 mulie-

260 1195 429 1245 ribusque
444 1202 589 1246 propter
617 1192 791 1239 dolorem,
824 1189 989 1227 laetitiam
1022 1187 1209 1226 annuntiat
1234 1203 1240 1222 :

258 1255 452 1306 solutisque
494 1254 656 1292 tristibus
698 1251 878 1299 omnibus,
914 1249 1029 1288 crucis
1073 1247 1245 1300 praeclara

258 1333 365 1371 opera
384 1318 554 1371 praedicat
574 1317 674 1354 :haec
691 1325 773 1353 sunt
805 1329 891 1367 pax.
915 1315 1107 1364 Postquam
1136 1310 1247 1362 igitur

258 1382 376 1419 obices
413 1395 532 1419 omnes
566 1379 699 1418 sublati
738 1387 831 1426 sunt,
853 1375 1056 1416 victoriam
1088 1373 1247 1426 splendi-

258 1443 343 1481 dam
375 1442 572 1491 constituit,
598 1440 787 1490 omniaque
819 1447 912 1476 recte
944 1436 1119 1488 completa
1142 1444 1246 1483 sunt3

259 1503 389 1542 deinde
407 1503 458 1541 ait
471 1503 617 1541 demum
636 1517 642 1538 :
667 1503 732 1540 21.
753 1500 858 1538 Sicut
888 1500 992 1536 misit
1024 1511 1084 1534 me
1115 1497 1244 1541 Pater,

259 1575 295 1603 et
312 1579 380 1617 ego
398 1568 508 1602 mitto
520 1577 605 1601 vos.
624 1562 773 1601 Nullam
786 1558 965 1598 habebitis
980 1557 1230 1595 difficultatem
1235 1586 1246 1606 ,

260 1637 337 1666 tum
360 1627 405 1664 ob
424 1641 463 1665 ea
487 1641 565 1676 quae
580 1626 672 1662 facta
692 1633 787 1673 sunt,
810 1632 886 1660 tum
906 1621 952 1659 ol)
970 1634 1085 1658 meam
1103 1619 1249 1656 initten-

260 1690 306 1727 tis
324 1688 586 1727 auctoritatem.
616 1687 693 1723 Hoc
712 1685 858 1722 illorum
877 1682 1042 1721 animum
1069 1681 1189 1733 erigit,
1217 1690 1250 1719 et

260 1765 427 1802 magnam
446 1749 565 1789 verbis
582 1749 690 1786 fidem
709 1747 807 1795 facit,
826 1746 855 1783 si
873 1744 1019 1795 quidem
1032 1743 1145 1781 velint
1161 1757 1250 1795 opus

267 1813 380 1865 ipsius
395 1810 586 1863 suscipere.
618 1810 743 1859 Neque
764 1807 858 1844 ultra
879 1808 1020 1844 Patrem
1039 1813 1154 1855 rogat,
1191 1802 1252 1841 sed

264 1874 472 1912 auctoritate
488 1886 551 1909 sua
566 1870 734 1909 virtutem
749 1868 821 1905 illis
843 1866 948 1904 indit.
969 1868 1034 1903 ⁶22.
1058 1865 1249 1918 Insuffla-

264 1939 315 1972 vit
337 1935 445 1984 enim,
461 1942 496 1970 et
514 1933 613 1969 dimit
633 1947 642 1966 :
658 1930 838 1981 Accipite
853 1929 1038 1979 Spiritum
1054 1935 1246 1964 sanctum.

261 1997 326 2034 95.
351 1996 521 2046 Quorum
543 1993 766 2029 remiseritis
785 1996 961 2041 peccata,
977 1988 1250 2031 remittuntur,-

263 2065 297 2094 εἰ
315 2069 478 2108 quorum
494 2054 743 2098 retinueritis,
757 2057 907 2087 retenta
921 2056 1025 2086 sunt.
1045 2047 1146 2085 Sicut
1156 2047 1251 2084 enim

262 2132 326 2156 rex
347 2117 530 2169 praefectos
551 2114 708 2163 mittens,
732 2120 940 2164 potestatem
957 2109 1018 2147 dat
1044 2118 1084 2146 ut
1112 2108 1147 2146 in
1175 2123 1250 2146 car—

263 2193 377 2217 cerem
391 2179 547 2228 mittant,
564 2186 597 2214 ct
608 2191 653 2214 ex
664 2188 802 2213 carcere
820 2173 972 2210 liberent
989 2187 996 2207 z
1014 2171 1065 2209 sic
1085 2170 1250 2208 Christus

265 2242 344 2279 illos
364 2240 520 2289 mittens,
542 2238 609 2276 hac
622 2244 791 2289 potestate
814 2233 935 2271 donat.
960 2231 1147 2278 Quomodo
1167 2246 1250 2283 ergo

265 2303 354 2341 dicit
375 2319 382 2339 :
399 2304 487 2340 Nisi
502 2314 569 2353 ego
586 2302 729 2344 abiero,
750 2297 818 2334 ille
834 2310 911 2333 non
933 2297 1078 2340 veniet,
1101 2303 1134 2330 et
1156 2308 1249 2331 nunc

265 2365 443 2417 Spiritum
461 2363 545 2400 dat?
566 2360 724 2407 Quidam
741 2358 880 2404 dicunt,
896 2357 1013 2408 ipsum
1045 2369 1114 2393 non
1134 2355 1249 2407 Spiri-

267 2436 341 2464 tum
360 2425 510 2473 dedisse,
525 2423 586 2462 scd
600 2423 681 2460 illos
701 2435 763 2473 per
792 2417 1069 2457 insufflationem
1087 2417 1134 2454 ad
1162 2416 1250 2454 reci-

266 2487 436 2540 piendum
450 2485 626 2537 Spiritum
641 2482 783 2520 idoneos
799 2480 933 2518 fecisse.
960 2480 1053 2516 Nam
1068 2478 1097 2515 si
1122 2478 1250 2515 Daniel

268 2549 343 2587 viso
358 2548 483 2599 angelo
502 2545 686 2598 perculsus
700 2552 764 2593 est,
782 2541 869 2593 quid
893 2555 961 2578 non
989 2538 1084 2592 passi
1103 2539 1251 2576 fuissent

268 2610 337 2656 illi,
356 2609 385 2645 si
415 2617 486 2646 tam
505 2606 721 2645 ineffabilem
750 2603 900 2655 gratiam
927 2601 1154 2653 accepissent,
1184 2600 1251 2638 nisi

269 2670 369 2721 prius
385 2668 589 2705 illosadbue
601 2666 797 2718 discipulos
818 2662 1071 2715 pratparasscti'
1086 2661 1169 2699 Ideo
1182 2675 1250 2699 nou

792 193 974 225 JOANNIS
1010 190 1252 221 CHRYSOST.
1291 190 1494 222 ARCHIEP.
1533 189 1889 221 CONSTANTINOP-

1311 271 1346 309 δὲ
1379 276 1489 310 ταῦτα
1523 272 1641 322 ἐνῆγεν
1681 270 1803 315 αὐτοὺς
1835 272 1882 314 εἷς
1914 269 2031 308 πίστιν
2062 267 2326 320 ἀκριὲεστάτην.

1313 332 1459 379 Ἐπειδὴ
1481 331 1548 384 γὰρ
1562 331 1714 382 πόλεμον
1736 332 1904 370 ἄσπονδον
1924 325 2015 383 εἶχον
2030 330 2115 382 πρὸς
2128 326 2328 373 Ἰουδαίους,

1313 397 1463 447 συνεχῶς
1486 393 1637 445 ἐπιλέγει
1651 393 1709 442 τὸ,
1730 393 1863 445 Εἰρήνη
1883 397 1977 444 ὑμῖν,
1993 392 2196 445 ἀντίρροπον
2218 387 2329 430 διδοὺς

1311 461 1371 494 τοῦ
1396 455 1550 506 πολέμου
1573 454 1634 502 τὴν
1658 454 1899 507 παραμυθίαν.

1369 832 1481 868 Τοῦτο
1505 834 1583 881 γοῦν
1615 830 1750 882 πρῶτον
1783 827 1872 878 μετὰ
1901 826 1963 875 τὴν
1984 827 2173 866 ἀνάστασιν
2195 819 2269 865 εἷπε
2296 827 2338 865 τὸ

1319 893 1414 944 ρῆμα
1442 891 1508 938 (διὸ
1533 890 1592 928 καὶ
1616 890 1755 932 Παῦλος
1781 893 1962 940 πανταχοῦ
1981 905 2088 940 φησι,
2121 887 2233 940 Χάρις
2255 891 2336 940 ὑμῖν

1318 952 1376 989 καὶ
1409 951 1560 1003 εἷρήνη)·
1588 956 1663 993 ταῖς
1693 949 1728 988 δὲ
1758 949 1891 1002 γυναιξὶ
1918 949 2032 1002 χαρὰν
2064 949 2335 1000 εὐαγγελίζεται,

1319 1011 1406 1049 διότι
1425 1014 1458 1050 ἐν
1474 1011 1599 1053 λύπαις
1617 1010 1655 1048 τὸ
1671 1010 1767 1061 γένος
1782 1012 1892 1048 ἐκεῖνο
1905 1005 1961 1057 ἦν,
1978 1009 2038 1048 καὶ
2054 1009 2182 1056 ταύτην
2200 1008 2339 1053 ἐδέξατο

1317 1071 1489 1124 *πρώτην
1519 1070 1618 1124 ἀράν.
1648 1071 1886 1117 Καταλλήλως
1916 1070 1977 1121 μὲν
2006 1065 2062 1109 οῦν
2090 1076 2160 1114 τοῖς
2182 1070 2338 1123 ἀνδράσι,

1318 1131 1374 1169 διὰ
1396 1132 1452 1170 τὸν
1485 1131 1654 1182 πόλεμον,
1688 1130 1845 1182 εἰρήνην·
1862 1135 1938 1175 ταῖς
1960 1130 1995 1169 δὲ
2016 1131 2170 1182 γυναιξὶ,
2190 1131 2247 1169 διὰ
2277 1131 2340 1178 τὴν

1316 1193 1451 1240 λύπην,
1477 1191 1732 1244 εὐαγγελίζεται
1760 1191 1886 1244 χαράν.
1930 1192 2056 1230 Πάντα
2088 1191 2123 1230 δὲ
2143 1191 2343 1236 καταλύσας

1315 1253 1360 1292 τὰ
1386 1253 1526 1307 λυπηρὰ
1540 1283 1549 1300 ,
1582 1252 1733 1304 ἐπιλέγει
1752 1252 1795 1290 τὰ
1815 1252 2072 1306 κατορθώματα
2093 1258 2152 1292 τοῦ
2174 1258 2319 1306 σταυροῦ
2333 1268 2341 1276 ·

1316 1319 1428 1354 ταῦτα
1454 1315 1489 1354 δὲ
1512 1310 1553 1362 ἦν
1583 1317 1605 1361 ἡ
1629 1313 1762 1367 εἰρήνη.
1802 1313 1906 1352 Ἐπεὶ
1926 1307 1983 1352 οῦν
2005 1314 2145 1352 ἅπαντα
2169 1313 2342 1364 ἀνῄρηται

1317 1376 1361 1415 τὰ
1408 1376 1602 1427 κωλύματα
1621 1405 1630 1423 ,
1666 1375 1726 1412 καὶ
1768 1374 1831 1422 τὴν
1873 1374 1972 1422 νίκην
2014 1375 2210 1422 κατέστησε
2249 1377 2341 1425 λαμ-

1317 1437 1432 1491 πρὰν,
1460 1437 1521 1475 καὶ
1552 1435 1784 1490 κατώρθωται
1817 1436 1952 1474 πάντα·
1986 1429 2062 1474 εἶτα
2092 1436 2212 1474 λοιπόν
2244 1451 2341 1488 φησι·

1271 1510 1296 1539 D
1318 1498 1444 1542 Καθὼς
1472 1497 1656 1536 ἀπέστειλέ
1677 1514 1720 1548 με
1747 1500 1764 1535 ὃ
1793 1496 1918 1550 Πατὴρ
1933 1527 1942 1545 ,
1966 1496 2065 1548 κάγὼ
2083 1495 2215 1548 πέμπω
2239 1499 2342 1548 ὑμᾶς.

1318 1558 1495 1609 Οὐδεμίαν
1513 1557 1611 1610 ἔχετε
1632 1557 1814 1596 δυσκολίαν
1836 1557 1906 1596 ἀπό
1923 1573 1961 1595 τε
1982 1561 2050 1595 τῶν
2066 1557 2132 1604 ἤδη
2152 1556 2343 1609 γεγενημέ-

1318 1635 1402 1667 νων,
1435 1619 1504 1658 ἀπό
1523 1635 1561 1656 τε
1581 1622 1643 1665 τῆς
1672 1617 1769 1662 ἀξίας
1795 1621 1878 1669 ἐμοῦ
1907 1622 1968 1656 τοῦ
1995 1618 2203 1669 πέμποντος.
2236 1616 2343 1656 1’Ἔν-

1317 1685 1427 1719 ταῦθα
1457 1680 1592 1734 ἐπαίρει
1624 1682 1734 1718 αὐτῶν
1753 1680 1816 1727 τὴν
1837 1680 1951 1732 ψυχὴν
1964 1711 1974 1728 ,
2003 1680 2063 1718 καὶ
2086 1679 2236 1717 δείκνυσι
2255 1679 2344 1717 πολὺ

1318 1742 1357 1781 τὸ
1379 1741 1575 1786 ἀξιόπιστον
1590 1772 1599 1790 ,
1632 1742 1664 1780 εἴ
1680 1758 1720 1793 γε
1742 1741 1898 1792 μέλλοιεν
1920 1743 2023 1779 αὐτοῦ
2042 1740 2081 1778 τὸ
2100 1740 2197 1793 ἔργον
2225 1739 2345 1778 ἀναδέ-

1318 1807 1454 1856 χεσθαι.
1495 1804 1565 1841 Καὶ
1598 1803 1714 1842 οὐκέτι
1746 1802 1968 1854 παράκλησις
1999 1802 2084 1855 πρὸς
2108 1801 2166 1840 τὸν
2198 1802 2344 1855 Πατέρα

1318 1865 1474 1917 γίνεται,
1504 1864 1583 1903 ἀλλ’
1611 1864 1772 1916 αὐθεντία
1805 1864 1943 1902 δίδωσιν
1966 1866 2080 1907 αὐτοῖς
2099 1862 2162 1909 τὴν
2183 1862 2342 1914 δύναμιν.

1320 1926 1539 1978 Ἐνεφύσησε
1565 1927 1656 1978 γὰρ,
1687 1926 1744 1964 καὶ
1768 1919 1861 1964 εἶπε·
1894 1924 2030 1962 Affers
2058 1926 2206 1975 Πνεῦμα
2235 1923 2343 1975 ἅγιον.

1318 1983 1385 2027 ῗΩν
1404 1992 1516 2040 ἀφῆτε
1534 1988 1595 2032 τὰς
1617 1987 1802 2040 ἁμαρτίας,
1823 1987 2009 2039 ἀφέωνται,
2030 1985 2089 2024 καὶ
2109 1979 2157 2022 ὧν
2177 1988 2343 2037 κρατῆτε,

1319 2050 1566 2103 κεκράτηνται.
1602 2049 1770 2100 Καθάπερ
1803 2048 1869 2100 γάρ
1902 2064 1954 2091 τις
1984 2045 2145 2099 βασιλεὺς
2174 2046 2345 2098 ἄρχοντας

1319 2111 1559 2159 ἀποστέλλων,
1576 2110 1754 2154 ρἐξουσίαν
1769 2111 1817 2152 εἷς
1832 2109 2070 2161 δεσμωτήριον
2086 2108 2144 2146 καὶ
2162 2106 2341 2158 ἔμὸαλεῖν,

1318 2173 1376 2210 καὶ
1409 2172 1546 2224 ἀφιέναι
1576 2171 1732 2209 δίδωσιν·
1759 2169 1849 2208 οὕτω
1881 2169 1939 2207 καὶ
1965 2168 2106 2212 τούτους
2137 2167 2341 2218 ἐκπέμπων,

1273 2249 1296 2277 Ε
1318 2233 1427 2284 ταύτῃ
1448 2232 1653 2284 περιὸάλλει
1672 2234 1714 2282 τῇ
1739 2231 1896 2281 δυνάμει.
1929 2232 2013 2272 Πῶς
2031 2224 2087 2267 οῦν
2108 2244 2231 2280 φησιν·
2256 2226 2341 2265 Ἐὰν

1322 2295 1369 2346 μὴ
1394 2294 1551 2340 ἀπέλθω,
1578 2294 1706 2335 ἐκεῖνος
1734 2294 1771 2329 οὐ
1800 2291 1848 2342 μὴ
1868 2290 1949 2342 ἔλθῃ
1963 2321 1971 2337 ,
1994 2290 2052 2328 καὶ
2073 2290 2112 2336 δὴ
2135 2290 2174 2329 τὸ
2193 2290 2339 2339 Πνεῦμα

1322 2355 1465 2402 δίδωσι;
1484 2354 1586 2397 Τίνες
1606 2353 1668 2404 μέν
1695 2369 1823 2405 φασιν,
1844 2351 1896 2390 ὅτι
1915 2353 1953 2389 οὔ
1974 2351 2013 2389 τὸ
2032 2353 2179 2401 Πνεῦμα
2200 2350 2341 2397 ἔδωκεν,

1322 2416 1399 2454 ἀλλ’
1431 2414 1646 2460 ἐπιτηδείους
1668 2413 1791 2456 αὐτοὺς
1810 2413 1895 2466 πρὸς
1917 2412 2093 2464 ὑποδοχὴν
2119 2412 2163 2449 δι’
2185 2410 2342 2463 ἐμφυσή-

1323 2492 1430 2527 ματος
1449 2475 1699 2521 ακατέστησεν.
1736 2475 1779 2513 Εἰ
1804 2474 1870 2527 γὰρ
1900 2475 2044 2526 ἄγγελον
2069 2472 2150 2510 ἰδὼν
2169 2475 2187 2510 ὁ
2206 2471 2342 2518 Δανιὴλ

1321 2537 1464 2584 ἐξέστη,
1491 2535 1525 2573 τί
1548 2536 1611 2582 τὴν
1642 2536 1837 2588 ἀπόρρητον
1863 2536 1965 2588 χάριν
1987 2533 2121 2580 ἐκείνην
2163 2532 2343 2585 δεχόμενοι

1321 2600 1383 2636 οὐκ
1400 2597 1439 2634 ἂν
1457 2597 1595 2642 ἔπαθον,
1617 2599 1646 2634 εἰ
1665 2597 1714 2648 μὴ
1736 2596 1894 2647 μαθητὰς
1914 2595 2037 2638 αὐτοὺς
2052 2595 2218 2648 πρότερον
2239 2609 2343 2632 κατε-

1323 2659 1470 2697 σκεύασε
1488 2676 1496 2705 3
1518 2659 1586 2696 Διὰ
1605 2662 1706 2697 τοῦτο
1721 2660 1783 2696 οὐκ
1799 2652 1886 2704 εἷπε,
1906 2657 2024 2710 φησὶν,
2040 2657 2181 2694 {Mete
2197 2658 2344 2707 Πνεῦμα

269 2731 377 2780 (lixit7
400 2728 611 2780 Acc(¹pistis;
641 2727 715 2777 scd7
739 2726 918 2776 Accipite
941 2724 1123 2775 Spirilwn
1153 2737 1248 2760 san—
1263 2749 1310 2773 517
1324 2721 1440 2771 ἅγιον·
1472 2719 1573 2766 ἀλλὰ,
1595 2718 1732 2756 Λάὸετε
1754 2721 1899 2769 Πνεῦμα
1919 2719 2028 2770 ἅγιον.
2068 2719 2145 2755 Οὐκ
2172 2716 2211 2754 ἂν
2237 2716 2275 2755 δέ
2293 2732 2345 2759 τις

269 2801 384 2830 ellan.
403 2792 604 2827 Neci-‘nucu
631 2786 847 2825 aberraverit
877 2785 958 2836 quis
983 2784 1012 2821 si
1041 2783 1137 2821 dieat
1173 2783 1251 2821 illos

272 2863 354 2890 tuuc
375 2851 548 2903 accepisse
571 2858 775 2901 potestatem
803 2846 996 2898 quamdam
1029 2845 1249 2898 spiritualem

271 2925 304 2953 et
323 2914 471 2966 gratiam
481 2928 491 2961 ;
515 2911 575 2949 sed
595 2926 661 2948 nou
680 2911 728 2947 ita
746 2918 784 2946 ut
802 2918 957 2946 mortuos
971 2907 1194 2956 suscitarent,
1218 2915 1252 2944 et

271 2977 420 3015 virtutes
441 2976 606 3017 facerent,
626 2972 686 3009 sed
707 2981 743 3008 ut
766 2980 906 3022 peccata
933 2969 1150 3007 dimitterent
1170 2984 1177 3005 ε
1194 2968 1250 3006 di-

313 3118 323 3127 ·
349 3116 423 3157 [Ita
439 3111 540 3146 Savil.
558 3119 592 3142 et
605 3109 718 3142 Morel.
740 3116 866 3154 Πρώτην
882 3114 980 3153 χαράν
996 3107 1114 3140 Montf.
1135 3116 1167 3140 et
1183 3107 1268 3140 Cod.

269 3170 352 3203 7093
384 3173 504 3211 πρώτην
524 3170 577 3202 τὴν
594 3168 670 3206 ἀράν
686 3159 771 3193 Cod.
788 3161 863 3191 705.
883 3159 1010 3198 Verbis,
1028 3168 1091 3196 ταῖς
1115 3162 1144 3191 δὲ
1161 3164 1271 3200 γυναιξὶ

268 3226 378 3265 χαράν,
408 3217 541 3258 respicit
564 3213 682 3246 Matth.
712 3212 764 3243 28.
796 3214 826 3242 9.
857 3209 925 3242 cfr.
945 3212 1017 3242 Ine.
1037 3212 1069 3241 iu
1083 3210 1207 3242 Pascha
1224 3212 1269 3242 VI

268 3274 355 3304 iuter
374 3271 471 3311 Spur.
485 3267 578 3309 liujus
595 3266 705 3303 Tomi,
722 3276 754 3306 p.
776 3265 850 3304 275,
868 3263 922 3303 C.]

312 3327 328 3353 b
354 3324 363 3363 [
385 3324 434 3353 lta
452 3319 535 3352 Cod.
555 3319 630 3351 705.
652 3315 865 3349 ‚addebantur
890 3321 963 3355 post
981 3319 1148 3356 πέμποντος
1173 3313 1270 3346 xerba

269 3382 309 3411 διὸ
328 3391 419 3420 μανι,
439 3386 508 3417 quae
522 3370 662 3405 Savilius
681 3370 770 3402 uncis
787 3365 948 3410 inclusit.]

1276 2787 1301 2815 Α
1325 2780 1474 2832 ἁμάρτοι
1508 2779 1566 2817 καὶ
1592 2779 1670 2817 τότε
1695 2779 1871 2831 εἰληφέναι
1898 2778 2020 2821 αὐτοὺς
2048 2778 2157 2829 λέγων
2187 2776 2342 2821 ἐξουσίαν

1323 2840 1399 2878 τινὰ
1423 2839 1662 2889 πνευματικὴν
1687 2839 1746 2877 καὶ
1766 2839 1888 2891 χάριν·
1910 2839 1988 2877 ἀλλ’
2008 2840 2074 2890 οὐχ
2093 2838 2183 2876 ὥστε
2203 2837 2343 2889 νεκροὺς

1323 2901 1466 2954 ἐγείρειν
1483 2901 1541 2938 καὶ
1555 2900 1716 2951 δυνάμεις
1731 2907 1857 2949 ποιεῖν,
1876 2901 1953 2938 ἀλλ’
1971 2899 2061 2938 ὥστε
2078 2901 2215 2951 ἀφεῖναι
2229 2900 2342 2951 ἁμαρ-

1323 2967 1482 3019 τήματα·
1504 2967 1652 3019 διάφορα
1677 2966 1743 3018 γὰρ
1763 2966 1806 3003 τὰ
1824 2966 2028 3018 χαρίσματα
2043 2969 2102 3004 τοῦ
2123 2966 2340 3016 Πνεύματος.

1379 3126 1392 3140 e
1417 3108 1506 3149 [125³
1525 3105 1615 3149 quod
1632 3103 1802 3147 legebatur
1824 3113 1900 3137 ante
1918 3111 2057 3148 ἐξουσίαν,
2076 3104 2266 3138 auctoribus
2282 3106 2343 3138 Sa-

1341 3158 1417 3192 vilio
1433 3166 1466 3190 et
1478 3157 1562 3190 Cod.
1572 3159 1648 3199 709,
1659 3164 1735 3189 ante
1750 3161 1889 3199 ἐμὸαλεῐν
1904 3158 2175 3199 transposuimus.
2185 3156 2269 3189 Cod.
2281 3158 2345 3189 705

1339 3212 1384 3242 ita
1403 3210 1501 3242 habet
1519 3209 1605 3241 hunc
1620 3209 1730 3241 locum
1748 3214 1903 3254 ῖκαθάπερ
1917 3225 2043 3247 τις......
2055 3213 2256 3251 ἀποστέλλων,
2267 3214 2344 3248 ἐξοιν

1340 3269 1402 3297 aiau
1421 3268 1494 3306 ἔχων
1509 3267 1556 3296 καὶ
1572 3267 1623 3295 τοῦ
1639 3267 1752 3306 ἀφεῖναι
1769 3266 1817 3296 καὶ
1834 3266 1885 3296 τοῦ
1900 3265 2037 3305 §pexam
2054 3267 2092 3300 εἰς
2106 3265 2190 3304 δεσμ.
2206 3263 2346 3303 δέδωσιν-]

1385 3315 1399 3338 ‘¹
1427 3312 1484 3345 Alli
1503 3316 1722 3347 κατεσκεύασεν.
