2481 3678
67 1066 76 1083 1
87 1078 92 1084 .
108 1057 184 1093 Reg.
199 1055 247 1095 24.

264 221 354 266 228
719 233 756 264 5.
793 232 981 264 1011111115
1016 230 1259 265 euarsos'r.
1298 230 1503 264 AnemEP.
1543 229 1903 263 consummor.

264 326 354 363 inter
368 333 521 364 veterem
536 330 569 362 et
584 336 712 361 novam
726 322 840 373 legem
855 335 928 359 6556
943 321 1172 369 affinitatem,
1200 319 1246 358 si-

263 386 408 436 mulque
426 384 543 422 omnia
560 383 727 435 perhanc
747 382 952 434 parabolam
967 382 1090 420 efficit.
1109 380 1245 420 Memi—

263 446 316 484 nit
329 455 446 483 autem
466 443 644 496 proverbii
662 442 862 494 cujusdam,
883 441 979 492 quod
994 442 1028 479 in
1048 442 1245 480 multorum

262 520 322 544 ore
345 506 530 543 serebatur.
552 506 615 541 57.
635 506 684 540 In
703 504 774 540 hoc
794 504 911 547 enim,
934 501 1063 552 inquit,
1083 509 1139 540 est
1158 516 1245 540 ver-

265 570 352 605 bum
368 580 502 603 ‘verum
525 581 535 600 .-
557 567 648 616 quia
665 564 766 600 alins
786 571 841 599 est
862 565 928 614 qui
946 564 1125 608 seminat,
1143 563 1245 601 alius

264 637 319 665 est
339 630 404 678 qui
421 629 541 663 metit.
564 625 649 662 Ilaec
672 633 789 661 autem
817 622 981 661 dicebant
1006 622 1130 672 multi,
1149 624 1245 660 Num

264 688 323 726 alii
342 688 480 724 labores
498 687 648 733 ferrent,
674 685 736 722 alii
761 685 898 722 fruetus
927 682 1175 736 decerperent?
1191 683 1245 722 di-

264 749 379 800 citque
396 764 403 785 :
420 747 488 785 Hie
517 760 629 784 sermo
645 747 720 798 jam
738 760 844 785 verus
863 754 912 783 est
935 761 941 781 :
962 745 1143 797 prophetae
1167 745 1246 796 qui-

1262 780 1308 803 ’198
1325 785 1330 796 ¹

1319 318 1480 370 βούλεται
1499 319 1759 357 κατασκευάσαι
1775 318 1831 357 διὰ
1845 318 1988 366 τούτων,
2003 316 2055 355 ὅτι
2076 318 2133 356 καὶ
2150 319 2335 370 προφητῶν

1320 379 1455 430 θέλημα
1479 379 1580 418 τοῦτό
1609 382 1700 428 ἐστι,
1719 380 1758 418 τὸ
1777 379 1854 430 ἐμοὶ
1880 378 1957 422 τοὺς
1977 378 2175 431 ἀνθρώπους
2193 381 2339 430 προσελ-

1321 445 1402 479 Οεῖν.
1424 442 1456 478 T
1459 445 1537 479 οῧτο
1559 440 1618 478 καὶ
1639 443 1656 478 ὃ
1675 441 1777 490 νόμος
1796 439 2055 484 κατεσκεύαζεν.
2075 439 2142 477 Διὰ
2160 443 2261 477 τοῦτο
2280 439 2338 477 καὶ

1322 502 1495 551 ἔσπειραν,
1523 501 1601 539 ἀῗνα
1622 505 1738 539 τοῦτον
1767 501 1894 539 τέκωσι
1921 499 1979 538 τὸν
2007 499 2153 551 καρπόν.
2177 499 2339 538 Δείκνυσι

1322 561 1357 600 δὲ
1381 562 1434 601 ὅτι
1460 561 1638 605 κάκείνους
1665 562 1762 605 αὐτὸς
1789 561 1990 608 ἀπέστειλε,
2016 560 2076 598 καὶ
2100 560 2152 598 ὅτι
2180 559 2293 607 πολλὴ
2315 564 2337 607 ἦ

1322 623 1502 676 συγγένεια
1528 627 1569 675 τῇ
1598 625 1712 674 Καινῆ
1736 623 1822 675 πρὸς
1843 621 1905 669 τὴν
1934 621 2112 670 Παλαιὰν,
2143 621 2201 659 καὶ
2226 621 2342 659 πάντα

1322 689 1406 734 ὁμοῦ
1432 684 1487 723 διὰ
1515 688 1575 731 τῆς
1600 684 1806 735 παραδολῆς
1827 682 1955 730 ταύτης
1980 682 2242 726 κατασκευάζει.
2268 681 2341 720 Μέ-

1325 762 1452 793 μνηται
1487 745 1522 784 δὲ
1551 745 1610 783 καὶ
1647 745 1749 796 λόγου
1784 743 2040 796 παροιμιώδους
2069 743 2340 795 περιφερομένου

262 810 343 848 dem
358 809 581 855 laborarunt,
599 822 661 845 vos
680 816 797 844 autem
816 806 980 843 laborum
999 806 1158 858 ipsorum
1172 807 1246 844 fru-
1275 817 1299 844 A
1323 805 1419 858 παρὰ
1439 808 1588 844 πολλῶν.
1607 806 1668 844 Ἐν
1692 805 1760 857 γὰρ
1779 805 1889 856 τούτῳ
1901 834 1910 851 ,
1931 804 2046 856 φησὶν,
2065 807 2083 842 ὃ
2097 804 2197 853 λόγος
2215 804 2306 843 ἐστὶν
2323 806 2340 841 ὁ

263 882 359 909 6111111
393 869 590 921 decerpitis.
623 870 701 907 Non
729 868 836 917 dixit,
868 867 1064 905 mercedem
1098 883 1105 903 ε
1135 881 1246 919 neque

263 932 356 970 enim
376 931 431 969 illi
450 931 523 969 sine
545 930 704 968 mercede
722 938 861 967 tantum
878 943 1060 981 suscepere
1074 928 1245 979 laborem,

264 992 339 1043 sed,
371 993 538 1030 fructum.
566 991 642 1028 Hoc
661 1000 693 1028 et
714 989 840 1027 Daniel
865 989 966 1038 fecit;
995 989 1068 1041 ipse
1096 1004 1248 1040 namque

264 1053 495 1106 proverbium
515 1052 583 1090 hoc
609 1059 858 1090 commemorat
878 1065 886 1085 ε
904 1050 1015 1087 Exiit
1034 1052 1084 1087 ab
1104 1054 1247 1102 iniquis

263 1115 399 1152 scelus.
444 1112 561 1151 David
597 1125 736 1162 quoque
772 1110 888 1150 flendo
922 1110 1031 1161 hujus
1066 1110 1247 1162 proverbii

263 1174 435 1213 meminit.
461 1173 545 1211 Ideo
568 1173 644 1224 jam
667 1171 767 1223 prius
790 1171 929 1208 dixerat
950 1186 958 1206 :
982 1172 1033 1208 Ut
1052 1179 1088 1208 et
1105 1174 1173 1223 qui
1190 1185 1246 1210 se—

264 1238 385 1273 minat
406 1234 522 1272 simul
544 1233 727 1284 gaudeat,
751 1240 786 1268 et
809 1233 874 1281 qui
894 1233 1014 1267 metit.
1040 1231 1136 1278 Quia
1153 1231 1247 1269 enim

261 1296 421 1333 dicturus
443 1303 515 1332 crat
538 1293 651 1332 alium
673 1292 951 1340 seminaturum,
970 1290 1083 1329 alium
1106 1305 1245 1329 messu-

263 1372 341 1395 rum
370 1371 466 1403 esse,
490 1370 533 1394 ne
563 1354 663 1405 quis,
695 1363 732 1391 ut
759 1352 856 1403 dixi,
886 1360 1024 1404 putaret
1056 1352 1248 1405 prophetas

263 1418 422 1458 mercede
441 1417 575 1470 privari
591 1430 670 1464 sua,
689 1429 820 1454 novum
839 1413 1024 1466 quidpiam
1039 1422 1072 1451 et
1086 1413 1248 1466 inexspe-

263 1490 396 1519 ctatum
419 1478 506 1516 dicit
516 1493 527 1528 ,
543 1477 639 1528 quod
660 1477 696 1514 in
715 1476 821 1515 rebus
851 1473 1041 1514 sensilibus
1060 1488 1130 1512 non
1149 1475 1247 1512 aeci-

263 1543 342 1591 dat,
365 1540 424 1579 sed
444 1540 479 1577 in
496 1538 741 1592 spiritualibus
768 1536 941 1575 eximium
969 1536 1024 1574 sit.
1043 1536 1084 1573 In
1104 1535 1246 1574 sensili-
1274 1545 1297 1574 Β

263 1603 331 1640 11115
347 1602 440 1640 6111111
456 1601 484 1638 51
500 1600 679 1650 contingat
705 1598 816 1635 alium
829 1610 956 1646 serere,
974 1595 1085 1634 alium
1100 1605 1247 1647 metere,

265 1678 334 1702 non
358 1678 425 1701 una
454 1661 625 1713 gaudent,
647 1660 708 1698 sed
725 1659 820 1697 dolet
837 1658 866 1696 is
885 1658 944 1708 qui
963 1657 1170 1709 seminavit,
1185 1668 1246 1697 ut-

266 1736 345 1778 pote
359 1725 419 1777 qui
435 1724 535 1763 alteri
550 1721 784 1771 laboraverit3
803 1719 958 1772 gaudent
971 1733 1055 1759 vero
1071 1720 1098 1757 ii
1112 1729 1249 1759 tantum

264 1788 325 1838 qui
346 1796 492 1825 metunt.
510 1785 577 1822 Hie
597 1793 713 1822 autem
743 1796 812 1820 non
840 1782 906 1831 ita,
927 1781 986 1818 sed
1004 1781 1066 1831 qui
1087 1795 1155 1819 non
1176 1797 1248 1820 me-

264 1858 342 1886 tunt
372 1862 410 1886 ea
447 1861 524 1897 quae
557 1845 792 1893 seminarunt,
815 1856 884 1880 una
920 1856 1002 1880 cum
1035 1843 1249 1881 metentibus

265 1908 435 1960 gaudent3
451 1906 545 1944 unde
557 1905 675 1958 palam
692 1912 742 1942 est
757 1917 816 1942 eos
831 1901 1003 1941 mercedis
1017 1916 1091 1940 esse
1106 1917 1145 1940 60
1152 1917 1248 1941 nsor-

265 1980 326 2007 tes.
343 1969 405 2007 58.
427 1970 511 2020 Ego
527 1969 613 2005 misi
633 1980 702 2003 vos
724 1973 862 2002 metere
881 1964 985 2016 quod
1001 1977 1072 2001 vos
1091 1978 1169 2001 non,
1189 1964 1248 2001 Ζα-

267 2033 430 2069 horastis
454 2046 462 2066 :
483 2029 554 2066 alii
581 2029 823 2072 laborarunt,
849 2034 884 2063 et
909 2039 980 2063 vos
1010 2027 1052 2061 in
1078 2025 1249 2063 laborem

266 2105 395 2129 eorum
415 2092 600 2128 intrastis.
624 2088 700 2126 Hoc
715 2096 816 2139 pacto
832 2086 913 2123 illos
928 2085 1054 2123 melius
1075 2085 1247 2123 hortatur.

266 2153 360 2201 Quia
375 2151 466 2189 enim
480 2148 699 2187 laboriosum
715 2147 901 2186 videbatur
915 2160 988 2183 esse
1000 2155 1114 2184 totum
1126 2146 1250 2184 orbem

264 2226 450 2265 peragrare
469 2221 500 2249 et
519 2209 732 2263 praedicare,
753 2221 826 2244 rem
842 2220 914 2244 esse
929 2206 1069 2244 facilem
1083 2206 1247 2244 ostendit.

265 2276 357 2312 Nam
378 2271 696 2317 110613110110511111,
715 2268 782 2305 1106
802 2267 905 2304 multi
927 2266 1067 2304 sudoris
1086 2275 1178 2315 erat,
1197 2281 1250 2304 se·
1278 2269 1301 2298 C

266 2336 361 2374 mina
373 2336 506 2386 jacere,
527 2340 560 2370 ct
580 2330 736 2369 animam
757 2342 826 2366 non
850 2327 1026 2366 initiatam
1044 2326 1089 2364 ad
1108 2327 1175 2366 Dei
1193 2341 1250 2364 60-

267 2396 459 2448 gnitionem
473 2392 658 2431 deducere.
677 2391 749 2428 Cur
763 2398 881 2426 autem
904 2388 982 2426 haec
999 2388 1181 2438 loquitur?
1202 2390 1251 2426 Ut

268 2473 349 2496 611111
370 2457 523 2494 mitteret
537 2468 593 2492 eos
615 2451 660 2490 ad
678 2450 964 2503 praedicandum,
980 2463 1049 2487 non
1066 2450 1251 2487 turbaren-

270 2534 327 2563 tur
337 2549 347 2568 ,
362 2517 463 2569 quasi
477 2515 521 2553 ad
541 2528 614 2552 rem
632 2511 845 2550 laboriosam
864 2510 974 2549 missi.
991 2511 1250 2562 Prophetarum

313 2644 329 2668 d
347 2641 492 2683 Quidam
509 2641 583 2673 Mss.
595 2646 640 2674 ἵνα
656 2644 764 2684 τούτῳ.

313 2706 327 2719 a
345 2693 405 2726 Alii
423 2701 468 2726 νῦν
482 2697 530 2726 οὐκ
552 2696 622 2727 εἶπε.
641 2691 743 2724 Panlo
760 2698 836 2734 post
861 2695 948 2725 τοῦτο
970 2695 1018 2724 καὶ
1033 2693 1152 2728 Δανιήλ-
1176 2687 1275 2722 Savil.

277 2748 345 2780 lnaec
362 2753 458 2779 notat
477 2757 482 2774 :
502 2744 585 2775 Iloec
601 2744 701 2777 verba
718 2755 820 2786 usque
834 2743 880 2774 ad
894 2746 941 2777 διὰ
955 2747 1055 2783 τοῦτο,
1075 2742 1165 2773 olent
1189 2741 1278 2785 glos-

272 2811 359 2830 sema
377 2815 382 2831 :
403 2798 493 2841 (szcl
517 2798 546 2827 si
568 2796 739 2827 rellnencla
762 2803 847 2834 smil,
879 2802 912 2826 ul
937 2806 976 2825 ea
1004 2796 1121 2826 relinet
1144 2801 1279 2837 uterque

275 2851 391 2882 Codes
409 2855 530 2885 noster,
544 2858 604 2888 pro
629 2850 736 2883 Δανιήλ
766 2846 941 2888 Iegendmn
968 2853 1016 2876 est
1040 2849 1145 2886 Δαυίό,
1164 2852 1195 2876 et
1219 2856 1280 2888 pro

272 2904 358 2934 Δαυίῦ
377 2899 461 2941 [11116
487 2896 661 2940 legendwn
686 2896 743 2926 vel
765 2901 869 2934 Δανιὴλ
894 2896 953 2927 vel
967 2895 1127 2942 ἱερεμέας,
1141 2896 1201 2928 sed
1221 2908 1279 2926 ng..

273 2953 352 2984 scio.
387 2952 558 2981 Hactenus
593 2946 745 2979 Saxilius.
763 2947 828 2978 Sed
846 2947 914 2978 liaec
937 2959 1004 2979 non
1023 2959 1090 2979 esse
1118 2946 1279 2989 glossema

273 3002 417 3045 probant
441 3011 554 3033 omnes
579 2999 655 3030 Mss.
676 2999 800 3036 nostri,
822 3005 889 3029 tum
904 3000 1004 3030 etiam
1032 2998 1206 3039 Saviliaui,
1225 2999 1281 3041 qni

271 3055 340 3086 liaec
363 3052 512 3086 similiter
532 3050 676 3089 liabent,
693 3057 726 3080 et
748 3048 884 3081 omnino
902 3049 1070 3092 quadrant
1085 3051 1128 3083 ad
1151 3049 1279 3082 seriem.

270 3106 451 3147 Postquam
477 3101 563 3135 enim
589 3100 736 3142 dixerat,
767 3105 905 3134 ἐπόνεσαυ
923 3106 977 3144 μὲν
1003 3109 1060 3147 γὰρ
1078 3108 1280 3148 οὶπρορῆται,

270 3157 481 3188 Laba-arunt
506 3155 593 3185 enim
603 3151 785 3196 prophelae,
805 3150 848 3183 ad
868 3152 1015 3194 exempla
1033 3165 1108 3185 mox
1126 3156 1224 3193 venit,
1245 3163 1276 3186 61

270 3209 378 3249 primo
404 3205 572 3239 Danielem
600 3204 942 3244 commemorat-‚imo
968 3206 1077 3246 potins
1100 3206 1279 3245 DavIdem3

271 3271 347 3292 nam
365 3259 418 3290 1116
443 3258 612 3290 Danielem
631 3263 711 3298 puto
732 3253 890 3288 mendose
916 3266 976 3297 pro
994 3256 1119 3287 Davide
1137 3256 1281 3298 positum

271 3323 287 3341 a
306 3309 458 3342 librariis.
477 3309 646 3351 Siquidem
664 3306 878 3349 proverbium
906 3305 986 3339 illud
1003 3335 1010 3347 ‚
1028 3311 1148 3347 ἐξῆλθεν
1162 3313 1193 3346 ἐξ
1214 3315 1282 3341 ἀνό-

271 3378 334 3404 μων
360 3366 562 3404 πλημμέλεια,
591 3359 632 3391 al)
669 3370 734 3392 uno
757 3357 881 3391 Daxide
915 3358 1080 3400 prolatum
1109 3360 1235 3400 rapt-rio
1268 3362 1275 3388 l

1323 866 1471 915 ἀληθὴς,
1493 866 1545 905 ὅτι
1564 867 1666 909 ἄλλος
1686 866 1777 904 ἐστὶν
1797 868 1814 902 ὃ
1834 864 2000 918 σπείρων,
2025 863 2084 903 καὶ
2100 864 2203 908 ἄλλος
2218 867 2235 902 ὃ
2249 863 2342 916 θερί-

1323 930 1402 971 ζων.
1429 929 1553 966 Ταῧτα
1577 926 1611 965 δὲ
1634 926 1749 979 ἔλεγον
1780 929 1810 964 οἳ
1838 924 1981 971 πολλοὶ,
2008 925 2122 964 εἴποτε
2148 925 2246 963 ἄλλοι
2280 924 2341 976 μὲν

1322 988 1398 1032 τοὺς
1420 988 1542 1031 πόνους
1569 989 1780 1036 ὑπέστησαν,
1808 987 1907 1025 ἄλλοι
1924 986 1960 1025 δὲ
1978 985 2056 1031 τοὺς
2081 985 2234 1039 καρποὺς
2253 986 2344 1038 ἑδρέ-

1324 1065 1447 1087 ποντο·
1476 1048 1534 1087 καὶ
1553 1049 1663 1101 λέγει,
1680 1049 1732 1087 ὅτι
1758 1042 1854 1092 οὗτος
1873 1052 1890 1086 ὑ
1907 1048 2006 1100 λόγος
2024 1049 2169 1086 ἐνταῦθα
2189 1047 2344 1098 μάλιστα

1323 1109 1385 1156 τὴν
1408 1110 1570 1156 ἀλήθειαν
1594 1109 1678 1161 ἔχει.
1698 1108 1898 1156 Ἔπόνησαν
1921 1108 1983 1158 μὲν
2005 1109 2072 1162 γὰρ
2091 1111 2122 1147 οἱ
2141 1110 2317 1161 προφῆται
2334 1138 2343 1154 ,

1325 1172 1420 1220 ὑμεῖς
1444 1170 1478 1209 δὲ
1509 1170 1586 1213 τοὺς
1611 1169 1763 1220 καρποὺς
1789 1169 1867 1212 τοὺς
1895 1173 1933 1208 ἐκ
1960 1172 2027 1207 τῶν
2059 1169 2195 1207 ἐκείνων
2230 1168 2344 1207 πόνων

1325 1233 1472 1280 ἀμᾶσθε.
1491 1235 1505 1251 '¹
1520 1230 1591 1269 Καὶ
1610 1232 1672 1268 οὐκ
1690 1223 1764 1268 εἶπε
1779 1260 1788 1278 ,
1807 1229 1884 1272 τοὺς
1903 1228 2060 1279 μισθούς·
2080 1229 2238 1282 οὐδὲγὰρ
2258 1230 2345 1268 ἐκεί-

1323 1307 1392 1335 νοις
1406 1292 1551 1342 ἄμισθος
1565 1294 1582 1329 ὅ
1598 1289 1702 1335 πολὺς
1713 1291 1840 1334 ἐκεῖνος
1851 1290 1963 1334 πόνος·
1975 1289 2077 1338 ἀλλὰ,
2090 1289 2167 1334 τοὺς
2178 1290 2343 1341 καρπούς.

1323 1353 1436 1390 Τοῦτο
1451 1351 1510 1390 καὶ
1523 1351 1656 1399 Δανιὴλ
1676 1350 1829 1397 ἐποίησε.
1850 1350 1921 1389 Καὶ
1936 1350 2002 1402 γὰρ
2021 1350 2081 1389 καὶ
2101 1350 2201 1394 αὐτὸς
2221 1365 2344 1403 παροι-

1325 1412 1405 1463 μίας
1425 1412 1600 1463 μέμνηται
1625 1411 1810 1464 λεγούσης·
1832 1410 1999 1457 Ἔξῆλθεν
2017 1410 2050 1455 ἐξ
2066 1410 2201 1462 ἀνόμων
2226 1412 2346 1463 πλημ-

1325 1473 1462 1523 μέλεια.
1484 1473 1552 1511 Καὶ
1572 1477 1590 1511 ὃ
1612 1473 1721 1512 Δαυὶδ
1741 1474 1775 1510 ἐν
1794 1474 1843 1523 τῷ
1864 1476 1997 1524 θρηνεῖν
2027 1471 2202 1522 μέμνηται
2233 1472 2347 1510 τοιαύ-

1324 1549 1385 1581 της
1400 1532 1604 1586 παροιμίας.
1623 1533 1691 1571 Διὰ
1708 1537 1810 1571 τοῦτο
1828 1532 2016 1584 προλαὸὼν
2039 1526 2114 1571 εἶπε
2126 1563 2136 1581 ,
2155 1531 2234 1570 Ἵνα
2251 1533 2310 1572 καὶ
2330 1537 2347 1571 ὁ

1324 1594 1474 1646 σπείρων
1489 1598 1574 1645 ὁμοῦ
1589 1594 1697 1647 χαίρῃ
1715 1594 1772 1632 καὶ
1787 1597 1804 1632 ὃ
1820 1592 1974 1647 θερίζων.
1997 1593 2144 1641 Ἐπειδὴ
2161 1593 2229 1647 γὰρ
2248 1593 2347 1646 ἔμελ-

1324 1659 1360 1694 λε
1389 1655 1500 1706 λέγειν
1522 1655 1574 1693 ὅτι
1595 1655 1698 1699 ἄλλος
1717 1654 1877 1706 ἔσπειρε,
1907 1654 1964 1692 καὶ
1992 1654 2095 1698 ἄλλος
2116 1654 2264 1706 θερίζει,
2291 1653 2348 1692 ἵνα

1326 1716 1374 1767 μή
1404 1732 1471 1762 τις,
1493 1716 1577 1768 ὅπερ
1602 1715 1700 1768 ἔφην,
1721 1718 1978 1766 ἀπεστερῆσθαι
1996 1713 2072 1757 τοὺς
2091 1714 2271 1767 προφήτας
2293 1730 2349 1752 νο-

1326 1776 1411 1829 μίσῃ
1430 1782 1489 1815 τοῦ
1509 1780 1649 1828 μισθοῦ,
1673 1775 1763 1820 ξένον
1788 1791 1822 1812 τι
1846 1775 1940 1826 λέγει
1968 1774 2028 1813 καὶ
2052 1774 2262 1828 παράδοξον,
2288 1774 2349 1814 καὶ

1324 1843 1394 1882 τοῖς
1409 1839 1582 1884 αἰσθητοῖς
1601 1838 1639 1876 οὖ
1658 1837 1859 1886 συμὸαῖνον,
1893 1834 1981 1873 ἀλλὰ
2007 1837 2075 1872 τῶν
2102 1836 2347 1886 πνευματικῶν

1325 1896 1495 1949 ἐξαίρετον
1514 1898 1562 1936 ὄν.
1579 1897 1640 1935 Ἔν
1666 1895 1727 1947 μὲν
1746 1895 1812 1948 γὰρ
1835 1901 1905 1938 τοῖς
1930 1894 2116 1946 πράγμασι
2135 1900 2206 1939 τοῖς
2225 1897 2349 1941 αἰσθη-

1325 1964 1395 2002 τοῖς
1417 1958 1474 1997 §riv
1504 1958 1620 2010 συμόῇ
1641 1958 1755 2009 ἕτερον
1787 1963 1929 2009 σπεῖραι
1961 1955 2021 1994 καὶ
2048 1955 2163 2008 ἕτερον
2194 1957 2347 2009 θερίσαι,

1326 2022 1390 2071 οἰχ
1417 2023 1502 2070 ὁμοῦ
1529 2018 1721 2071 χαίρουσιν,
1755 2017 1845 2056 ἀλλὰ
1873 2017 2035 2068 ἀλγοῦσιν
2065 2019 2095 2055 οἳ
2129 2016 2348 2070 σπείραντες,

1327 2081 1386 2118 ἅτε
1405 2080 1532 2132 ἑτέροις
1547 2079 1717 2129 καμόντες
1730 2110 1741 2128 ,
1755 2078 1917 2132 χαίρουσι
1932 2077 1968 2117 δὲ
1985 2079 2016 2115 οἳ
2034 2077 2222 2130 θερίζοντες
2238 2077 2347 2129 μόνοι.

1327 2141 1502 2178 Ἐνταῦθα
1526 2139 1560 2179 δὲ
1585 2142 1648 2192 οὐχ
1666 2138 1797 2188 οὕτως,
1829 2138 1919 2177 ἀλλὰ
1939 2138 1998 2177 καὶ
2024 2140 2054 2176 οἳ
2085 2139 2134 2190 μὴ
2163 2138 2349 2192 θερίζοντες

1329 2202 1416 2254 ἅπερ
1445 2201 1623 2253 ἕσπειραν,
1642 2201 1768 2252 ὁμοίως
1791 2206 1862 2243 τοῖς
1894 2202 2011 2251 ἀμῶσι
2039 2200 2241 2252 χαίρουσιν·
2272 2199 2349 2238 ὅθεν

1328 2263 1442 2308 δῆλον,
1470 2261 1524 2301 ὅτι
1553 2261 1611 2298 καὶ
1634 2261 1729 2299 αὐτοὶ
1755 2264 1957 2299 κοινωνοῦσι
1978 2263 2046 2298 τῶν
2081 2264 2225 2312 μισθῶν.
2253 2260 2351 2313 Ἐγὼ

1329 2322 1518 2360 ἀπέστειλα
1551 2323 1640 2371 ὑμᾶς
1669 2321 1851 2372 θερίζεινὸ
1879 2323 1943 2372 οὐχ
1974 2323 2070 2370 ὑμεῖς
2096 2321 2349 2360 κεκοπιάκατε·

1328 2383 1426 2421 ἄλλοι
1442 2382 1690 2428 κεκοπιάκασι,
1711 2381 1770 2420 καὶ
1783 2384 1882 2432 ὑμεῖς
1900 2383 1946 2425 εἷς
1959 2382 2017 2420 τὸν
2032 2381 2138 2420 κόπον
2152 2384 2262 2420 αὐτῶν
2284 2385 2351 2420 εἷσ-

1327 2443 1527 2491 εληλύθατε.
1553 2442 1676 2494 Ταύτῃ
1693 2443 1881 2496 προτρέπει
1902 2443 2032 2492 μᾶλλον
2053 2442 2186 2486 αὐτούς.
2203 2443 2349 2490 Ἐπειδὴ

1328 2504 1394 2556 γὰρ
1417 2503 1527 2542 ἐδόκει
1544 2503 1704 2542 ἐπίπονον
1725 2497 1811 2540 εἶναι
1831 2503 1869 2540 τὸ
1886 2509 2033 2554 πρᾶγμα
2048 2502 2086 2540 τὸ
2106 2502 2168 2549 τὴν
2189 2503 2348 2554 οἰκουμέ-

1344 2638 1423 2681 Reg.
1452 2640 1505 2679 24,
1526 2639 1577 2677 43,
1604 2636 1659 2668 ubi
1672 2635 1802 2668 Saulem
1819 2633 2001 2676 alloquens,
2018 2640 2050 2665 et
2063 2631 2104 2665 de
2130 2632 2257 2666 insidiis
2272 2645 2354 2666 eon*

1345 2697 1395 2721 tra
1421 2701 1454 2721 se
1471 2690 1606 2722 structis
1624 2698 1829 2730 conquerens
1841 2713 1848 2727 ‚
1867 2686 1990 2728 Deique
2004 2686 2165 2728 justitiam
2182 2685 2352 2728 appellans

1345 2741 1438 2783 dicit,
1455 2748 1550 2779 καθὼς
1573 2745 1687 2783 λέγεται
1700 2745 1718 2777 ἡ
1732 2742 1889 2784 παραὲολὴ
1907 2743 2020 2783 ἀρχαία
2034 2763 2041 2777 ,
2059 2741 2093 2776 ἐξ
2106 2743 2224 2780 ἀνόμων
2240 2741 2353 2777 ἐξελεύ-

1347 2809 1428 2828 σεται
1445 2797 1636 2836 πλημμέλεια
1648 2819 1654 2828 ,
1679 2791 1725 2823 Ut
1740 2792 1771 2822 in
1788 2789 2198 2832 ⁷1›etet-ifirtm·proverbio,
2214 2789 2272 2820 Ex
2291 2791 2353 2820 ini-

1346 2848 1423 2889 quis
1446 2846 1624 2888 egredietur
1647 2843 1766 2875 scelus.
1788 2844 1906 2884 Itaque
1928 2840 1991 2873 1106
2010 2841 2140 2873 nonnisi
2158 2840 2199 2872 de
2226 2839 2353 2874 Davide

1346 2895 1413 2928 dici
1428 2897 1549 2939 potuit.
1572 2896 1679 2938 Pergit
1696 2901 1805 2925 autem
1826 2908 1831 2927 2
1851 2899 1901 2926 ml
1918 2896 1932 2926 ὁ
1948 2895 2036 2926 Λαυίδ
2049 2897 2078 2925 ἐν
2101 2900 2141 2935 τῷ
2170 2897 2283 2938 θρηνεῖν
2298 2896 2354 2934 μέ-

1346 2964 1456 2991 μνηται
1475 2951 1611 2993 nomin-713
1635 2950 1809 2990 παροιμίας,
1829 2943 1947 2974 David
1968 2954 2099 2986 quoque
2117 2943 2230 2985 flendo
2256 2943 2354 2987 lllfslls

1344 2998 1505 3043 proverbii
1524 2999 1680 3030 meminit.
1699 2997 1745 3028 Ut
1765 2993 1934 3027 Danielem
1958 3005 2018 3035 pro
2038 2992 2163 3025 Davide
2179 3005 2275 3036 supra
2294 3005 2353 3036 po-

1348 3051 1447 3082 situm
1464 3057 1556 3091 puto,
1582 3050 1629 3080 ita
1649 3047 1703 3079 1116
1729 3043 1835 3078 David
1852 3056 1913 3086 pro
1935 3043 2070 3076 Daniele
2093 3045 2218 3086 positus
2235 3044 2327 3077 fuerit
2344 3057 2352 3086 ς

1350 3113 1424 3133 nam
1443 3109 1617 3143 postquam
1633 3110 1689 3142 per
1706 3105 1772 3130 tres
1791 3094 2019 3128 hebdomadas
2036 3095 2172 3128 fleverat
2187 3097 2354 3139 etjejuna-

1349 3160 1442 3185 verat
1462 3151 1597 3194 Daniel,
1616 3151 1684 3183 haec
1701 3157 1777 3191 post
1798 3147 1861 3179 alia
1884 3147 1988 3179 multa
2011 3146 2159 3187 audivit,
2176 3153 2223 3181 καὶ
2241 3154 2354 3189 ἀνομή-

1350 3221 1433 3239 σωσιν
1451 3210 1475 3238 οἱ
1491 3211 1596 3247 ἄνομοι
1609 3229 1616 3243 ‚
1632 3211 1662 3234 et
1678 3204 1791 3245 inique
1813 3208 1912 3243 agent
1936 3201 2055 3243 iniqui,
2074 3210 2147 3241 cap.
2168 3200 2219 3239 ⁴2,
2240 3201 2279 3230 40
2297 3211 2302 3229 :
2318 3199 2353 3231 id

1349 3255 1439 3299 qnod
1465 3254 1498 3288 in
1521 3254 1602 3287 illud
1627 3264 1725 3295 supra
1750 3251 1886 3283 allatum
1910 3249 2121 3292 prox'erbium
2148 3249 2278 3290 recidit,
2294 3250 2353 3282 Ex

1351 3310 1474 3351 iniquis
1492 3307 1676 3350 egredietur
1693 3303 1811 3336 scelus.
1832 3303 1952 3333 Verum
1977 3309 2095 3334 contra
2111 3302 2353 3343 Manuscripto«

1350 3370 1421 3390 rum
1440 3360 1587 3391 omnium
1602 3357 1833 3390 auctoritatem
1851 3352 1931 3385 1111111
1951 3361 2076 3385 mutare
2100 3354 2169 3385 ausi
2186 3364 2307 3385 sumus.
