2481 3678
761 232 802 262 IN
841 229 1047 260 JOANMtM
1086 224 1243 256 HOMlL.

107 319 196 359 κατὰ
216 323 282 358 τῶν
303 319 397 357 οὐδὲν
413 316 628 364 ἠδικηκότων
644 313 776 358 ὁπλίζει
797 314 856 351 καὶ
873 316 1037 364 ἐκθηριοῖ.
1057 309 1124 347 Καὶ

107 381 185 419 οὔτε
201 380 316 433 φιλίαν
335 373 422 418 οἶδεν
441 382 458 416 ὁ
474 377 583 429 τούτῳ
598 377 647 427 τῷ
662 374 836 425 νοσήματι
853 370 1063 426 περιπεσὼν,
1089 373 1125 408 οὐ

108 518 255 542 σταται·
277 500 366 539 ἀλλὰ
385 500 500 538 πάντα
521 498 590 536 ἀπὸ
610 501 671 543 τῆς
687 499 801 548 ψυχῆς
822 496 923 547 ῥίψας
953 493 998 531 τὰ
1016 491 1108 530 καλὰ
1121 523 1128 537 ,

107 564 193 617 πρὸς
211 563 344 605 πάντας
361 559 650 610 ἐκπεπολέμωται
662 588 671 605 ,
689 558 838 599 ἄστατος
850 586 859 603 ,
883 555 1048 607 ἅστοργος
1070 552 1128 590 ὤν,

110 624 180 663 Καὶ
198 625 238 662 τὸ
257 622 318 674 μὲν
338 626 399 668 τῆς
426 624 530 675 ὀργῆς
557 620 684 666 πάθος,
701 621 730 656 εἰ
750 618 809 656 καὶ
829 617 911 654 αὐτὸ
930 614 1130 668 τυραννικόν

108 685 142 723 τί
158 688 231 724 ἐστι
247 685 306 722 καὶ
327 683 510 738 ἀφόρητον,
534 683 610 720 ἀλλ’
632 682 693 718 οὐκ
714 680 767 718 ἀεὶ
791 679 976 730 διενοχλεῖν
1002 676 1132 722 εἴωθεν,

110 749 186 785 ἀλλ’
203 747 285 785 ὅταν
301 745 364 798 ἔχη
381 745 456 788 τοὺς
471 742 724 797 παροξύνοντας
742 741 844 792 μόνον
860 755 867 762 ·
883 740 921 777 τὸ
937 738 972 776 δὲ
997 741 1059 784 τῆς
1079 754 1132 775 κε-

108 807 260 852 νοδοξίας
280 807 488 853 διαπαντὸς,
508 806 567 843 καὶ
596 806 657 842 οὐκ
687 802 758 842 ἔστι
779 802 916 855 καιρὸς,
940 802 986 844 ὥς
1014 803 1134 847 εἰπεῖν,

109 870 142 905 ἐν
164 860 310 919 ᾧλῆξαι
331 865 536 911 δυνήσεται,
557 863 604 914 μὴ
630 865 798 913 λογισμοῦ
818 859 1007 902 κωλύοντος
1026 858 1132 904 αὐτὴν

109 927 168 965 καὶ
185 927 477 969 καταστέλλοντος
489 956 498 973 ,
518 926 593 963 ἀλλ’
612 924 665 962 ἀεὶ
680 922 860 975 πάρεστιν,
876 923 913 959 οὐ
932 919 1033 971 μόνον
1052 923 1133 957 ἀνα-

109 987 272 1026 πείθουσα
292 986 517 1039 ἁμαρτάνειν,
540 984 630 1024 ἀλλὰ
660 984 722 1022 κᾶν
755 982 916 1036 τύχωμέν
945 998 979 1019 τι
1011 997 1135 1033 κατορ-

110 1052 262 1095 θοῦντες,
285 1048 344 1086 καὶ
377 1051 478 1086 τοῦτο
511 1047 761 1100 ἀφαρπάζουσα
789 1048 857 1083 τῶν
891 1046 1032 1096 χειρῶν,
1061 1043 1134 1081 ἔστι

110 1109 145 1147 δὲ
165 1109 220 1148 ὅτε
241 1109 316 1148 οὐδὲ
349 1108 514 1161 Βάφιεῖσα
541 1108 603 1154 τὴν
633 1107 745 1160 ἀρχὴν
768 1108 1001 1158 κατορθῶσαι.
1021 1105 1066 1142 Εἰ
1099 1103 1134 1141 δὲ

109 1170 170 1215 τὴν
190 1169 387 1213 πλεονεξίαν
413 1174 431 1207 ὃ
453 1171 593 1213 Παῦλος
622 1166 907 1220 εἷδωλολατρείαν
931 1167 1051 1203 καλεῖ·
1072 1164 1133 1211 τὴν

109 1231 237 1278 ταύτης
266 1230 400 1283 μητέρα
420 1232 479 1268 καὶ
502 1230 596 1282 ῥίζαν
619 1230 678 1268 καὶ
709 1228 839 1280 πηγὴν,
858 1228 919 1274 τὴν
942 1226 1134 1269 κενοδοξίαν

110 1292 271 1345 λέγω,τι’
299 1292 431 1329 δίκαιον
465 1291 656 1342 ὀνομάσαι;
687 1289 778 1328 Οὐδὲ
811 1289 878 1342 γὰρ
900 1286 1136 1341 προσηγορίαν

111 1358 173 1400 τῆς
193 1353 318 1397 κακίας
338 1353 434 1397 ἀξίαν
468 1352 558 1391 ἐστὶν
590 1356 710 1405 εὑρεῖν.
730 1351 978 1402 Ἀνανήψωμεν
1012 1348 1137 1395 τοίνυν,

114 1415 303 1466 ἀγαπητοὶ,
322 1414 381 1452 καὶ
407 1414 446 1452 τὸ
473 1413 621 1465 πονηρὸν
644 1410 900 1461 ἀποδυσώμεθα
933 1415 1033 1448 τοῦτο
1056 1410 1138 1460 ἱμά-

113 1493 198 1523 τιον,
217 1475 276 1513 καὶ
304 1474 541 1527 διαρρήξωμεν
562 1473 622 1511 καὶ
647 1471 920 1522 (ἀποτέμωμεν,
946 1470 1005 1508 καὶ
1034 1469 1140 1521 γενώ-

116 1535 203 1587 μεθά
223 1552 306 1574 ποτε
326 1535 495 1588 ἐλεύθεροι
524 1533 587 1581 τὴν
608 1532 801 1585 ἐλευθερίαν
831 1531 894 1577 τὴν
925 1532 1056 1578 ἀληθῆ,
1080 1530 1140 1568 καὶ

114 1597 278 1647 λάῧωμεν
300 1595 458 1642 αἴσθησιν
480 1598 543 1641 τῆς
563 1593 732 1646 εὐγενείας
761 1597 823 1639 τῆς
846 1592 944 1645 παρὰ
963 1596 1022 1630 τοῦ
1048 1593 1139 1630 Θεοῦ

116 1657 300 1709 δεδομένης
319 1661 424 1708 ἡμῖν·
457 1655 778 1709 καταφρονήσωμεν
810 1657 872 1701 τῆς
904 1656 972 1691 τῶν
1001 1655 1139 1691 πολλῶν

116 1719 224 1766 δόξης.
247 1717 357 1757 Οὐδὲν
378 1717 445 1771 γὰρ
471 1717 561 1756 οὕτω
576 1716 836 1768 καταγέλαστον
857 1715 917 1754 καὶ
937 1715 1074 1766 ἄτιμον,
1096 1717 1141 1758 ὡς

114 1786 214 1819 τοῦτο
235 1780 274 1818 τὸ
292 1780 417 1824 πάθος·
437 1778 530 1818 οὐδὲν
549 1778 656 1821 οὕτως
680 1777 846 1830 αἷσχςύνης
859 1777 963 1829 γε’μον
979 1776 1039 1814 καὶ
1058 1778 1142 1814 πολ-

115 1844 178 1888 λῆς
196 1841 344 1885 ἀδοξίας.
362 1841 432 1879 Καὶ
452 1846 551 1879 τοῦτο
565 1840 781 1892 πολλαχόθεν
799 1839 864 1877 ἴδοι
892 1854 943 1882 τις
963 1837 1017 1886 ἂν,
1035 1838 1088 1876 ὅτι
1104 1838 1143 1876 το

630 1901 682 1914 Nl?

119 1902 180 1954 μὲν
211 1901 308 1949 δόξης
335 1905 434 1954 ἐρᾷν,
465 1901 606 1949 ἀδοξία,
627 1918 707 1946 οοςα

737 1900 763 1915 Nl

734 1916 768 1939 ΟΞ

802 1901 929 1947 ὄντως,
959 1900 998 1937 τὸ
1017 1899 1145 1946 ταύτης

118 1967 302 2017 ὑπερορᾷν,
326 1963 385 2001 καὶ
420 1963 553 2014 μηδένα
575 1965 681 2009 αὐτῆς
707 1965 879 2000 ποιεῖσθαι
905 1961 1019 2013 λόγον,
1056 1961 1145 1999 ἀλλὰ

119 2026 204 2078 πρὸς
225 2025 264 2063 τὸ
278 2028 328 2077 τῷ
342 2027 424 2076 Θεῷ
447 2026 566 2062 δοκοῦν
583 2024 722 2062 ἅπαντα
737 2023 796 2061 καὶ
816 2022 927 2074 λέγειν
943 2023 1003 2060 καὶ
1022 2029 1145 2061 ποιεῖν.

120 2087 225 2125 Οὕτω
254 2086 322 2140 γὰρ
349 2086 566 2137 δυνησόμεθα
594 2086 653 2124 καὶ
681 2087 802 2137 μισθὸν
826 2085 944 2124 λαέεἷν
964 2085 1061 2139 παρὰ
1088 2089 1147 2123 τοῦ

120 2147 164 2186 τὰ
188 2147 343 2199 ἡμέτερα
363 2151 510 2200 ὁρῶντος
527 2148 699 2201 ἀκριὲῶς,
719 2147 801 2185 ὅταν
831 2149 923 2198 αὐτῶ
956 2146 1049 2199 μόνῳ
1079 2149 1146 2198 ἀρ-

121 2208 265 2259 κώμεθα
276 2212 393 2261 θεατῇ.
409 2209 456 2247 Τί
470 2209 538 2261 γὰρ
551 2213 635 2259 ἡμῖν
653 2208 713 2246 καὶ
733 2207 859 2260 ἑτέρων
875 2209 1062 2259 ὀφθαλμῶν
1079 2208 1148 2254 δεῖ,

120 2269 205 2308 ατοῦ
226 2277 332 2321 τιμᾷν
353 2270 536 2321 μέλλοντος
554 2274 648 2321 ἡμᾶς
668 2273 815 2323 ὁρῶντος
837 2269 890 2307 ἀεὶ
917 2268 962 2307 τὰ
983 2268 1148 2321 γινόμενα

120 2333 203 2385 παρ’
239 2335 363 2382 ἡμῶν,
389 2333 473 2374 Πῶς
501 2330 536 2370 δὲ
569 2333 630 2369 οὐκ
663 2331 803 2379 ἄτοπον,
833 2331 889 2369 τὸν
920 2330 980 2381 μὲν
1014 2330 1148 2377 οἰκέτην

121 2394 237 2432 πάντα
268 2393 398 2447 ὅσαπερ
427 2393 465 2431 ἂν
493 2397 597 2445 ποιῇ,
617 2396 664 2437 εἷς
689 2393 871 2446 ἀρέσκειαν
898 2398 957 2431 τοῦ
985 2392 1150 2431 δεσπότου

121 2460 245 2502 ποιεῖν,
262 2455 322 2492 καὶ
349 2453 456 2505 μηδὲν
484 2454 587 2493 πλέον
621 2456 793 2501 ἐπιζητεῖν
824 2457 885 2500 τῆς
915 2452 1058 2507 Θεωρίας
1088 2457 1150 2499 τῆς

122 2514 241 2553 τούτου
253 2546 262 2563 ,
284 2515 370 2566 μηδὲ
395 2516 530 2568 ἑτέρους
555 2515 752 2567 ὀφθαλμοὺς
767 2515 970 2567 ἐφέλκεσθαι
986 2514 1072 2565 πρὸς
1087 2514 1148 2560 τὴν

125 2575 263 2627 πρᾶξιν,
278 2576 341 2613 κᾶν
362 2576 507 2627 μεγάλοι
527 2579 558 2613 οἳ
583 2580 789 2628 θεωροῦντες
805 2569 903 2622 ῶσιν,
923 2577 998 2613 ἀλλ’
1020 2575 1054 2612 ἓν
1082 2574 1149 2625 μό-

126 2651 181 2674 νον
216 2642 357 2674 σκοπεῖν
386 2635 480 2679 ὅπως
513 2635 727 2687 ὃ-δεσπότης
762 2635 953 2682 θεάσηται·
983 2638 1078 2686 ἡμᾶς

1120 2634 1147 2649 ΝΚ

1116 2650 1151 2672 οε

124 2702 276 2737 τοιοῦτον
309 2698 452 2749 ἔχοντας
480 2697 620 2750 Κύριον,
656 2698 791 2750 ἑτέρους
821 2698 992 2742 ἐπιζητεῖν
1030 2696 1153 2740 θεατὰς

125 2759 203 2803 τοὺς
218 2759 397 2811 ὠφελῆσαι
418 2757 479 2810 μὲν
508 2758 615 2806 οὐδὲν,
647 2759 780 2810 βλάψαι
800 2756 835 2796 δὲ
864 2761 902 2796 ἐκ
928 2761 989 2804 τ’ἧς
1009 2757 1153 2810 θεωρίας

128 2820 334 2871 δυναμένους
346 2851 356 2868 ,
372 2820 431 2858 καὶ
447 2823 596 2858 κενῶσαι
614 2819 730 2858 πάντα
755 2819 812 2857 τὸν
827 2819 930 2857 πόνον
945 2822 1028 2869 ἡμῖν
1042 2835 1050 2866 ;
1070 2818 1131 2865 Μὴ
1143 2849 1152 2865 ,

127 2882 343 2931 παρακαλῶ·
372 2883 448 2920 ἀλλ’
481 2880 556 2919 ὅθεν
589 2880 714 2933 ἔχομεν
739 2879 818 2923 τοὺς
849 2879 991 2931 μισθοὺς
1021 2879 1153 2926 λαὸεἷν,

127 2945 245 2981 τοῦτον
281 2944 444 2993 καλῶμεν
480 2942 663 2988 ἐπαινέτην
694 2944 763 2979 τῶν
793 2940 997 2992 γινομένων,
1036 2946 1153 2979 τοῦτον

129 3001 266 3048 θεατήν.
286 3001 407 3048 Μηδὲν
423 3005 507 3052 ἡμῖν
524 3001 584 3039 καὶ
605 3000 834 3054 ἀνθρωπίνοις
849 3003 1039 3053 ὀφθαλμοῖς
1053 3000 1155 3038 ἔστω.

128 3063 173 3100 Εἰ
194 3062 261 3115 γὰρ
290 3061 464 3113 ἐθέλοιμεν
499 3062 558 3099 καὶ
586 3061 714 3109 ταύτης
743 3064 917 3114 ἐπιτυχεῖν
942 3065 1004 3108 τῆς
1039 3061 1157 3108 δόξης,

129 3129 208 3167 τότε
223 3131 330 3176 αὐτῆς
345 3128 591 3180 ἐπιτευξόμεθα
605 3160 614 3177 ,
636 3134 649 3150 ²¹
667 3129 749 3168 ὅταν
772 3129 835 3176 τὴν
861 3129 958 3183 παρὰ
988 3133 1046 3167 τοῦ
1068 3131 1159 3168 Θεοῦ

139 3198 297 3246 ζητῶμεν
332 3196 453 3247 μόνην.
478 3197 569 3240 Τοὺς
595 3197 663 3249 γὰρ
697 3196 897 3242 δοξάζοντας
936 3213 978 3247 με
1008 3196 1161 3244 δοξάσω,

178 3330 194 3353 b
218 3328 277 3361 Alii
297 3336 414 3373 ἀφεῖσα.

179 3390 190 3403 ‘'
215 3380 327 3413 Morel.
343 3386 570 3424 ἀπο-τέμνωμεν.

325 3455 417 3479 Tou.
453 3457 543 3480 vlit.

1179 2971 1187 2983 κ
1173 2917 1187 2940 m

1188 2917 1204 2983 ’Φ

1381 207 1441 252 al.

1200 319 1268 352 non
1297 304 1491 342 amicitiam
1512 302 1622 351 novit,
1647 315 1714 340 nou
1743 302 2050 348 consuetudinem,
2076 304 2183 339 uetui-

1200 379 1280 402 nem
1295 378 1439 416 prorsus
1460 371 1654 411 reveretur;
1669 361 1729 399 sed
1748 362 1850 399 bonis
1868 362 2032 399 omnihus
2053 376 2093 398 [nx
2111 362 2184 398 aui—

1284 224 1343 252 tu.
1483 222 1528 251 11.

2126 225 2181 268 ει)

106 441 285 489 συνηθείας
307 441 502 491 μέμνηται,
523 440 583 475 οὐκ
596 437 764 474 αἰδεῖο-θαι
787 434 908 472 οὐδένα
937 432 1024 475 ὅλως
1052 430 1129 469 ἓπί-
1155 439 1176 466 t}
1202 440 1259 463 mo
1290 424 1440 477 rejectis,
1469 438 1549 462 cum
1584 423 1749 461 omnibus
1777 422 1911 460 bellum
1935 423 2039 471 gerit,
2067 422 2185 458 itu-on-

1202 496 1296 524 stans
1313 496 1345 523 ct
1367 486 1592 523 inhumanus.
1615 486 1677 522 11*ae
1698 493 1788 521 certe
1808 483 1962 530 morbus,
1980 483 2043 520 etsi
2068 492 2185 534 tytani-

1202 547 1304 585 nicus
1334 547 1378 584 sit
1414 557 1446 584 et
1477 546 1725 594 intolerabilis,
1750 559 1817 582 non
1842 557 1977 596 semper
2009 543 2189 593 exagitare

1203 609 1306 658 solet,
1325 608 1385 646 sed
1400 623 1478 646 cum
1496 609 1541 645 ab
1557 608 1734 658 aliquibus
1750 607 1909 644 irritatur
1928 621 1934 641 :
1950 615 1985 642 at
2004 620 2100 645 vante
2118 606 2189 655 glo-

1202 670 1263 708 riae
1288 684 1388 707 amor
1402 683 1539 722 semper
1558 669 1668 719 viget,
1686 669 1825 705 nullum
1841 676 1990 718 teinpus,
2006 676 2041 703 ut
2070 667 2117 704 ita
2136 666 2189 703 di-

1204 745 1294 780 cam,
1312 740 1362 768 est
1393 745 1465 781 quo
1489 729 1646 768 desinere
1670 729 1792 781 possit,
1808 728 1874 765 nisi
1901 727 1990 764 ratio
2012 727 2111 763 illam
2134 742 2190 764 co-

1205 791 1326 829 hibeat
1341 801 1375 830 et
1398 791 1620 843 comprimat,
1635 789 1694 827 scd
1716 803 1853 841 semper
1870 788 1982 836 adest,
2001 802 2069 825 uon
2087 787 2191 824 modo

1203 853 1249 891 ad
1278 852 1496 906 peccandum
1524 853 1688 900 incitans,
1709 851 1771 889 sed
1799 850 1904 888 etiam
1926 851 1952 887 si
1983 850 2070 901 quid
2100 859 2192 887 recte

1203 915 1394 966 egerimus,
1411 929 1430 952 e
1448 913 1613 951 manibus
1640 912 1849 964 przeripiens
1866 927 1872 947 :
1888 911 2079 961 aliquando
2110 924 2192 949 vero

1178 1010 1181 1015 .
1201 990 1274 1014 non
1299 976 1383 1014 sinit
1399 985 1489 1013 recte
1517 975 1665 1028 operari.
1683 974 1789 1021 Quod
1809 974 1838 1010 si
1853 974 1986 1010 Paulus
2004 972 2192 1011 araritiam
2207 980 2314 1016 Eplzes.
2327 980 2342 1007 5
2362 979 2389 1006 5.

1204 1037 1384 1075 idolorum
1406 1037 1613 1076 servitutem
1634 1045 1750 1083 vocet;
1766 1036 1841 1087 ejus
1862 1044 2023 1083 matrem,
2038 1034 2193 1072 radicem

1204 1110 1237 1138 et
1250 1102 1398 1149 fontem,
1416 1114 1545 1138 vanam
1561 1099 1712 1151 gloriam
1731 1098 1876 1147 scilicet,
1891 1112 1962 1148 quo
1978 1097 2118 1135 nomine
2132 1112 2193 1135 vo-

1205 1163 1395 1201 cabimus?
1415 1163 1537 1213 Neque
1562 1161 1657 1199 euim
1684 1160 1776 1198 illud
1807 1170 1912 1198 tantae
1940 1160 2103 1211 nequitiae
2142 1160 2194 1196 dt-

1207 1239 1317 1276 gnum
1334 1224 1566 1263 inveniemus.
1586 1223 1849 1275 Resipiscamus
1866 1222 1988 1273 igitur,
2007 1221 2141 1270 dilecti,
2163 1231 2196 1258 et

1207 1286 1273 1324 hoc
1298 1285 1537 1338 perniciosum
1565 1299 1739 1322 exuamus
1766 1284 2019 1322 vestimentum
2044 1299 2052 1319 ε
2078 1284 2196 1335 ipsum

1207 1347 1448 1385 discindamus
1468 1355 1502 1384 et
1519 1346 1748 1393 dissecemus,
1771 1360 1923 1397 veraque
1935 1346 2099 1383 libertate
2122 1348 2198 1383 tasn-

1207 1407 1289 1445 dem
1319 1407 1423 1446 liberi
1452 1407 1662 1455 efficiamur,
1684 1417 1788 1457 atque
1815 1406 1852 1444 in
1883 1421 2026 1444 sensum
2053 1407 2156 1444 nobis
2179 1421 2199 1444 a

1209 1471 1284 1508 Deo
1308 1483 1480 1506 concessae
1507 1468 1704 1505 nobilitatis
1729 1467 1913 1505 veniamus
1934 1484 1941 1504 :
1959 1468 2201 1506 multitudinis

1210 1544 1333 1567 auram
1355 1528 1605 1580 despiciamus.
1623 1527 1723 1565 Nihil
1747 1528 1841 1566 enim
1858 1529 1970 1580 magis
1988 1529 2055 1566 hoc
2078 1529 2201 1566 morbo

1211 1590 1407 1628 ridiculum
1429 1598 1462 1627 et
1488 1588 1721 1627 indecorum:
1739 1589 1832 1626 nihil
1859 1599 1955 1627 tanta
1984 1590 2203 1642 turpitudine

1211 1662 1244 1690 et
1270 1652 1416 1691 infamia
1443 1651 1599 1704 plenum.
1616 1651 1761 1700 Hocque
1786 1651 1910 1690 multis
1936 1666 1981 1690 ex
2007 1651 2205 1690 rationibus

1211 1714 1333 1753 videre
1359 1723 1411 1752 est
1442 1729 1449 1750 :
1479 1713 1576 1764 quod
1601 1727 1726 1765 nempe
1762 1713 1914 1764 gloriam
1948 1713 2205 1766 concupiscere,

1212 1776 1407 1829 ignominia
1418 1792 1426 1824 ;
1439 1775 1540 1813 illam
1553 1784 1672 1813 autem
1687 1774 1865 1827 despicere
1880 1784 1913 1813 et
1927 1775 2018 1812 nihil
2028 1784 2204 1827 reputare,

1214 1854 1295 1879 vere
1323 1839 1437 1891 gloria
1462 1838 1528 1886 sit;
1544 1837 1604 1875 sed
1624 1837 1743 1875 omnia
1761 1836 1808 1875 ad
1827 1837 1893 1875 Dei
1915 1837 2087 1890 placitum
2101 1847 2134 1875 et
2152 1838 2205 1875 di-

1215 1900 1326 1939 cenda
1344 1909 1378 1938 et
1394 1898 1530 1952 agenda
1558 1907 1652 1936 sunt.
1674 1898 1733 1937 Sic
1751 1898 1846 1936 enim
1864 1898 2059 1951 poterimus
2075 1913 2206 1937 merce-

1213 1962 1297 2001 dem
1329 1961 1490 2014 accipere
1513 1961 1558 1998 ab
1587 1975 1626 1998 eo
1650 1960 1711 2011 qui
1731 1970 1849 1998 nostra
1869 1970 2032 1998 accurate
2051 1960 2208 2012 respicit,

1216 2023 1358 2075 quando
1379 2023 1442 2060 illo
1465 2022 1538 2060 solo
1558 2021 1710 2059 contenti
1732 2021 1864 2059 erimus
1879 2031 2086 2074 spectatore.
2110 2021 2210 2067 Quid

1216 2087 1312 2125 enim
1330 2086 1433 2124 nobis
1448 2085 1529 2123 aliis
1543 2084 1657 2123 oculis
1675 2098 1778 2136 opus,
1797 2098 1879 2122 cum
1897 2084 1926 2122 is
1947 2084 2010 2135 qui
2029 2084 2131 2122 nobis
2145 2083 2209 2121 ho—

1218 2163 1340 2187 norem
1374 2158 1408 2186 et
1438 2147 1628 2200 praemium
1662 2147 1856 2198 largiturus
1883 2156 1945 2195 est,
1969 2156 2064 2197 gesta
2094 2154 2211 2184 nostra

1219 2225 1359 2263 semper
1384 2209 1531 2247 videat?
1548 2207 1737 2255 Quomodo
1756 2222 1826 2245 non
1854 2207 2050 2246 absurdum
2069 2207 2125 2256 sit,
2141 2220 2211 2244 ser-

1219 2286 1306 2311 vum
1337 2270 1483 2322 quidem
1502 2269 1547 2307 ad
1576 2269 1653 2308 heri
1677 2269 1731 2307 sui
1752 2269 1925 2321 placitum
1943 2268 2061 2306 omnia
2088 2269 2211 2315 facere,

1220 2333 1379 2384 nihilque
1392 2330 1493 2368 aliud
1506 2344 1674 2381 quaerere,
1691 2344 1797 2381 quam
1816 2339 1856 2367 ut-
1876 2330 1921 2367 ab
1937 2329 2014 2381 ipso
2033 2328 2209 2375 videatur,

1221 2409 1332 2446 neque
1355 2393 1444 2431 alios
1465 2391 1511 2429 ad
1536 2401 1632 2442 gesta
1653 2405 1714 2429 sua
1741 2391 1860 2428 oculos
1888 2389 2083 2439 exquirere,
2100 2402 2212 2438 quan-

1221 2456 1353 2495 tumvis
1380 2453 1500 2505 magni
1524 2452 1593 2490 sint
1608 2451 1669 2488 alii
1685 2460 1907 2502 spectatores,
1929 2449 1990 2487 sed
2008 2463 2120 2487 unum
2139 2463 2213 2486 sco-

1221 2532 1308 2570 pum
1335 2516 1465 2553 habere
1492 2522 1530 2550 ut
1553 2512 1598 2549 ab
1626 2511 1711 2548 hero
1734 2525 1797 2548 suo
1817 2510 2001 2560 videatur,
2018 2523 2081 2547 nos
2094 2519 2214 2546 autem

1220 2579 1328 2616 talem
1348 2576 1518 2613 habentes
1543 2571 1751 2620 Dominum,
1767 2571 1855 2609 alios
1873 2586 2028 2623 quaerere
2043 2579 2215 2623 spectato-

1221 2653 1288 2687 res,
1312 2637 1373 2689 qui
1405 2650 1469 2673 nos
1497 2633 1588 2671 nihil
1609 2634 1748 2685 juvare,
1771 2632 1833 2670 sed
1865 2632 2067 2685 aspiciendo
2093 2646 2216 2670 nocere

1224 2708 1384 2753 possunt,
1393 2707 1577 2747 totumque
1589 2695 1749 2733 laborem
1762 2702 1922 2732 nostrum
1934 2695 2052 2731 fructu
2062 2708 2216 2732 vacuum

1225 2761 1398 2800 reddere?
1412 2761 1480 2810 Ne,
1501 2771 1631 2810 quaeso,
1650 2756 1689 2795 id
1710 2770 1858 2808 agamus
1878 2772 1886 2792 :
1907 2755 1968 2794 sed
1990 2770 2010 2792 a
2035 2769 2104 2806 quo
2124 2768 2217 2792 mer-

1226 2824 1348 2862 cedem
1373 2820 1551 2874 accepttu‘i
1583 2833 1719 2866 sumus,
1739 2822 1827 2856 eum'
1852 2827 2030 2869 gestorum
2057 2816 2217 2854 laudato-

1227 2901 1302 2924 rem
1325 2884 1537 2923 advocemus
1559 2890 1592 2919 et
1614 2889 1855 2933 spectatorem.
1877 2879 1978 2917 Nihil
1996 2878 2099 2915 nobis
2122 2892 2217 2915 com-

1228 2962 1335 2986 mune
1355 2959 1438 2984 cum
1457 2942 1624 2981 humanis
1648 2941 1760 2979 oculis
1786 2941 1842 2979 sit.
1858 2940 1898 2979 Si
1921 2940 2014 2977 enim
2038 2940 2129 2977 hanc
2145 2939 2219 2990 glo-

1229 3011 1320 3048 riam
1352 3005 1491 3056 assequi
1510 3002 1741 3051 voluerimus,
1763 3015 1841 3039 eam
1859 3001 2015 3053 profecto
2035 3013 2220 3050 conseque-

2321 2758 2417 2786 Deum

2230 2809 2323 2828 unum
2353 2800 2419 2826 lau-

2287 2842 2419 2868 datorem

2289 2892 2418 2919 quaerere

2290 2928 2404 2961 oportet

1231 3086 1330 3120 mur,
1362 3083 1445 3107 cum
1474 3067 1586 3106 solam
1612 3064 1678 3103 Dei
1699 3077 1899 3114 quaeremus
1924 3061 2084 3113 gloriam.
2117 3062 2218 3099 Nam
2238 3080 2264 3099 1.
2281 3070 2346 3105 Reg
2373 3078 2390 3099 ε

1233 3133 1492 3186 glorificantes
1514 3142 1572 3164 me
1591 3126 1826 3178 ςῖονξῄεαὺο,
1843 3124 1968 3175 inquit.
1986 3126 2036 3160 Ac
2053 3121 2221 3173 quemad-
2236 3112 2287 3141 3¹·

1234 3196 1381 3235 modum
1396 3203 1479 3232 tunc
1494 3189 1650 3229 maxime
1663 3187 1801 3227 divitiis
1822 3186 2017 3235 affluimus,
2042 3199 2124 3223 cum
2146 3185 2225 3223 illas

1265 3333 1279 3357 ‘¹
1305 3329 1363 3363 Alii
1379 3335 1431 3364 τοῦ
1446 3337 1535 3371 τιμᾷν
1555 3330 1701 3362 θέλοντος-

1267 3396 1278 3408 1¹
1306 3381 1362 3414 Alii
1382 3386 1443 3415 ὅτε.
