2481 3678
670 223 710 253 ΙΝ
750 222 956 253 ,ΙΟΑΝΝΕΜ
992 219 1151 251 noMtL.
1191 218 1335 248 xxxii.

2158 204 2174 212 ν

1375 201 1436 247 al.
1475 218 1600 247 xxxt.
2089 223 2136 250 21
2152 224 2175 249 .)

102 307 191 358 ἔχων
206 322 212 329 ·
225 306 269 345 τὰ
286 305 367 345 δὲοὶ
383 307 620 348 κοινωνοῦντες
635 304 838 343 ἐπίστανται
858 305 1019 345 ἅπαντες.
1031 301 1121 338 Ἀλλ’
1145 303 1171 332 D
1195 297 1424 349 reprehenSOS
1446 309 1521 334 CSSC
1540 296 1684 347 indigne
1705 298 1834 335 ferunt·
1861 297 1932 336 Sed
1952 298 2013 336 ill0
2031 299 2179 348 dicente,

100 368 424 420 ὅμωςέλεγᾼέντες
438 368 475 406 οὐ
496 367 636 420 φέρουσι
651 367 770 420 πράως
780 382 787 390 ·
802 369 877 405 ἀλλ’
895 365 1062 408 εἰπόντος,
1077 361 1123 400 Τί

102 445 145 479 με
160 432 294 474 ζητεῖτε
315 430 535 475 ἀποκτεῖναι,
556 429 593 465 οὐ
613 428 714 478 μόνον
732 430 768 466 οὖ
790 426 1018 477 θαυμάζουσιν
1037 425 1084 466 ὡς
1099 425 1120 467 ἡ

99 489 183 539 (υνὴ
197 520 206 537 ,
227 489 318 528 ἀλλὰ
345 489 403 527 καὶ
410 490 637 563 (λοιδοροῦσι
659 489 718 527 καὶ
733 488 919 540 ὓὸρίζουσι.
943 485 1068 524 Καίτοι
1083 498 1123 533 γε

99 553 223 588 ἐκεῖνοι
239 549 301 600 μὲν
321 550 381 588 καὶ
401 551 469 588 ἀπο
490 551 605 589 ἄλλων
623 550 777 601 σημείων
798 542 890 600 εἶχον
906 546 969 593 τὴν
983 544 1123 583 ἀπόδει-

100 611 163 657 ξιν,
189 610 277 658 αὕτη
299 610 334 649 δὲ
358 615 459 650 τοῦτο
479 611 580 662 μόνον
602 606 643 657 ἦν
671 613 861 656 ἀκηκουῖα·
878 608 954 645 ἀλλ’
972 605 1066 655 ὅμως
1085 606 1123 642 οὐ

101 672 203 723 μόνον
233 673 295 711 οὐκ
325 672 536 723 ἐθαύμασαν,
565 671 655 710 ἀλλὰ
690 671 749 708 καὶ
774 669 919 721 ῧὸρισαν
946 666 1122 718 λέγοντες,

97 733 283 784 Δαιμόνιον
303 733 413 785 ἔχεις,
436 734 488 778 τίς
503 750 541 772 σε
560 736 654 780 ζητεῖ
671 733 889 776 ἀποκτεῖναι,
907 727 1005 775 Αὕτη
1028 727 1063 766 δὲ
1083 727 1120 765 οὖ

101 793 202 844 μόνον
223 809 260 831 ου
264 811 289 846 χ
310 794 464 847 ὑδρίζει,
484 793 574 832 ἀλλὰ
591 792 651 831 καὶ
672 791 840 842 θαυμάζει
856 805 914 828 και
930 788 1123 835 ἐκπλήττε-

98 870 179 900 ται,
194 856 252 894 καὶ
266 855 449 908 προφήτην
467 858 553 892 εἷναι
566 855 722 892 ὑπονοεῖ·
735 851 848 890 καίτοι
866 849 1063 901 μειζόνως
1047 865 1086 886 αν
1105 851 1122 886 ὃ
1143 857 1167 887 Ε

97 915 238 968 ἔλεγχος
253 920 349 959 οὗτος
367 919 428 962 τῆς
442 914 603 989 γυναικὸς
621 914 758 966 ἥψατο,
778 911 834 958 ἢτ
821 911 959 951 ἐκείνων
982 912 1122 954 ἐκεῖνος.

100 977 212 1015 Ἰουτο
232 976 294 1026 μὲν
315 976 382 1028 γὰρ
398 976 525 1022 ταύτης
542 975 649 1026 μόνης
673 974 869 1026 ἁμάρτημα
884 976 940 1021 ἠν,
959 973 1069 1010 ἐκεῖνο
1087 971 1123 1010 δὲ

97 1037 222 1076 κοινόν.
234 1039 313 1089 Οὐχ
331 1035 420 1076 οὕτω
441 1036 475 1075 δὲ
489 1037 544 1075 ἐπὶ
559 1043 630 1080 τοῖς
644 1042 789 1082 κοινοῖς,
805 1037 852 1078 ὡς
872 1034 928 1072 ἐπὶ
941 1040 1012 1077 τοῖς
1027 1033 1123 1076 ἰδίοις

97 1098 305 1149 δακνόμεθα.
333 1100 495 1136 Κάκεῖνοι
525 1096 585 1149 μὲν
607 1097 698 1149 μέγα
727 1096 836 1148 ᾤοντό
857 1112 891 1134 τι
918 1098 1121 1146 κατορθοῦν,

99 1158 139 1196 ἂν
154 1159 212 1197 τὸν
237 1159 387 1212 Χριστὸν
413 1159 579 1197 ἀνέλωσι·
599 1159 638 1197 τὸ
659 1158 694 1196 δὲ
713 1160 777 1203 τῆς
805 1157 964 1209 γυναικὸς
982 1155 1123 1206 ὡμολό-

98 1236 185 1269 γητο
200 1220 298 1273 παρὰ
317 1227 404 1259 πᾶσι
428 1219 577 1273 πονηρὸν
597 1214 684 1258 εἶναι
699 1235 706 1242 ·
728 1219 803 1256 ἀλλ’
824 1218 918 1269 ὅμως
943 1219 1004 1255 οὐκ
1026 1217 1125 1255 ἐδυσ-

98 1281 242 1356 χέρανεν
272 1285 293 1328 ἡ
323 1280 430 1333 γυνὴ,
452 1280 530 1318 ἀλλ’
555 1280 727 1331 ἐξεπλάγη
751 1279 809 1317 καὶ
836 1278 1036 1329 ἐθαύμαζεν.
1055 1277 1126 1316 Καὶ

1199 359 1301 408 Quid
1319 372 1379 395 me
1412 361 1583 410 quoeritis
1611 359 1853 410 interficere?
1874 373 1943 397 non
1973 359 2079 398 modo
2111 375 2179 398 non
2194 373 2364 410 Joan.7.20

1193 418 1430 469 admirantur,
1452 428 1490 456 ut
1506 419 1634 457 mulier
1654 420 1732 470 illa,
1760 419 1820 458 sed
1836 420 1942 458 etiam
1961 421 2130 459 conviciis
2148 432 2181 460 et

1196 481 1423 519 contumeliis
1446 481 1620 530 afficiunt,
1645 482 1781 519 etiamsi
1816 481 1970 520 aliorum
1999 482 2181 534 signorum

1192 551 1401 593 argumenta
1419 542 1588 581 haberent
1608 559 1615 579 ε
1636 543 1712 581 haec
1741 553 1859 581 autem
1880 543 1948 581 hoc
1972 558 2085 581 unum
2102 553 2181 581 tan-

1192 611 1269 640 tum
1287 603 1459 641 audierat.
1480 606 1643 642 Attamen
1663 604 1717 641 illi
1749 618 1818 642 non
1846 604 1952 642 modo
1971 619 2039 642 non
2061 605 2180 642 mirati

1193 672 1285 713 sunt,
1306 663 1367 702 sed
1394 663 1500 702 etiam
1521 665 1651 717 probro
1681 665 1873 703 affecerunt
1900 664 2070 716 dicentes,
2091 667 2180 704 Doe-

1192 727 1364 763 monium
1380 727 1514 772 habes,
1534 729 1620 779 quis
1638 735 1673 764 te
1689 729 1826 779 qztoerit
1843 727 2084 779 interficere?
2099 727 2182 765 Haec

1191 800 1275 825 vero
1302 800 1372 824 non
1401 786 1508 824 modo
1541 801 1611 825 non
1631 787 1864 836 conviciatur,
1887 786 1947 825 sed
1968 787 2120 825 miratur
2150 797 2182 825 et

1191 847 1431 900 obstupescit,
1469 849 1752 901 prophetamque
1785 849 1952 901 opinatur
1989 863 2078 898 esse,
2119 849 2184 888 etsi

1192 909 1308 946 acrius
1334 909 1426 946 hanc
1454 909 1700 961 reprehendat,
1729 924 1837 960 quam
1865 909 1957 947 illos.
1984 910 2059 947 Hoc
2090 910 2185 947 enim

1193 979 1379 1021 peccatum
1398 971 1505 1008 unius
1534 971 1646 1022 ipsius
1665 980 1757 1020 erat3
1787 971 1880 1008 illud
1910 985 1994 1010 vero
2020 971 2185 1009 omnibus

1193 1046 1392 1070 commune.
1429 1034 1508 1070 Non
1540 1041 1661 1070 autem
1692 1032 1743 1070 ita
1773 1033 1928 1071 morderi
1958 1033 2112 1071 solemus
2141 1033 2186 1071 dc

1193 1095 1444 1132 communibus
1460 1094 1610 1143 delictis,
1639 1103 1678 1132 ut
1696 1094 1740 1132 de
1757 1094 1923 1147 propriis.
1946 1094 1994 1132 Et
2023 1095 2077 1132 illi
2105 1095 2184 1145 qui-

1192 1155 1274 1194 dem
1301 1171 1472 1208 magnum
1488 1156 1677 1208 quidpiam
1696 1171 1731 1194 se
1752 1158 1921 1209 perficere
1947 1156 2133 1208 putabant,
2154 1157 2183 1194 si

1196 1219 1381 1258 Christum
1401 1219 1659 1257 interficerent:
1675 1219 1835 1257 mulieris
1855 1233 1937 1258 vero
1956 1219 2096 1256 facinus
2111 1233 2184 1256 ma-

1195 1281 1272 1319 lum
1293 1296 1366 1319 esse
1396 1282 1493 1334 apud
1512 1295 1633 1319 omnes
1664 1281 1701 1318 in
1727 1281 1883 1319 confesso
1903 1290 1987 1318 erat.
2020 1281 2183 1318 Attamen

99 1341 157 1380 ἐπὶ
175 1355 248 1380 του·
264 1341 492 1389 Ναθαναὴλ
474 1341 509 1381 οὲ
528 1341 567 1379 τὸ
588 1341 671 1380 αυτὸ
693 1345 792 1379 τοῦτο
815 1339 975 1386 ἐποίησεν
996 1342 1013 1377 ὁ
1038 1339 1183 1390 XP‘·1›37
1196 1356 1264 1381 non
1294 1357 1386 1394 aegrc
1411 1343 1496 1381 tulit
1526 1342 1666 1391 mulier,
1686 1342 1748 1380 sed
1775 1342 1958 1394 obstupuit
1987 1341 2185 1392 miiataque

100 1403 189 1446 στός.
212 1405 265 1441 Οὐ
292 1403 359 1456 γὰρ
386 1403 655 1455 προηγουμένως
667 1401 730 1449 τὴν
755 1399 967 1453 προφητείαν
985 1399 1125 1452 εἷσήγα-
1146 1404 1173 1432 Α
1196 1413 1258 1441 est.
1279 1404 1419 1442 Eodem
1447 1417 1588 1454 quoque
1606 1402 1712 1441 modo
1740 1418 1822 1441 cum
1841 1403 2060 1441 Nathanaelc
2077 1403 2182 1441 Chri-

99 1480 169 1514 γεν,
187 1463 262 1502 οὐδὲ
291 1468 400 1511 εἶπεν,
426 1457 530 1502 Εἰδόν
554 1480 592 1502 σε
623 1462 690 1501 ὑπὸ
721 1462 784 1509 τὴν
811 1477 933 1509 συκην·
965 1463 1042 1499 ἀλλ’
1070 1460 1126 1499 ὅτε

98 1527 225 1568 εκεῖνος
246 1528 345 1570 εἰπε,
368 1524 478 1563 Πόθεν
508 1540 552 1575 με
578 1522 782 1574 γινώσκεις,
808 1523 886 1561 τότε
913 1537 1013 1561 τουτο
1040 1521 1127 1567 ἐπή-

98 1601 215 1637 γαγεν.
236 1585 425 1624 Ἔὸούλετο
443 1585 511 1637 γὰρ
533 1585 591 1624 καὶ
617 1588 685 1622 τῶν
709 1584 933 1636 προρρήσεων
965 1582 1024 1622 καὶ
1057 1584 1125 1620 τῶν

99 1647 285 1698 θαυμάτων
317 1647 379 1690 τὰς
414 1647 526 1699 ἀρχὰς
565 1648 649 1698 παρ’
689 1647 803 1683 αὐτῶν
834 1644 1025 1695 λαμὸάνειν
1057 1645 1126 1681 τῶν

98 1708 312 1760 προσιόντων
337 1710 431 1760 αὐτῷ
445 1736 454 1754 ,
472 1707 563 1746 ὥστε
588 1707 648 1746 καὶ
667 1708 878 1744 οἰκειοῦσθαι
897 1711 968 1749 τοῖς
983 1704 1125 1756 γινομέ-

99 1785 168 1813 νοις
190 1771 322 1820 μᾶλλον
337 1769 461 1812 αὐτοὺς
475 1797 485 1815 ,
504 1768 563 1807 καὶ
582 1768 645 1816 τὴν
662 1771 722 1806 τοῦ
740 1767 927 1812 κενοδοξεῖν
948 1768 1125 1819 διαφυγεῖν

100 1831 277 1869 ὑπόνοιαν.
299 1833 413 1870 Τουτο
431 1831 472 1878 δὴ
494 1847 552 1869 και
580 1832 728 1868 ἐνταυθα
746 1834 852 1867 ποιεῖ.
883 1829 935 1867 Τὸ
968 1828 1029 1880 μὲν
1056 1829 1124 1901 γὰρ

100 1907 370 1943 προηγουμενως
396 1891 453 1930 ἐλ
427 1891 545 1943 εγξαι,
567 1891 618 1929 ὅτι
642 1890 768 1942 Ἄνδρα
784 1892 847 1928 οὐκ
872 1889 984 1942 ἔχεις,
1013 1889 1123 1927 εδόκει

99 1953 260 2004 φορτικὸν
286 1957 373 1991 εἰναι
401 1954 460 1991 καὶ
492 1967 674 2004 περιττον·
692 1951 732 1990 τὸ
764 1951 799 1990 δὲ
818 1953 901 2003 παρ’
923 1953 1030 1997 αὐτ-νς
1059 1953 1122 1989 λα-

100 2014 205 2051 Εόντα
222 2031 284 2062 την
303 2014 429 2060 αἰτίαν,
449 2014 565 2053 πάντα
591 2017 704 2052 ταῦτα
723 2013 890 2065 διορθουν,
912 2029 971 2050 και
991 2012 1124 2065 σφόδρα

99 2076 285 2113 ἀκόλουθον
302 2072 356 2124 ἦν,
368 2076 427 2114 καὶ
440 2076 501 2124 τὴν
515 2076 704 2114 ἀκούουσαν
721 2075 916 2127 πραοτέραν
933 2075 1123 2127 εἰργάζετο.

98 2137 169 2174 Καὶ
187 2137 271 2175 ποία
294 2137 497 2184 ἀκολουθία,
519 2136 624 2190 φησὶ,
654 2136 693 2175 τὸ
723 2138 844 2183 εἰπεῖν,
863 2135 1026 2187 εΎπαγε,
1047 2136 1121 2189 φώ-

98 2214 202 2246 νησον
220 2200 277 2238 τὸν
309 2199 418 2251 ἄνδρα
436 2214 516 2247 σου,
538 2199 628 2251 Περὶ
649 2200 779 2251 δωρεᾶς
809 2193 850 2246 ἦν
881 2201 899 2236 ὃ
930 2198 1030 2250 λόγος
1063 2198 1122 2236 καὶ

96 2259 239 2311 χάριτος
257 2260 533 2312 ὑπερὲαινούσης
555 2260 618 2308 τὴν
639 2260 857 2312 ἀνθρωπίνην
878 2260 992 2312 φύσιν.
1013 2259 1122 2298 Ἐπέ-
1144 2263 1168 2293 Β

96 2336 191 2359 κειτο
210 2324 231 2367 ἡ
251 2321 336 2372 γυνὴ
368 2325 520 2368 ζητοῦσα
551 2322 685 2369 λαὲεῖν,
705 2322 765 2359 καὶ
798 2321 915 2373 λέγει·
948 2321 1122 2368 Φώνησόν

97 2398 156 2420 σου
183 2383 264 2421 ἱὶτὸν
286 2383 412 2435 ἄνδρα·
432 2382 559 2421 ὡσανεὶ
588 2382 842 2433 ἐνδεικνύμενος
873 2382 927 2420 ὅτι
962 2385 1122 2420 κάκεῖνον

97 2444 147 2481 δεῖ
179 2447 389 2490 κοινωνῆσαι
416 2445 559 2483 τούτων.
591 2444 637 2482 ἹΙ
668 2443 703 2482 δὲ
736 2443 932 2482 σπεύδουσα
957 2442 1121 2492 Ι’λαὸεῖν,

97 2504 157 2541 καὶ
176 2505 377 2556 κρύπτουσα
394 2506 434 2544 τῗ)
461 2506 604 2558 αἰσχρὸν
623 2510 683 2544 τοῦ
713 2506 943 2557 πράγματος,
965 2506 1024 2543 καὶ
1050 2507 1120 2543 οἷο-

99 2564 186 2615 μένη
219 2567 304 2616 πρὸς
339 2567 520 2618 ἄνθρωπον
552 2567 784 2617 διαλέγεσθαι,
805 2567 922 2619 φησὶν,
943 2570 1021 2605 Οὐκ
1051 2567 1121 2619 ἔχω

98 2627 219 2679 ἄνδρα.
243 2629 366 2664 Ταῦτα
397 2627 546 2670 ἀκούσας
577 2630 593 2665 ὃ
622 2628 772 2678 Χριστὸς
805 2627 972 2678 εὐκαίρως
1002 2628 1121 2666 λοιπὸν

97 2689 219 2739 ἐπάγει
238 2689 295 2727 τὸν
317 2687 472 2740 ἔλεγχον,
493 2688 672 2740 ἀμφότερα
691 2680 780 2739 μετὰ
803 2688 981 2740 ἀκριῧείας
999 2688 1121 2739 λέγων.

97 2749 188 2792 Τούς
206 2766 245 2788 τε
269 2750 336 2802 γὰρ
363 2749 550 2802 προτέρους
569 2750 763 2802 ἠρίθμησεν
785 2751 959 2796 ἅπαντας,
986 2750 1045 2788 καὶ
1063 2750 1120 2788 τὸν

96 2816 154 2849 νῦν
177 2812 414 2864 κρυπτόμενον
447 2810 583 2862 ἤλεγξε.
602 2810 648 2849 Τί
669 2806 726 2850 οὖν
746 2815 767 2857 ἡ
785 2811 893 2862 γυνή,
914 2814 991 2849 Οὐκ
1024 2812 1121 2850 ἐδυσ-

95 2874 254 2949 χέρανεν,
282 2873 360 2912 οὐδὲ
387 2876 515 2926 ἀφεῖσα
534 2872 669 2925 ἔφυγεν,
690 2872 768 2911 οὐδὲ
794 2873 892 2924 ὕὸριν
916 2873 955 2911 τὸ
973 2882 1121 2926 πρᾶγμα

95 2936 252 2974 ἐνόιιισεν
283 2929 387 2973 εἶναι·
430 2935 521 2973 ἀλλὰ
559 2935 727 2985 θαυμάζει
765 2936 896 2985 μᾶλλον
929 2935 1030 2973 αὐτὸν
1061 2936 1120 2975 καὶ

94 3003 347 3049 προσκαρτερεῖ
372 2997 488 3034 πλέον·
503 2998 635 3047 Θεωρῖ
621 3013 638 3033 J
657 2995 725 3073 γὰρ
740 3025 749 3043 ,
769 3012 885 3048 φησιν,
903 2996 955 3033 ο’τι
979 2997 1119 3049 προφή-

94 3073 155 3104 της
182 3061 210 3095 εἰ
231 3057 284 3096 σύ
305 3057 373 3094 Καὶ
392 3057 516 3095 σκόπει
546 3060 653 3103 αὐτῆς
681 3057 743 3104 τὴν
765 3057 841 3096 σύνε
846 3073 912 3096 σιν.
938 3057 1031 3096 Ουδε
1063 3060 1118 3095 ἐν·

94 3122 205 3156 ταύθα
226 3118 349 3162 εὐθέως
369 3118 577 3170 ἐπέδραμεν,
599 3120 676 3156 ἀλλ’
705 3119 757 3157 ἔτι
772 3124 1037 3171 περισκοπεῖται
1058 3117 1117 3156 καὶ

879 3210 888 3227 ,
919 3178 1022 3232 φαίνῃ
1058 3195 1118 3230 μοι

95 3240 276 3292 προφήτης
294 3234 392 3278 εἶναι.
413 3234 502 3279 Εἶτα
536 3241 655 3289 ἐπειδὴ
680 3245 782 3280 τοῦτο
803 3241 1045 3293 ὑπώπτευσεν,
1064 3247 1116 3283 οὔ-

95 3179 274 3229 θαυμάζει.
293 3179 345 3217 Τὸ
369 3179 455 3231 γὰρ,
476 3181 628 3232 Θεωρῶ,
661 3179 764 3217 τοῦτο’
791 3182 865 3219 ἐστι

145 3386 157 3400 c
175 3375 237 3407 Alii
253 3379 464 3422 λοιδοροῦνται.

144 3438 156 3452 ³
173 3427 287 3463 Morel.
305 3435 353 3465 τὸν
367 3433 459 3475 ἄνδρα.
477 3434 578 3466 dmm}
598 3434 713 3466 ἑψῖηυ.
735 3431 796 3465 Alii
815 3431 904 3466 aliud
921 3432 1053 3466 babent⁴

1197 1473 1272 1502 stus
1291 1478 1327 1502 se
1353 1464 1470 1515 gessit.
1490 1466 1569 1502 Non
1594 1464 1753 1515 primum
1771 1463 1996 1515 prophetiam
2023 1464 2182 1514 induxit,

1198 1540 1310 1576 neque
1319 1525 1427 1573 dixit,
1439 1527 1528 1562 Vidi
1543 1534 1580 1563 te
1593 1527 1662 1562 sub
1663 1525 1768 1577 ficu
1753 1553 1766 1571 ,
1780 1524 1843 1561 sed
1858 1538 1938 1561 eum
1953 1524 2013 1561 ille
2024 1524 2184 1575 dixisset,

1203 1588 1313 1624 Unde
1327 1601 1387 1624 me
1409 1589 1510 1624 nosti
1522 1590 1538 1622 Ρ
1572 1584 1611 1622 id
1629 1584 1822 1637 respondit.
1837 1585 1994 1625 Volebat
2013 1585 2107 1622 enim
2121 1586 2186 1623 1111-
2202 1596 2291 1623 joan.
2303 1604 2308 1623 1
2321 1594 2383 1633 λβ.

1197 1648 1317 1686 racula
1330 1657 1362 1686 et
1378 1647 1583 1701 prophetias
1597 1647 1643 1684 ab
1657 1646 1731 1684 illis
1742 1646 1909 1698 incipere,
1925 1645 1988 1696 qui
2004 1645 2049 1683 ad
2069 1646 2187 1698 ipsum

1196 1710 1419 1758 accedebant,
1442 1718 1481 1747 ut
1500 1718 1533 1746 et
1566 1708 1681 1760 magis
1702 1708 1784 1746 illos
1814 1707 1882 1746 sibi
1910 1707 2128 1757 conciliaret,
2154 1719 2187 1746 et

1196 1786 1295 1812 vanae
1309 1772 1430 1823 gloriae
1447 1771 1685 1824 suspicionem
1698 1771 1879 1821 effugeret.
1900 1771 1977 1808 Hoc
1995 1770 2113 1823 ipsum
2127 1771 2188 1809 hic

1195 1834 1281 1885 agit.
1303 1832 1546 1871 Existimahat
1570 1831 1664 1870 enim
1692 1832 1882 1870 molestum
1902 1841 1936 1869 et
1965 1832 2186 1884 superfluum

1194 1896 1281 1945 fore,
1296 1895 1326 1934 si
1341 1910 1418 1934 eam
1436 1894 1556 1933 statim
1569 1903 1748 1932 accusaret
1763 1893 1929 1943 dicendo,
1954 1895 2087 1931 Virum
2107 1908 2186 1932 non

1196 1958 1327 1995 habes.
1345 1956 1444 1995 Illud
1460 1971 1544 1995 vero
1569 1955 1745 2007 corrigere
1765 1964 1844 2007 post
1863 1963 2045 2006 acceptam
2064 1954 2110 1992 ab
2129 1969 2185 1993 ea-

1194 2019 1277 2057 dem
1296 2019 1372 2072 ipsa
1405 2018 1638 2068 occasionem,
1671 2026 1764 2055 certe
1792 2025 2064 2054 consentaneum
2093 2026 2182 2065 erat,

1194 2089 1227 2118 et
1240 2080 1443 2118 audientem
1459 2079 1732 2118 mansuetiorem
1753 2077 1935 2115 reddebat.
1954 2077 2001 2114 Et
2020 2092 2184 2128 quaenam

1193 2140 1256 2179 illa
1292 2141 1552 2193 consequentia,
1584 2140 1735 2191 inquies,
1768 2138 1896 2187 dicere,
1931 2139 2050 2185 Vade,
2081 2152 2185 2176 voca

1193 2205 1323 2241 ‘virum
1345 2208 1478 2242 tuum?
1498 2204 1551 2240 De
1565 2201 1658 2239 dono
1672 2201 1844 2252 agebatur
1865 2209 1897 2237 et
1915 2199 1960 2237 de
1982 2199 2095 2251 gratia
2115 2199 2182 2236 hu-

1193 2279 1336 2303 manam
1363 2274 1530 2303 naturam
1557 2271 1753 2315 superante.
1788 2261 1949 2299 Instabat
1973 2261 2102 2298 mulier
2121 2261 2182 2298 fla-

1193 2326 1324 2377 gitans,
1346 2336 1379 2364 et
1399 2326 1494 2364 dixit
1513 2325 1559 2374 ei,
1582 2327 1686 2362 Voca
1714 2326 1843 2360 ‘virum
1871 2331 1999 2364 tuum,-
2019 2321 2181 2358 subindi-

1194 2401 1276 2425 cans
1296 2388 1399 2425 illum
1416 2400 1557 2438 quoquc
1572 2385 1702 2422 borum
1716 2383 1926 2435 participem
1945 2396 2019 2419 esse
2037 2381 2178 2419 debere.

1192 2449 1258 2486 Illa
1278 2448 1473 2500 accipiendi
1505 2446 1646 2498 cupida,
1668 2459 1769 2483 suam
1792 2444 1882 2481 celat
1908 2442 2179 2494 turpitudinem,

1193 2523 1298 2559 seque
1327 2509 1508 2546 hominem
1529 2506 1664 2556 alioqui
1692 2514 1822 2557 putans
1846 2504 1906 2551 ait,
1936 2505 2026 2541 lt'on
2057 2504 2180 2541 haheo

1194 2573 1336 2607 virum.
1359 2570 1450 2606 Hinc
1471 2567 1694 2605 occasionem
1716 2574 1860 2617 captans
1877 2563 2042 2602 Christus
2052 2578 2179 2616 oppor-

1193 2641 1278 2669 tune
1302 2631 1401 2668 illam
1415 2628 1659 2682 reprehendit,
1680 2637 1871 2678 utrumque
1889 2635 2050 2663 accurate
2066 2627 2181 2678 expli-

1194 2708 1276 2732 cans
1289 2709 1297 2730 :
1312 2707 1394 2730 nam
1408 2692 1542 2744 priores
1556 2705 1677 2729 omnes
1688 2688 1900 2737 numeravit,
1911 2697 1943 2726 et
1956 2689 2052 2726 hunc
2063 2689 2181 2727 oecul-

1197 2763 1270 2792 tum
1284 2754 1468 2792 revelavit.
1489 2753 1589 2800 Quid
1605 2766 1688 2804 ergo
1707 2751 1863 2789 mulier?
1878 2751 1957 2788 Non
1979 2764 2071 2801 aegre
2085 2751 2179 2799 tulit,

1194 2827 1263 2850 non
1275 2813 1338 2850 illo
1354 2812 1474 2850 relicto
1483 2812 1588 2863 fugit,
1600 2825 1670 2849 non
1685 2809 1722 2848 id
1733 2809 1985 2848 contumeliam
1995 2823 2068 2847 esse
2079 2817 2181 2861 puta-

1193 2874 1263 2924 vit;
1282 2873 1342 2911 sed
1361 2874 1476 2925 magis
1497 2873 1708 2921 admiratur,
1727 2871 1841 2923 magis
1860 2879 2080 2923 perseverat:
2098 2884 2181 2907 nam

1191 2935 1255 2983 ait,
1280 2936 1397 2973 Video
1419 2937 1511 2987 quia
1525 2936 1711 2987 propheta
1739 2947 1778 2971 es
1804 2942 1859 2971 tu.
1886 2932 1976 2984 Ejus
1992 2945 2076 2970 vero
2095 2945 2180 2982 pru-

1193 2995 1350 3035 dentiam
1370 2996 1556 3049 perpende.
1573 2997 1653 3034 Non
1668 2995 1786 3033 statim
1803 2994 1968 3042 accurrit,
1987 2993 2049 3031 sed
2062 2992 2180 3030 adhuc

1194 3057 1391 3096 considerat
1415 3067 1448 3096 et
1467 3058 1628 3096 miratur.
1651 3056 1747 3095 Illud
1768 3056 1874 3104 enim,
1897 3056 2028 3101 Video,
2053 3054 2089 3091 id
2115 3063 2177 3102 est,

1196 3121 1339 3161 Videris
1356 3121 1445 3159 mihi
1461 3121 1632 3173 propheta
1645 3134 1729 3158 esse.
1740 3118 1877 3157 Deinde
1886 3118 1968 3169 quia
1983 3118 2050 3154 hoc
2063 3117 2177 3167 suspi-

1193 3192 1270 3221 cata
1284 3192 1371 3232 erat,
1391 3182 1484 3220 nihil
1498 3191 1676 3220 terrenum
1698 3182 1905 3231 interrogat,
1927 3193 1996 3216 non
2019 3178 2063 3215 de
2081 3178 2176 3216 valc-

1192 3244 1315 3283 tudine
1330 3244 1486 3296 corporis
1501 3253 1613 3297 rogat,
1634 3242 1760 3282 nonde
1775 3242 1917 3294 opibus,
1933 3254 2002 3279 non
2023 3239 2067 3277 de
2086 3238 2177 3278 divi-

1216 3383 1231 3407 Ι»
1248 3380 1363 3416 Morel.
1384 3386 1492 3416 λαθεῖν.
