<?xml version="1.0" encoding="UTF-8"?>
<!DOCTYPE html PUBLIC "-//W3C//DTD XHTML 1.0 Transitional//EN"
    "http://www.w3.org/TR/xhtml1/DTD/xhtml1-transitional.dtd">
<html xmlns="http://www.w3.org/1999/xhtml" xml:lang="en" lang="en">
 <head>
  <title>
</title>
<meta http-equiv="Content-Type" content="text/html;charset=utf-8" />
  <meta name='ocr-system' content='tesseract 3.04.00' />
  <meta name='ocr-capabilities' content='ocr_page ocr_carea ocr_par ocr_line ocrx_word'/>
</head>
<body>
  <div class='ocr_page' id='page_1' title='image "./operaomniaquaeex08johnuoft/operaomniaquaeex08johnuoft_0523.png"; bbox 0 0 2481 3678; ppageno 0'>
   <div class='ocr_carea' id='block_1_1' title="bbox 703 186 1661 239">
    <p class='ocr_par' dir='ltr' id='par_1_1' title="bbox 703 186 1661 239">
     <span class='ocr_line' id='line_1_1' title="bbox 703 186 1661 239; baseline -0.009 -1"><span class='ocrx_word' id='word_1_1' title='bbox 703 209 744 239; x_wconf 64' lang='lat' dir='ltr'>lu</span> <span class='ocrx_word' id='word_1_2' title='bbox 783 206 987 238; x_wconf 60' lang='lat' dir='ltr'><strong>sommam</strong></span> <span class='ocrx_word' id='word_1_3' title='bbox 1024 203 1184 234; x_wconf 74' lang='lat' dir='ltr'><strong>notun..</strong></span> <span class='ocrx_word' id='word_1_4' title='bbox 1223 202 1378 232; x_wconf 73' lang='lat' dir='ltr'><strong>Lxxnt.</strong></span> <span class='ocrx_word' id='word_1_5' title='bbox 1418 186 1478 231; x_wconf 87' lang='lat' dir='ltr'>al.</span> <span class='ocrx_word' id='word_1_6' title='bbox 1517 201 1661 231; x_wconf 77' lang='lat' dir='ltr'><strong>Lxxu.</strong></span> 
     </span>
    </p>
   </div>
   <div class='ocr_carea' id='block_1_2' title="bbox 138 286 1171 1568">
    <p class='ocr_par' dir='ltr' id='par_1_2' title="bbox 138 286 1171 1568">
     <span class='ocr_line' id='line_1_2' title="bbox 140 286 1160 345; baseline -0.012 -12"><span class='ocrx_word' id='word_1_7' title='bbox 140 295 256 341; x_wconf 80' lang='grc' dir='ltr'>αὐτὸν,</span> <span class='ocrx_word' id='word_1_8' title='bbox 273 295 339 345; x_wconf 73' lang='grc' dir='ltr'>οὐχ</span> <span class='ocrx_word' id='word_1_9' title='bbox 358 292 445 332; x_wconf 77' lang='grc' dir='ltr'>οὕτω</span> <span class='ocrx_word' id='word_1_10' title='bbox 472 291 507 331; x_wconf 79' lang='grc' dir='ltr'>δὲ</span> <span class='ocrx_word' id='word_1_11' title='bbox 525 294 570 335; x_wconf 81' lang='grc' dir='ltr'>ὡς</span> <span class='ocrx_word' id='word_1_12' title='bbox 589 293 706 344; x_wconf 79' lang='grc' dir='ltr'>ἐχρῆν.</span> <span class='ocrx_word' id='word_1_13' title='bbox 729 292 819 329; x_wconf 96' lang='grc' dir='ltr'>Θεὸν</span> <span class='ocrx_word' id='word_1_14' title='bbox 852 289 912 340; x_wconf 79' lang='grc' dir='ltr'>μὲν</span> <span class='ocrx_word' id='word_1_15' title='bbox 933 288 1000 339; x_wconf 75' lang='grc' dir='ltr'>γὰρ</span> <span class='ocrx_word' id='word_1_16' title='bbox 1021 286 1160 338; x_wconf 72' lang='grc' dir='ltr'>ᾔδεσαν,</span> 
     </span>
     <span class='ocr_line' id='line_1_3' title="bbox 141 347 1161 408; baseline -0.011 -14"><span class='ocrx_word' id='word_1_17' title='bbox 141 356 285 408; x_wconf 85' lang='grc' dir='ltr'>Πατέρα</span> <span class='ocrx_word' id='word_1_18' title='bbox 305 355 339 393; x_wconf 82' lang='grc' dir='ltr'>δὲ</span> <span class='ocrx_word' id='word_1_19' title='bbox 360 354 513 393; x_wconf 74' lang='grc' dir='ltr'>οὐδέπω·</span> <span class='ocrx_word' id='word_1_20' title='bbox 531 353 670 405; x_wconf 74' lang='grc' dir='ltr'>ὕστερον</span> <span class='ocrx_word' id='word_1_21' title='bbox 691 352 758 404; x_wconf 78' lang='grc' dir='ltr'>γὰρ</span> <span class='ocrx_word' id='word_1_22' title='bbox 778 352 816 390; x_wconf 88' lang='grc' dir='ltr'>τὸ</span> <span class='ocrx_word' id='word_1_23' title='bbox 838 353 984 400; x_wconf 77' lang='grc' dir='ltr'>Πνεῦμα</span> <span class='ocrx_word' id='word_1_24' title='bbox 1007 347 1161 391; x_wconf 81' lang='grc' dir='ltr'>ἐπελθὸν,</span> 
     </span>
     <span class='ocr_line' id='line_1_4' title="bbox 140 407 1161 463; baseline -0.01 -9"><span class='ocrx_word' id='word_1_25' title='bbox 140 423 254 454; x_wconf 78' lang='grc' dir='ltr'>πᾶσαν</span> <span class='ocrx_word' id='word_1_26' title='bbox 284 417 317 454; x_wconf 77' lang='grc' dir='ltr'>ἐν</span> <span class='ocrx_word' id='word_1_27' title='bbox 347 417 461 459; x_wconf 81' lang='grc' dir='ltr'>αὐτοῖς</span> <span class='ocrx_word' id='word_1_28' title='bbox 481 414 717 453; x_wconf 72' lang='grc' dir='ltr'>κατεσκεύασε</span> <span class='ocrx_word' id='word_1_29' title='bbox 736 413 798 460; x_wconf 72' lang='grc' dir='ltr'>τὴν</span> <span class='ocrx_word' id='word_1_30' title='bbox 820 415 958 463; x_wconf 82' lang='grc' dir='ltr'>γνῶσιν.</span> <span class='ocrx_word' id='word_1_31' title='bbox 979 409 1029 447; x_wconf 70' lang='lat'>‘³0</span> <span class='ocrx_word' id='word_1_32' title='bbox 1045 407 1079 446; x_wconf 75' lang='grc' dir='ltr'>’δὲ</span> <span class='ocrx_word' id='word_1_33' title='bbox 1099 407 1161 444; x_wconf 89' lang='grc' dir='ltr'>λε’-</span> 
     </span>
     <span class='ocr_line' id='line_1_5' title="bbox 138 468 1161 528; baseline -0.012 -12"><span class='ocrx_word' id='word_1_34' title='bbox 138 494 214 528; x_wconf 88' lang='grc' dir='ltr'>γει,</span> <span class='ocrx_word' id='word_1_35' title='bbox 247 476 400 516; x_wconf 75' lang='grc' dir='ltr'>τοιοῦτόν</span> <span class='ocrx_word' id='word_1_36' title='bbox 431 478 523 514; x_wconf 87' lang='grc' dir='ltr'>ε’στιν</span> <span class='ocrx_word' id='word_1_37' title='bbox 538 492 545 499; x_wconf 87' lang='grc'><em>·</em></span> <span class='ocrx_word' id='word_1_38' title='bbox 575 478 603 514; x_wconf 86' lang='grc' dir='ltr'>εἰ</span> <span class='ocrx_word' id='word_1_39' title='bbox 628 476 743 527; x_wconf 76' lang='grc' dir='ltr'>ᾔδειτε</span> <span class='ocrx_word' id='word_1_40' title='bbox 762 474 825 521; x_wconf 88' lang='grc' dir='ltr'>τὴν</span> <span class='ocrx_word' id='word_1_41' title='bbox 845 471 932 523; x_wconf 81' lang='grc' dir='ltr'>ἐμὴν</span> <span class='ocrx_word' id='word_1_42' title='bbox 964 469 1082 508; x_wconf 83' lang='grc' dir='ltr'>οὐσίαν</span> <span class='ocrx_word' id='word_1_43' title='bbox 1103 468 1161 505; x_wconf 81' lang='grc' dir='ltr'>καὶ</span> 
     </span>
     <span class='ocr_line' id='line_1_6' title="bbox 138 529 1162 588; baseline -0.01 -13"><span class='ocrx_word' id='word_1_44' title='bbox 138 539 202 584; x_wconf 77' lang='grc' dir='ltr'>τὴν</span> <span class='ocrx_word' id='word_1_45' title='bbox 231 538 341 583; x_wconf 81' lang='grc' dir='ltr'>ἀξίαν,</span> <span class='ocrx_word' id='word_1_46' title='bbox 373 537 431 576; x_wconf 82' lang='grc' dir='ltr'>καὶ</span> <span class='ocrx_word' id='word_1_47' title='bbox 451 537 513 584; x_wconf 80' lang='grc' dir='ltr'>τὴν</span> <span class='ocrx_word' id='word_1_48' title='bbox 538 542 598 576; x_wconf 68' lang='grc' dir='ltr'>τοῦ</span> <span class='ocrx_word' id='word_1_49' title='bbox 625 535 764 588; x_wconf 82' lang='grc' dir='ltr'>Πατρὸς</span> <span class='ocrx_word' id='word_1_50' title='bbox 790 534 916 585; x_wconf 80' lang='grc' dir='ltr'>ᾔδειτε.</span> <span class='ocrx_word' id='word_1_51' title='bbox 939 530 1008 569; x_wconf 78' lang='grc' dir='ltr'>Καὶ</span> <span class='ocrx_word' id='word_1_52' title='bbox 1030 529 1162 581; x_wconf 81' lang='grc' dir='ltr'>ἀπάρτι</span> 
     </span>
     <span class='ocr_line' id='line_1_7' title="bbox 138 591 1159 652; baseline -0.01 -15"><span class='ocrx_word' id='word_1_53' title='bbox 138 600 309 652; x_wconf 80' lang='grc' dir='ltr'>γνώσεσθε</span> <span class='ocrx_word' id='word_1_54' title='bbox 324 600 440 646; x_wconf 81' lang='grc' dir='ltr'>αὐτὸν,</span> <span class='ocrx_word' id='word_1_55' title='bbox 460 599 519 638; x_wconf 70' lang='grc' dir='ltr'>καὶ</span> <span class='ocrx_word' id='word_1_56' title='bbox 535 598 712 652; x_wconf 73' lang='grc' dir='ltr'>ἑωράκατε</span> <span class='ocrx_word' id='word_1_57' title='bbox 732 597 832 636; x_wconf 81' lang='grc' dir='ltr'>αὐτὸν</span> <span class='ocrx_word' id='word_1_58' title='bbox 852 599 863 642; x_wconf 83' lang='lat'>(</span> <span class='ocrx_word' id='word_1_59' title='bbox 874 594 914 632; x_wconf 81' lang='grc' dir='ltr'>τὸ</span> <span class='ocrx_word' id='word_1_60' title='bbox 933 592 996 643; x_wconf 78' lang='grc' dir='ltr'>μὲν</span> <span class='ocrx_word' id='word_1_61' title='bbox 1013 591 1159 642; x_wconf 81' lang='grc' dir='ltr'>μέλλον-</span> 
     </span>
     <span class='ocr_line' id='line_1_8' title="bbox 139 650 1162 713; baseline -0.011 -14"><span class='ocrx_word' id='word_1_62' title='bbox 139 677 212 707; x_wconf 91' lang='grc' dir='ltr'>τος,</span> <span class='ocrx_word' id='word_1_63' title='bbox 233 661 272 699; x_wconf 89' lang='grc' dir='ltr'>τὸ</span> <span class='ocrx_word' id='word_1_64' title='bbox 292 660 327 700; x_wconf 76' lang='grc' dir='ltr'>δὲ</span> <span class='ocrx_word' id='word_1_65' title='bbox 355 661 523 713; x_wconf 79' lang='grc' dir='ltr'>παρόντος</span> <span class='ocrx_word' id='word_1_66' title='bbox 539 665 571 709; x_wconf 89' lang='grc'>)·</span> <span class='ocrx_word' id='word_1_67' title='bbox 602 658 793 704; x_wconf 86' lang='grc' dir='ltr'>τουτέστιν,</span> <span class='ocrx_word' id='word_1_68' title='bbox 820 657 862 693; x_wconf 85' lang='grc' dir='ltr'>δι’</span> <span class='ocrx_word' id='word_1_69' title='bbox 883 655 979 705; x_wconf 77' lang='grc' dir='ltr'>ἐμοῦ.</span> <span class='ocrx_word' id='word_1_70' title='bbox 998 652 1110 704; x_wconf 69' lang='grc' dir='ltr'>’Όψιν</span> <span class='ocrx_word' id='word_1_71' title='bbox 1127 650 1162 688; x_wconf 79' lang='grc' dir='ltr'>δὲ</span> 
     </span>
     <span class='ocr_line' id='line_1_9' title="bbox 140 714 1162 773; baseline -0.008 -15"><span class='ocrx_word' id='word_1_72' title='bbox 140 720 234 773; x_wconf 87' lang='grc' dir='ltr'>λε’γει</span> <span class='ocrx_word' id='word_1_73' title='bbox 263 720 326 769; x_wconf 78' lang='grc' dir='ltr'>τὴν</span> <span class='ocrx_word' id='word_1_74' title='bbox 354 721 446 760; x_wconf 76' lang='grc' dir='ltr'>κατὰ</span> <span class='ocrx_word' id='word_1_75' title='bbox 465 722 616 760; x_wconf 82' lang='grc' dir='ltr'>διάνοιαν</span> <span class='ocrx_word' id='word_1_76' title='bbox 639 722 778 771; x_wconf 80' lang='grc' dir='ltr'>γνῶσιν.</span> <span class='ocrx_word' id='word_1_77' title='bbox 797 716 889 760; x_wconf 73' lang='grc' dir='ltr'>Τοὺς</span> <span class='ocrx_word' id='word_1_78' title='bbox 907 715 967 766; x_wconf 76' lang='grc' dir='ltr'>μὲν</span> <span class='ocrx_word' id='word_1_79' title='bbox 988 714 1055 767; x_wconf 77' lang='grc' dir='ltr'>γὰρ</span> <span class='ocrx_word' id='word_1_80' title='bbox 1073 717 1162 765; x_wconf 82' lang='grc' dir='ltr'>ὁρω-</span> 
     </span>
     <span class='ocr_line' id='line_1_10' title="bbox 140 774 1164 834; baseline -0.009 -14"><span class='ocrx_word' id='word_1_81' title='bbox 140 782 261 832; x_wconf 79' lang='grc' dir='ltr'>μένους</span> <span class='ocrx_word' id='word_1_82' title='bbox 281 784 456 834; x_wconf 76' lang='grc' dir='ltr'>δυνάμεθα</span> <span class='ocrx_word' id='word_1_83' title='bbox 475 783 534 820; x_wconf 81' lang='grc' dir='ltr'>καὶ</span> <span class='ocrx_word' id='word_1_84' title='bbox 553 785 634 834; x_wconf 80' lang='grc' dir='ltr'>ὁρᾷν</span> <span class='ocrx_word' id='word_1_85' title='bbox 653 780 712 818; x_wconf 85' lang='grc' dir='ltr'>καὶ</span> <span class='ocrx_word' id='word_1_86' title='bbox 731 782 886 830; x_wconf 89' lang='grc' dir='ltr'>ἀγνοεῖν·</span> <span class='ocrx_word' id='word_1_87' title='bbox 909 775 988 819; x_wconf 79' lang='grc' dir='ltr'>τοὺς</span> <span class='ocrx_word' id='word_1_88' title='bbox 1010 774 1045 813; x_wconf 81' lang='grc' dir='ltr'>δὲ</span> <span class='ocrx_word' id='word_1_89' title='bbox 1064 790 1164 825; x_wconf 86' lang='grc' dir='ltr'>γινω-</span> 
     </span>
     <span class='ocr_line' id='line_1_11' title="bbox 141 836 1165 894; baseline -0.009 -12"><span class='ocrx_word' id='word_1_90' title='bbox 141 844 328 894; x_wconf 79' lang='grc' dir='ltr'>σκομένους</span> <span class='ocrx_word' id='word_1_91' title='bbox 349 846 386 881; x_wconf 85' lang='grc' dir='ltr'>οὐ</span> <span class='ocrx_word' id='word_1_92' title='bbox 419 843 592 893; x_wconf 78' lang='grc' dir='ltr'>δυνάμεθα</span> <span class='ocrx_word' id='word_1_93' title='bbox 622 840 803 892; x_wconf 79' lang='grc' dir='ltr'>γινώσκειν</span> <span class='ocrx_word' id='word_1_94' title='bbox 833 838 892 876; x_wconf 79' lang='grc' dir='ltr'>καὶ</span> <span class='ocrx_word' id='word_1_95' title='bbox 923 839 1070 888; x_wconf 82' lang='grc' dir='ltr'>ἀγνοεῖν.</span> <span class='ocrx_word' id='word_1_96' title='bbox 1096 836 1165 874; x_wconf 78' lang='grc' dir='ltr'>Διὰ</span> 
     </span>
     <span class='ocr_line' id='line_1_12' title="bbox 142 899 1164 957; baseline -0.007 -15"><span class='ocrx_word' id='word_1_97' title='bbox 142 906 241 944; x_wconf 76' lang='grc' dir='ltr'>τοῦτό</span> <span class='ocrx_word' id='word_1_98' title='bbox 274 920 379 957; x_wconf 79' lang='grc' dir='ltr'>φησι·</span> <span class='ocrx_word' id='word_1_99' title='bbox 413 904 483 943; x_wconf 82' lang='grc' dir='ltr'>Καὶ</span> <span class='ocrx_word' id='word_1_100' title='bbox 515 903 693 954; x_wconf 78' lang='grc' dir='ltr'>ἑωράκατε</span> <span class='ocrx_word' id='word_1_101' title='bbox 729 901 829 940; x_wconf 79' lang='grc' dir='ltr'>αὐτόν</span> <span class='ocrx_word' id='word_1_102' title='bbox 848 916 855 923; x_wconf 95' lang='grc'><em>·</em></span> <span class='ocrx_word' id='word_1_103' title='bbox 890 899 1010 950; x_wconf 78' lang='grc' dir='ltr'>ὥσπερ</span> <span class='ocrx_word' id='word_1_104' title='bbox 1048 899 1164 951; x_wconf 63' lang='grc' dir='ltr'>φησὶν,</span> 
     </span>
     <span class='ocr_line' id='line_1_13' title="bbox 140 959 1166 1017; baseline -0.006 -14"><span class='ocrx_word' id='word_1_105' title='bbox 140 964 256 1017; x_wconf 46' lang='lat' dir='ltr'>’&#39;S-240⁷}</span> <span class='ocrx_word' id='word_1_106' title='bbox 283 966 341 1004; x_wconf 80' lang='grc' dir='ltr'>καὶ</span> <span class='ocrx_word' id='word_1_107' title='bbox 368 965 537 1016; x_wconf 76' lang='grc' dir='ltr'>ἀγγέλοις.</span> <span class='ocrx_word' id='word_1_108' title='bbox 570 963 693 1002; x_wconf 82' lang='grc' dir='ltr'>Καίτοι</span> <span class='ocrx_word' id='word_1_109' title='bbox 719 979 758 1014; x_wconf 89' lang='grc' dir='ltr'>γε</span> <span class='ocrx_word' id='word_1_110' title='bbox 796 964 856 1000; x_wconf 76' lang='grc' dir='ltr'>οὐκ</span> <span class='ocrx_word' id='word_1_111' title='bbox 890 960 977 1007; x_wconf 77' lang='grc' dir='ltr'>αὐτὴ</span> <span class='ocrx_word' id='word_1_112' title='bbox 1011 963 1032 1006; x_wconf 77' lang='grc' dir='ltr'>ἡ</span> <span class='ocrx_word' id='word_1_113' title='bbox 1065 959 1166 998; x_wconf 78' lang='grc' dir='ltr'>οὐσία</span> 
     </span>
     <span class='ocr_line' id='line_1_14' title="bbox 141 1018 1167 1079; baseline -0.006 -14"><span class='ocrx_word' id='word_1_114' title='bbox 141 1026 238 1079; x_wconf 74' lang='grc' dir='ltr'>ὤφθη</span> <span class='ocrx_word' id='word_1_115' title='bbox 254 1042 261 1050; x_wconf 95' lang='grc'><em>·</em></span> <span class='ocrx_word' id='word_1_116' title='bbox 291 1028 367 1065; x_wconf 82' lang='grc' dir='ltr'>ἀλλ’</span> <span class='ocrx_word' id='word_1_117' title='bbox 389 1027 482 1077; x_wconf 78' lang='grc' dir='ltr'>ὅμως</span> <span class='ocrx_word' id='word_1_118' title='bbox 511 1025 615 1078; x_wconf 75' lang='grc' dir='ltr'>φησὶν</span> <span class='ocrx_word' id='word_1_119' title='bbox 632 1018 767 1077; x_wconf 64' lang='grc' dir='ltr'>ὦφθαι,</span> <span class='ocrx_word' id='word_1_120' title='bbox 799 1022 932 1070; x_wconf 75' lang='grc' dir='ltr'>δηλαδὴ</span> <span class='ocrx_word' id='word_1_121' title='bbox 954 1026 999 1066; x_wconf 79' lang='grc' dir='ltr'>ὡς</span> <span class='ocrx_word' id='word_1_122' title='bbox 1025 1022 1167 1065; x_wconf 82' lang='grc' dir='ltr'>ἐκείνοις</span> 
     </span>
     <span class='ocr_line' id='line_1_15' title="bbox 142 1084 1167 1137; baseline -0.003 -12"><span class='ocrx_word' id='word_1_123' title='bbox 142 1088 223 1126; x_wconf 82' lang='grc' dir='ltr'>ἰδεῖν</span> <span class='ocrx_word' id='word_1_124' title='bbox 252 1087 431 1127; x_wconf 57' lang='grc' dir='ltr'>θδυνατόν.</span> <span class='ocrx_word' id='word_1_125' title='bbox 465 1086 572 1127; x_wconf 78' lang='grc' dir='ltr'>Οὕτω</span> <span class='ocrx_word' id='word_1_126' title='bbox 603 1085 638 1125; x_wconf 75' lang='grc' dir='ltr'>δὲ</span> <span class='ocrx_word' id='word_1_127' title='bbox 669 1086 829 1137; x_wconf 87' lang='grc' dir='ltr'>εἴρηται,</span> <span class='ocrx_word' id='word_1_128' title='bbox 856 1084 912 1122; x_wconf 71' lang='grc' dir='ltr'>ἵνα</span> <span class='ocrx_word' id='word_1_129' title='bbox 935 1084 1046 1136; x_wconf 69' lang='grc' dir='ltr'>μάθῃς</span> <span class='ocrx_word' id='word_1_130' title='bbox 1073 1084 1126 1124; x_wconf 73' lang='grc' dir='ltr'>ὅτι</span> <span class='ocrx_word' id='word_1_131' title='bbox 1150 1087 1167 1122; x_wconf 82' lang='grc' dir='ltr'>ὃ</span> 
     </span>
     <span class='ocr_line' id='line_1_16' title="bbox 143 1141 1169 1202; baseline -0.002 -15"><span class='ocrx_word' id='word_1_132' title='bbox 143 1149 242 1187; x_wconf 73' lang='grc' dir='ltr'>αὐτὸν</span> <span class='ocrx_word' id='word_1_133' title='bbox 263 1149 445 1202; x_wconf 79' lang='grc' dir='ltr'>ἑωρακὼς,</span> <span class='ocrx_word' id='word_1_134' title='bbox 475 1150 534 1188; x_wconf 81' lang='grc' dir='ltr'>τὸν</span> <span class='ocrx_word' id='word_1_135' title='bbox 553 1147 788 1200; x_wconf 74' lang='grc' dir='ltr'>γεγεννηκότα</span> <span class='ocrx_word' id='word_1_136' title='bbox 821 1141 925 1184; x_wconf 65' lang='grc' dir='ltr'>οἶδεν.</span> <span class='ocrx_word' id='word_1_137' title='bbox 956 1145 1169 1185; x_wconf 60' lang='lat' dir='ltr'><strong>&#39;manteau-,0</strong></span> 
     </span>
     <span class='ocr_line' id='line_1_17' title="bbox 143 1207 1168 1263; baseline -0.006 -14"><span class='ocrx_word' id='word_1_138' title='bbox 143 1211 178 1249; x_wconf 78' lang='grc' dir='ltr'>δὲ</span> <span class='ocrx_word' id='word_1_139' title='bbox 201 1211 301 1249; x_wconf 79' lang='grc' dir='ltr'>αὐτὸν</span> <span class='ocrx_word' id='word_1_140' title='bbox 321 1212 358 1248; x_wconf 79' lang='grc' dir='ltr'>οὗ</span> <span class='ocrx_word' id='word_1_141' title='bbox 373 1212 488 1261; x_wconf 82' lang='grc' dir='ltr'>γυμνῇ</span> <span class='ocrx_word' id='word_1_142' title='bbox 508 1213 551 1263; x_wconf 76' lang='grc' dir='ltr'>τῇ</span> <span class='ocrx_word' id='word_1_143' title='bbox 569 1209 667 1262; x_wconf 73' lang='grc' dir='ltr'>οὐσία</span> <span class='ocrx_word' id='word_1_144' title='bbox 681 1237 690 1255; x_wconf 89' lang='grc'>,</span> <span class='ocrx_word' id='word_1_145' title='bbox 710 1207 798 1246; x_wconf 81' lang='grc' dir='ltr'>ἀλλὰ</span> <span class='ocrx_word' id='word_1_146' title='bbox 819 1208 933 1260; x_wconf 74' lang='grc' dir='ltr'>σάρκα</span> <span class='ocrx_word' id='word_1_147' title='bbox 958 1207 1168 1259; x_wconf 64' lang='grc' dir='ltr'>περιὸεέλη-</span> 
     </span>
     <span class='ocr_line' id='line_1_18' title="bbox 144 1265 1167 1323; baseline -0.004 -14"><span class='ocrx_word' id='word_1_148' title='bbox 144 1271 257 1322; x_wconf 84' lang='grc' dir='ltr'>μένον.</span> <span class='ocrx_word' id='word_1_149' title='bbox 278 1265 364 1311; x_wconf 59' lang='grc' dir='ltr'>Οἵδε</span> <span class='ocrx_word' id='word_1_150' title='bbox 392 1271 427 1309; x_wconf 79' lang='grc' dir='ltr'>δὲ</span> <span class='ocrx_word' id='word_1_151' title='bbox 455 1273 611 1323; x_wconf 72' lang='grc' dir='ltr'>ἀλλαχοῦ</span> <span class='ocrx_word' id='word_1_152' title='bbox 631 1270 690 1308; x_wconf 82' lang='grc' dir='ltr'>καὶ</span> <span class='ocrx_word' id='word_1_153' title='bbox 710 1269 773 1315; x_wconf 72' lang='grc' dir='ltr'>τὴν</span> <span class='ocrx_word' id='word_1_154' title='bbox 791 1268 867 1320; x_wconf 67' lang='grc' dir='ltr'>ὄψιν</span> <span class='ocrx_word' id='word_1_155' title='bbox 887 1271 1013 1319; x_wconf 82' lang='grc' dir='ltr'>γνῶσιν</span> <span class='ocrx_word' id='word_1_156' title='bbox 1033 1267 1167 1319; x_wconf 80' lang='grc' dir='ltr'>λέγειν·</span> 
     </span>
     <span class='ocr_line' id='line_1_19' title="bbox 143 1329 1170 1384; baseline -0.005 -13"><span class='ocrx_word' id='word_1_157' title='bbox 143 1336 189 1376; x_wconf 80' lang='grc' dir='ltr'>ὡς</span> <span class='ocrx_word' id='word_1_158' title='bbox 209 1333 290 1371; x_wconf 82' lang='grc' dir='ltr'>ὅταν</span> <span class='ocrx_word' id='word_1_159' title='bbox 313 1333 418 1384; x_wconf 83' lang='grc' dir='ltr'>λέγῃ,</span> <span class='ocrx_word' id='word_1_160' title='bbox 436 1332 616 1383; x_wconf 77' lang='grc' dir='ltr'>Μακάριοι</span> <span class='ocrx_word' id='word_1_161' title='bbox 639 1334 670 1369; x_wconf 86' lang='grc' dir='ltr'>οἱ</span> <span class='ocrx_word' id='word_1_162' title='bbox 705 1330 849 1381; x_wconf 80' lang='grc' dir='ltr'>καθαροὶ</span> <span class='ocrx_word' id='word_1_163' title='bbox 875 1332 917 1380; x_wconf 76' lang='grc' dir='ltr'>τῇ</span> <span class='ocrx_word' id='word_1_164' title='bbox 951 1329 1075 1381; x_wconf 77' lang='grc' dir='ltr'>καρδίᾳ</span> <span class='ocrx_word' id='word_1_165' title='bbox 1089 1360 1098 1377; x_wconf 89' lang='grc'>,</span> <span class='ocrx_word' id='word_1_166' title='bbox 1117 1330 1170 1366; x_wconf 81' lang='grc' dir='ltr'>ὅτι</span> 
     </span>
     <span class='ocr_line' id='line_1_20' title="bbox 144 1390 1170 1445; baseline -0.005 -13"><span class='ocrx_word' id='word_1_167' title='bbox 144 1394 240 1432; x_wconf 77' lang='grc' dir='ltr'>αὐτοὶ</span> <span class='ocrx_word' id='word_1_168' title='bbox 261 1395 320 1433; x_wconf 88' lang='grc' dir='ltr'>τὸν</span> <span class='ocrx_word' id='word_1_169' title='bbox 337 1393 428 1432; x_wconf 82' lang='grc' dir='ltr'>Θεὸν</span> <span class='ocrx_word' id='word_1_170' title='bbox 444 1393 598 1445; x_wconf 69' lang='grc' dir='ltr'>ὄψονται.</span> <span class='ocrx_word' id='word_1_171' title='bbox 620 1391 802 1444; x_wconf 76' lang='grc' dir='ltr'>Καθαροὺς</span> <span class='ocrx_word' id='word_1_172' title='bbox 817 1393 852 1430; x_wconf 78' lang='grc' dir='ltr'>δὲ</span> <span class='ocrx_word' id='word_1_173' title='bbox 865 1420 874 1436; x_wconf 85' lang='grc'>,</span> <span class='ocrx_word' id='word_1_174' title='bbox 895 1390 973 1442; x_wconf 76' lang='grc' dir='ltr'>οὗχί</span> <span class='ocrx_word' id='word_1_175' title='bbox 987 1390 1064 1433; x_wconf 79' lang='grc' dir='ltr'>τοὺς</span> <span class='ocrx_word' id='word_1_176' title='bbox 1081 1405 1170 1442; x_wconf 88' lang='grc' dir='ltr'>πορ-</span> 
     </span>
     <span class='ocr_line' id='line_1_21' title="bbox 144 1452 1171 1506; baseline -0.002 -14"><span class='ocrx_word' id='word_1_177' title='bbox 144 1455 235 1499; x_wconf 88' lang='grc' dir='ltr'>νείας</span> <span class='ocrx_word' id='word_1_178' title='bbox 253 1454 562 1506; x_wconf 80' lang='grc' dir='ltr'>ἀπηλλαγμένους,</span> <span class='ocrx_word' id='word_1_179' title='bbox 586 1453 676 1492; x_wconf 83' lang='grc' dir='ltr'>ἀλλὰ</span> <span class='ocrx_word' id='word_1_180' title='bbox 696 1452 774 1496; x_wconf 77' lang='grc' dir='ltr'>τοὺς</span> <span class='ocrx_word' id='word_1_181' title='bbox 793 1452 931 1490; x_wconf 83' lang='grc' dir='ltr'>πάντων</span> <span class='ocrx_word' id='word_1_182' title='bbox 953 1453 1171 1503; x_wconf 81' lang='grc' dir='ltr'>ἁμαρτημά-</span> 
     </span>
     <span class='ocr_line' id='line_1_22' title="bbox 143 1512 1170 1568; baseline -0.005 -14"><span class='ocrx_word' id='word_1_183' title='bbox 143 1533 210 1554; x_wconf 85' lang='grc' dir='ltr'>των</span> <span class='ocrx_word' id='word_1_184' title='bbox 246 1516 331 1568; x_wconf 73' lang='grc' dir='ltr'>φησί</span> <span class='ocrx_word' id='word_1_185' title='bbox 346 1532 353 1540; x_wconf 92' lang='grc'><em>·</em></span> <span class='ocrx_word' id='word_1_186' title='bbox 383 1522 481 1554; x_wconf 76' lang='grc' dir='ltr'>πᾶσα</span> <span class='ocrx_word' id='word_1_187' title='bbox 512 1515 580 1567; x_wconf 82' lang='grc' dir='ltr'>γὰρ</span> <span class='ocrx_word' id='word_1_188' title='bbox 611 1514 767 1566; x_wconf 86' lang='grc' dir='ltr'>ἁμαρτία</span> <span class='ocrx_word' id='word_1_189' title='bbox 803 1514 909 1566; x_wconf 80' lang='grc' dir='ltr'>ῥύπον</span> <span class='ocrx_word' id='word_1_190' title='bbox 942 1512 1095 1560; x_wconf 79' lang='grc' dir='ltr'>ἐντίθησι</span> <span class='ocrx_word' id='word_1_191' title='bbox 1129 1516 1170 1563; x_wconf 73' lang='grc' dir='ltr'>τῇ</span> 
     </span>
    </p>
   </div>
   <div class='ocr_carea' id='block_1_3' title="bbox 144 1581 254 1631">
    <p class='ocr_par' dir='ltr' id='par_1_3' title="bbox 144 1581 254 1631">
     <span class='ocr_line' id='line_1_23' title="bbox 144 1581 254 1631; baseline -0.009 0"><span class='ocrx_word' id='word_1_192' title='bbox 144 1581 254 1631; x_wconf 65' lang='grc' dir='ltr'>ψυχῇ·</span> 
     </span>
    </p>
   </div>
   <div class='ocr_carea' id='block_1_4' title="bbox 194 1634 1220 1690">
    <p class='ocr_par' dir='ltr' id='par_1_4' title="bbox 194 1634 1220 1690">
     <span class='ocr_line' id='line_1_24' title="bbox 194 1634 1220 1690; baseline -0.005 -13"><span class='ocrx_word' id='word_1_193' title='bbox 194 1639 321 1677; x_wconf 78' lang='grc' dir='ltr'>Πάντα</span> <span class='ocrx_word' id='word_1_194' title='bbox 346 1638 458 1676; x_wconf 86' lang='grc' dir='ltr'>τοίνυν</span> <span class='ocrx_word' id='word_1_195' title='bbox 497 1638 720 1690; x_wconf 80' lang='grc' dir='ltr'>πράττωμεν,</span> <span class='ocrx_word' id='word_1_196' title='bbox 745 1636 837 1674; x_wconf 82' lang='grc' dir='ltr'>ὥστε</span> <span class='ocrx_word' id='word_1_197' title='bbox 873 1634 1077 1686; x_wconf 75' lang='grc' dir='ltr'>ἀποσμῆξαι</span> <span class='ocrx_word' id='word_1_198' title='bbox 1108 1635 1171 1682; x_wconf 83' lang='grc' dir='ltr'>τὴν</span> <span class='ocrx_word' id='word_1_199' title='bbox 1196 1641 1220 1672; x_wconf 86' lang='grc' dir='ltr'>Ε</span> 
     </span>
    </p>
   </div>
   <div class='ocr_carea' id='block_1_5' title="bbox 143 1696 1174 2059">
    <p class='ocr_par' dir='ltr' id='par_1_5' title="bbox 143 1696 1174 2059">
     <span class='ocr_line' id='line_1_25' title="bbox 146 1696 1174 1753; baseline -0.004 -15"><span class='ocrx_word' id='word_1_200' title='bbox 146 1699 330 1753; x_wconf 79' lang='grc' dir='ltr'>ῥυπαρίαν.</span> <span class='ocrx_word' id='word_1_201' title='bbox 351 1699 566 1752; x_wconf 74' lang='grc' dir='ltr'>Ἀποσμήχει</span> <span class='ocrx_word' id='word_1_202' title='bbox 588 1699 624 1738; x_wconf 79' lang='grc' dir='ltr'>δὲ</span> <span class='ocrx_word' id='word_1_203' title='bbox 644 1701 782 1751; x_wconf 78' lang='grc' dir='ltr'>πρῶτον</span> <span class='ocrx_word' id='word_1_204' title='bbox 814 1697 854 1736; x_wconf 86' lang='grc' dir='ltr'>τὸ</span> <span class='ocrx_word' id='word_1_205' title='bbox 884 1696 1046 1748; x_wconf 87' lang='grc' dir='ltr'>λουτρόν·</span> <span class='ocrx_word' id='word_1_206' title='bbox 1075 1696 1174 1734; x_wconf 76' lang='grc' dir='ltr'>ὕστε-</span> 
     </span>
     <span class='ocr_line' id='line_1_26' title="bbox 146 1757 1173 1814; baseline -0.004 -15"><span class='ocrx_word' id='word_1_207' title='bbox 146 1777 202 1812; x_wconf 92' lang='grc' dir='ltr'>ρον</span> <span class='ocrx_word' id='word_1_208' title='bbox 222 1760 257 1800; x_wconf 79' lang='grc' dir='ltr'>δὲ</span> <span class='ocrx_word' id='word_1_209' title='bbox 277 1760 336 1799; x_wconf 79' lang='grc' dir='ltr'>καὶ</span> <span class='ocrx_word' id='word_1_210' title='bbox 358 1761 473 1814; x_wconf 79' lang='grc' dir='ltr'>ἕτεραι</span> <span class='ocrx_word' id='word_1_211' title='bbox 493 1761 564 1799; x_wconf 77' lang='grc' dir='ltr'>ὁδοὶ</span> <span class='ocrx_word' id='word_1_212' title='bbox 595 1760 723 1799; x_wconf 82' lang='grc' dir='ltr'>πολλαὶ</span> <span class='ocrx_word' id='word_1_213' title='bbox 746 1759 805 1798; x_wconf 79' lang='grc' dir='ltr'>καὶ</span> <span class='ocrx_word' id='word_1_214' title='bbox 832 1757 1064 1797; x_wconf 71' lang='grc' dir='ltr'>παντοδαπαί.</span> <span class='ocrx_word' id='word_1_215' title='bbox 1096 1759 1173 1795; x_wconf 89' lang='grc' dir='ltr'>Φι-</span> 
     </span>
     <span class='ocr_line' id='line_1_27' title="bbox 144 1818 1170 1875; baseline -0.004 -15"><span class='ocrx_word' id='word_1_216' title='bbox 144 1823 348 1875; x_wconf 86' lang='grc' dir='ltr'>λοίνθρωπος</span> <span class='ocrx_word' id='word_1_217' title='bbox 375 1822 444 1875; x_wconf 72' lang='grc' dir='ltr'>γὰρ</span> <span class='ocrx_word' id='word_1_218' title='bbox 464 1821 510 1860; x_wconf 78' lang='grc' dir='ltr'>ὢν</span> <span class='ocrx_word' id='word_1_219' title='bbox 539 1825 556 1860; x_wconf 87' lang='grc' dir='ltr'>ὃ</span> <span class='ocrx_word' id='word_1_220' title='bbox 584 1821 674 1865; x_wconf 89' lang='grc' dir='ltr'>Θεὸς</span> <span class='ocrx_word' id='word_1_221' title='bbox 705 1821 763 1858; x_wconf 83' lang='grc' dir='ltr'>καὶ</span> <span class='ocrx_word' id='word_1_222' title='bbox 793 1819 883 1872; x_wconf 78' lang='grc' dir='ltr'>μετὰ</span> <span class='ocrx_word' id='word_1_223' title='bbox 909 1824 1020 1858; x_wconf 74' lang='grc' dir='ltr'>ταῦτα</span> <span class='ocrx_word' id='word_1_224' title='bbox 1041 1818 1170 1857; x_wconf 71' lang='grc' dir='ltr'>ἔδωκεν</span> 
     </span>
     <span class='ocr_line' id='line_1_28' title="bbox 143 1875 1171 1934; baseline -0.003 -13"><span class='ocrx_word' id='word_1_225' title='bbox 143 1888 227 1934; x_wconf 72' lang='grc' dir='ltr'>ἡμῖν</span> <span class='ocrx_word' id='word_1_226' title='bbox 261 1882 357 1926; x_wconf 76' lang='grc' dir='ltr'>ὁδοὺς</span> <span class='ocrx_word' id='word_1_227' title='bbox 388 1883 550 1929; x_wconf 84' lang='grc' dir='ltr'>ποικίλης</span> <span class='ocrx_word' id='word_1_228' title='bbox 578 1884 802 1934; x_wconf 63' lang='grc' dir='ltr'>ἀπαλλαγῆς·</span> <span class='ocrx_word' id='word_1_229' title='bbox 823 1875 870 1919; x_wconf 62' lang='grc' dir='ltr'>ὧν</span> <span class='ocrx_word' id='word_1_230' title='bbox 899 1880 1023 1932; x_wconf 82' lang='grc' dir='ltr'>πρώτη</span> <span class='ocrx_word' id='word_1_231' title='bbox 1048 1884 1171 1919; x_wconf 80' lang='grc' dir='ltr'>πασῶν</span> 
     </span>
     <span class='ocr_line' id='line_1_29' title="bbox 144 1941 1171 1995; baseline -0.003 -13"><span class='ocrx_word' id='word_1_232' title='bbox 144 1947 236 1983; x_wconf 81' lang='grc' dir='ltr'>ἐστιν</span> <span class='ocrx_word' id='word_1_233' title='bbox 269 1947 291 1991; x_wconf 81' lang='grc' dir='ltr'>ἡ</span> <span class='ocrx_word' id='word_1_234' title='bbox 320 1943 377 1982; x_wconf 77' lang='grc' dir='ltr'>διὰ</span> <span class='ocrx_word' id='word_1_235' title='bbox 412 1948 473 1991; x_wconf 65' lang='grc' dir='ltr'>τῆς</span> <span class='ocrx_word' id='word_1_236' title='bbox 503 1944 751 1995; x_wconf 80' lang='grc' dir='ltr'>ἐλεημοσύνης.</span> <span class='ocrx_word' id='word_1_237' title='bbox 776 1941 1052 1993; x_wconf 79' lang='grc' dir='ltr'>Ἓλεημοσύναις</span> <span class='ocrx_word' id='word_1_238' title='bbox 1083 1941 1171 1993; x_wconf 78' lang='grc' dir='ltr'>γὰρ,</span> 
     </span>
     <span class='ocr_line' id='line_1_30' title="bbox 144 2002 1172 2059; baseline -0.003 -15"><span class='ocrx_word' id='word_1_239' title='bbox 144 2006 250 2059; x_wconf 77' lang='grc' dir='ltr'>φησὶ,</span> <span class='ocrx_word' id='word_1_240' title='bbox 269 2005 328 2044; x_wconf 83' lang='grc' dir='ltr'>καὶ</span> <span class='ocrx_word' id='word_1_241' title='bbox 348 2005 506 2043; x_wconf 85' lang='grc' dir='ltr'>πίστεσιν</span> <span class='ocrx_word' id='word_1_242' title='bbox 527 2005 824 2058; x_wconf 82' lang='grc' dir='ltr'>ἀποκαθαίρονται</span> <span class='ocrx_word' id='word_1_243' title='bbox 841 2002 1023 2055; x_wconf 85' lang='grc' dir='ltr'>ἁμαρτίαι.</span> <span class='ocrx_word' id='word_1_244' title='bbox 1041 2002 1172 2051; x_wconf 81' lang='grc' dir='ltr'>Ἐλεη-</span> 
     </span>
    </p>
   </div>
   <div class='ocr_carea' id='block_1_6' title="bbox 2123 182 2215 246">
    <p class='ocr_par' dir='ltr' id='par_1_6' title="bbox 2123 182 2215 246">
     <span class='ocr_line' id='line_1_31' title="bbox 2123 182 2215 246; baseline 0.043 -4"><span class='ocrx_word' id='word_1_245' title='bbox 2123 182 2215 246; x_wconf 77' lang='grc'>495</span> 
     </span>
    </p>
   </div>
   <div class='ocr_carea' id='block_1_7' title="bbox 1233 280 2430 1449">
    <p class='ocr_par' dir='ltr' id='par_1_7' title="bbox 1233 280 2426 1076">
     <span class='ocr_line' id='line_1_32' title="bbox 1233 280 2215 333; baseline -0.002 -13"><span class='ocrx_word' id='word_1_246' title='bbox 1233 282 1321 320; x_wconf 84' lang='lat' dir='ltr'>dum</span> <span class='ocrx_word' id='word_1_247' title='bbox 1339 298 1346 318; x_wconf 94' lang='lat'><strong>:</strong></span> <span class='ocrx_word' id='word_1_248' title='bbox 1368 296 1451 320; x_wconf 81' lang='lat' dir='ltr'>nam</span> <span class='ocrx_word' id='word_1_249' title='bbox 1472 282 1627 333; x_wconf 85' lang='lat' dir='ltr'>Spiritus</span> <span class='ocrx_word' id='word_1_250' title='bbox 1644 290 1762 333; x_wconf 87' lang='lat' dir='ltr'><strong>postea</strong></span> <span class='ocrx_word' id='word_1_251' title='bbox 1777 281 1920 319; x_wconf 84' lang='lat' dir='ltr'><strong>veniens</strong></span> <span class='ocrx_word' id='word_1_252' title='bbox 1939 289 2049 318; x_wconf 86' lang='lat' dir='ltr'><strong>totam</strong></span> <span class='ocrx_word' id='word_1_253' title='bbox 2068 280 2139 318; x_wconf 86' lang='lat' dir='ltr'><strong>illis</strong></span> <span class='ocrx_word' id='word_1_254' title='bbox 2159 294 2215 318; x_wconf 86' lang='lat' dir='ltr'><strong>co-</strong></span> 
     </span>
     <span class='ocr_line' id='line_1_33' title="bbox 1233 341 2216 395; baseline -0.004 -13"><span class='ocrx_word' id='word_1_255' title='bbox 1233 344 1428 395; x_wconf 82' lang='lat' dir='ltr'><strong>gnitionem</strong></span> <span class='ocrx_word' id='word_1_256' title='bbox 1462 344 1594 382; x_wconf 82' lang='lat' dir='ltr'><strong>intulit.</strong></span> <span class='ocrx_word' id='word_1_257' title='bbox 1628 344 1704 381; x_wconf 87' lang='lat' dir='ltr'><strong>Hoc</strong></span> <span class='ocrx_word' id='word_1_258' title='bbox 1736 352 1855 380; x_wconf 88' lang='lat' dir='ltr'><strong>autem</strong></span> <span class='ocrx_word' id='word_1_259' title='bbox 1891 343 1972 379; x_wconf 78' lang='lat' dir='ltr'><strong>vult</strong></span> <span class='ocrx_word' id='word_1_260' title='bbox 2002 341 2120 380; x_wconf 84' lang='lat' dir='ltr'>dicere</span> <span class='ocrx_word' id='word_1_261' title='bbox 2147 357 2153 378; x_wconf 92' lang='lat'>:</span> <span class='ocrx_word' id='word_1_262' title='bbox 2178 342 2216 380; x_wconf 89' lang='lat' dir='ltr'>Si</span> 
     </span>
     <span class='ocr_line' id='line_1_34' title="bbox 1234 402 2218 455; baseline -0.004 -11"><span class='ocrx_word' id='word_1_263' title='bbox 1234 421 1346 444; x_wconf 86' lang='lat' dir='ltr'><strong>meam</strong></span> <span class='ocrx_word' id='word_1_264' title='bbox 1374 406 1519 444; x_wconf 75' lang='lat' dir='ltr'><strong>nossetis</strong></span> <span class='ocrx_word' id='word_1_265' title='bbox 1544 404 1778 444; x_wconf 84' lang='lat' dir='ltr'><strong>substantiam</strong></span> <span class='ocrx_word' id='word_1_266' title='bbox 1797 413 1830 442; x_wconf 89' lang='lat' dir='ltr'>et</span> <span class='ocrx_word' id='word_1_267' title='bbox 1854 402 2078 455; x_wconf 82' lang='lat' dir='ltr'><strong>dignitatem,</strong></span> <span class='ocrx_word' id='word_1_268' title='bbox 2102 403 2218 441; x_wconf 86' lang='lat' dir='ltr'><strong>Patris</strong></span> 
     </span>
     <span class='ocr_line' id='line_1_35' title="bbox 1234 466 2219 518; baseline -0.001 -15"><span class='ocrx_word' id='word_1_269' title='bbox 1234 481 1374 518; x_wconf 84' lang='lat' dir='ltr'><strong>quoque</strong></span> <span class='ocrx_word' id='word_1_270' title='bbox 1400 467 1557 505; x_wconf 84' lang='lat' dir='ltr'><strong>nossetis.</strong></span> <span class='ocrx_word' id='word_1_271' title='bbox 1578 469 1630 506; x_wconf 82' lang='lat' dir='ltr'>Et</span> <span class='ocrx_word' id='word_1_272' title='bbox 1660 466 1772 504; x_wconf 86' lang='lat' dir='ltr'><strong>modo</strong></span> <span class='ocrx_word' id='word_1_273' title='bbox 1796 467 2030 517; x_wconf 79' lang='lat' dir='ltr'><strong>cognoscetis</strong></span> <span class='ocrx_word' id='word_1_274' title='bbox 2056 478 2155 510; x_wconf 82' lang='lat' dir='ltr'><strong>eum,</strong></span> <span class='ocrx_word' id='word_1_275' title='bbox 2184 473 2219 502; x_wconf 84' lang='lat' dir='ltr'>et</span> 
     </span>
     <span class='ocr_line' id='line_1_36' title="bbox 1235 524 2217 577; baseline -0.005 -11"><span class='ocrx_word' id='word_1_276' title='bbox 1235 530 1389 567; x_wconf 77' lang='lat' dir='ltr'><strong>vz&#39;distt&#39;s</strong></span> <span class='ocrx_word' id='word_1_277' title='bbox 1406 543 1491 568; x_wconf 80' lang='lat' dir='ltr'>eum</span> <span class='ocrx_word' id='word_1_278' title='bbox 1508 528 1678 576; x_wconf 87' lang='lat' dir='ltr'><strong>(alterum</strong></span> <span class='ocrx_word' id='word_1_279' title='bbox 1692 526 1823 576; x_wconf 83' lang='lat' dir='ltr'><strong>futuri,</strong></span> <span class='ocrx_word' id='word_1_280' title='bbox 1839 526 1991 564; x_wconf 90' lang='lat' dir='ltr'><strong>alterum</strong></span> <span class='ocrx_word' id='word_1_281' title='bbox 2006 524 2217 577; x_wconf 77' lang='lat' dir='ltr'><strong>praescntis);</strong></span> 
     </span>
     <span class='ocr_line' id='line_1_37' title="bbox 1235 585 2220 642; baseline -0.004 -15"><span class='ocrx_word' id='word_1_282' title='bbox 1235 590 1302 628; x_wconf 92' lang='lat' dir='ltr'><strong>hoc</strong></span> <span class='ocrx_word' id='word_1_283' title='bbox 1322 598 1390 639; x_wconf 91' lang='lat' dir='ltr'><strong>est,</strong></span> <span class='ocrx_word' id='word_1_284' title='bbox 1406 604 1469 642; x_wconf 86' lang='lat' dir='ltr'>per</span> <span class='ocrx_word' id='word_1_285' title='bbox 1488 604 1555 628; x_wconf 91' lang='lat' dir='ltr'>me.</span> <span class='ocrx_word' id='word_1_286' title='bbox 1580 589 1768 629; x_wconf 81' lang='lat' dir='ltr'><strong>Visionem</strong></span> <span class='ocrx_word' id='word_1_287' title='bbox 1784 601 1870 626; x_wconf 87' lang='lat' dir='ltr'><strong>vero</strong></span> <span class='ocrx_word' id='word_1_288' title='bbox 1888 586 1996 634; x_wconf 86' lang='lat' dir='ltr'><strong>dicit,</strong></span> <span class='ocrx_word' id='word_1_289' title='bbox 2018 585 2144 624; x_wconf 87' lang='lat' dir='ltr'><strong>mentis</strong></span> <span class='ocrx_word' id='word_1_290' title='bbox 2164 599 2220 623; x_wconf 92' lang='lat' dir='ltr'><strong>co-</strong></span> 
     </span>
     <span class='ocr_line' id='line_1_38' title="bbox 1235 648 2223 704; baseline -0.004 -16"><span class='ocrx_word' id='word_1_291' title='bbox 1235 651 1441 704; x_wconf 86' lang='lat' dir='ltr'><strong>gnitionem.</strong></span> <span class='ocrx_word' id='word_1_292' title='bbox 1463 651 1536 690; x_wconf 91' lang='lat' dir='ltr'><strong>Eos</strong></span> <span class='ocrx_word' id='word_1_293' title='bbox 1556 651 1651 689; x_wconf 89' lang='lat' dir='ltr'><strong>enim</strong></span> <span class='ocrx_word' id='word_1_294' title='bbox 1673 650 1734 702; x_wconf 91' lang='lat' dir='ltr'>qui</span> <span class='ocrx_word' id='word_1_295' title='bbox 1755 649 1944 699; x_wconf 84' lang='lat' dir='ltr'><strong>videntur,</strong></span> <span class='ocrx_word' id='word_1_296' title='bbox 1963 662 2152 701; x_wconf 88' lang='lat' dir='ltr'><strong>possumus</strong></span> <span class='ocrx_word' id='word_1_297' title='bbox 2168 648 2223 685; x_wconf 86' lang='lat' dir='ltr'>vi-</span> 
     </span>
     <span class='ocr_line' id='line_1_39' title="bbox 1235 713 2221 766; baseline -0.004 -14"><span class='ocrx_word' id='word_1_298' title='bbox 1235 714 1319 753; x_wconf 87' lang='lat' dir='ltr'><strong>dere</strong></span> <span class='ocrx_word' id='word_1_299' title='bbox 1337 724 1372 754; x_wconf 90' lang='lat' dir='ltr'>et</span> <span class='ocrx_word' id='word_1_300' title='bbox 1390 715 1552 766; x_wconf 83' lang='lat' dir='ltr'><strong>ignorare</strong></span> <span class='ocrx_word' id='word_1_301' title='bbox 1568 730 1575 751; x_wconf 78' lang='grc' dir='ltr'>ε</span> <span class='ocrx_word' id='word_1_302' title='bbox 1594 728 1652 753; x_wconf 88' lang='lat' dir='ltr'>eos</span> <span class='ocrx_word' id='word_1_303' title='bbox 1671 727 1754 752; x_wconf 86' lang='lat' dir='ltr'><strong>vero</strong></span> <span class='ocrx_word' id='word_1_304' title='bbox 1774 713 1836 765; x_wconf 86' lang='lat' dir='ltr'>qui</span> <span class='ocrx_word' id='word_1_305' title='bbox 1858 719 2129 763; x_wconf 85' lang='lat' dir='ltr'><strong>cognoscuntur,</strong></span> <span class='ocrx_word' id='word_1_306' title='bbox 2153 724 2221 750; x_wconf 92' lang='lat' dir='ltr'>non</span> 
     </span>
     <span class='ocr_line' id='line_1_40' title="bbox 1236 772 2426 840; baseline -0.004 -25"><span class='ocrx_word' id='word_1_307' title='bbox 1236 791 1424 830; x_wconf 86' lang='lat' dir='ltr'><strong>possumus</strong></span> <span class='ocrx_word' id='word_1_308' title='bbox 1444 790 1651 829; x_wconf 82' lang='lat' dir='ltr'><strong>cognoscere</strong></span> <span class='ocrx_word' id='word_1_309' title='bbox 1664 785 1697 814; x_wconf 90' lang='lat' dir='ltr'>et</span> <span class='ocrx_word' id='word_1_310' title='bbox 1712 776 1884 827; x_wconf 83' lang='lat' dir='ltr'><strong>ignorare.</strong></span> <span class='ocrx_word' id='word_1_311' title='bbox 1905 773 1989 811; x_wconf 88' lang='lat' dir='ltr'><strong>Ideo</strong></span> <span class='ocrx_word' id='word_1_312' title='bbox 2004 772 2072 821; x_wconf 87' lang='lat' dir='ltr'><strong>ait,</strong></span> <span class='ocrx_word' id='word_1_313' title='bbox 2093 774 2147 811; x_wconf 84' lang='lat' dir='ltr'>Et</span> <span class='ocrx_word' id='word_1_314' title='bbox 2161 776 2222 811; x_wconf 81' lang='lat' dir='ltr'>vi·</span> <span class='ocrx_word' id='word_1_315' title='bbox 2262 814 2426 840; x_wconf 50' lang='lat' dir='ltr'>commone</span> 
     </span>
     <span class='ocr_line' id='line_1_41' title="bbox 1237 834 2388 889; baseline -0.005 -13"><span class='ocrx_word' id='word_1_316' title='bbox 1237 839 1346 877; x_wconf 80' lang='lat' dir='ltr'><strong>distis</strong></span> <span class='ocrx_word' id='word_1_317' title='bbox 1365 853 1467 883; x_wconf 80' lang='lat' dir='ltr'><strong>ezcm;</strong></span> <span class='ocrx_word' id='word_1_318' title='bbox 1488 847 1527 876; x_wconf 89' lang='lat' dir='ltr'>ut</span> <span class='ocrx_word' id='word_1_319' title='bbox 1544 838 1642 876; x_wconf 86' lang='lat' dir='ltr'><strong>visus</strong></span> <span class='ocrx_word' id='word_1_320' title='bbox 1661 845 1729 884; x_wconf 88' lang='lat' dir='ltr'><strong>est,</strong></span> <span class='ocrx_word' id='word_1_321' title='bbox 1749 837 1883 887; x_wconf 89' lang='lat' dir='ltr'><strong>inquit,</strong></span> <span class='ocrx_word' id='word_1_322' title='bbox 1900 844 1934 874; x_wconf 88' lang='lat' dir='ltr'>et</span> <span class='ocrx_word' id='word_1_323' title='bbox 1948 834 2093 887; x_wconf 84' lang='lat' dir='ltr'><strong>angelis.</strong></span> <span class='ocrx_word' id='word_1_324' title='bbox 2114 835 2221 885; x_wconf 87' lang='lat' dir='ltr'><strong>Atqui</strong></span> <span class='ocrx_word' id='word_1_325' title='bbox 2236 837 2388 889; x_wconf 43' lang='lat' dir='ltr'>accffffnu„</span> 
     </span>
     <span class='ocr_line' id='line_1_42' title="bbox 1238 894 2422 962; baseline -0.005 -24"><span class='ocrx_word' id='word_1_326' title='bbox 1238 914 1307 938; x_wconf 91' lang='lat' dir='ltr'>non</span> <span class='ocrx_word' id='word_1_327' title='bbox 1336 900 1412 952; x_wconf 87' lang='lat' dir='ltr'><strong>ipsa</strong></span> <span class='ocrx_word' id='word_1_328' title='bbox 1441 900 1637 939; x_wconf 85' lang='lat' dir='ltr'><strong>substantia</strong></span> <span class='ocrx_word' id='word_1_329' title='bbox 1663 899 1741 938; x_wconf 72' lang='lat' dir='ltr'><strong>visa</strong></span> <span class='ocrx_word' id='word_1_330' title='bbox 1768 907 1844 949; x_wconf 72' lang='lat' dir='ltr'><strong>est,</strong></span> <span class='ocrx_word' id='word_1_331' title='bbox 1875 897 1937 937; x_wconf 88' lang='lat' dir='ltr'>sed</span> <span class='ocrx_word' id='word_1_332' title='bbox 1963 906 2080 935; x_wconf 88' lang='lat' dir='ltr'><strong>tamen</strong></span> <span class='ocrx_word' id='word_1_333' title='bbox 2107 895 2276 962; x_wconf 44' lang='lat' dir='ltr'>visamh‘n</span> <span class='ocrx_word' id='word_1_334' title='bbox 2287 896 2363 922; x_wconf 73' lang='lat' dir='ltr'><strong>T1&#39;m·</strong></span> <span class='ocrx_word' id='word_1_335' title='bbox 2394 894 2422 922; x_wconf 84' lang='lat'>3.</span> 
     </span>
     <span class='ocr_line' id='line_1_43' title="bbox 1237 946 2287 1014; baseline -0.006 -12"><span class='ocrx_word' id='word_1_336' title='bbox 1237 977 1311 1002; x_wconf 87' lang='lat' dir='ltr'><strong>esse</strong></span> <span class='ocrx_word' id='word_1_337' title='bbox 1328 963 1439 1012; x_wconf 84' lang='lat' dir='ltr'><strong>dicit,</strong></span> <span class='ocrx_word' id='word_1_338' title='bbox 1461 972 1500 1001; x_wconf 90' lang='lat' dir='ltr'>ut</span> <span class='ocrx_word' id='word_1_339' title='bbox 1519 961 1688 1002; x_wconf 76' lang='lat' dir='ltr'><strong>videlicet</strong></span> <span class='ocrx_word' id='word_1_340' title='bbox 1710 960 1830 1001; x_wconf 83' lang='lat' dir='ltr'><strong>videre</strong></span> <span class='ocrx_word' id='word_1_341' title='bbox 1853 969 2028 1014; x_wconf 79' lang='lat' dir='ltr'><strong>poterant.</strong></span> <span class='ocrx_word' id='word_1_342' title='bbox 2053 960 2114 1000; x_wconf 90' lang='lat' dir='ltr'><strong>Sic</strong></span> <span class='ocrx_word' id='word_1_343' title='bbox 2138 973 2224 999; x_wconf 68' lang='lat' dir='ltr'><strong>vero</strong></span> <span class='ocrx_word' id='word_1_344' title='bbox 2243 946 2250 964; x_wconf 79' lang='lat'>¹</span> <span class='ocrx_word' id='word_1_345' title='bbox 2269 949 2287 963; x_wconf 77' lang='grc'>”</span> 
     </span>
     <span class='ocr_line' id='line_1_44' title="bbox 1237 1023 2226 1076; baseline 0 -14"><span class='ocrx_word' id='word_1_346' title='bbox 1237 1025 1407 1076; x_wconf 85' lang='lat' dir='ltr'><strong>loquutus</strong></span> <span class='ocrx_word' id='word_1_347' title='bbox 1426 1034 1488 1074; x_wconf 87' lang='lat' dir='ltr'><strong>est,</strong></span> <span class='ocrx_word' id='word_1_348' title='bbox 1506 1033 1545 1061; x_wconf 89' lang='lat' dir='ltr'>ut</span> <span class='ocrx_word' id='word_1_349' title='bbox 1568 1023 1685 1062; x_wconf 89' lang='lat' dir='ltr'><strong>discas</strong></span> <span class='ocrx_word' id='word_1_350' title='bbox 1703 1037 1785 1061; x_wconf 91' lang='lat' dir='ltr'>eum</span> <span class='ocrx_word' id='word_1_351' title='bbox 1800 1023 1860 1074; x_wconf 89' lang='lat' dir='ltr'>qui</span> <span class='ocrx_word' id='word_1_352' title='bbox 1879 1023 1998 1075; x_wconf 88' lang='lat' dir='ltr'><strong>ipsum</strong></span> <span class='ocrx_word' id='word_1_353' title='bbox 2017 1024 2131 1075; x_wconf 81' lang='lat' dir='ltr'><strong>novit,</strong></span> <span class='ocrx_word' id='word_1_354' title='bbox 2156 1025 2226 1062; x_wconf 89' lang='lat' dir='ltr'>Ge-</span> 
     </span>
    </p>

    <p class='ocr_par' dir='ltr' id='par_1_8' title="bbox 1239 1085 2227 1139">
     <span class='ocr_line' id='line_1_45' title="bbox 1239 1085 2227 1139; baseline 0 -14"><span class='ocrx_word' id='word_1_355' title='bbox 1239 1087 1389 1125; x_wconf 87' lang='lat' dir='ltr'><strong>nitorem</strong></span> <span class='ocrx_word' id='word_1_356' title='bbox 1403 1101 1543 1138; x_wconf 83' lang='lat' dir='ltr'><strong>quoque</strong></span> <span class='ocrx_word' id='word_1_357' title='bbox 1565 1087 1640 1139; x_wconf 87' lang='lat' dir='ltr'><strong>ejus</strong></span> <span class='ocrx_word' id='word_1_358' title='bbox 1666 1100 1778 1125; x_wconf 86' lang='lat' dir='ltr'><strong>nosse.</strong></span> <span class='ocrx_word' id='word_1_359' title='bbox 1800 1085 1981 1125; x_wconf 81' lang='lat' dir='ltr'><strong>videbant</strong></span> <span class='ocrx_word' id='word_1_360' title='bbox 1995 1101 2102 1139; x_wconf 90' lang='lat' dir='ltr'><strong>porro</strong></span> <span class='ocrx_word' id='word_1_361' title='bbox 2121 1087 2227 1125; x_wconf 92' lang='lat' dir='ltr'><strong>illum</strong></span> 
     </span>
    </p>

    <p class='ocr_par' dir='ltr' id='par_1_9' title="bbox 1239 1147 2228 1198">
     <span class='ocr_line' id='line_1_46' title="bbox 1239 1147 2228 1198; baseline -0.001 -12"><span class='ocrx_word' id='word_1_362' title='bbox 1239 1163 1309 1187; x_wconf 90' lang='lat' dir='ltr'>non</span> <span class='ocrx_word' id='word_1_363' title='bbox 1336 1148 1432 1187; x_wconf 82' lang='lat' dir='ltr'><strong>nuda</strong></span> <span class='ocrx_word' id='word_1_364' title='bbox 1461 1149 1675 1198; x_wconf 87' lang='lat' dir='ltr'><strong>substantia,</strong></span> <span class='ocrx_word' id='word_1_365' title='bbox 1695 1147 1757 1186; x_wconf 86' lang='lat' dir='ltr'>sed</span> <span class='ocrx_word' id='word_1_366' title='bbox 1785 1161 1890 1186; x_wconf 87' lang='lat' dir='ltr'><strong>carne</strong></span> <span class='ocrx_word' id='word_1_367' title='bbox 1920 1148 2099 1187; x_wconf 89' lang='lat' dir='ltr'><strong>indutum.</strong></span> <span class='ocrx_word' id='word_1_368' title='bbox 2130 1148 2228 1186; x_wconf 87' lang='lat' dir='ltr'><strong>Alibi</strong></span> 
     </span>
    </p>

    <p class='ocr_par' dir='ltr' id='par_1_10' title="bbox 1239 1210 2229 1262">
     <span class='ocr_line' id='line_1_47' title="bbox 1239 1210 2229 1262; baseline 0.002 -17"><span class='ocrx_word' id='word_1_369' title='bbox 1239 1224 1380 1261; x_wconf 86' lang='lat' dir='ltr'><strong>quoque</strong></span> <span class='ocrx_word' id='word_1_370' title='bbox 1410 1210 1584 1249; x_wconf 78' lang='lat' dir='ltr'><strong>visionem</strong></span> <span class='ocrx_word' id='word_1_371' title='bbox 1608 1210 1845 1262; x_wconf 80' lang='lat' dir='ltr'><strong>cognitionem</strong></span> <span class='ocrx_word' id='word_1_372' title='bbox 1880 1210 2052 1262; x_wconf 81' lang='lat' dir='ltr'><strong>appellat3</strong></span> <span class='ocrx_word' id='word_1_373' title='bbox 2079 1218 2118 1247; x_wconf 89' lang='lat' dir='ltr'>ut</span> <span class='ocrx_word' id='word_1_374' title='bbox 2147 1224 2229 1248; x_wconf 89' lang='lat' dir='ltr'>cum</span> 
     </span>
    </p>

    <p class='ocr_par' dir='ltr' id='par_1_11' title="bbox 1240 1273 2430 1449">
     <span class='ocr_line' id='line_1_48' title="bbox 1240 1273 2430 1327; baseline 0.002 -17"><span class='ocrx_word' id='word_1_375' title='bbox 1240 1273 1329 1311; x_wconf 86' lang='lat' dir='ltr'><strong>dicit</strong></span> <span class='ocrx_word' id='word_1_376' title='bbox 1349 1275 1486 1312; x_wconf 80' lang='lat' dir='ltr'><strong>:Beati</strong></span> <span class='ocrx_word' id='word_1_377' title='bbox 1500 1275 1643 1311; x_wconf 83' lang='lat' dir='ltr'><strong>mundo</strong></span> <span class='ocrx_word' id='word_1_378' title='bbox 1659 1275 1786 1322; x_wconf 80' lang='lat' dir='ltr'><strong>corde,</strong></span> <span class='ocrx_word' id='word_1_379' title='bbox 1808 1277 1993 1327; x_wconf 83' lang='lat' dir='ltr'><strong>quoniam</strong></span> <span class='ocrx_word' id='word_1_380' title='bbox 2013 1277 2085 1326; x_wconf 80' lang='lat' dir='ltr'><strong>ipsi</strong></span> <span class='ocrx_word' id='word_1_381' title='bbox 2101 1275 2229 1312; x_wconf 81' lang='lat' dir='ltr'><strong>Deum</strong></span> <span class='ocrx_word' id='word_1_382' title='bbox 2248 1288 2346 1317; x_wconf 61' lang='lat' dir='ltr'><strong>Mam.</strong></span> <span class='ocrx_word' id='word_1_383' title='bbox 2366 1287 2430 1318; x_wconf 75' lang='lat'>58.</span> 
     </span>
     <span class='ocr_line' id='line_1_49' title="bbox 1242 1334 2229 1385; baseline 0.001 -13"><span class='ocrx_word' id='word_1_384' title='bbox 1242 1336 1445 1373; x_wconf 75' lang='lat' dir='ltr'><strong>videbunt.</strong></span> <span class='ocrx_word' id='word_1_385' title='bbox 1475 1334 1631 1373; x_wconf 88' lang='lat' dir='ltr'><strong>Mundos</strong></span> <span class='ocrx_word' id='word_1_386' title='bbox 1658 1344 1777 1373; x_wconf 87' lang='lat' dir='ltr'><strong>autem</strong></span> <span class='ocrx_word' id='word_1_387' title='bbox 1807 1335 1915 1385; x_wconf 87' lang='lat' dir='ltr'><strong>dicit,</strong></span> <span class='ocrx_word' id='word_1_388' title='bbox 1947 1349 2017 1374; x_wconf 83' lang='lat' dir='ltr'>non</span> <span class='ocrx_word' id='word_1_389' title='bbox 2046 1344 2185 1373; x_wconf 85' lang='lat' dir='ltr'><strong>tantum</strong></span> <span class='ocrx_word' id='word_1_390' title='bbox 2209 1350 2229 1373; x_wconf 86' lang='lat' dir='ltr'>a</span> 
     </span>
     <span class='ocr_line' id='line_1_50' title="bbox 1242 1396 2231 1449; baseline 0.001 -16"><span class='ocrx_word' id='word_1_391' title='bbox 1242 1396 1491 1445; x_wconf 82' lang='lat' dir='ltr'><strong>fornicatione,</strong></span> <span class='ocrx_word' id='word_1_392' title='bbox 1512 1396 1573 1434; x_wconf 84' lang='lat' dir='ltr'>sed</span> <span class='ocrx_word' id='word_1_393' title='bbox 1593 1412 1613 1435; x_wconf 89' lang='lat' dir='ltr'>a</span> <span class='ocrx_word' id='word_1_394' title='bbox 1633 1397 1787 1449; x_wconf 88' lang='lat' dir='ltr'><strong>peccatis</strong></span> <span class='ocrx_word' id='word_1_395' title='bbox 1815 1397 1981 1436; x_wconf 82' lang='lat' dir='ltr'><strong>omnihus</strong></span> <span class='ocrx_word' id='word_1_396' title='bbox 2003 1413 2010 1434; x_wconf 92' lang='lat'><strong>:</strong></span> <span class='ocrx_word' id='word_1_397' title='bbox 2028 1411 2110 1436; x_wconf 85' lang='lat' dir='ltr'>nam</span> <span class='ocrx_word' id='word_1_398' title='bbox 2128 1411 2231 1436; x_wconf 90' lang='lat' dir='ltr'><strong>omne</strong></span> 
     </span>
    </p>
   </div>
   <div class='ocr_carea' id='block_1_8' title="bbox 1243 1456 1886 1509">
    <p class='ocr_par' dir='ltr' id='par_1_12' title="bbox 1243 1456 1886 1509">
     <span class='ocr_line' id='line_1_51' title="bbox 1243 1456 1886 1509; baseline 0.002 -15"><span class='ocrx_word' id='word_1_399' title='bbox 1243 1467 1428 1509; x_wconf 85' lang='lat' dir='ltr'><strong>peccatum</strong></span> <span class='ocrx_word' id='word_1_400' title='bbox 1441 1457 1618 1495; x_wconf 82' lang='lat' dir='ltr'><strong>maculam</strong></span> <span class='ocrx_word' id='word_1_401' title='bbox 1636 1456 1728 1495; x_wconf 83' lang='lat' dir='ltr'><strong>indit</strong></span> <span class='ocrx_word' id='word_1_402' title='bbox 1747 1458 1886 1495; x_wconf 81' lang='lat' dir='ltr'><strong>animae.</strong></span> 
     </span>
    </p>
   </div>
   <div class='ocr_carea' id='block_1_9' title="bbox 2279 770 2424 808">
    <p class='ocr_par' dir='ltr' id='par_1_13' title="bbox 2279 770 2424 808">
     <span class='ocr_line' id='line_1_52' title="bbox 2279 770 2424 808; baseline 0 -10"><span class='ocrx_word' id='word_1_403' title='bbox 2279 770 2358 798; x_wconf 77' lang='lat' dir='ltr'><strong>Visio</strong></span> <span class='ocrx_word' id='word_1_404' title='bbox 2373 782 2424 808; x_wconf 69' lang='lat' dir='ltr'><strong>prs·</strong></span> 
     </span>
    </p>
   </div>
   <div class='ocr_carea' id='block_1_10' title="bbox 1244 1630 2434 2001">
    <p class='ocr_par' dir='ltr' id='par_1_14' title="bbox 1244 1630 2434 2001">
     <span class='ocr_line' id='line_1_53' title="bbox 1299 1630 2233 1683; baseline -0.002 -13"><span class='ocrx_word' id='word_1_405' title='bbox 1299 1633 1334 1670; x_wconf 84' lang='lat'>5.</span> <span class='ocrx_word' id='word_1_406' title='bbox 1365 1631 1467 1670; x_wconf 86' lang='lat' dir='ltr'><strong>Nihil</strong></span> <span class='ocrx_word' id='word_1_407' title='bbox 1495 1632 1613 1683; x_wconf 83' lang='lat' dir='ltr'><strong>itaque</strong></span> <span class='ocrx_word' id='word_1_408' title='bbox 1629 1645 1699 1669; x_wconf 92' lang='lat' dir='ltr'>non</span> <span class='ocrx_word' id='word_1_409' title='bbox 1719 1644 1884 1682; x_wconf 84' lang='lat' dir='ltr'><strong>agamus,</strong></span> <span class='ocrx_word' id='word_1_410' title='bbox 1904 1640 1944 1669; x_wconf 84' lang='lat' dir='ltr'>ut</span> <span class='ocrx_word' id='word_1_411' title='bbox 1965 1630 2084 1670; x_wconf 86' lang='lat' dir='ltr'><strong>sordes</strong></span> <span class='ocrx_word' id='word_1_412' title='bbox 2100 1632 2233 1670; x_wconf 85' lang='lat' dir='ltr'><strong>abster-</strong></span> 
     </span>
     <span class='ocr_line' id='line_1_54' title="bbox 1245 1691 2234 1746; baseline -0.002 -15"><span class='ocrx_word' id='word_1_413' title='bbox 1245 1707 1382 1746; x_wconf 82' lang='lat' dir='ltr'><strong>gamus.</strong></span> <span class='ocrx_word' id='word_1_414' title='bbox 1405 1692 1587 1744; x_wconf 80' lang='lat' dir='ltr'><strong>Abstergit</strong></span> <span class='ocrx_word' id='word_1_415' title='bbox 1605 1701 1722 1730; x_wconf 83' lang='lat' dir='ltr'><strong>autem</strong></span> <span class='ocrx_word' id='word_1_416' title='bbox 1747 1692 1866 1745; x_wconf 88' lang='lat' dir='ltr'><strong>primo</strong></span> <span class='ocrx_word' id='word_1_417' title='bbox 1884 1692 2070 1730; x_wconf 87' lang='lat' dir='ltr'><strong>lavacrum</strong></span> <span class='ocrx_word' id='word_1_418' title='bbox 2076 1707 2087 1742; x_wconf 76' lang='lat'>5</span> <span class='ocrx_word' id='word_1_419' title='bbox 2107 1691 2234 1730; x_wconf 87' lang='lat' dir='ltr'><strong>deinde</strong></span> 
     </span>
     <span class='ocr_line' id='line_1_55' title="bbox 1245 1754 2235 1793; baseline -0.002 0"><span class='ocrx_word' id='word_1_420' title='bbox 1245 1756 1322 1793; x_wconf 83' lang='lat' dir='ltr'><strong>aliae</strong></span> <span class='ocrx_word' id='word_1_421' title='bbox 1347 1754 1468 1793; x_wconf 87' lang='lat' dir='ltr'><strong>multae</strong></span> <span class='ocrx_word' id='word_1_422' title='bbox 1497 1764 1529 1792; x_wconf 92' lang='lat' dir='ltr'>et</span> <span class='ocrx_word' id='word_1_423' title='bbox 1555 1754 1662 1793; x_wconf 79' lang='lat' dir='ltr'><strong>variae</strong></span> <span class='ocrx_word' id='word_1_424' title='bbox 1692 1754 1772 1793; x_wconf 83' lang='lat' dir='ltr'><strong>viae.</strong></span> <span class='ocrx_word' id='word_1_425' title='bbox 1794 1755 1885 1793; x_wconf 86' lang='lat' dir='ltr'>Nam</span> <span class='ocrx_word' id='word_1_426' title='bbox 1918 1754 2069 1793; x_wconf 85' lang='lat' dir='ltr'><strong>clemens</strong></span> <span class='ocrx_word' id='word_1_427' title='bbox 2089 1768 2170 1792; x_wconf 90' lang='lat' dir='ltr'>eum</span> <span class='ocrx_word' id='word_1_428' title='bbox 2190 1755 2235 1792; x_wconf 89' lang='lat' dir='ltr'>sit</span> 
     </span>
     <span class='ocr_line' id='line_1_56' title="bbox 1245 1817 2234 1870; baseline -0.001 -14"><span class='ocrx_word' id='word_1_429' title='bbox 1245 1821 1363 1867; x_wconf 87' lang='lat' dir='ltr'><strong>Deus,</strong></span> <span class='ocrx_word' id='word_1_430' title='bbox 1385 1818 1472 1856; x_wconf 87' lang='lat' dir='ltr'><strong>alias</strong></span> <span class='ocrx_word' id='word_1_431' title='bbox 1504 1818 1605 1857; x_wconf 88' lang='lat' dir='ltr'><strong>nobis</strong></span> <span class='ocrx_word' id='word_1_432' title='bbox 1630 1817 1819 1869; x_wconf 82' lang='lat' dir='ltr'><strong>variasque</strong></span> <span class='ocrx_word' id='word_1_433' title='bbox 1834 1818 1931 1867; x_wconf 81' lang='lat' dir='ltr'><strong>vias,</strong></span> <span class='ocrx_word' id='word_1_434' title='bbox 1952 1818 2084 1869; x_wconf 89' lang='lat' dir='ltr'><strong>quibus</strong></span> <span class='ocrx_word' id='word_1_435' title='bbox 2104 1832 2234 1870; x_wconf 82' lang='lat' dir='ltr'><strong>purge-</strong></span> 
     </span>
     <span class='ocr_line' id='line_1_57' title="bbox 1244 1879 2232 1932; baseline -0.001 -15"><span class='ocrx_word' id='word_1_436' title='bbox 1244 1894 1347 1929; x_wconf 90' lang='lat' dir='ltr'><strong>mur,</strong></span> <span class='ocrx_word' id='word_1_437' title='bbox 1380 1880 1538 1932; x_wconf 85' lang='lat' dir='ltr'><strong>aperuit,</strong></span> <span class='ocrx_word' id='word_1_438' title='bbox 1570 1893 1724 1930; x_wconf 81' lang='lat' dir='ltr'><strong>quarum</strong></span> <span class='ocrx_word' id='word_1_439' title='bbox 1760 1879 1877 1932; x_wconf 82' lang='lat' dir='ltr'><strong>prima</strong></span> <span class='ocrx_word' id='word_1_440' title='bbox 1914 1888 1965 1919; x_wconf 83' lang='lat' dir='ltr'>est</span> <span class='ocrx_word' id='word_1_441' title='bbox 1999 1879 2232 1932; x_wconf 81' lang='lat' dir='ltr'><strong>eleemosyna.</strong></span> 
     </span>
     <span class='ocr_line' id='line_1_58' title="bbox 1245 1941 2434 2001; baseline 0 -21"><span class='ocrx_word' id='word_1_442' title='bbox 1245 1942 1491 2001; x_wconf 74' lang='lat' dir='ltr'><strong>Eleemosynis</strong></span> <span class='ocrx_word' id='word_1_443' title='bbox 1518 1943 1612 1980; x_wconf 89' lang='lat' dir='ltr'><strong>enim</strong></span> <span class='ocrx_word' id='word_1_444' title='bbox 1631 1952 1664 1981; x_wconf 89' lang='lat' dir='ltr'>et</span> <span class='ocrx_word' id='word_1_445' title='bbox 1681 1941 1752 1979; x_wconf 86' lang='lat' dir='ltr'><strong>fide</strong></span> <span class='ocrx_word' id='word_1_446' title='bbox 1780 1952 1980 1994; x_wconf 83' lang='lat' dir='ltr'><strong>purgantur</strong></span> <span class='ocrx_word' id='word_1_447' title='bbox 2003 1952 2157 1995; x_wconf 84' lang='lat' dir='ltr'><strong>peccata,</strong></span> <span class='ocrx_word' id='word_1_448' title='bbox 2179 1943 2233 1981; x_wconf 91' lang='lat' dir='ltr'><strong>in-</strong></span> <span class='ocrx_word' id='word_1_449' title='bbox 2252 1946 2434 1976; x_wconf 61' lang='lat' dir='ltr'>l2&#39;‹&gt;vl1.3.33.</span> 
     </span>
    </p>
   </div>
   <div class='ocr_carea' id='block_1_11' title="bbox 1186 2003 2232 2064">
    <p class='ocr_par' dir='ltr' id='par_1_15' title="bbox 1186 2003 2232 2064">
     <span class='ocr_line' id='line_1_59' title="bbox 1186 2003 2232 2064; baseline -0.001 -23"><span class='ocrx_word' id='word_1_450' title='bbox 1186 2039 1232 2064; x_wconf 61' lang='lat'>433</span> <span class='ocrx_word' id='word_1_451' title='bbox 1246 2004 1334 2054; x_wconf 88' lang='lat' dir='ltr'><strong>quit.</strong></span> <span class='ocrx_word' id='word_1_452' title='bbox 1351 2004 1597 2056; x_wconf 79' lang='lat' dir='ltr'><strong>Eleemosynis</strong></span> <span class='ocrx_word' id='word_1_453' title='bbox 1607 2034 1618 2053; x_wconf 95' lang='lat'><strong>,</strong></span> <span class='ocrx_word' id='word_1_454' title='bbox 1638 2003 1785 2054; x_wconf 84' lang='lat' dir='ltr'><strong>inquam</strong></span> <span class='ocrx_word' id='word_1_455' title='bbox 1796 2033 1806 2050; x_wconf 92' lang='lat'><strong>,</strong></span> <span class='ocrx_word' id='word_1_456' title='bbox 1822 2018 1892 2042; x_wconf 92' lang='lat' dir='ltr'>non</span> <span class='ocrx_word' id='word_1_457' title='bbox 1906 2018 1951 2042; x_wconf 80' lang='lat' dir='ltr'>ex</span> <span class='ocrx_word' id='word_1_458' title='bbox 1966 2004 2088 2055; x_wconf 86' lang='lat' dir='ltr'><strong>inique</strong></span> <span class='ocrx_word' id='word_1_459' title='bbox 2101 2006 2211 2056; x_wconf 85' lang='lat' dir='ltr'><strong>partis</strong></span> <span class='ocrx_word' id='word_1_460' title='bbox 2225 2020 2232 2040; x_wconf 93' lang='lat'><strong>:</strong></span> 
     </span>
    </p>
   </div>
   <div class='ocr_carea' id='block_1_12' title="bbox 146 2063 2235 2118">
    <p class='ocr_par' dir='ltr' id='par_1_16' title="bbox 146 2063 2235 2118">
     <span class='ocr_line' id='line_1_60' title="bbox 146 2063 2235 2118; baseline -0 -13"><span class='ocrx_word' id='word_1_461' title='bbox 146 2066 296 2117; x_wconf 84' lang='grc' dir='ltr'>μοσύνην</span> <span class='ocrx_word' id='word_1_462' title='bbox 318 2065 353 2104; x_wconf 77' lang='grc' dir='ltr'>δὲ</span> <span class='ocrx_word' id='word_1_463' title='bbox 381 2067 419 2103; x_wconf 80' lang='grc' dir='ltr'>οὐ</span> <span class='ocrx_word' id='word_1_464' title='bbox 447 2066 510 2113; x_wconf 71' lang='grc' dir='ltr'>τὴν</span> <span class='ocrx_word' id='word_1_465' title='bbox 534 2065 569 2110; x_wconf 82' lang='grc' dir='ltr'>ἐξ</span> <span class='ocrx_word' id='word_1_466' title='bbox 588 2065 724 2110; x_wconf 79' lang='grc' dir='ltr'>ἀδικίας</span> <span class='ocrx_word' id='word_1_467' title='bbox 745 2065 837 2116; x_wconf 81' lang='grc' dir='ltr'>λέγω</span> <span class='ocrx_word' id='word_1_468' title='bbox 852 2080 860 2088; x_wconf 94' lang='grc'>·</span> <span class='ocrx_word' id='word_1_469' title='bbox 887 2067 990 2102; x_wconf 78' lang='grc' dir='ltr'>τοῦτο</span> <span class='ocrx_word' id='word_1_470' title='bbox 1010 2063 1077 2116; x_wconf 79' lang='grc' dir='ltr'>γὰρ</span> <span class='ocrx_word' id='word_1_471' title='bbox 1096 2064 1172 2102; x_wconf 76' lang='grc' dir='ltr'>οὐδὲ</span> <span class='ocrx_word' id='word_1_472' title='bbox 1199 2076 1224 2105; x_wconf 76' lang='grc' dir='ltr'>Α</span> <span class='ocrx_word' id='word_1_473' title='bbox 1245 2065 1337 2104; x_wconf 87' lang='lat' dir='ltr'><strong>illud</strong></span> <span class='ocrx_word' id='word_1_474' title='bbox 1365 2066 1458 2104; x_wconf 92' lang='lat' dir='ltr'><strong>enim</strong></span> <span class='ocrx_word' id='word_1_475' title='bbox 1478 2079 1547 2103; x_wconf 91' lang='lat' dir='ltr'>non</span> <span class='ocrx_word' id='word_1_476' title='bbox 1578 2065 1822 2118; x_wconf 81' lang='lat' dir='ltr'><strong>eleemosyna,</strong></span> <span class='ocrx_word' id='word_1_477' title='bbox 1850 2065 1909 2103; x_wconf 86' lang='lat' dir='ltr'>sed</span> <span class='ocrx_word' id='word_1_478' title='bbox 1938 2065 2182 2104; x_wconf 79' lang='lat' dir='ltr'><strong>inhumanitas</strong></span> <span class='ocrx_word' id='word_1_479' title='bbox 2201 2076 2235 2104; x_wconf 89' lang='lat' dir='ltr'>et</span> 
     </span>
    </p>
   </div>
   <div class='ocr_carea' id='block_1_13' title="bbox 140 2125 1173 2791">
    <p class='ocr_par' dir='ltr' id='par_1_17' title="bbox 140 2125 1173 2791">
     <span class='ocr_line' id='line_1_61' title="bbox 145 2125 1172 2178; baseline -0.002 -12"><span class='ocrx_word' id='word_1_480' title='bbox 145 2127 362 2177; x_wconf 76' lang='grc' dir='ltr'>ἐλεημοσύνη</span> <span class='ocrx_word' id='word_1_481' title='bbox 376 2157 386 2174; x_wconf 88' lang='grc'>,</span> <span class='ocrx_word' id='word_1_482' title='bbox 407 2129 484 2166; x_wconf 83' lang='grc' dir='ltr'>ἀλλ’</span> <span class='ocrx_word' id='word_1_483' title='bbox 512 2127 652 2178; x_wconf 81' lang='grc' dir='ltr'>ὠμότης</span> <span class='ocrx_word' id='word_1_484' title='bbox 682 2128 741 2165; x_wconf 86' lang='grc' dir='ltr'>καὶ</span> <span class='ocrx_word' id='word_1_485' title='bbox 770 2125 1014 2178; x_wconf 79' lang='grc' dir='ltr'>ἀπανθρωπία.</span> <span class='ocrx_word' id='word_1_486' title='bbox 1035 2125 1083 2164; x_wconf 88' lang='grc' dir='ltr'>Τί</span> <span class='ocrx_word' id='word_1_487' title='bbox 1104 2125 1172 2178; x_wconf 85' lang='grc' dir='ltr'>γὰρ</span> 
     </span>
     <span class='ocr_line' id='line_1_62' title="bbox 145 2187 1173 2241; baseline -0.001 -15"><span class='ocrx_word' id='word_1_488' title='bbox 145 2189 266 2241; x_wconf 61' lang='grc' dir='ltr'>ὄφελος</span> <span class='ocrx_word' id='word_1_489' title='bbox 285 2190 427 2228; x_wconf 72' lang='grc' dir='ltr'>ἐκδῦσαι</span> <span class='ocrx_word' id='word_1_490' title='bbox 447 2188 576 2241; x_wconf 77' lang='grc' dir='ltr'>ἕτερον,</span> <span class='ocrx_word' id='word_1_491' title='bbox 609 2189 668 2227; x_wconf 75' lang='grc' dir='ltr'>καὶ</span> <span class='ocrx_word' id='word_1_492' title='bbox 687 2189 827 2227; x_wconf 72' lang='grc' dir='ltr'>ἐνδῦσαι</span> <span class='ocrx_word' id='word_1_493' title='bbox 847 2188 983 2240; x_wconf 80' lang='grc' dir='ltr'>ἕτερον;</span> <span class='ocrx_word' id='word_1_494' title='bbox 1000 2187 1084 2226; x_wconf 78' lang='grc' dir='ltr'>Ἀπὸ</span> <span class='ocrx_word' id='word_1_495' title='bbox 1105 2187 1173 2239; x_wconf 85' lang='grc' dir='ltr'>γὰρ</span> 
     </span>
     <span class='ocr_line' id='line_1_63' title="bbox 144 2249 1171 2303; baseline -0.001 -15"><span class='ocrx_word' id='word_1_496' title='bbox 144 2250 258 2289; x_wconf 82' lang='grc' dir='ltr'>οἴκτου</span> <span class='ocrx_word' id='word_1_497' title='bbox 277 2254 337 2289; x_wconf 67' lang='grc' dir='ltr'>τοῦ</span> <span class='ocrx_word' id='word_1_498' title='bbox 356 2251 563 2302; x_wconf 78' lang='grc' dir='ltr'>πράγματος</span> <span class='ocrx_word' id='word_1_499' title='bbox 580 2250 750 2303; x_wconf 80' lang='grc' dir='ltr'>ἄρχεσθαι</span> <span class='ocrx_word' id='word_1_500' title='bbox 770 2251 838 2287; x_wconf 80' lang='grc' dir='ltr'>δεῖ·</span> <span class='ocrx_word' id='word_1_501' title='bbox 869 2253 972 2288; x_wconf 74' lang='grc' dir='ltr'>τοῦτο</span> <span class='ocrx_word' id='word_1_502' title='bbox 1000 2249 1035 2288; x_wconf 76' lang='grc' dir='ltr'>δὲ</span> <span class='ocrx_word' id='word_1_503' title='bbox 1056 2252 1171 2287; x_wconf 78' lang='grc' dir='ltr'>ἀπαν-</span> 
     </span>
     <span class='ocr_line' id='line_1_64' title="bbox 144 2310 1173 2365; baseline 0.001 -16"><span class='ocrx_word' id='word_1_504' title='bbox 144 2310 293 2363; x_wconf 85' lang='grc' dir='ltr'>θρωπία.</span> <span class='ocrx_word' id='word_1_505' title='bbox 316 2312 391 2350; x_wconf 82' lang='grc' dir='ltr'>Κᾶν</span> <span class='ocrx_word' id='word_1_506' title='bbox 410 2311 478 2364; x_wconf 81' lang='grc' dir='ltr'>γὰρ</span> <span class='ocrx_word' id='word_1_507' title='bbox 493 2311 609 2350; x_wconf 81' lang='grc' dir='ltr'>πάντα</span> <span class='ocrx_word' id='word_1_508' title='bbox 626 2312 670 2349; x_wconf 82' lang='grc' dir='ltr'>τὰ</span> <span class='ocrx_word' id='word_1_509' title='bbox 686 2312 769 2365; x_wconf 81' lang='grc' dir='ltr'>παρ’</span> <span class='ocrx_word' id='word_1_510' title='bbox 785 2310 911 2365; x_wconf 73' lang='grc' dir='ltr'>ἑτέρων</span> <span class='ocrx_word' id='word_1_511' title='bbox 932 2311 1059 2361; x_wconf 74' lang='grc' dir='ltr'>δῶμεν,</span> <span class='ocrx_word' id='word_1_512' title='bbox 1078 2311 1173 2350; x_wconf 69' lang='grc' dir='ltr'>οὐδὲν</span> 
     </span>
     <span class='ocr_line' id='line_1_65' title="bbox 140 2372 1171 2425; baseline 0.001 -15"><span class='ocrx_word' id='word_1_513' title='bbox 140 2372 259 2424; x_wconf 82' lang='grc' dir='ltr'>κέρδος</span> <span class='ocrx_word' id='word_1_514' title='bbox 273 2376 371 2423; x_wconf 83' lang='grc' dir='ltr'>ἡμῖν.</span> <span class='ocrx_word' id='word_1_515' title='bbox 394 2374 464 2411; x_wconf 84' lang='grc' dir='ltr'>Καὶ</span> <span class='ocrx_word' id='word_1_516' title='bbox 482 2373 652 2411; x_wconf 80' lang='grc' dir='ltr'>δείκνυσιν</span> <span class='ocrx_word' id='word_1_517' title='bbox 671 2376 688 2410; x_wconf 85' lang='grc' dir='ltr'>ὃ</span> <span class='ocrx_word' id='word_1_518' title='bbox 709 2374 909 2424; x_wconf 78' lang='grc' dir='ltr'>Ζακχαῖος,</span> <span class='ocrx_word' id='word_1_519' title='bbox 932 2372 967 2415; x_wconf 82' lang='grc' dir='ltr'>ὃς</span> <span class='ocrx_word' id='word_1_520' title='bbox 986 2372 1065 2411; x_wconf 85' lang='grc' dir='ltr'>τότε</span> <span class='ocrx_word' id='word_1_521' title='bbox 1085 2373 1171 2425; x_wconf 45' lang='grc' dir='ltr'>ἔφη*</span> 
     </span>
     <span class='ocr_line' id='line_1_66' title="bbox 143 2432 1169 2485; baseline 0 -13"><span class='ocrx_word' id='word_1_522' title='bbox 143 2448 199 2472; x_wconf 87' lang='grc' dir='ltr'>σεν</span> <span class='ocrx_word' id='word_1_523' title='bbox 214 2433 425 2477; x_wconf 79' lang='grc' dir='ltr'>ἓξιλεοῧσθαι</span> <span class='ocrx_word' id='word_1_524' title='bbox 441 2434 499 2471; x_wconf 80' lang='grc' dir='ltr'>τὸν</span> <span class='ocrx_word' id='word_1_525' title='bbox 519 2434 623 2481; x_wconf 88' lang='grc' dir='ltr'>Θεὸν,</span> <span class='ocrx_word' id='word_1_526' title='bbox 654 2432 731 2476; x_wconf 74' lang='grc' dir='ltr'>δοὺς</span> <span class='ocrx_word' id='word_1_527' title='bbox 749 2437 817 2471; x_wconf 77' lang='grc' dir='ltr'>τῶν</span> <span class='ocrx_word' id='word_1_528' title='bbox 839 2434 1091 2485; x_wconf 62' lang='grc' dir='ltr'>ἀφαιρεθέντων</span> <span class='ocrx_word' id='word_1_529' title='bbox 1114 2450 1169 2472; x_wconf 79' lang='grc' dir='ltr'>τε·</span> 
     </span>
     <span class='ocr_line' id='line_1_67' title="bbox 143 2493 1172 2546; baseline 0.001 -15"><span class='ocrx_word' id='word_1_530' title='bbox 143 2493 397 2545; x_wconf 85' lang='grc' dir='ltr'>τραπλασίονα.</span> <span class='ocrx_word' id='word_1_531' title='bbox 420 2494 545 2544; x_wconf 84' lang='grc' dir='ltr'>ἹΙμεῖς</span> <span class='ocrx_word' id='word_1_532' title='bbox 564 2494 600 2532; x_wconf 80' lang='grc' dir='ltr'>δὲ</span> <span class='ocrx_word' id='word_1_533' title='bbox 617 2494 724 2546; x_wconf 89' lang='grc' dir='ltr'>μυρία</span> <span class='ocrx_word' id='word_1_534' title='bbox 743 2494 972 2545; x_wconf 76' lang='grc' dir='ltr'>ἁρπάζοντες,</span> <span class='ocrx_word' id='word_1_535' title='bbox 993 2495 1051 2532; x_wconf 83' lang='grc' dir='ltr'>καὶ</span> <span class='ocrx_word' id='word_1_536' title='bbox 1071 2495 1172 2546; x_wconf 77' lang='grc' dir='ltr'>ὀλίγα</span> 
     </span>
     <span class='ocr_line' id='line_1_68' title="bbox 144 2554 1169 2605; baseline 0.002 -14"><span class='ocrx_word' id='word_1_537' title='bbox 144 2554 313 2602; x_wconf 75' lang='grc' dir='ltr'>διδόντες,</span> <span class='ocrx_word' id='word_1_538' title='bbox 345 2554 529 2605; x_wconf 83' lang='grc' dir='ltr'>νομίζομεν</span> <span class='ocrx_word' id='word_1_539' title='bbox 548 2554 650 2593; x_wconf 76' lang='grc' dir='ltr'>ἵλεων</span> <span class='ocrx_word' id='word_1_540' title='bbox 669 2559 779 2592; x_wconf 82' lang='grc' dir='ltr'>ποιεῖν</span> <span class='ocrx_word' id='word_1_541' title='bbox 798 2559 812 2575; x_wconf 73' lang='lat'>³</span> <span class='ocrx_word' id='word_1_542' title='bbox 827 2555 883 2593; x_wconf 90' lang='grc' dir='ltr'>τὸν</span> <span class='ocrx_word' id='word_1_543' title='bbox 905 2556 1010 2603; x_wconf 83' lang='grc' dir='ltr'>Θεὸν,</span> <span class='ocrx_word' id='word_1_544' title='bbox 1036 2556 1097 2593; x_wconf 76' lang='grc' dir='ltr'>οὐκ</span> <span class='ocrx_word' id='word_1_545' title='bbox 1124 2558 1169 2593; x_wconf 87' lang='grc' dir='ltr'>εἷ-</span> 
     </span>
     <span class='ocr_line' id='line_1_69' title="bbox 145 2615 1168 2671; baseline 0.002 -18"><span class='ocrx_word' id='word_1_546' title='bbox 145 2616 238 2659; x_wconf 78' lang='grc' dir='ltr'>δότες</span> <span class='ocrx_word' id='word_1_547' title='bbox 252 2615 306 2654; x_wconf 78' lang='grc' dir='ltr'>ὅτι</span> <span class='ocrx_word' id='word_1_548' title='bbox 329 2617 460 2671; x_wconf 76' lang='grc' dir='ltr'>μᾶλλον</span> <span class='ocrx_word' id='word_1_549' title='bbox 481 2616 582 2654; x_wconf 75' lang='grc' dir='ltr'>αὐτὸν</span> <span class='ocrx_word' id='word_1_550' title='bbox 599 2615 848 2667; x_wconf 80' lang='grc' dir='ltr'>παροξύνομεν.</span> <span class='ocrx_word' id='word_1_551' title='bbox 875 2615 965 2655; x_wconf 75' lang='grc' dir='ltr'>Εἰπὲ</span> <span class='ocrx_word' id='word_1_552' title='bbox 996 2616 1062 2668; x_wconf 79' lang='grc' dir='ltr'>γάρ</span> <span class='ocrx_word' id='word_1_553' title='bbox 1082 2633 1139 2666; x_wconf 87' lang='grc' dir='ltr'>μοι</span> <span class='ocrx_word' id='word_1_554' title='bbox 1158 2647 1168 2665; x_wconf 90' lang='grc'>,</span> 
     </span>
     <span class='ocr_line' id='line_1_70' title="bbox 145 2676 1171 2729; baseline 0.001 -15"><span class='ocrx_word' id='word_1_555' title='bbox 145 2676 177 2714; x_wconf 88' lang='grc' dir='ltr'>εἴ</span> <span class='ocrx_word' id='word_1_556' title='bbox 193 2693 232 2728; x_wconf 88' lang='grc' dir='ltr'>γε</span> <span class='ocrx_word' id='word_1_557' title='bbox 251 2676 327 2715; x_wconf 86' lang='grc' dir='ltr'>ὄνον</span> <span class='ocrx_word' id='word_1_558' title='bbox 346 2677 464 2729; x_wconf 83' lang='grc' dir='ltr'>νεκρὸν</span> <span class='ocrx_word' id='word_1_559' title='bbox 489 2677 547 2714; x_wconf 74' lang='grc' dir='ltr'>καὶ</span> <span class='ocrx_word' id='word_1_560' title='bbox 566 2676 744 2724; x_wconf 86' lang='grc' dir='ltr'>σεσηπότα</span> <span class='ocrx_word' id='word_1_561' title='bbox 770 2676 839 2715; x_wconf 85' lang='grc' dir='ltr'>ἀπὸ</span> <span class='ocrx_word' id='word_1_562' title='bbox 867 2679 930 2722; x_wconf 74' lang='grc' dir='ltr'>τῆς</span> <span class='ocrx_word' id='word_1_563' title='bbox 959 2678 1094 2729; x_wconf 69' lang='grc' dir='ltr'>τριόδου</span> <span class='ocrx_word' id='word_1_564' title='bbox 1111 2678 1171 2715; x_wconf 83' lang='grc' dir='ltr'>καὶ</span> 
     </span>
     <span class='ocr_line' id='line_1_71' title="bbox 145 2737 1170 2791; baseline 0.003 -18"><span class='ocrx_word' id='word_1_565' title='bbox 145 2739 213 2775; x_wconf 81' lang='grc' dir='ltr'>τῶν</span> <span class='ocrx_word' id='word_1_566' title='bbox 234 2737 398 2789; x_wconf 62' lang='grc' dir='ltr'>ἀμφόόων</span> <span class='ocrx_word' id='word_1_567' title='bbox 433 2737 580 2783; x_wconf 81' lang='grc' dir='ltr'>ἑλκύσας</span> <span class='ocrx_word' id='word_1_568' title='bbox 606 2738 663 2776; x_wconf 77' lang='grc' dir='ltr'>ἐπὶ</span> <span class='ocrx_word' id='word_1_569' title='bbox 689 2737 727 2775; x_wconf 79' lang='grc' dir='ltr'>τὸ</span> <span class='ocrx_word' id='word_1_570' title='bbox 759 2738 1001 2790; x_wconf 75' lang='grc' dir='ltr'>θυσιαστήριον</span> <span class='ocrx_word' id='word_1_571' title='bbox 1034 2739 1170 2791; x_wconf 66' lang='grc' dir='ltr'>ἔφερες,</span> 
     </span>
    </p>
   </div>
   <div class='ocr_carea' id='block_1_14' title="bbox 1078 2799 1171 2850">
    <p class='ocr_par' dir='ltr' id='par_1_18' title="bbox 1078 2799 1171 2850">
     <span class='ocr_line' id='line_1_72' title="bbox 1078 2799 1171 2850; baseline 0 -30"><span class='ocrx_word' id='word_1_572' title='bbox 1078 2799 1094 2820; x_wconf 88' lang='lat' dir='ltr'>b</span> <span class='ocrx_word' id='word_1_573' title='bbox 1105 2816 1171 2850; x_wconf 72' lang='grc' dir='ltr'>μυ-</span> 
     </span>
    </p>
   </div>
   <div class='ocr_carea' id='block_1_15' title="bbox 146 2798 1174 3218">
    <p class='ocr_par' dir='ltr' id='par_1_19' title="bbox 146 2798 1065 2852">
     <span class='ocr_line' id='line_1_73' title="bbox 146 2798 1065 2852; baseline 0.003 -17"><span class='ocrx_word' id='word_1_574' title='bbox 146 2801 214 2850; x_wconf 87' lang='grc' dir='ltr'>ἀρα</span> <span class='ocrx_word' id='word_1_575' title='bbox 233 2799 292 2836; x_wconf 80' lang='grc' dir='ltr'>οὐκ</span> <span class='ocrx_word' id='word_1_576' title='bbox 312 2798 352 2835; x_wconf 80' lang='grc' dir='ltr'>ἂν</span> <span class='ocrx_word' id='word_1_577' title='bbox 370 2799 519 2843; x_wconf 81' lang='grc' dir='ltr'>ἅπαντές</span> <span class='ocrx_word' id='word_1_578' title='bbox 536 2815 575 2837; x_wconf 90' lang='grc' dir='ltr'>σε</span> <span class='ocrx_word' id='word_1_579' title='bbox 589 2799 802 2837; x_wconf 81' lang='grc' dir='ltr'>κατέλευσαν</span> <span class='ocrx_word' id='word_1_580' title='bbox 820 2802 866 2843; x_wconf 82' lang='grc' dir='ltr'>ὡς</span> <span class='ocrx_word' id='word_1_581' title='bbox 883 2802 988 2852; x_wconf 70' lang='grc' dir='ltr'>ἐναγῆ</span> <span class='ocrx_word' id='word_1_582' title='bbox 1006 2800 1065 2838; x_wconf 82' lang='grc' dir='ltr'>καὶ</span> 
     </span>
    </p>

    <p class='ocr_par' dir='ltr' id='par_1_20' title="bbox 146 2853 1174 3218">
     <span class='ocr_line' id='line_1_74' title="bbox 225 2853 1154 2877; baseline 0.001 -3"><span class='ocrx_word' id='word_1_583' title='bbox 225 2858 232 2870; x_wconf 72' lang='lat' dir='ltr'><strong>t</strong></span> <span class='ocrx_word' id='word_1_584' title='bbox 332 2859 340 2871; x_wconf 80' lang='lat'><em>1</em></span> <span class='ocrx_word' id='word_1_585' title='bbox 378 2853 398 2874; x_wconf 77' lang='lat'>&#39;3‘</span> <span class='ocrx_word' id='word_1_586' title='bbox 459 2861 486 2876; x_wconf 64' lang='lat' dir='ltr'>‚x</span> <span class='ocrx_word' id='word_1_587' title='bbox 536 2863 546 2876; x_wconf 74' lang='lat'>2</span> <span class='ocrx_word' id='word_1_588' title='bbox 577 2861 586 2873; x_wconf 78' lang='lat' dir='ltr'><em>t</em></span> <span class='ocrx_word' id='word_1_589' title='bbox 613 2860 628 2874; x_wconf 70' lang='lat'>›-</span> <span class='ocrx_word' id='word_1_590' title='bbox 689 2859 705 2875; x_wconf 71' lang='grc' dir='ltr'>(Ι</span> <span class='ocrx_word' id='word_1_591' title='bbox 759 2863 769 2875; x_wconf 70' lang='lat' dir='ltr'><strong>e</strong></span> <span class='ocrx_word' id='word_1_592' title='bbox 863 2860 872 2875; x_wconf 78' lang='grc'><em>1</em></span> <span class='ocrx_word' id='word_1_593' title='bbox 922 2865 932 2877; x_wconf 72' lang='grc' dir='ltr'><em>ς</em></span> <span class='ocrx_word' id='word_1_594' title='bbox 964 2860 991 2873; x_wconf 61' lang='grc' dir='ltr'>τ’·</span> <span class='ocrx_word' id='word_1_595' title='bbox 1018 2862 1028 2875; x_wconf 78' lang='lat' dir='ltr'>e</span> <span class='ocrx_word' id='word_1_596' title='bbox 1132 2863 1154 2872; x_wconf 70' lang='grc' dir='ltr'>ω</span> 
     </span>
     <span class='ocr_line' id='line_1_75' title="bbox 147 2861 1173 2914; baseline 0.004 -19"><span class='ocrx_word' id='word_1_597' title='bbox 147 2874 273 2908; x_wconf 66' lang='grc' dir='ltr'>σαρον,</span> <span class='ocrx_word' id='word_1_598' title='bbox 293 2861 340 2897; x_wconf 92' lang='grc' dir='ltr'>Τι</span> <span class='ocrx_word' id='word_1_599' title='bbox 359 2875 430 2908; x_wconf 88' lang='grc' dir='ltr'>ουν,</span> <span class='ocrx_word' id='word_1_600' title='bbox 454 2876 514 2898; x_wconf 86' lang='grc' dir='ltr'>εαν</span> <span class='ocrx_word' id='word_1_601' title='bbox 531 2862 670 2912; x_wconf 85' lang='grc' dir='ltr'>ελεγςω,</span> <span class='ocrx_word' id='word_1_602' title='bbox 684 2876 736 2898; x_wconf 88' lang='grc' dir='ltr'>οτι</span> <span class='ocrx_word' id='word_1_603' title='bbox 753 2877 773 2906; x_wconf 90' lang='grc' dir='ltr'>η</span> <span class='ocrx_word' id='word_1_604' title='bbox 795 2864 895 2898; x_wconf 74' lang='grc' dir='ltr'>θυσια</span> <span class='ocrx_word' id='word_1_605' title='bbox 914 2879 936 2908; x_wconf 85' lang='grc' dir='ltr'>η</span> <span class='ocrx_word' id='word_1_606' title='bbox 958 2877 991 2905; x_wconf 85' lang='grc' dir='ltr'>ες</span> <span class='ocrx_word' id='word_1_607' title='bbox 1011 2877 1173 2914; x_wconf 85' lang='grc' dir='ltr'>αρπαγης</span> 
     </span>
     <span class='ocr_line' id='line_1_76' title="bbox 148 2920 1173 2973; baseline 0.003 -17"><span class='ocrx_word' id='word_1_608' title='bbox 148 2920 378 2972; x_wconf 78' lang='grc' dir='ltr'>μυσαρωτέρα</span> <span class='ocrx_word' id='word_1_609' title='bbox 413 2921 534 2960; x_wconf 84' lang='grc' dir='ltr'>τούτου</span> <span class='ocrx_word' id='word_1_610' title='bbox 548 2952 557 2970; x_wconf 89' lang='grc'>,</span> <span class='ocrx_word' id='word_1_611' title='bbox 592 2922 694 2965; x_wconf 90' lang='grc' dir='ltr'>ποίας</span> <span class='ocrx_word' id='word_1_612' title='bbox 734 2921 924 2972; x_wconf 80' lang='grc' dir='ltr'>τευξόμεθα</span> <span class='ocrx_word' id='word_1_613' title='bbox 962 2922 1173 2973; x_wconf 69' lang='grc' dir='ltr'>ἀπολογίας,</span> 
     </span>
     <span class='ocr_line' id='line_1_77' title="bbox 147 2981 1174 3035; baseline 0.004 -19"><span class='ocrx_word' id='word_1_614' title='bbox 147 2982 276 3030; x_wconf 84' lang='grc' dir='ltr'>Θῶμεν</span> <span class='ocrx_word' id='word_1_615' title='bbox 292 2981 358 3033; x_wconf 71' lang='grc' dir='ltr'>γάρ</span> <span class='ocrx_word' id='word_1_616' title='bbox 375 2998 409 3020; x_wconf 87' lang='grc' dir='ltr'>τι</span> <span class='ocrx_word' id='word_1_617' title='bbox 424 2983 604 3034; x_wconf 79' lang='grc' dir='ltr'>κειμήλιον</span> <span class='ocrx_word' id='word_1_618' title='bbox 621 2986 829 3034; x_wconf 68' lang='grc' dir='ltr'>γεγενῆσθαι</span> <span class='ocrx_word' id='word_1_619' title='bbox 844 2982 878 3027; x_wconf 80' lang='grc' dir='ltr'>ἐξ</span> <span class='ocrx_word' id='word_1_620' title='bbox 895 2984 1056 3035; x_wconf 63' lang='grc' dir='ltr'>ἁρπαγῆς</span> <span class='ocrx_word' id='word_1_621' title='bbox 1070 2999 1077 3006; x_wconf 91' lang='grc'><em>·</em></span> <span class='ocrx_word' id='word_1_622' title='bbox 1098 2984 1174 3035; x_wconf 77' lang='grc' dir='ltr'>οὐχὶ</span> 
     </span>
     <span class='ocr_line' id='line_1_78' title="bbox 146 3041 1169 3095; baseline 0.003 -16"><span class='ocrx_word' id='word_1_623' title='bbox 146 3041 223 3080; x_wconf 83' lang='grc' dir='ltr'>ὄνου</span> <span class='ocrx_word' id='word_1_624' title='bbox 251 3042 453 3088; x_wconf 86' lang='grc' dir='ltr'>τεθνηκότος</span> <span class='ocrx_word' id='word_1_625' title='bbox 475 3046 604 3095; x_wconf 75' lang='grc' dir='ltr'>μᾶλλον</span> <span class='ocrx_word' id='word_1_626' title='bbox 628 3045 754 3091; x_wconf 72' lang='grc' dir='ltr'>ὄδωδε;</span> <span class='ocrx_word' id='word_1_627' title='bbox 785 3044 909 3083; x_wconf 80' lang='grc' dir='ltr'>Βούλει</span> <span class='ocrx_word' id='word_1_628' title='bbox 927 3049 1047 3095; x_wconf 81' lang='grc' dir='ltr'>μαθεῖν</span> <span class='ocrx_word' id='word_1_629' title='bbox 1077 3045 1169 3090; x_wconf 83' lang='grc' dir='ltr'>πόση</span> 
     </span>
     <span class='ocr_line' id='line_1_79' title="bbox 147 3104 1172 3158; baseline 0.005 -18"><span class='ocrx_word' id='word_1_630' title='bbox 147 3106 208 3149; x_wconf 68' lang='grc' dir='ltr'>’.ἧς</span> <span class='ocrx_word' id='word_1_631' title='bbox 231 3104 404 3156; x_wconf 85' lang='grc' dir='ltr'>ἁμαρτίας</span> <span class='ocrx_word' id='word_1_632' title='bbox 419 3109 440 3152; x_wconf 79' lang='grc' dir='ltr'>ἡ</span> <span class='ocrx_word' id='word_1_633' title='bbox 462 3105 622 3152; x_wconf 80' lang='grc' dir='ltr'>σηπεδών</span> <span class='ocrx_word' id='word_1_634' title='bbox 645 3109 755 3154; x_wconf 74' lang='grc' dir='ltr'>ἐστιν,</span> <span class='ocrx_word' id='word_1_635' title='bbox 773 3105 937 3144; x_wconf 79' lang='grc' dir='ltr'>Ἄκουσον</span> <span class='ocrx_word' id='word_1_636' title='bbox 957 3111 1016 3145; x_wconf 75' lang='grc' dir='ltr'>τοῦ</span> <span class='ocrx_word' id='word_1_637' title='bbox 1037 3107 1172 3158; x_wconf 61' lang='grc' dir='ltr'>προφή-</span> 
     </span>
     <span class='ocr_line' id='line_1_80' title="bbox 148 3164 1173 3218; baseline 0.004 -17"><span class='ocrx_word' id='word_1_638' title='bbox 148 3179 206 3201; x_wconf 93' lang='grc' dir='ltr'>του</span> <span class='ocrx_word' id='word_1_639' title='bbox 222 3164 396 3216; x_wconf 80' lang='grc' dir='ltr'>λέγοντος·</span> <span class='ocrx_word' id='word_1_640' title='bbox 419 3166 652 3218; x_wconf 80' lang='grc' dir='ltr'>Προσώζεσαν</span> <span class='ocrx_word' id='word_1_641' title='bbox 671 3168 731 3205; x_wconf 77' lang='grc' dir='ltr'>καὶ</span> <span class='ocrx_word' id='word_1_642' title='bbox 750 3168 931 3214; x_wconf 78' lang='grc' dir='ltr'>ἔσάπησαν</span> <span class='ocrx_word' id='word_1_643' title='bbox 951 3170 982 3206; x_wconf 81' lang='grc' dir='ltr'>οἳ</span> <span class='ocrx_word' id='word_1_644' title='bbox 1003 3167 1173 3218; x_wconf 69' lang='grc' dir='ltr'>μώλωπες</span> 
     </span>
    </p>
   </div>
   <div class='ocr_carea' id='block_1_16' title="bbox 151 3231 1172 3287">
    <p class='ocr_par' dir='ltr' id='par_1_21' title="bbox 151 3231 1172 3287">
     <span class='ocr_line' id='line_1_81' title="bbox 151 3231 1172 3287; baseline 0.006 -20"><span class='ocrx_word' id='word_1_645' title='bbox 151 3245 227 3280; x_wconf 85' lang='grc' dir='ltr'>μου.</span> <span class='ocrx_word' id='word_1_646' title='bbox 248 3231 299 3269; x_wconf 87' lang='grc' dir='ltr'>Σὺ</span> <span class='ocrx_word' id='word_1_647' title='bbox 319 3232 354 3271; x_wconf 80' lang='grc' dir='ltr'>δὲ</span> <span class='ocrx_word' id='word_1_648' title='bbox 379 3233 435 3272; x_wconf 80' lang='grc' dir='ltr'>διὰ</span> <span class='ocrx_word' id='word_1_649' title='bbox 457 3233 517 3284; x_wconf 82' lang='grc' dir='ltr'>μὲν</span> <span class='ocrx_word' id='word_1_650' title='bbox 540 3234 705 3287; x_wconf 80' lang='grc' dir='ltr'>ῥημάτων</span> <span class='ocrx_word' id='word_1_651' title='bbox 725 3233 782 3272; x_wconf 83' lang='grc' dir='ltr'>τὸν</span> <span class='ocrx_word' id='word_1_652' title='bbox 811 3235 902 3274; x_wconf 85' lang='grc' dir='ltr'>Θεὸν</span> <span class='ocrx_word' id='word_1_653' title='bbox 923 3233 1027 3278; x_wconf 83' lang='grc' dir='ltr'>ἀξιοῖς</span> <span class='ocrx_word' id='word_1_654' title='bbox 1047 3236 1172 3273; x_wconf 76' lang='grc' dir='ltr'>ἐπιλα-</span> 
     </span>
    </p>
   </div>
   <div class='ocr_carea' id='block_1_17' title="bbox 197 3353 944 3450">
    <p class='ocr_par' dir='ltr' id='par_1_22' title="bbox 197 3353 944 3450">
     <span class='ocr_line' id='line_1_82' title="bbox 197 3353 774 3394; baseline 0.002 -7"><span class='ocrx_word' id='word_1_655' title='bbox 197 3365 209 3378; x_wconf 81' lang='lat' dir='ltr'>e</span> <span class='ocrx_word' id='word_1_656' title='bbox 227 3353 285 3386; x_wconf 66' lang='lat' dir='ltr'><strong>Alii</strong></span> <span class='ocrx_word' id='word_1_657' title='bbox 305 3357 437 3389; x_wconf 77' lang='grc' dir='ltr'>δυνατόν.</span> <span class='ocrx_word' id='word_1_658' title='bbox 457 3358 565 3394; x_wconf 65' lang='grc' dir='ltr'>δεικνὺς</span> <span class='ocrx_word' id='word_1_659' title='bbox 579 3361 625 3390; x_wconf 77' lang='grc' dir='ltr'>ὅτι</span> <span class='ocrx_word' id='word_1_660' title='bbox 643 3360 657 3390; x_wconf 72' lang='grc' dir='ltr'>ὀ</span> <span class='ocrx_word' id='word_1_661' title='bbox 674 3360 774 3390; x_wconf 68' lang='grc' dir='ltr'>αὐτόν,</span> 
     </span>
     <span class='ocr_line' id='line_1_83' title="bbox 197 3404 944 3450; baseline 0.007 -14"><span class='ocrx_word' id='word_1_662' title='bbox 197 3415 209 3431; x_wconf 74' lang='lat'>⁸</span> <span class='ocrx_word' id='word_1_663' title='bbox 226 3404 372 3446; x_wconf 77' lang='lat' dir='ltr'><strong>Quidam</strong></span> <span class='ocrx_word' id='word_1_664' title='bbox 387 3412 435 3441; x_wconf 71' lang='grc' dir='ltr'>τὸν</span> <span class='ocrx_word' id='word_1_665' title='bbox 454 3412 527 3450; x_wconf 73' lang='grc' dir='ltr'>θεὸν,</span> <span class='ocrx_word' id='word_1_666' title='bbox 546 3413 639 3442; x_wconf 74' lang='grc' dir='ltr'>καίτοι</span> <span class='ocrx_word' id='word_1_667' title='bbox 665 3422 696 3450; x_wconf 73' lang='grc' dir='ltr'>γε</span> <span class='ocrx_word' id='word_1_668' title='bbox 711 3411 828 3449; x_wconf 68' lang='grc' dir='ltr'>μᾶλλον</span> <span class='ocrx_word' id='word_1_669' title='bbox 846 3412 944 3441; x_wconf 62' lang='grc' dir='ltr'>αὐτόν.</span> 
     </span>
    </p>
   </div>
   <div class='ocr_carea' id='block_1_18' title="bbox 1243 2126 2431 3285">
    <p class='ocr_par' dir='ltr' id='par_1_23' title="bbox 1247 2126 2234 2179">
     <span class='ocr_line' id='line_1_84' title="bbox 1247 2126 2234 2179; baseline -0.001 -13"><span class='ocrx_word' id='word_1_670' title='bbox 1247 2128 1438 2166; x_wconf 86' lang='lat' dir='ltr'><strong>crudelitas</strong></span> <span class='ocrx_word' id='word_1_671' title='bbox 1457 2137 1521 2166; x_wconf 84' lang='lat' dir='ltr'><strong>est.</strong></span> <span class='ocrx_word' id='word_1_672' title='bbox 1547 2127 1636 2174; x_wconf 82' lang='lat' dir='ltr'>Quae</span> <span class='ocrx_word' id='word_1_673' title='bbox 1652 2127 1744 2165; x_wconf 87' lang='lat' dir='ltr'><strong>enim</strong></span> <span class='ocrx_word' id='word_1_674' title='bbox 1766 2126 1901 2164; x_wconf 86' lang='lat' dir='ltr'><strong>utilitas</strong></span> <span class='ocrx_word' id='word_1_675' title='bbox 1923 2126 2077 2165; x_wconf 87' lang='lat' dir='ltr'><strong>alterum</strong></span> <span class='ocrx_word' id='word_1_676' title='bbox 2102 2128 2234 2179; x_wconf 87' lang='lat' dir='ltr'><strong>spolia-</strong></span> 
     </span>
    </p>

    <p class='ocr_par' dir='ltr' id='par_1_24' title="bbox 1246 2187 2233 2240">
     <span class='ocr_line' id='line_1_85' title="bbox 1246 2187 2233 2240; baseline 0 -13"><span class='ocrx_word' id='word_1_677' title='bbox 1246 2203 1299 2238; x_wconf 84' lang='lat' dir='ltr'>re,</span> <span class='ocrx_word' id='word_1_678' title='bbox 1315 2190 1467 2227; x_wconf 86' lang='lat' dir='ltr'><strong>alterum</strong></span> <span class='ocrx_word' id='word_1_679' title='bbox 1486 2187 1657 2226; x_wconf 74' lang='lat' dir='ltr'><strong>induere?</strong></span> <span class='ocrx_word' id='word_1_680' title='bbox 1678 2190 1706 2225; x_wconf 83' lang='lat' dir='ltr'><strong>A</strong></span> <span class='ocrx_word' id='word_1_681' title='bbox 1721 2187 1967 2226; x_wconf 81' lang='lat' dir='ltr'><strong>misericordia</strong></span> <span class='ocrx_word' id='word_1_682' title='bbox 1987 2187 2233 2240; x_wconf 87' lang='lat' dir='ltr'><strong>incipiendum</strong></span> 
     </span>
    </p>

    <p class='ocr_par' dir='ltr' id='par_1_25' title="bbox 1245 2248 2233 2302">
     <span class='ocr_line' id='line_1_86' title="bbox 1245 2248 2233 2302; baseline -0.001 -13"><span class='ocrx_word' id='word_1_683' title='bbox 1245 2260 1295 2289; x_wconf 83' lang='lat' dir='ltr'>est</span> <span class='ocrx_word' id='word_1_684' title='bbox 1317 2267 1324 2287; x_wconf 93' lang='lat'><strong>:</strong></span> <span class='ocrx_word' id='word_1_685' title='bbox 1345 2250 1504 2302; x_wconf 86' lang='lat' dir='ltr'><strong>alioquin</strong></span> <span class='ocrx_word' id='word_1_686' title='bbox 1530 2250 1732 2288; x_wconf 83' lang='lat' dir='ltr'><strong>immanitas</strong></span> <span class='ocrx_word' id='word_1_687' title='bbox 1763 2258 1862 2287; x_wconf 86' lang='lat' dir='ltr'><strong>esset.</strong></span> <span class='ocrx_word' id='word_1_688' title='bbox 1886 2248 1965 2287; x_wconf 85' lang='lat' dir='ltr'><strong>Etsi</strong></span> <span class='ocrx_word' id='word_1_689' title='bbox 1995 2249 2090 2287; x_wconf 90' lang='lat' dir='ltr'><strong>enim</strong></span> <span class='ocrx_word' id='word_1_690' title='bbox 2115 2251 2233 2289; x_wconf 87' lang='lat' dir='ltr'><strong>omnia</strong></span> 
     </span>
    </p>

    <p class='ocr_par' dir='ltr' id='par_1_26' title="bbox 1243 2310 2391 2612">
     <span class='ocr_line' id='line_1_87' title="bbox 1245 2310 2232 2361; baseline 0.001 -12"><span class='ocrx_word' id='word_1_691' title='bbox 1245 2312 1360 2350; x_wconf 87' lang='lat' dir='ltr'><strong>aliena</strong></span> <span class='ocrx_word' id='word_1_692' title='bbox 1384 2311 1528 2361; x_wconf 86' lang='lat' dir='ltr'><strong>demus,</strong></span> <span class='ocrx_word' id='word_1_693' title='bbox 1550 2311 1641 2349; x_wconf 82' lang='lat' dir='ltr'><strong>nihil</strong></span> <span class='ocrx_word' id='word_1_694' title='bbox 1660 2310 1746 2348; x_wconf 88' lang='lat' dir='ltr'><strong>hinc</strong></span> <span class='ocrx_word' id='word_1_695' title='bbox 1770 2310 1861 2348; x_wconf 86' lang='lat' dir='ltr'><strong>lucri</strong></span> <span class='ocrx_word' id='word_1_696' title='bbox 1886 2310 2003 2360; x_wconf 85' lang='lat' dir='ltr'><strong>nobis,</strong></span> <span class='ocrx_word' id='word_1_697' title='bbox 2025 2320 2065 2350; x_wconf 89' lang='lat' dir='ltr'>ut</span> <span class='ocrx_word' id='word_1_698' title='bbox 2079 2311 2232 2350; x_wconf 81' lang='lat' dir='ltr'><strong>ostendit</strong></span> 
     </span>
     <span class='ocr_line' id='line_1_88' title="bbox 1245 2371 2391 2430; baseline -0.002 -17"><span class='ocrx_word' id='word_1_699' title='bbox 1245 2374 1452 2423; x_wconf 82' lang='lat' dir='ltr'><strong>Zacchaens,</strong></span> <span class='ocrx_word' id='word_1_700' title='bbox 1472 2373 1532 2424; x_wconf 87' lang='lat' dir='ltr'>qui</span> <span class='ocrx_word' id='word_1_701' title='bbox 1550 2387 1585 2411; x_wconf 87' lang='lat' dir='ltr'>se</span> <span class='ocrx_word' id='word_1_702' title='bbox 1599 2375 1716 2411; x_wconf 87' lang='lat' dir='ltr'><strong>Deum</strong></span> <span class='ocrx_word' id='word_1_703' title='bbox 1733 2373 1874 2424; x_wconf 82' lang='lat' dir='ltr'><strong>placare</strong></span> <span class='ocrx_word' id='word_1_704' title='bbox 1897 2371 1986 2410; x_wconf 88' lang='lat' dir='ltr'><strong>dicit</strong></span> <span class='ocrx_word' id='word_1_705' title='bbox 2006 2371 2124 2410; x_wconf 84' lang='lat' dir='ltr'><strong>dando</strong></span> <span class='ocrx_word' id='word_1_706' title='bbox 2139 2387 2228 2424; x_wconf 86' lang='lat' dir='ltr'><strong>qua·</strong></span> <span class='ocrx_word' id='word_1_707' title='bbox 2247 2392 2319 2420; x_wconf 75' lang='lat' dir='ltr'><strong>Lac.</strong></span> <span class='ocrx_word' id='word_1_708' title='bbox 2345 2400 2391 2430; x_wconf 82' lang='lat'>¹9·</span> 
     </span>
     <span class='ocr_line' id='line_1_89' title="bbox 1243 2430 2276 2487; baseline -0.001 -14"><span class='ocrx_word' id='word_1_709' title='bbox 1243 2436 1416 2487; x_wconf 82' lang='lat' dir='ltr'><strong>druplum</strong></span> <span class='ocrx_word' id='word_1_710' title='bbox 1445 2449 1568 2473; x_wconf 85' lang='lat' dir='ltr'><strong>corum</strong></span> <span class='ocrx_word' id='word_1_711' title='bbox 1587 2448 1663 2485; x_wconf 85' lang='lat' dir='ltr'>quae</span> <span class='ocrx_word' id='word_1_712' title='bbox 1689 2442 1869 2485; x_wconf 85' lang='lat' dir='ltr'><strong>rapuerat.</strong></span> <span class='ocrx_word' id='word_1_713' title='bbox 1894 2433 1968 2471; x_wconf 85' lang='lat' dir='ltr'><strong>Nos</strong></span> <span class='ocrx_word' id='word_1_714' title='bbox 1987 2447 2072 2472; x_wconf 80' lang='lat' dir='ltr'><strong>vero</strong></span> <span class='ocrx_word' id='word_1_715' title='bbox 2091 2434 2152 2484; x_wconf 91' lang='lat' dir='ltr'>qui</span> <span class='ocrx_word' id='word_1_716' title='bbox 2176 2434 2230 2472; x_wconf 86' lang='lat' dir='ltr'><strong>in·</strong></span> <span class='ocrx_word' id='word_1_717' title='bbox 2245 2430 2276 2460; x_wconf 78' lang='grc'>3-</span> 
     </span>
     <span class='ocr_line' id='line_1_90' title="bbox 1244 2494 2233 2549; baseline -0.003 -12"><span class='ocrx_word' id='word_1_718' title='bbox 1244 2513 1392 2537; x_wconf 88' lang='lat' dir='ltr'><strong>numera</strong></span> <span class='ocrx_word' id='word_1_719' title='bbox 1413 2497 1588 2549; x_wconf 84' lang='lat' dir='ltr'><strong>rapimus,</strong></span> <span class='ocrx_word' id='word_1_720' title='bbox 1611 2505 1645 2533; x_wconf 88' lang='lat' dir='ltr'>et</span> <span class='ocrx_word' id='word_1_721' title='bbox 1663 2509 1777 2548; x_wconf 86' lang='lat' dir='ltr'><strong>pauca</strong></span> <span class='ocrx_word' id='word_1_722' title='bbox 1795 2494 1936 2544; x_wconf 78' lang='lat' dir='ltr'><strong>damus,</strong></span> <span class='ocrx_word' id='word_1_723' title='bbox 1959 2495 2100 2547; x_wconf 86' lang='lat' dir='ltr'><strong>placare</strong></span> <span class='ocrx_word' id='word_1_724' title='bbox 2114 2497 2233 2534; x_wconf 81' lang='lat' dir='ltr'><strong>Deum</strong></span> 
     </span>
     <span class='ocr_line' id='line_1_91' title="bbox 1243 2556 2232 2612; baseline -0.001 -15"><span class='ocrx_word' id='word_1_725' title='bbox 1243 2569 1425 2612; x_wconf 85' lang='lat' dir='ltr'><strong>putamus,</strong></span> <span class='ocrx_word' id='word_1_726' title='bbox 1442 2559 1642 2609; x_wconf 82' lang='lat' dir='ltr'><strong>ignorantes</strong></span> <span class='ocrx_word' id='word_1_727' title='bbox 1657 2570 1720 2594; x_wconf 88' lang='lat' dir='ltr'>nos</span> <span class='ocrx_word' id='word_1_728' title='bbox 1735 2556 1838 2593; x_wconf 89' lang='lat' dir='ltr'><strong>illum</strong></span> <span class='ocrx_word' id='word_1_729' title='bbox 1851 2557 1964 2609; x_wconf 82' lang='lat' dir='ltr'><strong>magis</strong></span> <span class='ocrx_word' id='word_1_730' title='bbox 1980 2557 2132 2597; x_wconf 88' lang='lat' dir='ltr'><strong>irritare.</strong></span> <span class='ocrx_word' id='word_1_731' title='bbox 2149 2559 2232 2607; x_wconf 93' lang='lat' dir='ltr'><strong>Dic,</strong></span> 
     </span>
    </p>

    <p class='ocr_par' dir='ltr' id='par_1_27' title="bbox 1244 2617 2233 2671">
     <span class='ocr_line' id='line_1_92' title="bbox 1244 2617 2233 2671; baseline 0 -14"><span class='ocrx_word' id='word_1_732' title='bbox 1244 2634 1375 2671; x_wconf 82' lang='lat' dir='ltr'><strong>quaeso,</strong></span> <span class='ocrx_word' id='word_1_733' title='bbox 1406 2618 1511 2665; x_wconf 80' lang='lat' dir='ltr'><strong>mihi,</strong></span> <span class='ocrx_word' id='word_1_734' title='bbox 1533 2617 1563 2655; x_wconf 91' lang='lat' dir='ltr'><strong>si</strong></span> <span class='ocrx_word' id='word_1_735' title='bbox 1594 2617 1734 2655; x_wconf 82' lang='lat' dir='ltr'><strong>asinum</strong></span> <span class='ocrx_word' id='word_1_736' title='bbox 1766 2626 1949 2655; x_wconf 87' lang='lat' dir='ltr'><strong>mortuum</strong></span> <span class='ocrx_word' id='word_1_737' title='bbox 1971 2627 2005 2656; x_wconf 91' lang='lat' dir='ltr'>et</span> <span class='ocrx_word' id='word_1_738' title='bbox 2022 2618 2188 2658; x_wconf 89' lang='lat' dir='ltr'><strong>foetidum</strong></span> <span class='ocrx_word' id='word_1_739' title='bbox 2215 2634 2233 2657; x_wconf 94' lang='lat' dir='ltr'>e</span> 
     </span>
    </p>

    <p class='ocr_par' dir='ltr' id='par_1_28' title="bbox 1243 2679 2231 2729">
     <span class='ocr_line' id='line_1_93' title="bbox 1243 2679 2231 2729; baseline 0 -10"><span class='ocrx_word' id='word_1_740' title='bbox 1243 2681 1361 2719; x_wconf 82' lang='lat' dir='ltr'><strong>triviis</strong></span> <span class='ocrx_word' id='word_1_741' title='bbox 1391 2679 1439 2718; x_wconf 86' lang='lat' dir='ltr'>ad</span> <span class='ocrx_word' id='word_1_742' title='bbox 1460 2693 1559 2717; x_wconf 84' lang='lat' dir='ltr'><strong>aram</strong></span> <span class='ocrx_word' id='word_1_743' title='bbox 1586 2687 1739 2716; x_wconf 85' lang='lat' dir='ltr'><strong>tractum</strong></span> <span class='ocrx_word' id='word_1_744' title='bbox 1773 2679 1916 2718; x_wconf 84' lang='lat' dir='ltr'><strong>offerres</strong></span> <span class='ocrx_word' id='word_1_745' title='bbox 1935 2680 1972 2718; x_wconf 89' lang='lat' dir='ltr'><strong>in</strong></span> <span class='ocrx_word' id='word_1_746' title='bbox 1995 2680 2231 2729; x_wconf 84' lang='lat' dir='ltr'><strong>sacrificium,</strong></span> 
     </span>
    </p>

    <p class='ocr_par' dir='ltr' id='par_1_29' title="bbox 1245 2739 2233 2854">
     <span class='ocr_line' id='line_1_94' title="bbox 1246 2739 2233 2794; baseline 0.002 -15"><span class='ocrx_word' id='word_1_747' title='bbox 1246 2756 1360 2780; x_wconf 91' lang='lat' dir='ltr'><strong>nonne</strong></span> <span class='ocrx_word' id='word_1_748' title='bbox 1390 2750 1424 2779; x_wconf 91' lang='lat' dir='ltr'>te</span> <span class='ocrx_word' id='word_1_749' title='bbox 1454 2754 1574 2779; x_wconf 90' lang='lat' dir='ltr'><strong>omnes</strong></span> <span class='ocrx_word' id='word_1_750' title='bbox 1606 2739 1806 2792; x_wconf 83' lang='lat' dir='ltr'><strong>lapidarent</strong></span> <span class='ocrx_word' id='word_1_751' title='bbox 1831 2750 1871 2778; x_wconf 85' lang='lat' dir='ltr'>ut</span> <span class='ocrx_word' id='word_1_752' title='bbox 1896 2740 2050 2794; x_wconf 87' lang='lat' dir='ltr'><strong>impium</strong></span> <span class='ocrx_word' id='word_1_753' title='bbox 2073 2751 2106 2780; x_wconf 91' lang='lat' dir='ltr'>et</span> <span class='ocrx_word' id='word_1_754' title='bbox 2135 2756 2233 2780; x_wconf 79' lang='lat' dir='ltr'><strong>exse-</strong></span> 
     </span>
     <span class='ocr_line' id='line_1_95' title="bbox 1245 2801 2232 2854; baseline 0 -13"><span class='ocrx_word' id='word_1_755' title='bbox 1245 2803 1445 2841; x_wconf 64' lang='lat' dir='ltr'><strong>crandum?</strong></span> <span class='ocrx_word' id='word_1_756' title='bbox 1475 2801 1576 2848; x_wconf 86' lang='lat' dir='ltr'><strong>Quid</strong></span> <span class='ocrx_word' id='word_1_757' title='bbox 1607 2815 1706 2850; x_wconf 77' lang='lat' dir='ltr'><strong>vero,</strong></span> <span class='ocrx_word' id='word_1_758' title='bbox 1727 2802 1757 2839; x_wconf 93' lang='lat' dir='ltr'><strong>si</strong></span> <span class='ocrx_word' id='word_1_759' title='bbox 1775 2802 1938 2854; x_wconf 87' lang='lat' dir='ltr'><strong>probem,</strong></span> <span class='ocrx_word' id='word_1_760' title='bbox 1952 2803 2169 2841; x_wconf 85' lang='lat' dir='ltr'><strong>sacrificium</strong></span> <span class='ocrx_word' id='word_1_761' title='bbox 2187 2817 2232 2841; x_wconf 85' lang='lat' dir='ltr'>ex</span> 
     </span>
    </p>

    <p class='ocr_par' dir='ltr' id='par_1_30' title="bbox 1244 2862 2233 2964">
     <span class='ocr_line' id='line_1_96' title="bbox 1244 2862 2231 2917; baseline 0 -15"><span class='ocrx_word' id='word_1_762' title='bbox 1244 2864 1370 2917; x_wconf 82' lang='lat' dir='ltr'><strong>rapina</strong></span> <span class='ocrx_word' id='word_1_763' title='bbox 1405 2863 1518 2916; x_wconf 83' lang='lat' dir='ltr'><strong>magis</strong></span> <span class='ocrx_word' id='word_1_764' title='bbox 1547 2862 1806 2902; x_wconf 76' lang='lat' dir='ltr'><strong>exsecrandum</strong></span> <span class='ocrx_word' id='word_1_765' title='bbox 1838 2877 1931 2915; x_wconf 90' lang='lat' dir='ltr'><strong>esse,</strong></span> <span class='ocrx_word' id='word_1_766' title='bbox 1969 2879 2076 2916; x_wconf 88' lang='lat' dir='ltr'><strong>quam</strong></span> <span class='ocrx_word' id='word_1_767' title='bbox 2103 2864 2231 2902; x_wconf 80' lang='lat' dir='ltr'><strong>desen—</strong></span> 
     </span>
     <span class='ocr_line' id='line_1_97' title="bbox 1245 2924 2233 2964; baseline -0.001 0"><span class='ocrx_word' id='word_1_768' title='bbox 1245 2927 1379 2964; x_wconf 90' lang='lat' dir='ltr'><strong>sionem</strong></span> <span class='ocrx_word' id='word_1_769' title='bbox 1416 2924 1653 2963; x_wconf 74' lang='lat' dir='ltr'><strong>habebimus?</strong></span> <span class='ocrx_word' id='word_1_770' title='bbox 1686 2926 1862 2963; x_wconf 88' lang='lat' dir='ltr'><strong>Ponamus</strong></span> <span class='ocrx_word' id='word_1_771' title='bbox 1904 2925 2000 2963; x_wconf 92' lang='lat' dir='ltr'><strong>enim</strong></span> <span class='ocrx_word' id='word_1_772' title='bbox 2050 2925 2233 2964; x_wconf 88' lang='lat' dir='ltr'><strong>cimelium</strong></span> 
     </span>
    </p>

    <p class='ocr_par' dir='ltr' id='par_1_31' title="bbox 1245 2987 2232 3041">
     <span class='ocr_line' id='line_1_98' title="bbox 1245 2987 2232 3041; baseline -0.001 -16"><span class='ocrx_word' id='word_1_773' title='bbox 1245 3003 1289 3026; x_wconf 83' lang='lat' dir='ltr'>ex</span> <span class='ocrx_word' id='word_1_774' title='bbox 1316 2987 1440 3041; x_wconf 84' lang='lat' dir='ltr'><strong>rapina</strong></span> <span class='ocrx_word' id='word_1_775' title='bbox 1464 2996 1608 3040; x_wconf 85' lang='lat' dir='ltr'><strong>partum</strong></span> <span class='ocrx_word' id='word_1_776' title='bbox 1644 3003 1650 3023; x_wconf 94' lang='lat'><strong>:</strong></span> <span class='ocrx_word' id='word_1_777' title='bbox 1686 3001 1802 3025; x_wconf 91' lang='lat' dir='ltr'><strong>annon</strong></span> <span class='ocrx_word' id='word_1_778' title='bbox 1831 2987 1947 3038; x_wconf 84' lang='lat' dir='ltr'><strong>magis</strong></span> <span class='ocrx_word' id='word_1_779' title='bbox 1974 2988 2094 3035; x_wconf 86' lang='lat' dir='ltr'><strong>foetet,</strong></span> <span class='ocrx_word' id='word_1_780' title='bbox 2125 3002 2232 3038; x_wconf 86' lang='lat' dir='ltr'><strong>quam</strong></span> 
     </span>
    </p>

    <p class='ocr_par' dir='ltr' id='par_1_32' title="bbox 1246 3048 2232 3100">
     <span class='ocr_line' id='line_1_99' title="bbox 1246 3048 2232 3100; baseline -0.001 -13"><span class='ocrx_word' id='word_1_781' title='bbox 1246 3049 1364 3087; x_wconf 86' lang='lat' dir='ltr'><strong>asinus</strong></span> <span class='ocrx_word' id='word_1_782' title='bbox 1397 3048 1583 3086; x_wconf 78' lang='lat' dir='ltr'><strong>mortuus?</strong></span> <span class='ocrx_word' id='word_1_783' title='bbox 1611 3048 1677 3088; x_wconf 87' lang='lat' dir='ltr'>Vis</span> <span class='ocrx_word' id='word_1_784' title='bbox 1711 3048 1848 3086; x_wconf 74' lang='lat' dir='ltr'><strong>discere</strong></span> <span class='ocrx_word' id='word_1_785' title='bbox 1875 3058 2029 3099; x_wconf 84' lang='lat' dir='ltr'><strong>quantus</strong></span> <span class='ocrx_word' id='word_1_786' title='bbox 2067 3049 2112 3087; x_wconf 84' lang='lat' dir='ltr'>sit</span> <span class='ocrx_word' id='word_1_787' title='bbox 2148 3063 2232 3100; x_wconf 84' lang='lat' dir='ltr'><strong>pec-</strong></span> 
     </span>
    </p>

    <p class='ocr_par' dir='ltr' id='par_1_33' title="bbox 1247 3110 2431 3224">
     <span class='ocr_line' id='line_1_100' title="bbox 1247 3110 2431 3163; baseline -0.001 -14"><span class='ocrx_word' id='word_1_788' title='bbox 1247 3111 1315 3150; x_wconf 86' lang='lat' dir='ltr'><strong>cati</strong></span> <span class='ocrx_word' id='word_1_789' title='bbox 1358 3110 1488 3149; x_wconf 70' lang='lat' dir='ltr'><strong>foetor?</strong></span> <span class='ocrx_word' id='word_1_790' title='bbox 1518 3110 1613 3148; x_wconf 83' lang='lat' dir='ltr'>Audi</span> <span class='ocrx_word' id='word_1_791' title='bbox 1650 3110 1861 3163; x_wconf 85' lang='lat' dir='ltr'><strong>prophetam</strong></span> <span class='ocrx_word' id='word_1_792' title='bbox 1896 3110 2072 3148; x_wconf 87' lang='lat' dir='ltr'><strong>dicentem</strong></span> <span class='ocrx_word' id='word_1_793' title='bbox 2112 3126 2119 3146; x_wconf 76' lang='grc' dir='ltr'><strong><em>ε</em></strong></span> <span class='ocrx_word' id='word_1_794' title='bbox 2151 3112 2230 3148; x_wconf 78' lang='lat' dir='ltr'>Pu-</span> <span class='ocrx_word' id='word_1_795' title='bbox 2246 3123 2431 3162; x_wconf 77' lang='lat' dir='ltr'><strong>Psal.37.6.</strong></span> 
     </span>
     <span class='ocr_line' id='line_1_101' title="bbox 1248 3172 2231 3224; baseline -0.002 -14"><span class='ocrx_word' id='word_1_796' title='bbox 1248 3180 1423 3210; x_wconf 78' lang='lat' dir='ltr'><strong>truerunt</strong></span> <span class='ocrx_word' id='word_1_797' title='bbox 1445 3181 1480 3209; x_wconf 82' lang='lat' dir='ltr'>et</span> <span class='ocrx_word' id='word_1_798' title='bbox 1499 3180 1686 3224; x_wconf 78' lang='lat' dir='ltr'><strong>corrztptoe</strong></span> <span class='ocrx_word' id='word_1_799' title='bbox 1717 3180 1805 3209; x_wconf 82' lang='lat' dir='ltr'><strong>sunt</strong></span> <span class='ocrx_word' id='word_1_800' title='bbox 1824 3174 2024 3210; x_wconf 79' lang='lat' dir='ltr'><strong>cicatrices</strong></span> <span class='ocrx_word' id='word_1_801' title='bbox 2044 3185 2147 3208; x_wconf 73' lang='lat' dir='ltr'><strong>mete.</strong></span> <span class='ocrx_word' id='word_1_802' title='bbox 2173 3172 2231 3208; x_wconf 88' lang='lat' dir='ltr'>Tu</span> 
     </span>
    </p>

    <p class='ocr_par' dir='ltr' id='par_1_34' title="bbox 1247 3232 2233 3285">
     <span class='ocr_line' id='line_1_102' title="bbox 1247 3232 2233 3285; baseline -0.003 -12"><span class='ocrx_word' id='word_1_803' title='bbox 1247 3248 1332 3273; x_wconf 81' lang='lat' dir='ltr'><strong>vero</strong></span> <span class='ocrx_word' id='word_1_804' title='bbox 1355 3233 1468 3271; x_wconf 88' lang='lat' dir='ltr'><strong>Deum</strong></span> <span class='ocrx_word' id='word_1_805' title='bbox 1498 3233 1618 3272; x_wconf 83' lang='lat' dir='ltr'><strong>verbis</strong></span> <span class='ocrx_word' id='word_1_806' title='bbox 1644 3232 1814 3285; x_wconf 83' lang='lat' dir='ltr'><strong>precaris,</strong></span> <span class='ocrx_word' id='word_1_807' title='bbox 1834 3242 1873 3271; x_wconf 87' lang='lat' dir='ltr'>ut</span> <span class='ocrx_word' id='word_1_808' title='bbox 1895 3233 2067 3285; x_wconf 81' lang='lat' dir='ltr'><strong>scelerum</strong></span> <span class='ocrx_word' id='word_1_809' title='bbox 2089 3241 2233 3270; x_wconf 83' lang='lat' dir='ltr'><strong>tuorum</strong></span> 
     </span>
    </p>
   </div>
   <div class='ocr_carea' id='block_1_19' title="bbox 1277 3353 1509 3400">
    <p class='ocr_par' dir='ltr' id='par_1_35' title="bbox 1277 3353 1509 3400">
     <span class='ocr_line' id='line_1_103' title="bbox 1277 3353 1509 3400; baseline 0 -14"><span class='ocrx_word' id='word_1_810' title='bbox 1277 3357 1293 3380; x_wconf 82' lang='lat'>1¹</span> <span class='ocrx_word' id='word_1_811' title='bbox 1310 3353 1372 3387; x_wconf 84' lang='lat' dir='ltr'><strong>Alii</strong></span> <span class='ocrx_word' id='word_1_812' title='bbox 1388 3361 1509 3400; x_wconf 71' lang='grc' dir='ltr'>μιαρόν.</span> 
     </span>
    </p>
   </div>
  </div>
 </body>
</html>
