2481 3678
85 1769 268 1809 ιῘυανι.’,·.52.

83 1947 267 1985 Joam.1..'¹6.

92 2871 206 2911 Aatsg.
229 2872 273 2901 13.

281 194 308 237 ὃ
722 207 760 237 S.
798 207 984 237 JOANNIS
1017 206 1255 237 CHRYSOST.
1293 206 1498 236 ARCfflEP.
1536 204 1892 236 CONSTANTINOP-

281 288 452 340 Spiritui,
468 301 561 326 nunc
582 297 614 326 ct
633 301 780 340 semper,
796 297 829 326 et
844 288 881 325 in
895 287 1019 325 saecula
1037 287 1256 326 saeculorum.

283 351 404 387 Amen.

1331 286 1468 339 θρωπίᾳ
1490 290 1550 325 τοῦ
1569 286 1696 339 Κυρίου
1719 288 1819 337 ἡμῶν
1840 285 1956 334 Ἰησοῦ
1976 286 2126 338 Χριστοῦ
2134 316 2144 334 ,
2161 287 2203 324 δι’
2230 279 2268 324 οῧ
2290 286 2349 324 καὶ

1332 348 1406 397 μεθ’
1424 340 1463 385 οἷ
1477 349 1527 399 τῷ
1541 347 1658 399 Πατρὶ
1672 351 1694 394 ἡ
1715 346 1796 391 δόξα
1815 347 1890 398 ἅμα
1908 349 1958 399 τῷ
1976 346 2137 398 παναγίῳ
2151 345 2352 397 Πνεύματι,

1330 411 1387 445 ν’ὔν
1410 405 1470 444 καὶ
1493 406 1566 455 ἀεὶ,
1584 407 1644 445 καὶ
1669 409 1716 451 εἷς
1733 406 1810 451 τοὺς
1824 409 1951 451 αἰῶνας
1976 409 2045 445 τῶν
2068 405 2214 445 αἰώνων.
2229 405 2350 457 Ἀμήν.

635 698 844 737 HOMILIA
872 698 918 735 ΙΙ.

363 842 452 878 cip.
470 840 498 876 l.
521 853 554 877 v.
577 841 611 875 ’1.
635 841 683 876 1η
696 839 884 890 principio
903 845 984 876 erat
1006 837 1182 875 Verbum.

336 975 371 1010 1.
397 972 432 1010 Si
454 974 605 1011 Joannes
633 985 696 1009 nos
715 970 966 1021 alloquuturus
994 977 1107 1018 esset,
1139 977 1172 1006 et
1203 982 1265 1006 sua

283 1043 501 1082 narratHrUS,
517 1047 536 1069 e
551 1048 588 1070 re
608 1033 706 1080 foret,
727 1032 802 1084 ejus
818 1045 940 1082 genus,
960 1030 1111 1083 patriam
1124 1038 1156 1067 et
1172 1029 1264 1067 edu-

1724 697 1900 735 οΜιΛιΑ
1933 695 1977 748 β’.

1635 835 1695 874 Ἔν
1720 838 1812 889 ἀρχῇ
1829 831 1870 883 ἦν
1891 839 1909 875 ὁ
1927 836 2050 888 Λόγος.

1391 966 1435 1003 Εἰ
1452 965 1513 1016 μὲν
1534 965 1697 1013 Ἰωάννης
1718 969 1802 1017 ἡμῖν
1820 965 1943 1018 ἔμελλε
1964 964 2200 1009 ὃδιαλέξεσθαι
2216 963 2356 1013 ,καὶτὰ

1338 1028 1439 1064 αὐτοῦ
1462 1027 1547 1079 πρὸς
1567 1029 1661 1077 ἡμᾶς
1683 1029 1785 1080 ἐρεῖν,
1808 1030 1994 1079 ἀναγκαῖον
2009 1021 2050 1073 ἦν
2065 1026 2123 1064 καὶ
2143 1025 2239 1078 γένος
2255 1027 2358 1064 αὐτοῦ

282 1095 455 1132 cntionem
474 1109 661 1132 recensere.
685 1094 778 1140 Quia
796 1107 880 1133 vero
905 1106 973 1130 non
1002 1092 1100 1144 ipse,
1121 1090 1181 1129 sed
1204 1105 1267 1143 per
1290 1102 1314 1132 Β
1337 1087 1397 1124 καὶ
1423 1087 1574 1139 πατρίδα
1605 1089 1712 1125 εἰπεῖν
1739 1087 1799 1125 καὶ
1826 1088 2033 1139 ἀνατροφήν.
2056 1086 2204 1133 Ἐπειδὴ
2236 1086 2272 1125 δὲ
2296 1088 2360 1138 οὐχ

282 1157 385 1193 illum
404 1159 501 1194 Deus
518 1157 712 1193 humanam
727 1154 921 1204 alloquitur
936 1162 1099 1190 naturam
1113 1182 1124 1201 ,
1146 1166 1266 1202 super-

282 1218 395 1255 ssuum
422 1218 510 1254 mihi
539 1216 682 1254 videtur
700 1216 774 1253 haec
792 1214 991 1263 disquirere
1003 1228 1015 1262 3
1033 1212 1105 1249 imo
1125 1225 1208 1250 vero
1229 1211 1266 1248 id

282 1293 350 1316 non
370 1290 670 1330 supervacaneum
688 1275 809 1324 fuerit,
828 1273 888 1312 sed.
903 1273 1005 1312 valde
1018 1273 1264 1310 necessarium.

282 1341 373 1377 Cum
392 1338 486 1376 enim
507 1336 676 1375 didiceris
696 1335 791 1386 quis,
816 1333 908 1372 unde
925 1365 935 1380 ‚
951 1348 971 1371 a
992 1333 1122 1384 quibus
1143 1343 1266 1383 ortus,

281 1399 396 1451 qualis
418 1399 471 1437 vir
489 1397 618 1448 suerit,
640 1396 837 1447 deindeque
865 1394 1020 1432 audieris
1041 1395 1116 1446 ejus
1147 1408 1268 1433 vocem

282 1459 614 1511 philosophiamque
630 1466 752 1505 totam,
768 1466 853 1494 tunc
867 1455 977 1507 probe
995 1455 1082 1493 scies
1095 1455 1172 1493 haec
1190 1470 1269 1495 ver-

282 1521 327 1557 ba
347 1534 415 1557 non
442 1520 517 1571 ejus
536 1533 609 1557 esse
624 1548 634 1567 ,
656 1519 718 1555 sed
740 1516 872 1555 divinae
894 1515 1039 1555 virtutis
1054 1545 1065 1565 ,
1090 1516 1167 1566 ejus
1185 1516 1267 1554 ani—

282 1596 376 1620 mam
402 1582 586 1621 moventis.
604 1581 685 1627 Qua
712 1593 794 1630 ergo
809 1579 875 1616 suit
895 1577 1036 1630 patria?
1055 1577 1161 1615 Nulla
1191 1576 1268 1627 qui-

285 1643 365 1680 dem
379 1643 494 1695 patria
509 1658 518 1690 3
536 1642 597 1680 sed
611 1657 655 1679 ex
674 1641 754 1680 vico
770 1639 904 1691 prodiit
919 1648 952 1676 et
967 1638 1109 1689 regione
1121 1638 1269 1690 abjecta,

284 1718 362 1753 quae
395 1703 484 1740 nihil
504 1703 658 1754 alicujus
686 1701 791 1754 pretii
821 1701 936 1738 ferret.
959 1699 1147 1737 Galilaeam
1174 1699 1269 1737 enim

286 1774 513 1803 contemnunt
532 1764 654 1802 scribae
671 1778 753 1801 cum
773 1762 872 1799 aiunt
892 1777 899 1798 ε
928 1764 1129 1812 Interroga
1154 1770 1188 1798 el
1211 1762 1269 1798 υἱ-

1337 1143 1452 1194 οῧτος,
1467 1148 1542 1185 ἀλλ’
1559 1151 1577 1185 ὁ
1592 1147 1680 1191 Θεὸς
1695 1148 1737 1184 δι’
1760 1149 1864 1186 αὐτοῦ
1886 1148 1971 1200 πρὸς
1984 1148 2046 1195 τὴν
2067 1151 2135 1186 τῶν
2167 1146 2358 1200 ἀνθρώπων

1335 1207 1519 1260 φθέγγεται
1540 1206 1653 1259 φύσιν,
1669 1208 1829 1257 περιττὸν
1851 1202 1937 1246 εἷναί
1959 1225 2018 1258 μοι
2042 1210 2134 1246 δοκεῖ
2155 1209 2215 1246 καὶ
2231 1208 2359 1261 παρέλ-

1338 1284 1396 1306 κον
1410 1283 1521 1307 ταυτα
1552 1270 1749 1315 ἀναζητεῖν·
1774 1270 1939 1318 μᾶλλον
1921 1268 1957 1306 οε
1976 1267 2054 1307 οὐδὲ
2078 1285 2168 1307 ουτω
2186 1269 2360 1321 περιττὸν,

1338 1329 1427 1368 ἀλλὰ
1447 1329 1506 1367 καὶ
1525 1328 1691 1383 σφόδρα’
1673 1335 1872 1381 αναγκαῖον.
1890 1328 2005 1368 (Ὀταν
2024 1328 2092 1382 γαρ
2113 1329 2226 1382 μάθῃς
2238 1329 2290 1373 τίς
2304 1333 2360 1378 ἠν,

1338 1391 1398 1428 καὶ
1425 1389 1540 1438 πόθεν,
1562 1405 1621 1427 και
1650 1389 1766 1438 τίνων,
1802 1405 1862 1428 και
1889 1391 2069 1438 ποταπὸς,
2098 1394 2173 1428 εἶτα
2210 1389 2360 1442 ἀκούσῃς

1338 1453 1440 1489 αὐτοῦ
1468 1467 1530 1497 της
1566 1452 1683 1502 φωνῆς
1714 1450 1773 1489 καὶ
1790 1467 1853 1497 της
1880 1450 2117 1503 φιλοσοφίαςζ
2100 1449 2261 1498 απάσης·
2282 1449 2360 1489 τότε

1338 1512 1412 1564 εἴσῃ
1433 1514 1568 1560 καλῶς,
1588 1511 1640 1549 ὅτι
1656 1513 1718 1550 οὐκ
1734 1511 1862 1550 ἐκείνου
1880 1515 1990 1549 ταῦτα
2002 1506 2058 1559 ἦν,
2081 1511 2171 1550 ἀλλὰ
2190 1515 2252 1558 τῆς
2268 1510 2360 1554 θείας

1338 1571 1532 1622 δυνάμεως,
1547 1577 1608 1618 τ’ῆς
1627 1573 1786 1617 κινούσης
1802 1575 1904 1611 αὐτοῦ
1929 1572 1992 1620 τὴν
2024 1573 2152 1625 ψυχήν.
2167 1572 2279 1616 Ποίας
2303 1566 2360 1611 οῧν

1338 1626 1379 1679 ἦν
1392 1631 1574 1685 πατρίδος,
1589 1630 1605 1651 ¹‘
1621 1631 1795 1684 Πατρίδος
1816 1630 1877 1682 μὲν
1900 1634 2078 1683 οὐδεμιᾶς,
2106 1632 2229 1682 κώμης
2248 1633 2284 1672 δὲ
2309 1635 2361 1671 εὖ-

1338 1695 1454 1736 τελοῧς
1473 1693 1532 1731 καὶ
1561 1692 1680 1745 χώρας
1712 1693 1940 1746 φαυλοτέρας,
1973 1693 2033 1732 καὶ
2071 1693 2165 1732 οὐδὲν
2195 1695 2362 1747 φερούσης

1341 1753 1481 1806 ἀγαθόν.
1498 1753 1573 1801 Τὴν
1591 1753 1659 1806 γὰρ
1679 1752 1871 1791 Γαλιλαίαν
1887 1753 2112 1793 διαῧάλλουσι
2128 1754 2189 1805 μὲν
2206 1757 2237 1793 οἱ
2249 1772 2362 1807 γραμ-

284 1828 342 1875 de,
364 1827 469 1877 quod
487 1840 534 1862 ex
557 1825 725 1863 Galilaea
747 1838 825 1861 non
843 1825 964 1874 surgit
986 1823 1186 1873 propheta.
1207 1822 1270 1860 Ni·
1294 1833 1318 1863 c
1341 1821 1483 1867 ματεῖς,
1502 1815 1675 1867 λέγοντες·
1696 1813 1897 1868 Ἕρώτησον
1917 1816 1976 1852 καὶ
1992 1815 2063 1863 ἴδε,
2085 1816 2138 1853 ὅτι
2157 1818 2196 1862 ἐκ
2213 1819 2275 1862 τῆς
2292 1818 2362 1855 Γα-

283 1887 347 1924 hili
377 1887 460 1924 ficit
488 1900 564 1923 eam
594 1885 654 1922 ille
674 1898 816 1935 quoque
840 1897 920 1923 veie
940 1882 1100 1920 Israelita
1121 1881 1269 1921 dicens.

284 1951 348 1987 Ex
370 1951 542 1987 Nazarec
567 1956 691 1999 potest
718 1947 871 1996 aliquid
899 1946 991 1982 boni
1021 1957 1116 1982 esse.
1112 1947 1125 1972 ?
1147 1945 1271 1995 Neque

284 2010 393 2059 igitur
411 2023 456 2046 ex
470 2008 599 2058 insigni
628 2006 797 2058 quopiam
826 2006 901 2058 ejus
919 2004 1073 2056 iegionis
1091 2005 1168 2043 loco
1183 2015 1268 2043 erat.

283 2070 354 2107 Sed
374 2084 484 2120 neque
503 2083 629 2106 nomen
648 2069 723 2119 ejus
744 2067 795 2104 ibi
817 2076 951 2115 notum,
978 2075 1078 2118 patre
1097 2065 1270 2117 piscatore

283 2144 457 2183 paupere:
476 2129 562 2180 quin
583 2128 630 2166 ita
646 2142 798 2179 paupere
816 2137 855 2165 ut
876 2126 969 2164 filios
990 2125 1112 2164 eadem
1140 2127 1177 2164 in
1196 2136 1270 2166 arte

284 2200 470 2229 exerceret.
484 2190 589 2228 Scitis
601 2203 708 2241 porro
722 2202 855 2237 omnes,
872 2188 1012 2225 nullum
1024 2187 1197 2225 artificem
1209 2202 1269 2226 cu—

284 2266 368 2305 pere
379 2252 496 2288 filium
508 2265 579 2288 suae
593 2250 679 2287 artis
691 2249 855 2287 heredem
866 2249 1078 2299 relinquere,
1092 2249 1159 2286 nisi
1171 2264 1267 2287 sum-

284 2329 339 2352 ina
350 2323 557 2366 paupertate
567 2322 740 2361 coactum5
754 2311 910 2349 maxime
923 2324 1005 2349 vero
1015 2310 1043 2347 si
1054 2324 1111 2347 ars
1119 2310 1164 2347 sit
1174 2310 1267 2348 vilis.

284 2375 524 2413 piscatoribus
542 2388 626 2413 vero
648 2373 737 2411 nihil
752 2372 956 2425 pauperius,
971 2372 1063 2408 nihil
1076 2372 1268 2423 abjecti1153

1338 1874 1475 1919 λιλαίας
1500 1891 1561 1913 ουκ
1583 1875 1765 1929 ἐγήγερται
1785 1875 1977 1929 προφήτης.
1997 1876 2190 1914 Διαὸάλλει
2212 1875 2247 1913 δὲ
2267 1877 2326 1914 καὶ
2345 1880 2363 1915 ὁ

1339 1938 1475 1983 ἀληθως
1495 1936 1734 1990 ’[σραηλίτης,
1749 1936 1880 1988 λέγων·
1896 1936 1962 1974 Εκ
1988 1936 2149 1990 Ναζαρὲτ
2168 1936 2310 1975 δύναταί
2329 1954 2363 1975 τι

1339 1997 1467 2049 ἀγαθὸν
1487 2001 1591 2045 εἶναι,
1608 1997 1677 2036 Καὶ
1703 1996 1832 2043 ταύτης
1852 1996 1899 2034 ὢν
1915 2013 1977 2043 της
1991 2013 2075 2048 γης,
2095 1996 2207 2036 οὐδὲ’
2191 1998 2363 2049 επισήμου

1338 2057 1468 2110 χωρίου
1486 2058 1576 2102 τινὸς
1594 2062 1648 2105 ἠν.
1665 2058 1754 2096 Ἀλλ’
1779 2057 1889 2096 οὐδὲ’
1874 2073 1913 2096 εκ
1937 2058 2170 2110 προσηγορίας
2189 2058 2364 2111 γνωρίμου

1337 2122 1458 2164 (οὗτος
1472 2122 1633 2158 ἐκεῖθεν’
1615 2136 1670 2167 ην,
1682 2119 1814 2171 πατρὸς
1831 2118 1865 2157 δὲ
1886 2118 2008 2162 ἁλιέως
2019 2118 2182 2166 πένητος·
2201 2119 2289 2158 οὕτω
2304 2120 2364 2159 πέ-

1338 2197 1455 2230 νητος,
1470 2183 1516 2224 ὡς
1529 2181 1589 2218 καὶ
1602 2180 1679 2223 τους
1693 2181 1846 2222 παῖδας
1832 2196 1888 2218 επι
1902 2179 1964 2226 τὴν
1981 2179 2086 2226 αὐτὴν
2103 2179 2266 2233 ἐργασίαν
2281 2183 2365 2233 ἀγα-

1337 2248 1420 2294 γεῖν.
1437 2241 1453 2261 d
1464 2240 1557 2280 Ἴστε
1574 2240 1609 2279 δὲ
1624 2241 1771 2284 ἅπαντες
1783 2270 1793 2288 ,
1805 2239 1858 2278 ὅτι
1871 2240 1978 2284 οὐδεὶς
1991 2240 2213 2294 χειροτέχνης
2227 2242 2365 2294 αἱρήσε-

1335 2319 1393 2340 ται
1419 2302 1476 2340 τὸν
1495 2301 1566 2339 υἱὸν
1586 2304 1731 2348 ποιῆσαι
1746 2304 1808 2347 τῆς
1828 2300 1951 2352 τέχνης
1971 2304 2034 2348 τῆς
2050 2303 2171 2339 ἑαυτοῦ
2196 2303 2364 2355 κληρονό-

1340 2380 1415 2415 μον,
1452 2362 1542 2410 πλὴν
1568 2365 1597 2400 εἰ
1626 2361 1673 2413 μὴ
1708 2361 1841 2414 σφόδρα
1872 2362 2130 2413 καταναγκάζοι
2158 2363 2276 2401 πενία·
2306 2364 2366 2402 καὶ

285 2437 356 2473 imo
381 2435 471 2472 nihil
497 2435 674 2472 indoctius
695 2450 702 2470 :
737 2443 891 2471 attamen
911 2433 1002 2470 inter
1020 2446 1092 2483 eOS,
1115 2432 1177 2470 alii
1195 2447 1269 2470 ma-
1294 2432 1320 2462 D
1341 2425 1514 2476 μάλιστα,
1540 2423 1622 2462 ὅταν
1645 2421 1782 2469 εὐτελὴς
1815 2426 1837 2468 ἦ
1872 2422 1976 2474 τέχνη
2000 2426 2035 2474 ᾖ
2050 2422 2188 2461 Ἁλιέων
2211 2423 2246 2462 δὲ
2271 2424 2365 2462 οὐδὲν

281 2498 388 2547 joi-cs,
405 2496 465 2532 alii
486 2496 638 2532 minores
663 2503 755 2532 sunt.
777 2493 967 2545 Apostolus
984 2506 1069 2531 vero
1088 2492 1179 2531 inter
1197 2493 1270 2530 mi-

286 2572 387 2595 nores
407 2557 678 2607 computabatur
695 2571 701 2591 :
725 2569 837 2606 neque
856 2555 950 2593 enim
977 2554 1013 2591 in
1044 2554 1134 2592 mari
1152 2555 1269 2607 pisca-

287 2619 405 2667 batur,
432 2617 493 2653 sed
525 2616 561 2653 in
587 2615 728 2653 modico
757 2625 880 2665 stagno
901 2631 909 2651 ε
930 2615 1050 2665 ibique
1071 2625 1272 2653 versantem

287 2693 369 2717 cum
390 2686 487 2729 patre
506 2685 538 2713 et
560 2675 690 2714 Jacob«)
710 2676 829 2724 fratre,
848 2676 1063 2725 quibuscum
1088 2676 1175 2713 retia
1191 2676 1271 2714 refi-

288 2740 400 2778 ciebat
416 2737 537 2789 (quod
554 2747 626 2775 crat
645 2746 810 2774 extremae
829 2738 1044 2787 paupertatis
1066 2738 1269 2787 indicium),

290 2800 453 2839 Christus
482 2798 631 2837 vocavit.
654 2797 745 2834 Hine
777 2796 987 2845 intelligitur
1015 2812 1123 2847 quam
1147 2814 1273 2851 expers

290 2861 396 2899 suerit
428 2869 578 2897 externae
608 2857 817 2909 disciplinae.
851 2857 1019 2906 Alioquin
1049 2873 1132 2896 vero
1160 2861 1275 2898 Lucas

291 2922 498 2960 testificatur
519 2921 637 2971 ipsum
664 2932 733 2956 non
753 2917 858 2955 modo
884 2916 1058 2967 idiotam,
1082 2919 1142 2956 scd
1170 2921 1274 2959 etiam

337 3056 349 3069 υ
375 3044 432 3077 Sic
449 3042 552 3076 Savil.
568 3051 600 3074 et
615 3041 680 3073 alii.
696 3039 812 3072 Morel.
831 3043 1028 3082 διαλέγεσθαι.
1047 3040 1139 3072 Unus
1153 3044 1295 3080 διαλέξαι.

293 3097 381 3128 Alius
398 3098 446 3137 [et
462 3093 546 3127 Cod.
566 3094 646 3135 706]
661 3096 860 3131 διαλεξασθαι.

340 3149 355 3172 b
372 3149 513 3191 πατρίδος
535 3149 591 3188 μὲν
614 3147 759 3186 οὐδεμιᾶς,
778 3150 878 3185 κώμης
895 3145 942 3182 δέ,
967 3141 1064 3173 nulla
1088 3143 1221 3185 quidem
1239 3155 1301 3186 pa-

297 3201 377 3240 tria,
395 3198 453 3229 sed
472 3210 513 3229 ex
539 3199 627 3228 vico.
654 3196 716 3227 Hic
743 3202 840 3226 notat
865 3201 941 3235 post.
969 3194 1114 3225 Boisium
1138 3193 1299 3228 Savilius:

297 3264 311 3279 a
326 3252 410 3282 Post
425 3252 565 3294 πατρίδος
578 3252 713 3290 οὐδεμιᾶς
728 3245 1041 3287 subintelligendum
1058 3255 1116 3279 τῶν
1132 3251 1298 3289 ἐπισήμωνς

298 3313 389 3334 nenio
415 3303 500 3332 enim
527 3303 598 3333 sine
624 3301 734 3343 patria
761 3307 846 3331 est.»
865 3298 980 3330 Melius
1007 3306 1116 3330 autem
1140 3297 1299 3341 legeretur

297 3362 407 3391 πόλεως
424 3358 478 3395 μὲν
495 3356 629 3394 οὐδεμιᾶς
641 3380 647 3391 ,
665 3360 764 3393 κώμης
781 3355 828 3393 δέ,
848 3363 887 3382 ex
905 3350 1000 3382 nulla
1017 3351 1168 3391 civitate,
1184 3351 1244 3382 scd
1258 3362 1295 3382 ea

1340 2484 1556 2537 πενέστερον,
1579 2482 1655 2522 οὐδὲ
1675 2482 1922 2535 εὐτελέστερον,
1943 2485 2018 2520 ἀλλ’
2036 2482 2110 2521 οὐδὲ
2133 2484 2367 2538 ἀμαθέστερόν

1341 2562 1374 2584 τι
1392 2546 1514 2597 γένοιτ’
1539 2544 1579 2582 ἄν
1593 2560 1601 2568 ·
1620 2543 1711 2590 πλὴν
1733 2542 1822 2581 ἀλλὰ
1841 2544 1900 2581 καὶ
1924 2546 1957 2582 ἐν
1979 2545 2092 2587 αὐτοῖς
2109 2544 2239 2588 τούτοις
2259 2549 2289 2584 οἷ
2305 2546 2366 2597 μὲν

1343 2605 1498 2658 μείζους,
1517 2607 1548 2643 οἱ
1567 2603 1602 2643 δὲ
1632 2604 1793 2647 ἐλάττους
1820 2602 1916 2642 εἰσίν.
1938 2603 1982 2641 ‘O
2004 2602 2040 2641 δὲ
2063 2603 2255 2650 ἀπόστολος
2283 2611 2368 2658 ἡμῖν

1341 2661 1437 2710 οὗτος
1460 2668 1635 2704 κάνταῦθα
1653 2663 1736 2711 εἓτὴν
1767 2663 1903 2702 ἐλάσσω
1932 2663 2027 2708 τάξιν
2059 2667 2194 2716 ἐπεῖχεν
2209 2682 2217 2689 ·
2237 2669 2274 2704 οὐ
2300 2667 2368 2721 γὰρ

1344 2728 1413 2766 ἀπὸ
1426 2731 1488 2773 τῆς
1503 2726 1677 2771 θαλάσσης
1701 2723 1873 2777 ἐθήρευεν,
1888 2726 1964 2762 ἀλλ’
1985 2727 2019 2762 ἐν
2042 2732 2152 2776 μικρᾷ
2165 2741 2234 2762 τινι
2258 2726 2366 2779 λίμνῃ

1345 2789 1517 2841 διέτριὸε,
1545 2786 1604 2824 καὶ
1631 2786 1711 2838 περὶ
1729 2784 1857 2830 ταύτην
1885 2784 1985 2822 αὐτὸν
2015 2785 2246 2837 στρεφόμενον
2280 2789 2368 2838 μετὰ

1343 2860 1403 2894 τοῦ
1436 2853 1566 2906 πατρὸς
1596 2851 1656 2890 καὶ
1684 2849 1854 2889 Ἰακώὸου
1883 2853 1942 2887 τοῦ
1977 2852 2125 2902 ἀδελφοῦ
2158 2854 2282 2899 αὐτοῦ,
2310 2855 2369 2900 καὶ

1346 2917 1558 2973 διερρωγότα
1576 2916 1788 2970 ίῥοίτττοντας
1802 2915 1922 2954 δίκτυα
1942 2915 1979 2968 (ὃ
1994 2916 2054 2954 καὶ
2083 2918 2165 2956 αὐτὸ
2181 2922 2243 2965 τῆς
2263 2920 2368 2972 ἐσχά-

1365 3045 1452 3075 vico.
1468 3041 1590 3074 Verum
1608 3039 1715 3071 nullus
1731 3037 1845 3071 Codex
1862 3038 1908 3071 sic
1929 3039 2039 3072 babet.

1408 3104 1422 3118 c
1445 3092 1544 3126 Savil.
1574 3091 1656 3128 οὗτος
1682 3095 1725 3128 ἦν.
1744 3090 1857 3122 Morel.
1877 3092 1960 3129 οὗτος
1984 3097 2091 3126 ἐκεῖθεν
2115 3099 2161 3133 ἦν.
2185 3094 2273 3128 Alius
2289 3096 2373 3135 οὗτος

1367 3151 1485 3186 ἐκεῖθεν,
1495 3142 1615 3176 omisso
1630 3147 1674 3181 ἥν.
1687 3143 1780 3175 Unus
1797 3143 1844 3184 [et
1859 3142 1943 3175 Cod.
1968 3145 2047 3186 706]
2061 3151 2083 3179 εἰ
2098 3152 2142 3189 μὴ
2156 3147 2237 3186 οὗτος
2250 3154 2367 3183 ἐκεῖθεν·

1368 3204 1492 3242 πατρὸς.

1412 3248 1429 3272 ‘l
1454 3245 1599 3288 Quidam
1617 3251 1676 3280 ἴστε
1692 3251 1750 3289 γὰρ
1766 3249 1904 3283 ἅπαντες.

1409 3307 1421 3322 ⁰
1446 3298 1590 3338 Quidam
1608 3304 1661 3335 τὴν
1677 3300 1789 3330 ἐλάσσω
1808 3299 1896 3335 λῆξιν.

1410 3352 1422 3375 s
1446 3351 1539 3383 Unus
1552 3351 1563 3391 [
1576 3358 1607 3382 ct
1624 3347 1707 3381 cod.
1727 3348 1805 3388 706]
1826 3352 1992 3392 ρ’ἀπτοντκ.
