2481 3678
90 1211 183 1240 Micla.
199 1211 228 1239 5.
245 1219 272 1239 2.

86 1270 199 1300 Mauh.
213 1267 274 1297 2.t3.

89 1337 258 1374 *Imm-7¹42

297 201 306 229 ι
324 184 382 241 54

286 288 454 331 gustaret.
470 280 533 318 46.
554 280 606 318 Ee
622 281 721 319 dixit
736 284 770 318 ei
790 282 1018 320 Nathanael
1036 298 1045 319 .-
1068 282 1110 320 A
1139 284 1270 321 Naza-

286 351 343 380 νεῖ
373 350 498 394 potest
512 343 665 395 aliquid
679 345 769 381 boni
785 347 889 382 exire
901 347 918 381 Ρ
939 345 1047 383 Dicit
1071 348 1107 383 ei
1122 345 1270 396 Philip-

284 416 389 454 pus:
411 405 527 450 Veni,
560 412 597 441 et
621 404 727 442 vide.
750 404 815 442 47.
849 405 955 442 Vidit
981 406 1096 444 Jesus
1118 406 1271 444 Natha-

288 464 378 501 nael
390 468 610 503 venientem
626 466 681 503 ad
688 479 750 511 se,
768 474 805 503 et
814 466 908 502 dicit
922 466 970 503 de
985 479 1058 504 eo:
1071 468 1174 504 Ecce
1186 480 1272 504 vere

286 525 490 571 Israelita,
511 528 552 562 in
567 539 643 578 quo
657 527 769 564 dolus
791 539 869 563 non
881 534 950 564 est.
973 526 1080 573 Quod
1095 527 1266 574 dixisset,

287 586 328 623 A
345 587 518 625 Nazaret
528 596 653 639 potest
671 588 825 640 aliquid
845 589 936 625 boni
951 591 1057 627 exire
1069 593 1085 626 Ρ
1104 589 1184 627 idco
1204 589 1270 627 ho-

287 647 418 685 minem
431 647 554 685 laudat
568 656 601 685 et
616 647 777 687 miratur.
795 648 903 699 Atqui
919 648 1133 687 incusandus
1151 650 1272 702 potius

287 717 371 745 erat.
400 708 561 746 Minime.
588 709 711 759 Neque
739 709 834 747 enim
866 710 974 748 verba
1006 724 1075 748 non
1095 710 1269 748 credentis

288 777 387 807 erant
397 799 409 819 ,
427 783 540 819 neque
556 769 802 808 criminatione
817 770 947 822 digna,
965 772 1025 810 sed
1039 772 1156 810 laude.
1173 773 1274 818 Quo-

290 830 394 867 modo
413 840 447 868 et
466 845 534 881 qua
553 831 715 869 ratione?
734 831 828 877 Quia
848 832 907 870 hic
925 833 1038 884 magis
1059 847 1166 883 quam
1187 834 1274 871 Phi-

289 893 409 945 lippus
424 894 459 931 in
477 895 693 947 propheticis
712 905 872 935 versatus
889 905 976 934 erat.
993 896 1162 934 Audierat
1181 897 1275 935 enim

289 968 334 992 ex
344 955 537 1007 Scripturis
547 956 730 995 Christum
739 972 784 995 ex
795 957 1001 996 Bethlehem
1008 958 1147 996 orituru
1154 972 1276 1009 messe,

290 1027 323 1056 et
341 1033 387 1056 ex
405 1019 484 1057 vico
504 1020 539 1057 in
570 1035 639 1071 quo
658 1022 771 1059 fuerat
796 1020 927 1059 David.
960 1021 1014 1058 Ea
1045 1021 1166 1072 itaque
1184 1023 1277 1060 fama

297 1080 395 1132 apud
410 1080 552 1120 Judaeos
571 1082 775 1131 obtinebat,
803 1091 837 1119 et
850 1081 1024 1133 propheta
1043 1081 1128 1118 olim
1144 1082 1277 1133 praedi-

291 1153 432 1181 caverat
444 1144 500 1181 his
514 1144 649 1183 verbis:
664 1146 701 1182 E
704 1153 719 1181 t
733 1153 774 1182 tu
789 1145 1015 1181 Bethlehem
1030 1157 1277 1196 nequaquam

292 1207 452 1243 minima
463 1220 500 1243 es
513 1208 555 1242 in
563 1207 798 1256 principibus
808 1205 840 1241 J
838 1205 916 1241 uda
932 1219 943 1239 .·
956 1217 1004 1240 ex
1015 1213 1051 1241 te
1064 1205 1166 1240 enim
1177 1207 1277 1244 est-iet

291 1264 371 1302 dux
390 1269 458 1318 qui
476 1274 584 1317 regat
600 1266 785 1316 populum
805 1277 930 1302 meum
946 1264 1085 1301 Israel.
1107 1265 1198 1302 Cum
1212 1279 1276 1302 au-

708 199 728 229 S
738 218 746 228 .
784 199 971 231 JOANMS
1006 201 1251 232 CHRYSOST.

264 1357 270 1364 .
289 1326 397 1364 disset
411 1340 495 1378 ergo
510 1341 530 1364 a
546 1328 696 1364 Nazaret
711 1340 784 1364 esse
794 1356 805 1376 ,
821 1325 986 1363 turbatus
1005 1334 1055 1363 est
1081 1334 1114 1363 et
1130 1325 1277 1364 dubita—

286 1388 362 1438 vit,
385 1387 484 1438 quod
504 1387 666 1440 Philippi
691 1387 800 1427 verba
828 1401 911 1424 cum
941 1386 1150 1438 prophetica
1183 1402 1275 1439 prze-

286 1449 441 1487 dictione
478 1463 547 1487 non
595 1462 787 1487 consonare
831 1448 980 1486 videret.
1021 1447 1275 1486 Animadverte

287 1521 406 1549 autem
435 1511 510 1563 ejus
540 1510 576 1548 in
606 1510 682 1562 ipsa
710 1508 934 1547 dubitatione
951 1508 1178 1560 prudentiam
1197 1523 1274 1547 mo-

286 1573 518 1623 destiamque.
539 1573 620 1610 Non
639 1571 734 1609 enim
753 1570 873 1609 statim
894 1569 1010 1620 dixit,
1031 1571 1091 1607 Me
1115 1571 1230 1621 fallis,
1251 1586 1272 1609 o

289 1635 474 1687 Philippo,
504 1643 538 1671 et
567 1632 727 1672 mentiris
745 1649 752 1668 :
769 1645 838 1671 non
858 1631 982 1680 credo,
1004 1646 1074 1670 non
1093 1632 1200 1670 adibo
1221 1649 1229 1669 :
1252 1648 1272 1671 a
1293 1633 1317 1662 F

289 1696 470 1748 prophetis
486 1695 597 1733 didici
616 1695 798 1733 Christum
817 1709 837 1732 a
856 1693 1064 1732 Bethlehem
1082 1703 1272 1732 venturum

287 1773 377 1808 esse,
412 1767 445 1796 et
481 1767 518 1795 tu
552 1757 664 1808 dieis,
687 1772 707 1795 a
726 1758 874 1795 Nazaret
907 1771 914 1792 :
938 1769 1021 1806 ergo
1049 1769 1118 1792 non
1148 1755 1178 1793 is
1199 1756 1274 1809 ipse

287 1830 349 1858 est.
379 1822 518 1859 Verum
546 1819 637 1856 nihil
670 1819 785 1857 simile
816 1817 929 1866 dixit;
960 1817 1021 1855 sed
1046 1817 1163 1869 quid?
1187 1818 1273 1856 Adit

287 1882 391 1919 illum
410 1891 442 1919 et
458 1881 546 1933 ipse3
558 1896 597 1918 ac
614 1880 702 1918 dum
716 1894 784 1917 non
801 1878 959 1917 admittit
978 1893 1059 1916 eum
1079 1893 1099 1916 a
1121 1880 1268 1918 Nazaret

285 1958 377 1992 csse,
419 1951 623 1980 accuratum
662 1941 927 1993 Scripturarum
961 1940 1121 1978 studium
1154 1949 1270 1979 osten·

284 2004 358 2053 dit,
379 2014 412 2042 et
433 2019 547 2042 moles
570 2018 653 2041 suos
676 2002 822 2040 fallaciae
849 2016 918 2040 non
950 2002 1138 2052 olmoxios5
1172 2002 1270 2053 quod

285 2076 401 2104 :nutem
438 2067 514 2103 haec
545 2064 765 2103 nuntiantem
796 2077 863 2100 non
900 2073 1062 2116 respuat⁷
1093 2077 1262 2115 magnum

1282 2097 1329 2121 117

1290 202 1494 233 ARCHIEP.
1539 204 1789 235 CONSTANTI
1796 206 1897 235 NOP

1341 284 1484 359 σόμενον
1517 284 1635 322 λοιπὸν
1670 284 1767 330 εἰδὼς
1782 317 1791 334 ,
1825 286 1864 323 ἂν
1897 288 1965 325 τῶν
1999 289 2163 341 ῥημάτων
2195 289 2357 339 γεύσηται

1340 345 1399 383 καὶ
1418 348 1479 392 τῆς
1504 345 1729 390 διδασκαλίας
1757 346 1896 386 ἐκείνου.
1921 349 1991 387 Καὶ
2011 353 2105 387 εἶπεν
2126 351 2218 387 αὔτιΝ)
2240 351 2358 388 Ναθα-

1338 407 1445 452 ναήλ·
1465 409 1504 445 ἐκ
1523 406 1685 460 Ναζαρὲτ
1719 407 1861 447 δύναταί
1894 425 1929 447 τι
1961 410 2087 462 ἀγαθὸν
2122 404 2226 458 εἷναι;
2256 410 2359 462 Λέγει

1339 470 1433 520 αὐτῷ
1452 466 1651 512 Φίλιππος·
1675 468 1777 521 ἔρχου
1808 469 1867 507 καὶ
1893 470 1954 509 ἴδε.
1984 464 2086 509 Εἶδεν
2106 473 2123 508 ὁ
2141 470 2276 518 Ἰησοῦς
2302 472 2358 509 τὸν

1339 529 1533 576 Ναθαναὴλ
1551 529 1737 583 ἐρχόμενον
1764 532 1850 583 πρὸς
1878 532 1993 580 αὐτὸν,
2013 533 2073 570 καὶ
2090 533 2183 584 λέγει
2202 533 2282 585 περὶ
2301 535 2361 571 αὗ-

1338 594 1398 628 τοῧ
1413 606 1420 613 ·
1436 590 1488 628 ἴδε
1511 592 1646 638 ἀληθῶς
1665 591 1900 645 Ἰσραηλίτης,
1925 595 1958 631 ἐν
1986 586 2014 645 ᾧ
2036 593 2131 637 δόλος
2155 595 2242 632 ὓούκ
2256 592 2360 631 ἔστιν.

1339 651 1485 698 Ἐπειδὴ
1506 645 1612 700 εἶπεν,
1627 652 1693 691 'Ex
1713 652 1876 707 Ναζαρὲτ
1895 654 2038 692 δύναταί
2055 671 2089 692 τι
2106 655 2234 706 ἀγαθὸν
2255 648 2362 702 εἶναι,

1340 715 1474 752 ἐπαινεῖ
1493 730 1553 752 και
1577 714 1744 764 θαυμάζει
1762 715 1819 753 τὸν
1841 715 2032 768 ἄνθρωπον.
2059 716 2128 754 Καὶ
2153 716 2221 766 μὴν
2241 717 2364 767 ἐγκλη-

1340 777 1442 821 θηναι
1465 775 1566 813 αὐτὸν
1587 777 1705 828 ἐχρῆν.
1728 778 1914 828 Οὐδαμυς.
1937 777 2028 816 Οὐδὲ
2046 776 2114 853 γὰρ
2143 780 2366 821 ἀπιστουντος

1340 837 1381 880 ἠν
1403 833 1447 872 τὰ
1481 834 1644 888 ῥηματα,
1671 836 1748 874 οὐδὲ
1777 837 2007 889 ἐγκλημάτων
2043 837 2141 886 ἄξια,
2163 839 2238 876 ἀλλ’
2267 837 2365 876 ἐπαί-

1297 900 1322 930 D
1343 911 1421 934 νων.
1443 897 1526 939 H&
1540 896 1599 934 καὶ
1615 896 1682 934 τίνι
1696 896 1836 951 τρόπω,
1855 897 1941 936 “Oti
1955 898 2137 937 Φιλίππου
2160 900 2291 949 μᾶλλον
2311 901 2367 936 οὖ-

1343 972 1400 1000 τος
1414 957 1623 1008 ἐσκεμμένος
1644 953 1686 1005 ἦν
1706 957 1750 996 τὰ
1773 959 1984 1012 προφητικά.
2001 959 2017 980 ¹'
2032 960 2103 998 Καὶ
2117 959 2185 1012 γὰρ
2203 955 2244 1007 ἦν
2268 960 2368 998 ἀκού-

1344 1033 1406 1060 σας
1444 1018 1514 1056 ἀπὸ
1545 1021 1612 1056 τῶν
1646 1021 1806 1072 Γραφῶν,
1839 1019 1892 1058 ὅτι
1929 1021 1999 1059 ἀπὸ
2032 1020 2193 1072 Βηθλεὲμ
2227 1022 2276 1059 δεῖ
2309 1022 2366 1059 τὸν

1344 1079 1493 1132 Χριστὸν
1517 1082 1638 1128 ἐλθεῖν,
1655 1081 1714 1119 καὶ
1741 1082 1811 1120 ἀπὸ
1839 1085 1902 1129 τῆς
1923 1082 2046 1134 κώμης
2075 1084 2108 1120 ἐν
2138 1077 2162 1134 ἧ
2182 1078 2224 1130 ἦν
2244 1082 2366 1120 Δαυίδ.

1341 1141 1454 1177 Τοῦτο
1468 1143 1548 1191 γούν
1564 1140 1624 1178 και
1637 1141 1734 1193 παρὰ
1749 1141 1959 1186 Ἰουδαίοιςέ
1945 1143 2101 1196 εκράτει,
2118 1143 2177 1181 καὶ
2195 1146 2212 1181 ὁ
2228 1144 2366 1197 προφή-

1341 1215 1403 1245 της
1434 1199 1562 1238 ἄνωθεν
1589 1201 1754 1253 ἐκήρυττε
1773 1202 1901 1253 λεγων·
1927 1203 1997 1241 Καὶ
2021 1220 2062 1242 συ
2083 1204 2244 1254 Βηθλεὲμ,
2265 1205 2366 1242 οὖδα-

1343 1261 1416 1309 μῦς
1447 1260 1614 1312 ἐλαχίστη
1645 1265 1674 1298 εἰ
1709 1264 1742 1299 ἐν
1770 1268 1841 1306 τοῖς
1868 1262 2035 1314 ἡγεμόσιν
2074 1264 2204 1302 Ἰούδα·
2237 1267 2274 1301 ἐκ
2307 1279 2367 1302 σου

1340 1319 1408 1372 γὰρ
1429 1319 1639 1364 ἐξελεύσεται
1658 1321 1866 1373 ἡγούμενος,
1893 1323 1987 1367 ὅστις
2008 1330 2172 1374 ποιμανεῖ
2197 1323 2254 1361 τὸν
2284 1323 2366 1362 λαόν

1342 1398 1407 1432 μου
1426 1383 1484 1421 τὸν
1504 1383 1660 1438 Ἰσραήλ.
1680 1383 1784 1422 Ἐπεὶ
1804 1378 1862 1423 οῧν
1876 1385 2020 1431 ἤκουσεν
2050 1385 2103 1424 ὅτι
2131 1388 2169 1424 ἐκ
2188 1384 2367 1438 Ναζαρὲτ,

1341 1443 1531 1496 ἓΟορυὸήΟη
1551 1444 1611 1482 καὶ
1638 1444 1861 1498 διηπόρησεν,
1879 1448 1943 1498 οὐχ
1962 1446 2129 1499 εὑρίσκων
2155 1446 2368 1498 συχιὸαίνου-

1341 1520 1403 1542 σαν
1418 1509 1478 1543 τοῦ
1491 1504 1673 1543 Φιλίππου
1687 1505 1750 1552 τὴν
1766 1507 1976 1558 ἐπαγγελίαν
1992 1511 2034 1559 τῇ
2051 1511 2248 1561 προφητικῇ
2263 1511 2368 1561 προρ-

1341 1565 1451 1618 ρήσει.
1473 1565 1550 1604 Θέα
1572 1564 1608 1604 83
1628 1567 1732 1604 αὐτου
1762 1582 1821 1604 και
1853 1570 1887 1605 ἐν
1907 1584 1950 1619 τῃ
1975 1568 2180 1621 διαπορήσει
2201 1568 2263 1615 τὴν
2288 1568 2367 1606 σύν-

1341 1642 1411 1664 εσιν
1430 1642 1490 1664 και
1505 1626 1704 1665 ἐπιείκειαν.
1721 1629 1774 1666 Οὐ
1787 1627 1855 1681 γὰρ
1875 1632 1969 1667 εἶπεν
1989 1629 2166 1676 εὖθέως,’
2148 1635 2285 1681 απατᾷς
2305 1645 2366 1679 με,

1339 1690 1368 1725 ὠ
1392 1687 1571 1735 Φίλιππε,
1604 1688 1664 1726 καὶ
1685 1687 1812 1740 ψεύδῃ·
1835 1691 1872 1727 οὗ
1891 1689 2075 1740 πείθομαι,
2106 1691 2143 1728 οὐ
2177 1689 2366 1743 παραγίνο-

1342 1765 1423 1800 μαι·
1446 1749 1572 1800 ἔμαθον
1597 1749 1665 1788 ἀπὸ
1694 1753 1762 1787 τῶν
1798 1766 1998 1803 προφητ()ν,
2017 1749 2070 1788 ὅτι
2105 1750 2175 1789 ἀπὸ
2206 1750 2367 1801 Βηθλεὲμ

1339 1811 1396 1850 τὸν
1413 1811 1593 1864 Χριστὸνς
1580 1813 1687 1850 ελΟεῖν
1719 1812 1791 1849 δεῖ·
1815 1827 1855 1849 συ
1876 1811 1912 1850 83
1942 1811 2066 1861 λέγεις,
2091 1812 2159 1850 ἀπὸ
2181 1811 2364 1864 Ναζαρέτ·

1340 1875 1378 1911 οὗ
1399 1872 1511 1911 τοίνυν
1529 1876 1626 1916 οὗτος
1645 1871 1773 1916 ἐκεῖνός
1801 1875 1904 1912 ἐστιν,
1927 1873 2017 1911 Ἀλλ’
2043 1872 2138 1911 οὐδὲν
2164 1872 2293 1911 τούτων
2314 1877 2365 1911 εἰ-

1340 1949 1422 1972 πεν·
1446 1932 1536 1971 ἀλλὰ
1556 1932 1612 1979 τί;
1639 1932 1879 1986 Παραγίνεται
1911 1949 1971 1971 και
1998 1949 2116 1981 ουτος,
2144 1936 2193 1985 τῷ
2223 1932 2284 1983 μὲν
2317 1933 2365 1983 μὴ

1340 1994 1595 2038 καταδέξασΟαι
1604 1964 1654 2032 ,ἐκ
1678 1993 1841 2048 Ναζαρὲτ
1856 1994 1957 2033 αὐτὸν
1980 1987 2086 2042 εἶναι,
2102 1993 2164 2041 τὴν
2185 1993 2364 2047 ἀκρίῧειαν

1339 2055 1401 2103 τὴν
1418 2070 1498 2108 περι
1511 2055 1616 2099 τὰςΙ
1621 2054 1731 2108 ραφὰς
1756 2056 1882 2102 δηλῶν,
1899 2070 1958 2093 και
1972 2055 2012 2093 τὸ
2025 2058 2094 2093 τῶν
2108 2054 2245 2108 τρόπων
2268 2054 2365 2099 ἀνεξ-

287 2128 420 2165 (luisti
452 2128 624 2165 adventus
649 2125 865 2165 desiderium
880 2125 1035 2163 exhibet.
1074 2125 1263 2176 Cogitabat
1294 2135 1319 2164 A
1340 2117 1538 2163 <metit-mov
1559 2132 1610 2168 τῳ
1644 2115 1680 2154 Οὲ
1710 2115 1758 2166 μὴ
1784 2115 1971 2154 δῑαπτύσαῑ
1997 2132 2054 2154 τον
2085 2115 2364 2167 ἀπαγγείλαντα)

286 2191 377 2229 euim
412 2189 569 2241 potuisse
607 2188 817 2240 Philippum
852 2187 945 2225 circa
978 2187 1096 2226 locum
1135 2201 1268 2225 er1··.ale

335 2370 372 2405 5⁹2.
405 2366 654 2406 Animadverte
682 2367 789 2417 item,
819 2379 925 2418 quam
958 2364 1134 2403 moderate
1161 2364 1270 2402 fidem

289 2428 355 2480 ipsi
393 2436 512 2477 neget,
551 2435 584 2464 et
622 2427 824 2477 interroget.
856 2428 979 2477 Neque
1017 2426 1113 2464 enim
1157 2424 1267 2473 dixit,

288 2490 382 2526 Nihil
398 2489 482 2527 honi
502 2490 568 2526 sert
588 2488 757 2538 Galilaea3
779 2487 839 2526 scd
858 2487 1063 2538 quomodo?
1081 2486 1122 2524 Α
1139 2488 1270 2524 Naza—

285 2559 339 2587 ret
358 2559 479 2601 potest
501 2550 653 2601 aliquid
674 2552 765 2586 boni
783 2554 892 2587 esse?
912 2549 1104 2601 Philippus
1127 2561 1270 2599 quoque

285 2612 326 2649 ad
333 2612 477 2649 modum
491 2612 646 2663 prudens
664 2621 749 2649 erat.
765 2613 888 2662 Neque
902 2611 997 2649 enim
1011 2610 1271 2649 contradicente

284 2674 364 2723 illo,
385 2673 590 2724 indignatur
607 2673 663 2712 vel
682 2687 775 2724 aegre
802 2674 867 2711 fert
875 2689 885 2724 3
906 2673 967 2712 sed
988 2682 1121 2726 perstat
1134 2682 1266 2722 tamen,

286 2745 324 2772 ut
347 2735 466 2773 virum
498 2733 544 2771 ad
563 2733 747 2771 Christum
766 2733 942 2780 adducat,
974 2743 1007 2772 et
1038 2747 1058 2771 a
1093 2733 1269 2785 principio

284 2795 513 2848 apostolicam
555 2794 787 2832 constantiam
829 2795 984 2834 exhibet.
1030 2794 1185 2846 Ideoque
1220 2794 1270 2832 ait

286 2856 475 2895 Clu-istus:
501 2857 604 2893 Ecce
635 2868 720 2892 vere
751 2856 955 2902 Israelita,
979 2859 1020 2894 in
1047 2869 1123 2908 quo
1154 2856 1267 2894 dolus

289 2934 366 2956 non
396 2927 465 2957 est.
500 2919 621 2968 Itaque
641 2925 756 2968 potest
790 2916 950 2954 Isra'e'lita
980 2916 1135 2954 mendax
1167 2930 1265 2954 esse:
1294 2927 1317 2956 B

284 2979 345 3019 scd
369 2994 438 3017 non
466 2979 526 3017 hic
546 2979 600 3017 vir
615 2977 716 3025 talis;
736 2977 812 3028 ejus
831 2976 962 3028 quippe
978 2977 1156 3028 judicium
1185 2977 1267 3015 nul-

284 3042 354 3079 lam
388 3041 493 3079 habet
529 3051 757 3092 personarum
797 3037 1036 3089 acceptionem
1054 3053 1063 3085 ;
1092 3038 1183 3076 nihil
1222 3037 1267 3076 ad

283 3100 544 3152 g1·atian1‚nihil
558 3099 603 3137 ad
616 3098 739 3137 odium
749 3097 919 3148 loquitur.
935 3098 1041 3148 Atqui
1056 3099 1171 3137 Judaei
1183 3113 1268 3149 quo-

283 3161 564 3214 ‹pueinterrogati
583 3160 645 3198 ubi
662 3158 824 3197 Christus
843 3166 1059 3207 nasceretur,
1076 3158 1263 3209 dixerunt,

328 3299 339 3313 ι)
358 3287 471 3319 More}
493 3291 542 3321 032
571 3292 658 3321 ἐστιν.
679 3292 808 3321 ἐντεῦθεν
826 3289 923 3327 ἐπειδὴ
950 3288 1036 3321 εἶπεν.
1059 3286 1097 3318 ln
1128 3285 1216 3320 Savil
1256 3294 1287 3319 et

285 3340 383 3370 iliis·
372 3355 432 3373 sur:
436 3345 483 3373 υεθ
488 3356 515 3381 ν
504 3339 618 3371 deest

326 3393 341 3415 ¹
358 3390 443 3422 Alius
460 3395 504 3424 καὶ
522 3396 577 3435 γὰρ
596 3398 679 3428 fimus
685 3405 722 3423 εν4

1340 2178 1397 2216 τὸν
1411 2176 1518 2215 πολυν
1533 2176 1651 2224 πόθον,
1671 2176 1707 2214 ὃν
1723 2193 1750 2215 ει
1753 2193 1794 2228 [ε
1810 2176 1890 2230 περὶ
1905 2176 1968 2224 τὴν
1983 2194 2043 2215 του
2058 2177 2212 2229 Χριστου
2227 2192 2363 2229 παρου-

1340 2238 1429 2286 σίαν,
1452 2237 1640 2290 ἐμφαίνων.
1660 2237 1843 2284 ΙΤνενόησε
1869 2238 1954 2291 γὰρ,
1977 2238 2032 2277 ο’τι
2058 2238 2148 2280 εἰκὸς
2170 2241 2213 2283 ἠν
2230 2237 2367 2275 (Ι)ί)ιπ-

1339 2315 1403 2338 πον
1425 2299 1504 2351 περὶ
1528 2299 1586 2337 τὸν
1603 2298 1706 2337 τόπον
1727 2298 1908 2350 ἐσφάλθαι.

1394 2360 1469 2399 Θεά
1488 2359 1526 2397 δέ
1546 2375 1604 2434 μρι
1623 2359 1682 2397 καὶ
1696 2358 1758 2406 τὴν
1774 2358 2000 2412 παραίτησιν,
2026 2361 2100 2402 πῶς
2119 2360 2253 2404 ἐπιεικῆ
2275 2363 2288 2379 ³
2302 2375 2364 2397 πε-

1341 2420 1504 2469 ποίηται,
1524 2420 1583 2459 καὶ
1613 2422 1647 2458 ἐν
1679 2419 1882 2473 ἐρωτήσεως
1906 2419 2013 2464 τάξει.
2043 2419 2136 2458 Οὐδὲ
2157 2419 2225 2472 γὰρ
2259 2414 2365 2467 εἷπεν,

1341 2482 1415 2521 ουδὲ
1418 2498 1434 2520 ν
1455 2483 1582 2534 ἀγαθὸν
1603 2486 1625 2529 ἡ
1646 2483 1674 2519 l
1678 2480 1821 2520 αλιλαία
1836 2497 1950 2534 φερει·
1969 2481 2058 2520 ἀλλὰ
2087 2484 2180 2527 πῶς,
2203 2480 2245 2518 ³1⁴]
2249 2497 2269 2518 κ
2292 2482 2366 2518 Να-

1341 2543 1420 2596 ζαρὲ
1424 2560 1443 2581 τ
1466 2542 1610 2581 δύναταί
1626 2559 1661 2580 τι
1691 2542 1818 2594 ἀγαθον
1848 2545 1954 2579 εἶναι·
1947 2541 2158 2594 ,Σφόδρα
2139 2540 2174 2579 οὲ
2202 2545 2244 2588 ἠν
2272 2542 2331 2579 καὶ
2349 2544 2367 2578 ὁ

1341 2605 1520 2648 Φίλιππος
1546 2602 1773 2648 συνετός.οὐ
1801 2601 1868 2656 γὰρ
1891 2605 1937 2646 ὣς
1962 2603 2146 2654 ἀπορηΟεις
2178 2604 2366 2653 ἀγανακτεῖ

1951 2662 2035 2701 ι’τὸν
2061 2663 2169 2715 ἄνδρα
2200 2663 2366 2714 βουλόμε-

1341 2666 1400 2705 καὶ
1421 2665 1663 2719 δυσχεραίνει,
1680 2665 1756 2702 ἀλλ’
1776 2664 1932 2715 ἐπιμένει

1340 2743 1394 2771 νος
1416 2730 1573 2779 ἀγαγεῖν,
1595 2725 1654 2764 καὶ
1675 2727 1714 2763 ἐκ
1732 2724 1923 2777 προοιμίων
1949 2724 2011 2770 τὴν
2043 2723 2226 2776 ἀποστόλῳ
2256 2739 2365 2775 προσ-

1339 2789 1493 2835 ήκουσαν
1514 2786 1665 2825 εὐτονίαν
1695 2790 1779 2836 ἡμῖν
1801 2785 2066 2836 ἐνδεικνύμενος.
2087 2784 2154 2824 Διὰ
2178 2789 2286 2823 ταῦτα
2306 2785 2364 2822 καὶ

1339 2854 1357 2889 ὁ
1378 2847 1528 2903 Χριστός
1546 2862 1667 2900 φησιν·
1681 2846 1752 2885 Ἴδε
1772 2849 1908 2893 ἀληθῶς
1922 2846 2189 2898 Ἰσραηλίτης,’
2174 2862 2208 2884 εν
2225 2839 2254 2897 ᾧ
2268 2845 2363 2890 δόλος

1339 2913 1399 2949 οὐκ
1429 2910 1532 2948 ἔστιν.
1553 2908 1664 2947 “Ώστε
1691 2924 1741 2946 ενι
1759 2923 1819 2945 και
1850 2906 1976 2959 ψευδὴς
2010 2907 2241 2960 Ἰσραηλίτης.
2273 2908 2362 2946 Αλλ’

1341 2971 1404 3021 οὖγ
1422 2971 1517 3011 οὗτος
1540 2971 1711 3010 τοιουτος·
1733 2966 1921 3009 ἀδέκαστος
1947 2964 2015 3018 γὰρ
2048 2967 2168 3013 αὐτοῦ,
2196 2981 2312 3017 φησιν,
2340 2969 2362 3011 ἡ

1340 3029 1471 3083 κρίσις·
1494 3026 1588 3067 οὐδὲν
1606 3027 1690 3080 πρὸς
1707 3026 1823 3079 γάριν,
1843 3026 1919 3064 οὐδὲ
1940 3042 2025 3079 προς
2049 3025 2237 3078 ἀπέχθειαν
2261 3026 2362 3077 φθέγ-

1340 3107 1449 3142 γεται.
1466 3088 1593 3128 Καίτοι
1616 3086 1774 3126 Ἰουδαῖοι
1789 3087 2062 3139 ἐπεροπηΟέντες
2074 3118 2083 3135 ,
2099 3091 2165 3125 ποῦ
2181 3090 2199 3125 ὁ
2217 3086 2363 3138 Χριστὸς

1341 3164 1521 3211 γεννᾶται,
1540 3150 1633 3195 εἷπον
1662 3155 1714 3195 ὅτι
1746 3158 1779 3194 ἐν
1802 3154 1979 3205 Βηθλεὲμ,
2000 3155 2059 3193 καὶ
2079 3154 2140 3201 τὴν
2168 3153 2360 3207 μαρτυρίαν

1398 3294 1410 3309 ⁸
1429 3283 1517 3315 Alius
1534 3287 1691 3320 πεποίηται
1709 3287 1914 3327 ἐπερωτήσεως
1932 3285 2023 3321 τάξει.

1400 3338 1415 3359 l'
1435 3334 1493 3367 Alli
1513 3339 1615 3369 τοῦτον
1630 3341 1688 3367 τὸν.
