2522 3683
222 410 315 439 v.32.

139 2584 243 2611 Esod.
278 2590 324 2611 12.

138 2622 190 2662 4'5·

141 2666 326 2704 Num.9.12.

145 3083 222 3109 Mors
245 3083 334 3109 Clu-i-

145 3127 180 3150 sti
198 3136 252 3151 non
266 3135 333 3150 con-

161 3166 266 3193 uim-lia
279 3171 330 3192 (¹2¹.

809 260 848 290 S.

334 246 427 310 578

330 344 451 396 plictia
467 343 647 395 impletur.
667 343 746 381 Alia
766 356 904 394 quoque
924 341 1108 394 praedictio
1133 342 1241 379 finem
1260 354 1318 379 ac-

332 405 430 456 cipit.
473 405 665 444 Venientes
711 404 807 442 enim
847 404 975 442 milites
1017 404 1168 441 aliorum
1205 404 1316 455 frege-

330 476 413 505 runt
436 481 550 515 crura,
571 467 702 505 Christi
726 480 793 504 non
819 466 917 503 item.
944 468 1108 503 Attamen
1122 466 1160 503 hi
1181 467 1215 504 in
1237 480 1317 518 gra—

332 528 415 566 tiam
433 528 639 567 Judaeorum
668 528 743 579 ejus
767 527 861 564 latus
889 527 1008 564 lancea
1029 527 1265 579 perforarunt,
1284 537 1317 565 et

329 599 469 628 mortno
494 589 632 641 corpori
663 588 912 626 contumeliam
945 588 1113 626 inferunt.
1145 590 1176 627 O
1209 590 1317 628 scele-
1338 598 1363 627 D

329 661 422 689 stum
442 660 474 688 et
487 649 744 688 exsecrandum
765 649 922 689 facinus!
941 649 1012 688 Sed
1031 664 1074 688 ne
1088 651 1252 700 turberis,
1273 665 1317 689 ne

328 712 527 763 dejiciaris,
544 711 682 749 dilecte.
703 712 794 749 Nam
817 726 895 762 quae
928 712 1019 750 mala
1054 712 1108 749 illi
1136 713 1319 751 voluntate

329 773 517 823 faciebant,
527 773 712 812 veritatem
723 773 1008 825 propugnabant.
1018 773 1207 825 Prophetia
1221 788 1316 811 nam-

310 862 315 868 ·
333 849 399 886 que
428 844 515 882 erat,
539 836 731 873 Videbunt
749 838 791 872 in
810 849 921 887 (suem
938 836 1231 889 transfixerunt.
1248 837 1319 875 Ne-

331 911 400 947 que
415 897 482 934 hoc
502 905 663 945 tantum3
684 895 746 934 sed
764 896 871 934 etiam
892 896 935 934 iis
951 897 1011 947 qui
1031 897 1193 935 infideles
1208 899 1323 941 futuri

330 968 442 1003 erant,
462 959 529 996 hoc
544 958 680 996 facinus
698 957 991 995 demonstrationi
1004 958 1086 1008 fuit,
1111 969 1149 996 ut
1171 959 1321 998 Thomae

330 1030 363 1058 et
385 1020 451 1073 ipsi
472 1020 662 1057 similibus.
683 1019 739 1056 Ad
761 1019 838 1057 11366
861 1019 966 1056 etiam
989 1021 1202 1072 mysterium
1234 1022 1322 1059 inef-

332 1084 439 1121 fabile
462 1082 789 1121 consummabatur.
807 1083 944 1119 Eaeivic
974 1082 1068 1119 enim
1102 1086 1260 1134 sanguis
1286 1093 1322 1122 et

333 1159 448 1197 aqua.
459 1145 537 1181 Non
554 1144 628 1181 sine
641 1156 744 1180 causa
760 1141 816 1180 vel
830 1156 913 1179 casu
932 1141 969 1178 hi
983 1143 1094 1180 fontes
1114 1136 1301 1181 manarunt
1311 1160 1321 1193 ;

331 1206 393 1244 sed
414 1206 498 1256 quia
527 1220 572 1243 ex
595 1205 663 1243 hoe
682 1213 832 1255 utroque
861 1203 1018 1241 Ecclesia
1043 1205 1232 1242 constituta
1258 1214 1320 1243 est.

333 1268 408 1305 Hoc
430 1268 545 1305 sciunt
575 1267 719 1317 initiati,
739 1267 799 1317 qui
819 1280 882 1318 per
902 1280 1030 1316 aquam
1052 1276 1318 1318 regenerantur,

331 1344 371 1367 ac
408 1344 470 1382 per
507 1329 715 1381 sanguinem
743 1338 776 1366 et
812 1342 951 1365 carnem
981 1328 1199 1366 nutriuntur.
1229 1329 1322 1367 Hinc

331 1392 474 1429 initium
500 1390 668 1443 mysteria
700 1399 858 1437 sumunt,
879 1398 915 1426 ut
936 1403 1019 1426 cum
1035 1389 1080 1426 ad
1099 1391 1321 1428 tremendum

330 1454 499 1505 poculum
520 1452 718 1501 accesseris,
739 1452 789 1490 sic
809 1451 929 1490 venias
950 1465 991 1488 36
1013 1451 1042 1489 si
1061 1466 1106 1489 ex
1125 1453 1192 1490 1106
1213 1453 1322 1491 latere

332 1525 516 1566 potaturus
541 1529 643 1552 esses.
672 1515 733 1552 55.
762 1515 815 1551 Et
832 1516 898 1566 qui
920 1514 1036 1561 vidit,
1061 1517 1321 1552 testimonium

328 1579 536 1629 perhibuit,
556 1586 592 1615 et
613 1590 752 1614 verum
773 1584 829 1614 est
847 1577 1106 1613 testimonium
1131 1579 1226 1628 ejus.
1246 1577 1321 1615 Hoc

331 1649 395 1687 651,
411 1640 490 1676 Νο11
508 1639 552 1675 ab
565 1638 644 1675 aliis
669 1637 807 1687 audivi,
826 1637 889 1674 scd
912 1637 986 1688 ipse
999 1651 1151 1688 praesens
1179 1638 1268 1687 vidi,
1289 1648 1321 1676 61

331 1716 458 1741 verum
487 1710 538 1738 651
568 1700 821 1738 testimonium.
850 1698 978 1737 Merito
1009 1714 1102 1737 sane.
1127 1700 1319 1738 Contume-

331 1764 418 1800 liam
442 1772 577 1811 narrat3
602 1775 672 1799 non
702 1774 872 1811 magnum
902 1760 993 1811 quid.
1023 1769 1057 1798 et
1080 1761 1256 1811 mirabile,
1283 1772 1376 1804 ut503

332 1825 445 1877 possis
474 1833 594 1861 contra
622 1823 815 1875 suspicari3
838 1837 965 1861 verum
988 1822 1049 1860 ille
1071 1823 1321 1861 haereticorum
1342 1817 1367 1846 Α

333 1900 392 1923 ora
423 1885 672 1937 comprimens,
694 1893 727 1921 et
745 1883 863 1921 sutura
883 1884 1124 1935 praenuntians
1136 1885 1321 1936 mysteria,

333 1957 439 1998 atque
465 1955 667 1984 contentum
693 1945 728 1982 in
746 1944 831 1996 ipsis
856 1945 1061 1982 thesaurum
1085 1945 1321 1994 considerans,

334 2010 539 2048 minutatim
565 2016 719 2046 recenset
748 2021 787 2044 ca
815 2021 893 2058 quae
924 2016 1019 2057 gesta
1048 2016 1140 2044 sunt.
1172 2008 1324 2060 Impleta

334 2083 385 2110 est
418 2082 536 2110 autem
556 2070 739 2124 prophetia
761 2069 835 2115 illa,
862 2070 926 2107 56.
950 2070 1001 2106 Os
1018 2071 1099 2121 ejus
1117 2083 1195 2106 non
1223 2084 1324 2107 com-

335 2138 521 2172 minuent.
552 2132 703 2171 Etiamsi
727 2131 823 2169 enim
839 2130 907 2169 1106
932 2130 977 2168 de
1000 2130 1208 2169 Judaeorum
1232 2145 1323 2182 agno

333 2195 469 2233 dictum
498 2195 556 2241 511,
577 2193 636 2232 sed
656 2202 802 2246 propter
823 2191 1011 2230 veritatem
1040 2192 1155 2242 figura
1176 2206 1324 2244 praeces-

332 2259 391 2304 sit,
412 2268 445 2296 et
465 2258 500 2295 in
516 2258 585 2294 1106
613 2255 726 2307 magis
755 2254 971 2306 completum
992 2263 1054 2292 est.
1070 2254 1154 2292 Ideo
1169 2255 1323 2306 prophe-

332 2329 404 2357 tam
434 2320 469 2356 in
492 2317 609 2356 medio
636 2315 801 2355 adduxit.
820 2315 912 2352 Cum
936 2329 1009 2352 sese
1028 2324 1150 2352 testem
1176 2316 1323 2353 afferens

333 2381 465 2432 ubique
485 2394 553 2417 non
578 2378 760 2418 videretur
781 2376 853 2414 side
874 2375 1005 2427 dignus
1020 2376 1158 2425 haberi,
1175 2376 1324 2414 adducit

334 2446 499 2496 Moysen,
521 2451 560 2480 ut
587 2442 709 2479 innuat
729 2440 798 2477 1106
815 2453 884 2477 11011
902 2453 983 2476 63511
1000 2437 1130 2476 factum
1152 2452 1238 2488 esse,
1263 2438 1324 2477 sed

330 2507 406 2557 jam
433 2506 518 2543 olim
541 2504 673 2557 scripto
695 2503 801 2540 fuisse
822 2500 1113 2554 praenuntiatum.
1138 2501 1213 2539 Hoc
1232 2501 1323 2540 illud

335 2567 470 2604 dictum
504 2575 555 2604 651
576 2582 583 2602 :
607 2568 657 2603 Os
691 2568 772 2618 ejus
811 2578 888 2601 non
918 2564 1208 2601 comminuetur.
1230 2564 1323 2601 Rur-

338 2642 485 2677 sumque
505 2642 549 2665 cx
566 2627 680 2678 seipso
699 2625 881 2678 prophetae
900 2623 1008 2661 fidem
1021 2623 1115 2661 facit.
1130 2624 1212 2661 llaec
1227 2623 1321 2673 dixi,

354 2688 467 2737 nquit,
488 2697 525 2724 ut
555 2687 701 2725 discatis
729 2699 895 2737 magnam
920 2698 992 2722 esse
1007 2684 1214 2722 affinitatem
1234 2685 1324 2723 inter

337 2752 490 2801 figuram
509 2759 541 2786 61
567 2749 762 2787 veritatem.
779 2747 911 2787 Viden’
929 2755 1097 2797 quantam
1122 2760 1242 2784 curam
1261 2746 1324 2784 ad-

339 2812 524 2859 11111631,111
554 2811 716 2847 credatur
746 2808 839 2847 illud
864 2808 961 2859 quod
988 2817 1090 2861 turpe
1114 2808 1327 2859 ignominio-

339 2886 487 2923 sumque
503 2871 668 2909 videtur?
684 2873 775 2909 Nam
803 2885 929 2923 corpus
946 2885 966 2908 a
983 2871 1096 2908 milite
1115 2870 1327 2909 contumelia

338 2703 346 2725 1

340 2937 451 2985 affici,
470 2936 572 2986 longe
607 2936 705 2986 pejus
732 2943 804 2972 erat
838 2949 946 2985 quam
971 2934 1146 2985 crucifigi.
1166 2936 1327 2973 Attamen

342 3007 372 3035 61
396 2998 473 3035 hate
495 2997 586 3043 dixi,
607 2996 734 3046 inquit,
751 3005 784 3033 et
806 3010 887 3033 cum
906 2996 1091 3047 diligentia
1109 3010 1235 3046 inagna
1250 2997 1328 3035 dixi

343 3061 407 3098 55.
436 3062 486 3098 Ut
516 3059 693 3096 credatis.
714 3059 826 3095 Nemo
855 3059 971 3108 itaque
996 3058 1104 3096 sidem
1131 3069 1247 3110 neget,
1270 3073 1329 3097 ne-

344 3136 411 3172 que
426 3135 495 3173 prae
508 3119 644 3172 pudore
658 3118 786 3155 nostris
804 3127 934 3155 noceat.
954 3119 1046 3155 Nam
1076 3133 1153 3169 qnae
1174 3120 1330 3158 maxime

343 3181 595 3219 contumeliosa
614 3179 793 3226 videntur,
814 3179 888 3215 11366
908 3187 991 3215 511111
1006 3179 1180 3216 bonorum
1193 3190 1329 3218 nostro·
1350 3185 1373 3215 C

346 3258 424 3281 rum
443 3241 701 3279 honestissima.
719 3241 783 3277 58.
807 3241 901 3276 Post
923 3240 1004 3276 laec
1024 3248 1153 3277 (actem
1168 3243 1329 3279 veniens

344 3315 487 3364 Joseph
516 3313 565 3349 ab
593 3310 836 3356 Arimatlzia,
860 3322 948 3346 cum
972 3317 1067 3346 esset
1089 3309 1298 3360 discipulus
1318 3326 1327 3346 :

390 3463 400 3475 ³¹
422 3450 531 3482 More-l.
551 3454 653 3483 τούτου

885 259 1065 290 ,ΙΟΑΝΝῙΞ
1100 258 1343 289 CHRYSOST.
1381 256 1587 288 ARCHIEP.
1627 257 1977 290 CONSTANTINOP-

1390 341 1554 389 ἀλήθεια;
1584 341 1641 378 Δι’
1660 335 1708 379 ὧν
1731 343 1853 380 ἐκεῖνοι
1873 343 2123 391 σπουδάζουσι,
2149 343 2205 382 διὰ
2236 343 2365 383 τούτων
2386 346 2408 391 ἡ

1388 401 1581 455 προφητεία
1596 404 1799 456 πληροῦται.
1819 402 1903 442 Ἀπὸ
1921 404 1988 457 γὰρ
2009 405 2161 443 Ἀτούτων
2179 405 2281 457 ἑτέρα
2298 407 2411 449 αὐτοῖς

1389 462 1476 510 αὕτη
1505 462 1795 516 προαναφώνησις
1812 463 1986 515 λαμὸοίνει
2013 465 2121 510 τέλος.
2142 465 2324 509 Ἔλθόντες
2342 466 2411 519 γὰρ

1389 526 1419 561 οἱ
1446 527 1678 577 στρατιῶται,
1700 527 1768 562 τῶν
1803 524 1864 575 μὲν
1895 526 2008 564 ἄλλων
2035 525 2204 570 κατέαξαν
2225 525 2270 564 τὰ
2289 525 2411 574 σκέλη,

1388 590 1447 623 τοῦ
1467 585 1501 622 δὲ
1518 586 1670 637 Χριστοῦ
1690 587 1752 623 οὐκ
1770 585 1834 623 ἔτι.
1850 585 1940 623 Ἀλλ’
1961 586 2056 637 ὅμως
2075 580 2168 625 οὗτοι
2187 586 2412 639 χαριζόμενοι

1388 651 1458 689 τοῖς
1484 645 1664 691 Ἰουδαίοις
1687 645 1803 691 ἔνυξαν
1830 649 1932 684 αὐτοῦ
1951 646 2014 693 τὴν
2042 648 2192 700 πλευρὰν
2207 650 2250 699 τῇ
2279 646 2412 698 λόγχῃ,

1390 707 1449 745 καὶ
1466 708 1585 761 νεκρὸν
1605 709 1644 746 τὸ
1664 711 1766 758 σῶμα
1784 707 1903 746 λοιπὸν
1925 707 2110 761 ἐνύδριζον.
2130 707 2178 746 Ἓξ
2196 712 2258 755 τῆς
2286 715 2414 761 μιαρᾶς

1389 768 1623 820 προαιρέσεως
1642 769 1700 806 καὶ
1726 771 1875 820 ἐναγοῦς.
1896 768 2000 806 Ἀλλὰ
2021 768 2069 819 μὴ
2094 770 2301 822 θορυὸηθῇς,
2326 769 2414 820 μηδὲ

1390 829 1608 882 κατηφήσῃς,
1629 829 1800 882 ἀγαπητέ.
1818 829 1858 868 Ἃ
1885 830 1952 883 γὰρ
1979 830 2048 868 ἀπὸ
2065 838 2216 884 πονηρᾶς
2245 830 2413 883 ἔπραττον

1392 890 1533 942 γνώμης
1573 894 1717 937 ἐκεῖνοι,
1748 896 1858 929 ταῦτα
1895 895 1937 942 τῇ
1972 892 2117 946 ἀληθείᾳ
2155 892 2414 944 συνηγωνίζετο.

1394 951 1596 1004 Προφητεία
1618 952 1685 1004 γὰρ
1715 947 1757 999 ἦν
1779 952 1838 990 καὶ
1869 955 2019 990 ἐντεῦθεν
2039 953 2187 1005 λέγουσα
2202 969 2209 976 ·
2243 953 2416 1005 ’Όψονται

1395 1014 1440 1055 εἷς
1459 1012 1494 1050 ὃν
1515 1013 1750 1059 ἐξεκέντησαν.
1772 1012 1841 1051 Καὶ
1855 1015 1891 1050 οὐ
1908 1017 2008 1052 τοῦτο
2026 1014 2141 1064 μόνον,
2158 1013 2247 1052 ἀλλὰ
2271 1014 2330 1051 καὶ
2347 1019 2418 1057 τοῖς

1396 1073 1578 1123 μέλλουσιν
1599 1076 1756 1112 ἀπιστεῖν
1777 1074 1906 1122 ἐγίνετο
1921 1074 2071 1118 πίστεως
2091 1075 2262 1120 ἀπόδειξις
2281 1074 2320 1112 τὸ
2339 1077 2418 1113 τολ-

1395 1134 1515 1185 μηθὲν,
1531 1129 1598 1173 οἷον
1615 1137 1665 1186 τῷ
1690 1138 1807 1187 Θωμᾷ
1827 1135 1972 1179 καὶτοῖς
1990 1139 2067 1174 κατ’
2091 1140 2235 1175 ἐκεῖνον.
2256 1137 2358 1175 Μετὰ
2382 1136 2417 1174 δὲ

1391 1195 1510 1234 τούτου
1542 1196 1602 1234 καὶ
1639 1196 1825 1248 μυστήριον
1860 1195 2055 1249 ἀπόρρητον
2089 1199 2248 1236 ἐτελεῖτο.
2270 1198 2418 1244 Ἐξῆλθε

1392 1256 1459 1310 γὰρ
1480 1256 1572 1310 ὕδωρ
1595 1256 1653 1295 καὶ
1683 1251 1782 1307 αἷμα.
1811 1259 1891 1308 Οὐχ
1919 1259 2038 1301 ἁπλῶς
2059 1257 2092 1295 δὲ
2116 1258 2190 1297 οὐδὲ
2213 1261 2259 1302 ὡς
2294 1258 2414 1310 ἔτυχεν

1393 1313 1496 1356 αῦται
1517 1317 1653 1364 ἕξῆλθον
1684 1320 1719 1355 αἱ
1744 1317 1879 1369 πηγαί·
1906 1319 1980 1356 ἀλλ’
2010 1318 2129 1366 ἐπειδὴ
2154 1319 2188 1363 ἐξ
2208 1319 2415 1371 ἀμφοτέρων

1391 1378 1519 1417 τούτων
1539 1383 1560 1426 ἡ
1578 1378 1777 1425 Ἐκκλησία
1794 1378 1992 1426 συνέστηκε.
2007 1380 2077 1418 Καὶ
2099 1379 2212 1418 ἴσασιν
2234 1383 2264 1418 οἱ
2285 1396 2417 1431 μυστα-

1390 1443 1622 1493 γωγούμενοι,
1640 1442 1684 1478 δι’
1702 1439 1824 1483 ὕδατος
1846 1442 1907 1491 μὲν
1929 1441 2225 1493 ἀναγεννώμενοι,
2243 1442 2285 1479 δι’
2308 1441 2418 1492 αἵμα-

1391 1519 1447 1546 τος
1462 1502 1496 1541 δὲ
1514 1503 1572 1541 καὶ
1593 1502 1719 1555 σαρκὸς
1733 1502 1949 1556 τρεφόμενοι.
1966 1502 2170 1542 1)Έντεῦθεν
2188 1503 2301 1556 ἀρχὴν
2323 1505 2419 1554 λαμ-

1392 1563 1489 1602 ὅάνει
1505 1564 1548 1602 τὰ
1566 1564 1741 1616 μυστήρια
1757 1595 1766 1611 ,
1791 1563 1833 1601 ἵν’
1855 1564 1937 1602 ὅταν
1957 1563 2104 1618 προσίῃς
2123 1567 2172 1617 τῷ
2194 1567 2328 1617 φρικτῷ
2349 1580 2417 1602 πο-

1391 1625 1514 1679 τηρίῳ,
1526 1629 1571 1669 ὡς
1588 1627 1645 1663 ἀπ’
1662 1627 1767 1672 αὐτ-ῆς
1778 1625 1885 1663 πίνων
1900 1629 1962 1672 τῆς
1972 1628 2141 1677 πλευρᾶς,
2157 1626 2247 1664 οὕτω
2258 1626 2417 1679 προσίῃς.

1393 1687 1463 1725 Καὶ
1477 1691 1576 1724 τοῦτο
1595 1689 1612 1724 ὁ
1632 1686 1795 1739 ἑωρακὼς
1812 1685 2080 1739 μεμαρτύρηκε,
2097 1687 2156 1724 καὶ
2179 1687 2311 1732 ἀληθής
2328 1688 2419 1724 ἐστιν

1392 1751 1413 1793 ἡ
1432 1746 1605 1800 μαρτυρία
1625 1749 1747 1785 αὐτοῦ·
1768 1746 1955 1794 τουτέστιν,
1971 1749 2008 1784 οὐ
2026 1749 2109 1799 παρ’
2127 1747 2254 1799 ἑτέρων
2271 1746 2421 1795 ἥκουσα,

1394 1809 1469 1846 ἀλλ’
1490 1808 1590 1852 αὐτὸς
1602 1807 1724 1860 παρὼν
1744 1802 1845 1855 εἶδον,
1862 1807 1921 1845 καὶ
1937 1808 2067 1854 ἀληθής
2081 1809 2173 1845 ἐστιν
2190 1812 2211 1854 ἡ
2234 1807 2421 1860 μαρτυρία·

1393 1868 1545 1912 εἰκότως.
1565 1867 1692 1922 ἽἙριν
1708 1868 1775 1922 γὰρ
1797 1867 1980 1920 γινομένην
2003 1868 2195 1919 ἐξηγεῖται·
2217 1871 2254 1907 οὐ
2275 1869 2365 1920 μέγα
2384 1884 2419 1906 τι

1394 1930 1453 1968 καὶ
1472 1930 1671 1980 θαυμαστὸν
1696 1930 1891 1981 ἐξηγεῖται,
1910 1932 1966 1967 ἵνα
1986 1929 2203 1978 ὑποπτεύσῃς
2218 1930 2274 1968 τὸν
2295 1930 2418 1981 λόγον’

1396 1993 1472 2029 ἀλλ’
1495 1991 1594 2035 αὐτὸς
1610 1991 1654 2030 τὰ
1675 1995 1742 2029 τῶν
1761 1994 1943 2044 αἱρετικῶν
1962 1991 2232 2044 ἀσφαλιζόμενος
2248 1991 2422 2043 στόματα,

1395 2052 1454 2090 καὶ
1485 2052 1528 2090 τὰ
1553 2052 1725 2103 μέλλοντα
1750 2055 2009 2105 προαναφωνῶν
2044 2053 2238 2105 μυστήρια,
2271 2052 2331 2090 καὶ
2363 2053 2421 2091 τὸν

1396 2113 1660 2164 ἐναποκείμενον
1683 2115 1799 2156 αὐτοῖς
1818 2113 2043 2151 κατοπτεύων
2065 2114 2250 2166 θησαυρὸν,
2271 2113 2419 2167 ἀκριὸο-

1395 2176 1547 2226 λογεῖται
1562 2173 1643 2227 περὶ
1657 2179 1717 2213 τοῦ
1733 2174 1939 2225 συμὸοίντος.
1961 2176 2168 2227 Πληροῦται
2182 2174 2290 2213 δὲκαὶ
2308 2174 2421 2222 ἐκείνη

1395 2238 1416 2281 ἠ
1438 2235 1650 2287 προφητεία,
1673 2234 1725 2272 ὅτι
1744 2235 1891 2273 Ὀστοῦν
1917 2237 2019 2273 αὐτοῦ
2038 2238 2075 2273 οὖ
2098 2236 2353 2287 συντρίψουσιν.
2377 2237 2422 2274 Εἰ

1395 2295 1463 2347 γὰρ
1482 2296 1541 2333 καὶ
1557 2295 1636 2348 περὶ
1656 2301 1715 2334 τοῦ
1731 2297 1814 2348 παρ’
1834 2295 2014 2338 Ἰουδαίοις
2027 2299 2137 2346 ἀμνοῦ
2152 2301 2252 2334 τοῦτο
2267 2296 2423 2348 εἴρηται,

1396 2355 1485 2394 ἀλλὰ
1509 2356 1566 2394 διὰ
1594 2355 1656 2403 τὴν
1676 2356 1838 2402 ἀλήθειαν
1859 2359 1876 2394 ὁ
1894 2356 1998 2400 τύπος
2025 2357 2246 2409 προέδραμε,
2277 2357 2336 2395 καὶ
2364 2357 2421 2395 ἐπὶ

1394 2416 1512 2456 τούτου
1534 2419 1664 2468 μᾶλλον
1684 2417 1796 2465 ἐξέὸη.
1814 2417 1882 2456 Διὰ
1896 2423 1996 2456 τοῦτο
2017 2418 2076 2455 καὶ
2096 2418 2153 2456 τὸν
2176 2418 2360 2470 προφήτην
2377 2421 2424 2462 εἷς

1397 2477 1500 2529 μέσον
1521 2477 1664 2530 ἤγαγεν.
1690 2478 1836 2526 Ἐπειδὴ
1854 2479 1920 2531 γὰρ
1941 2479 2010 2517 ἄνω
2034 2480 2093 2517 καὶ
2114 2479 2211 2517 κάτω
2233 2480 2353 2518 ἑαυτὸν
2376 2481 2422 2522 εἷς

1397 2538 1501 2590 μέσον
1524 2539 1648 2593 φέρων,
1681 2540 1743 2578 οὐκ
1771 2539 1882 2578 ἐδόκει
1911 2539 2108 2584 ἀξιόπιστος
2138 2535 2245 2589 εἶναι,
2272 2541 2423 2592 παράγει

1395 2600 1452 2639 τὸν
1473 2600 1641 2649 Μωϋσεά,
1663 2599 1787 2653 λέγων,
1808 2601 1860 2639 ὅτι
1888 2602 2009 2645 ἁπλῶς
2035 2601 2110 2640 οὐδὲ
2140 2607 2240 2640 τοῦτο
2270 2601 2425 2653 ἐγίνετο,

1397 2663 1472 2700 ἀλλ’
1505 2661 1633 2700 ἄνωθεν
1668 2663 1883 2716 προεγράφη.
1911 2663 1983 2700 Καὶ
2011 2663 2114 2701 τοῦτο’
2133 2664 2224 2701 ἐστιν
2247 2665 2355 2701 ἐκεῖνο
2382 2662 2422 2701 τὸ

1395 2723 1588 2774 εἰρημένον,
1614 2722 1666 2762 ὅτι
1688 2723 1835 2762 Ὀστοῦν
1865 2727 1967 2762 αὐτοῦ
1987 2727 2023 2762 οὖ
2045 2724 2324 2776 συντριὸήσεται.
2350 2724 2421 2762 Καὶ

1396 2785 1501 2822 πάλιν
1521 2787 1569 2836 τῷ
1592 2785 1753 2838 προφήτῃ
1783 2788 1866 2838 παρ’
1889 2787 2012 2823 ἑαυτοῦ
2040 2785 2103 2832 τὴν
2126 2785 2244 2824 πίστιν
2261 2785 2422 2837 παρέχει.

1396 2846 1521 2883 Ταῦτα
1538 2843 1572 2882 δὲ
1590 2838 1698 2892 εἶπον,
1715 2846 1831 2897 φησὶν,
1851 2845 1908 2883 ἵνα
1931 2845 2066 2896 μάθητε
2093 2848 2146 2883 ὅτι
2171 2845 2283 2893 πολλὴ
2298 2850 2319 2893 ἡ
2342 2861 2423 2897 συγ-

1396 2904 1511 2956 γένεια
1545 2910 1604 2944 τοῦ
1631 2905 1738 2944 τύπου
1765 2907 1850 2958 πρὸς
1883 2905 1946 2953 τὴν
1970 2906 2147 2952 ἀλήθειαν.
2175 2906 2283 2959 Ὁρᾷς
2311 2905 2423 2952 πόσην

1398 2978 1547 3010 ποιεῖται
1573 2972 1722 3019 σπουδὴν
1744 2972 1834 3011 ὥστε
1852 2977 2077 3020 πιστευθῆναι
2093 2974 2133 3012 τὸ
2149 2975 2268 3011 δοκοῦν
2290 2972 2424 3012 ἐπονεί-

1401 3039 1514 3077 διστον
1530 3031 1617 3075 εἶναι
1630 3068 1639 3084 ,
1655 3037 1715 3075 καὶ
1735 3037 1900 3090 αἰσχύνην
1919 3039 2039 3090 φέρον,
2061 3039 2113 3077 Τὸ
2132 3041 2198 3091 γὰρ
2215 3040 2275 3077 καὶ
2301 3041 2349 3082 εἰς
2366 3055 2423 3076 νε-

1399 3110 1479 3163 κρὸν
1497 3108 1638 3160 ὑδρίσαι
1652 3111 1754 3160 σῶμα
1774 3108 1830 3146 τὸν
1854 3109 2085 3162 στρατιώτην,
2103 3115 2163 3149 τοῦ
2179 3113 2423 3162 σταυρωθῆναι

1399 3178 1517 3228 πολλῷ
1531 3182 1645 3228 χεῖρον
1665 3170 1719 3222 ἦν.
1739 3175 1830 3214 ’AM'
1841 3178 1933 3227 ὅμως
1949 3177 2008 3215 καὶ
2027 3182 2136 3216 ταῦτα
2152 3207 2161 3224 ,
2180 3176 2297 3228 φησὶν,
2315 3170 2423 3222 εἶπον,

1400 3243 1459 3281 καὶ
1497 3242 1585 3294 μετὰ
1623 3243 1755 3289 πολλῆς
1792 3243 1942 3289 σπουδῆς
1977 3237 2083 3290 εἶπον,
2108 3243 2164 3281 ἵνα
2196 3242 2422 3289 πιστεύσητε.

1399 3310 1533 3357 Μηδεὶς
1554 3309 1665 3348 τοίνυν
1687 3309 1900 3359 ἀπιστείτω,
1923 3310 2009 3361 μηδὲ
2048 3309 2293 3362 αἰσχυνόμενος
2331 3310 2421 3360 βλα-

1464 3449 1478 3470 ¹⁸
1508 3448 1518 3488 [
1535 3449 1585 3479 Ita
1603 3445 1703 3480 Savil.
1715 3446 1836 3479 Aberat
1856 3452 1994 3481 ἐντεῦθεν.
2006 3445 2090 3479 Cod.
2102 3448 2163 3479 709
2182 3451 2278 3492 ἀρχὴν
2293 3445 2426 3486 imma]
