2507 3673
991 177 1031 205 ΙΝ
1070 176 1239 208 ΡΛὸΕΙΙὶ
1278 180 1308 209 Ι.

110 259 264 311 στήματι
279 264 339 299 τοῦ
360 261 484 315 χρόνου
501 260 541 300 τὸ
557 261 681 312 πάσχα
702 260 742 298 τὸ
763 259 887 307 ἀληθὲς
905 259 1023 299 ἐθύετο
1040 291 1050 308 ,
1070 261 1128 325 καὶ

108 315 126 350 ὁ
148 314 191 350 δι’
213 316 316 351 αὐτοῦ
348 314 539 363 σωζόμενος
564 313 781 366 πρωτόγονος
810 316 988 364 ἄνθρωπος
1015 315 1063 357 εἰς
1089 330 1129 352 το

108 365 261 412 διηνεκὲς
292 366 383 418 ἐξῄει
411 369 495 418 φῶς.
517 367 614 405 *Καὶ
633 367 672 405 τό
695 383 734 418 γε
765 365 812 416 μὴ
847 367 901 403 ἐπ’
934 368 1038 412 αὐτῆς
1066 368 1128 412 τῆς

109 418 276 472 ἑσπέρας,
295 419 384 457 ἀλλὰ
399 419 483 472 πρὸς
498 420 646 470 ἑσπέραν
666 420 705 457 τὸ
721 419 843 470 πάσχα
867 418 1024 464 θύεσθαι,
1042 420 1127 465 ἐδη-

105 471 206 508 λοῦτο
228 472 276 522 μὴ
305 474 339 509 ἐν
374 474 467 523 αὐτῷ
498 475 548 510 τῶ
568 472 660 511 τέλει
681 472 765 510 ὴτοῦ
793 471 962 523 παρόντος
993 474 1124 522 ἀμνοῦ,

105 523 194 561 ἀλλὰ
221 524 308 576 πρὸς
337 525 421 562 αὐτὸ
439 524 478 562 τὸ
496 513 594 569 τέλος
613 526 761 576 πάσχειν
780 525 835 562 τὸν
856 524 1018 575 Χριστόν.
1040 527 1126 576 Διῃ-

105 575 252 626 ρημένον
273 576 309 616 δὲ
328 576 418 616 οὕτω
437 579 494 616 τὸν
514 579 636 632 χρόνον
657 577 780 621 ἔδειξεν
802 580 824 623 ἡ
854 576 1047 641 παραδολὴ,
1068 592 1126 614 τε-

102 627 177 676 μὼν
197 629 236 666 τὸ
262 631 309 673 εἷς
327 629 431 669 πέντε
453 631 515 678 τὴν
538 631 685 684 ἡμέραν,
715 630 774 668 καὶ
795 628 873 673 τοὺς
891 631 1124 693 κεκλημενους

100 682 148 723 εἷς
162 681 219 719 τὸν
242 684 431 732 ἀμπελῶνα
445 714 454 732 ,
472 685 663 730 τουτέστιν,
681 685 727 726 εἷς
744 682 806 730 τὴν
826 684 888 727 τῆς
906 683 1125 744 δικαιοσυνης

101 734 278 786 ἐργασίαν,
301 736 489 787 φάσκοντος
510 740 692 776 καλεῖσθαι
711 735 789 778 τοὺς
810 734 870 784 μὲν
891 737 956 771 ὑπο
979 749 1121 802 πρωτην

99 786 206 840 ὥραν,
223 786 302 830 τοὺς
322 788 356 826 δὲ
373 788 438 827 ὑπὸ
462 790 593 841 τρίτην,
613 789 688 831 τοὺς
705 787 739 826 δὲ
759 789 826 824 ὑπὸ
848 785 965 832 ἕκτην,
987 802 1067 841 τους
1086 802 1122 825 οε

98 841 165 878 ὑπὸ
194 841 352 887 ἐννάτην,
383 841 461 886 τοὺς
489 842 524 881 δὲ
542 842 610 880 ὑπὸ
629 840 828 885 ἑνδεκάτην.
850 839 920 876 Καὶ
939 837 1008 890 γὰρ
1030 843 1119 886 ἦσαν

98 893 255 945 διάφοροι
286 894 427 940 κλήσεις
459 889 583 942 αῦται,
603 895 662 932 καὶ
696 891 841 943 διάφορα
869 891 1117 950 δικαιώματα·

97 946 213 997 ἕτερον
253 946 315 996 μὲν
343 945 382 982 τὸ
412 946 468 984 ἐπὶ
497 947 633 997 Ἀδὰμ,
661 945 777 996 ἕτερον
807 944 843 982 δὲ
874 944 913 982 τὸ
940 944 998 982 ἐπὶ
1018 946 1120 993 Νῶε,

96 999 182 1037 ἄλλο
200 998 239 1035 τὸ
261 998 318 1036 ἐπὶ
337 998 497 1052 Ἀδραὰμ
509 1029 518 1046 ,
540 1000 625 1037 ἄλλο
640 999 679 1037 τὸ
698 998 755 1036 ἐπὶ
777 997 955 1040 Μωϋσέως
969 1012 977 1020 ·
998 998 1119 1035 τελευ-

94 1057 191 1090 ταῖον
213 1050 247 1088 δὲ
270 1051 329 1089 καὶ
354 1051 580 1100 τελεώτατον,
599 1052 638 1090 τὸ
657 1052 715 1090 ἐπὶ
734 1052 796 1095 τῆς
815 1051 968 1103 Χριστοῦ
988 1065 1122 1101 παρου-

95 1104 191 1149 σίας,
213 1103 269 1141 ὅτε
284 1104 344 1142 καὶ
359 1107 427 1141 τῶν
449 1104 558 1156 ἔργων
575 1108 592 1143 ὁ
613 1105 732 1155 μισθὸς
750 1103 953 1141 ἀποδίδοται
970 1103 1121 1154 πρώτοις

93 1162 164 1200 τοῖς
188 1157 399 1201 τελευταίοις
417 1157 508 1196 κατὰ
528 1157 590 1204 τὴν
612 1156 780 1208 σωτήριον
801 1155 1023 1208 παραίῗολήν·
1044 1158 1119 1194 ἐπεὶ

95 1214 228 1261 πρῶτοι
246 1209 310 1255 τὴν
340 1210 564 1262 ἀναγέννησιν
585 1213 687 1260 ἡμεῖς
715 1209 997 1266 ἐνκβαπτίσματι
1018 1223 1118 1274 κρμιῖ

93 1264 240 1313 ζόμεθα,
271 1257 319 1306 οἷς
349 1263 449 1309 ἐτύθη
479 1264 647 1314 Χριστὸς,
666 1265 718 1315 ἐφ’
753 1267 782 1316 ᾧ
815 1261 960 1307 ἀνέστη,
984 1277 1053 1326 ,και
1079 1278 1118 1300 το

90 1316 238 1365 Πνεῦμα
256 1314 296 1352 τὸ
312 1314 423 1369 Νᾶγιον
451 1318 498 1360 εἷς
530 1316 745 1354 ἀνακαίνισιν
764 1319 865 1367 ἡμῶν
896 1317 1116 1374 ἐνειρυσησεν.

90 1367 189 1414 Αὕτη
211 1367 272 1418 μὲν
293 1371 350 1405 οὖν
370 1372 391 1415 ἡ
418 1369 778 1422 τεσσαρεσκαιδεκάτη
814 1370 989 1418 μυστικῶς
1020 1382 1118 1405 νοου-

91 1420 178 1470 μένη
192 1451 201 1465 ,
231 1421 290 1458 καὶ
323 1426 473 1460 τοιοῦτον
494 1422 533 1459 τὸ
559 1427 619 1460 τοῦ
639 1421 790 1472 θύματος
810 1420 996 1470 σύμδολον,
1016 1421 1075 1458 καὶ
1092 1424 1113 1485 ᾗ

89 1472 153 1520 τὴν
175 1472 295 1512 Θυσίαν
329 1474 559 1526 διαδεχομένη
587 1475 737 1526 φωτεινὴ
757 1474 814 1518 νὺξ
835 1473 894 1511 καὶ
913 1473 1042 1524 ἡμέρα·
1075 1489 1115 1511 το

90 1525 125 1563 δὲ
164 1527 241 1564 ὅλον
274 1528 325 1578 ἐφ’
359 1527 508 1573 ἑκάστης
543 1527 652 1570 οἰκίας
692 1527 865 1565 ἐσθίεσθαι
900 1526 939 1563 το
978 1528 1113 1578 ἱερεῖον,

88 1578 147 1616 καὶ
182 1579 230 1630 μὴ
272 1579 476 1632 ἐκφέρεσθαι
511 1583 580 1618 τῶν
615 1583 726 1633 κρεῶν
766 1579 853 1626 ἔξω,
891 1579 991 1643 δηλοῖ
1030 1578 1112 1645 μίαν

89 1631 200 1669 οἰκίαν
224 1631 332 1681 μόνην
358 1632 505 1684 ἔχουσαν
527 1633 589 1680 τὴν
610 1635 644 1670 ἐν
666 1634 809 1684 Χριστῷ
833 1647 1021 1684 σωτηριαν.
1049 1634 1115 1669 Αυ-

89 1699 133 1729 τη
165 1683 200 1723 δὲ
232 1679 273 1731 ἦν
304 1689 326 1731 ἡ
357 1688 432 1722 καθ’
455 1685 537 1732 ὅλης
565 1688 628 1731 τῆς
659 1685 866 1737 οἰκουμένης
890 1683 1112 1733 Ἐκκλησία,

90 1740 111 1782 ἦ
141 1737 254 1775 πάλαι
294 1737 355 1788 μὲν
394 1737 560 1790 ἀλλοτρία
590 1740 683 1777 Θεοῦ
698 1769 707 1785 ,
746 1743 805 1776 νῦν
840 1737 875 1776 δὲ
908 1736 995 1788 μόνη
1027 1738 1113 1791 πρὸς

87 1789 177 1828 Θεὸν
205 1790 338 1834 οἰκείως
368 1790 495 1843 ἔχουσα
521 1791 578 1829 διὰ
597 1791 636 1829 τὸ
659 1791 822 1836 δέξασθαι
848 1790 926 1834 τοὺς
951 1792 1111 1828 ὑποστα-

85 1842 207 1886 λέντας
234 1843 331 1895 παρὰ
358 1847 417 1881 τοῦ
445 1843 574 1895 Κυρίου
590 1843 722 1893 Ἰησοῦ,
741 1843 892 1896 ὡσπερεὶ
921 1845 982 1888 τῆς
999 1842 1112 1881 Ῥαὰὲ

83 1898 104 1941 ἡ
128 1898 190 1941 τῆς
209 1896 321 1934 πάλαι
342 1896 471 1948 πόρνης
493 1896 585 1935 οἰκία
617 1897 695 1941 τοὺς
715 1896 957 1939 κατασκόπους
988 1898 1110 1959 ὑποδε-

83 1946 213 1998 ξαμένη
232 1948 309 1993 τοὺς
326 1950 423 2000 παρὰ
440 1949 576 1997 Ἰησοῦ,
598 1953 684 2001 μόνη
713 1950 772 1987 καὶ
791 1949 938 1994 ἐσώζετο
958 1951 1020 1995 τῆς
1051 1949 1108 2011 ΙΝε-

84 2000 172 2051 ριχὼ
205 2001 458 2055 πορθουμένης.
483 2001 594 2041 εὨστε
633 2006 662 2041 εἰ
701 2003 760 2040 καὶ
796 2003 933 2045 πλείους
972 2005 1007 2039 αἱ
1039 2018 1108 2039 των

83 2052 259 2106 Ἐὸραίων
293 2054 421 2101 οἰκίαι,
461 2062 542 2105 μιᾶς
577 2056 696 2108 ἔχουσι
730 2055 890 2107 δύναμιν,
918 2054 1038 2107 ὥσπερ
1074 2058 1110 2093 αἱ

81 2107 173 2144 κατὰ
206 2108 324 2150 πόλεις
364 2108 425 2145 καὶ
465 2107 584 2161 χώρας
614 2109 825 2156 Ἔκκλησίαι
840 2138 870 2162 ,Ν
886 2108 1014 2146 πολλαὶ
1050 2109 1107 2147 τὸν

80 2158 225 2211 ἀριθμὸν
241 2155 360 2208 οῦσαι,
389 2160 452 2211 μία
480 2162 571 2199 ἐστὶν
593 2161 801 2207 Ἐκκλησία.
822 2163 882 2205 Εἷς
904 2162 970 2213 γὰρ
987 2163 1021 2198 ἐν
1043 2164 1107 2200 αὐ-

77 2218 153 2254 ταῖς
171 2215 188 2249 ὁ
207 2213 357 2265 Χριστὸς
375 2215 591 2267 ἀπάντα-λοῦ,
612 2218 629 2253 ὁ
659 2214 787 2258 τέλειος
816 2215 876 2252 καὶ
909 2213 1105 2265 ἀμέριστος.

76 2264 207 2315 Διόπερ
228 2266 343 2304 τέλεον
372 2270 414 2313 ἦν
435 2267 486 2318 ἐφ’
517 2267 666 2315 ἑκάστης
697 2268 809 2311 οἰκίας
830 2268 869 2305 τὸ
891 2271 1024 2318 ἱερεῖον,
1047 2270 1108 2307 καὶ

76 2319 137 2355 οὐκ
168 2320 215 2360 εἷς
245 2319 427 2372 διαφόρους
446 2320 634 2372 ἐμερίζετο,
662 2321 761 2366 Φησὶ
787 2324 867 2372 γοῦν
886 2323 981 2370 ἡμᾶς
1009 2321 1107 2360 καὶὸ

75 2370 214 2413 Παῦλος
229 2371 289 2409 ἕνα
307 2366 394 2410 εἶναι
412 2371 546 2415 πάντας
562 2376 594 2412 ἐν
612 2375 754 2428 Χρισὶῷ
766 2403 775 2419 ,
795 2375 881 2411 διότι
898 2373 957 2411 καὶ
974 2372 1018 2411 ‘O
1035 2374 1105 2412 Κύ-

78 2436 147 2472 ριος
167 2417 234 2470 εἷς,
251 2423 310 2462 καὶ
325 2428 347 2470 ἡ
368 2424 485 2468 πίστις
505 2425 582 2475 μία.
598 2426 674 2473 Τὴν
692 2430 749 2464 οὖν
767 2427 887 2465 ἕνωσιν
902 2430 961 2464 τοῦ
981 2427 1105 2479 ἱερείου

74 2474 135 2521 τὴν
153 2475 346 2529 ἀδιαίρετον
365 2477 590 2527 ἀναγκαίωςὸ
606 2479 710 2530 νόμος
724 2482 771 2522 εἶς
789 2480 940 2530 Χριστὸν
957 2481 1103 2532 προετύ-

37 2572 39 2574 .
72 2543 152 2575 που,
173 2529 207 2565 ἐν
229 2529 337 2580 ταύτῃ
358 2529 417 2567 καὶ
440 2530 503 2576 τὴν
526 2530 740 2578 Ἐκκλησίας
759 2531 878 2570 ἕνωσιν
911 2535 1100 2582 προδιατυ-

73 2583 161 2618 πῶν.
184 2579 244 2618 Ἐν
266 2582 410 2632 Χριστῷ
445 2582 507 2632 μὲν
540 2583 580 2629 δὴ
604 2584 667 2630 τὴν
688 2584 863 2635 σωτηρίαν
889 2584 1014 2636 ἔχομεν
1042 2586 1102 2623 καὶ

71 2633 107 2670 ἐν
129 2636 172 2684 τῆ
190 2633 291 2687 θυσία
305 2639 364 2672 τοῦ
385 2635 557 2687 Χριστοῦ,
577 2637 636 2674 καὶ
657 2636 772 2675 πάντα
790 2636 834 2674 τὰ
852 2637 921 2689 πρὸ
948 2640 1010 2682 τῆς
1030 2654 1101 2676 πα-

72 2686 208 2736 ρουσίας
225 2689 273 2729 εἰς
288 2687 350 2733 τὴν
366 2688 559 2740 παρουσίαν
577 2689 913 2741 προευτρεπισθέντα
933 2690 1100 2740 γινώσκο-

70 2753 149 2787 μεν,
170 2739 229 2777 καὶ
248 2744 348 2778 τοῦτο
368 2739 470 2790 μόνον
488 2743 535 2784 εἷς
557 2741 731 2794 σωτηρίαν
756 2742 876 2793 ἁπάσῃ
895 2745 938 2792 τῇ
961 2745 1098 2795 ἀνθρω-

68 2791 193 2838 πότητι
210 2793 439 2843 προκείμενον
460 2795 493 2838 ἐξ
511 2796 624 2846 ἀρχῆς
640 2826 648 2843 ,
668 2796 860 2847 καθαπερεὶ
880 2796 947 2847 πρὸ
963 2798 1097 2848 ὀφθαλ-

69 2846 143 2892 μῶν
182 2845 240 2882 τὸν
270 2845 423 2896 Χριστὸν
459 2846 546 2899 ὑπὲρ
580 2848 721 2886 πάντων
759 2852 915 2894 τυθῆναι.
956 2851 1033 2901 Μιᾷ
1061 2850 1096 2888 δὲ

67 2897 255 2946 προσήκειν
280 2897 476 2950 Ἐκκλησία
498 2902 561 2946 τὴν
590 2900 764 2953 σωτηρίαν
795 2901 924 2947 ταύτην
945 2903 1094 2940 ἐπιστά-

67 2952 156 2997 μεθα
170 2979 179 2995 ,
202 2950 261 2987 καὶ
289 2951 422 3001 μηδένα
438 2956 501 2998 τ’ἧς
528 2955 715 3000 καθολικῆς
740 2953 862 2997 ἔξωθεν
880 2954 1094 3002 Ἐκκλησίας

65 3001 126 3038 καὶ
154 3002 305 3045 πίστεως
326 3004 484 3056 μετέχειν
509 3007 661 3059 Χριστοῦ
683 3007 886 3057 δυνάμενον,
909 3007 996 3058 μηδὲ
1018 3007 1091 3046 σώ-

64 3056 193 3097 ζεσθαι.
213 3056 284 3093 Καὶ
303 3060 414 3094 ταῦτα
442 3059 567 3102 εἰδότες
581 3090 590 3106 ,
619 3058 698 3097 οὐδὲ
717 3062 750 3097 ἐν
767 3066 838 3102 τοῖς
859 3060 950 3098 κατὰ
968 3061 1088 3111 νόμον,

64 3108 140 3144 ἀλλ’
175 3109 209 3145 ἐν
239 3110 382 3162 Χριστῷ
408 3110 472 3157 τὴν
492 3111 643 3155 ἅπαντος
672 3118 732 3151 τοῦ
762 3112 893 3163 κόσμου
914 3113 1088 3166 σωτηρίαν

106 3239 122 3255 ’³
146 3237 158 3283 s
173 3243 221 3273 καὶ
238 3248 279 3283 τῷ
296 3255 328 3282 γε
345 3241 480 3283 conjicit
495 3242 614 3285 Savil.]

105 3291 122 3315 b
146 3290 285 3322 Videtur
302 3291 476 3334 legendum
495 3305 569 3325 cum
586 3294 712 3326 savilio
735 3302 786 3329 τοῦ
803 3303 948 3342 παρόντος
962 3305 1071 3342 χρένου

59 3342 122 3384 [vel
134 3344 261 3389 nuzpovZL
271 3348 361 3377 ἀλλά.
373 3345 415 3376 Et
425 3345 522 3387 paulo
536 3355 610 3388 post
621 3359 696 3379 cum
707 3348 821 3381 codem
832 3355 847 3387 ἡ
859 3354 1014 3395 παρεινΐοὶπὶ,
1025 3366 1070 3385 τε·

2091 175 2183 236 935

1201 261 1263 299 sed
1281 262 1440 301 nondum
1459 265 1722 316 perficiebatur.
1745 268 1785 306 In

1200 381 1263 417 per
1298 367 1393 405 illud
1426 369 1574 407 salutem
1613 374 1892 422 consequebatur
1927 377 2183 428 primogenitus·

1199 419 1319 468 homo,
1354 420 1390 457 in
1418 431 1626 473 perpetuam
1650 424 1766 462 lucem
1799 428 1931 465 exiliat.
1959 432 2065 477 Quod
2099 447 2183 472 vcro

1198 472 1327 509 nonin
1359 473 1435 524 ipsa
1466 489 1626 526 vespera,
1657 475 1718 514 sed
1755 478 1799 515 ad
1838 493 2018 531 vesperam
2048 486 2182 524 Pascha

1197 524 1457 573 immolaretur,
1479 527 1705 577 significahat
1732 531 1856 568 nonin
1889 532 1965 583 ipso
1993 536 2063 573 line
2094 552 2183 587 prze-

1198 577 1305 614 sentis
1326 579 1459 628 saeculi,
1488 580 1548 617 sed
1567 580 1614 618 ad
1646 582 1755 620 finem
1775 597 1963 634 passurum
1986 601 2059 625 esse
2079 590 2183 627 Chri-

1197 637 1305 666 stum.
1341 633 1499 683 Tempus
1530 633 1578 671 ita
1611 633 1768 672 divisum
1800 637 1966 675 exhihuit
1998 642 2180 691 parabola,

1196 696 1275 731 quae
1290 682 1325 719 in
1345 693 1462 735 partes
1482 686 1640 737 quinque
1658 687 1754 725 diem
1773 688 1972 739 distribuit,
1990 701 2023 729 et
2039 705 2181 733 vocatos

1196 748 1270 772 csse
1291 735 1380 774 dicit
1394 737 1442 774 ad
1460 738 1616 788 vineam,
1636 739 1674 777 id
1695 751 1759 788 cst,
1781 741 1825 778 ad
1841 743 1989 794 justitiae
2007 748 2181 797 operatio-

1195 800 1287 837 nem,
1306 788 1394 826 alios
1426 789 1518 828 circa
1542 792 1696 843 primam
1721 794 1860 843 horam,
1883 796 1972 833 alios
1992 798 2085 836 circa
2115 809 2182 838 ter-

1194 840 1294 887 tiam,
1315 841 1403 880 alios
1426 843 1518 881 circa
1537 854 1688 894 sextam,
1712 846 1801 884 alios
1827 848 1919 885 circa
1947 863 2088 899 nonam,
2117 867 2181 905 po-

1195 902 1342 932 stremos
1357 895 1449 933 circa
1463 896 1698 935 undecimam.
1714 899 1824 937 Erant
1838 901 1931 938 enim
1956 902 2008 939 hae
2033 903 2182 943 diversa:

1146 950 1169 980 C
1194 947 1407 997 vocationes,
1430 957 1463 986 et
1487 948 1636 988 diversae
1663 952 1960 1002 justificationes3
1986 956 2054 993 alia
2087 966 2180 995 tem-

1194 1013 1281 1050 pore
1313 1000 1457 1052 Adami,
1485 1002 1554 1039 alia
1588 1013 1746 1055 tempore
1785 1006 1877 1054 Noe,
1915 1007 1986 1045 alia
2024 1017 2182 1062 tempore

1196 1052 1407 1103 Abrahami,
1447 1054 1515 1092 alia
1554 1065 1711 1108 tempore
1747 1059 1906 1110 Moysis,
1947 1070 2121 1112 postrema
2150 1073 2184 1102 et

1197 1106 1450 1156 perfectissima
1486 1106 1521 1144 in
1551 1108 1705 1147 adventu
1733 1110 1882 1161 Christi,
1910 1113 2052 1163 quando
2089 1130 2182 1154 mer-

1195 1170 1250 1195 ces
1263 1172 1412 1210 operum
1429 1159 1592 1198 redditur
1606 1162 1723 1214 primo
1738 1163 1796 1212 iis,
1817 1165 1878 1214 qui
1897 1168 2065 1216 postremi
2084 1180 2182 1208 erant

1193 1211 1391 1249 seeundum
1409 1213 1607 1252 servatoris
1625 1215 1834 1266 parabolam
1856 1233 1863 1253 :
1882 1219 1966 1268 quia
1990 1234 2052 1258 nos
2072 1222 2180 1273 primi

1192 1262 1229 1300 in
1248 1263 1462 1315 baptismate
1486 1268 1786 1317 regenerationem
1813 1270 2024 1322 accipimus,
2051 1274 2182 1323 quibus

1191 1315 1396 1355 immolatus
1417 1327 1468 1356 est
1485 1319 1664 1369 Christus,
1690 1335 1759 1371 quo
1794 1330 1953 1375 tempore
1971 1328 2179 1376 resurrexit,

1191 1377 1224 1405 et
1247 1370 1422 1421 Spiritum
1447 1381 1609 1411 sanctum
1635 1374 1737 1411 nobis
1761 1374 1807 1411 ad
1841 1377 2182 1421 1·enovationem.,in-

1190 1422 1364 1460 sufflavit.
1389 1423 1473 1462 Haec
1488 1425 1607 1475 itaque
1638 1436 1762 1477 quarta
1791 1427 1928 1466 decima
1957 1440 2008 1468 est
2032 1434 2181 1484 mystice

1189 1475 1424 1526 considerata,
1443 1487 1476 1515 et
1490 1478 1559 1515 tale
1573 1488 1624 1516 est
1639 1479 1805 1518 sacrificii
1823 1482 2045 1533 symbolum,
2064 1494 2096 1522 et
2109 1500 2182 1524 nox

1189 1526 1249 1564 illa
1268 1528 1390 1566 lucida
1423 1539 1527 1580 atque
1559 1531 1634 1569 dies
1668 1547 1746 1583 quae
1782 1534 1997 1573 sacrificium
2029 1538 2176 1590 excipit.

1191 1580 1296 1627 Quod
1314 1591 1433 1619 autem
1450 1584 1598 1621 victima
1617 1593 1690 1622 tota
1706 1585 1741 1623 in
1755 1585 1905 1637 singulis
1924 1588 2062 1627 aedibus
2084 1604 2180 1629 com-

1188 1632 1362 1683 ederetur,
1380 1649 1492 1685 neque
1509 1650 1629 1674 carnes
1646 1638 1739 1675 foras
1769 1640 1991 1687 efferrentur,
2015 1642 2051 1679 id
2069 1643 2179 1694 signi-

1188 1685 1271 1723 ficat
1288 1701 1396 1724 unam
1411 1697 1549 1726 tantum
1569 1704 1642 1727 esse
1661 1689 1807 1728 domum
1820 1693 1968 1731 salutem
1982 1694 2017 1732 in
2036 1696 2179 1734 Christo

1187 1738 1398 1788 habentem,
1427 1755 1552 1793 nempe
1588 1742 1784 1781 Ecclesiam
1816 1759 1880 1797 per
1910 1755 2023 1785 totum
2056 1749 2178 1787 orbem

1186 1791 1371 1843 diffusam,
1391 1808 1468 1844 quae
1488 1795 1574 1832 olim
1605 1795 1718 1834 aliena
1739 1811 1758 1834 a
1780 1798 1856 1835 Deo
1881 1809 1969 1845 erat,
1991 1815 2084 1839 nunc
2107 1816 2176 1840 au-

1138 1849 1162 1878 D
1186 1853 1257 1882 tem
1275 1846 1348 1883 sola
1366 1847 1411 1883 ad
1431 1848 1548 1885 Deum
1569 1849 1714 1900 proprie
1731 1851 1896 1902 pertinet,
1919 1853 2002 1902 quia
2022 1856 2177 1907 suscepit

1185 1911 1242 1935 eos
1254 1899 1348 1948 quia
1365 1900 1521 1938 Domino
1533 1903 1617 1940 Jesu
1633 1902 1732 1940 missi
1747 1913 1862 1953 erant,
1873 1906 2177 1955 quemadmodum

1183 1950 1311 1989 domus
1341 1952 1440 1989 illius
1462 1953 1588 1991 Rahab
1608 1954 1695 1992 olim
1720 1957 1925 2004 meretricis,
1949 1973 2027 2009 quae
2049 1961 2175 2013 explo-

1183 2013 1317 2042 ratores
1337 2020 1355 2042 a
1378 2006 1462 2043 „Jesu
1487 2006 1612 2044 missos
1633 2009 1784 2060 excepit,
1805 2010 1949 2048 Jericho
1975 2013 2173 2065 devastata,

1185 2067 1322 2095 servata
1342 2058 1416 2095 sola
1437 2058 1516 2097 fuit.
1539 2060 1663 2110 Itaque
1684 2061 1747 2098 etsi
1774 2062 1892 2113 plures
1912 2064 1981 2102 sint
2002 2065 2176 2104 HebraeO«

1184 2124 1265 2147 rum
1291 2110 1430 2160 domus,
1450 2111 1556 2150 unius
1582 2122 1721 2151 tantum
1738 2115 1813 2151 vim
1839 2115 1982 2164 hahent,
2004 2127 2042 2156 ut
2064 2128 2097 2156 ct
2118 2119 2174 2157 di-

1183 2176 1292 2200 versae
1319 2178 1383 2215 per
1415 2164 1519 2201 urbes
1547 2174 1580 2202 et
1607 2166 1704 2204 vicos
1735 2167 1916 2218 Ecclesiae,
1948 2185 2026 2220 quae
2053 2172 2174 2223 plures

1184 2229 1330 2253 numero
1350 2226 1446 2266 sunt,
1469 2231 1538 2254 una
1569 2227 1651 2256 sunt
1679 2219 1852 2260 Ecclesia.
1874 2224 1977 2260 [nus
2009 2226 2104 2263 enim
2136 2225 2173 2264 in

1183 2268 1256 2306 illis
1288 2270 1451 2307 Christus
1484 2270 1618 2321 ubique
1646 2281 1712 2321 est,
1739 2275 1917 2325 perfectus
1953 2276 2028 2328 ipse
2055 2286 2088 2314 ct
2119 2278 2174 2316 in-

1181 2321 1335 2360 divisus.
1377 2323 1463 2361 Ideo
1494 2324 1646 2375 perfecta
1681 2335 1755 2363 crat
1786 2326 1821 2364 in
1851 2327 2002 2380 singulis
2034 2330 2171 2369 aedibus

1181 2375 1340 2424 victima,
1361 2389 1424 2413 nec
1449 2376 1494 2413 ad
1516 2376 1674 2415 diversas
1691 2378 1934 2418 dividebatur.
1956 2382 2054 2420 Dicit
2076 2383 2171 2422 enim

1179 2429 1312 2466 Paulus
1339 2443 1401 2466 nos
1425 2443 1546 2466 omnes
1574 2444 1686 2468 unum
1715 2446 1788 2469 esse
1817 2433 1852 2470 in
1884 2434 2027 2472 Christo
2045 2466 2054 2484 ,
2085 2436 2168 2486 quia

1184 2482 1291 2519 Unus
1304 2483 1498 2519 Dominus
1521 2491 1589 2528 est,
1607 2492 1644 2520 et
1659 2485 1866 2536 unaszdes.
1892 2487 2068 2525 Unionem
2085 2503 2167 2541 ergo
2181 2496 2367 2534 Epl1es.4.5.

1177 2532 1278 2570 illam
1303 2534 1458 2572 victimae
1483 2534 1740 2574 indivisibilem
1765 2537 1823 2574 lex
1855 2538 1892 2575 in
1920 2539 2061 2579 Christo
2094 2543 2168 2580 fore

1177 2586 1373 2624 necessario
1398 2588 1664 2638 praefigurabat,
1684 2603 1819 2627 necnon
1848 2591 2016 2630 Ecclesiae
2049 2594 2166 2632 unita-

1177 2647 1258 2676 tem.
1295 2640 1335 2676 In
1369 2639 1510 2677 Christo
1544 2640 1667 2691 utique
1694 2651 1726 2680 et
1758 2642 1794 2680 in
1826 2644 1999 2683 sacrificio
2032 2647 2166 2686 Christi

1125 2695 1148 2724 E
1175 2691 1327 2729 salutem
1346 2692 1534 2741 hahemus,
1556 2702 1589 2730 et
1610 2695 1743 2741 onmia,
1766 2710 1845 2746 quae
1872 2707 1951 2735 ante
1971 2698 2165 2738 adventum

1174 2744 1283 2789 fuere,
1295 2755 1328 2783 et
1341 2745 1386 2783 ad
1397 2745 1588 2783 adventum
1600 2758 1795 2799 praeparata
1808 2749 1916 2787 fuisse
1930 2752 2114 2790 novimus:
2131 2764 2164 2792 et

1173 2796 1240 2834 hoc
1260 2812 1372 2836 unum
1392 2799 1436 2836 ab
1457 2799 1559 2836 initio
1580 2799 1625 2836 ad
1655 2801 1805 2839 salutem
1838 2803 1903 2840 toti
1925 2804 2082 2842 humano
2100 2821 2163 2856 ge-

1172 2851 1247 2887 neri
1264 2851 1487 2903 propositum
1514 2852 1633 2900 fuisse,
1652 2854 1752 2903 quasi
1785 2864 1866 2893 ante
1895 2858 2015 2895 oculos
2038 2856 2164 2911 nempe

1171 2903 1354 2941 Christum
1377 2919 1442 2955 pro
1459 2905 1625 2943 omnibus
1647 2906 1838 2945 immolari.
1861 2908 1960 2947 Hanc
1980 2924 2085 2962 porro
2106 2926 2162 2949 sa-

1168 2955 1279 2994 lutem
1294 2957 1356 2994 uni
1378 2957 1544 2995 Ecclesiae
1567 2968 1765 3010 competere
1790 2961 1934 3011 scimus,
1965 2964 2161 3002 neminem-

1167 3022 1236 3058 que
1254 3019 1353 3047 extra
1372 3010 1571 3048 Ecclesiam
1586 3021 1619 3048 et
1636 3011 1743 3049 fidem
1760 3014 1975 3052 catholicam
1988 3030 2089 3068 posse
2104 3019 2161 3055 vel

1167 3062 1300 3100 Christi
1320 3063 1375 3101 vel
1394 3063 1517 3101 salutis
1534 3078 1607 3102 esse
1628 3065 1845 3104 Consortem.
1863 3067 1948 3105 Haec
1967 3082 2048 3105 cum
2069 3069 2159 3106 scia-

1164 3130 1258 3165 mus,
1278 3130 1346 3154 non
1369 3116 1404 3154 in
1427 3117 1619 3168 legalibus,
1634 3118 1746 3156 sedin
1763 3120 1904 3158 Christo
1926 3121 2082 3159 universi
2103 3136 2158 3159 or-

1139 3253 1235 3289 μοῦσα
1251 3253 1288 3286 εἷς
1302 3254 1400 3285 πέντε,
1415 3249 1475 3280 nisi
1487 3250 1529 3281 sit
1542 3249 1699 3281 mendum
1714 3251 1952 3292 imperitissimi
1969 3253 2154 3294 scriptoris,

1139 3299 1227 3342 apud
1253 3312 1350 3344 quem
1380 3300 1498 3344 legitur
1517 3302 1613 3343 pado
1636 3310 1711 3344 post
1732 3309 1891 3347 ,wicum-:03
1913 3315 1973 3345 pro
1991 3310 2151 3350 ρέα-κοντα..

1136 3353 1148 3394 [
1164 3354 1238 3384 Imo
1255 3364 1316 3396 pro
1332 3358 1430 3397 τεμὼν
1447 3359 1480 3388 τὸ
1496 3352 1557 3397 leg.
1580 3352 1897 3398 viclct111··c÷gs.0'·2ro;.l

1815 270 1939 320 quinto
1958 279 2077 310 autem
2097 282 2182 312 tem·
2198 281 2310 308 Masth.
2332 290 2384 310 20.

1199 313 1296 366 poris
1325 316 1438 366 spatio
1461 331 1588 356 verum
1616 319 1751 357 Pascha
1770 320 2035 370 immolabatur,
2056 335 2089 363 et
2122 329 2182 377 qui
2203 331 2229 350 ¹·
2247 332 2311 359 S¹1¹1·
