2481 3678
748 224 791 253 iix*
828 222 1034 254 JOANNEM
1071 222 1228 252 uouit.
1268 221 1374 250 xvii.
1413 206 1471 249 al.
1513 220 1602 248 xxi.
2134 221 2216 248 11]

1236 299 1318 336 ficta
1345 313 1429 337 esse.
1462 299 1552 336 Nam
1581 299 1610 336 si
1641 314 1660 336 a
1691 311 1801 350 puero
1829 299 2000 335 miracula
2026 299 2189 337 edidisset
2210 302 2312 346 ,bonu
2335 302 2421 329 Chri-

143 383 204 413 τηγς
234 365 424 419 ἀρξάμενος
449 364 589 412 ἧλικίας
616 365 886 418 ἐθαυματούργει
900 395 909 412 ,
938 367 999 402 οὐκ
1028 363 1068 400 ἂν
1088 361 1165 400 οὔτε
1237 360 1388 398 Joannes
1410 373 1479 398 non
1498 358 1603 396 illum
1620 357 1867 409 ignoravisset7
1894 372 1956 395 1166
1975 358 2108 409 reliqua
2128 360 2219 396 mul-
2232 348 2308 411 ἱξζᾞ
2347 353 2422 411 pff,

144 426 308 473 Ἰωάννης
321 426 421 464 αὐτὸν
441 425 707 478 ἠγνόησεν,οὐδὲ
721 426 760 464 τὸ
771 426 890 464 λοιπὸν
901 427 1030 471 πλῆθος
1043 422 1164 469 ἐδεήθη
1178 449 1226 473 100
1238 418 1353 457 titudo
1367 434 1456 472 opus
1474 419 1655 457 habuisset
1675 418 1818 457 doctore
1835 418 1895 470 qui
1913 418 2018 456 illum
2035 416 2216 457 indicaret.
2236 426 2330 452 raet-lu
2369 436 2420 463 ιη-

143 486 182 524 ἂν
199 486 409 525 διδασκάλου
423 491 482 525 τοῦ
499 486 754 538 φανερώσοντος
770 485 883 524 αὐτόν.
902 487 972 523 Νῦν
1003 483 1038 521 δὲ
1067 482 1166 525 αὐτός
1191 486 1216 514 Α
1239 481 1344 518 Nune
1364 489 1483 519 autem
1505 480 1578 532 ipsc
1595 481 1643 518 ait
1661 511 1670 529 ‚
1688 494 1723 518 se
1743 479 1820 517 ideo
1840 481 1989 529 venisse,
2016 481 2066 518 Ut
2093 483 2220 517 mani-
2238 472 2366 494 ²¹⁷³¹¹³“³·

143 306 336 356 πλάσματά
351 321 451 343 τινων
468 303 720 355 ἐπεισαγόντων
738 304 842 343 ἐστίν.
865 306 909 343 Εἰ
929 305 997 356 γὰρ
1013 306 1051 342 ἐκ
1066 301 1165 354 πρώ-

142 564 247 599 φησι,
280 546 335 585 διὰ
364 552 464 586 τοῦτο
491 547 784 601 παραγεγονέναι,
802 546 879 584 Ἵνα
912 547 1091 597 φανερωθῇ
1117 545 1167 595 τῷ

142 607 331 660 ’ΊἸσραήλ-
359 607 419 646 καὶ
445 607 502 646 διὰ
533 612 633 646 τοῦτο
663 606 759 659 ἔλεγε
779 606 898 652 πάλιν,
922 603 1018 655 Ἐγὼ
1046 603 1168 656 χρείαν

142 667 213 719 ἔχω
228 669 296 707 ὑπὸ
315 674 375 707 σοῦ
394 671 639 720 βαπτισθῆναι.
659 667 830 720 ”Υστερον
851 665 886 704 δὲ
906 665 965 703 ἅτε
998 665 1170 717 σαφέστε-

145 743 201 780 ρον
220 728 353 779 μαθὼν,
374 736 444 774 τοῖς
469 730 584 782 ὄχλοις
603 727 890 780 αὐτὸν-ἐκήρυττε
909 726 1020 778 λέγων
1033 742 1040 749 ·
1058 720 1170 770 Οὗτος

143 784 184 836 ἦν
208 790 244 828 ὃν
262 784 356 828 εἷπον
369 806 376 813 ·
396 790 508 829 ὀπίσω
528 806 592 841 μου
621 789 760 842 ἔρχεται
781 787 888 840 ἀνὴρ,
916 787 950 832 ὃς
975 787 1168 840 ἔμπροσθέν

146 867 211 901 μου
231 851 380 903 γέγονεν,
399 851 452 889 ὅτι
467 851 527 889 καὶ
545 850 589 890 Ὁ
603 850 746 902 πέμψας
761 865 803 901 με
815 848 992 901 βαπτίζειν
1005 852 1039 887 ἐν
1050 848 1169 896 ὕδατι,

144 912 203 950 καὶ
232 912 289 951 διὰ
311 917 410 951 τοῦτο
438 911 593 963 πέμψας,
612 911 692 949 Ἵνα
712 914 893 963 φανερωθῇ
926 913 976 962 τῷ
1004 909 1168 964 Ἰσραὴλ,

144 974 244 1017 αὐτὸς
269 976 363 1026 αὐτῷ
381 974 441 1012 καὶ
455 973 524 1027 πρὸ
549 976 612 1020 τῆς
639 977 700 1010 τοῦ
716 972 920 1023 Πνεύματος
940 972 1086 1011 καθόδου
1109 975 1169 1011 αὖ-

143 1034 201 1072 τὸν
224 1036 439 1088 ἀπεκάλυψε.
467 1035 531 1074 Διὸ
546 1033 606 1073 καὶ
627 1034 708 1087 πρὶν
721 1033 744 1080 ἢ
760 1033 1018 1087 παραγενέσθαι
1035 1034 1149 1086 ἔλεγεν
1161 1050 1168 1057 ·

143 1096 282 1135 Ὀπίσω
305 1113 369 1148 μου
396 1096 557 1148 ἔρχεται,
585 1096 621 1139 ὃς
652 1095 844 1148 ἔμπροσθέν
863 1112 928 1147 μου
951 1095 1100 1147 γέγονεν.
1117 1098 1170 1134 Οὐ

141 1157 252 1196 τοίνυν
271 1158 346 1208 ᾔδει
365 1158 466 1197 αὐτὸν
480 1159 548 1211 πρὸ
564 1162 622 1196 τοῦ
642 1159 749 1195 ἐλθεῖν
771 1157 827 1195 ἐπὶ
845 1158 902 1195 τὸν
918 1156 1095 1210 Ἰορδάνην
1110 1157 1170 1194 καὶ

142 1218 275 1264 πάντας
296 1219 487 1270 βαπτίζειν,
506 1220 581 1257 ἀλλ’
605 1218 663 1257 ὅτε
684 1218 808 1269 ἔμελλε
827 1219 1073 1269 βαπτίζεσθαι,
1092 1219 1170 1257 τότε

143 1280 245 1318 αὐτὸν
266 1280 353 1332 ἔγνω
371 1296 379 1304 ·
402 1280 461 1318 καὶ
480 1285 590 1318 ταῦτα
618 1283 678 1318 τοῦ
706 1280 846 1332 Πατρος
874 1279 974 1318 αὐτὸν
995 1280 1169 1318 ἀποκαλύ-

143 1343 270 1393 ψαντος
303 1345 352 1394 τῷ
385 1342 567 1395 προφήτῃ,
597 1341 657 1379 καὶ
682 1345 742 1379 τοῦ
764 1339 968 1391 Πνεύματος
1000 1340 1171 1384 δείξαντος

145 1403 397 1454 βαπτιζόμενον
417 1402 612 1450 Ἰουδαίοις,
642 1403 685 1439 δι’
702 1401 759 1445 οὒς
785 1401 844 1438 καὶ
875 1405 897 1447 ἡ
937 1402 1080 1444 κάθοδος
1110 1405 1170 1439 τοῦ

144 1462 349 1514 Πνεύματος
362 1463 514 1515 γέγονεν.
531 1462 608 1501 Ἵνα
626 1462 694 1514 γὰρ
711 1466 732 1508 ἡ
752 1461 915 1500 Ἰωάννου
931 1462 980 1512 μὴ
996 1478 1171 1514 καταφρο-

143 1526 230 1574 νηθῇ
255 1523 428 1576 μαρτυρία
451 1523 611 1574 λέγοντος
626 1553 636 1571 ,
665 1524 718 1561 ὅτι
750 1523 897 1574 Πρῶτός
931 1538 996 1573 μου
1018 1517 1072 1571 ἦν,
1090 1524 1170 1572 καὶ,

143 1585 196 1623 ὅτι
218 1585 279 1623 Ἐν
301 1584 482 1635 Πνεύματι
513 1584 693 1636 βαπτίζει,
715 1584 788 1633 καὶ,
809 1585 862 1624 ὅτι
900 1589 1009 1637 κρινεῖ
1033 1584 1095 1632 τὴν
1118 1588 1174 1624 οἷ-

144 1646 328 1697 κουμένην,
356 1647 416 1684 καὶ
436 1651 454 1685 ὃ
469 1645 598 1699 Πατὴρ
624 1646 740 1698 φωνὴν
770 1647 910 1699 ἀφίησιν
928 1647 1174 1702 ἀνακηρύττων

146 1708 202 1746 τὸν
220 1708 318 1755 Υἱὸν,
344 1707 458 1746 καὶτὸ
481 1709 630 1757 Πνεῦμα
646 1708 772 1756 ἔπεισι,
787 1707 850 1754 τὴν
866 1707 982 1761 φωνὴν
1000 1707 1099 1746 ἕλκον
1117 1708 1174 1747 ἐπὶ

145 1769 208 1815 τὴν
225 1768 378 1820 κεφαλὴν
399 1773 458 1807 τοῦ
480 1770 644 1822 Χριστοῦ.
665 1768 810 1816 Ἐπειδὴ
831 1768 899 1822 γὰρ
915 1772 932 1806 ὂ
948 1768 1009 1819 μὲν
1029 1768 1176 1807 effimi-

146 1833 215 1879 ζεν,
234 1833 251 1868 ὃ
273 1830 309 1869 δὲ
332 1830 536 1875 ἐδαπτίζετο
551 1860 561 1877 ,
582 1829 638 1868 ἵνα
661 1830 710 1881 μή
725 1846 777 1874 τις
800 1833 870 1868 τῶν
897 1830 1079 1883 παρόντων
1098 1833 1179 1884 περὶ

148 1892 311 1931 Ἰωάννου
340 1891 467 1943 νομίσῃ
501 1892 664 1942 λέγεσθαι
689 1893 729 1930 τὸ
761 1892 953 1944 εἰρημένον,
973 1891 1114 1944 ἔρχεται
1139 1892 1178 1930 τὸ

148 1955 294 2004 Πνεῦμα
316 1953 556 2007 διορθούμενον
584 1952 647 1999 τὴν
684 1952 846 1999 τοιαύτην
871 1952 1048 1992 ὑπόνοιαν.
1066 1952 1179 1991 ζΏστε

148 2014 229 2054 ὅταν
247 2014 330 2066 λέγῃ
342 2045 352 2062 ,
369 2017 446 2053 Οὐκ
459 2015 554 2067 ᾔδειν
570 2015 684 2062 αὐτὸν,
698 2014 756 2052 τὸν
773 2013 966 2066 ἔμπροσθεν
984 2014 1077 2067 λέγει
1094 2015 1178 2067 χρό-

149 2090 217 2123 νον,
235 2077 272 2113 οὖ
289 2075 346 2113 τὸν
371 2075 470 2127 ἐγγὺς
488 2081 548 2115 τοῦ
566 2075 822 2127 βαπτίσματος.
853 2075 956 2113 Ἐπεὶ
985 2079 1059 2120 πῶς
1079 2076 1178 2114 αὐτὸν

148 2135 278 2174 ἐκώλυε
302 2135 432 2187 λέγων,
452 2135 547 2187 Ἐγὼ
573 2135 694 2189 χρείαν
716 2135 787 2188 ἔχω
809 2135 876 2174 ὑπὸ
895 2141 956 2175 σοῦ’
977 2139 1176 2187 βαπτισθῆ-

146 2214 203 2236 ναι
218 2215 227 2245 ;
245 2200 319 2242 πῶς
344 2197 453 2236 δὲκαὶ
471 2203 614 2249 τοιαῦτα
645 2199 726 2251 περὶ
752 2200 857 2237 αὐτοῦ
878 2198 996 2250 ἔλεγε;
1015 2200 1098 2243 Πῶς
1119 2192 1176 2237 οὖν

148 2261 208 2298 οὐκ
248 2259 454 2298 ἐπίστευσαν
485 2260 648 2299 Ἰουδαῖοι
665 2290 674 2308 ,
717 2259 842 2312 φησίν,
862 2259 938 2299 οὐδὲ
973 2259 1040 2313 γὰρ
1077 2261 1177 2311 μόνος

149 2319 313 2367 Ἰωάννης
332 2315 401 2359 εἶδε
414 2321 453 2359 τὸ
470 2323 618 2372 Πνεῦμα
636 2324 670 2360 ἐν
687 2321 998 2375 εἴδειπεριστερᾶς.
1019 2320 1036 2342 ¹³
1050 2322 1132 2361 “Ovi
1148 2324 1178 2360 εἰ

149 2382 207 2419 καὶ
227 2376 328 2429 εἶδον,
357 2382 448 2421 ἀλλὰ
476 2382 521 2421 τὰ
549 2387 693 2422 τοιαῦτα
724 2383 800 2435 οὐχὶ
835 2386 903 2421 τῶν
927 2388 986 2422 τοῦ
1016 2383 1178 2435 σώματος

149 2446 337 2495 ὀφθαλμῶν
360 2447 472 2484 δεῖται
498 2445 614 2495 μόνον,
629 2443 720 2483 ἀλλὰ
751 2445 820 2496 πρὸ
839 2444 969 2483 τούτων
998 2447 1061 2491 τῆς
1086 2445 1178 2483 κατὰ

149 2505 302 2543 διάνοιαν
320 2506 449 2557 ὅψε111ς,
470 2505 560 2544 ὥστε
578 2506 626 2556 μὴ
647 2506 841 2557 φαντασίαν
856 2506 1020 2558 περιττὴν
1034 2506 1073 2544 τὸ
1088 2512 1179 2557 πρᾶ-

149 2582 223 2616 γμα
237 2565 389 2616 νομίσαι.
411 2567 482 2605 *Εἰ
500 2569 580 2616 γοῦν
595 2569 923 2618 θαυματουργοῧντα
941 2570 1098 2619 ὁρῶντες,
1119 2566 1179 2604 καὶ

150 2626 345 2678 ἁπτόμενον
368 2634 444 2671 ταῖς
471 2626 614 2669 οἰκείαις
635 2626 736 2679 χερσὶ
763 2630 831 2664 τῶν
855 2627 1088 2674 νενοσηκότων
1120 2627 1179 2665 καὶ

151 2691 218 2725 τῶν
239 2688 466 2735 τεθνηκότων,
483 2688 543 2726 καὶ
561 2687 667 2731 οὕτως
688 2686 808 2731 αὐτοὺς
829 2688 914 2740 πρὸς
931 2687 1022 2733 ζωὴν
1043 2687 1179 2726 ἐπανά-

151 2766 255 2800 γοντα
283 2750 342 2787 καὶ
361 2748 490 2797 ὑγείαν,
510 2753 669 2787 τοσοῦτον
689 2748 833 2799 ἐμέθυον
852 2748 919 2786 ὑπὸ
949 2751 1011 2794 τῆς
1041 2750 1179 2798 βασκα-

152 2811 225 2854 νίας
238 2841 246 2857 ,
261 2810 352 2849 ὥστε
364 2810 502 2848 ἐναντία
516 2816 586 2853 τοῖς
605 2809 792 2862 ὁρωμένοις
815 2809 1084 2861 ἀποφαίνεσθαι·
1105 2812 1178 2851 πῶς

154 2873 192 2910 ἂν
223 2873 293 2911 ἀπὸ
310 2874 372 2918 τῆς
392 2871 642 2923 ἐπιφοιτήσεως
659 2875 718 2908 τοῦ
746 2870 949 2921 Πνεύματος
969 2870 1076 2920 μόνης
1096 2873 1180 2908 οἷπε-

156 2933 344 2986 κρούσαντο
359 2932 422 2979 τὴν
441 2931 625 2978 ἀπιστίαν;
647 2931 750 2975 Τινὲς
764 2932 800 2970 δέ
822 2947 937 2984 φασιν,
961 2931 1036 2970 οὐδὲ
1049 2930 1181 2974 πάντας

157 2994 278 3038 αὐτοὺς
311 2997 514 3041 τεθεᾶσθαι,
543 2994 618 3032 ἀλλ’
645 2993 667 3039 ἢ
703 2993 804 3044 μόνον
827 2993 992 3039 Ἰωάννην
1024 2992 1183 3035 καὶτοὺς

156 3055 470 3107 εὐγνωμονέστερον
493 3054 740 3105 διακειμένους.
773 3056 818 3093 Εἰ
839 3054 906 3107 γὰρ
928 3054 987 3092 καὶ
1008 3057 1183 3101 αἰσθητοῖς

156 3118 344 3167 ὀφθαλμοῖς
364 3115 505 3154 δυνατὸν
524 3111 565 3163 ἦν
587 3117 668 3154 ἰδεῖν
694 3118 740 3158 ὡς
767 3118 800 3154 ἐν
821 3115 903 3153 εἴδει
923 3121 1128 3168 περιστερᾶς
1145 3114 1185 3152 τὸ

158 3178 306 3227 Πνεῦμα
321 3178 456 3216 κατιόν·
471 3180 547 3216 ἀλλ’
569 3177 663 3227 ὅμως
685 3179 722 3216 οὗ
742 3177 799 3215 διὰ
818 3181 918 3215 τοῦτο
936 3181 1034 3214 πᾶσα
1052 3175 1184 3226 ἀνάγκη

160 3244 245 3276 πᾶσι
276 3238 469 3285 κατάδηλον
491 3232 578 3277 εἶναι
594 3238 632 3275 τὸ
652 3244 810 3291 πρᾶγμα.
838 3238 907 3277 Καὶ
936 3237 1003 3289 γὰρ
1029 3237 1086 3275 καὶ
1113 3237 1185 3274 Ζα-

204 3370 213 3383 ³
233 3359 292 3391 Alii
315 3360 435 3403 Ῐσραήλ..
452 3370 512 3397 πῶς
531 3362 576 3393 o‘s)
594 3364 706 3402 ἔλεγεν
727 3366 791 3402 ἐμὲ.

188 3413 203 3434 3·
220 3411 363 3452 Quidam
383 3417 427 3446 ὅτι
446 3418 483 3446 τὰ.
501 3420 635 3447 τοιαῦτα,

1236 545 1446 593 sestaretur
1459 546 1501 580 in
1514 544 1640 582 Israel
1654 561 1669 589 ,-
1690 552 1795 594 atque
1810 543 1890 581 idco
1909 558 2051 582 rursum
2069 543 2222 590 dicebat,

1241 607 1325 657 Ego
1349 619 1372 642 a
1402 614 1438 643 te
1463 607 1582 644 debeo
1606 608 1808 658 baptizari.
1839 605 1990 655 Deinde,
2015 615 2133 658 utpote
2158 606 2220 656 qui

1239 665 1370 704 elarius
1383 665 1599 717 edidicisset⁷
1611 667 1725 705 turbis
1741 667 1860 719 ipsum
1870 665 2078 719 praedicavit
2089 666 2207 704 dicens
2219 683 2224 702 :

1241 730 1318 766 llic
1335 736 1416 767 erat
1428 742 1541 781 quem
1556 729 1638 766 dixi
1649 745 1659 765 :
1675 730 1769 767 Post
1788 743 1846 766 me
1859 730 1967 767 venit
1979 730 2044 766 vir
2055 731 2122 780 qui
2139 738 2228 766 atzle

1251 789 1453 841 mefacms
1465 799 1539 836 est;
1555 788 1726 840 quoniam
1748 790 1823 840 Qui
1838 791 1940 826 misit
1955 803 2014 826 me
2033 791 2229 840 baptizare

1239 851 1280 886 in
1301 863 1417 902 aqua,
1428 850 1574 900 ideoque
1591 864 1648 888 me
1663 850 1772 895 misit,
1789 851 1837 889 Ui
1856 850 2173 904 tizazzffeslarettzr
2189 853 2230 888 in

1241 911 1368 949 Israel
1381 941 1393 961 ,
1417 911 1492 963 ipse
1524 912 1579 949 illi
1606 920 1688 950 ante
1711 911 1919 949 descensum
1938 911 2094 963 Spiritus
2113 912 2232 963 ipsum

1241 971 1424 1011 revelavit.
1445 972 1687 1019 Quamobrem
1714 981 1903 1023 antequam
1929 972 2111 1010 adveniret
2132 972 2228 1010 dice-

1243 1033 1329 1071 bat:
1351 1035 1449 1072 Post
1478 1050 1536 1072 me
1565 1037 1687 1083 venie,
1711 1039 1776 1086 qui
1803 1043 1895 1072 ante
1924 1048 1982 1072 me
2009 1034 2138 1084 sactus
2159 1044 2227 1073 est.

1241 1096 1320 1132 Non
1338 1109 1422 1146 ergo
1442 1104 1588 1135 noverat
1606 1096 1709 1133 illum
1727 1104 1917 1147 antequam
1936 1096 2072 1135 veniret
2091 1095 2137 1134 ad
2155 1098 2233 1136 Jor-

1240 1156 1379 1206 danem‚
1399 1172 1588 1209 omnesque
1618 1157 1813 1210 baptizaret
1831 1173 1839 1194 ε
1861 1157 1920 1196 sed
1942 1157 2084 1209 quando
2112 1159 2230 1211 bapti—

1198 1225 1217 1254 ss
1241 1218 1373 1256 zandus
1391 1228 1476 1268 erat,
1493 1228 1578 1256 tunc
1595 1219 1701 1256 illum
1715 1219 1879 1270 cognovit
1896 1234 1904 1255 :
1921 1219 1997 1271 ipso
2012 1220 2114 1257 Patre
2129 1220 2233 1258 illum

1241 1279 1420 1332 prophetae
1441 1280 1618 1318 revelante
1630 1309 1641 1329 ,
1660 1289 1690 1317 61
1709 1280 1845 1332 Spiritu
1868 1280 1987 1332 ipsum
2005 1280 2093 1318 dum
2110 1281 2231 1334 bapti-

1242 1349 1378 1378 zaretur
1391 1340 1594 1378 ostendente
1615 1343 1635 1380 J
1641 1339 1762 1390 udaeis‚
1781 1354 1935 1391 quorum
1957 1355 2060 1379 causa
2077 1342 2233 1394 Spiritus

1241 1400 1434 1438 descendit.
1465 1401 1609 1438 Etenim
1634 1415 1677 1439 ne
1706 1402 1852 1440 Joannis
1885 1403 2126 1441 testimonium
2146 1419 2229 1442 con-

1241 1471 1455 1499 temneretur
1469 1462 1632 1511 dicentis,
1649 1464 1765 1500 Prior
1783 1476 1842 1499 me
1861 1473 1957 1513 erat,
1973 1474 2018 1512 et,
2034 1465 2075 1501 In
2095 1465 2232 1517 Spiritu
2246 1482 2433 1511 J0a'1.1..';0.

1242 1522 1410 1574 baptizat,
1424 1531 1471 1573 et,
1486 1522 1668 1562 Judicabit
1681 1523 1804 1560 orbem
1816 1538 1827 1572 3
1845 1524 2091 1562 PaterFilium
2106 1526 2234 1577 praedi-
2247 1526 2333 1556 33·οῑ
2348 1524 2377 1554 3·
2389 1533 2394 1551 ¹
2405 1535 2434 1563 7·

1245 1597 1343 1633 cans,
1378 1597 1502 1622 vocem
1528 1583 1679 1621 emittit:
1700 1583 1858 1636 Spiritus
1872 1584 2032 1634 advenit,
2055 1601 2176 1624 vocem
2199 1588 2234 1625 in

1246 1645 1379 1684 Christi
1396 1655 1503 1698 caput
1523 1646 1744 1698 pertrahens.
1767 1645 1862 1693 Quia
1881 1647 1976 1684 enim
1994 1647 2056 1685 illc
2073 1648 2233 1700 baptiza-

1244 1707 1320 1757 bat,
1341 1707 1402 1745 hic
1419 1707 1668 1760 baptizalmtur
1681 1737 1692 1757 ,
1712 1721 1756 1745 116
1776 1708 1858 1759 quis
1879 1722 1924 1746 ex
1944 1710 2179 1760 praesentihus
2195 1711 2236 1748 il-

1244 1767 1309 1805 lud
1332 1767 1376 1806 de
1395 1769 1529 1807 Joanne
1543 1767 1680 1806 dictum
1707 1782 1780 1806 esse
1797 1777 1949 1820 putaret,
1968 1769 2066 1807 venit
2082 1770 2237 1822 Spiritus

1245 1829 1307 1880 qui
1321 1829 1414 1867 hanc
1432 1829 1670 1881 suspicionem
1690 1839 1882 1868 amoveret.
1897 1831 2022 1882 Itaque
2037 1845 2117 1869 cum
2132 1831 2234 1882 dicit,

1246 1891 1474 1929 Nesciebam
1499 1905 1584 1930 eum
1599 1919 1610 1940 ,
1640 1890 1685 1928 de
1706 1891 1884 1943 przrterito
1908 1891 1946 1929 id
1968 1892 2238 1944 intelligendum

1246 1961 1296 1990 est
1315 1961 1487 2004 tempore,
1510 1965 1578 1989 non
1597 1960 1717 1989 autem
1732 1951 1777 1989 de
1790 1965 1830 1989 eo
1847 1951 1942 2003 quod
1962 1952 2141 2004 baptismo
2157 1969 2236 2006 pro-

1247 2013 1388 2051 ximum
1412 2021 1496 2050 erat.
1522 2014 1614 2050 Nam
1645 2026 1716 2062 quo
1744 2021 1849 2064 paeto
1887 2013 2127 2065 prohibuisset
2155 2029 2238 2052 eum

1202 2087 1225 2117 c
1246 2073 1395 2125 dicens,
1427 2076 1514 2127 Ego
1542 2088 1568 2112 ιι
1596 2083 1631 2112 te
1660 2075 1779 2111 debeo
1812 2076 2033 2126 baptizari?
2060 2076 2238 2125 quomodo

1247 2145 1344 2174 tanta
1356 2135 1526 2187 loquutus
1537 2134 1685 2173 fuisset?
1705 2135 1777 2172 Cur
1788 2149 1886 2186 ergo,
1906 2135 2058 2186 inquies,
2074 2150 2143 2174 non
2161 2151 2240 2175 ere-

1245 2196 1415 2235 diderunt
1433 2196 1577 2236 Judaei?
1600 2209 1712 2246 neque
1731 2195 1826 2234 enim
1846 2196 1944 2234 solus
1963 2198 2114 2235 Joannes
2131 2197 2237 2235 Chri-

1248 2267 1343 2296 stum
1361 2257 1499 2297 viderat
1517 2258 1554 2295 in
1572 2257 1746 2295 columbae
1766 2257 1891 2309 speeie.
1915 2257 2010 2304 Quia
2030 2258 2168 2296 etiamsi
2186 2259 2239 2296 illi

1247 2319 1431 2368 viderant,
1451 2328 1486 2356 at
1504 2333 1559 2356 res
1577 2318 1787 2371 hujusmodi
1810 2332 1880 2357 non
1904 2319 2080 2370 corporeis
2101 2328 2238 2357 tantum

1247 2380 1361 2418 oeulis
1381 2394 1470 2432 opus
1491 2380 1635 2428 habent,
1655 2380 1715 2418 sed
1738 2379 1856 2431 potius
1885 2379 2025 2428 mentis,
2050 2393 2093 2416 ne
2120 2380 2235 2418 inanis

1248 2440 1432 2493 phantasia
1461 2454 1535 2478 esse
1553 2449 1752 2492 putaretur.
1778 2440 1870 2476 Nam
1888 2438 1916 2475 si
1944 2438 2116 2477 miracula
2135 2439 2238 2478 eden-

1249 2509 1320 2538 tem
1334 2500 1504 2548 videntes,
1519 2500 1549 2537 si
1572 2499 1736 2536 manibus
1752 2507 1953 2549 tangentem
1968 2512 2114 2551 corpora
2130 2514 2239 2552 aegro-

1250 2575 1329 2598 rum
1353 2570 1386 2598 et
1401 2569 1622 2597 mortuorum
1637 2589 1648 2607 ,
1668 2568 1702 2597 et
1722 2559 1773 2596 sie
1800 2559 1844 2596 ad
1864 2559 1978 2597 vitam
1999 2569 2033 2597 et
2053 2561 2238 2599 sanitatem

1250 2621 1488 2670 reducentem,
1510 2629 1606 2657 tanta
1625 2620 1751 2658 livoris
1769 2620 1937 2658 ebrietate
1957 2621 2051 2672 capti
2066 2631 2179 2671 erant,
2202 2632 2241 2660 ut

1251 2681 1424 2719 contraria
1443 2681 1486 2718 iis
1504 2694 1581 2731 quae
1603 2680 1818 2719 videbantur
1837 2681 2035 2733 proferrent
2055 2698 2062 2718 :
2086 2697 2237 2733 quomo-

1251 2742 1297 2780 do
1313 2756 1358 2779 ex
1376 2741 1450 2779 solo
1467 2741 1626 2793 Spiritus
1650 2741 1807 2780 adventu
1823 2741 2108 2780 incredulitatem
2139 2743 2238 2795 abje-

1252 2804 1411 2842 cissent?
1424 2802 1582 2849 Quidam
1600 2817 1685 2841 vero
1704 2803 1843 2853 dicunt,
1864 2817 1934 2841 non
1957 2817 2078 2842 omnes
2093 2804 2238 2851 vidisse,

1253 2866 1315 2905 sed
1347 2868 1520 2906 Joannem
1554 2875 1693 2904 tantum
1721 2876 1754 2905 et
1783 2881 1840 2905 cos
1870 2867 1932 2917 qui
1967 2867 2095 2906 melius
2127 2868 2242 2907 affecti

1253 2937 1362 2967 erant.
1385 2928 1483 2966 Licet
1510 2927 1604 2966 enim
1634 2942 1737 2966 sensu
1758 2928 1918 2980 praeditis
1944 2929 2057 2967 oculis
2088 2930 2243 2981 Spiritus

1255 2989 1370 3042 specie
1381 2989 1553 3028 columbae
1572 2989 1786 3028 descendens
1802 2989 1923 3028 videre
1940 2999 2080 3042 posset3
2100 3004 2167 3028 non
2186 3005 2242 3029 ne-

1256 3064 1349 3091 cesse
1370 3059 1486 3088 tamen
1520 3059 1594 3088 erat
1619 3064 1694 3088 rem
1715 3064 1789 3089 esse
1815 3050 1981 3089 omnibus
2009 3051 2241 3089 manifestam.

1257 3113 1348 3151 Nam
1377 3121 1411 3150 et
1443 3111 1634 3150 Za‹·l1arias
1660 3112 1771 3150 multa
1802 3112 1957 3150 sensibili
1990 3112 2103 3164 specie
2124 3112 2238 3158 vidit,

1259 3186 1390 3212 necnon
1414 3172 1540 3210 Daniel
1566 3182 1598 3211 et
1628 3172 1814 3222 Ezechiel,
1837 3187 1878 3211 ae
1897 3172 1969 3210 sine
2002 3173 2076 3211 ullo
2098 3173 2245 3212 visionis

1259 3243 1416 3273 consorte
1444 3250 1450 3269 :
1474 3234 1616 3285 Moyses
1647 3247 1788 3285 quoque
1807 3233 1917 3271 multa
1939 3233 2040 3281 vidit,
2069 3242 2101 3271 et
2129 3234 2247 3283 qualia

1285 3357 1299 3372 ⁸*
1319 3357 1366 3397 [εἰ
1382 3362 1438 3399 γάρ
1457 3354 1557 3387 Saxil.
1576 3362 1607 3386 et
1623 3353 1706 3387 (jod.
1726 3355 1801 3395 7⁴·5‚
1822 3360 1845 3388 οἱ.
1863 3360 1917 3398 γάρ
1937 3354 2019 3387 (jort.
2041 3358 2130 3399 lost]
