2507 3673
602 198 644 227 ΙΝ
682 198 891 229 JOANNEM
931 199 1090 228 qulL.
1132 198 1305 228 Lxxxn.

99 281 224 331 νηρῶν.
243 280 311 318 Καὶ
329 278 461 330 μακρὸν
480 279 594 316 αὐτῶν
614 279 843 326 συντίθησιν
828 279 1014 331 εγκώμιον·
1028 281 1128 331 πρῶ-

98 356 168 388 τον,
185 340 238 378 ὅτι
258 343 320 378 οὐκ
336 340 422 378 εἰσιν
443 341 483 378 ἐκ
503 344 562 378 τοῦ
584 342 736 391 κόσμου·
758 346 808 380 εἰτ
796 359 854 387 α,
873 342 927 380 ὅτι
942 342 1044 384 αὐτὸς
1065 342 1128 378 αὐ-

97 400 177 445 τους
208 402 332 448 ἔδωκε,
353 417 411 438 και
439 400 494 439 ὅτι
520 416 577 438 τον
598 402 698 453 >dm
719 405 822 440 αὐτοῦ
851 402 1042 454 ἐτήρησαν,
1069 400 1129 438 καὶ

835 463 960 506 Καθὼς
973 463 1042 511 ἐγὼ
1065 464 1127 501 οὐκ

857 526 909 562 Τὸ
929 523 1017 575 γὰρ,
1053 525 1127 561 Κα-

96 583 184 630 θὼς,
217 586 363 622 ἐνταῦθα
404 587 464 622 οὐκ
497 586 589 623 ἔστιν
623 586 896 638 ἀπαραλλάκτου
934 584 1125 635 ἀκριῦείας,

97 478 148 500 οτι
164 462 220 500 διὰ
239 466 340 500 τοῦτο
357 465 552 512 μισοῦνται.
579 465 620 501 Εἰ
643 464 677 501 δὲ
698 464 813 515 λέγει,

97 523 168 572 εἰμὶ
205 525 243 560 ἐκ
273 526 332 560 τοῦ
366 522 514 574 κόσμου,
538 523 585 574 μὴ
618 525 822 577 θορυὸηθῇς.

96 645 236 697 (Ὠσπερ
255 646 343 697 γὰρ,
363 645 444 683 ὅταν
464 649 517 684 ἐπ’
540 649 643 686 αὐτοῦ
661 648 720 685 καὶ
737 652 796 684 τοῦ
819 647 956 697 Πατρὸς
979 645 1126 696 λέγηται

94 706 134 744 τὸ
146 735 154 751 ,
177 707 301 750 Καθὼς
315 738 323 754 ,
343 707 456 754 πολλὴ
474 711 494 754 P,
514 708 631 754 ἰσότης
647 708 703 745 διὰ
730 708 792 754 τὴν
812 709 874 752 τῆς
891 706 1024 758 φύσεως
1041 722 1123 757 συγ-

93 767 245 818 γένειαν·
267 767 374 811 οὕτως
389 768 470 807 ὅταν
483 771 534 820 ἐφ’
545 771 646 819 ἡμῶν
661 769 720 806 καὶ
737 770 841 805 αὐτοῦ
853 767 1019 818 λέγηται,
1036 766 1124 806 πολὺ

93 827 133 865 τὸ
161 829 264 878 μέσον
282 829 338 867 διὰ
354 830 393 868 τὸ
415 830 473 867 καὶ
491 829 580 867 πολὺ
601 823 688 867 εἶναι
711 830 750 867 τὸ
775 828 880 879 μέσον
900 828 959 865 καὶ
980 828 1124 880 ἄπειρον

94 889 263 941 ἑκατέρας
290 893 352 936 τῆς
370 890 515 942 φύσεως.
533 892 576 928 Εἰ
589 889 656 942 γὰρ
675 890 881 965 ‘A’ootptiw
885 892 947 928 οὐκ
961 890 1123 936 ἐποίησεν

93 948 213 997 αὐτὸς,
235 950 309 988 οὐδὲ
343 950 439 993 δόλος
468 966 519 993 τις
551 955 625 1003 εὗρε
620 951 671 998 θη
699 953 733 988 ἐν
748 968 797 988 τω
820 950 970 1002 στόυατι
996 952 1100 988 αὐτοῦ
1115 979 1124 994 ,

90 1012 165 1052 πῶς
184 1011 333 1048 δύναιντ’
357 1011 396 1048 ἂν
417 1013 448 1048 οἱ
469 1012 657 1050 ἀπόστολοι
682 1016 915 1064 παρισοῦσθαι
935 1014 1048 1064 αὐτῳ,
1077 1014 1124 1053 Τί

91 1073 148 1107 οὖν
166 1072 258 1109 ἐστιν
280 1071 299 1109 0¹
316 1087 434 1123 φησιν,
454 1072 520 1111 Εκ
533 1078 592 1111 τοῦ
609 1073 741 1124 κόσμου
760 1076 823 1111 οὐκ
841 1073 925 1120 εἷσί;
943 1073 1072 1125 Προςὲ
1053 1102 1068 1111 3
1072 1089 1125 1111 τε-

91 1146 147 1182 ρον
164 1134 301 1183 ὁριισιν,
323 1132 421 1170 οὐοὲν
441 1134 554 1172 κοινόν
571 1150 627 1172 τι
617 1150 702 1186 *ρος
715 1151 778 1182 την
793 1151 859 1187 γην
881 1137 974 1173 ἐστιν
995 1137 1123 1183 αὐτοῖς,

90 1193 180 1230 ἀλλὰ
195 1196 263 1230 τῶν
282 1195 435 1245 οὐρανῶν
457 1195 620 1246 γεγόνασι
646 1198 801 1234 πολῖται.
834 1196 903 1234 Καὶ
927 1197 965 1233 ἐκ
991 1195 1122 1234 τούτων

91 1251 125 1290 δὲ
153 1252 215 1299 τὴν
236 1253 375 1304 ἀγάπην
411 1256 514 1292 αὐτοῦ
541 1254 726 1302 δείκνυσιν,
748 1255 829 1293 ὅταν
849 1256 933 1307 πρὸς
956 1255 1014 1293 τὸν
1035 1257 1119 1293 Πα-

88 1312 172 1364 τέρα
193 1313 316 1357 αὐτοὺς
332 1314 546 1366 ἐγκωμιάζῃ,
561 1317 619 1353 καὶ
640 1320 876 1367 παρα-τιθῆται
890 1319 939 1368 τῷ
957 1331 1119 1366 γεγεννη-

89 1373 176 1412 κότι.
207 1374 327 1412 Εἰπὼν
349 1376 404 1422 δὲ,
433 1377 596 1429 Τ·Γ’,ρησον
618 1377 754 1424 αὐτοὺς,
785 1379 822 1415 οὐ
853 1376 932 1428 περὶ
962 1379 1024 1422 τῆς
1049 1380 1118 1414 τῶν

88 1433 254 1471 κινδύνων
274 1436 482 1486 ἀπαλλαγῆς
504 1451 590 1488 φησι
613 1436 731 1486 μόνον,
751 1437 842 1474 ἀλλὰ
869 1436 928 1474 καὶ
955 1436 1035 1487 περὶ
1057 1439 1119 1482 τῆς

87 1495 122 1530 ἐν
154 1493 269 1531 πίστει
296 1498 519 1546 παραμονῆς·
559 1495 610 1533 διὸ
648 1495 707 1532 καὶ
741 1495 936 1547 ἐπήγαγεν·
958 1494 1116 1545 Ἁγίασον

87 1554 212 1598 αὐτοὺς
229 1557 262 1593 ἐν
284 1558 327 1607 τῇ
347 1556 493 1609 ἀληθεία
510 1572 569 1595 σου
582 1573 589 1580 ·
610 1556 725 1608 ἁγίους
743 1557 889 1602 ποίησον
906 1556 962 1594 διὰ
976 1559 1038 1602 τῆς
1056 1561 1117 1594 τοῦ

86 1615 293 1666 Πνεύματος
319 1617 446 1661 δόσεως
465 1618 524 1656 καὶ
544 1621 611 1656 τῶν
631 1621 740 1670 ὀρθῶν
762 1618 959 1670 δογμάτων.
976 1617 1117 1672 εὨσπερ

85 1676 167 1714 ὅταν
183 1677 282 1729 λέγη,
311 1679 464 1731 Καθαροί
484 1681 559 1718 ἕστε
591 1678 646 1717 διὰ
671 1678 729 1717 τὸν
749 1679 864 1731 λόγον,
883 1680 918 1718 ὃν
936 1679 1117 1726 λελάληκα

85 1740 179 1788 ὑμῖν,
197 1739 254 1776 καὶ
275 1745 332 1778 νῦν
351 1741 391 1779 τὸ
408 1740 491 1778 αὐτό
508 1757 590 1792 φησι
606 1757 613 1764 ·
637 1741 835 1779 Παίδευσον
858 1740 999 1788 αὐτοὺς,
1018 1741 1116 1778 δίδα-

86 1797 140 1842 ξον
171 1800 234 1847 τὴν
266 1801 442 1848 ἀλήθειαν.
465 1802 533 1840 Καὶ
561 1800 629 1852 μὴν
653 1806 753 1841 τοῦτο
772 1802 866 1853 λέγει
896 1802 935 1840 τὸ
968 1803 1115 1851 Πνεῦμα

83 1867 207 1900 ποιεῖν.
239 1864 323 1906 Πῶς
349 1857 407 1900 οῦν
429 1863 512 1901 αὐτὸ
534 1863 631 1915 παρὰ
662 1868 721 1902 τοῦ
748 1864 890 1916 Πατρὸς
914 1865 1003 1900 αἰτεῖ
1030 1867 1112 1909 νῦν;

82 1921 159 1960 Ἵνα
177 1923 291 1974 μάθῃς
323 1925 429 1962 πάλιν
448 1924 511 1971 τὴν
539 1924 726 1975 ἰσοτιμίαν.
749 1924 806 1963 Τὰ
836 1924 904 1976 γὰρ
938 1922 1021 1975 ὀρθὰ
1055 1923 1116 1961 δό-

82 1999 202 2034 γματα
237 1985 317 2039 περὶ
338 1988 430 2024 Θεοῦ
460 1985 629 2037 λεγόμενα
669 1986 803 2036 ἁγιάζει
829 1985 890 2032 τὴν
912 1985 1040 2037 ψυχήν.
1070 1986 1113 2023 Εἰ

83 2044 118 2082 δὲ
151 2045 244 2098 λόγῳ
278 2062 381 2099 φησιν
409 2048 631 2098 ἁγιαζεσθαι,
662 2047 710 2098 μὴ
745 2046 940 2098 θαυμάσῃς-
968 2046 1038 2084 Καὶ
1058 2045 1113 2085 ὅτι

81 2121 160 2157 περι
178 2107 214 2144 δο
216 2124 359 2158 γματων
373 2108 490 2159 φησὶν,
510 2109 576 2155 ἔπη
580 2124 705 2160 γαγεν·
731 2107 775 2146 Ὁ
790 2108 923 2160 λόγος
910 2125 927 2146 ο
949 2124 1006 2151 σος
1023 2108 1113 2155 ἀλη-

82 2167 184 2205 θειά
170 2184 263 2206 εστι·
292 2170 466 2217 τουτέστι,
493 2169 588 2209 οὗοὲν
617 2171 740 2222 ψεῦδος
768 2172 802 2207 ἐν
833 2186 950 2221 αυτω,
971 2170 1111 2213 πάντως

82 2227 118 2265 δΞ
147 2230 292 2275 Ξκοηναῑ
307 2231 357 2268 δεῖ
371 2246 486 2269 παντα
515 2231 559 2269 τὰ
578 2230 763 2283 Ξῖρημένα·
784 2247 843 2269 mu
862 2247 915 2269 Οτι
931 2231 1026 2269 0u03v
1047 2247 1111 2269 τυ-
1132 2245 1158 2274 Α

79 2287 181 2326 πικὸν
201 2290 300 2337 δηλοῖ
325 2291 397 2328 πα)
390 2308 443 2336 ιν,
463 2291 539 2331 ουδὲ
559 2292 782 2342 σωματικόν·
804 2291 918 2335 καθως
938 2308 996 2330 και
1013 2293 1111 2329 Παῦ-

78 2349 136 2393 λός
158 2366 243 2402 φησι
267 2353 346 2403 περὶ
366 2356 427 2399 τῆς
442 2353 672 2400 Ἐκκλησίας·
691 2352 743 2390 ὅτι
762 2353 907 2404 ἡγίασεν
929 2353 1039 2399 αὐτὴν
1073 2356 1107 2392 ἐν

81 2411 224 2464 ῥήματι.
245 2407 329 2451 Οἵδε
348 2414 415 2466 γὰρ
434 2415 492 2452 καὶ
512 2418 609 2466 ῥῆμα
627 2417 718 2452 Θεοῦ
739 2415 929 2466 καθαίρειν.
945 2416 1050 2453 Δοκεῖ
1070 2415 1108 2453 δέ

80 2488 140 2522 μοι
159 2474 216 2510 καὶ
236 2473 351 2525 ἕτερον
372 2476 495 2520 δηλοῦν
510 2475 571 2519 τὸ,
592 2474 750 2526 Ἁγίασον
768 2475 908 2523 αὐτοὺς,
927 2477 1029 2513 οἱονεὶ
1046 2477 1106 2522 τὸ,

79 2533 242 2584 ἀφόρισον
261 2534 383 2578 αὐτους
407 2538 456 2572 τῶ
489 2537 580 2587 λόγω
617 2551 676 2572 και
709 2551 758 2572 τι)
793 2551 882 2587 κηρυ
885 2552 1005 2587 γματι
1037 2537 1107 2575 Και

78 2598 178 2632 τοῦτο
197 2595 270 2632 -ι-αλ
275 2611 302 2632 ιν
322 2598 361 2633 ἐκ
378 2599 447 2633 τῶν
465 2595 541 2641 ἑξῆς
558 2597 672 2641 δῆλον.
696 2595 820 2639 Καθως
839 2597 906 2671 γὰρ
930 2598 991 2647 ἔμε
1004 2625 1014 2642 ,
1038 2614 1105 2649 φη-

79 2671 144 2702 σιν,
163 2656 420 2700 ἀπέστειλας
391 2674 420 2695 3.
412 2674 438 2700 ς
464 2658 522 2696 τὸν
547 2657 690 2707 κόσμον,
710 2661 754 2696 κά
756 2674 807 2709 γι)
835 2658 1027 2697 ἀπέστειλα
1044 2675 1105 2697 αυ-

77 2717 156 2762 τούς
169 2734 176 2742 ·
197 2718 323 2770 ὃλέγει
341 2720 400 2757 καὶ
418 2722 557 2763 Παῦλος
569 2748 578 2765 ,
601 2720 756 2770 Θέμενος
774 2722 808 2757 ἓν
824 2723 908 2770 ἡμῖν
926 2720 983 2758 τὸν
1003 2721 1105 2772 λόγον

77 2781 139 2825 τ’ἧς
160 2781 394 2831 καταλλαγῆς.
429 2780 542 2833 εΥπὲρ
565 2775 602 2819 οῦ
636 2781 704 2833 γὰρ
724 2785 741 2819 ὃ
761 2781 911 2833 Χριστὸς
944 2785 1106 2834 ἀφῖκται,

78 2840 164 2892 ὑπὲρ
188 2841 310 2879 τούτου
330 2842 389 2879 καὶ
406 2836 500 2880 οῦτοι
518 2842 582 2889 τὴν
600 2842 804 2893 οἰκουμένην
825 2843 1031 2881 κατέλαὸον.
1053 2844 1105 2882 Τὸ

78 2901 112 2939 δὲ
125 2930 134 2947 ,
155 2901 296 2950 Καθὼς,
323 2903 428 2940 πάλιν
447 2905 594 2942 ἐνταῦθα
610 2905 698 2956 ἃοῦχ
715 2904 915 2955 ὁμοιώσεως
934 2906 988 2943 ἐπ’
1003 2908 1106 2944 αὐτοῦ
1129 2921 1150 2950 Β

76 2963 135 3000 καὶ
162 2967 230 3001 τῶν
248 2963 450 3002 ἀποστόλων
470 2970 594 3003 κεῖται·
615 2969 702 3013 (πῶς
720 2965 787 3018 γὰρ
805 2966 917 3008 ἄλλως
938 2960 978 3012 ἦν
996 2968 1106 3017 ἐγχω-

78 3029 155 3076 ροῦν
177 3024 371 3076 ἀνθρώποις
400 3027 687 3077 ἀποσταλῆναι;>
708 3027 781 3070 ἔθος
799 3026 835 3064 δὲ
863 3029 956 3078 αὐτῷ
985 3027 1044 3064 καὶ
1065 3027 1104 3065 τὸ

77 3085 203 3135 μέλλον
226 3089 272 3129 ὡς
291 3087 429 3137 γεγονὸς
453 3087 578 3138 λέγειν.
609 3088 679 3126 Καὶ
707 3088 791 3139 ὑπὲρ
828 3089 940 3125 αὐτῶν
972 3087 1104 3138 ἁγιάζω

75 3152 243 3201 ἐμαυτὸν,
263 3152 319 3190 ἵνα
337 3146 421 3191 ὦσιν
434 3153 641 3204 ἡγιασμένοι
660 3156 694 3191 ἐν
706 3158 748 3206 τῇ
761 3155 918 3206 ἀληθείᾳ.
937 3154 984 3192 Τί
996 3156 1102 3203 ἐστιν,

75 3217 222 3268 Ἁγιᾶζω
242 3220 408 3269 ἐμαυτόν,
427 3219 622 3272 Προσφέρω
642 3236 695 3259 σοι
716 3221 847 3260 θυσίαν.
865 3223 910 3259 Αἱ
930 3221 966 3259 δὲ
987 3221 1103 3259 θυσίαι

122 3361 134 3375 d
159 3351 272 3385 Morel.
289 3356 342 3395 οὐχ
358 3357 523 3395 ὁμοιώσεώς
539 3360 615 3389 ἐστιν
632 3358 677 3389 ἐπ’
696 3360 798 3389 αὐτοῦ.

1120 2209 1167 2234 4810
1183 2189 1263 2212 sum
1284 2175 1514 2226 οειρι](1ὶι,ιη
1542 2185 1574 2213 et
1601 2176 1733 2213 Paulus
1748 2175 1793 2213 de
1812 2175 1969 2213 Ecclesia
1987 2176 2064 2213 ait:

2097 187 2189 234 555

1344 182 1404 226 al.

1199 286 1233 314 et
1264 276 1361 327 quod
1381 290 1578 314 sermonem
1595 278 1831 328 servaverint,
1848 279 1996 330 ideoque
2022 282 2105 320 odio
2127 283 2189 321 ha*

1199 337 1363 374 beantur.
1383 336 1492 384 Quod
1522 337 1551 374 si
1575 337 1687 385 dicat,
1716 338 1822 376 Sicut
1841 353 1908 391 ego
1938 355 2014 378 non
2041 357 2125 380 sum
2145 345 2193 381 de

1199 398 1355 443 mundo,
1380 411 1423 434 ne
1456 397 1626 436 turberis.
1648 398 1744 436 lllud
1764 399 1873 449 enim,
1895 401 2014 448 Sicut,
2044 403 2103 440 hic
2122 418 2191 441 non

1197 472 1238 495 ιιι
1241 467 1400 496 efflatam
1419 458 1562 496 denotat
1581 459 1833 510 aqualilatem.
1854 463 1903 499 L't
1929 462 2022 499 enim
2049 476 2129 500 cum
2149 464 2194 501 de

1199 516 1275 568 ipso
1295 526 1328 554 et
1361 517 1406 555 de
1427 519 1531 556 Pane
1551 518 1659 568 illud,
1690 520 1810 566 Sicut,
1844 519 1989 569 dicitur,
2008 522 2121 559 multa
2147 524 2193 560 ob

1198 587 1334 616 nanu-ze
1373 579 1618 631 cognationem
1649 549 1835 619 indicatur
1870 583 2056 632 aequalitas
2093 598 2101 619 :
2143 583 2194 621 sic

1198 653 1279 677 cum
1303 640 1376 678 de
1367 655 1444 693 ipso
1465 650 1497 679 ct
1516 641 1560 679 de
1579 642 1681 680 nobis
1702 642 1848 693 dicitur,
1873 644 1985 682 multa
2011 644 2192 695 significa-
2260 661 2394 698 AEquali-

1198 710 1256 738 tur
1275 701 1463 740 diversitas
1484 703 1530 740 ob
1557 717 1727 754 magnum
1743 713 1776 742 et
1794 705 1976 743 infinitum
1999 705 2190 743 discrimen
2206 709 2245 731 ¹²³³
2259 714 2394 740 P⁶f⁵⁰¹¹s1=

1197 761 1289 800 inim
1303 773 1492 814 utramque
1518 766 1813 803 natu1a1n.Nam
1838 767 1867 803 si
1884 769 2095 804 Peccatum
2114 782 2190 805 non
2205 745 2395 813 anssllf’iatris

1185 825 1304 877 fecit,
1324 840 1446 878 neque
1467 827 1579 864 dolus
1593 829 1772 866 inventus
1789 831 1897 866 estin
1911 842 1974 866 ore
1987 831 2082 881 ejus,
2105 844 2192 880 quo·
2207 825 2346 896 ls1111).53.
2361 836 2392 865 9·

1198 886 1304 924 modo
1330 888 1466 939 possint
1489 888 1641 940 apostoli
1660 889 1714 926 illi
1735 890 1967 942 comparari?
1988 890 2089 936 Quid
2109 906 2191 943 ergo
2206 876 2256 937 22,
2282 873 2339 897 etr
2362 877 2391 897 ²

1150 960 1172 988 D
1198 945 1268 984 sibi
1286 962 1306 986 x
1313 949 1378 997 ult,
1398 950 1460 987 De
1474 951 1618 987 mundo
1633 963 1711 987 non
1730 959 1842 988 sunt.
1838 955 1852 978 ³
1880 950 1935 988 Ad
1957 950 2059 988 aliud
2080 953 2192 1004 respi-

1198 1008 1308 1057 ciunt,
1329 1010 1421 1048 nihil
1441 1025 1523 1048 cum
1542 1020 1634 1049 terra
1659 1025 1845 1049 commune
1873 1012 2017 1058 habent,
2037 1013 2097 1050 sed
2126 1028 2193 1051 cae-

1196 1069 1313 1108 lorum
1341 1072 1424 1109 facti
1446 1081 1528 1110 sunt
1564 1073 1675 1111 cives.
1696 1073 1761 1110 His
1783 1087 1868 1112 vero
1897 1088 2056 1112 amorem
2087 1089 2193 1113 suum

1196 1132 1363 1183 offendit,
1380 1148 1461 1171 cum
1480 1134 1580 1186 apud
1602 1135 1744 1172 Patrem
1761 1135 1884 1172 laudat
1908 1136 2002 1184 illos,
2025 1146 2060 1173 et
2081 1137 2192 1175 Geni-

1194 1193 1263 1230 tori
1295 1194 1531 1232 commendat.
1568 1196 1660 1233 Cum
1694 1196 1789 1233 dixit
1809 1205 1939 1243 autem,
1972 1198 2091 1235 Serva
2110 1212 2186 1244 eos,

1193 1267 1262 1291 non
1293 1255 1410 1292 solum
1432 1265 1533 1307 rogat
1565 1266 1605 1294 ut
1638 1271 1657 1293 a
1685 1257 1854 1308 periculis
1875 1258 1957 1295 illos
1985 1268 2084 1296 eruat
2101 1275 2110 1307 3
2129 1259 2191 1297 sed

1192 1315 1313 1364 etiam,
1346 1325 1383 1353 ut
1418 1317 1454 1354 in
1489 1316 1561 1354 fide
1594 1327 1824 1368 permaneant
1855 1333 1862 1353 t
1903 1318 1985 1355 ideo
2027 1319 2187 1367 addidit,

1192 1377 1252 1412 17.
1270 1377 1483 1429 Sanctifica
1497 1393 1559 1416 eos
1571 1382 1612 1415 in
1628 1382 1798 1416 veritate
1817 1389 1902 1423 tzca‚·
1919 1390 2058 1418 sanctos
2075 1381 2187 1420 redde

1189 1450 1254 1488 per
1271 1437 1407 1475 donum
1423 1438 1579 1489 Spiritus
1595 1448 1629 1476 ct
1646 1454 1710 1491 per
1728 1450 1823 1477 recta
1843 1440 2028 1492 dogm3m3
2050 1452 2088 1480 ut
2105 1458 2186 1481 cum

1190 1498 1291 1546 dicit,
1307 1501 1450 1536 Mundi
1469 1503 1558 1538 estis
1567 1509 1724 1552 propter
1742 1515 1969 1548 sermonem,
1993 1517 2107 1555 quem
2128 1505 2184 1542 Ζο-
2199 1521 2288 1549 Joan.
2304 1519 2386 1551 ,5,3,

1190 1568 1330 1611 quietus
1351 1574 1437 1598 sum
1458 1562 1588 1606 vobis,·
1615 1561 1776 1613 idipsum
1804 1576 1898 1599 nunc
1918 1562 1968 1600 ait
1995 1579 2002 1600 :
2033 1564 2186 1602 Institue

1446 198 1602 228 LXXX!-

1139 1628 1162 1658 E
1190 1619 1283 1670 illos,
1305 1620 1393 1659 doce
1412 1621 1612 1659 veritatem.
1645 1622 1754 1673 Atqui
1775 1622 1843 1660 hoc
1863 1623 2042 1677 Spiritum
2071 1625 2186 1663 facere

1188 1682 1289 1721 dicit.
1315 1683 1388 1720 Cur
1403 1693 1523 1721 autem
1543 1683 1635 1721 illud
1655 1699 1674 1722 a
1695 1685 1799 1722 Patre
1817 1699 1912 1722 nunc
1932 1686 2115 1737 postulat?
2133 1689 2185 1725 Ut

1189 1759 1331 1783 rursum
1349 1746 1587 1796 aequalitatem
1603 1746 1732 1784 discas.
1750 1747 1858 1784 Recta
1882 1747 2016 1800 quippe
2042 1748 2087 1785 de
2106 1750 2184 1787 Deo

1188 1806 1355 1859 dogmata
1386 1808 1544 1846 animam
1572 1809 1807 1846 sanctificant.
1846 1809 1884 1846 Si
1916 1818 2035 1847 autem
2075 1811 2184 1849 verbo

1187 1869 1402 1907 sanctificari
1432 1869 1533 1917 dicit,
1566 1883 1610 1907 ne
1637 1869 1791 1907 mireris.
1813 1869 1920 1916 Quod
1942 1884 2025 1908 vcro
2045 1870 2090 1908 de
2122 1871 2185 1909 do-

1186 1930 1300 1967 ctrina
1322 1930 1502 1981 loquatur,
1528 1930 1585 1968 his
1615 1930 1733 1970 verbis
1766 1931 1910 1969 innuit:
1933 1932 2064 1970 Sermo
2097 1941 2183 1971 tuus

1183 1993 1331 2028 veritas
1374 2000 1448 2039 esl;
1470 1991 1538 2029 hoc
1569 2000 1634 2040 est,
1661 1991 1762 2029 Nihil
1795 1991 1971 2030 mendacii
2004 1992 2040 2030 in
2075 1993 2179 2044 ip503

1183 2053 1327 2091 omnino
1358 2054 1492 2105 quippe
1519 2062 1655 2105 oportet
1675 2053 1793 2090 omnia
1812 2053 1907 2091 dicta
1928 2055 2002 2105 ejus
2023 2055 2177 2103 evenire;

1182 2122 1216 2151 et
1234 2113 1330 2165 quod
1350 2114 1440 2151 nihil
1464 2114 1658 2166 figuratum
1690 2114 1748 2152 vel
1770 2128 1995 2166 corporeum,
2018 2115 2068 2152 sic
2099 2130 2178 2153 rur-

2087 2177 2176 2214 San-
2189 2186 2235 2223 ΕΙ
2229 2186 2299 2215 hes.
2315 2187 2346 2218 5.

1182 2238 1354 2277 ctificavit
1376 2252 1454 2277 eam
1481 2238 1517 2276 in
1536 2238 1668 2276 veihis.
1698 2238 1795 2276 Solet
1811 2238 1905 2275 enim
1924 2238 2077 2276 veibum
2107 2239 2175 2276 Dei
2191 2226 2243 2256 26

1180 2314 1346 2352 purgaie.
1379 2299 1536 2339 Videtur
1569 2309 1686 2338 autem
1721 2300 1811 2337 mihi
1831 2299 1939 2350 illud,
1960 2301 2174 2353 Sanctifica

1180 2375 1254 2409 eos,
1285 2361 1385 2399 aliud
1414 2375 1559 2412 quoque
1593 2361 1811 2412 significare3
1844 2375 1983 2412 nempe,
2018 2363 2173 2413 Segrega

1179 2436 1237 2459 eos
1249 2423 1358 2460 verbo
1373 2432 1405 2460 et
1419 2422 1661 2474 praedicationi
1675 2440 1684 2469 ;
1707 2421 1803 2472 quod
1822 2422 1940 2473 ipsum
1960 2436 2005 2459 ex
2019 2437 2168 2473 sequen-

1180 2483 1274 2521 tibus
1292 2484 1413 2534 liquet.
1436 2483 1498 2521 18.
1521 2484 1625 2521 Sicut
1646 2485 1748 2520 enim
1777 2496 1850 2528 me,
1873 2481 2001 2532 inquit,
2031 2486 2172 2522 misisti

1179 2548 1221 2582 in
1240 2546 1440 2590 mundum,
1464 2553 1501 2582 et
1531 2557 1598 2595 ego
1634 2546 1721 2581 misi
1740 2557 1815 2581 eos.
1839 2542 1948 2589 Quod
1976 2552 2010 2580 et
2037 2545 2170 2583 Paulus

1177 2605 1277 2654 dicit,
1291 2607 1446 2643 Ponens
1463 2607 1504 2642 in
1525 2606 1634 2642 nobis
1651 2606 1810 2641 verbum
1824 2605 2168 2644 reconciliationis.
2184 2632 2215 2651 2,
2235 2624 2304 2653 Cor.
2320 2625 2352 2654 5,

1179 2668 1248 2704 Pro
1273 2681 1343 2716 quo
1372 2666 1466 2703 enim
1490 2665 1652 2702 Christus
1680 2665 1790 2714 abiit,
1811 2679 1875 2717 pro
1898 2665 1965 2702 hoc
1986 2665 2025 2702 hi
2048 2666 2171 2705 orbem
2189 2674 2237 2705 ι9·

1178 2727 1529 2780 comprehenderunt.
1554 2726 1651 2764 Illud
1671 2740 1768 2775 vero,
1790 2727 1910 2777 Sicut,
1943 2741 2013 2765 non
2042 2727 2171 2766 simili-

1178 2789 1313 2827 tudinis
1343 2798 1393 2826 est
1425 2789 1516 2826 inter
1544 2788 1662 2840 ipsum
1685 2797 1718 2825 et
1737 2789 1914 2840 apostolos
1933 2804 1940 2825 :
1962 2790 2171 2839 (quomodo

1177 2850 1271 2888 enim
1289 2850 1391 2887 aliter
1409 2849 1569 2887 homines
1594 2849 1688 2887 mitti
1707 2859 1867 2901 poterant
1881 2850 1922 2898 .⁰)
1944 2849 2004 2887 sed
2024 2865 2100 2888 mos
2119 2861 2171 2889 est

1177 2912 1207 2949 ei
1226 2911 1270 2949 de
1285 2912 1406 2948 futuro
1434 2920 1473 2948 ut
1488 2910 1534 2948 de
1548 2911 1726 2963 praeterito
1748 2911 1862 2961 loqui.
1880 2912 1942 2948 79.
1962 2913 2017 2948 Et
2030 2925 2102 2962 pro
2116 2915 2170 2950 eis

1176 2973 1378 3025 sanctifico
1395 2975 1592 3024 meipsum,
1617 2981 1659 3010 ut
1673 2974 1750 3010 sint
1761 2975 1888 3010 sancti
1906 2975 2000 3009 zcati
2014 2975 2054 3009 in
2066 2976 2167 3010 veri-

1175 3042 1264 3071 tate.
1283 3033 1379 3079 Quid
1401 3042 1463 3081 est‚
1480 3033 1689 3086 Sanctifico
1721 3036 1907 3085 meipsum
1923 3038 1939 3070 Ρ
1955 3034 2078 3071 Offero
2100 3034 2165 3070 tibi

1173 3097 1400 3135 sacrificium.
1426 3096 1608 3134 Sacrificia
1627 3111 1712 3134 vero
1742 3096 1875 3145 omnia,
1898 3105 2018 3133 sancta
2038 3095 2166 3133 dicun-

1172 3168 1242 3207 tur,
1258 3168 1292 3196 et
1324 3158 1466 3210 proprie
1485 3166 1602 3195 sancta
1627 3172 1705 3208 quae
1737 3158 1812 3195 Deo
1848 3166 2050 3195 consecrata
2070 3165 2164 3193 sunt.

1172 3222 1263 3259 Cum
1298 3220 1393 3259 enim
1429 3219 1516 3259 olim
1552 3219 1589 3258 in
1612 3220 1727 3271 figura
1748 3218 1981 3257 sanctificatio
2003 3227 2090 3256 esset
2128 3217 2162 3253 in
