2507 3673
736 220 881 250 SERMO
920 221 975 249 DE
1011 213 1449 251 PSEUDOPROPHOES,
1489 212 1590 242 ETC.

140 322 211 353 σον,
227 304 363 355 μήποτε
391 303 474 355 ἔχῃς
499 302 625 353 ἔχθραν
660 301 749 338 κατὰ
773 302 884 347 τινὸς,
903 301 961 338 καὶ
983 303 1000 337 6
1031 296 1158 339 σκοπός

140 374 200 397 σου
220 357 294 408 ἅμα
308 358 355 399 εἷς
378 355 474 393 κενὸν
490 355 634 404 γένηται
650 370 656 377 ·
673 353 764 392 ἀλλὰ
782 353 895 396 καθὼς
922 346 1014 390 εἶπεν
1029 353 1046 388 ὁ
1068 349 1159 388 ἀπό-

140 412 259 453 στολος
279 410 437 455 Παῦλος,
458 405 559 444 Μετὰ
574 406 680 459 φόὸου
704 406 764 444 καὶ
790 406 918 457 τρόμου
938 404 1001 450 τὴν
1028 403 1158 441 ἑαυτῶν

141 461 314 514 σωτηρίαν
335 460 582 512 ἐργαζόμενοι,
605 459 663 496 καὶ
690 462 874 510 τηροῦντες
894 456 958 502 τὴν
989 460 1049 494 τοῦ
1078 455 1162 505 Χρι-

141 518 221 554 στοῦ
243 513 383 560 ἐντολὴν
403 513 467 558 τὴν
482 512 650 563 λέγουσαν
665 528 672 535 ·
694 511 777 549 Ἐὰν
800 513 909 562 ἀφῆτε
927 514 998 551 τοῖς
1027 504 1162 558 ἀνθρώ-

141 583 218 610 ποις
233 566 276 603 τὰ
297 564 569 616 παραπτώματα
590 567 717 609 αὐτῶν,
750 563 878 615 ἀφήσει
904 560 963 598 καὶ
993 563 1010 598 6
1036 556 1163 613 Πατὲρ

142 622 238 670 ὑμῶν
258 622 276 657 6
295 618 449 671 οὐράνιος
478 617 523 656 τὰ
556 615 828 670 παραπτώματα
853 615 961 663 ὑμῶν.
989 611 1075 649 Ἐὰν
1106 615 1164 648 οὖν

143 671 322 724 προσεύχῃ
336 674 385 723 τῷ
397 673 479 723 Θεῷ
498 671 532 707 ἐν
555 670 618 721 ὅλῃ
632 669 774 720 καρδίᾳ,
787 667 846 705 καὶ
863 667 900 703 οὐ
916 663 1092 716 χλευάζων
1107 663 1167 702 καὶ

146 724 454 777 μετεωριζόμενος,
471 723 620 774 τήρησον
649 722 752 758 αὐτοῦ
777 719 840 765 τὴν
855 717 996 763 ἐντολὴν
1025 716 1168 764 ταύτην,

149 778 209 816 καὶ
223 777 323 828 ἄφες,
342 776 420 814 εἴτι
447 775 538 826 ἔχεις
557 773 649 812 κατὰ
666 772 767 815 τινός.
783 770 908 809 Βούλει
928 770 1097 822 ἀφεθῆναί
1115 784 1169 808 σοι

146 830 190 868 τὰ
211 829 283 867 ἴδια
304 828 598 880 παραπτώματα;
615 825 715 876 Ἄφες
728 825 787 862 καὶ
807 823 847 862 σὺ
864 823 908 861 τὰ
929 826 988 860 τοῦ
1004 822 1166 869 πλησίον.

148 882 234 921 Ἐὰν
250 882 285 919 δὲ
305 880 346 918 σὺ
365 883 427 918 οὐκ
442 879 544 931 ἀφίης
559 878 604 916 τὰ
621 881 681 915 τοῦ
718 878 864 932 ἀδελφυοῦ
877 892 927 915 πα
953 875 1150 925 απτώματα
1161 905 1170 922 ,

148 934 225 973 οὐδὲ
244 934 288 971 τὰ
311 933 356 970 σὰ
383 932 510 984 ἀφήσει
537 935 554 969 6
579 930 781 977 Δεσπότης·
802 934 877 967 εἷπε
905 945 993 982 γαρ,
1013 928 1066 967 ὅτι
1085 927 1171 966 Ἐὰν

150 987 198 1038 μὴ
220 986 378 1038 ἀφήσητε
390 990 462 1027 τοῖς
481 983 674 1036 ἀνθρώποις
692 982 736 1021 τὰ
750 982 1026 1036 παραπτώματα
1047 983 1174 1028 αὐτῶν,

150 1038 259 1078 οὗδὲὸ
278 1037 405 1088 Πατὴρ
425 1039 522 1087 ὑμῶν
554 1039 571 1074 6
599 1036 756 1090 οὐράνιος
782 1034 910 1087 ἀφήσει
937 1034 981 1073 τὰ
1012 1034 1175 1085 ὑμέτερα.

149 1092 221 1131 Καὶ
242 1090 384 1141 οἴδαμεν
411 1089 558 1134 πάντες,
587 1089 641 1128 ὅτι
672 1091 709 1127 οὐ
731 1088 911 1140 ψεύδεται·
938 1086 1090 1139 ἀψευδὴς
1109 1086 1177 1138 γάρ

151 1146 243 1190 ἐστι,
260 1143 320 1181 καὶ
338 1142 459 1185 πιστὸς
478 1145 511 1180 ἐν
534 1148 622 1180 πᾶσι
639 1147 709 1185 τοῖς
729 1142 842 1192 λόγοις
862 1141 978 1178 αὐτοῦ.
1001 1140 1102 1178 Γίνου
1120 1134 1177 1178 οὖν

153 1195 585 1248 ἕτοιμος,προσδεχόμενος
598 1197 675 1232 καθ’
694 1194 846 1240 ἑκάστην
858 1193 993 1245 ἡμέραν
1003 1193 1059 1231 τὸν
1080 1195 1180 1230 ἀπαι-

153 1254 282 1288 τοῦντα
301 1249 364 1295 τὴν
384 1248 499 1300 ψυχήν
522 1262 594 1285 σου.
612 1246 673 1293 Μὴ
694 1248 846 1298 σήμερον
870 1246 1103 1297 μετανοήσῃς,
1122 1245 1182 1282 καὶ

156 1302 272 1356 αὔριον
312 1301 483 1350 ἐπιλάθῃ·
507 1299 556 1349 μὴ
585 1299 737 1352 σήμερον
763 1299 939 1349 κλαύσῃς,
970 1298 1029 1336 καὶ
1064 1297 1180 1350 αὔριον

156 1354 347 1407 χορεύσῃς·
381 1353 429 1403 μὴ
467 1353 617 1403 σήμερον
650 1352 861 1403 νηστεύσῃς,
890 1351 950 1389 καὶ
980 1350 1096 1404 αὔριον
1125 1366 1185 1402 με·

158 1407 247 1445 θύων
267 1408 439 1460 προέλΟῃς
452 1435 461 1452 ,
481 1403 748 1457 περιφερόμενος
774 1404 841 1442 ὑπὸ
858 1405 996 1441 πολλῶν
1013 1419 1021 1426 ·
1042 1403 1090 1454 μὴ
1117 1404 1185 1450 σή-

158 1475 261 1512 μερον
292 1457 539 1510 ἀγρυπνήσῃς,
556 1457 616 1494 καὶ
645 1456 763 1510 αὔριον
792 1455 969 1507 ἀναπέσης
984 1471 991 1479 ·
1013 1457 1103 1494 ἀλλὰ
1122 1455 1184 1502 τὴν

157 1510 333 1566 σωτηρίαν
364 1527 424 1549 σου
461 1509 688 1562 μερίμνησον,
707 1509 764 1547 ἵνα
793 1511 1026 1561 στεφανωθῇς.
1043 1509 1104 1554 Μὴ
1135 1523 1187 1546 νο·

158 1564 279 1616 θεύσῃς
296 1563 359 1611 τὴν
380 1562 520 1615 ἀρετὴν,
542 1562 590 1612 μὴ
622 1561 814 1614 περιφύγῃς
832 1562 891 1600 τὸν
911 1561 1030 1607 κόπον,
1051 1560 1107 1599 ἵνα
1138 1561 1186 1612 μὴ

159 1620 328 1669 στερηθῇς
350 1618 419 1653 τῶν
441 1615 630 1668 στεφάνων.
646 1614 808 1660 Μίσησον
840 1620 956 1653 πᾶσαν
986 1614 1100 1666 χαρὰν
1127 1618 1187 1652 τοῦ

159 1670 290 1721 κόσμου
312 1668 432 1707 τούτου
446 1697 456 1714 ,
476 1668 536 1706 καὶ
564 1667 626 1714 τὴν
650 1667 749 1711 δόξαν
772 1669 875 1705 αὐτοῦ
889 1683 897 1690 ·
924 1666 983 1704 καὶ
1003 1668 1077 1705 εἰπὲ
1100 1666 1190 1717 μετὰ

158 1727 217 1761 τοῦ
249 1721 379 1760 Δαυὶδ·
402 1720 554 1759 Ἀδικίαν
585 1720 738 1771 ἐμίσησα
770 1720 830 1758 καὶ
858 1719 1107 1771 ἐὸδελυξοίμην,
1131 1719 1188 1757 τὸν

162 1775 197 1814 δὲ
212 1775 316 1826 νόμον
334 1790 392 1812 σου
413 1772 603 1824 ἠγάπησα·
618 1772 677 1811 καὶ
694 1802 703 1818 ,
718 1772 785 1810 Ἐκ
803 1773 919 1820 πάσης
940 1774 1017 1811 ὁδοῦ
1036 1779 1191 1824 πονηρᾶς

161 1828 321 1866 ἐκώλυσα
338 1826 416 1869 τοὺς
434 1825 542 1870 πόδας
563 1841 640 1876 μου.
660 1824 802 1876 Ὤμοσα
816 1826 875 1863 καὶ
895 1825 1026 1872 ἔστησα
1051 1829 1110 1862 τοῦ
1131 1841 1190 1877 φυ-

160 1881 341 1934 λάξασθαι
359 1879 421 1922 τὰς
451 1877 590 1922 ἐντολάς
619 1894 692 1917 σου.
727 1877 929 1917 Σπούδασον
961 1873 1018 1916 οῧν
1041 1878 1189 1916 πάντοτε

162 1934 299 1984 ἕτοιμος
311 1936 411 1980 εἶναι,
422 1930 479 1968 ἵνα
491 1930 571 1968 ὅταν
587 1930 670 1981 ἔλθῃ
685 1934 702 1968 6
714 1933 871 1968 ἀπαιτῶν
886 1930 948 1977 τὴν
962 1930 1094 1983 ψυχὴν,
1107 1930 1142 1968 εὔ
1150 1947 1189 1983 ρη

163 2003 201 2025 σε
219 1986 357 2036 ἕτοιμον
374 1987 408 2022 ἐν
429 1987 472 2035 τῆ
491 1983 673 2035 μετανοίᾳ·
689 1982 787 2035 κάγὼ
803 1984 983 2035 ἐγγυῶμαί
997 1976 1068 2032 σοι,
1080 1982 1132 2020 ὅτι
1154 1986 1191 2020 οὐ

164 2040 212 2090 μή
233 2055 270 2077 σε
290 2037 427 2090 χωρίσῃ
450 2039 517 2074 τῶν
540 2035 760 2086 σωζομένων.
780 2036 945 2089 Τήρησον
975 2037 1028 2074 ἀεὶ
1049 2035 1113 2082 τὴν
1132 2041 1192 2074 τοῦ

164 2091 294 2143 Κυρίου
324 2090 488 2138 ἐντολὴν,
516 2090 574 2136 τὸ,
604 2091 814 2141 Γρηγορεῖτε
846 2089 906 2126 καὶ
938 2088 1172 2141 προσεύχεσθε
1182 2119 1192 2136 ,

164 2144 221 2182 ἵνα
251 2143 300 2194 μὴ
333 2142 511 2188 εἷο-ἔλθητε
539 2144 600 2196 εἷςω
616 2140 824 2194 πειρασμόν.
854 2141 925 2179 Καὶ
946 2143 1051 2179 πάλιν
1079 2134 1192 2193 λέγει·

165 2197 310 2235 Γένεσθε
330 2195 483 2245 ἕτοιμοι,
504 2194 600 2246 ὅτιῂ
634 2194 710 2247 ὥρα
739 2196 776 2232 οὖ
811 2196 961 2241 δοκεῖτε,
977 2198 995 2233 6
1021 2195 1105 2237 Υἱὸς
1133 2197 1193 2232 τοῦ

166 2248 348 2301 ἀνθρώπου
377 2247 529 2300 ἔρχεται.
561 2246 726 2286 Ἄκουσον
748 2246 886 2285 καὶτοῦ
918 2246 1112 2285 ἀποστόλου
1132 2246 1195 2285 λε’-

166 2317 303 2354 γοντος,
324 2300 571 2344 Ἀδιαλείπτως
588 2299 837 2354 προσεύχεσθε.
856 2301 979 2338 Νοεῖτε
997 2299 1031 2338 τί
1049 2303 1123 2338 ἐστι
1139 2300 1195 2346 τὸ,

166 2353 434 2397 Ἀδιαλείπτως·
467 2352 648 2401 τουτέστι,
664 2353 840 2400 πάντοτε,
871 2355 905 2391 ἐν
933 2351 1040 2391 παντὶ
1067 2355 1197 2404 καιρῷ,

168 2407 228 2445 καὶ
247 2409 279 2445 ἐν
300 2406 396 2444 νυκτὶ
412 2406 472 2443 καὶ
492 2407 526 2443 ἐν
545 2406 680 2459 ἡμέρα,
700 2405 760 2443 καὶ
782 2404 930 2458 ἑσπέρας
950 2406 1009 2443 καὶ
1026 2405 1120 2458 πρωῒ
1139 2404 1198 2442 καὶ

171 2458 409 2511 μεσημὸρίας,
426 2458 486 2495 καὶ
504 2458 596 2496 κατὰ
614 2464 731 2495 πᾶσαν
751 2456 859 2509 ὥραν,
886 2458 946 2495 καὶ
972 2458 1199 2510 ἐργαζόμενος

172 2511 231 2549 καὶ
267 2510 407 2557 ὁδεύων,
435 2510 495 2547 καὶ
525 2509 720 2561 ποιμαίνων
742 2510 802 2547 καὶ
834 2511 1017 2562 ἀροτριῶν,
1036 2511 1095 2549 καὶ
1121 2525 1199 2547 κοι-

176 2563 334 2613 μώμενος
354 2563 414 2600 καὶ
442 2562 680 2612 ἀνιστάμενος.
705 2561 767 2608 Μὴ
796 2563 986 2612 ἀναμείνῃς
1016 2561 1199 2614 κυριακὴν,

176 2616 197 2661 ἢ
219 2615 354 2667 ἑορτὴν,
380 2613 402 2659 ἢ
422 2613 530 2652 τόπου
562 2613 741 2667 διαφοράν.
771 2615 824 2652 Οὐ
849 2615 916 2665 γὰρ
934 2616 968 2651 ἐν
989 2615 1085 2652 τόπω
1104 2630 1202 2666 περι-

177 2668 346 2720 γράφεται
372 2667 410 2704 τὸ
444 2670 532 2704 Θεῖον
546 2682 553 2690 ·
572 2667 634 2704 Ἔν
655 2666 722 2718 γὰρ
755 2666 848 2719 χειρὶ
870 2668 974 2704 αὐτοῦ
993 2667 1036 2705 τὰ
1066 2654 1202 2705 πέρατα

177 2725 240 2767 τῆς
255 2724 330 2770 γῆς.
353 2719 421 2756 Διὰ
442 2722 544 2757 τοῦτο
560 2718 618 2757 καὶ
637 2722 654 2756 6
673 2719 855 2771 προφήτης
873 2718 982 2756 Amul&
1008 2722 1084 2758 καθ’
1116 2709 1202 2757 εκά-

180 2788 263 2818 στην
284 2771 418 2823 ἡμέραν
439 2772 498 2809 καὶ
516 2771 625 2809 νύκτα
655 2770 943 2824 προσευχόμενος,
963 2774 1024 2810 οὐκ
1044 2771 1204 2821 ἀνέμενεν

179 2825 327 2878 ἡμέραν,
355 2823 431 2862 οὐδὲ
450 2824 556 2862 τόπου
578 2824 757 2876 διαφορὰν,
787 2823 878 2862 ἀλλὰ
907 2824 1064 2876 δακρύων
1090 2824 1205 2875 ἔλεγε,

181 2878 240 2915 καὶ
260 2879 438 2929 παραινῶν
469 2876 531 2923 τὴν
567 2879 688 2914 ἑαυτοῦ
717 2876 857 2928 ψυχήν·
888 2876 951 2914 Ἐν
984 2877 1088 2914 παντὶ
1110 2877 1206 2914 τόπω

182 2932 244 2975 τῆς
273 2928 473 2971 δεσποτείας
511 2930 614 2967 αὐτοῦ
635 2928 766 2979 εὐλόγει
785 2932 806 2974 ἡ
843 2929 938 2981 ψυχή
961 2945 1025 2979 μου
1063 2917 1205 2980 Κύριον.

184 2983 255 3020 Καὶ
274 2981 336 3029 σὺ,
364 2980 546 3032 ἀγαπητὲ,
565 2981 613 3031 μὴ
643 2982 818 3032 ἀναμένῃς
846 2981 952 3033 ὥραν,
972 2981 994 3027 ἢ
1020 2981 1168 3033 ἡμέραν,
1187 2981 1210 3028 ἢ

184 3035 290 3073 τόπου
319 3034 506 3084 διαφοράν·
527 3033 616 3071 ἀλλὰ
644 3033 758 3076 καθὼς
790 3034 1012 3086 προείρηται,
1039 3037 1073 3072 ἐν
1107 3034 1213 3072 παντὶ

185 3087 302 3139 τόπῳ,
323 3086 382 3124 καὶ
400 3087 434 3124 ἐν
455 3086 538 3137 οἴκῳ
558 3101 618 3124 σου
637 3085 853 3138 προσεύχου,
874 3086 933 3124 καὶ
951 3089 985 3125 ἐν
1013 3089 1056 3132 τῆ
1091 3088 1213 3133 ἐκκλη-

190 3139 249 3192 σίᾳ
275 3137 456 3191 γενόμενος
475 3138 689 3190 προσεύχου,
704 3139 764 3177 καὶ
788 3139 872 3176 ὅπου
901 3140 930 3176 δ’
959 3139 999 3176 ἂν
1019 3130 1214 3191 τυγγοίνης,

190 3191 398 3244 προσεύχου,
417 3192 451 3229 ἐν
463 3190 568 3229 παντὶ
588 3191 684 3243 τόπῳ
700 3194 762 3236 τῆς
777 3190 977 3234 δεσποτείας
1002 3184 1109 3230 Θεοῦ..
1134 3182 1216 3230 ἐνω-

192 3244 333 3282 τίσασθε
352 3244 478 3286 πάντες
494 3245 525 3281 οἱ
540 3248 780 3286 κατοικοῦντες
791 3244 855 3290 τὴν
871 3243 1092 3294 οἰκουμένην,
1109 3244 1165 3282 ἐπὶ
1178 3244 1217 3282 τὸ

193 3298 276 3335 αὐτὸ
296 3296 459 3339 πλούσιος
474 3296 534 3334 καὶ
561 3295 687 3344 πένης,
708 3296 776 3334 εἴτε
799 3296 919 3348 ἄρσεν,
935 3299 1004 3334 εἴτε
1025 3299 1130 3345 Οῆλυ,
1151 3297 1218 3335 εἴτε

197 3349 358 3400 μιγάδες,
381 3348 624 3387 νεανίσκοικαὶ
640 3347 825 3400 παρθένοι,
843 3349 1038 3400 πρεσίῒται
1053 3350 1112 3387 καὶ
1131 3351 1218 3396 νέοι,

2119 209 2210 255 719

1232 308 1318 331 num
1333 292 1557 330 inimicitiam
1574 291 1743 330 adversus
1761 291 1915 340 aliquem
1929 290 2073 337 habeas,
2089 302 2131 326 ne
2142 297 2212 326 stu-

1232 346 1334 382 dium
1350 354 1453 382 tuum
1467 344 1503 381 in
1520 357 1652 382 vanum
1678 343 1796 390 abeat3
1817 342 1892 389 sed,
1910 352 1949 380 ut
1966 341 2062 379 dixit
2076 350 2214 393 aposto-

1233 398 1290 435 lus
1307 396 1452 444 Paulus,
1463 397 1559 434 Cum
1579 398 1714 433 timore
1729 403 1765 432 et
1785 403 1945 432 tremore
1964 395 2127 432 salutem
2147 407 2212 431 no·
2231 407 2365 444 Phaspp.
2384 414 2412 434 2.

1236 458 1345 488 stram
1365 457 1582 501 operantes,-
1593 456 1627 485 et
1640 447 1772 485 Christi
1791 455 2007 498 praeceptum
2026 455 2215 495 servantes,
2235 455 2280 476 ¹2·

1237 502 1297 554 qui
1310 501 1398 539 dicit
1413 518 1419 537 :
1435 502 1475 540 Si
1490 502 1712 539 dimiseritis
1727 500 1946 537 hominibus
1955 506 2116 549 peccata
2130 512 2214 546 sua,
2235 515 2347 544 Mueck.
2367 513 2398 542 6,

1239 557 1404 592 dimittet
1416 563 1452 591 et
1463 555 1583 592 Pater
1593 561 1722 591 vester
1733 552 1894 590 caelestis
1901 559 2062 603 peccata
2074 559 2217 588 vestra.
2241 557 2286 595 ¹4·

1240 608 1277 648 Si
1298 620 1382 657 ergo
1404 608 1520 644 Deum
1534 615 1606 644 toto
1626 605 1732 643 corde
1745 603 1914 657 precaris,
1934 616 1997 640 ncc
2016 602 2103 639 risui
2119 611 2152 639 et
2172 603 2222 639 fa-

1241 661 1309 699 stui
1332 659 1473 698 deditus
1488 673 1539 706 es,
1558 659 1628 696 hoc
1650 659 1726 710 ejus
1745 665 1962 709 praeceptum
1981 664 2131 703 servato,
2145 664 2177 692 et
2196 655 2225 693 si

1241 712 1330 764 quid
1362 722 1482 750 contra
1503 711 1707 763 quempiam
1726 710 1875 759 habeas,
1898 708 2040 747 dimitte
2066 707 2134 744 illi.
2159 707 2226 746 Vis

1242 765 1376 804 dimitti
1405 764 1473 803 tibi
1496 764 1662 816 peccata?
1684 763 1835 801 Dimitte
1863 771 1902 800 tu
1928 760 2103 813 proximo.
2123 759 2162 798 Si
2188 769 2227 797 tu

1244 833 1314 858 non
1329 818 1489 856 dimittas
1503 817 1603 855 fratri
1622 825 1683 854 tuo
1700 824 1854 868 peccata,
1865 828 1978 864 neque
1992 822 2052 850 tua
2070 812 2136 850 tibi
2156 813 2227 850 Do-

1245 872 1363 910 minus
1382 869 1662 919 dimittet3dixit
1680 869 1775 907 enim
1793 884 1800 904 :
1820 869 1907 906 Nisi
1921 868 2142 905 remiseritis
2163 867 2229 902 ho·
2246 875 2412 906 li.1·‹1.v.1‘·.

1247 926 1414 962 minibus
1428 932 1589 975 peccata
1606 936 1690 969 sua,
1703 936 1826 973 neque
1843 922 1965 958 Pater
1983 927 2112 956 vester
2122 919 2230 956 ccele-

1247 980 1316 1016 stis
1339 980 1507 1015 remittet
1537 984 1685 1013 vestra.
1703 975 1951 1022 Novimusque
1972 985 2092 1010 omnes
2116 971 2233 1023 ipsum

1249 1044 1319 1069 non
1338 1029 1480 1067 mentiri
1499 1045 1506 1065 :
1522 1043 1632 1066 verax
1650 1027 1744 1065 enim
1763 1036 1815 1066 est
1834 1035 1867 1064 et
1881 1025 1998 1063 fidelis
2014 1024 2050 1061 in
2071 1024 2236 1062 omnibus

1249 1082 1368 1121 verbis
1387 1082 1471 1120 suis.
1489 1083 1638 1119 Paratus
1662 1080 1772 1131 igitur
1793 1089 1879 1127 esto,
1894 1086 2100 1130 exspectans
2120 1077 2236 1126 quoti-

1251 1136 1309 1174 die
1327 1150 1420 1181 eum,
1433 1135 1495 1185 qui
1519 1133 1827 1186 repetetanimam
1843 1141 1954 1169 tuam.
1972 1131 2024 1168 Ne
2036 1128 2145 1167 hodie
2164 1143 2236 1181 poe-

1253 1188 1437 1226 nitentiam
1461 1201 1556 1239 agas,
1573 1195 1606 1225 et
1628 1201 1704 1224 eras
1722 1199 1826 1236 agere
1845 1182 2069 1222 obliviscaris
2087 1197 2094 1218 ι
2112 1196 2154 1218 ne
2176 1182 2239 1219 ho-

1254 1241 1312 1280 die
1332 1241 1430 1286 fleas,
1454 1249 1488 1278 et
1512 1254 1588 1277 cras
1616 1239 1759 1277 choreas
1783 1250 1866 1288 agas
1881 1252 1888 1273 :
1905 1251 1948 1274 ne
1965 1235 2073 1272 bodie
2087 1235 2237 1286 jejunes,

1255 1304 1288 1333 et
1301 1308 1377 1332 eras
1393 1293 1512 1331 ebrius
1523 1307 1541 1329 a
1557 1292 1680 1329 multis
1694 1289 1889 1343 exporteris
1899 1305 1906 1325 :
1917 1303 1959 1327 ne
1974 1287 2083 1325 hodie
2095 1287 2129 1324 vi
2135 1287 2237 1337 giles,

1254 1356 1288 1385 et
1304 1361 1382 1385 cras
1397 1345 1576 1394 concidas;
1598 1344 1659 1383 sed
1683 1345 1832 1382 salutem
1851 1356 1934 1380 eura
1954 1350 2064 1388 tuam,
2083 1349 2123 1377 ut
2141 1353 2240 1376 coro-

1257 1399 1360 1437 neris.
1384 1401 1438 1438 Ne
1466 1398 1637 1437 virtutem
1667 1396 1859 1445 adulteres,
1882 1408 1925 1432 ne
1956 1393 2115 1430 laborem
2150 1392 2241 1429 refu-

1258 1453 1348 1503 gias,
1363 1466 1406 1490 ne
1421 1451 1559 1489 coronis
1573 1449 1736 1502 priveris.
1749 1451 1864 1487 Omne
1876 1446 2049 1499 gaudium
2063 1445 2170 1495 hujus
2183 1458 2243 1482 sae-

1259 1504 1330 1542 culi
1346 1504 1428 1541 odio
1449 1504 1593 1551 habeas,
1608 1516 1741 1540 necnon
1758 1500 1908 1551 gloriam
1923 1500 2018 1551 ejus;
2041 1507 2074 1536 et
2089 1497 2149 1534 dic
2163 1511 2244 1535 cum

1259 1556 1401 1596 Dax‘ide
1418 1572 1425 1592 :
1443 1558 1696 1608 [niquitatem
1713 1555 1801 1592 odio
1814 1555 1933 1591 habui
1949 1560 1983 1589 et
2000 1553 2244 1589 abominatus
2259 1566 2347 1594 Psal,
2365 1564 2432 1595 ΗΒ,

1260 1624 1360 1656 sum,
1380 1610 1502 1661 legem
1529 1617 1658 1646 autem
1688 1616 1794 1645 tuam
1814 1606 1945 1643 dilexi.
1966 1603 2033 1640 Ab
2053 1605 2157 1640 omni
2176 1605 2246 1640 via
2265 1606 2332 1635 163.
2377 1615 2444 1634 τοι.

1262 1664 1369 1701 mala
1379 1663 1559 1714 prohibui
1574 1662 1689 1713 pedes
1709 1673 1824 1698 meos.
1836 1659 1978 1697 Juravi
1999 1664 2033 1693 et
2050 1658 2184 1702 statui,
2207 1663 2248 1693 ut
2265 1647 2333 1678 ¹0⁶·

1228 1729 1235 1738 ¹
1261 1717 1477 1755 custodiam
1498 1715 1689 1752 mandata
1714 1721 1796 1751 tua.
1820 1712 1912 1749 Cura
1934 1722 2072 1760 semper
2088 1717 2127 1745 ut
2144 1722 2248 1760 para-

1262 1778 1318 1808 tus
1333 1769 1392 1818 sis,
1401 1777 1441 1806 ut
1457 1782 1540 1805 cum
1553 1766 1690 1805 venerit
1704 1766 1734 1803 is
1747 1765 1809 1816 qui
1823 1772 1955 1816 repetet
1968 1762 2124 1799 animam
2136 1770 2249 1805 tuam,

1264 1832 1297 1860 te
1329 1822 1366 1859 in
1391 1820 1598 1874 poenitentia
1627 1828 1790 1871 paratum
1820 1815 1978 1868 inyeniat
1997 1831 2003 1851 :
2023 1823 2056 1853 et
2085 1827 2149 1865 ego
2170 1827 2251 1865 pro-

1262 1875 1368 1913 mitto
1394 1874 1482 1923 tibi,
1502 1872 1600 1923 quod
1634 1880 1666 1909 te
1695 1872 1740 1908 ab
1766 1871 1810 1908 iis
1838 1869 1899 1920 qui
1929 1867 2080 1906 salutem
2114 1865 2252 1903 nacturi

1260 1937 1359 1976 sunt,
1381 1941 1450 1964 non
1473 1935 1506 1964 te
1533 1933 1780 1977 segregaturus
1800 1923 1855 1961 sit.
1877 1923 1989 1961 Serva
2015 1933 2153 1971 semper
2179 1919 2253 1955 Do-

1263 1981 1352 2018 mini
1372 1979 1582 2017 mandatum
1601 1977 1695 2015 illud
1711 1992 1719 2013 ε
1738 1976 1907 2027 Vigilate
1926 1982 1961 2012 et
1981 1981 2102 2018 orate,
2118 1980 2160 2009 ut
2177 1985 2254 2008 non
2272 1976 2454 2018 Murthgzo'.

1264 2036 1416 2071 intretis
1441 2035 1483 2069 in
1497 2033 1762 2069 tentationem.
1777 2030 2006 2076 Rursumque
2026 2025 2076 2063 ait
2093 2040 2101 2060 ε
2118 2025 2255 2062 Estote
2268 2021 2282 2056 4
2295 2029 2319 2068 ¹5

1263 2089 1407 2139 parati,
1432 2088 1524 2137 quia
1553 2097 1631 2136 qua
1651 2084 1748 2120 hora
1771 2094 1849 2118 non
1861 2081 2021 2131 putatis,
2044 2077 2169 2115 Filius
2188 2077 2254 2113 lzo-
2270 2062 2348 2122 find.
2383 2059 2433 2099 ²4·

1266 2142 1381 2178 minis
1401 2141 1544 2175 veniet.
1563 2135 1657 2173 Audi
1677 2147 1818 2185 quoque
1832 2130 2033 2184 apostolum
2053 2129 2228 2167 dicentem
2245 2143 2252 2163 :
2269 2118 2323 2144 ‘¹⁴'

1265 2192 1357 2230 Sine
1378 2191 1661 2228 intermissione
1675 2195 1794 2226 orate.
1809 2184 1970 2236 Cogitate
1986 2181 2074 2233 quid
2088 2182 2133 2219 sit
2147 2180 2253 2228 illud,
2276 2190 2300 2208 1·
2311 2179 2414 2207 Thess.
2425 2177 2456 2207 5·

1268 2246 1357 2284 Sine
1376 2244 1678 2287 intermissione;
1696 2239 1733 2278 id
1748 2247 1975 2288 est‚semper,
1994 2236 2030 2272 in
2048 2234 2144 2272 omni
2164 2243 2255 2271 tem·
2276 2230 2321 2258 ¹7·

1269 2311 1365 2350 pore,
1385 2305 1486 2334 nocte
1518 2305 1551 2333 et
1577 2294 1648 2341 die,
1666 2305 1823 2344 vespere,
1841 2302 1944 2328 mane
1969 2296 2002 2325 et
2022 2286 2182 2334 meridie,
2202 2295 2255 2323 at-

1271 2365 1338 2401 que
1366 2349 1462 2388 omni
1488 2348 1593 2395 hora;
1614 2346 1689 2384 sive
1713 2342 1867 2396 opereris
1887 2341 1962 2379 sive
1983 2340 2048 2378 iter
2064 2352 2160 2390 agas,
2183 2338 2259 2376 sive

1271 2416 1413 2455 gregem
1445 2415 1545 2439 cures
1569 2399 1643 2437 sive
1663 2407 1795 2436 terram
1822 2395 1947 2441 sulces,
1963 2392 2038 2430 sive
2067 2390 2259 2429 decumbas

1270 2456 1347 2493 sive
1361 2469 1379 2493 e
1397 2454 1487 2492 lecto
1513 2465 1649 2502 surgas.
1671 2452 1725 2488 Ne
1750 2456 1931 2499 exspectes
1949 2444 2189 2491 Dominicam,
2202 2442 2262 2480 vel

1271 2509 1412 2554 festum,
1430 2514 1492 2543 aut
1508 2505 1576 2542 loci
1592 2501 1843 2540 differentiam.
1859 2500 1956 2536 Deus
1975 2498 2069 2535 enim
2088 2510 2157 2534 non
2183 2496 2262 2533 loco

1273 2557 1599 2599 circumscribitur:
1615 2569 1697 2593 nam
1718 2556 1767 2591 In
1791 2565 1911 2590 manu
1940 2552 2024 2603 ejus
2046 2557 2136 2587 sunt
2180 2561 2262 2585 ines
2277 2546 2462 2587 Psal.94.4.

1275 2622 1396 2651 terrie.
1415 2609 1497 2648 Ideo
1529 2608 1703 2662 propbeta
1726 2603 1848 2644 David
1873 2617 1935 2656 per
1959 2602 2118 2654 singulos
2164 2601 2212 2638 ies
2230 2609 2264 2637 et

1275 2673 1394 2703 noctes
1403 2676 1518 2707 oram,
1527 2676 1596 2699 non
1613 2658 1840 2712 exspectabat
1853 2656 1961 2703 diem,
1977 2669 2041 2693 nec
2054 2653 2124 2692 loci
2138 2652 2264 2690 discri-

1277 2731 1369 2765 men,
1392 2715 1453 2753 sed
1475 2715 1678 2766 lacrymans
1705 2711 1864 2757 dicebat,
1891 2722 1992 2746 suam
2021 2707 2168 2744 hortans
2188 2704 2265 2742 ani-

1278 2783 1374 2808 mam
1395 2784 1402 2804 :
1425 2770 1475 2805 In
1507 2769 1612 2805 omni
1642 2765 1725 2803 loco
1745 2763 2024 2801 dominationis
2040 2762 2136 2812 ejus,
2155 2760 2264 2795 bene·
2281 2763 2369 2792 Psal.
2397 2768 2464 2789 102.

1280 2824 1356 2868 die,
1371 2823 1506 2859 anima
1521 2832 1620 2865 mea,
1641 2818 1866 2856 Dominum.
1887 2814 1934 2851 Et
1948 2823 2000 2860 tu,
2017 2811 2207 2857 carissime,
2223 2823 2266 2847 ne
2281 2813 2333 2832 ²²·

1280 2882 1459 2926 exspectes
1470 2873 1608 2919 horam,
1619 2878 1679 2908 aut
1688 2869 1796 2918 diem,
1804 2876 1864 2905 aut
1876 2866 1945 2904 loci
1958 2864 2148 2904 discrimen
2160 2878 2170 2912 3
2187 2861 2263 2912 sed,

1283 2936 1322 2965 ut
1339 2940 1447 2978 supra
1465 2925 1603 2963 dictum
1623 2932 1686 2972 est,
1699 2921 1736 2959 in
1752 2920 1849 2959 omni
1864 2919 1957 2968 loco,
1978 2926 2012 2956 et
2027 2918 2064 2954 in
2081 2915 2189 2953 domo
2206 2924 2267 2952 tua

1283 2993 1426 3033 precare
1444 2994 1451 3014 :
1470 2978 1506 3016 in
1531 2975 1676 3016 ecclesia
1696 2987 1838 3026 quoque
1860 2985 2015 3024 precare,
2036 2978 2068 3007 et
2097 2980 2268 3018 quocum-

1283 3046 1352 3083 que
1366 3032 1403 3069 in
1417 3031 1495 3069 loco
1511 3029 1558 3068 sis
1577 3041 1732 3082 precare,
1753 3027 1791 3064 in
1806 3024 1903 3064 omni
1922 3024 1998 3062 loco
2016 3018 2268 3059 dominationis

1284 3085 1366 3124 Dei.
1379 3084 1557 3123 Auribus
1574 3083 1757 3134 percipite
1778 3091 1908 3116 omnes
1923 3078 1988 3128 qui
2005 3075 2190 3113 habitatis
2208 3084 2269 3108 or-
2285 3077 2476 3115 Psa1.48.2:

1287 3141 1384 3184 bem,
1399 3137 1516 3175 simul
1533 3138 1574 3173 in
1595 3148 1715 3173 unum
1729 3133 1835 3170 dives
1855 3138 1890 3168 et
1908 3124 2160 3183 paupergsive
2180 3136 2269 3168 mas,
2283 3120 2314 3149 3·

1287 3191 1361 3230 sive
1385 3189 1526 3235 femina,
1541 3188 1616 3227 sive
1642 3185 1759 3233 turba,
1770 3185 1919 3236 juvenes
1939 3189 1972 3218 et
1988 3179 2154 3234 virgines,
2175 3188 2272 3214 senes

1288 3258 1370 3282 cum
1383 3241 1603 3296 junioribus,
1624 3252 1722 3289 reges
1744 3246 1843 3275 terrie
1862 3243 1894 3272 et
1912 3244 2031 3271 omnes
2047 3227 2187 3281 judices
2204 3236 2274 3265 ter-

1290 3312 1350 3338 rae,
1372 3294 1493 3334 audite
1518 3293 1554 3331 id
1577 3291 1673 3343 quod
1692 3289 1863 3340 scriptum
1883 3294 1933 3323 est
1951 3300 1958 3320 :
1981 3285 2142 3333 Tempus
2163 3282 2276 3318 breve
2294 3291 2321 3310 ¹-
2343 3281 2454 3318 Cor-7.

1291 3358 1360 3395 cst,
1383 3357 1423 3386 ut
1454 3350 1520 3399 qui
1546 3347 1690 3384 habent
1711 3352 1861 3384 uxores,
1886 3346 2086 3387 tamquam
2107 3347 2185 3371 non
2207 3334 2276 3370 ha-
2292 3332 2341 3361 ²9·

198 3403 350 3451 βασιλεῖς
368 3405 430 3447 τῆς
449 3405 530 3452 Υῆς,
548 3401 607 3439 Ul
621 3401 748 3444 πάντὲς
769 3401 886 3452 χρῑτᾱὶ
904 3401 1167 3453 γῆςρκούσατε
1182 3402 1221 3441 τὸ
1246 3412 1268 3442 E
1294 3404 1421 3440 bentes
1441 3403 1529 3438 sint.
1552 3398 1778 3447 Abnegemus
1799 3393 2039 3441 Impietatem
2063 3395 2098 3424 et
2116 3384 2281 3425 saecula„
2300 3384 2362 3412 Tit.
2377 3394 2408 3413 2·
2436 3393 2482 3412 ¹2-

2303 3425 2349 3455 13.
