2522 3683
171 747 282 776 ΜιιιιΙι.
301 754 332 784 9.

172 797 220 827 29.

171 1014 307 1054 Philipp.
324 1012 354 1054 4.

173 1056 201 1085 5.
220 1054 251 1086 6.

174 1490 285 1518 Mauh.
310 1488 360 1518 25.

173 1530 203 1559 6.

172 1591 254 1623 lbid.
266 1602 315 1622 21.
328 1603 359 1632 9.

367 223 459 271 (558

366 330 510 373 proptei
526 321 605 359 illos
618 321 714 360 enim
733 331 766 361 et
783 336 846 360 1105
865 331 897 360 et
913 330 1110 374 peccatou‘s
1126 334 1245 361 omnes
1265 321 1351 358 inci—

368 383 498 423 tanim,
521 382 561 411 ut
573 373 617 412 ad
640 374 897 413 humanitatem
916 384 1014 412 tuam
1028 388 1266 412 lmecullamus.
1303 375 1352 411 Ut

367 426 448 464 illos
467 425 619 464 celebres
633 428 804 466 aebeatos
823 427 1023 476 1eddidisti,
1039 427 1089 464 sic
1107 426 1213 465 etiam
1229 426 1351 475 nostii,

366 478 428 529 qui
447 479 536 530 lapsi
554 493 690 528 sumus,
702 480 892 518 111150101Ἶο
909 480 969 530 qui
988 479 1183 518 crucifixus
1195 488 1352 517 mortuos

367 531 555 580 suscitasti,
578 545 641 569 1105
663 546 803 591 quoquc
818 547 838 570 a
859 541 1002 584 peccato
1029 540 1188 569 enecatos
1204 546 1266 584 per
1285 532 1353 569 hu-

367 584 477 622 manit
481 593 573 622 item
590 584 778 633 exsuscita,
797 594 836 622 ut
849 598 919 621 una
937 598 998 636 pei
1000 585 1160 621 fruamur
1179 598 1261 621 cum
1279 584 1353 622 illis

369 637 432 686 qui
455 636 604 674 redemti
626 645 723 686 sunt,
745 646 778 673 ct
792 636 981 688 participes
1000 636 1082 674 facti
1099 645 1193 686 sunt,
1211 645 1273 674 tua
1295 651 1351 675 rc-

369 688 714 726 su11eeti0ne.Haec
741 703 822 726 cum
850 688 1060 737 dixerimus,
1095 697 1350 741 exspectemus,

370 750 410 778 ut
430 750 463 778 et
483 741 584 778 nobis
608 740 704 778 dicat
725 741 900 778 Dominus
932 750 1050 779 noster
1080 741 1270 779 Christus.
1290 743 1354 781 Se-

370 794 540 831 cundum
545 793 673 845 sidon
688 802 796 831 vestr
797 794 949 853 ainfiat
964 796 1088 832 vobis.
1105 796 1181 834 Vos
1196 808 1280 832 vero
1294 795 1354 846 qui

368 838 590 897 baptismatis
601 845 695 884 dono
712 846 921 898 per-fiuituri
937 846 1032 896 estis,
1049 860 1190 884 omnem
1204 847 1354 885 alienam

369 899 616 949 cogitationem
635 899 789 951 abjicite,
808 899 1016 950 animasque
1043 908 1176 938 vestias
1193 900 1240 937 ad
1257 901 1355 938 caele-

369 960 455 989 stem
478 965 646 1003 sponsum
675 952 867 991 convertite
892 968 900 988 z
929 952 1084 1004 Spilitus
1116 952 1227 990 sancti
1244 953 1356 1003 glatia

370 1004 606 1065 perfruimini.
633 1005 826 1042 Dominus
840 1018 959 1056 prope
977 1013 1047 1050 est,
1080 1006 1180 1042 nihil
1198 1006 1357 1043 solliciti

369 1059 467 1094 5ίῑι“.5
487 1057 630 1094 Etenim
650 1056 766 1094 adstat
784 1071 848 1108 pro
865 1057 999 1094 loribus
1028 1056 1230 1104 Redemtor,
1259 1057 1358 1095 adest

371 1109 593 1146 credentibus
621 1108 792 1158 medicus,
826 1108 970 1146 officina
993 1108 1123 1146 medici
1142 1118 1264 1167 apcita
1289 1118 1355 1160 est,

369 1171 491 1213 palata
513 1170 594 1198 sunt
622 1161 825 1214 phar,maca
854 1175 974 1199 omnes
999 1170 1179 1213 exspectat
1208 1162 1355 1213 piscina,

371 1214 483 1264 gratia
503 1214 680 1266 explicata
701 1223 764 1263 est,
786 1213 959 1266 spiritalis
982 1214 1069 1252 stola
1091 1229 1111 1252 a
1131 1214 1234 1252 Patre
1248 1223 1281 1251 et
1297 1214 1357 1252 Fi-

371 1266 419 1303 lio
448 1276 480 1304 et
496 1267 632 1319 Spi1itu
652 1276 771 1305 sancto
789 1275 950 1318 pertexta
965 1277 1027 1305 cst.
1057 1267 1156 1305 Beati
1175 1267 1237 1317 qui
1256 1266 1356 1319 digni

371 1319 638 1369 hab1t1fue11nt
659 1329 698 1357 ut
711 1319 836 1357 stolam
855 1320 979 1357 ferant.
999 1322 1074 1360 Vos
1090 1320 1252 1358 lucernas
1272 1329 1355 1358 tan-

372 1381 449 1409 tum
475 1372 559 1411 fidei
587 1372 779 1421 accendite,
801 1381 834 1410 et
857 1372 975 1410 oleum
989 1372 1131 1425 pietatis
1151 1372 1288 1424 copiose
1302 1373 1356 1411 in-

373 1424 521 1474 fundite,
538 1435 578 1463 ut
596 1425 640 1463 de
654 1434 754 1463 nocte
773 1439 854 1463 cum
874 1425 996 1464 audita
1014 1440 1086 1465 vox
1100 1426 1205 1463 fuerit
1224 1425 1356 1476 dicens,

375 1479 478 1515 Ecce
487 1492 646 1530 sponsus
655 1481 777 1520 venit,
783 1478 916 1516 exeatis
928 1478 1073 1518 obviam
1083 1478 1138 1516 illi
1150 1492 1229 1516 cum
1242 1479 1357 1530 splen-

376 1529 471 1568 didis
487 1531 650 1580 lucemis,
665 1531 809 1569 choreas
828 1531 1006 1580 ducentes,
1029 1532 1206 1593 saltantes,
1227 1541 1260 1569 ct
1287 1532 1356 1569 cla-

375 1592 531 1645 mantes,
555 1586 786 1622 Benedictus
807 1587 875 1637 qui
895 1587 1005 1623 venit
1026 1587 1068 1622 in
1092 1587 1245 1621 nomine
1269 1586 1356 1621 Do-

375 1639 497 1673 mini:
521 1637 588 1689 ipsi
620 1636 732 1688 gloria
751 1645 785 1675 et
804 1646 972 1689 potestas,
991 1651 1084 1675 nunc
1102 1646 1135 1676 et
1156 1651 1304 1689 semper,
1325 1646 1358 1674 et

374 1689 410 1727 in
439 1690 575 1728 saecula.
592 1691 716 1728 Amen

416 1828 429 1842 υ
454 1817 537 1860 [Alii
555 1818 714 1862 adjiciunt
731 1827 783 1860 τῆς
797 1822 948 1864 πίστεως]

1326 239 1498 270 spuunt.

1423 321 1535 371 μένων
1557 322 1618 367 τῆς
1641 325 1704 368 σῆς
1725 322 1956 365 ἀναστάσεως.
1972 324 2124 360 Ταυτα
2116 322 2292 387 Λέγοντες,
2310 324 2412 374 ἐπιμε
2418 323 2445 360 ί-

1421 389 1514 424 νωμε
1517 389 1556 421 ν,
1590 373 1647 411 ἵνα
1676 373 1847 441 καὶπρὸς
1873 377 1967 425 ἡμᾶς
1998 374 2079 427 εἴπῃ
2100 378 2118 412 ὁ
2137 375 2317 421 Δεσπότης
2347 378 2446 425 ἡμῶν

1422 405 1588 477 Χριστός·
1609 425 1712 464 Κατὰ
1728 426 1791 472 τὴν
1807 426 1924 465 πίστιν
1939 429 2036 478 υμῶν
2056 418 2264 478 γενηθήτω
2253 433 2344 478 υμῖν.
2377 427 2448 465 Και

1371 489 1402 515 39
1421 480 1519 529 ὑμεῖς
1534 479 1568 516 δὲ
1585 481 1616 517 οἱ
1637 478 1820 529 μέλλοντες
1842 463 2028 518 ἀπολαύειν
2045 496 2108 525 της
2127 495 2186 518 του
2207 480 2448 531 βαπτίσματος

1375 526 1400 556 Α
1422 532 1553 582 δωρεας
1569 562 1578 579 ,
1610 531 1725 569 πάντα
1761 532 1926 582 λογισμὸν
1957 531 2139 596 ἀλλότριον
2174 533 2447 598 ἀπορρίψαντες,

1421 599 1480 622 και
1505 583 1566 627 τὰς
1596 583 1709 636 ψυχὰς
1742 587 1838 634 υμῶν
1859 586 1906 627 εἷς
1935 584 1991 622 τὸν
2012 585 2168 636 οὐράνιον
2187 585 2332 637 νυμφίον
2352 585 2448 623 εὐθύ-

1422 652 1551 682 ναντες,
1569 639 1631 683 τῆς
1646 641 1706 674 τοῦ
1719 637 1816 689 ἁγίου
1833 637 2035 687 Πνεύματος
2042 637 2194 704 χάριτος
2211 637 2445 676 ἅπολαύσατε.

1423 688 1467 727 Ὁ
1485 688 1643 757 Κύριος’
1629 689 1749 741 εγγυς,
1771 689 1876 741 μηδὲν
1896 695 2096 741 μεριμνᾶτε.
2114 690 2199 728 Ἐπι
2221 689 2366 742 Θύραις
2354 707 2371 728 ο
2390 694 2448 727 λυ-

1422 741 1557 809 τρωτὴς
1583 742 1781 794 ἐφέστηκεν,
1798 746 1815 781 ὁ
1830 743 1963 810 ἰατρὸς
1958 747 2029 784 τοῖς
2056 741 2255 781 πιστεύουσι
2279 743 2448 793 πάρεστι,

1422 795 1461 832 τὸ
1477 797 1625 847 ἰατρεῖον
1640 795 1834 847 ἠνέωκται,
1854 794 1898 833 τὰ
1917 794 2087 847 φάρμακα
2109 794 2329 863 πρόκεινται,
2348 798 2369 840 ἡ
2390 810 2448 832 κο

1422 847 1609 900 λυμὸήθρα
1623 848 1755 891 πάντας
1781 848 2034 900 προσδέγεται,
2052 851 2074 894 ἡ
2100 863 2201 913 χαρις
2230 846 2447 894 ἐξήπλωται,

1424 903 1445 945 ἡ
1463 900 1682 950 πνευματικὴ
1702 901 1806 947 στολὴ
1828 901 1923 954 παρὰ
1952 904 2011 939 τοῦ
2036 900 2176 965 Πατρὸς
2203 915 2262 937 και
2285 915 2344 937 του
2362 900 2447 937 Υἱυυ

1424 952 1483 989 καὶ
1505 956 1564 990 τοῦ
1592 953 1689 1004 ἁγίου
1721 953 1967 1004 Πνεύματοςί
1954 952 2181 1005 εξυφαίνεται.
2207 952 2387 1005 Μακάριοι
2420 955 2450 990 οἱ

1424 1004 1687 1069 καταξιούμενοι
1707 1006 1852 1071 φορέσαι
1879 1006 1941 1054 τὴν
1962 1006 2101 1053 στολην.
2129 1005 2274 1043 Μόνον
2262 1011 2361 1056 υμεῖς
2387 1021 2449 1051 της

1424 1056 1572 1099 πίστεως
1601 1057 1664 1102 τὰς
1689 1057 1877 1108 λαμπάδας
1901 1059 2079 1125 ἀνάψατε,
2101 1058 2160 1096 καὶ
2185 1058 2224 1096 τὸ
2253 1057 2366 1096 ἔλαιον
2387 1059 2449 1103 τ’ἧς

1425 1109 1561 1146 ευσεὸἕ
1532 1125 1603 1153 ειας
1621 1111 1774 1161 δαψιλως
1804 1111 2031 1159 ἐπιὸάλλετε,
2058 1110 2114 1148 ίνα
2133 1126 2272 1157 νυκτος,
2298 1113 2379 1148 ὅταν
2398 1110 2449 1160 γί-

1426 1176 1530 1206 νηται
1549 1162 1644 1213 φωνὴ
1656 1163 1844 1228 λέγουσα,
1864 1163 1953 1201 Ἰδοὺ
1973 1167 1990 1201 ὁ
2009 1162 2150 1214 νυμφίος
2169 1163 2328 1214 ἔρχεται,
2359 1163 2448 1207 ἐξέλ-

1425 1217 1506 1259 θητε
1528 1216 1576 1257 εἰς
1596 1214 1787 1262 ὑπάντησιν
1816 1217 1919 1253 αὐτου
1946 1215 2035 1266 μετὰ
2054 1217 2205 1267 φαιδρων
2222 1218 2289 1253 τῶν
2308 1216 2448 1253 λαυ.πά-

1425 1267 1519 1304 διι31ν
1531 1297 1540 1315 ,
1568 1267 1769 1319 χορεύοντες
1793 1269 1851 1306 καὶ
1883 1283 2102 1333 σκιρτωντες,
2115 1283 2175 1306 και
2198 1270 2361 1319 βοῶντες,
2381 1270 2449 1306 ,Εὐ-

1423 1319 1558 1371 λογημέ
1559 1336 1614 1363 νος
1642 1324 1660 1359 ὃ
1688 1321 1875 1388 ἐρχόμενος
1901 1323 1934 1359 ἐν
1955 1320 2098 1372 ὀνόματι
2126 1320 2277 1388 Κυρίου·
2305 1323 2407 1388 αὐτῷ
2426 1324 2447 1366 ἡ

1425 1372 1504 1417 δόξα
1530 1372 1589 1410 καὶ
1626 1374 1665 1412 τὸ
1700 1373 1845 1426 κράτος,
1871 1377 1930 1412 νῦν
1954 1374 2013 1413 καὶ
2043 1374 2108 1423 ἀεὶ,
2129 1389 2186 1411 και
2204 1376 2251 1417 εἷς
2263 1372 2341 1417 τους
2361 1375 2449 1411 αἰῶ-

1424 1440 1494 1469 νας.
1515 1425 1634 1477 Ἀμὴν.

1175 2078 1742 2162 MONITUM

990 2259 1054 2306 IN
1089 2259 1477 2320 SEQUENTEM
1513 2260 1881 2307 SERMONEM.

422 2410 524 2447 llunc.
538 2419 577 2447 ut
592 2418 625 2447 et
641 2409 730 2446 alios
744 2423 852 2460 quam
871 2408 1047 2460 plurimos
1067 2421 1254 2457 sermones,
1271 2409 1334 2460 qui
1356 2408 1604 2461 Chrysostomi
1623 2408 1766 2447 nomine
1786 2409 2095 2460 circumferuntur,
2117 2409 2305 2447 Severiano
2325 2410 2446 2446 Gaba-

377 2473 493 2510 lorum
508 2472 671 2524 episcopo
686 2471 875 2524 adscripsit
893 2485 1049 2523 nuperus
1073 2471 1234 2523 scriptor.
1252 2473 1327 2509 Ncc
1355 2471 1440 2509 satis
1459 2471 1634 2524 perspicio
1657 2486 1721 2510 cur
1740 2471 1857 2510 omnia
1879 2471 2039 2524 ejusdcm
2057 2471 2177 2509 farinae
2205 2472 2375 2524 opuscula
2405 2471 2449 2509 ad

377 2550 488 2573 unum
508 2535 738 2574 Severianum
753 2535 891 2572 referat.
906 2534 1016 2572 Multi
1034 2544 1240 2572 certecrant
1261 2535 1418 2573 Graeculi
1434 2535 1495 2586 qui
1510 2550 1573 2574 sua
1589 2535 1834 2588 Chrysostomi
1853 2535 2035 2587 praemisso
2051 2534 2192 2573 nominc
2206 2535 2447 2588 publicabant.

379 2597 495 2649 Hujus
515 2611 597 2635 vero
614 2596 729 2648 stylus
747 2610 816 2633 non
831 2605 904 2633 tam
918 2595 1122 2648 implicatus
1138 2609 1212 2633 0550
1230 2595 1386 2647 videtur,
1407 2610 1515 2647 quam
1545 2596 1689 2634 illarum
1708 2596 1909 2634 orationum
1924 2596 2041 2645 series,
2061 2610 2149 2646 quas
2177 2595 2360 2634 Severiani
2378 2609 2451 2632 0550

379 2659 500 2709 liquet.
522 2659 587 2697 Est
603 2668 720 2697 autem
739 2673 882 2711 prorsus
901 2658 1042 2710 ineptus
1060 2668 1094 2696 et
1112 2659 1392 2712 ἀπροσδιόνυσος,
1411 2650 1568 2698 1105011115
1587 2660 1633 2698 ad
1648 2674 1816 2698 nauseam
1836 2672 1949 2709 usquc
1968 2658 2182 2697 redundans.

431 2722 676 2774 Interpretatio
693 2721 818 2759 Latina
833 2730 884 2759 est
896 2721 1084 2760 Frontonis
1108 2722 1243 2759 Ducaei.

384 2950 432 2985 In
472 2948 719 2986 saltationem
765 2950 1019 2998 Herodiadis,
1061 2957 1097 2986 et
1135 2947 1360 2985 decollatio·
1385 2950 1411 2980 A
1438 2947 1454 2967 *
1472 2949 1535 2992 Εἷς
1550 2949 1613 2996 τὴν
1631 2948 1775 3001 ὄρχησιν
1805 2951 1866 2994 τῆς
1886 2947 2119 3000 Ἡρωδιάδος,
2139 2947 2197 2986 καὶ
2218 2949 2265 2990 εἷς
2280 2947 2343 2993 τὴν
2361 2948 2451 2984 ἀπο-

464 3023 549 3046 nem
568 3009 736 3047 Joannis
755 3011 1008 3048 praecursoris
1027 3018 1063 3048 et
1078 3011 1278 3062 Baptistae.

439 3198 472 3232 1.
484 3191 793 3241 Quemadmodum
813 3192 842 3230 si
865 3192 967 3242 quis
960 3202 1094 3230 {Umaton
1111 3193 1337 3231 solitudinis
1328 3207 1363 3230 in

402 3249 502 3299 liquo
516 3246 663 3284 saltibus
695 3245 820 3283 referto
850 3244 926 3282 loco
946 3245 1012 3281 suh
1032 3245 1202 3282 arboium
1238 3246 1363 3283 umlna

389 3299 594 3347 consideat,
628 3308 660 3337 et
693 3296 851 3350 jucundo
884 3297 1072 3335 νοΙιιιιιιιη
1103 3306 1287 3349 concentu,
1326 3312 1366 3336 ac

432 3421 445 3437 *
471 3419 598 3452 collata
617 3430 691 3451 cum
708 3417 829 3452 Codice
847 3418 924 3460 neg.
943 3418 1035 3449 1971,

1487 3009 1599 3057 τομὴν
1628 3012 1689 3056 τῆς
1715 3011 1866 3062 κεφαλῆς
1899 3009 2059 3047 Ἰωάννου
2090 3012 2149 3047 τοῦ
2178 3007 2374 3060 προδρόμου
2395 3006 2453 3044 καὶ

1492 3074 1696 3122 βαπτιστοῦ.

1492 3188 1631 3238 “Ωσπερ
1653 3202 1704 3230 τις
1723 3183 1810 3237 ἀνὴρ
1834 3186 2056 3238 φιλέρημος’
2042 3201 2075 3223 εν
2097 3184 2164 3223 τινὶ
2189 3183 2285 3234 τόπι1
2307 3181 2454 3219 ἀλσώδει

1440 3243 1507 3280 υπὸ
1527 3240 1649 3292 δένδρα
1678 3240 1920 3306 σκιαζόμενος,
1941 3244 2016 3302 ταῖς
2044 3253 2112 3276 των
2132 3236 2261 3302 ὀρνέων
2267 3221 2454 3286 καλλιφώ-

1442 3311 1510 3339 νοις
1542 3295 1730 3345 κλαγγαῖς,
1754 3309 1812 3331 και
1834 3297 1908 3334 ταῖς
1943 3293 2010 3329 τῶν
2041 3290 2175 3329 ὑδάτων
2203 3288 2338 3340 εὐήχοις
2361 3290 2453 3339 ῥοαῖς
