2481 3678
281 177 369 223 332
703 195 741 225 ε.
780 195 966 225 J().xNle
1002 194 1245 224 eunrsosT.

279 288 321 310 eo
338 276 379 310 in
398 276 523 312 turba.
545 274 636 312 Puto
657 284 776 313 autem
796 276 876 313 illos
900 275 936 312 in
954 275 1111 313 furorem
1129 284 1225 313 actos
1243 289 1263 312 a

1285 195 1494 224 ARCHIEP.

1534 195 1895 226 CONSTAN'HNOP.

1333 276 1526 327 γογγυσμὸς
1540 271 1580 322 ἦν
1604 277 1684 328 περὶ
1704 279 1806 315 αὐτοῦ
1821 276 1929 320 πολὺς
1942 279 1975 315 ἐν
1996 282 2065 318 τοῖς
2082 276 2209 327 ὄχλοις.
2225 279 2239 295 ⁶
2250 274 2354 326 Ἐμοὶ

278 333 374 382 loco,
396 333 457 371 ubi
478 334 618 385 signum
646 334 776 372 factum
797 336 923 383 suerat,
945 343 1051 384 atque
1079 348 1263 386 exaspera·
1286 344 1309 374 C
1335 335 1370 373 δὲ
1384 337 1476 374 δοκεῖ
1490 337 1548 374 καὶ
1563 337 1632 376 ἀπὸ
1651 342 1709 376 τοῦ
1723 337 1829 376 τόπου
1846 336 2094 390 παροξύνεσθαι
2116 336 2255 384 αὐτοὺς,
2277 337 2356 374 ἔνθα

282 405 348 443 tos,
375 410 443 433 non
467 396 514 433 ita
535 396 578 433 dc
597 410 634 433 re
653 406 748 447 gesta
765 396 966 446 indignatos
985 410 1058 433 csse
1071 426 1082 445 ,
1102 405 1141 434 ut
1160 396 1263 434 time-

278 457 364 494 bant
383 472 424 494 ne
455 456 543 507 quid
570 457 686 494 simile
716 457 844 494 iterum
873 457 1013 495 faceret.
1037 457 1263 494 Contrarium

280 532 385 569 porro
411 517 551 565 accidit,
583 517 639 555 vel
665 517 768 555 inviti
798 517 934 554 clarum
956 517 1073 568 ipsum
1102 516 1264 555 reddide-

280 588 373 615 runt.
405 579 571 628 Quidam
598 579 796 625 dicebant,
824 581 917 630 quia
940 580 1060 616 bonus
1082 587 1155 625 est,
1175 579 1260 625 alii,

280 660 295 676 ι
312 640 384 683 ἸΤοιι,
403 639 471 675 sed
489 639 637 676 seducit
657 641 801 676 turbas.
820 638 926 676 Illam
943 648 1031 691 puto
1049 638 1157 676 fuisse
1173 638 1266 676 mul-

280 698 443 736 titudinis
462 699 663 751 opinionem
676 715 685 748 3
700 699 808 737 aliam
824 714 908 738 vero
936 699 1143 752 principum
1162 708 1195 737 et
1211 713 1265 736 sa-

281 760 462 797 cerdotum
486 776 492 797 :
519 775 600 798 nam
630 761 839 799 calumniari
865 761 911 798 ad
927 761 1072 799 illorum
1093 760 1267 799 invidiam

282 831 315 859 et
342 822 537 873 nequitiam
571 823 780 875 pertinebat.
814 823 969 861 Seducit
1003 824 1156 860 turbam
1169 852 1181 869 ,
1214 821 1269 859 in—

282 883 421 933 quiunt.
440 883 639 932 Quomodo,
659 884 807 934 quaeso?
822 885 917 922 Num
936 883 1019 934 quia
1036 883 1135 935 signa
1151 882 1268 920 simu-

284 945 347 994 lat,
368 959 437 982 non
460 945 571 983 facit?
596 945 703 995 Atqui
729 944 945 983 contrarium
967 943 1185 995 experientia
1204 943 1267 981 do-

284 1016 348 1045 cet.
385 1008 446 1044 45.
485 1009 606 1044 Nemo
639 1016 769 1044 tamen
796 1006 932 1058 palam
964 1006 1193 1058 loquebatur
1222 1006 1269 1042 de
1290 1020 1315 1049 1)

283 1069 352 1105 illo
379 1077 533 1119 propter
558 1077 699 1105 metum
728 1068 968 1105 Judoeorum.
994 1065 1106 1105 Vides
1139 1065 1270 1115 ubique

283 1131 470 1182 optimates
499 1138 698 1181 corruptos,
715 1129 855 1180 plebem
885 1140 968 1166 vero
999 1135 1092 1164 recte
1118 1126 1269 1164 sentien-

283 1200 368 1238 tem,
389 1189 532 1228 sednon
547 1189 735 1242 praeditam
754 1203 792 1226 ea
812 1187 1020 1226 fortitudine
1039 1201 1146 1238 quam
1166 1200 1270 1239 opor-

284 1252 405 1289 tebat?
429 1253 492 1289 14.
529 1252 623 1289 Jam
653 1259 783 1288 antem
823 1251 885 1287 die
902 1250 1014 1302 festo
1047 1249 1240 1286 mediante
1255 1278 1268 1295 ,

284 1313 460 1350 ascendit
482 1313 609 1358 Jesus,
636 1320 673 1349 et
694 1312 867 1348 docebat.
902 1309 1131 1361 Exspectatio
1161 1317 1272 1347 atten-

285 1374 391 1412 tiores
410 1372 577 1412 reddidit.
600 1374 692 1410 Nam
708 1373 769 1423 qui
787 1372 969 1424 prioribus
986 1370 1112 1408 diebus
1130 1385 1272 1421 quaere-

285 1436 371 1473 bant
402 1449 482 1472 cum
506 1433 676 1485 dicentes,
706 1436 779 1472 Ubi
804 1442 859 1472 est
887 1434 983 1470 ille?
1000 1441 1141 1484 repente
1169 1432 1273 1470 illum

286 1497 457 1547 videntes,
468 1495 710 1535 animadverte
726 1494 902 1546 quomodo
917 1493 1067 1543 adstent,
1081 1502 1114 1530 et
1126 1493 1272 1543 loquen-

289 1568 358 1596 tem
373 1559 574 1605 observent,
596 1567 668 1594 tam
691 1557 743 1594 illi
761 1556 823 1607 qui
839 1557 985 1604 bonum,
1007 1569 1114 1605 quam
1132 1554 1193 1591 alii
1213 1555 1275 1605 qui

288 1620 424 1657 malum
441 1619 543 1656 illum
562 1618 727 1655 dicebant
743 1633 750 1654 ε
773 1617 835 1655 sed
851 1616 905 1654 illi
923 1625 960 1653 ut
980 1615 1165 1668 quidpiam
1186 1616 1277 1653 lucri

289 1689 527 1733 reportarent,
554 1680 837 1730 mirarenturque
862 1678 979 1730 ipsum
991 1693 1001 1727 5
1022 1677 1084 1715 alii
1107 1687 1146 1715 ut
1173 1692 1274 1715 com-

1334 397 1373 435 τὸ
1395 404 1538 448 σημεῖον
1552 398 1687 450 ἐγένετο
1700 430 1710 447 ,
1726 399 1785 437 καὶ
1804 403 1888 450 ὁμοῦ
1905 398 2106 451 ἀγριαίνειν,
2120 397 2180 436 καὶ
2200 397 2353 436 δεδοικέ-

1334 474 1412 506 ναι,
1433 461 1497 511 οὐχ
1521 459 1626 503 οὕτως
1657 460 1826 513 ὑπὲρτοῧ
1845 459 2074 513 παρελθόντος
2100 458 2354 511 ὀργιζομένους,

1335 522 1381 562 ὡς
1408 520 1653 571 φοὸουμένους,
1690 520 1738 571 μὴ
1767 521 1871 559 πάλιν
1906 519 2095 572 ἐργάσηταί
2125 536 2160 557 τι
2189 523 2353 557 τοιοῦτον.

1336 580 1515 625 Ἐξέδαινε
1545 582 1581 621 δὲ
1614 589 1683 620 πᾶν
1716 582 1924 630 τούναντίον,
1953 581 2012 620 καὶ
2042 581 2181 624 ἄκοντες
2214 579 2356 632 φανερὸν

1339 643 1437 681 αὐτὸν
1454 643 1603 682 ἐποίουν.
1624 643 1692 681 Και
1706 646 1736 681 οἱ
1758 642 1820 693 μὲν
1837 642 1996 694 ἔλεγον,
1983 641 2036 679 ότι
2053 641 2179 694 ἀγαθός
2199 644 2304 687 ἐστιν,
2327 641 2358 676 οἱ

1339 703 1387 752 δὲ,
1403 703 1463 752 οὒ,
1481 705 1570 743 ἀλλὰ
1587 707 1703 756 πλανᾷ
1717 704 1774 742 τὸν
1796 704 1911 756 ὄχλον.
1930 703 2089 750 Ἐκείνην
2113 701 2174 753 μὲν
2192 706 2248 740 οὖν
2261 705 2359 751 οἶμαι

1339 764 1400 812 τὴν
1423 766 1520 811 δόξαν
1537 783 1605 804 των
1622 744 1760 804 πολλων
1780 770 1885 804 εἶναι·
1909 781 2036 812 ταυτην
2065 764 2100 803 δὲ
2113 795 2123 813 ,
2149 766 2217 802 τῶν
2238 761 2361 814 ἀρχόν-

1338 843 1406 865 των
1425 827 1485 864 καὶ
1510 844 1577 865 των
1600 827 1730 879 ἱερεων.
1757 828 1810 866 sb
1831 827 1898 879 γὰρ
1921 825 2118 865 διαὸαλλειν
2140 829 2200 872 της
2223 823 2359 862 ἐκείνων

1341 887 1530 939 βασκανίας
1546 888 1605 926 καὶ
1619 887 1815 941 πονηρίας
1801 887 1884 925 εστί.
1903 889 2045 940 Πλανᾷ,
2062 886 2159 939 φησὶ,
2174 886 2231 924 τὸν
2246 885 2359 937 ὄχλον.

1339 948 1387 986 Ιί
1401 965 1521 996 ποιων,
1539 949 1616 987 εἶπέ
1635 964 1710 999 μοι,
1726 953 1794 1001 ἀρα
1810 949 1990 1001 φαντάζων
2014 948 2073 986 καὶ
2092 950 2153 986 οὐκ
2175 945 2361 999 5pY0tZo‘tie-

1339 1025 1392 1053 νος
1409 1009 1452 1047 τὰ
1468 1016 1618 1060 σημεῖα,
1637 1010 1706 1047 Καὶ
1726 1008 1794 1059 μὴν
1811 1009 2006 1048 τούναντίον
2023 1012 2044 1055 ἡ
2062 1014 2166 1061 πεῖρα
2183 1021 2360 1060 μαρτυρει.

1339 1069 1464 1113 Οὐδεὶς
1485 1069 1602 1120 μέντοι
1628 1069 1808 1122 παῤῥησία
1833 1069 1948 1107 ἐλάλει
1975 1069 2055 1123 περὶ
2084 1071 2186 1107 αὐτοῦ
2216 1067 2272 1105 διὰ
2304 1066 2361 1103 τὸν

1340 1130 1443 1182 φόὸον
1462 1146 1531 1168 των
1547 1130 1736 1168 Ἰουδαίων.
1754 1129 1862 1182 Ὁρᾶς
1877 1145 2058 1183 πανταχου
2074 1131 2113 1168 τὸ
2133 1129 2194 1181 μὲν
2218 1127 2361 1180 ἀρχικὸν

1338 1191 1610 1265 διεφθαρμεηνον,
1619 1190 1698 1233 τους
1717 1189 1752 1227 δε
1776 1191 1987 1244 ἀρχομένους
2008 1190 2223 1242 ὑγιαίνοντας
2242 1189 2302 1240 μὲν
2320 1191 2363 1238 τῇ

1338 1251 1468 1305 κρίσει,
1500 1253 1563 1289 οὐκ
1591 1251 1734 1303 ἔχοντας
1760 1250 1795 1288 δε
1841 1249 2022 1304 Ῑάνδρείαν
2049 1250 2304 1304 προσήκουσαν,
2324 1252 2365 1294 ἥς

1341 1313 1493 1364 μάλιστα
1509 1329 1558 1350 τι)
1572 1312 1730 1359 πλήθει
1713 1318 1785 1350 οεῖ·
1777 1343 1787 1360 ,
1802 1312 1895 1359 ’Ήδη
1917 1313 1952 1351 δὲ
1967 1329 2029 1358 της
2045 1315 2165 1365 ἑορτης
2182 1326 2365 1363 μεσουσης,

1341 1374 1475 1421 ἀνέὸη
1463 1391 1481 1412 ο
1496 1374 1648 1422 Ἰησους,
1669 1374 1729 1412 καὶ
1744 1373 1914 1412 ἐδίδασκε.
1932 1375 1987 1424 Ἰῇ
2010 1373 2162 1425 ἀναὸολῇ
2181 1387 2365 1426 προσεκτι-

1341 1436 1510 1488 κωτέρους
1531 1434 1653 1478 αὐτοὺς
1674 1434 1847 1481 ἐποίησεν.
1863 1440 1880 1462 g
1890 1436 1936 1472 Οἱ
1956 1433 2022 1487 γὰρ
2044 1441 2119 1478 ταῖς
2140 1434 2288 1487 ἡμέραις
2307 1434 2366 1479 ζη-

1340 1496 1507 1542 τήσαντες
1522 1496 1621 1534 αὐτὸν
1640 1502 1715 1539 ταῖς
1738 1495 1894 1548 πρώταις
1917 1496 1976 1533 καὶ
1991 1495 2145 1547 λέγοντες
2157 1526 2166 1543 ,
2183 1497 2259 1532 Ποῦ
2275 1497 2367 1532 ἐστιν

1343 1560 1487 1604 ἐκεῖνος,
1508 1557 1605 1609 ἄφνω
1629 1556 1786 1609 παρόντα
1807 1556 1953 1603 ἰδόντες,
1974 1555 2038 1609 ὅρα
2064 1560 2138 1599 πῶς
2159 1555 2365 1601 ἐπέστησαν,

1343 1618 1402 1656 καὶ
1417 1617 1559 1668 ἔμελλον
1577 1619 1771 1655 ἐπικεῖσθαι
1786 1616 1943 1668 λέγοντι,
1960 1616 2041 1654 οἵτε
2057 1617 2183 1668 ἀγαθὸν
2198 1616 2368 1667 λέγοντες,

1346 1678 1380 1715 οἵ
1398 1695 1435 1716 τε
1453 1678 1501 1729 μὴ
1521 1682 1690 1717 τοιοῦτον·
1710 1680 1785 1716 ἀλλ’
1809 1680 1930 1716 ἐκεῖνοι
1955 1677 2029 1729 μὲν,
2050 1677 2140 1715 ὥστε
2155 1675 2318 1728 κερδᾶναί
2336 1691 2369 1712 τι

291 1742 546 1794 prehenderent
579 1750 612 1779 et
642 1749 814 1793 caperent.
840 1739 937 1777 Illud
964 1749 1096 1789 autem,
1123 1739 1276 1778 Seducit
1297 1749 1321 1779 E
1347 1739 1406 1777 καὶ
1428 1739 1606 1790 Θαυμάσαι
1621 1754 1628 1761 ·
1650 1733 1742 1777 οὗτοι
1762 1738 1819 1786 δὲ,
1837 1737 1929 1776 ὥστε
1950 1737 2198 1785 ἐπιλαδέσθαι,
2218 1736 2277 1775 καὶ
2307 1752 2370 1774 κα-

291 1807 456 1849 turbam,
481 1818 543 1855 per
561 1802 759 1840 doctrinam
779 1801 929 1848 scilicet,
946 1815 1015 1838 non
1037 1800 1275 1851 intelligentes

293 1866 382 1917 quid
408 1866 564 1903 diceret:
586 1864 677 1902 illud
706 1877 804 1910 vero,
826 1864 972 1909 Bonus,
1000 1877 1020 1899 a
1048 1862 1159 1914 signis
1180 1862 1278 1900 dice-

292 1928 408 1964 batur.
431 1926 558 1963 Sedato
585 1925 702 1975 itaque
729 1924 873 1961 illorum
898 1923 1016 1961 surore
1042 1923 1090 1960 ita
1118 1922 1276 1973 institit,

295 1997 333 2025 ut
358 1987 465 2026 verba
490 2002 552 2024 sua
572 1986 759 2037 diligenter
791 1984 967 2034 audirent,
998 1998 1108 2035 neque
1126 1984 1280 2036 amplius

294 2048 467 2099 indignati
494 2062 596 2085 aures
623 2047 852 2085 obstr.ue1ent
881 2044 978 2091 Quid
1007 2044 1180 2093 docuerit,
1211 2059 1279 2082 non

1290 2087 1337 2112 289

1347 1807 1502 1853 τασχεῖν.
1530 1801 1582 1839 Τὸ
1610 1800 1672 1852 μὲν
1692 1794 1762 1846 οἶν,
1782 1801 1908 1852 Πλανᾷ
1933 1800 1989 1837 τὸν
2011 1799 2125 1851 ὄχλον,
2148 1799 2217 1837 ἀπὸ
2236 1801 2298 1844 τῆς
2319 1799 2369 1835 δι-

1350 1861 1541 1905 δασκαλίας
1560 1865 1628 1899 τῶν
1649 1861 1832 1913 δογμάτων
1853 1861 1983 1913 ἔλεγον,
2012 1864 2049 1899 οὐ
2072 1864 2225 1903 νοοῦντες
2249 1859 2292 1896 τὰ
2318 1861 2371 1896 λε-

1348 1923 1496 1997 γόμενα·
1513 1923 1552 1961 τὸ
1571 1922 1624 1971 δὲ,
1641 1923 1799 1975 Ἀγαθὸς,
1820 1923 1889 1961 ἀπὸ
1904 1925 1972 1960 τῶν
1989 1922 2155 1973 σημείων.
2177 1920 2194 1941 ¹¹
2205 1921 2373 1963 Χαλοίσας

1349 1984 1461 2022 τοίνυν
1491 1986 1601 2022 αὐτων
1628 1985 1685 2022 τὸν
1719 1984 1825 2035 θυμὸν
1860 1983 1965 2027 οὕτως
1995 1984 2141 2031 ἐπέστη,
2162 1982 2253 2020 ὥστε
2285 1982 2373 2033 μετὰ

1352 2047 1481 2098 σχολης
1507 2047 1652 2084 ἄκουσαι
1678 2061 1746 2083 των
1778 2044 1987 2097 λεγομένων,
2016 2042 2141 2094 μηκέτι
2174 2047 2236 2089 τ’ἦς
2271 2059 2309 2094 ορ
2312 2058 2374 2094 (ης

295 2119 413 2146 naitat
430 2123 541 2160 evang
531 2108 667 2157 'elista3
688 2107 725 2144 id
749 2107 865 2144 solum
883 2105 970 2143 dicit
990 2105 1086 2156 quod
1104 2106 1280 2143 mirabili·
1302 2124 1326 2153 Α
1353 2106 1612 2159 ἐμφραττούσης
1631 2105 1675 2144 τὰ
1689 2108 1774 2144 ὠτα.
1794 2105 1841 2144 Τί
1858 2105 1919 2155 μὲν
1935 2109 1990 2144 οὖν
2012 2104 2175 2150 ἐδίδαξεν,
2193 2106 2253 2142 οὐκ
2268 2107 2373 2142 εἶπεν·

296 2180 348 2208 ter
365 2170 408 2207 sit
424 2171 605 2220 loquutus,
635 2139 758 2220 qiiod
750 2181 844 2220 ipsos
863 2166 1083 2215 demulseiit,
1105 2176 1136 2204 et
1165 2176 1281 2204 muta-

298 2232 345 2269 rit
368 2241 488 2269 :tanta
516 2230 695 2268 dictorum
716 2229 829 2267 virtus
857 2237 945 2265 erat.
974 2227 1046 2273 Qui
1069 2240 1154 2264 vero
1183 2227 1281 2264 dice-

295 2293 396 2342 bant,
411 2293 564 2331 Seducit
583 2293 746 2336 turbam,
765 2288 890 2326 mutati
907 2289 981 2340 jam
1000 2287 1284 2337 admirabantur,

299 2353 449 2403 ideoque
468 2352 517 2390 sic
533 2351 768 2403 loquebantur
788 2366 795 2386 :
816 2352 876 2388 45.
900 2350 1097 2400 Quomodo
1114 2352 1185 2386 scit
1202 2350 1285 2386 lite-

301 2429 379 2461 ras,
402 2417 468 2466 qui
494 2428 571 2450 non
602 2413 763 2450 didicit?
782 2410 914 2450 Viden’
936 2409 1114 2461 quomodo
1133 2409 1288 2447 admira-

302 2477 433 2513 tionem
452 2489 575 2513 eorum
597 2473 753 2524 nequitia
781 2472 923 2524 plenam
950 2470 1187 2509 demonstret?
1208 2471 1287 2508 Non

303 2537 395 2574 enim
413 2536 500 2574 dicit
518 2536 613 2587 ipsos
631 2535 829 2572 doctrinam
847 2533 991 2571 miratos
1016 2547 1102 2583 esse,
1117 2533 1173 2571 vel
1192 2531 1288 2569 dicta

302 2597 508 2635 admisisse:
542 2597 603 2634 sed
631 2605 782 2643 tantum,
803 2597 1080 2640 Mirabantur,·
1105 2594 1142 2632 id
1161 2603 1225 2644 est,
1252 2595 1289 2632 in

306 2668 486 2711 stuporem
502 2658 703 2696 deciderant
719 2658 884 2706 dieentes,
903 2657 1008 2695 Unde
1021 2657 1075 2694 illi
1087 2657 1190 2695 haec?
1207 2671 1288 2695 cum

305 2736 350 2759 ex
364 2721 585 2757 dubitatione
599 2721 658 2758 tali
675 2720 873 2773 perspicere
885 2719 1091 2758 debuissent
1105 2720 1196 2758 nihil
1209 2720 1290 2772 puri

307 2782 461 2820 hominis
480 2782 515 2818 in
532 2782 592 2818 illo
608 2782 727 2819 fuisse.
750 2784 886 2821 Verum
912 2782 993 2832 quia
1015 2782 1081 2819 hoc
1097 2781 1151 2819 illi
1180 2782 1290 2820 confi-

308 2843 371 2881 teri
388 2843 567 2889 nolebant,
585 2843 645 2879 sed
655 2842 875 2879 mirabantur
886 2842 1016 2888 solum,
1032 2841 1116 2879 audi
1129 2842 1217 2893 quid
1231 2842 1291 2880 ille

308 2906 403 2943 dicat
423 2921 429 2940 :
450 2907 513 2941 16.
535 2905 628 2940 ,Meci
653 2905 830 2941 doctrina
854 2918 930 2942 non
956 2913 1009 2942 est
1035 2919 1132 2942 mea.
1155 2906 1292 2943 Rursus

309 2981 431 3005 eorum
448 2964 638 3017 suspicioni
656 2965 851 3016 respondet,
863 2966 908 3003 ad
924 2968 1063 3004 Patrem
1082 2967 1164 3005 illos
1181 2967 1293 3004 abdu-

310 3043 405 3077 cens,
426 3037 463 3065 ut
484 3026 566 3064 inde
587 3026 659 3063 illis
675 3026 853 3063 silentium
874 3028 1053 3078 imponat:
1076 3030 1136 3066 17.
1151 3029 1191 3066 Si
1207 3032 1292 3081 quis

311 3092 478 3130 voluerit
503 3090 745 3127 voluntalem
766 3090 846 3139 ejus
861 3090 1005 3139 faeere,
1028 3100 1225 3142 cognoscet
1248 3092 1294 3128 de

312 3154 434 3191 doctri
439 3165 502 3198 na,
519 3159 642 3188 utrum
662 3164 708 3185 et·
724 3150 807 3186 Deo
819 3151 880 3195 sic,
896 3163 949 3186 an
965 3164 1031 3200 ego
1044 3165 1068 3188 a
1084 3154 1225 3202 meipso
1239 3152 1293 3189 lo—

359 3281 369 3293 ⁰
393 3270 604 3313 Savil.57d15'5
620 3273 713 3312 οἶμαι.
729 3269 805 3300 Mox
823 3267 924 3300 Savil.
940 3274 987 3302 καὶ
1000 3274 1133 3311 μάλιστα
1146 3277 1316 3317 ἀγριαίνειν.

359 3328 371 3351 s
395 3323 510 3356 Morel.
529 3326 624 3362 δόξαν.
643 3321 738 3363 [Mox
757 3320 810 3352 alii
827 3325 842 3354 ὃ
857 3325 990 3363 μάλιστα
1007 3326 1058 3355 τοῦ
1072 3326 1199 3362 πλήθους
1215 3325 1319 3368 gni-23]

358 3390 369 3409 s
395 3375 509 3409 Morel.
529 3380 553 3409 οἱ
571 3381 636 3418 γοῦν
655 3378 806 3411 ζητοῦντες
823 3377 909 3406 αὐτὸν
926 3378 971 3406 καὶ
991 3377 1131 3415 λέγοντες.

1351 2167 1404 2204 ὅτι
1427 2167 1463 2206 δὲ
1485 2170 1712 2217 θαυμαστως,
1734 2170 1836 2205 τοῦτο
1864 2167 1966 2217 μόνον
1988 2166 2102 2218 λέγει,
2128 2165 2227 2204 noctu
2207 2181 2261 2204 οτι
2285 2159 2373 2203 εἷλεν

1353 2226 1474 2271 αὐτους
1504 2227 1563 2265 καὶ
1597 2226 1788 2277 μετέὸαλε·
1814 2242 1966 2274 τοσαυτη
1989 2229 2056 2264 τῶν
2075 2225 2304 2277 λεγομένων
2288 2242 2329 2271 ην
2350 2228 2371 2270 ἡ

1354 2287 1508 2338 δύναμις.
1528 2289 1574 2325 Οἱ
1591 2287 1626 2325 δὲ
1648 2287 1817 2334 εἰπόντες,
1838 2287 1890 2325 ὅτι
1904 2289 2030 2338 Πλανᾷ
2047 2287 2103 2324 τὸν
2125 2288 2243 2338 ὄχλον,
2266 2301 2375 2335 μετα-

1355 2348 1563 2399 ὅαλλόμενοι
1596 2347 1804 2398 ἐθαύμαζον·
1837 2348 1889 2386 διὸ
1919 2347 1978 2385 καὶ
2005 2347 2143 2398 ἔλεγον·
2165 2349 2247 2390 Πῶς
2278 2340 2376 2388 οὗτος

1354 2403 1423 2447 οἶδε
1442 2409 1637 2461 γράμματα
1651 2439 1659 2455 ,
1681 2408 1728 2459 μὴ
1752 2407 1979 2458 μεμαθηκώς,
1999 2407 2108 2460 (Ορᾷς
2130 2411 2204 2450 πῶς
2227 2407 2376 2445 δείκνυσι

1354 2469 1411 2507 καὶ
1431 2472 1576 2508 ἐνταῦθα
1595 2468 1764 2520 πονηρίας
1778 2469 1882 2520 γέμον
1899 2469 1938 2506 τὸ
1958 2472 2074 2519 θαῦμα
2092 2471 2220 2517 αὐτῶν,
2237 2472 2289 2507 Οὐ
2309 2468 2375 2520 γὰρ

1357 2525 1466 2579 εἶπεν,
1487 2531 1539 2569 ὅτι
1561 2531 1623 2578 τὴν
1645 2530 1870 2568 διδασκαλίαν
1894 2529 2104 2581 ἐθαύμαζον·
2125 2529 2147 2576 ἢ
2167 2530 2220 2569 ὅτι
2241 2529 2377 2581 ἐδέχον-

1357 2609 1396 2631 το
1411 2593 1455 2631 τὰ
1467 2592 1654 2644 λεγόμενα·
1671 2593 1746 2629 ἀλλ’
1765 2591 1884 2635 ἁπλῶς
1900 2623 1909 2639 ,
1930 2591 2147 2642 Ἐθαύμαζον
2161 2607 2168 2614 ·
2189 2590 2378 2637 τουτέστιν,

1359 2654 1407 2696 εἷς
1442 2649 1630 2696 ἐκπληςίαν
1664 2649 1845 2688 ἐνέπιπτον
1883 2649 1941 2688 καὶ
1979 2650 2164 2702 διηπόρουν
2198 2649 2355 2700 λέγοντες
2369 2679 2378 2696 ,

1358 2712 1471 2751 Πόθεν
1502 2711 1613 2762 τούτῳ
1640 2726 1766 2756 ταυτα,
1796 2710 1870 2749 δεον
1894 2710 1962 2748 ἀπὸ
1989 2714 2051 2757 τῆς
2077 2710 2224 2761 ἀπορίας
2253 2711 2381 2757 ταύτης

2290 2771 2324 2808 Ἀ
2329 2773 2380 2810 λλ’

1362 2775 1521 2821 συνιδεῖν,
1556 2774 1608 2810 ὅτι
1639 2770 1732 2808 οὐδεν
1765 2771 1976 2822 ἀνθρώπινον
2005 2766 2046 2817 ἢν
2078 2773 2112 2808 ἐν
2142 2773 2248 2808 αὖτι).

1315 2842 1337 2871 Β
1363 2834 1483 2881 ἐπειδὴ
1511 2848 1612 2871 τουτο
1641 2831 1736 2869 αὐτοὶ
1764 2833 1825 2868 οὐκ
1856 2831 2012 2876 ἤθελον·
2007 2832 2263 2882 ὁμολογῆσαι,
2293 2831 2382 2869 ἀλλὰ

1365 2898 1468 2949 μέχρι
1488 2898 1547 2932 τοῦ
1568 2893 1753 2943 θαυμάζειν
1770 2891 1911 2930 ἵσταντο
1926 2891 2040 2942 μόνον,
2064 2892 2210 2931 ἄκουσον
2229 2893 2264 2930 τί
2279 2909 2382 2944 φησιν

1364 2957 1482 3001 αὐτός·
1505 2955 1550 2993 ‘H
1580 2953 1646 3004 ἐμὴ
1677 2951 1804 3004 διδαχὴ
1835 2954 1896 2990 οὐκ
1926 2953 2018 2990 ἔστιν
2050 2952 2132 3003 ἐμή.
2161 2953 2275 2991 Πάλιν
2295 2953 2381 3004 πρὸς

1362 3018 1425 3066 τὴν
1453 3016 1612 3056 ὑπόνοιαν
1647 3015 1758 3051 αὐτῶν
1793 3012 2035 3064 ἀποκρίνεται,
2070 3013 2127 3052 ἐπὶ
2154 3014 2211 3052 τὸν
2240 3014 2385 3066 Πατέρα

1366 3083 1486 3126 αὐτοὺς
1508 3082 1612 3134 ἄγων,
1632 3083 1788 3119 κάκεῖθεν
1818 3079 2042 3130 ἐπιστομίσαι
2061 3080 2276 3131 βουλόμενος.
2297 3079 2383 3118 Ἐάν

1366 3168 1417 3195 τις
1435 3149 1518 3202 θέλῃ
1541 3150 1580 3187 τὸ
1599 3147 1735 3198 θέλημα
1761 3147 1862 3185 αὐτοῦ
1884 3153 2006 3194 ποιεῖν,
2030 3146 2201 3196 γνώσεται
2227 3145 2305 3198 περὶ
2324 3149 2385 3191 τῆς

1427 3273 1446 3297 h
1470 3270 1531 3303 Alii
1545 3275 1705 3313 χαυνώσας.

1428 3334 1440 3347 ³
1466 3323 1526 3354 Alii
1544 3323 1742 3364 ἀποκαλὺψαι.
