2481 3678
62 1530 146 1558 lium.
167 1540 198 1560 10
216 1534 246 1563 6.

61 1583 75 1591 ,-
84 1596 88 1600 ι

73 3014 180 3041 Jlatlh.
208 3014 251 3043 16.

73 3054 117 3083 15.

269 191 324 235 32
336 209 356 234 2).
706 204 743 234 s,
781 203 967 235 smmis
1003 203 1246 233 cunrsos'r.

265 285 375 323 verba
393 284 620 323 offensionem
639 286 837 337 peperisse,
862 285 922 323 sed
944 282 1142 324 socordiam
1155 314 1166 334 ‚
1188 282 1249 322 de-

265 346 411 396 sidiam,
427 355 461 384 et
484 346 747 398 improbitatem
767 346 996 385 auditorum?
1015 346 1107 384 Nam
1128 345 1250 384 etiam·

264 409 294 446 si
314 409 383 446 hoc
397 422 466 446 non
483 408 651 457 dixisset,
677 408 910 446 nihilominus
934 407 1059 445 offensi
1085 407 1249 456 fuissent,

263 484 328 507 nec
346 468 576 517 destitissent,
601 468 722 505 cibum
737 482 874 519 semper
894 482 1101 520 corporeum
1120 482 1247 506 curan-

266 540 334 579 tes,
366 544 406 567 ac
426 539 525 567 terrae
550 529 665 566 affixi.
689 529 857 580 Alioquin
880 538 999 568 autem
1021 530 1062 568 hi
1079 544 1150 568 una
1170 544 1251 568 cum

266 591 337 628 illis
365 590 572 639 andierunt,
592 589 651 627 scd
679 590 854 628 contrario
871 591 989 629 affecti
1016 591 1124 630 modo
1149 591 1251 629 dixe-

265 660 364 699 runt,
385 651 457 688 Ad
470 665 583 704 quem
599 653 738 689 ibimus
753 655 769 688 P
788 651 952 691 Verbum
970 653 1091 705 magni
1105 653 1250 690 affectus

265 711 454 750 indicium.
477 711 664 763 Significat
683 711 777 749 enim
798 712 1015 763 Magistrum
1033 712 1104 752 sibi
1130 713 1249 751 omni-

264 773 331 810 bus
351 787 423 810 esse
438 772 610 810 cariorem
618 801 629 821 ,
652 772 833 824 patribus,
859 773 1052 823 matribus,
1072 773 1251 812 facultati-
1284 788 1294 807 τ

264 834 348 884 bus,
376 848 504 885 eosque
533 834 595 885 qui
617 834 662 872 ab
689 834 766 886 ipso
789 833 993 885 discedunt,
1027 849 1097 873 non
1120 835 1251 873 habere

264 910 335 947 quo
357 911 392 935 se
411 896 593 948 recipiant.
614 895 751 934 Deinde
773 910 816 934 ne
834 895 1015 935 videretur
1042 896 1154 946 illud,
1181 897 1253 935 Ad

264 972 376 1010 quem
393 960 556 996 ibimus?
572 956 650 995 ideo
670 956 939 1007 dixisse,„quod
957 971 1026 995 non
1046 966 1157 995 essent
1186 958 1249 1009 qui

263 1019 356 1071 ipsos
374 1019 584 1071 reciperent,
601 1018 721 1056 statim
739 1017 872 1070 adjicit,
894 1020 1017 1055 Verba
1033 1021 1127 1056 vitoe
1143 1027 1250 1056 oeter-

265 1096 322 1118 nce
338 1082 468 1118 habes.
489 1080 560 1116 Alii
580 1079 674 1116 enim
693 1079 880 1115 carnaliter
899 1087 932 1115 et
954 1078 1111 1116 humana
1132 1088 1248 1117 mente

262 1141 472 1189 audiebant3
503 1141 541 1177 hi
568 1154 652 1178 vero
681 1139 935 1191 spiritualiter,
967 1148 1001 1177 et
1021 1139 1107 1177 fidei
1131 1149 1246 1178 totum

263 1203 531 1242 committentes.
553 1201 637 1238 Ideo
658 1200 822 1238 Christus
838 1199 996 1238 dicebat:
1015 1202 1141 1238 Verba
1161 1216 1279 1258 quae2

262 1268 441 1318 loquutus
456 1278 540 1302 sum
559 1265 688 1309 vobis,
709 1265 863 1315 spiritus
884 1272 998 1310 sunt,-

259 1327 448 1380 suspieeris
466 1325 667 1364 doctrinam
689 1339 822 1375 meam,
848 1339 967 1362 rerum
992 1326 1248 1376 consequentiae

260 1407 300 1430 ac
318 1392 515 1430 necessitati
531 1391 726 1442 subjacere.
751 1391 830 1427 Non
850 1389 1059 1442 hujusmodi
1078 1398 1160 1428 sunt
1175 1389 1248 1442 spi-

261 1459 428 1510 ritualia,
454 1473 517 1496 nee
535 1458 684 1496 terrenis
705 1457 843 1509 legibus
859 1457 967 1495 subdi
981 1457 1183 1509 patiuntur.
1205 1457 1250 1495 Id

262 1528 394 1566 Paulus
414 1541 554 1577 quoque
572 1526 728 1564 declarat
747 1525 805 1562 his
826 1523 946 1562 verbis
966 1540 973 1559 ε
999 1525 1058 1561 Ne
1074 1524 1182 1561 dicas
1210 1527 1251 1561 in

263 1595 376 1631 corde
393 1603 458 1631 tuo
472 1624 484 1639 ,
510 1594 603 1643 Quis
625 1592 803 1629 ascendet
822 1593 863 1627 in
887 1591 1050 1628 ccelum?
1068 1592 1139 1629 hoc
1170 1600 1247 1636 est,

264 1662 459 1699 Christum
492 1660 677 1697 deducere
688 1676 702 1704 ,·
743 1666 811 1695 aut
851 1660 936 1708 quis
971 1658 1173 1694 descendet
1211 1660 1252 1694 in

263 1731 447 1777 {ib-nsum
461 1731 477 1763 Ρ
508 1728 579 1764 Ιιοε
596 1735 665 1772 est,
688 1727 885 1764 Christum
902 1739 949 1762 ex
966 1728 1126 1762 mortuis
1143 1740 1250 1763 revo-

262 1810 362 1833 care.
387 1796 509 1832 Verba
527 1797 620 1832 vitoe
639 1803 790 1832 ceteruoe
816 1794 947 1830 habes.
974 1794 1054 1831 Jam
1076 1792 1113 1829 hi
1134 1807 1251 1830 resur-

263 1862 453 1899 rectionem
490 1870 715 1914 acceperant,
754 1869 787 1898 et
827 1868 936 1897 totam
967 1859 1068 1896 illam
1104 1869 1246 1898 sortem.

262 1929 370 1976 Yide,
395 1943 512 1979 quaeso
524 1958 534 1978 ,
554 1928 705 1965 fratrum
724 1935 924 1977 amantem,
950 1926 1127 1976 quomodo
1142 1927 1250 1966 totius

262 2004 369 2033 coetus
398 2009 539 2033 causam
558 2004 639 2046 agat
662 2010 669 2030 t
700 2008 769 2032 non
796 1993 892 2031 dixit
911 1992 1026 2043 enim,
1060 1994 1244 2045 Cognovi,

260 2062 322 2099 sed
334 2093 344 2112 ,
366 2063 623 2114 Cognovimus
643 2078 653 2098 :
674 2062 745 2100 imo
764 2061 884 2113 potius
899 2060 1141 2099 animadverte
1161 2075 1249 2112 quo-

262 2129 366 2166 modo
385 2129 430 2166 ad
449 2130 524 2180 ipsa
539 2128 704 2179 Magistri
724 2128 834 2166 verba
849 2126 1014 2177 accedat,
1039 2141 1108 2165 non
1127 2127 1250 2165 eadem

1098 2197 1174 2232 Hic
1194 2204 1249 2232 est

251 2264 367 2315 filius
384 2265 550 2315 Josepli,·
569 2263 629 2301 hie
644 2272 777 2310 antem,
801 2264 857 2300 Tu
873 2276 911 2300 es
930 2263 1107 2300 Christus
1123 2262 1251 2300 Filius

262 2211 339 2247 (pue
359 2197 478 2235 Judzei
495 2197 654 2246 loquens.
678 2195 737 2232 llli
762 2194 857 2232 enim
877 2194 1043 2232 dicebant
1056 2225 1067 2244 ‚

263 2332 340 2367 Dei
366 2332 466 2375 vive}
490 2338 541 2378 et,
564 2330 688 2366 Verba
705 2331 799 2366 vitae
823 2337 976 2366 ceteruse
994 2329 1122 2366 habes.
1147 2328 1251 2365 Forte

265 2397 347 2446 quia
368 2411 460 2448 saepe
480 2395 598 2448 ipsum
617 2395 794 2433 dicentem
815 2394 977 2433 audierat
994 2411 1001 2433 :
1029 2396 1103 2444 Qui
1130 2395 1251 2433 credit

265 2467 303 2500 in
322 2478 380 2501 me
392 2494 402 2510 ‚
423 2465 537 2502 habet
555 2465 680 2500 vitam
697 2471 891 2500 (eternam.
913 2463 1138 2499 Demonstrat
1156 2461 1251 2499 enim

264 2545 300 2567 se
316 2531 409 2567 dicta
430 2530 547 2567 omnia
567 2530 739 2578 retinere,
760 2544 841 2566 cum
860 2529 937 2582 ipsa
955 2529 1065 2567 verba
1085 2537 1246 2581 usurpat.

265 2597 366 2643 Quid
379 2611 460 2647 ergo
478 2596 664 2634 Christus?
683 2598 760 2635 Non
777 2595 960 2647 laudavit,
977 2611 1042 2634 nec
1056 2595 1250 2634 celebravit
1286 2610 1298 2637 ἶ
1322 2610 1380 2645 τοῦ
1402 2605 1576 2658 λέγοντος,
1593 2605 1646 2644 tiu
1669 2604 1713 2642 Ὁ
1730 2603 1901 2642 πιστεύων
1919 2606 1965 2646 εἷς
1982 2603 2043 2654 ἐμὲ
2062 2604 2134 2656 ἔχει
2153 2604 2242 2651 ζωὴν
2264 2603 2346 2642 αἷώ-

266 2664 432 2711 Petrum,
459 2662 553 2712 quod
570 2672 685 2700 tamen
709 2662 797 2700 alibi
813 2662 908 2701 fecit.
931 2662 1002 2701 Sed
1021 2662 1110 2713 quid
1129 2662 1248 2700 dicit?

267 2730 329 2766 ΤΟ.
352 2730 491 2766 Nonne
507 2742 573 2780 ego
594 2743 661 2766 vos
678 2730 880 2767 duodecim
897 2729 1006 2781 elegi,
1026 2738 1063 2767 ct
1085 2743 1183 2768 unus
1203 2744 1249 2766 ea:

267 2799 376 2834 vobis
393 2797 569 2834 diabolus
588 2802 667 2834 est?
684 2797 777 2843 Quia
805 2797 900 2835 enim
925 2797 988 2835 ille
1008 2796 1168 2847 dixerat,
1198 2797 1252 2835 Et

268 2877 335 2901 nos
351 2863 599 2907 credidimus,
618 2864 750 2914 excipit
769 2878 813 2901 ex
824 2877 971 2901 numero
985 2863 1132 2902 Judam.
1154 2862 1253 2901 Alibi

267 2930 361 2967 enim
380 2929 471 2966 nihil
490 2928 533 2965 de
552 2928 739 2980 discipulis
757 2929 873 2967 dixit:
903 2929 966 2967 sed.
988 2944 1069 2967 cum
1089 2929 1253 2968 Christus

269 2997 440 3047 dixisset,
471 2998 544 3033 Vos
561 3005 690 3033 (tutem
708 3011 820 3048 quem
844 3011 902 3033 me
923 3011 1002 3035 esse
1018 2998 1170 3035 dicitis?
1198 3012 1253 3035 re-

270 3063 425 3115 spondit,
444 3064 498 3101 Tu
509 3077 545 3100 es
559 3063 733 3100 Christus
748 3063 877 3100 Filius
894 3064 969 3100 Dei
984 3066 1164 3102 viventis.
1185 3064 1254 3102 Hic

273 3145 354 3168 vero
375 3130 459 3180 quia
478 3128 643 3179 dixerat,
675 3129 725 3165 Et
756 3142 822 3165 nos
847 3129 1099 3176 credidimus,
1129 3130 1254 3168 merito

272 3197 401 3235 dudam
425 3196 549 3233 eximit
575 3209 619 3232 ex
642 3195 702 3231 illo
735 3194 860 3237 choro3
896 3193 933 3230 id
958 3208 1040 3232 vero
1060 3196 1141 3233 facit
1158 3196 1254 3247 ,jam

316 3347 322 3354 ¹
351 3336 410 3367 Alii
428 3341 442 3370 ὀ
459 3343 594 3380 Χριστός.

319 3402 329 3413 ⁴
356 3387 456 3420 Saxil.
478 3396 509 3419 et
537 3386 647 3419 Horel.
669 3389 756 3419 κὺτοῦ
786 3388 927 3428 λέγοντος.
950 3384 1007 3415 Ani
1026 3390 1076 3417 τοῦ
1103 3387 1276 3418 διδασκάλω

1282 203 1488 233 Anulum).
1527 202 1887 233 CONSTANTINOP-

1320 283 1483 335 Ῥήματα
1498 287 1588 331 ζωῆς
1607 284 1745 322 αἰωνίου
1763 284 1867 336 ἔχεις.
1889 282 1960 322 Καὶ
1987 287 2088 333 ἡμεῖς
2108 281 2338 320 πεπιστεύκα-

1323 361 1383 396 μεν
1398 345 1456 383 καὶ
1478 344 1693 397 ἐγνώκαμεν,
1716 344 1770 383 ὅτι
1791 344 1831 383 ab
1851 338 1882 382 εἶ’
1907 347 1925 382 6
1944 343 2094 397 Χριστὸς
2127 346 2144 381 6
2171 342 2255 387 Υἱὸς
2279 346 2338 380 τοῦ

1321 409 1412 445 Θεοῦ
1427 410 1486 445 τοῦ
1505 408 1640 450 ζῶντος
1645 405 1784 458 Ὁρᾶς
1771 405 1825 444 ότι
1841 408 1878 444 οὐ
1899 405 1943 444 τὰ
1956 405 2097 458 ῥήματα
2113 399 2154 452 ἦν
2173 403 2218 442 τὰ
2233 420 2339 443 σκαν-

1323 466 1521 515 δαλίζοντα,
1537 470 1612 506 ἀλλ’
1629 471 1650 513 ἠ
1667 466 1853 519 ἁπροσεξία
1864 483 1923 504 και
1939 471 1960 514 ἡ
1983 465 2134 520 ῥᾳθυμία
2147 465 2204 503 καὶ
2222 468 2339 516 ἀγνω-

1323 528 1454 579 μοσύνη
1481 545 1549 567 των
1572 527 1784 575 ἀκουόντων,
1807 527 1877 566 Καὶ
1905 527 1972 580 γὰρ
1991 527 2050 565 καὶ
2083 528 2112 565 εἰ
2148 525 2196 577 μὴ
2233 530 2339 574 εἶπεν,

1322 590 1640 638 ἐσκανδαλίσθησαν
1669 606 1722 638 αν,
1741 605 1801 627 και
1829 591 1890 627 οὐκ
1920 588 1958 626 ἂν
1987 587 2201 635 ἐπαυσαντο,
2230 589 2339 640 τροφῇ

1322 650 1550 703 προσέχοντες
1579 650 1631 688 ἀεὶ
1665 651 1870 701 σωματικῇ,
1893 648 1952 687 καὶ
1971 652 2013 699 τῇ
2034 652 2078 700 γῇ
2112 648 2342 702 προσηλωμέ-

1321 727 1383 750 νοι.
1401 711 1532 756 Ἄλλως
1549 711 1603 760 δὲ,
1620 712 1679 749 καὶ
1699 705 1792 749 οῧτοι
1810 712 1885 763 μετ’
1917 709 2056 748 ἐκείνων
2087 711 2230 756 ἤκουον·
2263 711 2339 747 ἀλλ’

1321 772 1415 823 ὅμως
1433 773 1598 811 τάναντία
1618 773 1756 812 ἐκείνων
1784 772 2025 825 ἀπεφήναντο,
2047 771 2203 823 λέγοντες
2216 786 2223 794 ·
2247 770 2343 822 Πρὸς

1321 834 1398 873 τίνα
1423 835 1703 886 ἀπελευσόμεθα,
1732 836 1875 881 Πολλῆς
1901 833 1940 872 τὸ
1974 837 2069 886 ῥῆμα
2102 831 2344 886 φιλοστοργίας

1320 895 1540 947 ἐμφαντικόν.
1556 895 1716 934 Δείκνυσι
1737 895 1804 947 γὰρ
1825 895 1878 934 ὅτι
1906 895 2034 938 παντὸς
2053 897 2167 938 αὐτοῖς
2195 895 2287 932 ἐστιν
2305 897 2345 932 ⁰5

1320 956 1525 1001 διδάσκαλος
1559 955 1780 1010 τιμιώτερος,
1801 956 1860 994 καὶ
1886 955 2060 1009 πατέρων,
2091 955 2150 994 καὶ
2171 953 2344 1007 μητέρων,

1320 1018 1380 1055 καὶ
1395 1019 1463 1055 τῶν
1493 1018 1602 1056 ὄντων
1625 1018 1802 1064 ἁπάντων,
1821 1018 1879 1056 καὶ
1906 1017 2124 1060 ἀποστάντας
2153 1018 2256 1054 αὐτοῦ
2285 1018 2347 1054 οὐκ

1316 1075 1365 1113 ἔνι
1396 1077 1516 1114 λοιπὸν
1538 1080 1604 1114 ποῦ
1632 1083 1858 1128 καταφυγεῖν.
1892 1070 2070 1126 Εἷτα,ἰ’νοι
2096 1076 2144 1128 μὴ
2175 1078 2259 1127 δοκῇ
2288 1076 2345 1123 τὸ,

1319 1135 1415 1187 Πρὸς
1431 1135 1509 1173 τίνα
1535 1136 1815 1187 ἀπελευσόμεθα,
1840 1137 1896 1174 διὰ
1915 1142 2015 1175 τοῦτο
2034 1137 2208 1190 εἰρηκέναι
2230 1137 2346 1183 αὐτὸν,

1257 1234 1304 1258 20
1317 1199 1362 1240 ὡς
1386 1198 1448 1234 οὐκ
1469 1197 1575 1236 ὄντων
1596 1214 1664 1235 των
1684 1197 1946 1248 ὑποδεξαμένων
1967 1197 2108 1245 αὐτους,
2129 1198 2278 1241 εὐθέως
2264 1198 2344 1244 ertr'

1029 1262 1068 1301 id
1095 1272 1162 1313 est,
1194 1264 1248 1302 Ne
1269 1273 1294 1300 Λ
1317 1274 1423 1310 γαγε·
1441 1258 1604 1310 Ῥήματα
1624 1262 1714 1305 ζωης
1744 1259 1882 1297 αἰωνίου
1905 1258 2009 1311 ἔγεις.
2032 1261 2079 1297 Οἳ
2096 1259 2156 1310 μὲν
2179 1260 2246 1312 γὰρ
2262 1276 2348 1312 σαρ-

1318 1336 1425 1364 κικως
1452 1321 1511 1359 καὶ
1534 1320 1622 1372 μετὰ
1638 1323 1815 1373 λογισμιι)ν
1842 1320 2066 1373 ἀνθρωπίνων
2092 1320 2230 1368 ἤκουον,
2253 1325 2347 1360 ουτοι

1320 1381 1354 1420 δὲ
1374 1386 1638 1433 πνευματικῶς,
1658 1382 1717 1421 καὶ
1734 1399 1776 1434 τῃ
1807 1382 1923 1420 πίστει
1940 1382 1979 1420 τὸ
2002 1389 2071 1420 πᾶν
2093 1380 2345 1434 ἐπιτρέποντες.

1321 1443 1384 1482 Διὸ
1412 1443 1471 1481 καὶ
1493 1447 1510 1482 6
1533 1442 1683 1498 Χριστὸς
1711 1444 1825 1495 ἔλεγε·
1841 1443 1989 1494 Πνεῦμά
2021 1445 2095 1481 ἐστι
2117 1442 2160 1481 τὰ
2183 1443 2346 1495 ῥήματα,

1321 1505 1342 1543 ἃ
1363 1504 1541 1551 λελάληκα
1575 1507 1676 1556 ὑμῖν·
1707 1505 1881 1553 τουτέστι,
1920 1504 1967 1555 μὴ
2003 1504 2182 1556 ὑπολάὸῃς
2208 1508 2251 1556 τῇ
2276 1508 2344 1543 τῶν

1320 1567 1538 1619 πραγμάτων
1560 1565 1747 1618 ἀκολουθία
1759 1597 1768 1612 ,
1782 1566 1840 1604 καὶ
1857 1570 1900 1618 τῇ
1922 1568 1989 1604 τῶν
2004 1566 2192 1617 γινομένων
2211 1566 2344 1618 ἀνάγκη

1320 1631 1387 1665 τῶν
1405 1627 1568 1682 ῥημάτων
1592 1630 1659 1665 τῶν
1680 1629 1772 1678 ἐμῶν
1802 1627 1865 1674 τὴν
1886 1628 2110 1666 διδασκαλίαν
2131 1631 2344 1666 ὑποκεῖσθαι.

1321 1691 1374 1727 Οὐ
1397 1693 1541 1727 τοιαῦτα
1571 1688 1615 1727 τὰ
1635 1688 1875 1740 πνευματικά·
1897 1690 1958 1727 οὐκ
1989 1688 2148 1741 ἀνέχεται
2175 1688 2346 1727 δουλεύειν

1323 1751 1440 1801 νόμοις
1458 1757 1529 1794 τοῖς
1551 1751 1608 1789 ἐπὶ
1628 1753 1701 1802 γῆς.
1720 1751 1833 1788 Τοῦτο
1847 1749 1906 1789 καὶ
1925 1752 2064 1794 Παῦλος
2084 1751 2199 1797 δηλοῖ,
2214 1750 2343 1802 λέγων·

1323 1812 1382 1859 Μὴ
1402 1812 1501 1864 εἴπῃς
1522 1813 1557 1849 ἐν
1573 1814 1616 1863 τῇ
1643 1810 1769 1865 καρδία
1791 1826 1874 1859 σου,
1891 1811 1941 1855 τίς
1968 1811 2179 1858 ἀναδήσεται
2209 1814 2256 1855 εἷς
2289 1812 2346 1850 τὸν

1322 1873 1482 1925 οὐρανόν,
1501 1872 1677 1920 τουτέστι,
1698 1873 1850 1926 Χριστὸν
1872 1879 2101 1925 καταγαγεῖν·
2119 1872 2140 1919 ἢ
2163 1872 2214 1917 τίς
2241 1889 2348 1911 κατα-

1322 1935 1366 1972 C:-
1360 1951 1467 1982 σεται
1488 1937 1534 1977 εἶς
1563 1933 1626 1980 τὴν
1650 1934 1819 1981 &Coacon
1848 1933 2030 1981 τουτέστι,
2058 1934 2207 1985 Χριστὸν
2234 1936 2274 1972 ἐκ
2293 1949 2347 1971 νε-

2252 1993 2345 2042 ”Hem

1323 2057 1384 2104 τὴν
1401 2057 1592 2095 ἀνάστασιν
1614 2060 1705 2095 ουτοι
1734 2056 1965 2110 παρεδέξαντο
1983 2072 2042 2094 και
2064 2055 2126 2104 τὴν
2156 2057 2226 2094 ἐκεῖ
2251 2056 2347 2102 ληξιν

1322 2011 1418 2072 κρων
1427 1999 1627 2048 ἀναγαγεῖν.
1649 1994 1814 2046 Ρήματα
1841 1997 1930 2042 ζωης
1960 1994 2097 2033 αἰωνίου
2122 1994 2222 2046 ἔχεις.

1324 2118 1474 2156 ἅπασαν.
1496 2116 1592 2172 Ὀρα
1621 2117 1655 2154 δε
1690 2117 1748 2155 τὸν
1770 2118 1990 2170 φιλάδελφον,
2026 2133 2083 2156 τον
2111 2116 2346 2194 φιλόστοργον,

1323 2195 1396 2222 πως
1411 2177 1498 2229 ὑπὲρ
1516 2178 1644 2222 παντὸς
1666 2180 1888 2230 ἀπολογεῖται
1914 2182 1973 2217 τοῦ
1993 2183 2115 2230 χοροῦ·
2134 2194 2171 2217 ου
2197 2178 2264 2230 γὰρ
2295 2182 2347 2215 εἰ-

1324 2255 1398 2286 πεν,
1430 2239 1584 2290 ἔγνωκα,
1606 2240 1699 2286 ἀλλ’,
1712 2238 1957 2290 ’·Εγνώκαμεν
1985 2240 2116 2289 μᾶλλον
2151 2238 2185 2277 δὲ
2224 2238 2346 2277 σκόπει

1324 2316 1397 2342 πως
1427 2312 1470 2337 επ
1505 2301 1618 2337 αὐτων
1641 2299 1779 2353 ἔρχεται
1799 2315 1867 2337 των
1901 2299 2066 2351 ῥημάτων
2089 2302 2148 2336 τοῦ
2177 2298 2344 2337 διδασκά-

1323 2362 1401 2409 λου,
1423 2363 1460 2399 οὐ
1484 2359 1528 2398 τὰ
1549 2361 1637 2399 αὐτα
1658 2367 1728 2404 τοῖς
1745 2360 1924 2404 Ἰουδαίοις
1945 2359 2185 2412 φθεγγόμενος.
2207 2362 2252 2397 Οἱ
2283 2359 2323 2411 μὲ
2328 2376 2345 2397 ν

1323 2422 1390 2474 γὰρ
1403 2422 1541 2473 ἐλεγον·
1553 2417 1692 2466 Οὑτός’
1679 2438 1769 2461 εστιν
1782 2425 1798 2459 6
1809 2421 1878 2465 υἱὸς
1892 2421 2040 2474 Ἰωσήφ·
2057 2424 2094 2460 οὑ
2098 2436 2153 2465 τος
2167 2421 2214 2498 δὲ,
2227 2420 2280 2459 ὅτι
2294 2420 2345 2459 Συ

1326 2487 1353 2521 εἰ
1367 2487 1383 2522 6
1399 2484 1576 2536 Χριστος
1564 2500 1581 2522 o
1595 2483 1677 2527 Υἱὸς
1693 2488 1752 2521 τοῦ
1768 2484 1858 2521 Θεοῦ
1874 2487 1933 2520 τοῦ
1945 2484 2087 2526 ζωντος·
2106 2498 2178 2530 και,
2193 2482 2246 2521 ὅτι
2262 2481 2344 2529 Ρή-

1325 2561 1420 2596 ματα
1432 2547 1520 2592 ζωῆς
1536 2544 1674 2583 αἰωνίου
1689 2543 1777 2595 ἔχεις
1788 2559 1795 2566 ·
1813 2543 1904 2595 τάχα
1918 2542 2085 2587 πολλάκις
2101 2543 2249 2587 ἀκούσας
2263 2549 2276 2565 ²¹
2290 2547 2346 2582 αὖ-

1322 2683 1404 2706 νιον.
1430 2665 1569 2710 ’Έδειξε
1596 2665 1663 2718 γὰρ
1686 2663 1740 2703 ὅτι
1766 2663 1881 2702 πάντα
1910 2664 2053 2716 κατέχει
2087 2664 2131 2703 τὰ
2160 2665 2345 2717 εἰρημένα,

1323 2735 1434 2772 αὐτῶν
1459 2732 1661 2783 ἀναμνήσας
1682 2732 1750 2767 τῶν
1773 2728 1951 2781 ῥημάτων.
1972 2729 2019 2768 Τί
2046 2723 2103 2767 οὖν
2135 2734 2152 2768 6
2178 2730 2346 2782 Χριστός;

1323 2797 1398 2834 Οὐκ
1413 2794 1558 2845 ἐπῄνεσε
1573 2793 1629 2832 τὸν
1645 2793 1791 2844 Πέτρον,
1805 2791 1880 2829 οὐδὲ
1899 2790 2074 2840 ἐθαύμασε
2085 2822 2094 2839 ,
2118 2791 2229 2830 καίτοι
2245 2793 2350 2829 ἀλλα-

1324 2865 1387 2913 χοῦ
1401 2864 1502 2898 τοῦτο
1513 2859 1658 2906 ποιήσας
1669 2874 1676 2881 ·
1694 2856 1783 2896 ἀλλὰ
1793 2857 1827 2894 τί
1837 2872 1957 2908 φησιν,
1971 2856 2062 2908 Οὐχὶ
2080 2856 2147 2908 ἐγὼ
2162 2861 2252 2908 ὑμᾶς
2269 2857 2347 2899 τοὺς

1326 2927 1459 2966 δώδεκα
1479 2925 1697 2976 ἐξελεξάμην,
1717 2925 1775 2963 καὶ
1796 2919 1843 2967 εἷς
1873 2923 1907 2968 ἐξ
1930 2926 2026 2975 ὑμῶν
2056 2923 2213 2967 διάὸολός
2234 2927 2347 2971 ἐστιν,

1326 2992 1472 3040 Ἐπειδὴ
1493 2992 1560 3046 γὰρ
1580 2985 1674 3039 εἶπε,
1698 2991 1767 3029 Καὶ
1788 2994 1889 3041 ἡμεῖς
1907 2989 2202 3041 πεπιστεύκαμεν,
2218 2990 2347 3042 ἐξαιρεῖ

1324 3065 1383 3101 τοῦ
1396 3064 1500 3114 χοροῦ
1519 3059 1575 3097 τὸν
1597 3058 1744 3097 Ἰούδαν.
1765 3059 1863 3097 ’Euat
1879 3057 1894 3078 ι’
1907 3057 1968 3108 μὲν
1986 3058 2052 3111 γὰρ
2071 3057 2166 3096 οὐδὲν
2182 3057 2262 3109 περὶ
2278 3060 2346 3094 τῶν

1328 3131 1490 3181 μαθητῶν
1520 3126 1620 3170 αὐτὸς
1652 3120 1746 3173 εἷπε,
1777 3125 1867 3163 ἀλλὰ
1895 3130 1954 3163 τοῦ
1983 3127 2136 3177 Χριστοῦ
2177 3124 2346 3168 εἰπόντος·

1327 3196 1450 3246 Ὓ“μεῖς
1470 3193 1504 3231 δὲ
1537 3192 1614 3231 τίνα
1635 3209 1678 3243 με
1695 3191 1838 3243 λέγετε,
1861 3191 1968 3243 φησί·
1991 3191 2041 3229 Σὺ
2069 3185 2100 3230 εἷ
2118 3194 2135 3229 6
2156 3191 2305 3243 Χριστὸς
2331 3194 2349 3229 6

1346 3337 1487 3374 λέγοντος.

1388 3386 1403 3408 ¹³
1429 3382 1614 3425 MOI'cl.,11.2:·)
1633 3382 1691 3416 οὖν.
