2481 3678
641 189 682 217 IN
721 189 928 218 JOANNEM
969 189 1125 218 nomi..

71 268 258 323 προλαὸὼν
280 269 385 321 μυρία
405 263 480 306 εἶπε
508 268 610 320 1’περὶ
633 273 691 307 τοῦ
722 270 942 320 Πνεύματος,
963 269 1020 316 τὸ,
1038 269 1097 307 'liv

72 333 152 380 ὑμῖν
175 333 265 377 ἐστι,
287 330 366 375 καὶ,
394 329 437 367 Ὁ
465 328 592 380 κόσμος
621 331 657 367 οὐ
691 330 833 368 δύναται
859 329 992 377 λαὸεἴν,
1021 329 1098 377 καὶ,

70 391 181 435 Αὐτὸς
202 391 395 442 ἀναμνήσει
411 390 544 435 πάντα,
565 391 646 436 καὶ,
674 393 820 443 Πνεῦμα
841 391 1020 438 ἀληθείας,
1040 391 1099 428 καὶ

70 453 217 502 Πνεῦμα
238 453 347 502 ἅγιον,
365 451 437 498 καὶ,
470 451 718 503 Παράκλητον,
744 452 820 497 καὶ,
843 451 895 489 ὅτι
924 451 1098 502 Συμφέρει

71 515 164 562 ὑμῖν·
194 511 249 550 ἵνα
269 511 316 563 μὴ
336 514 514 563 ἀθυμῶσιν
537 515 582 555 ὡς
604 513 736 556 οὐδενὸς
760 513 853 555 ὄντος
869 516 928 549 τοῦ
942 527 1093 565 προστη-

71 573 216 622 σομένου
247 574 304 610 καὶ
330 573 572 624 βοηθήσοντος.
612 573 810 625 Συμφέρειν
843 573 878 611 δὲ
907 572 1019 623 λέγει,
1041 573 1098 618 δη·

70 636 140 673 λῶν
167 634 219 673 ὅτι
247 633 504 686 πνευματικοῦς
523 634 647 677 αὐτοὺς
664 634 859 686 ἐργάσεται.

126 697 238 734 Τοῦτο
265 700 344 747 γοῦν
372 696 431 734 καὶ
446 699 580 749 ὁρῶμεν
595 694 837 747 γεγενημένον.
861 696 907 733 Οἱ
928 693 994 746 γὰρ
1021 694 1100 747 τρέ-

1166 189 1304 218 mxv.
1344 175 1405 218 al.
1445 189 1600 219 Lxxiv.
2062 179 2153 239 5ης)

1175 283 1252 306 non
1275 277 1399 320 potest
1428 284 1564 321 capere
1585 300 1593 313 ,
1624 280 1656 307 et
1675 301 1684 317 ‚
1722 274 1808 322 Ipse
1843 276 1953 311 ‘vobis
1984 286 2153 326 suggeret

1171 334 1303 368 omnia
1312 360 1322 377 ,
1339 340 1386 380 et,
1403 332 1565 382 Spiritus
1582 335 1778 379 veritatis,
1797 333 1957 384 Spiritus
1973 346 2128 374 sanetus
2146 368 2151 377 ,

1168 401 1216 441 et,
1232 392 1478 438 Paracletus,
1497 401 1542 441 et,
1562 394 1731 445 Expedit
1746 395 1876 431 vobis:
1899 409 1940 432 nc
1960 397 2076 433 animo
2095 398 2154 434 dc<

1167 452 1313 490 ficercnt
1333 453 1433 503 quasi
1455 453 1552 491 omni
1585 469 1651 506 ope
1673 463 1707 492 et
1725 455 1862 493 auxilio
1881 455 2039 494 destituti
2080 458 2154 494 Ex-

1167 512 1290 565 pedire
1309 523 1427 552 autem
1447 513 1556 564 dicit,
1581 515 1767 554 ostendens
1789 530 1824 554 se
1854 517 1934 555 illos
1955 517 2157 569 spirituales

1167 575 1406 614 redditurum.

1225 700 1259 737 5.
1281 700 1356 738 Hoc
1376 702 1500 753 utique
1524 703 1658 741 factum
1690 702 1867 742 videmus.
1896 704 1987 741 Nam
2013 703 2068 740 illi
2091 713 2158 740 tre-

74 773 193 808 μοντες
218 757 277 795 καὶ
297 757 503 805 δεδοικότες,
526 757 614 808 μετὰ
629 758 668 795 τὸ
679 756 797 795 λαὸεῖν
813 756 852 794 τὸ
874 758 1036 807 Πνεῦμα,
1056 758 1102 800 εἷς
1126 765 1147 794 E
1172 772 1304 801 mentes
1323 772 1355 801 ct
1376 774 1586 814 metuentes,
1613 776 1755 818 accepto
1774 776 1895 818 postca
1918 766 2055 818 Spiritu
2079 781 2158 805 san-

73 818 199 868 μέσους
221 819 368 866 ἥλλοντο
382 818 460 861 τοὺς
476 818 672 865 κινδύνους,
690 817 749 855 καὶ
770 818 855 870 πρὸς
872 816 1025 868 σίδηρον,
1043 817 1102 855 καὶ

73 884 163 931 πῦρ,
190 881 248 918 καὶ
270 880 392 933 θηρία,
418 879 477 917 καὶ
497 879 651 930 πελάγη,
676 879 735 917 καὶ
764 879 849 931 πρὸς
879 885 995 917 πᾶσαν
1013 880 1103 917 ἀπε-

74 941 221 980 δύσαντο
252 941 440 994 τιμωρίαν·
466 940 526 978 καὶ
557 943 588 977 οἱ
621 940 848 992 ἀγράμματοι
879 940 937 978 καὶ
967 941 1103 978 ἰδιῶται

74 1002 162 1052 μετὰ
181 1002 350 1049 τοσαύτης
366 1001 558 1052 διελέγοντο
582 1001 780 1053 παρρησίας
794 1032 803 1049 ,
824 1003 871 1045 ὡς
892 1001 1101 1048 ἐκπλήττειν

75 1064 154 1108 τοὺς
169 1064 420 1118 ἀκροωμένους.
437 1064 521 1102 Ἀπὸ
538 1063 605 1116 γὰρ
626 1063 780 1110 πηλίνων
802 1065 962 1116 σιδηροῦς
982 1063 1102 1107 αὐτοὺς

75 1127 216 1174 ἐποίησε
231 1128 270 1165 τὸ
284 1128 430 1178 Πνεῦμα
444 1157 452 1174 ,
474 1125 533 1164 καὶ
548 1125 697 1172 πτηνοὺς
715 1126 900 1178 εἰργάσατο
912 1157 922 1173 ,
939 1126 997 1164 καὶ
1017 1127 1102 1180 πρὸς
1115 1165 1143 1190 [με

1171 832 1244 873 cto,
1265 824 1301 862 in
1331 825 1492 877 pericula
1521 827 1742 872 insiliebant,
1772 837 1805 865 et
1826 828 1958 865 ferrum
1973 859 1982 873 ,
2002 828 2132 866 bestias
2146 861 2154 873 ,

1172 882 1303 932 maria,
1322 885 1498 937 supplicia
1517 886 1635 924 omnia
1654 886 1819 935 adibant3
1840 896 1872 924 et
1889 887 2048 924 illiterati
2068 887 2158 926 idio-

1171 952 1283 995 taeque
1299 959 1381 983 cum
1410 955 1507 985 tanta
1531 947 1664 985 fiducia
1682 948 1942 998 loquebantur,
1962 958 2002 986 ut
2021 949 2159 987 audito-

1171 1019 1225 1043 res
1265 1007 1507 1058 percellerent.
1544 1008 1603 1046 ΕΚ
1630 1009 1736 1047 luteis
1766 1009 1861 1047 enim
1892 1010 2049 1062 Spiritus
2082 1010 2161 1048 illos

1170 1067 1301 1106 ferreos
1317 1068 1497 1117 reddidit,
1516 1071 1680 1110 volucres
1700 1071 1837 1120 effecit,
1865 1086 1928 1110 nee
1945 1071 2029 1110 sivit
2045 1087 2102 1110 eos
2116 1072 2161 1109 ab

1148 1129 1327 1188 5humana
1355 1131 1428 1168 ulla
1459 1145 1497 1169 re
1525 1132 1711 1184 prosterni.
1749 1133 1849 1170 Talis
1877 1142 1928 1170 est
1952 1133 2160 1186 hujusmodi
2175 1140 2279 1168 Grasuc
2299 1143 2339 1167 xia

74 1187 170 1226 οὐδὲν
187 1191 254 1226 τῶν
284 1187 508 1241 ἀνθρωπίνων
536 1193 745 1225 καταπεσεῖν
779 1190 922 1240 ἀφῆκεν.
945 1188 1101 1235 Τοιαύτη
1128 1202 1151 1231 Α
1173 1190 1286 1241 gratia
1303 1207 1311 1227 t
1328 1191 1357 1228 si
1374 1205 1562 1230 moerorem
1578 1193 1754 1242 inveniat,
1772 1192 1876 1231 illum
1890 1194 2016 1241 solvit,
2031 1209 2157 1233 concu—
2174 1193 2285 1220 magna.

76 1249 143 1301 γὰρ
162 1253 183 1296 ἦ
208 1249 309 1301 χάρις
325 1248 456 1295 ἐκείνη·
483 1247 546 1286 κᾶν
568 1248 716 1299 ἀθυμίαν
742 1248 822 1301 εὕρῃ
836 1278 845 1295 ,
866 1249 1018 1295 διαλύει,
1040 1249 1102 1287 κᾶν

77 1310 263 1360 ἐπιθυμίαν
289 1309 458 1361 πονηρὰν,
486 1310 641 1361 δαπανᾷ,
667 1308 730 1347 κᾶν
756 1309 899 1353 δειλίαν,
923 1310 1104 1357 ἐκὸάλλει,

77 1371 137 1408 καὶ
174 1372 234 1408 οὐκ
267 1370 389 1422 ἀφίησι
423 1370 540 1408 λοιπὸν
579 1370 759 1423 ἄνθρωπον
793 1365 881 1408 εἶναι
910 1372 968 1409 τὸν
997 1387 1103 1422 μετα-

78 1431 208 1482 σχόντα
231 1432 350 1478 αὐτοῦ,
373 1433 447 1469 ἀλλ’
477 1430 596 1482 ὥσπερ
617 1433 664 1475 εἰς
683 1431 784 1470 αὐτὸν
805 1433 1027 1482 μεταστάντα
1050 1433 1107 1470 τὸν

78 1492 231 1544 οὐρανὸν,
265 1491 379 1530 πάντα
404 1492 448 1531 τὰ
475 1495 548 1530 ἐκεῖ
575 1492 809 1544 φαντάζεσθαι
840 1495 1109 1546 παρασκευάζει.

78 1553 147 1590 Διὰ
177 1557 277 1591 τοῦτο
305 1553 413 1596 οὐδείς
445 1569 478 1590 τι
505 1556 573 1591 τῶν
607 1553 838 1606 ὑπαρχόντων
858 1555 974 1606 ῧαῦτῷ
995 1554 1110 1606 ἔλεγεν

79 1615 160 1653 ἴδιον
178 1608 282 1652 εἶναι·
307 1614 397 1653 ἀλλὰ
411 1614 711 1668 προσεκαρτέρουν
737 1621 813 1658 ταῖς
826 1616 943 1667 εὐχαῖς
960 1618 993 1654 ἐν
1006 1617 1113 1668 ἀγαλ-

77 1675 192 1714 λιάσει
219 1675 278 1713 καὶ
311 1675 498 1727 ἀφελότητι
522 1675 680 1728 καρδίας.
701 1674 835 1714 Τούτου
856 1676 923 1730 γὰρ
958 1677 1112 1728 μάλιστα

79 1739 188 1776 δεῖται
206 1739 245 1776 τὸ
260 1740 406 1789 Πνεῦμα
422 1739 461 1776 τὸ
490 1739 598 1790 ἅγιον·
619 1737 664 1776 ‘O
687 1738 754 1790 γὰρ
779 1740 911 1793 καρπὸς
926 1744 985 1778 τοῦ
1001 1740 1112 1778 Πνεύ-

80 1816 187 1850 ματος
204 1799 317 1853 χαρὰ,
347 1799 486 1852 εἰρήνη,
504 1799 637 1847 πίστις,
658 1799 825 1852 πραότης.
848 1800 918 1838 Καὶ
936 1800 1004 1851 μὴν
1022 1800 1111 1839 Ἃρκαὶ

1172 1250 1380 1302 piscentiam
1400 1252 1532 1291 malam
1552 1254 1725 1303 absumit,
1758 1255 1921 1292 timorem
1942 1256 2073 1306 exigit,
2099 1271 2160 1295 nec

1175 1312 1256 1350 sinit
1270 1313 1325 1350 sui
1338 1313 1546 1366 participem
1566 1315 1660 1353 ultra
1672 1315 1854 1354 hominem
1868 1331 1940 1355 esse
1949 1333 1959 1367 3
1983 1317 2045 1355 sed
2062 1319 2162 1368 quasi

1177 1373 1213 1411 in
1232 1374 1335 1412 caelos
1351 1376 1563 1414 translatum
1584 1377 1700 1415 omnia
1717 1392 1794 1428 quae
1814 1378 1888 1416 illic
1908 1389 1988 1416 sunt
2008 1388 2162 1417 contem-

1178 1435 1271 1486 plari
1286 1436 1400 1487 jubet.
1417 1437 1502 1475 Ideo
1524 1452 1625 1476 nemo
1650 1439 1717 1476 sibi
1737 1439 1874 1490 aliquid
1890 1441 2077 1493 proprium
2093 1455 2166 1478 esse

1178 1496 1339 1547 dicebat,
1356 1498 1416 1535 sed
1431 1500 1701 1550 perseverabant
1716 1501 1751 1538 in
1770 1502 2008 1548 orationibus,
2028 1503 2063 1540 in
2081 1503 2168 1540 laeti-
2183 1507 2251 1535 Ace.
2270 1515 2297 1534 2·
2315 1504 2365 1545 4³3-

1180 1558 1228 1596 tia
1260 1567 1293 1596 et
1315 1559 1351 1596 in
1378 1559 1606 1612 simplicitate
1634 1561 1764 1599 cordis.
1789 1562 1865 1600 Hoc
1890 1563 1986 1600 enim
2013 1564 2168 1601 maxime

1180 1619 1330 1671 requirit
1348 1621 1500 1673 Spiritus
1519 1632 1676 1661 sanctus:
1699 1625 1866 1661 Fructus
1890 1627 1992 1662 enim
2007 1625 2168 1676 Spiritus
2187 1626 2257 1676 anl.
2272 1625 2296 1653 5·
2315 1634 2365 1653 22·

1180 1692 1236 1721 est
1254 1685 1462 1736 gaudium,
1487 1699 1589 1736 pax,
1609 1685 1737 1737 sides,
1762 1686 2030 1723 mansuetudo,
2062 1685 2170 1737 Atqui
2184 1675 2233 1694 π’

1180 1759 1292 1797 saepe,
1321 1746 1479 1796 inquies,
1500 1746 1687 1784 tristantur
1712 1746 1914 1798 spirituales
1927 1747 2099 1786 homines.
2126 1752 2168 1786 At

1178 1807 1253 1844 haec
1283 1807 1424 1846 tristitia
1456 1808 1587 1859 gaudio
1609 1808 1750 1846 dulcior
1771 1819 1832 1847 est.
1853 1810 1945 1847 Nam
1970 1809 2058 1847 Cain
2087 1824 2168 1848 con-

80 1862 223 1912 ἆλγοῧσῑ
242 1860 409 1904 πολλάκις
424 1863 454 1898 Οἵ
474 1861 721 1911 mauman,
739 1861 843 1913 φησίν
860 1878 866 1885 ’
884 1864 959 1900 ἀλλ’
977 1866 998 1909 ἡ
1018 1861 1110 1909 λύπη
1134 1879 1156 1908 Β
1178 1868 1339 1907 tristatus
1365 1879 1432 1918 est,
1464 1870 1527 1908 sed
1552 1870 1697 1907 tristitia
1724 1870 1833 1923 hujus
1862 1871 1987 1909 mundi
2006 1887 2014 1908 τ
2038 1872 2169 1908 Paulus

79 1928 192 1974 χαρᾶς
223 1924 313 1960 ἐστιν
333 1921 452 1967 ἡδίων.
476 1921 578 1960 Ἐπεὶ
597 1922 656 1959 καὶ
675 1925 693 1960 ὃ
713 1922 801 1960 Κάϊν
823 1923 998 1970 ἐλυπήθη,
1023 1923 1112 1961 ἀλλὰ

79 1981 141 2028 τὴν
163 1986 222 2020 τοῦ
239 1981 371 2032 κόσμου
393 1981 505 2028 λύπην
521 1997 528 2004 ·
545 1982 603 2019 καὶ
619 1986 636 2020 ὃ
651 1983 792 2026 Παῦλος
822 1983 975 2030 ἐλυπήθη
987 2014 996 2031 ,
1023 1983 1112 2022 ἀλλὰ

79 2043 141 2089 τὴν
172 2043 263 2081 κατὰ
292 2043 394 2081 Θεόν.
428 2045 506 2080 Πᾶν
535 2043 603 2095 γὰρ
634 2043 718 2096 ὅπερ
747 2043 786 2081 ἂν
819 2039 1111 2096 Ιἢεί-νευμοιτικὸν,

80 2105 202 2156 κέρδος
221 2104 294 2157 ἔχει
317 2105 497 2157 μέγιστον·
529 2104 648 2158 ὥσπερ
677 2106 737 2143 καὶ
764 2106 803 2144 τὸ
831 2107 998 2158 κοσμικὸν
1019 2107 1111 2145 ἅπαν

81 2166 209 2217 ζημίαν
230 2167 395 2218 ἐσχάτην.
424 2165 729 2217 Ἔπισπασώμεθα
760 2166 871 2206 τοίνυν
890 2168 953 2215 τὴν
973 2169 1111 2222 ἄμαχον

79 2232 139 2265 τοῦ
165 2226 370 2277 Πνεύματος
401 2227 561 2278 βοήθειαν
576 2226 639 2270 τὰς
670 2227 809 2272 ἐντολὰς
826 2234 1031 2281 τηροῦντες,
1052 2229 1112 2267 καὶ

79 2287 172 2326 οὐδὲν
190 2292 258 2326 τῶν
278 2288 432 2340 ἀγγέλων
450 2287 600 2339 ἐσόμεθα
617 2288 790 2333 ἐλάττους.
818 2289 911 2328 Οὔτε
932 2290 999 2343 γὰρ
1017 2293 1110 2329 ἐκεῖ-

79 2365 147 2397 νοι,
168 2350 285 2397 ἐπειδὴ
308 2349 489 2400 ἀσώματοί
505 2352 589 2396 εἰσι,
603 2350 752 2389 τοιοῦτοί
769 2353 853 2390 εἰσιν
870 2355 917 2398 (εἰ
932 2352 999 2405 γὰρ
1012 2358 1111 2391 τοῦτο

78 2404 133 2457 ἧν,
151 2410 259 2454 οὐδεὶς
281 2411 320 2448 ἂν
339 2414 407 2448 τῶν
429 2411 627 2461 ἀσωμάτων
651 2411 785 2463 ἐγένετο
810 2412 982 2466 πονηρός)
997 2429 1004 2436 ·
1032 2416 1107 2452 ἀλλ’

78 2476 100 2518 ἦ
122 2472 319 2525 προαίρεσις
347 2476 526 2523 πανταχοῦ
546 2472 685 2510 πάντων
712 2473 818 2512 αἰτία.
839 2474 908 2512 Διὰ
930 2480 1029 2513 τοῦτο
1050 2475 1109 2513 καὶ

80 2536 114 2571 ἓν
148 2539 216 2576 τοῖς
254 2533 452 2584 ἀσωμάτοις
486 2532 676 2586 ἀνθρώπων
709 2534 846 2586 χείρους
877 2535 936 2573 καὶ
975 2536 1108 2588 ἀλόγων

1179 1946 1320 1982 quoque
1354 1933 1579 1971 contristatus
1612 1942 1663 1970 est
1670 1962 1681 1982 ,
1718 1932 1780 1970 sed
1810 1933 2005 1971 secundum
2040 1936 2166 1971 Deum.

1179 1993 1370 2044 Quidquid
1389 1994 1483 2032 enim
1498 1994 1684 2047 spirituale
1702 2004 1777 2042 est,
1802 1995 1943 2032 lucrum
1965 1996 2070 2033 habet
2090 2010 2165 2033 ma-

1179 2054 1337 2104 ximum3
1360 2055 1540 2107 quidquid
1553 2056 1746 2105 saeculare,
1762 2065 1963 2093 extremum
1983 2056 2165 2094 damnum.

1179 2117 1409 2154 Attraliamus
1428 2117 1539 2168 igitur
1559 2117 1661 2154 nobis
1680 2117 1997 2169 inexpugnabilem
2012 2117 2168 2169 Spiritus

1178 2190 1301 2228 opem,
1335 2192 1398 2229 per
1427 2187 1684 2230 praeceptorum
1703 2177 1984 2215 observationem
2003 2187 2035 2215 et
2055 2178 2167 2215 nihilo

1177 2239 1360 2277 inferiores
1379 2239 1514 2291 angelis
1532 2239 1678 2277 erimus.
1696 2240 1820 2290 Neque
1833 2239 1926 2276 enim
1943 2239 2015 2288 illi,
2031 2240 2094 2277 etsi
2114 2240 2166 2277 in-

1177 2301 1358 2352 corporei,
1378 2301 1464 2338 tales
1484 2310 1566 2338 sunt
1589 2305 1599 2349 (
1616 2301 1644 2338 si
1665 2300 1757 2338 enim
1773 2301 1839 2338 lioc
1854 2300 1900 2338 ita
1923 2310 2028 2349 esset,
2045 2302 2166 2338 nullus

1177 2363 1405 2415 incorporeus
1422 2363 1536 2400 malus
1550 2363 1672 2400 suisset
1689 2366 1701 2411 )
1718 2378 1724 2398 :
1746 2362 1806 2399 sed
1832 2363 1995 2401 voluntas
2028 2363 2166 2400 arbitrii

1178 2424 1310 2475 ubique
1330 2424 1366 2461 in
1387 2439 1493 2462 causa
1512 2433 1574 2461 est.
1593 2423 1748 2474 ideoque
1769 2423 1875 2461 etiam
1892 2424 1983 2461 inter
1998 2424 2167 2476 incorpo-

1175 2499 1253 2523 reos
1272 2485 1401 2538 reperti
1421 2495 1502 2523 sunt
1520 2484 1744 2533 hominihus,
1760 2484 1935 2536 etiamque
1954 2485 2069 2522 brutis
2077 2516 2086 2533 ,
2107 2500 2168 2538 pe-

1172 2546 1283 2598 jores;
1310 2556 1343 2584 et
1370 2546 1406 2583 in
1429 2546 1606 2598 corporeis
1626 2545 1729 2583 multi
1758 2546 1974 2598 incorporeis
1992 2547 2164 2588 meliores.

81 2594 290 2647 eapte-qoem,
329 2593 388 2632 md
427 2596 459 2632 ἓν
489 2599 561 2637 Τοῖς
591 2592 739 2644 σώματα
773 2595 932 2647 ἕχουσῑν,
966 2597 1110 2648 ἇσωμά·
1133 2611 1156 2640 C
1179 2609 1310 2646 Omnes
1333 2607 1465 2660 quippe
1482 2607 1569 2659 justi
1590 2616 1721 2644 terram
1743 2606 1994 2657 inhabitantes,
2009 2610 2168 2661 corporei

79 2672 148 2693 των
178 2655 363 2708 κρείττους.
391 2655 529 2698 Πάντες
557 2659 637 2706 γοῦν
667 2659 698 2693 οἱ
732 2655 858 2695 δίκαιοι
888 2656 951 2703 τὴν
971 2661 1035 2708 γῆν
1056 2659 1110 2695 οἷ-

79 2722 236 2765 κοῦντες,
279 2717 338 2755 καὶ
370 2716 518 2767 σώματα
556 2716 713 2768 ἔχοντες,
753 2718 988 2771 κατώρθωσαν
1022 2719 1110 2771 ἅπερ

80 2777 328 2832 κατώρθωσαν.
367 2777 429 2821 (ης
462 2777 528 2829 γὰρ
562 2778 802 2830 παρεπίδημοι
836 2780 928 2823 ὄντες
959 2779 1019 2818 καὶ
1053 2779 1109 2823 ξέ-

79 2855 151 2885 νοι,
182 2838 245 2884 τὴν
283 2841 347 2890 γῆν
384 2838 551 2890 ᾤκησαν·
586 2839 644 2876 τὸν
674 2839 709 2877 δὲ
733 2841 896 2893 οὐρανὸν,
930 2843 977 2884 ὡς
1015 2843 1110 2879 πολῖ-

79 2915 150 2937 ται.
173 2898 235 2946 Μὴ
260 2899 372 2937 τοίνυν
403 2899 491 2950 μηδὲ
527 2899 568 2938 σὺ
601 2900 701 2953 λέγε,
735 2902 849 2954 σάρκα
881 2901 1107 2954 περίκειμαι,

79 2962 116 2997 οὖ
145 2959 293 3010 δύναμαι
321 2959 608 3012 1’περιγενε’σθαι,
645 2961 720 3000 οὐδὲ
763 2966 831 3000 τῶν
860 2962 951 3016 ’ὑπὲρ
989 2966 1113 3017 ἀρετῆς

80 3025 234 3079 ἱδρώτων
254 3025 434 3065 λαὸέσθαι.
454 3026 516 3073 Μὴ
533 3028 778 3082 κατηγορήσῃς
802 3032 860 3066 τοῦ
893 3031 1112 3082 δημιουργοῦ.

79 3093 125 3129 Εἰ
143 3092 211 3145 γὰρ
240 3093 279 3130 τὸ
308 3092 422 3146 σάρκα
442 3100 556 3147 φορεῖν
583 3094 748 3133 ἀδύνατον
768 3102 859 3134 ποιεῖ
887 3095 949 3143 τὴν
971 3096 1110 3149 ἀρετὴν,

80 3159 144 3209 οὐχ
162 3161 262 3209 ἡμῶν
283 3159 322 3197 τὸ
342 3158 520 3210 ἔγκλημα·
538 3159 590 3198 ὅτι
610 3160 646 3200 δὲ
664 3164 702 3200 οὐ
718 3168 810 3201 ποιεῖ
832 3162 1009 3210 ἀδύνατον,
1029 3162 1111 3202 ἔδει-

130 3289 146 3311 b
162 3287 277 3319 Morel.
298 3292 360 3323 εἷπε
376 3295 443 3334 περὶ
463 3294 562 3332 αὐτοῦ,
582 3299 627 3325 τὸ.

129 3350 141 3362 2
164 3338 223 3370 Alii
243 3345 344 3374 αὐτοῦ.

1178 2668 1275 2717 licet,
1292 2669 1384 2706 bona
1419 2682 1524 2720 opera
1559 2667 1758 2706 ediderunt.
1778 2670 1871 2706 Nam
1901 2678 1940 2706 ut
1969 2671 2159 2722 peregrini,

1178 2739 1307 2768 terram
1320 2730 1562 2779 incoluerunt3
1574 2738 1612 2766 ut
1628 2729 1882 2778 cives‚caelum.
1892 2732 1944 2768 Ne
1957 2746 2040 2784 ergo
2057 2733 2167 2785 dicas,

1178 2791 1291 2829 Carne
1327 2790 1569 2829 circumdatus
1597 2805 1700 2841 sum,
1737 2791 1876 2830 vincere
1903 2806 1972 2830 non
1998 2808 2166 2845 possum⁷

1179 2868 1292 2905 neque
1317 2867 1381 2906 pro
1410 2853 1542 2892 virtute
1566 2853 1705 2891 labores
1727 2854 1917 2906 suscipere.
1946 2856 1999 2893 Ne
2028 2871 2170 2895 accuses

1181 2916 1393 2953 Creatorem.
1424 2916 1516 2953 Nam
1548 2914 1578 2952 si
1607 2928 1688 2953 caro
1718 2914 1887 2954 virtutem
1916 2917 2171 2969 impossibilem

1180 2976 1316 3025 reddit,
1341 2990 1411 3014 non
1431 2975 1466 3013 in
1490 2976 1596 3029 culpa
1616 2990 1737 3014 sumus
1757 2992 1764 3013 :
1784 2977 1879 3028 quod
1901 2988 2020 3016 autem
2040 2979 2171 3032 impos-

1182 3039 1323 3077 sibilem
1350 3052 1419 3075 non
1447 3036 1594 3087 reddat,
1617 3038 1770 3076 ostendit
1801 3049 2006 3078 sanctorum
2030 3041 2170 3078 chorus.

1183 3101 1336 3140 Paulum
1354 3099 1486 3152 quippe
1505 3109 1631 3137 natura
1652 3100 1767 3138 carnis
1788 3115 1857 3138 non
1880 3101 2068 3154 impedivit
2084 3117 2172 3152 quo-

1186 3162 1304 3200 minus
1322 3161 1404 3199 talis
1424 3160 1607 3208 evaderet,
1634 3175 1696 3199 nec
1715 3162 1874 3210 Petrum,
1896 3163 2085 3213 quominus
2102 3163 2172 3199 ela-

1211 3294 1226 3311 *
1246 3294 1322 3335 [Καὶ
1340 3294 1497 3325 insertum
1517 3303 1533 3323 e
1551 3290 1651 3324 Savil·
1672 3299 1704 3323 et
1720 3291 1804 3325 Cod.
1824 3292 1917 3333 705,]

1212 3347 1226 3369 b
1246 3344 1304 3377 Alii
1322 3350 1521 3389 περιγενέιθαι
1540 3353 1597 3377 τῶν
1614 3347 1686 3389 ὑπὲρ
1700 3360 1728 3376 α
1746 3349 1764 3377 ί.
1781 3349 1824 3385 μὴ
1840 3358 1946 3384 κατ-εγ.

1929 3408 1973 3426 ’ΤΙ

1928 3427 1986 3441 (ΙΨ.
