2481 3678
778 205 818 235 ΙΝ
855 205 1064 234 JOANNEM
1101 205 1255 235 nomn..

115 286 228 336 γελίου
249 292 261 307 ⁰
274 287 415 338 ῥήματα
433 302 438 310 ·
465 286 538 337 ὥρα
559 286 626 337 γὰρ
644 286 764 323 λοιπὸν
786 287 832 328 εἰς
858 286 900 323 τὰ
924 285 1137 338 προκείμενα

114 350 268 384 καθεῖναι
296 348 354 386 τὸν
382 346 496 397 λόγον.
520 346 623 383 Ἀλλὰ
647 345 879 394 διανάστητε,
910 345 1000 383 ὥστε
1029 346 1137 396 μηδὲν

112 410 201 456 ὑμᾶς
215 409 282 445 τῶν
299 408 492 458 λεγομένων
507 409 700 458 παρελθεῖν.
716 406 785 444 Καὶ
804 409 822 443 ὁ
838 406 949 458 Λόγος
966 407 1050 460 σὰρξ
1067 407 1138 459 ἐγέ-

111 483 201 512 νετο,
225 467 321 519 φησὶ,
339 467 397 504 καὶ
412 466 608 513 ἐσκήνωσεν
620 469 655 504 ἐν
666 470 763 517 ἡμῖν.
784 466 905 504 Εἰπὼν
922 467 974 505 ὅτι
990 469 1028 504 ἐκ
1043 469 1135 506 Θεοῦ

111 529 342 578 ε’γεννήΟησαν
358 529 389 564 οἱ
410 527 576 571 λαῧόντες
595 528 709 574 αὐτὸν,
730 525 788 564 καὶ
804 527 909 565 τέκνα
925 529 1018 565 Θεοῦ
1034 528 1134 579 γεγό-

111 604 189 626 νασι
203 620 211 635 ,
233 592 295 635 τῆς
313 589 446 640 ἀφάτου
466 589 596 636 ταύτης
612 591 717 640 τιμῆς
732 588 849 634 τίΟησι
869 587 931 635 τὴν
948 589 1060 626 αἰτίαν
1077 589 1135 627 καὶ

109 649 172 695 τὴν
193 650 368 688 ὑπόθεσιν.
399 650 496 698 Αὕτη
519 651 556 689 δέ
577 652 673 696 ἐστι,
704 650 743 688 τὸ
762 649 922 700 γενέσθαι
943 650 1057 701 σάρκα
1077 650 1135 688 τὸν

111 709 234 760 Λόγον,
254 710 312 747 καὶ
331 709 394 756 τὴν
415 715 474 748 τοῦ
491 710 611 748 δούλου
629 710 765 762 μορφὴν
785 710 974 747 ἀναλαῧεῖν
990 711 1047 748 τὸν
1069 712 1134 748 Δε-

108 770 255 817 σπότην.
278 771 440 822 Ἐγένετο
458 772 525 823 γὰρ
546 772 626 815 Υἱὸς
657 771 840 822 ἀνθρώπου
854 801 864 819 ,
886 773 979 809 Θεοῦ
996 771 1134 822 γνήσιος

107 831 154 868 ὢν
174 832 277 878 Υἱὸς,
298 832 354 869 ἵνα
372 832 451 875 τοὺς
466 836 535 870 τῶν
555 832 744 884 ἀνθρώπων
766 831 858 874 υἱοὺς
877 832 982 869 τέκνα
1002 832 1132 883 ποιήσῃ

2168 200 2191 211 ,-

1296 208 1356 236 xt.
1395 193 1456 236 al.
1500 208 1544 237 x.
2136 214 2191 257 Τ)

1209 286 1292 323 bilis
1312 286 1416 338 liujus
1448 287 1592 327 honoris
1621 302 1761 326 causam
1787 291 1903 340 affert,
1934 292 2024 328 hanc
2053 306 2190 345 nempe,

1209 346 1306 396 quod
1327 346 1491 385 Verbum
1510 361 1591 385 caro
1610 348 1742 386 factum
1761 349 1827 398 sit,
1850 358 1882 385 et
1903 350 2078 387 Dominus
2099 354 2192 390 servi

1208 406 1358 446 formam
1389 409 1575 460 acceperit.
1598 409 1712 446 Filius
1742 410 1837 447 enim
1866 409 2020 447 hominis
2051 412 2193 449 effectus

1209 476 1259 504 est
1272 497 1284 517 ,
1308 481 1389 506 cum
1409 483 1515 507 verus
1535 470 1600 507 Dei
1623 471 1737 508 Filius
1753 480 1841 508 esset
1855 500 1866 520 ,
1886 480 1925 507 ut
1948 471 2107 509 homines
2128 473 2194 509 Dei

1208 527 1300 566 filios
1319 529 1483 568 efficeret.
1508 530 1669 568 Sublimc
1689 545 1840 582 namque
1862 545 1944 568 cum
1964 531 2095 568 humili
2114 546 2194 570 ver-

1207 602 1301 638 sans,
1327 590 1418 627 nihil
1438 591 1475 628 in
1495 591 1605 642 gloria
1640 606 1701 629 sua
1733 591 1892 641 laedstur,
1915 592 2009 629 illud
2034 606 2119 629 vero
2150 607 2194 630 ex

1206 650 1318 688 multa
1332 651 1437 702 erigit
1455 651 1658 690 humilitate
1672 669 1679 689 :
1692 652 1790 703 quod
1805 662 1837 690 et
1850 653 1886 690 in
1902 653 2043 690 Christo
2062 654 2194 691 factum

1205 720 1268 749 est.
1293 713 1467 750 Naturam
1486 714 1621 766 quippe
1641 729 1742 752 suam
1765 714 1828 751 tali
1849 713 2017 752 descensu
2036 729 2105 752 non
2126 715 2193 752 mi-

1206 772 1283 809 nuit
1291 787 1302 821 3
1320 786 1451 823 nosque
1462 774 1524 824 qui
1537 774 1572 812 in
1585 774 1780 825 ignominia
1792 784 1825 812 et
1844 775 1880 812 in
1892 775 2044 812 tenebris
2056 789 2192 827 semper

1205 834 1450 885 versabamur,
1465 835 1512 872 ad
1531 836 1681 887 gloriam
1699 835 1812 873 erexit
1834 836 2063 874 ineffabilem.
2081 837 2140 875 Sic
2159 846 2191 875 et

105 893 208 930 Θεοῦ.
231 894 283 930 Τὸ
300 893 367 944 γὰρ
385 893 516 945 ὑψηλὸν
536 895 585 944 τῷ
601 895 755 944 ταπεινῷ
777 894 1025 943 προσομιλοῧν,
1046 892 1132 930 αὐτὸ
1155 897 1180 926 D
1205 908 1269 931 rex
1293 909 1375 933 cum
1393 911 1587 948 pauperem
1609 907 1642 935 et
1672 897 1877 935 mendicum
1895 898 2092 947 alloquitur
2110 913 2192 936 cum

106 954 168 1004 μὲν
183 953 278 991 οὐδὲν
294 956 339 997 εἷς
355 954 418 1001 τὴν
435 954 564 992 οἰκείαν
578 953 869 1006 παραὸλάπτεται
885 953 984 997 δόξαν
1001 969 1008 976 ·
1024 955 1134 991 ἐκεῖνο

107 1015 141 1052 δὲ
176 1015 245 1053 ἀπὸ
273 1017 335 1060 τῆς
366 1017 499 1061 πολλῆς
535 1015 696 1062 ἀνίστησι
725 1014 987 1060 ταπεινότητος.
1013 1014 1132 1066 υΟπερ

103 1070 160 1113 οὖν
191 1076 249 1114 καὶ
275 1076 332 1114 ἐπὶ
360 1081 420 1115 zo&
449 1078 601 1128 Χριστοῦ
631 1076 763 1128 γέγονε.
784 1075 860 1122 Τήν
878 1092 916 1113 τε
944 1075 1012 1127 γὰρ
1034 1075 1123 1113 ἰδίαν

105 1136 205 1189 φύσιν
225 1137 320 1175 οὐδὲν
343 1137 412 1175 ἀπὸ
425 1137 553 1183 ταύτης
572 1137 756 1183 ἠλάττωσε
775 1140 836 1183 τῆς
854 1136 1107 1180 ᾶκαταὸάσεως
1122 1165 1132 1182 ,

101 1202 195 1249 ἡμᾶς
208 1214 244 1235 τε
262 1198 340 1242 τοὺς
356 1199 540 1241 διαπαντὸς
558 1201 591 1236 ἐν
609 1198 728 1250 ἀδοξία
742 1198 958 1248 καθημένους
975 1197 1033 1235 καὶ
1049 1197 1130 1235 σκό-

101 1275 170 1312 τῳ,
190 1260 273 1310 πρὸς
294 1259 392 1304 δόξαν
410 1259 539 1311 ἄφατον
565 1259 750 1311 ἀνήγαγεν.
771 1259 876 1298 Οὕτω
892 1274 958 1296 που
980 1258 1038 1295 καὶ
1061 1261 1126 1309 βα-

99 1320 214 1364 σιλεὺς
228 1323 360 1372 πτωχῷ
380 1321 439 1358 καὶ
459 1319 583 1367 πένητι
603 1321 844 1372 διαλεγόμενος
864 1319 953 1370 μετὰ
973 1321 1128 1365 σπουδῆς

101 1382 160 1419 καὶ
187 1382 339 1427 εὐνοίας,
373 1381 493 1419 ἑαυτὸν
525 1382 586 1432 μὲν
616 1382 711 1419 οὐδὲν
742 1381 906 1433 ᾔσχυνεν,
941 1383 1070 1418 ἐκεῖνον
1091 1381 1127 1418 δὲ

100 1443 196 1494 παρὰ
224 1449 312 1480 πᾶσι
331 1442 563 1494 περίὸλεπτον
584 1443 746 1490 ἐποίησεν
767 1437 855 1480 εἶναι
877 1441 936 1479 καὶ
951 1441 1126 1494 λαμπρόν.

99 1505 144 1541 Εἰ
164 1503 200 1541 δὲ
220 1504 278 1541 ἐπὶ
296 1506 358 1549 τῆς
381 1503 589 1541 ἐπεισάκτου
610 1505 678 1541 τῶν
699 1503 891 1554 ἀνθρώπων
915 1502 1011 1546 ἀξίας
1030 1503 1127 1540 οὐδὲν

98 1564 156 1602 τὸν
178 1564 396 1616 ἐντιμότερον
410 1567 431 1609 ἦ
450 1563 535 1615 πρὸς
548 1564 605 1602 τὸν
621 1564 860 1616 εὐτελέστερον
881 1563 1002 1613 ὁμιλία
1019 1563 1129 1614 παρέ-

1204 955 1323 993 studio
1344 966 1377 994 et
1404 957 1665 1009 benevolentia,
1698 960 1789 997 nihil
1819 968 1924 1011 turpe
1951 959 2060 1007 facit,
2088 960 2193 997 illum

1205 1029 1290 1053 vero
1307 1017 1405 1069 apud
1424 1032 1544 1056 omnes
1558 1019 1734 1058 illustrem
1752 1034 1792 1057 ac
1811 1018 2041 1071 splendidum
2056 1019 2189 1057 reddit.

1204 1077 1311 1123 Quod
1330 1078 1359 1116 si
1388 1078 1424 1117 in
1450 1080 1512 1118 illa
1536 1081 1733 1120 adventitia
1752 1096 1899 1133 prorsus
1929 1082 2117 1119 hominum
2137 1082 2193 1120 di-

1203 1139 1336 1189 gnitate
1357 1140 1621 1180 honoratiorem
1649 1157 1731 1181 cum
1751 1143 1872 1182 viliori
1893 1144 2110 1181 consuetudo
2137 1144 2192 1181 ni—

1202 1200 1253 1237 hil
1273 1201 1398 1250 laedit;
1422 1203 1535 1240 multo
1567 1204 1684 1242 minus
1713 1205 1950 1242 immortalem
1981 1220 2021 1242 ac
2052 1205 2190 1242 beatam

1202 1260 1301 1297 illam
1320 1262 1570 1313 substantiam,
1589 1268 1667 1313 quae
1687 1265 1779 1302 nihil
1808 1265 2047 1303 adventitium
2067 1265 2187 1311 habet,

1200 1321 1292 1359 nihil
1320 1323 1419 1373 quod
1441 1324 1548 1361 modo
1578 1325 1684 1374 adsit,
1708 1325 1815 1364 modo
1842 1326 1949 1373 absit,
1974 1327 2038 1364 sed
2071 1327 2189 1364 omnia

1199 1382 1292 1420 bona
1310 1383 1456 1420 immota
1475 1393 1509 1420 et
1527 1384 1573 1422 ad
1601 1385 1708 1422 finem
1728 1401 1840 1436 usque
1860 1388 2049 1425 manentia.
2066 1388 2190 1437 Itaque

1199 1457 1282 1480 cum
1300 1443 1470 1493 audieris,
1492 1446 1656 1483 Verbum
1676 1448 1936 1498 caro-factum
1960 1457 2029 1495 esc,
2051 1462 2094 1485 ne
2112 1458 2188 1485 tur-

1199 1504 1308 1552 beris,
1336 1518 1379 1541 ue
1404 1505 1582 1543 concidas.
1608 1507 1731 1557 Neque
1755 1507 1850 1544 enim
1874 1509 2069 1546 substantia
2093 1510 2188 1547 deci—

1200 1566 1255 1603 dit
1274 1566 1310 1602 in
1329 1579 1469 1603 carnem
1504 1567 1671 1618 (impium
1689 1567 1783 1604 enim
1802 1577 1890 1604 esset
1919 1568 1958 1605 id
1977 1570 2033 1606 vel
2057 1571 2188 1620 cogita-

97 1624 228 1677 ὅλαψε,
258 1626 378 1678 πολλῷ
411 1625 545 1676 μᾶλλον
565 1625 623 1662 ἐπὶ
646 1627 709 1671 τῆς
728 1625 905 1675 ἀκηράτου
928 1624 987 1662 καὶ
1013 1640 1127 1675 μακα-
1149 1636 1173 1666 Ε
1201 1625 1340 1675 1·e)‚sed
1352 1640 1495 1665 manens
1506 1627 1602 1678 quod
1615 1628 1925 1678 erat75icf0r1nam
1937 1629 2030 1667 servi
2042 1630 2186 1682 accepit.

99 1686 172 1739 ρίας
192 1686 324 1734 ἐκείνης
340 1686 457 1729 οὐσίας
472 1717 482 1734 ,
501 1688 566 1732 τ’ἦς
584 1686 790 1724 ἐπείσακτον
810 1685 872 1736 μὲν
891 1685 1041 1737 ἐχούσης
1066 1687 1127 1723 οὖ-

98 1748 152 1785 ὃὲν
173 1748 249 1786 οὐδὲ
270 1748 450 1799 γινόμενον
474 1749 532 1786 καὶ
558 1748 821 1800 ἀπογινόμενον,
850 1747 991 1786 θπάντα
1012 1749 1046 1786 δὲ
1064 1764 1124 1786 κε-

97 1808 271 1859 κτημένης
290 1808 439 1855 ἀκίνητα
457 1809 516 1846 καὶ
542 1810 726 1861 πεπηγότα
751 1811 798 1853 εἰς
816 1810 914 1852 τέλος
933 1809 976 1847 τὰ
997 1810 1123 1860 ἀγαθά.

96 1870 210 1908 ”Ωστε
233 1869 314 1908 ὅταν
334 1870 502 1922 ἀκούσῃς,
523 1871 576 1909 ὅτι
601 1870 646 1910 ‘O
660 1871 761 1923 λόγος
778 1870 864 1923 σὰρξ
893 1871 1029 1922 ἐγένετο
1043 1900 1052 1917 ,
1074 1872 1122 1922 μὴ

96 1932 310 1986 Οορυὸηθῇς,
328 1934 416 1984 μηδὲ
438 1933 652 1984 καταπέσῃς.
681 1933 774 1972 Οὐδὲ
803 1934 870 1986 γὰρ
889 1937 910 1980 ἡ
934 1933 1034 1972 οὐσία
1056 1951 1123 1985 με-

94 2056 300 2103 ἓννοῆσαι),
321 2054 411 2092 ἀλλὰ
437 2054 588 2105 μένουσα
606 2056 692 2107 ὅπερ
716 2055 826 2104 ἐστὶν,
847 2055 938 2094 οὕτω
957 2059 1016 2094 τοῦ
1037 2055 1120 2095 δού-

94 2117 154 2153 λου
174 2115 237 2162 τὴν
257 2116 393 2168 μορφὴν
412 2116 570 2155 ἀνέλαβε.

146 2176 250 2220 Τίνος
268 2171 326 2215 οὖν
356 2178 470 2216 ἕνεκεν
488 2181 538 2230 τῷ
567 2178 729 2230 Ἐγένετο
759 2179 931 2232 κέχρηται
962 2179 1115 2232 ῥήματι,

92 2238 148 2276 Τὰ
165 2240 233 2275 τῶν
254 2239 436 2290 αἱρετικῶν
452 2238 658 2292 ἐμφράττων
683 2240 855 2291 στόματα.
878 2241 1025 2288 Ἐπειδὴ
1046 2242 1114 2295 γάρ

91 2301 177 2337 εἰσιν
197 2301 228 2337 οἱ
245 2298 402 2350 λέγοντες
417 2330 427 2348 ,
446 2299 498 2337 ὅτι
523 2301 696 2353 φαντασία
714 2318 767 2345 τις
785 2297 827 2349 ἦν
850 2302 908 2340 καὶ
932 2302 1114 2356 ὑπόκρισις

89 2360 147 2398 καὶ
159 2360 303 2398 ὑπόνοια
321 2360 365 2398 τὰ
383 2365 445 2408 τῆς
461 2363 658 2413 οἰκονομίας
673 2364 832 2411 ἅπαντα,
851 2364 981 2402 ἄνωθεν
1000 2367 1112 2403 αὐτῶν

89 2424 308 2473 προαναιρῶν
339 2421 400 2468 τὴν
427 2424 666 2475 βλασφημίαν,
693 2424 731 2462 τὸ
755 2425 918 2477 Ἐγένετο
937 2425 1109 2464 τέθεικεν·

89 2484 128 2519 οὐ
157 2482 353 2532 μεταὸολὴν
375 2482 491 2526 οὐσίας
507 2512 516 2529 ,
538 2485 671 2535 ἄπαγε,
688 2486 779 2524 ἀλλὰ
800 2487 927 2538 σαρκὸς
947 2488 1111 2533 ἀληθινῆς

89 2542 261 2594 ἀνάληψιν
289 2547 516 2594 παραστῆσαι
546 2547 763 2597 βουλόμενος.
781 2547 922 2599 εὨσπερ
943 2548 1009 2600 γὰρ
1029 2548 1110 2586 ὅταν

88 2603 173 2654 λέγῃ
188 2634 197 2650 ,
219 2603 368 2655 Χριστὸς
391 2607 484 2654 ἡμᾶς
504 2604 712 2659 ἐξηγόρασεν
736 2609 775 2645 ἐκ
794 2610 856 2653 τῆς
878 2609 1032 2660 κατάρας
1050 2613 1109 2646 τοῦ

89 2663 194 2712 νόμου
207 2694 215 2711 ,
230 2663 410 2714 γενόμενος
424 2664 511 2716 ὑπὲρ
525 2669 546 2711 ἦ
552 2668 625 2715 μῶν
640 2666 795 2718 κατάρα,
811 2670 848 2705 οὐ
863 2669 964 2705 τοῦτό
991 2684 1108 2720 φησιν,

1159 1977 1173 2002 ά

95 1993 240 2032 τέπεσεν
258 1996 303 2037 εἷς
325 1994 439 2046 σάρκα
455 1998 598 2042 (ἃτοῧτο
622 1995 688 2047 γὰρ
708 1995 814 2038 ὄντως
830 1994 951 2038 ἀσεὲές
974 1996 1121 2034 ἐστικαὶ
1144 2013 1169 2042 Α

1241 2185 1277 2220 2
1309 2183 1384 2220 Cur
1408 2191 1527 2220 autem
1536 2182 1599 2221 illo
1610 2182 1732 2232 verbo⁷
1750 2185 1917 2221 Factum
1927 2193 1993 2231 est,
2003 2198 2086 2221 usus
2103 2184 2178 2222 est?

1186 2244 1238 2281 Ut
1258 2243 1508 2281 haereticorum
1533 2258 1594 2282 ora
1622 2245 1829 2295 obstrueret.
1849 2244 1943 2291 Quia
1972 2245 2066 2283 enim
2095 2256 2177 2284 sunt

1186 2305 1248 2355 qui
1281 2304 1424 2354 dicant,
1457 2320 1496 2343 ea
1531 2320 1609 2356 quae
1647 2305 1926 2343 incarnationem
1965 2315 2174 2358 spectarent,

1183 2365 1409 2417 phantasiam
1425 2376 1459 2404 ct
1480 2368 1689 2419 figmentum
1708 2381 1794 2414 esse,
1814 2376 1852 2404 ut
1871 2381 1992 2405 eorum
2008 2367 2173 2420 blasphe-

1183 2426 1293 2464 miam
1307 2426 1352 2464 de
1368 2426 1486 2464 medio
1509 2427 1634 2464 tollere
1649 2436 1887 2479 praeverteret,
1902 2428 1994 2465 illud
2009 2430 2172 2478 verbum,

1183 2490 1350 2525 Factum
1384 2496 1453 2533 est,
1473 2488 1592 2538 posuit
1615 2503 1621 2522 :
1648 2501 1718 2524 non
1745 2496 1783 2524 ut
1816 2488 2046 2527 mutationem
2083 2491 2170 2528 sul]—

1182 2548 1334 2595 stantiae,
1357 2547 1467 2595 absit,
1485 2546 1548 2584 sed
1578 2556 1617 2584 ut
1646 2562 1741 2584 x-erae
1774 2549 1888 2586 carnis
1919 2550 2171 2589 assumtionem

1181 2607 1387 2645 declararet.
1403 2606 1719 2653 Quemadmodum
1734 2608 1829 2646 enim
1844 2623 1926 2647 cum
1942 2610 2044 2660 dicit,
2064 2613 2170 2650 Chri-

1181 2677 1260 2706 stus
1290 2682 1360 2705 nos
1391 2668 1567 2705 liberavit
1593 2668 1640 2705 de
1669 2669 1876 2707 maledicto
1906 2671 2169 2726 legis‚factus

92 2724 141 2761 “n
163 2727 184 2770 ἡ
206 2724 305 2762 οὐσία
331 2727 456 2770 αὐτοῦ,
476 2729 538 2772 τῆς
567 2727 694 2770 οἰκείας
715 2730 899 2766 ἀποστᾶσα
920 2728 1018 2775 δόξης
1033 2760 1042 2776 ,
1063 2733 1109 2773 εἷς
1133 2752 1154 2780 ss
1178 2744 1248 2780 pro
1278 2732 1385 2767 nobis
1414 2730 1663 2768 maledictum
1683 2761 1692 2778 ,
1710 2745 1780 2768 non
1803 2731 1981 2783 significat
2006 2735 2168 2773 substan-

86 2785 240 2837 κατάραν
261 2785 407 2833 οὖσιώΟη
424 2790 434 2835 <
450 2791 551 2825 τοῦτο
570 2788 637 2840 γὰρ
654 2790 724 2826 οὐδ’
748 2789 788 2826 ἂν
805 2790 965 2840 δαίμονες
988 2791 1110 2837 ἐννοή·

86 2860 195 2891 σαιεν,
215 2845 293 2883 οὔτε
320 2848 351 2884 οἱ
371 2847 503 2900 σφόδρα
530 2848 670 2896 ἀνόητοι
699 2850 759 2887 καὶ
788 2852 856 2887 τῶν
888 2850 979 2888 κατὰ
1007 2852 1107 2902 φύσιν

86 2906 362 2957 ἀπεστερημένοι
395 2911 551 2960 φρενῶν·
582 2910 755 2957 τοσαύτην
784 2909 886 2963 ι’ἔχει
921 2912 1011 2962 μετὰ
1046 2915 1110 2958 τῆς

129 3042 140 3055 ⁰
163 3036 278 3068 Morel.
296 3041 441 3082 ῥήματα,
460 3038 562 3072 Savil·
580 3045 672 3087 ῥητά

128 3088 145 3112 d
169 3087 282 3119 Morel
303 3096 335 3120 et
354 3090 434 3123 MSS.
453 3096 656 3131 καταίάςεως.
672 3093 773 3127 ὃᾶἲίΙ.
793 3099 1049 3136 συγκαταὲάσεως.

127 3145 139 3158 ‘³
162 3139 277 3171 Morel.
296 3146 395 3174 πάντα
409 3144 439 3174 δὲ
456 3150 657 3187 κεκτημένης,
674 3145 776 3178 Savil.
795 3152 895 3180 πάντα
912 3150 942 3180 δὲ
959 3150 1089 3190 ἐχούσης.

127 3199 141 3214 ³
159 3190 261 3224 Savil.
280 3196 367 3225 τοῦτο
391 3199 450 3237 γὰρ
466 3203 520 3232 τῆς
539 3201 673 3235 deza-:1¹25
686 3201 763 3231 ἐστὶν
779 3203 921 3239 ἐννοῆσαι,
940 3206 1092 3230 nostrum

84 3241 116 3273 in
124 3243 284 3284 margine.
297 3243 398 3275 Paulo
413 3252 489 3286 post
499 3245 573 3279 illos
581 3248 762 3280 insectatur
771 3249 953 3291 haereticos,
963 3251 1091 3293 quipu-

83 3299 194 3324 tarent.
220 3293 409 3326 simulatam
420 3306 489 3329 esse
505 3298 789 3343 Incarnationem5
805 3303 957 3347 ὑπόκρισιν
971 3312 1091 3346 nempe

84 3353 117 3377 et
132 3349 282 3387 ὑπόνοιαν,
313 3347 523 3381 simulatione
543 3358 576 3382 et
602 3352 758 3393 opinione
783 3360 915 3385 tantum
935 3353 968 3387 in
990 3366 1091 3388 carne

84 3395 255 3432 advenisse
271 3399 416 3434 Verbum
433 3401 633 3446 effluentes,
652 3407 765 3442 δοκήσει
781 3405 918 3448 scilicet,
936 3419 1008 3451 quae
1024 3420 1087 3444 vox

1179 2790 1266 2827 tiam
1295 2803 1396 2827 suam
1417 2805 1437 2827 a
1456 2789 1570 2841 gloria
1601 2791 1860 2837 abscedentem,
1878 2792 1913 2830 in
1938 2794 2168 2833 maledictum

1179 2865 1319 2889 versam
1332 2866 1404 2889 esse
1421 2850 1539 2900 (illud
1558 2852 1653 2889 enim
1668 2866 1711 2890 ne
1729 2852 1906 2891 daemoncs
1925 2855 2083 2905 quidem,
2108 2871 2168 2894 ne-

1181 2926 1248 2962 que
1275 2913 1332 2951 vel
1354 2913 1555 2951 stultissimi
1572 2922 1607 2951 et
1623 2923 1775 2952 amentes
1810 2915 2063 2966 cogitaverint3
2090 2927 2167 2955 tan—

1158 3042 1253 3075 initio
1271 3044 1436 3076 nascentis
1451 3043 1606 3077 Ecclesiae
1622 3057 1641 3077 a
1655 3046 1873 3078 novatoribus
1889 3047 2024 3079 inducta
2040 3048 2113 3087 fuit,
2130 3057 2166 3080 ut

1159 3096 1270 3129 videas
1286 3096 1375 3139 apud
1392 3099 1560 3140 Ignatium
1579 3096 1729 3139 Epistola
1746 3097 1790 3129 ad
1806 3097 2005 3139 Trallianos,
2021 3101 2165 3143 itemque

1157 3149 1264 3190 Epist.
1283 3149 1327 3181 ad
1342 3149 1545 3193 Smyrnaeos.
1567 3148 1665 3180 Illam
1688 3157 1799 3180 autem
1816 3161 1932 3182 vocem
1950 3153 2069 3183 Latine
2085 3164 2165 3184 con-

1156 3211 1286 3234 versam
1303 3201 1404 3234 habes
1421 3201 1511 3243 apud
1529 3203 1703 3243 Irenaeum,
1728 3199 1784 3232 ubi
1807 3205 1919 3240 δοκήσει
1939 3206 2090 3245 putative
2106 3215 2163 3235 ex-

1156 3257 1311 3298 primitur
1342 3254 1428 3288 libro
1455 3259 1466 3287 l
1487 3282 1494 3295 ,
1534 3261 1567 3285 et
1602 3253 1824 3296 sequentibus.
1865 3254 2077 3298 Subindeque
2108 3256 2161 3288 alii

1155 3308 1214 3342 SS.
1235 3310 1350 3341 Patres
1366 3307 1453 3340 hanc
1470 3306 1618 3339 haeresim
1636 3313 1953 3338 commemorarunt.

1200 3362 1216 3387 b
1233 3360 1347 3394 Morel.
1366 3360 1413 3405 [et
1429 3359 1538 3392 Codd.
1557 3359 1632 3400 705,
1659 3359 1738 3400 706]
1757 3363 1826 3402 ἔχει.
1843 3358 1944 3391 Savil.
1962 3364 2039 3402 ἕχον.

2236 724 2299 750 Sei-x
2311 726 2315 750 i
2335 724 2392 751 sm>

2207 775 2251 790 ma
2261 765 2325 791 Filii
2340 766 2390 793 l)··i

2222 806 2391 841 (lignitatem

2206 849 2390 874 nonminuit,

2242 2234 2381 2266 Incarnn-

2192 2278 2299 2305 tionem
2343 2281 2379 2307 fi.-

2223 2326 2374 2355 gmcntum

2189 2369 2249 2387 esse
2300 2361 2380 2388 dice-

2188 2401 2256 2429 ]›ant
2286 2402 2375 2430 haere-

2189 2443 2250 2471 tici.

2190 2624 2371 2654 Gal.3.13.
