2450 3683
246 214 302 241 Mi
1185 206 1390 235 MONITUM

1013 557 1548 638 MONITUM

824 768 914 815 AD
955 767 1337 830 LECTOREM
1380 767 1757 814 EnumTuM

594 951 724 983 «dij
758 949 960 982 UNDEOEM
993 947 1206 981 HOMILIAS
1234 946 1550 980 CHRYSOSTOMI
1580 945 1769 979 NONDUM
1800 945 1979 986 EDITAS,

757 1045 922 1077 Qt'AuUM
953 1042 1147 1068 ΛΠΟΓΡΑΦΑ
1176 1043 1303 1067 NUPER
1332 1042 1426 1065 MIHI
1459 1042 1694 1066 TRANSMISSA
1724 1041 1834 1065 SUNT.

309 1421 473 1460 Homiliae
496 1420 565 1457 illae
585 1418 751 1456 undecim
781 1430 928 1454 numero
955 1429 1001 1453 ex
1022 1413 1151 1452 Codice
1170 1413 1344 1452 Vaticano
1371 1410 1563 1463 prodeunt,
1583 1411 1645 1463 qui
1664 1410 1786 1449 Codex
1806 1425 1876 1449 non
1897 1412 1946 1450 ita
1980 1412 2119 1464 pridem
2147 1428 2192 1451 ex
2216 1423 2335 1453 monte

260 1485 366 1533 Atho,
382 1493 421 1520 ut
436 1483 548 1531 aiunt,
562 1481 599 1518 in
612 1478 1092 1518 BibliothecamVaticanam
1104 1475 1295 1513 translatus
1309 1483 1370 1512 est.
1385 1473 1429 1511 In
1449 1473 1516 1511 isto
1531 1481 1650 1520 autem
1664 1482 1783 1511 monte
1790 1473 1899 1512 variis
1914 1474 1950 1511 in
1966 1474 2188 1513 monasteriis
2204 1485 2337 1528 septem

257 1547 491 1584 bibliothecas
504 1543 832 1594 Manuscriptorum
852 1543 1062 1580 Graecorum
1082 1538 1207 1576 haberi
1224 1546 1304 1590 post
1323 1538 1496 1576 Joannem
1519 1536 1740 1574 Comnenum
1750 1565 1761 1585 ,
1782 1536 1845 1587 qui
1867 1535 1946 1574 illas
1966 1536 2135 1576 inviserat
2147 1567 2156 1584 ‚
2177 1538 2337 1576 diximus

258 1607 294 1644 in
314 1607 384 1644 fine
405 1604 679 1657 Palaeographiae
700 1604 834 1641 Grzecae
849 1633 858 1650 ‚
879 1616 914 1653 p.
934 1600 1012 1639 458
1026 1630 1036 1649 ,
1053 1601 1142 1637 475.
1173 1600 1297 1649 Neque
1314 1598 1406 1649 fugit
1425 1606 1562 1635 nostros
1580 1597 1644 1647 qui
1664 1598 1784 1634 Romae
1801 1597 1936 1649 degunt
1948 1627 1958 1647 ,
1980 1607 2013 1636 et
2031 1598 2129 1636 hisce
2145 1599 2252 1637 rebus
2270 1598 2339 1636 ad-

259 1670 410 1721 vigilant
425 1671 467 1707 R.
486 1670 526 1706 P.
547 1670 591 1706 D.
612 1668 759 1705 Petrum
774 1665 907 1704 Maloet
923 1663 1213 1715 Congregationis
1231 1671 1357 1701 nostrae
1380 1662 1651 1699 Procuratorem
1668 1660 1879 1699 Generalem
1899 1670 1932 1698 et
1953 1662 1998 1699 D.
2020 1662 2218 1714 Josephum
2237 1662 2337 1701 Avril

259 1733 336 1784 ejus
347 1731 494 1779 socium,
507 1729 674 1767 codicem
691 1728 799 1766 istum
820 1726 987 1764 ἀνέκδοτα
998 1723 1244 1776 Chrysostomi
1260 1737 1365 1775 opera
1378 1722 1668 1775 complectentem
1684 1722 1720 1759 in
1740 1721 1999 1760 Bibliothecam
2021 1723 2234 1762 Vaticanam
2250 1722 2338 1760 alla-

259 1804 337 1832 tum
354 1808 438 1832 esse.
458 1794 532 1831 Nec
546 1805 644 1829 mora
660 1789 861 1840 catalogum
878 1787 1129 1835 homiliarum,
1144 1800 1223 1836 quae
1237 1785 1273 1822 in
1288 1785 1352 1824 illo
1366 1784 1606 1833 continentur,
1623 1782 1755 1821 additis
1777 1784 1948 1835 cujusque
1960 1783 2118 1822 homiliae
2135 1783 2340 1836 principiis,

260 1855 350 1892 mihi
375 1853 629 1892 transmittunt.
660 1853 756 1889 Inter
782 1849 862 1888 illas
882 1858 1000 1886 autem
1030 1847 1196 1885 homilias
1223 1845 1390 1884 undecim
1414 1844 1550 1897 reperi,
1577 1859 1656 1896 quae
1676 1858 1852 1895 nusquam
1870 1844 1930 1883 vel
1948 1858 2039 1882 cusae
2059 1845 2116 1884 vel
2142 1854 2345 1883 memoratae

260 1916 410 1963 fueraut,
423 1927 570 1964 quaeque
577 1912 633 1951 vel
646 1911 785 1963 exipsis
800 1909 914 1947 titulis
929 1907 1068 1960 aliquid
1082 1907 1166 1945 boni
1179 1905 1456 1944 subindicarent.
1474 1906 1612 1957 Rogavi
1621 1905 1741 1943 statim
1756 1905 1847 1943 mihi
1862 1906 2048 1958 exscriptae
2064 1906 2345 1945 transmitteren-

263 1987 330 2015 tur.
354 1977 432 2014 Non
451 1975 602 2027 impigre
622 1983 737 2012 autem
754 1973 808 2010 illi
829 1972 879 2010 rei
892 1986 1040 2009 manum
1061 1980 1093 2009 et
1113 1983 1257 2022 operam
1275 1968 1536 2018 admoverunt,
1553 1977 1586 2006 et
1603 1982 1724 2006 omnes
1747 1967 1827 2005 illas
1848 1967 1938 2005 mihi
1952 1968 2184 2020 transcriptas
2199 1969 2339 2006 misere.

317 2040 406 2077 Sunt
425 2047 542 2076 autem
558 2050 676 2074 omnes
688 2036 758 2073 illae
775 2035 849 2073 sinc
867 2034 979 2072 dubio
995 2034 1156 2085 genuinae
1173 2048 1180 2068 :
1196 2046 1309 2083 neque
1328 2032 1442 2069 ullam
1456 2031 1530 2068 fore
1545 2039 1631 2082 puto
1658 2030 1751 2068 circa
1775 2029 1991 2081 γνησιότητα
2010 2030 2266 2068 sententiarum
2285 2029 2347 2067 di—

265 2103 478 2141 versitatem.
493 2102 625 2138 Omnes
639 2097 940 2150 Constantinopoli
957 2097 1089 2135 habitae
1105 2105 1197 2134 sunt.
1211 2095 1388 2146 Quodque
1402 2094 1491 2133 mihi
1506 2101 1712 2146 pergratum
1730 2107 1862 2145 perque
1873 2092 2074 2144 jucundum
2093 2092 2177 2142 fuit,
2195 2106 2266 2130 non
2285 2107 2349 2144 pa—

266 2181 345 2204 rum
365 2165 410 2203 ad
423 2164 608 2202 historiam
629 2162 726 2200 illius
745 2161 914 2213 temporis
928 2159 1178 2197 illustrandam
1193 2159 1348 2196 conferre
1362 2166 1521 2210 possunt.
1540 2155 1772 2207 Singularum
1790 2164 1907 2192 autem
1926 2155 1987 2192 hic
2004 2163 2125 2192 notam
2138 2153 2224 2192 dare
2237 2168 2349 2206 opera:

266 2228 421 2280 pretium
439 2241 512 2264 0550
528 2225 635 2271 duxi,
659 2225 740 2276 quia
762 2238 829 2261 nou
847 2237 1035 2275 possumus
1060 2222 1139 2259 illas
1162 2222 1196 2259 iu
1227 2221 1353 2259 Tomis
1374 2219 1602 2270 sequentibus
1622 2232 1732 2267 nono,
1751 2218 1902 2266 decimo,
1919 2217 1976 2256 vel
2004 2217 2191 2255 undecimo
2212 2217 2350 2269 publici

262 2291 356 2343 juris
370 2291 501 2339 facere,
521 2303 590 2326 non
611 2288 693 2325 licet
714 2287 809 2325 enim
829 2286 1005 2324 Homilias
1035 2285 1069 2322 iu
1090 2298 1222 2324 novum
1242 2285 1514 2321 Testamentum
1533 2283 1612 2334 jam
1632 2290 1763 2333 coeptas
1787 2279 1962 2326 dividere,
1982 2288 2021 2317 ut
2039 2279 2146 2318 hasce
2168 2280 2352 2318 conciones

267 2354 472 2391 inseramus.
502 2352 728 2404 Quapropter
752 2350 822 2387 illae
844 2349 892 2387 ad
916 2348 1168 2387 duodecimum
1191 2349 1346 2385 Tomum
1368 2344 1650 2384 transmittendae
1672 2353 1753 2382 sunt
1768 2373 1778 2393 ,
1799 2343 2010 2394 interimque
2026 2342 2170 2380 illarum
2188 2342 2352 2380 notitiam

267 2415 453 2464 dabimus,
469 2423 510 2451 ut
529 2414 559 2451 si
573 2412 659 2464 quid
680 2412 809 2450 eruditi
831 2412 899 2451 viri
922 2411 1013 2449 circa
1030 2411 1111 2447 illas
1131 2410 1232 2448 nobis
1253 2408 1404 2447 subsidii
1433 2409 1593 2446 conferre
1611 2406 1759 2459 possint,
1777 2419 1847 2456 qua
1871 2405 1915 2442 de
1936 2419 1974 2443 re
1992 2413 2117 2456 agatur
2146 2405 2269 2442 sciant.
2299 2404 2350 2441 Ad

270 2478 345 2514 hacc
360 2491 454 2525 vero,
469 2491 550 2514 cum
569 2476 603 2513 in
623 2474 803 2513 nonnullis
822 2488 944 2511 earum
964 2474 1081 2511 hiatus
1107 2481 1314 2521 occurrant,
1344 2471 1423 2522 quis
1444 2471 1509 2508 scit
1536 2484 1579 2507 au
1601 2468 1731 2507 eaedem
1749 2470 1785 2506 in
1805 2468 1886 2505 aliis
1910 2468 2058 2505 sortasse
2077 2466 2269 2505 Codicihus
2289 2465 2352 2502 ha-

271 2541 433 2587 beantur,
451 2539 513 2576 ubi
533 2539 696 2576 omnibus
718 2539 790 2575 suis
809 2537 972 2589 partibus
994 2536 1163 2574 absolutae
1184 2535 1313 2581 erunt?
1330 2535 1466 2572 Harum
1481 2533 1599 2583 itaque
1615 2531 1753 2579 titulos,
1770 2531 1872 2568 initia
1892 2540 1923 2568 et
1940 2538 2147 2581 argumenta
2164 2529 2293 2580 accipe.

1283 2695 1308 2730 l.

327 2830 473 2880 Ὀμιλία
493 2831 655 2880 ’λεχθεῖσα
674 2828 708 2864 ἐν
729 2829 777 2877 τῷ
802 2826 981 2876 μαρτυρίῳ
1000 2829 1048 2877 τῷ
1068 2827 1124 2862 ἐπὶ
1152 2829 1193 2875 τῇ
1222 2820 1356 2876 πάλαιᾷ
1376 2823 1514 2874 Πέτρᾳ,
1537 2822 1660 2872 ὀλίγων
1694 2819 1928 2869 συλλεγέντων
1955 2817 2010 2854 διὰ
2030 2818 2086 2854 τὸν
2113 2819 2282 2868 χειμῶνα,
2310 2820 2356 2860 εἷς

276 2896 314 2932 τὸ
330 2896 397 2931 δεῖν
414 2894 566 2942 συνεχῶς
585 2889 803 2939 συνάγεσθαι,
824 2888 883 2925 καὶ
901 2888 948 2937 μὴ
969 2888 1196 2938 ἀπαγορεύειν
1213 2888 1276 2934 τὴν
1296 2886 1471 2938 σωτηρίαν
1491 2887 1525 2922 ἐν
1557 2883 1807 2934 ἁμαρτήμασιν
1824 2881 1944 2928 ὄντας,
1968 2879 2058 2918 ἀλλὰ
2078 2879 2262 2928 μετάνοιαν
2277 2882 2354 2917 ἐπι-

277 2957 483 2994 δείκνυσθαι.
505 2954 679 2990 Ηοιηὶἰὶα
706 2953 838 2988 habita
858 2953 898 2987 in
915 2953 1105 2997 martyrio
1126 2953 1205 2987 sive
1225 2951 1388 2988 ecclesia
1407 2949 1550 2986 veteris
1565 2947 1706 2992 Petroe,
1724 2947 1859 2994 paucis
1877 2945 1922 2979 oh
1946 2944 2110 2980 hiemem
2128 2945 2357 2980 convenien-

279 3019 377 3053 tibus
395 3032 407 3052 .-
429 3015 532 3065 (μιοαῖ
547 3021 716 3064 oporteat
733 3012 886 3049 assidue
904 3011 1153 3048 conventibus
1172 3012 1353 3048 interesse
1371 3026 1381 3045 .·
1404 3018 1440 3047 et
1460 3008 1564 3060 quod
1581 3019 1658 3043 non
1686 3008 1734 3043 sit
1752 3004 2032 3056 desperandum
2061 3005 2108 3042 de
2132 3004 2274 3050 salute,
2293 3003 2358 3040 sed

276 3080 503 3127 poenitentia
516 3077 668 3127 agenda
687 3077 748 3112 sit.

333 3144 516 3177 Initium:
537 3139 582 3177 Τί
599 3143 719 3185 τοῦτ-05
738 3138 799 3183 τὴν
830 3139 928 3174 πόλιν
950 3136 1087 3173 ἅπασαν
1111 3140 1270 3185 παρεῖναι
1301 3134 1374 3171 δέον
1405 3134 1569 3184 σήμερον,
1591 3131 1666 3169 οὐδὲ
1696 3130 1734 3168 τὸ
1754 3130 1943 3168 πολλοστὸν
1977 3133 2059 3179 ἡμῖν
2091 3128 2270 3174 ἀπήντησε
2298 3131 2357 3163 τοῦ

280 3202 444 3252 συλλόγου
473 3200 588 3252 μέρος.

334 3262 398 3299 Est
416 3270 533 3299 autem
554 3270 673 3298 contra
691 3273 836 3307 avaros;
856 3258 972 3307 agitur
991 3257 1035 3294 de
1055 3266 1154 3294 terrae
1177 3266 1275 3293 motu
1292 3255 1386 3293 haud
1412 3257 1458 3293 ita
1480 3255 1631 3307 pridem,
1661 3254 1735 3291 sive
1760 3261 1839 3289 ante
1860 3251 2005 3302 triginta
2029 3251 2165 3288 circiter
2191 3248 2266 3286 dies
2289 3249 2352 3285 ha-

279 3326 368 3375 bito,
388 3326 449 3375 qui
467 3325 588 3362 multis
606 3323 734 3361 damna
757 3322 933 3360 intulerat.
958 3320 1144 3358 Auditorcs
1161 3328 1199 3357 ut
1217 3319 1322 3357 semel
1342 3318 1377 3355 in
1391 3317 1613 3356 hebdomada
1633 3316 1747 3354 adsint
1768 3315 1940 3352 hortatur.
1970 3315 2050 3352 Non
2076 3327 2150 3351 esse
2165 3312 2354 3364 desperan-

279 3389 376 3425 dum.
401 3392 410 3429 {J
423 3387 485 3424 Hic
497 3397 613 3424 autem
628 3400 696 3425 uno
719 3385 844 3423 avulso
861 3383 943 3422 folio
987 3383 1104 3421 hiatus
1123 3382 1230 3419 adest.
1246 3386 1257 3430 J)
1275 3383 1327 3419 De
1347 3381 1449 3418 Helia
1472 3381 1600 3425 inulta;
1622 3379 1664 3418 de
1684 3377 1795 3416 Paulo
1816 3390 1956 3426 quoque
1978 3375 2142 3427 plurima.
