2481 3678
165 1015 298 1043 Christus

109 1057 267 1093 discipulos
311 1053 448 1103 lostam,
467 1054 527 1092 sed
557 1063 700 1106 propter
727 1069 783 1091 me
808 1055 898 1092 illud
917 1055 1097 1104 sustinete,
1113 1056 1198 1106 quia
1218 1070 1300 1108 pro-

111 1098 210 1125 mullis
236 1108 298 1125 mo-

108 1140 153 1166 dis
169 1140 298 1167 consola-

110 1185 169 1208 tur.

317 222 408 268 518

313 321 396 370 quia
411 320 718 372 persequutionem
733 335 752 358 a
772 322 896 360 multis
918 323 1003 375 pati,
1022 333 1055 361 et
1091 323 1299 375 exprobrari

311 380 444 418 durum
462 391 535 419 erat
552 391 585 419 et
604 381 841 433 intolerabile,
863 383 959 434 quod
977 393 1094 437 posset
1115 384 1220 422 etiam
1238 398 1298 421 su-
1324 392 1347 422 E

311 441 458 480 blimem
482 443 643 481 animum
674 443 848 496 dejicere3
867 444 945 483 ideo
980 446 1173 483 innumeris
1205 459 1298 497 prae-

312 503 430 541 missis
449 504 493 541 ad
524 505 593 541 1100
619 504 727 551 venit,
749 515 939 557 postquam
967 507 1128 544 animum
1155 506 1299 544 illorum

312 564 540 613 demulserat,
565 574 598 602 et
628 579 673 602 ex
704 566 901 604 abundanti
936 577 1191 605 monstraverat
1224 567 1299 604 haec

312 639 377 676 pro
397 626 468 663 illis
490 627 580 663 facta
600 641 683 675 esse,
699 636 737 664 ut
758 636 792 664 et
807 627 876 666 alia
895 643 972 679 quae
988 631 1064 681 jam
1083 629 1295 667 ostenderat.

312 686 412 724 Sicut
431 687 524 724 enin]
551 687 645 724 dixit
674 701 742 726 non
770 689 876 727 modo
910 705 979 728 non
1009 691 1216 739 dolendum,
1237 689 1298 728 sed

311 747 417 784 etiam
431 747 669 799 gaudendum,
685 749 780 799 quod
800 750 865 788 iret
883 750 927 788 ad
945 752 1105 800 Patrem3
1122 766 1190 789 non
1205 752 1298 790 euim

312 817 351 845 ut
369 809 582 859 relinqueret
597 809 676 847 illos
689 810 756 848 hoc
772 825 806 848 se
819 812 931 849 facere
950 812 1048 861 dicit,
1064 812 1125 850 sed
1141 812 1238 863 quod
1255 811 1298 848 il-

781 239 801 270 S
811 260 819 269 .
854 239 1032 271 JOANNIS
1068 240 1310 272 CHRYSOST.

1353 241 1537 271 ARCHIEP
1546 261 1555 270 .
1593 240 1944 272 CONSTANTINOP-

1371 322 1555 361 διώκεσθαι
1587 321 1685 374 παρὰ
1703 324 1771 361 τῶν
1791 324 1928 362 πολλῶν
1945 323 2004 362 καὶ
2032 323 2253 368 ὀνειδίζεσθαι
2284 325 2395 376 χαλε-

1369 383 1432 421 πὸν
1453 378 1493 430 ἦν
1511 382 1570 421 καὶ
1590 383 1791 431 ἀνήκεστον,
1809 384 1867 421 καὶ
1887 384 2003 422 ἱκανὸν
2024 384 2082 422 καὶ
2102 383 2165 431 τὴν
2184 385 2322 437 ὑψηλὴν
2334 402 2395 423 τα-

1369 448 1537 482 πεινῶσαι
1559 443 1688 496 ψυχὴν,
1710 444 1766 482 διὰ
1789 450 1888 483 τοῦτο
1907 445 2013 497 μυρία
2032 445 2221 498 προειπὼν,
2238 445 2317 484 τότε
2349 448 2397 489 εἷς

1368 509 1469 542 τοῦτο
1491 509 1640 551 καθῆκεν
1662 508 1679 542 ὁ
1707 505 1867 556 Χριστός.
1889 506 2091 559 Προλεάνας
2109 506 2174 558 γὰρ
2199 509 2310 545 αὐτῶν
2333 506 2396 554 τὴν

1369 566 1498 618 ψυχὴν,
1519 565 1624 609 οὕτως
1646 566 1704 603 ἐπὶ
1719 569 1830 603 ταῦτα
1846 566 2004 618 ἔρχεται,
2021 567 2079 605 καί
2100 567 2188 606 αὐτὰ
2207 569 2246 605 ἐκ
2261 583 2399 620 περιου-

1370 628 1445 672 σίας
1480 627 1610 671 δεικνὺς
1639 626 1725 680 ὑπὲρ
1747 629 1858 665 αὐτῶν
1875 628 1976 676 ὄντα,
2005 628 2123 681 ὥσπερ
2141 628 2200 666 καὶ
2231 628 2274 666 τὰ
2308 629 2398 666 ἄλλα

1373 688 1542 732 ἀπέδειξε.
1564 689 1731 740 Καθάπερ
1750 688 1817 740 γὰρ
1837 683 1944 735 εἶπεν,
1963 689 2015 727 ὅτι
2032 692 2094 727 ’3οὐ
2113 690 2243 740 μᾶλλον
2255 691 2318 728 οὐκ
2337 691 2398 728 ἀλ-

1370 755 1456 801 γεῖν,
1475 749 1565 787 ἀλλὰ
1585 750 1643 787 καὶ
1662 749 1797 802 χαίρειν
1819 750 1890 798 δεῖ,
1923 749 1974 788 ὅτι
1995 750 2196 803 ἀπέρχομαι
2223 751 2308 802 πρὸς
2339 751 2396 789 τὸν

1371 810 1517 862 Πατέρα
1546 813 1602 858 (οὐ
1622 810 1689 864 γὰρ
1709 811 2025 862 ἐγκαταλιμπάνων
2051 810 2189 858 αὐτοὺς,
2220 811 2310 849 ἀλλὰ
2338 811 2398 849 καὶ

310 869 362 906 105
385 868 490 907 valde
517 879 675 907 amaret:
694 870 740 907 ita
765 880 798 908 et
825 871 885 909 hic
913 872 1065 910 ostendit
1092 872 1297 921 laetandum,
1312 909 1359 935 453
1373 872 1504 924 σφόδρα
1524 874 1645 924 φιλῶν,
1664 877 1765 910 τοῦτο
1784 877 1917 921 ποιεῖ)·
1939 872 2027 910 οὕτω
2059 873 2117 911 καὶ
2152 875 2295 911 ἐνταῦθα
2326 872 2398 910 δεί-

309 944 379 968 non
410 930 602 968 dolendum
628 945 716 972 esse.
734 932 778 969 Et
809 932 1050 971 animadverte
1085 948 1154 984 quo
1195 943 1298 986 pacto
1325 946 1350 974 Α
1372 948 1501 981 κνυσιν,
1517 933 1569 970 ὅτι
1583 933 1729 985 χαίρειν,
1749 935 1809 972 οὖν.
1829 935 1946 985 ἀλγεῖν
1967 935 2027 973 δεῖ.
2052 933 2121 971 Καὶ
2141 932 2203 985 ὅρα
2226 935 2300 976 πῶς
2317 933 2399 971 αὐτὸ

310 992 437 1043 probet
463 992 662 1030 111ι1(1.Νο11
683 993 775 1030 euim
801 994 895 1030 dixit
909 1010 916 1029 τ
930 995 1011 1032 Scio
1034 1009 1108 1031 rem
1135 1009 1207 1032 esse
1226 1009 1301 1032 mo-

311 1124 389 1166 pter
422 1130 478 1152 me
503 1115 678 1166 patimini.
699 1115 869 1152 Nondum
896 1117 990 1153 enim
1017 1117 1093 1154 haec
1121 1117 1300 1155 sufficiens

311 1175 558 1213 consolationis
579 1190 682 1213 causa
702 1177 1073 1230 fuisset:quapropter
1092 1177 1199 1215 missa
1219 1178 1297 1228 illa,

308 1237 416 1275 aliam
438 1238 617 1290 proponit.
635 1238 776 1284 Quam?
797 1239 903 1284 Quod
924 1240 1053 1291 prioris
1071 1240 1216 1278 virtutis
1231 1240 1300 1278 1100

309 1308 396 1336 055οῐ
416 1309 677 1350 argumentum,
692 1308 724 1337 et
745 1309 866 1337 eontra
887 1299 1082 1338 dolendum
1111 1310 1212 1350 esset,
1229 1315 1299 1339 non

308 1359 405 1408 quod
437 1374 529 1397 nunc
554 1359 668 1397 odiosi
697 1359 786 1409 sitis,
801 1360 861 1398 sed
887 1360 916 1398 si
945 1361 1198 1412 diligeremini.
1223 1362 1300 1399 Hoc

308 1420 402 1457 enim
425 1419 642 1465 subindicat,
658 1435 740 1458 011111
759 1421 807 1458 ait
823 1437 831 1457 τ
849 1422 909 1459 19.
926 1422 965 1460 Si
982 1422 1029 1459 de
1045 1424 1189 1460 mundo
1203 1437 1301 1461 esse-

309 1484 370 1527 tis,
394 1483 558 1519 mundus
585 1483 689 1534 quod
708 1496 820 1520 suum
851 1492 947 1520 esset
976 1484 1162 1535 diligeret.
1179 1485 1302 1534 Itaque

308 1543 337 1579 si
353 1542 605 1593 diligeremini,
624 1543 862 1595 improbitatis
886 1543 1060 1581 indicium
1079 1544 1297 1596 praeberetis.

309 1606 448 1643 Deinde
481 1606 562 1656 quia
591 1606 648 1643 his
675 1606 781 1644 dietis
812 1607 903 1644 nihil
927 1608 1143 1659 profecerat,
1172 1607 1301 1645 iterum

309 1666 548 1718 prosequitur:
570 1667 631 1704 QO.
656 1668 747 1704 IVon
767 1675 821 1704 est
841 1681 971 1705 servus
1001 1670 1127 1720 major
1145 1669 1301 1706 domino

309 1727 447 1766 5110.st
462 1741 522 1764 me
532 1731 753 1780 persequuti
766 1737 868 1774 sunt,
885 1737 921 1766 et
934 1743 1005 1766 vos
1013 1738 1300 1781 persequentur.

310 1789 403 1826 llinc
430 1789 587 1826 maxime
609 1789 763 1827 ostendit
792 1790 887 1842 ipsos
908 1790 1101 1828 imitatores
1114 1791 1202 1828 fore.
1224 1792 1299 1828 Do-

310 1865 372 1889 nec
388 1852 481 1888 enim
501 1852 663 1889 Christus
680 1852 715 1889 in
733 1866 837 1889 earne
856 1851 936 1900 fuit,
951 1861 1073 1889 contra
1093 1852 1213 1904 ipsum
1228 1867 1303 1890 cer-

310 1913 467 1959 tabatur;
485 1921 668 1964 postquam
689 1922 808 1950 autem
839 1922 1016 1950 assumtus
1044 1922 1108 1963 est,
1131 1912 1302 1951 adversus

310 1971 391 2010 illos
422 1982 620 2024 pugnatum
647 1982 709 2010 est.
728 1973 819 2009 Hinc
844 1972 928 2023 quia
952 1973 1057 2025 pauci
1084 1985 1205 2013 contra
1225 1985 1303 2014 tan-

311 2043 386 2070 tum
413 2033 586 2085 populum
614 2033 847 2071 concertaturi
873 2034 1123 2084 turbabantur,
1143 2036 1303 2088 ipsorum

312 2094 449 2131 animos
475 2094 579 2145 erigit
605 2094 738 2141 dicens,
761 2094 852 2132 hanc
880 2109 953 2132 0550
978 2096 1134 2134 maxime
1159 2097 1303 2135 laetandi

315 2171 473 2206 eausam,
495 2155 591 2206 quod
609 2156 654 2193 ab
676 2156 748 2193 illis
767 2155 849 2193 odio
865 2156 1102 2194 haberentur:
1118 2160 1171 2196 Ita
1192 2159 1301 2210 enim,

313 2216 441 2267 inquit,
461 2216 550 2253 mihi
572 2216 777 2268 passionum
799 2225 975 2254 consortes
995 2218 1104 2255 eritis.
1126 2220 1203 2256 Non
1223 2233 1305 2271 ergo

309 2292 373 2315 vos
402 2278 539 2315 turbari
560 2286 715 2329 oportet3
737 2291 806 2314 non
825 2277 920 2314 enim
940 2291 996 2314 me
1028 2278 1181 2329 potiores
1203 2280 1303 2328 estis;

311 2339 499 2389 siquidem,
518 2348 556 2376 ut
574 2339 668 2385 dixi,
680 2340 770 2376 Non
786 2347 841 2376 est
857 2353 987 2376 servus
1004 2342 1130 2392 major
1149 2341 1304 2378 domino

310 2415 388 2438 sno.
409 2401 495 2439 Inde
521 2400 623 2438 tertia
652 2400 811 2451 sequitur
841 2401 1034 2439 consolatio
1056 2417 1063 2437 :
1084 2402 1180 2451 quod
1202 2403 1305 2440 Pater

310 2476 378 2499 una
413 2477 494 2500 cum
528 2462 614 2514 ipsis
647 2462 860 2500 contumelia
899 2462 1087 2500 afficiatur.
1109 2465 1174 2501 91.
1206 2466 1304 2501 Hcec

311 2528 441 2561 omnia
464 2526 623 2577 facient
655 2526 788 2570 vohis,
820 2524 948 2575 inquit,
973 2534 1129 2576 propter
1165 2540 1304 2563 nomen

312 2600 448 2630 meum,
473 2588 565 2638 quia
595 2588 770 2622 nesciunt
796 2599 881 2622 eum
910 2588 976 2637 qui
1007 2589 1110 2624 misit
1138 2601 1215 2634 me,·
1235 2587 1304 2625 1100

312 2655 377 2690 est,
390 2647 496 2684 Illum
516 2661 653 2697 quoque
674 2647 888 2684 contumelia
908 2647 1079 2684 afficiunt.
1100 2647 1156 2685 Ad
1171 2647 1246 2685 haec
1260 2648 1304 2685 il-

313 2707 366 2743 los
388 2708 483 2744 omni
503 2708 604 2745 venia
628 2708 795 2759 indiguos
815 2709 1060 2760 pronuntians,
1075 2708 1184 2746 aliam
1203 2710 1305 2747 affert

314 2769 585 2806 consolationem
606 2769 664 2807 1115
686 2770 804 2809 verbis
826 2787 833 2806 :
855 2774 917 2808 92.
936 2772 976 2809 Si
995 2786 1074 2808 non
1093 2774 1300 2819 venissem,

314 2838 350 2867 el
375 2830 733 2882 loquutusfuissem
762 2834 829 2877 eis,
847 2841 1047 2883 peccalum
1081 2847 1158 2870 non
1187 2834 1305 2871 habe-

314 2900 416 2936 rent;
434 2889 617 2927 ostendeus
635 2891 727 2942 ipsos
754 2892 873 2942 inique
893 2893 926 2930 in
950 2907 986 2931 se
1009 2903 1042 2931 et
1062 2893 1096 2930 in
1111 2893 1305 2946 discipulos

316 2966 389 2990 0550
406 2960 557 2989 acturos.
582 2952 655 2987 Cur
670 2966 750 3001 ergo
771 2967 833 2990 nos
854 2954 888 2990 in
903 2954 979 2991 haec
996 2954 1167 2992 induxisti
1184 2955 1305 2992 mala?

315 3027 430 3050 annon
462 3011 685 3064 praevidebas
723 3013 816 3050 bella
851 3023 884 3051 ct
912 3015 1017 3052 odia?
1048 3015 1135 3053 Ideo
1165 3016 1268 3054 addit
1295 3032 1302 3052 ε

314 3075 377 3112 25.
403 3075 477 3124 Qui
506 3087 565 3110 me
587 3074 680 3117 odit,
704 3082 737 3109 et
768 3076 928 3111 Patrem
957 3090 1082 3114 meum
1112 3078 1205 3114 odit.
1229 3078 1308 3115 Non
1331 3081 1355 3110 D

314 3149 467 3187 parvum
497 3133 580 3170 hinc
613 3133 683 3170 illis
713 3134 931 3185 supplicium
963 3137 1189 3187 przenuntiat.
1216 3138 1311 3184 Quia

315 3196 410 3232 enim
426 3194 557 3245 ubique
573 3193 820 3241 obtendebant,
834 3208 869 3231 50
888 3204 1032 3246 propter
1051 3197 1191 3235 Patrem
1208 3199 1311 3236 Chri-

317 3266 412 3293 stum
434 3255 610 3307 persequi,
626 3255 699 3292 illis
721 3269 859 3292 omnem
879 3256 1040 3293 auferens
1059 3257 1311 3309 defensionem,

315 3318 390 3355 haec
422 3317 528 3355 dixit.
560 3316 705 3354 Nullam
732 3316 826 3354 enim
857 3316 990 3354 hahent
1018 3318 1309 3356 exeusationem:

360 3433 367 3445 ι
390 3421 556 3462 lutei-pres
574 3418 726 3452 Aretinus
739 3418 818 3463 legit
835 3424 866 3453 o)
881 3427 980 3461 μόνον,
997 3419 1112 3453 melius
1130 3428 1159 3451 ut
1183 3420 1324 3455 videtur.

1372 993 1634 1037 κατασκευάζει.
1661 996 1714 1032 Οὐ
1733 994 1801 1045 γὰρ
1817 988 1923 1042 εἶπεν,
1943 989 2016 1032 οῖδα
2032 995 2187 1047 λυπηρὸν
2199 995 2234 1033 ὂν
2255 995 2294 1032 τὸ
2309 1000 2399 1047 πρᾶ-

1371 1069 1465 1104 γμα,
1483 1053 1572 1091 ἀλλὰ
1601 1055 1643 1091 δι’
1665 1053 1726 1104 ἐμὲ
1747 1053 1889 1106 φέρετε,
1914 1055 2033 1102 ἐπειδὴ
2068 1056 2127 1094 καὶ
2162 1057 2204 1094 δι’
2228 1054 2291 1105 ἐμὲ
2322 1054 2397 1093 ποῖ-

1372 1129 1486 1165 σχετε.
1512 1116 1663 1152 Οὐδέπω
1681 1114 1748 1166 γὰρ
1765 1114 1852 1162 αὕτη
1872 1119 1892 1160 ἡ
1911 1116 2082 1169 πρόφασις
2101 1115 2203 1162 ἱκανὴ
2223 1111 2264 1163 ἦν
2281 1132 2400 1169 παρα-

1371 1175 1601 1226 μυθήσασθαι.
1620 1174 1749 1227 Διόπερ
1776 1175 1880 1222 αὐτὴν
1903 1177 2017 1228 ἀφεὶς,
2038 1177 2158 1229 ἑτέραν
2191 1176 2394 1230 προτίθησι.

1371 1237 1483 1275 Ποίαν
1504 1236 1544 1283 δὴ
1573 1236 1725 1284 ταύτην;
1743 1236 1826 1274 (Ότι
1856 1240 1918 1283 τῆς
1949 1237 2120 1289 προτέρας
2153 1240 2277 1289 ἀρετῆς
2300 1241 2401 1275 τοῦτο

1371 1298 1576 1350 τεκμήριον.
1594 1297 1665 1336 Καὶ
1676 1296 1873 1336 τούναντίον
1887 1299 2003 1349 ἀλγεῖν
2015 1300 2133 1351 ἐχρῆν,
2146 1300 2212 1350 οὐχ
2226 1297 2277 1337 ὅτι
2291 1304 2403 1349 μισεῖ-

1373 1362 1432 1396 σθε
1458 1363 1528 1405 νῦν,
1546 1360 1622 1397 ἀλλ’
1640 1360 1669 1396 εἷ
1689 1358 1853 1408 ἐμέλλετε
1878 1361 2064 1410 φιλεῖσθαι.
2081 1362 2194 1398 Τοῦτο
2213 1359 2280 1413 γὰρ
2296 1358 2402 1397 αἰνίτ-

1370 1436 1467 1458 τεται
1488 1423 1528 1458 ἐκ
1547 1424 1605 1458 τοῦ
1619 1420 1731 1471 λέγειν
1744 1435 1751 1442 ·
1771 1421 1815 1457 Εἰ
1834 1421 1873 1457 ἐκ
1893 1425 1952 1458 τοῦ
1972 1420 2105 1472 κόσμου
2135 1415 2217 1467 ἦτε,
2235 1423 2252 1458 ὃ
2272 1420 2402 1470 κόσμος

1372 1481 1412 1519 ἂν
1437 1482 1474 1520 τὸ
1511 1481 1596 1519 ἴδιον
1626 1481 1746 1533 ἐφίλει.
1765 1480 1876 1519 εΏστε
1911 1483 1939 1519 εἷ
1970 1483 2159 1534 ἐφιλεῖσθε,
2180 1481 2321 1528 εὔδηλον
2348 1480 2401 1518 ὅτι

1370 1542 1538 1595 πονηρίας
1554 1541 1729 1595 ἓξεφέρετε
1743 1542 1881 1592 δεῖγμα.
1900 1536 2008 1590 Εἶτα,
2029 1542 2148 1590 ἐπειδὴ
2167 1547 2266 1580 τοῦτο
2283 1558 2401 1594 προει-

1372 1603 1447 1642 πὼν
1470 1606 1532 1642 οὐκ
1568 1603 1791 1657 ἐξειργάσατο
1825 1604 1930 1651 αὐτὸ,
1959 1603 2184 1655 ἐπεξέρχεται
2217 1603 2321 1641 πάλιν
2350 1604 2400 1652 τῷ

1371 1665 1480 1718 λόγῳ·
1501 1668 1578 1704 Οὐκ
1604 1664 1678 1702 ἔστι
1701 1667 1820 1708 δοῦλος
1841 1665 1967 1715 μείζων
1988 1670 2047 1703 τοῦ
2063 1664 2182 1716 κυρίου
2212 1666 2328 1701 αὐτοῦ.
2357 1664 2401 1701 Εἰ

1372 1726 1434 1776 ἐμὲ
1457 1725 1620 1774 ἐδίωξαν,
1642 1727 1701 1764 καὶ
1733 1729 1822 1776 ὑμᾶς
1856 1725 2047 1770 διώξουσιν.
2073 1724 2211 1768 ’Έδειξε
2243 1723 2402 1770 ζηλωτὰς

1373 1786 1496 1831 αὐτοὺς
1518 1786 1609 1825 κατὰ
1624 1791 1725 1824 τοῦτο
1746 1786 1899 1837 μάλιστα
1914 1785 2125 1838 γινομένους.
2144 1785 2241 1828 ἽΞως
2257 1784 2320 1835 μὲν
2335 1784 2403 1835 γὰρ

1372 1843 1413 1895 ἦν
1435 1851 1468 1886 ἐν
1492 1848 1595 1901 σαρκὶ
1615 1851 1631 1886 ὁ
1651 1848 1801 1900 Χριστὸς
1815 1879 1824 1896 ,
1842 1847 1927 1901 πρὸς
1954 1849 2081 1885 ἐκεῖνον
2106 1847 2164 1885 τὸν
2186 1846 2337 1896 πόλεμον
2356 1839 2404 1883 si-

1371 1925 1434 1962 χον
1447 1926 1454 1933 ·
1474 1909 1594 1957 ἐπειδὴ
1616 1908 1651 1948 δὲ
1681 1909 1830 1960 μετέστη
1844 1939 1852 1955 ,
1874 1909 1959 1962 πρὸς
1979 1908 2100 1952 αὐτοὺς
2127 1908 2232 1946 πάλιν
2249 1902 2351 1954 ιἦλθεν
2379 1910 2402 1954 ἡ

1374 1970 1486 2023 μάχη.
1516 1965 1604 2008 Εἶτα
1625 1970 1744 2017 ἐπειδὴ
1776 1970 1885 2021 ὀλίγοι
1913 1970 2008 2013 ὄντες
2037 1969 2261 2022 ἕθορυὸοῧντο
2292 1968 2403 2019 δήμου

1374 2031 1539 2070 τοσούτου
1571 2032 1754 2083 μέλλοντες
1779 2031 1931 2078 πόλεμον
1953 2030 2228 2082 καταδέχεσθαι,
2257 2028 2404 2074 ἀνίστη-

1376 2109 1429 2131 σιν
1445 2096 1556 2131 αὐτῶν
1576 2093 1638 2140 τὴν
1660 2092 1775 2145 ψυχὴν
1791 2092 1913 2145 λέγων,
1933 2091 1986 2130 ὅτι
2004 2097 2104 2130 τοῦτο
2124 2091 2278 2143 μάλιστα
2293 2096 2406 2142 χαρᾶς

1376 2153 1474 2206 ἔργον
1492 2153 1564 2192 ἐστὶ
1595 2155 1634 2192 τὸ
1669 2157 1846 2205 μισεῖσθαι
1875 2156 1957 2206 παρ’
1978 2155 2111 2191 αὐτῶν·
2140 2151 2229 2191 οὕτω
2258 2151 2325 2203 γάρ
2347 2167 2406 2202 μοι

1375 2217 1605 2263 κοινωνήσετε
1624 2219 1692 2254 τῶν
1714 2219 1847 2253 παθῶν.
1872 2217 1925 2253 Οὔ
1947 2215 2059 2253 τοίνυν
2080 2217 2169 2265 ὑμᾶς
2189 2213 2406 2266 θορυὸεῖσθαι

1376 2278 1465 2330 χρή·
1493 2280 1531 2315 οὐ
1562 2277 1628 2329 γὰρ
1666 2280 1764 2327 ὑμεῖς
1790 2278 1874 2326 ἐμοῦ
1911 2275 2102 2327 κρείττους·
2122 2275 2242 2327 ὥσπερ
2267 2268 2324 2312 οὖν
2347 2273 2407 2311 καὶ

1376 2338 1563 2391 προλαὸὼν
1584 2332 1692 2384 εἷπον,
1714 2339 1792 2376 Οὐκ
1813 2336 1886 2375 ἔστι
1915 2338 2033 2380 δοῦλος
2053 2336 2178 2386 μείζων
2196 2340 2256 2374 τοῦ
2287 2335 2405 2388 κυρίου

1378 2402 1493 2438 αὐτοῦ.
1514 2394 1603 2437 Fst'w
1624 2399 1682 2437 καὶ
1702 2398 1802 2450 τρίτη
1832 2397 2058 2451 παραμυθία,
2090 2400 2142 2435 ὅτι
2161 2397 2220 2435 καὶ
2243 2401 2260 2435 ὃ
2279 2396 2406 2448 Πατὴρ

1377 2461 1554 2512 ὑδρίζεται
1574 2463 1649 2511 μετ’
1671 2462 1794 2498 αὐτῶν.
1816 2461 1940 2497 Ταῦτα
1960 2459 2028 2510 γὰρ
2047 2459 2185 2495 ἅπαντα
2197 2457 2404 2504 ποιήσουσι,

1378 2522 1484 2574 φησὶ,
1504 2521 1559 2559 διὰ
1573 2521 1612 2560 τὸ
1630 2521 1737 2572 ὄνομά
1755 2536 1820 2571 μου
1832 2549 1841 2566 ,
1864 2519 1916 2558 ὅτι
1940 2521 2002 2558 οὒκ
2015 2518 2126 2558 οἴδασι
2143 2519 2201 2557 τὸν
2219 2518 2407 2570 πέμψαντά

1379 2600 1441 2632 με·
1463 2583 1637 2627 τουτέστι,
1654 2585 1813 2621 κάκεῖνον
1832 2581 2041 2633 ὑίῗρίζουσιν.
2062 2580 2158 2632 Πρὸς
2172 2580 2304 2624 τούτοις
2324 2596 2406 2631 συγ-

1376 2644 1519 2697 γνώμης
1540 2643 1662 2688 αὖτοὺς
1675 2646 1891 2695 ἀποστερῶν,
1908 2642 1967 2680 καὶ
1987 2641 2092 2684 τιθεὶς
2117 2641 2176 2679 καὶ
2196 2640 2315 2692 ἑτέραν
2335 2657 2406 2679 πα-

1379 2705 1563 2757 ραμυθίαν,
1586 2704 1708 2758 φησίν·
1741 2706 1786 2742 Εἰ
1812 2703 1859 2754 μὴ
1889 2698 1993 2750 ἦλθον
2012 2701 2071 2740 καὶ
2096 2702 2250 2748 ἐλάλησα
2269 2702 2406 2750 αὐτοῖς,

1377 2766 1551 2818 ἁμαρτίαν
1573 2768 1635 2803 οὐκ
1655 2759 1760 2817 εἶχον,
1783 2763 1915 2806 δεικνὺς
1932 2762 1983 2800 ὅτι
2002 2761 2199 2824 ἀδίκωςέιαὶ
2217 2762 2261 2800 τὰ
2281 2764 2328 2805 εἷς
2341 2763 2407 2799 αὖ-

1377 2827 1434 2865 τὸν
1454 2827 1512 2865 καὶ
1532 2825 1575 2864 τὰ
1595 2828 1642 2869 εἰς
1657 2824 1805 2867 ἐκείνους
1818 2823 2034 2876 ἐργάσονται.
2052 2822 2098 2860 Τί
2114 2826 2171 2860 οὖν
2187 2822 2244 2860 ἐπὶ
2254 2827 2407 2861 τοσαῦτα

1377 2891 1470 2939 ἡμᾶς
1483 2887 1631 2938 ιἸῆγαγες
1647 2886 1758 2933 κακά,
1774 2885 1851 2937 οὐχὶ
1871 2885 2034 2936 προῄδεις
2048 2884 2126 2928 τοὺς
2143 2885 2329 2935 πολέμους,
2347 2885 2407 2922 καὶ

1378 2949 1417 2987 τὸ
1437 2954 1558 2999 μῖσος;
1579 2947 1648 2985 Διὰ
1663 2952 1764 2985 τοῦτο
1780 2948 1886 2984 πάλιν
1906 2946 2027 2998 φησίν·
2059 2946 2103 2984 ‘O
2125 2946 2186 2997 ἐμὲ
2208 2949 2332 2996 μισῶν,
2348 2945 2407 2984 καὶ

1377 3011 1434 3049 τὸν
1460 3009 1605 3063 Πατέρα
1623 3025 1687 3059 μου
1712 3014 1830 3058 μισεῖ,
1850 3009 1888 3045 οὐ
1907 3007 2036 3059 μικρὰν
2051 3007 2108 3045 καὶ
2125 3011 2278 3046 ἐντεῦθεν
2295 3009 2408 3049 αὐτοῖς

1377 3073 1633 3123 προαναφωνῶν
1661 3069 1818 3107 κόλασιν.
1846 3067 1993 3114 Ἐπειδὴ
2025 3068 2093 3121 γὰρ
2126 3067 2196 3105 ἅνω
2224 3067 2282 3105 καὶ
2310 3066 2408 3104 κάτω

1379 3130 1666 3184 προεφασίζοντο,
1692 3128 1745 3167 ὅτι
1778 3128 1835 3167 διὰ
1863 3129 1921 3167 τὸν
1950 3128 2095 3180 Πατέρα
2121 3127 2221 3166 αὐτὸν
2252 3127 2407 3174 ἐδίωκον,

1381 3194 1529 3244 ἀναιρῶν
1552 3192 1662 3228 αὐτῶν
1686 3190 1749 3236 τὴν
1770 3189 1958 3240 ἀπολογίαν
1980 3193 2088 3226 ταῦτα
2105 3188 2252 3240 εἴρηκεν.
2267 3189 2319 3226 Οὐ
2339 3187 2407 3239 γὰρ

1380 3253 1497 3304 ἔχουσι
1531 3252 1721 3304 πρόφασιν·
1758 3249 1822 3297 τὴν
1846 3250 1915 3288 ἀπὸ
1953 3252 2022 3287 τῶν
2046 3249 2157 3301 λόγων
2178 3247 2404 3286 διδασκαλίαν

1381 3311 1624 3364 παρεσχόμην,
1640 3311 1701 3357 τὴν
1728 3311 1796 3349 ἀπὸ
1814 3313 1882 3348 τῶν
1897 3309 2006 3362 ἔργων
2026 3310 2226 3362 προσέθηκα
2242 3309 2332 3348 κατὰ
2347 3309 2405 3347 τὸν

1438 3433 1450 3447 ¹¹
1467 3422 1582 3456 Morcl.
1599 3428 1700 3464 ἤγαγε.
