2481 3678
95 1039 275 1080 Joan.4.42.

197 2387 288 2413 Erant

102 2430 220 2465 quidam
245 2437 287 2453 m-

105 2469 288 2499 tonitium-ni,

103 2513 154 2547 qui
202 2519 292 2545 usque

197 2556 293 2577 extre„

107 2602 186 2619 inum
219 2591 294 2617 hati-

107 2640 167 2660 tum
194 2632 292 2666 hapu-

106 2685 165 2700 smu
192 2672 293 2700 disset·-

107 2723 181 2743 rent.

290 222 303 248 1
318 220 374 250 20

283 299 423 351 rogavit
441 299 500 338 vel
518 299 633 351 dixit,
653 298 813 338 Curhaec
829 297 1003 348 loqueris,
1017 311 1086 348 qua
1105 296 1149 336 de
1162 309 1268 334 causa

283 370 317 398 et
336 359 492 398 ratione?
511 360 615 398 Dixit
638 374 791 408 rursum,
811 360 913 397 Ecce
939 371 1063 410 agnus
1087 359 1173 405 Dei,
1202 359 1269 409 qui

285 422 388 459 tollit
401 431 600 474 peccalum
624 423 769 460 mundi.
793 421 913 470 Neque
932 420 981 457 sic
1006 419 1151 456 illorum
1170 419 1268 470 igna-

283 483 381 521 viam
396 483 524 533 tetigit.
544 482 630 520 Ideo
649 481 771 519 eadem
791 480 866 532 ipsa
886 489 1039 532 repetere
1060 479 1213 530 cogitur,
1229 492 1270 515 ac

285 543 315 581 si
331 553 461 580 terram
473 542 665 593 quamdam
677 554 838 593 asperam
855 549 888 577 et
902 539 1028 577 diuam
1044 539 1271 578 renovatione

286 603 480 654 emolliret,
494 613 527 641 et
545 603 656 641 verbo
674 601 774 653 quasi
784 610 902 639 aratro
920 601 1103 638 subactam
1120 609 1273 638 mentem

287 665 476 714 excitaret,
500 673 540 701 ut
568 663 746 715 profunde
768 662 901 700 semina
925 663 1069 714 jaceret.
1096 662 1180 700 Ideo
1203 674 1271 699 non

287 725 392 775 longo
405 724 517 762 utitur
529 737 699 772 sermone,
717 723 799 774 quia
819 737 930 760 unum
949 731 1087 760 tantum
1116 722 1273 769 curabat,

289 794 328 823 ut
338 785 419 823 illos
430 799 511 821 eum
522 784 663 822 Christo
674 784 911 836 conjungeret.
923 783 1063 821 Sciebat
1073 783 1167 820 enim
1177 782 1272 832 illos,

290 847 319 883 si
332 847 400 884 hoc
414 845 521 883 semel
535 845 767 897 suscepissent
777 854 810 882 et
820 845 1130 896 obtemperassent,
1142 856 1211 880 non
1222 842 1277 879 ul-

291 916 343 944 tra
354 906 553 944 testimonio
566 920 654 958 opus
664 905 866 942 habituros:
879 914 917 941 ut
928 905 1034 941 ctiam
1046 903 1173 942 evenit.
1186 904 1278 940 Nam

292 967 320 1005 si
333 967 543 1006 Samaritani
548 976 751 1019 ,postquam
761 966 863 1004 illum
876 963 1215 1013 audierant,mulieri
1225 962 1280 1000 di-

293 1039 375 1068 cunt
385 1047 392 1067 τ
402 1032 491 1069 Non
496 1033 583 1083 jam
591 1037 746 1081 propter
755 1037 861 1066 tuam
877 1027 1069 1079 loquelam
1080 1026 1280 1063 credimus:

292 1095 365 1144 ipsi
381 1095 482 1129 enim
495 1094 683 1136 novimus,
698 1091 790 1142 quia
801 1090 863 1126 hic
874 1096 929 1125 est
947 1087 1131 1124 Salvator
1147 1085 1283 1122 mundi

295 1154 496 1200 Clzristzc55
516 1151 630 1188 multo
650 1150 754 1187 citius
768 1147 936 1199 discipuli
955 1146 1047 1198 capti
1063 1145 1223 1193 fuissent,
1244 1155 1283 1182 ut

293 1227 413 1251 revera
434 1212 525 1263 capti
549 1221 641 1248 sunt.
670 1210 762 1246 Cum
784 1207 878 1245 enim
903 1206 1139 1251 accessissent,
1160 1213 1193 1242 et
1212 1219 1282 1242 una

292 1282 431 1309 tantum
446 1286 591 1323 vespera
610 1270 843 1317 audivissent,
858 1281 927 1304 non
939 1266 1032 1304 ultra
1049 1265 1095 1303 ad
1110 1267 1282 1304 Joannem

292 1332 423 1371 reversi
438 1340 533 1380 sunt,
558 1330 619 1368 sed
639 1330 686 1367 ita
700 1329 753 1366 illi
764 1328 957 1376 haeserunt,
970 1335 1008 1363 ut
1019 1327 1040 1365 J
1043 1325 1165 1363 oannis
1175 1325 1282 1362 etiam

292 1393 528 1431 ministerium
561 1392 776 1444 acciperent,
811 1389 999 1441 ipsumque
1037 1386 1280 1440 praedicarent.

267 1457 460 1500 ,Irwenit,
493 1452 621 1504 inquit,
654 1453 715 1489 hic
733 1451 908 1503 fratrem
932 1462 1043 1486 suum
1069 1448 1277 1494 Simonem,

294 1525 329 1554 et
361 1517 456 1553 dicit
478 1517 512 1552 ei
531 1530 541 1550 :
558 1515 783 1552 Invenimus
800 1512 998 1555 Messinm,
1023 1509 1126 1560 quod
1144 1517 1200 1546 est
1220 1511 1280 1545 in-

294 1584 541 1628 terpretalum
561 1575 750 1612 Christus.
774 1572 851 1609 Hoc
871 1584 955 1609 vero
976 1569 1065 1606 mihi
1086 1568 1282 1606 consideres

294 1636 415 1686 velim,
437 1633 628 1686 quomodo,
660 1647 741 1671 cum
768 1631 920 1680 diceret,
938 1632 1012 1681 Qui
1028 1638 1114 1682 post
1136 1643 1196 1667 me
1216 1643 1283 1667 ve-

296 1701 365 1744 nit,
387 1706 478 1735 ante
504 1711 563 1734 me
575 1697 716 1750 sactus
735 1702 815 1739 est,·
833 1702 880 1742 et,
912 1694 1003 1730 Non
1026 1705 1111 1729 sum
1146 1693 1284 1743 dignus

297 1760 441 1797 solvere
468 1760 675 1810 corrigium
705 1756 962 1794 calceamenti
982 1755 1077 1806 ejics,
1109 1753 1284 1790 neminem

296 1820 447 1872 ceperit,
468 1833 550 1856 eum
569 1827 686 1856 autem
701 1816 745 1854 de
765 1814 957 1854 oeconomia
977 1814 1145 1864 loquutus
1161 1822 1229 1862 cst,
1252 1821 1285 1850 et

297 1882 331 1919 in
353 1880 581 1918 humiliorem
595 1892 789 1917 sermonem
814 1875 1008 1925 descendit,
1037 1884 1121 1912 tunc
1147 1873 1286 1924 sequuti

297 1942 366 1979 sint
382 1940 562 1992 discipuli.
580 1940 703 1989 Neque
720 1936 811 1975 illud
827 1946 964 1974 tantum
990 1934 1287 1974 considerandum

297 2011 370 2051 est,
394 2001 455 2039 sed
480 2000 586 2038 etiam
617 1998 713 2050 quod
742 2011 811 2035 non
839 2006 911 2034 tam
934 1996 1040 2035 multi
1070 1995 1287 2045 alliciantur,

299 2063 440 2113 quando
457 2061 544 2113 quid
566 2074 736 2112 magnum
755 2069 788 2098 et
811 2058 964 2097 sublime
979 2057 1022 2095 de
1046 2059 1122 2095 Deo
1143 2056 1288 2106 dicitur,

299 2139 404 2175 (luam
420 2123 482 2160 ubi
505 2121 698 2161 clementiae
719 2130 752 2159 et
767 2119 997 2172 benignitatis
1008 2118 1129 2168 verba,
1148 2133 1226 2169 quae
1243 2118 1290 2155 ad

300 2186 504 2224 auditorum
527 2184 676 2222 salutem
701 2191 871 2235 spectent,
896 2181 1136 2233 proferuntur.
1157 2179 1290 2217 Audie-

303 2258 385 2287 runt
401 2247 496 2285 enim
508 2246 606 2297 quod
621 2245 760 2283 tolleret
769 2252 953 2296 peccatum
965 2240 1102 2290 mundi,
1122 2250 1155 2278 et
1172 2240 1291 2278 statim

302 2316 543 2347 accurrerunt.
562 2308 654 2345 Nam
671 2305 699 2343 si
722 2304 851 2342 scelera
868 2302 1046 2340 abluenda
1068 2310 1161 2350 sunt,
1178 2301 1292 2351 inqui-

304 2380 383 2421 unt,
401 2371 475 2407 Cur
488 2367 719 2406 cunctamur?
735 2366 832 2404 adest
847 2366 907 2416 qui
931 2364 1003 2401 sine
1022 2363 1142 2401 labore
1156 2376 1219 2400 nos
1243 2362 1293 2398 li-

305 2433 416 2481 beret,
431 2428 609 2481 quomodo
628 2442 697 2466 non
718 2436 882 2465 extremae
901 2424 1084 2462 dementiae
1103 2423 1220 2471 suerit,
1233 2422 1294 2460 do-

308 2507 392 2530 num
411 2493 445 2529 in
475 2490 574 2529 aliud
601 2499 740 2542 tempus
760 2487 934 2539 rejicere?
952 2485 1107 2523 Audiant
1127 2484 1294 2522 catechu-

309 2553 413 2603 meni,
435 2552 494 2603 qui
515 2565 625 2602 usque
657 2549 704 2587 ad
730 2558 930 2587 extremum
960 2547 1113 2584 halitum
1147 2546 1295 2584 salutem

309 2628 409 2651 suam
431 2613 624 2650 remittunt.
642 2612 802 2648 Rursum
819 2609 915 2647 stetit
934 2610 1100 2657 Joannes,
1123 2606 1248 2658 inquit,
1263 2615 1296 2644 et

308 2675 424 2712 dixit:
446 2676 548 2711 Ecce
566 2686 689 2724 agnus
710 2673 798 2709 Dei.
822 2670 924 2708 Nihil
942 2669 1105 2708 Christus
1119 2668 1295 2719 loquitur3

309 2736 371 2774 sed
383 2735 500 2773 omnia
516 2734 586 2771 ille.
600 2733 661 2771 Sic
675 2746 823 2784 sponsus
839 2732 945 2782 solet,
964 2730 1055 2768 nihil
1071 2730 1146 2782 ipse
1161 2743 1296 2782 sponsae

308 2796 409 2845 dicit,
433 2796 494 2834 sed
515 2795 613 2832 adest
634 2794 762 2831 silens·
781 2793 842 2830 alii
864 2793 968 2830 illum
991 2792 1163 2842 indicant,
1193 2805 1298 2844 spon-

750 218 783 248 S.
821 215 1007 247 JOANMS
1041 214 1285 245 cnttYSOST.
1330 212 1538 243 Anctssffl’.

1575 213 1926 243 CONSTANTINOP-

1336 295 1395 333 καὶ
1413 295 1692 347 μεμαρτύρηκεν,
1708 294 1761 333 ὅτι
1781 289 1876 338 οὗτός
1902 297 1993 333 ἐστιν
2014 296 2031 331 6
2060 292 2142 336 Υἱὸς
2167 295 2225 331 τοῦ
2253 294 2360 331 Θεοῦ·

1336 354 1445 398 οὐδεὶς
1465 355 1656 408 προσέσχεν
1681 354 1758 393 οὐδὲ
1773 353 1967 407 ἠρώτησεν,
1987 353 2062 392 οὐδὲ
2079 347 2184 401 εἶπεν,
2203 352 2237 390 τί
2252 357 2362 390 ταῦτα

1293 430 1314 459 Β
1337 415 1465 467 λέγεις,
1482 415 1541 453 καὶ
1565 415 1651 467 ὑπὲρ
1673 415 1782 462 τίνος,
1809 415 1867 453 καὶ
1896 415 2004 462 διατί,
2030 408 2121 452 Eine
2149 413 2254 451 πάλιν
2269 443 2278 460 ,
2293 411 2365 450 Ἴδε

1338 480 1355 515 6
1372 477 1479 527 ἀμνὸς
1499 481 1558 514 τοῦ
1578 479 1686 524 Θεοῦ,
1706 479 1723 513 6
1748 475 1852 528 αἴρων
1871 474 1934 522 τὴν
1949 474 2124 528 ἁμαρτίαν
2139 478 2198 512 τοῦ
2218 472 2363 523 κόσμου.

1338 537 1430 576 Οὐδὲ
1454 536 1544 576 οὕτω
1574 537 1757 589 καθήψατο
1783 539 1845 582 τῆς
1879 535 2105 583 ἀναισθησίας
2133 537 2257 573 αὐτῶν.
2295 533 2365 572 Διὰ

1338 603 1438 637 τοῦτο
1456 598 1576 637 λοιπὸν
1601 596 1832 649 ἀναγκάζεται
1857 595 1902 634 τὰ
1921 595 2007 634 αὐτὰ
2024 595 2136 647 λέγειν
2162 595 2281 642 πάλιν,
2304 610 2368 632 κα-

1340 659 1449 712 θάπερ
1463 659 1540 697 τινὰ
1558 658 1712 712 σκληρὰν
1731 657 1790 695 καὶ
1812 657 1989 695 ἀνένδοτον
2009 658 2073 708 γῆν
2100 659 2143 707 τῇ
2165 654 2368 705 νεώσειμα-

1339 720 1488 767 λάττων,
1514 719 1574 757 καὶ
1594 722 1643 771 τῷ
1659 717 1674 738 ““
1684 718 1776 771 λόγῳ
1797 713 1865 756 οἷόν
1883 733 1951 755 τινι
1969 716 2105 770 ἀρότρῳ
2126 714 2368 766 πεπιλημένην

1344 780 1526 834 ἀνεγείρων
1548 780 1610 828 τὴν
1632 780 1796 827 διάνοιαν,
1812 779 1902 818 ὥστε
1932 781 1978 822 εἷς
2000 777 2039 816 τὸ
2060 778 2163 830 βάθος
2194 776 2238 815 τὰ
2267 776 2372 827 σπέρ-

1347 859 1442 894 ματα
1457 843 1677 881 καταὸαλεῖν.
1696 841 1764 880 Διὰ
1785 841 1825 888 δὴ
1844 844 1944 879 τοῦτο
1959 839 2036 879 οὐδὲ
2059 839 2191 892 μακρὸν
2211 844 2303 876 ποιεῖ
2315 837 2373 876 τὸν

1345 904 1466 956 λόγον,
1484 904 1535 941 ὅτι
1566 903 1600 941 ἓν
1630 903 1731 954 μόνον
1763 901 1964 950 ἐσπούδαζε,
1987 906 2220 955 προσαγαγεῖν
2254 899 2375 943 αὐτοὺς

1346 965 1405 1003 καὶ
1425 967 1594 1011 κολλῆσαι
1615 967 1664 1015 τῷ
1686 965 1840 1017 Χριστῷ.
1859 962 1960 1018 ’ῌδει
1986 962 2053 1014 γὰρ
2072 961 2125 1000 ὅτι
2147 966 2246 999 τοῦτο
2265 976 2376 998 κατα-

1350 1025 1527 1076 δεξάμενοι
1543 1024 1602 1062 καὶ
1623 1024 1842 1071 πεισθέντες,
1866 1026 1902 1061 οὗ
1923 1023 2103 1070 δεήσονται
2118 1026 2177 1060 τοῦ
2194 1020 2378 1074 μαρτυρή-

1305 1092 1329 1122 C
1350 1101 1466 1130 σοντος
1485 1089 1575 1137 αὐτῷ
1604 1085 1725 1124 λοιπόν
1737 1101 1744 1108 ·
1771 1085 1855 1136 ὅπερ
1873 1078 1930 1123 οῧν
1949 1084 2008 1122 καὶ
2025 1082 2175 1135 γέγονεν.
2198 1083 2244 1120 Εἰ
2262 1081 2330 1134 γὰρ
2347 1084 2378 1119 οἱ

1351 1147 1570 1198 Σαμαρεῖται
1596 1145 1735 1196 λέγουσι
1763 1144 1853 1195 μετὰ
1869 1144 1932 1190 τὴν
1950 1144 2115 1197 ἀκρόασιν
2133 1145 2234 1182 αὐτοῦ
2255 1145 2298 1194 τῇ
2314 1158 2380 1194 γυ-

1349 1205 1461 1252 ναικὶ,
1478 1207 1555 1243 Οὐκ
1570 1205 1620 1242 ἔτι
1642 1205 1698 1243 διὰ
1721 1205 1783 1251 τὴν
1805 1204 1867 1251 σὴν
1887 1204 2010 1243 λαλιὰν
2027 1204 2249 1255 πιστεύομεν·
2281 1203 2380 1241 αὐτοὶ

1348 1265 1415 1318 γὰρ
1431 1264 1572 1316 οἴδαμεν
1594 1259 1758 1309 ὅτιοῧτός
1785 1267 1875 1303 ἐστιν
1905 1268 1923 1302 6
1951 1264 2079 1316 Σωτὴρ
2099 1269 2159 1303 τοῦ
2194 1263 2325 1314 κόσμου
2357 1267 2375 1302 6

1348 1326 1515 1379 Χριστός·
1542 1329 1661 1379 πολλῷ
1686 1328 1886 1378 μᾶλλονοοὶ
1912 1325 2066 1377 μαθηταὶ
2089 1326 2210 1378 τάχιον
2232 1324 2375 1378 ἐχειρώ-

1348 1391 1457 1435 θησαν
1488 1388 1569 1436 ἂν,ὃ
1596 1387 1636 1434 δὴ
1657 1387 1716 1425 καὶ
1734 1388 1882 1439 γέγονεν.
1906 1386 2086 1429 Ἐλθόντες
2105 1386 2172 1438 γὰρ
2196 1385 2256 1424 καὶ
2275 1385 2376 1424 ἀκού-

1343 1459 1470 1493 ’σαντες
1491 1449 1572 1500 μίαν
1591 1448 1753 1502 ἑσπεραν,
1770 1465 1831 1487 Ουκ
1851 1448 1901 1486 ἔτι
1929 1463 2015 1501 προς
2035 1448 2227 1494 Ιωάννηνε
2216 1463 2379 1500 υπὲστρε-

1349 1512 1431 1563 ψαν,
1449 1512 1523 1548 ἀλλ’
1540 1509 1647 1553 ούτως
1661 1512 1724 1548 αὐτ
1727 1527 1754 1547 t)
1773 1507 2108 1562 προσηλώθησαν,”
2084 1507 2245 1555 υστετὴν
2263 1507 2379 1546 Ιο)οίν-

1349 1588 1406 1610 νου
1421 1571 1594 1609 διακονίαν
1609 1570 1852 1618 ἀναδέξασθαι,
1868 1586 1927 1609 και
1948 1569 2042 1608 αὐτοι
2062 1569 2241 1623 κηρύττειν
2263 1569 2377 1607 αὐτόν.

1351 1631 1519 1684 Εὑρίσκει
1536 1631 1604 1685 γὰρ
1631 1625 1727 1675 οὗτος
1739 1662 1748 1679 ,
1776 1631 1878 1683 φησὶ,
1898 1631 1956 1669 τὸν
1975 1631 2120 1682 ἀδελφὸν
2134 1630 2192 1668 τὸν
2210 1630 2293 1668 ἴδιον
2312 1628 2379 1668 Σί-

1354 1708 1473 1744 μωνα,
1497 1693 1557 1731 καὶ
1578 1692 1694 1744 ἀλέγει
1719 1695 1828 1744 αὐτῷ·
1850 1692 2044 1744 εὑρήκαμεν
2065 1692 2122 1729 τὸν
2152 1690 2309 1729 Μεσσίαν
2324 1721 2333 1738 ,
2364 1689 2384 1727 6'

1354 1756 1425 1792 ἐστι
1448 1752 1785 1805 μεθερμηνευόμενον
1817 1755 1834 1790 6
1867 1752 2029 1804 Χριστός.
2057 1751 2133 1790 Θέα
2167 1751 2203 1790 δέ
2227 1768 2286 1802 μοι
2318 1753 2382 1789 κά-

1354 1821 1444 1853 κεῖνο
1456 1818 1571 1863 ,πῶς,
1590 1813 1647 1853 ότε
1668 1813 1729 1865 μὲν
1750 1813 1876 1862 ἔλεγεν,
1894 1812 1969 1851 Ὁ
1954 1812 2065 1851 οπίσω
2096 1828 2160 1863 μου
2181 1811 2382 1889 ερχόμενος,

1355 1845 1547 1930 εμπρδσθέν
1568 1893 1633 1928 μου
1654 1875 1792 1928 γέγονε,
1810 1892 1889 1923 και,
1911 1874 1964 1913 ὅτι
1983 1876 2059 1913 Οὔκ
2090 1873 2162 1924 εἶμι
2183 1873 2299 1917 ἱκανὸς
2325 1875 2384 1912 λ’ὗ-

1357 1955 1415 1978 σαι
1429 1954 1486 1976 τον
1504 1937 1634 1989 ἱμάντα
1652 1953 1711 1975 του
1735 1936 1957 1987 υποδήματος
1976 1952 2078 1974 αυτου
2092 1965 2102 1983 ,
2133 1933 2254 1972 οὐδένα
2273 1928 2383 1972 εἷλεν·

1355 1999 1413 2039 ὅτε
1433 1999 1468 2038 δὲ
1498 2015 1577 2051 περι
1597 2001 1659 2045 τῆς
1695 1996 1892 2048 οἰκονομίας
1914 1996 2094 2048 διελέχθη,
2115 1995 2176 2033 καὶ
2195 1994 2252 2033 ἐπὶ
2267 1993 2306 2032 τὸ
2325 2009 2386 2031 τα-

1357 2059 1551 2113 πεινότερον
1583 2060 1641 2098 τὸν
1674 2057 1774 2111 λόγον
1797 2057 1949 2110 θῆγαγε,
1981 2057 2060 2095 τότε
2091 2054 2329 2102 ’ἠκολούθησαν
2355 2055 2386 2092 οἱ

1361 2120 1526 2173 μαθηταί.
1547 2123 1599 2159 Οὐ
1631 2124 1730 2158 τοῦτο
1754 2118 1789 2157 δὲ
1816 2117 1917 2170 μόνον
1939 2117 2011 2157 ἐστὶ
2041 2117 2212 2164 κατιδεῖν,
2241 2117 2316 2154 ἀλλ’
2335 2114 2387 2153 ὅτι

1360 2182 1420 2220 καὶ
1435 2184 1498 2234 οὐχ
1517 2181 1625 2225 οὕτως
1643 2183 1673 2219 οἳ
1694 2180 1817 2218 πολλοὶ
1843 2179 2099 2233 προσάγονται,
2120 2177 2202 2217 ὅταν
2231 2194 2265 2215 τι
2297 2176 2387 2229 μέγα

1361 2243 1420 2281 καὶ
1436 2242 1565 2295 ὑψηλὸν
1583 2241 1663 2294 περὶ
1691 2243 1783 2279 Θεοῦ
1799 2240 1967 2291 λέγηται,
1985 2242 2031 2282 ὡς
2050 2238 2132 2277 ὅταν
2159 2237 2310 2291 χρηστὸν
2327 2237 2387 2275 καὶ

1363 2304 1603 2356 φιλάνθρωπον
1631 2302 1691 2340 καὶ
1725 2304 1771 2344 εἷς
1802 2300 1864 2347 τὴν
1891 2302 1959 2338 τῶν
1977 2299 2170 2338 ἀκουόντων
2196 2297 2385 2351 ἀνθρώπων

1316 2369 1341 2400 E
1364 2364 1537 2418 σωτηρίαν
1552 2358 1648 2409 ἧκον.
1665 2361 1842 2400 ’Ἤκουσαν
1855 2365 1933 2412 γοῦν
1953 2360 2006 2399 ὅτι
2021 2358 2110 2411 αἴρει
2128 2359 2190 2406 τὴν
2212 2358 2386 2412 ἁμαρτίαν

1364 2430 1423 2464 τοῦ
1438 2425 1587 2476 κόσμου,
1609 2423 1668 2462 καὶ
1688 2421 1809 2465 εὐθέως
1826 2420 2032 2474 ἐπέδραμον.
2055 2422 2099 2458 Εἰ
2113 2420 2180 2473 γάρ
2196 2422 2287 2459 ε’στιν
2304 2423 2388 2458 ἀπο-

1364 2486 1552 2525 λούσασθαι
1584 2484 1628 2523 τὰ
1657 2483 1883 2536 ἐγκλήματα,
1913 2482 2002 2525 τίνος
2023 2481 2148 2529 ἕνεκεν,
2171 2482 2286 2534 φησὶν,
2310 2484 2389 2519 ἀνα-

1366 2547 1585 2598 6αλλόμεοα,
1593 2546 1786 2598 πάρεστινὸ
1796 2560 1903 2597 χωρις
1913 2543 2026 2582 πόνων
2036 2545 2073 2581 ἐλ
2076 2542 2298 2596 ευθερωσων“
2282 2549 2387 2594 ημᾶς·

1364 2612 1438 2652 πῶς
1457 2611 1513 2647 οὖν
1529 2623 1590 2646 ουκ
1604 2605 1753 2659 ἐσχάτης
1771 2604 1886 2648 ἀνοίας
1907 2602 2255 2658 υπερτίθεσθαιτὴν
2237 2603 2386 2656 60›psoiv;

1366 2668 1483 2708 Ἄκουε
1469 2684 1598 2706 εοτι)σαν
1619 2683 1650 2705 οι
1669 2665 1944 2718 κατηγούμενοι,
1959 2681 2019 2703 και
2039 2681 2124 2717 προς
2139 2664 2288 2716 ἐσχάτας
2311 2667 2388 2702 ἀνα·

1365 2730 1472 2775 πνοὰς
1501 2729 1562 2776 τὴν
1593 2727 1719 2767 οἰκείαν
1752 2725 2028 2776 ἀναῧαλλόμενοι
2063 2725 2248 2777 σωτηρίαν.
2273 2725 2387 2762 Πάλιν

1368 2793 1531 2839 ειστήκει,
1547 2805 1663 2842 φησιν,
1683 2791 1700 2826 6
1714 2787 1877 2833 Ἰωάννης
1891 2802 1950 2824 και
1963 2786 2068 2838 λεγει·
2084 2784 2185 2823 165‘
2173 2801 2190 2823 0
2210 2785 2317 2835 ἀμνὸς
2330 2801 2389 2824 του

309 2872 452 2909 samque
478 2857 543 2909 ipsi
565 2855 739 2893 tradunt:
762 2854 824 2891 illa
841 2868 952 2905 comp
945 2863 1032 2903 iret
1055 2867 1169 2904 neque
1191 2867 1296 2905 spon-
1310 2876 1357 2901 105
1371 2856 1472 2892 Θεου.
1501 2849 1637 2889 Οὐδὲν
1626 2864 1643 2887 ο
1663 2847 1811 2900 Χριστος
1826 2846 2045 2898 διαλέγεται,
2069 2844 2157 2883 ἀλλὰ
2172 2844 2285 2883 πάντα
2299 2847 2389 2884 ἐκεῖ-

311 2936 369 2959 sus
386 2921 435 2958 ill
430 2934 484 2957 im
500 2933 563 2971 pei
595 2932 630 2954 se
660 2915 806 2967 accipit,
832 2914 890 2952 sed
906 2915 975 2952 alio
1004 2884 1174 2952 tiadentc.
1197 2915 1298 2952 Post·
1321 2914 1348 2943 Λ
1370 2930 1436 2958 νος.
1459 2911 1563 2951 Οὕτω
1583 2926 1642 2948 και
1662 2909 1719 2946 ἐπι
1738 2912 1797 2946 τοῦ
1814 2906 1960 2959 νυμφίου
1975 2906 2118 2957 γίνεται.
2142 2908 2218 2944 Οὐκ
2236 2905 2335 2950 αὐτός
2353 2922 2388 2943 τι

311 2994 510 3032 quamxeto
526 2979 625 3016 illam
644 2975 813 3014 trzaditim
832 2975 1016 3026 z=1ccq›erit,
1032 2975 1079 3012 ita
1097 2989 1178 3026 erga
1198 2975 1298 3013 illam

312 3043 479 3090 afficitur,
500 3049 538 3078 ut
554 3053 622 3077 non
647 3038 739 3076 ultra
756 3036 1000 3089 pronuboriun
1020 3036 1235 3075 recordetur.
1255 3036 1298 3074 Id

359 3189 375 3211 b
391 3182 493 3218 Savil.
511 3188 587 3226 λόγῳ
601 3186 736 3226 καθάπερ
745 3187 878 3228 ἀρότρῳ.
888 3178 990 3212 Paulo
1003 3184 1078 3222 post
1088 3179 1202 3212 Morel.
1224 3196 1320 3215 κατα-

315 3244 422 3272 ίαλεῐν.
437 3242 566 3271 ἐντεῦθεν
584 3239 659 3270 οὐίέ.
675 3236 776 3277 [Tum
791 3231 892 3267 Savil.
908 3240 941 3264 et
957 3231 1065 3265 Codd.
1078 3234 1184 3265 nostri
1205 3239 1321 3268 ἐκτείνει

317 3291 429 3333 λόγοι]

360 3353 371 3366 c
389 3343 442 3373 Sic
459 3340 559 3374 Savil.
588 3348 621 3373 et
633 3341 710 3372 Mss.
739 3338 851 3371 Morel.
880 3343 904 3372 οἱ
930 3341 1064 3380 μαθηταὶ
1094 3342 1182 3371 τοῦτο
1200 3342 1235 3371 ἂν
1252 3342 1325 3372 tm-

319 3399 427 3434 (jc-afwj
443 3403 499 3432 τοῖς
513 3398 604 3435 λόγοις
618 3397 707 3426 αὐτοῦ
720 3396 916 3435 ἐχειρώθησκν
928 3389 1165 3431 ἐλθόντες-[ΜΟΧ
1182 3387 1281 3424 Savil.
1295 3396 1327 3421 et

1370 2973 1419 3013 λέ
1393 2989 1462 3026 ,γει
1487 2988 1572 3024 προς
1588 2969 1651 3016 τὴν
1673 2969 1808 3021 νύμφην
1824 2985 1927 3015 τεως,
1945 2966 2034 3005 ἀλλα
2048 2967 2195 3019 πάρεστι
2212 2966 2273 3017 μὲν
2286 2982 2365 3017 σιγῃ
2378 2996 2388 3014 ,

1370 3035 1480 3088 ἕτεροι
1501 3032 1536 3072 δὲ
1551 3031 1651 3070 αὐτον
1673 3030 1830 3077 δηλουσι,
1846 3044 1906 3066 και
1921 3027 1983 3076 τὴν
2005 3027 2140 3079 νύμφην
2164 3026 2390 3079 ἐγγειρίζουσι

1384 3177 1493 3213 Codd
1520 3178 1577 3210 cit.
1606 3182 1682 3218 post
1705 3178 1776 3209 ἑσπέ
1764 3189 1833 3216 -ραν
1857 3173 2004 3204 inserunt
2027 3174 2126 3205 αὐτοῦ.
2152 3168 2258 3201 Iidem
2281 3167 2389 3202 Codd.

1388 3236 1563 3267 ἀπελθόντες
1579 3239 1639 3271 pio
1656 3231 1773 3262 {Mdv-r:
1762 3242 1795 3264 -5.
1803 3226 1813 3267 ]

1431 3284 1447 3309 d
1464 3282 1676 3322 Μοιο1.λε’γ;ι
1698 3282 1789 3313 αὑτῶ.
1810 3280 1839 3310 θὲ
1845 3292 1862 3309 α
1885 3279 1916 3309 δέ
1936 3290 2005 3318 μοι,
2024 3273 2151 3306 omissis
2174 3270 2389 3314 interpositis.

1435 3346 1448 3361 θ
1464 3322 2392 3375 Μοι·οΙ.·ι’)γα-]ε,5ἱιι11.[οιΟοάιΙ.οἰι.]κατήγαγε.[[ιι[ῑει

1392 3387 1491 3421 iidem
1514 3393 1618 3425 ἀνῆκον
1639 3394 1700 3427 1)Γο
1718 3382 1814 3423 firmo]
