2481 3678
739 219 779 250 IN
818 219 1025 249 JOANNEM
1065 218 1120 246 110
1130 215 1216 244 31112.

145 300 296 355 Πατὴρ,
326 305 411 355 πρὸς
438 303 499 355 ἐμὲ
526 301 620 350 ἥξει,
657 317 716 340 και
743 301 929 348 ἀναστήσω
963 300 1086 338 εαῦτὸν
1125 300 1166 348 τῇ

144 364 276 414 ἐσχάτῃ
299 364 427 417 ἡμέρα.
449 363 553 407 Τίνος
579 363 614 401 δὲ
641 363 754 401 ἕνεκεν
774 379 833 401 και
851 365 914 408 τ’ῆς
942 376 1058 405 κοινης
1088 362 1168 397 ἅνα-

144 423 317 496 στάσεως,
343 428 385 470 ἧς
411 424 469 462 καὶ
503 424 638 468 ἀσεδεῖς
667 423 885 475 μετέχουσιν,
916 425 962 465 ὡς
991 419 1168 471 ἐξαιρέτου

144 481 253 534 δώρου
272 483 448 534 μέμνηται
463 487 531 522 τῶν
548 484 780 523 πιστευόντων
795 486 843 526 εἰς
859 481 985 530 αὐτόν,
1008 480 1091 517 “O-tt
1106 480 1143 515 ου
1145 494 1170 529 s

144 543 300 588 ἆπλῶς’
282 544 505 588 αναστάσεως
528 546 723 596 μέμνηται,
741 543 831 581 ἀλλὰ
851 546 913 588 τῆς
931 541 1068 579 τοιᾶσδε
1089 541 1171 577 ἀνα-

144 603 308 647 στάσεως.
334 605 510 659 Πρότερον
525 606 593 659 γὰρ
614 605 733 652 εἰπὼν,
751 606 804 642 Οὐ
825 603 903 666 yth:
890 601 1028 640 ἐκὸάλω
1056 600 1169 646 αὐτὸν,
1182 623 1229 647 265
1242 602 1476 639 exteriores:
1497 599 1558 637 alii
1573 608 1731 652 pereunt,
1760 608 1799 636 ut
1820 598 1877 636 his
1897 597 2134 649 significatur,
2168 600 2213 636 T
2201 604 2257 636 ι-

143 664 221 712 καὶ,
242 666 295 703 Οὐ
319 666 367 717 μ)
390 666 551 707 ἀπολεσω
569 667 603 712 ἐξ
620 669 743 714 αὐτου,
759 664 836 703 τότε
853 668 929 701 εἰπε
942 661 1004 709 τὴν
1022 661 1171 700 ἀνάστα-
1194 660 1219 689 Α
1241 670 1339 699 mete
1350 663 1478 713 potius
1498 675 1597 708 eum,
1615 663 1682 712 (μα’
1695 668 1819 711 potest
1839 668 1873 697 et
1893 662 2067 697 animam
2087 669 2121 698 et
2148 674 2230 698 cor-

143 740 209 763 σιν.
230 725 291 764 Ἐν
312 726 379 778 γὰρ
395 730 439 778 τῇ
471 727 659 766 ἀναστάσει
680 725 791 776 οἱμὲν
815 723 1090 770 ἃέκὸάλλονται,
1124 723 1170 764 ὣς

143 786 217 826 ἔστι
237 792 358 840 μαθεῖν
379 792 417 827 ἐκ
431 793 491 828 τοῦ
503 819 513 836 ,
531 788 656 843 Ἄρατε
676 788 790 833 αὐτὸν,
810 786 870 825 καὶ
890 784 1055 824 ἐκὸάλετε
1069 782 1169 821 αὐτὸν

146 851 193 892 εἰς
217 850 256 888 τὸ
280 850 401 894 σκότος
416 851 456 889 τὸ
478 850 641 903 ἐξώτερον
657 865 665 872 ·
684 851 715 887 οἱ
735 847 774 886 δὲ
794 847 1024 893 ἀπόλλυνται,
1046 847 1092 888 ὡς
1111 844 1171 882 καὶ

145 909 229 947 αὐτὸ
249 909 423 948 δείκνυται
451 913 490 948 ἐκ
510 913 587 958 τοῦ,
607 908 797 955 Φοὸήθητε
823 907 858 945 δὲ
882 908 1012 958 μᾶλλον
1039 907 1096 945 τὸν
1117 907 1172 943 δυ-

144 969 291 1018 νάμενον
320 971 379 1008 καὶΙ
407 970 522 1023 ψυχὴν
554 970 614 1009 καὶ
647 973 751 1021 σῶμα
778 972 812 1008 ἐν
833 969 952 1021 γεέννῃ
989 967 1170 1007 ἀπολέσαι.

143 1029 260 1067 εὨστε
279 1031 329 1079 τὸ,
347 1031 449 1079 Ζωὴν
471 1031 608 1070 αἰώνιον
630 1031 768 1082 δίδωμι,
785 1034 885 1069 τοῦτο
905 1031 1020 1077 δηλοῖ·
1039 1028 1170 1067 'Emm-

148 1089 327 1143 ρεόσονται
341 1092 409 1144 γὰρ
425 1095 456 1130 οἱ
477 1091 538 1143 μὲν
556 1091 601 1130 τὰ
614 1095 728 1145 φαῦλα
745 1092 936 1146 πράξαντες
955 1093 1003 1135 εἷς
1023 1090 1173 1129 ἀνάστα-

146 1166 199 1190 σιν
226 1151 391 1205 κρίσεως,
417 1154 447 1191 οἱ
470 1153 505 1191 δὲ
529 1153 572 1191 τὰ
606 1153 743 1204 ἀγαθὰ,
773 1155 818 1197 εἷς
847 1153 1036 1191 ἀνάστασιν
1067 1154 1170 1198 ζωῆς.

146 1212 288 1259 Ταύτην
314 1213 427 1252 τοίνυν
451 1214 513 1261 τὴν
532 1214 721 1254 ἀνάστασιν
745 1214 915 1261 ἐδήλωσεν
937 1215 1083 1251 ἐνταῦθα
1111 1211 1174 1258 τὴν

147 1274 205 1312 ἐπὶ
221 1280 290 1317 τοῖς
308 1277 459 1325 ἀγαθοῖς.
474 1275 521 1313 Τί
535 1275 570 1313 δὲ
588 1275 750 1327 βούλεται
766 1275 874 1319 δεῖξαι
894 1274 951 1314 διὰ
966 1277 1026 1312 τοῦ
1046 1273 1174 1324 λέγειν,

149 1335 226 1373 Πᾶν
260 1334 278 1372 ὃ
307 1336 427 1375 δίδωσί
456 1352 514 1386 μοι
532 1335 709 1389 ὁΠατὴρ,
736 1336 821 1389 πρὸς
853 1335 915 1386 ἐμὲ
939 1334 1035 1382 ἥξει,
1056 1334 1174 1372 Καθά-
1196 1341 1219 1371 Β

148 1412 273 1434 πτεται
301 1398 364 1441 τ’ἧς
388 1396 555 1440 ἀπιστίας
585 1399 710 1444 αὐτῶν,
743 1396 803 1434 καὶ
823 1396 995 1434 δείκνυσιν
1023 1395 1076 1433 ὅτι
1092 1397 1109 1432 ὃ
1125 1394 1173 1446 μὴ

149 1456 322 1494 πιστεύων
345 1458 461 1510 αὐτῷ,
479 1457 518 1496 τὸ
535 1456 671 1508 θέλημα
690 1457 904 1510 παραὸαίνει
929 1460 989 1495 τοῦ
1017 1455 1172 1508 Πατρός.

148 1516 219 1554 Καὶ
238 1516 328 1555 οὕτω
358 1516 420 1568 μὲν
439 1517 524 1557 αὐτὸ
541 1519 681 1569 γυμνῶς
706 1519 744 1556 οὗ
774 1517 889 1570 φησὶν,
906 1515 1098 1569 ὑφειμένως
1120 1514 1175 1553 δέ·

149 1577 208 1616 καὶ
239 1581 420 1630 πανταχοῦ
446 1582 547 1618 τοῦτο
575 1582 740 1618 ποιοῦντα
773 1578 850 1631 ὄψει
882 1578 998 1625 αὐτὸν,
1033 1575 1175 1615 θέλοντα

150 1638 256 1683 δεῖξαι
272 1639 332 1678 καὶ
349 1642 400 1692 τῷ
421 1640 539 1695 Πατρὶ
559 1639 884 1694 προσκεκρουκότας
899 1638 977 1682 τοὺς
993 1641 1176 1678 ἀπιστοῦν-

149 1715 235 1746 τας,
258 1701 320 1738 οὗκ
354 1701 449 1752 αὐτῷ
480 1698 586 1752 μόνῳ.
615 1701 660 1738 Εἰ
687 1699 755 1753 γὰρ
781 1699 917 1750 θέλημα
943 1701 1047 1737 αὐτοῦ
1074 1698 1177 1738 τοῦτό

1016 1760 1099 1800 Ϊ’τὸν
1120 1760 1177 1799 κό-

150 1837 250 1872 σμον,
268 1824 299 1859 οἱ
320 1822 368 1872 μὴ
395 1822 636 1871 πιστεύοντες,
655 1823 695 1861 τὸ
721 1822 857 1874 θέλημα
878 1823 982 1862 αὐτοῦ
1003 1821 1178 1877 παραὸαί-

150 1898 279 1922 νουσιν.

149 1760 302 1806 {oz-imai
323 1761 380 1798 διὰ
405 1766 506 1801 τοῦτο
532 1756 648 1809 ἦλθεν,
670 1761 726 1800 ῗνα
746 1760 842 1814 σώσῃ
873 1761 989 1800 πάντα

311 1882 426 1921 “Οταν
460 1878 530 1930 οὖν,
567 1884 684 1937 φησὶν,
717 1883 762 1924 ‘O
788 1883 917 1937 Πατὴρ
938 1884 1046 1935 ὃδηγῆ
1078 1899 1177 1930 τινα,

152 1943 249 1982 οὐδέν
267 1945 394 1985 ἔστιτὸ
413 1945 546 1983 κωλύον
564 1946 667 1985 αὐτὸν
688 1947 796 1984 ἐλθεῖν
813 1945 899 2000 πρός
915 1961 969 1996 με.
989 1947 1103 1984 Τοῦτο
1119 1945 1178 1984 καὶ

150 2004 284 2056 προϊὼν
304 2004 414 2057 λέγει,
435 2005 558 2049 Οὐδεὶς
578 2006 721 2045 δύναται
737 2008 846 2045 ἐλθεῖν
863 2005 949 2058 πρός
967 2023 1030 2058 με,
1049 2006 1107 2045 ἐὰν
1130 2007 1178 2058 μὴ

150 2068 168 2103 ὃ
182 2065 310 2118 Πατὴρ
329 2065 456 2141 ἑλκύσῃ
474 2066 590 2106 αὐτόν.
610 2067 654 2106 Ὁ
673 2066 707 2105 δὲ
723 2069 863 2110 Παυλος
883 2062 1028 2115 einen&
1008 2084 1061 2107 οτι
1079 2068 1180 2112 αὐτὸς

149 2126 388 2180 παραδίδωσιν
409 2127 530 2173 αυτους
555 2130 605 2180 τῷ
634 2128 762 2181 Πατρί·

150 2203 212 2233 την
235 2187 414 2238 βασιλείαν
443 2191 492 2241 τῷ
511 2190 594 2241 Θεῷ
625 2189 685 2228 καὶ
715 2189 843 2243 Πατρί.
870 2189 1011 2244 Ὠσπερ
1037 2193 1095 2229 οὖν
1121 2191 1181 2229 καὶ

150 2246 262 2292 διδοὺς
298 2252 315 2290 ὁ
342 2249 493 2303 Πατηρ,
524 2265 587 2289 ουκ
621 2253 824 2305 ἀποστερων
856 2251 978 2289 ἑαυτὸν
1013 2251 1179 2305 πρότερον

148 2312 250 2348 τοῦτο
270 2316 381 2349 ποιεῖ·
415 2310 505 2349 οὕτω
534 2311 594 2350 καὶ
625 2310 838 2368 παραδιδοὺς
860 2315 877 2351 ὃ
897 2313 1000 2362 Υἱὸς,
1030 2316 1092 2352 οὐκ
1123 2316 1180 2352 ἕκ-

150 2370 290 2409 ίάλλων
317 2372 439 2410 ἑαυτὸν
465 2377 566 2412 τοῦτο
581 2379 685 2415 ποιεῖ,
705 2373 858 2427 Λέγεται
875 2374 909 2414 δὲ
928 2374 1180 2427 παραδιδόναι,

152 2431 207 2469 ὅτι
224 2433 266 2469 δι’
288 2434 392 2471 αὐτοῦ
407 2433 470 2480 τὴν
489 2433 727 2487 προσαγωγὴν
748 2434 961 2486 ἐσχήκαμεν.

203 2492 256 2530 Τὸ
276 2491 329 2538 δὲ,
350 2495 404 2530 Δι’
432 2497 488 2542 οὓ,
508 2498 610 2531 τοῦτο
628 2510 688 2532 και
707 2495 765 2532 ἐπὶ
784 2509 843 2532 του
874 2495 1014 2547 Πατρὸς
1031 2496 1181 2548 εἴρηται,

149 2551 269 2603 ὥσπερ
296 2550 378 2589 ὅταν
397 2551 500 2604 λέγῃ·
521 2555 575 2590 Δι’
603 2556 643 2590 ου
662 2552 832 2599 ἐκλήθητε
851 2555 896 2596 εἷς
922 2555 1103 2593 κοινωνίαν
1122 2571 1181 2593 του

147 2613 416 2651 1ἱου*αὖτου·
441 2614 619 2661 τουτέστι,
643 2613 699 2652 διὰ
721 2629 781 2652 του
800 2614 994 2665 θεληματος
1010 2631 1069 2655 του
1103 2617 1182 2654 Πα-

147 2673 245 2726 τρός·
267 2674 325 2711 καὶ
345 2675 464 2720 πάλιν,
489 2674 673 2727 Μακάριος
693 2668 783 2750 §izv
755 2674 876 2726 μίμων
897 2675 973 2751 Boc?
993 2676 1108 2724 Ἰωνᾶ,
1128 2677 1181 2715 ὅτι

148 2734 234 2787 σὰρξ
257 2735 316 2774 καὶ
346 2739 434 2786 αἱμα
459 2737 522 2773 οὐκ
543 2735 746 2774 ἀπεκάλυτέ
732 2752 832 2775 ςσοι.
856 2735 906 2776 Ο
930 2737 965 2775 δὲ
992 2738 1181 2776 αἰνίττεται

147 2797 314 2842 ἐνταῦθα,
337 2796 520 2849 μονονουχὶ
539 2797 641 2834 τοῦτό
661 2798 773 2834 ἔστιν·
794 2798 832 2834 οὐ
850 2798 889 2836 τὸ
907 2798 1013 2851 τυχὸν
1033 2805 1181 2851 πρᾶγμα

148 2859 169 2902 ἧ
188 2855 305 2900 πίστις
334 2860 356 2902 ἡ
389 2859 436 2900 εἷς
454 2857 536 2908 ἐμὲ,
559 2857 651 2896 ἀλλὰ
675 2860 738 2904 τ’ῆς
763 2858 892 2896 ἄνωθεν
923 2860 1033 2897 δεῖται
1055 2862 1177 2912 ῥοπῆς.
1199 2869 1225 2899 D

148 2917 219 2954 Καὶ
237 2921 338 2956 τοῦτο
362 2919 406 2956 δι’
435 2919 514 2957 ὅλου
542 2919 796 2963 κατασκευάζει
815 2923 876 2957 τοῦ
897 2920 999 2971 λόγου
1015 2950 1025 2970 ,
1044 2920 1178 2963 δεικνὺς

148 2978 201 3016 ὅτι
220 2981 333 3030 ψυχῆς
350 2979 510 3030 γενναίας
528 2981 645 3023 ετινὸς
681 2980 787 3026 ὄντως
810 2981 869 3019 καὶ
905 2983 968 3027 τῆς
997 2981 1094 3033 παρὰ
1119 2985 1179 3019 voi]

148 3041 241 3077 Θεοῦ
270 3039 503 3091 ἐφελκομένης
533 3039 621 3087 αὕτη
663 3041 771 3079 δεῖται
792 3045 813 3087 ἡ
835 3041 963 3084 πίστις.
989 3041 1080 3080 Ἀλλ’
1097 3042 1181 3085 ἴσως

147 3101 218 3151 ἐρεῖ
237 3099 304 3142 τίς·
331 3102 360 3138 εἷ
379 3106 448 3137 πᾶν
475 3099 493 3139 ὃ
512 3100 650 3139 δίδωσιν
667 3105 685 3140 ὃ
703 3101 851 3153 Πατὴρ,
871 3102 1107 3154 ἔρχεται-πρὸς
1126 3102 1178 3150 σὲ,

167 3159 200 3196 αὶ
227 3158 286 3202 οὒς
304 3158 343 3196 ἂν
356 3158 505 3211 ἑλκύσῃ,
525 3159 584 3197 καὶ
603 3160 712 3203 οὐδεὶς
731 3160 871 3199 δύναται
892 3163 1001 3200 ἐλθεῖν
1022 3163 1109 3214 πρὸς
1129 3162 1180 3206 σὲ,

194 3300 207 3316 c
232 3287 327 3331 [αὐτὸ
344 3289 462 3328 83νί1.,
478 3289 563 3323 Cod.
583 3292 646 3324 706
663 3299 696 3324 et
711 3291 814 3334 Bibl]

194 3351 206 3364 ἑ·
232 3341 283 3372 Ita
298 3340 428 3384 Morel.3
447 3342 551 3377 Savil.
567 3347 781 3381 ἐκόά).λονται·
800 3350 910 3390 ἄρατε,

196 3394 209 3415 ⁹¹
236 3392 335 3427 Smil.
356 3400 405 3430 τὸν
420 3400 586 3441 ἄνθρωπον-

790 2128 905 2167 Οταν
932 2128 1000 2182 γὰρ
1031 2131 1180 2183 παραδῳ
1216 2136 1224 2147 “

1255 218 1363 245 κη’.
1403 201 1462 245 al.
1502 215 1626 245 xciv.
2136 197 2224 242 305

1248 310 1329 334 nem
1343 297 1563 348 simpliciter,
1584 296 1642 333 scd
1658 296 1747 332 hanc
1765 294 1987 346 peculiariter
2001 295 2225 331 resurrectio-

1237 372 1318 395 nem
1342 357 1628 409 intelligit.Nam
1650 370 1732 394 cum
1748 355 1846 408 prius
1866 355 2029 404 dixisset,
2047 357 2136 393 Non
2163 358 2228 406 eji-

1247 421 1348 457 ciam
1367 432 1467 464 eum,
1484 426 1530 466 ct,
1549 419 1639 456 Non
1655 417 1816 469 perdam
1832 417 1878 454 de
1907 429 1964 462 e0‚
1997 424 2081 453 tunc
2110 416 2231 453 subdit

1240 479 1544 516 resurrectionem.
1567 479 1658 516 Nam
1673 478 1708 515 in
1731 476 1985 515 resurrectione
2001 475 2061 513 alii
2085 476 2231 527 ejiciun-

1239 549 1312 589 tur,
1334 549 1373 578 ut
1391 540 1467 577 ait:
1498 540 1638 577 Tollite
1656 553 1756 585 eum,
1782 547 1818 576 et
1838 540 1977 577 mittite
1990 552 2032 574 in
2053 539 2230 575 tenebras
2246 555 2355 582 tlanh.
2378 564 2430 586 22

2245 637 2414 666 Luc.12.‚

1238 736 1311 773 pus
1329 722 1489 773 perdere
1515 724 1556 759 in
1571 723 1802 774 gehennam
1819 720 1943 770 Itaque
1965 719 2070 769 illud,
2101 722 2230 759 litam

1242 791 1427 821 (eternam
1447 784 1509 830 do,
1526 782 1943 834 hocsignificat11bwzt
1968 784 1996 819 ii
2027 785 2094 834 qni
2124 783 2231 821 mala
2245 788 2367 816 loun-5.
2383 796 2419 825 21)

1238 844 1416 895 fecerunt
1433 846 1476 882 in
1491 846 1808 882 resurrectionem
1820 843 1963 895 judicii
1971 858 1986 890 5
2003 846 2069 895 qui
2103 853 2232 882 autem

1239 906 1344 941 bona
1372 914 1543 956 egerunt,
1580 907 1621 942 in
1651 905 1971 942 resurrectionem
1998 906 2100 941 vitae.
2133 904 2233 942 Hanc

1238 965 1535 1004 resurrectionem
1549 966 1608 1004 hic
1624 965 1770 1016 indicat,
1780 979 1858 1016 quae
1872 974 1923 1002 est
1932 964 2119 1003 bonorum.
2137 966 2234 1012 Quid

1239 1042 1347 1081 porro
1377 1029 1444 1066 sibi
1470 1028 1550 1067 vult
1571 1043 1653 1066 cum
1675 1028 1746 1066 ait:
1769 1030 1890 1066 Omne
1917 1029 2022 1078 quod
2051 1030 2119 1066 dat
2139 1030 2236 1066 mihi

1241 1090 1375 1135 Pater,
1409 1090 1463 1126 ad
1491 1104 1551 1128 me
1582 1092 1739 1128 veniet?
1768 1089 1919 1126 Illorum
1952 1088 2235 1127 incredulitatem

1239 1149 1461 1201 perstringit,
1487 1150 1708 1201 ostenditque
1748 1164 1830 1187 eum
1870 1150 1931 1201 qui
1960 1164 2027 1187 non
2057 1149 2168 1188 credit
2199 1151 2235 1188 in

1241 1211 1378 1262 ipsum,
1407 1211 1522 1249 Patris
1567 1211 1784 1250 voluntatem
1810 1212 2020 1262 transgredi.
2050 1211 2158 1259 Quod
2187 1221 2235 1249 ta-

1244 1285 1323 1308 men
1339 1271 1401 1308 ille
1430 1285 1500 1309 non
1523 1281 1642 1323 aperte
1664 1271 1766 1320 dicit,
1799 1271 1860 1309 sed
1886 1271 2090 1309 subindicat
2114 1288 2121 1308 :
2141 1272 2236 1323 quod

1242 1331 1376 1381 ubique
1394 1332 1506 1370 facere
1525 1332 1816 1384 deprehenditur,
1844 1341 1884 1370 ut
1914 1333 2074 1370 ostendat
2104 1347 2173 1370 non
2201 1348 2237 1372 se

1243 1392 1374 1441 solum,
1395 1392 1456 1431 sed
1476 1395 1619 1431 Patrem
1639 1393 1745 1431 etiam
1764 1407 1870 1431 suum
1892 1393 2070 1432 offendere
2097 1409 2154 1433 eos
2173 1396 2235 1446 qui

1244 1468 1314 1492 non
1330 1455 1492 1493 credunt.
1510 1457 1601 1493 Nam
1620 1456 1649 1493 si
1669 1456 1745 1494 haec
1770 1457 1846 1508 ejus
1876 1456 2040 1494 voluntas
2065 1467 2128 1507 est,
2148 1467 2181 1496 et
2207 1459 2237 1496 si

1243 1515 1323 1554 ideo
1344 1515 1443 1555 venit
1457 1516 1493 1553 in
1513 1515 1701 1567 mundum7
1728 1526 1767 1554 ut
1782 1516 1922 1555 salvum
1941 1517 2068 1555 faceret
2095 1519 2237 1558 univer-

1244 1590 1325 1614 sum-
1358 1576 1493 1626 orbem,
1523 1577 1584 1628 qui
1615 1591 1684 1615 non
1717 1577 1879 1625 credunt,
1914 1578 1991 1629 ejus
2021 1579 2238 1617 voluntatem

1247 1638 1570 1690 transgrediuntur.
1591 1639 1683 1677 Cum
1699 1652 1782 1690 ergo
1798 1640 1902 1676 Pater
1921 1638 2079 1689 aliquem
2097 1640 2236 1691 dirigit,

1245 1701 1376 1752 inquit,
1408 1701 1500 1739 nihil
1519 1701 1685 1753 prohibet
1704 1715 1785 1739 eum
1800 1701 1846 1739 ad
1873 1716 1929 1739 me
1953 1701 2084 1741 venire.
2105 1703 2242 1740 Deinde

1248 1763 1379 1816 pergit,
1400 1765 1524 1801 Nemo
1542 1772 1667 1815 potest
1687 1766 1825 1801 venire
1849 1765 1903 1801 ad
1926 1778 1997 1811 me,
2029 1767 2104 1802 nisi
2121 1766 2242 1804 Pater

1247 1829 1411 1865 traxerit
1432 1841 1531 1866 eum.
1551 1827 1683 1865 Paulus
1702 1840 1787 1865 vero
1806 1825 1913 1871 dixit,
1940 1829 2023 1878 Ipse
2049 1827 2158 1864 tradit
2182 1842 2241 1865 eos

1247 1887 1345 1925 Patri
1365 1889 1484 1928 :Cum
1517 1890 1621 1925 enim
1663 1888 1869 1926 tradiderit
1903 1902 2061 1940 regnum
2089 1890 2173 1925 Deo
2205 1898 2369 1930 et1.C01·.
2393 1902 2437 1930 ιδ.

1247 1950 1376 1987 Patri.
1397 1947 1714 1996 Quemadmodum
1734 1962 1816 2000 crgo
1841 1951 1944 1987 Pater
1963 1963 2044 1987 cum
2070 1949 2143 1999 dat,
2170 1964 2239 1988 non
2255 1945 2303 1981 ²4·

1247 2023 1284 2047 se
1304 2009 1423 2061 privat
1443 2023 1483 2048 eo
1499 2009 1600 2060 quod
1614 2008 1692 2046 dat:
1710 2009 1760 2047 sic
1779 2018 1812 2047 et
1838 2009 1951 2049 Filius
1979 2024 2059 2047 cum
2078 2010 2239 2057 tradidit,

1248 2073 1349 2111 nullo
1371 2087 1444 2112 sese
1462 2072 1657 2112 fraudavit.
1681 2072 1824 2110 Dicitur
1840 2083 1959 2112 autem
1986 2073 2136 2123 tradere,
2156 2074 2240 2124 quia

1249 2148 1312 2187 per
1331 2148 1413 2173 eum
1431 2148 1612 2174 accessum
1625 2133 1828 2172 habuimus.

1303 2492 1339 2527 5.
1361 2489 1460 2527 Illud
1475 2503 1572 2539 vero,
1593 2492 1670 2527 Per
1688 2503 1815 2541 quem,
1833 2490 1878 2528 de
1899 2490 2002 2528 Patre
2021 2504 2162 2541 quoque
2181 2491 2240 2530 di-

1250 2549 1356 2597 citur,
1392 2558 1431 2586 ut
1468 2550 1538 2587 hoc
1569 2550 1659 2598 loco,
1687 2552 1766 2587 Per
1779 2564 1892 2602 quem
1918 2554 2053 2589 vocati
2072 2556 2161 2590 estis
2198 2555 2240 2590 in
2257 2573 2281 2593 1.
2302 2563 2438 2604 C01.1.9.

1250 2613 1641 2649 cozmnunicationem
1658 2612 1757 2649 Filii
1775 2614 1874 2665 ejus;
1892 2611 1931 2650 id
1953 2622 2019 2663 est,
2035 2627 2099 2665 per
2111 2615 2239 2653 volun-

1248 2681 1357 2712 tatem
1378 2673 1496 2712 Patris
1510 2688 1522 2722 5
1538 2687 1578 2711 ac
1600 2687 1762 2724 rursum,
1780 2675 1924 2714 Beatus
1936 2689 1989 2722 es,
2008 2676 2140 2714 Simon
2159 2679 2241 2715 Bar
2254 2691 2365 2718 nauh.
2393 2690 2440 2718 16.

1249 2735 1368 2781 Jona,
1389 2736 1482 2786 quia
1495 2747 1587 2773 caro
1608 2743 1643 2775 et
1659 2738 1817 2787 sanguis
1838 2749 1915 2774 non
1935 2738 2121 2777 revelavit
2153 2741 2236 2778 tibi.
2257 2739 2302 2769 ¹7·

1251 2795 1329 2833 Hoc
1351 2795 1430 2833 loco
1449 2795 1524 2833 haec
1539 2796 1610 2833 fere
1632 2796 1865 2835 subindicat:
1900 2798 2034 2836 Fides
2024 2814 2060 2837 111
2085 2814 2142 2838 me
2170 2814 2240 2838 non
2305 2817 2392 2844 Files
2410 2819 2440 2844 in

1251 2871 1363 2909 parva
1387 2870 1441 2895 les
1462 2865 1528 2906 est,
1551 2857 1614 2895 sed
1643 2872 1794 2910 superna
1816 2859 1930 2910 gratia
1947 2874 2036 2912 opus
2054 2861 2125 2898 hab
2118 2871 2173 2899 et.
2195 2862 2242 2900 Et
2292 2859 2441 2886 C¹¹¹¹⁵¹¹¹¹¹¹

1250 2918 1318 2956 hoc
1339 2918 1473 2969 ubique
1490 2919 1626 2969 statuit,
1646 2920 1830 2959 ostendens
1854 2935 2057 2973 generosam
2072 2924 2240 2973 animam,
2254 2903 2354 2970 {zizi
2371 2909 2443 2937 opus

1254 2993 1273 3016 a
1290 2980 1365 3017 Deo
1374 2988 1583 3029 mattractam
1600 2994 1690 3033 opus
1709 2981 1839 3020 habe1e
1868 2982 1954 3020 fide.
1975 2983 2047 3021 Sed
2065 2983 2159 3022 dicet
2173 2986 2241 3023 f01

1254 3050 1348 3079 tasse
1373 3041 1554 3095 quispiam
1576 3058 1584 3078 ε
1623 3042 1663 3080 Si
1689 3056 1793 3081 omne
1819 3043 1915 3093 quod
1941 3043 2003 3082 dat
2035 3045 2150 3094 Pater,
2183 3060 2243 3083 vc«-

1253 3103 1305 3141 nit
1321 3103 1366 3141 ad
1382 3112 1428 3152 te,
1447 3104 1476 3143 si
1503 3103 1559 3141 illi
1573 3103 1658 3142 item
1683 3118 1772 3155 quos
1791 3104 1853 3142 ille
1880 3105 2001 3153 trahit,
2028 3115 2061 3144 et
2092 3108 2122 3144 si
2141 3120 2243 3144 nemo

1252 3173 1365 3216 potest
1381 3163 1427 3202 ad
1443 3173 1476 3202 te
1488 3164 1623 3214 venire,
1641 3164 1709 3202 nisi
1722 3164 1791 3217 ipsi
1810 3164 1933 3203 datum
1948 3165 2053 3203 fuerit
2071 3165 2243 3218 desupel‘3

1280 3296 1295 3311 '⁶
1323 3296 1458 3339 [αὐτοῦ’
1477 3300 1528 3330 καὶ
1543 3299 1590 3330 διὰ
1612 3302 1664 3330 τοῦ
1692 3300 1718 3330 θ.
1736 3295 1836 3329 savit.
1856 3303 1888 3328 ct
1903 3294 2012 3327 Codd.
2032 3296 2147 3329 nostri.
2168 3296 2245 3329 Mox.

1234 3345 1335 3379 iidem
1353 3353 1515 3382 αἰνίττεται
1532 3352 1678 3389 ἐνταῦθα,
1698 3353 1829 3382 τοιοῦτον
1844 3351 1890 3381 ὅτι
1908 3351 1939 3381 οὐ
1956 3350 2037 3390 ete]

1277 3411 1288 3423 υ
1314 3398 1415 3433 Savil.
1436 3406 1510 3439 τινὸς
1527 3405 1575 3434 αἰ
1593 3408 1643 3439 τῆς
1660 3406 1743 3446 παρὰ
1757 3407 1808 3435 τοῦ
1823 3404 1886 3434 θεοῦ
1904 3404 2001 3442 ἐφῑλι.
