2481 3678
640 207 681 234 {x
716 206 1116 249 JOANNEMUHOMIL.
1156 206 1229 236 XL.
1268 192 1326 236 al.
1367 208 1524 237 XXXIX.

80 283 166 335 ὑπὲρ
181 288 241 332 τῆς
272 286 440 336 μενούσης
469 286 617 334 ἐκείνης,
638 288 695 325 καὶ
717 288 966 339 ἀναφαιρέτου,
991 287 1025 324 τί
1044 287 1101 338 γε’-

79 347 162 382 νοιτ’
188 345 226 383 ἂν
261 348 360 397 ἡμῶν
383 346 604 399 ἀθλιώτερον,
638 348 725 399 μηδὲ
751 348 851 400 ὀλίγα
878 348 1105 400 προϊεμένων,

80 406 169 455 μηδὲ
189 410 299 444 ταῦτα
323 407 548 459 παρεχόντων
568 408 590 446 ἃ
608 410 666 447 καὶ
691 410 814 462 μικρὸν
835 408 974 461 ὕστερον
990 408 1106 450 ι’ὄντες

78 469 223 506 ἐνταῦθα
249 469 426 520 ἀφήσομεν
435 485 444 516 ;
462 469 575 514 Ποίας
599 464 657 509 οῦν
674 475 783 509 ταῦτα
802 473 862 509 οὐκ
893 470 932 507 ἂν
957 468 1010 515 εἴη
1035 485 1105 519 μα-

78 526 169 573 νίας,
190 527 281 580 ἅπερ
299 528 439 571 ἄκοντες
467 530 707 581 ἀφαιρούμεθα
720 559 730 577 ,
753 533 864 567 ταῦτα
882 528 994 580 παρὸν
1014 527 1108 566 ἑκόν-

78 601 138 630 τας
168 588 283 625 δοῦναι
310 587 368 625 καὶ
398 591 473 638 μεθ’
501 592 632 628 ἑαυτῶν
650 590 769 629 λαὸεῖν
797 589 845 640 μὴ
874 589 1104 639 βουληθῆναι,

77 645 171 683 Ἀλλ’
191 649 220 684 εἷ
249 646 310 697 μὲν
337 647 395 685 ἐπὶ
424 648 570 687 θάνατόν
585 665 637 692 τις
667 649 793 700 ἤγετο,
818 641 892 685 εἶτα
922 645 1106 699 προύκειτο

75 706 191 744 πάντα
210 707 253 745 τὰ
284 708 366 746 ὄντα
404 708 593 760 προέμενον
621 710 887 759 ἀπαλλαγῆναι,
915 708 974 745 καὶ
1002 707 1104 759 χάριν

77 765 117 802 ἂν
136 767 175 805 τὸ
193 774 340 819 πρᾶγμα
360 768 569 819 ἐνομίσαμεν
582 784 591 792 ·
608 772 666 806 νῦν
679 768 714 807 δὲ
733 768 843 820 παρὸν
860 767 923 814 τὴν
939 767 996 806 ἐπὶ
1011 768 1105 818 γεέν-

75 844 135 865 ναν
157 829 344 880 ἀγομένους
363 828 452 876 ὁδὸν,
472 829 517 866 τὰ
536 829 648 879 ἡμίση
669 828 789 872 δόντας
810 830 1081 882 ἐλευθερωθῆναι
1096 859 1105 875 ,

75 889 261 939 αἱρούμεθα
292 890 352 927 καὶ
381 889 588 934 κολάζεσθαι
617 889 676 928 καὶ
704 890 864 941 κατέχειν
895 892 970 941 εἰκῇ
991 889 1036 927 τὰ
1056 890 1105 939 μὴ

75 948 230 1001 ἡμέτερα
245 980 254 996 ,
281 949 372 987 ὥστε
404 950 448 987 τὰ
475 949 630 1002 ἡμέτερα
650 950 831 1003 προέσθαι.
852 949 942 988 Τίνα
961 945 1019 988 οῦν
1036 950 1108 995 ἕξο-

75 1025 137 1059 μεν
167 1009 375 1061 ἀπολογίαν,
392 1010 494 1049 ποίαν
525 1011 750 1063 συγγνώμην,
767 1011 872 1055 οὕτως
892 1011 1032 1050 εὐκόλου
1054 1028 1108 1050 τε-

72 1071 252 1122 τμημένης
268 1075 352 1123 ἡμῖν
365 1073 444 1111 ὁδοῦ
457 1073 541 1126 πρὸς
554 1074 658 1122 ζωὴν,
670 1073 763 1112 κατὰ
783 1076 948 1125 κρημνῶν
962 1073 1108 1125 φερόμε-

74 1147 145 1179 νοι,
162 1131 220 1169 καὶ
242 1131 313 1179 ’τὴν
335 1133 493 1186 ἄκαρπον
530 1133 726 1184 βαδίζοντες
756 1135 845 1181 ὁδὸν,
871 1133 930 1172 καὶ
949 1137 1017 1172 τῶν
1048 1137 1106 1173 ἐν-

74 1195 185 1230 ταῦθα
211 1192 270 1230 καὶ
292 1195 360 1231 τῶν
381 1196 452 1231 ἐκεῖ
473 1194 612 1232 πάντων
642 1195 780 1237 ἑαυτοὺς
816 1196 1085 1246 ἀποστεροῦντες
1099 1226 1107 1241 ,

76 1254 185 1304 παρὸν
207 1253 387 1305 ἀμφότερα
406 1254 658 1306 καρπώσασθαι
680 1255 768 1305 μετὰ
791 1255 907 1298 ἀδείας
925 1272 933 1301 ;
953 1255 1044 1292 Ἀλλ’
1079 1258 1106 1292 εἰ

75 1313 134 1350 καὶ
166 1313 214 1363 μὴ
249 1313 428 1366 πρότερον,
463 1314 526 1352 κᾶν
562 1319 620 1352 νῦν
657 1319 735 1365 γοῦν
766 1315 1017 1367 ἀνενέγκ(ι)μεν,
1049 1317 1107 1353 καί

76 1376 176 1423 ἡμῶν
194 1377 308 1412 αὐτῶν
323 1375 502 1426 γενόμενοι
520 1375 564 1414 τὰ
583 1376 740 1427 παρόντα
759 1377 931 1426 διαθῶμεν
954 1379 1000 1418 εἰς
1021 1377 1108 1420 δέον,

76 1434 131 1472 ἵνα
153 1435 211 1473 καὶ
233 1435 277 1473 τὰ
300 1436 472 1486 μέλλοντα
493 1439 568 1485 μετ’
590 1438 748 1480 εὐκολίας
775 1436 953 1486 λοίὸωμεν,
987 1437 1106 1488 χάριτι

75 1497 134 1533 καὶ
156 1496 398 1550 φιλανθρωπία
420 1501 480 1534 τοῦ
499 1497 627 1548 Κυρίου
657 1499 758 1548 ἡμῶν
783 1498 898 1544 Ἰησοῦ
933 1499 1105 1548 Χριστοῦ,

75 1558 151 1605 μεθ’
173 1550 211 1595 οῦ
239 1559 287 1608 τῷ
308 1557 424 1608 Πατρὶ
447 1560 468 1603 ἡ
498 1556 577 1602 δόξα
590 1586 599 1603 ,
617 1558 692 1608 ἅμα
719 1560 768 1609 τῷ
789 1558 877 1609 ἁγίῳ
906 1557 1105 1606 Πνεύματι,

75 1620 122 1654 εἰς
142 1617 219 1662 τοὺς
244 1621 372 1662 αἰῶνας
399 1621 467 1656 τῶν
491 1618 637 1657 αἰώνων.
664 1619 784 1669 Ἀμήν.

2071 218 2151 259 271

1176 285 1230 322 illi
1247 285 1468 324 haberemus.
1486 288 1589 325 Nune
1614 301 1697 326 vero
1717 302 1797 326 cum
1817 292 2026 342 proponitur
2042 293 2158 331 deslu-

1176 346 1242 384 ctis
1251 345 1297 384 ad
1311 346 1520 398 gehennam,
1538 358 1577 386 ut
1592 348 1827 388 dimidiarum
1841 351 2052 390 facultatum
2066 353 2158 392 dono

1173 407 1387 459 eripiamur,
1417 409 1593 447 malumus
1623 409 1669 447 ad
1698 410 1917 463 supplicium
1942 411 2046 461 duci,
2072 423 2104 451 et
2121 429 2159 452 ea

1172 468 1302 506 frustra
1317 483 1474 519 servare,
1491 484 1570 521 quae
1586 480 1704 509 nostra
1723 485 1793 509 non
1809 481 1909 522 sunt,
1925 473 1973 510 ita
1991 483 2027 511 ut
2041 484 2161 513 nostra

1172 529 1373 581 perdamus.
1391 531 1511 578 Quam
1525 532 1787 571 exeusationem
1802 533 2013 573 habebimus
2024 535 2041 572 ἶ)
2054 550 2161 586 quam

1172 591 1314 629 veniam
1333 592 1565 643 merebimur,
1588 594 1640 642 si,
1662 607 1743 631 cum
1762 603 1834 632 tam
1854 594 1967 633 facilis
1986 596 2088 634 nobis
2102 597 2161 634 via

1173 662 1292 704 aperta
1313 654 1377 702 sit,
1411 668 1474 705 per
1494 654 1692 706 praecipitia
1718 656 1893 704 feramur,
1915 665 1947 693 et
1968 656 2160 695 infructuo-

1172 726 1252 750 sum
1274 714 1509 766 suscipiamus
1530 715 1613 763 iter,
1633 724 1739 765 atque
1761 715 1818 753 his
1845 725 1877 754 et
1903 716 1975 754 illis
1996 717 2162 756 omnibus

1173 787 1236 811 nos
1265 774 1466 826 privemus,
1497 789 1578 813 cum
1609 775 1720 814 libere
1746 777 1924 828 possimus
1946 777 2004 816 his
2028 788 2061 816 et
2089 779 2161 816 illis

1174 834 1333 886 perfrui?
1362 835 1433 873 Sed
1459 836 1523 873 etsi
1551 849 1619 874 non
1645 845 1744 885 ante,
1770 837 1895 875 saltem
1922 851 2016 877 nunc
2035 839 2080 877 ad
2100 853 2162 877 nos

1174 894 1377 945 redeamus,
1397 906 1432 934 et
1453 910 1537 935 sana
1565 907 1681 935 mente
1707 898 1891 949 praesentia
1910 898 2022 947 hona,
2041 909 2080 936 ut
2100 913 2163 951 par

1173 965 1243 1006 est,
1261 957 1524 1010 dispensemus,
1547 967 1588 996 ut
1617 959 1740 997 sutura
1763 959 1865 997 facile
1887 974 2162 1011 consequamur,

1175 1018 1288 1070 gratia
1301 1028 1335 1057 et
1350 1019 1568 1072 benignitate
1599 1021 1746 1058 Domini
1772 1022 1882 1059 nostri
1903 1024 1986 1061 Jesu
2011 1022 2163 1070 Christi,

1175 1080 1321 1130 quicum
1348 1081 1444 1118 Patri
1463 1082 1593 1133 gloria,
1616 1096 1758 1133 unaque
1784 1092 1903 1121 sancto
1933 1083 2104 1136 Spiritui,
2127 1084 2162 1121 in

1177 1141 1303 1179 saecula
1321 1143 1543 1181 saeculorum.
1563 1146 1683 1180 Amen.

129 1744 145 1767 1,
171 1743 362 1787 Legendum
380 1751 477 1786 putat
493 1743 634 1777 savinus
657 1752 777 1783 inova-2,-
794 1750 938 1779 {ri-awa:
955 1743 987 1776 id
1004 1743 1083 1776 mihi
1100 1755 1166 1777 non
1184 1745 1321 1777 omnino
1339 1743 1500 1787 probatur
1519 1746 1563 1779 ob
1580 1753 1698 1787 ἄκοντες
1712 1759 1860 1792 sequens.

459 2003 638 2040 omui
669 2003 716 2053 μ’.

73 2121 157 2160 Ἐὰν
176 2122 243 2175 ἐγὼ
264 2125 430 2176 μαρτυρῶ
451 2125 555 2176 ιΊπερὶ
584 2127 755 2175 ἐμαυτοῦ,
783 2127 804 2171 ἡ
832 2124 1006 2176 μαρτυρία
1035 2140 1100 2174 μου

125 2186 187 2221 οὐκ
217 2184 309 2222 ἔστιν
331 2185 477 2232 ἀληθής.
507 2184 628 2229 Ἄλλος
651 2186 742 2224 ἐστὶν
771 2189 788 2224 ὁ
816 2188 1000 2239 μαρτυρῶν
1019 2186 1100 2238 περὶ

125 2248 232 2295 ἐμοῦ,
270 2246 330 2284 καί
371 2240 447 2284 οἶδα
485 2247 537 2284 ὅτι
576 2247 708 2293 ἀληθής
744 2248 834 2285 ἐστιν
866 2251 887 2294 ἡ
926 2247 1100 2299 μαρτυρία

128 2309 242 2345 αὐτοῦ.

124 2435 170 2473 Εἴ
184 2451 236 2478 τις
268 2434 388 2487 χώραν
424 2436 636 2486 μεταλλικὴν
656 2436 854 2489 ἀνορύττειν
883 2436 1098 2488 ἐπιχειροίη,

70 2497 131 2541 τῆς
146 2496 272 2547 τέχνης
290 2496 419 2541 ταύτης
439 2496 580 2547 ἄπειρος
597 2496 656 2542 ὧν,
673 2498 818 2549 χρυσίον
836 2497 898 2548 μὲν
919 2500 981 2535 οὐκ
997 2497 1099 2548 ἐργά-

71 2571 189 2602 σεται,
211 2556 326 2593 πάντα
345 2556 381 2594 δὲ
401 2557 521 2599 ἁπλῶς
540 2556 599 2594 καὶ
614 2560 699 2606 ὁμοῦ
715 2558 884 2609 συγχέων,
896 2557 997 2595 πόνον
1015 2556 1098 2594 ἀνό-

70 2633 170 2663 νητον
201 2619 368 2667 ὑπομενεῖ
399 2616 457 2654 καὶ
483 2617 674 2664 ε’πιὸλαὸἧ.
696 2618 800 2656 Οὕτω
829 2618 889 2656 καὶ
913 2620 980 2655 τῶν
997 2618 1095 2656 θείων

72 2678 220 2729 Γραφῶν
237 2680 268 2715 οἱ
290 2676 353 2723 τὴν
374 2677 578 2715 ἀκολουθίαν
599 2679 662 2716 οὐκ
677 2678 818 2726 εἰδότες,
841 2678 916 2717 οὐδὲ
939 2678 983 2717 τὰ
1004 2677 1096 2717 ἰδιώ-

72 2754 168 2787 ματα
181 2738 333 2781 καὶτοὺς
351 2738 476 2788 νόμους
492 2740 596 2784 αὐτ-’ῆς
616 2738 846 2786 ἐξετάζοντες,
864 2739 954 2778 ἀλλὰ
977 2740 1097 2783 ἁπλῶς

71 2799 130 2836 καὶ
146 2799 195 2837 ἑνὶ
219 2800 337 2852 τρόπῳ
353 2799 468 2837 πάντα
485 2800 638 2844 ἐπιόντες
650 2829 659 2847 ,
678 2801 821 2854 χρυσίον
839 2801 928 2852 μετὰ
949 2803 1012 2852 γῆς
1033 2801 1096 2852 φύ-

73 2874 204 2910 ροντες,
235 2860 398 2898 οὔδε-’ποτε
423 2861 482 2899 τὸν
510 2861 776 2913 ἐναποκείμενον
807 2864 893 2914 αὐτῇ
924 2861 1094 2914 θησαυρὸν

71 2919 264 2972 εὑρήσουσι.
286 2922 410 2959 Ταῦτα
433 2921 468 2961 δὲ
483 2916 577 2960 εἶπον
593 2926 663 2971 νῦν,
683 2923 802 2970 ἐπειδὴ
813 2923 851 2961 τὸ
869 2922 1095 2975 προκείμενον

71 2983 156 3029 ἡμῖν
176 2980 303 3033 χωρίον
320 2980 392 3033 ἔχει
417 2982 480 3033 μὲν
501 2981 608 3020 πολὺν
628 2983 685 3022 τὸν
714 2984 856 3036 χρυσὸν,
878 2986 916 3022 οὐ
940 2983 1007 3034 μὴν
1033 3000 1095 3022 κα-

71 3040 233 3088 τάδηλον,
255 3042 345 3080 ἀλλὰ
374 3044 487 3095 πολλῇ
512 3044 825 3096 κατακεχωσμένον
857 3045 988 3083 ἄνωθεν
1009 3049 1095 3084 ἀσα-

72 3100 162 3152 φείᾳ.
194 3102 258 3140 Διὸ
290 3102 358 3155 χρὴ
391 3103 668 3149 διασκάπτοντας
714 3105 773 3142 καὶ
812 3105 1097 3158 διακαθαίροντας

73 3162 130 3200 ἐπὶ
150 3161 195 3199 τὰ
210 3162 338 3213 γνήσια
364 3166 432 3202 τῶν
453 3165 638 3216 νοημάτων
657 3167 780 3205 ἐλθεῖν.
801 3167 867 3209 Τίς
887 3166 953 3218 γὰρ
974 3169 1035 3204 οὐκ
1056 3167 1096 3204 ἂν

1125 2556 1136 2560 “
1175 2553 1293 2592 omnia
1307 2563 1438 2592 temere
1452 2554 1626 2603 miscebit,
1641 2555 1776 2605 eritque
1793 2556 1896 2595 labor
1913 2559 1990 2610 ejus
2011 2560 2149 2600 inutilis

1508 2005 1731 2044 HOMILIA.
1763 2008 1840 2046 XL.

1181 2126 1246 2163 51.
1277 2126 1318 2164 Si
1356 2140 1423 2179 ego
1453 2130 1713 2166 testimonium
1733 2132 1914 2181 perhibeo
1935 2134 1981 2170 de
2009 2137 2162 2185 meipso,

1234 2190 1494 2227 testimonium
1510 2204 1635 2228 meum
1651 2205 1729 2229 non
1742 2201 1798 2230 est
1811 2207 1960 2232 verum.
1971 2197 2035 2233 52.
2047 2196 2089 2233 Α
2093 2198 2168 2235 lius

1232 2257 1289 2287 est
1307 2253 1374 2301 qui
1393 2253 1654 2289 testimonium
1671 2255 1845 2304 perhibet
1867 2255 1914 2291 de
1938 2269 2010 2301 me,
2034 2266 2069 2294 et
2088 2260 2166 2294 scio

1231 2313 1324 2359 quia
1340 2325 1477 2349 verum
1496 2321 1555 2350 est
1569 2315 1829 2352 testimonium
1843 2317 1937 2367 ejus.

1231 2434 1246 2468 1
1261 2462 1268 2469 .
1299 2432 1338 2469 Si
1363 2432 1442 2482 quis
1456 2433 1670 2470 metallicam
1685 2443 1813 2472 terram
1831 2435 1951 2473 fodere
1972 2440 2161 2489 aggredia-

1176 2503 1249 2538 tur,
1272 2507 1355 2531 cum
1375 2493 1419 2531 sit
1439 2494 1525 2531 artis
1544 2494 1744 2545 imperitus,
1766 2510 1894 2534 aurum
1924 2511 1994 2536 non
2016 2500 2159 2547 efficiet,

2152 2594 2161 2611 7

1173 2616 1245 2654 imo
1263 2615 1406 2653 noxius.
1424 2616 1476 2652 Ita
1497 2615 1559 2667 qui
1570 2615 1776 2655 divinarum
1796 2617 2064 2670 Scripturarmn
2079 2637 2161 2662 con-

1173 2676 1393 2727 sequentiam
1412 2689 1482 2713 non
1501 2685 1646 2726 norunt,
1670 2691 1783 2728 neque
1803 2680 2036 2731 proprietates
2056 2693 2090 2721 et
2111 2685 2160 2723 le-

1172 2751 1232 2790 ges
1259 2739 1336 2790 ejus
1361 2737 1563 2790 explorant,
1585 2738 1648 2776 sed
1673 2739 1884 2792 simpliciter
1907 2752 1940 2780 et
1960 2758 2030 2782 uno
2053 2747 2159 2785 modo

1172 2799 1291 2838 omnia
1318 2809 1543 2851 percurrunt,
1565 2814 1695 2838 aurum
1725 2815 1809 2839 cum
1838 2811 1931 2841 terra
1958 2806 2155 2855 miscentes,

1171 2874 1366 2911 numquam
1387 2860 1582 2912 repositum
1604 2860 1639 2898 in
1661 2861 1724 2898 illa
1738 2862 1945 2902 thesaurum
1961 2867 2153 2907 invenient.

1172 2922 1256 2960 Haec
1275 2936 1379 2974 porro
1397 2936 1493 2960 nunc
1506 2922 1600 2973 dixi,
1617 2923 1701 2973 quia
1720 2923 1749 2961 is
1772 2926 1834 2975 qui
1850 2927 1925 2978 jam
1945 2931 2157 2981 proponitur

1170 2983 1282 3033 locus,
1304 2984 1460 3021 multum
1487 2983 1634 3034 quidem
1663 2999 1793 3023 aurum
1821 2987 1950 3036 habet,
1972 3003 2040 3028 non
2072 2994 2156 3042 qui-

1169 3044 1251 3082 dem
1280 3046 1524 3097 conspicuum,
1543 3045 1606 3083 sed
1630 3046 1844 3086 obscuritate
1868 3050 1981 3088 multa
2002 3053 2153 3091 obvolu-

1170 3114 1258 3142 tum.
1275 3105 1515 3152 Quamobrem
1534 3116 1672 3158 oportet
1693 3108 1860 3147 fodiendo
1877 3119 1910 3147 et
1924 3115 2155 3164 expurgando

1171 3167 1218 3205 ad
1237 3181 1363 3205 verum
1381 3182 1523 3206 sensum
1544 3168 1754 3220 pertingere.
1773 3170 1864 3216 Quis
1884 3172 1978 3210 enim
1994 3188 2061 3211 non
2081 3185 2152 3213 sta-

73 3222 194 3267 εὐθέως
213 3224 416 3275 Οορυὸηθείη
432 3225 564 3264 ἀκούων
580 3231 639 3265 τοῦ
653 3229 804 3278 Χριστοῦ
818 3227 992 3278 λέγοντος*
1008 3227 1094 3266 Ἐὰν
1122 3236 1145 3266 C
1170 3229 1235 3268 tim
1260 3230 1424 3268 turbetur
1449 3229 1598 3268 audiens
1618 3230 1801 3269 Christum
1827 3232 2011 3278 dicentem,
2030 3235 2071 3273 Si
2089 3250 2156 3287 ego

124 3363 135 3376 ¹²
163 3354 276 3387 Morcl.
296 3360 348 3390 ἀπ’
369 3361 515 3400 Quanta,
532 3366 563 3391 et
581 3371 656 3392 mox
676 3364 721 3395 ἐπ
744 3365 832 3403 ἐμω.
850 3365 896 3395 καὶ
914 3366 988 3399 οἴδα.

1966 3417 2021 3453 tt).
